4114 6306
310 289 417 350 221

1794 297 2231 360 DECEMBEB.

3613 288 3734 349 222

314 423 406 511 ᾼιά
431 428 598 481 τοῦτο
635 427 747 482 ὑπὸ
774 433 870 484 τοῦ
899 428 1096 506 ἀνδρὸς
1138 432 1216 495 εἰς
1263 434 1511 511 φυλακὴν
1550 432 1942 509 ἀπορρίπτεται

2080 434 2398 503 nebantur,
2425 429 3117 497 visitabat.Quamobrem
3140 430 3203 484 in
3224 442 3524 485 carcerem
3548 443 3584 482 a
3604 426 3727 480 viro

330 513 458 569 Επεὶ
507 512 567 569 δὲ
614 513 826 580 ἐκεῖνος
877 519 1161 593 ἀπέθανεν,
1209 520 1501 595 ἐξελθοῦσα
1548 530 1649 593 τῆς
1698 520 1969 601 φυλακῆς,

308 602 477 693 πάντα
505 604 598 693 τδν
642 604 889 664 πλοῦτον
948 611 1117 680 αὐτῆς
1170 608 1341 668 ἔδωκε
1394 619 1514 676 τοῖς
1571 618 1846 688 πτωχοῖς,
1876 613 1969 669 καὶ

308 691 471 747 πάλιν
512 690 774 750 ἐδούλευε
804 701 923 760 τοῖς
954 699 1150 772 ἁγίοις,
1203 699 1293 755 καὶ
1340 697 1722 766 τελειωθέντας
1754 699 1971 769 ἔθαπτε,

308 779 553 844 πολλοὺς
584 779 644 837 δὲ
672 785 763 840 καὶ
814 785 952 861 πρὸς
1003 788 1066 843 τὸ
1129 796 1470 865 μαρτυρῆσαι
1510 790 1966 866 προεθυμοποίει.

313 871 463 944 Παρά
520 869 799 950 διαφόρων
856 874 917 930 δὲ
970 877 1257 952 ἀρχόντων
1318 880 1715 954 βασανισθεῖσα,
1774 880 1863 935 καὶ
1913 879 1964 934 ἐν

306 961 548 1034 θαλάσσῃ
607 961 997 1043 ἀποῤῥιφεῖσα,
1057 968 1189 1043 πυρὶ
1246 966 1544 1045 παρεδόθη.
1594 970 1695 1027 Καὶ
1735 973 1834 1025 τοῦ
1863 991 1965 1023 πυ-

312 1047 403 1122 ρὸς
454 1047 771 1122 ἐξελθοῦσα,
835 1053 969 1127 μετά
1021 1059 1126 1109 τῶν
1185 1055 1277 1111 σὺν
1337 1056 1475 1129 αὐτῇ
1530 1059 1801 1132 γυναικῶν
1859 1059 1965 1112 ἀπ-

311 1136 510 1210 εκεφαλ
523 1137 643 1209 ίσθη
656 1183 668 1195 .

887 1253 972 1325 Τῇ
1014 1252 1154 1326 αὐτῇ
1192 1254 1377 1327 ἡμέρᾳ

302 1382 502 1454 Μνήμη
560 1389 658 1439 τοῦ
735 1387 894 1462 ἁγίου
933 1458 943 1464 _
978 1388 1375 1464 ἱερομάρτυρος
1463 1390 1783 1451 Καπίτωνος
1843 1388 1962 1444 ἐπι-

849 1458 1053 1514 σκόπου
1086 1458 1388 1536 Χερσῶνος.

365 1543 539 1606 Οὗτος
595 1546 683 1600 ἒπὶ
742 1553 844 1617 τῆς
908 1547 1187 1624 βασιλείας
1245 1547 1538 1605 Θεοδοσίου
1567 1553 1664 1604 τοῦ
1698 1547 1962 1625 Μεγάλου

304 1629 579 1703 ἀπεστάλη
662 1634 956 1695 ἐπίσκοπος
1039 1638 1116 1700 εἷς
1202 1640 1480 1714 Χερσῶνα,
1539 1637 1962 1710 τελευτήσαντος

302 1719 555 1794 Δίθερίου
593 1727 691 1778 τοῦ
743 1723 1074 1785 ἐπισκόπου.
1142 1730 1248 1784 Καὶ
1308 1725 1631 1784 καταλαϐὼν
1664 1730 1763 1798 τήν
1796 1728 1959 1784 πόλιν

300 1808 529 1883 ἐκείνην,
560 1813 662 1882 τὴν
721 1814 796 1878 εἷς
852 1817 1090 1890 Χριστὸν
1144 1816 1322 1873 πίστιν
1381 1815 1627 1873 ἐδίδασκε
1664 1819 1757 1873 τὸν
1792 1816 1951 1882 λαόν,

296 1903 389 1955 Ἦν
423 1898 480 1955 δὲ
510 1903 638 1964 ναὸς
670 1902 722 1959 ἐν
771 1906 840 1976 τῇ
895 1907 1160 1982 Χερσῶνι,
1217 1912 1315 1964 τοῦ
1377 1908 1675 1985 Παρθενίου
1713 1906 1953 1964 εἷδώλου

296 1987 615 2063 λεγόμενος.
677 1992 774 2048 Καὶ
840 1992 1179 2069 βουλόμενος
1254 1996 1413 2052 αὐτὸν
1485 1996 1807 2067 καταλὸσαι,
1863 1997 1953 2051 καὶ

292 2076 402 2131 ἀντὶ
434 2078 603 2133 αὐτοῦ
633 2081 755 2135 ναὸν
812 2083 992 2137 κτίσαι
1049 2083 1133 2138 ἐπ’
1192 2083 1420 2157 ὀνόματι
1458 2088 1555 2139 τοῦ
1583 2084 1745 2159 ἁγίου
1778 2087 1950 2141 Ἀπο-

293 2165 491 2222 στόλου
556 2170 781 2244 Πέτρου,
862 2168 1086 2242 ἐποίησε
1139 2172 1401 2245 καμίνους
1459 2167 1774 2241 ἀσϐέστους,
1860 2171 1949 2227 ἐπὶ

290 2260 365 2327 τῷ
419 2256 774 2333 ἐπιχειρῆσαι
831 2259 1053 2330 κτίζειν.
1116 2263 1425 2335 Ἐμάνησαν
1459 2260 1516 2316 δὲ
1564 2263 1615 2316 οἱ
1654 2261 1947 2332 Ἕλληνες,

288 2347 373 2400 καὶ
434 2348 486 2400 οἱ
544 2345 827 2418 Ἰουδαῖοι,
900 2351 989 2405 καὶ
1067 2349 1410 2430 ἐφιλονείκου
1483 2351 1575 2406 τὸν
1636 2352 1814 2425 ἅγιον,
1875 2352 1948 2413 ὡς

286 2436 594 2506 καταλυτήν
653 2444 750 2494 τοῦ
806 2440 1011 2496 ἑαυτῶν
1070 2447 1214 2506 θεοῦ.
1284 2442 1383 2497 Καὶ
1442 2443 1800 2515 περιέστησαν
1851 2442 1945 2496 a6-

285 2526 394 2596 τὸν,
430 2526 675 2593 εἰπόντες
705 2530 814 2598 ὅτι,
872 2532 999 2588 Ἐὰν
1053 2530 1303 2609 εἰσέλθῃς
1344 2531 1422 2596 εἷς
1485 2533 1608 2607 μίαν
1638 2536 1746 2588 τῶν
1774 2534 1946 2607 καμί-

286 2636 411 2687 νων,
468 2616 561 2671 καὶ
620 2616 844 2693 ἐξέλθῃς
904 2614 1179 2690 ἀϐλαϐὴς,
1241 2619 1303 2675 οὐ
1365 2622 1530 2695 μόνον
1580 2620 1940 2695 πιστεύσομεν

288 2706 504 2773 πάντες,
557 2704 705 2761 ἀλλά
763 2709 855 2762 καὶ
906 2709 974 2764 τὰ
1026 2707 1216 2765 παιδία
1266 2712 1427 2783 ἡμῶν
1482 2705 1832 2784 ἐμϐαλοῦμεν
1867 2709 1945 2776 εἷς

288 2795 539 2866 κάμιοον.
602 2793 846 2866 Εἷσῆλθε
902 2794 960 2852 δὲ
1020 2799 1048 2853 6
1105 2797 1405 2861 ἐπίσκοπος
1454 2799 1531 2862 εἷς
1561 2800 1659 2869 τήν
1689 2802 1941 2873 κάμινον,

290 2882 378 2937 καὶ
436 2881 659 2956 ἐξῆλθεν
721 2884 902 2961 ὑγιής.
962 2887 1062 2942 Καὶ
1140 2884 1344 2950 ἰδόντες
1404 2889 1456 2942 οἱ
1516 2886 1941 2964 εἰδωλολάτραι,

289 2970 600 3029 ἐπίστευσαν
656 2974 889 3038 ἅπαντες
944 2981 1025 3048 τῷ
1079 2978 1317 3051 Χριστῷ’
1372 2977 1461 3033 καὶ
1490 2978 1614 3034 τότε
1642 2978 1938 3035 κατέλυσαν

284 3065 391 3115 τῶν
423 3059 670 3118 εἰδώλων
701 3064 794 3119 τὸν
836 3066 984 3124 ναόν.
1037 3065 1229 3122 Ηολλά
1260 3064 1317 3122 δὲ
1347 3069 1585 3139 ποιήσας
1619 3069 1647 3123 ὁ
1678 3069 1852 3144 ἅγιος,
1886 3068 1938 3124 ἐν

288 3150 474 3227 εἰρήνῃ
502 3152 641 3229 πρὸς
675 3152 873 3231 Κύριον
906 3152 1228 3228 ἐξεδήμησε.

834 3294 932 3364 ,Τῇ
990 3290 1126 3366 αὐτῇ
1164 3294 1198 3362 ἡ
1210 3293 1368 3368 μέρᾳ.

458 3376 731 3448 ’Άθλησις
760 3383 857 3434 τοῦ
886 3380 1044 3455 ἁγίου
1087 3383 1360 3456 μάρτυρος
1390 3382 1760 3459 Χρυσογόνου.

358 3464 700 3541 Χρυσόγονος
759 3468 788 3522 6
848 3470 1056 3544 μάρτυς
1111 3470 1360 3547 ὑπῆρχεν
1412 3469 1472 3526 ἐκ
1524 3478 1624 3541 τῆς
1702 3473 1941 3548 μεγαλο-

278 3549 504 3614 πόλεως
563 3553 787 3626 Ῥώμης
843 3553 932 3610 ἐπὶ
988 3555 1383 3628 Διοκλητιανοῦ
1456 3557 1742 3631 βασιλέως
1802 3559 1938 3632 ἀνὴρ

281 3634 575 3708 θεοσεϐὴς,
628 3643 720 3698 καὶ
807 3639 1148 3720 φοϐούμενος
1230 3647 1325 3701 τὸν
1409 3647 1560 3715 Θεὸν,
1615 3644 1940 3709 διδάσκαλος

279 3730 579 3802 γενόμενος
611 3728 689 3793 εἷς
739 3752 798 3787 τε
850 3735 952 3803 τὴν
1010 3732 1084 3796 εἷς
1140 3735 1372 3809 Χριστὸν
1412 3734 1614 3804 πίστιν,
1646 3736 1734 3790 καὶ
1769 3734 1844 3797 εἷς
1873 3737 1941 3790 τὰ

282 3817 406 3893 ἱερά
464 3839 786 3893 γραμματα,
843 3825 944 3891 τῆς
1025 3822 1174 3897 ἁγίας
1236 3825 1507 3899 μάρτυρος
1564 3822 1933 3885 ’Δναστασίας.

280 3911 545 3982 Διωγμοῦ
600 3905 659 3963 δὲ
711 3911 1048 3981 κινηθέντος,
1105 3911 1403 3983 ἐκρατήθη,
1457 3914 1545 3968 καὶ
1581 3912 1656 3975 εἰς
1688 3913 1937 3990 φυλακὴν

281 3990 581 4067 ἐνεϐλήθη.
613 3999 742 4054 ’Ότε
791 3999 881 4053 καὶ
938 3996 1140 4075 ἔγραψε
1192 4002 1330 4074 πρὸς
1362 4001 1523 4056 αὐτὸν
1556 4003 1590 4072 ἠ
1623 4002 1749 4077 ἁγία
1777 4003 1937 4057 Ἀνα-

283 4083 496 4155 στασία,
522 4082 617 4140 ἵνα
647 4082 862 4157 εὔξηται
927 4090 1059 4162 ὑπὲρ
1116 4089 1312 4161 αὐτῆς,
1363 4090 1453 4145 καὶ
1485 4090 1536 4146 εἲ
1569 4092 1662 4164 μὲν
1713 4092 1938 4166 γένηται

284 4173 423 4246 ἀνὴρ
455 4175 629 4243 αὐτῆς
659 4179 1004 4250 Χριστιανὸς,
1062 4180 1233 4252 σωθῇ·
1290 4179 1334 4234 εἰ
1393 4176 1451 4234 δὲ
1507 4178 1569 4234 οὐ
1599 4181 1820 4253 πεισθῇ,
1845 4178 1939 4234 ἵνα

283 4262 554 4339 ἀποθάνῃ,
587 4264 677 4319 καὶ
723 4266 800 4338 μή
848 4265 944 4322 τὸν
1000 4265 1240 4323 πλοῦτον
1297 4267 1462 4336 αὐτῆς
1493 4266 1775 4343 δαπανήσῃ
1805 4269 1939 4344 μετά

286 4350 735 4428 εἰδωλολατρῶν,
791 4353 941 4411 ἀλλὰ
995 4358 1339 4433 κατακενώσῃ
1398 4357 1557 4413 αὐτὸν
1611 4360 1645 4428 ἡ
1697 4356 1822 4435 ἁγία
1858 4358 1935 4420 εἰς

284 4441 405 4502 τοὺς
439 4440 649 4516 ἅγίους,
679 4443 769 4498 καὶ
799 4443 877 4506 εἰς
916 4444 1042 4507 τοὺς
1072 4446 1354 4522 πτωχούς.
1377 4450 1552 4521 ’Όπερ
1579 4447 1670 4502 καὶ
1703 4446 1932 4521 ἐγένετοο

284 4528 398 4585 τότε
433 4532 469 4599 ἡ
502 4530 629 4605 ἁγία
657 4529 838 4588 ἄδειαν
889 4528 1152 4605 λαϐοῦσα,
1202 4535 1456 4610 ἐρόγευσε
1492 4535 1664 4591 πάντα
1693 4537 1792 4591 ὅσα
1822 4537 1936 4611 εἶχε

285 4619 403 4681 τοὺς
465 4621 753 4694 πτωχούς·
824 4622 917 4677 καὶ
993 4621 1326 4697 ἐνδυσαμένη
1383 4627 1648 4700 πενιχρὰν
1708 4624 1935 4696 στολήν,

287 4712 621 4785 περιήρχετο
649 4712 739 4766 καὶ
772 4709 1012 4785 δίηκόνει
1042 4720 1160 4776 τοῖς
1197 4715 1374 4789 ἁγίοις
1406 4715 1459 4771 ἐν
1489 4720 1607 4778 ταῖς
1641 4714 1932 4789 φυλακαῖς.

287 4798 407 4854 Ὅτε
435 4800 532 4854 καὶ
580 4800 608 4854 6
656 4800 1048 4873 Διοκλητιανὸς
1093 4802 1147 4859 ἐν
1205 4805 1405 4875 Νικαίᾳ
1433 4798 1746 4879 διατρίϐων,
1777 4803 1933 4882 ἔγρα-

290 4888 374 4959 ψεν
430 4888 514 4950 εἰς
572 4889 817 4961 Ῥώμην,
869 4890 1071 4955 πάντας
1138 4892 1425 4958 ἀποθανεῖν
1480 4893 1610 4956 τοὺς
1667 4898 1933 4969 Χριστία-

289 4974 426 5040 νοίις,
447 4976 545 5031 τὸν
572 4974 632 5032 δὲ
661 4981 1009 5056 Χρυσόγονον
1054 4981 1133 5046 εἰς
1160 4981 1385 5038 Νίκαιαν
1417 4982 1655 5059 ἀχθῆναι
1686 4981 1930 5057 δέσμιον·

289 5064 367 5119 καὶ
398 5067 634 5141 ίιχθέντα
662 5067 1052 5147 ἀπεκεφάλισεν
1082 5070 1263 5127 αὐτόν.

876 5216 954 5287 Τῇ
982 5212 1117 5287 αὐτῇ
1156 5211 1340 5287 ἡμέρα

291 5296 549 5367 Ἀθλησις
577 5304 685 5355 τῶν
718 5299 889 5372 ἁγίων
923 5304 1192 5430 γιὲαικέὧν
1226 5301 1491 5377 Εἰρήνης,
1526 5302 1795 5378 Ἀγάπης,
1839 5306 1928 5359 καί

1036 5395 1113 5427 ιον
1145 5395 1228 5435 ας.

358 5460 503 5512 Κατᾶ
535 5458 628 5513 τὸν
686 5461 873 5535 καιρὸν
934 5458 1023 5517 8τὲ
1076 5462 1419 5538 Χρυσόγονος
1478 5465 1506 5519 ὁ
1562 5465 1766 5540 μάρτυς
1825 5466 1927 5520 ὑπὸ

296 5544 673 5616 Διοκλητιανοῦ
702 5553 799 5604 τοῦ
833 5548 1125 5625 βασιλέως,
1158 5547 1250 5606 δὶἀ
1278 5553 1375 5621 τὴν
1419 5552 1497 5615 εἷς
1527 5554 1757 5628 Χριστὸν
1789 5555 1928 5627 ὁμο-

296 5629 502 5708 λογίαν,
526 5638 621 5707 τὴν
649 5635 894 5715 κεφαλήν
926 5640 1239 5714 ἀπετμήθη,
1288 5640 1527 5711 πλησίον
1565 5644 1665 5708 τῆς
1699 5639 1924 5717 λιμνης,

2078 544 2184 582 suo
2215 524 2571 581 detruditur.
2604 522 2717 579 Sed
2746 527 2980 577 mortuo
3029 537 3098 575 eo
3150 519 3417 587 dimissa,
3450 516 3727 572 omnibus

2076 614 2456 672 facultatibus
2487 614 2611 669 suis
2640 613 2703 667 in
2749 627 3040 683 pauperes
3071 609 3426 676 distributis,
3460 607 3729 662 sedulam

2077 706 2299 760 sanctis
2313 719 2554 775 operam
2569 700 3059 772 dabat,martyrio
3078 698 3390 754 defunctos
3408 694 3735 767 sepeliebat

2075 795 2413 865 multosque
2431 792 2504 847 ad
2527 790 2947 863 perferendum
2977 787 3328 858 martyrium
3360 784 3725 857 impellebat.

2074 886 2263 950 Quare
2295 901 2330 939 a
2358 883 2563 938 multis
2593 882 2825 937 diverso
2874 885 3139 949 tempore
3195 875 3490 948 praefectis
3519 891 3726 929 excru-

2074 976 2249 1042 ciata,
2297 973 2512 1030 deinde
2556 973 2620 1027 in
2675 986 2861 1036 mare,
2919 973 3126 1041 postea
3153 967 3216 1020 in
3256 966 3453 1038 ignem
3485 964 3728 1036 injecta,

2074 1065 2178 1121 sed
2209 1063 2523 1120 incolumis
2549 1062 2690 1119 inde
2735 1060 3009 1125 evadens,
3042 1056 3283 1113 tandem
3311 1072 3432 1111 una
3461 1071 3597 1110 cum
3629 1053 3725 1122 iis,

2073 1172 2204 1226 quas
2235 1170 2439 1210 secum
2469 1156 2661 1219 orant,
2694 1148 3047 1206 mulieribus
3088 1145 3436 1201 decolletur.

2710 1238 2932 1294 Eodem
2965 1237 3080 1292 die.

2070 1361 2175 1417 ὅθ
2241 1360 2691 1415 Commemoratio
2736 1355 3074 1411 sacrasancti
3127 1353 3388 1420 martyris
3446 1349 3725 1419 Capitonis

2621 1429 2860 1500 episcopi
2884 1426 3188 1481 Chersonm.

2143 1524 2245 1578 Hic
2274 1520 2604 1578 Theodosio
2659 1520 2864 1590 Magno
2922 1516 3278 1585 imperatore
3317 1515 3452 1583 post
3478 1510 3721 1566 Etherii

2070 1611 2333 1685 episcopi
2391 1610 2617 1665 obitum
2681 1607 2993 1678 episcopus
3048 1602 3412 1658 Chersonam
3447 1600 3720 1666 mittitur,

2070 1720 2185 1774 quo
2212 1702 2314 1757 ubi
2343 1699 2633 1772 pervenit,
2668 1696 2883 1751 Christi
2944 1695 3119 1749 ﬁdem
3181 1690 3469 1763 populum
3507 1689 3719 1744 docere

1986 1807 2037 1870 Β
2068 1793 2264 1864 cmpit.
2297 1793 2435 1845 Erat
2461 1794 2660 1844 autem
2705 1786 2765 1839 in
2814 1783 2959 1839 urbe
3011 1782 3312 1836 Chersona
3339 1779 3543 1833 fanum
3575 1779 3719 1832 Par-

2069 1883 2270 1937 thenio
2321 1880 2479 1936 idolo
2525 1878 2957 1947 nuncupatum,
3009 1870 3167 1942 quod
3224 1886 3359 1923 cum
3411 1867 3715 1922 destruere

2063 1971 2258 2038 vellet,
2292 1970 2540 2041 ejusque
2561 1966 2689 2021 loco
2712 1962 3002 2034 templum
3021 1964 3224 2015 sancto
3255 1957 3521 2028 apostolo
3544 1958 3717 2010 Petro

2063 2060 2341 2128 excitare,
2372 2058 2643 2112 fornaces
2673 2054 2747 2109 ad
2778 2048 3227 2124 praeparandam
3258 2046 3497 2102 aediﬁcii
3528 2050 3714 2099 mate-

2060 2151 2212 2206 riam
2242 2148 2535 2205 accendit.
2572 2148 2644 2200 A-
2679 2142 2862 2199 Graeci
2900 2146 2959 2195 et
2985 2139 3169 2195 Judaei
3200 2137 3401 2192 furore
3432 2134 3712 2205 correpti,

2060 2245 2373 2312 postquam
2432 2239 2636 2292 sancto
2696 2231 2797 2286 diu
2851 2227 3370 2293 contradixissent,
3428 2229 3711 2294 tanquam

2059 2330 2306 2384 deorum
2330 2342 2573 2382 suorum
2597 2320 2973 2384 destructori,
2990 2316 3233 2373 tandem
3256 2314 3329 2370 ad
3350 2329 3486 2369 eum
3508 2327 3711 2368 conve-

2057 2421 2312 2483 nientes,
2337 2415 2644 2472 dixerunt:
2665 2413 2721 2467 Si
2742 2426 2925 2466 unam
2949 2426 3019 2465 ex
3034 2405 3379 2463 fornacibus
3406 2404 3709 2475 ingressus

2054 2509 2260 2575 fueris,
2293 2512 2352 2564 et
2381 2505 2700 2561 incolumis
2731 2500 2871 2557 inde
2912 2497 3188 2564 evaseris,
3221 2511 3343 2551 non
3373 2493 3549 2549 modo
3581 2508 3712 2547 cre-

2055 2600 2265 2655 demus
2296 2613 2525 2662 omnes,
2559 2593 2663 2649 sed
2683 2592 2838 2647 ﬁlios
2859 2589 3038 2645 etiam
3063 2590 3300 2642 nostros
3322 2585 3383 2639 in
3404 2584 3708 2639 caminum

2054 2689 2460 2761 projiciemus.
2483 2686 2791 2756 Ingressus
2831 2680 3009 2751 igitur
3037 2676 3340 2733 caminum
3372 2673 3705 2745 episcopus.

2053 2760 2444 2849 egressusque
2466 2773 2713 2838 illaesus,
2739 2768 2953 2834 effecit,
2972 2772 3038 2822 ut
3057 2781 3265 2821 omnes
3295 2762 3625 2818 idololatrm
3648 2760 3709 2815 in

2053 2866 2352 2923 Christum
2383 2862 2717 2928 crederent,
2776 2859 3101 2927 fanumque
3144 2854 3442 2909 idolorum
3474 2856 3706 2905 everte-

2052 2962 2204 3013 rent.
2237 2956 2502 3025 Cumque
2533 2951 2649 3008 alia
2678 2951 2991 3022 patrasset,
3021 2945 3082 2999 in
3108 2958 3251 3015 pace
3283 2941 3357 2997 ad
3387 2938 3706 2996 Dominum

2051 3045 2340 3119 migravit.

2692 3244 2911 3300 Eodem
2952 3241 3066 3298 die.

2198 3343 2291 3400 51
2342 3342 2630 3399 Certamen
2676 3337 2855 3393 sancti
2883 3334 3169 3403 martyris”
3193 3330 3553 3399 Chrysogoni.

2126 3433 2540 3504 Chrysogonus
2570 3432 2796 3499 martyr
2824 3442 2895 3480 ex
2932 3438 3148 3496 magna
3183 3420 3331 3476 urbe
3362 3421 3550 3475 Roma
3598 3418 3711 3472 fuit

2055 3521 2420 3578 Diocletiano
2456 3518 2836 3590 imperatore,
2859 3513 2945 3567 vir
2967 3512 3096 3581 [ius
3130 3511 3432 3579 Deumque
3462 3507 3703 3573 timens,

2057 3610 2157 3681 qui
2217 3614 2481 3664 sanctam
2540 3610 2864 3675 martyrem
2920 3599 3294 3655 Anastasiam
3326 3602 3385 3650 et
3431 3595 3610 3650 ﬁdem
3642 3596 3705 3648 in

2055 3699 2375 3761 Christum,
2397 3701 2456 3751 et
2474 3711 2671 3750 sacras
2693 3693 2920 3747 litteras
2942 3688 3160 3745 docuit.
3185 3687 3485 3741 Commota
3507 3688 3705 3737 autem

2054 3786 2489 3860 persecutione,
2515 3789 2742 3855 captus,
2768 3781 2827 3835 in
2859 3793 3160 3834 carcerem
3191 3774 3527 3845 conjicitur.
3558 3773 3705 3827 Tum

2053 3894 2188 3932 vero
2220 3875 2295 3931 ad
2327 3891 2462 3929 eum
2496 3872 2735 3944 scripsit
2763 3874 2968 3925 sancta
2990 3865 3320 3932 Anastasia,
3345 3868 3410 3918 ut
3438 3878 3543 3933 pro
3576 3862 3706 3932 ipsa

2052 3968 2239 4023 Deum
2272 3968 2487 4029 oraret,
2521 3968 2586 4016 ut
2608 3962 2656 4015 si
2681 3961 2767 4015 vir
2796 3975 2937 4014 suus
2966 3956 3200 4012 futurus
3231 3957 3387 4009 esset
3416 3950 3704 4006 Christia-

2052 4072 2185 4120 nus,
2214 4054 2468 4118 viveret;
2522 4051 2615 4107 sin
2647 4050 2867 4116 minus,
2901 4050 3249 4110 moreretur,
3284 4059 3357 4098 ne
3388 4057 3530 4113 opes
3563 4056 3700 4095 suas

2051 4164 2185 4202 cum
2217 4143 2546 4201 idololatris
2594 4142 2991 4204 consumeret,
3028 4135 3130 4192 sed
3179 4152 3280 4191 eas
3309 4135 3438 4207 ipsa
3468 4133 3528 4187 in
3562 4148 3697 4187 san-

2051 4244 2280 4294 ctorum
2299 4248 2746 4307 pauperumque
2768 4235 3039 4302 sumptus
3061 4226 3437 4299 expenderet.
3457 4224 3624 4290 Quod
3643 4227 3701 4278 et

2051 4326 2333 4398 contigit:
2359 4324 2632 4394 factaque
2663 4320 2778 4376 voti
2801 4335 3066 4390 compos,
3099 4314 3373 4371 omnibus
3404 4311 3701 4368 facultati-

2049 4417 2159 4472 bus
2176 4417 2237 4470 in
2257 4430 2550 4487 pauperes
2568 4410 3205 4483 erogatis,sumptaque
3227 4401 3506 4475 pauperis
3526 4400 3698 4470 stola,

2050 4505 2420 4573 circumibat,
2443 4500 2891 4559 etministrabat
2907 4496 3130 4552 sanctis
3151 4494 3212 4548 in
3234 4505 3468 4547 carcere
3490 4488 3698 4544 deten-

1973 4565 2014 4628 D
2047 4598 2142 4651 tis.
2178 4597 2302 4661 Quo
2334 4565 2598 4664 tempore
2630 4589 3029 4646 Diocletianus
3061 4601 3131 4640 ex
3153 4584 3300 4640 urbe
3349 4582 3563 4645 Νίσαια,
3594 4579 3695 4636 ubi

2045 4686 2408 4753 morabatur,
2443 4683 2671 4737 litteras
2719 4682 2964 4735 Romam
3023 4675 3208 4745 dedit,
3261 4678 3327 4729 ut
3375 4670 3693 4728 Christiani

2046 4790 2252 4830 omnes
2303 4772 2804 4834 interﬁcerentur,
2863 4768 3278 4840 Chrysogonus
3323 4779 3460 4819 vero
3509 4762 3583 4818 ad
3631 4778 3694 4816 se

2043 4864 2273 4919 vinctus
2293 4864 2546 4918 Nicaeam
2569 4860 2912 4915 duceretur:
2940 4856 3261 4913 adductum
3283 4859 3482 4911 autem
3504 4852 3693 4908 decol-

2042 4953 2152 5009 lari
2176 4951 2379 5025 jussit.

2674 5214 2894 5270 Eodem
2933 5214 3048 5270 die.

2040 5306 2141 5364 52
2175 5306 2457 5362 Certamen
2502 5313 2821 5363 sanctarum
2870 5308 3159 5361 mulierum
3204 5308 3407 5375 Irenes,
3450 5307 3688 5375 Agapes,

2680 5385 2734 5432 et
2780 5377 3047 5434 Chioniw.

2108 5469 2231 5533 Quo
2263 5474 2528 5540 tempore
2578 5468 2994 5541 Chrysogonus
3050 5472 3295 5539 martyr,
3341 5464 3690 5521 Diocletiani

2037 5558 2408 5631 imperatoris
2433 5561 2627 5631 jussu,
2662 5558 2735 5612 ob
2766 5558 2983 5613 Christi
3027 5558 3463 5613 confessionem
3494 5555 3685 5624 capite

2035 5647 2245 5720 plexus
2277 5652 2368 5704 est
2388 5648 2562 5720 juxta
2610 5646 2889 5720 paludem
2940 5646 3097 5718 apud
3130 5661 3309 5716 quam
3339 5639 3685 5700 habitabant
