4114 6306
303 277 423 338 223
1609 278 1985 340 MENOLOG
1995 278 2047 338 Il
2090 277 2291 339 PARS
2333 278 2408 339 ll.
3600 276 3717 337 224

307 412 527 466 sanctae
555 411 678 464 tres
709 424 941 465 sorores
963 409 1181 483 Agape,
1213 410 1483 481 Chionia,
1519 415 1577 466 et
1617 412 1808 479 Irene,
1837 426 1959 467 una

2096 429 2122 462 ν
2180 410 2220 480 ᾗ
2272 408 2566 482 κατέμενον
2624 407 2683 463 αῗ
2738 405 2885 485 ἅγιαι
2959 412 3105 482 τρεῖς
3164 404 3419 481 ἀδελφαὶ,
3480 405 3718 481 Ἀγάπη,

307 513 443 555 cum
474 497 630 554 Zoilo
657 498 914 569 quodam
938 499 1036 555 Dei
1064 516 1228 557 servo
1254 519 1268 568 ;
1302 501 1578 573 apparuit
1600 499 1759 555 idem
1781 499 1962 572 Chry-

2095 496 2279 571 [ιονία,
2309 498 2397 554 καὶ
2432 496 2666 570 Εἷρήνη,
2728 498 2863 570 μετὰ
2915 497 3133 555 Ζωῒλου
3187 497 3333 560 τινὸς
3389 493 3591 551 δούλου
3622 498 3722 550 τοῦ

311 603 570 659 sogonus
598 588 658 642 in
695 589 924 643 somnis
981 588 1162 655 Zoilo,
1223 589 1452 659 dicens,
1483 589 1609 646 fore
1663 593 1730 644 ut
1759 594 1965 645 sancta

308 675 622 731 Anastasia
675 682 977 732 certamen
1038 677 1267 732 subiret
1317 694 1449 733 cum
1512 678 1735 734 sanctis
1774 678 1964 734 tribus

313 764 638 832 sororibus,
662 782 793 837 quae
816 766 965 821 citra
985 783 1213 822 nonum
1238 766 1395 822 diem
1420 784 1670 840 agonem
1695 767 1965 839 martyrii

311 861 813 909 consummaturas
845 860 1064 912 essent.
1117 858 1255 921 Quaa
1300 873 1436 912 cum
1467 857 1733 913 audisset
1762 861 1968 912 sancta

311 944 643 1013 Anastasia,
676 949 943 999 sanctum
970 946 1412 1017 Chrysogonum
1438 952 1660 1009 secuta,
1693 947 1968 1002 convenit

311 1037 548 1087 sanctas
568 1032 724 1100 illas,
751 1049 971 1103 easque
1002 1034 1309 1105 complexa
1331 1042 1439 1101 est,
1467 1039 1521 1089 et
1550 1035 1841 1091 serviebat
1856 1034 1963 1104 eis_

311 1123 377 1177 Id
406 1139 541 1178 vero
598 1124 699 1179 ubi
744 1126 981 1180 rescivit
1030 1126 1453 1193 Diocletianus,
1505 1127 1968 1198 comprehensas

312 1211 561 1268 tradidit
609 1213 870 1285 regionis
926 1214 1242 1285 praafecto:
1297 1232 1330 1271 a
1387 1232 1504 1286 quo
1537 1220 1727 1285 tortas,
1759 1232 1967 1270 rursus

315 1300 486 1355 alteri
517 1301 815 1372 praefecto,
867 1303 1125 1358 Sisinnio
1173 1304 1437 1371 nomine,
1480 1305 1831 1361 traduntur:
1867 1305 1969 1377 qui

320 1395 556 1444 sanctas
588 1391 827 1459 quidem
851 1393 1113 1464 Agapen,
1138 1397 1196 1447 et
1215 1393 1519 1448 Chioniam
1542 1394 1664 1466 igni
1698 1395 1969 1449 consumi

310 1479 528 1550 jussit:
563 1485 829 1535 sanctam.
858 1498 995 1536 vero
1027 1483 1259 1538 Irenem
1299 1483 1542 1554 quidam
1574 1484 1747 1539 miles
1776 1484 1970 1557 gladio

320 1565 593 1623 confecit.

981 1836 1207 1892 Eodem
1231 1838 1325 1893 die

393 1924 495 1981 58
528 1926 813 1980 Certamen
848 1931 1050 1981 sanctae
1101 1930 1361 2009 martyris
1414 1928 1698 1984 Theodotw
1729 1937 1781 1984 et
1826 1929 1976 1998 ﬁlio-

996 2015 1120 2053 rum
1159 2016 1297 2069 ejus.

392 2083 691 2140 Theodota
720 2091 946 2158 martyr
976 2087 1037 2141 in
1070 2088 1345 2159 Bithynia
1371 2095 1531 2157 nata,
1563 2089 1783 2144 celebri
1815 2091 1974 2145 Ana-

321 2171 516 2226 stasiae
547 2171 705 2227 fama
729 2180 1047 2243 commota,
1071 2192 1202 2231 eam
1225 2176 1391 2245 adiit,
1421 2183 1634 2232 etcum
1657 2194 1727 2233 ea
1747 2183 1978 2234 versata

322 2264 413 2315 est
443 2261 623 2316 simul
652 2278 787 2317 cum
846 2263 985 2319 ﬁliis
1044 2266 1205 2320 suis:
1266 2267 1438 2339 cujus
1468 2269 1809 2341 conjugium
1842 2285 1977 2324 cum

325 2353 556 2421 peteret
604 2351 929 2408 Leucadius
976 2354 1315 2425 praefectus,
1376 2360 1436 2411 et
1492 2356 1597 2412 illa
1652 2362 1976 2425 recusaret,

325 2440 531 2496 volens
563 2456 699 2497 eum
750 2442 975 2515 fugere,
1020 2446 1264 2518 rogavit,
1308 2450 1377 2501 ut
1421 2446 1728 2519 paulisper
1768 2463 1978 2519 exspe-

327 2533 535 2596 ctaret,
569 2546 630 2585 se
661 2547 799 2586 mox
831 2532 1115 2589 voluntati
1147 2535 1276 2607 ejus
1299 2535 1728 2592 obsecuturam.
1761 2539 1978 2610 Exspe-

308 2623 528 2674 'ctante
560 2619 759 2691 itaque
789 2622 1091 2693 praefecto,
1124 2624 1273 2696 ipsa,
1313 2626 1567 2698 erogatis
1596 2626 1658 2682 in
1688 2642 1980 2698 pauperes

325 2706 732 2775 facultatibus,
752 2711 974 2766 sanctis
1005 2712 1399 2769 ministrabat.
1422 2714 1826 2771 Diocletianus
1846 2733 1979 2771 vero

326 2812 462 2851 cum
494 2799 864 2869 cognovisset
901 2817 1169 2857 carceres
1201 2809 1259 2857 et
1287 2804 1584 2876 ergastula
1630 2805 1980 2860 Christianis

326 2885 507 2956 plena
537 2902 687 2953 esse,
722 2888 908 2943 edixit
947 2894 1014 2944 ut
1059 2907 1266 2946 omnes
1314 2898 1487 2948 nocte
1518 2910 1661 2960 una,
1692 2893 1793 2948 alii
1825 2894 1981 2965 igne,

329 2973 431 3028 alii
463 2990 635 3044 aqua,
669 2976 769 3030 alii
800 2976 956 3032 ferro
991 2978 1361 3035 tollerentur.
1410 2981 1801 3046 Quamobrem
1836 2983 1984 3037 Leu—

331 3062 537 3119 cadius
568 3064 813 3121 tradidit
843 3072 1109 3122 sanctam
1156 3069 1517 3125 Theodotam
1548 3087 1682 3126 cum
1715 3072 1855 3126 ﬁliis
1887 3072 1981 3126 Ni-

2067 589 2221 654 Θεοῦ,
2284 584 2451 662 ἐφάνη
2507 588 2536 641 6
2595 587 2944 663 Χρυσόγονος
3000 590 3080 658 τῷ
3140 584 3335 658 Ζωΐλῳ
3389 585 3528 640 κατὰ
3591 583 3720 646 τοὺς

2068 673 2267 738 ὕπνους
2301 674 2475 751 λέγων
2524 676 2692 747 αὐτῷ,
2752 675 2835 730 ὅτι
2886 673 3091 731 Μέλλει
3147 677 3183 745 ἡ
3244 673 3370 749 ἁγία
3398 673 3723 732 Ἀναστασία

2067 763 2528 839 συναγωνίσασθαι
2557 770 2678 829 ταῖς
2727 764 2901 841 ἁγίαις
2947 764 3121 841 τρισὶν
3165 760 3445 840 ἀδελφαῖς,
3480 761 3723 837 μελλού-

2071 875 2188 916 σαις
2217 852 2364 908 ἐντὸς
2420 852 2572 909 ἐννέα
2628 855 2853 929 ἡμερῶν
2910 851 3089 909 τελεῖν
3129 854 3220 908 τὸν
3250 851 3432 927 ἀγῶνα
3460 856 3556 907 τοῦ
3588 872 3726 925 μαρ-

2068 944 2279 1014 τυρίου.
2313 947 2487 998 Ταῦτα
2519 943 2792 999 ἀκούσασα
2828 946 2862 1013 ἡ
2912 943 3041 1018 ἁγία
3095 943 3439 1011 ’Λναστασία,
3472 941 3726 1013 ἠκολού-

2071 1033 2203 1102 θησε
2230 1038 2308 1104 τῷ
2338 1033 2477 1106 ἁγίῳ
2519 1032 2867 1109 Χρυσογόνῳ,
2919 1034 3008 1088 καὶ
3058 1031 3311 1102 εἷ’σῆλθεν
3343 1032 3417 1094 εἰς
3451 1031 3541 1093 τὰς
3573 1031 3727 1107 ἀγίας

2071 1122 2160 1177 καὶ
2216 1123 2498 1192 ἠσπάσατο
2556 1124 2745 1193 αὐτὰς,
2816 1124 2903 1177 καὶ
2987 1120 3274 1177 ἐδούλευεν
3325 1121 3533 1183 αὐταῖς.
3592 1123 3729 1177 Εἶτα

2077 1210 2261 1282 μαθὼν
2324 1212 2352 1266 ὁ
2410 1210 2829 1282 Διοκλητιανὸς,
2887 1210 3180 1287 ἐκράτησεν
3238 1210 3423 1279 αὐτὰς,
3453 1208 3543 1265 καὶ
3590 1228 3728 1282 παρ-

2075 1296 2244 1355 έδωκε
2271 1304 2352 1372 τῷ
2378 1306 2479 1370 τῆς
2507 1301 2697 1375 χώρας
2735 1296 2987 1375 ἄρχοντι,
3042 1299 3129 1354 καὶ
3190 1298 3609 1372 ἐτιμωρήθησαν
3641 1296 3731 1351 ὑπ’

2075 1387 2261 1456 αὐτοῦ,
2295 1389 2385 1443 καὶ
2429 1386 2598 1443 πάλιν
2652 1385 3028 1464 παρεδόθησαν
3080 1385 3238 1461 ἄλλῳ
3294 1388 3521 1463 ἄρχοντι
3567 1386 3733 1461 λεγο-

2081 1480 2230 1551 μένῳ
2264 1476 2539 1551 Σισιννίῳ.
2576 1479 2672 1533 Καὶ
2710 1478 2739 1532 6
2772 1476 2983 1553 ἅρχων,
3049 1480 3150 1547 τήν
3214 1477 3309 1551 μὲν
3365 1478 3519 1552 ἁγίαν
3552 1473 3732 1551 Ἀγά-

2076 1589 2209 1637 πην,
2258 1569 2346 1623 καὶ
2377 1569 2478 1638 τήν
2524 1568 2681 1643 ἁγίαν
2741 1567 2963 1623 Χιονίαν
3022 1568 3154 1641 πυρὶ
3210 1564 3512 1644 παρέδωκε,
3543 1567 3642 1635 τὴν
3677 1562 3734 1619 δὲ

2080 1657 2234 1732 ἁγίαν
2269 1655 2510 1732 Εἰρήνην
2541 1657 2601 1712 ἐκ
2626 1661 2734 1712 τῶν
2786 1660 3132 1733 στρατιωτῶν
3183 1659 3261 1719 εἷς
3323 1656 3458 1729 μετᾶ
3498 1655 3733 1710 σπαθίου

2002 1761 2050 1825 Β
2079 1745 2378 1822 ἐφόνευσεν.

2673 1840 2755 1912 Τῇ
2786 1837 2921 1910 αὐτῇ
2966 1834 3149 1910 ἡμέρᾳ

2084 1928 2350 1996 ἈθΛησις
2404 1933 2504 1996 τῆς
2562 1926 2735 2002 ἁγίας.
2782 1924 3071 2002 μάρτυρος
3128 1921 3420 1996 Θεοδότης,
3478 1923 3568 1978 καὶ
3624 1925 3732 1977 τῶν

2684 1997 2885 2054 τέκνων
2940 1997 3109 2064 αὐτῆς
3120 2040 3131 2053 .

2158 2083 2394 2158 Θεοδότη
2428 2089 2463 2158 ἡ
2500 2086 2704 2163 μάρτυς
2758 2088 3004 2164 ὑπῆρχεν
3063 2085 3170 2141 ἀπὸ
3207 2089 3309 2152 τῆς
3350 2086 3541 2162 χώρας
3573 2089 3738 2148 Βιθυ-

2087 2176 2223 2238 νίας.
2284 2176 2588 2234 ’Δκούσασα
2641 2173 2698 2231 δὲ
2780 2175 2904 2251 περὶ
2992 2181 3094 2245 τῆς
3148 2173 3305 2251 ἁγίας
3360 2172 3743 2241 Ἀναστασίας,

2088 2264 2303 2332 ἀπῆλθε
2358 2266 2496 2340 πρὸς
2542 2266 2733 2338 αὐτὴν,
2782 2265 2874 2321 καὶ
2932 2261 3167 2342 διέτριϐε
3226 2266 3342 2338 μετ’
3398 2262 3586 2333 αὐτῆς,
3631 2262 3748 2334 ἅμα

2087 2360 2204 2416 τοῖς
2255 2353 2463 2416 τέκνοις
2516 2355 2707 2424 αὐτῆς.
2770 2354 3039 2429 Πρότερον
3099 2349 3157 2407 δὲ
3201 2354 3238 2422 ἡ
3297 2349 3424 2427 ἁγία
3475 2347 3615 2415 αὐτή
3646 2345 3747 2402 έπ-

2091 2448 2335 2514 εζητεῖτο
2390 2443 2528 2519 πρὸς
2581 2445 2757 2519 γάμον
2818 2443 2924 2498 ὑπὸ
2984 2439 3280 2497 Λευκαδίου
3308 2443 3406 2496 τοῦ
3447 2437 3738 2513 ἄρχοντος.

2088 2533 2245 2591 ’Λλλ⁹
2298 2532 2400 2588 οὐκ
2455 2531 2715 2588 έπείθετο’
2776 2531 2929 2605 ὅμως
2986 2527 3218 2586 θέλουσα
3272 2528 3430 2584 αὐτὸν
3471 2526 3743 2602 ἐκφυγεῖν,

2093 2624 2357 2696 ἐμήνυσεν
2416 2621 2563 2694 αὐτῷ
2621 2623 2813 2696 μικρὸν
2888 2622 3168 2694 ἀναμεῖναι
3226 2618 3420 2689 αύτήν,
3475 2616 3567 2672 καὶ
3620 2615 3746 2670 τότε

2093 2716 2325 2777 ποιῆσαι
2354 2711 2417 2766 τὸ
2449 2709 2669 2784 θέλημα
2696 2711 2882 2766 αὐτοῦ.
2914 2711 3025 2767 Τοῦ
3056 2707 3114 2764 δὲ
3143 2706 3410 2785 ἄρχοντος
3453 2703 3744 2778 ἀναμένον-

2094 2821 2209 2871 τος,
2242 2799 2377 2869 αύτή
2410 2801 2500 2855 τὸν
2550 2800 2787 2854 πλοῦτον
2848 2798 3015 2867 αὐτῆς
3070 2795 3236 2853 δοῦσα
3284 2800 3556 2871 πτωχοῖς,
3589 2790 3746 2848 €606-

2099 2901 2224 2944 Λευε
2269 2894 2386 2950 τοῖς
2437 2888 2633 2964 ἁγίοις.
2676 2888 2938 2950 Ἀκούσας
2996 2885 3054 2942 δὲ
3103 2885 3496 2955 Διοκλητιανὸς
3527 2885 3610 2937 ὅτι
3642 2885 3744 2935 πᾶ-

2098 2999 2184 3033 σαι
2244 2982 2294 3031 αἰ
2351 2976 2589 3051 φυλακαὶ
2645 2977 2735 3032 καὶ
2810 2977 2875 3032 τὰ
2957 2977 3288 3052 ἐργαστήρια
3349 2975 3576 3049 γέμουσι
3634 2974 3744 3024 τῶν

2100 3071 2455 3141 Χριστιανῶν,
2515 3066 2762 3122 ἐκέλευσε
2816 3066 3020 3128 πάντας
3075 3064 3128 3120 ἐν
3185 3070 3285 3138 μιᾷ
3341 3063 3491 3119 νυκτὶ
3559 3080 3750 3138 φονευ-

332 3150 484 3206 cetio
505 3151 794 3222 Bithynius
817 3154 1113 3223 praefecto,
1136 3161 1203 3210 ut
1228 3173 1330 3211 eos
1352 3163 1691 3229 torqueret:
1725 3160 1827 3229 qui
1850 3175 1983 3214 eum

2100 3117 2455 3141 "t"""‘""7
2516 3117 2759 3122 ⁷⁷-””””
2824 3117 3017 3128 “””””Ὶ
3078 3117 3120 3120 ““
3185 3117 3283 3138 Γ”“Τ
3351 3117 3459 3119 ⁷ί⁷⁷⁷
3572 3117 3583 3138 Ι

2098 3157 2280 3225 θῆναι,
2309 3155 2437 3220 τοῦς
2487 3157 2582 3229 μὲν
2641 3154 2731 3211 διὰ
2785 3157 2975 3231 πυρὸς,
3026 3155 3155 3219 τοὺς
3186 3152 3244 3209 δὲ
3273 3151 3341 3209 δι’
3373 3149 3591 3221 ὕδατος,
3621 3148 3749 3211 τοὺς

332 3238 404 3292 ab
436 3239 627 3293 Evodo
657 3240 971 3295 Theodotae
1014 3244 1406 3316 primogenito
1437 3246 1869 3318 objurgaretur,
1901 3247 1990 3302 ira

336 3328 798 3397 excandescens,
830 3331 1127 3404 ingentem
1181 3336 1485 3391 tornacem
1517 3328 1758 3392 a'scendi
1783 3337 1986 3408 jussit,

333 3417 519 3488 inque
552 3435 681 3475 eam
712 3421 925 3492 projici
957 3423 1317 3480 Theodotam
1347 3442 1478 3480 cum
1516 3426 1676 3482 ﬁliis.

2098 3242 2156 3299 δὲ
2187 3244 2277 3301 διὰ
2307 3246 2513 3319 ξίφους.
2548 3245 2687 3303 Τότε
2726 3246 2755 3300 6
2807 3242 3107 3307 Λευκάδιος
3154 3240 3435 3316 παρέδωκε
3463 3244 3560 3311 τὴν
3593 3239 3748 3313 ἁγίαν

2096 3333 2390 3406 Θεοδότην,
2419 3334 2511 3388 καὶ
2538 3334 2606 3389 τὰ
2659 3333 2854 3390 παιδία
2907 3335 3080 3403 αὐτῆς
3134 3332 3376 3405 Νικητίῳ
3403 3335 3484 3403 τῷ
3512 3328 3745 3404 ἄρχοντι

2096 3424 2365 3491 Βιθυνίας,
2422 3424 2516 3478 ἳνα
2600 3423 2860 3499 βασανίσῃ
2944 3422 3162 3485 αὐτούς.
3237 3422 3340 3479 Καὶ
3398 3423 3427 3477 ὁ
3483 3422 3755 3490 Νικήτιος

336 3502 619 3580 ἐλεγχθεὶς
650 3507 754 3563 ὑπὸ
785 3506 1016 3565 Εύώδου
1043 3515 1141 3565 τοῦ
1172 3512 1394 3587 πρώτου
1423 3514 1544 3568 υἱοῦ
1574 3514 1745 3585 αὐτῆς
1778 3513 2046 3591 ὠργίσθη.
2078 3514 2178 3570 Καὶ
2208 3513 2412 3588 ἀνάψας
2444 3512 2688 3589 μεγάλην
2713 3515 2966 3586 κάμινον,
2998 3508 3216 3568 ἔκαυσεν
3247 3512 3337 3567 καὶ
3369 3513 3533 3582 αὐτ-ῆν
3566 3511 3655 3568 καὶ
3684 3512 3755 3566 τὰ

338 3592 530 3650 παιδία
560 3595 747 3667 αὐτῆς.

908 3719 1148 3775 EODEM
1180 3721 1430 3778 MENSE.

841 3807 943 3864 Die
973 3809 1254 3867 vicesima
1285 3812 1475 3868 tertia.

349 3894 451 3949 54
490 3894 772 3951 Certamen
801 3904 1111 3954 sanctorum
1150 3900 1334 3956 decem
1385 3908 1691 3973 martyrum
1720 3905 1780 3957 in
1812 3902 1991 3957 Creta.

412 4071 535 4138 Isti,
572 4072 744 4128 Decio
775 4074 1158 4145 imperatore,
1217 4094 1286 4132 ex
1343 4079 1544 4135 insula
1594 4081 1778 4137 Cretas
1805 4081 1993 4155 fuere,

345 4177 465 4216 non
499 4166 697 4217 tamen
719 4179 791 4218 ex
812 4164 1021 4220 eadem
1050 4166 1305 4237 civitate,
1327 4170 1431 4225 sed
1457 4187 1527 4225 ex
1558 4169 1805 4226 diversis
1834 4171 1991 4241 ejus-

346 4250 483 4305 dem
505 4250 764 4322 regionis
785 4251 951 4308 locis.
973 4256 1043 4309 Et
1062 4271 1133 4310 ex
1153 4259 1469 4329 metrOpoli
1484 4258 1726 4331 quidem
1738 4260 1997 4331 Gortyna

347 4339 612 4411 quinque
650 4345 845 4397 ortum
904 4342 1147 4413 duxere,
1204 4345 1561 4415 Theodulus,
1620 4349 1994 4418 Saturninus,

2637 3721 2824 3778 MHNI
2878 3724 2963 3773 ἸὯ
3018 3720 3216 3776 ΑΥἹὬ.

2860 3810 2982 3867 KI".

2243 3903 2509 3969 ἈθΛησις
2539 3903 2646 3953 τῶν
2692 3898 2867 4027 ἀγίωᾶ
2904 3895 3043 4041 ’δέκα
3097 3897 3383 3973 μαρτύρων
3417 3898 3525 3952 τῶν
3556 3896 3605 3951 ἐν

2871 3990 2900 4041 Ρ
2943 3991 3034 4041 τῖιο

2871 3990 3034 4045 ρητη-

2174 4064 2336 4118 Οὗτοι
2363 4061 2501 4132 ἦσαν
2562 4060 2650 4117 ἐπὶ
2706 4067 2806 4131 τῆς
2865 4057 3143 4136 βασιλείας
3204 4056 3393 4113 Δεκίου
3423 4057 3476 4111 έν
3502 4059 3573 4130 τῇ
3602 4058 3757 4129 νήσῳ

2100 4155 2202 4222 τῆς
2233 4142 2472 4229 Κρήτης,
2505 4150 2605 4206 οὐκ
2633 4148 2739 4207 ἀπὸ
2792 4154 2919 4222 μιᾶς
2960 4147 3199 4220 πόλεως,
3231 4144 3357 4202 ἀλλ’
3388 4145 3447 4202 ἐκ
3477 4143 3756 4221 διαφόρων

2101 4245 2199 4307 τῆς
2250 4242 2440 4316 χώρας
2493 4244 2693 4314 μερῶν·
2748 4240 2835 4294 καὶ
2887 4236 2994 4293 ὰπὸ
3049 4238 3144 4311 μὲν
3192 4243 3292 4306 τῆς
3353 4233 3753 4310 μητροπόλεως

2106 4330 2381 4407 Γορτύνης
2435 4330 2572 4400 ἦσαν
2629 4329 2807 4399 πέντε,
2857 4324 3181 4397 Θεόδουλος,
3243 4323 3624 4399 Σατουρνίνος,
3654 4318 3758 4378 Εὔ-

343 4431 633 4501 Euporus,
669 4430 953 4498 Gelasius,
1012 4435 1409 4491 Eunicianus:
1470 4454 1542 4493 ex
1596 4439 1821 4494 Gnosso
1857 4455 1983 4493 verr

2105 4397 2294 4496 πορος,
2335 4397 2628 4491 -Γελάσιος,
2686 4397 3029 4479 Εύνήιιιιανός
3074 4414 3183 4471 ἀπὸ
3246 4413 3304 4470 δὲ
3370 4397 3591 4469 κνωσοῦ
3638 4418 3755 4466 Ζω-

348 4519 579 4575 Zoticus
604 4537 617 4574 :
642 4536 711 4575 ex
733 4522 942 4593 Epinio
968 4524 1289 4581 Leomenes
1302 4526 1577 4583 Pontius:
1605 4544 1676 4583 ex
1700 4529 1993 4583 Panormo

349 4609 729 4681 Agathopus:
765 4627 833 4666 ex
865 4612 1127 4683 Cydonia
1159 4615 1444 4672 Basilides
1471 4633 1483 4671 :
1517 4622 1577 4672 et
1614 4634 1683 4672 ex
1716 4617 2000 4673 Heraclea

345 4698 1303 4773 Evarestus.Quicomprehensiab
1320 4705 1684 4771 inﬁdelibus,
1719 4706 1998 4779 praefecto

346 4784 560 4839 insulaa
593 4785 944 4845 traduntur:
979 4795 1039 4845 at
1063 4791 1165 4846 ille
1197 4794 1417 4865 populo
1450 4795 1851 4867 imperavit,ut
1880 4797 2001 4850 vin—

348 4878 475 4928 ctos
533 4872 608 4929 ad
664 4891 796 4931 aras
855 4876 1153 4934 idolorum
1212 4882 1748 4953 circumducerent,
1782 4889 1841 4940 et
1882 4884 1999 4940 nisi

350 4962 751 5035 immolarent,
782 4967 1126 5038 gravissime
1159 4986 1281 5034 eos,
1336 4976 1402 5025 ut
1447 4973 1662 5044 cuique
1706 4973 1999 5042 libuisset,

349 5057 718 5123 torquerent.
752 5055 1012 5128 Triginta
1042 5056 1242 5128 itaque
1273 5058 1504 5114 dierum
1534 5062 1725 5131 spatio
1757 5063 2005 5118 circum-

348 5140 667 5210 ducuntur,
701 5142 1058 5211 illuduntur,
1091 5145 1498 5217 verberantur,
1531 5148 2005 5223 lapidantur,per

348 5232 611 5285 stercora
633 5236 942 5302 raptantur
967 5249 980 5287 :
1005 5232 1246 5288 demum
1274 5235 1551 5306 praafecto
1580 5255 1686 5309 pro
1722 5238 2003 5299 tribunali

350 5316 618 5386 sedente,
642 5334 841 5374 coram
869 5336 936 5374 eo
959 5321 1352 5391 decollantur,
1371 5324 1445 5381 ad
1468 5331 1800 5383 extremum
1825 5329 2003 5400 spiri-

350 5410 477 5461 tum
506 5406 725 5479 gratias
756 5409 873 5465 Deo
902 5416 1165 5482 agentes.

2104 4511 2276 4573 τικός’
2333 4508 2440 4564 ἀπὸ
2498 4506 2557 4563 δὲ
2607 4511 2706 4564 τοῦ
2760 4507 3034 4562 Ἐπινείου
3087 4503 3363 4578 Λεομένης
3414 4502 3664 4564 Ηόντιος·
3697 4501 3757 4556 ἐκ

2107 4598 2165 4656 δὶ
2207 4604 2306 4655 τοῦ
2356 4597 2645 4674 Πανόρμου
2692 4598 3050 4673 Ἀγαθόπους-
3094 4594 3202 4650 ἀπὸ
3250 4592 3308 4649 δὲ
3337 4590 3614 4654 Κυδωνίας
3648 4594 3753 4649 Βα-

2108 4686 2375 4757 σιλείδης·
2407 4687 2497 4742 καὶ
2548 4686 2655 4742 ἀπὸ
2709 4690 2811 4742 τοῦ
2868 4684 3199 4761 Ἡρακλείου
3226 4682 3556 4759 Εὐάρεστος.
3589 4682 3755 4738 Οὗτοι

2106 4775 2465 4852 κρατηθέντες
2523 4775 2671 4849 παρὰ
2724 4778 2834 4829 τῶν
2886 4773 3146 4842 ἀπίστων,
3193 4777 3274 4844 τῷ
3327 4773 3427 4839 τῆς
3458 4773 3628 4841 νήσου
3657 4766 3754 4844 ἄρα

2110 4887 2267 4944 χοντι
2297 4862 2700 4940 παρεδόθησαν’
2766 4862 2970 4926 ἐκεῖνος
3030 4860 3089 4917 δὶ
3132 4865 3212 4931 τῷ
3267 4860 3464 4932 πλήθει
3495 4862 3592 4914 τοῦ
3624 4858 3758 4913 λαοῦ

2107 4955 2427 5031 προσέταξεν
2484 4951 2646 5023 δῆσαι
2723 4952 2943 5021 αὐτοὺς,
3018 4952 3109 5007 καὶ
3173 4952 3450 5027 περιάγειν
3502 4948 3577 5011 εἷς
3630 4946 3758 5009 τοὺς

2112 5046 2335 5125 βωμοὺς
2362 5051 2471 5103 τῶν
2522 5042 2792 5113 εἰδώλων,
2848 5042 2940 5100 καὶ
2993 5042 3041 5097 εἴ
3097 5043 3175 5116 μὴ
3207 5041 3464 5110 θύσωσιν,
3498 5041 3760 5116 ἰσχυρῶς,

2110 5138 2185 5200 ὡς
2242 5136 2516 5203 θέλουσιν,
2573 5134 2767 5196 αὐτοὺς
2820 5133 3260 5209 τιμωρήσασθαι.
3312 5131 3433 5186 Ἐπὶ
3474 5130 3766 5206 τριάκοντα

2112 5224 2169 5282 δὲ
2197 5228 2435 5302 ἡμέραις
2482 5222 2988 5301 περιελαυνόμενοι,
3036 5220 3379 5291 παιζόπενοι,
3408 5218 3764 5291 τυπτόμενοι,

2114 5311 2596 5389 λιθοϐολούμενοι,
2654 5313 2789 5368 κατᾶ
2847 5318 2946 5381 τῆς
3024 5309 3083 5366 ἐκ
3139 5309 3392 5385 κοπρίαις
3448 5308 3764 5383 συρόμενοι,

2113 5405 2333 5483 ὕστερον
2363 5410 2462 5462 τοῦ
2519 5404 2790 5481 ἄρΧοντος
2847 5401 3298 5478 προκαθίσαντος,
3329 5399 3562 5456 ἐνώπιον
3595 5398 3763 5453 αὐτοῦ

2111 5495 2642 5572 ἀπεκεφαλίσθησαν,
2698 5494 3148 5570 εὐχαριστοῦντες
3210 5492 3377 5566 μέχρι
3425 5493 3522 5544 τοῦ
3568 5484 3763 5548 τέλους

2110 5592 2190 5663 τῷ
2219 5591 2356 5661 Θεῷ.
