  <div class='ocr_page' id='page_1' title='image "/cluster/home/n/w/nwhite01/storage/ocr_20150623/117/mdp.39015038086818/120.png"; bbox 0 0 4112 6308; ppageno 0'>
   <div class='ocr_carea' id='block_1_1' title="bbox 1867 386 3753 454">
    <p class='ocr_par' dir='ltr' id='par_1_1' title="bbox 1867 386 3753 454">
     <span class='ocr_line' id='line_1_1' title="bbox 1867 386 3753 454; baseline 0.002 -8"><span class='ocrx_word' id='word_1_1' title='bbox 1867 386 2303 451; x_wconf 82' lang='lat' dir='ltr'>DECEMBER.</span> <span class='ocrx_word' id='word_1_2' title='bbox 3634 391 3753 454; x_wconf 78' lang='lat'>226</span> 
     </span>
    </p>
   </div>
   <div class='ocr_carea' id='block_1_2' title="bbox 865 520 2011 589">
    <p class='ocr_par' dir='ltr' id='par_1_2' title="bbox 865 520 1434 577">
     <span class='ocr_line' id='line_1_2' title="bbox 865 520 1434 577; baseline -0.002 0"><span class='ocrx_word' id='word_1_3' title='bbox 865 521 1081 577; x_wconf 76' lang='lat' dir='ltr'>MIINI</span> <span class='ocrx_word' id='word_1_4' title='bbox 1112 521 1203 576; x_wconf 78' lang='grc' dir='ltr'>ΤΩ</span> <span class='ocrx_word' id='word_1_5' title='bbox 1235 520 1434 576; x_wconf 85' lang='grc' dir='ltr'>ΑΥΤΩ.</span> 
     </span>
    </p>
   </div>
   <div class='ocr_carea' id='block_1_3' title="bbox 2127 520 3195 589">
    <p class='ocr_par' dir='ltr' id='par_1_3' title="bbox 2662 525 3195 582">
     <span class='ocr_line' id='line_1_3' title="bbox 2662 525 3195 582; baseline -0.002 -2"><span class='ocrx_word' id='word_1_6' title='bbox 2662 526 2903 582; x_wconf 78' lang='lat' dir='ltr'><strong>EODEM</strong></span> <span class='ocrx_word' id='word_1_7' title='bbox 2943 525 3195 581; x_wconf 82' lang='lat' dir='ltr'>MENSE.</span> 
     </span>
    </p>
   </div>
   <div class='ocr_carea' id='block_1_4' title="bbox 1127 638 2914 692">
    <p class='ocr_par' dir='ltr' id='par_1_4' title="bbox 1127 638 2914 692">
     <span class='ocr_line' id='line_1_4' title="bbox 1127 638 2914 692; baseline 0 0"><span class='ocrx_word' id='word_1_8' title='bbox 1127 638 1229 692; x_wconf 64' lang='grc' dir='ltr'>ΚΔ⁸</span> <span class='ocrx_word' id='word_1_9' title='bbox 2609 644 2711 692; x_wconf 78' lang='lat' dir='ltr'>Die</span> <span class='ocrx_word' id='word_1_10' title='bbox 2740 643 2914 692; x_wconf 78' lang='lat' dir='ltr'>vieesi</span> 
     </span>
    </p>
   </div>
   <div class='ocr_carea' id='block_1_5' title="bbox 274 645 2011 871">
    <p class='ocr_par' dir='ltr' id='par_1_5' title="bbox 274 645 1996 871">
     <span class='ocr_line' id='line_1_5' title="bbox 1127 645 1229 692; baseline -0.01 0"><span class='ocrx_word' id='word_1_11' title='bbox 1127 645 1229 692; x_wconf 81' lang='grc' dir='ltr'>ΚΔ’</span> 
     </span>
     <span class='ocr_line' id='line_1_6' title="bbox 274 710 1996 815; baseline 0.006 -46"><span class='ocrx_word' id='word_1_12' title='bbox 274 710 512 785; x_wconf 69' lang='grc' dir='ltr'>Αθλησις</span> <span class='ocrx_word' id='word_1_13' title='bbox 597 725 725 789; x_wconf 79' lang='grc' dir='ltr'>τῆς</span> <span class='ocrx_word' id='word_1_14' title='bbox 806 724 994 800; x_wconf 76' lang='grc' dir='ltr'>ἁγίας</span> <span class='ocrx_word' id='word_1_15' title='bbox 1058 745 1329 815; x_wconf 62' lang='grc' dir='ltr'>μαρτυρος</span> <span class='ocrx_word' id='word_1_16' title='bbox 1398 724 1685 801; x_wconf 83' lang='grc' dir='ltr'>Εὐγενίας,</span> <span class='ocrx_word' id='word_1_17' title='bbox 1737 726 1829 780; x_wconf 83' lang='grc' dir='ltr'>καὶ</span> <span class='ocrx_word' id='word_1_18' title='bbox 1892 730 1996 781; x_wconf 81' lang='grc' dir='ltr'>τῶν</span> 
     </span>
     <span class='ocr_line' id='line_1_7' title="bbox 1029 818 1324 871; baseline 0.007 -19"><span class='ocrx_word' id='word_1_19' title='bbox 1029 819 1124 852; x_wconf 88' lang='grc' dir='ltr'>συν</span> <span class='ocrx_word' id='word_1_20' title='bbox 1165 818 1324 871; x_wconf 78' lang='grc' dir='ltr'>αυτῃ.</span> 
     </span>
    </p>
   </div>
   <div class='ocr_carea' id='block_1_6' title="bbox 2127 645 3755 871">
    <p class='ocr_par' dir='ltr' id='par_1_6' title="bbox 2127 645 3755 801">
     <span class='ocr_line' id='line_1_8' title="bbox 2609 645 3259 713; baseline -0.002 -15"><span class='ocrx_word' id='word_1_21' title='bbox 2609 645 2711 699; x_wconf 90' lang='lat' dir='ltr'>Die</span> <span class='ocrx_word' id='word_1_22' title='bbox 2740 645 3021 699; x_wconf 85' lang='lat' dir='ltr'>vicesima</span> <span class='ocrx_word' id='word_1_23' title='bbox 3041 646 3259 713; x_wconf 86' lang='lat' dir='ltr'>quarta</span> 
     </span>
     <span class='ocr_line' id='line_1_9' title="bbox 2127 733 3755 801; baseline -0.004 -9"><span class='ocrx_word' id='word_1_24' title='bbox 2127 736 2212 792; x_wconf 71' lang='lat'>55</span> <span class='ocrx_word' id='word_1_25' title='bbox 2246 735 2530 790; x_wconf 78' lang='lat' dir='ltr'>Certamen</span> <span class='ocrx_word' id='word_1_26' title='bbox 2557 741 2758 788; x_wconf 73' lang='lat' dir='ltr'>sanctae</span> <span class='ocrx_word' id='word_1_27' title='bbox 2782 736 3042 801; x_wconf 80' lang='lat' dir='ltr'>martyris</span> <span class='ocrx_word' id='word_1_28' title='bbox 3066 733 3347 801; x_wconf 59' lang='lat' dir='ltr'>Eugeniae,</span> <span class='ocrx_word' id='word_1_29' title='bbox 3379 736 3430 786; x_wconf 80' lang='lat' dir='ltr'>et</span> <span class='ocrx_word' id='word_1_30' title='bbox 3454 733 3755 786; x_wconf 82' lang='lat' dir='ltr'>sociorum.</span> 
     </span>
    </p>
   </div>
   <div class='ocr_carea' id='block_1_7' title="bbox 325 877 1999 961">
    <p class='ocr_par' dir='ltr' id='par_1_7' title="bbox 325 877 1999 961">
     <span class='ocr_line' id='line_1_10' title="bbox 325 877 1999 961; baseline 0.005 -30"><span class='ocrx_word' id='word_1_31' title='bbox 325 877 452 932; x_wconf 73' lang='grc' dir='ltr'>Ἐπὶ</span> <span class='ocrx_word' id='word_1_32' title='bbox 479 881 596 948; x_wconf 74' lang='grc' dir='ltr'>τῆς</span> <span class='ocrx_word' id='word_1_33' title='bbox 638 881 989 957; x_wconf 74' lang='grc' dir='ltr'>βασιλείας</span> <span class='ocrx_word' id='word_1_34' title='bbox 1038 885 1318 959; x_wconf 86' lang='grc' dir='ltr'>Κομόδου,</span> <span class='ocrx_word' id='word_1_35' title='bbox 1348 889 1415 956; x_wconf 76' lang='grc' dir='ltr'>ἦν</span> <span class='ocrx_word' id='word_1_36' title='bbox 1466 888 1501 955; x_wconf 79' lang='grc' dir='ltr'><strong>ἡ</strong></span> <span class='ocrx_word' id='word_1_37' title='bbox 1560 884 1691 961; x_wconf 84' lang='grc' dir='ltr'>ἁγία</span> <span class='ocrx_word' id='word_1_38' title='bbox 1746 882 1999 960; x_wconf 79' lang='grc' dir='ltr'>Εὐγενία,</span> 
     </span>
    </p>
   </div>
   <div class='ocr_carea' id='block_1_8' title="bbox 277 969 2002 1053">
    <p class='ocr_par' dir='ltr' id='par_1_8' title="bbox 277 969 2002 1053">
     <span class='ocr_line' id='line_1_11' title="bbox 277 969 2002 1053; baseline 0.002 -28"><span class='ocrx_word' id='word_1_39' title='bbox 277 969 509 1043; x_wconf 68' lang='grc' dir='ltr'>θυγάτηρ</span> <span class='ocrx_word' id='word_1_40' title='bbox 547 969 898 1030; x_wconf 75' lang='grc' dir='ltr'>Φιλίππου</span> <span class='ocrx_word' id='word_1_41' title='bbox 932 980 1037 1032; x_wconf 75' lang='grc' dir='ltr'>τοῦ</span> <span class='ocrx_word' id='word_1_42' title='bbox 1072 977 1322 1053; x_wconf 80' lang='grc' dir='ltr'>ἐπάρχου</span> <span class='ocrx_word' id='word_1_43' title='bbox 1371 975 1615 1048; x_wconf 81' lang='grc' dir='ltr'>Ῥώμης’</span> <span class='ocrx_word' id='word_1_44' title='bbox 1673 978 1769 1030; x_wconf 76' lang='grc' dir='ltr'>τοῦ</span> <span class='ocrx_word' id='word_1_45' title='bbox 1807 972 1866 1030; x_wconf 75' lang='grc' dir='ltr'>δὶ</span> <span class='ocrx_word' id='word_1_46' title='bbox 1894 995 2002 1029; x_wconf 90' lang='grc' dir='ltr'>πα-</span> 
     </span>
    </p>
   </div>
   <div class='ocr_carea' id='block_1_9' title="bbox 288 1057 2002 1141">
    <p class='ocr_par' dir='ltr' id='par_1_9' title="bbox 288 1057 2002 1141">
     <span class='ocr_line' id='line_1_12' title="bbox 288 1057 2002 1141; baseline 0.003 -29"><span class='ocrx_word' id='word_1_47' title='bbox 288 1057 433 1133; x_wconf 68' lang='grc' dir='ltr'>τέρος</span> <span class='ocrx_word' id='word_1_48' title='bbox 496 1059 686 1132; x_wconf 72' lang='grc' dir='ltr'>αὐτῆς</span> <span class='ocrx_word' id='word_1_49' title='bbox 758 1064 855 1126; x_wconf 72' lang='grc' dir='ltr'>εἷς</span> <span class='ocrx_word' id='word_1_50' title='bbox 932 1063 1346 1141; x_wconf 78' lang='grc' dir='ltr'>Ἀλεξάνδρειαν</span> <span class='ocrx_word' id='word_1_51' title='bbox 1405 1062 1801 1125; x_wconf 80' lang='grc' dir='ltr'>ἀποσταλέντος</span> <span class='ocrx_word' id='word_1_52' title='bbox 1858 1063 2002 1127; x_wconf 80' lang='grc' dir='ltr'>παρά</span> 
     </span>
    </p>
   </div>
   <div class='ocr_carea' id='block_1_10' title="bbox 302 1146 1998 1229">
    <p class='ocr_par' dir='ltr' id='par_1_10' title="bbox 302 1146 1998 1229">
     <span class='ocr_line' id='line_1_13' title="bbox 302 1146 1998 1229; baseline 0.002 -26"><span class='ocrx_word' id='word_1_53' title='bbox 302 1146 584 1221; x_wconf 62' lang='grc' dir='ltr'>Κομόὂου,</span> <span class='ocrx_word' id='word_1_54' title='bbox 612 1150 721 1206; x_wconf 68' lang='grc' dir='ltr'>ἳνα</span> <span class='ocrx_word' id='word_1_55' title='bbox 751 1153 1003 1227; x_wconf 67' lang='grc' dir='ltr'>γενηται</span> <span class='ocrx_word' id='word_1_56' title='bbox 1030 1154 1122 1209; x_wconf 81' lang='grc' dir='ltr'><strong>χαί</strong></span> <span class='ocrx_word' id='word_1_57' title='bbox 1177 1152 1290 1209; x_wconf 77' lang='grc' dir='ltr'>ἐκεῖ</span> <span class='ocrx_word' id='word_1_58' title='bbox 1345 1151 1609 1229; x_wconf 75' lang='grc' dir='ltr'>ἔπαρχος,</span> <span class='ocrx_word' id='word_1_59' title='bbox 1670 1151 1787 1209; x_wconf 73' lang='grc' dir='ltr'>ἐπεὶ</span> <span class='ocrx_word' id='word_1_60' title='bbox 1843 1152 1932 1207; x_wconf 82' lang='grc' dir='ltr'>καὶ</span> <span class='ocrx_word' id='word_1_61' title='bbox 1964 1152 1998 1222; x_wconf 80' lang='grc' dir='ltr'>ἠ</span> 
     </span>
    </p>
   </div>
   <div class='ocr_carea' id='block_1_11' title="bbox 315 1239 2001 1313">
    <p class='ocr_par' dir='ltr' id='par_1_11' title="bbox 315 1239 2001 1313">
     <span class='ocr_line' id='line_1_14' title="bbox 315 1239 2001 1313; baseline 0.002 -21"><span class='ocrx_word' id='word_1_62' title='bbox 315 1239 663 1313; x_wconf 61' lang='grc' dir='ltr'>γινῆαὒτοῦ,</span> <span class='ocrx_word' id='word_1_63' title='bbox 726 1244 835 1297; x_wconf 77' lang='grc' dir='ltr'>καὶ</span> <span class='ocrx_word' id='word_1_64' title='bbox 891 1244 967 1299; x_wconf 80' lang='grc' dir='ltr'>τὰ</span> <span class='ocrx_word' id='word_1_65' title='bbox 1024 1241 1217 1298; x_wconf 79' lang='grc' dir='ltr'>παιδία</span> <span class='ocrx_word' id='word_1_66' title='bbox 1272 1240 1545 1313; x_wconf 77' lang='grc' dir='ltr'>ἀπῆλθον,</span> <span class='ocrx_word' id='word_1_67' title='bbox 1604 1240 1815 1311; x_wconf 82' lang='grc' dir='ltr'>ἀπῆλθε</span> <span class='ocrx_word' id='word_1_68' title='bbox 1845 1240 2001 1311; x_wconf 78' lang='grc' dir='ltr'>καὶὴ</span> 
     </span>
    </p>
   </div>
   <div class='ocr_carea' id='block_1_12' title="bbox 333 1327 2003 1409">
    <p class='ocr_par' dir='ltr' id='par_1_12' title="bbox 333 1327 2003 1409">
     <span class='ocr_line' id='line_1_15' title="bbox 333 1327 2003 1409; baseline 0.003 -27"><span class='ocrx_word' id='word_1_69' title='bbox 333 1327 447 1403; x_wconf 78' lang='grc' dir='ltr'>ἀγὶα</span> <span class='ocrx_word' id='word_1_70' title='bbox 469 1329 740 1404; x_wconf 80' lang='grc' dir='ltr'>Εὖγενία·</span> <span class='ocrx_word' id='word_1_71' title='bbox 778 1331 883 1387; x_wconf 77' lang='grc' dir='ltr'>καὶ</span> <span class='ocrx_word' id='word_1_72' title='bbox 933 1332 1047 1387; x_wconf 72' lang='grc' dir='ltr'>ἐκεῖ</span> <span class='ocrx_word' id='word_1_73' title='bbox 1073 1329 1241 1405; x_wconf 68' lang='grc' dir='ltr'>ἔμαθε</span> <span class='ocrx_word' id='word_1_74' title='bbox 1296 1337 1468 1387; x_wconf 80' lang='grc' dir='ltr'>πᾶσαν</span> <span class='ocrx_word' id='word_1_75' title='bbox 1523 1332 1735 1409; x_wconf 74' lang='grc' dir='ltr'>γραφήν</span> <span class='ocrx_word' id='word_1_76' title='bbox 1796 1330 2003 1401; x_wconf 87' lang='grc' dir='ltr'>Ἐλλη-</span> 
     </span>
    </p>
   </div>
   <div class='ocr_carea' id='block_1_13' title="bbox 334 1415 2002 1496">
    <p class='ocr_par' dir='ltr' id='par_1_13' title="bbox 334 1415 2002 1496">
     <span class='ocr_line' id='line_1_16' title="bbox 334 1415 2002 1496; baseline 0 -22"><span class='ocrx_word' id='word_1_77' title='bbox 334 1420 474 1487; x_wconf 68' lang='grc' dir='ltr'>νιιιὴν</span> <span class='ocrx_word' id='word_1_78' title='bbox 500 1419 596 1474; x_wconf 69' lang='grc' dir='ltr'>καὶ</span> <span class='ocrx_word' id='word_1_79' title='bbox 648 1422 1089 1495; x_wconf 76' lang='grc' dir='ltr'>Χριστιανικήν.</span> <span class='ocrx_word' id='word_1_80' title='bbox 1149 1419 1297 1476; x_wconf 81' lang='grc' dir='ltr'>Ἐπεὶ</span> <span class='ocrx_word' id='word_1_81' title='bbox 1329 1418 1386 1475; x_wconf 71' lang='grc' dir='ltr'>δὲ</span> <span class='ocrx_word' id='word_1_82' title='bbox 1413 1420 1480 1475; x_wconf 77' lang='grc' dir='ltr'>τὰ</span> <span class='ocrx_word' id='word_1_83' title='bbox 1535 1415 1726 1496; x_wconf 77' lang='grc' dir='ltr'>βιϐλία</span> <span class='ocrx_word' id='word_1_84' title='bbox 1780 1418 2002 1494; x_wconf 79' lang='grc' dir='ltr'>ἡρεύνα,</span> 
     </span>
    </p>
   </div>
   <div class='ocr_carea' id='block_1_14' title="bbox 344 1504 2004 1583">
    <p class='ocr_par' dir='ltr' id='par_1_14' title="bbox 344 1504 2004 1583">
     <span class='ocr_line' id='line_1_17' title="bbox 344 1504 2004 1583; baseline 0 -23"><span class='ocrx_word' id='word_1_85' title='bbox 344 1507 550 1583; x_wconf 76' lang='grc' dir='ltr'>ἒνὲτυχε</span> <span class='ocrx_word' id='word_1_86' title='bbox 575 1509 672 1563; x_wconf 75' lang='grc' dir='ltr'>καὶ</span> <span class='ocrx_word' id='word_1_87' title='bbox 720 1514 848 1571; x_wconf 85' lang='grc' dir='ltr'>ταῖς</span> <span class='ocrx_word' id='word_1_88' title='bbox 909 1507 1262 1570; x_wconf 77' lang='grc' dir='ltr'>Ἐπιστολαῖς</span> <span class='ocrx_word' id='word_1_89' title='bbox 1321 1512 1417 1564; x_wconf 78' lang='grc' dir='ltr'>τοῦ</span> <span class='ocrx_word' id='word_1_90' title='bbox 1482 1509 1638 1582; x_wconf 80' lang='grc' dir='ltr'>ἁγίου</span> <span class='ocrx_word' id='word_1_91' title='bbox 1694 1504 2004 1562; x_wconf 77' lang='grc' dir='ltr'>ἀποστόλου</span> 
     </span>
    </p>
   </div>
   <div class='ocr_carea' id='block_1_15' title="bbox 348 1593 2006 1674">
    <p class='ocr_par' dir='ltr' id='par_1_15' title="bbox 348 1593 2006 1674">
     <span class='ocr_line' id='line_1_18' title="bbox 348 1593 2006 1674; baseline -0.001 -21"><span class='ocrx_word' id='word_1_92' title='bbox 348 1596 578 1654; x_wconf 60' lang='grc' dir='ltr'>Παύλοψ</span> <span class='ocrx_word' id='word_1_93' title='bbox 634 1598 733 1653; x_wconf 81' lang='grc' dir='ltr'>καὶ</span> <span class='ocrx_word' id='word_1_94' title='bbox 795 1599 850 1669; x_wconf 71' lang='grc' dir='ltr'>ἐξ</span> <span class='ocrx_word' id='word_1_95' title='bbox 909 1599 1084 1653; x_wconf 79' lang='grc' dir='ltr'>αὐτῶν</span> <span class='ocrx_word' id='word_1_96' title='bbox 1141 1598 1405 1674; x_wconf 68' lang='grc' dir='ltr'>γενομένη</span> <span class='ocrx_word' id='word_1_97' title='bbox 1465 1596 1780 1672; x_wconf 74' lang='grc' dir='ltr'>Χριπιανή,</span> <span class='ocrx_word' id='word_1_98' title='bbox 1839 1593 2006 1669; x_wconf 82' lang='grc' dir='ltr'>ἔμαθε</span> 
     </span>
    </p>
   </div>
   <div class='ocr_carea' id='block_1_16' title="bbox 351 1682 2005 1764">
    <p class='ocr_par' dir='ltr' id='par_1_16' title="bbox 351 1682 2005 1764">
     <span class='ocr_line' id='line_1_19' title="bbox 351 1682 2005 1764; baseline -0.004 -21"><span class='ocrx_word' id='word_1_99' title='bbox 351 1692 506 1743; x_wconf 75' lang='grc' dir='ltr'>πᾶσαν</span> <span class='ocrx_word' id='word_1_100' title='bbox 540 1688 767 1762; x_wconf 74' lang='grc' dir='ltr'>ἀρετὴν.</span> <span class='ocrx_word' id='word_1_101' title='bbox 810 1687 949 1746; x_wconf 77' lang='grc' dir='ltr'>Εἶτα</span> <span class='ocrx_word' id='word_1_102' title='bbox 998 1688 1170 1764; x_wconf 78' lang='grc' dir='ltr'>ἀφῆκε</span> <span class='ocrx_word' id='word_1_103' title='bbox 1225 1687 1323 1756; x_wconf 78' lang='grc' dir='ltr'>τήν</span> <span class='ocrx_word' id='word_1_104' title='bbox 1384 1687 1618 1761; x_wconf 76' lang='grc' dir='ltr'>παριχήν</span> <span class='ocrx_word' id='word_1_105' title='bbox 1678 1682 1857 1757; x_wconf 80' lang='grc' dir='ltr'>δόξαν,</span> <span class='ocrx_word' id='word_1_106' title='bbox 1914 1683 2005 1739; x_wconf 86' lang='grc' dir='ltr'>καὶ</span> 
     </span>
    </p>
   </div>
   <div class='ocr_carea' id='block_1_17' title="bbox 349 1770 2008 1851">
    <p class='ocr_par' dir='ltr' id='par_1_17' title="bbox 349 1770 2008 1851">
     <span class='ocr_line' id='line_1_20' title="bbox 349 1770 2008 1851; baseline -0.002 -19"><span class='ocrx_word' id='word_1_107' title='bbox 349 1776 584 1847; x_wconf 75' lang='grc' dir='ltr'>ἀπῆλθεν</span> <span class='ocrx_word' id='word_1_108' title='bbox 619 1776 702 1841; x_wconf 75' lang='grc' dir='ltr'>εἷς</span> <span class='ocrx_word' id='word_1_109' title='bbox 758 1778 1145 1851; x_wconf 79' lang='grc' dir='ltr'>μοναστήριον,</span> <span class='ocrx_word' id='word_1_110' title='bbox 1176 1776 1265 1830; x_wconf 83' lang='grc' dir='ltr'>καὶ</span> <span class='ocrx_word' id='word_1_111' title='bbox 1297 1770 1619 1847; x_wconf 72' lang='grc' dir='ltr'>ἐϐαπτίσθη,</span> <span class='ocrx_word' id='word_1_112' title='bbox 1675 1775 1764 1830; x_wconf 81' lang='grc' dir='ltr'>καὶ</span> <span class='ocrx_word' id='word_1_113' title='bbox 1822 1772 2008 1848; x_wconf 69' lang='grc' dir='ltr'>γέγονε</span> 
     </span>
    </p>
   </div>
   <div class='ocr_carea' id='block_1_18' title="bbox 2180 890 3756 967">
    <p class='ocr_par' dir='ltr' id='par_1_18' title="bbox 2180 890 3756 967">
     <span class='ocr_line' id='line_1_21' title="bbox 2180 890 3756 967; baseline -0.004 -17"><span class='ocrx_word' id='word_1_114' title='bbox 2180 896 2391 951; x_wconf 88' lang='lat' dir='ltr'>Sancta</span> <span class='ocrx_word' id='word_1_115' title='bbox 2408 894 2688 967; x_wconf 89' lang='lat' dir='ltr'>Eugenia,</span> <span class='ocrx_word' id='word_1_116' title='bbox 2720 893 3040 949; x_wconf 90' lang='lat' dir='ltr'>Commodo</span> <span class='ocrx_word' id='word_1_117' title='bbox 3072 893 3450 963; x_wconf 80' lang='lat' dir='ltr'>imperatore,</span> <span class='ocrx_word' id='word_1_118' title='bbox 3493 890 3756 962; x_wconf 80' lang='lat' dir='ltr'>Philippi</span> 
     </span>
    </p>
   </div>
   <div class='ocr_carea' id='block_1_19' title="bbox 2108 979 3758 1058">
    <p class='ocr_par' dir='ltr' id='par_1_19' title="bbox 2108 979 3758 1058">
     <span class='ocr_line' id='line_1_22' title="bbox 2108 979 3758 1058; baseline -0.004 -18"><span class='ocrx_word' id='word_1_119' title='bbox 2108 986 2370 1058; x_wconf 68' lang='lat' dir='ltr'>praafecti</span> <span class='ocrx_word' id='word_1_120' title='bbox 2400 990 2602 1041; x_wconf 66' lang='lat' dir='ltr'>Romae</span> <span class='ocrx_word' id='word_1_121' title='bbox 2637 984 2779 1051; x_wconf 87' lang='lat' dir='ltr'>lilia,</span> <span class='ocrx_word' id='word_1_122' title='bbox 2815 1000 2946 1039; x_wconf 89' lang='lat' dir='ltr'>cum</span> <span class='ocrx_word' id='word_1_123' title='bbox 2980 984 3109 1054; x_wconf 81' lang='lat' dir='ltr'>ejus</span> <span class='ocrx_word' id='word_1_124' title='bbox 3140 988 3309 1053; x_wconf 89' lang='lat' dir='ltr'>pater</span> <span class='ocrx_word' id='word_1_125' title='bbox 3341 979 3758 1035; x_wconf 76' lang='lat' dir='ltr'>Alexandriam</span> 
     </span>
    </p>
   </div>
   <div class='ocr_carea' id='block_1_20' title="bbox 2109 1068 3759 1142">
    <p class='ocr_par' dir='ltr' id='par_1_20' title="bbox 2109 1068 3759 1142">
     <span class='ocr_line' id='line_1_23' title="bbox 2109 1068 3759 1142; baseline -0.006 -11"><span class='ocrx_word' id='word_1_126' title='bbox 2109 1092 2143 1131; x_wconf 89' lang='lat' dir='ltr'>a</span> <span class='ocrx_word' id='word_1_127' title='bbox 2172 1075 2514 1142; x_wconf 84' lang='lat' dir='ltr'>Commodo,</span> <span class='ocrx_word' id='word_1_128' title='bbox 2547 1080 2612 1128; x_wconf 91' lang='lat' dir='ltr'>ut</span> <span class='ocrx_word' id='word_1_129' title='bbox 2641 1073 2801 1128; x_wconf 88' lang='lat' dir='ltr'>illius</span> <span class='ocrx_word' id='word_1_130' title='bbox 2833 1072 2997 1127; x_wconf 80' lang='lat' dir='ltr'>urbis</span> <span class='ocrx_word' id='word_1_131' title='bbox 3028 1070 3341 1142; x_wconf 73' lang='lat' dir='ltr'>praefectus</span> <span class='ocrx_word' id='word_1_132' title='bbox 3373 1074 3548 1135; x_wconf 86' lang='lat' dir='ltr'>esset,</span> <span class='ocrx_word' id='word_1_133' title='bbox 3569 1068 3759 1123; x_wconf 87' lang='lat' dir='ltr'>mitte-</span> 
     </span>
    </p>
   </div>
   <div class='ocr_carea' id='block_1_21' title="bbox 2107 1156 3763 1233">
    <p class='ocr_par' dir='ltr' id='par_1_21' title="bbox 2107 1156 3763 1233">
     <span class='ocr_line' id='line_1_24' title="bbox 2107 1156 3763 1233; baseline -0.006 -14"><span class='ocrx_word' id='word_1_134' title='bbox 2107 1170 2291 1231; x_wconf 82' lang='lat' dir='ltr'>retur,</span> <span class='ocrx_word' id='word_1_135' title='bbox 2315 1180 2637 1233; x_wconf 88' lang='lat' dir='ltr'>secumque</span> <span class='ocrx_word' id='word_1_136' title='bbox 2659 1178 2903 1217; x_wconf 84' lang='lat' dir='ltr'>uxorem</span> <span class='ocrx_word' id='word_1_137' title='bbox 2920 1165 2981 1216; x_wconf 91' lang='lat' dir='ltr'>et</span> <span class='ocrx_word' id='word_1_138' title='bbox 3011 1159 3163 1215; x_wconf 78' lang='lat' dir='ltr'>ﬁlios</span> <span class='ocrx_word' id='word_1_139' title='bbox 3214 1158 3474 1222; x_wconf 81' lang='lat' dir='ltr'>duceret,</span> <span class='ocrx_word' id='word_1_140' title='bbox 3530 1156 3675 1211; x_wconf 88' lang='lat' dir='ltr'>abiit</span> <span class='ocrx_word' id='word_1_141' title='bbox 3704 1160 3763 1210; x_wconf 89' lang='lat' dir='ltr'>et</span> 
     </span>
    </p>
   </div>
   <div class='ocr_carea' id='block_1_22' title="bbox 2111 1245 3760 1326">
    <p class='ocr_par' dir='ltr' id='par_1_22' title="bbox 2111 1245 3760 1326">
     <span class='ocr_line' id='line_1_25' title="bbox 2111 1245 3760 1326; baseline -0.005 -18"><span class='ocrx_word' id='word_1_142' title='bbox 2111 1255 2258 1326; x_wconf 88' lang='lat' dir='ltr'>ipsa,</span> <span class='ocrx_word' id='word_1_143' title='bbox 2289 1253 2488 1323; x_wconf 88' lang='lat' dir='ltr'>ibique</span> <span class='ocrx_word' id='word_1_144' title='bbox 2530 1255 2863 1307; x_wconf 67' lang='lat' dir='ltr'>Graecorum</span> <span class='ocrx_word' id='word_1_145' title='bbox 2895 1249 3484 1317; x_wconf 87' lang='lat' dir='ltr'>Christianorumque</span> <span class='ocrx_word' id='word_1_146' title='bbox 3532 1245 3760 1300; x_wconf 83' lang='lat' dir='ltr'>litteras</span> 
     </span>
    </p>
   </div>
   <div class='ocr_carea' id='block_1_23' title="bbox 2111 1334 3766 1410">
    <p class='ocr_par' dir='ltr' id='par_1_23' title="bbox 2111 1334 3766 1410">
     <span class='ocr_line' id='line_1_26' title="bbox 2111 1334 3766 1410; baseline -0.008 -11"><span class='ocrx_word' id='word_1_147' title='bbox 2111 1360 2319 1399; x_wconf 90' lang='lat' dir='ltr'>omnes</span> <span class='ocrx_word' id='word_1_148' title='bbox 2344 1341 2569 1396; x_wconf 87' lang='lat' dir='ltr'>didicit.</span> <span class='ocrx_word' id='word_1_149' title='bbox 2607 1342 2871 1410; x_wconf 88' lang='lat' dir='ltr'>Cumque</span> <span class='ocrx_word' id='word_1_150' title='bbox 2906 1338 3236 1408; x_wconf 87' lang='lat' dir='ltr'>Scripturas</span> <span class='ocrx_word' id='word_1_151' title='bbox 3267 1335 3594 1402; x_wconf 84' lang='lat' dir='ltr'>evolvisset,</span> <span class='ocrx_word' id='word_1_152' title='bbox 3625 1334 3766 1388; x_wconf 90' lang='lat' dir='ltr'>inci-</span> 
     </span>
    </p>
   </div>
   <div class='ocr_carea' id='block_1_24' title="bbox 2110 1422 3763 1502">
    <p class='ocr_par' dir='ltr' id='par_1_24' title="bbox 2110 1422 3763 1502">
     <span class='ocr_line' id='line_1_27' title="bbox 2110 1422 3763 1502; baseline -0.006 -16"><span class='ocrx_word' id='word_1_153' title='bbox 2110 1432 2198 1486; x_wconf 90' lang='lat' dir='ltr'>dit</span> <span class='ocrx_word' id='word_1_154' title='bbox 2225 1432 2287 1485; x_wconf 88' lang='lat' dir='ltr'>in</span> <span class='ocrx_word' id='word_1_155' title='bbox 2316 1429 2610 1502; x_wconf 82' lang='lat' dir='ltr'>Epistolas</span> <span class='ocrx_word' id='word_1_156' title='bbox 2640 1428 2829 1483; x_wconf 86' lang='lat' dir='ltr'>sancti</span> <span class='ocrx_word' id='word_1_157' title='bbox 2858 1426 3112 1498; x_wconf 79' lang='lat' dir='ltr'>apostoli</span> <span class='ocrx_word' id='word_1_158' title='bbox 3144 1424 3330 1493; x_wconf 83' lang='lat' dir='ltr'>Pauli,</span> <span class='ocrx_word' id='word_1_159' title='bbox 3390 1439 3642 1494; x_wconf 90' lang='lat' dir='ltr'>quarum</span> <span class='ocrx_word' id='word_1_160' title='bbox 3673 1422 3763 1477; x_wconf 91' lang='lat' dir='ltr'>le-</span> 
     </span>
    </p>
   </div>
   <div class='ocr_carea' id='block_1_25' title="bbox 2113 1512 3769 1586">
    <p class='ocr_par' dir='ltr' id='par_1_25' title="bbox 2113 1512 3769 1586">
     <span class='ocr_line' id='line_1_28' title="bbox 2113 1512 3769 1586; baseline -0.007 -10"><span class='ocrx_word' id='word_1_161' title='bbox 2113 1522 2308 1577; x_wconf 83' lang='lat' dir='ltr'>ctione</span> <span class='ocrx_word' id='word_1_162' title='bbox 2326 1519 2721 1575; x_wconf 89' lang='lat' dir='ltr'>Christiauam</span> <span class='ocrx_word' id='word_1_163' title='bbox 2747 1516 2925 1573; x_wconf 82' lang='lat' dir='ltr'>ﬁdem</span> <span class='ocrx_word' id='word_1_164' title='bbox 2952 1512 3631 1586; x_wconf 88' lang='lat' dir='ltr'>amplectens,virtutum</span> <span class='ocrx_word' id='word_1_165' title='bbox 3646 1527 3769 1566; x_wconf 93' lang='lat' dir='ltr'>om-</span> 
     </span>
    </p>
   </div>
   <div class='ocr_carea' id='block_1_26' title="bbox 2112 1599 3766 1674">
    <p class='ocr_par' dir='ltr' id='par_1_26' title="bbox 2112 1599 3766 1674">
     <span class='ocr_line' id='line_1_29' title="bbox 2112 1599 3766 1674; baseline -0.007 -8"><span class='ocrx_word' id='word_1_166' title='bbox 2112 1611 2279 1666; x_wconf 92' lang='lat' dir='ltr'>uium</span> <span class='ocrx_word' id='word_1_167' title='bbox 2301 1608 2709 1665; x_wconf 83' lang='lat' dir='ltr'>exercitationi</span> <span class='ocrx_word' id='word_1_168' title='bbox 2732 1623 2793 1661; x_wconf 89' lang='lat' dir='ltr'>se</span> <span class='ocrx_word' id='word_1_169' title='bbox 2809 1604 3222 1661; x_wconf 88' lang='lat' dir='ltr'>tradidit.Tum</span> <span class='ocrx_word' id='word_1_170' title='bbox 3236 1602 3429 1674; x_wconf 88' lang='lat' dir='ltr'>patrio</span> <span class='ocrx_word' id='word_1_171' title='bbox 3450 1599 3766 1671; x_wconf 88' lang='lat' dir='ltr'>splendore</span> 
     </span>
    </p>
   </div>
   <div class='ocr_carea' id='block_1_27' title="bbox 2113 1688 3765 1768">
    <p class='ocr_par' dir='ltr' id='par_1_27' title="bbox 2113 1688 3765 1768">
     <span class='ocr_line' id='line_1_30' title="bbox 2113 1688 3765 1768; baseline -0.008 -13"><span class='ocrx_word' id='word_1_172' title='bbox 2113 1699 2323 1754; x_wconf 90' lang='lat' dir='ltr'>relicto</span> <span class='ocrx_word' id='word_1_173' title='bbox 2354 1701 2707 1768; x_wconf 89' lang='lat' dir='ltr'>sumptoque</span> <span class='ocrx_word' id='word_1_174' title='bbox 2738 1693 2891 1747; x_wconf 86' lang='lat' dir='ltr'>virili</span> <span class='ocrx_word' id='word_1_175' title='bbox 2952 1692 3158 1747; x_wconf 87' lang='lat' dir='ltr'>habitu</span> <span class='ocrx_word' id='word_1_176' title='bbox 3213 1691 3278 1743; x_wconf 89' lang='lat' dir='ltr'>in</span> <span class='ocrx_word' id='word_1_177' title='bbox 3334 1688 3765 1744; x_wconf 82' lang='lat' dir='ltr'>monasterium</span> 
     </span>
    </p>
   </div>
   <div class='ocr_carea' id='block_1_28' title="bbox 2115 1778 3764 1857">
    <p class='ocr_par' dir='ltr' id='par_1_28' title="bbox 2115 1778 3764 1857">
     <span class='ocr_line' id='line_1_31' title="bbox 2115 1778 3764 1857; baseline -0.008 -13"><span class='ocrx_word' id='word_1_178' title='bbox 2115 1788 2382 1855; x_wconf 84' lang='lat' dir='ltr'>secessit,</span> <span class='ocrx_word' id='word_1_179' title='bbox 2418 1786 2621 1857; x_wconf 86' lang='lat' dir='ltr'>ibique</span> <span class='ocrx_word' id='word_1_180' title='bbox 2651 1783 2962 1854; x_wconf 80' lang='lat' dir='ltr'>baptizata,</span> <span class='ocrx_word' id='word_1_181' title='bbox 2995 1779 3393 1836; x_wconf 88' lang='lat' dir='ltr'>monasticum</span> <span class='ocrx_word' id='word_1_182' title='bbox 3424 1778 3764 1832; x_wconf 89' lang='lat' dir='ltr'>institutum</span> 
     </span>
    </p>
   </div>
   <div class='ocr_carea' id='block_1_29' title="bbox 356 1862 2011 1962">
    <p class='ocr_par' dir='ltr' id='par_1_29' title="bbox 356 1862 2002 1962">
     <span class='ocr_line' id='line_1_32' title="bbox 356 1862 2002 1962; baseline -0.003 -39"><span class='ocrx_word' id='word_1_183' title='bbox 356 1868 601 1962; x_wconf 63' lang='grc' dir='ltr'>μοναχῆ,</span> <span class='ocrx_word' id='word_1_184' title='bbox 634 1864 769 1962; x_wconf 60' lang='grc' dir='ltr'>ἀλλ’</span> <span class='ocrx_word' id='word_1_185' title='bbox 817 1864 871 1921; x_wconf 79' lang='grc' dir='ltr'>ἐν</span> <span class='ocrx_word' id='word_1_186' title='bbox 905 1867 1154 1941; x_wconf 73' lang='grc' dir='ltr'>σχήματι</span> <span class='ocrx_word' id='word_1_187' title='bbox 1202 1862 1453 1941; x_wconf 76' lang='grc' dir='ltr'>ἀνδρείῳο</span> <span class='ocrx_word' id='word_1_188' title='bbox 1505 1864 1594 1920; x_wconf 79' lang='grc' dir='ltr'>καὶ</span> <span class='ocrx_word' id='word_1_189' title='bbox 1648 1865 1751 1940; x_wconf 80' lang='grc' dir='ltr'>γὰρ</span> <span class='ocrx_word' id='word_1_190' title='bbox 1809 1863 2002 1932; x_wconf 69' lang='grc' dir='ltr'>ἑαυτὴν</span> 
     </span>
    </p>
   </div>
   <div class='ocr_carea' id='block_1_30' title="bbox 2127 1862 3767 1962">
    <p class='ocr_par' dir='ltr' id='par_1_30' title="bbox 2127 1865 3767 1948">
     <span class='ocr_line' id='line_1_33' title="bbox 2127 1865 3767 1948; baseline -0.007 -16"><span class='ocrx_word' id='word_1_191' title='bbox 2127 1876 2395 1948; x_wconf 73' lang='lat' dir='ltr'>suscepit,</span> <span class='ocrx_word' id='word_1_192' title='bbox 2429 1891 2564 1931; x_wconf 91' lang='lat' dir='ltr'>cum</span> <span class='ocrx_word' id='word_1_193' title='bbox 2596 1891 2658 1929; x_wconf 90' lang='lat' dir='ltr'>se</span> <span class='ocrx_word' id='word_1_194' title='bbox 2717 1871 3057 1928; x_wconf 88' lang='lat' dir='ltr'>eunuchum</span> <span class='ocrx_word' id='word_1_195' title='bbox 3107 1868 3372 1923; x_wconf 88' lang='lat' dir='ltr'>dixisset.</span> <span class='ocrx_word' id='word_1_196' title='bbox 3432 1868 3644 1922; x_wconf 85' lang='lat' dir='ltr'>Postea</span> <span class='ocrx_word' id='word_1_197' title='bbox 3690 1865 3767 1921; x_wconf 87' lang='lat' dir='ltr'>ad</span> 
     </span>
    </p>
   </div>
   <div class='ocr_carea' id='block_1_31' title="bbox 349 1952 1999 2032">
    <p class='ocr_par' dir='ltr' id='par_1_31' title="bbox 349 1952 1999 2032">
     <span class='ocr_line' id='line_1_34' title="bbox 349 1952 1999 2032; baseline -0.004 -19"><span class='ocrx_word' id='word_1_198' title='bbox 349 1957 613 2032; x_wconf 75' lang='grc' dir='ltr'>εὐνοῦχον</span> <span class='ocrx_word' id='word_1_199' title='bbox 672 1954 856 2031; x_wconf 74' lang='grc' dir='ltr'>ἔλεγεν</span> <span class='ocrx_word' id='word_1_200' title='bbox 914 1956 1046 2011; x_wconf 78' lang='grc' dir='ltr'>εἶνα.</span> <span class='ocrx_word' id='word_1_201' title='bbox 1104 1958 1199 2027; x_wconf 81' lang='grc' dir='ltr'>Τῷ</span> <span class='ocrx_word' id='word_1_202' title='bbox 1242 1954 1431 2030; x_wconf 82' lang='grc' dir='ltr'>χρόνῳ</span> <span class='ocrx_word' id='word_1_203' title='bbox 1485 1952 1541 2009; x_wconf 65' lang='lat' dir='ltr'>Si</span> <span class='ocrx_word' id='word_1_204' title='bbox 1588 1952 1999 2031; x_wconf 84' lang='grc' dir='ltr'>διαγνωσθεῖσα,</span> 
     </span>
    </p>
   </div>
   <div class='ocr_carea' id='block_1_32' title="bbox 347 2041 2002 2122">
    <p class='ocr_par' dir='ltr' id='par_1_32' title="bbox 347 2041 2002 2122">
     <span class='ocr_line' id='line_1_35' title="bbox 347 2041 2002 2122; baseline -0.002 -21"><span class='ocrx_word' id='word_1_205' title='bbox 347 2046 434 2102; x_wconf 75' lang='grc' dir='ltr'>καὶ</span> <span class='ocrx_word' id='word_1_206' title='bbox 492 2045 965 2122; x_wconf 83' lang='grc' dir='ltr'>ἀναγνωρισθεῖσα</span> <span class='ocrx_word' id='word_1_207' title='bbox 1048 2042 1312 2117; x_wconf 79' lang='grc' dir='ltr'>Φιλίππῳ</span> <span class='ocrx_word' id='word_1_208' title='bbox 1390 2047 1472 2116; x_wconf 77' lang='grc' dir='ltr'>τῷ</span> <span class='ocrx_word' id='word_1_209' title='bbox 1544 2044 1734 2117; x_wconf 77' lang='grc' dir='ltr'>πατὲρι</span> <span class='ocrx_word' id='word_1_210' title='bbox 1813 2041 2002 2112; x_wconf 80' lang='grc' dir='ltr'>αὐτῆς,</span> 
     </span>
    </p>
   </div>
   <div class='ocr_carea' id='block_1_33' title="bbox 349 2131 2005 2209">
    <p class='ocr_par' dir='ltr' id='par_1_33' title="bbox 349 2131 2005 2209">
     <span class='ocr_line' id='line_1_36' title="bbox 349 2131 2005 2209; baseline -0.003 -18"><span class='ocrx_word' id='word_1_211' title='bbox 349 2135 578 2206; x_wconf 79' lang='grc' dir='ltr'>ἰποίησε</span> <span class='ocrx_word' id='word_1_212' title='bbox 603 2135 700 2190; x_wconf 77' lang='grc' dir='ltr'>καὶ</span> <span class='ocrx_word' id='word_1_213' title='bbox 721 2133 926 2190; x_wconf 73' lang='grc' dir='ltr'>ἐκεῖνον</span> <span class='ocrx_word' id='word_1_214' title='bbox 958 2131 1306 2209; x_wconf 72' lang='grc' dir='ltr'>Χριστιανὸν,</span> <span class='ocrx_word' id='word_1_215' title='bbox 1337 2132 1548 2207; x_wconf 83' lang='grc' dir='ltr'>ὁμοίως</span> <span class='ocrx_word' id='word_1_216' title='bbox 1589 2134 1678 2188; x_wconf 76' lang='grc' dir='ltr'>καὶ</span> <span class='ocrx_word' id='word_1_217' title='bbox 1736 2132 1835 2200; x_wconf 82' lang='grc' dir='ltr'>τήν</span> <span class='ocrx_word' id='word_1_218' title='bbox 1894 2153 2005 2205; x_wconf 89' lang='grc' dir='ltr'>μη-</span> 
     </span>
    </p>
   </div>
   <div class='ocr_carea' id='block_1_34' title="bbox 347 2218 2002 2300">
    <p class='ocr_par' dir='ltr' id='par_1_34' title="bbox 347 2218 2002 2300">
     <span class='ocr_line' id='line_1_37' title="bbox 347 2218 2002 2300; baseline -0.003 -21"><span class='ocrx_word' id='word_1_219' title='bbox 347 2223 494 2300; x_wconf 69' lang='grc' dir='ltr'>τέρα,</span> <span class='ocrx_word' id='word_1_220' title='bbox 525 2223 621 2279; x_wconf 75' lang='grc' dir='ltr'>καὶ</span> <span class='ocrx_word' id='word_1_221' title='bbox 660 2223 791 2285; x_wconf 77' lang='grc' dir='ltr'>τοὺς</span> <span class='ocrx_word' id='word_1_222' title='bbox 852 2228 1155 2299; x_wconf 86' lang='grc' dir='ltr'>συγγενεῖς.</span> <span class='ocrx_word' id='word_1_223' title='bbox 1213 2220 1368 2279; x_wconf 83' lang='grc' dir='ltr'>Μιτά</span> <span class='ocrx_word' id='word_1_224' title='bbox 1428 2221 1624 2295; x_wconf 79' lang='grc' dir='ltr'>μικρὸν</span> <span class='ocrx_word' id='word_1_225' title='bbox 1678 2218 1791 2276; x_wconf 78' lang='grc' dir='ltr'>δὲὸ</span> <span class='ocrx_word' id='word_1_226' title='bbox 1821 2221 2002 2294; x_wconf 79' lang='grc' dir='ltr'>πατὴρ</span> 
     </span>
    </p>
   </div>
   <div class='ocr_carea' id='block_1_35' title="bbox 346 2308 2003 2388">
    <p class='ocr_par' dir='ltr' id='par_1_35' title="bbox 346 2308 2003 2388">
     <span class='ocr_line' id='line_1_38' title="bbox 346 2308 2003 2388; baseline -0.004 -18"><span class='ocrx_word' id='word_1_227' title='bbox 346 2317 515 2385; x_wconf 78' lang='grc' dir='ltr'>αὐτῆς</span> <span class='ocrx_word' id='word_1_228' title='bbox 544 2312 845 2375; x_wconf 71' lang='grc' dir='ltr'>ἐπίσκοπος</span> <span class='ocrx_word' id='word_1_229' title='bbox 886 2310 1089 2388; x_wconf 70' lang='grc' dir='ltr'>γέγονε,</span> <span class='ocrx_word' id='word_1_230' title='bbox 1137 2310 1230 2367; x_wconf 82' lang='grc' dir='ltr'>καὶ</span> <span class='ocrx_word' id='word_1_231' title='bbox 1286 2311 1421 2385; x_wconf 85' lang='grc' dir='ltr'>μετᾶ</span> <span class='ocrx_word' id='word_1_232' title='bbox 1473 2315 1638 2366; x_wconf 77' lang='grc' dir='ltr'>ταῦτα</span> <span class='ocrx_word' id='word_1_233' title='bbox 1684 2312 1912 2373; x_wconf 81' lang='grc' dir='ltr'>ἅπαντες</span> <span class='ocrx_word' id='word_1_234' title='bbox 1941 2308 2003 2363; x_wconf 83' lang='grc' dir='ltr'>τὸ</span> 
     </span>
    </p>
   </div>
   <div class='ocr_carea' id='block_1_36' title="bbox 348 2397 1256 2479">
    <p class='ocr_par' dir='ltr' id='par_1_36' title="bbox 348 2397 1256 2479">
     <span class='ocr_line' id='line_1_39' title="bbox 348 2397 1256 2479; baseline 0 -21"><span class='ocrx_word' id='word_1_235' title='bbox 348 2400 437 2458; x_wconf 79' lang='grc' dir='ltr'>διά</span> <span class='ocrx_word' id='word_1_236' title='bbox 467 2401 776 2479; x_wconf 81' lang='grc' dir='ltr'>μαρτυρίου</span> <span class='ocrx_word' id='word_1_237' title='bbox 806 2397 969 2465; x_wconf 81' lang='grc' dir='ltr'>τέλος</span> <span class='ocrx_word' id='word_1_238' title='bbox 990 2398 1256 2471; x_wconf 67' lang='grc' dir='ltr'>ἐδέξαντο.</span> 
     </span>
    </p>
   </div>
   <div class='ocr_carea' id='block_1_37' title="bbox 917 2518 1441 2575">
    <p class='ocr_par' dir='ltr' id='par_1_37' title="bbox 917 2518 1441 2575">
     <span class='ocr_line' id='line_1_40' title="bbox 917 2518 1441 2575; baseline -0.004 0"><span class='ocrx_word' id='word_1_239' title='bbox 917 2521 1097 2575; x_wconf 76' lang='grc' dir='ltr'>ΜΗΝΙ</span> <span class='ocrx_word' id='word_1_240' title='bbox 1131 2518 1221 2575; x_wconf 88' lang='grc' dir='ltr'>ἸὨ</span> <span class='ocrx_word' id='word_1_241' title='bbox 1243 2519 1441 2575; x_wconf 82' lang='grc' dir='ltr'>ΑΥΤΩ.</span> 
     </span>
    </p>
   </div>
   <div class='ocr_carea' id='block_1_38' title="bbox 1134 2636 1231 2690">
    <p class='ocr_par' dir='ltr' id='par_1_38' title="bbox 1134 2636 1231 2690">
     <span class='ocr_line' id='line_1_41' title="bbox 1134 2636 1231 2690; baseline -0.01 0"><span class='ocrx_word' id='word_1_242' title='bbox 1134 2636 1231 2690; x_wconf 77' lang='grc' dir='ltr'>κε’</span> 
     </span>
    </p>
   </div>
   <div class='ocr_carea' id='block_1_39' title="bbox 352 2724 2005 2854">
    <p class='ocr_par' dir='ltr' id='par_1_39' title="bbox 352 2724 2005 2854">
     <span class='ocr_line' id='line_1_42' title="bbox 352 2724 2005 2854; baseline 0.021 -108"><span class='ocrx_word' id='word_1_243' title='bbox 352 2729 417 2784; x_wconf 75' lang='grc' dir='ltr'>,Η</span> <span class='ocrx_word' id='word_1_244' title='bbox 452 2728 760 2800; x_wconf 71' lang='grc' dir='ltr'>ἀνάμνησις</span> <span class='ocrx_word' id='word_1_245' title='bbox 812 2731 914 2793; x_wconf 82' lang='grc' dir='ltr'>τῆς</span> <span class='ocrx_word' id='word_1_246' title='bbox 963 2724 1234 2819; x_wconf 77' lang='grc' dir='ltr'>ἀχράντου</span> <span class='ocrx_word' id='word_1_247' title='bbox 1276 2744 1591 2854; x_wconf 60' lang='grc' dir='ltr'>1γειννησεως</span> <span class='ocrx_word' id='word_1_248' title='bbox 1648 2728 1751 2780; x_wconf 82' lang='grc' dir='ltr'>τοῦ</span> <span class='ocrx_word' id='word_1_249' title='bbox 1810 2725 2005 2799; x_wconf 77' lang='grc' dir='ltr'>Κυρίου</span> 
     </span>
     <span class='ocr_line' id='line_1_43' title="bbox 819 2798 1543 2854; baseline -0.003 0"><span class='ocrx_word' id='word_1_250' title='bbox 819 2799 984 2854; x_wconf 71' lang='grc' dir='ltr'>ἡμῶν</span> <span class='ocrx_word' id='word_1_251' title='bbox 1055 2798 1221 2854; x_wconf 62' lang='lat' dir='ltr'>Inoo?»</span> <span class='ocrx_word' id='word_1_252' title='bbox 1327 2800 1543 2854; x_wconf 74' lang='grc' dir='ltr'>οιστοῦ.</span> 
     </span>
    </p>
   </div>
   <div class='ocr_carea' id='block_1_40' title="bbox 819 2798 1543 2870">
    <p class='ocr_par' dir='ltr' id='par_1_40' title="bbox 819 2798 1543 2870">
     <span class='ocr_line' id='line_1_44' title="bbox 819 2798 1543 2870; baseline 0.003 -20"><span class='ocrx_word' id='word_1_253' title='bbox 819 2799 984 2870; x_wconf 75' lang='grc' dir='ltr'>ἡμῶν</span> <span class='ocrx_word' id='word_1_254' title='bbox 1028 2798 1221 2866; x_wconf 79' lang='grc' dir='ltr'>Ἰησοῦ</span> <span class='ocrx_word' id='word_1_255' title='bbox 1276 2798 1543 2868; x_wconf 78' lang='grc' dir='ltr'>Χριστοῦ.</span> 
     </span>
    </p>
   </div>
   <div class='ocr_carea' id='block_1_41' title="bbox 434 2885 2006 2965">
    <p class='ocr_par' dir='ltr' id='par_1_41' title="bbox 434 2885 2006 2965">
     <span class='ocr_line' id='line_1_45' title="bbox 434 2885 2006 2965; baseline -0.004 -20"><span class='ocrx_word' id='word_1_256' title='bbox 434 2886 573 2945; x_wconf 78' lang='grc' dir='ltr'>Ἰδὼν</span> <span class='ocrx_word' id='word_1_257' title='bbox 600 2889 631 2943; x_wconf 98' lang='lat'>6</span> <span class='ocrx_word' id='word_1_258' title='bbox 658 2885 1052 2965; x_wconf 71' lang='grc' dir='ltr'>φιλάνθρωπος</span> <span class='ocrx_word' id='word_1_259' title='bbox 1082 2887 1213 2949; x_wconf 85' lang='grc' dir='ltr'>Θεὸς</span> <span class='ocrx_word' id='word_1_260' title='bbox 1246 2885 1310 2941; x_wconf 87' lang='grc' dir='ltr'>τὸ</span> <span class='ocrx_word' id='word_1_261' title='bbox 1335 2887 1489 2959; x_wconf 72' lang='grc' dir='ltr'>γένος</span> <span class='ocrx_word' id='word_1_262' title='bbox 1540 2890 1648 2941; x_wconf 80' lang='grc' dir='ltr'>τῶν</span> <span class='ocrx_word' id='word_1_263' title='bbox 1707 2885 2006 2959; x_wconf 84' lang='grc' dir='ltr'>ἀνθρώπων</span> 
     </span>
    </p>
   </div>
   <div class='ocr_carea' id='block_1_42' title="bbox 370 2972 2009 3050">
    <p class='ocr_par' dir='ltr' id='par_1_42' title="bbox 370 2972 2009 3050">
     <span class='ocr_line' id='line_1_46' title="bbox 370 2972 2009 3050; baseline -0.002 -18"><span class='ocrx_word' id='word_1_264' title='bbox 370 2979 465 3032; x_wconf 72' lang='grc' dir='ltr'>ὑπὸ</span> <span class='ocrx_word' id='word_1_265' title='bbox 490 2982 583 3033; x_wconf 70' lang='grc' dir='ltr'>τοῦ</span> <span class='ocrx_word' id='word_1_266' title='bbox 622 2972 897 3033; x_wconf 76' lang='grc' dir='ltr'>διαϐόλου</span> <span class='ocrx_word' id='word_1_267' title='bbox 943 2975 1389 3048; x_wconf 77' lang='grc' dir='ltr'>τυραννούμενον,</span> <span class='ocrx_word' id='word_1_268' title='bbox 1425 2972 1862 3050; x_wconf 75' lang='grc' dir='ltr'>ἐσπλαγχνίσθη.</span> <span class='ocrx_word' id='word_1_269' title='bbox 1904 2975 2009 3031; x_wconf 85' lang='grc' dir='ltr'>Καὶ</span> 
     </span>
    </p>
   </div>
   <div class='ocr_carea' id='block_1_43' title="bbox 358 3058 2006 3139">
    <p class='ocr_par' dir='ltr' id='par_1_43' title="bbox 358 3058 2006 3139">
     <span class='ocr_line' id='line_1_47' title="bbox 358 3058 2006 3139; baseline -0.001 -19"><span class='ocrx_word' id='word_1_270' title='bbox 358 3064 683 3130; x_wconf 73' lang='grc' dir='ltr'>ἀποστείλας</span> <span class='ocrx_word' id='word_1_271' title='bbox 737 3065 833 3121; x_wconf 84' lang='grc' dir='ltr'>τὸν</span> <span class='ocrx_word' id='word_1_272' title='bbox 900 3062 1134 3139; x_wconf 77' lang='grc' dir='ltr'>ἄγγελον</span> <span class='ocrx_word' id='word_1_273' title='bbox 1192 3063 1358 3119; x_wconf 76' lang='grc' dir='ltr'>αὐτοῦ</span> <span class='ocrx_word' id='word_1_274' title='bbox 1419 3058 1663 3139; x_wconf 72' lang='grc' dir='ltr'>Γαϐριὴλ</span> <span class='ocrx_word' id='word_1_275' title='bbox 1690 3107 1704 3132; x_wconf 94' lang='grc'>,</span> <span class='ocrx_word' id='word_1_276' title='bbox 1764 3066 1883 3119; x_wconf 78' lang='grc' dir='ltr'>εἷπε</span> <span class='ocrx_word' id='word_1_277' title='bbox 1936 3067 2006 3138; x_wconf 85' lang='grc' dir='ltr'>τῇ</span> 
     </span>
    </p>
   </div>
   <div class='ocr_carea' id='block_1_44' title="bbox 353 3153 2008 3231">
    <p class='ocr_par' dir='ltr' id='par_1_44' title="bbox 353 3153 2008 3231">
     <span class='ocr_line' id='line_1_48' title="bbox 353 3153 2008 3231; baseline -0.001 -21"><span class='ocrx_word' id='word_1_278' title='bbox 353 3155 621 3228; x_wconf 80' lang='grc' dir='ltr'>Θεοτόκῳ·</span> <span class='ocrx_word' id='word_1_279' title='bbox 687 3158 877 3231; x_wconf 86' lang='grc' dir='ltr'>Χαῖρε,</span> <span class='ocrx_word' id='word_1_280' title='bbox 922 3154 1370 3228; x_wconf 67' lang='grc' dir='ltr'>κεχαριτωμένη,</span> <span class='ocrx_word' id='word_1_281' title='bbox 1403 3154 1430 3206; x_wconf 92' lang='lat'>6</span> <span class='ocrx_word' id='word_1_282' title='bbox 1459 3153 1662 3229; x_wconf 78' lang='grc' dir='ltr'>Κύριος</span> <span class='ocrx_word' id='word_1_283' title='bbox 1725 3153 1860 3226; x_wconf 87' lang='grc' dir='ltr'>μετά</span> <span class='ocrx_word' id='word_1_284' title='bbox 1892 3158 2008 3211; x_wconf 79' lang='grc' dir='ltr'>σοῦ.</span> 
     </span>
    </p>
   </div>
   <div class='ocr_carea' id='block_1_45' title="bbox 2112 1954 3766 2037">
    <p class='ocr_par' dir='ltr' id='par_1_45' title="bbox 2112 1954 3766 2037">
     <span class='ocr_line' id='line_1_49' title="bbox 2112 1954 3766 2037; baseline -0.008 -16"><span class='ocrx_word' id='word_1_285' title='bbox 2112 1966 2453 2037; x_wconf 87' lang='lat' dir='ltr'>Philippum</span> <span class='ocrx_word' id='word_1_286' title='bbox 2479 1967 2709 2036; x_wconf 88' lang='lat' dir='ltr'>patrem</span> <span class='ocrx_word' id='word_1_287' title='bbox 2730 1960 2947 2027; x_wconf 88' lang='lat' dir='ltr'>delata,</span> <span class='ocrx_word' id='word_1_288' title='bbox 2965 1963 3022 2013; x_wconf 88' lang='lat' dir='ltr'>et</span> <span class='ocrx_word' id='word_1_289' title='bbox 3041 1957 3113 2014; x_wconf 89' lang='lat' dir='ltr'>ab</span> <span class='ocrx_word' id='word_1_290' title='bbox 3132 1956 3235 2011; x_wconf 92' lang='lat' dir='ltr'>illo</span> <span class='ocrx_word' id='word_1_291' title='bbox 3258 1954 3766 2029; x_wconf 83' lang='lat' dir='ltr'>agnita,eumdem</span> 
     </span>
    </p>
   </div>
   <div class='ocr_carea' id='block_1_46' title="bbox 2111 2043 3769 2124">
    <p class='ocr_par' dir='ltr' id='par_1_46' title="bbox 2111 2043 3769 2124">
     <span class='ocr_line' id='line_1_50' title="bbox 2111 2043 3769 2124; baseline -0.008 -13"><span class='ocrx_word' id='word_1_292' title='bbox 2111 2071 2248 2111; x_wconf 91' lang='lat' dir='ltr'>cum</span> <span class='ocrx_word' id='word_1_293' title='bbox 2279 2058 2490 2124; x_wconf 87' lang='lat' dir='ltr'>matre,</span> <span class='ocrx_word' id='word_1_294' title='bbox 2521 2069 2589 2109; x_wconf 89' lang='lat' dir='ltr'>ac</span> <span class='ocrx_word' id='word_1_295' title='bbox 2614 2048 2972 2123; x_wconf 87' lang='lat' dir='ltr'>propinquis</span> <span class='ocrx_word' id='word_1_296' title='bbox 3002 2047 3075 2102; x_wconf 89' lang='lat' dir='ltr'>ad</span> <span class='ocrx_word' id='word_1_297' title='bbox 3098 2044 3311 2102; x_wconf 83' lang='lat' dir='ltr'>Christi</span> <span class='ocrx_word' id='word_1_298' title='bbox 3346 2043 3530 2099; x_wconf 81' lang='lat' dir='ltr'>fidem</span> <span class='ocrx_word' id='word_1_299' title='bbox 3563 2043 3769 2098; x_wconf 88' lang='lat' dir='ltr'>tradu-</span> 
     </span>
    </p>
   </div>
   <div class='ocr_carea' id='block_1_47' title="bbox 2111 2128 3768 2212">
    <p class='ocr_par' dir='ltr' id='par_1_47' title="bbox 2111 2128 3768 2212">
     <span class='ocr_line' id='line_1_51' title="bbox 2111 2128 3768 2212; baseline -0.008 -14"><span class='ocrx_word' id='word_1_300' title='bbox 2111 2144 2215 2198; x_wconf 85' lang='lat' dir='ltr'>xit.</span> <span class='ocrx_word' id='word_1_301' title='bbox 2247 2141 2430 2197; x_wconf 87' lang='lat' dir='ltr'>Paulo</span> <span class='ocrx_word' id='word_1_302' title='bbox 2462 2145 2597 2212; x_wconf 90' lang='lat' dir='ltr'>post</span> <span class='ocrx_word' id='word_1_303' title='bbox 2632 2143 2805 2211; x_wconf 88' lang='lat' dir='ltr'>pater</span> <span class='ocrx_word' id='word_1_304' title='bbox 2861 2136 3174 2207; x_wconf 89' lang='lat' dir='ltr'>episcopus</span> <span class='ocrx_word' id='word_1_305' title='bbox 3234 2134 3336 2200; x_wconf 83' lang='lat' dir='ltr'>ﬁt;</span> <span class='ocrx_word' id='word_1_306' title='bbox 3398 2148 3465 2186; x_wconf 91' lang='lat' dir='ltr'>ac</span> <span class='ocrx_word' id='word_1_307' title='bbox 3525 2128 3768 2185; x_wconf 88' lang='lat' dir='ltr'>tandem</span> 
     </span>
    </p>
   </div>
   <div class='ocr_carea' id='block_1_48' title="bbox 2111 2230 3050 2301">
    <p class='ocr_par' dir='ltr' id='par_1_48' title="bbox 2111 2230 3050 2301">
     <span class='ocr_line' id='line_1_52' title="bbox 2111 2230 3050 2301; baseline -0.011 -13"><span class='ocrx_word' id='word_1_308' title='bbox 2111 2248 2320 2288; x_wconf 89' lang='lat' dir='ltr'>omnes</span> <span class='ocrx_word' id='word_1_309' title='bbox 2354 2230 2638 2301; x_wconf 85' lang='lat' dir='ltr'>martyrio</span> <span class='ocrx_word' id='word_1_310' title='bbox 2669 2230 3050 2284; x_wconf 85' lang='lat' dir='ltr'>coronantur.</span> 
     </span>
    </p>
   </div>
   <div class='ocr_carea' id='block_1_49' title="bbox 2670 2522 3202 2582">
    <p class='ocr_par' dir='ltr' id='par_1_49' title="bbox 2670 2522 3202 2582">
     <span class='ocr_line' id='line_1_53' title="bbox 2670 2522 3202 2582; baseline -0.009 0"><span class='ocrx_word' id='word_1_311' title='bbox 2670 2527 2909 2582; x_wconf 80' lang='lat' dir='ltr'>EODEM</span> <span class='ocrx_word' id='word_1_312' title='bbox 2951 2522 3202 2577; x_wconf 85' lang='lat' dir='ltr'>MENSE.</span> 
     </span>
    </p>
   </div>
   <div class='ocr_carea' id='block_1_50' title="bbox 2603 2642 3267 2712">
    <p class='ocr_par' dir='ltr' id='par_1_50' title="bbox 2603 2642 3267 2712">
     <span class='ocr_line' id='line_1_54' title="bbox 2603 2642 3267 2712; baseline -0.012 -11"><span class='ocrx_word' id='word_1_313' title='bbox 2603 2647 2706 2701; x_wconf 91' lang='lat' dir='ltr'>Die</span> <span class='ocrx_word' id='word_1_314' title='bbox 2734 2644 3013 2698; x_wconf 86' lang='lat' dir='ltr'>vicesima</span> <span class='ocrx_word' id='word_1_315' title='bbox 3038 2642 3267 2712; x_wconf 80' lang='lat' dir='ltr'>quinta.</span> 
     </span>
    </p>
   </div>
   <div class='ocr_carea' id='block_1_51' title="bbox 2115 2723 3770 2795">
    <p class='ocr_par' dir='ltr' id='par_1_51' title="bbox 2115 2723 3770 2795">
     <span class='ocr_line' id='line_1_55' title="bbox 2115 2723 3770 2795; baseline -0.011 -1"><span class='ocrx_word' id='word_1_316' title='bbox 2115 2738 2217 2795; x_wconf 75' lang='lat'>56</span> <span class='ocrx_word' id='word_1_317' title='bbox 2251 2737 2702 2792; x_wconf 77' lang='lat' dir='ltr'>Commemoratio</span> <span class='ocrx_word' id='word_1_318' title='bbox 2734 2730 3110 2789; x_wconf 73' lang='lat' dir='ltr'>immaculata:</span> <span class='ocrx_word' id='word_1_319' title='bbox 3171 2726 3494 2783; x_wconf 77' lang='lat' dir='ltr'>Nativitatis</span> <span class='ocrx_word' id='word_1_320' title='bbox 3547 2723 3770 2778; x_wconf 81' lang='lat' dir='ltr'>Domini</span> 
     </span>
    </p>
   </div>
   <div class='ocr_carea' id='block_1_52' title="bbox 2635 2802 3223 2861">
    <p class='ocr_par' dir='ltr' id='par_1_52' title="bbox 2635 2802 3223 2861">
     <span class='ocr_line' id='line_1_56' title="bbox 2635 2802 3223 2861; baseline -0.015 0"><span class='ocrx_word' id='word_1_321' title='bbox 2635 2807 2811 2861; x_wconf 77' lang='lat' dir='ltr'>nostri</span> <span class='ocrx_word' id='word_1_322' title='bbox 2833 2807 2959 2858; x_wconf 86' lang='lat' dir='ltr'>Jesu</span> <span class='ocrx_word' id='word_1_323' title='bbox 2990 2802 3223 2855; x_wconf 76' lang='lat' dir='ltr'>Christi.</span> 
     </span>
    </p>
   </div>
   <div class='ocr_carea' id='block_1_53' title="bbox 2188 2889 3766 2962">
    <p class='ocr_par' dir='ltr' id='par_1_53' title="bbox 2188 2889 3766 2962">
     <span class='ocr_line' id='line_1_57' title="bbox 2188 2889 3766 2962; baseline -0.01 -9"><span class='ocrx_word' id='word_1_324' title='bbox 2188 2898 2701 2953; x_wconf 87' lang='lat' dir='ltr'>Clementissimus</span> <span class='ocrx_word' id='word_1_325' title='bbox 2718 2901 3028 2955; x_wconf 73' lang='lat' dir='ltr'>Deuscum</span> <span class='ocrx_word' id='word_1_326' title='bbox 3042 2906 3226 2962; x_wconf 85' lang='lat' dir='ltr'>genus</span> <span class='ocrx_word' id='word_1_327' title='bbox 3241 2889 3555 2942; x_wconf 87' lang='lat' dir='ltr'>humanum</span> <span class='ocrx_word' id='word_1_328' title='bbox 3570 2891 3766 2956; x_wconf 81' lang='lat' dir='ltr'>tyran—</span> 
     </span>
    </p>
   </div>
   <div class='ocr_carea' id='block_1_54' title="bbox 2118 2973 3761 3057">
    <p class='ocr_par' dir='ltr' id='par_1_54' title="bbox 2118 2973 3761 3057">
     <span class='ocr_line' id='line_1_58' title="bbox 2118 2973 3761 3057; baseline -0.011 -15"><span class='ocrx_word' id='word_1_329' title='bbox 2118 2987 2256 3043; x_wconf 91' lang='lat' dir='ltr'>nide</span> <span class='ocrx_word' id='word_1_330' title='bbox 2293 2985 2512 3042; x_wconf 87' lang='lat' dir='ltr'>diaboli</span> <span class='ocrx_word' id='word_1_331' title='bbox 2546 2999 2897 3057; x_wconf 90' lang='lat' dir='ltr'>oppressum</span> <span class='ocrx_word' id='word_1_332' title='bbox 2943 2982 3232 3042; x_wconf 85' lang='lat' dir='ltr'>cerneret,</span> <span class='ocrx_word' id='word_1_333' title='bbox 3278 2975 3559 3031; x_wconf 83' lang='lat' dir='ltr'>misertus</span> <span class='ocrx_word' id='word_1_334' title='bbox 3607 2973 3761 3044; x_wconf 87' lang='lat' dir='ltr'>ejus,</span> 
     </span>
    </p>
   </div>
   <div class='ocr_carea' id='block_1_55' title="bbox 2118 3061 3762 3147">
    <p class='ocr_par' dir='ltr' id='par_1_55' title="bbox 2118 3061 3762 3147">
     <span class='ocr_line' id='line_1_59' title="bbox 2118 3061 3762 3147; baseline -0.011 -16"><span class='ocrx_word' id='word_1_335' title='bbox 2118 3077 2283 3131; x_wconf 87' lang='lat' dir='ltr'>misit</span> <span class='ocrx_word' id='word_1_336' title='bbox 2310 3075 2586 3147; x_wconf 82' lang='lat' dir='ltr'>angelum</span> <span class='ocrx_word' id='word_1_337' title='bbox 2612 3088 2783 3128; x_wconf 91' lang='lat' dir='ltr'>suum</span> <span class='ocrx_word' id='word_1_338' title='bbox 2809 3065 3269 3136; x_wconf 88' lang='lat' dir='ltr'>Gabrielem,qui</span> <span class='ocrx_word' id='word_1_339' title='bbox 3296 3063 3555 3134; x_wconf 74' lang='lat' dir='ltr'>[)eiparm</span> <span class='ocrx_word' id='word_1_340' title='bbox 3574 3061 3725 3115; x_wconf 79' lang='lat' dir='ltr'>dixit</span> <span class='ocrx_word' id='word_1_341' title='bbox 3750 3077 3762 3113; x_wconf 93' lang='lat'><strong>:</strong></span> 
     </span>
    </p>
   </div>
   <div class='ocr_carea' id='block_1_56' title="bbox 2117 3151 3766 3237">
    <p class='ocr_par' dir='ltr' id='par_1_56' title="bbox 2117 3151 3766 3237">
     <span class='ocr_line' id='line_1_60' title="bbox 2117 3151 3766 3237; baseline -0.013 -14"><span class='ocrx_word' id='word_1_342' title='bbox 2117 3169 2235 3222; x_wconf 80' lang='lat' dir='ltr'>Ave</span> <span class='ocrx_word' id='word_1_343' title='bbox 2255 3165 2442 3237; x_wconf 79' lang='lat' dir='ltr'>gratia</span> <span class='ocrx_word' id='word_1_344' title='bbox 2451 3163 2649 3236; x_wconf 82' lang='lat' dir='ltr'>plena,</span> <span class='ocrx_word' id='word_1_345' title='bbox 2689 3164 2948 3217; x_wconf 86' lang='lat' dir='ltr'>Dominus</span> <span class='ocrx_word' id='word_1_346' title='bbox 2978 3166 3173 3213; x_wconf 81' lang='lat' dir='ltr'>tecum.</span> <span class='ocrx_word' id='word_1_347' title='bbox 3207 3154 3533 3222; x_wconf 88' lang='lat' dir='ltr'>Statimque</span> <span class='ocrx_word' id='word_1_348' title='bbox 3566 3151 3625 3204; x_wconf 88' lang='lat' dir='ltr'>in</span> <span class='ocrx_word' id='word_1_349' title='bbox 3657 3165 3766 3222; x_wconf 91' lang='lat' dir='ltr'>pu-</span> 
     </span>
    </p>
   </div>
   <div class='ocr_carea' id='block_1_57' title="bbox 352 3240 2011 3327">
    <p class='ocr_par' dir='ltr' id='par_1_57' title="bbox 352 3240 2000 3319">
     <span class='ocr_line' id='line_1_61' title="bbox 352 3240 2000 3319; baseline -0.002 -20"><span class='ocrx_word' id='word_1_350' title='bbox 352 3244 453 3300; x_wconf 77' lang='grc' dir='ltr'><strong>Καῖ</strong></span> <span class='ocrx_word' id='word_1_351' title='bbox 482 3243 691 3307; x_wconf 66' lang='grc' dir='ltr'>εὐθέως</span> <span class='ocrx_word' id='word_1_352' title='bbox 714 3240 1031 3319; x_wconf 74' lang='grc' dir='ltr'>συνελήφθη</span> <span class='ocrx_word' id='word_1_353' title='bbox 1090 3242 1120 3295; x_wconf 89' lang='lat'>6</span> <span class='ocrx_word' id='word_1_354' title='bbox 1173 3240 1377 3316; x_wconf 71' lang='grc' dir='ltr'>Κύριος</span> <span class='ocrx_word' id='word_1_355' title='bbox 1430 3242 1592 3314; x_wconf 81' lang='grc' dir='ltr'>ήμῶν</span> <span class='ocrx_word' id='word_1_356' title='bbox 1641 3242 1728 3297; x_wconf 81' lang='grc' dir='ltr'>καὶ</span> <span class='ocrx_word' id='word_1_357' title='bbox 1788 3242 1920 3306; x_wconf 83' lang='grc' dir='ltr'>Θεὸς</span> <span class='ocrx_word' id='word_1_358' title='bbox 1948 3241 2000 3296; x_wconf 85' lang='grc' dir='ltr'>ἐν</span> 
     </span>
    </p>
   </div>
   <div class='ocr_carea' id='block_1_58' title="bbox 2127 3240 3770 3327">
    <p class='ocr_par' dir='ltr' id='par_1_58' title="bbox 2127 3240 3770 3327">
     <span class='ocr_line' id='line_1_62' title="bbox 2127 3240 3770 3327; baseline -0.012 -16"><span class='ocrx_word' id='word_1_359' title='bbox 2127 3256 2353 3312; x_wconf 78' lang='lat' dir='ltr'>rissimo</span> <span class='ocrx_word' id='word_1_360' title='bbox 2380 3255 2510 3327; x_wconf 83' lang='lat' dir='ltr'>ejus</span> <span class='ocrx_word' id='word_1_361' title='bbox 2538 3258 2708 3309; x_wconf 88' lang='lat' dir='ltr'>utero</span> <span class='ocrx_word' id='word_1_362' title='bbox 2740 3254 3060 3321; x_wconf 85' lang='lat' dir='ltr'>conceptus</span> <span class='ocrx_word' id='word_1_363' title='bbox 3092 3250 3183 3301; x_wconf 86' lang='lat' dir='ltr'>est</span> <span class='ocrx_word' id='word_1_364' title='bbox 3213 3241 3498 3298; x_wconf 87' lang='lat' dir='ltr'>Dominus</span> <span class='ocrx_word' id='word_1_365' title='bbox 3524 3256 3592 3294; x_wconf 90' lang='lat' dir='ltr'>ac</span> <span class='ocrx_word' id='word_1_366' title='bbox 3615 3240 3770 3294; x_wconf 89' lang='lat' dir='ltr'>Deus</span> 
     </span>
    </p>
   </div>
   <div class='ocr_carea' id='block_1_59' title="bbox 350 3330 2007 3409">
    <p class='ocr_par' dir='ltr' id='par_1_59' title="bbox 350 3330 2007 3409">
     <span class='ocr_line' id='line_1_63' title="bbox 350 3330 2007 3409; baseline -0.001 -21"><span class='ocrx_word' id='word_1_367' title='bbox 350 3338 418 3408; x_wconf 74' lang='grc' dir='ltr'>τῇ</span> <span class='ocrx_word' id='word_1_368' title='bbox 474 3333 741 3409; x_wconf 80' lang='grc' dir='ltr'>ἇχράντῳ</span> <span class='ocrx_word' id='word_1_369' title='bbox 804 3333 987 3405; x_wconf 75' lang='grc' dir='ltr'>μήτρᾳ</span> <span class='ocrx_word' id='word_1_370' title='bbox 1039 3330 1229 3400; x_wconf 82' lang='grc' dir='ltr'>αὐτῆς·</span> <span class='ocrx_word' id='word_1_371' title='bbox 1289 3330 1378 3386; x_wconf 86' lang='grc' dir='ltr'>καὶ</span> <span class='ocrx_word' id='word_1_372' title='bbox 1438 3332 1842 3406; x_wconf 73' lang='grc' dir='ltr'>πληρωθέντων</span> <span class='ocrx_word' id='word_1_373' title='bbox 1899 3336 2007 3387; x_wconf 81' lang='grc' dir='ltr'>τῶν</span> 
     </span>
    </p>
   </div>
   <div class='ocr_carea' id='block_1_60' title="bbox 356 3418 2009 3497">
    <p class='ocr_par' dir='ltr' id='par_1_60' title="bbox 356 3418 2009 3497">
     <span class='ocr_line' id='line_1_64' title="bbox 356 3418 2009 3497; baseline -0.001 -20"><span class='ocrx_word' id='word_1_374' title='bbox 356 3421 503 3477; x_wconf 71' lang='grc' dir='ltr'>ἐννέα</span> <span class='ocrx_word' id='word_1_375' title='bbox 539 3426 735 3494; x_wconf 81' lang='grc' dir='ltr'>μηνῶν</span> <span class='ocrx_word' id='word_1_376' title='bbox 768 3421 874 3476; x_wconf 82' lang='grc' dir='ltr'>ἀπὸ</span> <span class='ocrx_word' id='word_1_377' title='bbox 921 3426 1022 3489; x_wconf 82' lang='grc' dir='ltr'>τῆς</span> <span class='ocrx_word' id='word_1_378' title='bbox 1084 3418 1439 3493; x_wconf 78' lang='grc' dir='ltr'>συλλήψεως,</span> <span class='ocrx_word' id='word_1_379' title='bbox 1500 3418 1723 3490; x_wconf 75' lang='grc' dir='ltr'>ἐξῆλθεν</span> <span class='ocrx_word' id='word_1_380' title='bbox 1782 3421 2009 3497; x_wconf 86' lang='grc' dir='ltr'>ὁρισμὸς</span> 
     </span>
    </p>
   </div>
   <div class='ocr_carea' id='block_1_61' title="bbox 356 3508 2008 3586">
    <p class='ocr_par' dir='ltr' id='par_1_61' title="bbox 356 3508 2008 3586">
     <span class='ocr_line' id='line_1_65' title="bbox 356 3508 2008 3586; baseline -0.001 -20"><span class='ocrx_word' id='word_1_381' title='bbox 356 3512 499 3586; x_wconf 76' lang='grc' dir='ltr'>παρὰ</span> <span class='ocrx_word' id='word_1_382' title='bbox 585 3510 856 3584; x_wconf 81' lang='grc' dir='ltr'>Καίσαρος</span> <span class='ocrx_word' id='word_1_383' title='bbox 939 3510 1278 3585; x_wconf 76' lang='grc' dir='ltr'>Αὐγούστου,</span> <span class='ocrx_word' id='word_1_384' title='bbox 1371 3508 1778 3586; x_wconf 84' lang='grc' dir='ltr'>ἀπογράφεσθαι</span> <span class='ocrx_word' id='word_1_385' title='bbox 1836 3516 2008 3565; x_wconf 83' lang='grc' dir='ltr'>πᾶσαν</span> 
     </span>
    </p>
   </div>
   <div class='ocr_carea' id='block_1_62' title="bbox 354 3596 2011 3675">
    <p class='ocr_par' dir='ltr' id='par_1_62' title="bbox 354 3596 2011 3675">
     <span class='ocr_line' id='line_1_66' title="bbox 354 3596 2011 3675; baseline -0.001 -19"><span class='ocrx_word' id='word_1_386' title='bbox 354 3603 453 3670; x_wconf 78' lang='grc' dir='ltr'>τήν</span> <span class='ocrx_word' id='word_1_387' title='bbox 488 3597 847 3673; x_wconf 67' lang='grc' dir='ltr'>οἰκουμένην.</span> <span class='ocrx_word' id='word_1_388' title='bbox 874 3598 976 3656; x_wconf 82' lang='grc' dir='ltr'>Καὶ</span> <span class='ocrx_word' id='word_1_389' title='bbox 1009 3596 1284 3669; x_wconf 78' lang='grc' dir='ltr'>ἀπεστάλη</span> <span class='ocrx_word' id='word_1_390' title='bbox 1320 3600 1569 3674; x_wconf 84' lang='grc' dir='ltr'>Κυρίνιος</span> <span class='ocrx_word' id='word_1_391' title='bbox 1618 3599 1696 3662; x_wconf 81' lang='grc' dir='ltr'>εἷς</span> <span class='ocrx_word' id='word_1_392' title='bbox 1751 3601 1819 3655; x_wconf 79' lang='grc' dir='ltr'>τὰ</span> <span class='ocrx_word' id='word_1_393' title='bbox 1848 3602 2011 3675; x_wconf 82' lang='grc' dir='ltr'>Ἱερο-</span> 
     </span>
    </p>
   </div>
   <div class='ocr_carea' id='block_1_63' title="bbox 359 3684 2009 3766">
    <p class='ocr_par' dir='ltr' id='par_1_63' title="bbox 359 3684 2009 3766">
     <span class='ocr_line' id='line_1_67' title="bbox 359 3684 2009 3766; baseline -0.001 -21"><span class='ocrx_word' id='word_1_394' title='bbox 359 3688 602 3762; x_wconf 77' lang='grc' dir='ltr'>σόλυμα,</span> <span class='ocrx_word' id='word_1_395' title='bbox 674 3688 749 3751; x_wconf 76' lang='grc' dir='ltr'>εἷς</span> <span class='ocrx_word' id='word_1_396' title='bbox 810 3685 1089 3761; x_wconf 74' lang='grc' dir='ltr'>Βηθλεὲμ,</span> <span class='ocrx_word' id='word_1_397' title='bbox 1147 3694 1355 3757; x_wconf 78' lang='grc' dir='ltr'>ποῆσαι</span> <span class='ocrx_word' id='word_1_398' title='bbox 1414 3688 1758 3766; x_wconf 75' lang='grc' dir='ltr'>ἀπογραφήν.</span> <span class='ocrx_word' id='word_1_399' title='bbox 1814 3684 2009 3760; x_wconf 69' lang='grc' dir='ltr'>Ἀνέϐη</span> 
     </span>
    </p>
   </div>
   <div class='ocr_carea' id='block_1_64' title="bbox 361 3776 2012 3856">
    <p class='ocr_par' dir='ltr' id='par_1_64' title="bbox 361 3776 2012 3856">
     <span class='ocr_line' id='line_1_68' title="bbox 361 3776 2012 3856; baseline -0.001 -21"><span class='ocrx_word' id='word_1_400' title='bbox 361 3777 419 3835; x_wconf 65' lang='grc' dir='ltr'>δὲ</span> <span class='ocrx_word' id='word_1_401' title='bbox 474 3779 571 3835; x_wconf 78' lang='grc' dir='ltr'>καὶ</span> <span class='ocrx_word' id='word_1_402' title='bbox 625 3779 830 3856; x_wconf 74' lang='grc' dir='ltr'>Ἰωσὴφ</span> <span class='ocrx_word' id='word_1_403' title='bbox 888 3779 916 3833; x_wconf 91' lang='lat'>6</span> <span class='ocrx_word' id='word_1_404' title='bbox 978 3776 1149 3853; x_wconf 80' lang='grc' dir='ltr'>φύλαξ</span> <span class='ocrx_word' id='word_1_405' title='bbox 1196 3783 1297 3847; x_wconf 78' lang='grc' dir='ltr'>τῆς</span> <span class='ocrx_word' id='word_1_406' title='bbox 1355 3778 1632 3854; x_wconf 73' lang='grc' dir='ltr'>Παρθένου</span> <span class='ocrx_word' id='word_1_407' title='bbox 1683 3777 1775 3833; x_wconf 81' lang='grc' dir='ltr'>σὺν</span> <span class='ocrx_word' id='word_1_408' title='bbox 1826 3778 1962 3853; x_wconf 79' lang='grc' dir='ltr'>αὐτῇ</span> <span class='ocrx_word' id='word_1_409' title='bbox 1997 3823 2012 3848; x_wconf 91' lang='grc'>,</span> 
     </span>
    </p>
   </div>
   <div class='ocr_carea' id='block_1_65' title="bbox 360 3864 2011 3946">
    <p class='ocr_par' dir='ltr' id='par_1_65' title="bbox 360 3864 2011 3946">
     <span class='ocr_line' id='line_1_69' title="bbox 360 3864 2011 3946; baseline -0.002 -21"><span class='ocrx_word' id='word_1_410' title='bbox 360 3871 746 3946; x_wconf 66' lang='grc' dir='ltr'>ἀπογραφῆναι</span> <span class='ocrx_word' id='word_1_411' title='bbox 778 3868 855 3929; x_wconf 72' lang='grc' dir='ltr'>εἰς</span> <span class='ocrx_word' id='word_1_412' title='bbox 900 3864 1178 3939; x_wconf 80' lang='grc' dir='ltr'>Βηθλεέμ.</span> <span class='ocrx_word' id='word_1_413' title='bbox 1240 3865 1339 3923; x_wconf 79' lang='grc' dir='ltr'>Καὶ</span> <span class='ocrx_word' id='word_1_414' title='bbox 1377 3864 1493 3921; x_wconf 81' lang='grc' dir='ltr'>ἐπεὶ</span> <span class='ocrx_word' id='word_1_415' title='bbox 1548 3864 1749 3940; x_wconf 82' lang='grc' dir='ltr'>ἔμελλε</span> <span class='ocrx_word' id='word_1_416' title='bbox 1776 3873 1949 3923; x_wconf 79' lang='grc' dir='ltr'>τεκεῖν</span> <span class='ocrx_word' id='word_1_417' title='bbox 1976 3870 2011 3937; x_wconf 73' lang='grc' dir='ltr'>ἡ</span> 
     </span>
    </p>
   </div>
   <div class='ocr_carea' id='block_1_66' title="bbox 365 3952 2013 4035">
    <p class='ocr_par' dir='ltr' id='par_1_66' title="bbox 365 3952 2013 4035">
     <span class='ocr_line' id='line_1_70' title="bbox 365 3952 2013 4035; baseline -0.001 -21"><span class='ocrx_word' id='word_1_418' title='bbox 365 3959 645 4034; x_wconf 79' lang='grc' dir='ltr'>Παρθὲνος</span> <span class='ocrx_word' id='word_1_419' title='bbox 680 4001 695 4026; x_wconf 94' lang='grc'>,</span> <span class='ocrx_word' id='word_1_420' title='bbox 760 3958 835 4031; x_wconf 77' lang='grc' dir='ltr'>μὴ</span> <span class='ocrx_word' id='word_1_421' title='bbox 922 3955 1243 4035; x_wconf 80' lang='grc' dir='ltr'>εὖρίσκουσᾳ</span> <span class='ocrx_word' id='word_1_422' title='bbox 1298 3952 1507 4029; x_wconf 77' lang='grc' dir='ltr'>οἷίιημα</span> <span class='ocrx_word' id='word_1_423' title='bbox 1556 3953 1645 4011; x_wconf 69' lang='grc' dir='ltr'>διὰ</span> <span class='ocrx_word' id='word_1_424' title='bbox 1688 3956 1781 4011; x_wconf 84' lang='grc' dir='ltr'>τὸν</span> <span class='ocrx_word' id='word_1_425' title='bbox 1838 3954 2013 4012; x_wconf 83' lang='grc' dir='ltr'>πολὺν</span> 
     </span>
    </p>
   </div>
   <div class='ocr_carea' id='block_1_67' title="bbox 359 4040 2014 4121">
    <p class='ocr_par' dir='ltr' id='par_1_67' title="bbox 359 4040 2014 4121">
     <span class='ocr_line' id='line_1_71' title="bbox 359 4040 2014 4121; baseline -0.001 -17"><span class='ocrx_word' id='word_1_426' title='bbox 359 4050 515 4117; x_wconf 81' lang='grc' dir='ltr'>λαὸν,</span> <span class='ocrx_word' id='word_1_427' title='bbox 544 4044 796 4112; x_wconf 77' lang='grc' dir='ltr'>εἰσῆλθεν</span> <span class='ocrx_word' id='word_1_428' title='bbox 830 4045 907 4109; x_wconf 79' lang='grc' dir='ltr'>εἰς</span> <span class='ocrx_word' id='word_1_429' title='bbox 938 4045 1200 4121; x_wconf 83' lang='grc' dir='ltr'>πενιχρὸν</span> <span class='ocrx_word' id='word_1_430' title='bbox 1229 4042 1521 4115; x_wconf 78' lang='grc' dir='ltr'>σπήλαιον·</span> <span class='ocrx_word' id='word_1_431' title='bbox 1552 4046 1644 4100; x_wconf 82' lang='grc' dir='ltr'>καὶ</span> <span class='ocrx_word' id='word_1_432' title='bbox 1682 4043 1793 4101; x_wconf 82' lang='grc' dir='ltr'>ἐκεῖ</span> <span class='ocrx_word' id='word_1_433' title='bbox 1838 4040 2014 4102; x_wconf 77' lang='grc' dir='ltr'>ἔτεκεν</span> 
     </span>
    </p>
   </div>
   <div class='ocr_carea' id='block_1_68' title="bbox 360 4134 2014 4215">
    <p class='ocr_par' dir='ltr' id='par_1_68' title="bbox 360 4134 2014 4215">
     <span class='ocr_line' id='line_1_72' title="bbox 360 4134 2014 4215; baseline -0.003 -20"><span class='ocrx_word' id='word_1_434' title='bbox 360 4139 616 4215; x_wconf 63' lang='grc' dir='ltr'>ἀφθόρως</span> <span class='ocrx_word' id='word_1_435' title='bbox 686 4136 779 4191; x_wconf 80' lang='grc' dir='ltr'>τὸν</span> <span class='ocrx_word' id='word_1_436' title='bbox 866 4136 1063 4210; x_wconf 74' lang='grc' dir='ltr'>Κύριον</span> <span class='ocrx_word' id='word_1_437' title='bbox 1135 4136 1294 4208; x_wconf 78' lang='grc' dir='ltr'>ἡμῶν</span> <span class='ocrx_word' id='word_1_438' title='bbox 1352 4138 1562 4203; x_wconf 77' lang='grc' dir='ltr'>Ἰησοῦν</span> <span class='ocrx_word' id='word_1_439' title='bbox 1620 4134 1869 4209; x_wconf 81' lang='grc' dir='ltr'>Χριστόν·</span> <span class='ocrx_word' id='word_1_440' title='bbox 1904 4136 2014 4190; x_wconf 81' lang='grc' dir='ltr'>’καὶ</span> 
     </span>
    </p>
   </div>
   <div class='ocr_carea' id='block_1_69' title="bbox 361 4223 2015 4304">
    <p class='ocr_par' dir='ltr' id='par_1_69' title="bbox 361 4223 2015 4304">
     <span class='ocr_line' id='line_1_73' title="bbox 361 4223 2015 4304; baseline -0.002 -21"><span class='ocrx_word' id='word_1_441' title='bbox 361 4228 801 4304; x_wconf 75' lang='grc' dir='ltr'>ἐσπαργάνωσεν,</span> <span class='ocrx_word' id='word_1_442' title='bbox 831 4225 905 4287; x_wconf 84' lang='grc' dir='ltr'>ὡς</span> <span class='ocrx_word' id='word_1_443' title='bbox 949 4223 1166 4302; x_wconf 75' lang='grc' dir='ltr'>βρέφος,</span> <span class='ocrx_word' id='word_1_444' title='bbox 1201 4226 1296 4279; x_wconf 84' lang='grc' dir='ltr'>τὸν</span> <span class='ocrx_word' id='word_1_445' title='bbox 1342 4228 1451 4279; x_wconf 83' lang='grc' dir='ltr'>τῶν</span> <span class='ocrx_word' id='word_1_446' title='bbox 1483 4223 1731 4279; x_wconf 84' lang='grc' dir='ltr'>ἁπάντων</span> <span class='ocrx_word' id='word_1_447' title='bbox 1757 4224 2015 4297; x_wconf 85' lang='grc' dir='ltr'>Κτίστην,</span> 
     </span>
    </p>
   </div>
   <div class='ocr_carea' id='block_1_70' title="bbox 361 4310 2018 4392">
    <p class='ocr_par' dir='ltr' id='par_1_70' title="bbox 361 4310 2018 4392">
     <span class='ocr_line' id='line_1_74' title="bbox 361 4310 2018 4392; baseline -0.003 -18"><span class='ocrx_word' id='word_1_448' title='bbox 361 4319 449 4374; x_wconf 74' lang='grc' dir='ltr'>καὶ</span> <span class='ocrx_word' id='word_1_449' title='bbox 480 4313 676 4387; x_wconf 80' lang='grc' dir='ltr'>ἔθηκεν</span> <span class='ocrx_word' id='word_1_450' title='bbox 709 4316 762 4371; x_wconf 76' lang='grc' dir='ltr'>ἐν</span> <span class='ocrx_word' id='word_1_451' title='bbox 791 4320 862 4391; x_wconf 76' lang='grc' dir='ltr'>τῇ</span> <span class='ocrx_word' id='word_1_452' title='bbox 914 4319 1022 4372; x_wconf 80' lang='grc' dir='ltr'>τῶν</span> <span class='ocrx_word' id='word_1_453' title='bbox 1087 4314 1300 4392; x_wconf 81' lang='grc' dir='ltr'>ἀλόγων</span> <span class='ocrx_word' id='word_1_454' title='bbox 1352 4315 1548 4391; x_wconf 79' lang='grc' dir='ltr'>φάτνῃ,</span> <span class='ocrx_word' id='word_1_455' title='bbox 1607 4317 1681 4377; x_wconf 83' lang='grc' dir='ltr'>ὡς</span> <span class='ocrx_word' id='word_1_456' title='bbox 1744 4310 2018 4388; x_wconf 72' lang='grc' dir='ltr'>μέλλοντα</span> 
     </span>
    </p>
   </div>
   <div class='ocr_carea' id='block_1_71' title="bbox 367 4402 1222 4482">
    <p class='ocr_par' dir='ltr' id='par_1_71' title="bbox 367 4402 1222 4482">
     <span class='ocr_line' id='line_1_75' title="bbox 367 4402 1222 4482; baseline -0.001 -21"><span class='ocrx_word' id='word_1_457' title='bbox 367 4407 630 4482; x_wconf 71' lang='grc' dir='ltr'>ῥύσασθαι</span> <span class='ocrx_word' id='word_1_458' title='bbox 663 4407 810 4478; x_wconf 73' lang='grc' dir='ltr'>ἡμᾶς</span> <span class='ocrx_word' id='word_1_459' title='bbox 838 4408 937 4470; x_wconf 84' lang='grc' dir='ltr'>τῆς</span> <span class='ocrx_word' id='word_1_460' title='bbox 967 4402 1222 4479; x_wconf 83' lang='grc' dir='ltr'>ἀλογίας.</span> 
     </span>
    </p>
   </div>
   <div class='ocr_carea' id='block_1_72' title="bbox 959 4521 1455 4596">
    <p class='ocr_par' dir='ltr' id='par_1_72' title="bbox 959 4521 1455 4596">
     <span class='ocr_line' id='line_1_76' title="bbox 959 4521 1455 4596; baseline -0.01 0"><span class='ocrx_word' id='word_1_461' title='bbox 959 4525 1041 4596; x_wconf 75' lang='grc' dir='ltr'>Τῇ</span> <span class='ocrx_word' id='word_1_462' title='bbox 1086 4521 1222 4595; x_wconf 68' lang='grc' dir='ltr'>αὐτῇ</span> <span class='ocrx_word' id='word_1_463' title='bbox 1272 4523 1455 4596; x_wconf 74' lang='grc' dir='ltr'>ἡμερᾳ</span> 
     </span>
    </p>
   </div>
   <div class='ocr_carea' id='block_1_73' title="bbox 759 4609 1626 4686">
    <p class='ocr_par' dir='ltr' id='par_1_73' title="bbox 759 4609 1626 4686">
     <span class='ocr_line' id='line_1_77' title="bbox 759 4609 1626 4686; baseline -0.006 -16"><span class='ocrx_word' id='word_1_464' title='bbox 759 4614 824 4670; x_wconf 83' lang='grc' dir='ltr'>Ἡ</span> <span class='ocrx_word' id='word_1_465' title='bbox 852 4616 959 4668; x_wconf 83' lang='grc' dir='ltr'>τῶν</span> <span class='ocrx_word' id='word_1_466' title='bbox 991 4612 1199 4686; x_wconf 78' lang='grc' dir='ltr'>Μάγων</span> <span class='ocrx_word' id='word_1_467' title='bbox 1236 4609 1626 4685; x_wconf 81' lang='grc' dir='ltr'>προσκύνησις.</span> 
     </span>
    </p>
   </div>
   <div class='ocr_carea' id='block_1_74' title="bbox 436 4697 2020 4779">
    <p class='ocr_par' dir='ltr' id='par_1_74' title="bbox 436 4697 2020 4779">
     <span class='ocr_line' id='line_1_78' title="bbox 436 4697 2020 4779; baseline -0.004 -20"><span class='ocrx_word' id='word_1_468' title='bbox 436 4707 509 4761; x_wconf 82' lang='grc' dir='ltr'>Εν</span> <span class='ocrx_word' id='word_1_469' title='bbox 570 4708 691 4765; x_wconf 80' lang='grc' dir='ltr'>ταῖς</span> <span class='ocrx_word' id='word_1_470' title='bbox 751 4703 986 4779; x_wconf 75' lang='grc' dir='ltr'>ἡμέραις</span> <span class='ocrx_word' id='word_1_471' title='bbox 1036 4699 1263 4761; x_wconf 69' lang='grc' dir='ltr'>ἐκείναις</span> <span class='ocrx_word' id='word_1_472' title='bbox 1319 4697 1662 4773; x_wconf 65' lang='grc' dir='ltr'>ἐγένετόοτις</span> <span class='ocrx_word' id='word_1_473' title='bbox 1719 4698 1906 4772; x_wconf 79' lang='grc' dir='ltr'>μάντις</span> <span class='ocrx_word' id='word_1_474' title='bbox 1935 4697 2020 4753; x_wconf 81' lang='grc' dir='ltr'>λε-</span> 
     </span>
    </p>
   </div>
   <div class='ocr_carea' id='block_1_75' title="bbox 366 4788 2021 4867">
    <p class='ocr_par' dir='ltr' id='par_1_75' title="bbox 366 4788 2021 4867">
     <span class='ocr_line' id='line_1_79' title="bbox 366 4788 2021 4867; baseline -0.004 -19"><span class='ocrx_word' id='word_1_475' title='bbox 366 4795 598 4867; x_wconf 79' lang='grc' dir='ltr'>γόμενος</span> <span class='ocrx_word' id='word_1_476' title='bbox 658 4790 914 4865; x_wconf 78' lang='grc' dir='ltr'>Βαλαάμ,</span> <span class='ocrx_word' id='word_1_477' title='bbox 995 4789 1049 4845; x_wconf 74' lang='grc' dir='ltr'>ἐν</span> <span class='ocrx_word' id='word_1_478' title='bbox 1133 4793 1202 4853; x_wconf 80' lang='grc' dir='ltr'>τῆ</span> <span class='ocrx_word' id='word_1_479' title='bbox 1262 4792 1371 4842; x_wconf 85' lang='grc' dir='ltr'>τῶν</span> <span class='ocrx_word' id='word_1_480' title='bbox 1430 4791 1647 4860; x_wconf 80' lang='grc' dir='ltr'>Περσῶν</span> <span class='ocrx_word' id='word_1_481' title='bbox 1702 4789 1881 4863; x_wconf 82' lang='grc' dir='ltr'>χώρᾳ·</span> <span class='ocrx_word' id='word_1_482' title='bbox 1930 4788 2021 4843; x_wconf 81' lang='grc' dir='ltr'>καὶ</span> 
     </span>
    </p>
   </div>
   <div class='ocr_carea' id='block_1_76' title="bbox 374 4875 2019 4955">
    <p class='ocr_par' dir='ltr' id='par_1_76' title="bbox 374 4875 2019 4955">
     <span class='ocr_line' id='line_1_80' title="bbox 374 4875 2019 4955; baseline -0.003 -19"><span class='ocrx_word' id='word_1_483' title='bbox 374 4884 812 4955; x_wconf 79' lang='grc' dir='ltr'>μαντευσάμενος</span> <span class='ocrx_word' id='word_1_484' title='bbox 892 4880 981 4935; x_wconf 81' lang='grc' dir='ltr'>καὶ</span> <span class='ocrx_word' id='word_1_485' title='bbox 1043 4876 1188 4934; x_wconf 74' lang='grc' dir='ltr'>ἄλλά</span> <span class='ocrx_word' id='word_1_486' title='bbox 1252 4875 1458 4945; x_wconf 74' lang='grc' dir='ltr'>πολλὰ,</span> <span class='ocrx_word' id='word_1_487' title='bbox 1517 4879 1634 4932; x_wconf 81' lang='grc' dir='ltr'>εἷπε</span> <span class='ocrx_word' id='word_1_488' title='bbox 1690 4875 1781 4930; x_wconf 86' lang='grc' dir='ltr'>καὶ</span> <span class='ocrx_word' id='word_1_489' title='bbox 1838 4880 2019 4931; x_wconf 78' lang='grc' dir='ltr'>τοῦτο’</span> 
     </span>
    </p>
   </div>
   <div class='ocr_carea' id='block_1_77' title="bbox 372 4960 2022 5045">
    <p class='ocr_par' dir='ltr' id='par_1_77' title="bbox 372 4960 2022 5045">
     <span class='ocr_line' id='line_1_81' title="bbox 372 4963 1975 4994; baseline -0.007 1"><span class='ocrx_word' id='word_1_490' title='bbox 372 4974 386 4994; x_wconf 65' lang='grc' dir='ltr'><strong>Ι</strong></span> <span class='ocrx_word' id='word_1_491' title='bbox 633 4975 658 4987; x_wconf 60' lang='grc' dir='ltr'>θ</span> <span class='ocrx_word' id='word_1_492' title='bbox 747 4967 777 4989; x_wconf 57' lang='grc' dir='ltr'>θ’</span> <span class='ocrx_word' id='word_1_493' title='bbox 1155 4970 1171 4991; x_wconf 72' lang='lat'><strong>,</strong></span> <span class='ocrx_word' id='word_1_494' title='bbox 1287 4967 1299 4984; x_wconf 70' lang='lat'>‘</span> <span class='ocrx_word' id='word_1_495' title='bbox 1513 4964 1525 4983; x_wconf 54' lang='grc' dir='ltr'>δ</span> <span class='ocrx_word' id='word_1_496' title='bbox 1732 4963 1745 4983; x_wconf 77' lang='grc' dir='ltr'><em>Ῑ</em></span> <span class='ocrx_word' id='word_1_497' title='bbox 1963 4964 1975 4983; x_wconf 75' lang='lat'><strong><em>\</em></strong></span> 
     </span>
     <span class='ocr_line' id='line_1_82' title="bbox 386 4960 2022 5045; baseline -0.005 -18"><span class='ocrx_word' id='word_1_498' title='bbox 386 4970 656 5030; x_wconf 69' lang='grc' dir='ltr'>Δνατελει</span> <span class='ocrx_word' id='word_1_499' title='bbox 740 4990 936 5045; x_wconf 83' lang='grc' dir='ltr'>αστρον</span> <span class='ocrx_word' id='word_1_500' title='bbox 1022 4967 1072 5037; x_wconf 77' lang='grc' dir='ltr'>ἐξ</span> <span class='ocrx_word' id='word_1_501' title='bbox 1176 4960 1355 5024; x_wconf 75' lang='grc' dir='ltr'>Ιακωϐ</span> <span class='ocrx_word' id='word_1_502' title='bbox 1438 4986 1528 5019; x_wconf 78' lang='grc' dir='ltr'>και</span> <span class='ocrx_word' id='word_1_503' title='bbox 1615 4976 1832 5040; x_wconf 84' lang='grc' dir='ltr'>θραυσει</span> <span class='ocrx_word' id='word_1_504' title='bbox 1894 4987 2022 5028; x_wconf 90' lang='grc' dir='ltr'>τους</span> 
     </span>
    </p>
   </div>
   <div class='ocr_carea' id='block_1_78' title="bbox 374 5051 2019 5129">
    <p class='ocr_par' dir='ltr' id='par_1_78' title="bbox 374 5051 2019 5129">
     <span class='ocr_line' id='line_1_83' title="bbox 374 5051 2019 5129; baseline -0.004 -14"><span class='ocrx_word' id='word_1_505' title='bbox 374 5060 523 5125; x_wconf 62' lang='grc' dir='ltr'>υἱοὺς</span> <span class='ocrx_word' id='word_1_506' title='bbox 553 5053 747 5115; x_wconf 74' lang='grc' dir='ltr'>Μωάϐ.</span> <span class='ocrx_word' id='word_1_507' title='bbox 779 5059 1040 5118; x_wconf 68' lang='grc' dir='ltr'>Ἔχοντες</span> <span class='ocrx_word' id='word_1_508' title='bbox 1072 5056 1165 5110; x_wconf 80' lang='grc' dir='ltr'>οὗν</span> <span class='ocrx_word' id='word_1_509' title='bbox 1195 5056 1247 5109; x_wconf 79' lang='lat' dir='ltr'>ol</span> <span class='ocrx_word' id='word_1_510' title='bbox 1278 5051 1442 5109; x_wconf 72' lang='grc' dir='ltr'>ἄλλοι</span> <span class='ocrx_word' id='word_1_511' title='bbox 1479 5053 1694 5126; x_wconf 74' lang='grc' dir='ltr'>μάντεις</span> <span class='ocrx_word' id='word_1_512' title='bbox 1721 5055 1811 5108; x_wconf 73' lang='grc' dir='ltr'>καὶ</span> <span class='ocrx_word' id='word_1_513' title='bbox 1861 5053 2019 5129; x_wconf 80' lang='grc' dir='ltr'>μάγοι</span> 
     </span>
    </p>
   </div>
   <div class='ocr_carea' id='block_1_79' title="bbox 370 5140 2022 5225">
    <p class='ocr_par' dir='ltr' id='par_1_79' title="bbox 370 5140 2022 5225">
     <span class='ocr_line' id='line_1_84' title="bbox 370 5140 2022 5225; baseline -0.005 -18"><span class='ocrx_word' id='word_1_514' title='bbox 370 5154 469 5223; x_wconf 72' lang='grc' dir='ltr'>τήν</span> <span class='ocrx_word' id='word_1_515' title='bbox 495 5150 759 5220; x_wconf 81' lang='grc' dir='ltr'>τοιαύτην</span> <span class='ocrx_word' id='word_1_516' title='bbox 808 5145 1146 5225; x_wconf 77' lang='grc' dir='ltr'>προφητείαν</span> <span class='ocrx_word' id='word_1_517' title='bbox 1204 5145 1340 5200; x_wconf 80' lang='grc' dir='ltr'>κατὰ</span> <span class='ocrx_word' id='word_1_518' title='bbox 1402 5140 1695 5218; x_wconf 70' lang='grc' dir='ltr'>διαδοχὴν,</span> <span class='ocrx_word' id='word_1_519' title='bbox 1744 5141 2022 5200; x_wconf 69' lang='grc' dir='ltr'>ἐδίδασκον</span> 
     </span>
    </p>
   </div>
   <div class='ocr_carea' id='block_1_80' title="bbox 375 5231 2025 5310">
    <p class='ocr_par' dir='ltr' id='par_1_80' title="bbox 375 5231 2025 5310">
     <span class='ocr_line' id='line_1_85' title="bbox 375 5231 2025 5310; baseline -0.005 -14"><span class='ocrx_word' id='word_1_520' title='bbox 375 5243 573 5302; x_wconf 80' lang='grc' dir='ltr'>πάντας</span> <span class='ocrx_word' id='word_1_521' title='bbox 600 5238 729 5301; x_wconf 74' lang='grc' dir='ltr'>τοὺς</span> <span class='ocrx_word' id='word_1_522' title='bbox 760 5243 869 5293; x_wconf 82' lang='grc' dir='ltr'>τῶν</span> <span class='ocrx_word' id='word_1_523' title='bbox 911 5238 1133 5310; x_wconf 79' lang='grc' dir='ltr'>Περσῶν</span> <span class='ocrx_word' id='word_1_524' title='bbox 1194 5234 1433 5307; x_wconf 74' lang='grc' dir='ltr'>μάντειςο</span> <span class='ocrx_word' id='word_1_525' title='bbox 1492 5232 1581 5287; x_wconf 84' lang='grc' dir='ltr'>καὶ</span> <span class='ocrx_word' id='word_1_526' title='bbox 1638 5231 1906 5306; x_wconf 65' lang='grc' dir='ltr'>περιῆλθε</span> <span class='ocrx_word' id='word_1_527' title='bbox 1936 5251 2025 5306; x_wconf 67' lang='grc' dir='ltr'>καὶ</span> 
     </span>
    </p>
   </div>
   <div class='ocr_carea' id='block_1_81' title="bbox 375 5320 2027 5403">
    <p class='ocr_par' dir='ltr' id='par_1_81' title="bbox 375 5320 2027 5403">
     <span class='ocr_line' id='line_1_86' title="bbox 375 5320 2027 5403; baseline -0.004 -18"><span class='ocrx_word' id='word_1_528' title='bbox 375 5332 449 5393; x_wconf 77' lang='grc' dir='ltr'>εἷς</span> <span class='ocrx_word' id='word_1_529' title='bbox 476 5330 604 5392; x_wconf 69' lang='grc' dir='ltr'>τοὺς</span> <span class='ocrx_word' id='word_1_530' title='bbox 636 5327 773 5403; x_wconf 84' lang='grc' dir='ltr'>μετά</span> <span class='ocrx_word' id='word_1_531' title='bbox 824 5330 992 5381; x_wconf 78' lang='grc' dir='ltr'>ταῦτα</span> <span class='ocrx_word' id='word_1_532' title='bbox 1052 5324 1272 5396; x_wconf 82' lang='grc' dir='ltr'>Μάγους</span> <span class='ocrx_word' id='word_1_533' title='bbox 1317 5324 1459 5395; x_wconf 80' lang='grc' dir='ltr'>ὁμοῦ</span> <span class='ocrx_word' id='word_1_534' title='bbox 1515 5320 1603 5376; x_wconf 84' lang='grc' dir='ltr'>καὶ</span> <span class='ocrx_word' id='word_1_535' title='bbox 1641 5321 1888 5397; x_wconf 85' lang='grc' dir='ltr'>βασιλεῖς</span> <span class='ocrx_word' id='word_1_536' title='bbox 1916 5328 2027 5378; x_wconf 84' lang='grc' dir='ltr'>τῶν</span> 
     </span>
    </p>
   </div>
   <div class='ocr_carea' id='block_1_82' title="bbox 376 5410 2026 5495">
    <p class='ocr_par' dir='ltr' id='par_1_82' title="bbox 376 5410 2026 5495">
     <span class='ocr_line' id='line_1_87' title="bbox 376 5410 2026 5495; baseline -0.004 -20"><span class='ocrx_word' id='word_1_537' title='bbox 376 5423 614 5493; x_wconf 81' lang='grc' dir='ltr'>Περσῶν,</span> <span class='ocrx_word' id='word_1_538' title='bbox 670 5421 819 5495; x_wconf 85' lang='grc' dir='ltr'>τρεῖς</span> <span class='ocrx_word' id='word_1_539' title='bbox 873 5412 1057 5484; x_wconf 78' lang='grc' dir='ltr'>ὄντας,</span> <span class='ocrx_word' id='word_1_540' title='bbox 1111 5411 1202 5467; x_wconf 84' lang='grc' dir='ltr'>καὶ</span> <span class='ocrx_word' id='word_1_541' title='bbox 1260 5413 1623 5487; x_wconf 76' lang='grc' dir='ltr'>παρετήρουν,</span> <span class='ocrx_word' id='word_1_542' title='bbox 1680 5411 1813 5467; x_wconf 83' lang='grc' dir='ltr'>πότε</span> <span class='ocrx_word' id='word_1_543' title='bbox 1870 5410 2026 5469; x_wconf 70' lang='grc' dir='ltr'>ἴδωσι</span> 
     </span>
    </p>
   </div>
   <div class='ocr_carea' id='block_1_83' title="bbox 372 5497 2029 5583">
    <p class='ocr_par' dir='ltr' id='par_1_83' title="bbox 372 5497 2029 5583">
     <span class='ocr_line' id='line_1_88' title="bbox 372 5497 2029 5583; baseline -0.003 -19"><span class='ocrx_word' id='word_1_544' title='bbox 372 5510 460 5565; x_wconf 78' lang='grc' dir='ltr'>τὸν</span> <span class='ocrx_word' id='word_1_545' title='bbox 490 5509 685 5583; x_wconf 74' lang='grc' dir='ltr'>ἀστέρα</span> <span class='ocrx_word' id='word_1_546' title='bbox 711 5509 987 5563; x_wconf 77' lang='grc' dir='ltr'>τοιοῦτον.</span> <span class='ocrx_word' id='word_1_547' title='bbox 1043 5504 1133 5564; x_wconf 85' lang='grc' dir='ltr'>Ὦς</span> <span class='ocrx_word' id='word_1_548' title='bbox 1189 5500 1524 5577; x_wconf 81' lang='grc' dir='ltr'>ἀστρύνομοι</span> <span class='ocrx_word' id='word_1_549' title='bbox 1584 5497 1642 5554; x_wconf 69' lang='grc' dir='ltr'>δὲ</span> <span class='ocrx_word' id='word_1_550' title='bbox 1707 5498 1911 5564; x_wconf 70' lang='grc' dir='ltr'>ΐδόντες</span> <span class='ocrx_word' id='word_1_551' title='bbox 1938 5503 2029 5559; x_wconf 86' lang='grc' dir='ltr'>τὸν</span> 
     </span>
    </p>
   </div>
   <div class='ocr_carea' id='block_1_84' title="bbox 373 5589 2026 5675">
    <p class='ocr_par' dir='ltr' id='par_1_84' title="bbox 373 5589 2026 5675">
     <span class='ocr_line' id='line_1_89' title="bbox 373 5589 2026 5675; baseline -0.004 -22"><span class='ocrx_word' id='word_1_552' title='bbox 373 5602 463 5653; x_wconf 76' lang='grc' dir='ltr'>τοῦ</span> <span class='ocrx_word' id='word_1_553' title='bbox 491 5600 727 5675; x_wconf 74' lang='grc' dir='ltr'>Χριστοῦ</span> <span class='ocrx_word' id='word_1_554' title='bbox 759 5595 984 5669; x_wconf 68' lang='grc' dir='ltr'>ἀστέρα,</span> <span class='ocrx_word' id='word_1_555' title='bbox 1008 5593 1093 5647; x_wconf 82' lang='grc' dir='ltr'>δτι</span> <span class='ocrx_word' id='word_1_556' title='bbox 1137 5590 1237 5645; x_wconf 74' lang='grc' dir='ltr'>οὐκ</span> <span class='ocrx_word' id='word_1_557' title='bbox 1292 5590 1464 5645; x_wconf 77' lang='grc' dir='ltr'>ἐποίει</span> <span class='ocrx_word' id='word_1_558' title='bbox 1518 5589 1617 5656; x_wconf 71' lang='grc' dir='ltr'>τὴν</span> <span class='ocrx_word' id='word_1_559' title='bbox 1671 5591 1919 5665; x_wconf 74' lang='grc' dir='ltr'>πορείαν,</span> <span class='ocrx_word' id='word_1_560' title='bbox 1952 5594 2026 5655; x_wconf 82' lang='grc' dir='ltr'>ὡς</span> 
     </span>
    </p>
   </div>
   <div class='ocr_carea' id='block_1_85' title="bbox 378 5675 2028 5761">
    <p class='ocr_par' dir='ltr' id='par_1_85' title="bbox 378 5675 2028 5761">
     <span class='ocr_line' id='line_1_90' title="bbox 378 5675 2028 5761; baseline -0.005 -20"><span class='ocrx_word' id='word_1_561' title='bbox 378 5688 428 5745; x_wconf 77' lang='lat' dir='ltr'>oi</span> <span class='ocrx_word' id='word_1_562' title='bbox 463 5688 649 5745; x_wconf 82' lang='grc' dir='ltr'>λοιποὶ</span> <span class='ocrx_word' id='word_1_563' title='bbox 681 5687 934 5761; x_wconf 77' lang='grc' dir='ltr'>ἀστέρες,</span> <span class='ocrx_word' id='word_1_564' title='bbox 975 5680 1086 5737; x_wconf 85' lang='grc' dir='ltr'>ἀπὸ</span> <span class='ocrx_word' id='word_1_565' title='bbox 1115 5679 1390 5736; x_wconf 80' lang='grc' dir='ltr'>ἀνατολῶν</span> <span class='ocrx_word' id='word_1_566' title='bbox 1422 5676 1509 5734; x_wconf 79' lang='grc' dir='ltr'>ἐπὶ</span> <span class='ocrx_word' id='word_1_567' title='bbox 1564 5675 1735 5751; x_wconf 70' lang='grc' dir='ltr'>δύσιν,</span> <span class='ocrx_word' id='word_1_568' title='bbox 1768 5685 1894 5743; x_wconf 80' lang='grc' dir='ltr'>ἀλλ’</span> <span class='ocrx_word' id='word_1_569' title='bbox 1954 5688 2028 5754; x_wconf 77' lang='grc' dir='ltr'>ὡς</span> 
     </span>
    </p>
   </div>
   <div class='ocr_carea' id='block_1_86' title="bbox 2055 4612 2102 4676">
    <p class='ocr_par' dir='ltr' id='par_1_86' title="bbox 2055 4612 2102 4676">
     <span class='ocr_line' id='line_1_91' title="bbox 2055 4612 2102 4676; baseline 0 0"><span class='ocrx_word' id='word_1_570' title='bbox 2055 4612 2102 4676; x_wconf 87' lang='lat' dir='ltr'><strong>D</strong></span> 
     </span>
    </p>
   </div>
   <div class='ocr_carea' id='block_1_87' title="bbox 2119 3327 3809 3407">
    <p class='ocr_par' dir='ltr' id='par_1_87' title="bbox 2119 3327 3809 3407">
     <span class='ocr_line' id='line_1_92' title="bbox 2119 3327 3809 3407; baseline -0.012 -6"><span class='ocrx_word' id='word_1_571' title='bbox 2119 3350 2342 3401; x_wconf 90' lang='lat' dir='ltr'>noster.</span> <span class='ocrx_word' id='word_1_572' title='bbox 2375 3343 2606 3399; x_wconf 84' lang='lat' dir='ltr'>Exactis</span> <span class='ocrx_word' id='word_1_573' title='bbox 2623 3346 2822 3397; x_wconf 89' lang='lat' dir='ltr'>autem</span> <span class='ocrx_word' id='word_1_574' title='bbox 2854 3356 2886 3394; x_wconf 90' lang='lat' dir='ltr'>a</span> <span class='ocrx_word' id='word_1_575' title='bbox 2910 3335 3299 3407; x_wconf 90' lang='lat' dir='ltr'>conceptione</span> <span class='ocrx_word' id='word_1_576' title='bbox 3321 3345 3529 3386; x_wconf 87' lang='lat' dir='ltr'>novem</span> <span class='ocrx_word' id='word_1_577' title='bbox 3554 3327 3773 3383; x_wconf 90' lang='lat' dir='ltr'>mensi-</span> <span class='ocrx_word' id='word_1_578' title='bbox 3802 3396 3809 3399; x_wconf 28' lang='grc' dir='ltr'><em>ι</em></span> 
     </span>
    </p>
   </div>
   <div class='ocr_carea' id='block_1_88' title="bbox 2121 3418 3771 3506">
    <p class='ocr_par' dir='ltr' id='par_1_88' title="bbox 2121 3418 3771 3506">
     <span class='ocr_line' id='line_1_93' title="bbox 2121 3418 3771 3506; baseline -0.013 -14"><span class='ocrx_word' id='word_1_579' title='bbox 2121 3436 2251 3506; x_wconf 89' lang='lat' dir='ltr'>bus,</span> <span class='ocrx_word' id='word_1_580' title='bbox 2280 3434 2423 3490; x_wconf 86' lang='lat' dir='ltr'>exiit</span> <span class='ocrx_word' id='word_1_581' title='bbox 2451 3433 2710 3489; x_wconf 90' lang='lat' dir='ltr'>edictum</span> <span class='ocrx_word' id='word_1_582' title='bbox 2742 3449 2777 3486; x_wconf 91' lang='lat' dir='ltr'>a</span> <span class='ocrx_word' id='word_1_583' title='bbox 2808 3432 3034 3485; x_wconf 69' lang='lat' dir='ltr'>Caasare</span> <span class='ocrx_word' id='word_1_584' title='bbox 3062 3428 3345 3497; x_wconf 84' lang='lat' dir='ltr'>Augusto,</span> <span class='ocrx_word' id='word_1_585' title='bbox 3377 3426 3441 3476; x_wconf 90' lang='lat' dir='ltr'>ut</span> <span class='ocrx_word' id='word_1_586' title='bbox 3472 3418 3771 3475; x_wconf 87' lang='lat' dir='ltr'>describe-</span> 
     </span>
    </p>
   </div>
   <div class='ocr_carea' id='block_1_89' title="bbox 2121 3510 3768 3588">
    <p class='ocr_par' dir='ltr' id='par_1_89' title="bbox 2121 3510 3768 3588">
     <span class='ocr_line' id='line_1_94' title="bbox 2121 3510 3768 3588; baseline -0.013 -7"><span class='ocrx_word' id='word_1_587' title='bbox 2121 3530 2285 3580; x_wconf 89' lang='lat' dir='ltr'>retur</span> <span class='ocrx_word' id='word_1_588' title='bbox 2314 3530 2471 3579; x_wconf 91' lang='lat' dir='ltr'>totus</span> <span class='ocrx_word' id='word_1_589' title='bbox 2501 3521 2683 3577; x_wconf 86' lang='lat' dir='ltr'>orbis.</span> <span class='ocrx_word' id='word_1_590' title='bbox 2718 3520 3045 3588; x_wconf 86' lang='lat' dir='ltr'>Missusque</span> <span class='ocrx_word' id='word_1_591' title='bbox 3078 3520 3166 3570; x_wconf 90' lang='lat' dir='ltr'>est</span> <span class='ocrx_word' id='word_1_592' title='bbox 3192 3512 3443 3583; x_wconf 87' lang='lat' dir='ltr'>Cyrinus</span> <span class='ocrx_word' id='word_1_593' title='bbox 3491 3510 3768 3563; x_wconf 86' lang='lat' dir='ltr'>Hieroso-</span> 
     </span>
    </p>
   </div>
   <div class='ocr_carea' id='block_1_90' title="bbox 2122 3599 3771 3685">
    <p class='ocr_par' dir='ltr' id='par_1_90' title="bbox 2122 3599 3771 3685">
     <span class='ocr_line' id='line_1_95' title="bbox 2122 3599 3771 3685; baseline -0.013 -17"><span class='ocrx_word' id='word_1_594' title='bbox 2122 3614 2283 3685; x_wconf 87' lang='lat' dir='ltr'>lyma</span> <span class='ocrx_word' id='word_1_595' title='bbox 2310 3614 2373 3668; x_wconf 90' lang='lat' dir='ltr'>in</span> <span class='ocrx_word' id='word_1_596' title='bbox 2404 3611 2770 3677; x_wconf 89' lang='lat' dir='ltr'>Bethlehem,</span> <span class='ocrx_word' id='word_1_597' title='bbox 2803 3612 2868 3662; x_wconf 91' lang='lat' dir='ltr'>ut</span> <span class='ocrx_word' id='word_1_598' title='bbox 2898 3603 3359 3674; x_wconf 87' lang='lat' dir='ltr'>descriptionem</span> <span class='ocrx_word' id='word_1_599' title='bbox 3389 3599 3628 3653; x_wconf 80' lang='lat' dir='ltr'>faceret.</span> <span class='ocrx_word' id='word_1_600' title='bbox 3663 3600 3771 3648; x_wconf 86' lang='lat' dir='ltr'>As-</span> 
     </span>
    </p>
   </div>
   <div class='ocr_carea' id='block_1_91' title="bbox 2122 3691 3773 3767">
    <p class='ocr_par' dir='ltr' id='par_1_91' title="bbox 2122 3691 3773 3767">
     <span class='ocr_line' id='line_1_96' title="bbox 2122 3691 3773 3767; baseline -0.014 -8"><span class='ocrx_word' id='word_1_601' title='bbox 2122 3703 2323 3759; x_wconf 91' lang='lat' dir='ltr'>cendit</span> <span class='ocrx_word' id='word_1_602' title='bbox 2346 3706 2545 3757; x_wconf 87' lang='lat' dir='ltr'>autem</span> <span class='ocrx_word' id='word_1_603' title='bbox 2578 3704 2636 3755; x_wconf 90' lang='lat' dir='ltr'>et</span> <span class='ocrx_word' id='word_1_604' title='bbox 2661 3696 2876 3767; x_wconf 84' lang='lat' dir='ltr'>Joseph</span> <span class='ocrx_word' id='word_1_605' title='bbox 2938 3691 3191 3765; x_wconf 82' lang='lat' dir='ltr'>Virginis</span> <span class='ocrx_word' id='word_1_606' title='bbox 3231 3694 3430 3744; x_wconf 89' lang='lat' dir='ltr'>custos</span> <span class='ocrx_word' id='word_1_607' title='bbox 3472 3701 3596 3740; x_wconf 90' lang='lat' dir='ltr'>una</span> <span class='ocrx_word' id='word_1_608' title='bbox 3637 3698 3773 3739; x_wconf 93' lang='lat' dir='ltr'>cum</span> 
     </span>
    </p>
   </div>
   <div class='ocr_carea' id='block_1_92' title="bbox 2123 3772 3775 3853">
    <p class='ocr_par' dir='ltr' id='par_1_92' title="bbox 2123 3772 3775 3853">
     <span class='ocr_line' id='line_1_97' title="bbox 2123 3772 3775 3853; baseline -0.014 -7"><span class='ocrx_word' id='word_1_609' title='bbox 2123 3792 2229 3847; x_wconf 90' lang='lat' dir='ltr'>illa</span> <span class='ocrx_word' id='word_1_610' title='bbox 2258 3791 2317 3845; x_wconf 86' lang='lat' dir='ltr'>in</span> <span class='ocrx_word' id='word_1_611' title='bbox 2353 3788 2719 3853; x_wconf 88' lang='lat' dir='ltr'>Bethlehem,</span> <span class='ocrx_word' id='word_1_612' title='bbox 2752 3790 2819 3840; x_wconf 89' lang='lat' dir='ltr'>ut</span> <span class='ocrx_word' id='word_1_613' title='bbox 2846 3777 3584 3844; x_wconf 84' lang='lat' dir='ltr'>describeretur.Cumque</span> <span class='ocrx_word' id='word_1_614' title='bbox 3602 3772 3775 3842; x_wconf 86' lang='lat' dir='ltr'>Virgo</span> 
     </span>
    </p>
   </div>
   <div class='ocr_carea' id='block_1_93' title="bbox 2124 3858 3776 3953">
    <p class='ocr_par' dir='ltr' id='par_1_93' title="bbox 2124 3858 3776 3953">
     <span class='ocr_line' id='line_1_98' title="bbox 2124 3858 3776 3953; baseline -0.015 -16"><span class='ocrx_word' id='word_1_615' title='bbox 2124 3881 2391 3953; x_wconf 88' lang='lat' dir='ltr'>paritura</span> <span class='ocrx_word' id='word_1_616' title='bbox 2421 3882 2598 3944; x_wconf 90' lang='lat' dir='ltr'>esset,</span> <span class='ocrx_word' id='word_1_617' title='bbox 2626 3892 2737 3931; x_wconf 90' lang='lat' dir='ltr'>nec</span> <span class='ocrx_word' id='word_1_618' title='bbox 2766 3872 3015 3928; x_wconf 88' lang='lat' dir='ltr'>haberet</span> <span class='ocrx_word' id='word_1_619' title='bbox 3033 3870 3094 3923; x_wconf 91' lang='lat' dir='ltr'>in</span> <span class='ocrx_word' id='word_1_620' title='bbox 3119 3864 3441 3922; x_wconf 89' lang='lat' dir='ltr'>diversorio</span> <span class='ocrx_word' id='word_1_621' title='bbox 3471 3862 3670 3917; x_wconf 92' lang='lat' dir='ltr'>locum</span> <span class='ocrx_word' id='word_1_622' title='bbox 3701 3858 3776 3913; x_wconf 91' lang='lat' dir='ltr'>ob</span> 
     </span>
    </p>
   </div>
   <div class='ocr_carea' id='block_1_94' title="bbox 2125 3947 3783 4035">
    <p class='ocr_par' dir='ltr' id='par_1_94' title="bbox 2125 3947 3783 4035">
     <span class='ocr_line' id='line_1_99' title="bbox 2125 3947 3783 4035; baseline -0.015 -10"><span class='ocrx_word' id='word_1_623' title='bbox 2125 3947 2469 4026; x_wconf 69' lang='lat' dir='ltr'>afﬂuentem</span> <span class='ocrx_word' id='word_1_624' title='bbox 2491 3964 2760 4035; x_wconf 90' lang='lat' dir='ltr'>undique</span> <span class='ocrx_word' id='word_1_625' title='bbox 2775 3958 3241 4024; x_wconf 79' lang='lat' dir='ltr'>multitudinem,</span> <span class='ocrx_word' id='word_1_626' title='bbox 3267 3956 3578 4026; x_wconf 88' lang='lat' dir='ltr'>angustam</span> <span class='ocrx_word' id='word_1_627' title='bbox 3601 3947 3783 4003; x_wconf 90' lang='lat' dir='ltr'>subiit</span> 
     </span>
    </p>
   </div>
   <div class='ocr_carea' id='block_1_95' title="bbox 2127 4039 3778 4132">
    <p class='ocr_par' dir='ltr' id='par_1_95' title="bbox 2127 4039 3778 4132">
     <span class='ocr_line' id='line_1_100' title="bbox 2127 4039 3778 4132; baseline -0.014 -17"><span class='ocrx_word' id='word_1_628' title='bbox 2127 4059 2496 4132; x_wconf 89' lang='lat' dir='ltr'>speluncam,</span> <span class='ocrx_word' id='word_1_629' title='bbox 2528 4054 2729 4126; x_wconf 92' lang='lat' dir='ltr'>ibique</span> <span class='ocrx_word' id='word_1_630' title='bbox 2779 4053 3119 4121; x_wconf 86' lang='lat' dir='ltr'>incorrupte</span> <span class='ocrx_word' id='word_1_631' title='bbox 3177 4044 3409 4119; x_wconf 90' lang='lat' dir='ltr'>peperit</span> <span class='ocrx_word' id='word_1_632' title='bbox 3459 4039 3778 4132; x_wconf 83' lang='lat' dir='ltr'>Dominum</span> 
     </span>
    </p>
   </div>
   <div class='ocr_carea' id='block_1_96' title="bbox 2125 4128 3775 4209">
    <p class='ocr_par' dir='ltr' id='par_1_96' title="bbox 2125 4128 3775 4209">
     <span class='ocr_line' id='line_1_101' title="bbox 2125 4128 3775 4209; baseline -0.015 -3"><span class='ocrx_word' id='word_1_633' title='bbox 2125 4155 2397 4206; x_wconf 89' lang='lat' dir='ltr'>nostrum</span> <span class='ocrx_word' id='word_1_634' title='bbox 2418 4149 2617 4203; x_wconf 78' lang='lat' dir='ltr'>Iesum</span> <span class='ocrx_word' id='word_1_635' title='bbox 2640 4144 2960 4209; x_wconf 87' lang='lat' dir='ltr'>Christum,</span> <span class='ocrx_word' id='word_1_636' title='bbox 2990 4156 3057 4196; x_wconf 91' lang='lat' dir='ltr'>ac</span> <span class='ocrx_word' id='word_1_637' title='bbox 3080 4138 3241 4193; x_wconf 90' lang='lat' dir='ltr'>velut</span> <span class='ocrx_word' id='word_1_638' title='bbox 3260 4134 3550 4190; x_wconf 81' lang='lat' dir='ltr'>infantem</span> <span class='ocrx_word' id='word_1_639' title='bbox 3571 4128 3775 4185; x_wconf 87' lang='lat' dir='ltr'>fasciis</span> 
     </span>
    </p>
   </div>
   <div class='ocr_carea' id='block_1_97' title="bbox 2126 4220 3774 4298">
    <p class='ocr_par' dir='ltr' id='par_1_97' title="bbox 2126 4220 3774 4298">
     <span class='ocr_line' id='line_1_102' title="bbox 2126 4220 3774 4298; baseline -0.016 -1"><span class='ocrx_word' id='word_1_640' title='bbox 2126 4240 2367 4297; x_wconf 88' lang='lat' dir='ltr'>involvit</span> <span class='ocrx_word' id='word_1_641' title='bbox 2385 4237 2654 4294; x_wconf 86' lang='lat' dir='ltr'>omnium</span> <span class='ocrx_word' id='word_1_642' title='bbox 2673 4233 3139 4298; x_wconf 88' lang='lat' dir='ltr'>Conditorem,et</span> <span class='ocrx_word' id='word_1_643' title='bbox 3158 4228 3221 4282; x_wconf 91' lang='lat' dir='ltr'>in</span> <span class='ocrx_word' id='word_1_644' title='bbox 3249 4222 3598 4281; x_wconf 86' lang='lat' dir='ltr'>animalium</span> <span class='ocrx_word' id='word_1_645' title='bbox 3617 4220 3774 4273; x_wconf 88' lang='lat' dir='ltr'>irra-</span> 
     </span>
    </p>
   </div>
   <div class='ocr_carea' id='block_1_98' title="bbox 2128 4309 3771 4399">
    <p class='ocr_par' dir='ltr' id='par_1_98' title="bbox 2128 4309 3771 4399">
     <span class='ocr_line' id='line_1_103' title="bbox 2128 4309 3771 4399; baseline -0.015 -14"><span class='ocrx_word' id='word_1_646' title='bbox 2128 4328 2439 4385; x_wconf 91' lang='lat' dir='ltr'>tionalium</span> <span class='ocrx_word' id='word_1_647' title='bbox 2469 4324 2719 4399; x_wconf 72' lang='lat' dir='ltr'>prtesepi</span> <span class='ocrx_word' id='word_1_648' title='bbox 2740 4320 3048 4378; x_wconf 88' lang='lat' dir='ltr'>collocavit</span> <span class='ocrx_word' id='word_1_649' title='bbox 3068 4333 3224 4381; x_wconf 86' lang='lat' dir='ltr'>eum,</span> <span class='ocrx_word' id='word_1_650' title='bbox 3260 4314 3487 4386; x_wconf 87' lang='lat' dir='ltr'>quinos</span> <span class='ocrx_word' id='word_1_651' title='bbox 3509 4309 3581 4364; x_wconf 88' lang='lat' dir='ltr'>ab</span> <span class='ocrx_word' id='word_1_652' title='bbox 3612 4309 3771 4362; x_wconf 87' lang='lat' dir='ltr'>irra-</span> 
     </span>
    </p>
   </div>
   <div class='ocr_carea' id='block_1_99' title="bbox 2129 4413 3094 4475">
    <p class='ocr_par' dir='ltr' id='par_1_99' title="bbox 2129 4413 3094 4475">
     <span class='ocr_line' id='line_1_104' title="bbox 2129 4413 3094 4475; baseline -0.013 -1"><span class='ocrx_word' id='word_1_653' title='bbox 2129 4418 2524 4475; x_wconf 84' lang='lat' dir='ltr'>tionabilitate</span> <span class='ocrx_word' id='word_1_654' title='bbox 2557 4414 2916 4469; x_wconf 88' lang='lat' dir='ltr'>liberaturus</span> <span class='ocrx_word' id='word_1_655' title='bbox 2947 4413 3094 4464; x_wconf 87' lang='lat' dir='ltr'>erat.</span> 
     </span>
    </p>
   </div>
   <div class='ocr_carea' id='block_1_100' title="bbox 2778 4522 3124 4581">
    <p class='ocr_par' dir='ltr' id='par_1_100' title="bbox 2778 4522 3124 4581">
     <span class='ocr_line' id='line_1_105' title="bbox 2778 4522 3124 4581; baseline -0.02 0"><span class='ocrx_word' id='word_1_656' title='bbox 2778 4525 2998 4581; x_wconf 90' lang='lat' dir='ltr'>Eodem</span> <span class='ocrx_word' id='word_1_657' title='bbox 3030 4522 3124 4578; x_wconf 93' lang='lat' dir='ltr'>die</span> 
     </span>
    </p>
   </div>
   <div class='ocr_carea' id='block_1_101' title="bbox 2595 4607 3318 4685">
    <p class='ocr_par' dir='ltr' id='par_1_101' title="bbox 2595 4607 3318 4685">
     <span class='ocr_line' id='line_1_106' title="bbox 2595 4607 3318 4685; baseline -0.024 -10"><span class='ocrx_word' id='word_1_658' title='bbox 2595 4619 2687 4675; x_wconf 74' lang='lat'>57</span> <span class='ocrx_word' id='word_1_659' title='bbox 2724 4619 3013 4685; x_wconf 82' lang='lat' dir='ltr'>Magorum</span> <span class='ocrx_word' id='word_1_660' title='bbox 3042 4607 3318 4665; x_wconf 79' lang='lat' dir='ltr'>adoratio.</span> 
     </span>
    </p>
   </div>
   <div class='ocr_carea' id='block_1_102' title="bbox 2203 4688 3787 4768">
    <p class='ocr_par' dir='ltr' id='par_1_102' title="bbox 2203 4688 3787 4768">
     <span class='ocr_line' id='line_1_107' title="bbox 2203 4688 3787 4768; baseline -0.018 1"><span class='ocrx_word' id='word_1_661' title='bbox 2203 4716 2269 4767; x_wconf 89' lang='lat' dir='ltr'>In</span> <span class='ocrx_word' id='word_1_662' title='bbox 2299 4712 2510 4768; x_wconf 84' lang='lat' dir='ltr'>diebus</span> <span class='ocrx_word' id='word_1_663' title='bbox 2536 4709 2655 4763; x_wconf 90' lang='lat' dir='ltr'>illis</span> <span class='ocrx_word' id='word_1_664' title='bbox 2686 4706 2799 4761; x_wconf 82' lang='lat' dir='ltr'>fuit</span> <span class='ocrx_word' id='word_1_665' title='bbox 2825 4708 3006 4767; x_wconf 88' lang='lat' dir='ltr'>vates,</span> <span class='ocrx_word' id='word_1_666' title='bbox 3041 4698 3277 4754; x_wconf 85' lang='lat' dir='ltr'>Balaam</span> <span class='ocrx_word' id='word_1_667' title='bbox 3309 4692 3571 4757; x_wconf 89' lang='lat' dir='ltr'>nomine,</span> <span class='ocrx_word' id='word_1_668' title='bbox 3603 4688 3665 4743; x_wconf 88' lang='lat' dir='ltr'>in</span> <span class='ocrx_word' id='word_1_669' title='bbox 3687 4704 3787 4742; x_wconf 86' lang='lat' dir='ltr'>re-</span> 
     </span>
    </p>
   </div>
   <div class='ocr_carea' id='block_1_103' title="bbox 2131 4777 3781 4871">
    <p class='ocr_par' dir='ltr' id='par_1_103' title="bbox 2131 4777 3781 4871">
     <span class='ocr_line' id='line_1_108' title="bbox 2131 4777 3781 4871; baseline -0.016 -15"><span class='ocrx_word' id='word_1_670' title='bbox 2131 4804 2304 4871; x_wconf 79' lang='lat' dir='ltr'>gione</span> <span class='ocrx_word' id='word_1_671' title='bbox 2336 4804 2682 4855; x_wconf 87' lang='lat' dir='ltr'>Persarum:</span> <span class='ocrx_word' id='word_1_672' title='bbox 2717 4794 2816 4865; x_wconf 90' lang='lat' dir='ltr'>qui</span> <span class='ocrx_word' id='word_1_673' title='bbox 2848 4807 2982 4846; x_wconf 91' lang='lat' dir='ltr'>cum</span> <span class='ocrx_word' id='word_1_674' title='bbox 3017 4786 3203 4843; x_wconf 89' lang='lat' dir='ltr'>multa</span> <span class='ocrx_word' id='word_1_675' title='bbox 3256 4783 3375 4839; x_wconf 89' lang='lat' dir='ltr'>alia</span> <span class='ocrx_word' id='word_1_676' title='bbox 3429 4777 3781 4834; x_wconf 78' lang='lat' dir='ltr'>vaticinatus</span> 
     </span>
    </p>
   </div>
   <div class='ocr_carea' id='block_1_104' title="bbox 2134 4865 3783 4958">
    <p class='ocr_par' dir='ltr' id='par_1_104' title="bbox 2134 4865 3783 4958">
     <span class='ocr_line' id='line_1_109' title="bbox 2134 4865 3783 4958; baseline -0.018 -14"><span class='ocrx_word' id='word_1_677' title='bbox 2134 4865 2362 4958; x_wconf 55' lang='lat' dir='ltr'>luisset,</span> <span class='ocrx_word' id='word_1_678' title='bbox 2392 4889 2505 4942; x_wconf 90' lang='lat' dir='ltr'>hoc</span> <span class='ocrx_word' id='word_1_679' title='bbox 2538 4886 2716 4941; x_wconf 87' lang='lat' dir='ltr'>etiam</span> <span class='ocrx_word' id='word_1_680' title='bbox 2749 4878 3058 4953; x_wconf 75' lang='lat' dir='ltr'>prmdixit:</span> <span class='ocrx_word' id='word_1_681' title='bbox 3093 4873 3313 4930; x_wconf 77' lang='lat' dir='ltr'>Orietur</span> <span class='ocrx_word' id='word_1_682' title='bbox 3363 4867 3531 4958; x_wconf 62' lang='lat' dir='ltr'>stella</span> <span class='ocrx_word' id='word_1_683' title='bbox 3567 4882 3635 4919; x_wconf 71' lang='lat' dir='ltr'>ex</span> <span class='ocrx_word' id='word_1_684' title='bbox 3675 4865 3783 4958; x_wconf 50' lang='lat' dir='ltr'>In:</span> 
     </span>
    </p>
   </div>
   <div class='ocr_carea' id='block_1_105' title="bbox 2134 4951 3776 5044">
    <p class='ocr_par' dir='ltr' id='par_1_105' title="bbox 2134 4951 3776 5044">
     <span class='ocr_line' id='line_1_110' title="bbox 2134 4951 3776 5044; baseline -0.018 -10"><span class='ocrx_word' id='word_1_685' title='bbox 2134 4980 2252 5044; x_wconf 86' lang='lat' dir='ltr'>cob,</span> <span class='ocrx_word' id='word_1_686' title='bbox 2288 4951 2603 5033; x_wconf 38' lang='lat' dir='ltr'>et&#39;conteret</span> <span class='ocrx_word' id='word_1_687' title='bbox 2657 4951 2796 5041; x_wconf 74' lang='lat' dir='ltr'>ﬁlios</span> <span class='ocrx_word' id='word_1_688' title='bbox 2826 4968 3005 5025; x_wconf 84' lang='lat' dir='ltr'>Moab.</span> <span class='ocrx_word' id='word_1_689' title='bbox 3038 4966 3223 5031; x_wconf 81' lang='lat' dir='ltr'>Quam</span> <span class='ocrx_word' id='word_1_690' title='bbox 3264 4956 3637 5033; x_wconf 88' lang='lat' dir='ltr'>prophetiam</span> <span class='ocrx_word' id='word_1_691' title='bbox 3675 4951 3776 5044; x_wconf 79' lang='lat' dir='ltr'>alii</span> 
     </span>
    </p>
   </div>
   <div class='ocr_carea' id='block_1_106' title="bbox 2135 5040 3776 5136">
    <p class='ocr_par' dir='ltr' id='par_1_106' title="bbox 2135 5040 3776 5136">
     <span class='ocr_line' id='line_1_111' title="bbox 2135 5040 3776 5136; baseline -0.018 -14"><span class='ocrx_word' id='word_1_692' title='bbox 2135 5072 2295 5124; x_wconf 86' lang='lat' dir='ltr'>vates</span> <span class='ocrx_word' id='word_1_693' title='bbox 2326 5071 2385 5121; x_wconf 90' lang='lat' dir='ltr'>et</span> <span class='ocrx_word' id='word_1_694' title='bbox 2414 5064 2566 5136; x_wconf 84' lang='lat' dir='ltr'>magi</span> <span class='ocrx_word' id='word_1_695' title='bbox 2598 5040 2703 5134; x_wconf 86' lang='lat' dir='ltr'>per</span> <span class='ocrx_word' id='word_1_696' title='bbox 2732 5075 2944 5115; x_wconf 89' lang='lat' dir='ltr'>manus</span> <span class='ocrx_word' id='word_1_697' title='bbox 2977 5054 3254 5111; x_wconf 86' lang='lat' dir='ltr'>traditam</span> <span class='ocrx_word' id='word_1_698' title='bbox 3285 5046 3666 5117; x_wconf 88' lang='lat' dir='ltr'>accipientes,</span> <span class='ocrx_word' id='word_1_699' title='bbox 3700 5040 3776 5097; x_wconf 88' lang='lat' dir='ltr'>ad</span> 
     </span>
    </p>
   </div>
   <div class='ocr_carea' id='block_1_107' title="bbox 2135 5133 3783 5211">
    <p class='ocr_par' dir='ltr' id='par_1_107' title="bbox 2135 5133 3783 5211">
     <span class='ocr_line' id='line_1_112' title="bbox 2135 5133 3783 5211; baseline -0.019 0"><span class='ocrx_word' id='word_1_700' title='bbox 2135 5172 2343 5211; x_wconf 89' lang='lat' dir='ltr'>omnes</span> <span class='ocrx_word' id='word_1_701' title='bbox 2364 5133 2679 5209; x_wconf 78' lang='lat' dir='ltr'>Persarum</span> <span class='ocrx_word' id='word_1_702' title='bbox 2701 5154 2859 5205; x_wconf 89' lang='lat' dir='ltr'>vates</span> <span class='ocrx_word' id='word_1_703' title='bbox 2877 5147 3043 5201; x_wconf 90' lang='lat' dir='ltr'>illam</span> <span class='ocrx_word' id='word_1_704' title='bbox 3063 5141 3404 5198; x_wconf 86' lang='lat' dir='ltr'>traduxere;</span> <span class='ocrx_word' id='word_1_705' title='bbox 3431 5133 3618 5188; x_wconf 85' lang='lat' dir='ltr'>donec</span> <span class='ocrx_word' id='word_1_706' title='bbox 3648 5143 3783 5200; x_wconf 83' lang='lat' dir='ltr'>per-</span> 
     </span>
    </p>
   </div>
   <div class='ocr_carea' id='block_1_108' title="bbox 2136 5230 3781 5310">
    <p class='ocr_par' dir='ltr' id='par_1_108' title="bbox 2136 5230 3781 5310">
     <span class='ocr_line' id='line_1_113' title="bbox 2136 5230 3781 5310; baseline -0.019 -9"><span class='ocrx_word' id='word_1_707' title='bbox 2136 5245 2296 5300; x_wconf 88' lang='lat' dir='ltr'>venit</span> <span class='ocrx_word' id='word_1_708' title='bbox 2324 5242 2397 5299; x_wconf 89' lang='lat' dir='ltr'>ad</span> <span class='ocrx_word' id='word_1_709' title='bbox 2422 5249 2539 5297; x_wconf 90' lang='lat' dir='ltr'>tres</span> <span class='ocrx_word' id='word_1_710' title='bbox 2570 5241 2704 5295; x_wconf 89' lang='lat' dir='ltr'>illos</span> <span class='ocrx_word' id='word_1_711' title='bbox 2735 5240 2928 5310; x_wconf 86' lang='lat' dir='ltr'>Magos</span> <span class='ocrx_word' id='word_1_712' title='bbox 2955 5233 3134 5291; x_wconf 91' lang='lat' dir='ltr'>simul</span> <span class='ocrx_word' id='word_1_713' title='bbox 3166 5235 3223 5285; x_wconf 90' lang='lat' dir='ltr'>et</span> <span class='ocrx_word' id='word_1_714' title='bbox 3248 5230 3574 5310; x_wconf 10' lang='lat' dir='ltr'>Persarum!</span> <span class='ocrx_word' id='word_1_715' title='bbox 3590 5234 3781 5289; x_wconf 87' lang='lat' dir='ltr'>reges,</span> 
     </span>
    </p>
   </div>
   <div class='ocr_carea' id='block_1_109' title="bbox 2137 5308 3785 5405">
    <p class='ocr_par' dir='ltr' id='par_1_109' title="bbox 2137 5308 3785 5405">
     <span class='ocr_line' id='line_1_114' title="bbox 2137 5308 3785 5405; baseline -0.018 -15"><span class='ocrx_word' id='word_1_716' title='bbox 2137 5334 2239 5405; x_wconf 90' lang='lat' dir='ltr'>qui</span> <span class='ocrx_word' id='word_1_717' title='bbox 2265 5332 2470 5389; x_wconf 91' lang='lat' dir='ltr'>sedulo</span> <span class='ocrx_word' id='word_1_718' title='bbox 2503 5308 2893 5386; x_wconf 80' lang='lat' dir='ltr'>observabant</span> <span class='ocrx_word' id='word_1_719' title='bbox 2923 5324 3110 5380; x_wconf 56' lang='lat' dir='ltr'>stellas</span> <span class='ocrx_word' id='word_1_720' title='bbox 3131 5319 3310 5391; x_wconf 87' lang='lat' dir='ltr'>hujus</span> <span class='ocrx_word' id='word_1_721' title='bbox 3326 5308 3785 5405; x_wconf 63' lang='lat' dir='ltr'>apparitionem,</span> 
     </span>
    </p>
   </div>
   <div class='ocr_carea' id='block_1_110' title="bbox 2137 5394 3790 5492">
    <p class='ocr_par' dir='ltr' id='par_1_110' title="bbox 2137 5394 3790 5492">
     <span class='ocr_line' id='line_1_115' title="bbox 2137 5394 3790 5492; baseline -0.02 -13"><span class='ocrx_word' id='word_1_722' title='bbox 2137 5424 2282 5479; x_wconf 89' lang='lat' dir='ltr'>Cum</span> <span class='ocrx_word' id='word_1_723' title='bbox 2301 5426 2499 5479; x_wconf 85' lang='lat' dir='ltr'>autem</span> <span class='ocrx_word' id='word_1_724' title='bbox 2520 5419 2694 5492; x_wconf 87' lang='lat' dir='ltr'>periti</span> <span class='ocrx_word' id='word_1_725' title='bbox 2717 5413 3044 5472; x_wconf 73' lang='lat' dir='ltr'>astronomi</span> <span class='ocrx_word' id='word_1_726' title='bbox 3069 5403 3559 5477; x_wconf 84' lang='lat' dir='ltr'>essent,videntes</span> <span class='ocrx_word' id='word_1_727' title='bbox 3573 5394 3790 5452; x_wconf 89' lang='lat' dir='ltr'>Christi</span> 
     </span>
    </p>
   </div>
   <div class='ocr_carea' id='block_1_111' title="bbox 2140 5489 3789 5577">
    <p class='ocr_par' dir='ltr' id='par_1_111' title="bbox 2140 5489 3789 5577">
     <span class='ocr_line' id='line_1_116' title="bbox 2140 5489 3789 5577; baseline -0.021 -9"><span class='ocrx_word' id='word_1_728' title='bbox 2140 5511 2375 5569; x_wconf 85' lang='lat' dir='ltr'>stellam</span> <span class='ocrx_word' id='word_1_729' title='bbox 2408 5489 2709 5566; x_wconf 77' lang='lat' dir='ltr'>diversum</span> <span class='ocrx_word' id='word_1_730' title='bbox 2739 5524 2774 5562; x_wconf 91' lang='lat' dir='ltr'>a</span> <span class='ocrx_word' id='word_1_731' title='bbox 2802 5503 3053 5575; x_wconf 91' lang='lat' dir='ltr'>reliquis</span> <span class='ocrx_word' id='word_1_732' title='bbox 3084 5497 3275 5555; x_wconf 90' lang='lat' dir='ltr'>stellis</span> <span class='ocrx_word' id='word_1_733' title='bbox 3303 5503 3550 5577; x_wconf 80' lang='lat' dir='ltr'>cursum</span> <span class='ocrx_word' id='word_1_734' title='bbox 3566 5489 3789 5577; x_wconf 79' lang='lat' dir='ltr'>tenere,</span> 
     </span>
    </p>
   </div>
   <div class='ocr_carea' id='block_1_112' title="bbox 2140 5575 3796 5674">
    <p class='ocr_par' dir='ltr' id='par_1_112' title="bbox 2140 5575 3796 5674">
     <span class='ocr_line' id='line_1_117' title="bbox 2140 5575 3796 5674; baseline -0.027 -10"><span class='ocrx_word' id='word_1_735' title='bbox 2140 5602 2364 5674; x_wconf 83' lang='lat' dir='ltr'>quippe</span> <span class='ocrx_word' id='word_1_736' title='bbox 2395 5617 2527 5672; x_wconf 76' lang='lat' dir='ltr'>qum</span> <span class='ocrx_word' id='word_1_737' title='bbox 2558 5614 2680 5653; x_wconf 91' lang='lat' dir='ltr'>non</span> <span class='ocrx_word' id='word_1_738' title='bbox 2711 5595 2783 5652; x_wconf 90' lang='lat' dir='ltr'>ab</span> <span class='ocrx_word' id='word_1_739' title='bbox 2813 5600 2947 5649; x_wconf 89' lang='lat' dir='ltr'>ortu</span> <span class='ocrx_word' id='word_1_740' title='bbox 2979 5593 3041 5646; x_wconf 90' lang='lat' dir='ltr'>in</span> <span class='ocrx_word' id='word_1_741' title='bbox 3073 5601 3370 5651; x_wconf 88' lang='lat' dir='ltr'>occasum,</span> <span class='ocrx_word' id='word_1_742' title='bbox 3405 5576 3513 5674; x_wconf 40' lang='lat' dir='ltr'>sed.</span> <span class='ocrx_word' id='word_1_743' title='bbox 3538 5575 3598 5627; x_wconf 90' lang='lat' dir='ltr'>in</span> <span class='ocrx_word' id='word_1_744' title='bbox 3622 5575 3796 5674; x_wconf 69' lang='lat' dir='ltr'>meri-</span> 
     </span>
    </p>
   </div>
   <div class='ocr_carea' id='block_1_113' title="bbox 2139 5663 3794 5758">
    <p class='ocr_par' dir='ltr' id='par_1_113' title="bbox 2139 5663 3794 5758">
     <span class='ocr_line' id='line_1_118' title="bbox 2139 5663 3794 5758; baseline -0.02 -10"><span class='ocrx_word' id='word_1_745' title='bbox 2139 5663 2622 5755; x_wconf 38' lang='lat' dir='ltr'>diem‘tenderet,</span> <span class='ocrx_word' id='word_1_746' title='bbox 2653 5684 3074 5758; x_wconf 89' lang='lat' dir='ltr'>cognoverunt,</span> <span class='ocrx_word' id='word_1_747' title='bbox 3135 5674 3331 5745; x_wconf 88' lang='lat' dir='ltr'>magni</span> <span class='ocrx_word' id='word_1_748' title='bbox 3377 5664 3551 5737; x_wconf 83' lang='lat' dir='ltr'>Regis</span> <span class='ocrx_word' id='word_1_749' title='bbox 3599 5663 3794 5715; x_wconf 71' lang='lat' dir='ltr'>ortum</span> 
     </span>
    </p>
   </div>
  </div>
