4114 6306
391 373 508 435 227

1696 367 2128 433 MENOLOGII
2175 371 2270 430 PA
2287 370 2376 431 BS
2418 373 2499 433 ΙΙ.

3688 378 3812 439 228

388 508 554 563 illam
587 506 944 578 signiﬁcare.
974 506 1165 571 Quare
1198 504 1433 562 stellam
1464 505 1676 562 ducem
1698 503 1907 571 secuti,
1941 503 2003 558 in

2144 502 2280 574 πρὸς
2316 496 2685 577 μεσημϐρίαν,
2727 496 2986 579 ἔγνωσαν,
3046 504 3128 558 ὅτι
3160 504 3412 578 γέννησιν
3469 510 3568 562 τοῦ
3628 510 3806 585 μεγά-

348 609 352 613 ‘
389 602 679 653 venerunt
707 598 1006 653 Christum
1036 597 1376 666 Dominum,
1410 601 1468 652 et
1498 595 1875 668 procidentes
1898 593 2038 650 ado-

387 692 670 744 raverunt
697 703 855 750 eum,
896 691 955 741 et
980 686 1325 741 obtulerunt
1381 686 1435 742 ei
1487 702 1756 754 munera,
1804 701 2038 750 aurum,

387 778 544 843 thus,
578 782 637 831 et
667 776 967 848 myrrham
994 791 1008 828 :
1044 775 1372 845 monitique
1406 775 1479 830 ab
1501 775 1734 847 angelo,
1755 775 1818 829 in
1848 774 2042 845 regio-

385 882 523 921 nem
552 882 719 920 suam
750 881 885 920 cum
916 863 1129 936 gaudio
1164 864 1377 919 reversi
1412 870 1573 919 sunt.

1039 1132 1262 1188 Eodem
1294 1131 1389 1187 die

379 1224 480 1283 58
510 1224 707 1295 Joseph
732 1237 957 1292 sponsus
982 1228 1035 1277 et
1064 1228 1241 1295 custos
1276 1220 1526 1291 Virginis
1582 1221 1651 1276 ab
1698 1222 1895 1291 angelo
1937 1221 2039 1275 Dei

1032 1294 1378 1350 admonetur.

447 1411 707 1467 Herodes
727 1410 1063 1466 Judzeorum
1092 1426 1197 1466 rex
1226 1427 1362 1466 cum
1393 1409 1702 1465 didicisset
1730 1426 1801 1464 ex
1830 1411 2036 1484 Magis,

375 1507 582 1559 natum
613 1516 745 1558 esse
773 1516 1055 1573 magnum
1085 1516 1304 1573 regem,
1338 1500 1441 1571 qui
1464 1499 1668 1555 orbem
1685 1501 2033 1556 universum

382 1591 737 1647 subacturus
769 1594 946 1655 esset,
979 1590 1200 1645 vocatis
1231 1589 1408 1661 Magis
1440 1588 1590 1644 dixit
1617 1605 1635 1643 :
1671 1592 1775 1655 Ite,
1809 1594 1868 1644 et
1897 1589 2035 1644 dili-

373 1686 580 1753 genter
607 1680 955 1752 investigate
984 1678 1055 1734 de
1085 1695 1313 1750 puero:
1356 1682 1415 1733 et
1464 1694 1599 1733 cum
1648 1679 2019 1749 inveneritis,

373 1770 713 1825 renuntiate
744 1768 914 1837 mihi,
946 1773 1013 1823 ut
1040 1772 1100 1823 et
1129 1784 1233 1841 ego
1288 1768 1534 1823 veniens
1579 1768 1821 1823 adorem
1870 1784 2027 1825 eum.

2148 589 2251 645 λου
2281 590 2564 654 Βασιλέως
2598 589 2786 663 δηλοῖ,
2820 592 2911 647 καὶ
2951 591 3339 663 ἠκολούθησαν
3366 598 3446 667 τῷ
3475 596 3678 673 ἀστέρι,
3707 598 3802 653 καὶ

2149 680 2301 756 εὗρον
2335 682 2564 754 Χριστὸν
2594 682 2686 736 τὸν
2721 681 2936 757 Κύριον.
2997 684 3097 737 Καὶ
3154 684 3407 746 πεσόντες
3462 686 3801 759 προσεκύνη-

2146 788 2242 824 σαν
2282 768 2447 841 αὐτῷ·
2501 771 2590 825 καὶ
2648 773 3021 846 προσήνεγκαν
3082 769 3252 846 δῶρα,
3303 774 3531 849 χρυσὸν,
3560 774 3652 829 καὶ
3712 775 3802 831 λί-

2146 851 2309 913 ϐανον
2368 858 2459 914 καὶ
2517 859 2782 936 σμύρναν,
2833 861 2925 915 καὶ
2983 860 3182 931 οὕτως,
3238 865 3307 936 τῇ
3361 864 3647 937 προστάξει
3696 868 3798 919 τοῦ

2146 945 2400 1022 ἀγγέλου,
2437 948 2769 1024 ὑπέστρεψαν
2807 949 2942 1024 μετὰ
2980 955 3156 1025 χαρᾶς
3210 950 3288 1012 είς
3342 952 3443 1020 τήν
3488 952 3676 1028 χώραν
3700 953 3800 1009 αύ-

2142 1058 2252 1092 των
2261 1081 2274 1094 ο

2713 1131 2799 1203 Τῇ
2859 1128 2995 1204 αὐτῇ
3048 1129 3232 1207 ἡμέρᾳ

2145 1216 2350 1294 Ἰωσὴφ
2395 1217 2424 1271 ὁ
2458 1219 2717 1298 mter»?
2776 1217 2867 1298 κυεῖ
2908 1218 3099 1298 φύλαξ
3150 1224 3270 1298 τῆς,
3314 1223 3594 1298 Πξρθένου
3648 1241 3798 1298 χρη-

2432 1284 2793 1362 ματιζόμενος
2827 1284 3048 1346 ὑπὸτοῦ
3080 1284 3226 1355 θείου
3246 1284 3506 1369 ἀγγέλου.

2212 1406 2411 1468 Μαθὼν
2472 1402 2727 1482 Ἡρώδης
2762 1406 2790 1461 ὁ
2827 1410 2934 1461 τῶν
2997 1404 3280 1464 Ἰουδαίων
3335 1407 3590 1485 ἀρχηγὸς
3645 1413 3797 1484 παρὰ

2145 1493 2378 1569 Μάγων,
2411 1492 2494 1549 ὅτι
2533 1494 2797 1570 Βρσιλεὺς
2853 1493 3111 1570 ἐγεννήθη
3166 1496 3349 1574 μέγας,
3410 1498 3559 1561 ὅστις
3593 1496 3789 1573 μέλλει

2137 1580 2230 1636 τὸν
2262 1581 2392 1638 ὅλον
2436 1582 2643 1658 κόσμον
2700 1583 2976 1658 ὑποτάξαι,
3006 1583 3452 1661 προσεκαλάσατο
3481 1586 3609 1651 τοὺς
3669 1587 3794 1645 Μά-

2139 1692 2271 1747 γους
2307 1717 2321 1742 ,
2391 1672 2482 1729 καὶ
2531 1675 2680 1729 εἶπεν
2713 1694 2727 1707 ·
2788 1675 3141 1739 ’Λπελθόντες
3218 1671 3459 1752 ἀκριϐῶς
3513 1676 3793 1748 ἐξετάσατε

2137 1763 2261 1835 περί
2318 1768 2416 1818 τοῦ
2467 1761 2689 1819 παιδίου
2721 1782 2733 1795 ’
2821 1764 2950 1819 ἐπὰν
3013 1762 3070 1820 δὲ
3127 1764 3341 1842 εὕρητε,
3427 1767 3793 1843 ἀπαγγείλατέ

373 1860 493 1914 Hoc
519 1864 716 1914 autem
747 1857 999 1925 dicebat,
1041 1862 1109 1912 ut
1136 1863 1538 1930 cognosceret,
1581 1857 1683 1912 ubi
1739 1862 1914 1927 esset,
1965 1875 2005 1913 e‘

2142 1873 2259 1924 μοι,
2317 1852 2467 1917 ὅπως
2521 1854 2676 1929 κάγὼ
2733 1851 2904 1910 ἐλθὼν
2965 1857 3334 1943 προσκυνήσω
3391 1857 3565 1929 αὐτῷ.
3617 1862 3791 1913 Τοῦτο

373 1948 638 2003 mitteret
657 1947 729 2002 ad
748 1946 1231 2002 interﬁciendum
1258 1962 1414 2003 eum.
1432 1946 1653 2001 Deinde
1685 1948 2024 2002 convocatis

375 2036 609 2105 scribis,
655 2036 1061 2109 interrogavit.
1117 2036 1220 2091 ubi
1273 2037 1602 2092 secundum
1661 2036 2025 2109 Scripturam

372 2125 640 2179 Christus
663 2130 1028 2180 nasceretur.
1054 2127 1128 2179 At
1145 2125 1232 2180 illi
1254 2124 1558 2180 dixerunt:
1591 2127 1656 2179 In
1678 2125 2023 2182 Bethlehem

369 2214 605 2270 Iudaeae.
638 2217 784 2271 Tum
829 2215 1049 2271 milites
1095 2232 1233 2271 suos
1279 2216 1461 2282 misit,
1504 2220 1573 2269 ut
1619 2215 2025 2272 interﬁcerent

367 2321 584 2376 pueros
615 2322 822 2361 omnes
853 2306 914 2359 in
948 2306 1293 2361 Bethlehem
1325 2322 1360 2360 a
1385 2305 1612 2361 bimatu
1640 2309 1699 2359 et
1728 2305 1901 2376 infra,
1935 2322 2022 2361 se-

366 2395 629 2451 cundum
661 2401 918 2468 tempus,
950 2396 1107 2467 quod
1146 2396 1509 2466 exquisierat
1537 2414 1572 2452 a
1600 2397 1798 2468 Magis.
1831 2398 2019 2462 Quare

369 2484 590 2540 missus
613 2500 646 2539 a
675 2484 794 2539 Deo
827 2485 1075 2557 angelus
1102 2485 1253 2540 dixit
1279 2486 1565 2557 Josepho:
1609 2486 1805 2557 Surge,
1846 2493 1896 2541 et
1925 2504 2020 2542 ac-

369 2575 491 2642 cipe
509 2590 763 2643 puerum,
821 2580 875 2628 et
920 2580 1152 2629 matrem
1183 2577 1320 2645 ejus,
1352 2583 1404 2630 et
1451 2578 1584 2645 fuge
1613 2578 1672 2630 in
1699 2576 2013 2645 Egyplum.

363 2663 589 2735 Joseph
616 2668 815 2718 autem
845 2663 906 2719 id
936 2669 1237 2732 executus,
1272 2665 1500 2736 accepit
1521 2682 1793 2737 puerum,
1822 2670 1880 2720 et
1898 2681 2015 2720 ma-

374 2756 525 2805 trem
556 2751 705 2822 ejus,
739 2758 798 2805 et
826 2750 972 2806 abiit
1000 2753 1061 2807 in
1101 2754 1432 2825 Egyptum.

2137 1939 2196 1995 δὲ
2224 1939 2426 2017 ἔλεγεν,
2471 1942 2566 1997 ’ίνα
2625 1943 2787 2018 μάθῃ,
2839 1944 2978 1998 ὅπου
3024 1938 3191 2017 ἔστιν,
3252 1943 3404 2008 ὅπως
3464 1944 3789 2021 ἀποστείλῃ,

2133 2032 2224 2087 καὶ
2281 2032 2511 2111 φονεύσῃ
2595 2033 2753 2089 αὐτόν
2786 2078 2799 2090 .
2883 2036 3013 2091 Εἶτα
3086 2034 3600 2112 προσκαλεσάμενος
3659 2037 3790 2101 τοὺς

2130 2128 2518 2198 γραμματεῖς,
2601 2124 2860 2197 ἠρώτησε
2892 2143 2905 2157 ⁸
2967 2128 3080 2179 Ποῦ
3157 2123 3301 2199 λέγει
3359 2129 3394 2196 ἡ
3438 2127 3643 2204 Τραφή
3694 2128 3784 2182 τὸν

2132 2214 2359 2287 Χριστὸν
2404 2213 2751 2289 γεννηθῆναι.
2785 2213 2852 2272 Οἱ
2912 2210 2969 2268 δὲ
3016 2218 3189 2269 εἷπον·
3225 2216 3314 2271 Ἐν
3368 2214 3626 2289 Βηθλεὲμ
3682 2222 3783 2286 τῆς

2134 2300 2395 2366 Ἰουδαίας
2429 2347 2442 2359 .
2514 2303 2646 2358 Τότε
2719 2301 3005 2358 ἀπέστειλε
3044 2303 3112 2358 τὰ
3167 2304 3540 2381 στρατεύματα
3597 2305 3784 2374 αὐτοῦ,

2130 2395 2381 2468 φονεῦσαι
2410 2389 2608 2454 πάντας
2630 2390 2757 2454 τοὺς
2812 2389 3033 2464 παῖδας,
3062 2391 3194 2456 τοὺς
3258 2392 3309 2448 ἐν
3369 2392 3646 2467 Βηθλεὲμ,
3677 2394 3788 2449 ἀπὸ

2129 2480 2338 2544 διετοῦς
2393 2483 2480 2537 καὶ
2540 2483 2855 2557 κατωτέρω,
2909 2487 3045 2538 κατὰ
3097 2483 3190 2537 τὸν
3250 2482 3453 2557 χρόνον
3514 2482 3570 2537 ὅν
3616 2481 3784 2556 ἠκρί-

2127 2566 2270 2625 ϐωσε
2299 2571 2445 2647 παρά
2473 2575 2581 2626 τῶν
2644 2573 2867 2647 Μάγων.
2937 2570 3035 2626 Διὰ
3090 2575 3250 2626 τοῦτο
3311 2571 3589 2641 ἀπεστάλη
3622 2572 3785 2648 ἅγγε-

2127 2658 2223 2723 λος
2253 2660 2310 2714 ἐκ
2342 2664 2498 2728 Θεοῦ,
2554 2659 2644 2715 καὶ
2705 2661 2819 2715 εἷπε
2880 2661 3104 2736 Ἰωσήφ’
3163 2661 3438 2737 Ἐγερθεὶς
3495 2657 3784 2738 παράλαϐε

2120 2751 2184 2805 τὸ
2214 2747 2454 2822 παιδίον,
2513 2749 2604 2804 καὶ
2663 2751 2763 2818 τήν
2826 2749 3037 2825 μητέρα
3092 2749 3278 2818 αὐτοῦ,
3337 2750 3427 2805 καὶ
3486 2755 3645 2828 φεῦγε
3701 2750 3782 2813 είς

407 2836 635 2861 Νομᾷ-κν.
692 2839 747 2861 fn
792 2837 838 2861 ti“
906 2841 940 2861 τι
982 2840 1058 2861 ,,\
1169 2838 1183 2860 9
1273 2840 1285 2861 Ι
1495 2840 1521 2861 θ’
1781 2841 1795 2858 \
2002 2838 2023 2861 κ
2078 2836 2142 2861 ρε
2299 2839 2315 2860 \
2495 2836 2542 2861 βο
2766 2839 2815 2861 ,\
3008 2840 3085 2861 ,1-
3218 2836 3238 2861 )
3292 2843 3341 2861 γε·
3413 2841 3427 2861 7
3484 2846 3510 2856 α·-

407 2838 421 2857 ε
692 2839 707 2858 ρ
906 2841 916 2861 ,
1044 2840 1058 2857 ς
1169 2838 1183 2860 ,
1495 2840 1521 2861 ρ.
1781 2841 1795 2858 .
2130 2841 2142 2856 ς
2299 2839 2315 2860 κ
2710 2839 2724 2856 ς
2802 2839 2815 2857 ι
3224 2836 3238 2859 ν
3316 2843 3341 2854 ..
3484 2846 3510 2856 ..

368 2835 660 2912 Αίγυπτον.
710 2844 749 2893 O
789 2837 846 2893 δὲ
924 2842 1108 2917 Ιωσηφ
1164 2840 1417 2911 εποίησεν
1461 2862 1656 2910 ουτως,
1710 2862 1797 2895 και
1854 2836 2192 2914 παραλαϐων
2252 2861 2315 2894 το
2376 2836 2603 2897 πα.δίον
2637 2859 2727 2893 και
2757 2860 2856 2907 την
2922 2840 3132 2914 μητέρα
3181 2860 3346 2894 αυτου
3403 2836 3644 2909 ἀπηλθεν
3704 2839 3783 2903 είς

360 2925 653 3003 Αἴγυπτον.

913 3047 1154 3102 EODEM
1194 3050 1446 3103 MENSE.

868 3135 971 3190 Die
1001 3136 1283 3192 vicesima
1312 3142 1495 3193 sexta.

694 3224 791 3280 59
818 3225 1058 3294 Deipara
1086 3228 1145 3281 in
1173 3228 1472 3296 Egyptum
1494 3228 1665 3296 fugit.

419 3340 487 3394 In
519 3341 828 3411 Egyptum
861 3340 1109 3411 Deipara
1138 3341 1288 3414 fugit
1317 3358 1452 3397 cum
1500 3342 1748 3411 infante,
1797 3346 1856 3398 et
1898 3343 2003 3398 Jo-

349 3427 553 3499 sepho,
577 3427 807 3484 duabus
833 3445 903 3483 ex
925 3430 1149 3485 causis:
1176 3435 1299 3485 tum
1322 3436 1388 3486 ut
1439 3431 1811 3503 impleretur,
1844 3431 2004 3504 quod

348 3516 574 3572 dictum
606 3521 697 3572 est
726 3534 761 3573 a
788 3518 1113 3590 propheta:
1158 3521 1244 3576 Ea:
1283 3523 1519 3593 Egypto
1565 3523 1755 3576 vocavi
1799 3523 2003 3577 Filium

346 3621 562 3673 meum;
596 3610 721 3661 tum
748 3607 924 3663 etiam
959 3615 1024 3662 ut
1050 3609 1466 3665 haereticorum
1498 3610 1767 3666 omnium
1798 3628 1863 3665 os
1893 3609 1997 3665 ob-

347 3699 626 3751 struatur.
656 3696 775 3750 Nisi
801 3698 961 3752 enim
979 3698 1176 3754 infans
1195 3699 1461 3772 fugisset,
1487 3699 1588 3755 sed
1611 3702 2001 3772 comprehen-

345 3799 445 3838 sus
475 3783 607 3850 fuit,
641 3790 699 3839 et
727 3785 982 3855 occisus,
1013 3787 1216 3842 nullus
1256 3793 1415 3843 certe
1448 3788 1622 3844 saluti
1684 3789 1996 3844 hominum

340 3873 585 3928 relictus
615 3874 825 3930 fuisset
855 3876 1039 3933 locus.
1078 3878 1132 3931 Si
1165 3893 1301 3933 vero
1333 3896 1527 3950 neque
1553 3878 1767 3951 gladio,
1800 3896 1995 3951 neque

338 3961 454 4017 alio
481 3963 756 4034 supplicii
779 3981 997 4035 genere
1023 3967 1317 4039 exstingui
1340 3968 1721 4039 potuisset,ut
1747 3967 1988 4040 dispen-

342 4051 634 4105 sationem
663 4052 965 4123 impleret,
998 4055 1169 4109 multi
1222 4057 1686 4126 existimassem,
1736 4057 1992 4128 phanta-

342 4138 638 4205 stice,non
662 4156 794 4194 vere
812 4156 947 4195 eum
971 4158 1209 4197 carnem
1224 4143 1547 4199 humanam
1563 4146 1986 4216 assumpsisse:

340 4227 397 4282 Si
432 4244 670 4281 carnem
692 4227 938 4283 haberet
971 4231 1319 4302 (inquiunt),
1353 4232 1551 4304 gladio
1583 4239 1740 4288 certe
1790 4235 1989 4288 conci-

336 4314 614 4369 deretur:
643 4332 777 4370 cum
810 4317 977 4372 nullo
1009 4324 1297 4390 praetextu
1346 4321 1473 4375 ausi
1530 4327 1670 4376 sunt
1714 4322 1985 4379 infelices

334 4402 596 4458 haeretici
631 4404 852 4471 dicere,
897 4422 1033 4461 eum
1092 4408 1463 4478 phantastice
1521 4414 1725 4464 natum
1781 4410 1982 4466 fuisse.
2017 4420 2062 4483 Ι)
2095 4410 2323 4464 σπαθίου
2357 4430 2369 4442 -

2654 3044 2836 3100 MHNI
2886 3048 2970 3098 ΤΩ
3024 3046 3240 3101 ΑΥΤΩ.

2888 3132 2997 3201 κζ’.

2359 3222 2428 3278 Ἡ
2460 3220 2723 3283 Θεοτόκος
2774 3219 3043 3298 φεύγουσα
3090 3221 3169 3285 εἲς
3219 3220 3520 3299 Α’ίγυπτον.

2185 3340 2277 3402 Εἷς
2323 3338 2597 3415 Αἴγυπτον
2647 3337 2895 3418 φεύγει
2949 3339 3236 3412 Θεοτόκος,
3293 3343 3427 3415 μετά
3482 3345 3579 3397 τοῦ
3640 3343 3769 3418 βρέ-

2111 3450 2264 3508 φους,
2285 3429 2375 3484 καὶ
2404 3432 2502 3484 τοῦ
2547 3430 2772 3507 Ἰωσὴφ,
2832 3425 2922 3484 διὰ
2978 3426 3075 3484 δύο
3132 3429 3449 3508 προφάσεις.
3496 3431 3589 3487 ἳνα
3617 3430 3769 3503 πλη-

2111 3522 2263 3595 paea
2293 3518 2355 3572 10
2382 3517 2542 3594 ῥηθὲν
2575 3518 2678 3573 ὑπὸ
2707 3522 2810 3572 τοῦ
2873 3519 3182 3595 προφήτου,
3215 3517 3297 3573 ὅτι
3328 3519 3417 3590 Ἐξ
3477 3518 3762 3596 Αἱγύπτου

2109 3606 2340 3664 ἐκάλεσα
2370 3608 2463 3663 τὸν
2495 3607 2620 3663 Υἱόν
2657 3628 2762 3679 μου
2818 3605 2908 3662 καί
2966 3608 3058 3662 ἳνα
3108 3605 3366 3684 ἐμφραγῇ
3420 3613 3525 3664 πᾶν
3586 3610 3763 3682 στόμα

2105 3702 2210 3752 τῶν
2247 3698 2555 3771 αἱρετικῶν.
2614 3695 2684 3752 Εἴ
2739 3696 2842 3771 γὰρ
2905 3695 3005 3750 οὐκ
3045 3692 3260 3774 ἔφυγεν,
3319 3696 3446 3752 ἀλλ’
3484 3694 3757 3772 ἐκρατήθη

2103 3786 2165 3842 τὸ
2200 3787 2417 3862 βρέφος,
2468 3785 2514 3841 εἰ
2568 3785 2661 3859 μὲν
2716 3784 3000 3862 ἐφονεύθη,
3059 3783 3401 3855 ἐνεποδίζετο
3436 3787 3470 3856 ἡ
3522 3791 3628 3841 τῶν
3673 3788 3764 3843 ἀν-

2105 3876 2338 3952 θρώπων
2369 3874 2632 3952 σωτηρία·
2670 3873 2721 3929 εἴ
2749 3871 2807 3928 δὶ
2837 3873 2936 3928 οὐκ
2964 3872 3251 3952 ἐφονεύθη,
3317 3877 3457 3947 μήτε
3518 3876 3621 3931 ὑπὸ
3663 3880 3761 3931 τοῦ

2104 3964 2334 4029 σπαθίου
2363 3965 2724 4038 κοπτόμενον,
2762 3964 2901 4036 μήτε
2942 3963 3044 4018 ὑπὸ
3075 3961 3250 4019 ἄλλου
3279 3964 3427 4026 τινὸς
3484 3964 3690 4042 ξίφους,
3722 3965 3757 4035 ἢ

2102 4051 2284 4125 ἄλλης
2312 4055 2604 4130 τιμωρίας,
2629 4050 2717 4107 διὰ
2736 4052 2797 4107 τὸ
2811 4050 3215 4128 πληρῶσαιτὴν
3243 4052 3581 4125 οἶκονομίαν,
3607 4052 3756 4125 δόξαι

2101 4143 2219 4217 εἶχε
2247 4147 2363 4205 τοῖς
2420 4141 2683 4209 πολλοῖς,
2740 4139 2825 4195 ὅτι
2866 4140 3003 4195 κατά
3053 4139 3345 4216 φαντασίαν
3400 4140 3631 4217 ἐγένετο,
3662 4141 3754 4197 καὶ

2099 4232 2163 4286 οὐ
2211 4233 2349 4287 κατά
2391 4231 2650 4302 ἀλήθειαν
2709 4229 2932 4308 ἐφόρεσε
2985 4231 3086 4299 τήν
3150 4229 3499 4305 ἀνθρωπίνην
3560 4230 3748 4305 σάρκα·

2097 4319 2161 4376 Εἴ
2210 4322 2315 4397 γὰρ
2382 4320 2563 4397 ἐφόρει
2619 4321 2807 4396 σάρκα,
2860 4319 3046 4397 φησὶν,
3101 4318 3356 4376 ἐκόπτετο
3410 4320 3470 4375 ἃν
3524 4321 3626 4376 ὑπὸ
3654 4325 3749 4376 τοῦ

2455 4411 2661 4485 θπουγε
2718 4407 2807 4465 καί
2880 4410 3204 4487 προφάσεως
3270 4411 3346 4484 μή
3403 4412 3701 4484 γενομένης
3732 4456 3747 4482 ,

333 4494 521 4558 Quare
551 4494 700 4569 fugit
731 4513 793 4551 in
824 4499 1157 4571 Egyptum,
1189 4503 1255 4553 ut
1283 4504 1342 4554 et
1369 4499 1528 4555 idola
1582 4502 1985 4573 Aigyptiorum

2121 4498 2404 4574 τόλμησαν
2483 4500 2535 4554 οἱ
2616 4497 2796 4555 ἄθλιοι
2847 4498 3112 4573 αἱρετικοὶ
3169 4502 3330 4554 τοῦτο
3412 4499 3606 4568 εἰπεῖν,
3663 4499 3746 4555 ὅτι

329 4584 753 4658 confringeret,
786 4592 845 4642 et
863 4589 968 4643 toti
995 4588 1215 4645 mundo
1235 4587 1489 4644 salutem
1512 4591 1986 4658 aﬂ‘erret,secun-

332 4672 475 4727 dum
508 4678 768 4746 tempus,
801 4692 917 4748 quo
950 4677 1111 4733 cruci
1142 4677 1493 4752 affigendus,
1528 4684 1587 4735 et
1614 4685 1984 4736 resurrectu-

332 4776 434 4815 rus
466 4768 645 4818 esset.

888 4948 1127 5003 EODEM
1169 4951 1420 5004 MENSE.

813 5061 917 5116 Die
946 5063 1209 5135 vigesina
1240 5065 1493 5136 septima

327 5145 431 5200 60
460 5145 746 5203 Certamen
777 5150 1007 5220 gloriosi
1037 5155 1478 5226 Prolomartyris,
1504 5164 1555 5212 et
1578 5159 1975 5216 Archidiaconi

1005 5226 1296 5295 Stephani.

398 5306 732 5378 Stephanus
761 5317 1161 5387 protomartyr
1189 5321 1529 5372 sanctorum
1568 5320 1970 5391 apostolorum

324 5393 654 5466 discipulus
679 5406 813 5471 post
842 5403 1076 5459 Domini
1106 5405 1294 5460 nostri
1319 5407 1455 5461 Jesu
1482 5409 1697 5464 Christi
1743 5412 1968 5465 Ascen-

325 5482 554 5540 sionem
587 5488 896 5547 ordinatus
926 5499 1014 5549 est
1030 5511 1164 5549 cum
1186 5494 1321 5551 aliis
1354 5512 1474 5565 sex,
1497 5504 1564 5552 ut
1592 5497 1869 5553 fidelibus
1894 5499 1967 5554 ad

320 5589 559 5630 mensas
588 5579 972 5640 ministraret.
1005 5587 1147 5639 Cum
1177 5589 1335 5640 esset
1358 5590 1557 5641 autem
1606 5586 1820 5658 plenus
1850 5586 1966 5643 ﬁde

321 5667 379 5717 et
414 5664 726 5741 sapientia,
753 5671 1013 5730 faciebat
1040 5673 1309 5747 prodigia
1338 5679 1397 5730 et
1426 5676 1593 5747 signa
1642 5693 1859 5750 magna
1902 5679 1966 5733 in

2093 4590 2229 4644 κατὰ
2272 4591 2565 4668 φαντασίαν
2620 4587 2910 4664 ἐγεννήθη·
2970 4585 3062 4643 διὰ
3109 4591 3272 4643 τοῦτο
3327 4587 3507 4666 φεύγει
3540 4589 3615 4651 εἰς
3646 4588 3748 4645 Αἴ-

2092 4700 2319 4755 γυπτον,
2346 4678 2437 4733 ἳνα
2464 4678 2553 4733 καὶ
2581 4679 2648 4733 τὰ
2702 4677 2875 4732 ἐκεῖσε
2927 4677 3191 4753 συντρίψῃ
3247 4674 3474 4745 εἴδωλα,
3525 4677 3614 4733 καὶ
3642 4679 3741 4748 τήν

2093 4765 2418 4842 οἰκουμένην
2451 4765 2590 4838 ὅλην
2621 4768 2789 4839 σώσῃ,
2816 4766 2953 4820 κατᾶ
2974 4764 3069 4821 τὸν
3101 4765 3291 4839 καιρὸν
3319 4771 3423 4835 τῆς
3466 4765 3743 4841 σωτηρίου

2089 4857 2465 4931 σταυρώσεως,
2495 4855 2585 4910 καὶ
2615 4860 2716 4923 τῆς
2738 4851 3096 4915 ἀναστάσεως.

2639 4949 2813 4999 MHNI
2844 4946 2937 5001 ἹὮ
2968 4945 3173 5002 ΑΥΤΩ.

2867 5063 2962 5120 KZ’

2083 5153 2348 5228 ’Ἄθλησις
2377 5160 2474 5211 τοῦ
2505 5154 2663 5282 ἁγίου
2692 5152 2782 5208 καὶ
2831 5149 3046 5222 ἐνδόξου
3100 5152 3606 5228 Πρωτομάρτυρος,
3635 5152 3725 5209 καὶ

2587 5223 2941 5282 ογιδιακόνου
2974 5222 3272 5282 Στεφάνου.
3298 5248 3303 5253 π

2586 5223 2941 5303 ρχιδιακόνου
2974 5222 3272 5301 Στεφάνου.
3298 5248 3303 5253 π

2155 5312 2429 5393 Στέφανος,
2446 5317 2475 5371 ὁ
2497 5313 2895 5391 πρωτομάρτυς
2924 5312 3131 5388 ἐγένετο
3159 5313 3411 5386 μαθητὴς
3432 5317 3542 5369 τῶν
3568 5311 3737 5389 ἁγίων

2078 5404 2423 5461 ἀποστόλωνο
2455 5404 2589 5478 μετά
2619 5399 2679 5458 δὶ
2705 5404 2805 5472 τήν
2850 5398 3127 5475 ἀνάληψιν
3180 5404 3279 5455 τοῦ
3334 5402 3542 5477 Κυρίου
3570 5403 3733 5476 ἡμῶν

2079 5495 2262 5566 Ἰησοῦ
2309 5498 2572 5569 Χριστοῦ,
2639 5490 3040 5568 προεχειρίσθη
3094 5490 3229 5562 μετὰ
3286 5489 3378 5545 καὶ
3433 5488 3622 5548 ἄλλων
3654 5485 3732 5562 ἔξ,

2077 5582 2156 5646 εἷς
2213 5584 2276 5638 τὸ
2335 5580 2605 5638 διασοοεῖν
2655 5586 2771 5643 τοῖς
2838 5583 3055 5641 πιστοῖς
3108 5576 3162 5634 ἐν
3217 5582 3337 5641 ταῖς
3411 5580 3729 5654 τραπέζαις.

2072 5672 2362 5750 Ὑπάρχων
2449 5671 2508 5729 δὲ
2562 5672 2785 5747 πλήρης
2844 5669 3099 5740 πίστεως,
3141 5669 3231 5725 καὶ
3282 5669 3494 5748 σοφίας,
3550 5670 3726 5728 ἐποίει
