4112 6308
245 346 351 409 239

1792 355 2235 422 DECEMBER.

3609 384 3730 444 230

262 481 459 587 οἳ),μῇ
512 477 611 587 καέ
670 480 904 587 τέρατα
973 485 1202 562 μεγάλα
1256 486 1308 542 ἐν
1361 490 1443 559 τῷ
1500 487 1632 560 λεῷ,
1708 483 1971 542 διδάσκων

2091 493 2332 587 populo,
2385 496 2605 557 decens
2663 518 2785 572 eos,
2840 509 2901 559 et
2952 505 3250 564 Christum
3308 514 3731 587 evangelizans.

284 567 473 631 αὖτοὺς
503 567 602 624 καὶ
666 569 1204 650 εύαγγελιζόμενος
1253 574 1319 630 τὰ
1375 574 1500 651 περὶ
1559 578 1653 630 τοῦ
1712 578 1973 650 Χριστοῦ.

283 656 579 733 Γενομένης
640 657 707 715 δὲ
760 665 1079 736 ζητήσεως
1133 664 1277 739 παρὰ
1331 668 1439 719 τῶν
1496 658 1829 740 Λιϐερτίνων
1886 665 1977 718 καὶ

286 753 380 804 τῖον
460 747 840 824 Κυρηναίων,
935 752 1272 823 σονὲστησαν
1327 750 1419 806 ἐπὶ
1479 750 1755 829 Στεφάνῳ,
1809 756 1977 822 συζη·

304 842 504 900 τοῦντες
556 836 736 911 αὐτῷ’
801 841 901 895 καὶ
966 842 1300 913 νικηθέντες,
1383 838 1726 916 ὠργίσθησαν
1791 838 1978 896 διαλε-

308 927 512 1004 χθέντος
540 926 635 983 καὶ
697 926 1036 1002 διδάξαντος
1092 934 1190 985 τοῦ
1248 927 1407 1005 ἁγίου
1456 931 1734 1007 Στεφάνου
1789 927 1978 984 πολλὰ

310 1018 403 1075 ἀπὸ
443 1022 554 1072 τῶν
613 1017 789 1082 θείων
843 1022 1103 1096 Γραφῶν.
1157 1019 1262 1077 Καὶ
1323 1015 1687 1093 Θυμωθὲντες,
1742 1016 1975 1094 ἤρξαντο

304 1108 491 1185 τρίζειν
517 1108 652 1170 τοὺς
713 1106 978 1181 ὀδόντας,
1034 1108 1127 1164 καὶ
1184 1103 1496 1165 λιθοϐολεῖν
1556 1108 1739 1168 αὐτόν.
1798 1110 1860 1167 Ὀ
1917 1106 1976 1165 δὲ

308 1194 815 1272 λιθοϐολούμενος,
848 1201 964 1263 θεὶς
993 1198 1061 1253 τά
1088 1197 1308 1273 γόνατα,
1366 1196 1721 1274 προσηύχετο
1770 1196 1970 1274 λέγων·

309 1287 487 1362 Κύριε,
551 1289 633 1361 μή
693 1289 908 1362 στήσῃς
967 1286 1152 1349 αύτοῖς
1204 1289 1305 1356 τὴν
1393 1286 1662 1362 ἁμαρτίαν
1746 1286 1969 1359 ταύτην.

2088 579 2263 674 Facta
2292 592 2493 644 autem
2525 605 2561 644 a
2589 591 2926 665 Libertinis,
2987 600 3046 651 et
3091 579 3528 668 Cyrenensibus
3567 621 3732 674 quas-

2088 669 2304 741 stione,
2337 678 2780 736 constituerunt
2809 683 3196 755 smphanum,
3249 694 3308 744 et
3351 669 3734 762 disputabant

2088 774 2222 814 cum
2244 777 2334 817 eo.
2355 764 2468 820 Sed
2489 766 2561 822 ab
2587 784 2655 824 eo
2676 770 2834 838 victi,
2860 772 2922 827 in
2949 773 3212 831 furorem
3235 778 3349 832 acti
3381 785 3540 849 sunt,
3573 782 3731 853 quod

2088 864 2189 904 eos
2210 851 2630 926 redarguisset,
2659 865 2719 915 et
2738 860 2934 917 allatis
2960 881 3263 922 sacrarum
3295 851 3732 940 Scripturarum

2086 940 2449 1029 testimoniis
2481 948 2850 1006 convicisset.
2882 952 3205 1010 Stridentes
3234 957 3436 1029 itaque
3457 958 3736 1017 dentibus

2086 1028 2147 1082 in
2180 1045 2340 1121 eum,
2373 1032 2606 1105 lapides
2627 1038 2954 1110 jaciebant.
2977 1043 3170 1099 Atille
3191 1062 3326 1101 cum
3343 1028 3731 1121 lapidaretur,

2081 1117 2294 1206 positis
2324 1124 2577 1193 genibus
2602 1128 2828 1197 orabat,
2859 1129 3065 1187 dicens
3092 1149 3105 1187 :
3136 1134 3381 1206 Domine,
3405 1117 3493 1193 ﬁne
3516 1117 3732 1195 statuas

2083 1205 2197 1294 illis
2226 1207 2328 1264 hoc
2348 1220 2658 1281 peccatum.
2691 1217 2762 1272 Et
2789 1234 2922 1274 cum
2955 1220 3067 1277 hoc
3114 1205 3381 1294 dixisset,
3426 1227 3572 1282 vidit
3616 1246 3735 1286 caa-

2080 1292 2172 1350 los
2192 1304 2450 1369 apertos,
2475 1308 2536 1357 et
2561 1304 2775 1362 Filium
2799 1308 2902 1363 Dei
2934 1314 3189 1366 stantem
3212 1329 3246 1369 a
3265 1292 3486 1371 dextris
3507 1318 3737 1376 virtutis

305 1377 402 1433 Καὶ
432 1380 600 1432 τοῦτο
641 1375 844 1444 εἰπὼν,
899 1373 1008 1431 εἶδε
1074 1376 1438 1451 σχιζομένους
1492 1374 1623 1437 τοὺς
1680 1374 1969 1450 οὐρανοὺς,

2086 1384 2293 1457 Patris,
2328 1395 2387 1445 et
2412 1409 2474 1447 se
2505 1396 2963 1467 compellantem
2988 1416 3002 1455 :
3035 1406 3213 1472 atque
3242 1403 3325 1459 ita
3347 1373 3625 1465 decesait.

301 1468 387 1522 ui
442 1466 540 1521 τὸν
596 1467 726 1522 mw
787 1469 890 1521 τοῦ
949 1469 1084 1521 Θεοῦ
1141 1466 1353 1521 ἑστῶτα
1409 1464 1470 1521 ἐκ
1527 1462 1716 1537 δεξιῶν
1772 1472 1876 1535 τῆς
1930 1464 2213 1542 δυνάμεως
2266 1480 2364 1530 τοῦ
2421 1462 2660 1556 Πατρὸς,
2707 1484 2796 1539 καὶ
2850 1462 3334 1561 προσκαλούμενον

304 1554 473 1617 οὕτως
504 1555 835 1626 ἐτελειώθη.

867 1654 1050 1712 MHNI
1088 1655 1180 1710 ΤΩ
1217 1655 1418 1710 ΑΥΊὮ.

1088 1743 1197 1798 KH’

300 1831 579 1904 Ἀθλησις
638 1835 743 1887 τοῦ
807 1829 959 1885 ὁσίου
1013 1829 1257 1956 ἓατρὸς,
1282 1831 1442 1903 ἡμῶν
1526 1826 1814 1907 Θεοδώρου
1878 1834 1975 1885 τοῦ

1057 1922 1282 1956 οαπτου.

1090 1922 1282 1959 απτου.

1014 1922 1051 1956 1‘
1090 1922 1282 1959 απτου.

371 1993 552 2053 Οὗτος
585 1991 811 2066 ἐγένετο
870 1990 976 2044 ἀπὸ
1028 1922 1225 2063 Σρυρίας
1280 1989 1415 2063 μετᾶ
1452 1993 1549 2044 τοῦ
1597 1987 1837 2063 ἀδελφοῦ
1879 1988 1977 2045 αύ-

301 2085 400 2135 τοῦ
425 2081 752 2158 Θεοφάνους
781 2083 881 2134 τοῦ
938 2081 1176 2149 ποιητοῦ
1234 2081 1342 2132 τῶν
1400 2076 1663 2136 κανόνων.
1722 2079 1976 2143 Μονάσας

302 2170 357 2227 δὲ
382 2173 663 2245 πρότερον
698 2172 751 2226 ἐν
778 2175 846 2246 τῇ
879 2169 1057 2244 λαύρα
1084 2174 1181 2225 τοῦ
1232 2169 1384 2244 ἁγίου
1440 2164 1611 2237 Σάϐα,
1652 2170 1742 2225 καὶ
1786 2170 1976 2227 πολλὰ

300 2266 723 2340 ἀγωνισάμενος
780 2263 856 2325 εἰς
910 2264 1131 2339 ἀρετὴν,
1190 2261 1410 2336 ὕστερον
1468 2261 1635 2330 ἦλθεν
1710 2263 1762 2318 ἐν
1815 2269 1970 2319 Κων-

302 2350 761 2409 παντινουπόλει
792 2350 879 2407 ἐπὶ
910 2358 1010 2422 τῆς
1046 2349 1321 2427 βασιλείας
1348 2348 1617 2427 Θεοφίλου
1662 2355 1760 2406 τοῦ
1810 2350 1973 2408 Εἰκο-

309 2442 597 2517 νομάχου.
629 2441 739 2498 Καὶ
797 2440 1253 2514 καταναγκασθεὶς
1295 2439 1620 2513 ἆρνήσασεαι
1666 2440 1766 2509 τήν
1810 2461 1974 2517 προσ-

305 2534 540 2605 κύνησιν
599 2538 715 2590 τῶν
769 2532 938 2609 ἁγίων
991 2533 1238 2605 εἰκόνων,
1295 2532 1385 2587 καὶ
1442 2533 1517 2605 μή
1577 2533 1834 2601 πεισθεὶς,
1893 2536 1971 2597 εἰς

305 2624 519 2700 ἐξορίαν
579 2622 943 2697 ἐκπέμπεται,
1028 2620 1292 2695 πρότερον
1369 2622 1809 2692 κατακεντηθεῐς,
1882 2624 1971 2678 καὶ

308 2716 676 2793 κατηραφείς
702 2714 767 2771 τὸ
796 2715 987 2788 τίμιον
1043 2713 1209 2769 αύτσῦ
1255 2712 1553 2787 πρόσωπον
1599 2711 1690 2769 διὰ
1740 2714 1974 2790 βελόνης

315 2810 405 2863 καὶ
438 2807 692 2881 μὲλσνος,
736 2807 829 2862 καὶ
889 2807 966 2870 ὡς
1020 2808 1098 2870 εἷς
1153 2810 1260 2861 τῶν
1321 2807 1638 2882 κακούργων
1692 2805 1781 2861 καὶ
1840 2828 1971 2881 φευ-

326 2898 520 2972 γόντων
580 2894 804 2952 δούλων
863 2889 1266 2970 καθυϐρισθείς“
1329 2891 1471 2949 διότι
1529 2893 1971 2970 ἐπαρρησιάσατο

324 2986 444 3059 ὑπὲρ
468 2989 563 3040 τοῦ
594 2983 837 3054 δικαίου,
868 2981 957 3037 καὶ
1001 2981 1106 3037 ούκ
1153 2980 1420 3053 ἠθέλησεν
1478 2980 1808 3057 ἀρνήσασθαι
1864 2983 1964 3052 τὴν

794 3036 960 3135 σεϐας
1177 3036 1354 3148 άγίιόν
1376 3036 1381 3037 7
1407 3036 1525 3127 κσιίΙ
1556 3036 1767 3127 σεπτῶν
1820 3036 1964 3128 εἷκό-
1996 3036 2040 3103 C

309 3185 428 3221 νων·
457 3163 607 3221 ἀλλᾶ
642 3165 809 3239 μέχρι
867 3161 1063 3225 τέλους
1123 3163 1430 3231 άνειστῆναι
1489 3161 1622 3238 ὑπὲρ
1675 3169 1777 3233 τῆς
1833 3163 1969 3234 ἀλη-

309 3262 456 3326 θινῆς
486 3255 827 3331 ὁμολογίας.
859 3255 946 3309 Ἐν
1000 3253 1060 3308 τὲ
1105 3259 1173 3323 τῆ
1227 3252 1407 3326 ἐξορίᾳ
1454 3253 1724 3325 ἀπελθὼν,
1780 3252 1967 3310 πολλᾶ

307 3344 467 3401 πάλιν
501 3343 919 3419 ἀγωνισάμενος
948 3342 1038 3397 καὶ
1072 3340 1322 3404 πολλοὺς
1352 3346 1460 3397 τῶν
1492 3341 1798 3419 ὀρθοδόξων
1841 3365 1966 3416 στη-

309 3435 475 3510 ρίξας,
505 3435 650 3509 πρὸς
679 3434 875 3510 Κυρίον
908 3429 1060 3504 ἒξεδή
1073 3453 1261 3506 μησεν,

903 3525 984 3595 Ti
1015 3520 1154 3597 αὖτῇ
1185 3520 1368 3598 ἡμέρᾳ

310 3616 517 3688 Μνήμη
579 3617 680 3669 τοῦ
738 3612 890 3688 ὁσίου
950 3611 1161 3688 ῌατρὸς
1219 3613 1378 3684 ἡμῶν
1439 3608 1727 3688 Θεοδώρου
1777 3613 1969 3687 ἀρχιε-

664 3683 935 3739 πισκόπου
968 3681 1620 3746 Κιυνσταντινουπόλεως.

379 3847 561 3907 Οὗτος
623 3845 846 3921 ὑπῆρχε
910 3847 1011 3913 τῆς
1099 3843 1265 3915 αὐτῆς
1338 3843 1966 3907 Κωνσταντινουπόλεως

306 3939 395 3995 καὶ
422 3939 698 4015 γέννημα,
729 3937 820 3992 καὶ
848 3937 1088 4010 Θρέμμα.
1153 3936 1396 4012 Ἐγένετο
1451 3933 1509 3990 δὲ
1556 3937 1822 4012 πρότερον
1881 3935 1971 3992 διὰ

308 4029 409 4097 τήν
469 4022 766 4083 εὐλάϐειαν
824 4026 988 4081 αὐτοῦ
1038 4020 1406 4100 πρεσϐύτερος
1486 4032 1584 4094 τῆς
1658 4025 1972 4100 ἁγιωτάτης

313 4116 582 4192 Μεγάλης
614 4116 968 4188 Ἑκκλησίαςθ
1001 4116 1063 4170 οὐ
1101 4116 1264 4189 μόνον
1293 4112 1352 4171 δὲ
1384 4110 1770 4192 πρεσϐύτερος,
1824 4115 1973 4173 ἀλλά

311 4206 400 4261 καὶ
433 4204 891 4281 συγκελλος,καὶ
951 4203 1305 4278 σκευοφύλαξ.
1365 4205 1639 4260 Τοσοῦτον
1697 4205 1800 4279 γὰρ
1854 4205 1970 4260 ἐτι-

312 4299 453 4367 μᾶτο
513 4293 667 4368 παρᾶ
708 4314 768 4349 τε
822 4298 938 4355 τοῖς
994 4291 1296 4369 βασιλεῦσι,
1346 4292 1435 4347 καὶ
1494 4296 1573 4364 τῷ
1627 4294 1969 4370 πατριάρχῃ,

2003 1666 2055 1729 Β

3402 1492 3582 1562 αὐτὸν,
3642 1496 3732 1550 καὶ

2642 1672 2882 1728 EODEM
2916 1676 3169 1732 MENSE.

2585 1761 2689 1815 Die
2718 1762 3002 1820 vicesima
3032 1770 3239 1822 octava

2085 1842 2178 1898 6|
2214 1845 2494 1905 Certamen
2522 1856 2698 1908 sancti
2726 1855 2908 1912 Patris
2938 1858 3112 1913 nostri
3152 1860 3421 1915 Theodori
3476 1862 3730 1933 Graptae.

2157 2006 2259 2062 llic
2285 2009 2399 2064 fuit
2428 2027 2498 2066 ex
2529 2013 2694 2084 Syria
2719 2031 2838 2071 una
2865 2034 3002 2072 cum
3032 2017 3212 2074 fratre
3246 2038 3351 2077 suo
3382 2023 3736 2095 TheOphane

2084 2095 2390 2153 Canonum
2422 2101 2730 2172 scriptore.
2767 2106 2838 2160 Et
2864 2107 3121 2177 primum
3156 2110 3399 2180 quidem
3439 2112 3499 2166 in
3552 2115 3739 2170 Laura

2084 2186 2271 2241 sancti
2293 2186 2457 2244 Sabae
2476 2194 2867 2249 monasticam
2888 2197 3073 2252 vitam
3088 2199 3737 2269 amplexus,virtutibus

2083 2273 2423 2333 excolendis
2450 2283 2639 2336 totum
2673 2299 2733 2337 se
2767 2283 3010 2340 addixit.
3063 2287 3289 2343 Deinde
3320 2290 3734 2347 Constantino-
3793 2350 3800 2357 ,

2079 2363 2265 2434 polim
2285 2367 2586 2437 profectus
2608 2371 2935 2443 Theophilo
2956 2375 3350 2433 Iconomacho
3381 2378 3735 2451 imperante,

2081 2468 2215 2508 cum
2238 2460 2577 2513 sanctarum
2601 2459 2928 2532 imaginum
2953 2463 3176 2519 cultum
3199 2466 3430 2538 ejurare
3450 2467 3736 2525 detrecta-

2078 2542 2418 2610 ret,acubus
2434 2547 3214 2626 perfossus,atramentoque
3238 2555 3299 2609 in
3313 2556 3461 2611 facie
3474 2562 3732 2626 notatus,

2080 2647 2147 2686 ac
2168 2632 2348 2686 veluti
2382 2634 2685 2691 maleﬁcus
2717 2643 2776 2692 et
2804 2639 3080 2712 fugitivus
3128 2658 3330 2699 servus
3375 2646 3736 2702 contumelia

2079 2721 2347 2787 affectus,
2394 2723 2455 2777 in
2514 2725 2788 2781 exsilium
2830 2729 3084 2800 ejicitur,
3137 2732 3294 2801 quod
3343 2750 3448 2805 pro
3498 2735 3732 2806 justitia

2079 2808 2265 2864 libere
2283 2810 2612 2879 decertans,
2634 2815 2925 2873 honorem
2948 2821 3508 2894 venerationemque
3542 2841 3732 2880 sacra-

2078 2917 2211 2955 rum
2242 2900 2568 2974 imaginum
2602 2903 2895 2975 abnegare
2927 2907 3136 2976 nollet,
3161 2907 3263 2962 sed
3286 2910 3360 2965 ad
3391 2916 3723 2968 extremum

2079 2991 2354 3063 spiritum
2384 3009 2490 3064 pro
2523 3010 2660 3049 vera
2686 2993 3063 3051 confessione
3094 2999 3460 3068 persisteret.
3514 3002 3579 3055 In
3630 3019 3732 3057 ex-

2079 3081 2212 3136 silio
2253 3087 2452 3137 autem
2474 3098 2609 3139 cum
2630 3082 2820 3139 multa
2842 3102 3050 3141 rursus
3071 3089 3399 3144 certamina
3429 3090 3732 3161 subiisset,

2071 3169 2394 3243 pluresque
2426 3173 2890 3229 orthodoxorum
2923 3175 3355 3247 conﬁrmasset,
3409 3179 3480 3234 ad
3528 3180 3728 3234 Domi-

2073 3277 2216 3317 num
2247 3263 2537 3336 migravit.

2724 3534 2945 3589 Eodem
2977 3535 3073 3589 die

2074 3619 2177 3675 02
2236 3620 2689 3677 Commemoratio
2746 3625 2924 3677 sancti
2980 3625 3161 3677 Patris
3212 3622 3392 3677 nostri
3460 3623 3729 3677 Theodorz

2375 3691 2776 3763 archiepiscopi
2806 3693 3422 3762 Constantinopolitani.

2149 3860 2251 3914 Hic
2283 3861 2792 3932 ConstantinOpoli
2826 3867 3000 3917 natus
3028 3867 3085 3916 et
3114 3862 3419 3934 educatus,
3471 3862 3729 3933 primum

2084 3949 2161 4005 ob
2196 3966 2364 4005 suam
2397 3950 2748 4021 probitatem
2780 3952 3111 4024 presbyter,
3144 3952 3471 4024 Syncellus,
3506 3958 3564 4007 et
3593 3954 3731 4008 Sce-

2088 4038 2377 4109 vophylax
2405 4039 2519 4094 fuit
2548 4041 2939 4096 sanctissimae
2969 4057 3197 4114 magnae
3231 4042 3520 4110 ecclesias,
3552 4047 3731 4113 atque

2076 4128 2140 4181 in
2168 4144 2402 4183 summo
2435 4128 2662 4183 honore
2692 4129 2931 4185 habitus
2961 4130 3034 4185 ab
3087 4130 3569 4202 imperatoribus,
3625 4147 3729 4201 pa-

2080 4218 2361 4290 triarcha,
2407 4225 2638 4287 senatu,
2699 4221 3093 4291 universaque
3143 4221 3418 4294 synodo:
3472 4221 3733 4292 prudens

2079 4308 2238 4362 enim
2273 4313 2418 4376 erat,
2454 4309 2714 4381 sapiens,
2748 4309 3278 4381 eleemosynarius,
3341 4311 3732 4381 compatiens,

307 4384 398 4437 καὶ
454 4387 531 4457 τῇ
585 4380 902 4458 συγκλήτῳ,
986 4381 1077 4436 καὶ
1126 4384 1196 4454 τῇ
1252 4377 1465 4470 συνόδῳ
1519 4381 1689 4456 πάσῃσ
1747 4383 1814 4452 ἦν
1864 4383 1966 4459 γὰρ

2086 4400 2138 4451 et
2166 4397 2386 4464 omnia,
2406 4414 2536 4468 qum
2567 4399 2684 4453 Deo
2707 4398 2965 4470 placent,
2981 4399 3043 4453 in
3067 4399 3260 4469 seipso
3283 4397 3731 4454 circumferens.

309 4475 555 4543 συνετὸς,
607 4474 700 4529 καὶ
749 4472 1066 4548 γνωστικὸς,
1122 4472 1208 4526 καὶ
1263 4469 1541 4544 ἐλεήμων,
1598 4471 1688 4552 καὶ
1741 4493 1967 4545 συμπα-

308 4565 435 4631 θής,
466 4563 563 4618 καὶ
593 4562 768 4618 πάντα
797 4563 862 4618 τὰ
900 4566 1018 4634 Θεῷ
1061 4560 1357 4635 ἀρέσκοντα
1409 4560 1462 4616 ἐν
1509 4561 1684 4633 ἐκ.»τῷ
1741 4564 1968 4641 περι.φὲ-

309 4672 443 4727 ρων.
476 4653 580 4707 Διὰ
606 4656 773 4707 ταῦτα
802 4649 860 4708 δὲ
903 4655 1002 4707 τοῦ
1045 4651 1151 4725 πρὸ
1198 4649 1364 4705 αὐτοῦ
1414 4652 1762 4726 πατριάρχου
1814 4655 1966 4709 Κων-

310 4746 595 4802 σταντίνου
651 4745 1098 4817 τελευτήσαντος,
1153 4745 1323 4820 ψήφῳ
1378 4746 1475 4798 τοῦ
1532 4740 1824 4818 βασιλέως,
1876 4745 1967 4801 καὶ

315 4847 413 4908 τῆς
443 4838 782 4914 συγκλήτου,
828 4838 919 4895 κάὶ
974 4841 1084 4892 τῶν
1139 4835 1472 4904 ἐπισκόπων,
1531 4836 1620 4892 καὶ
1674 4842 1773 4893 τοῦ
1829 4838 1969 4894 λαοῦ

315 4930 536 4996 παντὸς,
566 4928 984 5005 προχειρίζεται
1028 4923 1378 5002 πατριάρχης
1423 4927 1521 4978 τοῦ
1574 4924 1770 4998 θρόνου
1818 4932 1966 4981 Κων-

319 5014 840 5075 σταντινουπόλεως,
877 5012 983 5070 Καὶ
1032 5009 1217 5071 καλῶς
1274 5007 1550 5081 ποιμάνας
1602 5009 1666 5064 τὸ
1713 5010 1969 5083 ποίμνιον

2077 4487 2474 4551 Quamobrem
2541 4488 2821 4543 defuncto
2906 4489 3292 4543 Constantino
3370 4487 3728 4559 patriarcha,

2077 4575 2374 4648 suffragiis
2404 4576 2804 4647 imperatoris,
2862 4582 3127 4644 senatus,
3175 4579 3234 4631 et
3288 4574 3730 4645 episcoporum,

2078 4664 2378 4735 totiusque
2409 4665 2634 4736 populi,
2667 4666 2977 4721 ordinatur
3007 4665 3201 4719 throni
3231 4662 3731 4734 Constantinopo-

2077 4751 2247 4807 litani
2278 4753 2634 4823 patriarcha.
2667 4754 2933 4824 Cumque
2992 4769 3228 4825 gregem
3286 4767 3457 4808 suum
3510 4752 3732 4823 Optime

2077 4839 2487 4912 gubernasset,
2510 4845 2896 4911 sanctamque
2911 4840 3222 4897 ecclesiam
3245 4840 3569 4896 orthodoxe
3593 4839 3732 4894 reli-

2077 4928 2358 5000 gioseque
2379 4929 2551 4983 annis
2573 4928 2804 4985 duobus
2825 4946 2892 4985 ac
2913 4929 3219 4985 mensibus
3243 4929 3432 4986 tribus
3452 4929 3724 4997 rexisset,

2078 5016 2350 5089 migravit
2379 5016 2453 5073 ad
2482 5018 2820 5073 Dominum.

317 5102 501 5173 αὐτος,
533 5102 625 5160 καὶ
652 5097 995 5179 κυϐερνήσας
1018 5100 1118 5169 τὴν
1149 5100 1209 5173 ἀγ
1226 5099 1327 5155 ίαν.
1362 5094 1687 5167 Ἐκκλησίαν
1723 5098 2024 5173 ὁρθοδόξως
2071 5103 2162 5159 καὶ
2208 5106 2507 5178 θεαρὲστως
2559 5104 2646 5160 ἐπὶ
2696 5102 2788 5176 ἔτη
2832 5102 2950 5178 δύο,
2998 5107 3085 5162 καὶ
3149 5110 3323 5180 μῆνας
3374 5111 3547 5183 τρεῖς,
3591 5105 3729 5180 πρὸς

322 5192 515 5268 Κύριον
545 5190 696 5263 ἒξεδή
706 5211 902 5267 μησεν.

900 5293 983 5364 τῇ
1016 5285 1362 5363 αὒττιὴμέρᾳ

384 5380 639 5454 ’Λθλησις
667 5386 782 5439 τῶν
815 5378 986 5455 ἁγίων
1020 5375 1308 5453 μαρτύρων
1327 5372 1504 5445 Ἰνδη,
1534 5376 1622 5430 καὶ
1658 5374 1895 5449 Δόμνας.

384 5565 444 5622 Ἡ
499 5569 704 5645 μάρτυς
768 5565 965 5637 Δόμνα
1023 5560 1270 5634 ὑπῆρχεν
1327 5555 1417 5613 ἐπὶ
1467 5557 1816 5631 Μαξιμιανοῦ
1868 5565 1967 5616 τοῦ

317 5654 650 5727 βασιλέωςέν
708 5655 886 5711 πόλει
945 5645 1345 5722 Νικομηδείας,
1397 5646 1568 5720 ίέρεια
1630 5651 1728 5702 τοῦ
1784 5647 1836 5703 ἐν
1891 5653 1971 5722 τῷ

2731 5295 2953 5351 Eodem
2987 5296 3084 5352 die

2078 5381 2179 5438 03
2264 5385 2551 5440 Certamen
2632 5391 2944 5440 sanctorum
3020 5391 3326 5456 martyrum
3425 5385 3599 5450 Indis,
3678 5388 3732 5439 et

2257 5523 2265 5539 ε
2780 5457 3030 5513 Domnae.

2150 5562 2383 5618 Domna
2409 5567 2654 5634 martyr,
2685 5563 3037 5619 Maximiano
3069 5563 3445 5634 imperatore,
3493 5560 3555 5615 in
3585 5559 3730 5615 urbe

2082 5650 2432 5705 Nicomedia
2460 5650 2590 5721 fuit,
2621 5649 2898 5705 sacerdos
2929 5650 3239 5706 duodecim
3257 5650 3501 5705 deorum
3534 5648 3593 5702 in
3624 5649 3731 5703 Pa-
