4114 6306
375 302 488 364 231

1660 290 2098 356 MENOLOGI]
2142 288 2350 351 PARS
2394 286 2475 346 II.

3671 279 3788 340 232

377 434 661 493 latio.Sed
683 449 819 490 cum
838 432 990 489 forte
1009 433 1073 488 in
1096 434 1241 489 Acta
1260 434 1602 488 sanctorum
1619 427 2024 500 apostolorum

2137 416 2388 490 παλατίῳ
2446 414 2806 480 δωδεκαθέου.
2866 413 3206 489 Ἐνόυχοῦσα
3264 408 3322 466 δὲ
3377 415 3526 500 ταῖς⁸
3558 411 3790 487 Πράξεσι

379 532 439 582 et
461 526 648 582 sancti
675 526 839 581 Pauli
860 525 1155 597 Epistolas
1178 523 1511 591 incidisset,
1540 535 1744 575 earum
1771 517 2029 573 lectione

379 618 580 672 animo
606 616 1283 684 illuminata,veramque
1308 611 1486 667 ﬁdem
1512 608 1838 671 discens,in
1861 605 2031 662 Chri-

378 711 536 762 stum
567 706 841 775 credidit,
877 710 935 760 et
992 722 1026 759 a
1072 703 1292 775 Cyrillo
1343 698 1698 756 Nicomediae
1751 698 2028 769 episcopo

376 796 667 867 baptizata
685 796 817 863 fuit,
840 811 960 850 una
982 810 1117 848 cum
1145 793 1288 847 lnde
1312 791 1608 857 eunucho,
1634 794 1693 843 et
1713 788 1847 843 aliis
1868 802 2026 841 com-

375 885 668 956 pluribus.
702 886 846 939 Tum
871 900 1007 938 vero
1030 883 1077 937 si
1111 881 1254 953 quid
1278 898 1313 936 a
1340 879 1560 935 Palatio
1586 876 1934 949 accipiebat,
1967 874 2028 928 in

376 990 669 1046 pauperes
690 973 839 1027 illud
865 987 1104 1043 erogare
1127 970 1323 1042 coapit.
1350 968 1515 1034 Quod
1538 984 1674 1023 cum
1695 966 2032 1022 rescivisset

377 1062 788 1117 eunuchorum
814 1061 1114 1133 princeps,
1176 1058 1629 1131 accingeretque
1675 1072 1737 1111 se
1785 1053 1857 1109 ad
1897 1068 2028 1108 eam

376 1150 1100 1223 torquendam,simulavit
1123 1149 1227 1205 illa
1243 1143 2028 1211 dementiam.Quamobrem

375 1247 440 1296 ut
479 1247 812 1307 sanaretur,
844 1241 1029 1295 missa
1078 1245 1168 1295 est
1219 1241 1294 1293 ad
1349 1238 1715 1308 episcOpum,
1772 1238 1831 1288 et
1874 1232 2032 1287 inter

373 1330 742 1385 Christianos
776 1328 1141 1384 versabatur.
1176 1326 1288 1382 Sed
1336 1324 1725 1381 Maximianus
1757 1339 1793 1377 a
1820 1321 2029 1377 castris

374 1434 664 1485 reversus,
699 1423 1197 1489 percontatusque
1261 1415 1334 1471 de
1382 1415 1630 1480 Domna,
1680 1428 1814 1467 cum
1864 1411 2027 1465 illam

376 1525 497 1564 non
513 1509 853 1580 reperisset,
876 1508 965 1563 ira
978 1505 1438 1575 excandescens,
1463 1504 1648 1575 jussit
1662 1501 2029 1557 Christianos

375 1615 581 1654 omnes
605 1598 883 1653 interﬁci.
915 1600 1076 1653 Tunc
1116 1600 1321 1652 sancta
1348 1597 1577 1650 Domna
1605 1597 1839 1664 sumpto
1870 1590 2025 1646 virili

373 1689 603 1756 habitu,
659 1687 1010 1742 Sanctorum
1040 1685 1328 1756 reliquias
1359 1689 1541 1739 noctu
1567 1682 1829 1737 sublatas
1860 1696 2030 1751 sepe-

373 1776 577 1833 liebat.
612 1778 863 1831 Demum
896 1776 1096 1847 agnita
1126 1774 1316 1845 capite
1347 1773 1521 1844 plexa
1549 1771 1680 1826 fuit.

1028 2004 1248 2060 Eodem
1280 2003 1376 2059 die

374 2156 478 2210 64
513 2154 796 2207 Certamen
840 2155 1155 2205 sanctorum
1182 2149 1387 2218 viginti
1430 2147 1667 2201 millium
1697 2151 2025 2213 martyrum.

446 2295 835 2353 Maximianus
864 2293 1212 2365 imperator,
1245 2291 1515 2348 confecto
1544 2290 1821 2360 feliciter,
1869 2287 2029 2359 quod

374 2388 656 2443 adversus
681 2385 982 2457 Ethiopes
1011 2387 1295 2457 gesserat,
1327 2382 1511 2450 bello,
1540 2380 1747 2436 volens
1772 2378 2030 2451 epinicia

372 2477 550 2533 idolis
581 2475 904 2543 celebrare,
929 2474 1131 2541 edixit,
1151 2477 1214 2527 ut
1236 2472 1634 2542 undequaque
1653 2486 1860 2525 omnes
1885 2484 2026 2523 con-

374 2565 663 2631 venirent,
697 2562 857 2619 idola
885 2554 1206 2618 adoraturi.
1264 2561 1408 2615 Cum
1456 2564 1657 2615 autem
1705 2559 1767 2612 in
1826 2561 2028 2612 sancto

374 2654 595 2710 Natalis
627 2651 842 2708 Christi
873 2651 1024 2705 festo
1057 2649 1311 2705 ecclesia
1339 2648 1810 2704 Christianorum
1852 2646 2031 2717 plena

382 2742 602 2815 populo
627 2745 801 2808 esset,
821 2754 1054 2795 summa
1074 2737 1431 2794 cumlaztitia
1448 2738 1665 2793 festum
1690 2736 1848 2791 diem
1862 2734 2031 2790 Chri-

376 2831 555 2887 stiani
587 2828 991 2896 celebrabant,
1025 2844 1135 2882 nec
1180 2827 1381 2883 induci
1434 2831 1728 2897 poterant,
1779 2829 1845 2879 ut
1891 2822 2028 2878 inde

373 2924 625 2989 exirent,
658 2927 718 2976 et
746 2921 983 2993 impura
1033 2919 1327 2975 daamonia
1376 2918 1662 2973 colerent.
1712 2914 1879 2981 Quod
1926 2914 2027 2969 ubi

376 3011 613 3067 rescivit
643 3010 1052 3076 Maximianus,
1085 3009 1388 3079 praecepit,
1418 3012 1485 3062 ut
1526 3008 1685 3062 circa
1715 3004 2027 3060 ecclesiam

376 3101 648 3173 apposita
671 3099 1069 3168 undequaque
1094 3102 1395 3151 sarmenta
1424 3096 1937 3160 comburerentur,
1970 3097 2030 3147 et

2054 1796 2103 1863 B

2132 511 2241 564 τῶν
2289 505 2460 582 ἁγίων
2519 502 2900 572 Ἀποστόλων,
2960 502 3052 557 καὶ
3108 505 3227 565 ταῖς
3284 497 3640 562 Ἐπιστολαῖς
3693 503 3790 554 τοῦ

2135 597 2292 673 ἁγίου
2324 594 2574 664 Παύλου,
2637 592 2727 649 καὶ
2786 593 2913 667 παρ’
2980 592 3157 647 αὐτῶν
3214 591 3314 659 τήν
3373 591 3559 666 ψυχὴν
3617 604 3791 664 φωτι-

2137 687 2342 755 σθεῖσα,
2372 685 2463 740 καὶ
2492 684 2591 753 τήν
2625 680 2808 753 ἂληθῆ
2839 681 3022 735 πίστιν
3080 683 3346 753 μαθοῦσα,
3402 677 3681 734 ἐπίστευσε
3707 681 3788 750 τῷ

2134 773 2371 849 Χριστῷ·
2415 773 2507 829 καὶ
2569 771 2882 848 βαπτίζεται
2938 769 3086 844 παρὰ
3145 766 3430 843 Κυρίλλου
3486 765 3789 822 ἐπισκόπου

2138 861 2534 936 Νικομηδείας,
2559 864 2672 934 ἅμα
2700 857 2851 934 ’Ίνδῃ
2881 863 2960 930 τῷ
2990 856 3263 932 εὑνούχῳ,
3294 854 3385 910 καὶ
3417 853 3613 918 ἄλλοις
3644 854 3792 910 πολ-

2137 951 2280 1014 λοῖς.
2316 953 2416 1009 Καὶ
2450 952 2557 1007 ἀπὸ
2606 950 2732 1005 τότε
2778 947 2832 1003 εἷ’
2872 970 2925 1002 τι
2977 943 3281 1020 ἐλάμϐανεν
3337 945 3442 1000 ἀπὸ
3495 943 3790 1015 παλατίου,

2134 1039 2314 1096 ἐδίδου
2373 1046 2489 1104 τοῖς
2547 1044 2821 1114 πτωχοῖς.
2910 1040 3314 1111 Διαγνωσθεῖσα
3372 1032 3429 1090 δε
3493 1033 3640 1110 παρᾶ
3692 1036 3791 1089 τοῦ

2133 1130 2565 1206 ἀρχιευνούχου,
2652 1127 2741 1183 καί
2825 1124 3107 1201 μέλλαυσα
3188 1129 3571 1198 τιμωρεῖσθαι,
3654 1141 3788 1197 πρε-

2136 1219 2422 1294 εφασίσατο
2507 1216 2951 1296 παραφροσύνην,
3034 1213 3127 1270 καὶ
3212 1211 3491 1284 ἀπεστάλη
3564 1212 3641 1274 είς
3695 1213 3791 1267 τὸν

2136 1309 2448 1379 ἐπίσκοπον,
2508 1306 2593 1362 ἵνα
2633 1310 2957 1383 θεραπευθῇ·
3015 1304 3104 1360 καὶ
3169 1305 3236 1373 ἦν
3297 1303 3429 1377 μετὰ
3487 1306 3595 1357 τῶν
3654 1304 3788 1377 Χρι-

2134 1404 2386 1456 στιανῶν.
2418 1399 2480 1455 Ὀ
2512 1396 2570 1454 δὲ
2599 1395 2968 1470 Μαξιμιαγὸς,
3028 1393 3366 1469 ὑποστρέψας
3414 1391 3523 1446 ἀπὸ
3568 1395 3665 1445 τοῦ
3693 1411 3793 1444 τα-

2136 1486 2357 1560 ξειδίου,
2414 1487 2595 1557 ἐζήτει
2648 1486 2749 1555 τὴν
2809 1484 3044 1558 Δόμναν.
3105 1482 3200 1536 Καὶ
3264 1482 3340 1555 μὴ
3430 1480 3624 1555 εὑρὼν,
3679 1478 3798 1534 ἐπι-

2133 1579 2360 1654 κράνθη,
2415 1578 2501 1632 καὶ
2589 1575 2911 1651 προσέταξεν
2993 1572 3284 1636 ἀποθανεῖν
3375 1571 3574 1632 πάντας
3654 1568 3787 1633 τοὺς

2136 1666 2516 1743 Χριστιανούς.
2578 1667 2716 1723 Τότε
2774 1667 2809 1734 ἡ
2868 1662 2997 1738 ἁγία
3054 1660 3240 1734 Δόμνα
3300 1657 3633 1732 ἐνδυσαμένη
3704 1657 3794 1713 ἆν-

2136 1754 2327 1831 δρικήν
2367 1754 2568 1823 στολὴν
2622 1752 2815 1815 νυκτὸς
2871 1745 3278 1823 ἀνελαμϐάνετο
3336 1752 3445 1803 τῶν
3505 1746 3671 1821 ἁγίων
3725 1744 3795 1800 τὰ

2136 1847 2392 1920 λείψανα,
2422 1845 2513 1900 καὶ
2545 1838 2758 1899 ἔθαπτε.
2793 1841 2894 1900 Καὶ
2923 1841 3246 1916 γνωσθεῖσα,
3278 1833 3707 1915 ἀπεκεφαλίσθη.

2724 1989 2804 2062 Τῇ
2843 1986 2984 2060 αὖτῇ
3023 1982 3205 2060 ἡμέρᾳ

2308 2133 2579 2206 Ἀθλησις
2605 2137 2713 2188 τῶν
2746 2129 2911 2205 ἁγίων
2944 2125 3256 2202 δυσμυρίων
3295 2123 3606 2200 μαρτύρων.

2211 2277 2555 2353 Μαξιμιανοῦ
2594 2280 2692 2332 τοῦ
2751 2271 3025 2350 βασιλέως
3083 2270 3143 2326 ἐκ
3195 2272 3291 2325 τοῦ
3348 2268 3484 2324 κατᾶ
3536 2269 3646 2322 τῶν
3705 2264 3804 2323 Αἲ-

2137 2367 2345 2424 θιόπων
2378 2363 2813 2442 ὑποστρέψαντος
2844 2360 3097 2434 πολέμου
3132 2357 3267 2432 μετᾶ
3295 2357 3475 2426 νίκης,
3509 2353 3598 2409 καὶ
3660 2353 3800 2429 βου-

2139 2456 2379 2530 λομένου
2412 2453 2651 2510 ἐπινίκια
2683 2456 2836 2517 θῦσαι
2866 2454 2982 2512 τοῖς
3015 2445 3293 2514 εἷ’δώλοις,
3347 2444 3610 2517 ἐμήνυσεν
3658 2462 3803 2495 παν-

2138 2550 2312 2622 ταχοῦ
2352 2542 2628 2608 συνελθεῖν
2688 2541 2926 2601 ἅπαντας
2980 2537 3057 2600 εἷς
3111 2536 3210 2606 τὴν
3268 2531 3632 2610 προσκύνησιν
3685 2532 3799 2585 τῶν

2138 2633 2408 2691 εἰδώλων·
2466 2638 2567 2703 τῆς
2627 2627 2685 2685 δὶ
2766 2625 3061 2698 ἐκκλησίας
3145 2627 3254 2678 τῶν
3312 2623 3648 2698 Χριστιανῶν
3704 2638 3803 2694 γε-

2143 2724 2356 2799 μούσης
2381 2727 2476 2778 τοῦ
2517 2720 2653 2778 λαοῦ
2707 2718 2794 2792 (ἦν
2846 2717 2951 2793 γάρ
2981 2718 3016 2785 ἡ
3050 2714 3211 2789 ἑορτὴ
3256 2716 3365 2766 τῶν
3427 2708 3592 2799 ἁγίων
3653 2708 3799 2783 Χρι-

2138 2794 2267 2869 στοῦ
2312 2794 2557 2888 γέννων),
2617 2807 2961 2883 ἑορτάζοντες
3031 2805 3083 2859 οἱ
3140 2800 3484 2878 Χριστιανοὶ,
3543 2794 3798 2873 ἔχαιρον,

2139 2904 2227 2959 καὶ
2289 2884 2389 2958 οὑκ
2447 2900 2772 2969 ἐπεῖσθησαν
2859 2895 3092 2968 ἐξελθεῖν
3149 2899 3250 2962 τῆς
3314 2888 3625 2960 ἐκκλησίας,
3706 2884 3803 2942 καὶ

2140 2999 2516 3068 προσκυνῆσαι
2584 2994 2704 3050 τοῖς
2758 2986 3081 3061 ἀκαθάρτοις
3130 2979 3385 3063 δαίμοσι.
3448 2977 3546 3035 Καὶ
3612 2977 3804 3050 μαθὼν

2137 3064 2301 3140 τοῦτο
2335 3083 2362 3136 6
2392 3079 2750 3153 Μαξιμιανὸς,
2783 3074 3075 3149 προσέταξε
3111 3067 3301 3142 κύκλῳ
3356 3075 3454 3138 τῆς
3503 3064 3805 3135 ἐκκλησίας

375 3186 1165 3255 Christianiconﬂagrarent.
1190 3187 1333 3239 Tum
1363 3202 1501 3240 vero
1531 3186 1844 3256 episcopus
1864 3183 2026 3237 Cate-

2144 3179 2363 3242 τεθῆναι
2416 3170 2681 3248 φρύγανα,
2735 3166 2823 3221 καὶ
2913 3162 3228 3240 ἐξαφθῆναι,
3290 3160 3378 3214 καί
3463 3159 3802 3225 κατακαῆναι

382 3278 715 3333 chumenos
746 3290 954 3330 omnes
1002 3273 1333 3345 baptizavit,
1386 3274 1687 3343 sacrisque
1731 3277 2029 3353 operatus,

376 3365 698 3438 purissima
720 3363 1004 3436 mysteria
1024 3362 1253 3416 cunctis
1281 3362 1570 3433 porrexit:
1596 3367 1773 3432 atque
1795 3361 1877 3415 ita
1889 3359 2027 3414 sub-

371 3455 534 3527 jecto
591 3453 712 3525 igni
771 3452 1082 3506 hominum
1140 3451 1344 3521 viginti
1412 3450 1602 3505 millia
1656 3454 2033 3505 concremata

378 3548 538 3611 sunt,
573 3547 815 3614 excepto
847 3542 1146 3612 episcopo,
1182 3541 1281 3611 qui
1312 3540 1415 3595 Dei
1444 3539 1735 3595 beneﬁcio
1767 3542 2032 3594 servatus

374 3639 484 3703 est,
516 3637 583 3687 ut
612 3632 760 3687 alios
782 3631 1039 3703 juvaret,
1072 3646 1139 3685 ac
1168 3630 1511 3702 baptizaret.

1029 3951 1250 4007 Eodem
1282 3951 1377 4006 die

383 4070 481 4128 05
518 4071 804 4124 Certamen
844 4073 1181 4133 sanctorum,
1232 4069 1329 4136 qui
1384 4083 1453 4121 ex
1496 4072 1634 4121 coetu
1685 4072 1736 4121 et
1780 4083 1850 4121 ea:
1894 4082 2030 4135 rogo

654 4145 968 4194 sanctorum
993 4144 1301 4207 martyrum
1329 4140 1742 4207 superfuerunt.

450 4258 584 4312 Haec
614 4271 752 4310 cum
782 4254 1055 4325 impurus
1085 4253 1475 4308 Maximianus
1492 4254 1752 4320 fecisset,
1772 4253 2027 4324 impera-

373 4347 456 4401 vit
483 4350 550 4400 ut
577 4345 618 4399 ii
664 4344 864 4411 etiam,
920 4343 1021 4414 qui
1081 4347 1245 4397 extra
1301 4359 1507 4415 rogum
1563 4342 1780 4413 reliqui
1837 4347 2027 4405 erant,

371 4435 693 4493 Christiani
726 4433 1228 4489 interﬁcerentur.
1262 4433 1444 4505 Igitur
1474 4436 1714 4487 sanctus
1745 4431 1938 4499 ludes,
1972 4436 2031 4486 et

2140 3262 2270 3324 τοὺς
2328 3244 2708 3335 Χριστισνούς.
2770 3254 2873 3311 Καῒ
2929 3251 3164 3312 ἀκούσας
3210 3252 3372 3304 τοῦτο
3413 3248 3441 3300 ὁ
3473 3244 3800 3312 ἐπίσκοπος,

2139 3349 2396 3408 ἐϐάπτισε
2424 3349 2627 3410 πάντας
2673 3344 2801 3406 τοὺς
2855 3338 3331 3416 κατηχουμένους·
3392 3339 3483 3391 καὶ
3540 3331 3800 3408 λειτουρο

2140 3445 2335 3517 γήσας,
2374 3435 2672 3513 μεσέδωκεν
2716 3436 2880 3489 ἅπασι
2944 3434 3052 3485 τῶν
3109 3428 3394 3503 ἀχράντων
3456 3421 3799 3498 μυστηρίων.

2139 3510 2243 3588 Καὶ
2277 3510 2450 3589 οὕτως
2481 3523 2823 3600 ἀναχθέντων
2884 3524 2991 3574 τῶν
3042 3518 3349 3594 φρυγάνων,
3398 3510 3798 3600 ἐτελειώθησαν

2142 3619 2371 3678 ἁπαντες
2403 3613 2697 3689 δυσμύριοι
2731 3608 2899 3671 ὄντες.
2941 3608 3002 3664 Ὀ
3053 3604 3110 3660 δὲ
3157 3603 3450 3665 ἐπίσκοπος
3501 3602 3636 3655 Θεοῦ
3687 3598 3799 3673 χά-

2139 3728 2249 3783 ριτι
2310 3684 2680 3782 διεφυλάχθη,
2763 3700 2852 3755 ἳνα
2917 3695 3007 3751 καὶ
3065 3695 3280 3770 ὲτερους
3337 3687 3624 3769 ὠφελήσῃ,
3703 3684 3799 3740 καὶ

2142 3795 2400 3870 βαπτίσῃ.

2718 3932 2802 4004 Τῇ
2844 3927 2980 4002 miti
3011 3924 3195 4001 ἡμέρᾳ

2134 4057 2406 4123 Ἂθλησις
2437 4054 2546 4106 τῶν
2578 4048 2691 4123 ᾂπδ
2715 4052 2813 4115 τῆς
2848 4044 3189 4123 συγκλήτου,
3237 4041 3328 4096 καὶ
3376 4041 3485 4123 τῷν
3534 4030 3637 4107 ἔξω
3685 4040 3790 4105 τῆς

2358 4110 2535 4197 πυρᾶς
2570 4110 3005 4196 ὑπολειξρθέντὶον
3040 4110 3206 4191 ἇγίων
3247 4110 3559 4186 μαρτύρων.

2201 4248 2380 4303 Ταῦτα
2434 4238 2639 4317 πράξας
2698 4239 2726 4293 6
2788 4235 2982 4312 μιαρὸς
3070 4230 3430 4305 Μαξιμιανὸς,
3491 4223 3788 4317 προσέτα-ξε

2133 4336 2225 4391 καὶ
2252 4332 2381 4394 τοὺς
2556 4335 2658 4399 τῆς
2713 4311 2897 4403 πυρᾶς
2944 4321 3368 4398 ὑπολειφθέντας
3427 4311 3788 4392 Χριστιανοὺς

2135 4425 2479 4503 φονευθῆναι.
2516 4402 2848 4474 Φονεύονται
2882 4411 2941 4469 δὲ
2964 4414 2994 4467 6
3028 4413 3177 4503 ἅγιος
3207 4406 3388 4479 ἰνδης
3442 4405 3546 4503 καὶ⁸
3585 4402 3792 4503 Γοργό-

370 4525 722 4598 Gorgonius,
756 4529 815 4579 et
843 4526 1073 4591 Petrus,
1105 4493 1363 4596 alligatis
1395 4522 1467 4579 ad
1500 4522 1721 4578 collum
1752 4493 1935 4589 saxis,
1958 4521 2019 4576 in

2137 4493 2267 4587 V'IOC,
2323 4512 2414 4567 καὶ
2479 4510 2705 4584 Πέτρος,
2763 4504 2943 4598 λίθοις
2997 4497 3402 4598 προσδεθέντες,
3460 4493 3633 4550 καὶέν
3672 4502 3792 4598 pea-

367 4631 530 4671 mare
561 4614 819 4669 demersi
850 4618 1006 4668 sunt.
1034 4615 1229 4668 Zenon
1252 4613 1557 4684 copiarum
1590 4612 1728 4680 dux,
1757 4611 2020 4666 contusis

369 4718 507 4759 saxo
538 4702 729 4757 oculis
757 4718 825 4756 ac
855 4701 1156 4769 dentibus,
1187 4719 1308 4757 una
1337 4719 1472 4757 cum
1520 4701 1815 4756 Dorotheo
1866 4717 2020 4772 prai—

368 4788 782 4863 posito,capite
804 4790 1111 4860 plectitur;
1128 4791 1465 4846 Mardonius
1490 4790 1610 4861 igni
1630 4788 2021 4855 comburitur;

369 4878 715 4952 Mygdonius
747 4878 810 4933 in
840 4879 1066 4934 foveam
1098 4879 1367 4951 injicitur
1394 4897 1407 4947 ;
1442 4878 1744 4950 Glycerius
1773 4877 2019 4950 presby-

369 4974 459 5023 ter
475 4967 734 5023 flammis
759 4968 1047 5034 traditur;
1082 4969 1443 5039 Theophilus
1466 4968 1752 5023 diaconus
1774 4967 2023 5039 praecisa

366 5057 574 5129 lingua
601 5057 665 5110 in
696 5072 904 5127 campo
934 5055 1269 5126 lapidatur:
1303 5054 1759 5127 compluresque
1792 5056 1892 5110 alii
1917 5071 2018 5109 eo-

369 5146 503 5201 dem
536 5144 629 5199 die
677 5144 945 5215 martyrii
1006 5161 1288 5199 coronam
1333 5151 1709 5215 acceperunt.
1760 5147 2020 5209 Quorum

371 5234 640 5289 omnium
673 5248 870 5287 sacras
901 5232 1185 5302 reliquias
1217 5234 1276 5287 in
1308 5250 1495 5288 unum
1510 5234 1795 5308 collectas
1818 5237 2023 5288 sancta

368 5325 596 5378 Domna
630 5322 939 5393 sepelivit:
990 5322 1205 5377 deinde
1255 5323 1483 5393 navigio
1534 5324 1860 5395 impositas,
1913 5322 2018 5376 ho-

367 5414 537 5465 nesto
584 5409 711 5464 loco
765 5408 1161 5464 abscondidit.
1223 5412 1412 5476 Quare
1464 5410 1537 5466 ad
1600 5411 2017 5466 Maximianum

368 5498 584 5565 delata,
620 5497 887 5569 ejusdem
921 5499 1098 5571 jussu
1162 5501 1420 5572 primum
1476 5499 1667 5571 capite
1718 5498 2016 5570 plectitur,

370 5604 509 5646 mox
533 5587 655 5660 igni
686 5587 1071 5645 comburitur.

2129 4574 2307 4676 λάσνσῃ
2340 4574 2606 4677 ριφέντεςί
2640 4574 2704 4653 Ὃ
2761 4591 2820 4648 δὶ
2878 4574 3179 4667 στρατηγὸς
3222 4589 3431 4677 Ζήνων,
3482 4574 3785 4677 συντριϐεὶς

2129 4695 2228 4762 τήν
2262 4669 2385 4765 όψιν
2410 4669 2507 4744 ’καὶ
2533 4685 2660 4747 τοὺς
2692 4681 2917 4743 ὀδόντας
2949 4679 3083 4752 μετᾶ
3132 4676 3325 4746 λίθων,
3376 4674 3467 4729 σὺν
3525 4669 3791 4765 Δωροθέῳ

2129 4756 2209 4855 ut»
2257 4756 2603 4856 πραιποσίτῳ
2659 4775 2759 4843 τήν
2820 4766 3064 4848 κεφαλὴν
3123 4767 3506 4839 ἀποτέμνεται.
3566 4756 3791 4856 Μαρδό-

2129 4843 2245 4933 νιιος
2288 4843 2417 4942 πυρὶ
2473 4843 2747 4944 φΛὲλίεται·
2809 4843 3132 4933 Μυλίδώνιος
3186 4854 3262 4916 εἲς
3322 4854 3531 4944 βόθρονΔ
3578 4843 3790 4944 ἐμβάλ-

2131 4960 2303 5016 λεται·
2362 4939 2660 5030 Ῡλυκὲριος
2721 4953 2749 5006 ὁ
2807 4943 3174 5026 πρεσϐύτερος
3242 4943 3371 5018 πυρὶ
3455 4939 3783 5030 τελειοῦται·

2128 5047 2392 5126 Θεόφιλος
2415 5047 2443 5100 ὁ
2475 5026 2727 5103 διάκονος
2777 5041 2877 5109 τὴν
2932 5035 3184 5126 γλῶτταν
3229 5030 3553 5126 ’ἐκτμηθεὶα
3576 5026 3680 5126 ,ἐν’
3705 5028 3786 5099 τῷ

2128 5115 2332 5212 κάμπῳ
2364 5128 2763 5199 λιθοϐολεῖταιι
2796 5128 2883 5184 καὶ
2915 5123 3093 5201 ἕτεροι
3152 5120 3360 5178 πολλοὶ
3409 5120 3526 5174 κατ’
3573 5115 3783 5184 ἐκείνην

2258 5204 2468 5300 ἡμέραν
2515 5223 2605 5276 τὸν
2662 5226 2764 5290 τῆς
2828 5214 3126 5291 μαρτυρίας
3185 5209 3432 5281 ἐδέξαντο
3500 5204 3780 5300 στέφανον.

2126 5294 2625 5372 Τούτων-πάντων
2684 5309 2752 5362 τὰ
2810 5307 2933 5382 ἅγια
3019 5302 3244 5377 λείψανα
3300 5302 3335 5369 ἠ
3394 5297 3517 5370 ἁγία
3602 5294 3787 5382 Δόμνα

2130 5405 2427 5479 συνάγουσα
2463 5400 2825 5475 ἐνεταφίασεν.
2876 5393 3007 5451 Εἶτα
3056 5389 3109 5446 ἐν
3168 5387 3350 5460 πλοίῳ
3407 5386 3639 5449 ἐνθεῖσα,
3694 5378 3787 5434 καὶ

2126 5494 2178 5551 ἐν
2200 5475 2501 5563 ἐπιτηδείῳ
2529 5488 2782 5565 κρύψασα
2808 5484 2983 5556 τόπῳ,
3016 5476 3284 5549 διεϐλήθη
3323 5480 3400 5548 τῷ
3432 5475 3787 5565 Μαξιμιανιρ,

2126 5585 2216 5640 καὶ
2245 5581 2313 5657 τῇ
2342 5558 2898 5654 προστάξει-ἐκείνου,
2923 5576 3141 5646 πρῶτον
3190 5568 3283 5642 μὲν
3339 5562 3631 5636 ἀπετμήθη
3676 5558 3781 5627 τὴν

2125 5670 2393 5753 κεφαλὴν,
2424 5670 2543 5724 εἶτα
2572 5668 2662 5724 καὶ
2691 5665 2822 5740 πυρὶ
2842 5662 3101 5732 κατεκάη.
