4112 6308
96 407 189 468 133

205 726 271 784 Ἦ
306 726 644 803 ἆναίρεσις
681 737 815 788 τῶν
846 732 904 789 έν
935 647 1292 809 τῇΚΙξηθλεὲμ
1319 734 1484 810 ἁγίων
1514 732 1753 805 νηπίων.

203 847 536 919 “sacriﬁce
571 849 607 904 6
651 850 944 925 βασιλεὺς
984 857 1093 907 τῶν
1152 849 1432 909 Ἰουδαίων
1460 846 1717 924 Ἰἰρώδης
1745 852 1864 909 τοῖς

163 937 381 1012 “huic,
453 943 569 992 τοῦ
668 942 1057 1017 ὑποστρέψαι,
1115 941 1203 996 καὶ
1287 939 1660 1016 διαναγγεῖλαι
1721 936 1868 1008 αὐτῷ

179 1028 283 1096 περὶ
309 1032 412 1082 to?»
444 1029 855 1104 γεννηθέντος
892 1030 1182 1105 βασιλέως,
1215 1031 1271 1086 ὅν
1314 1033 1342 1087 6
1374 1033 1569 1105 ἀστὴρ,
1634 1030 1680 1101 ᾧ
1732 1029 1869 1095 ἦκα·-

185 1116 424 1187 λούθουν,
474 1117 772 1190 ἐμήνυεν,
835 1120 987 1180 ’ὁπως
1065 1119 1156 1174 σὺν
1215 1119 1439 1184 ἐκείνοις
1520 1115 1871 1194 προσκυνήσῃ

195 1206 339 1278 αύτῷ.
402 1207 516 1263 Καὶ
581 1212 695 1263 τοῦ
761 1208 1008 1282 ἀγγέλου
1064 1207 1311 1271 εἰπόντος
1368 1208 1574 1278 αὐτοῖς,
1625 1206 1701 1279 μή
1751 1204 1873 1257 ἀνα-

202 1299 394 1370 κάμψαι
423 1298 576 1371 πρὸς
601 1295 901 1373 Ἡρώδην,
950 1299 1097 1356 ἀλλὰ
1153 1296 1224 1353 δι’
1254 1297 1436 1368 ἄλλης
1468 1295 1598 1352 ὁδοῦ
1647 1295 1870 1368 ἀναχω-

207 1392 350 1458 Ρῆσαι
377 1384 455 1447 εἷς
489 1387 602 1454 τήν
643 1387 844 1463 χώραν
881 1389 1082 1444 αὐτῶν·
1143 1386 1233 1442 καὶ
1289 1389 1452 1441 τοῦτο
1501 1381 1872 1453 ποιησάντων,

210 1473 350 1542 ἷόὼν,
408 1474 499 1529 ὅτι
585 1474 901 1551 ἐνεπαίχθη
965 1477 1053 1532 ὑπ’
1138 1477 1341 1542 αὐτῶν,
1403 1472 1720 1548 ἐπικράνθη·
1781 1467 1870 1524 καὶ

209 1563 503 1638 ἑψηφίσατο
536 1559 796 1640 ακριῦὧς
827 1566 919 1620 τὸν
967 1567 1166 1640 χρόνον
1197 1569 1294 1620 τοῦ
1353 1562 1684 1641 φαινομένου
1715 1555 1871 1614 ἀστέ-

214 1674 316 1726 ρος.
359 1654 468 1710 Καὶ
533 1653 877 1716 ἀποστείλας
941 1655 1299 1731 στρατιώτας,
1360 1650 1613 1728 ἐφόνευσε
1669 1647 1875 1711 πάντας

217 1744 323 1804 τοὶις
372 1740 588 1805 παῖδας
617 1743 753 1806 τοὺς
816 1743 868 1798 ἐν
903 1743 1180 1814 Βηθλεὲμ,
1233 1743 1339 1798 ἀπὸ
1371 1739 1600 1808 διετοῦς,
1631 1737 1722 1793 καὶ
1776 1758 1872 1792 κα-

221 1834 441 1904 τωτέρω.
473 1835 666 1888 Τοῦτο
701 1833 926 1906 θέμενος
985 1832 1036 1887 έν
1095 1835 1164 1906 τῇ
1205 1829 1436 1902 διανοίᾳ,
1465 1829 1548 1884 ὅτι
1595 1827 1641 1882 εἰ
1673 1828 1876 1887 πάντας

1661 378 2105 485 sedatam.

729 551 946 613 ΜΗΝΙ
978 555 1070 612 ΤΩ
1097 551 1295 613 ΑΥΤΩ.
1881 573 1938 640 Α

3493 427 3613 486 234

2530 555 2770 613 EODEM
2793 557 3043 612 MENSE.

2494 645 2596 701 Die
2626 646 2906 703 vicesima
2935 661 3094 702 nona

2082 731 2182 786 66
2215 732 2394 788 Gades
2457 743 2771 791 sanctorum
2830 736 3133 806 infantium
3173 735 3508 791 Bethlchem.

2047 848 2188 904 Cum
2226 850 2484 906 Herodes
2512 853 2849 908 Judaaorum
2882 870 2982 909 rex
3015 853 3194 924 Magis
3237 852 3620 925 praecepisset

1976 941 2043 991 ut
2070 939 2420 1004 redirent,et
2445 942 2981 997 renuntiarentsibi
3013 943 3085 996 de
3112 948 3249 996 nato
3281 957 3622 1014 rege.quem

1980 1026 2160 1083 Stella
2191 1028 2314 1094 illa,
2346 1047 2524 1100 quam
2577 1032 2998 1102 sequebantur,
3059 1038 3508 1097 monstraverat,
3559 1037 3627 1087 ut

1979 1115 2107 1187 ipse
2165 1133 2300 1172 cum
2357 1119 2429 1174 iis
2483 1119 2757 1176 adoraret
2814 1137 2994 1176 eum:
3069 1137 3322 1191 cumque
3377 1121 3626 1192 angelus

1981 1204 2227 1262 dixisset
2258 1207 2364 1278 eis,
2399 1225 2472 1263 ne
2503 1216 2944 1266 reverterentur
2963 1209 3038 1265 ad
3069 1210 3494 1277 Herodem,sed
3521 1227 3626 1282 per

1982 1293 2160 1349 aliam
2190 1295 2342 1351 viam
2374 1296 2531 1352 irent
2559 1299 2619 1352 in
2668 1299 2974 1371 regionem
3033 1314 3224 1366 suam,
3273 1298 3452 1370 idque
3510 1299 3623 1372 ipsi

1982 1382 2300 1452 fecissent;
2333 1387 2538 1442 videns
2569 1387 2694 1456 ille,
2723 1389 2880 1459 quod
2915 1389 3122 1443 irrisus
3152 1388 3365 1444 fuisset
3393 1389 3465 1444 ab
3516 1389 3626 1456 eis,

1985 1473 2075 1528 ira
2104 1475 2421 1530 excanduit
2468 1493 2481 1530 :
2523 1481 2583 1531 et
2627 1477 2950 1547 exquirens
3005 1476 3321 1549 diligenter
3370 1482 3627 1548 tempus,

1986 1577 2102 1632 quo
2133 1561 2316 1618 Stella
2337 1571 2711 1635 apparuerat,
2746 1565 2946 1620 missis
2995 1565 3286 1621 militibus
3333 1564 3634 1621 interfecit

1986 1666 2192 1706 omnes
2224 1669 2439 1723 pueros
2493 1654 2835 1710 Bethlehem
2885 1671 2920 1710 a
2966 1655 3192 1711 bimatu
3224 1660 3283 1709 et
3332 1654 3506 1722 infra,
3564 1669 3631 1708 eo

1987 1741 2256 1808 consilio,
2280 1748 2348 1798 ut
2377 1744 2605 1799 cazteris
2645 1745 3020 1817 interemptis
3059 1743 3259 1816 pueris
3290 1745 3339 1798 is
3397 1759 3634 1816 quoque

1987 1829 2598 1904 exstingueretur,qui
2631 1840 2984 1904 regnaturus
3014 1839 3160 1900 erat,
3188 1849 3298 1888 nec
3331 1832 3443 1888 sibi
3474 1833 3630 1887 insi-

225 1923 329 1983 τοὺς
359 1921 575 1984 παῖδας
605 1921 882 1999 φονεύσει,
928 1924 1144 1983 πάντως
1187 1922 1535 1975 ἀποθανεῖται
1586 1919 1614 1972 ὁ
1650 1913 1870 1988 μέλλων

2002 1921 2112 1976 lias
2171 1929 2450 1977 strueret.
2507 1923 2617 1978 Sed
2691 1924 2912 1978 frustra
3000 1924 3286 1979 laboravit
3360 1924 3628 1990 insanus,

219 2013 560 2086 βασιλεῦσαι,
608 2011 702 2066 καὶ
763 2009 865 2066 οὐκ
917 2005 1290 2066 ἐπιϐουλεύσει
1349 2007 1516 2079 αὐτῷ.
1578 2005 1735 2062 Ἀλλ’
1794 2001 1874 2065 εἷς

222 2101 715 2173 μάτηνέκοπίασεν
770 2102 798 2156 6
847 2101 1164 2176 παράφρων
1227 2099 1304 2172 μή
1364 2095 1546 2165 εἰδὼς,
1604 2095 1688 2150 ὅτι
1741 2096 1875 2149 Θεοῦ

221 2191 395 2265 βουλῇ
431 2188 1057 2270 ἅνθρωποςέμποδίσαι
1091 2189 1152 2244 οὐ
1197 2186 1434 2245 δύναται.
1465 2189 1622 2250 Ὅθεν
1651 2183 1874 2243 ἐκείνοις

220 2281 308 2352 μὲν
341 2275 693 2352 προεξένησε
724 2276 1008 2356 βασιλείαν
1040 2277 1305 2353 οὐρανῶν,
1338 2278 1512 2348 ἑαυτῷ
1542 2272 1600 2330 δὲ
1652 2272 1878 2328 κόλασιν

217 2370 342 2425 οῗών
353 2392 460 2427 ιον.

831 2487 916 2558 Tii
947 2483 1086 2558 αὐτῇ
1107 2481 1288 2557 ἡμέρᾳ

226 2605 432 2676 κνήμη
463 2605 571 2658 τοῦ
601 2600 758 2657 ὁσίου
780 2601 988 2676 ιιατρὸς
1017 2602 1178 2676 ἡμῶν
1207 2595 1539 2676 Μαρκέλλου
1572 2601 1744 2670 μονῆς
1770 2597 1880 2650 τῶν
1938 2615 1944 2619 ·

876 2674 1246 2745 ’Ᾱγοιμήτων.

305 2792 482 2852 Οὗτος
513 2793 542 2846 6
575 2792 730 2854 δσιος
768 2789 956 2864 Πατὴρ
1013 2785 1178 2860 ἡμῶν
1230 2782 1582 2863 Μάρκελλος,
1634 2785 1882 2858 ὑπῆρχεν

252 2879 316 2934 ἒκ
386 2876 595 2940 πόλεως
667 2877 969 2950 Ἀπαμείας
1031 2879 1128 2946 τῆς
1229 2875 1449 2950 Συρίας⁹
1506 2874 1611 2929 ἀπὸ
1669 2869 1885 2944 ἐνδόξου

250 2970 444 3043 γένους
495 2968 582 3022 καὶ
653 2970 1011 3046 περιφανοῦς.
1072 2967 1277 3038 Ἑμαθε
1333 2962 1391 3019 δὲ
1464 2969 1634 3018 πᾶσαν
1687 2965 1884 3036 γνῶσιν

248 3059 342 3112 καί
377 3059 698 3129 ἐπιστήμην.
734 3056 865 3113 Εἶτα
892 3054 1153 3112 κατέλιπε
1205 3056 1298 3110 τὸν
1355 3054 1590 3127 κόσμον,
1649 3051 1738 3106 καὶ
1794 3049 1887 3104 τὸν

235 3149 391 3204 οἶκον
449 3149 537 3203 τὸν
599 3148 888 3222 πατρικὸν,
957 3145 1046 3202 καὶ
1115 3141 1443 3220 παρεγένετο
1501 3142 1574 3204 εἷς
1633 3143 1885 3219 Ἔφεσον.

236 3241 330 3295 Καὶ
395 3239 476 3303 εἷς
569 3239 939 3310 μοναστήριον
998 3235 1279 3304 εἰσελθὼν,
1337 3233 1521 3295 καλῶς
1607 3231 1883 3304 έμόνασεν,

1981 2010 2255 2066 nesciens
2277 2011 2539 2070 divinum
2572 2013 2889 2068 consilium
2951 2013 3022 2068 ab
3075 2013 3320 2068 homine
3351 2011 3630 2084 impediri

1981 2118 2100 2156 non
2131 2119 2324 2173 posse.
2345 2104 2542 2168 .Quare
2566 2104 2686 2159 illis
2708 2105 2944 2175 quidem
2961 2105 3198 2160 caaleste
3228 2104 3632 2177 regnum,ipse

1981 2207 2117 2246 vero
2148 2191 2262 2246 sibi
2287 2198 2511 2248 aeterna
2541 2194 2834 2266 supplicia
2859 2195 3242 2267 comparavit.

2638 2489 2855 2546 Eodem
2885 2489 2979 2545 die

1988 2600 2085 2655 01
2145 2601 2591 2662 Commemoratio
2656 2599 2836 2661 Sancti
2888 2597 3072 2661 Patris
3129 2603 3307 2661 nostri
3389 2601 3633 2660 Marcelli

2274 2674 2487 2730 abbatis
2554 2679 2878 2732 monasterii
2933 2681 3350 2733 Acmetarum.

2060 2787 2308 2842 Sanctus
2331 2789 2504 2843 Pater
2535 2797 2738 2845 noster
2762 2792 3073 2847 Marcellus
3096 2794 3369 2864 Apameae
3393 2792 3453 2845 in
3473 2790 3640 2862 Syria

1992 2877 2243 2932 honesto
2277 2883 2334 2931 et
2363 2877 2580 2934 illustri
2612 2897 2828 2953 genere
2869 2887 3068 2948 natus,
3127 2887 3305 2951 atque
3361 2880 3642 2935 omnibus

1995 2967 2260 3022 scientiis
2292 2966 2638 3038 instructus,
2671 2970 2890 3025 mundo
2919 2983 3282 3043 paterneque
3339 2970 3512 3024 domo
3543 2985 3645 3024 va-

1993 3057 2644 3131 lerejussis,Ephesum
2672 3062 2990 3132 profectus,
3009 3063 3067 3116 in
3092 3061 3521 3118 monasterium
3545 3075 3642 3114 se-

1997 3164 2059 3202 se
2091 3148 2402 3222 recepitet
2431 3151 2817 3206 monasticam
2842 3151 3015 3206 vitam
3031 3151 3340 3223 amplexus
3367 3156 3474 3205 est.
3494 3151 3641 3204 Tum

1999 3243 2269 3291 sanctum
2292 3237 2690 3294 Alexandrum
2713 3239 2861 3296 adiit
2891 3240 2952 3294 in
2983 3240 3346 3296 monasterio
3378 3242 3642 3294 Acueme-

236 3291 330 3295 -σ-
398 3291 474 3303 -ίν
569 3291 635 3310 ιν-
685 3291 733 3292 η
803 3291 899 3310 ..κ
1153 3291 1173 3299 ν
1265 3291 1278 3304 .
1508 3291 1518 3295 -
1637 3291 1647 3304 .

236 3332 368 3385 Εἶτα
419 3327 749 3402 παρεγένετο
801 3327 937 3400 πρὸς
996 3325 1085 3380 τὸν
1143 3326 1293 3380 δσιον
1349 3319 1703 3395 Ἀλέξανδρον
1760 3319 1884 3375 ὅντα

2003 3331 2195 3380 tarum
2228 3333 2518 3399 agentem,
2543 3330 2714 3400 cujus
2747 3329 3077 3384 sanctitatis
3107 3329 3264 3384 fama
3293 3327 3645 3400 percrebue-

233 3417 290 3472 ἐν
420 3420 568 3490 μονῇ
616 3417 730 3470 τῶν
761 3415 1140 3486 ’Λκοιμήτων,
1171 3414 1356 3486 μαθὼν
1403 3412 1527 3486 περὶ
1556 3417 1659 3480 τῆς
1705 3409 1888 3465 ἐνθέου

233 3509 320 3563 καὶ
353 3506 584 3580 ὑψηλῆς
617 3506 788 3560 αὑτοῦ
819 3505 1034 3580 ἀρετῆς.
1070 3503 1172 3561 Καὶ
1204 3500 1256 3558 ἐν
1309 3505 1379 3576 τῇ
1434 3500 1658 3574 τοιαύτῃ
1747 3501 1885 3573 μονῇ

233 3600 327 3665 τήν
359 3595 652 3672 διαγωγήν
693 3593 1091 3667 ποιησάμενος,
1147 3591 1240 3648 καὶ
1298 3593 1500 3652 πάντας
1559 3583 1886 3664 ὑπερϐαλὼν

237 3688 308 3748 εἰς
335 3689 566 3762 ἀρετ-ᾖν,
595 3685 732 3757 μετὰ
746 3685 838 3740 τὸν
851 3684 1076 3739 θάνατον
1091 3680 1476 3756 Ἀλεξάνδρου,
1507 3679 1598 3736 καὶ
1625 3675 1890 3737 Ἰακώϐου

234 3781 331 3831 τοῦ
356 3775 496 3849 μετὰ
526 3771 895 3846 Ἀλέξανδρον
931 3771 1416 3848 ἡγεμονεύσαντος,
1474 3769 1683 3846 ἐγένετο
1733 3768 1895 3844 ἡγού-

241 3886 420 3935 μενος.
455 3865 742 3920 Τοσοῦτον
775 3858 834 3915 δέ
858 3860 1166 3935 ἠγωνίσατο
1198 3859 1275 3921 εἷς
1307 3859 1525 3932 ἀρετὴν,
1558 3856 1631 3919 ὠς
1657 3856 1748 3911 καὶ
1796 3858 1896 3931 χά-

240 3975 402 4026 ρισμα
431 3950 880 4026 θαυματουργίας
912 3947 1158 4018 δέξασθαι
1214 3949 1362 4016 παρὰ
1415 3952 1568 4003 Θεοῦ·
1632 3945 1778 4001 ἀλλὰ
1806 3946 1896 4000 καὶ

1998 3419 2143 3470 rat:
2204 3414 2264 3469 in
2315 3433 2502 3488 eoque
2562 3419 2924 3473 monasterio
2975 3425 3264 3481 versatus,
3320 3416 3648 3472 monachos

1998 3519 2204 3559 omnes
2236 3504 2547 3561 virtutibus
2581 3507 2929 3562 antecelluit
2962 3524 2974 3562 :
3003 3506 3104 3562 ubi
3159 3511 3294 3578 post
3321 3503 3648 3560 Alexandri

2001 3591 2248 3664 ejusque
2281 3596 2642 3650 successoris
2669 3595 2868 3650 Jacobi
2901 3595 3127 3650 obitum
3159 3595 3340 3650 abbas
3399 3593 3644 3660 electus,

2003 3697 2071 3735 ea
2101 3683 2481 3737 contentione
2512 3685 2758 3739 virtutes
2809 3684 3086 3750 excoluit,
3139 3690 3204 3738 ut
3233 3689 3290 3737 et
3328 3681 3648 3736 miraculo-

2004 3787 2156 3836 rum,
2187 3777 2245 3824 et
2274 3772 2601 3842 prophetiae
2633 3773 2856 3828 donum
2897 3790 2932 3828 a
2964 3773 3080 3826 Deo
3113 3771 3426 3842 acceperit.
3459 3757 3650 3835 Quare

2005 3858 2211 3914 multis
2243 3861 2490 3930 patratis
2514 3859 3652 3934 prodigiis,imperatoribus,populoque

2007 3948 2284 4002 universo
2317 3949 2706 4016 honorabilis,
2731 3951 2791 4005 in
2817 3966 2960 4022 pace
2986 3949 3261 4006 decessit.

242 4043 606 4121 προᾳητείαςο
668 4040 790 4094 ’ὁθεν
846 4037 1076 4094 πολλῶν
1135 4038 1426 4110 θαυματων
1453 4032 1862 4108 ἐπιδειξάμενος
1889 4031 2142 4108 δύναμιν,
2175 4037 2413 4099 καὶτοῖς
2449 4035 2755 4112 βασιλεῦσι,
2813 4036 2902 4091 καὶ
2955 4035 3114 4092 παντὶ
3170 4038 3248 4108 τῷ
3305 4033 3424 4108 λαῷ
3466 4033 3654 4109 τίμιος

239 4134 442 4209 sanie,
479 4130 537 4187 έν
561 4129 756 4204 εἰρήνῃ
785 4125 1103 4198 ἐτελειώθη.

792 4244 969 4301 MHNI
998 4249 1086 4299 ΤΩ
1124 4245 1322 4301 ΔΥΤΩ.

1043 4360 1103 4415 Α.

458 4451 740 4523 ’Δθλησις
785 4457 887 4521 τῆς
917 4450 1069 4527 ἁγίας
1112 4451 1382 4524 μάρτυρος
1416 4447 1682 4511 Ἀνυσίας.

2562 4245 2806 4302 EODEM
2845 4244 3078 4300 MENSE
3093 4287 3107 4301 .

2605 4361 2712 4418 Die
2744 4362 3046 4418 tricesima

2222 4449 2322 4507 68
2356 4452 2643 4507 Certamen
2663 4459 2867 4507 sancte
2903 4453 3164 4520 martyris
3194 4451 3437 4520 Anysiaz.

315 4574 378 4630 Ἦ
408 4571 544 4646 άγία
609 4570 814 4642 μάρτυς
861 4565 1084 4623 ’Δνυσία
1138 4565 1382 4641 ὑπῆρχεν
1443 4562 1529 4620 ἐπὶ
1559 4565 1884 4637 Μαξιμιανοῑ

2084 4566 2296 4622 Sancta
2325 4573 2550 4640 martyr
2579 4567 2813 4639 Anysia,
2874 4566 3229 4622 Maximiano
3278 4557 3660 4636 imperatore,

253 4660 528 4736 βασιλέως
592 4655 656 4712 ἐκ
705 4655 925 4718 πόλεως
1004 4652 1424 4724 Θεσσαλονίκης,
1470 4657 1647 4728 γονεῖς
1705 4648 1907 4728 ἔχουσα

245 4746 518 4820 εὐσεϐεῖς,
550 4744 645 4802 καί
677 4743 904 4807 πιστοὺς
933 4743 1024 4799 καὶ
1080 4739 1401 4806 πλουσίους.
1457 4739 1636 4797 Ἀλλὰ
1693 4739 1906 4797 ἐκείνων

252 4839 665 4907 ἀποθανόντων,
702 4832 997 4912 ὑπελείφθη
1032 4834 1066 4904 η
1100 4832 1226 4908 ἁγία
1279 4831 1613 4905 καταμόνας,
1668 4827 1756 4886 διὰ
1789 4829 1910 4907 βίου

254 4929 338 4983 καί
380 4928 640 5003 πράξεως
671 4923 1069 4998 εὐχαριστοῦσα
1115 4926 1196 4994 τῷ
1244 4925 1383 4992 Θεῷ.
1443 4921 1533 4977 Ἐν
1567 4924 1664 4994 μιᾷ
1695 4917 1752 4975 δὲ
1799 4924 1908 4975 τῶν

255 5022 507 5091 ἡμερῶν,
541 5015 683 5070 κατὰ
737 5014 799 5068 τὸ
865 5009 1010 5082 ἔθος,
1041 5009 1395 5086 ἀπερχομένη
1445 5012 1521 5074 εἰς
1551 5012 1652 5079 τὴν
1711 5008 1908 5081 ἐκκλη-

262 5109 400 5174 σίαν,
433 5107 774 5175 συνήντησεν
824 5101 960 5176 αὖτῇ
1019 5101 1356 5176 στρατιώτης
1385 5121 1468 5162 τις
1498 5103 1605 5154 τῶν
1666 5098 1912 5156 εἶ’δωλων

757 5192 856 5247 Καὶ
939 5193 1213 5264 κρατήσας
1342 5190 1528 5258 αὐτὴν,
1613 5190 1915 5264 ἠνάγκαζεν

263 5286 540 5354 ἐπελθεῖν,
575 5282 665 5337 καὶ
699 5283 858 5336 θῦσαι
887 5285 1006 5341 τοῖς
1030 5277 1302 5343 εἰδώλοις·
1343 5279 1418 5342 ὡς
1475 5274 1531 5332 δὲ
1584 5277 1682 5333 οὐκ
1737 5274 1914 5335 ἔπεισε

268 5379 358 5443 τήν
415 5377 602 5451 ἁγίαν,
661 5371 912 5447 ἱσκυρῶς
972 5369 1365 5443 ἀντεχομένην,
1425 5366 1514 5422 καὶ
1573 5366 1915 5440 ἐμπτύσασαν

274 5464 338 5526 εἲς
364 5465 427 5520 τὸ
489 5461 789 5536 πρόσωπον
848 5457 1037 5524 αὐτοῦ,
1084 5457 1354 5531 θυμωθεὶς
1411 5458 1548 5511 κατᾶ
1601 5464 1701 5526 τῆς
1746 5457 1914 5514 πλευ.

278 5560 365 5628 ρᾶς
395 5553 566 5621 αὐτῆς
599 5547 878 5605 διελαύνει
933 5547 997 5601 τὸ
1053 5547 1307 5610 σπαθίον.
1341 5545 1444 5602 Καὶ
1494 5541 1756 5618 δεξαμένη
1813 5549 1911 5617 τὴν

275 5640 539 5698 ἐπώδυνον
574 5640 661 5695 κατ
696 5637 898 5712 πικράν
928 5631 1130 5706 ταύτην
1162 5633 1383 5710 πληγήν
1423 5635 1458 5705 ἡ
1515 5634 1662 5709 ἁγία,
1717 5633 1912 5702 εὐθέως

261 5195 670 5269 προσκυνητής.
757 5192 856 5247 Καὶ
939 5193 1213 5264 κρατήσας
1342 5188 1528 5258 αὐτὴν,

2018 4672 2088 4712 ex
2109 4655 2255 4712 urbe
2285 4657 2728 4720 Thessalonica,
2758 4656 2895 4730 piis,
2926 4655 3229 4722 fidelibus,
3262 4653 3660 4726 divitibusque

2017 4745 2366 4818 parentibus
2378 4752 2536 4812 nata,
2545 4750 2680 4818 post
2709 4744 2950 4800 illorum
2972 4744 3199 4800 obitum
3215 4743 3343 4801 sola
3358 4743 3665 4812 derelicta,

2019 4833 2135 4890 vita
2166 4834 2550 4905 moribusque
2581 4834 2700 4888 Deo
2747 4832 2965 4905 gratias
3005 4831 3230 4904 agebat.
3265 4831 3528 4898 Quadam
3560 4849 3667 4889 au-

2019 4927 2138 4979 tem
2170 4923 2285 4988 die,
2309 4939 2443 4977 cum
2461 4923 2533 4977 de
2565 4937 2728 4976 more
2757 4921 3069 4977 ecclesiam
3100 4923 3310 4986 adiret,
3345 4922 3579 4978 obviam
3611 4923 3666 4979 ei

2019 5012 2209 5068 factus
2230 5011 2402 5066 miles
2435 5010 2728 5067 idolorum
2754 5011 2966 5076 cultor,
2999 5013 3490 5084 comprehensam
3514 5029 3671 5068 com-

2021 5101 2284 5176 pellebat
2311 5101 2496 5167 abire,
2527 5099 2822 5172 idolisque
2867 5101 3223 5157 sacrificare.
3259 5101 3674 5156 Reluctantem

2021 5208 2181 5258 vero,
2211 5198 2268 5245 et
2298 5192 2358 5246 in
2391 5191 2522 5262 ejus
2551 5207 2616 5244 os
2640 5197 3091 5262 conspuentem,
3127 5192 3312 5246 iratus
3366 5191 3538 5247 miles
3570 5197 3685 5246 tra-

2019 5281 2200 5356 jectis
2231 5279 2426 5353 gladio
2459 5279 2769 5341 lateribus,
2794 5280 3072 5352 gravique
3109 5279 3335 5334 inflicto
3358 5280 3603 5334 vulnere
3621 5280 3686 5335 in

2024 5377 2244 5427 terram
2277 5369 2513 5441 dejecit.
2556 5372 2632 5424 At
2662 5367 2766 5423 illa
2817 5369 2902 5423 sic
2961 5367 3212 5439 dejecta,
3275 5369 3459 5423 Deum
3495 5384 3686 5437 orare,

2025 5461 2198 5532 eique
2233 5459 2452 5533 gratias
2473 5475 2650 5530 agere
2690 5475 2810 5513 non
2847 5457 3119 5513 cessabat
3150 5476 3163 5514 :
3197 5464 3379 5529 atque
3406 5457 3564 5513 hunc
3624 5459 3687 5514 in

2024 5550 2267 5608 modum
2300 5568 2405 5623 per
2430 5549 2633 5622 plures
2665 5548 2841 5604 horas
2864 5548 3401 5620 faciens,spiritum
3428 5537 3678 5604 Domino

2023 5640 2288 5697 tradidit.

269 5724 432 5788 ἷπισεν
466 5731 555 5788 ἑπῖ
582 5729 684 5799 τήν
715 5733 845 5806 γῆν.
881 5717 1062 5782 Ἀλλᾶ
1088 5724 1178 5778 καὶ
1208 5726 1466 5796 πεσούσα,
1520 5729 1620 5792 τῆς
1667 5717 1800 5798 πρὸς
1834 5728 1961 5786 Θεὸν
1988 5727 2343 5808 εὐχαριστίας
2373 5747 2433 5783 τε
2467 5727 2558 5782 καὶ
2594 5724 2766 5795 εὐχῆς
2817 5723 2918 5780 οὐκ
2950 5717 3235 5803 ἂφίστατο.
3274 5724 3375 5779 Καὶ
3409 5722 3578 5787 οὕτως
3610 5721 3676 5780 ξπ

271 5821 492 5886 πολλαῖς
521 5825 646 5884 ταῖς
675 5803 853 5893 ὥραις
881 5808 1139 5885 ποιοῦσα,
1171 5807 1456 5889 παρέδωκέ
1483 5809 1546 5867 τὸ
1574 5803 1790 5888 πνεῦμά
1817 5813 1988 5890 αὐτῆς
2125 5803 2331 5894 Κυρίῳ.

543 5941 818 6002 Ριτεοι..
869 5935 982 5997 Ga.
1031 5932 1261 5995 CXVII.

3372 5935 3411 5991 8
