4112 6308
485 352 600 410 235

1145 475 1367 532 Eodem
1401 475 1497 531 die

487 580 587 637 69
637 581 923 637 Certamen
979 578 1156 631 sancti
1230 577 1465 645 apostoli
1506 576 1766 646 Timonis,

1057 653 1264 717 septem
1295 648 1564 702 diaronis.

1859 579 2022 632 unius
2073 591 2142 631 ea:

561 829 769 884 Timon
817 825 1032 881 Christi
1091 823 1396 895 apostolus
1453 841 1609 880 unus
1671 841 1739 880 ex
1772 825 2148 897 septuaginta

493 918 824 989 discipulis,
866 915 1176 969 ordinatus
1205 921 1294 968 est
1322 930 1355 968 a
1387 915 1608 969 sanctis
1641 915 1925 986 apostolis
1941 915 2147 969 diaco-

493 1023 625 1075 nus,
660 1012 726 1060 ut
776 1005 1000 1059 mensis
1033 1004 1386 1073 eorum,qui
1427 1003 1500 1057 ad
1549 1003 1846 1058 Christum
1902 1003 2144 1058 accede-

486 1100 638 1165 rent,
671 1101 732 1149 et
761 1093 1232 1165 baptizarentur,
1289 1093 1660 1147 ministraret
1705 1109 1824 1147 una
1851 1109 1984 1148 cum
2012 1092 2146 1146 aliis

488 1200 591 1239 sex
621 1182 914 1247 diaconis,
969 1181 1030 1234 in
1095 1197 1349 1251 quorum
1401 1196 1651 1235 numero
1713 1188 1840 1236 erat
1897 1197 2146 1253 magnus

490 1273 822 1343 Stephanus
856 1275 1272 1341 protomartyr.
1311 1269 1420 1324 Sed
1443 1274 1648 1340 postea
1678 1269 1750 1324 ab
1783 1269 1992 1325 iisdem
2017 1287 2144 1324 san-

491 1361 602 1414 ctis
637 1359 923 1431 apostolis
954 1363 1187 1412 creatus
1214 1359 1550 1412 Bostrorum
1576 1358 1635 1412 in
1667 1357 1885 1413 Arabia
1915 1360 2145 1430 episco-

490 1465 764 1521 pus,cum
799 1447 856 1502 in
881 1447 1124 1501 nomine
1153 1447 1385 1500 Domini
1413 1448 1598 1500 nostri
1630 1447 1765 1501 Jesu
1791 1448 2005 1502 Christi
2027 1447 2143 1501 veri

490 1538 593 1592 Dei
626 1536 1220 1605 doceret,multisque
1249 1538 1585 1591 Graecorum
1609 1535 1800 1590 verbis
1820 1542 1874 1591 et
1897 1537 2148 1592 miracu-

495 1626 570 1681 lis
602 1624 1009 1698 persuaderet,
1041 1629 1106 1678 ut
1163 1623 1370 1678 relicta
1422 1641 1571 1678 vana
1613 1624 1909 1680 idolorum
1941 1642 2144 1698 super-

491 1715 734 1770 stitione
795 1713 906 1767 sibi
965 1729 1000 1768 a
1048 1711 1376 1784 majoribus
1435 1713 1652 1767 tradita
1706 1729 1902 1769 veram
1967 1714 2144 1769 ﬁdem

490 1801 1110 1874 susciperent,petitus
1141 1800 1376 1854 insidiis
1405 1801 1740 1856 Judaaorum
1765 1818 1916 1874 εῖδει-θ
1938 1802 2143 1858 feren-

489 1892 637 1946 tium
670 1906 886 1944 nomen
919 1888 1135 1943 Christi
1169 1894 1290 1943 tam
1323 1887 1508 1944 libere
1558 1888 1890 1960 praedicari,
1923 1889 1995 1944 ab
2029 1890 2140 1946 im-

485 1981 601 2053 piis
618 1978 948 2034 idololatris
961 1977 1811 2049 comprehenditur,variisque
1827 1982 2139 2036 tormentis

490 2069 1066 2126 excruciaturzmox
1123 2067 1186 2121 in
1249 2067 1551 2122 caminum
1610 2069 1924 2140 injicitur:
1978 2069 2138 2124 unde

482 2158 802 2213 incolumis
826 2156 1100 2222 evadens,
1137 2158 1235 2211 70
1267 2162 1443 2228 atque
1467 2157 1792 2228 aliquando
1813 2165 2135 2229 superstes,

484 2248 558 2304 ad
586 2249 886 2304 Christum
918 2247 1089 2301 laatus
1121 2247 1411 2320 migravit.

1808 339 2250 404 MENOLOGII
2295 343 2501 407 PARS
2543 345 2627 414 li.

3791 355 3918 414 236

2843 481 2928 555 τῇ
2967 479 3108 554 αὐτῇ
3148 479 3336 556 ἡμέρᾳ

2325 581 2591 652 ’.ὶθλησις
2617 589 2714 640 τοῦ
2756 586 2914 662 ἁγίου
2944 587 3256 662 ἀποστόλου
3285 587 3541 662 Τίμωνος
3570 589 3690 653 ἐνὸς
3721 595 3832 646 τῶν

2829 659 2964 714 ἐπτά
3003 658 3290 716 διακόνων.

2325 829 2514 902 Τίμων
2546 831 2701 886 ὁτοῦ
2757 835 2995 907 Χριστοῦ
3045 836 3350 900 ἀπόστολος
3413 839 3632 914 ὑπῆρχε
3673 843 3770 912 μὶν
3833 841 3917 903 εἷς

2253 913 2314 970 ἐκ
2366 923 2475 972 τῶν
2539 917 2917 994 ἐϐδομήκοντα
2975 926 3328 996 ἀποστόλων,
3387 929 3777 1004 προεχειρίσθη
3850 926 3917 984 δὲ

2254 1003 2358 1060 ὑπὸ
2389 1012 2496 1062 τῶν
2533 1011 2790 1083 μεγάλων
2822 1015 3142 1070 ἀποστόλων
3201 1017 3279 1079 ε”ς
3336 1018 3399 1071 τὸ
3457 1014 3724 1072 διακονεῖν
3783 1022 3912 1079 ταῖς

2250 1095 2543 1168 τραπέζαις
2630 1105 2738 1154 τῶν
2829 1103 3294 1180 προσερχομένων
3349 1111 3430 1178 τῷ
3507 1110 3754 1183 Χριστῷ,
3814 1105 3916 1160 καὶ

2259 1184 2695 1259 βαπτιζομένων,
2733 1192 2868 1263 μετᾶ
2895 1197 3002 1248 τῶν
3037 1192 3222 1250 ἄλλων
3281 1192 3336 1266 ἓξ
3389 1193 3676 1265 διακόνων,
3710 1195 3763 1250 ἐν
3821 1195 3912 1258 οἷς

2252 1271 2318 1339 ἦν
2350 1273 2490 1327 καὶὸ
2523 1277 2692 1350 μέγας
2724 1281 2996 1356 Στέφανος
3052 1284 3080 1337 6
3138 1283 3559 1360 πρωτομάρτυς·
3595 1282 3724 1339 ἀλλ’
3749 1283 3914 1338 ὕστε-

2255 1383 2350 1438 ρον
2382 1363 2590 1440 ἐγένετο
2627 1371 2717 1424 καὶ
2777 1369 3094 1445 ἐπίσκοπος,
3157 1376 3260 1430 ὑπὸ
3325 1381 3434 1431 τῶν
3495 1375 3669 1431 αὐτῶν
3729 1375 3905 1452 ἁγίων

2253 1453 2597 1540 άποστόλων,
2628 1465 2730 1528 τῆς
2761 1461 2979 1524 πόλεως
3009 1467 3281 1538 Βόστρων,
3342 1467 3530 1540 χώρας
3582 1473 3682 1534 τῆς
3735 1467 3910 1538 Ἀρα-

2253 1536 2396 1604 ϐίας.
2455 1545 2555 1601 Καὶ
2615 1545 2885 1606 διδάσκων
2936 1552 3022 1607 ἐπὶ
3071 1536 3157 1626 τῷ*
3212 1536 3445 1628 ὀνόματι
3515 1559 3614 1609 τοῦ
3699 1536 3910 1629 Κυρίου

2253 1633 2416 1704 ἡμῶν
2450 1635 2634 1703 Ἰησοῦ
2666 1642 2906 1712 Χριστοῦ
2935 1646 3033 1696 τοῦ
3081 1643 3348 1714 ἀληθινοῦ
3406 1648 3562 1700 Θεοῦο
3611 1645 3700 1698 καὶ
3758 1641 3905 1698 πολι

2254 1719 2386 1783 λοὺς
2414 1723 2612 1780 πείθων
2645 1733 2753 1783 τῶν
2786 1729 3076 1803 Ἑλλήνων
3110 1732 3303 1807 λόγοις
3343 1735 3430 1790 καὶ
3489 1735 3746 1808 θαύμασι,
3795 1736 3906 1802 την

2258 1810 2355 1882 μὲν
2411 1816 2896 1892 πατροπαράδοτον
2949 1821 3124 1877 αὐτῶν
3185 1823 3473 1898 θρησκείαν
3545 1822 3905 1895 καταλιμπάο

2249 1919 2382 1969 νειν,
2416 1900 2755 1983 ἐπιστρέφειν
2806 1906 2863 1964 δὲ
2920 1911 3007 1965 ἐπὶ
3063 1913 3164 1979 την
3222 1912 3487 1981 ἀληθινὴν
3534 1911 3738 1982 πίστιν,
3797 1911 3903 1966 ἐπ·

2252 1984 2550 2064 εϐουλεύθη
2613 1995 2715 2051 ὑπὸ
2769 2003 2877 2053 τῶν
2941 1997 3213 2056 δυσσεϐῶν
3269 2001 3712 2077 εἰδωλολατρὼν,
3774 2005 3902 2063 ταῖς

2253 2074 2563 2145 ὑποϐολαῖς
2609 2090 2718 2139 τῶν
2779 2095 3052 2162 φθονερῶν
3115 2088 3415 2158 Ἰουδαίων,
3479 2093 3556 2163 μή
3618 2089 3903 2167 φερόντων

2249 2165 2467 2222 ἀκούειν
2497 2169 2560 2226 τὰ
2616 2177 2714 2228 τοῦ
2771 2179 3015 2250 Χριστοῦ
3073 2173 3248 2250 ὄνομα
3306 2179 3586 2255 παρρησίᾳ
3621 2179 3903 2252 κηρυττό-

2253 2276 2436 2343 μενον.
2501 2262 2600 2314 Καὶ
2657 2265 2948 2338 κρατηθείς
3015 2267 3105 2321 καί
3177 2265 3452 2343 διαφόρως
3538 2267 3914 2342 βασανισθεὶς,

485 2334 706 2432 ὕστερον
739 2334 817 2396 εἷς
844 2336 1075 2407 κάμινον
1108 2330 1399 2404 ἐνεϐλήθη.
1436 2335 1539 2390 Καὶ
1559 2340 1660 2403 τῆς
1691 2334 1925 2405 καμίνου
1958 2334 2189 2409 ἐξελθὼν
2219 2336 2492 2416 ἀϐλαϐὴς,
2524 2349 2616 2404 καὶ
2647 2330 2836 2428 ὀλίγον
2869 2350 3137 2427 ἐπιϐιοὺς,
3165 2330 3303 2432 πρὸς
3332 2330 3566 2431 Χριστὸν
3597 2330 3913 2430 ἐξεδήμησέ

484 2423 720 2499 χαίρων.

1038 2541 1280 2597 EODEM
1319 2541 1464 2596 ΜΕΝ
1470 2540 1572 2596 SE.

961 2630 1066 2687 Die
1120 2630 1424 2686 tricesima
1454 2631 1647 2702 prima

594 2723 684 2777 τι
724 2721 1173 2776 Commemoratio
1224 2727 1430 2777 sancta:
1459 2719 1712 2776 Melania
1749 2721 2027 2778 Romanae.

553 2899 696 2954 Cum
727 2897 1090 2954 Theodosius
1122 2899 1362 2972 Magnus
1394 2903 1672 2954 terrestre
1707 2916 1954 2972 regnum
1999 2915 2134 2955 cum

2797 2561 2979 2618 nam
3017 2563 3103 2640 T9
3144 2566 3340 2640 arra.

3011 2655 3116 2706 AA'

2424 2734 2634 2808 Μνήμη
2667 2743 2766 2806 τῆς
2821 2737 2969 2802 ὁσίας
2998 2738 3256 2812 Μελάνης
3285 2745 3387 2810 τῆς
3415 2740 3712 2814 Ῥωμαίας.

2314 2911 2604 2972 Θεοδοσίου
2632 2922 2729 2972 τοῦ
2762 2919 3018 2994 Μεγάλου
3047 2928 3146 2990 τῆς
3179 2921 3269 2976 ἐπὶ
3323 2929 3424 2996 γῆς
3458 2920 3738 2997 βασιλείας
3788 2923 3890 2990 τὴν

481 2987 706 3044 caelesti
739 2994 1180 3053 commutasset,
1217 2995 1392 3058 atque
1450 2988 1524 3042 ad
1574 2989 1972 3044 immortalem
2005 2989 2130 3060 ipse

2247 3000 2488 3077 οὐρανῶν
2573 3006 3070 3082 ἀνταλλαξαμὲνου,
3127 3011 3218 3066 καὶ
3275 3011 3412 3085 πρὸς
3479 3012 3569 3066 τὸν
3625 3011 3891 3065 ἀθάνατον

480 3093 682 3151 regem
719 3077 1051 3148 migrasset,
1072 3093 1235 3131 novae
1252 3077 1490 3148 quidem
1508 3078 2136 3149 Ronim,subjecta2que

479 3170 533 3221 ei
567 3166 800 3228 ditioni,
835 3166 1103 3236 ejusdem
1137 3167 1333 3236 jussu,
1369 3166 1654 3221 Arcadius
1711 3167 1971 3222 ﬁliorum
2006 3167 2135 3238 ejus

480 3262 623 3308 natu
655 3255 845 3324 major
868 3255 1217 3326 imperavit;
1251 3256 1464 3309 veteris
1505 3261 1700 3310 autem
1733 3257 1954 3320 Romae,
1990 3255 2135 3311 sub-

487 3342 868 3412 ditarumque
911 3343 1219 3414 regionum
1278 3343 1595 3413 imperium
1645 3345 1941 3399 Honorius
1990 3351 2133 3400 natu

478 3432 674 3487 minor
723 3432 934 3486 tenuit.
996 3432 1094 3486 His
1140 3432 1599 3503 imperatoribus
1640 3441 1845 3489 sancta
1884 3434 2134 3490 Melania

477 3521 680 3577 ﬂoruit
708 3521 769 3575 in
803 3520 945 3575 urbe
979 3521 1427 3594 Iioma,generis
1459 3522 2030 3594 nobilitate,opibus,
2065 3541 2134 3580 ac

476 3609 671 3666 forma
702 3612 972 3684 insignis,
1005 3618 1181 3682 atque
1216 3628 1344 3666 eam
1376 3611 1448 3665 ob
1499 3630 1737 3667 causam
1769 3631 1802 3668 a
1835 3614 2037 3668 multis
2069 3613 2130 3668 in

475 3716 722 3754 uxorem
756 3701 1038 3772 expetita,
1063 3718 1195 3756 cum
1233 3707 1429 3754 tamen
1464 3701 1567 3755 illa
1595 3719 1629 3756 a
1659 3703 1884 3772 nuptiis
1913 3702 2132 3757 abhor-

473 3798 654 3846 reret.
715 3792 900 3854 Quam
948 3807 1080 3845 cum
1138 3791 1381 3845 invitam
1443 3799 1720 3862 parentes
1771 3791 2005 3847 cuidam
2065 3792 2128 3847 in

477 3879 929 3934 matrimonium
989 3881 1401 3943 collocassent,
1453 3882 1577 3947 illa,
1627 3883 1968 3953 priusquam
2028 3898 2129 3936 co-

470 3967 938 4038 irent,sponsum
967 3970 1236 4024 timorem
1265 3971 1359 4023 Dei
1383 3971 1856 4035 docens,tantum
1876 3971 2125 4026 dicendo

466 4057 741 4127 profecit.
772 4065 838 4111 ut
867 4058 918 4110 is
953 4058 1241 4112 mundum
1279 4058 1732 4129 voluptatesque.
1766 4061 2122 4130 despiciens,

465 4146 796 4199 monachus
828 4146 1033 4199 fieret:
1070 4147 1199 4216 ipsa
1231 4163 1367 4200 vero
1395 4148 1710 4202 distributa
1735 4150 1790 4202 in
1811 4165 2121 4220 pauperes,

475 4235 571 4289 72
598 4249 776 4304 quam
797 4233 1193 4303 aparentibus
1208 4241 1537 4305 acceperat.
1568 4236 1793 4308 ingenti
1815 4254 1994 4307 opum
2027 4253 2121 4291 co-

466 4322 586 4395 pia,
620 4321 1014 4377 monasticam
1041 4323 1222 4378 vitam
1245 4324 1519 4394 amplexa
1540 4331 1657 4378 est:
1686 4330 1861 4395 atque
1893 4326 1973 4380 ita
1995 4343 2120 4381 cer-
2155 4347 2207 4412 D
2237 4341 2566 4416 ἠγωνίσατο,

463 4418 665 4470 tamen
697 4412 962 4479 certavit,
1001 4418 1066 4468 ut
1096 4419 1153 4468 et
1186 4414 1476 4469 miracula
1508 4414 1782 4472 ediderit.
1813 4416 2120 4471 IEdiflcato

461 4501 704 4559 demum
759 4501 833 4559 ad
891 4502 1192 4558 canendas
1269 4503 1387 4558 Deo
1445 4503 1653 4559 laudes
1729 4505 2110 4572 monasterio,

463 4591 741 4649 decessit.

723 4698 1150 4794 MENSE
1211 4698 1858 4794 JANUARIO.

1128 4861 1230 4915 Die
1263 4861 1455 4932 prima

461 4949 556 5005 73
619 4949 1070 5004 Commemoratio
1128 4957 1334 5005 sanctzr
1394 4952 1835 5008 Circumcisionis
1892 4952 2115 5006 Domini

853 5037 917 5075 ac
963 5023 1059 5075 Dei
1103 5025 1284 5075 nostri
1335 5023 1464 5076 Jesu
1496 5023 1720 5078 Christi.

533 5207 687 5260 Deus
720 5223 786 5261 ac
829 5206 1114 5261 Dominus
1174 5212 1397 5273 noster,
1448 5209 1540 5262 cui
1593 5209 1770 5264 corda
1799 5209 2112 5264 hominum

458 5300 683 5364 patent,
721 5296 942 5366 quique
974 5296 1173 5350 futura
1198 5297 1535 5366 praenoscit,
1587 5304 1652 5351 ut
1682 5299 2112 5353 lncarnalionis

449 5384 984 5454 etdispensationis
1000 5403 1118 5439 sum
1137 5385 1313 5439 {idem
1332 5385 1652 5450 faceretne
1667 5388 1798 5457 quis
1811 5387 2111 5442 haeretico-

456 5489 588 5527 rum
615 5472 811 5528 dicere
845 5481 1208 5546 posset,eum
1234 5474 1602 5544 phantastice
1623 5477 1886 5547 genitum
1905 5476 2108 5543 fuisse,

445 5577 569 5617 non
595 5579 726 5617 vere
752 5571 1015 5619 nostram
1033 5579 1273 5619 carnem
1296 5565 2106 5634 assumpsisse,quemadmo-

451 5649 592 5706 dum
629 5651 800 5709 multi
825 5652 1242 5710 haereticorum
1274 5653 1404 5708 ausi
1432 5658 1573 5709 sunt
1608 5659 2107 5726 asserere;atque

443 5741 625 5797 etiam
650 5749 713 5798 ut
737 5761 976 5800 omnem
1000 5742 1310 5798 cavilland’
1345 5744 1726 5799 occasionem
1747 5743 2107 5799 Judaeisadi-

2245 3089 2656 3166 ἐκδημήσαντος
2719 3097 2967 3174 βασιλέα,
3025 3107 3123 3170 τῆς
3186 3104 3280 3174 μὲν
3340 3101 3463 3164 νέας
3512 3101 3737 3174 Ῥωμης
3796 3101 3892 3156 καὶ

2241 3187 2342 3250 τῆς
2427 3184 2517 3239 ὑπ’
2603 3186 2770 3256 αὐτὴν
2866 3187 3226 3263 ἐπικρατείας,
3311 3190 3598 3264 προστάξει
3656 3189 3887 3259 ἐκείνου,

2243 3265 2585 3330 ἐϐασίλευσεν
2623 3274 2910 3351 Ἀρκᾶδιος
2939 3279 2966 3333 6
2999 3283 3217 3354 πρῶτος
3251 3279 3368 3340 υἱὸς
3423 3277 3609 3334 αὐτοῦ’
3668 3285 3768 3347 τῆς
3829 3276 3889 3333 δὶ

2242 3358 2477 3424 παλαιᾶς
2509 3363 2754 3436 Ῥώμης,
2788 3369 2875 3422 καὶ
2907 3371 3006 3430 τῆς
3042 3369 3130 3423 ὑπ’
3188 3367 3398 3438 ἐκείνην
3458 3370 3668 3443 χώρας.
3725 3368 3886 3438 ἦρξεν

2239 3449 2552 3526 Ὁνώριοςὸ
2583 3451 2830 3530 δεύτερος
2873 3458 2990 3519 υἱὸς
3043 3457 3228 3515 αὐτοῦ.
3287 3458 3408 3513 Ἐπὶ
3456 3457 3664 3513 τούτων
3723 3455 3788 3523 ἦν
3853 3459 3890 3527 ἡ

2243 3534 2362 3592 ὁσία
2393 3539 2612 3612 Μελάνη
2648 3541 2699 3596 ἐν
2735 3547 2804 3616 τῇ
2837 3543 2996 3598 πόλει
3040 3545 3254 3619 Ῥώμῃ,
3315 3544 3535 3620 εὐγενὴς
3587 3543 3677 3598 καὶ
3709 3540 3890 3598 πλου-

2241 3626 2348 3696 σία,
2380 3628 2472 3682 καὶ
2530 3629 2828 3705 εὔμορφος.
2891 3631 2975 3688 διὸ
3019 3633 3108 3690 καὶ
3170 3636 3474 3706 ζητουμένη
3526 3634 3661 3706 πρὸς
3701 3633 3885 3707 γάμον

2237 3717 2383 3787 παρά
2413 3718 2663 3789 πολλῶν,
2697 3721 2831 3790 αὐτὴ
2867 3723 2962 3794 μὲν
2999 3723 3096 3778 οὐκ
3142 3721 3354 3792 ἤθελεν·
3414 3723 3572 3795 ἀμως
3631 3722 3736 3777 ὑπὸ
3774 3727 3886 3777 τῶν

2235 3810 2436 3881 γονέων
2462 3810 2792 3885 συνεζεῦχθη
2847 3810 2998 3886 ἀνδρὶ
3057 3814 3145 3868 καὶ
3209 3816 3285 3886 μή
3346 3813 3597 3877 θέλουσα.
3631 3815 3726 3870 "Ov
3775 3812 3886 3885 πρὸ

2232 3904 2332 3964 τῆς
2365 3899 2649 3975 συναφείας
2695 3902 2788 3956 τὸν
2843 3906 2940 3955 τοῦ
2989 3903 3122 3957 Θεοῦ
3173 3897 3342 3979 φόϐον
3395 3899 3669 3974 διδάξασα,
3702 3897 3886 3956 ἔπεισε

2233 3986 2444 4058 κόσμου
2529 3988 2618 4042 καὶ
2679 3987 2886 4058 ἡδονῶν
2969 3999 3396 4069 καταφρονῆσαι,
3463 3991 3552 4045 καὶ
3636 3991 3884 4064 γενέσθαι

2237 4077 2504 4151 μοναχόν.
2540 4079 2780 4150 Ὀμοίως
2822 4081 2912 4134 καὶ
2969 4080 3102 4150 αὐτή
3159 4082 3498 4153 σκορπίσασα
3555 4079 3727 4134 πάντα
3784 4080 3882 4135 τὸν

2232 4163 2495 4235 πλοῦτον,
2555 4166 2612 4221 ὅν
2667 4168 2725 4222 ἐκ
2775 4173 2881 4222 τῶν
2941 4172 3144 4244 γονέων
3227 4165 3444 4241 ἐλαϐεν,
3505 4171 3886 4244 ἀναρίθμητον

2231 4251 2486 4318 ὃντα,εἲς
2515 4255 2642 4318 τοὺς
2672 4257 2927 4327 πένητας,
2987 4260 3175 4334 γὲγονε
3237 4261 3482 4334 μοναχή.
3548 4257 3644 4312 Καὶ
3705 4257 3890 4321 οὕτως

2627 4345 2701 4408 ὡς
2757 4346 2848 4400 καὶ
2906 4347 3155 4420 ὃαῦματα
3212 4351 3464 4412 ποιῆσαι.
3536 4345 3768 4402 Κτίσασα
3826 4344 3892 4401 δὶ

2228 4433 2318 4486 καὶ
2353 4436 2716 4506 μοναστήριον
2751 4435 2826 4500 είς
2871 4440 3004 4492 Θεοῦ
3055 4435 3395 4510 δοξολογίαν,
3428 4435 3804 4506 ἐτελεύτησεν.

2475 4704 2800 4798 ΜΗΝΙ
2883 4703 3618 4800 ΙΑΝΟΥΑΡΙΩ.

2824 4839 2911 4894 Ἐν
2961 4842 3029 4911 τῇ
3061 4840 3255 4913 πρώτῃ

2220 4927 2283 4984 Ἥ
2315 4926 2613 5000 ἀνάμνησις
2667 4933 2769 4994 τῆς
2833 4927 2996 5004 ἁγίας.
3050 4931 3363 5004 ΙΙεριτολμῆς
3410 4931 3508 4981 τοῦ
3541 4927 3751 5004 Κυρίου
3781 4929 3882 4982 καὶ

2611 5002 2744 5053 Θεοῦ
2774 5001 2932 5071 ἡμῶν
2984 5000 3166 5070 Ἰησοῦ
3213 5000 3475 5075 Χριστοῦ.

2291 5203 2475 5258 Θὲλων
2509 5205 2536 5258 6
2569 5204 2698 5264 Θεὸς
2731 5204 2820 5258 καὶ
2856 5204 3056 5279 Κύριος
3112 5207 3297 5278 ἡμῶν,
3359 5204 3433 5266 ὡς
3485 5205 3583 5266 τὰς
3644 5201 3887 5280 καρδίας

2218 5297 2326 5347 τῶν
2389 5293 2690 5364 ανθρώπων
2750 5291 3130 5366 ἐπιστάμενος,
3189 5294 3278 5347 καὶ
3334 5293 3398 5347 τά
3450 5291 3731 5365 μέλλοντα
3788 5315 3888 5367 γι-

2218 5382 2597 5453 νώσκων,τὴν
2655 5380 2970 5454 οἰκονομίαν
3031 5382 3400 5446 πιστώσασθαι
3439 5381 3539 5448 τῆς
3601 5381 3887 5457 ἐνανθρω-

2221 5473 2439 5538 πτζσεως
2472 5469 2656 5537 αὐτοῦ,
2683 5468 2777 5524 ’ἶνα
2811 5473 2976 5543 μήτις
3009 5471 3065 5526 ἐκ
3092 5476 3202 5526 τῶν
3261 5471 3548 5546 αἱρετικῶν
3598 5469 3720 5547 ἔχοι
3780 5469 3884 5527 λέ-

2217 5580 2354 5636 γειν,
2414 5559 2494 5614 δτι
2547 5559 2684 5614 κατά
2736 5561 3026 5637 φαντασίαν
3114 5559 3404 5635 ἐγεννήθη,
3467 5561 3558 5616 καὶ
3619 5560 3682 5615 οὐ
3737 5561 3884 5617 κατᾶ

2218 5648 2477 5718 ἀλήθειαν
2508 5649 2608 5718 τήν
2661 5644 2930 5722 ἡμετέραν
2991 5644 3283 5705 ἀνελάϐετο
3340 5649 3528 5724 σάρκα’
3589 5649 3722 5724 ὅπερ
3780 5650 3882 5707 καὶ

2217 5735 2422 5792 πολλοὶ
2455 5735 2766 5809 ἐτόλμησαν
2794 5742 2901 5792 τῶν
2938 5739 3224 5814 αἱρετικῶν
3284 5737 3472 5793 εἰπεῖν·
3535 5735 3648 5810 ἅμα
3679 5735 3736 5792 Si
3781 5739 3878 5794 καὶ
