4114 6306
266 357 371 417 237

1718 342 2191 408 JANUARIUS.

3556 355 3676 415 238

260 485 342 540 ἵνα
395 483 537 559 λύσῃ
595 485 770 538 πάσαν
823 481 1090 560 πρόφασιν
1148 484 1251 535 τῶν
1316 476 1623 547 Ἰουδαίων,
1681 479 1778 530 τοῦ
1838 476 1915 546 μὴ

2035 481 2242 544 meret,
2275 494 2350 533 ne
2381 479 2648 536 dicerent
2674 483 2868 553 ipsum
2900 500 2935 538 a
2961 485 3390 541 consuetudine
3410 491 3468 541 et
3497 486 3674 542 insti-

264 572 456 648 λέγειν,
491 575 576 628 ὅτι
609 571 711 626 οὐκ
768 570 1156 626 ἐπολιτεύσατο
1209 570 1348 624 κατὰ
1401 569 1464 622 τὸ
1521 565 1639 628 ἔθος
1696 564 1914 620 ἐκείνων

261 665 343 718 καὶ
400 665 504 733 τήν
567 659 866 734 διαταγὴν,
920 660 1134 734 πληροῖ
1190 660 1362 713 πάντα
1416 661 1512 711 τοῦ
1567 655 1758 728 νόμου.
1821 653 1917 708 Καὶ

265 752 393 826 μετὰ
427 753 642 824 ἡμέρας
677 751 822 804 ὀκτὼ
878 755 980 818 τῆς
1034 747 1200 802 αὐτοῦ
1258 745 1532 822 ἀχράντου
1562 745 1620 799 ἐκ
1650 744 1917 818 παρθένου

261 845 579 918 γεννήσεως,
639 836 930 910 ἠθέλησεν,
993 839 1066 900 ὡς
1132 837 1350 912 βρέφος,
1422 833 1675 889 ἀπελθεῖν
1716 833 1791 891 είς
1823 832 1914 886 τὸν

264 932 451 998 τόπον,
504 929 560 985 ἐν
594 925 792 1002 ᾦέθος
848 929 996 1002 εἶχον
1056 927 1108 981 οἱ
1164 923 1421 982 Ἰοσδαῖοι
1479 923 1914 997 περιτέμνεσθαι·

264 1021 346 1075 καὶ
377 1021 751 1094 περιετμήθη,
782 1017 875 1071 καὶ
905 1015 1113 1086 ἐκλήθη
1170 1020 1234 1070 τὸ
1289 1010 1463 1086 ὅνομα
1492 1013 1656 1067 αὐτοῦ
1685 1013 1914 1080 Ἰησοῦς,

260 1111 319 1164 τὸ
362 1107 572 1178 κληθὲν
633 1107 738 1162 ὑπὸ
795 1109 892 1160 τοῖ’)
943 1103 1200 1180 ἀγγέλου,
1257 1103 1364 1177 πρὸ
1418 1105 1516 1157 τοῦ
1575 1101 1916 1169 συλληθῆναι

263 1199 418 1254 αὐτὸν
455 1198 511 1252 ἐν
539 1200 612 1271 τῇ
646 1194 870 1271 ἆφθόρῳ
904 1197 1084 1268 μήτρᾳ
1111 1195 1209 1262 τῆς
1251 1191 1538 1248 Θεοτόκου.
1601 1191 1698 1245 Καὶ
1750 1188 1916 1244 πάλιν

263 1287 516 1343 ἀπελθὼν
609 1284 743 1358 μετᾶ
810 1287 920 1338 τῶν
989 1283 1212 1358 γονέων,
1267 1280 1582 1358 ἀνετρέφετο
1636 1279 1914 1354 ἀνθρωπο-

260 1382 506 1453 πρεπῶς,
539 1375 872 1452 προκόπτων
907 1375 1090 1452 σοφίᾳ,
1122 1371 1339 1444 ἡλικίᾳ⁹
1367 1371 1456 1427 καὶ
1489 1371 1698 1447 χάριτι.

864 1493 941 1564 Τῇ
969 1489 1104 1564 αὐτῇ
1127 1491 1311 1565 ἡμέρᾳ

259 1613 372 1682 Μνή
384 1633 465 1683 μη
498 1613 597 1664 τοῦ
626 1607 679 1684 ἐν
712 1608 891 1684 ἆγίοις
945 1608 1156 1684 Πατρὸς
1211 1608 1373 1678 ἡμῶν
1402 1602 1687 1684 Βασιλείου
1721 1605 1911 1680 ἀρχιε-

469 1673 771 1736 πισκόπου’
798 1673 1120 1754 Καισαρείας
1164 1673 1267 1748 τῆς
1293 1673 1696 1738 Καππαδοκίας.

320 1797 463 1854 Ὁέν
519 1798 700 1870 ἁγίοις
758 1797 942 1870 Πατὴρ
1000 1796 1160 1866 ἡμῶν
1224 1791 1624 1862 Βασίλειος,ἦν
1672 1790 1762 1846 ἐπὶ
1808 1797 1909 1860 τῆς

265 1883 544 1960 βασιλείας
571 1883 900 1945 Οὐάλεντος·
951 1881 1134 1937 ὅντινα
1176 1879 1452 1940 Οὐάλεντα
1477 1881 1543 1936 τά
1573 1880 1790 1956 Ἀρείου
1817 1882 1914 1934 τοῦ

262 1973 537 2049 αἱρετικοῦ
598 1978 920 2052 φρονοῦντα,
992 1972 1502 2050 παρρησιασάμενος
1559 1969 1772 2046 ἤλεγξε,
1823 1971 1912 2026 καὶ

264 2062 436 2120 ἔπεισε
464 2065 597 2138 παρ’
639 2063 826 2139 ὀλίγον
843 2064 942 2131 τήν
999 2061 1202 2136 αἳρεσιν
1259 2061 1591 2137 ἀρνήσασθαι
1650 2059 1694 2114 εί
1731 2061 1806 2132 μὴ
1830 2059 1917 2114 αί-

265 2155 606 2228 σχυνὸμενον
637 2153 796 2208 αὐτὸν
824 2146 1070 2207 ἔϐλεπεν·
1096 2149 1250 2223 ὅμως
1280 2149 1325 2204 εἰ
1353 2149 1444 2204 καὶ
1473 2149 1572 2217 τήν
1607 2148 1807 2220 αἳρεσιν
1837 2168 1920 2204 τε-

263 2244 423 2306 λείως
455 2242 561 2297 οὐκ
591 2243 892 2316 ἠρνήσατο,
921 2239 1057 2303 τέως
1082 2241 1171 2294 καὶ
1205 2242 1274 2312 τῇ
1323 2236 1588 2308 ἐκκλησίᾳ
1617 2235 1914 2311 προσῆλθε,

259 2334 724 2408 λειτουργοῦντος
742 2335 839 2386 τοῦ
858 2330 1112 2405 Μεγάλου
1135 2328 1442 2397 Βασιλείου,
1469 2328 1556 2383 καὶ
1585 2325 1735 2401 δῶρα
1753 2347 1916 2401 προσ-

259 2425 472 2500 έφερεν.
522 2423 627 2479 Ἦν
661 2418 720 2475 δὲ
777 2421 806 2474 ὁ
863 2419 1037 2495 Μέγας
1086 2417 1368 2479 Βασίλειος
1428 2417 1542 2478 υἱὸς
1605 2414 1912 2483 Βασιλείου,

255 2515 354 2566 τοῦ
385 2511 498 2565 απὸ
554 2513 657 2564 τοῦ
711 2508 944 2579 Πόντου,
1000 2507 1088 2562 καὶ
1152 2503 1456 2579 Ἐμμελίας
1511 2508 1610 2569 τῆς
1654 2504 1762 2558 ἀπὸ
1815 2510 1916 2572 τῆς

261 2597 680 2660 Καππαδοκίας.
713 2599 902 2659 Ὅστις
961 2594 1015 2650 ἐν
1075 2594 1256 2672 σοφίᾳ,
1313 2594 1398 2648 καὶ
1448 2594 1666 2665 γνώσει,
1715 2591 1916 2655 πάντας

260 2687 516 2749 καὶτοὺς
543 2686 814 2747 παλαιοὺς
868 2685 962 2741 καὶ
1015 2683 1144 2748 τοὺς
1171 2683 1323 2745 νέους
1381 2681 1610 2752 ἐνίκησε.
1669 2680 1917 2752 Κατεξαί-

272 2797 428 2852 ρετον
455 2775 514 2830 8‘s
535 2780 797 2832 τοσοῦτον
830 2773 1046 2850 ἐγένετο
1093 2767 1352 2842 εὐλαϐής,
1384 2773 1457 2833 ὡς
1512 2771 1602 2826 καὶ
1633 2770 1919 2846 ἀρχιερεὺς

278 2865 512 2940 γενέσθαι
552 2870 653 2919 τοῦ
716 2865 914 2938 θρόνου
971 2862 1292 2938 Καισαρείας
1351 2859 1490 2915 ὅπου
1545 2861 1636 2914 καὶ
1666 2858 1919 2921 πολλοὺς

273 2957 488 3030 ἀγῶνας
517 2956 648 3030 ὑπὲρ
680 2957 779 3022 τῆς
837 2949 1130 3027 ὐρθοδόξου
1186 2950 1420 3013 πίστεως
1479 2950 1798 3022 ὑπομείνας,
1830 2947 1919 3003 καὶ

270 3045 517 3120 βασιλεῖς
567 3046 658 3098 καὶ
714 3042 992 3116 ἐπάρχους
1051 3038 1426 3110 καταπλήξας,
1474 3037 1565 3093 καὶ
1615 3041 1721 3091 τῶν
1780 3039 1922 3112 αἱρε-

261 3139 430 3190 τικῶν
471 3133 540 3187 τὰ
594 3134 839 3204 στόματα
896 3129 1096 3207 φράξας
1149 3134 1268 3190 τοῖς
1326 3125 1535 3202 λόγοις,
1585 3126 1676 3181 καὶ
1735 3121 1923 3202 βιϐλία

2030 567 2170 621 tutis
2203 585 2408 624 eorum
2440 569 2752 626 deflexisse
2779 590 2791 636 ;
2817 572 3340 644 Implevitomnem
3363 573 3594 642 legem;
3617 579 3677 630 et

2026 664 2160 727 post
2189 658 2316 713 dies
2349 666 2501 720 octo,
2537 678 2714 729 quam
2741 661 3120 717 immaculate
3143 679 3212 717 ex
3234 663 3466 736 Virgine
3499 671 3674 719 natus

2028 752 2136 813 est,
2163 748 2368 814 voluit,
2392 749 2686 815 utinfans,
2722 751 2782 804 in
2807 767 2939 806 eum
2959 751 3151 806 locum
3170 752 3408 814 deferri.
3440 752 3538 807 ubi
3576 755 3676 808 74

2025 836 2208 890 Judaei
2238 837 2582 894 circumcidi
2612 849 3078 895 consueverant:
3108 848 3164 895 et
3185 841 3571 897 circumcisus
3586 847 3678 898 est

2027 933 2414 998 vocatumque
2439 945 2657 983 nomen
2691 934 2820 997 ejus
2841 931 3027 993 Jesus,
3053 930 3211 999 quod
3240 931 3312 986 ab
3333 931 3544 1004 angelo
3575 949 3676 986 vo-

2025 1021 2216 1070 catum
2244 1017 2778 1088 fuerat,antequam
2800 1019 2858 1073 in
2876 1019 3215 1090 incorrupto
3231 1021 3493 1091 Deipara:
3507 1027 3674 1076 utero

2024 1105 2850 1179 conciperetur,reversusque
2866 1125 2998 1163 cum
3014 1109 3674 1180 parentibus,educalus

2025 1200 2134 1262 est,
2183 1201 2249 1250 ut
2278 1196 2582 1252 hominem
2619 1197 2824 1266 decet;
2861 1204 2918 1252 et
2969 1198 3317 1269 proﬁciebat
3359 1199 3671 1271 sapientia,

2023 1289 2216 1352 aetate,
2249 1291 2308 1340 et
2333 1285 2540 1357 gratia.

2675 1493 2894 1551 Eodem
2929 1495 3024 1550 die

2027 1609 2122 1665 15
2166 1609 2839 1684 Commemoratio_sancti
2889 1613 3070 1684 Patris
3128 1611 3327 1684 Basilii
3379 1611 3672 1684 archiepi-

2393 1683 2545 1752 scopi
2609 1682 2862 1738 δαείω-εει·
2935 1682 3312 1752 Cappadocia.

2095 1795 2342 1850 Sanctus
2373 1797 2547 1852 Pater
2572 1802 2776 1852 noster
2814 1796 3066 1852 Basilius
3124 1797 3373 1853 Valente
3423 1798 3672 1869 impera-

2026 1889 2149 1939 tore
2192 1884 2424 1940 claruit.
2486 1887 2556 1940 Et
2610 1886 2770 1942 hunc
2816 1886 3057 1958 quidem
3118 1887 3424 1942 Valentem
3454 1888 3672 1943 Ariana

2023 1975 2234 2030 hmresi
2260 1975 2630 2031 laborantem
2659 1993 2893 2032 summa
2922 1993 3055 2032 cum
3079 1976 3352 2032 libertate
3381 1977 3669 2049 coarguit,

2021 2080 2090 2119 ac
2119 2064 2547 2135 propemodum
2581 2065 2655 2120 ad
2685 2065 3082 2133 abjiciendam
3113 2065 3670 2120 hzeresiminduxis-

2025 2160 2132 2222 set,
2157 2155 2273 2210 nisi
2307 2155 2475 2210 illum
2506 2155 2872 2227 palinodiam
2921 2173 3136 2211 canere
3189 2156 3521 2227 puduisset.
3556 2156 3669 2211 Sed

2024 2244 2134 2299 etsi
2165 2260 2425 2299 errorem
2445 2245 2688 2300 omnino
2710 2261 2832 2300 non
2855 2245 3444 2316 ejuravit,ecclesiam
3468 2250 3668 2300 tamen

2025 2332 2392 2400 adibat,dum
2425 2335 2677 2390 Basilius
2710 2336 2949 2407 Magnus
2970 2335 3290 2408 Liturgiam
3311 2335 3672 2403 celebrabat,

2024 2439 2090 2477 ac
2104 2423 2261 2478 dona
2277 2424 2719 2479 oﬂ‘erebat.Fuit
2733 2430 2932 2479 autem
2949 2424 3200 2479 Basilius
3217 2425 3456 2496 Magnus
3475 2423 3674 2478 Basilii

2026 2512 2276 2578 Pontici,
2311 2519 2368 2566 et
2389 2513 2691 2568 Emmeliaa
2718 2513 3082 2584 Cappadocis
3106 2512 3287 2578 ﬁlius,
3319 2512 3408 2567 vir
3436 2512 3675 2584 sapien-

2025 2601 2108 2656 tia
2139 2617 2204 2656 ac
2236 2603 2484 2657 scientia
2514 2602 2660 2657 adeo
2681 2605 3100 2658 instructusut
3130 2609 3429 2658 etveteres
3446 2618 3676 2669 omnes,

2026 2696 2084 2744 et
2112 2692 2474 2746 recentiores
2505 2692 2676 2746 facile
2707 2693 3107 2763 superaverit;
3134 2693 3350 2763 pietate
3369 2709 3508 2747 vero
3531 2692 3678 2747 adeo

2028 2780 2408 2844 excelluit,ut
2438 2781 2635 2835 throni
2669 2786 2948 2836 Caesarea:
2979 2781 3467 2852 archiepiscopus
3489 2781 3678 2836 factus

2027 2869 2222 2932 fuerit,
2256 2868 2356 2924 ubi
2418 2870 2590 2941 plura
2646 2871 2971 2926 certamina
3025 2887 3128 2940 pro
3173 2870 3502 2925 orthodoxa
3561 2869 3677 2924 fide

2028 2957 2353 3024 sustinens,
2383 2957 2771 3029 imperatores
2804 2964 2860 3012 et
2918 2957 3228 3028 przefectos
3258 2956 3672 3027 obstupefecit,

2029 3053 2087 3102 et
2112 3047 2527 3102 haereticorum
2562 3064 2626 3102 os
2668 3045 3044 3102 sermonibus
3076 3045 3388 3102 obstruxit.
3413 3045 3677 3102 Tandem

2028 3149 2163 3188 cum
2215 3134 2434 3189 multos
2490 3134 2673 3189 libros
2733 3134 3183 3205 composuisset,
3243 3135 3678 3204 innumeraque

264 3222 502 3280 πλεῖστα
531 3222 1004 3297 συγγραψάμενος,
1042 3219 1133 3273 καὶ
1195 3217 1360 3292 μυρία
1417 3215 1666 3290 θαύματα
1694 3213 1916 3292 ἐργασά-

2035 3221 2299 3295 prodigia
2331 3221 2638 3289 edidisset,
2672 3222 2733 3278 in
2754 3238 2898 3295 pace
2930 3223 3004 3278 ad
3032 3222 3347 3278 Dominum
3384 3222 3678 3296 migravit.

263 3333 453 3385 μενος,
487 3311 540 3367 ἐν
575 3310 767 3387 εἰρήνῃ
797 3309 934 3386 πρὸς
968 3307 1165 3383 Κύριον
1195 3304 1548 3379 ἐξεδήμησεν.

839 3429 924 3501 Τῇ
967 3426 1103 3500 αὐτῇ
1147 3425 1349 3501 ἡμέρᾳ.

255 3519 531 3589 ’Λθλησις
587 3522 696 3574 τῶν
788 3515 987 3642 ἁγίωνΘ
1042 3513 1328 3642 μὲιρτύρων
1412 3510 1761 3587 Θεοπέμπου,
1831 3512 1923 3568 καὶ

991 3606 1079 3642 εοο
1115 3607 1244 3658 της.

993 3703 1200 3760 Λείπει.

847 3819 1031 3878 ΜΗΝΙ
1059 3820 1151 3898 Te
1182 3821 1356 3875 AITQ

447 4025 722 4094 ’Δθλησις
754 4027 854 4079 τοῦ
896 4023 1052 4100 ἆγίου
1075 3935 1379 4098 Βμάρτυρος
1430 4020 1742 4079 ΒασιΛείου.

328 4144 402 4201 Ὁ
439 4143 649 4215 μάρτυς
678 4141 990 4210 Βασίλειος,
1043 4140 1290 4213 ὑπῆρχεν
1342 4137 1430 4194 ἐπὶ
1489 4141 1587 4203 τῆς
1648 4135 1926 4208 βασιλείας

255 4229 580 4288 Ἰουλιανοῦ
623 4233 720 4284 τοῦ
753 4225 1093 4305 ῐῐαράόατου·
1155 4228 1366 4302 ἐγένετο
1397 4223 1454 4282 δὲ
1507 4226 1614 4281 ἀπὸ
1659 4225 1922 4302 Ἀγκύρας

257 4329 362 4390 τῆς
400 4319 693 4378 Γαλατίας·
731 4315 819 4373 διὰ
875 4316 933 4372 δὲ
989 4319 1050 4372 τὸ
1097 4317 1190 4372 τὸν
1247 4316 1477 4391 Χριστὸν
1536 4310 1802 4386 σέϐεσται,
1833 4314 1922 4368 καὶ

261 4410 597 4485 ὁμολογεῖν,
658 4408 928 4483 ἐκρατήθη
985 4409 1070 4462 καὶ
1133 4405 1371 4482 παρέστη
1422 4409 1501 4478 τῷ
1555 4407 1787 4479 ἡγεμόνι
1819 4411 1922 4459 Σα-

261 4497 527 4573 τορνίνῳ.
589 4497 692 4553 Καὶ
749 4495 914 4551 πάλιν
972 4495 1205 4550 ἐνώπιον
1260 4495 1423 4550 αὐτοῦ
1481 4492 1771 4568 ἐρωτηθεὶς
1806 4538 1819 4563 ,
1879 4493 1923 4547 εί

2681 3427 2902 3485 Eodem
2934 3427 3029 3483 die

2036 3518 2134 3574 το
2170 3517 2456 3576 Certamen
2501 3523 2817 3643 sanctorﬁm
2846 3522 3184 3642 dmtartyrum
3244 3516 3600 3587 Theopempti
3627 3521 3680 3572 et

2781 3603 2842 3643 eo
2885 3605 2914 3642 ο
2942 3603 3006 3643 ae.

2781 3603 3006 3644 εοαοιεε.

2743 3703 2938 3758 Deest.

2585 3817 2823 3872 EODEM
2873 3816 3018 3870 MEN
3023 3815 3125 3871 SE.

2675 3931 2776 3987 Die
2817 3930 3077 3987 secunda

2252 4049 2344 4104 77
2382 4047 2669 4105 Certamen
2719 4050 2900 4104 sancti
2944 4049 3211 4118 martyris
3238 4045 3463 4104 Basilii.

2107 4136 2357 4193 Basilius
2390 4143 2615 4210 martyr
2640 4138 2870 4193 Juliano
2902 4137 3578 4209 Apostataimperatore,
3611 4153 3681 4192 ex

2037 4229 2268 4297 Ancyra
2299 4224 2538 4280 Galatia)
2561 4225 2691 4281 fuit.
2708 4225 2874 4290 Quod
2900 4226 3197 4282 (Ihristum
3220 4233 3417 4282 autem
3438 4225 3678 4292 coleret,

2036 4330 2103 4369 ac
2125 4315 3104 4386 contiteretur,comprehensus,ad
3117 4315 3681 4387 Saturninum,praa-

2036 4403 2280 4467 fectum,
2313 4404 2660 4475 perducitur
2686 4422 2698 4459 :
2721 4410 2774 4460 et
2807 4406 3019 4459 iterum
3039 4422 3236 4460 coram
3269 4405 3683 4476 eointerroga-

2038 4497 2237 4562 tus,an
2265 4494 2325 4548 in
2360 4494 2659 4549 Christum
2683 4494 2974 4554 crederet,
2998 4511 3212 4566 magna
3233 4510 3369 4548 voce
3390 4493 3683 4548 exclama-

267 4586 527 4643 πιστεύει
555 4589 636 4657 τῷ
684 4588 920 4658 Χριστῷ,
979 4586 1188 4660 μεγάλῃ
1249 4587 1403 4662 φωνῇ
1461 4581 1658 4654 ἐξεῖπε,
1692 4584 1767 4655 μὴ
1797 4583 1921 4638 εἶναι

2038 4583 2137 4650 vit,
2165 4583 2398 4638 nullum
2430 4600 2559 4639 esse
2584 4584 2767 4638 alium
2797 4584 2980 4638 Deum
3005 4589 3220 4654 praeter
3242 4583 3436 4655 ipsum
3491 4583 3681 4648 Quare

261 4678 405 4734 Θεὸν
462 4673 638 4730 ἄλλον
673 4717 687 4742 ,
748 4673 894 4744 πλήν
955 4674 1120 4730 αὐτοῦ
1156 4717 1167 4728 .
1229 4675 1386 4731 Ὅθεν
1439 4673 1783 4748 ἐκρεμάσθη,
1838 4672 1926 4727 καὶ

263 4767 461 4837 ἒξέςθη
497 4764 762 4839 ἰσχυρῶς·
809 4764 914 4818 ἀπὸ
971 4761 1028 4818 δὲ
1080 4761 1349 4838 Ἀγκύρας
1407 4758 1630 4833 δέσμιος
1678 4760 1928 4839 ἐπέμφθη

266 4855 347 4915 εἰς
387 4850 982 4910 Κωνσταντινούπολιν.
1020 4850 1116 4908 Καὶ
1173 4848 1340 4905 πάλιν
1401 4844 1755 4920 ἐϐασσανίσθη
1789 4851 1934 4927 παρὰ

263 4949 369 5000 τοῦ
406 4941 657 5018 ἐπάρχου
715 4940 976 5016 ἰσχυρῶς.
1041 4941 1167 4997 Εἶτα
1232 4934 1501 5010 ἐνεϐλήθη
1562 4937 1642 5002 εἷς
1698 4941 1929 5012 κάμινον

260 5032 469 5107 πυρὸς,
516 5031 606 5086 καὶ
666 5029 889 5101 ἐξῆλθεν
946 5030 1128 5105 ὐγιής.
1186 5029 1291 5085 Καὶ
1341 5028 1464 5083 τότε
1518 5027 1795 5099 ἀπεστάλη
1855 5029 1933 5094 εἷς

263 5124 640 5194 Καισάρειαν,
696 5120 782 5175 ἳνα
842 5120 1256 5193 θηριομαχήσῃ·
1317 5120 1527 5174 Ἐκεῖσε
1573 5115 1631 5172 δὲ
1681 5117 1930 5174 ἀπελθὼν

260 5210 565 5284 δεδεμένος
604 5205 735 5281 ἕσθη
799 5208 874 5270 εἷς
928 5208 992 5264 τὸ
1046 5210 1266 5283 θέατρον
1323 5205 1376 5262 ἐν
1432 5208 1617 5281 ἡμέρᾳ
1665 5205 1935 5283 ἱπποδρο-

265 5303 406 5374 μίας
441 5349 457 5373 ,
513 5302 602 5355 καὶ
661 5300 787 5356 τότε
847 5297 1093 5368 άπελύθη
1188 5294 1352 5371 ἀγρία
1408 5296 1595 5352 λέαινα
1649 5296 1936 5370 λιμώξασα

260 5390 558 5468 πρότερον,
608 5389 696 5444 ἳνα
759 5387 1045 5463 καταφάγῃ
1103 5384 1284 5443 αὐτόν.
1340 5381 1492 5441 Ἰδὼν
1552 5381 1666 5440 δὲὸ
1697 5386 1849 5461 ἅγιος
1873 5387 1936 5443 τὸ

269 5479 470 5555 θηρίον
524 5479 830 5557 ἐρχόμενον
873 5475 958 5531 ἐπ’
1017 5473 1199 5546 αὐτὸν,
1253 5471 1456 5549 ἤρξατο
1512 5476 1934 5551 προσεύχεσθαι.

265 5570 373 5625 Καὶ
429 5569 915 5649 προσερχόμενος,
967 5564 1314 5640 συγχωρήσει
1373 5567 1531 5636 Θεοῦ,
1585 5558 1798 5638 ἐϐρώθη
1834 5565 1938 5622 ὑπὸ

271 5663 380 5716 τοῦ
407 5660 614 5736 θηρίου⁹
646 5660 741 5719 καὶ
777 5655 961 5716 οὕτως
992 5652 1305 5725 ἐτελειώθη.

2043 4673 2807 4745 suspensus,crudelissime
2831 4672 3411 4743 depectitur.Deinde
3427 4673 3681 4740 vinctus,

2042 4779 2112 4818 ex
2144 4762 2289 4816 urbe
2349 4765 2579 4833 Ancyra
2634 4762 3209 4833 Constantinopolim
3245 4761 3500 4817 mittitur
3534 4778 3547 4816 :
3579 4761 3683 4816 ubi

2041 4851 2404 4925 gravissimis
2436 4850 2749 4906 tormentis
2779 4867 2812 4906 a
2860 4851 3135 4922 prmfecto
3195 4853 3586 4915 excruciatus,
3620 4851 3684 4906 in

2041 4941 2341 4996 fornacem
2374 4939 2527 5012 ignis
2558 4939 2844 5009 injicitur.
2878 4940 2990 4995 Sed
3035 4939 3350 4995 incolumis
3373 4940 3510 4996 inde
3541 4957 3682 4996 eva-

2043 5030 2215 5096 dens,
2247 5030 2566 5083 Caesaream
2597 5028 2962 5100 perducitur,
2996 5036 3363 5102 pugnaturus
3385 5047 3517 5085 cum
3553 5030 3686 5085 bes-

2044 5117 2287 5174 stiislbi
2319 5117 2518 5188 itaque
2551 5119 2611 5172 in
2642 5118 2907 5173 medium
2942 5118 3258 5184 theatrum,
3293 5136 3408 5190 quo
3440 5119 3532 5174 die
3564 5117 3690 5172 ludi

2044 5208 2344 5263 circenses
2367 5206 2840 5273 celebrabantur,
2874 5208 3103 5263 vinctus
3143 5208 3514 5280 producitur.
3547 5209 3693 5263 Tum

2043 5299 2209 5355 ferox
2239 5299 2611 5367 leaana,fame
2645 5301 2809 5372 prius
2841 5300 3488 5367 confecta,solvitur,ut
3514 5298 3690 5353 illum

2046 5389 2377 5445 devoraret.
2412 5389 2661 5444 Sanctus
2682 5405 2816 5444 vero
2834 5390 3040 5445 videns
3071 5388 3256 5444 feram
3287 5389 3349 5443 in
3375 5406 3435 5443 se
3467 5389 3698 5442 irruen-

2049 5483 2188 5546 tem,
2223 5495 2391 5535 orare
2423 5478 2635 5550 coepit:
2670 5495 2988 5549 oransque,
3019 5494 3052 5532 a
3075 5477 3285 5548 lezena,
3310 5479 3425 5533 lJeo
3447 5475 3697 5548 permit-

2047 5573 2232 5638 tente,
2263 5567 2597 5636 devoratus,
2623 5568 2854 5624 vivendi
2887 5568 3068 5624 ﬁnem
3106 5566 3266 5623 fecit.
