4114 6306
253 383 353 443 241

1697 374 2174 450 JANUARIUS.

3561 395 3677 455 242

251 509 563 586 ἁμαρτωλοὶ
619 508 753 566 οὔτε
809 509 1074 584 ἐθεώρουν
1127 507 1310 580 αὐτὸν,
1371 507 1496 576 οὕτε
1550 515 1650 580 τῆς
1718 509 1883 586 φωνῆε

2019 509 2258 580 debant,
2292 529 2486 586 neque
2510 503 2716 580 vocem
2759 518 2890 590 ejus
2947 519 3290 577 audiebant.
3325 524 3671 583 lnciditau-

249 603 408 658 αὐτοῦ
453 597 694 668 ἤκουον.
755 599 887 654 Τότε
945 595 1002 654 δὲ
1057 600 1421 676 προεφήτευεν
1455 599 1483 654 ὁ
1509 600 1822 672 προφήτης,
1855 595 1908 651 ἐν

246 697 354 751 ταῖς
387 689 626 762 ἡμέραις
655 695 760 758 τῆς
816 687 1099 763 ἀναρχίας,
1155 687 1231 752 ὡς
1285 687 1585 762 γέγραπται
1626 686 1678 740 ἐν
1712 690 1780 758 τῇ
1817 686 1896 761 βί-

249 775 362 850 ϐλῳ
392 783 502 833 τῶν
530 781 776 852 Κριτῶν·
842 777 1028 832 πολλὰ
1085 773 1143 830 δὲ
1195 777 1595 853 προφητεύσας,
1652 775 1900 830 ἀπέθανε*

243 870 328 925 καὶ
386 869 559 946 ἐτάφη
626 867 765 939 μετᾶ
819 872 927 922 τῶν
982 868 1228 942 πατέρων
1289 866 1454 921 αὐτοῦ
1494 865 1544 920 ἐν
1590 871 1670 938 τῷ
1727 865 1900 941 ἀγρῷ.

241 961 331 1016 Ἦν
364 957 444 1026 δὲ,
480 959 559 1022 ὡς
619 957 871 1031 εἴπομεν,
932 955 1228 1032 εὐπρεπής,
1287 955 1625 1032 στρογγύλοι
1669 950 1815 1032 ἔχων
1838 957 1902 1012 τὸ

240 1048 559 1124 πρόσωπον,
589 1033 854 1103 πλατεῖαν
886 1047 984 1115 τήν
1027 1045 1292 1123 κεφαλήν.

793 1167 976 1224 ΜΗΝΙ
1013 1168 1104 1243 Tn
1145 1168 1343 1246 ΑΥΤᾳ.

1031 1281 1102 1339 Δ’.

235 1399 504 1472 Ἀθλησις
555 1404 660 1456 τοῦ

878 1471 984 1526 που
1027 1471 1254 1543 Παρίου.

299 1587 574 1663 Θεογένης
606 1590 635 1644 ό
665 1587 1018 1663 ἱερομάρτυς,
1074 1589 1141 1656 ἦν
1200 1586 1495 1650 ἐπίσκοπος
1526 1593 1622 1644 τοῦ
1661 1587 1890 1663 Παρίου·

243 1679 324 1733 καὶ
377 1677 676 1753 κρατηθεὶς
709 1677 856 1752 παρὰ
883 1681 978 1733 τοῦ
1025 1683 1126 1746 τῆς
1181 1676 1370 1752 χώρας
1426 1679 1721 1753 ἄρχοντος,
1753 1679 1892 1748 ἠνα-

240 1769 465 1842 γκάζετο
571 1765 969 1842 στρατεύεσθαι.
1036 1767 1096 1824 Ὀ
1163 1764 1220 1822 δὲ
1283 1769 1602 1840 Χριστιανὸν
1703 1768 1889 1822 ἑαυτὸν

697 1399 853 1477 ἁγίου
901 1398 1298 1477 ἱερομάρτυρος
1349 1400 1639 1476 Θεογένους
1671 1397 1893 1454 ἐπισκό-

2019 604 2138 656 tem
2171 603 2473 672 Malachias
2494 607 2804 676 prophetia
2835 607 2897 660 in
2931 607 2990 662 id
3023 613 3276 681 tempus,
3313 628 3429 682 quo
3471 615 3674 672 nullus

2017 696 2146 745 erat
2172 691 2506 748 Iudaeorum
2529 696 2824 766 princeps,
2847 696 3350 766 quemadmodum
3383 702 3668 772 scriptum

2016 785 2105 833 est
2136 781 2195 834 in
2227 780 2377 836 libro
2399 783 2694 838 Judicum.
2721 785 2862 839 Cum
2896 802 3032 840 vero
3065 788 3253 842 multa
3277 789 3670 859 praedixisset,

2015 875 2284 925 mortuus
2336 878 2443 938 est,
2480 879 2537 928 et
2594 874 2864 944 sepultus
2922 891 3056 930 cum
3109 878 3378 948 patribus
3436 882 3560 936 suis
3609 881 3672 936 in

2013 977 2170 1032 agro.
2205 964 2343 1017 Erat
2371 969 2591 1030 autem,
2637 970 2700 1018 ut
2730 964 2957 1035 praefati
3020 983 3248 1036 sumus,
3283 971 3516 1043 egregia
3545 971 3671 1026 for-

2009 1065 2128 1117 ma,
2161 1050 2419 1107 rotunda
2449 1052 2623 1118 facie,
2656 1053 2848 1124 capite
2880 1053 3020 1109 lato.

2561 1169 2800 1225 EODEM
2842 1170 3074 1226 MENSE
3095 1213 3106 1225 .

2663 1284 2764 1339 Die
2795 1291 3006 1356 quarta

2009 1397 2100 1456 8|
2189 1400 2476 1456 Certamen
2577 1405 2913 1476 sacrosancti
3014 1407 3278 1476 martyris
3360 1405 3660 1476 Theogenis

2607 1474 2850 1544 episcopi
2872 1475 3050 1529 Parii.

2076 1587 2416 1660 Theogenes
2448 1593 2847 1658 sacromartyr
2891 1590 3046 1644 Parii
3101 1591 3435 1662 episcopus,
3494 1609 3654 1648 com-

2004 1677 2334 1749 prehensus
2367 1693 2402 1732 a
2429 1677 2691 1750 regionis
2714 1678 3013 1750 praefecto,
3046 1679 3303 1735 militare
3333 1682 3657 1752 compelle-

2002 1765 2213 1832 batur;
2247 1765 2404 1836 quod
2437 1765 2538 1820 ille
2572 1765 2928 1834 detrectans,
2954 1767 3260 1824 asserebat
3281 1785 3341 1823 se
3363 1768 3655 1824 Christia-

237 1857 414 1932 ἔλεγεν
478 1857 638 1926 εἶναι,
696 1857 784 1912 καὶ
842 1853 1040 1910 δοῦλον
1095 1854 1328 1930 Χριστοῦ
1385 1857 1473 1912 καὶ
1528 1856 1883 1932 στρατιώτην.

2000 1870 2142 1908 num
2175 1870 2325 1925 esse,
2359 1855 2697 1928 Christique
2747 1872 2979 1913 servum
3039 1863 3098 1913 et
3151 1857 3424 1913 militem.
3459 1857 3650 1922 Quare

230 1951 379 2003 Ὅθεν
441 1943 602 2016 ἐδέθη
662 1945 738 2009 εἰς
795 1947 1054 2019 τέσσαρας
1111 1945 1342 2013 πάλους,
1401 1945 1462 2002 ἐκ
1515 1951 1622 2002 τῶν
1657 1952 1880 2022 χειρῶν,

227 2038 306 2093 καί
331 2041 448 2093 τῶν
482 2034 693 2105 ποδῶν,
722 2035 810 2090 καὶ
844 2035 1097 2091 ἐτύπτετο
1147 2036 1250 2091 ὑπὸ
1297 2036 1442 2092 ὀκτὼ
1491 2034 1704 2109 δημίων
1750 2041 1884 2110 μετὰ

227 2126 395 2197 ξύλων
429 2123 705 2201 τραχέων.
753 2129 867 2182 Τοῦ
915 2122 972 2180 δὲ
1020 2123 1318 2199 λεγομένου
1350 2127 1651 2190 Ὀπτίωνος
1680 2148 1884 2203 παρερ-

225 2215 499 2290 χομένου,
558 2214 650 2270 καὶ
742 2209 1060 2287 ὑϐρίζοντος
1141 2213 1324 2276 αὐτὸν.
1406 2218 1801 2292 προεφήτευσεν
1853 2218 1885 2272 ὁ·

225 2307 371 2379 ἱγιος
405 2306 540 2378 περὶ
573 2305 757 2370 αὐτοῦ,
813 2302 898 2357 ὅτι
953 2304 1168 2378 ταχέως
1220 2302 1412 2376 μέλλει
1443 2302 1878 2377 καταλαμϐάνειν

219 2394 372 2448 αὐτὸν
408 2393 686 2449 ἀπώλεια·
748 2392 777 2446 ’ὁ
833 2391 921 2447 καὶ
982 2392 1210 2466 ἐγένετο.
1267 2395 1358 2449 ’Ev
1411 2391 1468 2448 δέ
1496 2399 1564 2468 τῇ
1597 2396 1747 2449 νυκτὶ
1781 2418 1883 2450 φα-

218 2485 320 2544 νεὲς
352 2488 436 2554 τῷ
478 2483 617 2555 ἁγίῳ
674 2483 703 2536 ὁ
761 2481 978 2548 Κυριος.
1036 2483 1356 2556 προσέταξεν
1416 2484 1584 2556 αὐτῷ,
1646 2487 1721 2557 μή
1783 2485 1880 2541 λασ

220 2567 353 2641 ϐεἷν,
391 2569 542 2644 μηδὲ
573 2576 756 2647 φαγεῖν
822 2571 1087 2644 βρώματα
1143 2572 1250 2627 ἀπὸ
1303 2573 1494 2646 χειρὸς
1534 2578 1640 2628 τῶν
1674 2575 1884 2644 Ἐλλή-

218 2682 339 2717 νων,
399 2660 508 2718 Καὶ
561 2661 630 2730 ἦν
691 2657 920 2734 ψάλλων
980 2660 1116 2715 πετὰ
1173 2661 1418 2734 ἀγγέλων
1452 2661 1504 2717 ἐν
1533 2666 1602 2735 τῇ
1640 2663 1880 2738 φυλακῇ.

218 2750 355 2808 Εἶτα
387 2743 681 2818 ἱκὸληθεὶς
727 2755 827 2818 τῆς
877 2747 1146 2826 φυλακῆς,
1197 2748 1391 2827 ἐρῥίιρη
1426 2750 1480 2806 έν
1514 2755 1583 2826 τῇ
1615 2752 1879 2828 Θαλάσσῃ,

224 2840 316 2892 καὶ
390 2837 698 2908 ἐτελειώθη.
770 2838 836 2895 Οἱ
898 2835 976 2906 δὲ,
1050 2837 1298 2913 ῥίψαντες
1361 2839 1541 2911 αὐτὸν,
1621 2845 1881 2913 μετανοή-

232 2947 436 2996 σαντες,
492 2926 744 2988 ἐλθόντες
804 2927 855 2982 ἐν
933 2931 1002 3000 τῇ
1060 2927 1244 2998 πόλει,
1313 2923 1732 3001 ἐϐαπτίσθησαν,
1793 2932 1882 2987 καὶ

229 3018 344 3090 μετ’
384 3017 560 3073 αὐτῶν
615 3013 792 3094 ὄχλος
847 3017 1042 3079 πολύς.
1100 3019 1202 3076 Καὶ
1257 3020 1391 3092 μετᾶ
1443 3025 1590 3096 τρεῖς
1644 3021 1880 3098 ἡμέρας,

225 3105 475 3182 ἐξερρίᾳη
533 3101 639 3176 ἔξω
689 3113 789 3176 τῆς
837 3106 1114 3176 θαλάσσης
1169 3109 1234 3162 τὸ
1287 3107 1540 3183 λείψανον
1574 3109 1758 3167 αὐτοῦ·
1790 3111 1881 3167 καὶ

225 3190 485 3257 λαϐόντες
516 3194 649 3251 αὐτὸ
681 3196 734 3250 οἱ
766 3196 1005 3269 μαθηταὶ
1038 3195 1210 3252 αὐτοῦ·
1230 3193 1450 3272 ἔθαψαν,

799 3314 884 3385 Τῇ
929 3311 1066 3386 αὖτῇ
1111 3314 1314 3389 ἡμέρᾳ.

226 3399 494 3469 Ἀθλησις
555 3404 655 3454 τοῦ
714 3401 872 3474 ἁγίου
931 3402 1326 3480 ἱερομάρτυρος
1381 3407 1736 3480 Θέοπέμπτου
1794 3411 1885 3465 καὶ

799 3473 992 3527 Θεωνά-
1024 3473 1314 3548 μάρτυρος.

297 3586 472 3646 Οὗτος
523 3586 594 3654 ἧν
650 3584 734 3640 ἐπὶ
800 3587 1196 3655 Διοκλητιανοῦ
1246 3593 1341 3644 τοῦ
1404 3591 1694 3666 βασιλέως·
1729 3616 1883 3665 κινη-

237 3676 409 3737 θέντος
473 3673 532 3729 δὲ
591 3671 842 3748 διωγμοῦ
893 3677 1029 3731 κατα
1083 3682 1191 3733 τῶν
1249 3680 1605 3752 Χριστιανῶν,
1667 3689 1883 3759 πρῶτος

239 3761 314 3816 ἐπ’
344 3761 558 3817 ἐκείνου
588 3767 686 3818 τοῦ
718 3761 970 3838 διωγμοῦ
998 3766 1089 3820 τὸν
1132 3770 1367 3841 Χριστὸν
1413 3770 1768 3845 ὡμολόγησε,
1795 3773 1884 3828 καὶ

237 3853 318 3906 τὸν
372 3859 476 3921 τῆς
526 3853 812 3923 ἀθλήσεως
867 3851 1076 3924 ἐδέξατο
1127 3856 1406 3935 στέφανον·
1439 3863 1729 3935 κρατηθεὶς
1759 3863 1885 3935 γὰρ,

232 3936 510 4011 ἐνεϐλήθη
545 3941 620 4002 εἰς
668 3945 900 4019 φοῦρνον
958 3943 1357 4017 ἐκπυρωθέντα.
1419 3948 1516 4003 Καὶ
1550 3951 1703 4023 ὑγιὴς
1736 3949 1883 4025 ἐξελ-

224 4032 358 4099 θὼν,
417 4031 512 4084 τὸν
565 4028 657 4086 ἕνα
716 4031 1000 4109 ὀφθαλμὸν
1059 4033 1414 4109 ἐξορύττεται.
1468 4041 1527 4094 Ὁ
1560 4037 1616 4094 δὲ
1647 4045 1883 4112 Θεωνᾶς,

224 4120 397 4194 μάγος
429 4116 530 4186 ὣν,
577 4118 821 4175 ἐπότισεν
881 4123 1042 4178 αὐτὸν
1101 4122 1444 4200 δηλητήριον
1503 4127 1786 4204 φάρμακον
1815 4134 1883 4204 τῇ

219 4211 517 4282 προστάξει
549 4209 646 4263 τοῦ
709 4209 1000 4284 βασιλέως,
1060 4211 1142 4266 ῗνα
1197 4214 1466 4290 ἀποθάνῃ.
1511 4217 1612 4272 Καὶ
1645 4219 1718 4279 ὡς
1747 4216 1882 4274 εἶδεν

222 4295 383 4350 αὖτόν
471 4293 642 4367 μηδὶν
713 4295 1058 4368 ἀδικηθέντα,
1135 4300 1410 4357 ἐπίστευσε
1490 4309 1571 4377 τῷ
1644 4308 1878 4378 Χριστῷ.

223 4386 354 4440 Εἶτα
431 4383 674 4459 ὠργίσθη
753 4388 781 4440 ὁ
861 4388 1136 4459 βασιλεὺς,
1211 4392 1299 4445 καὶ
1374 4393 1736 4468 ἀπεκεφάλισε
1788 4395 1882 4451 τὸν

223 4476 376 4546 ἅγιον
411 4473 789 4546 Θεόπεμπτον·
846 4476 948 4532 Τὸν
1001 4474 1057 4531 δὲ
1108 4484 1314 4533 θεωνᾶν
1370 4477 1619 4537 ἐνέϐαλεν
1651 4483 1726 4545 εἰς
1756 4479 1884 4560 ὄρθ’

1911 3239 1958 3306 C

1998 1943 2273 2006 manibus
2298 1945 2667 2018 pedibusque
2699 1947 2774 2004 ad
2805 1953 3061 2019 quatuor
3085 1947 3252 2020 palos
3273 1947 3549 2019 alligatis,
3574 1945 3647 2001 ab

1991 2039 2123 2098 octo
2145 2034 2524 2090 carniﬁcibus
2551 2038 2779 2108 asperis
2813 2039 2987 2106 virgis
3031 2037 3297 2094 caeditur.
3329 2037 3638 2090 Pertrans-

1992 2127 2168 2176 eunte
2200 2129 2397 2178 autem
2448 2124 2718 2195 Optione,
2751 2142 2819 2179 ac
2847 2126 3217 2197 Theogenem
3257 2123 3636 2179 contumeliis

1990 2211 2306 2274 afficiente,
2340 2213 2613 2282 praedixit
2641 2221 2880 2268 sanctus
2918 2214 3042 2267 fore
3092 2220 3157 2268 ut
3185 2214 3285 2267 ille
3320 2214 3476 2267 brevi
3511 2201 3637 2267 mo-

1990 2307 2238 2356 reretur.
2272 2302 2434 2365 Quod
2469 2309 2526 2357 et
2556 2303 2819 2375 contigit.
2856 2305 3036 2358 Noctu
3085 2320 3224 2357 vero
3257 2320 3387 2357 cum
3443 2303 3639 2356 Domi-

1991 2406 2104 2444 nus
2135 2398 2338 2446 sancto
2397 2399 2728 2462 appareret.
2789 2393 3073 2463 praecepit
3104 2393 3178 2458 ei,
3213 2408 3286 2446 ne
3341 2391 3538 2446 cibum
3572 2389 3642 2444 de

1989 2494 2169 2534 manu
2193 2481 2528 2536 Graecorum
2583 2489 2838 2552 caperet.
2890 2483 2955 2535 ln
3005 2498 3240 2536 carcere
3274 2481 3474 2550 itaque
3508 2495 3642 2534 cum

1991 2569 2218 2635 angelis
2251 2569 2557 2642 psallebat.
2595 2571 2816 2626 Deinde
2876 2587 2905 2624 e
2961 2571 3229 2625 custodia
3277 2570 3544 2628 eductus.
3581 2568 3641 2622 in

1992 2675 2153 2714 mare
2184 2661 2516 2731 projicitur,
2557 2660 2758 2731 ibique
2809 2661 3038 2715 vivendi
3098 2661 3279 2715 ﬂnem
3338 2660 3496 2714 fecit.
3533 2659 3641 2723 Qui

1991 2764 2127 2803 vero
2149 2764 2285 2802 eum
2308 2749 2734 2816 demerserant,
2759 2749 3104 2820 pmnitentia
3135 2749 3316 2810 ducti,
3350 2749 3410 2802 in
3433 2747 3641 2801 urbem

1992 2836 2296 2892 venientes
2327 2853 2458 2891 cum
2495 2836 2666 2892 turba
2697 2837 2953 2907 plurima
2979 2837 3253 2909 baptizati
3287 2841 3443 2890 sunt.
3495 2835 3639 2905 Ejus

1990 2927 2276 2997 reliquias
2308 2927 2478 2982 tertio
2510 2932 2643 2999 post
2689 2927 2784 2984 die
2845 2943 2875 2982 e
2932 2927 3082 2983 mari
3141 2927 3203 2982 in
3233 2926 3376 2981 litus
3429 2925 3637 2996 ejecta,

1991 3016 2267 3090 discipuli
2299 3017 2680 3089 sepelierunt.

2635 3311 2856 3369 Eodem
2906 3312 3002 3369 die

1992 3403 2091 3460 82
2125 3405 2408 3460 Certamen
2436 3403 2890 3472 sanctimartyris
2916 3403 3296 3473 TheOpempt‘i,
3329 3408 3382 3456 et
3414 3401 3642 3456 Theonw

2677 3477 2960 3544 martyris.

2064 3593 2166 3648 Hic
2199 3593 2563 3664 temporibus
2594 3591 2942 3646 Diocletiani
2998 3590 3373 3661 imperatoris
3415 3589 3636 3645 ﬂoruit.

1987 3682 2132 3738 Cum
2165 3688 2361 3738 autem
2403 3682 2684 3736 adversus
2715 3680 3080 3734 Christianos
3112 3679 3444 3750 persecutio
3477 3684 3638 3733 mota

1986 3773 2216 3837 fuisset,
2250 3772 2478 3845 primus
2530 3771 2798 3828 omnium
2856 3771 2918 3825 in
2953 3770 3159 3824 eadem
3217 3769 3632 3841 persecutione

1987 3862 2287 3917 Christum
2318 3860 2641 3933 professus,
2692 3859 2960 3930 martyrii
3019 3875 3300 3914 coronam
3363 3859 3628 3929 accepit:

1988 3968 2128 4008 nam
2155 3951 2622 4022 comprehensus
2647 3949 2709 4003 in
2731 3949 3038 4004 ardentem
3068 3948 3310 4004 furnum
3335 3948 3629 4019 injicitur;

1989 4041 2091 4097 sed
2116 4041 2252 4095 inde
2276 4039 2502 4094 illaasus
2525 4039 2801 4106 evadens,
2834 4040 3047 4094 effosso
3081 4038 3388 4094 oculorum
3420 4037 3628 4104 altero,

1987 4129 2267 4203 poculum
2289 4146 2323 4184 a
2339 4130 2575 4184 Theona
2598 4145 2786 4202 mago.
2803 4129 3390 4200 jussuimperatoris,
3408 4143 3632 4183 veneno

1987 4219 2270 4275 infectum
2298 4218 2610 4273 exhaurire
2633 4218 2878 4289 cogitur,
2904 4223 2969 4271 ut
2996 4217 3079 4272 sic
3109 4216 3397 4272 interiret.
3420 4218 3634 4271 Verum

1987 4325 2120 4364 cum
2145 4309 2411 4362 Theonas
2434 4306 2602 4361 illum
2633 4307 2798 4361 nullo
2822 4306 3039 4362 damno
3072 4308 3346 4361 affectum
3371 4307 3633 4371 vidisset,

1987 4399 2049 4452 in
2077 4397 2374 4452 Christum
2405 4393 2675 4451 credidit.
2705 4398 2846 4451 Tum
2883 4397 2967 4450 ira
2989 4396 3423 4450 excandescens
3454 4396 3636 4464 impc-

1986 4493 2165 4554 rator,
2195 4493 2465 4541 sanctum
2489 4485 2951 4556 Theopemptum
2987 4484 3267 4538 decollari
3300 4483 3632 4548 mandavit;

219 4583 336 4634 γμα
399 4561 629 4636 βόθρου.
688 4564 789 4620 Καὶ
848 4564 1138 4638 προσέταξε
1192 4573 1309 4630 τοῖς
1366 4566 1590 4642 δημίοις
1619 4571 1878 4637 ἐπιθεῖναι

1999 4577 2285 4632 l‘heonam
2308 4592 2442 4630 vero
2485 4575 2545 4628 in
2604 4575 2954 4629 altissimam
3007 4573 3232 4627 foveam
3291 4571 3542 4633 demitti,
3579 4578 3638 4626 et

220 4649 402 4704 ἐπάνω
439 4654 633 4724 χῶμα,
684 4650 771 4705 καὶ
821 4659 1168 4712 καταπατεῖν.
1204 4657 1300 4710 Καὶ
1337 4657 1532 4714 τούτου
1561 4659 1877 4735 γενομένου,

221 4739 500 4813 ἀπεπνίγη
534 4738 621 4793 καὶ
682 4739 840 4802 αὐτὸς
899 4740 951 4797 ἐν
1007 4748 1088 4816 τῷ
1146 4745 1356 4820 ῥηθέντι
1413 4749 1584 4821 τόπῳ’
1617 4749 1706 4804 καὶ
1737 4771 1878 4826 παρ-

221 4825 393 4882 tam;
452 4829 554 4896 τὴν
615 4830 880 4905 μακαρίαν
936 4832 1105 4887 αὐτοῦ
1162 4836 1346 4910 ψυχὴν
1406 4841 1482 4909 τῷ
1537 4843 1672 4912 Θεῷ·
1709 4837 1777 4894 δι’
1816 4839 1874 4897 ὅν

220 4916 526 4994 ἀμφότεροι
606 4919 660 4972 οἱ
727 4917 893 4995 ἅγιοι,
956 4922 1090 4992 μετᾶ
1153 4923 1372 4995 πολλῆς
1429 4926 1756 5001 προθυμίας,
1814 4932 1876 4987 τὸ

217 5006 361 5062 ἴδιον
394 5007 536 5080 αἷμα
563 5003 746 5083 ἔχεαν,
804 5011 894 5064 καὶ
944 5011 1034 5066 τὸν
1093 5011 1297 5086 κόσμον
1330 5016 1661 5092 ἠρνήσαντο,
1690 5020 1781 5075 καὶ
1810 5021 1879 5076 τὰ

218 5095 270 5149 δν
301 5096 522 5168 κόσμῳ.

792 5216 868 5288 τῇ
915 5216 1056 5290 αὖτῆ
1103 5218 1303 5295 ἡμέραι

218 5298 490 5394 Ἀθληνσις
545 5306 654 5358 τῶν
711 5304 883 5377 ἁγίων
941 5305 1196 5394 Ζωσίμου
1251 5313 1520 5394 μονα-χοῦ,
1577 5313 1666 5367 καὶ
1713 5315 1876 5394 Ἀθᾳ..

289 5377 478 5500 ἒαίίου
623 5377 1100 5452 κομενταρησίου-
1208 5377 1664 5456 μαρτυρησάντων
1790 5377 1873 5441 -ὲν

339 5468 350 5496 '.
400 5466 528 5516 ικίᾳο
787 5491 792 5496 ·

286 5564 350 5620 ’0
407 5566 555 5643 ἅγιος
613 5565 875 5640 Ζώσιμος
953 5567 1199 5644 ὑπῆρχεν
1281 5569 1386 5628 ἀπὸ
1442 5573 1718 5644 Κιλικίας,
1770 5578 1872 5645 τὴν

222 5647 424 5724 ἔρημον
451 5657 585 5730 μετά
614 5662 728 5714 τῶν
791 5654 998 5730 θηρίων
1059 5657 1245 5718 οἰκῶν.
1302 5662 1606 5740 Κρατηθεὶς
1640 5661 1697 5719 δὲ
1726 5666 1873 5741 παρὰ

230 5748 537 5812 Δομετιανοῦ
595 5751 698 5804 τοῦ
758 5744 1055 5820 ἄρχοντος,
1131 5746 1218 5802 καὶ
1297 5750 1644 5827 ἀναγκασθεὶς
1702 5752 1867 5829 ἀρνή-

1989 4671 2266 4738 congesto
2294 4681 2327 4719 a
2354 4663 2663 4719 lictoribus
2684 4678 2892 4734 aggere
2925 4661 3116 4715 obrui.
3151 4660 3315 4726 Quod
3347 4677 3479 4715 cum
3510 4661 3629 4715 fac-

1987 4759 2110 4808 tum
2143 4759 2318 4818 esset,
2357 4753 2676 4807 suffocatus
2708 4752 2768 4805 in
2802 4767 2867 4804 eo
2916 4750 3044 4804 loco
3101 4749 3334 4804 beatam
3367 4750 3629 4805 animam

1986 4859 2152 4897 suam
2183 4843 2299 4898 Deo
2331 4840 2592 4906 tradidit,
2623 4857 2729 4911 pro
2761 4855 2877 4910 quo
2906 4845 3156 4910 uterque
3179 4846 3419 4894 sanctus
3448 4840 3628 4895 alacri

1983 4933 2182 4988 animo
2213 4931 2518 5004 proprium
2549 4929 2897 5001 sanguinem
2923 4927 3310 5001 profundens,
3339 4929 3629 4984 mundum

1983 5026 2042 5077 et
2067 5038 2198 5093 quas
2229 5019 2299 5076 in
2325 5036 2393 5075 eo
2425 5025 2581 5087 sunt,
2624 5017 2952 5090 abnegavit.

2619 5222 2843 5287 Eodem
2901 5221 2997 5279 die
3019 5216 3021 5218 ’

1982 5317 2082 5373 83
2117 5316 2399 5373 Certamen
2423 5320 2737 5370 sanctorum
2787 5313 2982 5368 Zosimi
3037 5313 3309 5380 monachi,
3369 5304 3633 5367 et‘Atha-

2052 5391 2198 5443 nasii
2249 5387 2764 5452 commentariensis,
2799 5388 2898 5455 qui
2951 5387 3011 5438 in
3072 5385 3266 5439 Cilicia
3303 5387 3632 5453 martyrium

2046 5462 2200 5530 passi
2228 5465 2375 5514 sunt.

2051 5576 2299 5632 Sanctus
2319 5575 2585 5630 Zosimus
2602 5573 2750 5628 Cilix
2781 5587 3048 5627 eremum
3081 5587 3217 5626 cum
3246 5570 3388 5624 feris
3419 5569 3622 5626 coluit.

1979 5666 2456 5738 Comprehensus
2487 5670 2685 5718 autem
2723 5679 2758 5717 a
2787 5660 3118 5716 Domitiano
3152 5659 3446 5730 praefecto.
3483 5675 3620 5713 cum

1980 5760 2288 5827 cogeretur
2314 5752 2612 5808 Christum
2638 5752 2950 5822 abnegare,
2981 5752 3040 5802 et
3058 5746 3235 5800 idolis
3264 5744 3619 5812 sacriﬁcare,
