4112 6308
447 401 566 460 243

1770 394 2194 458 MENOLOGIl
2240 398 2443 460 PARS
2485 400 2560 460 ll.

3738 403 3861 462 2H

447 553 560 593 nec
581 533 705 589 ulla
733 533 963 588 ratione
994 531 1068 586 ad
1101 530 1159 585 id
1187 528 1384 585 induci
1409 535 1629 602 posset,
1650 529 1939 586 ambustis
1961 547 2094 586 can-

2213 532 2397 584 σασθαι
2454 532 2545 586 τὸν
2599 532 2852 608 Χριστὸν,
2910 530 2999 587 καὶ
3057 533 3212 586 θῦσαι
3269 537 3386 594 τοῖς
3444 529 3723 599 εἰδώλοις,
3767 536 3862 590 καὶ

451 624 613 681 denti
646 623 800 677 ferro
833 621 1096 686 auribus,
1130 621 1188 674 in
1223 620 1545 674 ferventem
1603 620 1858 675 lebetem
1892 621 2090 691 injici-

449 719 576 780 tur;
611 713 713 768 sed
740 712 964 765 illmsus
995 709 1268 770 evadens.
1296 709 1526 762 inverso
1558 709 1748 776 capite
1770 725 2094 780 suspensus

450 802 800 874 depectitur.
850 801 1114 869 Cumque
1159 804 1399 852 sanctus
1455 804 1847 868 torqueretur.
1882 798 1974 853 leo
2023 814 2094 852 ex

451 893 685 950 deserto
714 891 775 944 in
807 888 1070 943 medium
1103 888 1400 941 theatrum
1434 903 1800 959 progressus,
1832 888 2096 942 humana

448 998 588 1036 voce
619 979 913 1034 Christum
961 977 1143 1030 Deum
1197 975 1503 1030 confessus
1551 981 1658 1032 est.
1693 977 1882 1041 Quare
1913 977 2094 1032 Atha-

450 1071 656 1127 nasius
713 1065 1271 1122 commentariensis
1326 1064 1542 1119 Christi
1574 1065 1752 1120 ﬁdem
1812 1066 2093 1136 suscepit.

449 1162 609 1216 Tunc
645 1156 875 1212 dimissi
909 1159 1049 1210 sunt
1076 1171 1111 1209 a
1139 1153 1438 1225 praefecto,
1472 1160 1538 1208 ut
1567 1154 1801 1209 abirent
1829 1171 1944 1226 quo
1976 1154 2096 1209 vel-

451 1249 617 1305 lent:
653 1246 753 1317 qui
807 1245 868 1299 in
930 1248 1197 1298 montem
1246 1249 1642 1309 secesserunt,
1696 1243 1796 1298 ubi
1856 1248 2096 1298 sanctus

450 1339 717 1395 Zosimus
748 1333 1139 1390 Athanasium
1179 1333 1511 1404 baptizavit.
1547 1334 1866 1403 Postquam
1896 1338 2096 1388 autem

446 1428 509 1483 in
541 1432 742 1482 monte
800 1423 1148 1494 aliquandiu
1204 1422 1551 1477 commorati
1596 1423 1867 1488 fuissent,
1914 1423 2096 1478 altam

448 1516 796 1588 speluncam
826 1513 1171 1578 subeuntes,
1205 1512 1454 1566 Domino
1487 1511 1716 1566 animas
1749 1528 1885 1567 suas
1915 1511 2096 1566 tradi-

449 1604 686 1661 derunt.

1099 1778 1322 1834 Eodem
1354 1777 1449 1833 die

665 1870 769 1926 84
801 1868 1251 1924 Commemoratio
1279 1873 1480 1922 sanctae
1525 1866 1862 1936 Syncleticz.

522 1961 736 2016 Sancta
766 1957 1096 2029 Syncletica
1128 1956 1454 2022 nobilibus,
1509 1955 1810 2020 divitibus,
1862 1956 2096 2027 piisque

450 2049 800 2124 parentibus
830 2052 987 2103 nata.
1023 2047 1096 2100 ob
1157 2045 1450 2117 insignem
1505 2045 1770 2116 corporis
1823 2044 2094 2113 formam,

454 2147 630 2211 atque
663 2155 807 2209 opes
837 2153 871 2192 a
901 2136 1104 2190 multis
1132 2135 1192 2188 in
1225 2134 1670 2189 matrimonium
1693 2133 1950 2204 expetita
1966 2133 2094 2187 fuit.

449 2231 524 2284 At
551 2229 674 2293 illa,
695 2243 826 2296 quae
855 2241 1086 2279 summo
1119 2224 1178 2277 in
1215 2224 1396 2277 Deum
1428 2222 1714 2293 ﬂagrabat
1741 2239 1961 2286 amore,
1995 2237 2097 2276 ne-

450 2317 849 2379 minieorum,
882 2314 984 2384 qui
1044 2314 1232 2384 ipsam
1283 2312 1343 2365 in
1376 2327 1618 2365 uxorem
1677 2310 2096 2382 deposcebant,

451 2421 624 2462 aures
655 2402 926 2475 praebuit.
963 2401 1066 2456 sed
1096 2399 1340 2456 mundo.
1377 2399 1735 2470 temporaria
1778 2398 2097 2469 voluptate,

455 2499 514 2552 et
540 2493 729 2566 gloria
757 2492 950 2546 valere
974 2490 1181 2559 jussis,
1202 2505 1264 2544 se
1298 2495 1480 2543 totam
1504 2489 1785 2542 virtutum
1812 2489 2098 2542 exercita-

455 2583 603 2639 tioni
633 2588 686 2637 et
711 2579 1094 2636 continentiaa
1151 2577 1333 2631 dedit.
1367 2578 1511 2631 Cum
1566 2583 1764 2632 autem
1828 2575 2099 2631 diabolus

455 2673 676 2728 multos
707 2670 870 2724 illius
899 2683 1118 2738 agones
1146 2665 1410 2725 vidisset.
1446 2681 1625 2734 seque
1651 2664 1724 2719 ab
1756 2664 1963 2719 eadem
1992 2681 2099 2719 su-

453 2766 746 2833 peratum,
773 2757 1042 2829 pluribus
1072 2755 1236 2809 illam
1271 2753 1717 2813 tentationibus,
1752 2769 1872 2807 non
1930 2769 2101 2808 secus

453 2867 522 2906 ac
544 2850 689 2906 olim
719 2863 998 2921 magnum
1026 2845 1258 2907 Jobum,
1287 2846 1532 2899 vexavit.
1563 2845 1704 2898 Tam
1751 2843 1908 2915 gravi
1941 2842 2099 2898 enim

452 2939 852 3008 diuturnoque
879 2934 1085 2990 morbo
1117 2932 1399 2989 afflictata
1428 2938 1538 2994 est,
1570 2937 1638 2987 ut
1667 2937 1855 2987 totum
1887 2948 2101 3003 corpus

453 3025 856 3082 exulceratum
911 3021 1110 3085 fuerit,
1145 3025 1205 3074 et
1234 3019 1432 3074 lurida
1461 3019 1595 3074 tabe
1625 3018 1962 3087 deﬂuxerit,
1993 3035 2103 3073 nec

450 3114 767 3185 quisquam
797 3110 872 3165 ad
902 3126 1031 3165 eam
1062 3108 1344 3164 accedere
1397 3108 1470 3163 ob
1523 3107 1964 3163 intolerabilem
1994 3107 2099 3163 fuav

450 3207 642 3258 torem
672 3199 949 3272 potuerit.
993 3200 1185 3268 Atque
1223 3197 1383 3252 hunc
1431 3197 1492 3251 in
1551 3195 1794 3251 modum
1853 3201 2098 3265 tentata,

452 3289 810 3362 octogesimo
859 3286 1049 3342 atatis
1126 3301 1283 3339 anno
1342 3290 1609 3340 sanctam
1659 3284 1922 3339 animam
1980 3285 2098 3339 Deo

456 3376 721 3435 tradidit.

1011 3551 1252 3608 EODEM
1300 3550 1549 3606 MENSE.

1096 3643 1199 3698 Die
1253 3641 1467 3713 quinta

563 3736 660 3794 85
699 3734 1145 3790 Commemoratio
1190 3732 1371 3787 sancti
1391 3731 1680 3802 propheta
1727 3730 1992 3786 Michaez.

526 3826 801 3882 Michaaas
823 3824 1110 3896 propheta
1138 3838 1208 3876 ex
1228 3820 1468 3893 regione
1489 3819 1704 3874 ludum:
1719 3818 1832 3874 fuit
1851 3818 1922 3872 de
1948 3817 2103 3872 tribu

456 3915 757 3987 Ephraim.
793 3914 938 3967 Cum
959 3918 1156 3966 autem
1182 3926 1376 3981 regem
1412 3908 1609 3963 Achab
1629 3908 1701 3962 ob
1725 3908 2102 3978 iniquitatem

452 4005 941 4075 impietatemque
1007 4016 1175 4054 suam
1232 3998 1644 4053 vehementius
1702 3998 2102 4069 redargueret,

455 4093 530 4150 ad
553 4090 922 4146 iracundiam
946 4089 1534 4159 indignationemque
1557 4087 1726 4141 illum
1751 4085 2063 4141 concitavit
2087 4101 2101 4152 ;

457 4197 579 4236 non
614 4186 813 4234 tamen
845 4178 918 4232 ob
950 4193 1018 4231 eo
1048 4176 1394 4230 interfectus
1450 4175 1581 4241 fuit,
1615 4175 1772 4246 quod
1804 4192 1908 4230 rex
1931 4174 2102 4244 judi-

461 4271 620 4325 cium
652 4267 890 4329 veritus,
924 4265 1198 4319 virtutem
1251 4265 1553 4335 prophetae
1595 4264 1942 4335 suspiceret.
1993 4262 2104 4318 Sed

459 4364 694 4414 mortuo
727 4355 951 4422 Achab,
996 4370 1132 4409 cum
1167 4354 1362 4408 Joram
1395 4354 1525 4422 ejus
1554 4352 1714 4406 filius
1746 4367 1925 4425 regno
1953 4353 2104 4423 poti-

459 4454 574 4515 tus,
607 4447 811 4518 inique
843 4460 1014 4516 agere
1037 4442 1331 4513 coepisset.
1357 4441 1429 4497 ab
1458 4440 1667 4496 eodem
1696 4442 1984 4512 propheta
2014 4441 2104 4495 ob-

449 4537 723 4610 jurgatus
754 4540 880 4590 est:
911 4532 1033 4604 qui,
1062 4537 1263 4602 utpote
1311 4530 1572 4601 juvenis,
1607 4529 2104 4601 reprehensiones

2128 1886 2176 1951 B

2206 620 2282 690 μὴ
2341 620 2602 686 πεισθεὶς,
2666 622 2800 693 μετᾶ
2857 619 3096 692 σιδηρῶν
3154 623 3566 696 πεπυρωμένων
3618 623 3684 677 τὰ
3725 622 3866 678 ὠτία

2200 712 2457 780 κατεκάη.
2521 713 2656 766 Εἶτα
2732 711 2810 775 εἴς
2882 707 3088 782 λέϐητα
3143 710 3499 787 καχλάζοντα
3561 707 3866 782 ἐνεϐλήθη.

2203 798 2305 852 Καὶ
2359 796 2529 871 μηδὲν
2590 797 2890 870 ἀδικηθεὶς,
2950 800 3256 874 ἐκρεμάσθη
3310 802 3447 855 κατὰ
3476 797 3870 878 magal-£4,203

2202 885 2393 956 ἐξέετο.
2427 891 2859 963 Τιμωρουμένου
2908 887 2967 944 δέ
3022 893 3118 943 τοῦ
3171 889 3346 963 ἁγίου,
3401 890 3542 959 ἦλθε
3580 888 3720 945 λέων
3753 890 3865 944 ἀπὸ

2200 983 2302 1046 τῆς
2362 977 2573 1049 ἐρήμου
2633 978 2710 1041 εἷς
2761 980 2825 1033 τὸ
2881 981 3124 1054 θέατρον·
3183 980 3274 1034 καὶ
3322 978 3588 1049 ἐλάλησεν
3648 980 3868 1053 ἀνθρω-

2204 1065 2331 1140 πίνῃ
2393 1069 2568 1144 φωνῇ,
2625 1067 2984 1143 ὀμυλογήσας
3059 1068 3188 1123 Θεὸν
3269 1069 3362 1124 τὸν
3440 1067 3692 1142 Χριστόν.
3755 1067 3868 1125 Καὶ

2206 1149 2385 1209 ἔπεισε
2483 1155 2726 1231 γενέσθαι
2825 1158 2917 1212 τὸν
3016 1159 3447 1233 κομενταρήσιον
3540 1159 3872 1221 Ἀθανάσιον

2207 1246 2468 1319 Χρισρόν.
2556 1247 2690 1303 Τότε
2767 1245 3115 1316 ἀπελύθησαν
3199 1246 3346 1324 παρὰ
3416 1250 3516 1302 τοῦ
3575 1247 3869 1322 ἂργοντος,

2202 1337 2299 1388 τοῦ
2349 1331 2668 1409 διατρίϐειν,
2723 1334 2862 1390 ὅπου
2922 1333 3235 1410 βοῦΛονται.
3285 1334 3561 1405 Ἀπῆλθον
3593 1333 3651 1390 δὲ
3692 1334 3866 1409 ἐντῷ

2205 1419 2341 1498 ὄρει.
2400 1422 2506 1479 Καὶ
2565 1419 2847 1480 ἐϐάπτισεν
2905 1427 2934 1479 6
2991 1426 3148 1500 ἅγιος
3206 1426 3456 1498 Ζώσιμος
3509 1425 3598 1479 τὸν
3632 1425 3870 1482 Ἀθανάο

2205 1532 2346 1568 σιον.
2381 1512 2478 1567 Καὶ
2513 1514 2706 1589 μικρὸν
2741 1510 3116 1589 διατρίψαντες
3148 1513 3200 1569 ἐν
3232 1515 3310 1586 τῷ
3350 1511 3490 1588 ὄρει,
3521 1515 3637 1568 εἶτα
3670 1514 3870 1568 ὑπεισ-

2206 1599 2454 1664 ελθόντες
2513 1599 2590 1664 εἰς
2669 1603 2866 1678 πέτραν
2959 1604 3200 1680 βαθεῖαν,
3256 1602 3348 1658 καὶ
3398 1602 3861 1679 προσευχόμενοι,

2206 1690 2527 1766 παρέδωκαν
2555 1691 2653 1754 τὰς
2684 1692 2888 1747 ἑαυτῶν
2919 1694 3103 1768 ψυχὰς
3130 1696 3209 1764 τῷ
3239 1692 3447 1768 Κυρίῳ.

2773 1783 2855 1854 Τῇ
2903 1780 3042 1855 αὐτῇ
3085 1782 3288 1857 ἡμέρᾳ.

2526 1871 2737 1941 Μνήμη
2785 1876 2887 1939 τῆς
2939 1869 3094 1933 ὁσίας
3135 1868 3537 1946 Συγκλητικῆς.

2274 1962 2331 2010 Ὶ]
2367 1956 2491 2032 ἁγία
2537 1957 2892 2032 Συγκλητική
2953 1959 3198 2033 ὑπῆρχεν
3259 1959 3486 2033 εὐγενὴς
3539 1960 3630 2014 καὶ
3685 1958 3877 2014 πλου-

2204 2044 2312 2115 σία,
2346 2048 2586 2120 θυγάτηρ
2628 2048 2829 2120 γονέων
2888 2043 3162 2117 εὐλαϐὣν,
3219 2047 3308 2102 καὶ
3367 2043 3627 2106 εὐσεϐῶν.
3658 2049 3869 2123 Ὑπάρο

2202 2155 2380 2211 χουσα
2438 2133 2497 2190 δὲ
2553 2133 2851 2212 εὔμορφος,
2911 2135 3223 2205 ἐπεζητεῖτο
3278 2134 3416 2209 πρὸς
3473 2142 3654 2211 γάμον
3718 2136 3878 2211 παρὰ

2203 2224 2454 2290 πολλῶν,
2487 2224 2550 2279 οὐ
2600 2227 2764 2298 μόνον
2821 2223 2879 2280 δέ
2931 2223 3020 2281 διὰ
3070 2227 3133 2280 τὸ
3192 2228 3329 2281 εἶναι
3383 2223 3681 2303 εὔμορφος,
3715 2225 3872 2282 ἀλλὰ

2204 2314 2292 2368 καὶ
2353 2311 2442 2368 διὰ
2496 2315 2559 2368 τὸ
2613 2317 2746 2369 εἶναι
2807 2313 3061 2372 πλουσία.
3121 2317 3185 2371 Ἡ
3245 2312 3303 2370 δὲ
3358 2316 3481 2392 ἁγία
3529 2314 3732 2390 ἔχουσα
3769 2316 3869 2370 τὸν

2204 2403 2340 2476 πρὸς
2370 2404 2463 2457 τὸν
2492 2403 2620 2458 Θεὸν
2678 2403 2850 2467 πόθον
2909 2403 3106 2472 πολὺν,
3165 2405 3314 2467 τινὸς
3364 2411 3473 2459 τῶν
3518 2407 3654 2478 πρὸς
3684 2404 3869 2478 γάμον

2204 2491 2374 2558 αὐτην
2443 2490 2843 2561 ἐπιζητούντων
2904 2492 3004 2547 οὐκ
3059 2489 3279 2562 ἤκουενο
3341 2492 3470 2549 ἄλλ’
3542 2495 3718 2570 ἀφῆκε
3771 2494 3873 2548 τὸν

2203 2580 2435 2652 κόσμον,
2466 2579 2557 2634 καὶ
2613 2582 2711 2648 τήν
2765 2583 3098 2655 πρόσκαιρον
3156 2580 3364 2652 ἡδονὴν
3405 2584 3498 2638 καὶ
3538 2584 3638 2651 τήν
3677 2579 3861 2652 δόξαν·

2203 2669 2291 2722 καὶ
2349 2666 2616 2724 ἐπέδωκεν
2677 2669 2870 2739 ἑαυτήν
2931 2671 3067 2743 πρὸς
3127 2668 3354 2740 ἄσκησιν
3417 2672 3615 2746 ἀρετῆς
3646 2670 3735 2726 καὶ
3773 2671 3872 2744 ἐγ-

2203 2757 2478 2833 κράτειαν.
2513 2755 2667 2814 Ἰδὼν
2721 2756 2780 2813 δὶ
2809 2759 2838 2812 6
2870 2754 3134 2822 διάϐολος
3186 2759 3314 2822 τοὺς
3365 2758 3616 2822 πολλοὺς
3649 2761 3869 2834 ἀγῶνας

2207 2845 2398 2914 αὐτῆς,
2451 2845 2542 2901 καὶ
2599 2845 2682 2902 ὅτι
2734 2845 2957 2916 ἐνικήθη
3014 2849 3102 2902 ὑπ’
3155 2847 3344 2918 αὐτῆς,
3403 2847 3670 2922 ἐπήγαγεν
3724 2847 3870 2922 αὐτῇ

2205 2933 2456 2996 πολλοὺς
2494 2934 2853 3010 πειρασμοὺς,
2903 2935 2978 2998 ὠς
3035 2935 3126 2990 καὶ
3180 2941 3261 3008 τῷ
3319 2934 3545 3012 μεγάλῳ
3576 2931 3726 2994 Ἰώϐ.
3758 2942 3875 2990 Το-

2205 3026 2396 3077 σοῦτον
2451 3024 2554 3099 γὰρ
2627 3023 2730 3079 ὑπὸ
2813 3023 3118 3100 άρῥωστίας
3199 3027 3550 3094 κατεπονήθη
3609 3023 3872 3100 χρονίας,

2207 3106 2348 3166 ὥστε
2378 3111 2509 3167 ὅλον
2560 3112 2624 3167 τὸ
2683 3115 2844 3186 σῶμα
2897 3112 3279 3188 πληγωθῆναι,
3326 3113 3418 3168 καὶ
3460 3108 3872 3185 διαϐρωθῆναι,

2211 3201 2300 3254 καὶ
2357 3201 2434 3273 μὴ
2489 3198 2744 3256 δύνασθαι
2819 3202 2960 3276 αὐτῇ
3035 3203 3393 3276 προσεγγίσαι
3447 3201 3570 3258 τινὰ
3627 3199 3716 3257 διὰ
3763 3203 3870 3271 τήν

2213 3285 2535 3363 δυσοσμίαν.
2621 3290 2724 3346 Καὶ
2806 3290 2980 3353 οὕτως
3061 3293 3451 3366 πειραζομένη,
3529 3288 3876 3364 ὀγδοήκοντα

2211 3377 2345 3432 ἱτῶν
2393 3377 2735 3454 ὑπάρχουσα,
2787 3379 2888 3446 τὴν
2944 3378 3100 3454 ἁγίαν
3159 3380 3328 3449 αὐτῆς
3367 3381 3552 3456 ψυχὴν
3585 3377 3876 3454 παρέδωκε

2209 3469 2289 3538 τῷ
2318 3470 2456 3539 Θεῷ.

2753 3557 2939 3614 MHNI
2978 3559 3071 3636 Τῼ
3109 3562 3306 3637 urg.

2458 3727 2666 3799 Μνήμη
2698 3729 2794 3780 τοῦ
2839 3726 2991 3802 ἁγίου
3031 3728 3315 3804 προφήτου
3345 3727 3611 3804 Μιχαίου.

2281 3815 2526 3890 Μιχαίας
2577 3816 2605 3869 ὁ
2662 3817 2953 3892 προφήτης
3008 3814 3222 3891 ἐγένετο
3280 3817 3340 3871 ἐκ
3392 3824 3492 3884 τῆς
3542 3818 3728 3893 χώρας
3757 3823 3877 3875 τῶν

2211 3901 2490 3960 Ἰουδαίων
2551 3903 2611 3958 ἐκ
2664 3906 2766 3967 τῆς
2825 3903 3003 3980 ιρυλῆς
3062 3903 3320 3981 Ἐφραίμ.
3382 3904 3661 3981 Ἐλέγχων
3688 3903 3746 3962 δέ
3774 3909 3878 3964 τὸν

2217 3993 2443 4068 βασιλέα
2501 3987 2732 4066 Ἀχαὰδ,
2791 3989 2879 4046 διὰ
2933 3992 3028 4056 τὰς
3085 3991 3314 4062 ἀδικίας,
3370 3994 3459 4048 καὶ
3499 3995 3594 4057 τὰς
3625 3997 3874 4069 παρανό-

2217 4102 2351 4154 μους
2411 4079 2574 4134 αὐτοῦ
2631 4079 2872 4152 πράξεις,
2931 4079 3094 4135 ἐκίνει
3145 4081 3304 4136 αὐτον
3339 4081 3415 4144 είς
3447 4081 3618 4158 ὀργὴν
3648 4085 3738 4138 καὶ
3771 4095 3878 4148 θυ-

2217 4169 2341 4242 μόν.
2395 4171 2589 4242 ’Όμως
2643 4169 2671 4224 ὁ
2732 4167 2986 4244 βασιλεὺς
3046 4167 3134 4224 διὰ
3187 4172 3284 4240 τήν
3347 4172 3542 4244 ἀρετήν
3596 4177 3692 4227 τοῦ
3732 4193 3880 4249 προ-

2213 4261 2410 4336 φήτου,
2471 4260 2570 4314 οὐκ
2629 4258 2906 4336 ἐιρόνευσεν
2967 4259 3149 4319 αὐτόν.
3207 4260 3382 4318 Ἀλλὰ
3439 4265 3715 4337 συνετήρει
3773 4285 3881 4341 φο-

2214 4343 2482 4421 ϐούμενος
2540 4348 2604 4403 τὸ
2651 4354 2846 4422 κρῖμα,
2901 4349 2990 4403 καὶ
3051 4345 3262 4405 ἐσέϐετο
3321 4350 3477 4405 αὐτὸν
3539 4353 3614 4416 ὠς
3664 4351 3883 4422 ἅνθρω-

2214 4458 2314 4492 πον
2369 4441 2466 4491 τοῦ
2521 4441 2677 4492 Θεοῦ.
2737 4440 2866 4492 Ὅτε
2923 4435 2980 4492 δὶ
3032 4437 3190 4499 αὐτὸς
3253 4440 3349 4510 μὲν
3406 4438 3745 4511 ἐτελεύτησε,
3773 4449 3883 4512 τῆς

2218 4522 2274 4581 δὲ
2311 4524 2587 4601 βασιλείας
2639 4523 2902 4598 ἐκράτησε
2957 4526 3167 4599 Ἰωράμ
3221 4527 3248 4581 ὁ
3307 4528 3424 4589 υἱὸς
3485 4528 3673 4598 αὐτοῦ,
3713 4529 3887 4604 ἀρξά-

461 4627 723 4683 Michaam
757 4639 908 4696 aegre
947 4623 1166 4685 ferens,
1225 4619 1424 4673 furore
1482 4620 1765 4689 percitus,
1825 4617 2100 4689 pra-cepit

2221 4634 2380 4688 μενος
2440 4619 2615 4668 ποιεῖν
2677 4614 2967 4685 παράνομα
3030 4612 3237 4676 πολλὰ,
3297 4615 3552 4692 ἠλέγχθη
3606 4617 3751 4688 παρὰ
3777 4622 3883 4672 τοῦ

457 4713 789 4777 lictoribus,
841 4717 907 4765 ut
964 4710 1262 4765 sublatum
1295 4723 1430 4762 eum
1479 4706 1550 4761 de
1608 4713 1905 4778 prmrupta
1961 4720 2108 4776 rupe

461 4802 829 4878 praecipitem
851 4800 1196 4871 dejicerent.
1218 4799 1340 4862 Quo
1373 4797 1547 4862 facto,
1574 4795 1944 4852 admirabilis
1975 4811 2110 4866 pro-

463 4894 644 4967 pheta
677 4892 858 4946 ﬁnem
910 4889 1222 4960 praesentis
1273 4887 1407 4940 vita)
1457 4885 1778 4956 accipiens,
1837 4883 2109 4954 spiritum

463 4984 584 5039 Deo
612 4979 872 5035 tradidit.
902 4977 1040 5048 Ejus
1070 4975 1355 5045 reliquias
1372 4973 1689 5045 propinqui
1711 4972 2111 5037 obvolventes,

466 5073 529 5129 in
560 5077 718 5126 terra
747 5069 936 5140 ipsius
968 5065 1351 5138 sepelierunt,
1398 5064 1717 5134 separatim
1772 5063 2012 5135 quidem
2039 5061 2111 5117 ab

465 5160 618 5227 aliis,
653 5156 758 5212 sed
781 5157 955 5228 juxta
983 5167 1297 5208 commune
1331 5150 1697 5221 sepulcrum.

2216 4704 2501 4780 προφήτου
2561 4701 2651 4756 καὶ
2709 4702 2893 4763 αὐτός·
2955 4704 3042 4757 καὶ
3104 4701 3180 4767 ὠς
3234 4705 3378 4768 νέος.
3447 4707 3523 4778 μὴ
3582 4704 3883 4779 ὑπομείνας

2215 4792 2308 4847 τὸν
2358 4797 2455 4846 τοῦ
2505 4793 2788 4868 προφήτου
2827 4788 3082 4866 ἔλεγχον,
3131 4792 3208 4854 εἱς
3249 4792 3415 4868 ὀργὴν
3466 4794 3738 4872 ἀφόρητον
3763 4793 3881 4849 ἐκι-

2219 4882 2384 4952 νήθη.
2418 4882 2518 4937 Καὶ
2565 4879 2883 4955 προσέταξεν
2934 4879 3132 4944 εὐθέως
3189 4886 3304 4944 τοῖς
3363 4879 3588 4955 δημίοις
3621 4884 3742 4958 ἆραι
3775 4883 3881 4939 αό-

2218 4971 2309 5025 τὸν
2356 4971 2445 5025 καὶ
2491 4969 2642 5044 ῥῖψαι
2685 4969 2820 5024 κατὰ
2865 4973 2962 5025 τοῦ
3005 4974 3276 5045 κρημνοῦ.
3330 4972 3433 5030 Καὶ
3481 4972 3678 5028 τούτου
3719 4994 3884 5048 γενο-

2227 5056 2412 5131 μένου,
2464 5059 2525 5114 τὸ
2577 5057 2736 5119 τέλος
2789 5064 2891 5128 τῆς
2947 5057 3227 5128 παρούσης
3288 5065 3433 5130 ζωῆς
3493 5063 3520 5116 ὁ
3570 5063 3888 5136 θαυμαστὸς

2224 5149 2514 5224 προφήτης
2580 5144 2816 5217 ἐδέξατο,
2875 5143 3149 5221 παραδοὺς
3206 5148 3269 5203 τὸ
3323 5153 3533 5222 πνεῦμα
3583 5150 3749 5205 αὑτοῦ
3799 5157 3889 5226 τῷ

466 5250 606 5318 Θεῷ.
630 5245 708 5302 Τὸ
739 5239 798 5297 δὲ
823 5241 1074 5312 λείψανον
1135 5237 1298 5292 αὐτοῦ
1357 5235 1790 5307 περιστείλαντες
1847 5237 1900 5290 οἱ
1952 5239 2224 5310 συγγενεῖς
2285 5236 2471 5304 αὐτοῦ,
2521 5233 2720 5309 ἔθαψαν
2772 5234 2824 5290 ἐν
2869 5238 2939 5309 τῇ
2968 5239 3040 5310 γῇ
3073 5235 3238 5292 αὐτοῦ
3274 5237 3464 5310 μόνον,
3498 5237 3757 5314 σύνεγγυς
3784 5245 3894 5296 τοῦ

469 5337 652 5392 κοινοῦ
680 5331 876 5406 τάφου.

1024 5426 1268 5484 EODEM
1300 5425 1530 5480 MENSE
1543 5465 1556 5482 .

1148 5515 1251 5570 Die
1281 5517 1446 5568 sexta

638 5611 739 5668 86
772 5611 1080 5679 Baptismus
1111 5604 1330 5659 Domini
1357 5603 1533 5656 nostri
1561 5603 1687 5656 Iesu
1721 5599 1944 5655 Christi.

543 5703 689 5758 Cum
738 5697 1024 5756 Dominus
1070 5711 1137 5749 ac
1193 5694 1344 5748 Deus
1396 5695 1600 5747 noster
1645 5689 1824 5747 vellet
1879 5705 2116 5747 omnem

2776 5425 2958 5482 MHNI
2995 5427 3084 5583 1&9
3122 5425 3329 5505 ΛΥΤῼ-

2330 5601 2392 5658 ⁸11
2426 5605 2684 5662 Βάπτισις
2712 5598 2809 5655 τοῖ’)
2858 5598 3058 5676 Κυρίου
3100 5601 3264 5672 ἡμῶν
3298 5603 3480 5672 Ἰησοῦ
3507 5602 3776 5678 Χριστοῦ.

2299 5687 2645 5761 Βουλόμενος
2693 5691 2722 5744 6
2779 5688 2976 5762 Κύριος
3033 5691 3196 5761 ἡμῶν
3253 5689 3343 5746 καὶ
3403 5689 3534 5748 Θεὸς
3581 5689 3892 5768 πληρῶσαι
