4112 6308
201 403 270 462 ’Β
1733 409 1910 472 JANI

2022 408 2209 467 RIUF.

201 538 316 589 sius
374 531 736 598 δικαιτόντ-,ν
788 585 808 611 ,
919 545 1028 598 καὶ

202 622 641 696 ἒθὶμανκαῖτοῦς
674 627 971 701 τῦπους,
1039 633 1130 689 ἶνα
1188 637 1350 707 μήτις
1409 634 1462 704 ἐξ
1519 634 1699 688 αὐτῶν
1757 629 1915 704 λέγῃ,

209 713 537 778 δτιέντὶθεᾶς
573 714 735 786 ἔστι,
777 721 890 775 καὶ
924 727 1040 777 τοῦ
1088 724 1388 800 γραφέντος
1447 723 1589 796 παρᾶ
1616 724 1712 776 τοῦ
1741 739 1917 791 νομο-

214 807 334 861 θέτου
359 805 644 868 hicinst»:
706 809 792 862 τὰ
867 809 1102 867 ἐναντία
1158 817 1361 888 φρονεῖ,
1423 809 1554 866 ἱόὼν
1610 809 1738 871 τοὺς
1769 810 1914 866 Ἰου-

225 894 375 956 δαίους
429 893 813 970 ἐρχομένους
884 902 1037 975 πρὸς
1100 904 1352 970 Ἰωάννην
1412 900 1503 954 τὸν
1561 898 1914 964 Βαπτιστήν,

228 987 783 1062 ιαῖβαπτιζομενους
844 990 930 1052 εἷς
992 991 1086 1044 τὸν
1123 989 1400 1063 Ἰορδάνην
1443 991 1709 1061 ποταμὸν,
1746 1007 1917 1061 προσ-

239 1076 548 1153 ὶριεταικαὶ
608 1077 795 1140 αὐτὸς
862 1085 948 1151 τῷ
1009 1080 1253 1154 Ἰωάννῃ,
1317 1079 1512 1154 λέγων’
1575 1076 1755 1146 Ἐλθὲ²
1818 1074 1917 1151 gi‘

243 1169 402 1224 πτισόν
465 1187 557 1239 με,
609 1167 760 1243 οὐχὶ
823 1168 905 1231 ὦς
969 1166 1226 1241 δεόμενον
1285 1170 1616 1243 καθάρσεως,
1669 1163 1796 1221 ἀλλ’
1839 1165 1913 1226 ὡς

247 1264 447 1330 καθᾶραι
501 1253 760 1311 θὲλοντα
821 1262 926 1311 τοῦ
983 1256 1195 1330 κόσμου
1245 1259 1343 1325 τήν
1403 1255 1694 1329 ἁμαρτίαν.
1750 1255 1811 1310 Ὁ
1854 1251 1912 1308 δὲ

247 1346 482 1414 Ἰωάννης
545 1346 864 1419 γινώσκων
930 1346 1111 1415 αὐτὸν,
1172 1345 1246 1408 ὠς
1303 1347 1616 1420 προφήτης,
1672 1341 1762 1398 διά
1817 1346 1915 1397 τοῦ

247 1436 386 1509 ἁγίου
413 1434 784 1506 Πνεύματος,
818 1434 903 1490 ὅτι
938 1434 1062 1498 Υἱός
1091 1433 1201 1492 ἐστι
1238 1439 1336 1490 τοῦ
1366 1438 1523 1500 Θεοῦ,
1574 1433 1674 1487 οὐκ
1709 1430 1916 1505 ἐτόλμα

252 1524 491 1600 βαπτίσαι
523 1523 724 1581 αὐτὸν.
756 1525 896 1582 Ὅτε
942 1522 1000 1578 δὲ
1057 1521 1193 1579 εἶδεν
1252 1524 1414 1580 αὐτὸν
1473 1521 1915 1598 ἶσχυριζὸμενον,

253 1614 329 1670 καὶ
384 1615 818 1690 προστάσσοντα
872 1614 1038 1686 αὐτῷ,
1096 1608 1351 1668 ἐϐύπτισε
1405 1614 1540 1685 μετᾶ
1598 1606 1772 1690 φόϐου
1823 1611 1916 1666 καὶ

257 1705 460 1779 τρόμου
489 1747 506 1760 .
564 1703 679 1761 Καὶ
730 1703 936 1765 εὗθὲως
988 1703 1342 1778 ἀνεῴχθησαν
1402 1703 1454 1758 οἱ
1513 1700 1765 1777 οὐρανοίο
1825 1698 1914 1755 καὶ

257 1794 381 1864 ἦλθε
401 1797 570 1874 φωνὴ
615 1794 682 1852 ἐκ
736 1799 848 1850 τῶν
906 1795 1146 1870 οὐρανῶν
1197 1792 1444 1871 λέγουσα·
1507 1793 1680 1855 Οὗτός
1710 1792 1852 1848 ἐστιν
1888 1792 1916 1846 6

255 1887 366 1950 Υἱός
399 1907 536 1959 μου,
564 1887 594 1940 ὁ
626 1885 936 1960 ἀγαπητὸς,
966 1883 1021 1938 ἐν
1051 1885 1098 1957 ᾧ
1128 1881 1417 1952 εὐδόκησα.

825 2003 1001 2055 MHNI
1040 2000 1130 2077 T9
1169 2003 1362 2077 ΑΠο.

244 2239 298 2294 Ἦ
346 2238 578 2308 σῦναξις
635 2241 737 2292 τοῦ
797 2235 983 2306 Ἀγίου
1039 2231 1407 2310 καί-ἐνδόξου
1465 2234 1774 2310 προφήτου,
1824 2232 1915 2286 καὶ

782 2309 1086 2361 Βαπτιστοῦ
1125 2306 1396 2362 Ἰωάννου.

317 2425 498 2486 Οὗτος
531 2426 564 2480 ὃ
613 2424 774 2498 ἅγιος
836 2419 1093 2490 Ἰωάννης
1125 2423 1152 2475 ὁ
1187 2419 1509 2497 [πρόδρομος
1567 2423 1657 2476 καὶ
1717 2427 1912 2476 Βαπτι-

253 2515 379 2582 στῆς
427 2517 536 2567 τοῦ
597 2513 862 2586 Χριστοῦ,
933 2509 1100 2584 μὲγας
1154 2509 1358 2584 ἐγένετο
1417 2509 1469 2565 ἐν
1524 2515 1639 2574 τοῖς
1697 2511 1912 2588 προφή-

250 2623 392 2668 ταις,
427 2603 506 2663 ὡς
538 2601 632 2656 καὶ
693 2599 853 2654 αὐτὸν
890 2600 981 2653 τὸν
1013 2601 1243 2671 Χριστὸν
1301 2599 1495 2667 εἰπεῖν,
1555 2601 1638 2655 ὅτι
1697 2599 1912 2669 Μείζων

255 2693 514 2748 Ἰωάννου
602 2693 704 2744 τοῦ
785 2691 1093 2744 Βαπτιστοῦ
1179 2688 1230 2743 ἐν
1306 2694 1591 2764 γεννητοῖς
1644 2693 1910 2763 γυναικῶν

259 2780 361 2835 οὐκ
389 2781 702 2852 ἒγήγερται.
766 2777 979 2846 Μείζων
1037 2775 1093 2832 δὲ
1136 2776 1343 2849 ἐκλήθη
1404 2780 1636 2846 πάντων,
1692 2775 1832 2833 διότι
1860 2779 1914 2833 οἳ

274 2867 368 2937 μὲν
401 2865 559 2920 ἄλλοι
586 2872 870 2942 προφῆται
910 2867 1279 2942 προεφήτευον
1317 2865 1412 2937 μὶν
1437 2865 1559 2938 περὶ
1589 2869 1686 2920 τοῦ
1737 2867 1911 2922 Χοισ-

271 2959 386 3019 τοῦ,
419 2954 511 3009 οὐκ
537 2952 680 3010 εἶδον
715 2951 772 3009 δὲ
829 2953 1010 3008 αὐτόν·
1072 2953 1232 3018 αὐτὸς
1262 2951 1320 3008 δὲ
1367 2956 1624 3023 Ἰωάννης
1655 2954 1743 3009 καὶ
1775 2952 1910 3010 εἶδεν

265 3043 470 3113 αὐτὸν,
529 3045 617 3097 καὶ
679 3045 1057 3120 προεφήτευσε
1115 3043 1238 3115 περὶ
1299 3042 1494 3112 αὐτοῦ,
1553 3043 1718 3098 εἰπὼν
1778 3043 1915 3116 πρὸς

256 3132 380 3194 τοὺς
439 3130 738 3193 Ἰουδαίους
774 3152 790 3162 ·
847 3128 953 3186 Ίδὲ
1010 3131 1037 3184 6
1085 3130 1258 3203 ἀμνός
1313 3135 1409 3186 τοῦ
1475 3135 1610 3186 Θεοῦ
1659 3133 1686 3186 6
1744 3129 1909 3204 α’ίρων

257 3224 349 3290 τὴν
411 3221 686 3293 ἁμαρτίαν
762 3224 862 3274 τοῦ
908 3221 1170 3292 κόσμου.
1226 3221 1283 3274 Ὀ
1344 3220 1439 3292 μὲν
1498 3219 1600 3295 γάρ
1660 3219 1832 3294 ἀμνὸς
1881 3221 1909 3276 6

259 3307 597 3384 πραξόμενος
629 3310 733 3364 ὑπὸ
761 3313 870 3363 τῶν
932 3307 1228 3378 Ἰουδαίων,
1284 3308 1472 3384 ὀλίγου
1531 3307 1668 3364 λαοῦ
1697 3307 1911 3379 ἐξήλει-

261 3420 349 3475 εεν
377 3398 670 3472 ἁμαρτίαν·
735 3395 894 3459 οὗτος
952 3396 1010 3452 δὲ
1063 3396 1306 3475 σφαγεὶς,
1358 3401 1456 3452 τοῦ
1511 3398 1723 3470 κόσμου
1781 3396 1916 3453 ὅλου

263 3487 353 3555 τήν
387 3487 663 3562 άμαρτίαν
711 3485 987 3559 ἐξήλειψε.
1049 3487 1146 3541 Διὰ
1203 3490 1368 3540 ταῦτα
1417 3490 1632 3560 τιμῶσα
1687 3487 1779 3542 τὸν
1811 3490 1913 3546 Βα-

265 3577 488 3646 πτιστὴν
517 3578 556 3644 ἡ
589 3574 894 3645 Ἐκκλησία
924 3579 1020 3629 τοῦ
1064 3579 1221 3645 Θεοῦ,
1274 3575 1512 3632 ἐπιτελεῖ
1565 3577 1702 3632 κατὰ
1728 3579 1914 3652 καιρὸν

265 3664 450 3736 ἑορτήν
483 3706 502 3735 ,
557 3663 649 3718 καὶ
735 3661 994 3737 ὀνομάζει
1064 3663 1230 3734 αὐτήν
1292 3664 1539 3738 Σύναξινο
1599 3662 1737 3720 διότι
1793 3688 1916 3721 συν-

260 3754 435 3826 άγεται
466 3756 497 3810 ὁ
531 3754 670 3817 λαὸς
700 3753 754 3808 ἐν
809 3754 950 3826 αὐτῇ
1010 3751 1320 3830 δοξολογῶν
1376 3754 1469 3809 τὸν
1521 3755 1672 3823 Θεὸν,
1703 3755 1792 3810 καὶ
1821 3757 1914 3811 τὸν

259 3840 416 3898 αὖτοῦ
451 3840 810 3918 Πρόδρόμον.

826 3957 1008 4014 ΜΗΝΙ
1057 3963 1142 4014 ΤΩ
1170 3959 1350 4015 ΑΥΤΩ

1069 4075 1130 4129 Η,

250 4187 523 4258 ’Δθλησις
606 4191 716 4244 τῶν
805 4186 1043 4269 aliqu)“
1087 4187 1375 4269 μαρτύρων
1475 4188 1744 4269 Θεοφίλου
1822 4191 1912 4246 καὶ

815 4257 1111 4317 Ἐλλαδίου
1142 4257 1360 4316 λαϊκοῦ.

313 4375 480 4430 Οὗτοι
516 4375 578 4428 οἱ
619 4373 767 4450 ἅγιοι
816 4373 1082 4452 Θεόφιλος
1137 4377 1224 4430 καὶ
1285 4373 1594 4444 Ἐλλάδιος,
1666 4375 1911 4450 ἐγένοντο

250 4463 350 4518 ἀπὸ
405 4466 509 4531 τῆς
572 4464 764 4538 χώρας
818 4468 919 4528 τῆς
979 4458 1187 4535 Λιϐὂης
1225 4484 1237 4497 ·
1288 4465 1378 4519 καὶ
1411 4466 1439 4519 ὁ
1502 4465 1595 4536 μὶν
1647 4464 1910 4544 Θεόφιλος

248 4549 501 4614 διάκονος
547 4552 640 4620 ἦν,
687 4553 715 4606 ὁ
775 4550 832 4607 δὲ
889 4551 1182 4614 Ἐλλάδιος
1242 4551 1452 4615 λαϊκός·
1512 4555 1602 4609 καὶ
1659 4555 1754 4610 τὸν
1808 4556 1901 4628 μὲν

1948 1907 1996 1972 Β

3559 414 3678 473 246

1093 549 1267 600 πάντα
1340 546 1409 600 τὰ
1469 548 1580 600 τῶν
1637 538 1910 601 Ἰουδαίων

2024 541 2340 612 justitiam,
2375 559 2701 615 omnesque
2723 545 3057 600 Judaaorum
3088 545 3551 601 consuetudines
3583 553 3672 602 at-

2026 647 2140 701 que
2173 632 2389 704 ﬁguras
2421 633 2691 704 implere,
2724 650 2798 688 ne
2831 635 2963 704 quis
2995 650 3201 688 eorum
3233 634 3457 688 diceret
3501 635 3672 690 illum

2024 720 2140 773 Deo
2174 723 2538 776 contrarium
2587 739 2739 785 esse,
2801 728 2901 776 aut
2956 723 3206 794 legibus,
3241 739 3386 792 quas
3445 724 3670 793 Moyses

2023 807 2258 871 tulerat,
2312 809 2665 864 dissentire:
2721 827 2977 879 cumque
3037 810 3280 863 vidisset
3332 809 3566 864 Judmos
3597 810 3670 865 ad

2022 896 2311 950 Joannem
2369 899 2689 968 Baptistam
2739 899 3039 964 accedere,
3073 906 3249 969 atque
3306 899 3366 952 in
3418 899 3670 954 Jordane

2023 983 2198 1038 ﬂuvio
2222 985 2293 1039 ab
2318 1003 2386 1040 eo
2405 987 2683 1057 baptizari
2713 1005 2724 1054 ;
2753 988 2997 1042 accessit
3021 996 3078 1041 et
3109 989 3232 1058 ipse
3255 988 3328 1043 ad
3357 989 3668 1055 Joannem,

2023 1071 2434 1128 dicenszVeni
2503 1075 2732 1144 baptiza
2765 1091 2892 1129 me:
2951 1091 3069 1129 non
3103 1074 3259 1145 quod
3319 1075 3670 1129 lustratione

2022 1161 2146 1217 ulla
2176 1162 2485 1236 indigeret,
2531 1164 2634 1219 sed
2668 1169 2732 1217 ut
2765 1163 2968 1218 mundi
3026 1171 3332 1235 peccatum
3380 1163 3668 1218 ablueret.

2019 1252 2276 1307 Joannes
2309 1269 2446 1306 vero
2479 1253 2580 1324 qui
2612 1253 2808 1307 divino
2839 1254 3076 1308 afflatus
3107 1253 3537 1324 Spirituipsum
3565 1269 3671 1307 no-

2021 1347 2182 1396 verat
2212 1342 2424 1396 Filium
2463 1343 2558 1396 Uei
2583 1359 2734 1409 esse,
2758 1359 2878 1397 non
2911 1343 3321 1397 audebateum
3355 1341 3670 1412 baptizare.

2023 1431 2239 1486 Verum
2271 1433 2341 1486 ab
2387 1432 2597 1487 eodem
2655 1433 3044 1500 confortatus,
3103 1435 3354 1504 ejusque
3416 1434 3670 1503 imperio

2023 1519 2381 1591 obsequens,
2413 1537 2547 1576 cum
2573 1522 2784 1576 timore
2813 1537 2882 1578 ac
2922 1527 3178 1577 tremore
3227 1538 3364 1576 eum
3411 1521 3670 1592 baptiza-

2021 1609 2144 1663 vit:
2178 1614 2236 1664 et
2264 1611 2463 1664 statim
2501 1611 2690 1682 aperti
2750 1616 2890 1666 sunt
2944 1611 3095 1677 caeli,
3156 1616 3216 1666 et
3271 1628 3378 1666 vox
3407 1610 3480 1666 de
3509 1611 3672 1666 caelis

2023 1697 2353 1767 descendit,
2388 1698 2630 1755 dicens:
2665 1700 2768 1755 Hic
2810 1705 2900 1755 est
2956 1700 3137 1756 Filius
3194 1717 3363 1757 meus
3395 1701 3669 1765 dilectus,

2023 1789 2083 1844 in
2116 1805 2232 1859 quo
2256 1789 2402 1844 mihi
2435 1789 2584 1846 bene
2608 1790 2959 1861 complacui.

2575 1995 2820 2052 EODEM
2852 1995 3103 2052 MENSE.

2653 2111 2756 2166 Die
2787 2112 3042 2182 septima

2022 2228 2120 2285 87
2179 2229 2420 2298 Synamis
2483 2225 2663 2284 sancti
2714 2234 2767 2282 et
2823 2227 3056 2296 gloriosi
3102 2229 3388 2299 praphetas
3437 2229 3669 2282 Joannis

2705 2301 2987 2369 Baptistae.

2095 2420 2205 2474 lste
2235 2425 2476 2474 sanctus
2505 2419 2761 2473 Joannes
2792 2433 3142 2488 przecursor,
3177 2421 3235 2471 et
3274 2416 3488 2470 Christi
3521 2417 3666 2486 Bap-

2024 2509 2180 2568 tista.
2212 2509 2638 2580 prophetarum
2680 2507 2975 2562 maximus
3005 2506 3136 2570 fuit,
3190 2505 3338 2561 adeo
3369 2509 3434 2559 ut
3463 2503 3534 2560 de
3565 2503 3668 2559 illo

2020 2598 2286 2652 Christus
2305 2596 2553 2652 dixerit:
2585 2598 2736 2651 Inter
2772 2601 2929 2651 natos
2949 2595 3241 2650 mulierum
3284 2610 3395 2648 non
3424 2595 3668 2648 surrexit

2019 2688 2203 2756 major
2229 2688 2444 2740 Joanne
2491 2687 2762 2755 Baptista.
2797 2685 3081 2739 Maximus
3139 2686 3338 2737 autem
3396 2681 3665 2736 omnium

2021 2774 2354 2846 appellatus
2383 2774 2516 2839 fuit,
2557 2773 2714 2843 quod
2749 2773 2947 2827 caeteri
2977 2771 3279 2843 prophetae
3309 2770 3381 2825 de
3434 2770 3664 2824 Christo

2021 2863 2263 2935 quidem
2321 2863 2770 2934 prophetarunt,
2819 2861 2923 2916 sed
2985 2877 3118 2914 eum
3174 2875 3295 2913 non
3352 2858 3662 2913 viderunt:

2021 2958 2082 3008 at
2134 2953 2391 3007 Joannes
2441 2956 2500 3004 et
2553 2949 2744 3016 vidit,
2803 2955 2862 3004 et
2911 2947 3284 3019 prophetavit
3338 2946 3542 3000 dicens
3594 2945 3665 3000 de

2022 3059 2090 3098 eo
2121 3041 2195 3096 ad
2223 3041 2493 3096 Judaaos:
2557 3041 2688 3094 Ecce
2737 3041 2929 3106 Agnus
2982 3039 3096 3103 Dei,
3128 3038 3228 3106 qui
3285 3035 3428 3090 tollit
3469 3050 3663 3104 pecca-

2021 3138 2134 3186 tum
2163 3130 2376 3184 muazdi.
2414 3129 2646 3184 Etenim
2677 3144 2863 3200 agnus
2893 3127 3016 3190 ille,
3049 3141 3225 3197 quem
3247 3123 3430 3180 Judmi
3456 3125 3669 3178 immo-

2025 3219 2252 3286 labant,
2279 3218 2471 3292 exigui
2497 3217 2699 3289 populi
2720 3221 3028 3288 peccatum
3060 3214 3325 3280 eluebat;
3349 3213 3446 3268 hic
3471 3218 3668 3268 autem

2026 3308 2390 3374 immolatus,
2414 3307 2596 3362 totius
2623 3304 2828 3360 mundi
2853 3309 3157 3376 peccatum
3189 3303 3422 3358 delevit.
3456 3303 3669 3367 Quam-

2025 3398 2230 3454 obrem
2264 3397 2584 3467 Baptistam
2630 3395 2892 3450 Ecclesia
2921 3394 3023 3449 Dei
3064 3395 3386 3456 honorans,
3448 3391 3666 3447 festum

2025 3487 2182 3542 hunc
2215 3491 2274 3541 et
2302 3490 2589 3540 statutum
2627 3483 2783 3539 diem
2815 3483 3095 3548 celebrat,
3138 3498 3316 3552 quem
3365 3479 3664 3552 Synaxim,

2023 3577 2136 3632 hoc
2159 3575 2587 3630 estCollectam
2611 3573 2890 3644 appellat.
2913 3571 3068 3643 quod
3112 3570 3367 3642 populus
3424 3569 3485 3622 in
3539 3569 3668 3638 ipsa

2023 3665 2298 3723 convenit
2326 3663 2398 3718 ad
2429 3663 2636 3718 laudes
2658 3663 2774 3716 Deo
2799 3663 3045 3732 ejusque
3077 3658 3433 3714 Prmcursori
3465 3656 3665 3710 dicen-

2023 3756 2149 3811 das.

2582 3957 2822 4014 EODEM
2857 3955 3107 4010 MENSE.

2663 4072 2766 4128 Die
2806 4076 3027 4126 octava.

2019 4192 2120 4248 88
2171 4193 2456 4248 Certamen
2501 4196 2813 4246 sanctorum
2858 4193 3168 4257 martyrum
3226 4182 3505 4256 TheOphili
3543 4185 3667 4239 dia-

2481 4264 2626 4328 coni,
2675 4268 2726 4316 et
2761 4259 3010 4314 Helladii
3051 4259 3198 4313 laici.

2088 4382 2190 4435 lsti
2221 4379 2408 4435 sancti
2433 4377 2794 4450 TheOphilus
2842 4381 2902 4431 et
2950 4374 3254 4430 Helladius
3306 4389 3376 4427 ex
3425 4372 3665 4442 regione

2019 4470 2211 4542 Libya:
2243 4471 2519 4524 fuerunt:
2553 4485 2621 4523 ac
2677 4465 3035 4537 Theophilus
3085 4463 3326 4534 quidem
3376 4460 3663 4514 diaconus

2017 4567 2180 4624 erat;
2227 4558 2529 4614 Helladius
2560 4574 2694 4612 vero
2727 4555 2934 4610 laicus.
2970 4554 3113 4606 Cum
3145 4555 3339 4605 autem
3364 4548 3661 4602 Christum

245 4641 486 4713 Χριστὸν
548 4640 950 4714 ὁμολογοῦντες
1006 4643 1133 4696 Θεὸν
1186 4641 1467 4713 ἀληθινὸν,
1527 4643 1615 4697 καὶ
1660 4646 1896 4714 ποιητήν

2022 4649 2201 4708 Deum
2233 4665 2456 4711 verum,
2490 4647 2877 4714 omniumque
2900 4658 3100 4696 rerum
3128 4638 3497 4696 conditorem
3527 4653 3660 4707 pro-

245 4735 348 4784 τῶν
380 4728 561 4797 ὅλων,
591 4730 658 4783 τά
697 4727 755 4784 δὲ
784 4727 987 4785 εἴδωλα
1042 4725 1374 4804 ὑϐρίζοντες,
1423 4731 1512 4786 καὶ
1542 4733 1671 4797 τοὺς
1697 4739 1904 4806 τιμῶν-

245 4837 335 4879 τας
393 4817 539 4873 αὐτᾶ
588 4817 679 4872 καὶ
745 4823 1178 4892 προσκυνοῦντας
1209 4863 1223 4887 ,
1305 4818 1674 4894 ἐκρατήθησαν
1761 4825 1905 4900 παρὰ

245 4911 340 4961 τοῦ
371 4905 708 4973 ἀνθυπάτου,
737 4906 829 4962 καὶ
889 4907 1213 4985 ἐτύφθησαν,
1274 4910 1366 4964 καὶ
1422 4909 1711 4981 ἐξέσθησαν
1743 4912 1903 4988 ῒσχυ-

247 4998 372 5068 ρῶς.
396 4998 505 5053 Καὶ
542 4992 780 5057 δεθέντες
816 5001 1009 5071 χοῖρας
1042 4995 1131 5050 καὶ
1186 4994 1377 5068 πόδας,
1434 4999 1767 5070 κατεκάησαν
1805 5003 1902 5064 τὰς

248 5081 383 5154 ψῦας
447 5083 555 5138 ὑπὸ
598 5084 790 5158 πυρὸς,
852 5083 941 5138 καὶ
1005 5085 1139 5158 μετὰ
1221 5085 1496 5161 ὀστράκων
1571 5087 1733 5159 ὀξέων
1783 5111 1906 5145 κατ-

250 5173 637 5241 εκεντήθησαν·
671 5172 763 5226 καὶ
794 5170 969 5234 ἄλλας
1006 5172 1278 5245 τιμωρίας
1343 5173 1556 5238 πολλάς
1616 5179 1902 5249 ὑπέμειναν

252 5259 568 5332 βιαζόμενοι
618 5261 757 5315 κατά
814 5261 943 5332 μίαν
1010 5261 1238 5335 βάσανον
1287 5262 1618 5336 ἀρνήσασθαι
1648 5268 1740 5321 τὸν
1773 5268 1903 5342 Χρι-

251 5350 370 5403 στὸν
404 5349 496 5404 καὶ
533 5351 689 5404 θῦσαι
745 5354 866 5411 τοῖς
922 5349 1248 5423 ἀκαθάρτοις
1306 5348 1582 5424 δαίμοσιν.
1616 5354 1792 5411 Ἀλλὰ
1824 5359 1899 5430 μὴ

248 5440 546 5503 πεισθέντες
605 5438 775 5514 μέχρι
837 5439 925 5493 καὶ
987 5437 1256 5511 ὀνόματος
1311 5447 1650 5513 κατανεῦσαι,
1710 5445 1786 5506 εἰς
1839 5449 1902 5502 τὸ

249 5530 586 5601 χωρισθῆναι
644 5535 747 5598 τῆς
824 5525 1041 5600 ἀγάπης
1119 5532 1216 5582 τοῦ
1271 5535 1524 5603 Χριστοῦ·
1587 5535 1901 5608 συρόμενοι,

249 5610 526 5688 δερόμενοι
560 5662 577 5691 ,
639 5616 1163 5686 καταπατούμενοι,
1218 5619 1351 5690 μετά
1400 5618 1571 5676 λίθων
1625 5623 1902 5700 συντριϐό-

256 5723 400 5774 μινοι
430 5709 605 5764 πάντα
633 5709 702 5762 τὰ
735 5706 892 5774 ὀστᾶ,
928 5701 1244 5777 παρέδωκαν
1284 5709 1377 5771 τὰς
1409 5711 1616 5787 ψυχάς.

2014 4745 2324 4800 ﬁterentur
2350 4755 2364 4802 ;
2396 4736 2555 4790 idola
2585 4749 2740 4797 vero,
2775 4738 2832 4785 et
2862 4747 2982 4790 eos,
3008 4729 3108 4799 qui
3141 4728 3245 4782 illa
3273 4727 3656 4790 honorarent,

2013 4838 2190 4902 atque
2221 4828 2555 4891 adorarent,
2588 4823 3058 4884 contemnerent,
3092 4822 3151 4872 et
3179 4813 3541 4871 contumelia
3570 4812 3656 4868 af-

2015 4922 2299 4982 ﬁcerent;
2334 4909 2748 4983 comprehensi
2798 4923 2834 4963 a
2890 4905 3267 4978 proconsule,
3315 4903 3660 4978 gravissime

2014 5007 2342 5068 caeduntur,
2372 5008 2432 5057 et
2458 4997 2975 5056 excarniﬁcantur.
3015 4996 3160 5050 Tum
3197 4993 3472 5051 manibus
3494 4990 3661 5062 pedi-

2012 5097 2240 5166 busque
2264 5090 2480 5164 ligatis.
2515 5087 2702 5143 lumbi
2735 5101 2939 5140 eorum
2968 5084 3381 5148 amburuntur,
3415 5080 3662 5136 testula-

2011 5201 2266 5256 rumque
2291 5180 2514 5237 aculeis
2545 5176 2980 5250 perfodiuntur.
3015 5173 3162 5228 Aliis
3191 5173 3436 5243 insuper
3465 5169 3660 5241 pluri-

2011 5275 2123 5330 bus
2173 5269 2484 5327 tormentis
2535 5266 2969 5327 excruciantur,
3025 5269 3091 5316 ut
3146 5263 3230 5317 sic
3286 5260 3664 5333 adigerentur

2013 5362 2312 5417 Christum
2343 5359 2659 5429 abnegare,
2689 5360 2748 5408 et
2783 5351 3033 5423 impuris
3063 5349 3378 5406 daemoniis
3436 5346 3659 5402 sacriﬁ-

2013 5470 2164 5510 care.
2197 5453 2412 5506 Verum
2444 5463 2577 5502 cum
2612 5445 2698 5498 illi
2741 5460 2815 5498 ne
2845 5458 2987 5496 voce
3017 5439 3256 5511 quidem
3305 5439 3660 5498 annuerent,

2013 5561 2073 5599 se
2104 5543 2176 5598 ab
2212 5556 2414 5597 amore
2445 5535 2661 5593 Christi
2695 5532 2960 5604 separari
2991 5530 3160 5597 velle,
3195 5529 3429 5600 raptati,
3464 5527 3660 5581 detra‘

2013 5639 2106 5689 cta
2127 5633 2390 5704 corporis
2417 5629 2593 5702 pelle,
2627 5623 2879 5696 pedibus
2907 5621 3260 5686 conculcati,
3286 5619 3518 5674 ossibus
3542 5631 3663 5670 om-

2013 5723 2188 5778 nibus
2220 5739 2360 5778 saxo
2382 5715 2720 5778 contractis,
2753 5712 2983 5766 animas
3015 5708 3408 5764 tradiderunt.
