4114 6306
403 290 523 349 247

1085 539 1191 595 Die
1226 554 1388 594 nona

593 657 692 715 89
731 658 1019 716 Certamen
1066 658 1244 713 sancti
1287 658 1549 726 martyris
1587 655 1888 727 Potyeucti.

487 771 662 830 Decio
695 767 758 826 et
788 771 1104 826 Valeriano
1164 771 1626 843 imperatoribus
1685 771 1900 827 claruit
1957 771 2068 826 iste

419 869 659 920 sanctus
692 861 968 916 Melitinaa
1000 861 1062 915 in
1089 862 1370 917 Armenia
1421 868 1616 927 natus,
1650 867 1709 918 et
1768 863 1830 918 in
1861 861 2068 918 eadem

415 955 655 1026 regione
685 953 879 1007 miles.
913 952 1058 1006 Cum
1089 957 1286 1007 autem
1319 969 1471 1009 saeva
1485 953 1765 1008 adversus
1786 952 2069 1009 Christia-

417 1061 528 1100 nos
559 1045 891 1116 persecutio
923 1049 1084 1098 mota
1114 1049 1288 1109 esset,
1323 1043 1483 1113 iique
1514 1041 1575 1098 in
1604 1043 1731 1098 dies
1761 1042 2069 1097 caaderen-

418 1140 535 1198 tur,
568 1135 669 1206 qui
701 1134 763 1188 in
803 1134 1101 1189 Christum
1133 1149 1349 1205 negare
1408 1131 1860 1198 detrectabant;
1889 1148 1958 1186 ea
2007 1148 2072 1186 re

415 1231 719 1297 comperta
768 1229 1008 1280 sanctus
1066 1223 1443 1295 Polyeuctus,
1499 1221 1799 1277 Christum
1831 1219 2073 1292 quidem

414 1315 613 1386 palam
645 1319 704 1368 et
733 1311 970 1385 publice
1013 1312 1198 1366 Deum
1231 1311 1532 1381 professus
1582 1315 1710 1378 est;
1770 1309 2074 1364 idolorum

417 1407 615 1458 autem
648 1401 852 1458 fanum
894 1402 1219 1474 ingressus,
1253 1399 1454 1454 omnia
1493 1389 1654 1459 idola
1701 1398 2070 1455 comminuit.

415 1482 892 1564 Comprehensus
932 1507 1092 1562 ergo,
1153 1488 1416 1562 prasfecti
1462 1489 1638 1560 jussu
1694 1487 2072 1546 cmdebatur:

423 1567 680 1653 cumque
703 1581 1017 1654 praefectus
1049 1596 1218 1635 socer
1247 1579 1377 1650 ejus
1408 1581 1584 1648 esset,
1613 1595 1749 1634 eum
1797 1576 2074 1634 hortaba-

422 1676 539 1737 tur,
575 1677 641 1726 ut
670 1670 902 1726 Christo
935 1669 1227 1740 abjurato,
1261 1668 1436 1724 saluti
1466 1685 1587 1722 sum
1617 1665 1977 1724 consuleret.
2015 1669 2078 1721 At

1737 285 2175 349 MENOLOGII
2219 289 2421 351 PARS
2466 289 2544 351 II.

961 420 1202 477 EODEM
1233 421 1490 478 MENSE.
2093 423 2148 488 Α

3709 296 3828 358 248

2731 424 2913 489 ΜΗΝΙ
2941 428 3025 480 ΤΩ
3057 425 3262 482 ΑΥΤΩ.

2981 546 3034 597 θ,

2350 652 2626 727 Ἀθλησις
2655 660 2752 712 τοῦ
2779 659 2937 732 ἀγίου
2969 659 3244 736 μάρτυρος
3279 659 3650 718 Πολυεύκτου.

2246 773 2367 828 Ἐπὶ
2400 779 2501 843 τῆς
2531 771 2808 848 βασιλείας
2847 775 3034 832 Δεκίου
3089 778 3180 832 καὶ
3241 777 3616 854 Οὗαλεριανοῠ
3651 781 3833 860 ὑπῆρ-

2175 879 2270 937 χεν
2331 863 2487 924 οὗτος
2531 863 2769 939 ὁᾶγιος,
2826 865 2930 920 ἀπὸ
2988 864 3288 937 Μελιτινῆς
3343 875 3446 940 τῆς
3505 870 3822 946 Ἀρμενίας,

2176 952 2600 1037 στρατευόμενος
2653 957 2871 1029 πρῶτον
2926 955 2978 1010 έν
3029 959 3097 1030 τῇ
3153 955 3380 1033 τοιαύτῃ
3439 960 3618 1035 χώρᾳ.
3672 960 3833 1037 Ἐγέ-

2175 1059 2296 1093 νετο
2351 1036 2410 1094 δέ
2461 1037 2704 1115 διωγμὸς
2752 1047 2860 1098 τῶν
2921 1049 3258 1118 Χριστιανῶν
3322 1047 3506 1121 μέγας,
3559 1049 3649 1102 καὶ
3711 1036 3836 1104 καθ’

2177 1128 2387 1204 ἡμέραν
2439 1129 2737 1202 ἐσφάζοντο
2795 1134 2847 1187 οἱ
2904 1134 2995 1188 τὸν
3052 1135 3284 1210 Χριστὸν
3347 1137 3423 1208 μὴ
3482 1135 3835 1212 ἀρνούμενοι.

2179 1219 2375 1283 Μαθὼν
2438 1215 2495 1274 δε
2550 1225 2712 1275 τοῦτο
2742 1222 2770 1275 6
2803 1223 2956 1297 ἅγιος
3007 1221 3372 1296 Πολύευκτος,
3428 1226 3524 1281 τὸν
3560 1227 3655 1299 μὲν
3687 1231 3834 1302 Χρι-

2180 1308 2305 1362 στὸν
2351 1307 2426 1369 εἷς
2479 1309 2543 1364 τὸ
2600 1312 2826 1386 φανερὸν
2888 1313 3018 1366 Θεὸν
3074 1309 3458 1386 ὡμολόγησιν,
3491 1314 3567 1378 εἰς
3626 1313 3684 1371 δὲ
3733 1317 3827 1374 τὸν

2177 1397 2298 1451 ναὸν
2343 1397 2451 1451 τῶν
2510 1395 2758 1454 εἷδώλων
2818 1400 3100 1470 εἰσελθὼν,
3133 1404 3306 1458 πάντα
3333 1405 3400 1458 τὰ
3447 1401 3650 1460 εἷ’δωλα
3708 1427 3841 1460 συν-

2180 1484 2392 1562 ἐτριψεν
2429 1529 2441 1543 .
2499 1487 2596 1542 Καὶ
2647 1489 2772 1542 τότε
2827 1491 3118 1564 κρατηθεὶς
3175 1492 3320 1566 παρᾶ
3401 1497 3499 1549 τοῦ
3566 1485 3842 1571 ἄρχοντος

2181 1572 2475 1644 ἐκολάζετο
2510 1620 2524 1636 .
2585 1571 2645 1635 Ὁ
2701 1574 2758 1633 δὲ
2815 1576 3006 1655 ἄρχων
3059 1577 3126 1650 ἦν
3189 1583 3442 1654 πενθερὸς
3497 1583 3683 1654 αὐτοῦ,
3742 1587 3837 1641 καὶ

2180 1663 2477 1740 παρεκάλει
2529 1668 2691 1723 αὐτὸν
2750 1668 3082 1743 ἀρνήσασθαι
3139 1671 3232 1727 τὸν
3295 1672 3552 1747 Χριστὸν,
3605 1675 3697 1730 ἳνα
3757 1676 3839 1748 μή

425 1760 528 1814 ille
560 1759 928 1832 compellans
985 1757 1313 1814 Nearchum
1373 1756 1631 1812 amicum
1679 1773 1886 1812 suum:
1923 1747 2074 1824 Vidi,

2208 1753 2444 1828 ίποθάνῃ.
2505 1757 2558 1810 Ὀ
2613 1753 2670 1810 δὲ
2727 1755 2828 1812 οὐκ
2884 1755 3132 1829 ἐπείσθη,
3193 1753 3339 1823 άλλᾶ
3387 1763 3504 1826 εἷπε
3558 1763 3693 1838 πρὸς
3743 1763 3844 1818 τὸν

427 1850 643 1920 inquit.
675 1849 737 1903 in
792 1849 1018 1903 somnis
1048 1846 1348 1902 Christum
1404 1862 1602 1901 meum
1633 1847 1991 1913 venientem,
2025 1851 2083 1900 et

2208 1842 2352 1918 οίλον
2389 1845 2556 1900 αὐτοῦ
2588 1845 2862 1922 Νέαρχον,
2897 1847 2979 1904 ὅτι
3014 1839 3437 1922 Ἐθεώρουντὸν
3467 1840 3696 1924 Χριστδν
3733 1873 3845 1925 μου

429 1938 760 2010 pretiosum
796 1937 942 1991 mihi
975 1951 1178 2008 sagum
1233 1937 1600 1989 efferentem.
1665 1936 2082 1990 Verumtamen

427 2031 730 2081 memento
753 2027 891 2084 mei.
927 2025 1137 2090 amice.
1167 2023 1389 2087 Aderat
1420 2025 1551 2095 ejus
1607 2041 1777 2092 uxor,
1827 2038 2082 2094 eumque

425 2115 728 2178 monebat,
759 2121 827 2171 ut
855 2115 918 2180 in
965 2114 1081 2170 ﬁde
1113 2114 1335 2168 Christi
1384 2118 1665 2172 constans
1686 2117 1861 2168 esset.
1894 2113 2084 2178 Quare

425 2205 646 2276 gratias
675 2221 856 2277 agens
887 2203 1217 2258 decollatus
1249 2208 1362 2262 est.

1072 2319 1289 2375 Eodem
1343 2318 1438 2375 die

428 2441 538 2512 ου
597 2440 1056 2497 Commemoratio
1082 2441 1417 2512 sacrosancti
1444 2438 1735 2510 martyris,
1785 2446 1838 2496 et
1881 2443 2089 2509 confes-

638 2547 680 2566 η,
826 2563 828 2565 .
909 2562 912 2563 ν
1005 2513 1143 2568 seris
1200 2511 1516 2569 Theoctisti.

1161 2628 1352 2684 Deest.

1082 2742 1304 2799 Eodem
1360 2742 1457 2825 die

505 2860 598 2918 0|
638 2862 1088 2930 Commemoratio
1129 2864 1314 2988 sint?
1371 2868 1426 2917 et
1449 2833 1454 2835 Α
1481 2862 1712 2933 gloriosi
1736 2863 2019 2935 prophetas

760 2985 764 2988 η
819 2985 821 2987 .
902 2985 906 2988 .
949 2985 952 2987 λ
1052 2971 1054 2974 μ
1207 2950 1232 2988 c
1276 2950 1345 2988 ιω
1363 2976 1376 2988 .

1052 2971 1054 2974 ν
1152 2950 1345 2989 Αοηιω
1363 2976 1376 2988 .

503 3047 619 3104 Iste
652 3051 894 3104 sanctus
922 3052 980 3103 et
1026 3047 1350 3119 gloriosus-
1386 3007 1680 3120 propheta
1738 3046 1953 3106 Achias
1980 3048 2096 3105 fuit

2187 1929 2419 2014 ἐλθάντα
2451 1932 2502 1988 ἐν
2535 1934 2708 2007 ὕπνῳ,
2749 1937 2836 1991 καὶ
2883 1938 3184 2013 φορέσαντά
3230 1957 3323 2010 μοι
3350 1937 3587 2014 χλανίδα
3617 1940 3850 2012 ὡραίαν.

2185 2010 2367 2078 Ἀλλά
2427 2021 2680 2096 μέμνησο
2746 2010 2904 2098 p.09,-
2935 2010 3080 2100 φίλε.
3113 2027 3175 2084 Ἡ
3209 2024 3267 2083 δὲ
3313 2010 3450 2104 γυνή
3509 2010 3676 2084 αὖτοῧ
3708 2049 3852 2105 παρ-

2189 2107 2374 2164 εκάΑει
2403 2110 2584 2182 αὐτὸν,
2644 2112 2899 2187 ἐμμένειν
2948 2118 3021 2189 τῇ
3072 2116 3250 2171 πίστει
3307 2121 3406 2171 τοῦ
3455 2119 3714 2190 Χριστοῦ,
3750 2118 3858 2173 Διὰ

2189 2204 2356 2255 ταῦτα
2390 2203 2504 2274 μετ’
2538 2203 2890 2278 εὐχαριστίας
2915 2201 3127 2277 ἐτμήθη
3157 2206 3257 2274 τὴν
3290 2204 3556 2283 κεφαλήν.

2768 2323 2854 2396 τῇ
2911 2320 3048 2396 αὐτῇ
3100 2320 3284 2397 ἡμέρᾳ

2200 2437 2410 2509 Μνήμη
2466 2441 2793 2493 Θεοκτιστου
2850 2437 3270 2520 ἱερομάρτυρος,
3329 2436 3419 2494 καὶ
3479 2435 3863 2515 ὁμολογητοῦ.

2921 2624 3130 2683 Λείπει.

2790 2744 2868 2826 Τῇ
2901 2744 3036 2818 αὐτῇ
3067 2743 3103 2814 ἠ
3113 2743 3255 2820 μέρᾳ

2305 2858 2429 2929 MM
2441 2878 2520 2932 μη
2545 2860 2644 2913 τοῦ
2671 2857 2833 2933 ἁγίου
2871 2858 2960 2913 καὶ
2991 2855 3210 2930 ἐνδόξου
3239 2860 3527 2936 προφήτου
3557 2858 3747 2934 ’Δχιὰ

2268 3049 2442 3109 Οὗτος
2471 3046 2500 3101 6
2530 3044 2682 3122 ἅγιος
2724 3045 2813 3100 καὶ
2870 3041 3084 3116 ’ἔνδοξος
3128 3047 3419 3123 προφήτης
3469 3045 3634 3122 Ἀχιᾶ
3689 3046 3878 3122 ὑπῆρ-

437 3153 506 3194 ex
527 3135 848 3192 Seloim-ex
879 3136 1112 3193 civitate
1142 3136 1254 3203 Eli,
1277 3135 1378 3192 ubi
1411 3136 1553 3192 olim
1586 3136 1825 3192 fuerant
1851 3137 2081 3194 Iudaeo-

2208 3155 2298 3210 χεν
2327 3134 2435 3190 ἀπὸ
2468 3133 2748 3207 Σηλωήμ,
2790 3132 2851 3188 ἐκ
2900 3141 3000 3204 τῆς
3057 3133 3277 3196 πόλεως
3331 3136 3507 3202 Ἡλεί,
3558 3135 3696 3190 ὅπου
3725 3136 3799 3204 ἦν
3835 3138 3872 3206 ἡ

439 3242 579 3282 rum
607 3224 1012 3292 tabernacula.
1061 3224 1339 3279 Praedixit
1391 3231 1592 3280 autem
1651 3225 1723 3281 de
1783 3226 2100 3283 Salomone

442 3313 733 3386 propheta
763 3328 830 3367 ac
859 3327 1017 3385 rege,
1058 3311 1217 3383 quod
1249 3313 1741 3383 prasvaricaturus
1773 3320 1950 3381 esset,
1983 3315 2101 3371 Do-

447 3401 796 3473 minumque
830 3402 1168 3456 oﬂ'ensurus
1193 3419 1206 3456 ε
1232 3403 1402 3472 cujus
1428 3401 1620 3457 verbis
1646 3402 1824 3459 ﬁdem
1857 3408 2102 3460 eventus

448 3491 608 3548 fecit.
639 3491 1056 3547 Jeroboamum
1085 3491 1264 3547 etiam
1310 3491 1715 3564 reprehendit,
1749 3493 1909 3564 quod
1967 3509 2101 3548 cum

453 3581 588 3637 dolo
611 3580 946 3638 ambularet
965 3597 1163 3636 coram
1188 3583 1326 3645 Deo.
1354 3583 1646 3637 Praeterea
1666 3581 1727 3636 in
1750 3582 1974 3638 visione
1998 3599 2104 3654 par

450 3669 629 3726 boum
661 3671 822 3730 vidit.
859 3671 956 3742 qui
984 3672 1268 3742 populum
1301 3672 1811 3728 conculcabantet
1840 3680 2103 3744 protere-

448 3757 611 3826 bant,
629 3759 1083 3828 sacerdotesque
1108 3760 1587 3815 insectabantur:
1614 3761 2103 3832 prophetavitque

446 3848 573 3904 fore
605 3853 670 3902 ut
701 3848 954 3919 populus
982 3847 1320 3903 Iudaeorum
1348 3865 1382 3904 a
1411 3849 1688 3919 gentibus
1719 3852 2102 3904 conoulcare-

448 3943 638 3999 retur,
663 3935 723 3991 in
754 3935 1149 4006 captivitatem
1173 3937 1587 3995 abduceretur.
1612 3937 1766 3993 fame
1789 3938 2106 3993 conﬁcere-

450 4031 634 4091 retur,
666 4025 1004 4080 sacerdotes
1036 4043 1155 4095 prae
1191 4027 1400 4081 timore
1431 4026 1628 4095 fugam
1659 4028 2012 4099 arriperent,
2047 4031 2106 4081 et

451 4111 657 4169 multis
698 4112 981 4167 aarumnis
1034 4120 1404 4168 vexarentur.
1442 4114 1594 4180 Haac,
1647 4121 1707 4171 et
1759 4117 1933 4187 plura
1988 4114 2107 4170 alia

454 4201 750 4276 praedixit,
784 4207 842 4256 et
868 4208 1139 4258 mortuus
1162 4209 1271 4272 est,
1297 4204 1684 4275 sepultusque
1713 4221 1896 4277 prope
1929 4221 2106 4276 quer-

462 4309 604 4350 cum
623 4293 685 4349 in
716 4293 920 4350 Silom.

1021 4498 1261 4556 EODEM
1290 4497 1546 4555 MENSE.

1060 4599 1496 4672 "Die’decima'
1533 4601 1538 4604 ’

533 4730 635 4789 02
666 4713 1120 4788 Commemaratio
1147 4734 1327 4789 sancti
1362 4733 1615 4803 Gregorii
1642 4731 1822 4802 Nyssoz
1852 4732 2114 4806 episcOpi.

538 4845 737 4903 Casilii
766 4849 963 4920 magni
991 4848 1272 4903 Caesareae
1299 4847 1680 4920 Cappedociaa
1703 4847 1964 4920 episcOpi
1985 4862 2115 4919 ger-

467 4953 682 4994 manus
699 4937 880 4992 frater
908 4937 1020 4992 fuit
1047 4938 1159 4992 iste
1179 4943 1418 4992 sanctus
1463 4938 1773 5009 Gregorius
1828 4937 2122 5009 sapientia

470 5039 539 5080 ac
559 5024 772 5078 virtute
802 5024 1072 5094 insignis.
1094 5039 1281 5095 eoque
1298 5030 1562 5094 tempore
1575 5025 1892 5096 episcopus
1920 5027 2119 5096 Nysam

472 5117 705 5170 creatus
734 5119 843 5179 est,
877 5129 994 5183 quo
1027 5112 1197 5167 multi
1243 5113 1505 5167 haeretici
1538 5112 1902 5169 orthodoxos
1932 5129 2122 5185 oppu-

472 5201 752 5276 gnabant.
785 5202 1033 5256 Sanctus
1062 5201 1244 5274 igitur
1273 5217 1434 5256 nunc
1460 5215 1531 5256 ex
1558 5209 1896 5258 sanctarum
1931 5203 2120 5275 Scrip-

474 5297 744 5347 turarum
776 5290 1134 5345 testimoniis
1151 5305 1348 5344 coram
1380 5289 1762 5362 disputando,
1795 5307 1957 5346 nunc
1979 5291 2123 5346 scri-s

472 5379 690 5440 bendo,
711 5379 846 5435 illos
869 5395 1078 5435 omnes
1101 5381 1414 5450 superavit.
1434 5381 1829 5452 hmresimque
1848 5380 2126 5436 extermi-

479 5469 678 5524 navit:
703 5484 956 5539 cumque
989 5469 1263 5524 secunda}
1288 5469 1686 5542 synodo,quea
1717 5469 2130 5525 Constantino-

479 5558 605 5628 poli
637 5563 767 5613 acta
795 5564 905 5624 est,
951 5558 1287 5626 interesset,
1320 5564 1485 5614 tanta
1515 5576 1660 5614 usus
1692 5564 1782 5613 est
1833 5556 2130 5614 sermonis

478 5647 782 5716 facundia,
804 5653 869 5704 ut
887 5647 1304 5705 hereticorum
1331 5665 1436 5705 ora
1454 5648 1833 5718 obstruxeri-t,
1857 5647 2129 5704 etortho-

485 5739 668 5798 doxos
708 5756 942 5799 summo
971 5740 1183 5815 gaudio
1214 5741 1495 5798 aﬂ‘ecerit.
1529 5738 1672 5796 Inde
1703 5738 1778 5795 ad
1809 5737 2128 5796 ecclesiam

2168 3227 2382 3295 ‘cx'qvw‘;
2429 3228 2539 3279 τῶν
2599 3219 2875 3280 ἰόύδαίων
2927 3225 3064 3280 κατᾶ
3116 3225 3178 3280 τὸ
3234 3224 3489 3300 ἀρχαῖον.
3543 3225 3716 3290 Οὗτος
3746 3222 3814 3281 δὶ
3845 3225 3875 3279 6

2207 3315 2500 3390 προφήτης
2585 3313 2702 3369 εἶπε
2774 3314 2898 3388 περὶ
2975 3312 3343 3386 Σολομῶντος
3425 3317 3522 3369 τοῦ
3573 3316 3877 3392 ’προφήτου

2207 3403 2300 3459 καὶ
2355 3401 2626 3479 βασιλέως
2660 3446 2675 3472 ,
2758 3400 2840 3458 ὅτι
2930 3401 3124 3474 μέλλει
3209 3407 3430 3457 πταῖσαι
3511 3402 3600 3457 καὶ
3688 3423 3878 3476 προσ-

2205 3497 2434 3568 κροῦσαι
2519 3492 2599 3563 τῷ
2686 3491 2889 3566 Κυρίῳ.
2967 3491 3116 3560 Καὶ,
3199 3493 3377 3554 καθὼς
3452 3494 3641 3563 εἶπεν,
3719 3492 3873 3548 οὕτω

2207 3581 2297 3636 καὶ
2395 3580 2622 3654 ἐγένετο.
2700 3581 2932 3654 ’Ἢλεγξε
3006 3577 3064 3635 Si
3161 3580 3251 3636 καὶ
3351 3581 3445 3636 τὸν
3547 3577 3874 3656 Ἰεροϐοὰμ,

2209 3672 2291 3726 ὅτι
2351 3671 2486 3743 μετὰ
2551 3666 2719 3724 δόλου
2805 3668 3090 3742 ἐπορεύετο
3165 3669 3394 3724 ἐνώπιον
3463 3671 3674 3744 Κυρίου
3733 3671 3870 3728 Εἷδε

2206 3759 2298 3815 καὶ
2357 3759 2407 3814 ἐν
2468 3758 2701 3830 ὀπτασίᾳ
2785 3763 2975 3834 ζεῦγος
3053 3760 3220 3834 βοῶν,
3279 3759 3362 3814 δτι
3417 3759 3704 3815 κατεπάτει
3765 3762 3868 3817 τὸν

2209 3847 2364 3916 λαὸν,
2397 3849 2485 3903 καὶ
2531 3841 2827 3920 συνέτριϐε,
2877 3847 2966 3911 καὶ
3021 3853 3130 3903 τῶν
3186 3847 3372 3920 ἱερέων
3427 3849 3736 3924 κατέτρεχε·
3772 3851 3873 3906 καὶ

2209 3939 2626 4013 προεφήτευσεν,
2687 3937 2772 3992 ἀτι
2835 3934 3027 4009 μέλλει
3063 3937 3090 3991 6
3122 3935 3256 4000 λαὸς
3293 3942 3401 3992 τῶν
3453 3935 3725 3992 Ἰουδαίων
3760 3939 3873 3994 ὑπὸ

2209 4025 2372 4090 ἐθνῶν
2447 4027 2942 4095 καταπατηθῆναι,
3007 4025 3094 4079 καὶ
3156 4023 3671 4100 αῗχμαλωτισθῆναι
3707 4071 3721 4093 ,
3774 4027 3872 4081 καὶ

2214 4115 2317 4170 ὑπὸ
2354 4112 2524 4187 λιμοῦ
2575 4112 2957 4190 διαφθαρῆναι·
3009 4112 3096 4168 καὶ
3128 4114 3180 4168 οἱ
3211 4114 3375 4187 ἱερεῖς
3407 4113 3511 4168 ὑπὸ
3561 4117 3660 4168 τοῦ
3691 4107 3872 4189 φόϐου

2211 4208 2420 4279 φυγεῖν,
2468 4203 2557 4258 καὶ
2617 4202 2804 4258 πολλᾶ
2858 4203 3266 4278 τιμωρηθῆναιι
3326 4207 3496 4258 ταῦτα
3552 4199 3610 4257 δὲ
3649 4222 3875 4281 προφη-

2208 4294 2417 4363 τεύσας,
2449 4293 2540 4348 καὶ
2573 4290 2718 4348 ἄλλα
2746 4298 2999 4363 πλεῖστα,
3053 4291 3305 4361 ἀπέθανε,
3365 4291 3458 4347 καὶ
3512 4291 3683 4367 ἐτάφη
3747 4292 3872 4347 σύν-

2213 4405 2374 4460 εγγυς
2404 4391 2506 4454 τῆς
2543 4380 2732 4460 δρυὸς,
2763 4382 2817 4439 ἐν
2847 4387 2917 4458 τῇ
2945 4381 3214 4459 λεγομένῃ
3245 4381 3482 4458 Σηλώμ.

2139 4501 2192 4565 ι)
2598 4496 2600 4498 ⁷
2781 4494 2961 4557 MllNI
2991 4503 3079 4554 Tn
3115 4499 3312 4589 Ar'rn.

3031 4614 3069 4670 ι,

2297 4730 2506 4801 Μνήμη
2561 4730 2658 4783 τοῦ
2688 4727 2842 4804 ἆγίου
2873 4729 3185 4804 Γρηγορίου
3233 4727 3533 4785 ἐπισκόπου
3563 4727 3804 4797 Νύσσης.

2296 4847 2408 4903 Τὸῦ
2492 4841 2738 4918 μεγάλου
2817 4843 3108 4903 Βασιλείου
3194 4844 3494 4901 ἐπισκόπου
3560 4840 3885 4917 Καισαρείας

2226 4936 2323 5006 τῆς
2349 4931 2734 4995 Καππαδοκίας
2782 4935 2848 5003 ἦν
2909 4931 3066 4995 οὗτος
3099 4935 3127 4988 6
3179 4934 3332 5010 ἅγιος
3392 4932 3690 5009 Γρηγόριος
3720 4929 3887 4987 ἀδελ-

2230 5021 2329 5096 φὸς
2357 5023 2603 5096 γνήσιος⁸
2651 5021 2867 5097 ὑπῆρχε
2925 5018 2984 5075 δὲ
3033 5021 3197 5098 σοφὸς
3253 5021 3343 5075 καὶ
3402 5019 3672 5094 ἐνάρετος·
3735 5019 3784 5090 ἐξ
3818 5017 3884 5072 οὗ

2230 5112 2318 5167 καὶ
2376 5111 2586 5186 ἐγένετο
2672 5109 2748 5173 είς
2806 5110 3021 5180 Νόσσην
3111 5110 3424 5172 ἐπίσκοπος.
3486 5110 3631 5165 Κατᾶ
3687 5106 3744 5163 δὲ
3787 5107 3883 5161 τὸν

2230 5201 2418 5273 καιρὸν
2472 5199 2680 5255 ἐκεῖνον
2737 5198 2982 5275 ἐγένοντο
3035 5197 3240 5254 πολλοὶ
3297 5199 3584 5274 αἱρετικοὶ,
3617 5199 3704 5251 καὶ
3749 5195 3890 5250 ἐποο

2234 5286 2439 5361 λέμουν
2469 5286 2597 5348 τοὺς
2653 5283 2996 5361 όρθοδόξους·
3053 5283 3183 5341 ἀλλ’
3238 5287 3446 5347 οὗτοςὸ
3478 5286 3631 5360 ἅγιος
3682 5281 3887 5338 ἄλλοτε

2236 5374 2626 5449 διαλεγόμενος
2657 5375 2842 5438 αὐτοῖς
2872 5375 2976 5429 ἀπὸ
3005 5378 3114 5429 τῶν
3173 5374 3338 5449 ἁγίων
3397 5377 3648 5448 Γραφῶν,
3682 5368 3888 5426 ἁλλοτε

2235 5465 2482 5541 γράψων,
2514 5465 2717 5528 πάντας
2771 5459 3006 5534 ἐνίκησε,
3037 5463 3126 5518 καὶ
3187 5464 3286 5531 τήν
3345 5463 3551 5536 αἳρεσιν
3603 5462 3884 5538 ἠφάνισεν.

2237 5553 2489 5628 Εὐρεθεὶς
2522 5551 2580 5608 δὲ
2624 5552 2713 5608 καὶ
2770 5553 2846 5614 εἰς
2899 5555 2999 5622 τὴν
3062 5551 3112 5608 ἐν
3179 5549 3741 5608 Κωνσταντινουπόλει
3773 5545 3894 5602 δευ-

2237 5663 2390 5721 τεραν
2443 5639 2692 5713 σύνοδον,
2753 5639 2925 5706 οὕτως
2974 5639 3064 5698 διὰ
3119 5641 3284 5718 λόγου
3340 5637 3758 5717 ἠνδραγάθησεν,
3813 5635 3894 5701 ὡς

2239 5731 2505 5813 ἐμφράξαι
2535 5735 2644 5788 τῶν
2672 5733 2958 5810 αἱρετικῶν
2989 5731 3059 5787 τὰ
3118 5731 3384 5809 στόματα,
3445 5729 3576 5794 τοὺς
3610 5725 3668 5786 Si
3727 5727 3892 5806 ὀρθο-
