4114 6306
275 388 381 454 249

1701 393 2177 460 JANUABIUS.

3553 395 3672 457 250

273 519 452 594 δόξους
481 527 658 599 χαρᾶς
689 519 1009 598 πληρῶσαι.
1041 525 1308 596 Ἐξελθὼν
1343 523 1398 583 δὲ
1430 527 1505 591 εἱς
1559 529 1660 597 τὴν
1710 527 1912 596 ἐκκλη-

2042 545 2194 584 suam
2224 544 2516 590 reversus.
2547 533 2862 600 postquam
2919 542 3154 601 gregem
3213 542 3386 581 suum
3447 527 3669 598 optime

271 613 380 669 σίαν
436 613 603 668 αὐτοῦ
659 616 750 669 καὶ
807 615 870 670 τὸ
920 615 1196 688 ποίμνιον,
1253 621 1345 671 καὶ
1403 617 1591 681 καλῶς
1650 617 1910 692 ἐκθρέψας

270 701 388 757 αὐτὸ
412 703 503 758 καὶ
537 705 830 776 ποιμένας,
861 703 952 760 καὶ
985 704 1203 768 πολλὰς
1241 702 1473 782 βίϐλους
1531 708 1915 772 θεοπνεύστους

266 793 355 848 καὶ
382 793 735 870 ψυχωίρελεῖς
768 795 1244 871 συγγραψάμενος,
1295 796 1345 852 ἐν
1395 799 1554 871 τιμία
1603 798 1774 869 πολιᾷ
1824 796 1913 851 καὶ

265 884 410 954 καλῷ
461 885 610 960 γήρα
660 885 799 960 πρὸς
868 885 1060 960 Κύριον
1145 883 1448 960 ἐξεδήμησε
1528 889 1737 964 χαίρων
1824 885 1914 942 καὶ

267 971 470 1048 ἆγαλλό
481 993 610 1046 μενο
619 995 664 1036 ς.
1159 971 1162 974 ’

849 1093 928 1163 Tii
967 1088 1113 1162 αὖτῷ
1153 1093 1338 1166 ἡμέρᾳ

267 1179 469 1252 Μνημη
528 1182 626 1232 τοῦ
685 1175 844 1232 ὁσίου
897 1179 1321 1254 ματρὸς-ἡμῶν
1398 1185 1732 1254 Δομετιανοῦ
1791 1180 1911 1238 ἐπι-

812 1249 1021 1304 σκόπου
1052 1249 1373 1322 Μελιτινῆς.

331 1362 457 1419 Ἐπὶ
489 1369 590 1430 τῆς
635 1359 914 1436 βασιλείας
974 1363 1270 1419 Ἰουστίνου
1328 1367 1424 1419 τοῦ
1483 1368 1693 1438 Μικροῦ
1759 1386 1918 1439 γεγο-

263 1471 341 1504 νεν
375 1451 542 1512 οὗτος
572 1451 600 1505 6
630 1452 802 1526 ἅγιος,
858 1451 976 1514 οἷὸς
1031 1451 1232 1528 γονέων
1283 1456 1616 1526 Χριστιανῶν
1669 1449 1916 1508 εὐλαϐὤν

263 1540 346 1594 καὶ
379 1538 688 1596 πλουσίων.
723 1537 1020 1616 Ἐδιδάχθη
1059 1539 1116 1597 δὲ
1155 1542 1300 1616 παρὰ
1344 1547 1454 1597 τῶν
1502 1539 1704 1613 γονέων
1753 1542 1918 1598 αὐτοῦ

263 1633 434 1683 πᾶσαν
477 1627 759 1684 παίδευσιν
816 1634 926 1685 τῶν
979 1651 1039 1685 τε
1093 1630 1194 1704 ἔξω
1250 1633 1614 1707 γραμμάτων,
1673 1634 1762 1687 καὶ
1817 1639 1920 1702 τῆς

267 1716 404 1779 θείας
457 1723 696 1795 Γραφῆς.
750 1712 956 1774 Ἐλαϐε
1013 1715 1070 1773 δὲ
1123 1718 1212 1773 καὶ
1272 1724 1501 1794 γυναῖκα
1561 1715 1767 1790 εὐλαϐῆ
1825 1720 1915 1775 καὶ

265 1809 486 1876 ⁴κισ-τήν.
542 1805 715 1864 Ἀλλᾶ
770 1805 983 1883 ταχέως
1033 1805 1245 1878 ἐκείνης
1299 1808 1694 1880 ἀποθανούσης,
1754 1809 1914 1871 αὐτὸς

2023 619 2293 685 rexisset,
2325 619 2665 690 multosque
2691 617 2909 674 animm
2942 617 3232 671 salutares
3267 615 3450 670 libros
3474 615 3670 671 divino

2025 709 2260 765 afflatus
2292 710 2537 765 numine
2569 711 2924 781 scripsisset,
2958 710 3018 763 in
3047 707 3386 762 veneranda
3435 707 3674 775 canitie,

2025 806 2084 854 et
2102 800 2326 871 optima
2348 805 2650 856 senectute
2673 799 2746 855 ad
2768 800 3084 854 Dominum
3115 798 3290 852 laetus
3323 802 3382 852 et
3411 796 3675 870 gaudens

2028 889 2354 962 emigravit.

2666 1096 2888 1154 Eodem
2920 1096 3016 1153 die

2025 1190 2128 1246 98
2161 1190 2616 1246 Commemoratio
2661 1191 2837 1242 sancti
2889 1189 3072 1241 Patris
3129 1188 3306 1241 nostri
3371 1187 3679 1242 Domitiani

2576 1262 2817 1330 episc0pi
2845 1260 3136 1315 Μειιιὶηαε.

2099 1389 2327 1444 Iustino
2352 1387 2593 1444 Juniore
2625 1387 2954 1457 imperante
3002 1385 3216 1440 claruit
3257 1385 3365 1439 iste
3415 1388 3676 1454 sanctus,

2027 1478 2399 1544 Christianis,
2459 1477 2594 1547 piis,
2647 1475 3043 1546 divitibusque
3087 1473 3434 1545 parentibus
3483 1479 3677 1538 natus,

2029 1572 2207 1637 atque
2238 1564 2309 1620 ab
2338 1564 2553 1619 iisdem
2610 1563 2892 1618 omnibus
2950 1569 3075 1618 tum
3129 1561 3392 1634 profanis
3439 1561 3680 1642 litteris,

2028 1659 2153 1709 tum
2177 1653 2364 1708 sacris
2387 1651 2721 1724 disciplinis
2742 1650 2978 1711 abunde
3002 1651 3348 1708 instructus.
3382 1649 3545 1704 Piam
3578 1666 3684 1705 au-

2028 1751 2148 1800 tem
2181 1743 2539 1816 ﬂdelemque
2570 1759 2819 1799 uxorem
2852 1742 3056 1798 duxit:
3092 1742 3195 1798 sed
3226 1741 3329 1796 illa
3351 1741 3527 1813 paulo
3551 1747 3686 1813 post

2031 1833 2332 1900 defuncta,
2361 1839 2548 1888 totum
2579 1850 2640 1888 se
2672 1833 2746 1902 ad
2776 1832 3087 1888 colendam
3145 1832 3428 1902 pietatem
3461 1831 3682 1901 Deique

265 1896 398 1968 πρὸς
433 1895 634 1969 ἀρετὴν
665 1894 874 1950 καὶτὸν
913 1900 1010 1950 τοῦ
1063 1901 1203 1953 Θεοῦ
1263 1892 1436 1975 φόϐον
1496 1895 1750 1968 έξεόωκεν
1804 1899 1921 1954 ὲαυ-

2042 1892 2612 1978 timorem'contulit:
2640 1899 2815 1992 atque
2834 1921 2892 1975 in
2916 1892 3230 1980 virtutibus
3249 1919 3393 1974 adeo
3414 1892 3682 1990 profecit,

266 1982 372 2042 τόν,
424 1985 531 2042 Καὶ
592 1983 764 2047 οὕτως
822 1981 1033 2060 ἐγένετο
1087 1984 1360 2059 ἐνάρετος,
1420 1988 1495 2048 ὡς
1551 1989 1642 2043 καὶ
1701 1987 1921 2043 ἐπίσκο-

263 2095 359 2138 πος
391 2071 649 2148 γενέσθαι
678 2073 997 2144 Μελιτινῆς.
1030 2078 1303 2132 Τοσοῦτον
1354 2073 1412 2130 δὶ
1466 2075 1718 2150 λέγουσιν
1760 2079 1922 2133 αὐτὸν

262 2157 598 2239 περιϐόητον
629 2163 900 2239 γενέσθαι,
934 2163 1009 2228 ὡς
1055 2163 1145 2220 καὶ
1193 2167 1286 2220 τὸν
1342 2163 1568 2241 βασιλέα
1617 2171 1724 2220 τῶν
1785 2173 1924 2242 Περ-

262 2258 360 2308 σῶν
393 2254 539 2327 πρὸς
568 2252 779 2328 ἀγάπην
810 2251 1054 2323 ἓλκῦσαι,
1103 2254 1190 2308 καὶ
1244 2255 1466 2329 ἀγαγεῖν
1519 2254 1596 2318 είς
1639 2255 1738 2322 τήν
1795 2253 1922 2310 δού-

262 2339 430 2396 λωσιν
463 2344 566 2396 τοῦ
616 2341 902 2414 Ῥωμαίων
969 2343 1241 2418 βασιλέως
1300 2343 1625 2419 Μαυρικίου.
1685 2345 1925 2418 Ἔγραψε

263 2433 364 2505 γὰρ
398 2432 431 2486 6
483 2431 698 2506 Πέρσης
757 2432 893 2506 πρὸς
951 2433 1042 2488 τὸν
1097 2432 1396 2505 Ῥωμαῖον,
1451 2431 1534 2488 ὅτι
1605 2434 1728 2490 Ἐὰν
1785 2435 1925 2489 διπο-

266 2518 485 2591 στείλῃς
538 2519 869 2593 Δομετιανὸν
930 2521 1018 2576 καὶ
1076 2520 1482 2598 πληροφορήσῃ
1537 2541 1624 2594 με,
1700 2521 1926 2596 γίνομαί

268 2627 348 2661 σοι
379 2607 448 2663 οὗ
483 2608 651 2680 μόνον
683 2607 869 2678 φίλος,
897 2609 1044 2663 ἀλλὰ
1070 2609 1161 2664 καὶ
1193 2606 1412 2672 δοῦλος.
1446 2609 1552 2666 Καὶ
1581 2609 1780 2665 τούτου
1836 2631 1928 2687 γε-

270 2697 527 2768 νομένου,
587 2694 765 2771 ἐχάρη
823 2701 969 2752 πᾶσα
999 2701 1033 2766 ἠ
1069 2696 1258 2767 πόλις,
1310 2697 1399 2752 καὶ
1456 2695 1587 2760 ὅλος
1619 2699 1648 2753 6
1693 2698 1924 2772 κόσμος.

282 2786 555 2843 Εἰσελθὼν
587 2784 646 2842 δὲ
676 2786 730 2842 ἐν
770 2791 840 2860 τῇ
890 2785 1051 2843 πόλει
1083 2789 1112 2843 6
1141 2789 1314 2865 ἅγιος,
1369 2786 1707 2858 ἐτελεύτησεο
1757 2788 1821 2844 τὸ
1870 2787 1929 2845 δὶ

283 2872 536 2947 λείψανον
570 2875 739 2931 αὐτοῦ
789 2876 1123 2949 ἀνεκομίσθη
1184 2877 1261 2940 εἷς
1329 2876 1656 2948 Μελιτινήν,
1714 2877 1931 2942 πολλὰς

292 2962 456 3026 ἰάσεις
480 2964 692 3021 τελοῦν·
1371 2979 1376 2982 ’
1743 2961 1748 2964 ’

861 3085 947 3156 Τῇ
986 3083 1124 3157 αὐτῇ
1155 3084 1342 3160 ἡμέρᾳ

273 3171 482 3246 Πνήμη
537 3174 635 3246 τοῦ
688 3169 746 3246 ἐν
804 3167 980 3244 ἁγίοις
1037 3171 1246 3246 Πατρός
1339 3174 1528 3246 ήμῶν-
1560 3167 1928 3246 πρεσϐυτέρου

334 3241 815 3338 καί-ἐοῗκονόμου
851 3241 993 3338 -τῇς
1075 3242 1320 3333 μεγάλης
1365 3241 1713 3315 ⁷⁵Εκκλησίας
1772 3241 1926 3320 Μαρ-
1959 3270 2002 3338 C

337 3317 550 3370 κιανοῦ.

335 3449 406 3505 Οἱ
469 3447 744 3521 πρόγονοι
799 3451 899 3502 τοῦ
959 3446 1234 3523 μακαρίου
1286 3450 1622 3524 Μαρκιανοῦ,
1678 3449 1785 3504 ἀπὸ
1837 3456 1938 3518 τῆς

270 3535 527 3610 μεγάλης
576 3536 802 3607 Ῥώμης
856 3535 1214 3610 παρεγένοντο
1263 3536 1339 3599 εἷς
1427 3533 1934 3608 Κωνσταντινούπο-

267 3623 375 3681 λιν.
410 3623 590 3686 υῦτος
638 3621 696 3678 δὲ
745 3623 962 3698 ἐγένετο
1003 3623 1089 3680 ἐπὶ
1143 3631 1245 3694 τῆς
1295 3622 1574 3701 βασιλείας
1621 3631 1720 3680 τοῦ
1768 3628 1934 3701 ἁγιω-

263 3717 434 3769 τὰτου
470 3713 807 3788 Μαρκιανοῦ,
840 3715 928 3768 καὶ
977 3717 1076 3778 τῆς
1137 3709 1518 3785 εῦσεϐεστάτης
1566 3714 1934 3790 Πουλχερίαςσ

268 3803 547 3864 πλοῦσιος
579 3801 636 3858 δὲ
664 3803 754 3857 καὶ
788 3797 1027 3871 εὐλαϐὴς
1061 3801 1156 3869 ὤν,
1187 3801 1436 3875 πολλοὺς
1483 3802 1644 3869 ναοὺς
1689 3793 1806 3858 καῖ’
1837 3813 1934 3877 μὲ-

269 3890 487 3966 γᾶλους
542 3888 768 3961 ἔκτισεν,
823 3887 968 3966 ἔχων
1021 3891 1112 3945 καὶ
1169 3892 1262 3946 τὸν
1349 3889 1577 3967 βασιλέα
1655 3892 1932 3967 συνεργόν.

266 3983 365 4034 Καὶ
389 3979 502 4056 γαρ
537 3976 713 4034 ἔκτισε
765 3985 868 4048 τῆς
909 3979 1113 4054 ”Λγίας
1166 3981 1409 4054 Εἰρήνης
1460 3983 1560 4049 τήν
1618 3980 1932 4051 ἐκκλησίαν,

266 4071 498 4138 καὶτῆς
551 4067 740 4143 Ἀγίας
798 4069 1182 4136 Ἀναστασίας,
1240 4071 1340 4139 τήν
1401 4069 1452 4125 ἐν
1492 4076 1610 4132 τοῖς
1664 4074 1935 4143 Δομνίνου

265 4156 564 4230 ἐμϐόλοις.
584 4159 692 4213 Τὸν
725 4154 782 4212 δὶ
817 4161 1067 4212 τοιοῦτον
1109 4158 1234 4213 ναὸν
1291 4156 1515 4214 διέσωσε
1565 4156 1653 4213 διὰ
1700 4180 1936 4234 προσευ-

267 4254 374 4323 χῆς
407 4246 510 4301 καὶ
541 4246 649 4300 ἀπὸ
678 4244 1038 4322 ἐμπρησμοῦ,
1064 4250 1173 4301 τῶν
1205 4242 1374 4303 ὄντων
1418 4247 1660 4324 γῦρωθεν
1716 4249 1930 4304 πάντων

266 4339 537 4393 καέντων.
580 4340 848 4393 Τοσοῦτον
883 4333 941 4390 δὲ
993 4336 1058 4406 ἦν
1109 4335 1390 4409 ἐλεήμων,
1438 4337 1512 4399 ὡς
1545 4336 1596 4392 ἐν
1631 4343 1730 4411 μιᾷ
1777 4340 1932 4394 λιτα-

268 4425 466 4493 νεῦων,
495 4428 709 4500 πτωχῷ
750 4425 1065 4494 ζητήσαντι,
1111 4422 1280 4498 μηδὲν
1330 4423 1476 4502 ἔχων
1522 4422 1726 4495 δοῦναι,
1771 4421 1934 4482 ἐκϐα-

269 4514 380 4570 λὼν
416 4511 632 4568 δέδωκε
661 4514 720 4568 τὸ
750 4513 991 4587 ἱμάτιον,
1047 4512 1178 4586 επερ
1224 4513 1425 4592 ἐφόρευ
1479 4513 1638 4578 αὐτὸς
1699 4513 1756 4570 δὶ
1801 4537 1930 4570 κατ.

2032 2019 2098 2068 ut
2127 2018 2185 2066 et
2215 2005 2490 2066 Melitinm
2523 2011 2836 2082 episc0pus
2875 2009 3061 2064 ﬁeret.
3099 2010 3319 2064 Ferunt
3349 2009 3518 2063 illum
3550 2014 3682 2063 tan-

2033 2107 2154 2174 tam
2187 2100 2446 2155 nominis
2478 2099 2888 2155 celebritatem
2947 2098 3127 2153 fuisse
3166 2102 3572 2161 consecutum,
3622 2101 3687 2152 ut

2035 2189 2348 2245 Persarum
2379 2205 2577 2261 regem
2611 2188 2684 2243 ad
2715 2187 3040 2243 amicitiam
3101 2187 3474 2258 pertraxerit,
3525 2193 3584 2241 et
3612 2185 3686 2242 ad

2034 2278 2378 2335 servitutem
2398 2278 2662 2333 Mauricii
2683 2279 3082 2333 Romanorum
3106 2276 3504 2348 imperatoris.
3535 2274 3691 2329 Scri-

2034 2372 2235 2444 pserat
2264 2367 2423 2422 enim
2446 2383 2547 2422 rex
2577 2371 2888 2422 Persarum
2920 2366 2993 2421 ad
3025 2366 3444 2438 imperatorem
3472 2365 3687 2420 Roma-

2033 2473 2287 2512 norum:
2324 2456 2381 2510 Si
2414 2455 2838 2517 Domitianum,
2871 2455 3174 2527 inquiens,
3199 2454 3456 2524 miseris,
3477 2470 3690 2525 meque

2036 2547 2086 2601 is
2112 2546 2494 2619 persuaserit,
2517 2547 2644 2618 ipse
2671 2563 2789 2600 non
2812 2546 2987 2601 modo
3016 2544 3120 2599 tibi
3148 2546 3374 2600 amicus
3401 2544 3558 2608 ﬁam,
3584 2543 3686 2600 sed

2036 2640 2096 2690 et
2125 2621 2346 2690 servus.
2378 2634 2544 2700 Quod
2576 2650 2711 2690 cum
2743 2635 3108 2707 contigisset,
3132 2633 3290 2695 urbi,
3323 2639 3382 2688 et
3410 2633 3683 2686 universo

2035 2723 2163 2780 orbi
2196 2722 2478 2797 gaudium
2508 2723 2639 2778 fuit.
2666 2723 3040 2779 Domitianus
3063 2739 3199 2778 vero
3224 2722 3433 2778 urbem
3459 2723 3692 2795 ingres-

2039 2830 2160 2877 sus,
2194 2812 2477 2867 decessit:
2512 2812 2682 2884 cujus
2712 2811 2983 2883 reliquias
3011 2809 3334 2876 Melitinam
3363 2811 3687 2880 translatas,

2038 2901 2260 2957 multas
2286 2901 2623 2956 curationes
2655 2900 2990 2972 perﬁciunt.
3137 2905 3140 2910 '

2686 3106 2909 3180 Eadem
2940 3107 3037 3177 die

2040 3197 2144 3255 04
2199 3199 2662 3270 commemoratio
2698 3199 2879 3252 sancti
2933 3198 3129 3264 Patris,
3171 3195 3352 3270 nostri
3398 3194 3692 3270 Marciani

2248 3268 2568 3340 presbyteri
2586 3273 2640 3324 et
2669 3271 2933 3339 ceconomi
2961 3283 3181 3340 magnae
3203 3268 3476 3324 Ecclesiae.

2113 3459 2275 3514 Beati
2306 3458 2585 3524 Marciani
2606 3459 2864 3530 majores
2887 3475 2957 3513 ex
2977 3474 3191 3524 magna
3205 3459 3390 3514 Roma
3411 3458 3698 3514 Constan-

2042 3534 2357 3619 tinopolim
2389 3538 2774 3603 advenerunt.
2802 3548 2904 3602 Hic
2926 3553 3125 3602 autem
3149 3547 3524 3602 sanctissimo
3549 3547 3699 3600 Mar-

2041 3637 2235 3704 ciano,
2269 3643 2327 3691 et
2380 3636 2834 3708 religiosissima
2891 3635 3204 3691 Pulcheria
3262 3633 3694 3706 imperantibus

2041 3725 2295 3780 claruit:
2329 3741 2584 3796 cumque
2616 3724 2778 3778 dives
2837 3729 2994 3778 esset
3045 3730 3104 3779 et
3150 3724 3302 3795 pius,
3362 3722 3580 3778 multas
3629 3739 3697 3778 ac

2041 3797 2285 3885 magnas
2344 3813 2646 3880 ecclesias,
2704 3811 3011 3867 adnitente
3080 3813 3258 3868 etiam
3318 3811 3701 3882 imperatore,

2043 3901 2351 3956 excitavit:
2387 3918 2526 3955 nam
2547 3906 2616 3956 'et
2647 3900 2873 3955 Sanctia
2908 3903 3110 3956 Irenes
3141 3901 3454 3956 ecclesiam
3486 3898 3694 3956 condi-

2043 3979 2148 4058 dit,
2182 3996 2241 4045 et
2270 3991 2496 4045 Sanctae
2529 3991 2856 4046 Anastasius
2909 3991 3096 4046 aedem
3156 3992 3220 4046 in
3279 3991 3512 4046 Domini
3562 4007 3696 4062 pro-

2042 4079 2362 4142 montorio,
2399 4097 2577 4151 quam
2611 4080 2786 4135 etiam
2819 4080 2890 4136 ab
2931 4080 3209 4135 incendio
3259 4079 3535 4153 precibus
3576 4079 3699 4134 suis

2041 4170 2313 4238 servavit,
2337 4187 2472 4225 cum
2496 4175 2708 4226 caetera
2735 4170 2957 4238 omnia,
2974 4188 3103 4241 quae
3128 4171 3487 4242 circaipsam
3505 4173 3698 4234 erant,

2041 4259 2552 4315 comburerentur.
2617 4260 2751 4315 Fuit
2806 4265 3003 4315 autem
3063 4265 3226 4314 tanta
3287 4261 3347 4314 in
3404 4274 3695 4331 pauperes

2040 4343 2428 4421 benignitate,
2477 4352 2542 4404 ut
2598 4365 2734 4404 cum
2787 4349 3109 4421 aliquando
3159 4347 3374 4404 divinis
3417 4347 3696 4418 precibus

2039 4443 2292 4505 vacaret,
2326 4439 2615 4509 quaerenti
2656 4439 2924 4510 pauperi,
2958 4438 3195 4510 quando
3216 4437 3375 4492 nihil
3429 4437 3590 4491 aliud
3621 4436 3695 4491 ad

2040 4541 2285 4582 manum
2316 4526 2592 4593 habebat,
2627 4528 2876 4599 pallium
2907 4527 3065 4598 quod
3099 4525 3386 4599 gestabat,
3421 4525 3694 4580 dederit;

272 4602 508 4680 ελείφθη
541 4602 774 4676 γυμνὸς,
835 4603 968 4674 μετᾶ
1021 4602 1190 4675 μόνης
1235 4610 1336 4673 τῆς
1385 4604 1663 4677 ἱερατικῆς
1704 4603 1929 4673 στολῆς·

2045 4615 2172 4688 ipse
2203 4633 2338 4672 vero
2370 4617 2565 4671 nudus
2593 4633 2725 4670 cum
2760 4617 2886 4670 sola
2942 4632 3111 4670 sacra
3158 4614 3312 4669 stola
3358 4613 3699 4684 remanens,

274 4697 358 4747 καί
395 4690 655 4767 ἐφαίνετο
683 4695 762 4763 τῷ
788 4691 985 4766 κλήρῳ
1023 4698 1234 4766 χρυσῆν
1264 4691 1469 4761 στολήν
1528 4693 1723 4768 φέρων.
1774 4693 1942 4763 Ποιή-

281 4801 370 4842 σας
401 4779 470 4836 δὲ
507 4781 597 4834 καὶ
659 4778 905 4851 θαύματα
959 4778 1166 4849 πολλὰ,
1223 4781 1312 4835 καὶ
1369 4781 1556 4853 νεκρὸν
1613 4780 1937 4852 ἀναστήσας,

280 4870 329 4926 ἐν
364 4871 569 4946 εἰρήνῃ
602 4867 903 4942 ἐκοιμήθη,

875 4990 952 5060 τῇ
986 4987 1124 5062 αὖτῇ
1155 4989 1340 5063 ἡμέρᾳ

681 5078 888 5154 Μνήμη
919 5083 1019 5146 τῆς
1051 5075 1198 5138 ὁσίας
1235 5075 1534 5158 Δοδμνίκης.

344 5196 411 5252 Ἡ
443 5193 572 5273 ἁγία
617 5193 858 5267 Δομνίκα
905 5193 1152 5270 ὑπῆρχεν
1199 5193 1286 5248 ἐπὶ
1336 5191 1625 5272 Θεοδοσίου
1680 5197 1779 5257 τοῦ,
1823 5197 1935 5264 Με-

277 5285 478 5359 γάλου,
509 5283 599 5338 καὶ
631 5280 914 5358 διήρκεσεν
941 5285 978 5354 ἡ
1011 5283 1123 5353 ζωή
1148 5283 1316 5365 αὐτῆς
1354 5279 1458 5345 ἕως
1501 5287 1602 5348 τῆς
1658 5282 1938 5357 βασιλείας

280 5374 540 5438 Λέοντος,
571 5372 661 5427 καὶ
709 5374 980 5449 Ζήνωνος.
1038 5367 1278 5449 Ἐγένετο
1312 5363 1391 5430 ’δὲ
1418 5445 1419 5448 η
1450 5373 1510 5429 ἐκ
1559 5367 1659 5442 τῆς
1720 5363 1942 5436 πόλεως

277 5463 652 5536 Καρθαγένης.
684 5461 859 5520 Ἀλλᾶ
887 5461 1260 5534 καταλιποῦσα
1287 5465 1385 5533 τὴν
1439 5461 1578 5520 ἰδίαν
1630 5462 1793 5519 πόλιν
1843 5451 1942 5518 καὶ

279 5551 694 5626 παραγενομένη
754 5551 830 5614 εἰς
868 5552 1470 5621 Κωνσταντινούπολιν,
1537 5552 1590 5628 ἐξ
1655 5552 1937 5608 ἀποκαλύ-

285 5644 433 5713 ψεως
469 5637 744 5717 ὑπεδέχθη
774 5641 922 5715 παρᾶ
980 5641 1278 5718 Νεκταρίου
1331 5647 1427 5697 τοῦ
1481 5639 1786 5716 ἁγιωτᾶτου
1831 5663 1937 5698 πα-

284 5731 554 5811 τριάρχου
601 5727 1257 5813 Κῳνᾳταντινουπόλερς.
1321 5736 1432 5812 Ὃς
1479 5731 1541 5787 οὗ
1574 5730 1761 5810 ,μόνον
1821 5732 1934 5810 sic;

2047 4721 2287 4762 auream
2321 4705 2531 4759 stolam
2564 4709 2793 4776 gestare
2825 4704 2982 4760 clero
3014 4704 3173 4758 visus
3213 4708 3323 4759 est.
3367 4703 3512 4758 Cum
3563 4719 3698 4758 vero

2046 4793 2236 4850 multa
2265 4792 2556 4848 miracula
2585 4790 2889 4855 edidisset,
2940 4797 2999 4846 et
3046 4797 3348 4848 mortuum
3395 4791 3468 4847 ad
3517 4791 3693 4848 vitam

2046 4887 2401 4946 revocasset,
2433 4881 2496 4937 in
2528 4896 2673 4952 pace
2703 4879 3079 4936 obdormivit.

2698 4995 2916 5053 Eodem
2949 4996 3046 5052 die

2289 5083 2387 5159 9.5.
2421 5082 2878 5158 commemoratio
2905 5085 3455 5156 sanctaﬂaminicz.

2119 5200 2336 5279 sancta
2363 5199 2650 5268 Domnica
2695 5201 3024 5270 Theodosio
3083 5203 3288 5276 Magno
3316 5201 3701 5273 Irimperatore

2046 5293 2206 5364 nata,
2239 5287 2383 5346 vixit
2412 5305 2598 5360 usque
2630 5289 2704 5345 ad
2745 5295 3014 5363 tempora
3072 5290 3280 5346 Leonis
3334 5295 3393 5345 et
3449 5291 3701 5348 Zenonis

2045 5376 2495 5452 imperatorum.
2520 5377 2870 5434 Fuitautem
2900 5396 2970 5434 ex
2999 5378 3144 5434 urbe
3172 5379 3562 5452 Carthagine;
3594 5378 3697 5433 sed

2043 5466 2258 5542 relicta
2285 5467 2480 5539 patria
2509 5467 3086 5540 Constantinopolim
3117 5470 3401 5541 profecta,
3435 5469 3537 5524 Dei
3570 5484 3697 5522 mo-

2044 5555 2173 5610 nitu
2204 5561 2448 5630 excepta
2506 5572 2542 5610 a
2595 5557 2863 5628 Nectario
2923 5559 3300 5626 sanctissimo
3360 5557 3700 5629 patriarcha

2045 5644 2727 5719 Constantinopolitano,
2788 5646 2887 5716 qui
2946 5662 3066 5714 non
3120 5647 3316 5717 solum
3389 5645 3701 5700 collocavit

2044 5750 2175 5812 eam
2206 5734 2271 5810 in
2302 5732 2702 5810 monasterio,
2721 5734 2876 5806 quod
2901 5733 3031 5807 ipsa
3060 5734 3437 5805 inhonorem
3497 5729 3718 5796 Sancti,
