4112 6308
436 331 548 391 251

1757 343 1809 403 Μ
1822 337 2183 402 ENOLOGII
2225 338 2430 398 PARS
2477 336 2555 399 ll.

3726 340 3844 399 252

436 472 738 544 prophetae
769 473 1062 529 Zachariae
1095 476 1484 548 instauravit;
1518 481 1620 535 sed
1653 481 1828 535 etiam
1873 478 2070 534 diaco-

2196 475 2382 547 ήγαεν
2439 473 2609 540 αὐτὴν
2669 471 2746 534 είς
2805 475 3198 546 μοναστήριον,
3275 470 3408 546 ὅπερ
3461 474 3497 542 ἠ
3560 473 3690 547 ἁγία
3751 473 3842 530 ἐπ·

437 564 662 618 nissam
694 563 1004 618 ordinavit.
1042 569 1180 622 Post
1210 569 1334 624 hmc
1371 576 1531 626 tanta
1555 571 1800 626 virtutes
1831 579 2086 625 conten-

439 653 598 706 tione
632 653 910 720 exctluit,
947 661 1012 709 ut
1067 663 1125 710 et
1178 659 1600 715 miraculorum
1651 661 1870 715 donum
1906 675 1940 713 a
1975 661 2086 712 Deo

439 742 770 812 acceperit;
806 749 863 796 et
893 746 1235 814 prophetico
1269 750 1444 803 etiam
1506 750 1716 820 spiritu
1765 749 1968 812 ditata,
2017 746 2087 802 de

442 829 577 900 impr
605 831 920 892 ratoribus.
953 835 1322 902 patriarchis,
1385 838 1636 908 aliisque
1681 837 2089 909 compluribus

440 924 812 993 prophetavit
867 927 1028 979 Hunc
1061 927 1119 980 in
1155 930 1395 984 modum
1428 932 1604 986 vitam
1661 931 1998 997 traducens,
2033 935 2092 984 et

441 1012 513 1066 ob
549 1013 765 1067 multas
797 1014 1039 1071 virtutes
1072 1034 1208 1072 suas
1258 1020 1317 1073 in
1372 1038 1601 1076 summo
1661 1021 1884 1076 honore
1933 1021 2090 1091 apud

439 1099 851 1170 imperatores,
887 1111 945 1159 et
973 1107 1339 1176 patriarchas
1371 1109 1591 1175 habita,
1621 1111 1683 1165 in
1712 1127 1856 1182 pace
1873 1109 2089 1165 obdor-

442 1190 626 1246 mivit.

999 1403 1240 1460 EODEM
1278 1407 1424 1462 ΜΕΝ
1429 1406 1530 1464 SE.

1039 1523 1142 1578 Die
1173 1521 1489 1578 undecima

697 1638 800 1694 98
840 1638 1129 1695 Certamen
1158 1644 1337 1696 sancti
1367 1644 1624 1712 martyris
1655 1645 1826 1697 Petri.

511 1753 762 1808 Sanctus
785 1759 1010 1826 martyr
1030 1757 1236 1811 Petrus
1260 1757 1319 1811 in
1353 1773 1499 1830 pago
1537 1761 1701 1814 Anea
1727 1759 1883 1830 apud
1914 1759 2090 1815 Eleu-

440 1843 798 1914 theropolim
832 1850 1028 1904 natus.
1061 1862 1306 1917 corpore
1363 1847 1630 1911 robusto,
1691 1847 1795 1903 sed
1853 1848 1970 1903 ﬁde
2027 1849 2082 1903 in

2200 1839 2412 1907 Ἀνὲας,
2484 1840 2720 1912 πλησίον

437 1930 736 1986 Christum
769 1933 1086 1999 robustior,
1120 1934 1192 1989 ab
1225 1935 1630 1992 adolescentia
1656 1937 1906 1992 senilem
1946 1955 2088 2008 pru-

437 2020 698 2076 dentiam
725 2039 844 2093 praa
869 2039 929 2077 se
944 2023 1330 2080 ferebat.cum
1346 2024 1586 2080 doceret
1601 2043 1808 2082 omnes
1822 2027 1895 2081 ab
1911 2026 2087 2081 idolis

441 2111 741 2177 secedere,
775 2117 835 2166 et
863 2111 936 2166 ad
969 2113 1265 2168 (lhristum
1299 2113 1492 2169 solum
1523 2131 1724 2170 verum
1761 2117 1943 2171 Deum
1978 2116 2078 2170 ho-

435 2199 785 2269 minumque
819 2206 1175 2254 servatorem
1209 2200 1511 2257 accedere.
1545 2203 1682 2266 Quae
1714 2219 1848 2257 cum
1882 2202 1954 2256 de
1985 2202 2086 2256 illo

435 2287 761 2355 accepisset
776 2288 1250 2358 Eleutheropolis
1269 2291 1712 2360 prmses,missis
1731 2291 2088 2346 satellitibus

435 2375 930 2446 comprehensum
953 2377 1349 2447 compellebat
1373 2379 1668 2433 Christum
1686 2379 1919 2448 ejurare
1946 2396 1958 2433 :
1984 2379 2088 2434 sed

437 2479 564 2518 cum
594 2464 665 2518 ad
689 2464 746 2518 id
773 2464 940 2518 illum
971 2465 1251 2520 inducere
1283 2468 1578 2538 nequiret,
1611 2469 1892 2539 praecepit
1919 2474 1983 2523 ut
2029 2468 2088 2522 in

439 2553 746 2608 ardentem
783 2553 1083 2610 fornacem
1118 2555 1270 2624 ignis
1299 2556 1680 2626 injiceretur:
1711 2558 1771 2612 in
1790 2574 1966 2627 quam
1986 2557 2092 2612 im-

435 2644 654 2698 missus
687 2650 949 2707 sanctus,
984 2662 1089 2716 per
1121 2647 1336 2701 multas
1396 2647 1569 2702 horas
1619 2649 1836 2717 gratias
1886 2665 2088 2720 agens,

440 2733 743 2804 Deumque
779 2750 881 2804 pro
915 2734 1092 2789 totius
1125 2736 1354 2798 mundi,
1387 2744 1847 2809 sanctarumque
1895 2737 2088 2793 eccle-

441 2823 662 2877 siarum
697 2823 1129 2894 tranquillitate
1162 2842 1362 2891 orans,
1398 2826 1672 2882 decessit.

2194 561 2470 618 εσκεύασεν
2504 561 2578 623 εἷς
2609 564 2774 634 τιμὴν
2814 568 2910 617 τοῦ
2969 564 3128 636 ἁγίου
3189 565 3482 640 προφήτου
3543 565 3840 638 Ζαχαρίου,

2193 651 2340 706 ἀλλά
2389 651 2478 705 καὶ
2533 649 2781 706 διάκονον
2842 651 3268 726 ἐχειροτόνησεν.
3329 655 3426 708 Καὶ
3495 655 3630 725 μετά
3686 658 3842 708 τοῦτο

2191 746 2423 796 τοσαῦτα
2457 741 2763 815 ἠγωνίσατο
2805 742 2882 803 εἷς
2941 742 3156 815 ἀρετην,
3217 742 3291 804 ὡς
3344 743 3438 796 καὶ
3503 745 3844 818 θαυματουρ-

2195 830 2316 905 γίας
2349 832 2663 905 χαρίσματα
2704 829 2735 886 λ
2778 827 2891 886 δεῖν
2941 834 3087 906 παρᾶ
3130 836 3284 890 Θεοῦ.
3334 831 3513 888 Ἀ).λά
3568 834 3654 886 καὶ
3712 854 3847 902 προ-

2196 929 2460 995 ορατικῶι
2498 922 2891 994 ἀποκαλύψεων
2951 924 3185 993 ἠξιώθη,
3242 925 3330 977 καὶ
3389 925 3516 996 περὶ
3581 923 3843 996 βασιλέων

2195 1015 2587 1088 προεφήτευσε.
2621 1013 2709 1067 καὶ
2742 1011 2864 1088 περῖ
2924 1017 3298 1087 πατριαρχῶν,
3343 1013 3436 1066 καὶ
3489 1013 3612 1085 περὶ
3662 1012 3845 1067 ἄλλων

2195 1101 2444 1157 πολλῶν.
2508 1103 2600 1158 Καὶ
2663 1099 2838 1166 οὕτως
2911 1101 3317 1176 ἀγωνισαμένη,
3397 1103 3491 1156 καὶ
3557 1108 3847 1173 τιμηθεῖσα

2195 1191 2342 1266 παρᾶ
2374 1191 2640 1265 βασιλέων
2674 1188 2765 1245 διά
2788 1192 2885 1258 τήν
2916 1187 3135 1258 πολλην
3168 1191 3337 1255 αὐτῆς
3367 1189 3594 1266 ἀρετὴν,
3644 1190 3845 1262 ὁμοίως

2195 1281 2286 1334 καὶ
2317 1281 2462 1356 παρὰ
2491 1285 2870 1356 πατριαρχῶν,
2904 1279 2957 1335 ἐν
2989 1280 3179 1356 εἰρήνῃ
3212 1280 3511 1353 ἐκοιμήθη.
3799 1279 3807 1286 ’

2751 1399 2850 1456 ΜΗ
2863 1399 2936 1456 ΝΙ
2973 1404 3060 1456 ΤΩ
3098 1403 3288 1456 ΛὶἼὩ.

2979 1517 3068 1574 IA‘

2449 1633 2720 1706 Ἀθλησις
2752 1638 2849 1688 τοῦ
2880 1633 3032 1711 ἆγίου
3067 1636 3338 1710 μάρτυρος
3370 1633 3602 1708 Πέτρου.

2269 1752 2331 1810 Ὀ
2390 1752 2546 1827 ἅγιος
2605 1749 2808 1826 μάρτυς
2872 1750 3098 1825 Πέτρος,
3163 1750 3371 1824 ἐγένετο
3451 1750 3561 1805 ἀπὸ
3639 1751 3845 1826 χωρίου

2810 1838 3334 1912 Ἑλευθεροπόλεως.
3426 1835 3708 1914 ’Δνδρεῖος
3791 1835 3847 1894 δὲ

2197 1929 2460 2005 ὑπάρχων
2509 1934 2589 2001 τῷ
2647 1929 2886 1998 σώματι,
2949 1926 3322 2003 ἀνδρειότερος
3385 1928 3597 2004 ἐγένετο
3645 1931 3715 2000 τῇ
3775 1926 3846 1987 εἷς

2196 2020 2424 2092 Χριστὸν
2457 2016 2656 2074 πῖστει.
2697 2019 2833 2080 Nic:
2866 2016 2925 2072 δὲ
2950 2013 3026 2073 ὥν
3055 2019 3152 2087 τήν
3181 2019 3433 2087 ἡλικίαν,
3492 2017 3560 2072 τά
3611 2021 3719 2071 τῶν
3762 2037 3848 2090 γε·-

2197 2108 2403 2174 ρόντων
2454 2107 2573 2182 εἶχε
2626 2108 2761 2162 κατά
2814 2109 2914 2178 τὴν
2973 2107 3257 2185 φρόνησιν’
3319 2105 3592 2162 διδάσκων
3653 2104 3845 2165 πάντας

2197 2198 2499 2264 ἀποστῆναι
2528 2197 2638 2250 τῶν
2671 2194 2943 2258 εἰδώλων,
2997 2197 3086 2250 καὶ
3131 2193 3460 2269 προσελθεῖν
3508 2199 3588 2266 τῷ
3635 2197 3845 2268 Χριστῷ

2201 2286 2353 2359 μόνῳ
2386 2284 2693 2360 ὑπάρχοντι
2723 2289 2840 2357 Θεῷ
2887 2284 3156 2356 ἀληθινῷ,
3204 2284 3292 2339 καὶ
3349 2291 3563 2355 σωτῆρι
3611 2287 3717 2337 τῶν
3769 2281 3848 2334 ἀν-

2200 2377 2454 2450 θρώπων.
2487 2379 2668 2434 Ταῦτα
2723 2376 2957 2438 ἀκούσας
3016 2375 3140 2449 περὶ
3189 2374 3352 2430 αὐτοῦ
3386 2377 3415 2430 ὁ
3445 2381 3547 2441 τῆς
3603 2372 3843 2428 Ἐλευθε-

2199 2464 2484 2540 ροπόλεως
2543 2463 2753 2540 ἅρχων,
2815 2463 3096 2520 ἀπέστειλε
3151 2464 3241 2518 καὶ
3328 2463 3621 2539 ἐκράτησεν
3672 2460 3844 2527 αὐτὸν,

2196 2552 2286 2607 καὶ
2341 2553 2638 2627 ἠνάγκασεν
2697 2551 3030 2624 ἀρνήσασθαι
3087 2550 3178 2605 τὸν
3234 2551 3492 2625 Χριστόν.
3553 2549 3640 2608 Ὠς
3671 2544 3726 2600 δὲ
3755 2543 3847 2598 οὐκ

2198 2639 2396 2707 ἔπεισε,
2437 2641 2727 2714 προσέταξε
2775 2643 3018 2716 γενεσθαι
3076 2642 3308 2713 κάμινον
3359 2639 3609 2714 μεγάλην
3658 2636 3838 2709 πυρὸς,

2195 2733 2286 2787 καὶ
2318 2731 2430 2786 ἐκεῖ
2461 2726 2811 2801 ἐμϐληθῆνας
2849 2729 3031 2784 αὐτόν.
3095 2731 3197 2787 Καὶ
3243 2737 3342 2798 τῆς
3392 2728 3624 2800 καμίνου
3673 2727 3841 2800 ἀναφ-

2197 2821 2377 2890 θείσης
2437 2815 2704 2889 ὲ“.ε6λήθη
2764 2818 2838 2880 sic
2888 2819 3113 2886 αὐτηνὸ
3147 2817 3300 2892 ἅγιος
3353 2818 3589 2894 χαίρων.
3643 2821 3715 2868 Κα
3790 2811 3838 2865 ἐν

435 2908 571 2980 αὖτῇ
608 2907 695 2962 ἐπὶ
729 2907 968 2974 πολλαῖς
995 2917 1114 2972 ταῖς
1146 2910 1314 2985 ὥραις
1345 2912 1707 2988 εὐχαριστῶν,
1739 2914 1826 2969 καὶ
1859 2913 2300 2990 προσευχόμενος
2329 2914 2408 2982 τῷ
2439 2909 2556 2980 Θεῷ
2589 2909 2721 2982 ὑπὲρ
2750 2915 2850 2978 τῆς
2882 2907 3266 2980 οῗκουμενικῆς
3320 2906 3715 2971 καταστάσεως,
3756 2899 3840 2957 καὶ

433 3001 541 3052 τῶν
576 2998 745 3072 άγίων
777 2998 1141 3070 Ἑκκλησιῶν,
1173 3001 1490 3075 ἐτελειώθη.

1093 3102 1311 3157 Eodem
1344 3104 1438 3159 die

451 3187 549 3243 97
585 3188 1036 3245 Commemoratio
1088 3194 1269 3245 sancti
1326 3196 1508 3249 Patris
1560 3194 1736 3250 nostri
1796 3192 2088 3248 Theodosii

1056 3262 1481 3318 Canobiarchae.

509 3373 757 3430 Sanctus
787 3379 960 3430 Pater
1005 3381 1210 3432 noster
1263 3377 1649 3445 Theodosius,
1697 3385 2088 3452 cognomento

439 3463 886 3527 Caenobiarcba,
914 3481 984 3519 ex
1001 3465 1372 3537 Cappadocia
1391 3467 1505 3538 piis
1525 3468 1870 3540 parentibus
1891 3474 2085 3534 natus,

439 3553 831 3610 monasticam
889 3555 1063 3608 vitam
1127 3556 1454 3627 amplexus,
1514 3558 1773 3629 primum
1846 3557 2087 3629 quidem

435 3641 812 3698 Antiochiam
843 3642 990 3698 abiit
1021 3643 1094 3699 ad
1129 3652 1402 3701 sanctum
1433 3646 1770 3702 Simeonem
1793 3647 2087 3720 Stylitam,

437 3732 606 3801 cujus
634 3731 1052 3788 benedictione
1103 3741 1366 3806 accepta,
1425 3737 1830 3809 Hierosolyma
1877 3737 2085 3808 petiit:

433 3819 570 3875 inde
603 3821 665 3875 in
699 3838 966 3878 eremum
1016 3825 1281 3891 secessit,
1340 3824 1442 3879 ubi
1500 3826 1741 3897 triginta
1791 3843 2086 3880 annorum

435 3910 624 3980 spatio
685 3917 900 3980 prmter
956 3913 1179 3967 caricas
1234 3919 1292 3967 et
1348 3914 1562 3969 herbas
1611 3915 1846 3970 nullum
1902 3915 2086 3970 alium

438 3997 635 4052 cibum
666 4000 936 4069 sumpsit.
971 4001 1114 4054 Tum
1143 4001 1314 4071 plura
1353 4002 1642 4058 miracula
1697 4005 1966 4074 patravit,
2029 4013 2088 4059 et

442 4086 631 4140 multa
669 4086 936 4140 condidit
995 4090 1398 4144 monasteria:
1458 4091 1760 4148 daemones
1817 4094 2086 4148 oratione

437 4172 699 4243 fugavit:
733 4174 794 4226 in
828 4190 1060 4229 summa
1089 4177 1173 4230 rei
1209 4176 1611 4233 frumentariae
1658 4181 1901 4235 caritate
1949 4197 2081 4253 gra-

437 4277 580 4316 num
615 4261 774 4330 quod
802 4279 985 4317 unum
1020 4265 1079 4318 in
1111 4268 1455 4322 monasterii
1489 4268 1700 4324 horreo
1758 4277 2082 4340 repererat,

434 4349 818 4412 benedicens,
851 4358 1038 4407 totum
1072 4355 1352 4411 horreum
1388 4358 1683 4413 frumento
1707 4360 2081 4431 implevit.0b

435 4440 560 4496 haec
582 4441 780 4514 igitur,
803 4442 1038 4513 aliaque
1063 4444 1319 4515 plurima
1340 4445 1608 4518 prodigia
1624 4447 2080 4519 imperatoribus

431 4537 626 4596 notus,
661 4533 885 4603 totique
918 4535 1140 4590 mundo
1200 4535 1272 4590 ob
1317 4536 1560 4591 virtutes
1618 4553 1755 4592 suas
1805 4539 2079 4608 celebris,

439 4621 676 4676 tandem
709 4623 769 4676 in
802 4639 945 4693 pace
975 4624 1250 4680 decessit.

983 4829 1224 4887 EODEM
1262 4831 1516 4888 MENSE.

1014 4948 1116 5004 Die
1149 4948 1501 5005 duodecima

625 5059 727 5116 98
761 5060 1045 5117 Certamen
1071 5069 1274 5117 sancta
1300 5065 1564 5134 martyris
1595 5067 1864 5123 Tatiana.

495 5180 740 5234 Tatiana
753 5186 978 5251 martyr
990 5180 1353 5252 temporibus
1366 5182 1678 5238 Alexandri
1693 5185 2069 5256 imperatoris

428 5285 496 5325 ex
527 5270 774 5341 antiqua
801 5271 986 5325 Roma
1013 5269 1144 5333 fuit,
1179 5276 1341 5342 patre
1395 5271 1572 5326 divite
1628 5289 1696 5329 ac
1739 5273 1950 5342 nobili,
2000 5291 2068 5330 ac

425 5361 664 5414 tertium
726 5359 1002 5430 prmfecto
1061 5364 1218 5414 nata.
1278 5361 1422 5415 Cum
1475 5367 1674 5415 autem
1732 5361 2070 5419 diaconissa

425 5451 600 5512 esset,
637 5445 814 5499 {idem
844 5445 1057 5500 Christi
1091 5445 1376 5517 populum
1411 5446 1698 5513 docendo,
1743 5449 1964 5504 multos
1995 5449 2067 5504 ab

423 5533 600 5589 idolis
640 5535 938 5590 avocabat.
998 5536 1186 5600 Quare
1236 5535 1309 5590 ad
1367 5536 1790 5607 imperatorem
1848 5537 2062 5600 delata,

422 5623 738 5694 missisque
771 5623 1128 5679 satellitibus
1183 5626 1634 5696 comprehensa,
1689 5641 1888 5682 coram
1937 5627 2066 5698 ipso

422 5708 652 5766 sistitur
681 5726 693 5764 :
725 5709 826 5783 qui
856 5710 1022 5769 illam
1047 5725 1248 5770 secum
1277 5711 1342 5768 in
1370 5710 1577 5769 fanum
1605 5710 1902 5770 idolorum
1960 5713 2061 5770 ad-

2786 3101 2866 3171 Τῇ
2910 3099 3048 3170 αὐτῇ
3080 3097 3262 3171 ἡμέρᾳ

2197 3189 2406 3261 Μνήμη
2466 3190 2562 3242 τοῦ
2621 3185 2772 3242 ὁσίου
2833 3187 3059 3261 ΙιειτρρςΔ
3127 3189 3288 3256 ἡμῶν
3376 3183 3667 3243 Θεοδοσίου
3747 3185 3838 3236 τοῦ

2813 3254 3229 3334 Κοινοϐιάρχογυ.

2267 3373 2552 3436 Θεοδόσιος
2584 3374 2688 3428 ὁὲν
2722 3373 2898 3450 ἁγίοις
2954 3375 3139 3448 Πατὴρ
3196 3375 3379 3445 ἡμῶν,
3454 3374 3482 3428 ὁ
3531 3367 3843 3442 ἐπιλεγόμε-

2196 3484 2288 3525 νος
2321 3460 2758 3538 Κοινοϐιάρχης,
2790 3463 2856 3531 ἦν
2898 3462 3004 3517 ἀπὸ
3046 3469 3146 3531 τῆς
3199 3463 3388 3538 χώρας
3449 3455 3839 3526 Καππαδοκίας,

2196 3551 2403 3628 γονὲων
2463 3547 2714 3607 εὐσεϐῶν·
2773 3550 2981 3627 ἐγένετο
3036 3549 3093 3606 δὲ
3153 3550 3418 3626 μοναχός·
3490 3549 3578 3606 καὶ
3633 3551 3835 3618 πρῶτον

2199 3641 2293 3714 μὶν
2325 3640 2566 3709 ἀπῆλθεν
2603 3639 2681 3702 εἷς
2711 3640 3078 3715 Ἀντιόχειαν,
3109 3640 3245 3714 πρὸς
3271 3641 3363 3694 τὸν
3423 3641 3581 3715 ἅγιον
3625 3633 3837 3708 Συμεὼν

2192 3732 2284 3786 τὸν
2320 3729 2608 3800 Στυλίτην.
2641 3731 2744 3789 Καὶ
2800 3728 3072 3803 εὐλογήθη
3132 3731 3259 3804 παρ’
3312 3729 3510 3786 αὐτοῦ.
3576 3725 3709 3784 Εἶτα
3762 3720 3832 3781 εἰς

2191 3821 2259 3876 τά
2313 3819 2694 3896 Ἱεροσόλυμα.
2779 3821 3012 3882 Ἐκεῖθεν
3072 3816 3129 3873 δὲ
3208 3820 3551 3888 κατήντησεν
3604 3814 3692 3874 ἐἷς
3741 3812 3833 3880 τήν

2193 3904 2420 3982 ἔρημον,
2455 3909 2541 3964 ἐπὶ
2572 3910 2867 3982 τριάκοντα
2918 3909 3147 3982 χρόνοις
3205 3904 3365 3981 ἄρτον
3417 3909 3499 3978 μη
3547 3903 3743 3981 φαγὼν,
3787 3897 3830 3953 εἴ

2195 3999 2272 4071 μὴ
2311 3997 2476 4072 μόνας
2511 3995 2760 4072 ίσχάδας,
2799 3996 2887 4051 καὶ
2922 3996 3170 4073 βοτάνας.
3213 3997 3368 4054 Ὅθεν
3424 3995 3657 4051 πλεῖστα
3705 3986 3828 4053 θαύ-

2195 4109 2335 4159 ματα
2379 4087 2619 4158 ὲποίησε·
2676 4088 2765 4141 καὶ
2826 4087 3166 4162 μοναστήρια
3217 4083 3403 4139 πολλά
3460 4082 3824 4149 συνεστήσατοο

2189 4176 2279 4232 καὶ
2311 4174 2572 4250 δαίμονας
2607 4175 2696 4231 διδ.
2752 4182 3066 4250 προσευχῆς
3123 4172 3326 4243 ἐδίωξε.
3377 4177 3560 4245 Λιμοῦ
3605 4168 3660 4225 δὲ
3705 4184 3826 4221 ποτε

2186 4267 2503 4340 γενομένου,
2535 4265 2623 4321 καὶ
2654 4271 2752 4334 τῆς
2786 4265 3070 4334 ἀποθήκης
3123 4267 3220 4318 τοῦ
3273 4260 3644 4335 μοναστηρίου
3688 4261 3820 4310 σῖτον

2190 4358 2265 4428 μή
2298 4356 2555 4432 ἐχούσης,
2595 4351 2688 4410 ἕνα
2743 4354 2936 4408 κόκκον
2995 4353 3189 4427 εὑρὼν,
3248 4352 3334 4405 καὶ
3397 4351 3720 4424 εὐλογήσας,
3774 4341 3819 4432 ἐξ

2188 4444 2394 4500 ἐκείνου
2448 4447 2545 4512 τήν
2633 4445 2919 4513 ἀποθήκην
3003 4441 3152 4495 σίτου
3207 4440 3442 4515 ἐγέμισε·
3507 4437 3595 4494 διά
3656 4433 3709 4488 δὲ
3760 4429 3820 4483 τὶ

2190 4532 2375 4589 πολλὰ
2406 4534 2653 4604 θαύματα
2700 4533 2787 4587 καὶ
2819 4537 2933 4592 τοῖς
2997 4528 3306 4604 ﬁssile-33¢;
3369 4527 3689 4602 ἐγνωρίσθη,
3735 4517 3816 4574 καὶ

2190 4623 2240 4680 ἐν
2276 4622 2394 4696 ὅλῳ
2443 4621 2523 4695 τῷ
2569 4623 2761 4694 κόσμῷ
2820 4618 2907 4674 δια
2964 4621 3061 4688 την
3109 4619 3272 4692 ἀρετή
3329 4613 3655 4690 περιϐόητος
3712 4609 3817 4679 ἐγέ-

2183 4735 2325 4772 νετο.
2353 4712 2455 4769 Καὶ
2487 4710 2628 4767 οὕτω
2659 4711 2834 4775 θανὼν
2863 4707 3179 4777 ἐτελειώθη.

2728 4829 2914 4886 ΜΗΝΙ
2951 4831 3034 4882 ΤΩ
3075 4827 3272 4882 ΑΥΤΩ.

2963 4944 3045 5000 18⁸

2407 5061 2653 5132 Λθλησις
2685 5069 2786 5132 τῆς
2819 5061 2971 5136 ἁγίας
3007 5071 3280 5136 μάρτυρος
3309 5065 3596 5127 Τατιανῆς.

2251 5179 2316 5237 ἸΙ
2353 5180 2557 5252 μάρτυς
2599 5180 2839 5247 Τατιανὴ
2903 5179 3148 5254 ὑπῆρχεν
3209 5177 3315 5233 ἀπὸ
3370 5185 3471 5248 τῆς
3527 5163 3801 5245 πρεσϐυτέ·

2180 5289 2276 5344 ρας
2333 5270 2574 5338 Ῥώμης,
2634 5268 2722 5323 ἐπὶ
2778 5275 2878 5338 τῆς
2937 5267 3213 5344 βασιλείας
3283 5264 3654 5340 Ἀλεξάνδρου,
3707 5274 3804 5309 πα-

2175 5357 2330 5432 τέρος
2389 5357 2655 5413 πλουσίου
2708 5359 2798 5412 καὶ
2883 5356 3132 5432 εὐγενοῦς
3188 5359 3447 5431 θυγάτηρ,
3504 5355 3560 5409 ἐκ
3627 5345 3799 5422 τρίτου

2175 5446 2464 5521 γεγονότος
2518 5444 2783 5521 ἐπάρχου.
2839 5447 2937 5503 Ἢν
3000 5443 3056 5500 δὲ
3109 5447 3202 5500 τὸν
3263 5445 3469 5520 βαθμὸν
3545 5439 3796 5534 διάκονοςζ

2173 5534 2262 5589 καὶ
2296 5535 2408 5588 ἐπεὶ
2448 5532 2696 5598 διάκονος
2751 5535 2882 5589 οὖσα
2940 5531 3185 5588 ἐδίδασκε
3239 5536 3328 5588 τὸν
3391 5533 3518 5588 λαὸν
3569 5528 3632 5581 τά
3683 5528 3795 5593 περξ

2173 5620 2273 5677 τοῖ’)
2332 5626 2587 5698 Χριστοῦ,
2644 5623 2734 5677 καὶ
2791 5621 3046 5684 πολλοὺς
3105 5619 3310 5677 ἔπειθεν
3387 5615 3791 5691 ἀποστρέφεσθιι

2171 5713 2239 5770 τὰ
2264 5708 2488 5785 εἴδωλα,
2522 5706 2787 5786 διεϐλήθη
2817 5713 2897 5786 τῷ
2955 5711 3196 5790 βασιλεῖ.
3248 5712 3310 5771 Ὀ
3361 5707 3420 5770 δὶ
3464 5699 3790 5768 ἀποστείλας»
