4112 6308
254 399 352 461 εδδ
1767 417 2228 483 JANUARIUS.
3587 418 3703 477 25;

267 535 535 612 ἃρᾶττδσεν
595 538 808 612 uini-pa,
873 558 981 603 καὶ
1045 545 1248 624 ἤγαγεν
1303 551 1535 607 ἐνώπιον
1611 551 1796 618 αὐτού,
1853 550 1939 606 καί

2058 551 2316 618 ductam,
2352 549 2598 606 adorare
2623 551 2784 606 idola
2825 551 3243 623 compellebat.
3304 551 3516 604 Sancta
3559 565 3700 604 vero

283 630 656 704 κατηνάγκασεν
721 634 943 706 αὐτὴν,
1003 638 1259 693 εἶσελθεῖν
1324 643 1440 713 μετ’
1498 642 1666 696 αὐτοῦ
1724 640 1798 702 εἷς
1855 642 1939 695 τὸν

2060 658 2256 708 orans,
2314 641 2473 696 idola
2528 641 2600 696 ad
2659 648 2876 696 terram
2937 642 3154 714 dejecit
3210 641 3702 711 comminuitque.

294 721 398 775 ναὸν
450 725 556 774 τῶν
612 720 908 796 εἰδώλων,
975 728 1067 782 καὶ
1135 737 1526 803 προσκυνῆσαι.
1587 731 1648 787 ’11
1709 727 1767 784 δὲ
1826 731 1939 806 ἁγία

2059 731 2450 797 Quamobrem
2485 732 2544 786 in
2576 731 2725 786 facie
2757 731 3023 797 caeditur,
3057 732 3364 802 oculisque
3389 732 3618 785 elTossis
3641 731 3703 784 in

297 809 612 876 εἰσελθοῦσα,
646 808 739 866 διὰ
768 823 1102 892 προσευχῆς
1158 819 1440 892 συνέτριψε
1485 820 1554 874 τὰ
1602 817 1826 885 εἴδωλα,
1856 818 1939 872 καὶ

2058 821 2380 892 equuleum
2412 827 2541 876 acta
2567 821 2911 889 dilaniatur,
2944 828 3001 877 et
3031 823 3324 877 adfcutem
3357 821 3546 892 capite
3572 827 3704 875 ton-

300 900 365 960 εἱς
419 906 518 974 γῆν
573 897 818 976 ἔρριψεν.
885 906 1022 958 Εἶτα
1094 904 1346 961 τύπτεται
1425 909 1559 962 κατὰ
1624 913 1720 962 τοῦ
1778 929 1939 978 προσ-

2057 911 2250 966 detur.
2274 913 2418 966 Tum
2442 911 2502 964 in
2523 911 2718 983 ignem
2743 912 3137 982 projecta,sed
3160 911 3308 965 nihil
3333 910 3704 977 Iarsa,bestiis

299 989 460 1059 ώπου,
493 989 745 1051 καὶτοὺς
793 992 1122 1070 ὀφθαλμοὺς
1180 996 1543 1070 ἐξορύσσεται·
1603 997 1694 1051 καὶ
1742 1017 1939 1073 κρεμα-

2059 1001 2406 1072 exponitur:
2439 1017 2473 1056 a
2503 1001 2718 1072 quibus
2751 1007 2972 1073 erepta,
3003 1002 3195 1073 capite
3223 1000 3484 1066 demum,
3518 1001 3704 1072 impe-

297 1081 466 1134 σθεῖσα
495 1079 818 1152 ξέεται,καὶ
877 1085 1098 1159 ξιερᾶται
1152 1086 1250 1154 τὴν
1308 1085 1576 1164 κεφαλήν.
1626 1089 1760 1144 Εἶτα
1817 1087 1939 1161 πυρὲ

2056 1091 2272 1144 ratoris
2293 1090 2494 1161 jussu,
2525 1091 2823 1161 plectitur.

295 1166 586 1239 παρεδόθη.
623 1169 722 1224 Καὶ
758 1171 923 1246 ὑγιὴς
946 1173 1252 1244 ἐξελθοῦσα,
1311 1177 1668 1251 θηριομαχεῖ·
1717 1176 1806 1230 καὶ
1852 1180 1960 1231 τῶν
2012 1177 2218 1253 θηρίων
2277 1175 2633 1252 λυτρωθεῖσα,
2676 1181 2745 1252 τῇ
2797 1179 3083 1253 προστάξει
3138 1181 3234 1232 τοῦ
3293 1177 3563 1252 βασιλέως
3603 1178 3704 1246 τήν

291 1257 531 1336 κεφαλὴν
557 1258 877 1333 ἀπετμήθη.

882 1393 961 1463 τῇ
1000 1389 1137 1464 αὐτῇ
1177 1391 1363 1466 ἡμέρᾳ

501 1475 779 1547 ’Δθλησις
809 1481 906 1533 τοῦ
937 1479 1094 1554 ἁγίου
1121 1481 1397 1557 μάρτυρος
1436 1481 1730 1558 Μεορτίου.

356 1637 538 1699 Οὗτος
587 1639 929 1712 στρατιώτης
957 1639 1026 1708 ἦν
1057 1639 1145 1695 ἐπὶ
1199 1646 1299 1710 τῆς
1359 1639 1640 1716 βασιλείας
1701 1638 1945 1712 Διοκλη-

288 1731 501 1796 τιανοῦ,
568 1724 918 1803 ἀνδραγαθῶν
976 1729 1114 1784 κατᾶ
1191 1733 1300 1784 τῶν
1359 1725 1658 1806 Βαρϐάρων
1717 1727 1769 1783 ἐν
1824 1734 1942 1792 τοῖς

288 1815 588 1889 ⁴πολέμοις,
623 1815 713 1870 καὶ
762 1815 1121 1891 ἀγαπώμενος
1173 1819 1264 1873 καὶ
1311 1819 1458 1892 παρὰ
1501 1823 1599 1874 τοῦ
1651 1817 1940 1895 βασιλέως,

286 1907 366 1959 καί
427 1904 584 1979 παρᾶ
640 1909 748 1960 τῶν
808 1910 1244 1981 συστρατιῶτων.

283 1994 612 2066 Χριστιανός
672 1993 804 2062 ἐστι,
857 1995 948 2050 καὶ
1006 1997 1316 2071 κρατηθεὶς,
1375 1997 1464 2050 καὶ
1522 1994 1718 2060 δεθεὶς,
1789 1995 1940 2070 ἤχθη

285 2083 522 2139 ἐνώπιον
582 2086 687 2137 τοῦ
749 2081 1043 2158 βασιλεως.
1099 2085 1199 2142 Καὶ
1258 2089 1477 2160 πρῶτον
1539 2085 1633 2158 μὶν
1703 2084 1944 2141 ἐκδύεται

278 2175 373 2242 τήν
434 2175 847 2247 στρατιωτικήν
904 2173 1231 2242 πανοπλίαν,
1286 2175 1376 2230 καὶ
1431 2176 1531 2244 τήν
1617 2175 1792 2244 ζώνην
1847 2179 1946 2230 τοῦ

277 2263 618 2334 ἀξιώματος.
685 2262 814 2318 [εἶτα
869 2261 1025 2332 ἐδέθη
1086 2263 1145 2318 ἐκ
1193 2265 1488 2338 τεσσάρων,
1545 2263 1636 2318 καὶ
1691 2263 1945 2319 ἐτύπτετο

280 2350 556 2418 ἀνηλεῶς.
621 2352 742 2406 Ἐπὶ
804 2350 1038 2414 πολκαῖς
1099 2349 1156 2406 δὲ
1205 2358 1323 2414 ταῖς
1379 2351 1547 2428 ὥραις
1604 2355 1946 2425 τυπτομένου

279 2441 472 2504 αὐτοῦ,
533 2436 666 2494 οὐδὲ
723 2441 823 2512 μία
881 2439 1216 2513 ἀνεπέμπετο
1303 2441 1468 2496 αὐτοῦ
1534 2445 1711 2520 φωνή.
1775 2444 1834 2500 Ὀ
1888 2440 1947 2498 δὶ

280 2529 548 2606 βασιλεὺς
582 2532 803 2598 θεωρῶν
867 2530 1045 2598 αὐτὸν,
1105 2535 1219 2593 πῶς
1278 2531 1536 2604 ὑπομένει
1593 2532 1689 2594 τὰς
1750 2533 1942 2606 μάστι.

279 2621 533 2695 γας,καὶ
557 2623 658 2683 τας
712 2620 977 2683 τοσαύτας
1026 2621 1262 2696 πληγὰς,
1313 2620 1602 2696 ἐθαύμαζε.
1657 2621 1753 2676 Καὶ
1805 2623 1941 2698 πρὸς

286 2712 415 2772 τους
446 2709 804 2785 παρεστῶτας
859 2712 1191 2785 στρατιώτας
1250 2707 1422 2785 ἔλεγε,
1479 2712 1726 2773 Ποταπὸς
1782 2731 1944 2784 στρα-

292 2803 496 2868 τιώτης
553 2800 737 2862 κακῶς
797 2801 1171 2870 ἀποθνήσκειί
1228 2801 1318 2863 Ὠς
1370 2797 1428 2856 δὶ
1484 2799 1592 2875 οὐχ
1649 2801 1941 2875 ηὑρίσκετο

307 2888 468 2950 τόπος
500 2889 644 2962 ὑγιὴς
670 2888 751 2951 είς
783 2889 846 2944 τὸ
905 2893 1067 2962 σῶμα
1113 2889 1302 2960 αὐτοῦ,
1362 2889 1580 2965 ἀφείθη·
1634 2889 1723 2944 καὶ
1777 2889 1940 2965 ἆπερ-

305 2975 433 3054 ﬂe);
465 2976 606 3050 ἑντῇ
667 2974 909 3055 φυλακῇ·
966 2977 1057 3033 καὶ
1103 2977 1358 3051 ψάλλων,
1411 2977 1501 3033 καὶ
1559 2979 1940 3054 προσευχόμεο

295 3086 402 3134 νος,
437 3066 572 3139 μετὰ
601 3065 752 3123 ὀκτὼ
781 3067 994 3141 ἡμέρας
1025 3065 1368 3137 ἐτελεύτησε.

877 3158 959 3230 Τῇ
991 3155 1129 3228 αὖτῇ
1160 3155 1344 3232 ἡμέρᾳ

279 3250 550 3323 Ἀθλησις
609 3254 707 3308 τού
785 3253 947 3329 ἁγίου
1000 3253 1321 3380 ’ἒῖανασίου
1395 3256 1493 3308 τοῦ
1557 3251 1933 3329 ὁμολογητοῦ.

1059 3346 1082 3380 ε
1109 3345 1218 3380 πει.

1009 3333 1218 3384 Λείπει.

843 3423 1027 3480 MHNI
1066 3429 1156 3503 τᾳ
1195 3426 1386 3501 ΑΥΤᾳ.

1073 3521 1152 3578 II"

291 3617 553 3689 Ἀθλησις
635 3622 744 3674 τῶν
826 3618 995 3694 ἁγίων
1083 3618 1369 3694 μαρτύρων

924 3697 1030 3765 Στρ
1039 3691 1310 3750 ατονίκου.

359 3779 526 3836 Οὗτοι
587 3779 642 3833 οἳ
691 3779 836 3853 ἅγιοι
888 3780 1136 3855 ὑπῆρχον
1190 3780 1279 3834 ἐπὶ
1329 3782 1607 3836 Λικιννίου
1653 3785 1750 3836 τοῦ
1793 3781 1942 3856 βασι.

297 3865 452 3928 λὲως.
512 3867 618 3924 Καὶ
652 3869 680 3924 ὁ
715 3871 808 3940 μὶν
870 3870 1025 3945 ἅγιος
1082 3869 1358 3945 Ἐρμύλος
1412 3871 1480 3940 ἦν
1539 3867 1790 3932 διάκονος
1839 3876 1938 3938 τῆς

290 3957 622 4028 Ἐκκλησίας
682 3960 937 4032 Χριστοῦ·
985 3955 1276 4034 διατρίϐων
1330 3957 1387 4015 δὲ
1419 3962 1446 4015 ὁ
1481 3960 1748 4023 Λικίννιος
1778 3960 1830 4015 ἐν
1860 3964 1940 4032 τῷ

291 4051 524 4117 ποταμῷ
581 4043 831 4117 Δούναὸἰ,
907 4048 998 4103 καὶ
1080 4048 1314 4111 ἀκούσας
1393 4051 1517 4121 περὶ
1601 4047 1697 4104 τοῦ
1783 4048 1938 4124 ἁγίου

287 4133 592 4209 Top-3100,
650 4135 863 4192 ἐπίασεν
928 4137 1112 4207 αὐτὸν,
1169 4138 1260 4192 καὶ
1323 4139 1459 4210 μετᾶ
1543 4137 1784 4213 σιδηρῶν
1846 4138 1937 4212 ῥα-

287 4219 455 4280 ϐδίων
486 4225 871 4296 ἐτιμωσήσατο
895 4225 1077 4282 αὐτόν.
1112 4227 1240 4282 Εἶτα
1269 4223 1586 4283 ἁπέκλεισεν
1648 4227 1726 4290 είς
1776 4228 1943 4304 φυλα-

285 4316 408 4384 κήν,
439 4315 822 4389 παραγγείλας
856 4315 1204 4389 Στρατονίκῳ
1233 4320 1312 4387 τῷ
1368 4315 1673 4391 στρατιώτῃ
1729 4315 1937 4394 φυλάτ-

284 4424 391 4458 τειν
425 4405 619 4460 αὐτόν.
655 4403 944 4465 ’Βλθᾶντος
1012 4401 1069 4459 δὲ
1122 4403 1380 4480 ἀγγέλου,
1439 4405 1530 4460 καὶ
1587 4405 1939 4480 παραμυθου-

288 4502 452 4565 μενου
485 4494 581 4548 τὸν
613 4494 766 4567 ἅγιον
831 4493 1128 4568 Ἐρμύλον,
1189 4495 1408 4570 ἐθεώρει
1461 4495 1520 4550 ἐκ
1576 4501 1676 4563 τῆς
1725 4493 1943 4570 θυρίδος

283 4591 382 4652 τῆς
442 4581 700 4656 φυλακῆς
756 4584 785 4637 ὁ
840 4583 1225 4658 Στρατόνικος,
1284 4583 1374 4638 καὶ
1462 4583 1740 4639 ἐπίστευοε
1821 4585 1942 4647 καθ’

1479 3618 1758 3696 Ἑρμύλου
1850 3621 1937 3676 καὶ

1331 1907 1692 1982 Διαγνωσθεὶς
1751 1905 1808 1963 δὲ
1859 1906 1942 1963 ὅτι
1978 1927 2022 1992 Β

2710 1396 2930 1452 Eodem
2957 1395 3054 1452 die

2284 1485 2386 1542 99
2419 1485 2702 1542 Certamen
2729 1488 2910 1541 sancti
2937 1488 3195 1556 martyris
3215 1487 3453 1542 Meortii.

2128 1631 2232 1687 Hic
2264 1632 2628 1688 Diocletiano
2659 1633 3018 1703 imperatore
3051 1632 3222 1687 miles
3247 1631 3378 1699 fuit,
3411 1636 3470 1687 et
3499 1632 3574 1688 ob
3594 1647 3703 1686 na-

2054 1728 2246 1778 vatam
2279 1723 2508 1796 egregie
2533 1721 2812 1778 adversus
2868 1721 3152 1777 barbaros
3201 1738 3465 1794 operam,
3509 1722 3702 1792 impe-

2051 1811 2233 1867 ratori
2265 1827 2432 1883 asque
2453 1827 2520 1867 ac
2541 1811 3046 1867 commilitonibus
3076 1811 3291 1866 charus
3316 1827 3330 1876 ;
3354 1810 3701 1865 Christianae

2054 1904 2253 1954 tamen
2270 1899 2406 1954 fidei
2423 1915 2600 1955 causa
2616 1899 3342 1970 comprehensus,vinctus
3359 1897 3703 1969 perducitur

2059 1988 2132 2042 ad
2155 1988 2594 2060 imperatorem.
2627 1991 2709 2044 Ac
2739 1988 2998 2059 primum
3020 1987 3256 2058 quidem
3283 1987 3463 2042 armis
3488 1986 3703 2041 milita-

2055 2077 2240 2140 ribus,
2276 2083 2336 2132 et
2363 2078 2599 2150 cingulo
2630 2077 2936 2150 dignitatis
2967 2078 3224 2131 exuitur.
3265 2078 3409 2131 Tum
3443 2091 3512 2130 ex
3551 2092 3699 2146 qua-

2057 2171 2192 2221 tuor
2221 2167 2487 2238 partibus
2517 2167 2812 2239 alligatus,
2844 2166 3186 2238 gravissime
3208 2165 3489 2220 caeditur:
3539 2181 3704 2220 cum-

2057 2272 2172 2327 que
2202 2273 2309 2328 per
2331 2257 2549 2311 multas
2572 2256 2749 2310 horas
2772 2254 3436 2316 verberaretur.nullam
3461 2271 3703 2324 prorsus

2053 2361 2255 2400 vocem
2280 2345 2699 2404 emittebat.ita
2720 2351 2783 2400 ut
2803 2345 3125 2416 imperator
3145 2344 3370 2403 videns.
3387 2359 3503 2414 quo
3528 2342 3702 2397 modo

2054 2435 2288 2506 ﬂagella
2319 2435 2640 2508 plagasque
2673 2435 2979 2506 perferret,
3011 2433 3404 2505 obstupuerit.
3429 2438 3702 2488 etastan-

2054 2524 2210 2580 tibus
2236 2524 2528 2580 militibus
2585 2523 2838 2579 dixerit:
2899 2524 2980 2578 En
3040 2523 3234 2594 qualis
3292 2523 3464 2576 miles
3522 2538 3701 2592 quam

2053 2615 2271 2670 misere
2303 2613 2585 2668 moritur!
2614 2616 2755 2668 Cum
2790 2613 2968 2684 igitur
3005 2613 3207 2667 nullus
3257 2618 3415 2667 esset
3461 2611 3522 2666 in
3581 2617 3702 2666 toto

2053 2704 2184 2776 ejus
2215 2719 2460 2773 corpore
2492 2702 2620 2756 sine
2652 2702 2892 2758 vulnere
2924 2702 3108 2765 locus,
3130 2700 3412 2756 dimissus
3443 2707 3552 2763 est,
3573 2701 3702 2756 etin

2051 2808 2350 2850 carcerem
2381 2792 2691 2847 detrusus:
2724 2791 2823 2846 ubi
2857 2791 3139 2862 psallens,
3173 2797 3231 2847 et
3267 2807 3465 2856 orans,
3497 2797 3700 2846 octavo

2051 2888 2186 2956 post
2215 2881 2308 2937 die
2337 2881 2612 2938 decessit.

2695 3174 2914 3232 Eodem
2947 3174 3043 3230 die

2188 3266 2344 3322 ιοο
2375 3265 2658 3322 Certamen
2685 3268 2864 3322 sancti
2891 3266 3188 3322 Athanasii
3210 3267 3548 3334 confessoris.

2773 3359 2964 3411 Deest.

2602 3445 2841 3501 EODEM
2882 3445 3133 3500 MENSE.

2582 3534 2684 3590 Die
2714 3535 2949 3590 decima
2978 3535 3153 3591 tertia

2047 3625 2196 3680 τοι
2261 3623 2544 3680 Certamen
2599 3630 2913 3750 sanggrutm
2945 3630 3277 3708 .martyrum
3345 3623 3587 3696 Hermyli
3641 3630 3694 3679 et

2803 3711 2837 3750 a
2863 3710 3029 3749 omct.

2803 3710 3029 3750 αιοηιοι.

2118 3784 2220 3838 Isti
2279 3783 2467 3839 sancti
2525 3782 2748 3838 Licinio
2801 3783 3156 3855 imperatore
3211 3783 3574 3838 claruerunt.
3626 3785 3697 3838 Et

2048 3877 2288 3928 sanctus
2319 3871 2561 3942 quidem
2593 3871 2904 3942 Hermylus
2933 3872 3217 3926 diaconus
3246 3876 3373 3926 erat
3417 3871 3692 3928 Ecclesiae

2046 3959 2285 4026 Christi,
2318 3960 2408 4031 cuj
2423 3977 2488 4014 us
2515 3959 2736 4014 famam
2765 3976 2899 4015 cum
2934 3960 3211 4028 Licinius,
3243 3960 3344 4031 qui
3383 3959 3538 4031 apud
3572 3960 3691 4015 Da-

2049 4049 2298 4106 nubium
2330 4049 2572 4105 ﬂuvium
2603 4051 3691 4123 morabatur,audisset,comprehcndi

2039 4139 2243 4211 jussit,
2297 4138 2592 4210 virgisque
2647 4138 2856 4194 ferreis
2940 4145 3276 4207 contusum,
3335 4141 3398 4194 in
3456 4156 3690 4194 carcere

2047 4227 2380 4283 Stratonice
2410 4227 2584 4282 militi
2617 4228 3069 4283 custodiendum
3100 4228 3360 4284 tradidit.
3404 4228 3688 4284 Stratoni-

2047 4333 2152 4373 cus
2181 4333 2314 4372 vero
2342 4331 2477 4371 cum
2508 4333 2579 4371 ex
2603 4315 2864 4372 fenestra
2891 4317 3146 4372 carceris
3177 4318 3454 4390 angelum
3487 4322 3690 4372 sancto

2049 4407 2430 4472 assidentem,
2463 4422 2718 4478 eumque
2771 4409 3178 4463 consolantem
3226 4408 3488 4471 vidisset,
3533 4407 3689 4462 ultro

2049 4496 2263 4552 Christi
2296 4495 2474 4550 fidem
2507 4496 2785 4566 suscepit,
2821 4502 2879 4550 et
2909 4497 3182 4566 Hermylo
3215 4496 3473 4551 amicum
3505 4511 3566 4550 se
3585 4495 3687 4549 ad-

2042 4587 2264 4659 junxit.
2297 4585 2554 4640 Eductus
2584 4591 2781 4640 autem
2813 4601 2843 4640 e
2870 4585 3139 4640 custodia
3170 4584 3502 4656 Hermylus,
3552 4601 3688 4640 cum

286 4654 470 4728 ὶαυτὸν
509 4678 591 4744 τῷ
625 4674 840 4748 Χριστῷ
879 4654 968 4728 καὶ
1015 4671 1222 4750 ἐγένετο
1272 4671 1433 4752 φίλος
1489 4679 1587 4730 τοῦ
1637 4674 1934 4750 Ἑρμύλου.

2056 4654 2120 4731 ad
2149 4673 2464 4731 colendum
2496 4672 2656 4728 idola
2685 4673 2905 4729 frustra
2936 4680 3194 4729 tentatus
3213 4654 3439 4743 fuisset,
3473 4674 3689 4730 iterum

286 4759 618 4831 Ἐκὸληθεῖς
651 4758 707 4816 δὲ
759 4769 861 4832 τῆς
922 4761 1218 4838 φυλακῆςὸ
1259 4761 1553 4837 ’Βρμ-ὃλος,
1599 4763 1933 4837 ἠναγκάζετο

288 4858 660 4924 προσκυνῆσαι
717 4857 834 4913 τοῖς
886 4849 1164 4912 εἰδώλοις.
1223 4852 1328 4908 Καὶ
1385 4853 1460 4924 μὴ
1520 4853 1774 4917 πεισθεὶς,
1835 4852 1933 4906 τύ-

290 4961 472 4996 tuto:
511 4939 648 5013 μετὰ
675 4935 936 5015 ῥαϐδίων.
981 4941 1112 4996 Εἶτα
1170 4941 1305 5012 μετὰ
1364 4940 1580 5016 ὀνύχων
1635 4941 1792 4996 ἀετοῦ
1849 4940 1932 4996 δί-

292 5031 515 5106 ιαχισαν
543 5031 645 5097 τήν
676 5027 893 5084 κοιλίαν
928 5027 1092 5084 αύτοῦ
1123 5029 1210 5084 καὶ
1244 5029 1343 5097 τήν
1374 5027 1618 5101 καρδίαν.
1670 5031 1846 5104 Ὀρῶν
1877 5026 1934 5084 δὶ

291 5120 316 5174 ὁ
376 5118 740 5192 Στρατόνικος
797 5115 1044 5173 ἔκλαυσε’
1099 5117 1190 5172 καὶ
1245 5119 1506 5191 γνωσθεὶς
1590 5118 1930 5193 ἐτιμωρήθη.

291 5208 391 5265 Καὶ
450 5207 755 5285 ἀμφότεροι
813 5205 1051 5284 ῥιφέντες
1113 5203 1165 5260 ἐν
1214 5211 1296 5278 τῷ
1364 5210 1596 5280 ποταμῷ
1681 5201 1932 5276 Δούναϐι,

292 5296 578 5368 ἕτελειώθη
586 5317 706 5356 σαν.

833 5384 1016 5442 MHNI
1058 5385 1150 5442 ΤΩ
1186 5385 1389 5442 ΑΥΤΩ.

1073 5483 1147 5540 ίΔ⁹

290 5583 548 5656 ’Δθλησις
598 5587 714 5641 τῶν
779 5581 942 5656 ὁσίωχ
1001 5581 1301 5656 Πατῇρωνῌ
1333 5582 1496 5654 ἡμῶν
1581 5586 1691 5638 τῶν
1748 5581 1800 5638 ἐν
1857 5586 1938 5654 τῷ

743 5657 882 5724 Σινᾷ
910 5647 1026 5726 ὄρει
1052 5647 1444 5709 τελειωθέντων
1459 5694 1476 5716 .

349 5758 479 5820 Ἀπὸ
509 5753 806 5833 διαφόρων
837 5752 1020 5806 τόπων
1069 5751 1156 5806 καὶ
1206 5752 1428 5828 χωρίων
1483 5751 1534 5806 οἱ
1584 5751 1731 5828 ἅγίοι
1789 5752 1937 5808 οὗτοι

2042 4765 2220 4838 virgis
2245 4763 2511 4828 caeditur,
2541 4768 2600 4817 et
2629 4763 2866 4835 ungulis
2918 4763 3202 4834 aquilinis
3249 4765 3310 4820 in
3357 4770 3580 4831 ventre,
3633 4769 3689 4820 et

2043 4853 2223 4910 corde
2281 4851 2672 4922 discerpitur:
2733 4852 2890 4922 quod
2946 4853 3149 4908 videns
3215 4854 3600 4921 Stratonicus,
3653 4871 3690 4910 θ.

2043 4941 2325 5014 lacrymis
2355 4939 2467 4994 sibi
2487 4944 2816 5012 temperare
2838 4957 2958 4996 non
2981 4942 3190 5013 potuit.
3207 4944 3397 5009 Quare
3419 4943 3688 5016 cognitus

2046 5039 2104 5088 et
2131 5032 2258 5103 ipse
2289 5028 2681 5086 excruciatur.
2711 5029 2900 5086 Ambo
2947 5030 3207 5103 denique
3235 5032 3299 5089 in
3351 5033 3687 5089 Danubium

2045 5121 2290 5179 ﬂuvium
2321 5117 2602 5187 demersi,
2635 5120 2816 5177 vitam
2848 5120 3152 5178 finierunt.

2593 5412 2834 5470 EODEM
2871 5410 3124 5467 MENSE.

2563 5503 2668 5558 Die
2696 5501 2928 5558 decima
2955 5505 3168 5572 quarta

2050 5591 2201 5648 102
2231 5591 2511 5648 Certamen
2558 5599 2874 5647 sanctorum
2932 5595 3160 5644 Patrum
3206 5595 3539 5655 nostrorum,
3590 5591 3687 5658 qui

2472 5666 2532 5717 in
2561 5668 2740 5718 monte
2765 5663 2928 5718 Sinai
2955 5662 3079 5714 caesi
3103 5666 3248 5714 sunt.

2121 5754 2202 5809 Ex
2232 5751 2478 5808 diversis
2507 5750 2658 5805 lucis
2707 5749 2996 5820 terrisque
3045 5747 3138 5802 isti
3189 5747 3376 5803 sancti
3424 5746 3682 5801 fuerunt.
