4114 6306
352 317 468 392 ass

1666 317 1713 376 Μ
1727 314 2102 378 ENOLOGlI
2144 321 2356 389 PARS
2399 327 2451 388 II
2465 372 2480 387 .

3643 332 3764 395 256

353 452 646 526 Saeculum
669 457 890 519 autem,
923 457 982 507 et
1011 453 1400 524 propinquos,
1423 468 1683 524 opesque
1714 450 1996 522 abdican-

2132 455 2481 540 ιπάρχοντσς,
2513 463 2724 540 ἀφῆκαν
2751 465 2844 519 τὸν
2891 464 3122 538 κόσμον,
3169 463 3260 521 καὶ
3314 472 3611 540 συγγενεῖς,
3668 467 3775 522 καῖ’

354 548 443 599 tes
490 543 548 596 in
572 549 836 597 montem
864 542 1003 596 Sina
1025 559 1086 608 se
1131 547 1511 613 receperu.1t,
1561 541 1762 612 ibique
1794 556 2009 596 mona-

356 633 449 690 chi
488 631 623 686 facti
657 636 818 688 sunt.
851 632 966 686 Deo
999 631 1110 686 soli
1172 631 1514 694 servientes,
1571 635 1627 684 et
1676 630 2007 700 agrestibus

357 720 558 777 herbis
592 737 695 792 pro
729 719 858 774 cibo
889 726 1125 776 utentes
1153 737 1164 772 :
1200 720 1260 774 in
1294 737 1549 791 quorum
1582 736 1831 774 numero
1883 724 2010 774 erat

358 816 598 867 sanctus
629 809 792 864 Nilus
826 809 967 864 olim
999 809 1511 880 Constantinopoli
1555 809 1886 878 prmfectus,
1922 807 2010 862 vir

361 900 598 972 sapiens
632 904 690 953 et
718 899 870 968 pius,
922 899 1021 969 qui
1081 899 1353 954 abdicata
1411 905 1651 970 propter
1707 898 2006 954 Christum

359 989 559 1044 saeculi
591 988 780 1057 gloria
810 1004 877 1042 ac
910 988 1150 1054 divitiis,
1180 988 1541 1059 pauperibus
1572 988 1882 1044 monachis
1914 1004 2008 1042 so—

359 1079 518 1134 cium
554 1093 613 1131 se
647 1077 938 1147 adjunxit.
998 1076 1105 1131 Sed
1169 1077 1387 1132 diaboli
1446 1077 1670 1132 invidia
1726 1077 2009 1132 adversus

361 1173 598 1223 sanctos
620 1168 822 1220 Patres
854 1166 1168 1220 concitavit
1197 1173 1427 1239 agreste
1461 1173 1518 1222 et
1547 1166 1708 1222 ferox
1743 1167 2009 1237 Blemyo-

360 1275 491 1312 rum
549 1275 756 1330 genus,
815 1257 974 1328 quod
1055 1258 1268 1313 Arabia
1326 1275 1514 1328 usque
1573 1259 1632 1313 in
1702 1260 2009 1329 AEgyptum

361 1363 525 1402 mare
555 1348 922 1418 Erythrarum
954 1347 1182 1402 accolit.
1217 1347 1282 1402 Hi
1335 1364 1438 1418 spe
1487 1349 1744 1416 ingentis
1795 1345 2010 1418 praedas

360 1436 608 1503 inducti,
643 1436 705 1491 in
755 1435 1079 1491 monachos
1137 1437 1538 1492 incursionem
1605 1437 1847 1492 fecere:
1907 1435 2011 1490 sed

360 1543 494 1582 cum
525 1525 676 1604 nihil
706 1532 922 1598 prmter
952 1531 1176 1600 storeas
1209 1533 1267 1580 et
1287 1527 1480 1596 cilicia
1502 1531 1737 1598 patrum
1753 1525 2012 1580 invenis-

362 1615 581 1682 sent,in
605 1615 864 1670 furorem
890 1615 1065 1682 versi,
1099 1615 1449 1686 innocentes
1468 1614 2008 1689 virosjugularunt.

360 1707 551 1778 Atque
581 1705 740 1784 hunc
773 1705 834 1760 in
865 1704 1108 1761 modum
1137 1705 1324 1760 sancti
1358 1705 1448 1774 illi,
1479 1704 1812 1762 decessere.

1021 1910 1242 1966 Eodem
1269 1909 1366 1966 die

364 2030 519 2085 103
579 2029 1034 2084 Commemoratio
1107 2034 1424 2084 sanctorum
1483 2029 1734 2090 Patrum,
1798 2030 1898 2098 qui
1953 2029 2013 2082 in

433 2103 617 2156 eodem
649 2111 832 2156 monte
860 2101 1020 2156 Sinai
1045 2116 1080 2154 a
1110 2100 1344 2169 Blemyis
1384 2099 1730 2156 Diocletiano
1773 2103 2012 2170 impera-

436 2181 554 2228 tore
583 2175 749 2228 occisi
771 2179 916 2228 sunt.

434 2289 535 2343 Isti
559 2287 924 2343 Diocletiano
951 2286 1330 2357 imperatore,
1357 2291 1415 2342 et
1441 2287 1616 2340 Petro
1640 2285 2013 2341 Alexandria;

364 2378 809 2448 archiepiscopo
839 2377 902 2430 in
935 2383 1135 2431 monte
1167 2376 1324 2431 Sinai
1353 2377 1668 2431 asceticam
1691 2375 1868 2430 vitam
1903 2374 2012 2431 du-

363 2467 596 2523 cebant.
621 2469 914 2521 Exeuntes
937 2472 1132 2522 autem
1157 2466 1429 2522 Saraceni
1451 2483 1521 2520 ex
1546 2465 1786 2521 incultis
1811 2465 2012 2520 deser-

360 2557 558 2628 tisque
583 2556 730 2612 locis
744 2561 877 2627 post
899 2555 1066 2610 ducis
1088 2555 1328 2610 illorum
1351 2555 1828 2620 obitum,multos
1845 2559 2015 2610 Asce-

370 2649 458 2701 tas
489 2645 954 2701 interfecerunt:
987 2646 1218 2700 caeteris
1249 2650 1447 2700 autem
1479 2662 1614 2700 sese
1641 2646 1704 2700 in
1729 2645 2011 2700 munitio-

367 2751 504 2792 nem
527 2734 972 2806 recipientibus,
997 2739 1171 2790 nocte
1192 2735 1318 2790 visa
1335 2739 1430 2789 est
1448 2735 1757 2790 Saracenis
1774 2735 2016 2790 flamma

370 2825 526 2898 ignis
549 2831 736 2880 totum
763 2829 1028 2879 montem
1052 2824 1798 2895 comburens,qumccelum
1819 2824 2015 2896 ipsum

370 2914 731 2987 attingebat:
760 2919 993 2969 tantum
1024 2919 1223 2968 autem
1251 2919 1476 2968 terrore
1497 2913 1634 2968 illos
1655 2912 1928 2985 perculit,
1951 2917 2018 2967 ut

366 3003 616 3076 abjectis
639 3004 821 3058 armis
843 3003 904 3057 in
931 3002 1128 3074 fugam
1161 3018 1290 3057 sese
1323 3003 1704 3074 conjecerint.
1741 3003 1848 3067 Qui
1879 3017 2014 3056 vero

368 3093 625 3164 primum
642 3109 713 3147 ex
735 3091 963 3147 Ascetis
985 3091 1121 3146 caesi
1145 3095 1302 3157 sunt,
1318 3096 1488 3146 erant
1508 3107 1756 3146 numero
1776 3090 2017 3163 triginta

2113 539 2373 600 πλοῦτονο
2433 549 2521 604 καὶ
2581 550 2830 622 ἀπηλοθν
2890 552 2942 608 ἐν
3005 559 3084 626 τῷ
3131 550 3244 630 ὄρει
3313 559 3396 626 τῷ
3471 559 3618 621 Σινᾶ,
3678 556 3771 610 καὶ

2113 629 2361 705 ἐγένοντο
2397 642 2659 716 μοναχοὶ,
2721 641 3074 705 δουλεύοντες
3139 644 3288 718 μόνῳ
3345 648 3426 716 τῷ
3484 649 3620 717 Θεῷ,
3677 643 3769 699 καῖ

2113 725 2436 800 τρεφόμενοι
2487 729 2593 784 ἀπὸ
2655 731 2904 808 βοτανῶν.
2953 733 3178 806 ἀγρίων.
3239 734 3385 790 Μετᾶ
3440 733 3647 789 τούτων
3710 732 3771 791 δὶ

2111 815 2221 866 τῶν
2258 815 2419 888 ἁγίων
2454 818 2520 886 ἦν
2565 819 2652 874 καὶ
2686 823 2714 874 ὁ
2747 823 2901 895 ἅγιος
2947 821 3170 886 Νεῖλος,
3201 824 3228 877 ὁ
3260 824 3550 896 γενόμενος
3597 821 3769 898 ἔπαρ-

2117 918 2218 989 χος
2262 904 2337 966 ε’ς
2397 909 2986 982 Κωνσταντινοὺπολιν,
3043 912 3176 983 ἀνὴρ
3236 915 3399 989 σοφὸς
3455 913 3545 967 καὶ
3604 913 3766 968 εὐλα-

2117 985 2447 1059 ϐής.ἈΛλὰ
2500 997 2591 1052 καὶ
2640 999 2799 1059 αὐτὸς
2861 997 2951 1056 διὰ
2997 1001 3088 1056 τὸν
3145 1002 3377 1066 Χριστὸν
3437 1002 3613 1079 ἀφῆκε
3663 1004 3766 1069 τήν

2118 1076 2296 1152 δόξαν,
2327 1083 2535 1140 καὶτὸν
2595 1085 2856 1157 πλοῦτον,
2911 1090 3001 1144 καὶ
3053 1088 3258 1165 ἐγένετο
3319 1092 3397 1152 εἷς
3451 1076 3561 1144 τιῖιν
3618 1111 3774 1146 πτω-

2116 1173 2233 1242 χῶν
2269 1177 2548 1248 μοναχῶν.
2609 1176 2784 1232 Ἀλλὰ
2814 1178 2840 1231 ὁ
2875 1173 3136 1240 διάϐολος
3184 1180 3480 1255 φθονήσας,
3531 1177 3776 1255 διήγειρε

2113 1257 2176 1311 τὸ
2217 1257 2405 1332 ἄγριον
2439 1258 2591 1327 ἔθνος
2617 1269 2726 1318 τῶν
2779 1263 3047 1338 Βλεμὺων
3106 1269 3242 1321 κατὰ
3287 1272 3397 1322 τῶν
3448 1268 3612 1344 ἁγίων
3661 1275 3772 1323 Πα-

2113 1347 2306 1420 τέρων.
2341 1351 2505 1407 Οὗτοι
2537 1351 2593 1406 δέ
2633 1354 2764 1407 εἰσιν
2799 1354 2850 1409 οἳ
2884 1356 2987 1410 ὰπὸ
3039 1351 3292 1430 Ἀραϐίας
3331 1354 3436 1421 ἕως
3487 1358 3770 1431 Αἰγύπτου

2113 1442 2492 1500 κατοικοῦντες
2520 1442 2618 1510 τήν
2653 1441 2919 1498 θάλασσαν
2969 1445 3253 1520 Ἐρυθρὰν.
3307 1447 3408 1502 Καὶ
3456 1445 3772 1515 ἐλπίζοντες

2116 1526 2290 1600 εὑρεῖν
2324 1525 2592 1600 πλοῦτον,
2622 1530 2798 1600 ἦλθαν
2829 1539 3118 1606 κουρεῦσαι
3174 1534 3301 1596 τοὺς
3353 1535 3650 1611 μοναχούς,
3682 1536 3771 1597 Ὠς

2119 1610 2177 1670 δὲ
2209 1612 2362 1669 οὐδὲν
2394 1617 2576 1692 εὗρον,
2621 1617 2666 1674 εἰ
2703 1622 2779 1693 μὴ
2827 1623 3014 1695 μιάθια
3067 1623 3220 1697 μόνα,
3268 1623 3359 1678 καὶ
3416 1610 3545 1686 τοὺς
3589 1623 3776 1698 ἁγίους

2117 1702 2352 1778 τρόχινα
2414 1711 2738 1782 φοροῦντας,
2790 1709 3083 1782 ἐμάνησαν,
3141 1713 3232 1767 καὶ
3290 1713 3614 1790 κατέσφαξαν
3670 1712 3772 1768 a13-

2116 1791 2267 1864 τοὺς,
2303 1792 2475 1867 μηδὲν
2505 1793 2839 1863 ἀδικοῦντας·
2874 1801 2964 1855 καὶ
2993 1801 3166 1866 οὕτως
3195 1799 3610 1873 ἐτελειώθησαν.

2703 1929 2779 1999 τῇ
2819 1925 2955 1999 αὐτῇ
2997 1923 3184 2000 ἡμέρᾳ

2118 2035 2323 2126 Μνλζμη
2381 2037 2748 2126 τῶννᾶγίων,
2791 2042 3241 2126 ῌατέρωνώτῶν
3329 2043 3394 2126 ἐν.
3448 2048 3547 2126 ,τῷ
3627 2043 3778 2126 αὑτῷ

2191 2109 2305 2177 ὄρει
2344 2109 2670 2201 ,σερὶαγέντων
2728 2113 2832 2168 ὑπὸ
2887 2109 2995 2170 τῶν
3057 2115 3320 2189 Βλεμὺων
3375 2113 3465 2170 ἐπὶ
3518 2109 3776 2186 ’Διοκληλ

2187 2199 2374 2233 τιανου
2405 2195 2692 2246 βασιλέως.

2190 2306 2350 2359 Οὗτοι
2385 2306 2635 2382 ὑπῆρχον
2670 2307 2721 2363 ἐν
2766 2315 2884 2373 τοῖς
2935 2310 3160 2385 γρόνοις
3218 2309 3618 2380 Διοκλητιανοῦ
3669 2313 3774 2387 βα-

2122 2391 2344 2463 σιλέως,
2401 2395 2492 2449 καὶ
2552 2398 2757 2470 Πέτρου
2815 2399 3253 2474 ἀρχιεπισκόπου
3337 2399 3774 2472 Ἀλεξανδρείας,

2118 2481 2488 2558 ἡσυχάζοντες
2524 2484 2611 2539 καὶ
2643 2486 2796 2541 αὐτοὶ
2829 2488 2880 2542 ἐν
2935 2492 3014 2560 τῷ
3066 2493 3197 2560 Σινᾷ
3245 2485 3380 2563 ὄρει.
3457 2489 3780 2559 Εξελθόντες

2122 2573 2180 2630 δὲ
2209 2575 2262 2629 οἱ
2319 2579 2698 2638 κατοικοῦντες
2757 2578 2855 2646 τήν
2917 2573 3124 2652 ἔρημον
3186 2578 3517 2651 Σαρακηνοῖ,
3567 2579 3777 2643 ἀποθα-

2119 2664 2306 2728 νόντος
2333 2669 2428 2718 τοῦ
2461 2663 2751 2740 φυλάρχου
2780 2665 2975 2738 αὐτῶν,
3040 2665 3287 2729 πολλοὺς
3334 2667 3618 2745 ἐφόνευσαν
3669 2673 3780 2724 τῶν

2121 2753 2393 2823 ἀσκητῶν.
2425 2755 2550 2810 Τῶν
2578 2752 2633 2808 δὲ
2667 2754 2877 2810 λοιπῶν
2899 2794 2906 2801 ι
2927 2755 3210 2831 φυγόντων
3256 2757 3332 2818 εἰς
3358 2757 3420 2811 τὸ
3475 2757 3779 2832 ὀχύρωμα,

2121 2841 2285 2920 ἐφάνη
2317 2848 2435 2904 τοῖς
2466 2849 2808 2916 Σαρακηνοίς
2865 2842 2955 2900 διὰ
3009 2853 3112 2914 τῆς
3158 2847 3352 2909 νυκτὸς
3394 2845 3530 2923 φλὸξ
3579 2848 3776 2920 πυρὸς,

2120 2932 2492 2987 κατακαίουσα
2521 2931 2652 2987 ὅλον
2684 2933 2746 2988 τὸ
2777 2929 2927 3008 ὅρος.
2959 2935 3023 2990 Ἡ
3057 2932 3116 2989 δὲ
3159 2934 3294 3013 φλὸξ
3345 2935 3617 3011 διν-ἤρχετο
3672 2933 3781 2998 ἓως

2119 3025 2216 3076 τοῦ
2274 3021 2528 3096 οὐρανοῦ.
2588 3023 2686 3080 Καὶ
2748 3022 2955 3086 ΐδόντες
3018 3025 3070 3080 οἱ
3130 3025 3435 3099 Σαρακηνοὶ
3493 3019 3778 3103 ἐφοϐήθη-

2121 3131 2238 3164 σαν·
2271 3111 2361 3165 καὶ
2421 3110 2668 3186 ῥίψαντες
2720 3115 2786 3166 τὰ
2841 3110 2988 3167 ὅπλα
3046 3114 3225 3168 αὐτῶν
3313 3112 3530 3191 ἔφυγον.
3591 3114 3659 3172 Οἱ
3715 3110 3777 3168 δὲ

366 3189 519 3248 octo,
545 3182 808 3237 diversas
829 3181 1032 3252 plagas
1054 3180 1116 3234 in
1145 3197 1391 3251 corpore
1417 3181 1675 3248 inﬂictas
1690 3179 1977 3250 habentes
2001 3196 2014 3234 :

2132 3204 2345 3273 πρῶτον
2417 3200 2730 3278 σφαγέντες,
2783 3203 2919 3270 ἦσαν
3001 3203 3465 3279 τριακονταοκτὼ,
3553 3199 3777 3279 ἔχοντες

369 3287 439 3325 ex
470 3271 562 3324 bis
591 3269 708 3323 duo
759 3269 868 3322 vivi
923 3268 1081 3322 inter
1119 3268 1390 3338 jacentes
1441 3271 1683 3340 reperti,
1727 3268 1927 3335 Sabas,
1962 3274 2021 3324 et

367 3358 569 3414 Isaias.
604 3358 712 3423 Qui
745 3362 941 3412 autem
972 3356 1332 3420 ceciderant,
1380 3357 1480 3420 alii
1522 3359 1712 3429 capite
1761 3359 2018 3413 truncati

370 3453 529 3512 sunt,
563 3449 664 3503 alii
695 3447 961 3503 detracta
989 3463 1060 3518 ex
1086 3447 1300 3519 aliquo
1321 3448 1589 3520 membro
1611 3448 1895 3520 pellealii
1918 3465 2022 3520 per

371 3539 636 3595 medium
667 3539 843 3595 exesi:
893 3555 1044 3611 quos
1100 3556 1309 3594 omnes
1353 3539 1720 3612 sepelierunt
1757 3539 1884 3594 duo-
1931 3538 2020 3594 illi

369 3629 670 3698 monachi,
700 3629 802 3701 qui
834 3629 961 3685 haec
991 3629 1064 3684 de
1093 3628 1216 3684 illis
1246 3629 1550 3685 memoria:
1605 3629 2018 3701 prodiderunt.

1019 3835 1241 3902 Eodem
1272 3835 1367 3891 die

376 3958 529 4012 104
567 3956 1020 4020 Commemoratio
1083 3961 1400 4009 sanctorum
1468 3955 1635 4008 trium
1682 3961 1733 4008 et
1791 3955 2026 4023 triginta

444 4029 695 4085 Patrum.
730 4029 827 4096 qui
857 4029 914 4079 in
972 4025 1171 4080 Raitho
1220 4025 1398 4096 occisi
1426 4031 1552 4078 sunt
1583 4042 1616 4077 a
1648 4025 1881 4094 Blemyis
1925 4027 2025 4095 qui

446 4100 526 4152 ibi
583 4095 930 4155 habitabant.
989 4097 1085 4150 ubi
1131 4103 1290 4150 erant
1363 4095 1651 4152 duodecim
1714 4099 1910 4163 fontes,
1972 4103 2025 4150 et

445 4171 805 4239 septuaginta
829 4168 1050 4237 palma.

446 4284 671 4356 Blemyi
707 4281 954 4337 trecenti
987 4281 1370 4336 transmisere
1422 4280 1745 4351 aliquando
1798 4281 2026 4352 magnis

379 4375 626 4430 navibus
656 4372 1050 4442 Ethiopicum
1085 4386 1268 4430 mare,
1303 4370 1845 4441 navigioque.quod
1876 4370 2024 4426 forte

378 4464 640 4521 oblatum
665 4459 1234 4524 conscenderant,ad
1258 4458 1710 4513 Pharanitarum
1727 4459 2023 4531 regionem

2123 3288 2341 3364 πληγὰς
2373 3287 2666 3367 διαφόρους
2699 3291 2750 3345 ἐν
2778 3297 2898 3353 τοῖς
2946 3293 3162 3363 σώμασι
3213 3291 3411 3350 αὐτῶν.
3465 3295 3550 3365 Ἐξ
3599 3293 3776 3347 αὐτῶν

2125 3375 2182 3434 δὲ
2229 3379 2524 3453 εὑρέθησαν
2577 3377 2672 3434 δύο
2732 3384 2949 3449 ζῶντες,
3007 3377 3206 3443 Σάϐας.
3265 3380 3354 3435 καὶ
3411 3379 3650 3441 ἹΙσαΐας.
3709 3380 3781 3436 Oi

2125 3465 2184 3523 δὲ
2241 3469 2611 3545 φονευθέντες,
2671 3470 2724 3524 οἱ
2781 3471 2876 3543 μὲν
2930 3471 3025 3532 τὰς
3075 3469 3312 3546 κεφαλὰς
3385 3471 3782 3540 ἀπετμήθησαν

2121 3556 2369 3622 τελείως
2409 3563 2518 3612 τῶν
2569 3555 2625 3612 δὲ
2683 3557 2740 3613 ἐκ
2795 3563 2900 3613 τοῦ·
2958 3559 3075 3621 ἑνὸς
3137 3561 3335 3632 μέρους
3385 3557 3664 3626 ἐκρατεῖτο
3717 3558 3786 3613 τὸ

2127 3645 2321 3720 δέρμα·
2379 3647 2544 3702 ἄλλοι
2605 3648 2767 3720 μέσον
2824 3647 3114 3718 ἐκόπησαν·
3162 3647 3255 3710 οὕς
3315 3647 3512 3723 ἔϐαψαν
3575 3649 3627 3703 οἱ
3683 3644 3784 3702 δύο

2130 3735 2390 3812 μοναχοὶ,
2425 3737 2474 3790 oi
2505 3737 2593 3791 καὶ
2625 3738 2692 3791 τὰ
2722 3735 2844 3812 περὶ
2876 3735 3051 3791 αὐτῶν
3087 3736 3346 3801 εῗπὸντες.

2711 3826 2795 3898 Τῇ
2839 3825 2974 3899 αὖτῇ
3014 3825 3197 3899 ἡμέρᾳ

2128 3914 2336 3994 Μνῆιμη
2391 3917 2498 3994 τῶν
2544 3913 2941 3994 ’λγᾌΙΙατέρων
2987 3919 3103 3994 τῶν
3153 3914 3206 3969 ἐν
3263 3918 3330 3987 τῇ
3382 3916 3586 3994 ίΡαϊθῷ
3645 3937 3784 3994 σφυ-

2198 3986 2566 4059 γ-έντωνλὺπρ
2608 3985 2884 4056 ’Βλεμὺων
2945 3990 3053 4059 τῶν
3139 3985 3569 4059 κατοικούντων,
3642 3985 3785 4042 ὅπου

2201 4056 2334 4148 ε’,σὶν
2392 4057 2448 4111 αἱ
2507 4058 2575 4132 ιβ’
2643 4060 2814 4133 πηγαὶ
2871 4057 2961 4111 καὶ
3015 4059 3083 4112 τὰ
3139 4060 3182 4112 o'
3239 4056 3435 4134 δένδρα
3493 4065 3599 4115 τῶν
3662 4081 3790 4137 φοι-

2200 4151 2225 4184 ν
2238 4151 2386 4187 ικων.

2203 4269 2470 4343 Βλεμὺων
2519 4271 2844 4346 τριακοσίων
2903 4265 3208 4326 ἐπιϐάντων
3271 4269 3455 4343 ξόλοις
3503 4270 3790 4348 μεγὶλοιςς

2130 4360 2220 4415 καὶ
2279 4361 2625 4435 περασάντων
2686 4363 2747 4414 τὸ
2817 4359 3053 4434 πέλαγος
3138 4367 3238 4429 τῆς
3323 4359 3631 4427 Λῗθιοπίας,
3698 4361 3791 4414 καὶ

2133 4451 2401 4506 ἐλθόντων
2432 4448 2507 4509 είς
2549 4449 2739 4515 τόπον,
2792 4448 2881 4502 καὶ
2943 4450 3212 4524 εὑρόντων
3268 4448 3486 4519 πλοῖον,
3541 4449 3630 4503 καὶ
3691 4447 3790 4520 ἐμ-

378 4554 649 4625 appulso.
681 4550 1047 4612 Pharanitas,
1086 4549 1186 4620 qui
1218 4547 1337 4603 illis
1377 4555 1780 4615 occurrerant,
1811 4549 2017 4617 vicere,

2143 4540 2352 4599 ϐάντων
2386 4541 2463 4606 εἷς
2492 4543 2647 4612 αὐτὸ,
2689 4544 2780 4596 καὶ
2838 4539 3276 4615 διαπερασαντων
3330 4542 3406 4604 εῗς
3454 4543 3552 4609 τήν
3601 4543 3793 4614 χώραν

379 4642 706 4697 interfectis
737 4646 975 4694 centum
1010 4637 1402 4711 quadraginta
1431 4643 1658 4709 septem
1715 4638 1892 4704 viris;
1925 4638 2027 4693 ab-

379 4732 691 4802 ductisque
722 4729 1072 4785 mulieribus
1103 4733 1157 4783 et
1184 4727 1406 4799 pueris,
1432 4725 1630 4782 abiere
1654 4727 1715 4782 in
1745 4734 2028 4793 castrum,

379 4822 479 4877 ubi
512 4819 700 4875 sancti
728 4821 931 4874 Patres
957 4818 1270 4873 ecclesiam
1303 4817 1620 4885 habebant,
1667 4817 1914 4888 ejusque
1935 4818 2032 4889 ja-

380 4927 560 4965 nuam
588 4909 956 4970 obserantes,
975 4923 1103 4962 sese
1126 4907 1188 4961 in
1209 4907 1374 4960 illam
1396 4912 2028 4977 receperant,mortem

383 5002 813 5069 exspectantes.
841 4995 1095 5068 Ingressi
1128 4995 1326 5064 itaque
1354 4993 1611 5060 barbari,
1637 5011 1772 5049 cum
1797 4994 2026 5051 nullam

383 5088 460 5143 ibi
496 5086 754 5158 praedam
786 5085 1168 5155 reperissent,
1202 5083 1371 5136 caesis
1400 5082 1698 5148 omnibus,
1729 5082 1801 5136 ad
1827 5083 2023 5138 navim

385 5193 516 5232 cum
538 5176 766 5247 captiva
787 5172 1170 5228 multitudine
1189 5170 1497 5226 redierunt
1516 5187 1528 5223 :
1544 5186 1720 5241 quam
1743 5187 1877 5225 cum
1902 5188 2025 5227 non

385 5265 721 5319 invenirent
751 5263 998 5330 (interea
1028 5260 1189 5315 enim
1216 5258 1382 5312 illam
1413 5259 1474 5312 in
1504 5274 1667 5313 mare
1727 5259 2023 5314 demerse-

385 5360 519 5408 rant
547 5354 644 5423 qui
679 5369 712 5407 a
745 5350 1013 5406 Barbaris
1061 5347 1350 5419 angariati
1404 5347 1660 5404 fuerant.
1709 5347 2024 5420 fugamque

382 5443 798 5514 arripuerant),
831 5439 1002 5494 furiis
1029 5436 1253 5509 agitati,
1284 5435 1544 5507 captivos
1576 5452 1786 5491 omnes
1844 5436 2024 5491 truci-

385 5534 604 5588 darunt
637 5548 650 5584 :
681 5529 895 5584 deinde
928 5534 987 5582 et
1015 5527 1126 5598 ipsi
1158 5525 1431 5580 trucidati
1464 5531 1624 5582 sunt.

2137 4637 2244 4688 τῶν
2278 4635 2618 4706 Φαρανιτῶν,
2655 4630 2882 4701 ἐξῆλθον
2933 4632 2984 4686 οἳ
3035 4636 3334 4705 Φαρανῖται
3391 4630 3466 4691 εἷς
3526 4635 3796 4700 συνάντη-

2139 4743 2218 4776 σιν
2261 4721 2458 4775 αὐτῶψ
2510 4719 2600 4774 καὶ
2641 4718 2963 4790 ἐνικήθησαν
3027 4720 3129 4774 ὑπὸ
3185 4725 3291 4774 τῶν
3354 4718 3640 4791 Βλεμὺων,
3697 4720 3792 4773 καὶ

2143 4807 2450 4884 ἐσφάγησαν
2512 4803 2702 4881 ἄνδρες
2759 4807 2948 4862 ἑκατὸν
3001 4807 3552 4882 τεσσαρακονταεπτά.
3614 4808 3680 4864 Ol.
3731 4805 3792 4862 δὶ

2147 4895 2392 4969 Βλέμυες
2477 4893 2764 4970 ἐπάραντες
2847 4897 2941 4959 τὰς
3024 4902 3278 4970 γυναῖκας
3332 4896 3425 4951 καὶ
3480 4897 3549 4951 τὰ
3603 4893 3796 4952 παιδία

2147 4990 2255 5040 τῶν
2296 4989 2635 5058 Φαρανιτῶν,
2668 4985 2915 5050 ἀπῆλθον
2941 4984 3017 5047 εἷς
3047 4986 3108 5039 τὸ
3157 4983 3411 5060 κᾶστρον,
3458 4983 3595 5040 ὅπου
3643 4985 3796 5058 εἶχον

2147 5076 2247 5143 τήν
2280 5071 2572 5142 ἐκκλησίαν
2607 5074 2660 5127 οἱ
2690 5073 2832 5148 ἅγιοι
2888 5074 3144 5147 Πατὲρες,
3201 5073 3289 5128 καὶ
3343 5073 3647 5150 ἠσφάλισαν
3695 5075 3798 5143 τήν

2148 5164 2311 5238 θύραν
2345 5163 2396 5217 οἱ
2429 5163 2594 5238 ἅγιοι,
2643 5161 2733 5216 καὶ
2792 5161 3136 5238 προσέφυγον
3191 5162 3266 5224 εἷς
3324 5164 3423 5231 τήν
3481 5160 3802 5231 ἐκκλησίαν,

2142 5250 2498 5328 ἐκδεχόμενοι
2529 5253 2618 5306 τὸν
2650 5254 2897 5316 θάνατον.
2957 5253 3052 5306 Καὶ
3105 5251 3350 5315 ἐλθτντες
3400 5253 3453 5307 οἱ
3502 5247 3804 5328 Βαρϐαροι,

2139 5343 2230 5398 καὶ
2288 5344 2551 5417 χρήματα
2613 5345 2923 5412 ζητοῦντες,
2983 5341 3070 5396 καὶ
3131 5344 3208 5414 μή
3269 5342 3538 5417 εὑρόντες,
3597 5341 3805 5406 πάντας

2136 5419 2448 5508 ἰφόνευσαν.
2483 5431 2587 5488 Καὶ
2620 5426 2882 5492 λαϐόντες
2931 5432 3032 5498 τήν
3088 5430 3500 5506 αἰχμαλωσίαν,
3549 5429 3808 5499 ἀπῆλθον

2140 5523 2278 5594 πρὸς
2328 5519 2392 5576 τὰ
2452 5524 2700 5589 περᾶσαι·
2759 5521 2850 5574 καὶ
2907 5521 2983 5593 μὴ
3043 5521 3294 5596 εὑρόντες
3349 5519 3411 5576 τὰ
3463 5519 3661 5575 πλοῖον
3721 5521 3809 5593 (τὸ

383 5621 490 5698 γὰρ
522 5619 722 5674 πλοῖον
757 5617 809 5672 οἱ
842 5613 1258 5692 ἀγγαρευθέντες
1289 5608 1560 5686 ἕϐὑθισαν,
1591 5612 1680 5668 καὶ
1712 5607 1951 5691 ἔφυγον),
2011 5612 2308 5686 ἐμάνησαν,
2360 5609 2452 5666 καὶ
2509 5607 2734 5686 ἔοφαξαν
2792 5611 2892 5679 τὴν
2950 5606 3358 5684 αῗχμαλωσίαν·
3402 5608 3708 5687 ἐσφάγησαν
3747 5605 3811 5665 δὶ

379 5711 470 5769 καὶ
499 5709 674 5768 αὐτοί.
