4112 6308
398 324 514 401 :259

1714 296 2143 368 MENOLOGII
2191 293 2386 355 PARS
2435 293 2514 354 Il.

3682 294 3806 355 260

396 458 513 513 vita
543 456 671 527 ejus
701 451 1040 508 institutum
1071 447 1143 503 ad
1176 447 1486 503 hominum
1517 442 1835 500 utilitatem
1875 445 2039 512 pate-

2158 427 2312 527 αότά⁸
2373 427 2463 483 καὶ
2502 425 2751 508 Ξτρέφετο
2810 429 2869 486 ἐκ
2919 435 3025 485 τῶν
3077 432 3298 506 καρπῶν
3351 425 3549 487 αὐτῶν.
3608 425 3798 486 Θέλων

398 548 614 604 facere.
648 544 790 598 illuc
821 541 1064 596 adduxit
1095 539 1415 592 Antonium
1453 549 1755 606 magnum.
1787 531 1887 601 qui
1923 527 2043 583 exi-

401 635 700 699 stimabat,
729 632 1030 687 neminem
1065 629 1249 682 alium
1283 626 1570 680 interiora
1599 622 1807 688 eremi,
1831 624 2048 694 prmter

399 725 998 797 ipsum.penetrasse.
1036 715 1141 771 Ubi
1174 716 1352 786 igitur
1381 715 1431 768 is
1463 713 1708 767 Paulum
1743 711 1905 775 vidit,
1940 709 2046 762 ob-

403 814 630 886 stupuit
679 829 692 865 :
734 825 990 879 cumque
1045 805 1224 860 simul
1275 803 1638 873 colloquium
1701 801 2044 864 miscerent,

402 920 610 958 corvus
668 915 880 971 panem
935 897 1231 967 integrum
1303 893 1394 947 eis
1441 892 1674 948 detulit.
1752 889 2045 944 Antonius

399 1011 534 1048 vero
560 994 918 1054 reversus,ut
950 985 1196 1058 pallium
1233 985 1283 1039 ei
1316 983 1573 1050 afferret,
1596 987 2044 1038 mortuumeum

400 1080 641 1154 reperit,
674 1080 980 1148 Deumque
1013 1075 1379 1144 gloriﬁcavit.

1048 1253 1271 1309 Eodem
1303 1253 1398 1310 die

407 1350 554 1406 109
607 1347 1060 1402 Commemoratio
1116 1343 1296 1399 sancti
1348 1344 1532 1397 Patris
1588 1343 1766 1397 nostri
1818 1342 2046 1396 Joannis

550 1418 833 1488 Calybitz,
866 1419 963 1487 qui
1011 1431 1237 1470 aureum
1263 1415 1619 1484 Evangelium
1649 1412 1898 1469 habebat.

471 1551 728 1604 Joannes
759 1542 1044 1616 Calybita,
1074 1541 1591 1614 Constantinopoli
1622 1541 1901 1612 Eutropio
1942 1557 2043 1612 pa-

405 1638 574 1693 tricio
605 1652 673 1691 ac
701 1633 1008 1689 Theodora
1041 1639 1236 1692 natus.
1272 1649 1405 1687 cum
1437 1648 1584 1703 puer
1615 1636 1790 1694 esset,
1822 1630 2046 1702 rogavit

398 1735 696 1799 parentes,
729 1725 1066 1798 ut,quando
1099 1723 1292 1778 caeteri
1323 1720 1716 1790 condiscipuli
1736 1719 2047 1792 Evangelia

2152 515 2208 574 δὲ
2239 520 2267 574 6
2298 519 2427 582 Θεὸς
2459 525 2762 596 φανερῶσαι
2808 521 2899 575 τὸν
2961 520 3080 596 βίον
3141 521 3308 575 αύτοῦ
3367 520 3445 581 εἷς
3505 518 3798 595 ὠφέλειαν,

2149 610 2430 684 ἀπήγαγεν
2464 609 2577 664 ἐκεῖ
2631 612 2722 665 τὸν
2787 610 2952 684 μέγαν
3017 612 3335 678 Ἀντώνιον,
3397 611 3800 677 ὑπονοήσαντα,

2152 700 2234 753 ὅτι
2293 699 2586 773 βαθύτερον
2640 701 2808 755 αὐτοῦ
2867 699 3041 762 ἃλ)ος
3101 699 3200 754 ούκ
3255 699 3505 767 εἲσῆλθεν
3561 697 3638 759 εἰς
3693 699 3798 765 τὴν

2150 784 2377 864 ἔρημον.
2422 787 2604 846 Ἀλλά
2663 790 2838 864 εὑρὼν
2901 790 3088 854 αὐτὸν,
3149 787 3470 860 ἐθαύμασεν.
3528 789 3803 862 ’Δρξαμὲ-

2150 903 2255 934 νων
2296 878 2353 935 δὲ
2413 881 2823 955 συντυγχάνειν,
2880 881 3024 950 ⁵ἦλθε
3075 880 3239 954 κόραξ
3298 879 3575 954 βαστάζων
3631 884 3800 950 αρτον

2151 967 2482 1044 ὀλόκληρον,
2515 971 2602 1024 καὶ
2636 967 2833 1024 ἔδωιεν
2859 970 3063 1030 αὐτοῖς.
3092 969 3354 1046 Στραςιεὶς
3387 965 3445 1022 δὲ
3475 968 3800 1038 Ἀντώνιος,

2144 1055 2237 1113 ἵνα
2268 1055 2404 1134 φέρῃ
2439 1058 2586 1131 αὐτῷ
2616 1060 2858 1131 ἱμάτιον,
2893 1057 3042 1133 εὗρεν
3076 1058 3234 1114 αὐτὸν
3293 1058 3668 1125 τελειωθέντα,
3703 1054 3803 1112 καὶ

2148 1146 2366 1220 ἐδόξασε
2390 1151 2486 1204 τὸν
2513 1148 2666 1205 Θεόν.

2752 1240 2839 1312 Τῇ
2852 1236 2987 1311 αὖτῇ
3011 1234 3192 1312 ἡμέρᾳ

2149 1345 2354 1418 Μνήμη
2383 1349 2485 1418 τοῦ
2513 1345 2666 1418 ὁσίου
2702 1345 2916 1418 [ἰατρὸς
2940 1347 3104 1416 ἡμῶν
3150 1344 3409 1418 ίέιωάννου
3457 1345 3554 1397 τοῦ
3613 1340 3800 1397 Καλυ-

2432 1410 2589 1470 6ίτου
2616 1415 2678 1471 οὗ
2697 1415 2764 1485 ἧν
2797 1410 2858 1472 1‘0
2882 1410 3120 1492 χρυσοῦν
3145 1413 3506 1491 Εὖαγγελιον.

2220 1539 2905 1614 ἸωάννηςὸΚαλυϐίτης,
2962 1545 3030 1612 ἦν
3088 1543 3140 1598 ἐν
3198 1539 3787 1611 Κωνστιντινουπόλει,

2148 1634 2266 1694 υἱὸς
2297 1632 2613 1708 Εὗτροπίου
2641 1638 2741 1688 τοῦ
2773 1633 3163 1710 συγκλητικοῦ,
3222 1633 3310 1687 καὶ
3366 1628 3671 1705 Θεοδώρας.
3700 1631 3789 1688 Ἐν

2147 1722 2296 1797 ἀρχῇ
2347 1719 2406 1778 δὲ
2451 1729 2554 1792 τῆς
2609 1723 2854 1792 ἡλικίας,
2913 1722 3156 1796 ᾐτήσατο
3210 1721 3338 1784 τοὺς
3395 1725 3573 1797 γονεῖς
3602 1719 3798 1786 αὐτοῦ,

399 1798 709 1880 haberent,
743 1835 872 1890 qua:
897 1818 1178 1887 legerent,
1236 1812 1466 1882 sibique
1515 1817 1686 1882 turpe
1735 1815 1892 1865 esset
1920 1824 2041 1863 non

2158 1810 2346 1886 λέγων,
2408 1806 2492 1865 ὅτι
2553 1811 2751 1872 Πάντες
2812 1811 2864 1865 οἱ
2923 1810 3274 1883 συμμαθηταί
3365 1830 3492 1882 μου,
3570 1802 3796 1882 ἔχοντες

402 1906 640 1966 habere.
673 1912 951 1962 curarent
976 1905 1153 1959 etiam
1177 1902 1287 1957 sibi
1321 1917 1456 1954 eum
1491 1899 2044 1968 librum.Compara-

399 2003 540 2051 runt
587 1997 784 2067 itaque
818 1996 869 2051 ei
915 1999 1192 2067 parentes
1239 1991 1564 2063 pretiosum
1596 1988 2042 2061 Evangeliorum

400 2085 686 2152 codicem,
723 2101 886 2151 auro,
928 2083 1196 2156 gemmis,
1232 2079 1684 2152 margaritisque
1740 2083 2038 2145 ornatum,

399 2175 858 2245 quingentorum
891 2187 1206 2227 aureorum
1237 2169 1444 2241 pretio.
1467 2167 1686 2222 Relicta
1718 2173 1915 2222 autem
1938 2166 2040 2221 do-

399 2264 720 2318 ctrinarum
747 2262 969 2322 schola.
1001 2262 1260 2316 Joannes
1291 2274 1424 2312 cum
1457 2256 1715 2328 quodam
1747 2255 2041 2311 monacho

401 2353 827 2407 monasterium
849 2354 1279 2405 Acozmetarum
1313 2347 1488 2412 adiit;
1514 2346 1717 2416 ibique
1753 2344 2039 2400 monasti-

390 2455 527 2497 cam
559 2441 736 2496 vitam
769 2441 1098 2511 amplexus,
1131 2443 1431 2493 certamen
1465 2452 1636 2490 suum
1672 2436 1892 2506 optime
1917 2451 2042 2490 cer-

399 2532 584 2588 tabat.
621 2531 732 2586 Sed
762 2548 880 2586 non
916 2530 1141 2585 habens
1171 2527 1462 2589 diabolus.
1496 2526 1653 2582 unde
1685 2543 1820 2580 eum
1839 2542 2042 2600 aggre-

401 2623 660 2688 deretur,
695 2620 902 2691 injecit
929 2619 1142 2675 Joanni
1177 2633 1474 2673 summum
1505 2615 1740 2670 videndi
1767 2622 2042 2686 parentes

399 2711 917 2766 desiderium.l\'on
948 2715 1145 2764 tamen
1178 2708 1288 2762 hoc
1320 2707 1406 2760 illi
1438 2722 1468 2761 e
1501 2705 1798 2760 sententia
1818 2705 1998 2760 cessit
2027 2721 2038 2759 :

400 2800 543 2872 quin
573 2799 767 2870 potius
793 2815 826 2854 a
855 2799 1079 2853 Joanne
1128 2797 1334 2852 victus.
1400 2800 1830 2865 superatusque
1881 2794 1994 2848 fuit
2027 2811 2039 2848 :

398 2905 535 2943 nam
553 2888 743 2954 ille,re
767 2904 900 2941 cum
916 2885 1166 2942 σαληοῦἱὶ
1193 2884 1470 2956 praefecto
1488 2883 2044 2938 communicata.in-

402 2976 533 3030 visit
558 2975 797 3047 quidem
815 2977 1144 3031 domumet
1164 2979 1438 3044 parentes
1461 2991 1473 3039 ;
1499 2972 1600 3027 sed
1624 2974 2040 3043 extrajanuam

401 3065 512 3119 sibi
537 3066 834 3138 tugurium
866 3070 1242 3127 construens,
1275 3062 1354 3116 ibi
1387 3067 1451 3116 ut
1479 3061 1789 3116 mendicus
1826 3061 2045 3116 mansit

2153 1897 2458 1976 Εὖαγγὲλια
2534 1899 2990 1976 ἀναγινώσκουσιν
3022 1918 3036 1932 θ
3121 1897 3233 1973 ἐγὼ
3319 1894 3376 1952 δὶ
3454 1898 3529 1970 μή
3598 1895 3743 1971 ἔχων
3777 1937 3798 1967 ,

2152 1987 2504 2063 ἐντρέπομαι,
2530 1991 2627 2045 Διά
2655 1994 2818 2045 τοῦτο
2848 1989 3113 2059 ἐποίησαν
3176 1986 3322 2061 αύτῷ
3381 1987 3432 2042 ol
3487 1992 3670 2063 γονεῖς
3701 1985 3800 2040 αὖ·

2148 2079 2246 2134 τοῦ
2281 2079 2613 2153 Εὖαγγὲλιον
2673 2078 2982 2152 πολύτιμον
3033 2078 3139 2132 άπὸ
3197 2080 3425 2152 χρυσοῦ,
3481 2076 3569 2130 καὶ
3619 2074 3801 2139 λίθων

2150 2169 2493 2243 τιμίων,καῖ
2555 2173 2923 2244 μαργαριτῶν,
2987 2166 3132 2240 ἄξιον
3184 2169 3536 2239 νομισμάτων
3603 2185 3802 2219 πεντα-

2150 2263 2374 2317 κοσίων.
2409 2259 2735 2314 Καταλιπὼν
2769 2257 2826 2313 δὲ
2855 2260 2954 2327 τήν
2985 2263 3094 2312 τῶν
3152 2257 3491 2329 μαθημάτων
3551 2254 3800 2330 σχολὴν,

2155 2351 2289 2422 μετά
2318 2349 2566 2422 μοναχοῦ
2595 2369 2764 2416 τινος,
2810 2349 2907 2416 τήν
2961 2351 3070 2402 τῶν
3117 2347 3466 2418 Ἀκοιμήτων
3511 2343 3804 2417 καταλαμ-

2152 2434 2303 2493 ϐάνει
2365 2439 2557 2512 μονήν.
2620 2437 2725 2493 Καὶ
2801 2435 2854 2492 ἐν
2919 2436 3056 2508 αὐτη
3111 2435 3316 2509 γίνεται
3377 2432 3642 2508 μοναχός³
3702 2433 3803 2488 καὶ

2151 2527 2458 2603 ἠγωνίσατο
2489 2525 2698 2588 καλῶς.
2733 2524 2912 2583 Ἀλλά
2970 2526 3047 2597 μή
3105 2521 3249 2599 ἔχων
3281 2524 3310 2579 6
3352 2518 3632 2584 διάϐολος.
3666 2521 3804 2577 ἄλλ’

2152 2618 2180 2672 ’ὁ
2211 2638 2260 2672 τι
2292 2619 2512 2687 ποιήσει
2545 2615 2716 2688 αὐτῷ,
2749 2609 2994 2670 ἐνέϐαλεν
3046 2613 3122 2676 εἷς
3180 2613 3340 2668 αὐτὸν
3370 2613 3470 2681 τήν
3503 2611 3801 2683 ἐπιθυμίαν

2149 2711 2247 2762 τοῦ
2275 2704 2407 2761 ἰδεῖν
2465 2705 2598 2767 τοὺς
2651 2710 2824 2779 γονεῖς
2883 2703 3068 2760 αὐτοῦ.
3120 2705 3315 2776 Ὅμως
3359 2701 3523 2757 εἶκαὶ
3557 2703 3802 2772 ἡττήθη,

2151 2795 2282 2851 ἀλλ’
2321 2794 2536 2865 ἐνίκησε
2565 2796 2656 2850 τὸν
2713 2787 2996 2849 διάϐολον.
3057 2794 3205 2848 Μετὰ
3256 2793 3358 2868 γάρ
3415 2792 3644 2867 γνώμης
3697 2794 3807 2846 τοῦ

2151 2886 2458 2960 ἡγουμένου
2489 2882 2654 2950 ἦλθεν
2687 2883 2764 2945 εἰς
2820 2883 2913 2937 τὸν
2971 2882 3115 2936 οἶκον
3175 2880 3358 2935 αὐτοῦ·
3391 2880 3638 2941 καὶτοὺς
3699 2879 3802 2952 μὶν

2150 2979 2329 3049 γονεῖς
2379 2973 2545 3028 αὐτοῦ
2603 2971 2842 3046 ἐθεώρει·
2907 2970 3065 3032 αὐτὸς
3122 2968 3178 3025 δὲ
3260 2965 3506 3040 καλύϐην
3563 2971 3810 3039 ποιήσας

2153 3060 2253 3137 ἔξω
2282 3066 2380 3118 τοῦ
2410 3059 2684 3128 πυλῶνος,
2716 3059 2889 3115 ἔκειτο
2941 3060 3053 3115 ἐκεῖ
3108 3059 3184 3121 ὡς
3240 3059 3490 3134 πτωχὸς,
3537 3055 3640 3120 ἕως
3682 3057 3804 3113 ἐτε-

398 3171 585 3225 usque
613 3153 684 3208 ad
709 3153 1109 3208 obitum.Tum
1131 3168 1268 3206 vero
1293 3167 1362 3205 ex
1388 3167 1566 3205 aureo
1598 3151 2043 3222 Evangeliorum

2158 3151 2385 3221 λειώθη.
2447 3151 2550 3207 Καὶ
2623 3149 2748 3206 τότε
2829 3149 3202 3225 ἀνεγνωρίσθη
3283 3147 3343 3204 ἐκ
3415 3151 3512 3203 τοῦ
3587 3151 3806 3224 χρυσοῦ

398 3243 550 3297 libro
583 3244 852 3315 cognitus
880 3249 987 3297 est.

1034 3329 1254 3385 Eodem
1307 3329 1402 3384 die

674 3421 827 3475 I00
887 3419 1177 3474 Certamen
1203 3425 1401 3474 sancta
1429 3417 1755 3474 Charitina}.

467 3573 773 3629 Charitina
801 3577 1028 3644 martyr
1055 3570 1363 3626 Claudiani
1389 3569 1700 3642 cujusdam
1725 3570 2045 3626 Christiani

397 3663 598 3734 piique
630 3662 888 3717 hominis
911 3660 1473 3732 serva,temporibus
1496 3660 2046 3730 Diocletianiimpe-

396 3752 696 3816 ratoris,et
718 3751 1037 3808 Domitiani
1061 3750 1316 3818 comitis,
1332 3749 1546 3813 delata,
1568 3749 1725 3820 quod
1747 3750 2044 3804 Christum

397 3839 1468 3913 coleret.comprehenditur,etcomiti
1491 3839 2043 3894 sistitur.Christum

393 3936 594 3986 autem
640 3931 933 3997 confessa,
966 3946 1147 4001 seque
1177 3929 1573 3984 Christianam
1597 3945 1724 3984 esse
1756 3929 2044 3999 professa,

393 4019 738 4091 gravissime
770 4019 1052 4074 cmditur:
1082 4017 1296 4072 deinde
1329 4017 1537 4072 abraso
1562 4017 1739 4089 capiti
1754 4017 2045 4073 ferventes

393 4114 597 4180 guttm,
633 4109 1109 4177 acerrimumque
1169 4113 1401 4160 acetum
1452 4106 1865 4175 perfunditur:
1909 4123 2046 4161 mox

392 4197 581 4251 latera
613 4196 741 4266 ejus
771 4195 999 4249 facibus
1035 4194 1407 4248 aduruntur:
1440 4194 1679 4248 demum
1738 4195 1932 4250 vincta
1982 4196 2045 4249 in

396 4301 562 4341 mare
593 4284 973 4357 demergitur.
1008 4284 1120 4338 Sed
1157 4283 1439 4338 divinitus
1472 4290 1694 4355 erepta,
1727 4290 1786 4339 et
1841 4302 1986 4340 sana
2015 4302 2045 4340 e

397 4375 544 4429 mari
579 4373 852 4439 evadens,
903 4373 1066 4427 stetit
1113 4389 1313 4427 coram
1371 4373 1607 4442 comite,
1669 4374 1768 4444 qui
1801 4389 1871 4428 ea
1926 4375 2050 4430 visa

396 4464 719 4536 obstupuit,
746 4462 1145 4534 prtecepitque
1176 4467 1366 4516 rotam
1399 4461 1548 4529 ﬁeri,
1584 4461 1756 4532 eique
1779 4469 2045 4518 sanctam

2149 3239 2509 3318 Εὖαγγελὶου.

2743 3332 2823 3403 Τῇ
2854 3328 2991 3402 αὐτῇ
3024 3329 3209 3402 ἡμέρᾳ

2507 3417 2779 3489 Ἅθλησις
2807 3424 2907 3488 τῆς
2936 3416 3090 3492 ἁγίας
3120 3416 3436 3492 Χαριτίνης.

2222 3563 2285 3619 Ἡ
2347 3561 2551 3634 μάρτυς
2609 3558 2877 3634 Χαριτίνη
2941 3560 3162 3635 ὑπῆρχε
3213 3556 3388 3630 δούλη
3447 3555 3801 3616 Κλαυδιανοῦ

2148 3672 2297 3714 τινος
2326 3652 2658 3722 Χριστιανοῦ
2711 3645 2886 3714 ὄντος,
2939 3648 3029 3704 καὶ
3088 3644 3374 3712 εὐλαϐοῦς·
3436 3646 3522 3703 ἐπὶ
3583 3645 3640 3702 δὲ
3692 3655 3799 3718 τῆς

2154 3739 2434 3818 βασιλείας
2503 3739 2901 3809 Διοκλητιανοῦ
2958 3739 3049 3795 καὶ
3133 3743 3466 3814 Δομετιανοῦ
3523 3739 3798 3812 κόμητος,

2151 3826 2531 3903 διαϐληθεῖσα,
2595 3830 2678 3884 ὅτι
2736 3829 2829 3883 τὸν
2884 3829 3112 3902 Χριστὸν
3197 3824 3434 3898 σέϐεται,
3495 3829 3797 3904 ἰκρατήθη,

2150 3921 2239 3976 καὶ
2269 3921 2510 3994 παρέστη
2541 3917 2777 3973 ἐνώπιον
2807 3921 2906 3972 τοῦ
2941 3915 3210 3990 κόμητος,
3245 3917 3349 3974 Καὶ
3403 3916 3800 3994 ὁμολογήσασα

2149 4012 2240 4066 τὸν
2315 4008 2571 4084 Χριστὸν,
2624 4005 2714 4061 καὶ
2783 4005 2865 4061 ὅτι
2948 4007 3247 4077 Χριστὶανή
3323 4005 3457 4076 ἐστι,
3539 4006 3800 4064 τύπτεται

2153 4099 2418 4174 ΐσχυρῶς.
2479 4097 2608 4153 Εἶτά
2663 4097 2881 4169 ξυρᾶται
2941 4096 3040 4163 τήν
3091 4096 3359 4173 κεφαλήν,
3415 4097 3504 4152 καὶ
3562 4099 3797 4168 στακτὴν

2155 4189 2372 4258 ζέουσαν
2408 4185 2825 4241 καταπάσσεται.
2861 4185 2961 4241 Καὶ
2987 4182 3200 4261 δέχεται
3260 4185 3346 4241 ἐπὶ
3400 4189 3498 4256 τήν
3553 4187 3797 4266 κεφαλὴν

2153 4278 2320 4347 αὐτῆς
2389 4275 2510 4348 ὅξος
2565 4273 2915 4351 δριμύτατον*
2975 4275 3065 4330 καὶ
3128 4277 3262 4349 μετά
3342 4275 3642 4350 λαμπάδων
3700 4279 3800 4340 τάς

2151 4367 2390 4442 πλευράς
2451 4362 2868 4441 καταφλέγεται.
2932 4365 3064 4420 Εἶτα
3141 4363 3350 4430 δεθεῖσα
3409 4366 3680 4446 άπερῥίφη
3745 4368 3798 4423 ἐν

2151 4462 2221 4532 τῇ
2281 4457 2548 4530 θαλάσσῃ.
2611 4451 2936 4529 Παραδόξως
3011 4452 3069 4509 δὲ
3123 4452 3464 4526 διασωθεῖσα,
3509 4457 3599 4511 καὶ
3644 4459 3805 4532 ὑγιὴς

394 4523 1009 4626 alligatam,s.ubjectis
1030 4523 1387 4606 carbonibus
1418 4523 1880 4616 combur-i.Quod
1910 4569 2043 4608 cum

2158 4523 2252 4619 της
2284 4523 2557 4617 θαλάσσης
2603 4523 2918 4615 ἐξελθοῦσα,
2976 4545 3214 4620 παρέστη
3268 4551 3350 4619 τῷ
3405 4523 3631 4620 κόμητι,
3687 4523 3799 4606 ’Κᾷὶ

395 4643 618 4699 factum
647 4649 824 4710 esset,
857 4642 1119 4698 cruciata
1167 4646 1256 4696 est
1305 4639 1627 4696 Charitina.
1661 4642 1804 4696 Tum
1836 4641 2045 4698 dentes

399 4732 488 4787 illi
519 4731 701 4786 evulsi
729 4737 885 4799 sunt,
933 4749 1063 4803 quaa
1093 4731 1439 4802 gravissimo
1466 4729 1690 4795 dolore,
1752 4737 1810 4786 et
1831 4731 2046 4788 intole-

400 4821 574 4876 rabili
598 4819 800 4876 labore
831 4827 1120 4884 contecta,
1155 4820 1428 4891 spiritum
1462 4820 1578 4874 Deo
1613 4820 1872 4876 tradidit.

2158 4637 2288 4695 ἰδὼν
2322 4636 2486 4704 αὐτὴν
2521 4636 2549 4690 6
2605 4633 2809 4707 κόμης,
2870 4632 3160 4709 ἐξεπλάγη·
3219 4635 3309 4690 καὶ
3369 4637 3662 4709 προσέταξε
3709 4659 3802 4714 γε-

2153 4731 2335 4790 νέσθαι
2383 4725 2613 4800 τροχὸν,
2669 4723 2757 4777 καὶ
2819 4719 3036 4792 δεθῆναι
3093 4725 3192 4794 τὴν
3272 4724 3426 4800 άγίαν
3501 4725 3634 4794 ἐκεῖ,
3709 4728 3802 4783 καὶ

2156 4817 2260 4874 ὑπὸ
2289 4817 2381 4871 τὸν
2409 4813 2613 4888 τροχὸν
2645 4813 2864 4880 τεθῆναι
2897 4814 3067 4886 πυρὸς
3094 4811 3378 4886 ἄνθρακας.
3444 4817 3545 4871 Καὶ
3603 4816 3803 4872 τούτου

395 4907 714 4984 γενομένου,
747 4906 1072 4981 ἐτιμωρεῖτο
1103 4909 1136 4974 ἡ
1171 4907 1312 4981 ἁγία.
1345 4905 1472 4962 Εἶτα
1503 4905 1828 4984 ἐξερριζώθη
1860 4907 1990 4973 τοὺς
2039 4906 2291 4975 ὀδόντας,
2320 4903 2412 4960 καὶ
2447 4902 2508 4958 ἐκ
2552 4907 2654 4970 τῆς
2711 4899 2931 4970 πολλῆς
2987 4899 3183 4972 ὀδύνης
3233 4901 3322 4958 καῖ
3369 4907 3468 4958 τοῦ
3521 4904 3806 4981 ἀφορήτου

401 4997 576 5052 πόνου
605 4993 890 5069 παρέδωκε
913 4996 973 5050 τὸ
1005 4999 1215 5066 πνεῦμά
1234 4997 1313 5064 τῷ
1363 4997 1498 5064 Θεῷ.

951 5111 1193 5166 EODEM
1223 5109 1476 5165 MENSE.

929 5200 1030 5254 Die
1064 5199 1294 5253 decima
1316 5203 1482 5252 sexta

395 5295 546 5348 III
585 5293 862 5347 Adoratio
892 5295 1092 5344 sancta
1140 5293 1342 5342 catenae
1397 5290 1574 5341 sancti
1612 5292 1846 5359 apostoli
1876 5295 2046 5356 Petri.

469 5380 584 5434 qua
633 5369 867 5432 propter
923 5360 1201 5434 (:[tristum
1247 5359 1324 5434 ab
1367 5359 1597 5415 Herodaz
1654 5377 1781 5431 rege
1834 5367 2048 5420 vinctus

465 5429 600 5505 fuit,
628 5429 680 5489 et
703 5429 761 5488 in
791 5432 1095 5488 custodiam
1126 5429 1423 5498 conjectus.

467 5618 613 5671 Cum
636 5611 897 5670 Herodes
912 5627 1017 5667 rex
1033 5607 1532 5682 comprehensum
1551 5609 1831 5668 Jacobum
1855 5613 2043 5670 sancti

2710 5106 2888 5162 ΜΗΝΙ
2917 5111 3002 5160 ΤΩ
3034 5109 3236 5166 ΑΥΤΩ.

2956 5198 3026 5265 lC‘

2156 5310 2215 5364 Ἥ
2269 5304 2644 5380 προσκῦνησις
2728 5309 2827 5370 τῆς
2904 5305 2935 5357 ἀ
2977 5304 3056 5367 ἔας
3134 5304 3376 5370 ἁλύσεως
3453 5312 3551 5364 τοῦ
3640 5309 3806 5384 ἁγίου

2226 5376 2538 5430 ἀποστόλου
2619 5374 2847 5430 Πέτρου.
3059 5376 3308 5430 ἐωόοεσεν
3363 5379 3465 5430 ὑπὸ
3549 5380 3806 5430 Ἠοώδου

2226 5374 2565 5467 ἀποστόλου,
2619 5374 2894 5467 Bappo,”
2917 5374 2983 5447 ἤν
3027 5376 3308 5467 ,ἐφόρεσεν
3355 5379 3465 5464 ⁸ὑπὸ
3549 5374 3808 5457 Ἡρώδου

2226 5454 2333 5576 τοί
2382 5447 2653 5536 βασιλέως
2704 5443 2794 5502 διὰ
2836 5443 3108 5523 Χριστὸν,
3159 5443 3266 5504 ¹καὶ
3351 5449 3560 5523 ἑολγίθη
3618 5443 3683 5508 ’ἐν
3729 5459 3804 5529 τῇ

2226 5543 2294 5594 φυ
2338 5541 2464 5594 ακῃ.

2225 5543 2464 5598 φυλακῃ.

2225 5609 2357 5666 Κατ’
2419 5605 2619 5664 ἐκεῖνον
2679 5606 2768 5662 τὸν
2828 5609 3040 5685 καιρὸν,
3099 5609 3128 5664 6
3207 5607 3464 5684 βασιλεὺς

3549 5609 3804 5688 Ἡρώδης
