4114 6306
318 315 432 379 261

1777 318 2247 385 JANUARIUB.

3607 346 3728 410 262

313 452 603 525 ἐκράτησεν
635 447 896 508 Ἰάκωϐον
945 455 1039 510 τὸν
1093 451 1327 517 ἀδελφὸν
1358 459 1456 510 τοῦ
1515 455 1673 531 ἁγίου
1707 455 1943 512 ’Ῑωάννοι

2072 456 2313 514 Joannis
2330 458 2605 534 Theologi
2635 461 2876 520 fratrem
2906 465 3100 538 gladio
3149 469 3463 540 interfecit,
3512 477 3718 534 videns

312 548 408 597 τοῦ
468 543 762 619 ΘεοΑόγο-σ,
822 545 914 599 καὶ
977 546 1112 614 μετὰ
1171 545 1445 620 μαχαίρας
1499 542 1718 619 ἔσφαξεν
1785 545 1965 599 αὐτόν.

316 633 415 689 Καὶ
452 631 604 699 ἰδὼν,
642 633 722 688 δτι
784 632 1108 704 ἀπεδέξαντο
1139 635 1202 689 τὸ
1259 637 1547 708 γενόμενον
1603 636 1654 689 οἱ
1690 633 1967 705 Ἰουδαῖοι,

319 721 580 796 ἰκράτησε
632 724 721 777 γαὶ
787 725 879 778 τὸν
936 726 1086 798 ἅγιον
1144 720 1368 798 Πέτρον,
1431 727 1526 779 Καὶ
1582 721 1748 794 δήσας
1806 723 1965 778 αὐτὸν

320 812 452 884 μετᾶ
481 809 580 866 δόο
613 811 882 880 ἁλύσεων,
908 808 1102 868 ’ἔϐαλεν
1164 814 1241 878 εἷς
1289 813 1562 890 φυλακήν,
1629 813 1970 888 βουλόμενος

321 899 809 976 φονεῦσαι.Ἀλλᾶ
841 900 1077 976 ἅγγελος
1135 907 1268 958 Θεοῦ
1327 903 1578 966 ἀπελθὼν
1639 902 1690 957 ὲν
1756 905 1825 974 τῇ
1867 923 1968 977 τρυ-

317 985 485 1062 λακῇ,
515 987 706 1044 ἔλυσεν
739 991 902 1045 αὐτὸν
956 992 1061 1046 ἀπὸ
1112 997 1219 1047 τῶν
1281 991 1544 1047 ἁλύσεων.
1608 991 1704 1046 Καὶ
1756 992 1968 1062 ἀνοίξας

319 1074 404 1132 διὰ
429 1080 530 1146 τῆς
586 1081 784 1141 νυκτὸς
840 1085 937 1143 τὰς
996 1080 1161 1154 Θῦρας
1215 1088 1315 1151 τῆς
1372 1081 1644 1158 φυλακῆς,
1701 1077 1963 1134 ἀπέλυσεν

318 1167 494 1223 αὐτόν.
524 1169 631 1223 Καὶ
663 1168 838 1231 οὕτως
865 1169 1086 1244 ἐξέφυγε
1138 1170 1234 1232 τὰς
1293 1176 1484 1246 χεῖρας
1542 1172 1638 1226 τοῦ
1693 1167 1963 1245 Ἡρώδουο

316 1257 456 1318 τινὲς
482 1255 542 1312 δὲ
569 1262 679 1312 τῶν
737 1264 945 1314 πιστῶν
1003 1259 1099 1322 τὰς
1159 1257 1376 1322 ἁλύσεις
1435 1259 1676 1336 εὑρόντες
1731 1260 1822 1313 καὶ
1879 1280 1964 1311 τι-

319 1351 521 1418 μῶντες
553 1347 722 1409 αὐτὰς
763 1345 854 1402 διὰ
907 1349 1001 1402 τὸν
1033 1349 1212 1422 ἅγιον,
1271 1349 1404 1404 κατᾶ
1454 1346 1720 1423 διαδοχὴν
1781 1345 1962 1425 διεφύ-

314 1433 491 1506 λαξαν.
551 1436 650 1490 Καὶ
705 1435 926 1508 ὕστερον
987 1439 1134 1508 παρὰ
1209 1441 1320 1492 τῶν
1396 1434 1628 1492 εὐσεϐῶν
1694 1433 1960 1512 βασιλέων

314 1521 387 1583 εἷς
422 1523 1005 1579 Κωνσταντινοῦπολιν
1042 1524 1400 1600 εἰσήχθησαν.
1446 1525 1548 1581 Καὶ
1603 1523 1960 1593 κατετέθῃσαν

313 1609 362 1665 ἐν
391 1616 472 1682 τῷ
493 1615 607 1683 ναῷ
653 1616 751 1667 τοῦ
798 1613 987 1688 Ἀγίου
1047 1616 1252 1687 Πέτρου
1306 1618 1388 1687 τῷ
1442 1612 1674 1684 πλησίον
1709 1611 1823 1668 δντι
1864 1620 1962 1682 τῆς

319 1699 502 1772 Ἀγίας
530 1700 757 1776 Σοσίας.
795 1702 1030 1756 Καίἆπὸ
1077 1701 1206 1756 τότε
1261 1698 1367 1763 ἵως
1420 1707 1522 1771 τῆς
1582 1704 1822 1772 σήμερον
1879 1722 1959 1756 τι·

321 1793 550 1860 μῶνται,
575 1791 662 1844 καὶ
696 1795 1123 1864 προσκυνοῦνται
1188 1792 1293 1847 ὑπὸ
1349 1795 1456 1847 τῶν
1512 1796 1849 1869 Χριστιανῶν
1883 1791 1960 1852 εἷς
1990 1825 2038 1891 Β

312 1879 476 1951 τιμήν
498 1880 597 1935 τοῦ
629 1880 940 1936 ἀποστόλου
973 1881 1198 1954 Πέτρου.

894 1999 970 2069 Τῇ
1010 1996 1147 2070 αὐτῇ
1187 1997 1372 2069 ἡμέρᾳ

517 2111 792 2182 ’Δθλησις
823 2117 920 2168 τοῦ
973 2113 1372 2190 ὄσιομάρτυρος
1407 2115 1737 2191 Πανσοφίου.

371 2229 685 2306 Πανσόφιος
744 2227 774 2284 ὂ
825 2229 1156 2304 ὁσιομάρτυς
1228 2231 1476 2306 ὑπῆρχεν
1536 2231 1643 2286 ἀπὸ
1698 2231 1953 2304 Ἀλεξαν-

300 2313 504 2390 δρείας,
539 2319 658 2380 υἱὸς
725 2318 929 2374 Νείλου
975 2324 1073 2375 τοῦ
1123 2319 1452 2384 ἀνθυπάτου.
1509 2318 1860 2391 Ἐπεμελγςθη
1895 2318 1952 2374 δὶ

297 2406 465 2461 αὐτοῦ
525 2408 556 2462 ὁ
613 2409 794 2482 πατήρ
878 2407 1065 2479 αὐτοῦ,
1131 2408 1220 2463 καὶ
1282 2405 1513 2482 ἐδίδαξεν
1559 2410 1720 2465 αὐτὸν
1777 2415 1947 2464 πᾶσαν

299 2498 548 2572 γραφήν.
608 2497 753 2552 Μετᾶ
809 2494 868 2552 δὲ
910 2499 1012 2566 τήν
1037 2503 1135 2553 1:05
1201 2499 1404 2574 πατρὸς
1433 2495 1716 2567 τελευτὴν,
1776 2499 1948 2553 πάντα

298 2586 392 2640 τὸν
425 2585 671 2640 πλοῦτον
720 2585 888 2641 αὐτοῦ
937 2584 1064 2649 δοὺς
1093 2592 1213 2650 τοῖς
1265 2593 1535 2662 πτωχοῖς,
1595 2586 1837 2657 ἀπῆλθεν
1871 2586 1950 2651 εἲς

298 2676 399 2742 τὴν
460 2673 690 2745 ἔρημον·
768 2673 859 2729 καὶ
923 2675 1178 2746 ἐποίησεν
1240 2675 1292 2730 ἐν
1339 2680 1409 2750 τῇ
1467 2675 1661 2750 ἐρήμῳ
1708 2676 1944 2750 χρόνους

309 2761 612 2819 ιῖκοσιεπτὰ
665 2768 747 2836 τῷ
799 2768 916 2836 Θεῷ
987 2766 1454 2841 προσευχόμενος.
1508 2766 1662 2828 Τινὶς
1730 2763 1788 2820 δὶ
1837 2770 1946 2820 τῶν

311 2857 559 2924 πονηρῶν
612 2854 706 2909 καὶ
792 2856 1136 2929 χαιρεκάκων
1197 2856 1522 2929 ἀνθρώπων,
1581 2853 1939 2930 ἐλοιδόρησαν

312 2939 466 2995 αὐτὸν
496 2941 569 3002 εἷς
596 2944 687 2998 τὸν
742 2943 984 3014 ἄρχοντα
1041 2941 1454 3020 Ἀλεξανδρείας
1503 2944 1939 3019 Αὖγουσταλιον,

297 3029 667 3086 ἀποσταλέντα
745 3033 891 3107 παρᾶ
950 3032 1142 3088 Δεκίου
1198 3033 1273 3095 εἰς
1347 3035 1410 3089 τὸ
1494 3032 1737 3108 φονεύειν
1811 3032 1938 3096 τοὺς

295 3119 677 3182 Χοιστιανοΰς.
735 3122 831 3177 Καὶ
897 3122 1222 3184 ἀποστείλας
1285 3123 1690 3197 Αὖγουστάλιος
1747 3119 1932 3193 ἔδησεν

294 3208 479 3264 αὐτόν·
510 3210 600 3264 καὶ
649 3207 854 3286 ἤγαγεν
912 3210 1143 3266 ἐνώπιον
1203 3211 1386 3267 αὐτοῦ·
1446 3212 1535 3267 καὶ
1593 3212 1935 3285 κατηνάγκα-

288 3318 372 3352 σεν
402 3299 565 3354 αὐτὸν
599 3297 929 3374 ἀρνήσασθαι
959 3303 1049 3355 τὸν
1108 3302 1360 3376 Χριστὸν,
1410 3301 1498 3356 καὶ
1557 3307 1929 3376 προσκυνῆσαι

284 3392 401 3450 τοῖς
456 3384 738 3449 εἷδώλοις.
795 3389 884 3450 Ὠς
945 3386 1004 3444 δὲ
1061 3388 1161 3444 οὐκ
1219 3385 1450 3455 ἔπεισεν,
1521 3387 1708 3464 ἔτυψεν
1769 3389 1926 3444 αὐτὸν

285 3474 529 3550 ἴσχυρῶς
593 3478 728 3548 μετᾶ
783 3473 1041 3552 ῥαδδῖων.
1095 3479 1219 3535 Ἐπὶ
1280 3477 1428 3534 πολὺ
1483 3475 1538 3534 δὲ
1568 3479 1927 3550 τυπτόμενος,

2077 564 2202 600 rem
2230 554 2454 619 gratam
2490 566 2550 604 se
2577 553 2782 608 fecisse
2813 555 3049 621 Judzeis,
3082 562 3478 630 apprehendit
3508 573 3722 622 etsan-

2078 642 2236 690 ctum
2272 639 2528 704 Petrum,
2564 657 2741 710 quem
2773 645 2998 699 catenis
3020 646 3252 703 duabus
3282 651 3542 707 vinctum
3567 656 3727 711 misit

2079 724 2139 778 in
2168 742 2487 795 carcerem,
2519 729 2721 785 volens
2759 733 2927 789 illum
2958 737 3249 793 occidere.
3305 741 3411 795 Sed
3474 745 3727 815 angelus

2079 814 2180 868 Dei
2214 816 2400 870 astitit
2431 818 2490 872 in
2522 836 2778 885 carcere,
2814 824 3104 896 solvitque
3132 845 3267 882 eum
3317 845 3354 884 a
3384 833 3632 901 catenis,
3667 843 3728 890 et

2077 905 2296 975 apertis
2329 914 2504 962 noctu
2537 911 2790 966 carceris
2820 915 3022 983 portis.
3043 916 3270 972 dimisit
3299 920 3467 976 illum
3501 939 3514 976 :
3545 930 3722 996 atque

2077 992 2158 1048 ita
2187 993 2259 1048 de
2288 995 2560 1052 manibus
2591 999 2834 1056 Herodis
2866 1013 3102 1076 ereptus
3131 1013 3236 1061 est.
3259 1011 3494 1066 Catena)
3527 1029 3659 1068 vero
3693 1032 3726 1070 a

2077 1082 2436 1151 quibusdam
2469 1086 2745 1144 ﬁdelibus
2777 1091 3050 1159 inventa},
3079 1101 3138 1149 et
3168 1105 3409 1169 propter
3450 1109 3721 1158 sanctum

2075 1171 2314 1226 Petrum
2346 1172 2406 1227 in
2442 1174 2663 1232 honore
2697 1178 2934 1246 habitae,
2970 1200 3076 1254 per
3101 1202 3314 1241 manus
3350 1189 3421 1243 ad
3455 1198 3724 1261 posteros

2077 1265 2317 1313 servatae
2350 1267 2525 1316 sunt:
2553 1280 2620 1318 ac
2650 1273 2952 1336 postremo
2981 1271 3553 1346 Constantinopolim
3578 1296 3610 1333 a
3633 1296 3726 1334 rc-

2073 1345 2299 1418 ligiosis
2323 1349 2777 1420 imperatoribus
2809 1357 3092 1421 allataein
3114 1363 3334 1432 templo
3357 1345 3552 1421 Sancti
3569 1369 3723 1422 Petri

2074 1436 2231 1506 apud
2261 1438 2449 1494 aedem
2477 1440 2704 1498 Sanctae
2735 1444 2966 1516 Sophia:
2999 1451 3457 1519 repositmsunt:
3480 1455 3722 1511 undead

2073 1525 2225 1581 hanc
2257 1543 2444 1598 usque
2474 1529 2633 1586 diem
2663 1548 2697 1586 a
2721 1533 3072 1592 Christianis
3097 1538 3156 1593 in
3216 1540 3502 1598 honorem
3563 1546 3720 1600 Petri

2072 1615 2324 1684 apostoli
2357 1616 2654 1692 coluntur,
2719 1629 2776 1677 et
2830 1623 2890 1679 in
2952 1642 3185 1684 summa
3215 1633 3593 1689 veneratione
3624 1633 3722 1690 ha-

2070 1700 2307 1760 bentur.

2720 2008 2941 2071 Eodem
2973 2011 3066 2068 die

2210 2120 2364 2174 112
2398 2121 2684 2178 Certamen
2723 2129 2900 2180 sancti
2940 2133 3205 2200 martyris
3247 2135 3565 2207 Pansophii.

2138 2236 2386 2293 Sanctus
2445 2247 2669 2312 martyr
2726 2243 3096 2315 Pansophius
3145 2248 3519 2310 Alexandriae
3580 2258 3712 2312 Nilo

2063 2327 2419 2394 proconsule
2453 2336 2834 2400 natus,atque
2865 2332 2938 2386 ab
2965 2349 3032 2388 eo
3063 2338 3342 2394 omnibus
3369 2341 3715 2402 liberalibus

2063 2411 2398 2486 disciplinis
2421 2433 2655 2473 summa
2679 2435 2821 2475 cura
2843 2420 3367 2491 imbutus,mortuo
3385 2439 3568 2501 patre,
3591 2434 3712 2490 dis-

2062 2504 2299 2560 tributis
2329 2507 2392 2562 in
2433 2525 2726 2579 pauperes
2782 2511 3163 2570 facultatibus
3222 2535 3485 2576 eremum
3520 2525 3708 2594 petiit,

2060 2592 2262 2664 ibique
2294 2604 2519 2667 septem
2553 2605 2611 2652 et
2643 2599 2847 2671 viginti
2879 2619 3068 2658 annos
3127 2607 3350 2664 orando
3401 2592 3703 2686 transegit.

2059 2684 2382 2739 Accusatus
2414 2693 2658 2742 autema
2688 2688 3040 2759 quibusdam
3066 2694 3356 2766 improbis
3378 2684 3706 2772 acperditis

2056 2770 2402 2828 hominibus
2424 2775 2496 2829 ad
2515 2778 2925 2848 Augustalium
2951 2781 3318 2840 Alexandriae
3339 2770 3703 2858 prml‘ectum,

2056 2862 2206 2930 quia
2226 2862 2398 2916 Decio
2421 2863 2495 2917 ad
2525 2863 2845 2921 delendum
2878 2868 3244 2928 Christianos
3259 2876 3704 2948 missusfuerat,

2055 2949 2322 3019 ejusdem
2353 2953 2861 3024 Augustaliijussu
2877 2957 3103 3012 vinctus
3134 2961 3207 3014 ad
3239 2963 3699 3034 ipsiustribunal

2052 3038 2399 3109 perducitur
2432 3057 2445 3094 :
2479 3057 2514 3096 a
2537 3059 2652 3112 quo
2709 3059 2842 3099 cum
2901 3049 3362 3118 compelleretur
3400 3055 3699 3112 Christum

2051 3126 2344 3198 abnegare
2375 3129 2669 3201 idolisque
2728 3134 3082 3199 sacriﬁcare,
3118 3154 3227 3193 nec
3275 3141 3348 3195 ad
3407 3143 3466 3198 id
3499 3145 3698 3201 induci

2047 3223 2267 3287 posset,
2301 3218 2556 3273 fustibus
2583 3221 2926 3292 gravissime
2958 3225 3224 3294 caeditur,
3276 3246 3411 3286 cum
3469 3233 3697 3290 interea

2041 3304 2260 3376 gratias
2294 3306 2411 3361 Deo
2443 3316 2661 3382 ageret,
2692 3317 2750 3365 et
2778 3321 2994 3381 oraret,
3053 3315 3349 3390 idolisque
3408 3323 3700 3395 impreca-

2040 3395 2222 3455 retur.
2255 3411 2324 3450 ac
2354 3395 2550 3454 dicere
2583 3415 2653 3454 ea
2683 3401 2834 3456 nihil
2866 3420 3015 3461 esse.
3048 3409 3240 3478 Atque
3273 3410 3431 3467 hunc
3479 3413 3540 3468 in
3566 3431 3695 3469 mo-

2041 3481 2181 3538 dum
2212 3483 2367 3539 inter
2397 3486 2639 3544 verbera
2661 3496 2720 3544 et
2747 3492 3046 3548 cruciatus
3080 3497 3418 3567 exspiravit.

280 3565 613 3640 ηὐχαοίστει
644 3571 724 3638 τῷ
757 3571 872 3639 Θεῷ
901 3567 991 3622 καὶ
1022 3567 1392 3644 προσηύχετο.
1425 3569 1502 3626 Τὰ
1533 3567 1592 3624 δὶ
1621 3566 1826 3623 εἷ’δωλα
1857 3569 2265 3644 καταρώμενος,
2299 3570 2505 3648 ἔλεγεν,
2537 3574 2623 3630 ὅτι
2653 3573 2805 3632 οὐδέν
2838 3579 2996 3637 εἷσεν.
3031 3582 3132 3637 Καὶ
3175 3583 3317 3639 οὕτω
3347 3590 3690 3662 τυπτόμενος

288 3655 376 3708 καὶ
414 3655 870 3730 βασανιζόμενος,
903 3655 1239 3728 ἐτελεύτησε.

890 3776 968 3847 τῇ
1007 3773 1145 3850 αὖτῇ
1176 3773 1359 3850 ἡμέρᾳ

400 3890 671 3960 ’ΔθΑησις
727 3895 824 3946 τοῦ
880 3891 1035 3966 ἁγίου
1087 3893 1361 3966 μάρτυρος
1421 3891 1688 3955 Δάνακτος
1736 3896 1833 3947 τοῦ

929 3964 1293 4038 ἀναγνώστου.

359 4079 421 4136 Ὀ
451 4078 613 4153 ἅγιος
649 4079 852 4154 μάρτυς
898 4080 1064 4151 Δάναξ
1122 4081 1372 4156 ὕπῆρχεδ
1423 4081 1530 4136 ἀπὸ
1587 4086 1687 4148 τῆς
1748 4083 1935 4158 χώρας

290 4171 382 4222 τοῦ
414 4168 728 4243 Ἰλλυρικοῦ
760 4170 929 4224 τόπου
963 4171 1220 4232 Αὐλῶνος
1278 4171 1640 4244 καλουμένου,
1690 4173 1934 4246 ἀναγνώο

292 4277 421 4326 στης
456 4255 660 4326 ὣντῆς
711 4258 863 4333 ἁγίας
923 4259 1275 4329 Ἐκκλησίας,
1327 4260 1418 4314 καὶ
1477 4260 1932 4335 ὑπαναγινώσκων

286 4347 348 4400 τὰ
378 4347 501 4420 ἱερὰ
536 4342 728 4422 βιϐλία
756 4352 837 4420 τῷ
865 4347 982 4419 λαῷ
1011 4353 1116 4402 τῶν
1171 4350 1524 4425 Χριστιανῶν.
1556 4350 1647 4406 Ἐν
1705 4347 1762 4404 δὲ
1816 4355 1936 4412 ταῖς

286 4436 522 4511 ἡμέραις
579 4435 809 4500 ἐκείναις
877 4440 1227 4513 συναχθέντες
1293 4439 1544 4514 ἅγροικοί
1623 4461 1788 4509 τινες,
1842 4441 1928 4495 καὶ

2692 3783 2912 3840 Eodem
2957 3786 3051 3843 die

2046 3893 2200 3948 na
2259 3899 2542 3952 Certamen
2583 3902 2762 3955 sancti
2814 3907 3074 3975 martyris
3135 3911 3398 3967 Danactis
3447 3912 3682 3971 lectoris.

2118 4084 2365 4140 Sanctus
2396 4093 2620 4160 martyr
2649 4090 2848 4146 Danax
2878 4093 3124 4152 Aulonm
3149 4098 3208 4152 in
3245 4099 3479 4172 Illyrico
3495 4111 3689 4179 natus,

2045 4180 2264 4228 sanctae
2297 4173 2571 4231 Ecclesia;
2622 4177 2826 4247 lector,
2863 4199 3061 4239 sacros
3120 4185 3303 4244 libros
3357 4191 3691 4249 Christiano

2044 4262 2264 4333 populo
2282 4263 3068 4339 legebat.Acciditautem,ut
3085 4277 3331 4334 collecta
3347 4284 3689 4353 agrestium,

2043 4350 2500 4424 inﬁdeliumque
2523 4357 2874 4428 populorum
2894 4379 3106 4419 manus
3126 4367 3183 4420 in
3208 4370 3508 4436 regionem
3527 4372 3692 4428 illam

2042 4438 2345 4505 invadens,
2381 4442 2441 4495 in
2455 4443 2822 4502 Christianos
2843 4466 2949 4520 per
2978 4469 3048 4506 ea
3078 4459 3344 4524 tempora
3368 4457 3692 4516 debaccha-

285 4521 525 4592 ἄπιστοι,
588 4524 678 4579 καὶ
728 4525 779 4580 ἐν
839 4531 954 4588 τοῖς
1004 4528 1196 4588 τόποις
1278 4525 1504 4590 ἐκείνοις
1586 4524 1932 4592 ἀπελθόντες.

2060 4535 2224 4583 'etur.
2261 4529 2510 4586 Sanctus
2540 4532 2720 4605 igitur
2768 4537 2968 4593 Danax
3001 4544 3252 4612 sumptis
3293 4546 3477 4601 sacris
3500 4550 3686 4603 eccle-

285 4609 541 4674 πολλοὺς
599 4616 706 4667 τῶν
766 4614 1097 4688 Χριστιανῶν
1151 4615 1461 4692 ἐφόνευσαν.
1521 4615 1582 4672 Ὁ
1659 4613 1716 4669 δὲ
1775 4614 1934 4690 ’ἅγιος

293 4700 454 4771 Δὲναξ
484 4696 674 4756 λαϐὼν
702 4702 768 4757 τὰ
798 4702 917 4777 ἷερὸι
941 4705 1104 4774 σκεύη
1163 4711 1262 4773 τῆς
1318 4704 1635 4774 ἐκκλησίας,
1695 4701 1928 4774 διεσώθη

291 4787 362 4847 εἷς
393 4791 563 4844 τόπον
590 4789 794 4866 ὀχυρὸν
826 4793 1104 4867 ἀπέχοντα
1133 4791 1239 4847 ἀπὸ
1291 4791 1554 4857 Αὐλῶνος
1587 4792 1746 4865 μίλια
1775 4793 1934 4848 πέντε

290 4879 420 4949 πρὸς
451 4879 743 4943 θάλασσαν.
799 4882 898 4938 Καὶ
953 4879 1304 4945 κατελθόντες
1361 4883 1450 4937 διὰ
1507 4883 1762 4957 σχοινίων
1797 4882 1931 4957 πρὸς

287 4967 444 5023 αὐτὸν
470 4969 523 5023 οἱ
546 4966 832 5042 πολέμιοι,
864 4972 1168 5045 ἠνάγκαζον
1203 4971 1345 5034 θύειν
1401 4975 1481 5043 τῷ
1537 4972 1802 5044 Διονύσῳ,
1836 4970 1926 5026 λέ·

283 5077 488 5130 γοντες,
549 5058 631 5112 δτι
688 5060 853 5122 αὐτὸς
911 5057 1240 5135 δημιουργεῖ
1267 5060 1360 5114 τὸν
1389 5062 1555 5117 οἶνον.
1587 5061 1648 5117 Ὀ
1690 5057 1748 5114 δὲ
1778 5062 1928 5135 ἅγιος

285 5145 562 5221 ὡμολόγει
591 5148 681 5202 τὸν
714 5149 978 5223 Χριστὸν,
1036 5146 1233 5225 λέγων,
1289 5150 1371 5204 ὃτι
1403 5149 1575 5210 Οὗτός
1604 5148 1743 5203 ἐστιν
1777 5152 1805 5203 ὁ
1829 5150 1919 5204 τὸν

280 5235 481 5308 κόσμον
513 5239 598 5291 καί
626 5239 692 5293 τὰ
720 5237 772 5291 ἐν
804 5242 888 5309 τῷ
917 5237 1109 5310 κόσμῳ
1149 5240 1408 5308 ποιήσας·
1477 5239 1505 5292 ὁ
1560 5235 1618 5292 δὲ
1675 5237 1929 5298 Διόνυσος

283 5325 408 5382 Θεὸς
437 5324 535 5378 οὐκ
584 5321 749 5394 ἔστιν,
801 5323 950 5380 ἀλλᾶ
1006 5323 1237 5381 εἶ’δωλον
1291 5325 1500 5402 κωφὸν,
1549 5326 1638 5380 καὶ
1690 5325 1923 5382 ἅλαλοψ

281 5411 331 5464 οἱ
359 5409 416 5467 δὲ
446 5413 786 5490 ὀργισθέντες
841 5415 1145 5488 κατέκοψαν
1197 5415 1356 5471 αὐτὸν
1421 5417 1556 5489 μετᾶ
1593 5417 1700 5470 τῶν
1733 5419 1924 5493 ξιφῶν,

287 5501 355 5556 ὢν
375 5501 648 5581 ἐκράτουν,
675 5507 768 5563 καὶ
801 5504 1028 5582 ἔρῥιψαν
1085 5503 1138 5560 ἰν
1181 5511 1250 5581 τῇ
1309 5505 1576 5582 θαλάσσῃ·
1628 5507 1719 5562 καὶ
1750 5507 1925 5573 οὕτως

276 5589 550 5669 ἰτελειώθη
563 5642 574 5655 .

2044 4617 2144 4672 sia:
2179 4619 2350 4686 vasis,
2381 4621 2442 4674 in
2465 4623 2764 4678 munitum
2787 4628 3105 4695 quemdam
3129 4631 3325 4687 locum
3356 4634 3428 4690 ab
3457 4638 3691 4695 Aulona

2041 4723 2322 4778 passuum
2347 4709 2613 4765 millibus
2635 4713 2898 4784 quinque
2914 4717 3188 4775 dissitum
3204 4725 3350 4778 mari
3375 4726 3691 4783 imminen-

2046 4801 2164 4850 tem
2192 4796 2472 4868 confugit.
2507 4798 2618 4852 Sed
2670 4800 2757 4854 illi
2785 4818 2890 4872 per
2907 4804 3080 4860 funes
3100 4807 3173 4862 ad
3206 4810 3400 4880 ipsum
3423 4815 3688 4886 demissi,

2046 4885 2580 4956 compellebant,ut
2612 4889 2839 4945 Baccho
2873 4895 3253 4966 sacriﬁcaret,
3268 4902 3497 4958 aientes
3518 4905 3690 4960 illum

2046 4990 2175 5029 esse
2206 4974 2324 5028 vini
2351 4981 2674 5032 auctorem.
2694 4979 2799 5034 Ille
2823 4989 3030 5038 contra
3059 4986 3357 5044 Christum
3386 4994 3691 5049 confessus

2043 5062 2241 5117 aiebat
2269 5079 2404 5118 eum
2433 5080 2562 5119 esse
2593 5073 2651 5121 et
2672 5071 2878 5124 mundi
2912 5078 2968 5126 et
2990 5077 3258 5132 omnium
3289 5097 3420 5150 qua:
3440 5083 3499 5135 in
3522 5099 3688 5138 mun-

2043 5150 2116 5205 do
2147 5156 2287 5205 sunt
2317 5152 2940 5222 factorem;Bacchum
2974 5180 3108 5219 vero
3158 5183 3278 5222 non
3310 5168 3485 5223 deum
3535 5187 3686 5242 esse,

2043 5240 2146 5295 sed
2178 5241 2422 5296 surdum
2461 5250 2812 5318 mutumque
2844 5250 3090 5309 idolum.
3125 5257 3314 5320 Quare
3372 5259 3688 5330 indignati,

2040 5331 2430 5403 gladiis.quos
2462 5335 2993 5405 tenebant,caesum
3028 5347 3263 5402 marein
3286 5349 3686 5419 projecerunt:

2039 5427 2217 5492 atque
2247 5423 2401 5478 hanc
2432 5423 2562 5480 vitae
2596 5427 2818 5484 exitum
2840 5431 3065 5489 habuit.
