4114 6306
389 353 508 416 263

913 591 1019 656 Die
1041 599 1272 656 decima
1296 597 1552 670 septima

398 726 555 779 114
613 720 1068 779 Commemoratio
1118 716 1302 801 sancti
1352 713 1537 771 Patris
1594 713 1771 769 nostri
1828 711 2054 767 Antonii

1110 805 1318 858 magna.

469 911 765 967 Antonius
815 924 1063 980 magnus
1127 905 1450 977 (Egyptius,
1481 907 1823 958 Ascetarum
1863 899 2047 955 maxi-

399 1003 838 1063 mus.divitibus
870 998 1215 1071 parentibus
1239 994 1789 1060 natus,adolescens
1812 991 2050 1048 abdica-

402 1096 477 1150 tis
504 1093 780 1148 omnibus
811 1091 1042 1155 abiit,et
1071 1088 1462 1143 monasticam
1493 1085 1671 1140 vitam
1691 1081 1971 1154 suscepit.
2005 1083 2052 1136 Α

405 1183 778 1239 ᾱωηιοηὶὺιιε
807 1180 1170 1242 verberatus,
1193 1177 1341 1232 fusis
1371 1175 1446 1230 ad
1478 1176 1660 1229 Deum
1692 1171 1988 1244 precibus,
2020 1184 2055 1225 a

403 1273 592 1345 plagis
624 1276 864 1326 curatus
887 1275 993 1324 est.
1028 1268 1246 1323 Omnes
1295 1266 1634 1320 dmmonum
1686 1262 1932 1316 virtutes
1964 1275 2056 1314 su-

401 1363 646 1434 peravit.
681 1361 772 1415 Sic
804 1363 1001 1414 autem
1026 1373 1230 1412 eorum
1263 1357 1682 1425 stratagemata
1720 1350 1882 1406 novit
1911 1363 2052 1405 con-

400 1450 766 1520 tuditque,ut
789 1463 964 1501 nemo
996 1445 1442 1513 alius.Cumque
1470 1443 1531 1495 in
1553 1439 1805 1512 jejuniis
1827 1436 2052 1505 multis,

400 1540 462 1594 in
494 1539 658 1593 humi
692 1535 1129 1600 cubationibus,
1163 1539 1222 1588 et
1273 1533 1335 1586 in
1375 1530 1742 1587 orationibus
1779 1525 2054 1583 assiduus

407 1627 754 1696 esset,nihil
783 1639 1046 1696 unquam
1081 1623 1152 1678 de
1183 1622 1436 1693 pristina
1464 1619 1846 1675 contentione
1869 1613 2052 1670 remi-

407 1717 502 1773 sit.
553 1718 743 1782 Quare
775 1713 1178 1786 praedictionis
1237 1711 1459 1765 donum
1507 1705 2054 1774 miraculorumque

403 1805 734 1878 promeruit
765 1821 776 1857 :
803 1802 906 1858 sed
939 1808 996 1856 et
1016 1803 1795 1872 justorum,etpeccatorum
1821 1793 2052 1849 animas

406 1893 810 1966 agnovit,illas
833 1890 1074 1962 quidem
1106 1889 1178 1944 ad
1213 1890 1396 1943 Deum
1418 1887 1682 1941 sublatas
1712 1883 2051 1943 videns,bas

404 2001 541 2039 vero
576 1985 636 2038 in
667 1983 966 2036 infernum
999 1977 1518 2050 dejectas.Floruit
1545 1981 1744 2031 autem
1761 1974 2056 2027 Constan-

402 2073 512 2127 tini
534 2073 720 2144 Magni
742 2065 1327 2140 temporibus,deque
1353 2063 1470 2120 Arii
1497 2064 1705 2119 haeresi
1725 2061 2052 2134 propheta-

403 2163 501 2216 vit.
539 2157 1032 2216 Habuitinstituti
1061 2157 1150 2212 sui
1184 2156 1402 2210 multos
1429 2152 2051 2224 discipulos,suarum-

407 2267 523 2322 que
551 2249 1042 2306 exercitationum
1083 2260 1476 2309 successores,
1509 2243 1573 2297 in
1619 2240 1836 2312 quibus
1888 2238 2054 2293 fuere

409 2340 771 2397 Athanasius
802 2353 1072 2410 magnus,
1104 2335 1325 2391 Paulus
1354 2332 1662 2398 Thebaaus,
1692 2337 1753 2388 et
1803 2344 2055 2401 magnus

411 2429 697 2486 Hilarion.
728 2433 996 2499 Cumque
1027 2441 1216 2482 annos
1245 2422 1571 2495 nonaginta
1600 2421 1868 2492 quinque
1885 2417 2055 2477 vixis-

411 2525 520 2588 set,
543 2518 709 2584 obiit,
741 2524 918 2590 atque
949 2515 1012 2572 in
1039 2515 1239 2588 ignoto
1264 2513 1394 2570 loco
1425 2528 1460 2569 a
1489 2509 1720 2567 duobus
1750 2505 2056 2579 discipulis

409 2610 534 2666 suis
564 2609 831 2680 sepultus
850 2607 981 2664 fuit.

1050 2721 1272 2778 Eodem
1321 2719 1417 2776 die

409 2843 561 2901 115
600 2843 882 2899 Certamen
912 2839 1229 2897 sanctorum
1264 2838 1434 2893 trium
1470 2850 1772 2910 puerorum
1793 2832 2057 2903 Speusip-

620 2915 705 2986 pi,
737 2915 993 2985 Elaszppi
1039 2915 1090 2967 et
1122 2911 1419 2981 Belesippi,
1467 2909 1517 2964 et
1545 2909 1840 2963 sociorum.

487 3079 818 3153 Tergemini
851 3078 1062 3132 fratres
1091 3075 1256 3130 fuere
1277 3074 1337 3128 hi
1362 3078 1481 3127 tres
1509 3087 1574 3126 ex
1590 3086 1710 3124 uno
1730 3066 2058 3136 eodemque

1711 335 2144 405 MENOLOGII
2183 340 2394 404 PARS
2439 341 2516 403 ll.

967 481 1210 539 EODEM
1239 478 1489 537 MENSE.
2066 475 2122 543 Α

3681 338 3804 402 264

2693 474 2853 534 MHN
2857 477 2883 530 Ι
2917 474 3010 532 ΤΩ
3045 473 3246 532 ΑΥΤΩ.

2935 591 3015 648 IZ‘

2262 715 2465 789 Μνήμη
2495 699 2593 770 τοῦ
2642 711 2798 768 δσίου
2827 711 3040 789 ΙΙατρρς
3089 711 3250 784 ἡμῶν
3283 695 3580 766 Ἀντωνίου
3600 713 3697 765 τοῦ

2849 781 3112 858 μεγαλου.

2224 913 2285 969 Ὁ
2318 911 2485 987 μὲγας
2520 910 2810 974 ’Λντώνιος
2866 911 2894 964 ὁ
2948 908 3244 983 Αἰγύπτιος
3304 907 3356 963 ἐν
3404 907 3668 977 ἀσκηταῖς
3703 909 3800 982 μὲ-

2155 1023 2254 1077 γας
2308 1000 2540 1076 ἐγένετο.
2601 999 2886 1056 Πλουσίων
2945 999 3047 1073 γὰρ
3105 999 3307 1073 γονὲων
3361 998 3649 1071 ὑπάρχων,
3709 997 3803 1053 καὶ

2154 1090 2290 1154 νέως
2346 1085 2444 1159 ὥν,
2505 1091 2680 1164 ἀφῆκε
2737 1090 2967 1157 ἅπαντα,
3019 1089 3108 1142 καὶ
3186 1085 3462 1155 ἀπελθὼν,
3516 1084 3797 1158 ἐμόνασεν·

2153 1177 2374 1255 τυφθεὶς
2407 1174 2464 1231 δὲ
2493 1177 2640 1251 παρᾶ
2689 1180 2798 1230 τῶν
2859 1173 3154 1248 δαιμόνων,
3212 1174 3302 1229 καὶ
3361 1175 3804 1248 προσευξάμενος

2153 1270 2235 1338 τῷ
2257 1269 2395 1338 Θεῷ,
2425 1266 2519 1327 τὰς
2549 1263 2769 1339 πληγὰς
2828 1265 2976 1336 ἱάθη,
3041 1265 3218 1328 Πάσας
3276 1263 3334 1320 δὲ
3388 1265 3486 1330 τὰς
3546 1263 3802 1340 δυνάμεις

2155 1359 2266 1410 τῶν
2297 1351 2572 1427 δαιμόνων
2629 1353 2894 1424 ἐνίκησεν.
2952 1355 3134 1421 Οὕτως
3191 1356 3292 1430 γὰρ
3350 1351 3492 1432 ἔγνω
3548 1359 3642 1419 τὰς
3692 1377 3799 1411 πα-

2156 1443 2417 1519 νουργίας
2449 1443 2626 1499 αὐτῶν
2659 1442 2749 1500 καὶ
2780 1443 3030 1519 ἤλεγξεν,
3089 1445 3163 1506 ὡς
3197 1442 3372 1508 οὐδεὶς
3430 1443 3623 1507 ἄλλος.
3681 1450 3803 1515 Νη-

2158 1531 2356 1594 στείαις
2387 1529 2444 1587 δὲ
2473 1531 2714 1594 πολλαῖς
2773 1533 2863 1587 καὶ
2917 1532 3283 1608 ξηροκοιτίαις
3340 1535 3429 1589 καὶ
3468 1538 3806 1606 προσευχαῖς

2156 1623 2634 1698 προσκαρτερήσας
2691 1621 2719 1675 ὁ
2776 1618 2926 1697 ἅγιος
3013 1619 3394 1690 ἀδιαλείπτως,
3464 1621 3564 1678 οὐκ
3610 1619 3807 1678 ἐνέδω-

2156 1730 2267 1766 κεν.
2319 1709 2422 1767 Καί
2478 1710 2837 1786 προγνώσεως
2897 1709 2984 1764 διὰ
3039 1714 3202 1765 τοῦτο
3260 1711 3496 1782 ἠξιώθη,
3553 1711 3644 1765 καὶ
3703 1731 3805 1780 ση-

2081 1838 2130 1904 B
2163 1800 2328 1872 μείων
2360 1799 2610 1856 πολλῶν.
2647 1797 2822 1856 Ἀλλά
2876 1800 2966 1854 καὶ
3025 1797 3252 1855 δικαίων
3308 1802 3398 1855 καὶ
3460 1796 3804 1873 ἁμαρτωλῶν

2160 1889 2340 1964 ψυχας
2369 1889 2712 1962 ἐπεγίνωσκε,
2766 1890 2860 1951 τάς
2925 1890 3022 1962 μὲν
3080 1890 3216 1964 πρὸς
3276 1891 3403 1945 Θεὸν
3465 1889 3807 1967 ἀναφερομέ-

2157 1979 2394 2042 νας,τᾶς
2427 1974 2485 2032 δὲ
2541 1979 2678 2052 πρὸς
2730 1974 2866 2049 ᾅδην
2917 1977 3311 2054 καταγομένας.
3370 1976 3544 2040 Οὗτος
3595 1978 3681 2033 ἐπὶ
3711 1981 3810 2032 τοῦ

2163 2067 2408 2142 μεγάλου
2443 2066 2856 2124 Κωνσταντίνου
2908 2069 2974 2137 ἦν
3037 2067 3457 2142 ἀγωνιζόμενος·
3535 2068 3625 2122 καὶ
3682 2065 3808 2143 περὶ

2158 2162 2258 2225 τῆς
2335 2156 2547 2230 Ἀρείου
2607 2154 2664 2211 δὶ
2715 2156 2972 2230 αἷρὲσεως
3031 2158 3460 2234 προεφήτευσεν.
3524 2157 3806 2232 Ἐγένοντο

2161 2243 2219 2301 δὲ
2252 2247 2488 2318 μαθηταὶ
2521 2245 2687 2301 αὐτοῦ
2717 2245 2922 2302 πολλοὶ
2953 2245 3043 2302 καὶ
3075 2243 3329 2320 διάδοχοι
3367 2252 3469 2316 τῆς
3529 2244 3810 2316 ἀσκήσεως

2160 2335 2347 2390 αὐτοῦ·
2406 2337 2434 2391 ὁ
2491 2337 2663 2410 μέγας
2723 2337 3065 2407 Ἀθανάσιος,
3123 2336 3152 2390 ὁ
3206 2333 3424 2398 Παῦλος
3456 2337 3486 2392 ὁ
3542 2330 3806 2406 Θηϐαῖος.

2162 2424 2191 2480 ὁ
2225 2423 2390 2500 μέγας
2418 2425 2689 2501 Ἰλαρὶων.
2725 2427 2900 2495 Ζήσας
2959 2423 3017 2481 δὲ
3061 2423 3300 2500 χρόνους
3338 2423 3660 2495 ἐνενήκοντα
3713 2422 3807 2480 καὶ

2159 2515 2317 2569 πέντε
2340 2511 2678 2586 ἐτελεύτησε⁸
2711 2514 2801 2571 καὶ
2833 2513 3002 2594 ἐτάφη
3057 2514 3204 2590 παρᾶ
3230 2518 3338 2570 τῶν
3389 2511 3486 2570 δύο
3546 2515 3806 2588 μαθητῶν

2160 2600 2325 2658 αὐτοῦ
2354 2602 2410 2660 ἐν
2438 2603 2592 2679 τόπῳ
2622 2604 2902 2682 ἀγνώστῳ.

2748 2721 2825 2794 τῇ
2859 2719 2994 2794 αὐτῇ
3028 2719 3209 2796 ἡμέρᾳ

2161 2837 2652 2913 ’Ἄθλησιςωτῶνμ
2724 2836 2892 2913 ἁγίων
2979 2840 3144 2913 τριῶν
3231 2835 3465 2913 παίδωνΔ
3527 2833 3810 2913 Σπευσίπ-

2241 2856 2435 2909 θΛησις
2531 2859 2640 2893 των
2724 2856 2892 2913 αγιων
2979 2856 3144 2966 τριῶν
3231 2856 3438 2892 παιοων
3527 2856 3810 2892 amcam—

2231 2933 2390 3004 πρυη
2465 2909 2826 2980 Ἐλασίππου,
2932 2913 3002 2968 Βε
3045 2910 3297 2982 εσίππου,
3382 2907 3632 2964 καὶτῶν
3716 2907 3810 2962 σὺν

2232 3005 2362 3038 αυτο
2375 3005 2436 3046 ις.

2235 3070 2581 3151 Αὖτάδελιροι
2616 3074 2869 3148 ὑπῆρχον
2922 3074 2973 3128 οἱ
3033 3077 3182 3149 τρεῖς
3233 3069 3383 3127 οὗτοι
3443 3071 3548 3126 ἀπὸ
3579 3073 3811 3128 Καππα-

419 3176 620 3224 ventre
640 3171 760 3224 nati
775 3157 2056 3240 .patriaCappadoces,equitatoresinsignes,

2170 3159 2379 3232 δοκίας,
2405 3163 2556 3264 ἐμοῦ
2586 3163 2937 3238 γεννηθέντες
2969 3162 3030 3217 ἐκ
3089 3167 3218 3235 μιᾶς
3262 3158 3478 3224 κοιλίας
3525 3159 3810 3235 τρίδυμοι.

418 3274 825 3330 equorumque
858 3256 1198 3310 domitores.
1221 3255 1483 3322 Cumque
1513 3246 2064 3321 aliquandoinstru-

417 3353 511 3403 cta
540 3363 749 3402 mensa
776 3346 895 3400 Jovi
916 3343 1354 3404 sacrificarent,
1388 3340 1696 3409 aviamque
1731 3333 2064 3390 Neonillam

417 3435 814 3490 Christianam
849 3433 922 3489 ad
953 3432 1279 3488 convivium
1303 3429 1676 3494 invitassent,
1709 3441 1778 3480 ea
1803 3423 1875 3479 de
1894 3421 2064 3477 Chri-

417 3532 507 3580 sto
541 3525 892 3591 disserente,
928 3523 1104 3578 ﬁdem
1137 3520 1353 3577 Christi
1399 3520 1811 3588 susceperunt,
1845 3511 2059 3577 edocti,

415 3615 556 3669 deos
587 3613 850 3686 gentium
887 3628 1028 3668 saxa
1056 3627 1185 3666 esse
1219 3615 1276 3663 et
1331 3608 1491 3681 ligna
1546 3606 1744 3661 animo
1777 3602 2061 3668 carentia,

416 3721 546 3774 qua:
569 3710 792 3758 certum
821 3701 1162 3756 hominibus
1181 3699 1423 3754 exitium
1437 3693 2062 3762 alTerrentzstatimque

417 3791 913 3865 surgentesidola
942 3785 1463 3852 contrivere.Quod
1493 3784 1594 3840 ubi
1621 3783 1908 3838 rescivere
1931 3779 2061 3835 Pal-

414 3890 634 3945 matus,
671 3882 1068 3953 Hermogenes
1129 3885 1186 3933 et
1226 3877 1517 3934 Codratus
1566 3889 1767 3928 eorum
1809 3869 2060 3935 domini,

413 3971 614 4026 omnia
645 3970 810 4040 prius
842 3951 1063 4024 frustra
1093 3967 1338 4039 experti,
1373 3973 1440 4020 ut
1479 3957 1616 4018 illos
1670 3979 1704 4018 a
1762 3951 2061 4032 prOposito

414 4061 817 4118 avocarentjn
848 4060 1154 4129 ingentem
1187 4071 1536 4112 succensum
1553 4068 1850 4110 caminum
1868 4050 2062 4121 conje-

415 4156 541 4204 ctos
572 4148 974 4203 combussere.
1014 4146 1234 4202 Junilla
1263 4149 1460 4200 autem
1520 4142 1743 4197 femina
1788 4138 2060 4211 quasdam

414 4254 617 4294 secum
649 4253 900 4308 puerum
928 4234 1337 4302 tenens,illum
1371 4231 1640 4304 projecit,
1665 4229 2061 4285 Christianam

415 4343 477 4382 se
509 4324 815 4398 professa;
850 4323 1169 4395 statimque
1189 4319 1483 4376 decollata
1506 4319 1748 4374 fuituna
1761 4333 1895 4372 cum
1913 4316 2063 4371 Neo-

413 4415 561 4472 nilla
591 4419 916 4487 martyrum
939 4413 1084 4467 avia.
1117 4409 1307 4466 Turbo
1335 4409 1573 4464 demum
1604 4405 1893 4474 notarius,
1925 4419 2061 4460 cum

414 4522 482 4561 ea
495 4521 626 4577 quas
640 4505 872 4576 reliqua
882 4503 1119 4558 fuerant
1131 4497 1632 4569 idola,accurrens
1655 4490 2057 4561 subvertisset,

413 4593 816 4650 Christianum
841 4592 903 4649 Se
932 4589 1440 4665 profitens,capite
1473 4587 1879 4645 obtrunCatur.

964 4843 1206 4900 EODEM
1245 4841 1494 4897 MENSE.

937 4961 1041 5016 Die
1083 4961 1314 5016 decima
1335 4964 1538 5015 octava

411 5061 1050 5117 116L'ommemoratio
1099 5067 1416 5114 sanctorum
1473 5059 1701 5112 Patrum
1754 5062 2063 5112 nostrorum

916 5131 1216 5187 Athanasii
1267 5137 1316 5185 et
1348 5128 1562 5197 Cyrilli.

494 5260 746 5314 Sanctus
777 5258 1135 5313 Athanasius
1167 5255 1550 5311 Constantino
1574 5255 1778 5325 Magno
1805 5254 2063 5324 impera-

415 5354 544 5404 tore
577 5347 814 5404 claruit.
863 5349 1006 5402 Cum
1067 5352 1261 5400 autem
1320 5344 1596 5399 Ecclesiae
1652 5343 2066 5398 Alexandriam

420 5437 878 5492 archidiaconus
895 5435 1148 5499 esset,ab
1172 5433 1504 5490 Alexandro
1535 5433 1982 5503 archiepiscopo
1994 5430 2070 5488 ad

419 5527 741 5582 concilium
768 5527 1072 5582 Nicaznum
1106 5526 1342 5592 missus,
1375 5525 1459 5579 sic
1489 5524 1550 5578 in
1579 5521 1804 5594 synodo
1826 5522 2069 5590 ell'ulsit,

415 5623 483 5671 ut
505 5617 710 5671 Arium
744 5614 1097 5672 confuderit.
1131 5616 1357 5670 Mortuo
1388 5618 1590 5669 sancto
1621 5610 1974 5674 Alexandro.
2008 5611 2072 5665 in

415 5706 544 5779 ejus
575 5704 772 5762 locum
804 5705 1141 5778 patriarcha
1157 5701 1525 5760 Alexandrina
1559 5698 2058 5767 suﬂ‘ectus,multa

2168 3255 2334 3309 Ἦσαν
2403 3249 2459 3307 Si
2516 3253 2823 3322 ἱππηλάται
2885 3251 3117 3324 ἂριστοι,
3159 3249 3523 3325 γυμνάζοντες
3555 3249 3681 3314 τοὺς
3714 3251 3815 3306 ἰπ-

2169 3364 2326 3406 πους.
2362 3345 2446 3398 Ἐν
2490 3348 2587 3417 μιᾷ
2641 3340 2698 3398 δὲ
2758 3343 3135 3415 ἑτοιμάσαντες
3188 3340 3478 3416 τράπεζαν,
3537 3337 3693 3397 ἔθυον
3738 3347 3820 3415 τῷ

2169 3433 2271 3491 Διί.
2357 3433 2454 3489 Καὶ
2540 3432 3043 3507 προσκαλεσάμενοι
3123 3434 3224 3502 τὴν
3330 3432 3563 3505 μάμμην
3636 3431 3816 3487 αὐτῶν

2168 3523 2491 3594 Νεονίλλαν,
2525 3524 2602 3586 εἱς
2644 3522 2708 3578 τὸ
2765 3526 3066 3599 συμφαγεῖν
3125 3521 3331 3589 αὐτοῖς,
3384 3519 3623 3590 ἤκουσαν
3683 3522 3814 3596 παρ’

2164 3613 2334 3682 αὐτῆς
2365 3614 2690 3686 Χριστιανῆς
2721 3610 2890 3681 οὔσης
2921 3611 3045 3688 περὶ
3094 3615 3194 3666 τοῦ
3252 3611 3509 3683 Χριστοῦ,
3568 3610 3658 3664 καὶ
3686 3609 3812 3664 ἐπί-

2166 3723 2408 3770 στευσαν,
2445 3701 2704 3774 μαθόντες
2735 3700 2818 3755 ὅτι
2849 3704 2955 3755 τῶν
2990 3699 3154 3764 ἐθνῶν
3210 3700 3262 3754 οἱ
3309 3699 3424 3754 θεοὶ
3484 3700 3692 3774 ἄψυχοι
3725 3697 3811 3754 λί-

2166 3803 2274 3861 θοι,
2305 3789 2562 3861 καὶξύλα
2618 3790 2744 3859 εἰσὶ,
2792 3789 2883 3845 καὶ
2953 3788 3138 3863 ἆγουσι
3197 3788 3326 3851 τοὺς
3358 3789 3678 3862 ἀνθρώπους
3737 3787 3815 3852 εἷς

2165 3879 2467 3954 άπώλειανή
2545 3879 2634 3933 καὶ
2698 3877 2896 3941 εὐθέως
2955 3878 3291 3945 ἀναστάντες,
3369 3876 3686 3951 συνέτριψαν
3747 3877 3815 3933 τά

2166 3965 2387 4024 εἴδωλα.
2430 3968 2519 4029 Ὠς
2575 3964 2632 4021 δὲ
2679 3959 2851 4036 ἦλθον
2903 3967 2955 4021 οἱ
3014 3967 3193 4042 κύριοι
3256 3965 3436 4022 αὐτῶν
3497 3963 3812 4039 Πάλματος,

2163 4059 2254 4114 καὶ
2317 4059 2678 4134 Ἑρμογένης,
2737 4057 2828 4112 καὶ
2882 4053 3214 4136 νΚοδρᾶτος,
3295 4055 3591 4131 ἐπειρῶντο
3644 4075 3812 4128 μετα-

2165 4152 2347 4203 πεῖσαι
2406 4145 2630 4210 πύτούς.
2687 4147 2776 4208 Ὠς
2834 4144 2892 4201 δὲ
2947 4145 3048 4200 οὐκ
3099 4141 3332 4216 ἔπεισαν,
3367 4145 3661 4220 ἀνάψαντες
3713 4145 3811 4200 κάς

2169 4259 2327 4311 μινον
2359 4235 2631 4313 μεγάλην,
2684 4223 2942 4291 ἐνέϐαλον
3003 4234 3218 4298 αύτούς.
3269 4235 3376 4292 Καὶ
3425 4234 3596 4297 οὕτως
3654 4231 3811 4313 Exau-

2166 4348 2284 4384 σαν.
2354 4319 2627 4382 Ἰοὐνίλλα
2711 4321 2770 4380 δέ
2850 4346 2934 4388 τις
3017 4324 3148 4400 γυνὴ
3225 4328 3498 4398 κρατοῦσα
3574 4309 3812 4395 παιδίον,

2168 4415 2371 4493 ῥίψασα
2457 4411 2609 4486 αὐτὸ,
2664 4413 3029 4488 ὡμολόγησεν
3084 4413 3252 4483 αὑτὴν
3305 4415 3661 4490 Χριπιανὴν,
3727 4412 3816 4468 καὶ

2170 4507 2370 4575 εὐθέως
2401 4502 2810 4586 ἀπεκεφαλίσθη
2865 4503 3000 4578 μετᾶ
3057 4501 3361 4579 Νεονίλλης
3419 4510 3523 4573 τῆς
3585 4503 3819 4577 μάμμης

2169 4600 2276 4651 τῶν
2313 4594 2626 4672 μαρτύρων.
2657 4589 2924 4670 Τούρϐων
2955 4590 3012 4647 δὲ
3043 4592 3071 4647 ὁ
3127 4591 3380 4668 νοτάριος
3430 4588 3653 4669 δραμῶν
3684 4611 3819 4667 κατ’·

2168 4685 2388 4762 έστρεψε
2415 4687 2482 4741 τὰ
2514 4683 2904 4766 ὑπολειφθέντα
2928 4674 3367 4758 εἴδωλα,λέγων,
3388 4677 3471 4738 εἴτι
3501 4677 3819 4758 Χριστιανός

2169 4775 2305 4850 εἶμι*
2338 4776 2429 4831 καὶ
2463 4771 2870 4851 ἀπεκεφαλίσθη
2901 4771 2990 4827 καὶ
3023 4768 3208 4833 αὐτός.

2718 4861 2899 4918 MHNI
2937 4861 3024 4939 τᾳ
3062 4861 3257 4936 Αγτᾳ.

2952 4973 3023 5024 ΙΙ]

2173 5075 2387 5146 Μνήμη
2431 5075 2537 5126 τῶν
2600 5070 2765 5144 ἁγίων
2827 5066 3082 5146 ῌατέρων
3138 5070 3300 5142 ἡμῶν
3361 5067 3677 5132 Ἀθανασίου
3732 5065 3824 5122 καὶ

2845 5138 3151 5215 Κυρίλλου.

2245 5262 2304 5319 Ὀ
2340 5260 2434 5333 μὶν
2494 5258 2654 5334 ἅγιος
2707 5256 3026 5320 ’Δθανάσιος
3083 5255 3151 5324 ἦν
3236 5254 3324 5310 ἐπὶ
3379 5261 3482 5324 τῆς
3543 5251 3826 5328 βασιλείας

2175 5354 2272 5406 τοῦ
2348 5349 2602 5424 Μεγάλου
2689 5344 3114 5403 Κωνσταντίνου.
3199 5344 3528 5420 Παρεγὲνετο
3587 5340 3645 5398 δὲ
3720 5343 3827 5398 ἀπὸ

2179 5437 2614 5514 Ἀλεξανδρείας,
2649 5433 2979 5497 ἀποσταλεὶς
3034 5434 3181 5509 παρά
3233 5438 3331 5489 τοῦ
3388 5432 3826 5508 ἀρχιεπισκὸπου

2179 5524 2547 5603 Ἀλεξάνδρου,
2597 5525 2673 5588 εἷς
2722 5526 2823 5593 τὴν
2876 5522 2929 5579 ἐν
2984 5523 3184 5596 Νικαίᾳ
3234 5519 3486 5595 σύνοδον,
3570 5517 3832 5596 ἂρχιδιά-

2180 5639 2340 5681 κονος
2371 5615 2466 5673 ὣν.
2530 5615 2639 5672 Καὶ
2707 5611 2992 5690 διέπρεψεν
3051 5612 3127 5675 εἷς
3178 5612 3278 5681 τήν
3337 5607 3584 5678 σύνοδον,
3643 5630 3838 5666 natar-

2187 5708 2392 5786 σχύνας
2447 5705 2540 5761 τὸν
2586 5705 2831 5780 ’Δρειον.
2892 5701 3046 5762 Μετὰ
3125 5699 3184 5758 δὲ
3237 5703 3464 5758 θάνατον
3518 5703 3617 5756 τοῦ
3675 5699 3834 5777 ἁγίου
