4114 6306
442 295 560 354 267

1766 291 1926 354 ΜΕΝ
1933 287 2196 353 OLOGII
2239 289 2445 352 PARS
2488 291 2574 350 ΙΙ.

3741 296 3861 358 268

443 424 685 480 bubulis
712 423 1030 480 durissime
1062 425 1344 481 caiditur:
1378 427 1438 480 in
1472 424 1793 496 equuleum
1834 440 2076 496 suspen-

2199 414 2419 492 Σαϐίνῳ
2453 462 2467 488 ,
2547 419 2635 474 καὶ
2714 418 2969 475 τύπτεται
3059 421 3193 494 μετὰ
3281 422 3580 498 βουνεῦρων
3669 423 3853 498 ξηρῶν

448 531 568 578 sus,
603 515 1077 571 excarnificatur.
1114 518 1239 570 Mox
1271 532 1449 588 super
1479 516 1737 570 ferreum
1786 513 2094 587 grabatum

448 604 716 674 subjecta
747 604 991 660 ﬂamma
1019 605 1374 660 extenditur.
1411 604 1523 659 Sed
1570 604 1768 659 divino
1803 603 2094 658 beneficio

449 709 516 748 ex
548 694 681 766 igne
713 694 1146 750 admirabiliter
1183 701 1470 759 servatus,
1504 693 1713 749 ferreis
1744 693 1960 749 calceis
1991 693 2096 748 iis-

449 799 561 854 que
594 783 772 839 clavis
801 785 990 839 acutis
1021 783 1268 839 conﬁxis
1313 784 1631 848 calceatus,
1665 799 1901 838 currere
1930 799 2092 838 com-

444 873 707 943 pellitur.
745 879 985 927 llemum
1009 874 1230 928 carceri
1253 872 1538 938 inclusus,
1570 873 1773 928 tandiu
1798 873 1857 926 in
1887 873 2093 927 vincu-

447 962 522 1018 lis
553 964 685 1029 fuit,
720 963 914 1034 quoad
942 970 1234 1031 cessante,
1268 963 1641 1019 Constantini
1665 963 1857 1036 Magni
1891 965 2093 1019 Roma-

446 1067 663 1108 norum
692 1053 1069 1124 imperatoris
1110 1054 1322 1116 edicto.
1357 1053 1792 1124 persecutione,
1839 1053 2092 1121 solutus,

427 1141 712 1196 ecclesias
743 1159 864 1197 sua;
894 1143 1169 1216 regimini
1208 1143 1510 1213 incubuit,
1561 1143 1808 1197 verbum
1858 1140 2092 1198 Domini

443 1232 630 1285 nostri
661 1232 794 1286 Jesu
828 1231 1042 1286 Christi
1105 1232 1371 1303 deposito
1415 1232 1579 1286 omni
1637 1237 1820 1308 metu,
1851 1229 2090 1285 docens.

444 1320 708 1391 Cumque
753 1319 1063 1376 biennium
1102 1321 1362 1387 vixisset,
1394 1321 1734 1392 multosque
1784 1319 1857 1376 ad
1903 1320 2091 1392 pieta-

443 1413 564 1463 tem
595 1411 1005 1477 convertisset,
1033 1411 1306 1485 migravit
1334 1412 1408 1467 ad
1437 1412 1780 1475 Dominum,
1807 1416 1864 1466 et
1894 1425 1929 1465 a
1958 1409 2094 1465 reli-

446 1498 628 1570 giosis
656 1499 965 1573 discipulis
998 1501 1121 1556 suis
1151 1501 1482 1558 honoriﬁce
1515 1500 1783 1573 sepultus
1807 1500 1939 1556 fuit.

1089 1797 1312 1855 Eodem
1360 1797 1457 1854 die

594 1913 750 1972 I20
782 1915 1065 1971 Certamen
1093 1923 1291 1974 sanctae
1318 1917 1582 1985 martyris
1610 1913 1950 1985 Euphrasicz.

519 2058 733 2118 Sancta
755 2066 982 2132 martyr
1000 2061 1345 2132 Euphrasia.
1365 2059 1714 2116 Maximiano
1736 2058 2094 2130 imperatore

449 2164 520 2202 ex
544 2152 689 2204 urbe
721 2150 1063 2205 Nicomedia
1091 2149 1222 2216 fuit,
1255 2150 1383 2222 pari
1417 2155 1475 2204 et
1503 2149 1742 2222 generis
1773 2154 1831 2204 et
1860 2162 2093 2202 morum

445 2234 618 2294 laude
651 2237 1086 2294 commendata.
1123 2238 1564 2309 Comprehensa
1584 2243 1804 2304 autem,
1834 2242 1894 2292 et
1917 2235 2093 2290 idolis

445 2327 778 2384 sacriﬁcare
827 2329 1156 2400 compulsa,
1188 2345 1324 2384 cum
1365 2327 1424 2383 id
1470 2328 1665 2384 facere
1715 2327 2090 2395 detrectaret,

440 2416 692 2473 barbaro
725 2423 784 2473 et
811 2418 1025 2491 agresti
1059 2417 1286 2473 homini
1317 2417 1594 2472 violanda
1622 2417 1912 2472 traditur:
1959 2432 2090 2487 quas

440 2507 646 2575 verita,
677 2524 753 2562 ne
785 2507 896 2563 sibi
929 2507 1014 2564 vis
1056 2507 1396 2571 inferretur,
1455 2505 1871 2577 hujuscemodi
1901 2505 2084 2560 artiﬁ-

441 2596 598 2651 cium
621 2596 986 2670 excogitavit.
1009 2597 1066 2652 Si
1094 2614 1209 2664 me,
1233 2597 1430 2668 inquit
1449 2596 1523 2652 ad
1546 2596 1739 2663 illum,
1765 2594 2086 2662 dimiseris,

441 2684 591 2741 dabo
623 2686 727 2740 tibi
761 2686 1168 2758 pharmacum,
1188 2685 1345 2758 quod
1369 2686 1418 2741 si
1446 2685 1786 2759 gestaveris,
1820 2701 1930 2740 nec
1960 2683 2088 2757 gla-

437 2772 592 2842 dius,
625 2792 735 2831 nec
776 2776 938 2831 aliud
969 2776 1276 2847 quidpiam
1321 2775 1426 2830 tibi
1453 2774 1710 2842 nocebit,
1743 2780 1846 2830 aut
1873 2773 2087 2830 vulnus

437 2863 710 2935 inﬂigere
740 2863 996 2936 poterit;
1031 2863 1137 2920 sed
1169 2865 1240 2920 ab
1272 2864 1480 2933 hastis,
1533 2863 1796 2930 ensibus,
1830 2863 2086 2934 telisque

433 2953 754 3010 incolumis
799 2960 858 3009 et
912 2955 1136 3010 illarsus
1196 2955 1542 3010 servaberis.
1604 2955 1705 3009 Cui
1765 2953 1904 3009 ille:
1970 2955 2086 3008 Hoc

432 3043 709 3114 equidem
742 3043 968 3099 discere
989 3045 1224 3108 vellem,
1252 3045 1518 3114 mihique
1541 3043 1906 3115 persuaderi.
1941 3043 2084 3097 Tum

429 3132 779 3202 Euphrasia,
812 3138 1049 3188 extento
1100 3134 1300 3188 statim
1331 3133 1520 3188 collo:
1557 3135 1824 3197 Percute,
1864 3131 2078 3202 inquit,

2202 508 2466 583 ἱσχυρῶς.
2503 511 2633 565 Εἶτα
2689 516 2954 583 κρεμᾶται
3015 509 3102 564 ἐπὶ
3162 510 3352 582 ξύλου⁹
3410 511 3501 568 καὶ
3560 511 3729 583 ξὲεται
3759 512 3858 575 τὰς

2204 599 2401 672 σάρκας
2439 641 2452 655 .
2512 597 2618 654 Καὶ
2701 598 2790 653 ἐπὶ
2859 602 3199 674 πυρωθὲντος
3256 599 3485 674 σιδηροῦ
3541 597 3854 676 κραϐϐάτου

2204 685 2493 743 ἁπλοῦται.
2547 684 2872 763 Παραδόξως
2923 687 2980 744 δὲ
3025 692 3095 763 τῇ
3125 693 3221 744 τοῦ
3252 694 3385 746 Θεοῦ
3419 687 3602 767 χάριτι
3635 689 3856 764 λυτρω-

2203 776 2313 838 θεῖς
2347 776 2406 831 ἐκ
2435 782 2531 831 τοῦ
2572 778 2764 852 πυρὸς,
2810 775 3053 848 ὑπεδήθη
3115 776 3315 853 σιδηρᾶ
3365 777 3690 853 ὑποδήματα
3723 783 3859 854 μετὰ

2202 862 2398 932 ἥλων,
2461 863 2648 936 ὀξέων,
2706 866 2795 921 καὶ
2839 868 3170 943 ἠναγκάζετο
3228 869 3467 944 τρέχειν,
3529 871 3660 926 Εἶτα
3715 870 3854 925 άπε-

2201 951 2428 1024 κλείσθη
2489 954 2542 1010 ἐν
2596 960 2662 1030 τῇ
2713 954 2929 1035 φυλακῇ
2966 978 2979 990 ·
3029 959 3120 1012 καὶ
3178 957 3289 1013 ἐπεὶ
3351 958 3625 1015 ἐπαύσατο
3657 963 3686 1015 ὁ
3716 962 3855 1016 κατὰ

2201 1048 2309 1098 τῶν
2365 1047 2700 1120 Χριστιανῶν
2757 1045 3038 1124 διωγμὸς,
3098 1051 3386 1120 προστάξει
3439 1055 3538 1105 τοῦ
3592 1051 3854 1127 Μεγάλου

2205 1137 2616 1191 Κωνσταντίνου
2665 1136 2787 1192 τότε
2865 1143 2967 1206 τῆς
3048 1141 3157 1193 τῶν
3218 1139 3511 1212 Ῥωμαίων
3573 1140 3856 1216 βασιλείας

2201 1226 2573 1297 κρατήσαντοξ
2631 1223 2876 1296 ἀπελύθη
2907 1227 2998 1280 καὶ
3057 1226 3216 1289 αὐτὸς
3263 1235 3364 1298 τῆς
3419 1227 3687 1306 φυλακῆς.
3749 1230 3854 1288 Καὶ

2201 1313 2268 1380 ἦν
2301 1309 2596 1385 διατρίϐων
2648 1313 2700 1369 ἐν
2753 1313 2822 1390 τῇ
2869 1317 3061 1371 ἑαυτοῦ
3092 1315 3378 1388 ἐκκλησίᾳ,
3423 1313 3646 1381 ἀφόϐως
3701 1316 3858 1374 διδά-

2203 1420 2344 1456 σκων
2375 1405 2474 1458 τοῦ
2504 1403 2709 1479 Κυρίου
2767 1405 2928 1477 ἡμῶν
2970 1407 3155 1475 Ἰησοῦ
3213 1411 3452 1482 Χριστοῦ
3507 1408 3601 1463 τὸν
3659 1406 3848 1483 λόγον.

2203 1493 2302 1547 Καὶ
2335 1494 2500 1565 ζήσας
2521 1491 2614 1566 ἔτη
2647 1491 2768 1568 δύο,
2797 1494 2888 1551 καὶ
2935 1494 3184 1558 πολλοὺς
3241 1499 3376 1571 πρὸς
3432 1500 3532 1567 τήν
3578 1496 3853 1556 εὐσέϐειάν

2203 1581 2525 1659 ἐπιστρέψας
2561 1627 2575 1653 ,
2651 1582 2788 1660 πρός
2861 1583 3058 1661 Κύριον
3135 1583 3470 1660 ἐξεδήμησε·
3525 1589 3617 1643 καὶ
3677 1589 3849 1666 ἐτάφη

2203 1670 2434 1745 ἐντίμως
2462 1672 2567 1728 ὑπὸ
2593 1676 2700 1728 τῶν
2733 1673 2905 1730 αὐτοῦ
2927 1669 3174 1736 εὐλαὸῶν
3209 1678 3491 1749 μαθητῶν.

2127 1806 2173 1872 Β
2798 1790 2882 1856 τῆ
2904 1790 3043 1865 αὐτῇ
3075 1791 3258 1868 ἡμέρᾳ

2394 1900 2668 1975 ’Ἂθλησις
2691 1911 2792 1975 τῆς
2821 1904 2978 1991 άγίας
3011 1907 3286 1981 μάρτυρος
3315 1906 3646 1985 Εὖφρασίας.

2267 2037 2332 2095 Ἦ
2363 2035 2484 2114 ἁγία
2544 2037 2749 2114 μάρτυς
2808 2039 3082 2116 Εὖφρασία
3131 2040 3337 2117 ἐγένετο
3368 2041 3428 2098 ἐκ
3481 2050 3581 2114 τῆς
3627 2044 3849 2107 πόλεως

2198 2127 2590 2200 Νικομηδείας,
2644 2129 2733 2186 ἐπὶ
2767 2135 3105 2203 Μαξιμιανοῦ
3159 2135 3257 2186 τοῦ
3319 2133 3614 2209 βασιλέως,
3661 2137 3862 2209 γένους

2195 2215 2463 2272 πλουσίου
2537 2216 2626 2274 καὶ
2675 2219 2886 2293 τρόπου
2944 2220 3225 2297 σώφρονος
3290 2222 3378 2278 καὶ
3432 2223 3650 2296 ἀγαθοῦ.
3703 2227 3852 2299 Κραο

2196 2307 2348 2362 θεῖσα
2377 2303 2436 2362 δὲ
2490 2307 2580 2364 καὶ
2628 2308 3018 2384 ἀναγκασθείσα
3072 2311 3227 2366 θῦσαι
3280 2316 3398 2374 τοῖς
3448 2310 3727 2383 εἶόώλοις,
3758 2315 3850 2370 καὶ

2198 2398 2274 2469 μὴ
2334 2402 2633 2469 πεισθεῖσα,
2692 2395 2967 2473 παρεδόθη
3033 2401 3170 2472 πρὸς
3225 2401 3289 2456 τὸ
3340 2404 3630 2475 μιανθῆναι
3691 2399 3854 2478 ἀνδρὶ

2198 2478 2454 2561 βαρϐάρῳ
2522 2486 2613 2541 καὶ
2690 2485 2975 2562 ἀγροίκῳ.
3033 2486 3249 2546 ’ἰδοῦσα
3298 2488 3355 2545 δὲ
3411 2492 3510 2560 τὴν
3567 2491 3849 2567 ἀνάγκην,

2193 2571 2587 2648 ἐμηχανήσατό
2643 2596 2695 2630 τι
2761 2581 3010 2632 τοιοῦτον
3044 2619 3058 2634 .
3126 2580 3262 2634 Εἴπε
3308 2579 3410 2656 γὰρ
3468 2581 3603 2654 πρὸς
3661 2580 3850 2653 αὐτὸν,

2193 2661 2376 2719 SHE?
2402 2663 2625 2740 ἀφήσεις
2658 2684 2746 2737 με,
2796 2661 2912 2738 ἔχω
2966 2687 3049 2719 σοι
3109 2665 3296 2722 δοῦναι
3353 2689 3660 2744 φάρμακον,
3710 2669 3848 2746 ὅπερ

2191 2747 2278 2804 ἐάν
2315 2749 2752 2826 βαστάζῃς,οὕτε
2780 2753 2949 2831 ξίφος,
2992 2753 3113 2810 οὕτε
3171 2755 3312 2811 ἄλλο
3366 2777 3418 2811 τι
3480 2753 3847 2832 καταϐλάψει,

2189 2840 2224 2907 ἢ
2282 2842 2477 2915 τρώσει
2539 2862 2616 2910 σε,
2674 2840 2801 2897 ἀλλ’
2860 2839 3006 2918 ἔχεις
3064 2841 3514 2922 διαφυλάττεσθαι
3573 2847 3678 2902 ἀπὸ
3734 2853 3848 2903 τῶν

2189 2929 2485 3005 κονταρίων
2544 2930 2633 2986 καὶ
2687 2935 2795 2986 τῶν
2885 2932 3167 3002 σπαθίων,
3226 2934 3316 2990 καὶ
3374 2937 3574 2999 παντὸς
3643 2934 3847 3013 βέλους

2193 3018 2375 3093 ὑγιής.
2428 3022 2487 3077 Ὀ
2538 3017 2595 3074 δὲ
2653 3020 2818 3087 εἶπεν,
2879 3021 2962 3076 ὅτι
3016 3023 3250 3086 Ἦθελον
3307 3028 3469 3080 τοῦτο
3527 3032 3713 3099 μαθεῖν
3750 3027 3844 3082 καὶ

2191 3109 2708 3186 πληροφορῃθῆναι·
2747 3109 2920 3182 ἐκείνη
2955 3109 3012 3167 δὲ
3040 3113 3132 3167 τὸν
3179 3111 3317 3169 ἴδιον
3372 3114 3662 3190 τράχηλον
3696 3137 3842 3190 προ-

429 3183 626 3290 ειᾶῖὶὶο
652 3236 664 3272 :
692 3183 803 3274 nec
826 3221 985 3274 enim
1010 3221 1230 3291 poteris
1253 3229 1430 3291 caput
1452 3221 1594 3275 mihi
1620 3183 2076 3290 amputare.lQui

2189 3197 2426 3267 τείνασα,
2475 3200 2644 3253 εἶπεν·
2694 3203 2936 3274 Κροῦσον
2998 3202 3134 3274 μετά
3188 3206 3284 3258 τοῦ
3344 3206 3594 3275 σπαθίου,
3650 3205 3741 3261 καὶ
3774 3205 3840 3262 οὗ

430 3305 697 3362 adhibita
726 3307 887 3362 illius
917 3309 1108 3363 verbis
1141 3309 1276 3372 ﬁde,
1306 3309 1500 3381 gladio
1532 3325 1662 3364 eam
1685 3307 1998 3380 percussit,
2024 3312 2084 3362 et

425 3400 604 3467 caput
630 3413 665 3452 a
693 3395 1020 3452 cervicibus
1050 3396 1321 3454 abscidit.
1357 3401 1548 3468 Atque
1575 3397 1659 3452 ita
1683 3396 1754 3452 ab
1779 3412 1848 3452 eo
1876 3403 2080 3468 erepta

426 3488 535 3540 est.

1075 3648 1295 3706 Eodem
1323 3611 1417 3706 die

424 3779 572 3836 1⁸21
607 3782 1059 3848 commemoratio
1115 3791 1430 3841 sanctorum
1480 3784 1715 3840 Patrum
1759 3790 2076 3840 nostrorum

527 3872 762 3927 Macarii
786 3874 1038 3939 Romani,
1070 3880 1122 3928 et
1158 3873 1388 3930 alterius
1433 3875 1669 3928 Macarii
1694 3873 1962 3945 Egyptii.

491 4013 738 4072 Sanctus
770 4012 1058 4073 Macarius
1094 4021 1394 4075 Romanus
1422 4035 1456 4074 a
1485 4026 1650 4091 patre
1681 4018 1900 4073 invitus
1932 4035 2072 4074 uxo-

414 4119 540 4156 rem
576 4101 790 4158 ducere
822 4112 1084 4172 coactus,
1121 4123 1188 4162 ea
1245 4108 1474 4174 relicta,
1534 4107 1731 4181 fugam
1783 4108 2066 4179 arripere,

416 4207 657 4262 suaeque
691 4193 862 4246 saluti
895 4195 1212 4249 consulere
1240 4196 1564 4250 constituit.
1601 4197 1788 4260 Quare
1821 4196 2068 4268 angelus

413 4279 518 4334 Dei
550 4281 748 4336 statim
785 4298 922 4336 eum
956 4300 1289 4348 assumens,
1325 4284 1535 4339 ducem
1568 4302 1629 4339 se
1662 4285 1749 4338 illi
1793 4284 2064 4355 prmbuit.

412 4374 471 4424 et
500 4369 575 4424 ad
609 4370 951 4426 Paradisum
991 4388 1178 4443 usque
1210 4373 1560 4445 perducens,
1595 4373 1657 4428 in
1702 4373 1830 4428 loco
1863 4372 2064 4445 viginti

409 4459 744 4516 miliaribus
775 4461 847 4516 ab
880 4477 946 4516 eo
979 4461 1186 4517 dissito
1223 4461 1573 4517 collocavit:
1607 4462 1708 4516 ubi
1743 4469 1862 4517 tres
1893 4461 2064 4516 illum

2189 3282 2395 3361 δυνήσῃ
2431 3307 2498 3359 με
2533 3285 2951 3362 ἀποκεφαλίσαι.
3013 3291 3251 3353 Ἐκεῖνος
3308 3290 3365 3347 δὲ
3414 3294 3727 3361 πιστεύσας,
3754 3295 3843 3351 ὅτι

2186 3373 2366 3446 ἀληθῆ
2425 3376 2596 3452 λεγει,
2648 3377 2874 3453 ἓκρουσε
2924 3379 3060 3452 μετὰ
3107 3384 3207 3435 τοῦ
3239 3381 3491 3456 σπαθίου,
3523 3383 3614 3439 καὶ
3646 3384 3843 3440 ἀπεκε-

2183 3463 2394 3543 φάλισε⁹
2424 3467 2516 3522 καὶ
2547 3466 2720 3530 οὕτως
2748 3466 2979 3546 ἐρῥύσθη
3005 3468 3056 3542 ἐξ
3086 3469 3271 3538 αὐτοῦ.

2775 3639 2852 3712 τῇ
2883 3636 3020 3713 αὐτῇ
3051 3641 3233 3715 ἡμέρᾳ

2181 3781 2390 3854 Μνήμη
2450 3785 2560 3836 τῶν
2618 3781 2780 3838 ὁσίων
2857 3784 3109 3860 Ηατὲρων
3164 3783 3324 3857 ἡμῶν
3405 3785 3685 3863 Μακαρίου
3737 3785 3839 3844 τοῦ

2284 3872 2578 3947 Ῥωμαίου,
2609 3873 2698 3928 καὶ
2726 3873 2911 3948 ἐτέρου
2943 3874 3230 3948 Μακαρίου
3274 3879 3372 3931 τοῦ
3419 3875 3724 3952 Αἰγυπτίου

2249 4011 2305 4063 Ὀ
2367 4009 2460 4082 μὲν
2535 4009 2690 4086 ἅγιος

2177 4098 2380 4172 πατρὸς
2412 4099 2627 4172 γυναικῖ
2661 4101 2995 4174 συζευχθεές,
3053 4101 3144 4155 καὶ
3204 4101 3279 4173 μή
3340 4099 3538 4172 θέλων,
3597 4103 3828 4160 καταλι-

2174 4189 2292 4244 πὼν
2351 4187 2542 4261 αὐτὴν,
2601 4189 2857 4262 ἠγάπησε
2941 4197 3131 4266 φυγεῖν
3216 4190 3305 4245 καὶ
3387 4201 3649 4262 σωθῆναι.
3724 4196 3824 4250 Καὶ

3385 4286 3542 4356 Θεοῦ,
3625 4283 3833 4360 ὡδήγει

2175 4366 2356 4423 αὐτόν·
2414 4367 2489 4427 ὠς
2541 4369 2628 4424 καὶ
2692 4369 2767 4431 είς
2824 4370 2915 4424 τὸν
2978 4367 3302 4443 παράδεισον
3362 4371 3662 4449 ἀπαγαγεῖν
3722 4375 3832 4430 ἀπὸ

2779 4013 3058 4086 Μακάριος
3117 4012 3146 4066 ὁ
3200 4011 3476 4084 Ῥωμαῖος
3508 4055 3522 4082 ,
3585 4014 3689 4069 ὑπὸ
3733 4018 3834 4070 τοῦ

2176 4279 2374 4344 εὐθέως
2445 4275 2778 4349 παραλαϐὼν
2852 4279 3010 4335 αὐτὸν
3073 4281 3301 4356 ἅγγελος

2176 4459 2377 4531 μιλίων
2412 4457 2607 4530 εἴκοσι,
2657 4459 2746 4514 καὶ
2801 4463 3124 4529 κατοικῆσαι
3175 4460 3306 4516 ἐκεῖ·
3366 4457 3491 4518 ἔνθα
3522 4464 3611 4519 καὶ
3672 4462 3830 4540 εὗρον

411 4550 688 4606 monachi
722 4551 1097 4620 invenerunt,
1130 4550 1516 4623 Theophilus,
1551 4550 1806 4623 Sergius,
1840 4557 1899 4606 et
1943 4551 2054 4623 Hy-

2186 4549 2324 4602 ιύτὸν
2354 4553 2501 4623 τρεῖς
2564 4549 2827 4625 μοναχοὶ,
2887 4549 3157 4626 Θεόφιλος
3185 4546 3188 4550 ’
3219 4551 3464 4627 Σέργιος,
3509 4553 3598 4608 καὶ
3632 4553 3830 4628 ’Υγιει-

404 4639 600 4711 ginus,
625 4641 839 4711 quibus
873 4640 1143 4712 exposuit
1168 4658 1536 4713 quaecunque
1560 4641 1785 4696 viderat
1805 4639 2056 4696 admira-

403 4727 550 4783 bilia
581 4736 639 4782 et
668 4731 975 4802 stupenda.
1014 4731 1275 4786 Tandem
1304 4731 1606 4803 decrepita
1637 4737 1808 4787 aetate
1840 4729 2052 4803 migra-

398 4817 480 4870 vit
509 4816 583 4871 ad
619 4820 952 4875 Dominum.
987 4819 1151 4874 Alter
1168 4837 1302 4876 vero
1335 4829 1576 4876 sanctus
1601 4820 1908 4884 Macarius,
1934 4826 2054 4875 sta-

399 4908 532 4960 tura
564 4907 839 4977 pusillus,
859 4924 927 4964 ex
951 4909 1312 4965 Alexandria
1333 4910 1558 4983 [Egypti
1586 4911 1736 4965 fuit:
1762 4910 1860 4981 qui
1885 4909 2052 4964 abdi-

397 5000 527 5048 cato
560 4995 778 5051 saeculo
812 5013 1074 5051 eremum
1101 5004 1329 5068 petens,
1364 5000 1761 5054 monasticum
1810 4999 2051 5054 institu-

397 5086 589 5138 tuma
640 5083 897 5154 quodam
958 5093 1163 5139 sancto
1225 5102 1367 5141 sene
1426 5090 1692 5159 accepit:
1752 5093 1930 5157 atque
1987 5087 2049 5140 in

393 5171 727 5237 virtutibus,
762 5174 1041 5228 mandata
1078 5175 1171 5228 Uei
1205 5175 1523 5245 diligenter
1551 5175 1938 5234 observando,
1964 5175 2047 5229 sic

391 5259 643 5324 refulsit,
669 5268 733 5314 ut
753 5262 814 5315 in
840 5262 1142 5317 dmmones
1165 5269 1518 5333 potestatem
1541 5263 1806 5330 haberet,
1828 5279 2045 5333 eosque

392 5349 710 5404 oculariter
739 5349 982 5420 videret,
1013 5357 1071 5406 et
1101 5351 1455 5422 increparet.
1486 5353 1753 5426 Cumque,
1772 5353 1889 5409 alia
1915 5353 2044 5424 plu-

387 5436 543 5493 rima
595 5439 883 5494 miracula
923 5440 996 5494 ad
1026 5440 1244 5495 Christi
1302 5441 1553 5513 gloriam
1612 5441 1946 5509 edidissset,
1981 5442 2044 5495 in

395 5541 539 5600 pace
571 5528 834 5600 gaudens
866 5529 1176 5601 requievit.

2166 4637 2258 4698 νός
2295 4680 2308 4695 .
2369 4637 2466 4698 Οἷς
2545 4639 2634 4692 καὶ
2740 4635 3040 4715 διηγήσατο
3099 4639 3346 4714 θαῦματα
3401 4639 3680 4715 παράδοξα
3731 4644 3823 4699 καὶ

2161 4726 2403 4800 τέρατα,
2464 4721 2598 4800 ἅπερ
2657 4725 2907 4790 ἐθεάσατο
2944 4771 2955 4782 .
3017 4729 3150 4782 Εἶτα
3207 4726 3258 4782 ἐν
3325 4728 3617 4802 βαθυτάτῳ
3675 4732 3822 4806 γήρᾳ

2161 4817 2296 4892 πρὸς
2330 4817 2526 4891 Κύριον
2573 4813 2922 4888 ἐξεδήμησεν’
2986 4817 3013 4870 ὁ
3072 4813 3129 4871 δὲ
3185 4814 3367 4892 ἔτερος
3428 4819 3579 4881 ὅσιος
3630 4823 3814 4875 Μακά-

2163 4928 2299 4983 ριος,
2328 4906 2468 4961 ὁκαὶ
2526 4899 2763 4959 κολοϐὸν
2793 4907 2892 4973 τήν
2933 4905 3183 4978 ἡλικίαν,
3245 4907 3448 4981 ἐγένετο
3508 4909 3613 4964 ὰπὸ
3658 4909 3816 4967 Ἀλε-

2159 4993 2435 5070 ξανδρείας
2463 4999 2563 5062 τῆς
2621 4991 2918 5067 Αἰγύπτου.
2951 4993 3286 5050 Καταλιπὼν
3321 4994 3377 5051 δὲ
3429 4998 3524 5053 τὸν
3577 4998 3812 5072 κόσμον,

2157 5085 2244 5150 καὶ
2283 5083 2381 5150 τὴν
2432 5079 2662 5157 ἔρημον,
2723 5078 3070 5153 καταλαϐὼν,
3122 5084 3334 5159 ἐγένετο
3397 5087 3644 5163 μοναχὸς
3706 5089 3814 5144 ὐπὸ

2157 5175 2314 5249 ἁγίου
2342 5171 2485 5233 τινὸς
2516 5171 2792 5245 γὲροντος.
2825 5172 2926 5229 Καὶ
2959 5172 3102 5228 οὕτω
3127 5173 3424 5249 διέλαμψεν
3471 5178 3549 5239 εἲς
3582 5177 3807 5253 ἆρετήν,

2155 5265 2325 5326 πάσας
2381 5261 2475 5323 τάς
2537 5258 2761 5322 ἐντολάς
2807 5265 2902 5315 τοῦ
2954 5267 3088 5317 Θεοῦ
3145 5265 3523 5339 κατορθώσας,
3584 5267 3660 5329 ὡς
3717 5268 3814 5322 καὶ

2153 5354 2289 5410 κατὰ
2321 5349 2594 5424 δαιμόνων
2626 5347 2866 5422 ἐξουσίαν
2926 5345 3138 5419 λαϐεῖν,
3188 5352 3278 5408 καὶ
3329 5355 3552 5430 θεωρεῖν
3611 5355 3814 5419 αὐτοὺς

2155 5439 2620 5522 ὀφθαλμοφανῶς,
2678 5440 2768 5493 καὶ
2827 5437 3101 5512 ἑπιτιμιᾳν
3151 5441 3359 5504 αὐτοῖς.
3420 5445 3516 5500 Καὶ
3579 5442 3722 5500 ἄλλα
3754 5443 3815 5500 δὲ

2150 5531 2398 5604 θαύματα
2456 5527 2555 5583 οὐκ
2616 5525 2777 5604 ὀλίγα
2835 5531 3092 5604 ποιήσας,
3151 5531 3229 5591 εἱς
3306 5528 3460 5605 δόξαν
3525 5537 3810 5609 Χριστοῦ,

2152 5620 2361 5699 χαίρων
2381 5637 2437 5672 εν
2467 5616 2659 5692 εἰρήνῃ
2689 5616 3048 5674 ἀνεπαύσατο.
