4114 6306
311 271 421 329 269

864 401 1044 468 ΚΒΜ
1067 400 1158 468 ΤΩ
1182 401 1381 458 ΑΥΤΩ.

1082 489 1158 546 κ’.

297 599 565 670 Ἀθλησις
595 618 702 652 των
732 597 902 673 ἁγίων
930 595 1215 671 μαρτύρων
1238 594 1631 671 Οὖαλεριανοῦ,
1656 591 1945 666 Κανδίδου,

794 686 1000 742 ’Λκύλα
1043 687 1134 741 καὶ
1163 685 1334 760 Emi-{sv
1345 685 1449 742 ίου.

364 806 523 861 Οὗτοι
577 806 827 873 ἢθλησαν
887 803 973 856 ἐπὶ
1045 801 1444 872 Διοκλητιανοῦ
1499 804 1595 855 τοῦ
1652 799 1942 876 βασιλέως·

297 900 391 951 τοῦ
448 896 550 970 γὰρ
608 893 886 967 ἡγεμόνος
971 890 1356 967 Ἀγρικολάου,
1443 891 1534 945 καὶ
1596 890 1793 944 Λυσίου
1849 893 1944 944 τοῦ

296 986 492 1045 Δουκὸς
547 984 674 1046 τοὺς
728 980 1090 1054 Χριστιανοὺς
1149 983 1506 1059 φονευόντων,
1565 980 1616 1034 ἐν
1659 983 1727 1052 τῇ
1775 973 1947 1033 Σεϐα-

296 1072 437 1144 στείᾳ
491 1073 588 1145 μὲν
638 1071 766 1133 τοὺς
827 1070 1012 1144 ἁγίους
1060 1071 1477 1144 τεσσαράκοντα,
1509 1069 1558 1124 ἐν
1591 1073 1658 1141 τῇ
1692 1068 1942 1125 Νικοπό-

293 1163 369 1218 λει
431 1160 487 1216 δὲ
543 1159 673 1222 τοῦς
730 1159 915 1235 ἁγίους
966 1159 1544 1230 τεσσαρακονταπέντεο
1602 1156 1775 1226 ἦλθόν
1805 1177 1946 1218 τινες

294 1252 556 1326 λέγοντες,
590 1252 698 1318 ὅτι,
732 1249 783 1304 ἐν
833 1254 952 1310 τοῖς
1008 1244 1153 1323 ὅρεσι
1212 1251 1643 1321 Τραπεζοῦντος,
1675 1245 1946 1321 κρύπτον-

293 1363 370 1396 ται
435 1341 576 1401 τινὲς
647 1336 978 1412 Χριστιανοί.
1073 1336 1167 1394 Καὶ
1247 1334 1576 1398 ἀποστείλας
1631 1337 1658 1390 ὁ
1718 1337 1943 1404 Λυσίας,

294 1429 582 1505 ἐκράτησεν
605 1428 827 1490 αὖτοός.
879 1427 982 1484 Καὶ
1032 1425 1200 1497 δήσας
1255 1426 1390 1500 μετᾶ
1438 1424 1720 1500 σχοινίων,
1752 1422 1942 1498 ἔτυψεν

292 1515 544 1596 ἀφειδῶς·
615 1517 706 1572 καὶ
777 1517 967 1593 βρέξας
1032 1515 1083 1570 ἐν
1153 1514 1320 1588 ἐλαίῳ
1382 1511 1785 1588 κανδηλαόρας,
1851 1511 1940 1567 καὶ

290 1609 509 1683 ἆναψας,
588 1605 759 1664 ἔκαιεν
840 1605 1053 1671 αὐτούς.
1129 1605 1267 1662 Τότε
1341 1607 1370 1660 ὁ
1445 1606 1596 1681 ἅγιος
1682 1603 1940 1686 Εῦγὲνιος

291 1698 562 1767 εἰσελθὼν,
622 1697 758 1771 μετᾶ
829 1694 926 1752 τοῦ
1001 1694 1295 1770 ἡγεμόνος,
1365 1693 1442 1757 εἰς
1499 1695 1590 1750 τὸν
1648 1694 1772 1748 ναὸν
1832 1696 1941 1747 τῶν

1772 263 2242 339 «ΙΑΝΠᾼΗΙϋε.

1903 412 1906 414 ⁷
1984 402 2038 467 Α

3594 267 3711 326 270

2619 400 2859 457 EODEM
2906 400 3158 470 MENSE.

2677 501 2782 557 Die
2811 501 3090 557 vicesima

2055 605 2209 663 122
2265 605 2548 663 Certamen
2623 615 2937 664 sanctorum
3025 614 3333 677 martyrum
3400 609 3709 676 Valeriani,

2448 697 2705 774 Candidi,
2737 698 2948 768 Aquilae
2978 705 3030 752 et
3060 699 3316 767 Eugenii.

2125 813 2222 867 lsti
2256 813 2618 869 Diocletiano
2652 816 3009 886 imperatore
3034 821 3355 870 certarunt.
3381 817 3524 870 Cum
3549 818 3710 872 enim

2054 902 2397 972 Agricolaus
2428 905 2762 975 praefectus.
2784 911 2839 959 et
2876 906 3074 976 Lysias
3095 905 3214 960 dux
3237 906 3605 961 Christianos
3627 907 3712 962 in-

2053 991 2412 1056 terficerent,
2448 993 2688 1048 Sebaste
2721 993 2962 1064 quidem
3015 1001 3253 1049 sanctos
3295 995 3707 1067 quadraginta,

2055 1079 2316 1151 Nicopoli
2345 1099 2479 1137 vero
2513 1088 2748 1138 sanctos
2773 1083 3166 1155 quadraginta
3186 1083 3450 1154 quinque
3475 1101 3488 1152 ;
3510 1100 3708 1140 acces-

2054 1176 2261 1224 serunt
2289 1170 2364 1224 ad
2395 1187 2494 1226 eos
2551 1173 2794 1243 quidam
2853 1173 3160 1228 dicentes:
3207 1175 3273 1228 In
3331 1174 3708 1243 Trapezuntis

2053 1259 2356 1314 montibus
2387 1262 2662 1314 nonnulli
2701 1263 3018 1316 Christiani
3075 1262 3279 1316 latent.
3318 1262 3476 1316 Misit
3507 1262 3707 1333 itaque

2054 1346 2251 1415 Lysias
2282 1349 2381 1417 qui
2415 1365 2516 1406 eos
2550 1351 3163 1420 comprehenderent:
3211 1351 3556 1421 vinctosque
3605 1353 3706 1406 fu-

2053 1435 2252 1502 nibus,
2275 1438 2623 1508 gravissime
2649 1438 2794 1493 candi
2819 1439 3020 1508 jussit.
3054 1441 3198 1493 Tum
3233 1439 3374 1494 sebo
3397 1439 3616 1495 oblitos
3649 1445 3710 1496 et

2049 1526 2341 1593 perfusos,
2366 1527 2676 1597 supposita
2708 1526 2949 1583 ﬂamma
2979 1528 3324 1583 combussit.
3349 1530 3508 1583 Tunc
3538 1545 3708 1584 sanc-

2050 1618 2144 1678 tus
2179 1615 2476 1686 Eugenius
2507 1632 2641 1672 cum
2688 1617 2966 1687 praefecto
3024 1617 3230 1672 fanum
3284 1617 3578 1673 idolorum
3613 1619 3707 1674 in-

2050 1719 2307 1774 gressus,
2341 1711 2519 1776 atque
2554 1706 2615 1760 in
2657 1706 2952 1778 lacrymas
3002 1708 3246 1775 elTusus,
3307 1708 3702 1779 impetravita

288 1785 552 1856 εῗδώλων,
614 1787 703 1842 καὶ
763 1784 898 1861 μέγα
976 1785 1222 1855 στενάξας
1295 1785 1430 1859 πρὸς
1484 1783 1576 1838 τὸν
1635 1782 1788 1851 Θεὸν,
1845 1781 1934 1836 καὶ

2055 1791 2195 1859 Deo,
2213 1799 2280 1848 ut
2308 1794 2466 1850 idola
2489 1797 3058 1852 comminuerentur.
3085 1798 3208 1862 Quo
3233 1803 3505 1867 portento
3529 1797 3700 1854 multi

288 1877 596 1950 εὐξάμενος,
659 1875 940 1950 συνέτριψε
989 1875 1055 1930 τὰ
1111 1872 1338 1933 εἶ’δωλα.
1402 1873 1505 1931 Καὶ
1564 1872 1686 1928 τότε
1731 1871 1939 1928 πολλοὶ

288 1964 601 2020 ἐπίστευσαν
659 1963 736 2025 είς
794 1964 885 2017 τὸν
945 1962 1200 2037 Χριστόν.
1265 1964 1396 2020 Εἶτα
1426 1962 1454 2016 6
1488 1961 1584 2035 μὲν
1617 1962 1771 2036 ἅγιος
1803 1959 1942 2016 Κάν-

286 2051 452 2122 διόος,
521 2053 613 2109 καὶ
695 2050 952 2117 Ἀκύλας,
1019 2051 1107 2108 καὶ
1175 2051 1542 2124 Οὐαλεριανὸς
1611 2050 1938 2127 άπεκεφαλί-

285 2147 498 2214 τθησαν.
532 2143 596 2200 ὐ
625 2139 684 2197 δὲ
712 2142 870 2217 ἅγιος
931 2141 1181 2218 Εὐγένιος
1241 2141 1330 2196 ἐπὶ
1385 2139 1552 2214 ξύλου
1589 2139 1937 2215 κρεμασθεῖς,

283 2235 332 2288 ἐν
386 2237 461 2308 τῇ
519 2231 764 2310 φυλακῇ,
821 2232 908 2288 καὶ
969 2227 1244 2309 διαφόρως
1297 2231 1656 2304 τιμωρηθεὶς,
1712 2228 1802 2286 καὶ
1861 2228 1936 2290 εἰς

280 2329 381 2399 πῦρ
494 2321 725 2398 βληθεὶς
796 2321 888 2377 καὶ
982 2319 1288 2394 διασωθεὶς,
1365 2318 1771 2394 ἀπεκεφαλίσθη
1848 2317 1937 2375 καὶ

281 2413 468 2476 αὐτός.

855 2503 940 2575 Τῇ
981 2499 1116 2574 αὖτῇ
1163 2501 1365 2575 ἡμέρᾳ·

276 2619 551 2690 Ἀθλησις
606 2623 718 2674 τῶν
758 2617 940 2694 Δἁγίων
1002 2616 1288 2694 μαρτόρων
1342 2619 1585 2694 biero-ou,
1644 2609 1934 2683 Εὺσεϐίου,

710 2686 986 2766 Εὺτυχίου
1003 2686 1100 2745 ’καὶ
1129 2686 1506 2752 Βασιλείδους.

367 2807 635 2864 Καὶοῦτοι
669 2808 722 2862 οἱ
782 2809 932 2883 ἅγιοι
990 2806 1076 2862 ἐπὶ
1131 2812 1227 2862 τοῦ
1280 2805 1602 2883 παρανόμου
1663 2804 1936 2882 βασιλέως

301 2895 678 2967 Διοκλητιανοῦ
737 2896 1136 2972 ἐμαρτύρησαν.
1199 2901 1416 2968 Πρῶτοι
1472 2897 1574 2971 γὰρ
1631 2890 1780 2958 ὄντες
1835 2902 1933 2952 τοῦ

373 2984 394 3039 >
444 2985 492 3016 -’
675 2985 690 3004 ‘
788 2985 818 3040 λ
870 2984 883 3006 ’
1129 2984 1143 3003 ‘
1203 2983 1285 3040 ἔ’“
1327 2985 1347 3012 ν
1559 2985 1572 3005 ‘
1607 2982 1688 3004 ’Μ
1879 2987 1891 3004 “

295 3006 365 3038 πα
393 3006 573 3051 ,αιιου,
602 3007 694 3041 και
742 3006 782 3040 π
825 3006 1002 3039 ουσιοι
1056 3005 1146 3040 και
1228 2997 1428 3055 νοοςοι,
1485 3005 1574 3040 και
1610 3005 1812 3048 ιοοντες
1838 3005 1930 3040 τον

286 3077 435 3148 ἅγιον
512 3075 864 3147 Θεόπεμπτον
965 3074 1056 3129 τὸν
1157 3073 1456 3130 ἐπίσκοπον
1540 3079 1930 3150 μαρτυροῦντα,

277 3163 365 3218 καὶ
447 3163 896 3240 βασανιζόμενον,
972 3162 1282 3220 ἰπίστευσαν
1356 3168 1437 3236 τῷ
1523 3167 1750 3237 Κριστῷ.
1830 3163 1930 3220 Καὶ

278 3249 538 3314 λύσαντες
595 3252 692 3316 τὰς
775 3254 946 3322 ζώνας
1007 3253 1207 3321 αὐτῶν,
1265 3251 1484 3329 ἔρριψαν
1547 3253 1778 3308 ἐνώπιον
1835 3256 1931 3307 τοῦ

279 3341 577 3417 βασιλέως,
681 3341 1044 3416 Χριστιανοὺς
1149 3342 1371 3406 ἑαυτοὺς
1445 3341 1718 3417 λέγοντες.
1797 3342 1930 3398 Τότε

276 3432 602 3504 προσέταξεν
645 3432 674 3485 6
726 3429 1001 3506 βασιλεὺς,
1066 3430 1112 3485 εἰ
1172 3431 1352 3501 ἀληθῆ
1408 3430 1684 3506 λέγουσιν,
1717 3431 1930 3506 ἀγαγεῖν

271 3522 339 3575 τὰ
371 3523 642 3595 χρήματα
671 3522 875 3590 αὐτῶν,
921 3521 1015 3576 καὶ
1063 3517 1248 3575 δοῦναι
1298 3519 1520 3594 ἑτέροις.
1553 3521 1621 3577 Οἱ
1652 3517 1708 3575 δὲ
1740 3520 1928 3592 ἐποίη-

275 3629 368 3663 σαν
402 3613 570 3664 τοῦτο
632 3610 764 3681 μετᾶ
819 3611 1147 3684 προθυμίας.
1210 3609 1410 3682 Βόθρου
1465 3606 1520 3662 δὲ
1583 3607 1928 3684 ὀρυχθέντος,

275 3697 528 3762 εἰσῆλθεν
563 3699 592 3752 6
623 3700 778 3771 ἅγιος
823 3699 1023 3760 Βάσσος
1083 3699 1246 3774 ολὲχρι
1304 3701 1400 3752 τοῦ
1431 3699 1684 3768 στήθους,
1714 3697 1803 3752 καὶ
1833 3699 1930 3758 τὰς

278 3791 471 3859 χεῖρας
526 3785 802 3853 ἐκκοπεὶς,
859 3785 1140 3858 παρέδωκε
1195 3787 1257 3840 τὸ
1302 3791 1533 3857 πνεῦμα.
1566 3785 1626 3842 Ὀ
1667 3782 1724 3839 δὲ
1779 3785 1929 3858 ἅγιος

276 3869 567 3943 Εὐσέϐιος,
605 3875 765 3947 μέσον
821 3873 918 3930 δύο
971 3875 1206 3945 στόλων,
1261 3876 1398 3930 κατὰ
1451 3872 1696 3952 κεφαλῆς
1727 3895 1932 3947 κρεμα-

276 3965 444 4032 σθεὶς,
512 3963 603 4018 καὶ
669 3965 804 4037 μετὰ
894 3962 1166 4020 πελέκεων
1232 3964 1554 4025 κατακοπεὶς
1614 3962 1928 4035 ἐτελειώθη.

268 4054 334 4108 Ὀ
393 4051 452 4108 δὲ
509 4052 786 4128 Εὗτύχιος
846 4051 922 4117 εἷς
979 4053 1237 4128 τέσσαρας
1295 4052 1506 4118 πάλους
1552 4051 1723 4116 δεθεὶς
1762 4051 1934 4117 πόδας

265 4144 364 4197 καὶ
411 4149 632 4220 χεῖρας,
677 4143 904 4218 ἐσχίσθη
937 4144 1012 4208 εἰς
1068 4144 1210 4215 τρίαο
1265 4145 1354 4199 καὶ
1414 4143 1587 4206 οὕτως
1637 4142 1929 4217 ἐκοιμήθηο

275 4233 302 4286 6
333 4230 391 4287 δὲ
424 4234 582 4306 ἅγιος
641 4229 966 4301 Βασιλείδης
1019 4239 1122 4302 τῆν
1179 4231 1414 4304 κοιλίαν,
1469 4231 1602 4304 μετᾶ
1634 4231 1929 4308 μαχαίρας,

275 4322 438 4394 μέσον
475 4319 806 4397 διαῤῥαγεὶς,
827 4323 966 4396 πρὸς
998 4325 1190 4396 Κύριον
1220 4319 1538 4396 ἑξεδήμησε.

681 3341 1044 3416 Χριστιανοὺς

852 4459 936 4532 Τῇ
977 4456 1112 4532 αὐτῇ
1161 4458 1364 4533 mdes-

270 4574 544 4646 ’Δθλησις
602 4577 710 4629 τῶν
776 4575 942 4648 ἁγίων
1022 4572 1307 4650 μαρτύρων
1386 4575 1544 4644 Ἰννᾶ,
1606 4574 1786 4648 Ῥημᾶ
1839 4571 1929 4628 καὶ

1015 4651 1200 4706 Πιννᾶ,

347 4762 510 4818 Οὗτοι
553 4762 608 4816 οἱ
668 4761 810 4837 ἅγιοι
862 4759 1108 4838 ἐγένοντο
1165 4761 1271 4817 ἀπὸ
1331 4763 1587 4833 Σκυθίας,
1617 4759 1677 4816 ἐκ
1705 4765 1800 4816 τοῦ
1835 4763 1930 4837 βο-

270 4853 423 4927 ρείου
455 4852 658 4926 μέρους
691 4850 926 4923 μαθηταὶ
969 4855 1066 4906 τοῦ
1116 4852 1274 4926 ἁγίου
1314 4851 1622 4906 ἀποστόλου
1651 4848 1928 4926 Ἀνδρὲου.

269 4942 376 4998 Καὶ
408 4937 760 5002 διδάσκοντες
818 4939 907 4994 ἐπὶ
963 4944 1043 5010 τῷ
1101 4938 1324 5014 ὀνόματι
1383 4943 1478 4994 τοῦ
1511 4941 1767 5014 Χριστοῦ,
1798 4938 1934 4994 πολ-

267 5029 405 5091 λοὺς
467 5033 578 5083 τῶν
641 5023 928 5104 βαρϐάρων
999 5028 1411 5106 ἐπιστρὲφοντες
1466 5027 1552 5082 ἐπὶ
1608 5029 1709 5097 τήν
1765 5027 1929 5101 ὀρθήν

263 5119 474 5184 πίστιν,
530 5112 842 5187 ἐϐάπτιζον.
905 5117 1003 5172 Δια
1058 5122 1218 5173 τοῦτο
1269 5115 1326 5172 δὲ
1382 5118 1735 5193 κρατηθέντες
1787 5116 1933 5192 παρᾶ

259 5213 370 5263 τοῦ
429 5211 540 5263 τῶν
585 5203 884 5283 Βαρϐάρων
943 5204 1231 5282 ἄρχοντος,
1290 5206 1379 5262 καὶ
1437 5205 1623 5262 πολλά
1699 5207 1931 5282 ἀναγκα-

263 5297 484 5361 σθέντες
542 5297 882 5371 ἀρνήσασφαι
947 5298 1038 5352 τὸν
1122 5297 1370 5373 Χριστὸν,
1429 5295 1518 5350 καὶ
1603 5298 1756 5350 θῦσαι
1813 5300 1930 5358 τοῖς

259 5384 548 5457 εἶδώλοις,
602 5385 701 5441 οῦκ
757 5384 1098 5458 ἐπείσθησαν.
1152 5386 1251 5443 Καὶ
1310 5387 1609 5461 γενομένου
1655 5388 1934 5459 χειμῶνος

262 5476 602 5551 βαρυτάτου,
661 5475 753 5532 καὶ
812 5479 923 5529 τῶν
989 5479 1250 5548 ποταμῶν
1309 5470 1585 5548 παγέν-των
1674 5473 1780 5527 ἀπὸ
1834 5477 1932 5528 τοῦ

258 5565 491 5639 κρόους,
552 5566 625 5628 ὠς
680 5565 773 5621 καὶ
828 5563 1010 5622 ἐπάνω
1065 5568 1158 5634 τοῦ
1209 5561 1559 5639 κρυστάλλου
1618 5568 1934 5637 περιπατεῖς

264 5657 352 5731 μὴ
426 5656 590 5730 μόνον
650 5655 1002 5731 ἀνθρώπους,
1060 5652 1206 5710 ἀλλὰ
1284 5651 1596 5730 διέρχεσθαι
1653 5651 1742 5708 καὶ
1805 5653 1933 5709 τοὺς

2049 1883 2112 1938 in
2142 1883 2437 1940 Christum
2462 1887 2786 1942 credidere.
2821 1890 2959 1942 Post
2975 1889 3099 1942 haac
3118 1895 3358 1944 sanctus
3380 1889 3695 1956 Candidus,

2049 1972 2282 2042 Aquila,
2317 1979 2375 2028 et
2410 1975 2752 2031 Valerianus
2813 1977 3003 2047 capite
3044 1977 3199 2047 plexi
3249 1984 3425 2032 sunt:
3461 1983 3699 2032 sanctus

2047 2077 2184 2116 vero
2211 2063 2507 2134 Eugenius
2540 2065 2599 2118 in
2646 2066 2969 2136 equuleum
3031 2073 3218 2130 actus,
3279 2067 3342 2120 in
3402 2081 3701 2122 carcerem

2048 2151 2378 2222 conjectus,
2399 2153 2575 2209 variis
2600 2155 2909 2210 tormentis
2934 2155 3326 2221 excruciatus,
3352 2156 3486 2210 etin
3516 2156 3705 2227 ignem

2047 2238 2352 2297 immissus
2382 2248 2560 2313 atque
2592 2242 2730 2298 inde
2769 2243 3088 2300 incolumis
3138 2244 3417 2313 evadens,
3460 2244 3704 2301 tandem

2047 2327 2377 2388 decollatus
2409 2338 2516 2387 est.

2687 2495 2910 2551 Eodem
2962 2497 3058 2552 die

2045 2603 2199 2660 128
2226 2601 2508 2658 Certamen
2536 2611 2849 2659 sanctorum
2907 2614 3213 2675 martyrum
3242 2609 3419 2678 Bassi,
3476 2608 3695 2664 Eusebii

2506 2693 2776 2762 Eutychii
2829 2701 2880 2748 et
2937 2694 3196 2751 Basilidis
3213 2737 3226 2751 .

2114 2805 2215 2858 Isti
2248 2821 2484 2876 quoque
2517 2806 2703 2860 sancti
2739 2807 3101 2877 temporibus
3141 2807 3306 2878 impii
3343 2809 3691 2863 Diocletiani

2042 2893 2417 2966 imperatoris
2451 2895 2799 2966 martyrium
2823 2895 3151 2950 subierunt.
3177 2897 3316 2950 Cum
3339 2897 3497 2951 enim
3516 2898 3691 2968 primi

2043 2983 2103 3037 in
2136 2983 2352 3054 palatio
2386 2990 2603 3043 essent.
2631 2984 2965 3056 opibusque
2991 2991 3048 3039 et
3064 2984 3252 3058 gloria
3281 2985 3694 3056 prmcellerent

2041 3073 2308 3128 videntes
2333 3074 2520 3129 sancti
2540 3074 2924 3146 Theopempti
2949 3075 3009 3130 in
3034 3075 3386 3146 perferendo
3409 3077 3691 3148 martyrio

1975 3154 2016 3218 C
2047 3168 2222 3233 atque
2245 3163 2604 3220 cruciatibus
2623 3165 3022 3222 constantiam
3055 3165 3697 3221 credideruntinChri-

2043 3258 2239 3308 stum:
2273 3254 2602 3325 solutisque
2625 3255 2898 3328 cingulis,
2963 3262 3022 3312 et
3077 3264 3214 3311 ante
3265 3257 3688 3328 imperatorem

2039 3343 2342 3413 projectis,
2378 3360 2439 3398 se
2470 3345 2837 3400 Christianos
2869 3346 3119 3417 professi
3153 3353 3310 3401 sunt.
3345 3347 3505 3402 Tunc
3537 3364 3691 3419 pras—

2040 3433 2196 3504 cepit
2221 3433 2562 3504 imperator,
2599 3440 2666 3488 ut
2696 3435 2743 3489 si
2772 3451 2841 3489 ex
2873 3434 3072 3489 animo
3097 3435 3155 3489 id
3189 3435 3478 3499 dicerent,
3511 3437 3690 3504 irent,

2037 3526 2098 3575 et
2126 3522 2440 3592 pecuniam
2499 3539 2666 3578 suam
2716 3539 2953 3578 omnem
3009 3523 3142 3578 aliis
3200 3523 3522 3588 traderent,
3583 3525 3685 3594 qui

2038 3611 2480 3682 promptissimo
2506 3612 2705 3666 animo
2730 3613 2787 3666 id
2809 3613 3068 3668 exsecuti
3097 3618 3253 3667 sunt.
3279 3614 3422 3666 Tum
3445 3619 3684 3668 sanctus

2039 3699 2251 3754 Bassus
2283 3700 2345 3754 in
2370 3699 2551 3754 altam
2577 3701 2802 3754 foveam
2833 3701 3146 3768 demissus,
3181 3707 3456 3771 terraque
3495 3717 3683 3772 usque

2038 3787 2111 3841 ad
2143 3793 2345 3857 pectus
2371 3788 2637 3852 obrutus,
2664 3789 2926 3859 praecisis
2949 3791 3245 3858 manibus,
3265 3790 3540 3861 spiritum
3570 3791 3685 3844 Do-

2038 3877 2200 3931 mino
2227 3877 2500 3942 tradidit;
2531 3878 2817 3934 Eusebius
2843 3896 2976 3935 vero
3011 3880 3167 3934 inter
3195 3880 3344 3934 duas
3376 3880 3684 3935 columnas

2041 3966 2271 4020 inverso
2304 3966 2494 4037 capite
2543 3983 2889 4038 suspensus,
2923 3970 3116 4024 securi
3167 3969 3486 4024 intercisus
3518 3970 3688 4025 obiit.

2039 4056 2362 4128 Eutychius
2392 4062 2590 4112 autem
2619 4058 2894 4114 manibus
2926 4059 3296 4130 pedibusque
3328 4059 3403 4114 ad
3438 4065 3692 4130 quatuor

2039 4147 2207 4221 palos
2230 4148 2487 4221 alligatis
2507 4150 2567 4203 in
2585 4154 2705 4204 tres
2727 4156 2924 4222 partes
2952 4150 3286 4222 discerptus
3316 4150 3690 4206 obdormivit.

2040 4239 2291 4294 Demum
2325 4239 2608 4294 Basilides
2638 4240 2830 4312 gladio
2854 4241 3108 4297 dissecto
3126 4258 3233 4314 per
3262 4240 3526 4297 medium
3551 4257 3691 4296 ven-

2043 4334 2153 4396 tre,
2186 4327 2260 4384 ad
2297 4329 2609 4385 Dominum
2651 4330 2938 4403 migravit.

2680 4447 2901 4504 Eodem
2950 4449 3043 4504 die

2042 4566 2200 4622 124
2259 4567 2542 4623 Certamen
2601 4574 2915 4622 sanctorum
2949 4572 3252 4636 martyrum
3293 4567 3465 4636 Innw,
3515 4565 3692 4624 Bima

2716 4663 2766 4709 et
2791 4658 3008 4711 Pinnas.

2111 4763 2211 4818 Isti
2246 4762 2433 4817 sancti
2466 4778 2536 4816 ex
2566 4761 2802 4833 Scythia
2830 4761 2994 4818 fuere
3045 4780 3114 4818 ex
3144 4762 3369 4820 boreali
3427 4763 3691 4836 regione,

2041 4850 2320 4921 discipuli
2351 4850 2537 4905 sancti
2569 4849 2818 4906 Andreaa
2844 4852 3096 4922 apostoli
3121 4868 3134 4918 ;
3161 4852 3261 4922 qui
3290 4868 3425 4907 eum
3446 4853 3506 4907 in
3525 4851 3695 4907 Chri-

2043 4941 2116 4996 sti
2140 4940 2382 4996 nomine
2404 4940 2706 5007 docerent,
2725 4941 2942 4998 multos
2961 4940 3351 4996 Barbarorum
3373 4942 3449 4997 ad
3470 4947 3692 4998 rectam

2043 5029 2222 5084 ﬁdem
2255 5047 2571 5084 conversos
2594 5029 2982 5101 baptizarunt.
3009 5031 3400 5096 Quamobrem
3425 5048 3692 5102 compre-

2043 5119 2214 5174 hensi
2249 5135 2283 5173 a
2316 5117 2706 5173 Barbararum
2739 5120 3031 5191 principe,
3063 5137 3196 5175 cum
3246 5121 3448 5175 induci
3481 5120 3694 5191 nequi-

2040 5214 2196 5277 rent,
2230 5213 2295 5263 ut
2327 5209 2556 5280 ejurato
2589 5209 2817 5264 Christo
2865 5211 3038 5265 idolis
3099 5212 3533 5278 sacriﬁcarent;
3568 5217 3693 5264 tum

2042 5315 2178 5354 cum
2210 5297 2466 5352 brumali
2499 5303 2762 5369 tempore
2801 5299 3050 5354 horrent
3092 5300 3314 5364 omnia,
3357 5306 3415 5354 et
3445 5300 3694 5354 {lumina

2042 5387 2179 5460 gelu
2211 5391 2486 5442 concreta
2517 5389 2851 5442 consistunt
2878 5394 2942 5442 ut
2972 5406 3151 5459 super
3167 5390 3416 5461 glaciem
3441 5406 3561 5443 non
3591 5390 3693 5442 ho-

2042 5477 2304 5532 minibus
2333 5481 2584 5539 tantum,
2622 5476 2721 5531 sed
2757 5478 2922 5546 equis
2967 5478 3143 5532 etiam
3199 5485 3256 5532 et
3286 5479 3557 5532 curribus
3591 5492 3694 5547 pa-

2042 5572 2164 5622 teat
2194 5566 2315 5632 via;
2351 5565 2528 5638 tignis
2561 5565 2918 5638 ingentibus,
2953 5567 3200 5637 perinde
3231 5583 3298 5622 ac
3330 5567 3377 5619 si
3421 5566 3691 5619 radican-

2043 5661 2132 5714 tes
2162 5655 2404 5712 arbores
2437 5659 2653 5722 essent,
2689 5654 2752 5711 in
2790 5654 2925 5724 gelu
2985 5655 3234 5710 conﬁxis
3292 5658 3527 5709 sanctos
3558 5649 3690 5704 alli-
