4114 6306
476 350 589 409 2⁸71

1802 344 1852 402 Μ
1861 340 2231 404 ENOLOGII
2278 342 2472 403 PARS
2520 343 2570 404 II
2583 386 2598 404 .

3763 340 3884 401 272

471 481 596 557 gari
634 480 834 554 jussit.
895 481 1244 537 Fluctuante
1297 478 1477 552 igitur
1523 478 1702 545 unda,
1762 483 1822 533 et
1866 477 2101 550 glaciem

2224 470 2433 537 ⁴ίππους
2489 475 2579 530 καὶ
2634 476 2731 538 τὰς
2789 473 3015 548 ἁμάξας,
3071 476 3335 548 πήξαντες
3389 471 3568 530 ιπάνω
3616 476 3714 529 τοῦ
3751 493 3888 547 κρυ-

471 572 758 643 paulatim
792 579 1040 642 augente
1074 577 1131 624 et
1157 569 1226 624 ad
1259 571 1477 624 collum
1529 583 1716 638 usque
1776 573 2116 621 sanctorum

468 662 850 727 ascendente,
869 661 1159 715 acerrimo
1191 659 1425 730 frigoris
1457 657 1661 712 dolore
1685 657 1960 722 confecti,
1988 655 2120 710 bea-

466 757 554 806 tas
587 751 820 805 animas
844 750 1093 804 Domino
1131 747 1527 802 tradiderunt.

463 860 654 901 σαντος
682 835 786 899 ἕως
814 842 911 891 τοῦ
938 838 1228 911 τραχήλου
1259 841 1367 890 τῶν
1403 835 1594 908 ἁγίων,
1627 834 1733 889 ἀπο
1763 840 1862 902 τῆς
1895 830 2117 900 πολλῆς

465 927 733 1000 μακαρίας
764 927 942 980 αὐτῶν
976 925 1157 1000 ψυχὰς
1186 929 1267 996 τῷ
1295 925 1506 996 Κυρίῳ.

1111 1043 1330 1098 Eodem
1375 1041 1471 1097 die

465 1158 617 1216 1‘25
656 1160 1107 1215 Commemoratio
1165 1162 1344 1215 sancti
1376 1161 1558 1214 Patris
1609 1159 1783 1214 nostri
1828 1154 2116 1227 Euthymii

817 1233 1125 1304 presbyteri
1173 1238 1226 1286 et
1277 1233 1534 1301 magistri
1572 1233 1756 1285 eremi.

538 1417 884 1490 Euthymius
919 1433 1187 1491 magnus,
1221 1417 1497 1473 Gratiano
1539 1418 1918 1489 imperatore,
1951 1414 2116 1471 Meli-

463 1507 604 1561 tinm
636 1507 696 1561 in
729 1507 1029 1574 Armenia,
1065 1507 1248 1562 Paulo
1273 1514 1331 1562 et
1362 1507 1637 1578 Dionysia
1655 1512 1829 1562 natus
1861 1511 1985 1559 est:
2012 1504 2110 1575 qui

463 1612 600 1652 cum
632 1596 862 1651 steriles
882 1602 1102 1665 essent,
1125 1598 1286 1651 aDeo
1305 1596 1646 1651 didicerunt
1663 1595 1807 1663 fore,
1829 1601 1896 1648 ut
1923 1593 2112 1648 filium

460 1685 791 1758 gignerent,
821 1703 936 1757 quo
963 1691 1246 1740 nascente
1279 1692 1437 1741 totus
1479 1685 1760 1750 mundus,
1793 1684 2113 1738 universa:-

2216 561 2456 618 στάλλου
2488 563 2620 634 ξύλα
2653 564 2882 638 μεγάλα,
2939 565 3013 628 ὡς
3063 563 3356 639 αὐτὸρᾇζα
3409 560 3627 638 δένδρα,
3684 562 3885 636 προσέ-

2223 651 2388 722 δησαν
2424 653 2535 708 ἐκεῖ
2562 654 2692 716 τοὺς
2723 655 2926 728 άγίους.
2963 655 3061 709 Καὶ
3108 653 3204 709 τοῦ
3234 652 3429 715 ὕδατος
3460 653 3885 725 κυματίζοντος,

2219 743 2309 796 καὶ
2340 742 2654 813 κρύσταλλα
2711 743 3103 818 ἐπαυξάνοντος
3166 745 3284 798 κατ’
3347 743 3567 818 ὀλίγον,
3622 741 3710 797 καί
3745 741 3885 820 φθά-

2169 828 2504 906 ὃριμύτητος
2552 834 2642 888 καὶ
2700 841 2798 904 τῆς
2832 832 3029 902 ὀδύνης
3059 837 3155 890 τοῦ
3182 832 3402 908 κρύους,
3432 829 3751 904 παρέδωκαν
3783 831 3880 893 τὰς

2801 1041 2886 1114 Τῇ
2927 1040 3064 1114 αὖτῇ
3119 1041 3303 1115 ἡμέρᾳ

2222 1153 2448 1245 Μνήῃμηε
2487 1157 2584 1208 τοῦ
2658 1153 2812 1244 ὁσίου
2887 1156 3109 1245 ΙΙατρὸς
3175 1157 3336 1245 ἡμῶν
3397 1152 3678 1243 Εὐθυμίᾳ)
3736 1172 3880 1245 πρε·

2295 1223 2556 1300 σϐυτέρου
2620 1225 2940 1300 γενομένου,
3007 1223 3110 1282 ’καὶ
3193 1223 3508 1302 καθηγητοῦ
3551 1223 3689 1295 ’τῆς
3749 1223 3886 1297 ἐρή-

2298 1317 2424 1369 μου.

2295 1413 2570 1487 Εύθύμιος
2602 1415 2630 1469 6
2659 1412 2823 1491 μέγας
2865 1415 2933 1484 ἦν
2983 1414 3072 1470 ἐπὶ
3118 1421 3218 1484 τῆς
3255 1411 3531 1488 βασιλείας
3561 1415 3884 1487 Γρατιανοῦ,

2225 1500 2330 1556 ἀπὸ
2361 1501 2668 1573 Μελιτινῆς
2713 1502 2930 1566 πόλεως
2983 1504 3296 1580 Ἀρμενίας,
3350 1503 3467 1564 υἱὸς
3528 1500 3749 1557 Παύλου
3789 1501 3881 1555 καὶ

2225 1593 2520 1656 Διονυσίας·
2608 1593 2808 1654 οἳτινες
2891 1593 2982 1648 καὶ
3061 1590 3272 1648 ἄτεκνοι
3349 1587 3519 1661 ὄντες,
3583 1591 3686 1646 ὑπὸ
3745 1593 3881 1645 Θεοῦ

2221 1679 2484 1750 ἤκουσαν,
2542 1680 2626 1736 ὅτι
2682 1678 2899 1736 παιδίον
2966 1683 3313 1756 γεννήσουσι,
3373 1679 3465 1736 καὶ
3547 1679 3630 1735 δτι
3691 1678 3743 1734 ἐν
3809 1681 3878 1753 τῇ

454 1791 571 1845 que
617 1774 892 1829 Ecclesia:
950 1774 1106 1829 bono
1165 1774 1366 1829 animo
1429 1781 1658 1840 essent;
1719 1772 2101 1844 quamobrem

2220 1773 2465 1846 γεννήσει
2516 1770 2685 1826 αὐτοῦ
2743 1769 3115 1844 εὐθυμήσουσι
3180 1774 3345 1825 πᾶται
3427 1771 3482 1824 αἱ
3568 1767 3879 1838 ἐκκλησίαι,

457 1879 592 1917 cum
616 1880 764 1934 puer
795 1869 968 1918 natus
1028 1869 1136 1929 est,
1194 1864 1572 1934 Euthymium
1631 1863 1825 1927 illum,
1859 1862 1970 1916 hoc
2002 1866 2113 1929 est,

457 1951 620 2006 bono
705 1953 1001 2024 hilarique
1057 1953 1257 2007 animo
1329 1953 1666 2024 praeditum,
1719 1950 2117 2023 appellarunt.

461 2044 727 2111 Cumque
807 2041 1180 2109 adolevisset,
1233 2042 1484 2097 clericus
1541 2043 1800 2114 primum
1857 2041 1930 2096 ab
1991 2041 2120 2111 ejus

467 2128 583 2184 loci
609 2130 885 2202 episcopo
919 2131 1228 2186 ordinatus
1259 2138 1381 2196 est;
1432 2131 1648 2186 deinde
1706 2129 2036 2202 presbyter,
2061 2133 2121 2183 et

469 2218 875 2274 ccenobiorum
899 2220 1205 2275 exarchus.
1241 2222 1367 2274 Mox
1390 2219 1796 2290 Hierosolyma
1822 2219 2119 2288 profectus

470 2307 534 2360 in
585 2308 932 2378 speluncam
992 2310 1179 2363 sancti
1235 2309 1554 2363 Theoctisti
1616 2308 1882 2374 secessit,
1915 2307 2116 2377 ibique

468 2396 856 2465 tranquillam
889 2398 1067 2452 vitam
1101 2398 1252 2469 egit:
1317 2413 1504 2468 eoque
1545 2397 1604 2451 in
1632 2397 1913 2451 virtutum
1947 2412 2115 2450 exer-

468 2484 850 2540 citationibus
876 2487 1186 2556 processit,
1220 2493 1284 2541 ut
1332 2503 1565 2541 summa
1624 2485 1955 2541 sanctitatis
1985 2484 2115 2555 opi-

466 2573 647 2627 nione
681 2573 1010 2629 Saracenus
1041 2575 1289 2647 singulis
1322 2575 1530 2630 diebus
1581 2575 1652 2629 ad
1685 2575 1900 2629 Christi
1936 2573 2113 2628 ﬁdem

461 2661 741 2718 traheret.
795 2679 1013 2734 eosque
1085 2681 1218 2718 cum
1271 2664 1513 2719 familiis
1577 2663 1700 2718 suis
1767 2663 2109 2748 baptizaret,

463 2751 743 2806 Plurimis
775 2752 954 2806 etiam
988 2753 1292 2808 miraculis
1324 2755 1520 2808 clarus
1551 2755 1698 2808 fuit:
1727 2769 1983 2822 cumque
2004 2751 2108 2805 ali-

457 2839 693 2910 quando
727 2841 1025 2914 liturgiam
1057 2843 1407 2910 celebraret,
1441 2843 1601 2898 visus
1653 2847 1744 2898 est
1792 2842 1977 2914 ignea:
2008 2857 2106 2895 co-

456 2928 680 2985 lumnae
713 2931 971 3002 speciem
1021 2931 1350 2988 induuisse.
1414 2934 1663 2988 Demum
1723 2930 2108 3004 nonagesimo

456 3020 709 3091 septimo
741 3020 933 3076 aetatis
963 3037 1143 3090 anno,
1181 3023 1240 3077 id
1273 3022 1429 3077 bona
1459 3027 1764 3078 senectute
1791 3022 1866 3077 ad
1901 3021 2104 3076 Domi-

455 3123 600 3164 num
629 3109 920 3181 migravit,
953 3110 1145 3166 Leone
1175 3128 1388 3184 magno
1418 3113 1786 3184 imperatsre.

1019 3227 1259 3283 EODEM
1298 3230 1442 3284 ΜΕΝ
1448 3229 1550 3285 SE.

956 3343 1061 3399 Die
1102 3345 1381 3401 vicesima
1420 3348 1613 3418 prima

637 3460 786 3518 I26
818 3461 1102 3518 Certamen
1139 3467 1319 3519 sancti
1348 3467 1610 3538 martyris
1629 3463 1926 3536 Neophyti.

526 3578 866 3648 Neophytus
897 3577 1112 3634 Christi
1146 3586 1390 3652 martyr,
1425 3580 1814 3647 Diocletiano,
1848 3581 2108 3653 impera-

453 3671 603 3733 tore,
634 3683 707 3722 ex
737 3667 930 3723 Nicaea
951 3669 1240 3741 Bithynia:
1260 3671 1404 3726 urbe
1435 3671 1569 3738 fuit,
1603 3671 1957 3726 Christianis
1990 3689 2101 3742 pa-

448 3758 720 3814 rentibus
750 3759 1055 3816 Theodoro
1087 3769 1146 3816 et
1174 3762 1469 3818 Florentia
1490 3769 1684 3819 natus.
1719 3762 1926 3818 Adhuc
1957 3781 2106 3835 puer

447 3850 636 3920 gratia
669 3849 768 3903 Dei
806 3849 1038 3919 plenus,
1092 3852 1379 3907 miracula
1413 3853 1704 3924 patrabat.
1765 3855 1906 3907 Cum
1941 3854 2101 3908 enim

447 3938 711 3992 scholam
743 3937 936 3993 adiret
959 3957 1093 3993 cum
1118 3941 1240 3994 suis
1259 3941 1702 4013 condiscipulis.
1729 3943 1952 4004 orabat,
1973 3959 2098 3998 eos-

445 4041 556 4096 gue
592 4026 914 4080 nutriebat.
949 4029 1312 4099 Quocunque
1343 4039 1540 4085 autem
1573 4048 1633 4086 se
1653 4033 1969 4087 conferret.
2003 4048 2096 4086 se.

447 4113 744 4182 quebatur
774 4130 908 4168 eum
935 4117 1230 4184 columba,
1266 4125 1324 4172 et
1352 4119 1613 4174 humana
1643 4137 1781 4175 voce
1811 4137 1945 4175 cum
1971 4121 2096 4191 ipso

447 4199 942 4270 colloquebatur:
986 4219 1164 4272 quam
1222 4221 1357 4260 cum
1415 4212 1604 4261 mater
1661 4207 1904 4262 vidisset
1960 4223 2095 4262 cum

445 4305 628 4360 puero
658 4289 1126 4362 colloquentem,
1157 4309 1278 4364 prae
1303 4294 1513 4350 timore
1531 4296 1867 4351 exanimata
1895 4297 2092 4351 conci-

444 4377 550 4432 dit.
584 4382 658 4433 At
687 4386 928 4435 sanctus
975 4380 1142 4435 illam
1195 4383 1472 4452 precibus
1528 4384 1600 4439 ad
1633 4385 1809 4440 vitam
1841 4403 1875 4440 a
1907 4393 2092 4442 morte

440 4469 750 4525 revocavit.
785 4471 1038 4525 Montem
1072 4471 1385 4544 Olympum
1419 4473 1765 4544 frequenter
1806 4491 2088 4530 conscen-

437 4556 604 4627 dens,
638 4559 717 4614 ibi
752 4559 1006 4615 orationi
1039 4561 1300 4616 vacabat.
1347 4562 1536 4627 Quare
1593 4563 1824 4620 delatus
1855 4565 1927 4620 ad
1981 4567 2089 4620 De-

431 4648 588 4702 cium
631 4649 1002 4718 praifectum,
1059 4651 1309 4722 ejusque
1359 4652 1535 4723 jussu
1596 4655 2084 4725 comprehensus,

427 4735 628 4808 flagris
658 4737 1070 4794 crudelissime
1093 4740 1368 4808 caeditur;
1403 4743 1617 4798 moxiu
1648 4743 1951 4799 fornacem
1982 4760 2074 4799 ar-

426 4823 666 4880 dentem
689 4827 994 4883 immissus
1026 4829 1128 4884 sed
1160 4831 1299 4886 inde
1334 4831 1650 4887 incolumis
1695 4833 1969 4892 evadens.
2005 4833 2079 4889 ad

424 4913 645 4969 bestias
675 4915 1028 4972 damnatur:
1063 4936 1317 4990 cumque
1350 4920 1421 4974 ab
1469 4921 1541 4977 iis
1587 4921 1812 4977 illaesus
1842 4939 2078 4993 perma-

423 5008 614 5069 neret,
649 5003 844 5075 gladio
877 5007 1114 5062 tandem
1148 5009 1220 5063 ab
1255 5025 1372 5063 uno
1406 5025 1475 5064 ex
1507 5010 1607 5080 iis,
1645 5012 1745 5081 qui
1804 5013 2080 5082 praefecto

424 5093 807 5162 assistebant,
840 5111 1029 5150 cassus
1062 5103 1170 5153 est.

1071 5211 1291 5266 Eodem
1340 5211 1435 5265 die

418 5324 566 5379 127
633 5325 1080 5380 Commemoralio
1129 5329 1305 5380 sancti
1354 5327 1552 5382 Zosimi
1603 5331 1845 5402 episcOpi
1905 5333 2079 5404 Syra-

1179 5414 1338 5453 cusw.

493 5501 745 5558 Sanctus
776 5505 950 5558 Pater
989 5509 1193 5558 noster
1223 5505 1490 5561 Zosimus
1543 5507 1600 5560 in
1659 5509 1857 5563 Sicilia
1888 5509 2079 5564 fideli-

415 5589 547 5657 bus,
581 5593 716 5663 piis,
753 5593 1150 5664 divitibusque
1199 5596 1544 5666 parentibus
1602 5606 1776 5654 natus
1836 5605 1946 5665 est,
1980 5599 2080 5671 qui

411 5680 570 5752 apud
592 5683 1025 5738 monasterium
1048 5693 1267 5739 sanctae
1285 5686 1473 5740 Lucina
1502 5688 1742 5762 virginis
1759 5690 2083 5762 possessio-

408 5785 549 5826 nem
598 5770 920 5828 habebant.
973 5774 1239 5845 Cumque
1272 5775 1332 5830 in
1367 5775 1567 5832 lucem
1600 5777 1792 5834 editus
1837 5779 2075 5843 fuisset,

2229 1859 2318 1914 καὶ
2351 1861 2378 1913 6
2408 1859 2636 1932 κόσμος.
2699 1861 2796 1915 Διὰ
2842 1864 3004 1915 τοῦτο
3061 1859 3149 1914 καὶ
3207 1861 3296 1914 ὅτε
3336 1859 3592 1932 ἐγεννήθη
3644 1857 3708 1911 τὸ
3747 1877 3883 1911 παι-

2230 1945 2366 2016 δίον,
2399 1948 2686 2022 ὠνόμασαν
2723 1948 2853 2004 αὐτὸ
2911 1948 3212 2020 Εὐθύμιον.
3276 1947 3532 2020 Λύξηθεές
3561 1944 3639 2016 δὲ,
3667 1944 3881 2022 ἐγένετο

2227 2035 2496 2112 κλι,ρικὸς
2553 2038 2698 2113 παρά
2778 2042 2880 2093 τοῦ
2966 2038 3139 2092 ἐκεῖσε
3220 2036 3540 2108 ἐπισκόπου,
3617 2038 3732 2090 εἶτα
3788 2035 3880 2090 καὶ

2225 2123 2611 2203 πρεσϐύτερος,
2669 2127 2760 2181 καί
2819 2123 3052 2202 ἔξαρχος
3115 2130 3223 2181 τῶν
3283 2125 3682 2200 μοναστηρίων.
3747 2127 3881 2181 Εἶτα

2225 2216 2467 2281 ἀπῆλθεν
2524 2217 2598 2279 είς
2653 2214 3033 2290 Ἱεροσόλυμα·
3095 2216 3185 2270 καὶ
3244 2215 3295 2270 ἐν
3348 2219 3428 2287 τῷ
3485 2213 3743 2287 σπηλαίῳ
3779 2217 3879 2268 τοῦ

2225 2307 2376 2361 ὁσίου
2407 2309 2730 2362 Θεοκτίστου
2779 2306 3075 2381 ἡσύχαζεν·
3133 2308 3391 2360 τοσοῦτον
3445 2301 3502 2359 δὲ
3550 2304 3879 2380 ἠγωνίσατο,

2223 2393 2381 2465 ὥστε,
2444 2393 2532 2451 διὰ
2583 2397 2684 2465 τὴν
2738 2395 2934 2470 ἀρετήν
3013 2395 3200 2465 αὐτοῦ,
3267 2395 3686 2469 παρασκευάζειν
3745 2392 3876 2456 τοὺς

2225 2485 2574 2562 Σαρακηνούς
2626 2486 2748 2549 καθ’
2805 2485 3032 2555 ἑκάστην
3087 2486 3297 2558 ἡμέραν
3354 2483 3750 2558 προσέρχεσθαι
3795 2487 3877 2556 τῷ

2224 2580 2448 2650 Χριστῷ
2504 2575 2594 2629 καὶ
2656 2575 3030 2649 βαπτίζεσθαι,
3114 2575 3249 2646 μετὰ
3322 2574 3518 2637 παντὸς
3571 2578 3666 2627 τοῦ
3723 2571 3877 2628 οἷ’κου

2221 2664 2419 2720 αὗτῶνι.
2456 2661 2648 2717 Πολλά
2678 2660 2735 2718 δὲ
2781 2665 3026 2735 θαύματα
3077 2661 3388 2736 εἰργάσατο·
3422 2663 3511 2716 καὶ
3542 2662 3874 2736 λειτουργῶν

2220 2752 2410 2828 ἐιράνη,
2454 2751 2528 2814 ὡς
2585 2751 2780 2814 στύλος
2815 2753 3006 2826 πυρός.
3065 2751 3354 2826 Ὑπάρχων
3411 2749 3468 2805 δὲ
3525 2750 3658 2805 ἐτῶν
3695 2750 3875 2820 ἐνενη-

2219 2844 2540 2909 κονταεπτά,
2574 2839 2626 2896 ἐν
2681 2839 2836 2912 καλῷ
2892 2843 3037 2916 γήρᾳ
3093 2839 3230 2914 πρὸς
3290 2838 3484 2914 Κύριον
3521 2839 3876 2914 ἐξεδήμησεν,

2219 2929 2304 2986 ἐπὶ
2334 2937 2436 3001 τῆς
2469 2928 2754 3007 βασιλείας
2788 2929 3019 2992 Λέοντος
3047 2933 3146 2984 τοῦ
3179 2926 3441 3002 μεγάλου.

2774 3235 2953 3292 MHNI
3002 3237 3094 3294 ΤΩ
3133 3241 3304 3292 ΔΥΤΩ

2987 3355 3093 3411 ΚΑ“

2427 3441 2696 3513 Ἀθλησις
2724 3439 2822 3497 τοῦ
2849 3441 3003 3516 ἁγίου
3036 3444 3312 3518 μάρτυρος
3345 3442 3647 3520 Νεοφύτου.

2279 3560 2558 3638 Νεόφυτος
2616 3561 2643 3614 6
2705 3559 2909 3635 μάρτυς
2991 3565 3086 3615 τοῦ
3145 3565 3390 3637 Χριστοῦ
3455 3561 3699 3636 ὑπῆρχεν
3757 3560 3865 3615 ἀπὸ

2207 3647 2424 3711 πόλεως
2481 3649 2703 3712 Νικαίας
2758 3657 2856 3719 τῆς
2927 3650 3198 3718 Βιθυνίας,
3259 3650 3348 3705 ἐπὶ
3423 3657 3520 3720 τῆς
3585 3649 3866 3724 βασιλείας

2208 3737 2626 3809 Διοκλητιανοῦ,
2684 3740 2801 3801 υἱὸς
2853 3741 3055 3814 γονέων
3133 3743 3498 3814 Χριστιανῶν,
3569 3736 3862 3813 Θεοδώρου

2205 3827 2294 3882 καὶ
2328 3827 2673 3903 Φλωρεντίας
2730 3825 2951 3883 Ηαιδίον
3008 3827 3065 3883 δὲ
3122 3826 3218 3899 ὢν,
3277 3829 3430 3903 ὅμως
3489 3829 3676 3904 χάριτι
3729 3831 3864 3883 Θεοῦ

2205 3915 2592 3990 ἐπεπλήρωτο,
2626 3917 2714 3973 καὶ
2760 3917 3208 3993 ἐθαυματούργει.
3244 3918 3332 3980 Εἰς
3363 3919 3468 3994 γάρ
3496 3920 3558 3974 τὸ
3593 3918 3856 3993 σχολεῖον

2202 4006 2607 4081 ἀπερχόμενος,
2645 4007 2779 4079 μετὰ
2823 4011 2930 4061 τῶν
2979 4004 3350 4082 συσχολιτῶν,
3385 4007 3737 4083 προσηύχετο
3767 4007 3864 4061 καὶ

2203 4092 2471 4173 διέτρεφεν
2531 4094 2750 4158 αὐτούς.
2811 4095 3136 4160 Ἠκολούθει
3197 4094 3256 4150 δὲ
3312 4097 3464 4170 αύτῷ
3504 4099 3734 4152 πάντοτε
3765 4117 3861 4150 πε-

2203 4185 2438 4258 ριστερά,
2493 4185 2583 4239 καὶ
2643 4188 2795 4262 φωνῇ
2851 4185 3166 4260 ἀνθρωπίνῃ
3240 4185 3627 4262 συνετύγχανεν
3687 4187 3864 4258 αὐτῷ,

2203 4274 2288 4344 Ἐξ
2318 4273 2379 4329 οὗ
2409 4274 2499 4329 καὶ
2531 4274 2804 4329 ἀκούσασα
2860 4278 2894 4344 ἡ
2958 4277 3142 4349 μήτηρ
3199 4281 3296 4331 τοῦ
3357 4277 3516 4351 άγίου
3562 4283 3662 4346 τῆς
3705 4297 3860 4352 περι-

2200 4368 2388 4435 στερᾶς
2448 4363 2802 4436 ἀνθρωπίνως
2890 4361 3285 4439 διαλεγομένης
3366 4366 3533 4437 αὐτῷ,
3600 4367 3705 4420 ἀπὸ
3763 4369 3859 4420 τοῖ’,

2198 4449 2371 4533 φόϐου
2403 4453 2682 4508 ἀπέθανεν·
2716 4452 2844 4508 ἀλλ’
2902 4454 2930 4508 ὁ
2991 4455 3141 4528 ἅγιος
3182 4453 3369 4524 αὐτῆν,
3401 4456 3858 4531 προσευξάμενος,

2125 4534 2169 4598 D
2202 4543 2512 4613 ἀνέστησεν.
2573 4544 2881 4617 Ἀνήρχετο
2941 4539 2998 4597 δὲ
3053 4542 3129 4605 είς
3186 4544 3249 4598 τὸ
3305 4539 3433 4618 ὄρος
3489 4549 3703 4620 συχνῶς
3759 4548 3858 4600 τοῦ

2196 4631 2505 4706 Ὀλύμπου,
2564 4632 2654 4686 καὶ
2711 4631 2980 4706 ἡσύχαζε.
3042 4633 3146 4687 Καὶ
3211 4632 3395 4704 μαθὼν
3426 4633 3493 4688 τά
3539 4633 3662 4708 περὶ
3691 4631 3856 4687 αύτοῦ

2189 4722 2471 4796 ὁὴγεμὼν
2535 4724 2745 4790 Δέκιος,
2803 4719 3152 4789 ἄποστείλας,
3209 4722 3299 4776 καὶ
3355 4725 3632 4798 κρατήσας
3661 4722 3853 4805 αὑτὸν,

2188 4809 2374 4884 ἔτυψεν
2438 4810 2702 4884 ἰσχυρῶς.
2764 4811 2895 4866 Εἶτα
2954 4809 3031 4871 είς
3071 4813 3298 4887 φοῦρνον
3362 4809 3676 4885 πυρωθέντα
3725 4808 3778 4864 ἐν
3802 4809 3859 4862 έ-

2189 4896 2376 4956 δαλεν.
2437 4897 2611 4955 Ἀλλά
2664 4899 2752 4953 καὶ
2815 4898 2874 4953 ἐκ
2927 4903 3028 4952 τοῦ
3089 4898 3326 4975 φούρνου
3375 4897 3853 4970 σωθεὶς,ὲθηριο-

2193 4990 2432 5063 μάχησε·
2483 4985 2573 5040 καὶ
2620 4991 2728 5041 τῶν
2785 4987 2990 5062 θηρίων
3047 4987 3370 5063 λυτρωθεὶς,
3423 4987 3711 5064 ἀπεσφάγη
3748 4987 3855 5041 ὑπὸ

2190 5077 2305 5136 ένὸς
2334 5079 2441 5131 τῶν
2475 5075 2896 5149 παρεστηκότων
2927 5080 3006 5148 τῷ
3037 5072 3284 5152 ἄρχοντι.

2771 5197 2850 5267 Tit
2892 5193 3028 5267 αὖτῇ
3078 5191 3262 5271 ἡμέρᾳ

2934 5311 3185 5384 Ζωσίμου

2905 5383 3129 5454 κούσης.

2505 5315 2602 5366 τοῦ
2677 5309 2830 5366 ὁσίου
2934 5311 3185 5380 Ζωσίμου
3287 5312 3588 5368 ἐπισκόπου
3675 5319 3854 5380 Συρα-

2192 5315 2401 5386 Μνήμη

2262 5503 2515 5573 Ζώσιμος
2573 5502 2601 5555 6
2660 5499 2711 5554 ἐν
2773 5500 2949 5574 ἁγίοις
3011 5503 3198 5576 Πατὴρ
3257 5505 3438 5574 ἡμῶν,
3501 5503 3710 5576 ἐγένετο
3744 5503 3855 5557 ἀπὸ

2196 5593 2476 5658 Σικελίας,
2540 5591 2656 5653 υἱὸς
2712 5593 2916 5666 γονέων
2970 5597 3174 5647 πιστῶν
3222 5593 3312 5648 καὶ
3362 5589 3634 5661 εὐλαϐῶν,
3679 5592 3770 5647 καὶ
3803 5592 3859 5647 ἐν

2194 5682 2484 5758 αὐταρκείᾳ
2550 5681 2781 5750 ζώντων.
2871 5681 3082 5744 Οἳτινες
3163 5685 3316 5759 εἶχον
3379 5685 3561 5755 κτῆμα
3617 5679 3860 5752 πλησίον

2191 5775 2290 5840 τῆς
2325 5777 2500 5845 μονῆς
2547 5776 2648 5839 τῆς
2705 5769 2863 5844 ἁγίας
2925 5773 3158 5834 Δουκίας
3185 5776 3285 5838 τῆς
3317 5769 3604 5846 παρθένου.
3637 5772 3764 5828 Ὀτι
3796 5769 3860 5826 δὶ
