4114 6306
268 413 376 473 9Ἱ3

1680 411 2143 475 JANUABIUS.

3573 417 3654 472 74

267 541 505 620 ἐγεννήθη
568 543 598 597 6
652 541 925 614 Ζώσιμος,
985 540 1144 613 ἐδόθη
1207 540 1382 610 δῶρον
1416 541 1518 599 ὗπό
1552 547 1659 598 τῶν
1689 541 1880 617 γονέων

2010 545 2083 599 ab
2113 545 2186 600 iis
2219 549 2437 601 sanctas
2467 545 2657 600 Lucim
2689 544 2945 611 oblatus,
2970 550 3030 600 et
3052 547 3112 600 in
3133 545 3337 601 eodem
3359 553 3655 602 monaste.

262 637 322 706 τῇ
353 631 473 705 ἁγίᾳ
503 631 720 703 Λουκίᾳ.
777 632 877 686 Καὶ
936 631 1258 708 ὤατραφεῖς
1306 631 1358 686 ἐν
1389 632 1457 706 τῇ
1489 635 1654 705 μονῇ,
1685 633 1895 706 ἐγένετο

263 721 652 791 προσμονάριος
678 723 777 785 τῆς
807 717 995 789 τιμίας
1016 717 1181 784 αὐτῆς
1205 719 1398 787 θήκης.
1435 716 1538 773 Καί
1569 738 1702 771 ποτε
1727 716 1900 772 ἀπελ-

266 807 358 870 θὼν
391 806 523 878 πρὸς
555 804 682 866 τοὺς
711 810 909 879 γονεῖς,
942 805 1002 858 οὐ
1031 807 1391 880 συνεχωρήθη
1430 806 1622 879 μικρὸν
1660 808 1776 876 μετ’
1809 806 1898 859 αὐ-

260 898 352 950 τῶν
383 891 681 967 διατρίψαι·
717 893 843 948 ἀλλ’
874 893 1028 957 εὐθὺς
1073 893 1445 962 ἀνταπεσταλη
1479 894 1612 966 πρὸς
1642 896 1734 948 τὸν
1767 897 1893 949 ναὸν

261 991 346 1051 τῆς
373 983 546 1056 ἀγίας,
577 982 837 1038 εἰπόντων
897 987 1002 1036 τῶν
1061 985 1260 1055 γονέων
1323 985 1489 1038 αὐτοῦ
1543 985 1677 1054 πρὸς
1706 984 1892 1048 αὐτὸν,

260 1073 330 1126 ὅτι
385 1073 530 1127 Ἐκεῖ
615 1071 850 1148 ὀφείλεις
932 1071 1088 1140 εἶναι,
1177 1072 1316 1126 ὅπου
1373 1072 1459 1126 καὶ
1521 1073 1888 1145 ὑπεσχόμεθα*

257 1161 525 1230 τριάκοντα
557 1159 615 1215 δέ
661 1156 754 1228 ἔτη
813 1163 1050 1230 ποιήσας
1110 1161 1161 1214 ἐν
1218 1163 1286 1232 τῇ
1343 1165 1506 1233 μονῆ,
1560 1161 1770 1236 ἐγένετο
1801 1161 1889 1217 καὶ

255 1249 540 1323 ἡγούμενος
600 1249 789 1319 αὐτῆς.
848 1252 985 1306 Εἶτα
1049 1249 1234 1324 γέγονε
1291 1249 1380 1303 καὶ
1439 1248 1734 1312 ἐπίσκοπος
1791 1258 1892 1319 τῆς

255 1341 449 1402 πόλεως
518 1342 874 1413 Συρακούσης
931 1341 1034 1397 ὑπὸ
1087 1339 1374 1414 Θεοδώρου
1430 1342 1584 1396 πάπα
1640 1343 1885 1414 Ῥώμηςο

253 1430 524 1502 γενόμενος
603 1427 660 1484 δὲ
735 1429 1050 1495 ἐπίσκοπος,
1107 1429 1206 1484 οὐκ
1259 1428 1512 1502 ἠμέλησε
1564 1434 1662 1485 τοῦ
1730 1429 1891 1485 λαοῦ·

255 1517 378 1574 ἆλλά
406 1518 657 1582 πολλοὺς
719 1516 933 1589 διδάξας
987 1519 1111 1589 περὶ
1167 1525 1267 1587 τῆς
1325 1519 1550 1574 αἰωνίου
1601 1525 1767 1589 ζωῆς,
1793 1522 1885 1576 καὶ

254 1609 359 1682 περὶ
411 1608 645 1683 κρίσεως
693 1610 784 1662 καὶ
847 1605 1280 1672 ἀνταποδόαεως,
1333 1609 1420 1663 καὶ
1479 1607 1664 1671 καλῶς
1696 1606 1883 1664 διακυ-

257 1691 494 1772 εερνήσας
534 1698 640 1765 τὴν
700 1697 1142 1770 ἆμπιστευθεῖσαν
1204 1696 1350 1768 αὗτῷ
1407 1686 1723 1771 ἐκκλησίαν,
1755 1719 1886 1754 πεν-

253 1789 466 1857 τήκοντα
494 1787 719 1862 χρόνων
752 1782 847 1851 ὧν,
877 1784 1022 1841 τέλει
1057 1786 1181 1862 βίου
1212 1787 1508 1862 ἐχρήσατο.

797 1895 978 1952 MHNI
1005 1900 1089 1950 ΤΩ
1127 1897 1325 1952 ΑΥΤΩ.

995 2003 1116 2059 KB'.

249 2093 489 2164 ’Δθλησις
547 2097 654 2148 τοῦ
711 2092 870 2167 ἁγίου
908 2091 1252 2167 ἀποστόλου
1313 2093 1591 2167 Τιμοθέου
1657 2091 1876 2147 ἐπισκό-

306 2163 428 2243 πουΔ
470 2163 770 2243 Ἐφέσου]
821 2166 1067 2237 μαθητοῦ
1157 2163 1256 2218 τοῦ
1332 2165 1492 2238 ἁγίου
1568 2165 1879 2219 ἀποστόλου

308 2237 532 2293 Παύλου.

309 2345 584 2415 Τιμόθεος,
655 2345 684 2398 6
740 2347 836 2397 τοῦ
893 2345 1126 2402 Χοιστοῦ
1183 2340 1513 2412 ἀπόστολος,
1574 2343 1788 2418 ἐγένετο
1819 2343 1878 2398 ἐκ

251 2433 330 2499 τῆς
357 2431 558 2494 πόλεως
593 2433 858 2502 Λύστρας·
919 2433 984 2500 ἦν
1045 2429 1100 2485 δὲ
1157 2433 1272 2494 υἱὸς
1306 2433 1398 2505 μὲν
1432 2431 1730 2502 Ἕλληνος,
1769 2455 1879 2504 μη-

255 2518 384 2593 τέρος
436 2519 490 2576 δὶ
549 2519 848 2582 Ἰουδαίας’
905 2519 1112 2595 ἐγένετο
1185 2517 1241 2574 δὲ
1311 2521 1400 2575 καὶ
1481 2523 1724 2593 μαθητὴς
1782 2527 1878 2575 τοῦ

259 2609 388 2681 ἁγίου
415 2609 728 2664 ἀποστόλου
760 2607 1003 2680 Παύλου,
1055 2610 1144 2662 καὶ
1205 2611 1514 2680 περιπατῶν
1563 2613 1677 2681 μετ’
1711 2611 1877 2664 αὐτοῦ

263 2694 513 2755 ἐδίδασκεν.
573 2700 721 2755 Εἶτα
778 2697 1030 2767 ἐποίησεν
1089 2697 1248 2752 αὐτὸν
1307 2703 1522 2772 πρῶτον
1581 2698 1874 2754 ἐπίσκοπον

265 2785 449 2861 Ἐοέτου
477 2789 502 2842 6
533 2789 700 2863 ἅγιος
734 2785 966 2857 Παῦλος,
1006 2786 1093 2841 ἐπὶ
1139 2791 1241 2852 τῆς
1295 2788 1572 2863 βασιλείας
1603 2788 1875 2863 Νέρωνος,

277 2874 362 2945 πρὸ
383 2880 459 2928 τοῦ
506 2876 674 2951 ἁγίου
735 2877 986 2931 Ἰωάννου
1040 2880 1137 2930 τοῦ
1189 2875 1482 2948 Θεολὸγου.
1524 2877 1584 2934 Ὀ
1614 2877 1714 2953 γὰρ
1747 2884 1878 2934 Θεο-

279 2959 409 3036 λόγος
433 2966 640 3040 ὕστερον
672 2963 840 3033 ἦλθεν
901 2965 976 3026 είς
1035 2971 1287 3042 Ἔφεσον,
1326 2966 1457 3036 μετᾶ
1486 2967 1586 3032 τὴν
1617 2967 1874 3034 κοίμησιν

270 3055 348 3116 τῆς
369 3055 498 3127 ἁγίας
545 3053 844 3110 Θεοτόκου’
903 3055 929 3109 6
989 3051 1043 3109 δὲ
1104 3057 1254 3130 ἅγιος
1314 3054 1582 3127 Τιμόθεος
1631 3053 1877 3110 ἐδίδασκε

261 3141 333 3195 τὸν
381 3141 494 3197 λαὸν
550 3145 661 3211 τήν
724 3143 798 3205 εἰς
850 3145 1073 3212 Χριστὸν
1134 3144 1330 3201 πίστιν.
1386 3147 1472 3200 Ἐν
1537 3151 1635 3217 μιᾷ
1683 3143 1739 3200 δὲ
1768 3150 1874 3200 τῶν

258 3231 462 3304 ἡμερῶν,
493 3232 631 3288 ἰδὼν
688 3233 813 3294 τοὺς
869 3234 1147 3303 Ἓλληνας
1203 3234 1396 3308 ἑορτήν
1455 3235 1652 3307 μιαρὰν
1696 3234 1873 3290 ἐπιτε-

257 3318 450 3383 λοῦντας
500 3329 626 3384 τοῖς
703 3320 980 3384 είδώλοις.
1040 3324 1152 3394 ἅμα
1218 3324 1423 3398 γυναιξὶ
1477 3324 1566 3378 καὶ
1625 3321 1871 3398 ἀνδράσι,

253 3407 323 3461 καὶ
373 3407 562 3482 ἄσεμνα
624 3410 1034 3484 ἐργαζομένους,
1099 3412 1377 3468 κατελθὼν
1458 3415 1596 3488 πρὸς
1652 3413 1870 3483 αὐτοὺς,

254 3497 324 3549 καὶ
355 3500 677 3573 παρακαλῶν
725 3500 1024 3564 ἀποστῆναι
1081 3505 1182 3566 τῆς
1236 3504 1450 3571 κακίας,
1508 3503 1610 3558 οὐκ
1663 3499 1870 3558 ἔπεισεν

256 3584 442 3651 αὐτοὺς,
501 3588 652 3644 ἀλλὰ
717 3587 931 3661 μᾶλλον
989 3589 1250 3668 ἰφονεῦθη
1309 3593 1434 3667 παρ’
1493 3593 1695 3661 αὐτῶν,
1739 3592 1874 3664 μετά

251 3673 619 3747 τῶ-ιραϐδίων,
667 3679 739 3733 ὧν
799 3676 1077 3751 ἐκράτουν,
1136 3678 1187 3735 ἄν
1246 3680 1428 3744 αὗτοῖς
1465 3687 1581 3744 τοῖς
1610 3675 1873 3755 ἐμϐόλοις

250 3767 331 3849 τῆς
376 3765 611 3838 πόλεως,
664 3767 717 3823 ἕν
779 3770 864 3832 οἷς
944 3769 1035 3824 καὶ
1118 3769 1287 3849 ἰταφη
1347 3771 1410 3828 τὸ
1466 3773 1650 3846 τίμιον
1709 3772 1872 3829 αὐτοῦ

253 3848 494 3928 λείψανον.

792 3950 873 4020 Τῇ
931 3948 1068 4023 αὖτῇ
1123 3951 1306 4024 ἡμέρᾳ

369 4051 627 4123 Ἀθλησις
653 4055 752 4108 τὸῦ
781 4055 938 4131 ἁγίου
990 4057 1266 4132 μάρτυρος
1301 4059 1582 4114 Βικεντίου
1612 4055 1733 4114 δια-

953 4129 1137 4187 κόνου.

310 4228 429 4284 Ἀπὸ
482 4231 986 4304 Αὖγουστοπόλεως
1043 4234 1110 4303 ἦν
1169 4235 1350 4300 οὗτος,
1407 4235 1495 4290 ἐπὶ
1559 4244 1658 4307 τῆς
1719 4238 1871 4313 βασι-

253 4311 376 4378 λείας
429 4321 770 4393 Μαξιμιανοῦ
825 4321 916 4376 καὶ
974 4329 1305 4395 Δομετιανοῦ
1360 4323 1655 4399 ἡγεμόνος
1715 4311 1875 4400 ἔκρα-

255 4406 370 4476 τήθη
395 4405 450 4463 δὲ
482 4410 618 4482 μετά
644 4410 738 4464 τοῦ
771 4410 1073 4467 ἐπισκόπου
1126 4411 1452 4490 Οὐαλερίου,
1493 4417 1578 4471 καὶ
1611 4413 1764 4491 ἤχθη
1802 4417 1874 4478 εἷς

257 4493 396 4582 πόλιν
427 4499 727 4573 Λεγομένην
760 4500 1079 4572 Βαλεντίαν,
1108 4505 1197 4558 καὶ
1227 4507 1295 4577 τῇ
1324 4502 1542 4582 φυλακῇ
1575 4503 1872 4579 παρεδόθη.

259 4581 367 4636 Εἶτα
395 4585 576 4660 ἀχθεὶς
623 4589 756 4661 πρὸς
812 4592 1163 4661 Δομετιανὸν,
1222 4581 1358 4665 μετά
1411 4589 1647 4667 ῥαϐδίων
1679 4595 1872 4650 τύπτε-

1915 1913 1964 1978 Β

2009 636 2096 689 rio
2116 636 2420 692 educatus.
2445 636 2698 690 aedituus
2722 652 2902 690 sacrae
2925 636 3086 691 illius
3110 637 3295 690 theca)
3320 636 3506 691 factus
3525 644 3614 692 est
3640 656 3652 692 :

2006 726 2106 795 qui
2141 725 2186 779 si
2223 726 2458 796 quando
2492 731 2767 795 parentes
2798 725 3144 779 visitaturus
3169 725 3386 789 adibat,
3415 726 3650 797 longam

2006 830 2140 869 cum
2163 815 2248 868 eis
2273 831 2496 869 moram
2525 815 2759 868 trahere
2783 815 3244 886 haudquaquam
3271 815 3656 886 permitteba-

2006 909 2102 957 tur
2131 921 2143 957 :
2178 905 2279 959 sed
2312 905 2509 958 statim
2533 903 2606 958 ad
2639 904 2928 976 templum
2957 911 3176 957 sanctaa
3221 904 3660 968 remittebatur,

2005 993 2301 1047 aientibus
2333 993 2406 1047 ad
2440 1009 2573 1046 eum
2614 993 2977 1062 parentibus,
3013 993 3168 1062 quod
3202 992 3282 1046 ibi
3342 1010 3476 1047 eum
3527 1010 3661 1049 esse

2006 1088 2327 1152 Oporleret,
2362 1081 2460 1136 ubi
2493 1082 2565 1136 ab
2599 1081 2744 1151 ipsis
2775 1081 3003 1135 dicatus
3033 1084 3239 1134 l‘uerat.
3273 1082 3416 1135 Cum
3461 1089 3658 1136 autem

2004 1171 2246 1242 triginta
2277 1187 2469 1224 annos
2497 1170 2556 1223 in
2589 1169 2951 1224 monasterio
2982 1169 3217 1239 egisset,
3264 1169 3455 1224 eidem
3507 1187 3656 1242 prm—

2002 1259 2190 1313 fectus
2241 1259 2370 1312 fuit.
2438 1264 2648 1314 Postea
2707 1259 3007 1329 Syracusas
3061 1257 3229 1311 urbis
3284 1259 3663 1330 episcopusa

2001 1347 2306 1402 Theodoro
2341 1348 2603 1402 Romano
2661 1345 2943 1416 pontifice
2988 1345 3319 1413 ordinatus,
3374 1347 3658 1417 populum

2003 1451 2380 1507 nequaquam
2407 1436 2666 1508 neglexit
2693 1460 2705 1500 ;
2739 1435 2843 1489 sed
2876 1434 3096 1488 multos
3126 1434 3198 1488 de
3248 1435 3367 1490 vita
3414 1442 3659 1503 aeterna,

2001 1525 2193 1596 deque
2214 1525 2443 1596 judicio
2476 1541 2544 1579 ac
2569 1524 2960 1578 retributione
2987 1523 3226 1587 docens,
3251 1524 3657 1595 creditamque

2002 1617 2115 1673 sibi
2145 1615 2471 1671 Ecclesiam
2505 1616 2730 1687 optime
2757 1615 3113 1688 gubernans,
3133 1615 3248 1669 vita
3267 1615 3506 1670 functus
3537 1621 3651 1682 est,

2000 1723 2190 1762 annos
2223 1705 2656 1779 quinquaginta
2684 1710 2881 1760 natus.

2546 1911 2786 1968 EODEM
2829 1910 3080 1967 MENSE.

2465 2018 2570 2073 Die
2601 2018 2881 2072 vicesima
2912 2015 3175 2072 secunda

1991 2125 2145 2180 I28
2204 2125 2495 2178 (‘ertamen
2550 2125 2731 2178 sancti
2785 2123 3022 2192 aposloli
3075 2122 3342 2176 Timothei
3399 2122 3644 2191 episcOpi

2221 2197 2440 2266 Ephesi,
2474 2195 2735 2265 discipuli
2762 2196 2939 2250 sancti
2964 2195 3200 2263 apostoli
3228 2193 3412 2248 Ριιιιίί.

2060 2347 2400 2402 Timotheus
2423 2346 2636 2400 Christi
2672 2345 2997 2416 apostolus,
3033 2343 3254 2415 Lystris
3285 2349 3451 2412 patre
3483 2343 3640 2398 Graa-

1990 2454 2077 2503 co,
2114 2443 2299 2492 matre
2329 2437 2529 2491 Judaaa
2561 2443 2755 2492 natus.
2783 2435 2968 2490 sancti
2999 2433 3248 2504 apostoli
3280 2434 3441 2488 Pauli
3467 2433 3642 2487 disci-

1988 2527 2185 2598 pulus,
2219 2526 2776 2596 prmdicationisque
2824 2525 2983 2579 illius
3041 2541 3260 2587 comes,
3311 2523 3383 2576 ab
3434 2523 3640 2576 eodem

1990 2622 2192 2671 sancto
2252 2615 2456 2682 Paulo,
2518 2614 2883 2685 temporibus
2942 2613 3188 2668 Neronis
3245 2611 3642 2682 imperatoris,

1990 2706 2218 2776 primus
2248 2705 2463 2776 Ephesi
2496 2705 2810 2774 episc0pus
2841 2709 2977 2758 ante
3032 2707 3304 2757 sanctum
3352 2703 3639 2756 Joannem

1989 2793 2349 2865 Theologum
2381 2792 2688 2847 ordinatus
2739 2797 2858 2846 est:
2913 2790 3243 2862 Theologus
3297 2788 3457 2844 enim
3502 2793 3642 2860 post

1991 2887 2209 2937 sanctae
2234 2882 2498 2952 Deiparae
2519 2880 2941 2934 dormitionem
2963 2879 3120 2933 venit
3140 2877 3461 2949 Ephesum.
3495 2877 3638 2931 San-

1990 2977 2119 3027 ctus
2147 2987 2281 3025 vero
2300 2971 2641 3024 Timotheus
2665 2985 2796 3022 cum
2823 2967 3033 3022 Christi
3062 2966 3175 3022 fide
3198 2966 3484 3037 populum
3527 2965 3644 3020 im-

1989 3060 2219 3120 bueret.
2262 3060 2466 3114 videns
2519 3057 2840 3128 aliquando
2901 3057 3130 3112 Graecos
3171 3054 3637 3110 abominabilem

1988 3151 2164 3206 idolis
2189 3149 2404 3204 festum
2439 3149 2596 3203 diem
2629 3147 3020 3212 celebrantes,
3054 3145 3390 3217 promiscue
3447 3159 3643 3198 mares

1989 3257 2057 3296 ac
2104 3240 2356 3295 feminas
2407 3239 2650 3310 indigna
2703 3247 2958 3308 patrare,
3003 3250 3322 3290 accurrens
3363 3233 3437 3288 ad
3479 3233 3636 3299 illos,

1987 3345 2378 3400 monensque,
2438 3335 2503 3382 ut
2558 3345 2592 3383 a
2635 3328 2921 3398 pravitate
2973 3325 3351 3388 desisterent,
3409 3328 3640 3377 tantum

1980 3419 2189 3485 abfuit,
2215 3426 2280 3474 ut
2309 3417 2632 3489 quidquam
2669 3415 3004 3487 profecerit,
3027 3420 3094 3468 ut
3123 3413 3318 3484 potius
3347 3411 3419 3466 ab
3453 3412 3524 3465 iis
3547 3411 3640 3465 in-

1979 3507 2262 3564 terfectus
2301 3507 2480 3563 fuerit
2532 3505 2919 3577 scipionibus,
2980 3520 3128 3573 quos
3185 3518 3306 3573 prce
3363 3500 3640 3554 manibus

1980 3597 2284 3660 tenebant,
2316 3597 2377 3652 in
2409 3598 2537 3668 ipso
2569 3595 2820 3649 civitatis
2879 3593 3064 3660 aditu,
3115 3590 3219 3646 ubi
3262 3595 3322 3644 et
3363 3590 3636 3660 pretiosa:

1979 3686 2166 3758 ipsius
2197 3685 2466 3759 reliquias
2497 3683 2745 3757 sepultas
2774 3685 2931 3739 sunt.

2634 3947 2855 4004 Eodem
2885 3947 2980 4004 die

2015 4060 2168 4118 I29
2202 4059 2492 4115 Certamen
2518 4056 2702 4114 sancti
2730 4057 2995 4126 martyris
3035 4054 3316 4110 Vincentii
3357 4052 3598 4108 diaconi.

2055 4240 2135 4294 Ex
2165 4241 2429 4309 Augusta
2455 4236 2602 4291 urbe
2634 4236 2746 4291 fuit
2775 4236 2906 4302 iste,
2959 4233 3322 4289 Diocletiano
3365 4232 3631 4303 impera-

1984 4335 2129 4398 tore,
2163 4335 2222 4383 et
2253 4327 2586 4383 Domitiano
2617 4324 2890 4396 praeside.
2923 4323 3406 4393 Comprehensus
3435 4327 3633 4374 autem

1983 4436 2116 4476 cum
2142 4418 2372 4473 Valerio
2405 4416 2703 4487 episcopo,
2737 4421 2796 4468 et
2823 4414 2884 4467 in
2920 4411 3246 4468 Valentiam
3293 4410 3499 4464 urbem
3534 4409 3635 4464 ad-

1985 4505 2508 4563 ductus.custodia3
2530 4503 2782 4558 traditur
2811 4501 2972 4556 Unde
2999 4501 3264 4554 eductus.
3303 4496 3634 4550 Domitiano

1986 4597 2240 4661 sistitur;
2276 4601 2334 4649 et
2351 4593 2692 4648 verberibus
2715 4607 2922 4649 cmsus.
2949 4587 3156 4642 ferreis
3179 4585 3414 4651 ungulis
3435 4601 3640 4639 excar-

259 4686 347 4737 ται,
399 4676 484 4728 καὶ
544 4674 635 4730 δια
686 4675 926 4750 σιδήρων
986 4679 1178 4748 ξέεται.
1238 4681 1338 4738 Καὶ
1395 4683 1547 4744 αὗθις
1602 4682 1690 4738 ἐπὶ
1733 4684 1877 4739 πολὺ

1996 4686 2283 4741 nificatur.
2304 4683 2364 4737 in
2389 4681 2707 4752 equuleum
2733 4678 2833 4731 diu
2859 4691 3229 4746 suppensus:
3257 4689 3390 4728 mox
3415 4673 3641 4727 facibus

262 4764 575 4847 κρεμασθεῖς,
627 4761 716 4819 διὰ
771 4765 1074 4838 λαμπάδων
1108 4771 1277 4844 πυρὸς
1307 4773 1400 4833 τας
1447 4773 1684 4847 πλευρὰς
1714 4795 1880 4828 κατα.-

268 4845 483 4922 ολέγεται
533 4853 622 4907 καὶ
682 4853 931 4930 σιδηραῖς
985 4853 1268 4925 σούϐλαις,
1326 4861 1686 4937 πυρωθείσαις
1717 4884 1879 4918 κατα·

265 4945 514 5040 κεγτεῖται.
577 4943 994 5019 Παραλυθέντων
1067 4945 1124 5003 δὲ
1175 4953 1281 5004 τῶν
1344 4947 1580 5024 δημίων,
1636 4952 1726 5006 καὶ
1783 4956 1880 5006 τοῦ

269 5032 408 5115 ἁγίου
449 5032 717 5108 μάρτυρος
807 5037 988 5108 ὑγιοῦς
1067 5037 1424 5101 καταστάντος
1476 5045 1610 5095 Θεοῦ
1668 5043 1877 5115 χάριτι,

272 5111 596 5188 μετιδληθεὶς
653 5125 682 5178 ὁ
735 5124 1007 5198 τύραννος,
1065 5124 1268 5202 ἤρξατο
1325 5127 1639 5184 κολακεύειν
1697 5129 1878 5201 αὐτὸν,

269 5202 341 5308 καὶ
391 5204 533 5283 ἔλεγε
582 5213 717 5288 πρὸς
775 5215 955 5268 αὐτόν·
1013 5213 1158 5272 Ἰδοὺ
1218 5217 1328 5292 ἐγὼ
1385 5219 1648 5274 ἀπολύσω
1681 5240 1759 5290 σε,
1789 5219 1878 5274 καὶ

274 5298 325 5342 οὐ
374 5298 624 5369 φονεύσω.
686 5299 929 5372 Θέλησον
978 5305 1072 5360 οὗν
1123 5305 1449 5378 ἀρνήσασθαι
1503 5309 1595 5363 τὸν
1649 5309 1880 5382 Χριστόν

274 5386 474 5474 somni
509 5397 878 5460 προσκυνῆσαι
935 5399 1049 5456 τοῖς
1107 5402 1274 5459 θεοῖς.
1333 5397 1392 5454 Ὁ
1449 5395 1505 5452 δὲ
1554 5398 1708 5474 ἅγιος
1741 5395 1882 5470 μηδὲ

277 5464 574 5544 ἀνεχόμενος
611 5479 824 5535 ἀκούειν
857 5480 1020 5537 αὐτοῦ
1072 5485 1555 5562 βλασφημοῦντος,
1587 5487 1880 5562 προσευξά-

283 5563 553 5662 ιιξνοξλτῷ⁸
595 5573 731 5662 Θεῷ,
791 5570 962 5662 ἀφῆκε
1035 5572 1098 5628 τὸ
1155 5579 1387 5662 πνεῦμα.
1447 5578 1525 5634 Τὸ
1583 5573 1640 5632 δὲ
1695 5578 1882 5650 τίμιον

281 5651 690 5742 αὐξοξλλειψανον
720 5659 888 5737 ἐτάφη
939 5662 991 5716 ἐν
1038 5661 1187 5736 αὐτῷ
1213 5669 1293 5736 τῷ
1319 5666 1476 5737 τόπῳ
1505 5665 1651 5742 παρὰ
1678 5671 1884 5723 πιστῶν

280 5734 351 5789 καὶ
377 5737 602 5803 ὠλαϐὦν
633 5734 862 5826 ἀνδρῶν.

1989 4774 2140 4846 ignis
2173 4773 2232 4825 in
2265 4769 2551 4824 lateribus
2583 4772 2844 4826 exustus,
2889 4763 3116 4817 subulis
3142 4761 3350 4815 ferreis
3381 4759 3639 4815 canden-

1989 4862 2145 4918 tibus
2178 4858 2529 4931 perfoditur.
2562 4856 2705 4909 Cum
2733 4859 2928 4908 autem
2979 4851 3292 4905 carniﬁces
3339 4849 3641 4920 defatigati

1992 4956 2210 5016 essent,
2243 4953 2302 5003 et
2331 4952 2571 5002 sanctus
2602 4950 2826 5014 martyr
2858 4943 2958 4996 Dei
3013 4941 3304 4995 beneficio
3355 4956 3535 4994 sanus
3585 4943 3643 4992 et

1990 5038 2309 5094 incolumis
2339 5035 2712 5101 consisteret,
2775 5037 2999 5087 mutato
3049 5029 3300 5086 consilio
3352 5034 3641 5100 tyrannus

1992 5128 2168 5200 ccepit
2198 5127 2369 5181 illum
2416 5123 2724 5180 blanditiis
2784 5121 3058 5184 delinire,
3116 5119 3438 5190 inquiens:
3470 5119 3638 5184 Ecce,

1993 5235 2098 5283 ego
2133 5223 2187 5271 te
2208 5215 2548 5271 absolutum
2569 5213 2888 5277 dimittam,
2913 5227 3021 5265 nec
3046 5209 3219 5264 morti
3243 5205 3641 5270 tradam,dum

1992 5307 2289 5362 Christum
2315 5311 2484 5360 tuum
2515 5319 2728 5375 negare
2751 5301 2916 5365 velis,
2950 5300 3208 5368 deosque
3231 5296 3495 5352 adorare.
3533 5293 3644 5348 Sed

1995 5403 2234 5452 sanctus
2253 5412 2325 5449 ne
2348 5395 2554 5450 audire
2569 5392 2810 5464 quidem
2834 5386 3410 5461 blasphemiasillius
3427 5384 3642 5446 ferens,

1993 5487 2056 5542 in
2087 5486 2354 5542 oratione
2386 5485 2662 5556 spiritum
2696 5483 2813 5536 Deo
2845 5479 3089 5535 tradidit
3117 5494 3128 5530 :
3163 5476 3332 5546 cujus
3372 5472 3642 5543 pretiosaa

1997 5576 2263 5646 reliquim
2293 5575 2355 5629 in
2413 5573 2623 5629 eodem
2670 5571 2799 5625 loco
2833 5585 2868 5624 a
2900 5565 3176 5622 fidelibus
3225 5563 3456 5634 piisque
3504 5558 3643 5612 viris

1993 5667 2241 5737 sepulta
2267 5669 2426 5722 sunt.
