4114 6306
365 408 479 465 275

1017 535 1238 592 Eodem
1271 533 1366 590 die

441 654 597 711 I80
629 655 911 711 Certamen
936 653 1114 710 sancti
1141 651 1407 722 martyris
1440 648 1726 706 Anastasii
1748 629 1944 702 Persae.

443 872 547 927 Hic
575 889 644 928 ex
665 871 905 927 Perside
927 869 1348 935 fuit,Romanis
1370 867 1638 924 Heraclio
1661 865 2012 937 imperante,

370 961 566 1018 Persis
614 965 812 1016 autem
866 959 1123 1015 Chosroe
1163 957 1483 1031 Maguntini
1539 955 1709 1011 ﬁlio:
1761 969 2016 1024 cumque

1648 391 2086 458 MENOLOGII
2131 390 2352 450 PARS.
2393 389 2464 450 ll.

2045 525 2098 592 Α

3662 383 3785 443 278

2701 522 2781 593 Τῇ
2827 518 2962 588 αιδτῆ
3017 517 3202 593 ἡμέρᾳ

2227 637 2496 707 ..Αθλησις
2525 639 2622 691 τοῦ
2669 635 2827 712 ἁγίου
2839 635 3160 782 Ημέξοτέρος
3191 633 3546 691 Ἀναστασίου
3573 636 3670 687 τοῦ

2193 843 2363 906 Οὗτος
2419 843 2486 913 ἦν
2548 841 2608 898 ἐκ
2663 838 2944 918 Περσίδος,
3003 839 3429 917 βασιλευόντων,
3480 841 3776 913 Ῥωμαίων

2127 933 2220 1006 μὲν
2270 931 2622 1008 Ἡρακλείου,
2683 935 2899 1007 Περσῶν
2953 927 3008 987 δὶ
3063 929 3311 1004 Χοσρόου
3363 930 3484 984 υἱοῦ
3516 937 3774 1003 Μαγουν-

371 1066 578 1124 magus
609 1054 785 1115 esset,
819 1055 878 1104 et
924 1049 984 1103 in
1044 1054 1319 1120 tyronum
1377 1063 1628 1102 numero
1686 1045 1748 1099 in
1804 1043 1999 1100 militia

2119 1025 2295 1079 τινοῦ.
2346 1022 2633 1096 Ὑπάρχων
2691 1018 2749 1076 δὲ
2803 1019 2895 1075 καὶ
2953 1019 3115 1082 αὐτὸς
3175 1019 3345 1096 μάγος
3391 1021 3770 1094 συνηριθμήθη

368 1141 680 1213 ascriptus,
705 1156 820 1211 quo
848 1143 1112 1210 tempore
1157 1139 1352 1192 Persas
1392 1136 1739 1192 excursione
1768 1134 1926 1189 facta
1954 1133 2014 1186 in

369 1237 576 1286 sancta
605 1229 755 1295 loca,
787 1234 1208 1300 asportatoque
1239 1244 1359 1282 una
1388 1242 1522 1282 cum
1553 1224 1788 1295 reliqua
1816 1219 2017 1294 praada

405 1319 625 1374 retioso
658 1317 979 1372 Dominicae
1003 1316 1195 1371 crucis
1217 1316 1396 1388 ligno.
1421 1315 1483 1369 in
1505 1313 1710 1382 vulgus
1741 1307 2014 1366 dissemi-

364 1407 610 1475 nabant,
633 1407 863 1463 venisse
895 1407 957 1461 in
989 1423 1193 1462 eorum
1227 1405 1514 1460 ditionem
1545 1400 2013 1458 Christianorum

367 1499 584 1552 Deum:
613 1495 1034 1551 existimabant
1054 1495 1212 1549 enim
1236 1493 1556 1565 pretiosam
1578 1506 1814 1547 crucem
1831 1488 2014 1542 Deum

367 1601 497 1640 esse
536 1591 778 1656 propter
806 1601 896 1654 ea,
930 1601 1061 1654 quas
1093 1599 1199 1654 per
1229 1581 1393 1636 illam
1435 1580 1659 1636 ﬂebant
1705 1576 2011 1648 prodigia:

367 1679 698 1730 commotus
729 1673 891 1728 hisce
921 1672 1164 1727 vocibus
1195 1669 1567 1735 Anastasius,
1601 1683 1666 1723 re
1699 1666 2014 1739 diligenter

365 1780 680 1836 perpensa,
724 1762 934 1817 didicit
990 1766 1173 1816 totam
1233 1760 1448 1814 Christi
1507 1755 2014 1829 dispensationem

367 1853 615 1924 ejusque
630 1851 807 1907 fidem
829 1850 1139 1922 amplexus
1153 1848 1606 1919 est.Etprimum
1622 1843 1863 1916 quidem
1877 1860 2013 1898 cum

2119 1115 2188 1184 τῇ
2245 1116 2355 1166 τῶν
2409 1111 2665 1186 τυρώνων
2723 1109 2990 1185 στρατείᾳ.
3050 1107 3521 1183 Καταδραμόντων
3568 1105 3626 1164 δὲ
3666 1113 3776 1164 τῶν

2125 1203 2343 1272 Περσῶν
2403 1204 2510 1256 τῶν
2561 1198 2726 1274 ἁγίων
2783 1199 2992 1265 τόπων,
3041 1199 3128 1253 καὶ
3184 1191 3462 1252 λαϐόντων
3515 1197 3608 1252 σὺν
3655 1202 3774 1258 τοῖς

2123 1288 2510 1364 αἰχμαλώτοις
2564 1289 2656 1344 καὶ
2694 1289 2756 1344 τὸ
2811 1289 2998 1360 τίμιον
3061 1284 3247 1357 ξύλον,
3305 1285 3599 1364 ἐφημίζετο
3648 1288 3776 1361 παρ’

2119 1377 2320 1450 αὐτῶν,
2376 1377 2459 1433 ὅτι
2520 1379 2548 1432 6
2598 1381 2708 1434 τῶν
2766 1380 3102 1452 Χριστιανῶν
3161 1375 3292 1438 Θεὸς
3348 1374 3515 1445 ἦλθεν
3569 1374 3644 1437 εἷς
3673 1378 3774 1447 τὴν

2123 1468 2306 1542 χώραν
2357 1467 2556 1523 αὐτῶν.
2611 1467 2741 1529 Θεὸς
2788 1467 2890 1542 γὰρ
2939 1463 3227 1538 ἐνομίζετο
3258 1465 3494 1538 ότίμιος
3525 1466 3774 1536 σταυρὸς,

2120 1555 2212 1613 διὰ
2240 1557 2305 1612 τὰ
2363 1559 2450 1613 ὑπ’
2503 1556 2668 1612 αὐτοῦ
2724 1555 3029 1630 τελούμενα
3086 1557 3354 1629 θαύματα.
3398 1558 3646 1626 Ζητήσας
3679 1559 3771 1610 οὖν

2122 1648 2150 1702 6
2181 1648 2535 1712 ’Δναστάσιος
2563 1647 2687 1724 περὶ
2743 1648 2932 1719 αὐτοῦ,
2990 1643 3160 1720 ἔμαθε
3215 1651 3386 1701 πᾶσαν
3425 1647 3526 1714 τὴν
3551 1646 3773 1701 οἰκονο-

2124 1736 2271 1809 μίαν,
2302 1736 2391 1791 καὶ
2449 1734 2728 1791 ἐπίστευσε
2776 1739 2858 1808 τῷ
2911 1737 3148 1810 Χριστῷ.
3209 1735 3307 1790 Καὶ
3337 1732 3478 1804 ἦλθε
3524 1740 3771 1811 πρῶτον,

2122 1825 2258 1898 μετὰ
2285 1831 2393 1880 τῶν
2451 1829 2693 1898 Περσῶν,
2753 1826 2830 1888 εἷς
2887 1821 3232 1896 Χαλκηδόνα·
3266 1826 3356 1880 καὶ
3385 1827 3476 1881 τὸν
3509 1829 3604 1880 τοῦ
3636 1829 3770 1881 Θεοῦ

365 1909 560 1996 Persis
591 1909 1022 1994 Chalcedonem
1055 1938 1247 2002 venit;
1277 1909 1477 2006 ibique
1508 1935 1613 1990 Dei
1641 1909 1855 1988 timore
1884 1933 1999 2004 ple-

2118 1910 2289 1992 φόϐον
2351 1913 2425 1976 εἰς
2481 1919 2606 1968 νοῦν
2668 1909 2874 1986 Λαϐὼν,
2934 1912 3190 1970 κατέλιπε
3218 1915 3318 1984 τήν
3370 1914 3645 1989 στρατείαν
3677 1916 3767 1969 καὶ

364 2031 502 2086 nius
533 2029 818 2096 imbutus,
851 2029 1121 2084 abdicata
1149 2026 1365 2082 militia
1418 2030 1478 2080 et
1519 2023 1763 2089 mundo,
1811 2023 2009 2078 Hiera-

363 2119 570 2193 polim,
603 2119 818 2175 deinde
849 2118 1258 2188 Hierosolyma
1287 2115 1614 2171 concessit:
1662 2113 2012 2185 baptizatus-

365 2227 500 2282 que,
528 2211 590 2264 in
621 2210 789 2264 laura
821 2208 1007 2263 sancti
1067 2207 1234 2262 Saba:
1294 2207 1359 2261 ﬁt
1411 2204 1758 2260 monachus.
1805 2203 2014 2257 Postea

362 2299 658 2356 desiderio
689 2297 1023 2371 perferendi
1057 2314 1162 2370 pro
1189 2296 1420 2352 Christo
1445 2294 1709 2366 martyrii
1732 2294 2010 2366 ﬂagrans,

363 2390 425 2444 in
452 2389 703 2461 patriam
736 2387 946 2442 rediit:
982 2392 1040 2442 et
1067 2387 1533 2458 comprehensus
1563 2383 1827 2448 aPersis,
1862 2382 2012 2437 mul-

363 2477 555 2548 tisque
587 2476 899 2531 tormentis
929 2475 1320 2540 excruciatus,
1352 2473 1543 2544 capite
1575 2471 1784 2544 plexus
1814 2475 1924 2528 est.

1016 2590 1235 2646 Eodem
1265 2588 1360 2645 die

359 2709 508 2766 181
561 2708 868 2766 Translatio
919 2709 1289 2779 pretiosarum
1337 2707 1719 2776 Reliquiarum
1769 2706 2012 2776 ejusdem

675 2784 855 2837 sancti
876 2781 1140 2851 martyris
1172 2779 1457 2834 Anastasii
1483 2779 1690 2832 Persae.

427 2899 572 2953 Cum
606 2896 910 2953 Heraclius
941 2897 1265 2968 imperator
1289 2894 1350 2948 in
1375 2892 1679 2948 Persidem
1702 2893 2010 2962 movisset,

362 2991 421 3040 et
445 2985 732 3042 Chosroes
754 3002 858 3040 rex
881 3001 1068 3040 caesus
1091 2982 1657 3047 fuisset,monachus
1676 2981 1917 3054 quidam
1941 2999 2010 3036 ex

352 3075 716 3131 monasterio
761 3074 1030 3145 Martyris
1090 3073 1292 3126 videns
1344 3071 1722 3142 imperatoris
1773 3087 2006 3144 agmen,

362 3157 595 3228 gavisus
627 3161 735 3221 est,
765 3169 983 3223 eosque
1017 3159 1299 3222 tanquam
1327 3151 1696 3207 Christianos
1730 3157 2006 3206 secutus:

349 3244 425 3298 iis
455 3261 590 3298 vero
623 3242 1011 3298 redeuntibus
1043 3241 1221 3296 rediit
1252 3245 1310 3296 et
1340 3241 1466 3312 ipse
1498 3241 1571 3296 ad
1603 3257 1777 3296 suum
1807 3239 2004 3294 Abba-

2115 2004 2215 2071 τὴν
2249 2001 2401 2074 δόξαν
2456 2007 2551 2058 τοῦ
2606 2003 2840 2077 κόσμου,
2897 2003 2987 2058 καὶ
3046 2001 3286 2069 ἂπῆλθεν
3337 2001 3768 2080 εἰςἹεράπολιν·
3798 2072 3814 2080 η

2116 2091 2232 2147 εἶτα
2291 2092 2369 2155 εἰς
2424 2092 2802 2168 Ἱεροσόλυμα·
2859 2091 2951 2148 καὶ
3023 2091 3360 2166 βαπτίζεται,
3417 2094 3505 2148 καὶ
3563 2093 3772 2168 γίνεται

2121 2182 2365 2258 μοναχὸς
2405 2181 2457 2238 ἰν
2515 2185 2584 2256 τῇ
2645 2181 2820 2258 λαύρα
2875 2185 2970 2237 τοῦ
3031 2181 3189 2258 ἁγίου
3249 2177 3418 2240 Σάϐα.
3451 2183 3556 2239 Καὶ
3587 2183 3773 2238 ἐπιθυο

2119 2273 2296 2343 μήσας
2319 2275 2416 2326 τοῦ
2472 2272 2602 2348 ὑπὲρ
2659 2275 2894 2347 Χριστοῦ
2951 2279 3316 2348 μαρτυρῆσαι,
3368 2273 3582 2343 ἀπῆλθε
3606 2271 3770 2328 πάλιν

2117 2360 2193 2423 εἰς
2223 2371 2322 2430 την
2379 2358 2519 2416 ἰδίαν
2571 2363 2782 2438 χώραν’
2843 2361 2932 2416 καὶ
2988 2362 3279 2435 κρατηθεὶς
3315 2364 3462 2439 παρὰ
3489 2368 3594 2418 τῶν
3630 2369 3772 2440 Περ-

2117 2454 2248 2520 σῶν,
2279 2452 2365 2506 καὶ
2393 2450 2754 2527 τιμωρηθεὶς,
2788 2449 3210 2529 ἀπεκεφαλίσθη.

2685 2571 2762 2640 τῇ
2808 2571 2946 2642 αὐτῇ
2994 2565 3196 2642 ἡμέρᾳ.

2114 2676 2178 2732 Ἢ
2212 2673 2546 2754 Ἀνακομιδή
2576 2678 2685 2730 τῶν
2729 2674 2932 2754 τιμίων
2981 2673 3254 2754 λειψάνων
3283 2681 3379 2754 ⁴τοῦ
3409 2677 3576 2734 αὐτοῦ
3603 2681 3768 2754 ἁγίου

2405 2746 2679 2822 μάρτυρος
2729 2746 3092 2804 Ἀναστασίου
3121 2752 3219 2804 τοῦ
3251 2749 3480 2824 Πέρσου.

2185 2862 2289 2914 Τοῦ
2349 2859 2620 2936 βασιλεως
2669 2859 2995 2933 Ἡρακλείου
3050 2861 3384 2926 ἀπελθόντος
3437 2864 3487 2918 ἐν
3526 2870 3594 2940 τῇ
3630 2872 3773 2941 Περ-

2116 2946 2368 3020 σίδι,καί
2419 2953 2517 3005 τοῦ
2576 2950 2823 3024 Χοσρόου
2879 2950 3266 3022 ἀποθανόντος,
3327 2956 3576 3030 μοναχός
3599 2977 3681 3018 τις
3715 2956 3775 3012 ἐκ

2114 3042 2217 3105 τῆς
2251 3044 2425 3110 μονῆς
2479 3041 2576 3093 τοῦ
2632 3041 2940 3115 Μάρτυρος,
3005 3037 3134 3095 ἰδὼν
3163 3041 3255 3096 τὸν
3289 3044 3512 3118 στρατὸν
3543 3049 3639 3100 τοῦ
3673 3046 3774 3121 βα-

2117 3125 2336 3194 σιλέως,
2394 3128 2594 3203 ἐχάρη,
2653 3129 2744 3183 καὶ
2801 3130 2868 3198 ἧν
2934 3132 3048 3202 μετ’
3093 3131 3294 3202 αὐτῶν,
3329 3133 3404 3197 ὡς
3433 3134 3772 3206 Χριστιανῶν

2118 3215 2498 3291 ὑπαρχόντων.
2560 3218 2654 3272 Καὶ
2733 3218 3182 3296 ὗποστρεφόντων
3239 3219 3434 3292 αὐτῶν,
3487 3223 3625 3294 ἦλθε
3679 3227 3771 3280 καί

350 3286 425 3298 ..υ
464 3286 589 3298 ,ων
623 3286 1011 3298 “unum..-
1043 3286 1221 3296 ην..-
1255 3286 1310 3296 ν-
1341 3286 1465 3312 την
1499 3286 1571 3296 ....
1604 3286 1777 3296 νη.--
1807 3286 1974 3294 ---η

349 3340 490 3400 tem,
525 3334 698 3405 eique
758 3331 967 3387 retulit
1013 3330 1309 3386 colobium
1357 3331 1636 3402 martyris
1686 3329 1996 3397 Anastasii,

2119 3304 2283 3366 αὐτὸς
2341 3305 2417 3366 εἰς
2464 3305 2556 3361 τὸν
2616 3286 2929 3381 ἡγούμενον
2983 3286 3170 3363 αὐτοῦ.
3261 3310 3358 3367 Καὶ
3421 3286 3767 3386 ’ἀπεκόμισεν

347 3423 726 3494 narravitque
743 3421 818 3487 ei,
847 3439 881 3476 a
901 3420 1170 3476 daemone
1201 3435 1551 3491 oppressum
1575 3420 1638 3474 in
1667 3419 1902 3474 Perside
1931 3435 1997 3474 eo

350 3512 582 3569 colobio
616 3512 889 3566 indutum
947 3509 1264 3565 liberatum
1320 3508 1524 3564 fuisse.
1577 3511 1648 3563 Et
1694 3508 1998 3564 Heraclius

349 3603 590 3677 quidem
612 3603 890 3658 vicesimo
915 3601 1147 3673 imperii
1172 3601 1260 3655 sui
1280 3616 1435 3655 anno
1459 3600 1783 3672 pretiosum
1798 3599 1997 3655 Crucis

348 3694 576 3767 lignum
598 3691 1007 3764 Hierosolyma
1035 3690 1256 3746 retulit.
1291 3690 1614 3762 Episcopus
1639 3694 1836 3745 autem
1868 3689 1996 3762 qui-

344 3785 482 3840 dam
503 3801 538 3840 a
557 3783 849 3839 catholico
863 3782 1309 3853 archiepiscopo
1323 3781 1384 3836 in
1399 3783 1797 3836 Romanorum
1812 3786 1998 3837 terras

344 3875 585 3941 missus,
609 3873 797 3928 sancti
828 3871 1110 3942 reliquias
1133 3871 1461 3926 Cmsaream
1475 3870 1687 3926 detulit
1711 3888 1725 3938 ;
1758 3870 1996 3926 relicta-

346 3979 461 4034 que
492 3962 572 4016 ibi
604 3961 916 4033 particula,
949 3961 1246 4030 reliquum
1278 3960 1432 4030 apud
1467 3976 1528 4015 se
1577 3959 1804 4014 habuit.
1856 3962 1992 4014 Pre-

343 4052 562 4106 tiosum
592 4066 726 4105 vero
760 4049 1037 4121 martyris
1068 4054 1262 4119 caput.
1297 4055 1354 4102 et
1403 4049 1618 4122 imago,
1653 4067 1686 4105 a
1719 4049 1994 4106 ﬁdelibus

349 4142 411 4196 in
442 4156 659 4212 magna
689 4145 747 4195 et
776 4139 1021 4210 antiqua
1050 4141 1235 4194 Roma
1264 4138 1564 4196 coluntur.

995 4405 1213 4463 Eodem
1243 4406 1338 4462 die

343 4527 496 4582 182
525 4527 810 4582 Certamen
836 4531 1153 4581 sanctorum
1178 4525 1465 4591 Manuelis,
1509 4524 1745 4591 Georgii,
1776 4528 1991 4594 Leonis,

414 4605 465 4654 et
497 4601 786 4661 sociorum,
821 4599 918 4667 qui
947 4597 1013 4651 ab
1070 4595 1256 4666 impiis
1311 4597 1568 4665 Bulgaris
1625 4598 1788 4654 occisi
1837 4604 1988 4666 sunt,

413 4672 720 4741 imperante
749 4670 925 4726 Leone
957 4670 1214 4724 Armeno.

412 4840 604 4898 Leone
633 4841 891 4896 Armeno
916 4839 1272 4911 imperatore
1302 4839 1554 4896 Crumus
1604 4838 1990 4914 Bulgarorum

339 4939 619 5015 princeps
648 4954 784 4992 cum
813 4937 1037 5010 ingenti
1070 4937 1270 5010 populi
1303 4933 1687 4996 multitudine
1711 4939 1992 4996 Adriano-

343 5027 527 5102 polim
549 5026 805 5082 Thracias
835 5027 1032 5082 venit:
1067 5043 1254 5098 eaque
1276 5026 1414 5096 jure
1446 5027 1587 5082 belli
1612 5027 1988 5099 capta,simul

345 5119 522 5174 etiam
543 5116 987 5174 sanctissimum
1010 5115 1336 5171 Manuelem
1363 5116 1704 5187 episcopum
1724 5132 1988 5188 compre-

345 5209 573 5269 hendit.
609 5209 701 5264 cui
725 5209 982 5281 primum
1007 5207 1078 5262 ab
1101 5206 1366 5261 humeris
1419 5222 1629 5261 manus
1677 5207 1984 5277 praacidit:

343 5299 557 5356 deinde
583 5299 903 5355 dissectum
921 5298 1116 5372 gladio
1134 5295 1565 5362 medium,feris
1587 5295 1986 5353 devorandum

343 5388 603 5448 tradidit.
633 5389 821 5455 Quare
852 5387 926 5442 ob
958 5387 1110 5442 hanc
1159 5385 1526 5456 impietatem
1577 5392 1922 5452 excaecatus,
1955 5404 1987 5442 a

344 5482 581 5554 proprio
608 5479 827 5551 populo
860 5476 992 5531 odio
1015 5474 1252 5530 habitus
1279 5480 1386 5539 est,
1422 5481 1478 5530 et
1511 5475 1581 5530 ab
1605 5475 1813 5530 eodem
1839 5476 1990 5531 funi-

343 5570 454 5625 bus
486 5568 908 5641 strangulatus.
943 5565 1232 5620 SufTectus
1257 5563 1318 5618 in
1353 5564 1732 5638 Bulgarorum
1765 5565 1985 5637 princi-

345 5665 550 5732 patum
595 5655 985 5727 impiissimus
1014 5655 1250 5721 Tzocus,
1307 5655 1567 5726 captivos
1622 5654 1988 5712 Christianos

344 5765 574 5816 omnes,
610 5745 810 5813 duces,
839 5743 1240 5818 presbyteros,
1291 5745 1572 5803 diaconos
1601 5751 1658 5803 et
1687 5745 1890 5815 laicos,
1925 5747 1985 5803 in

2107 3391 2255 3465 αύτῷ
2283 3391 2374 3447 καὶ
2417 3393 2479 3448 τὸ
2535 3388 2798 3450 κολὸϐιον
2849 3399 2947 3450 τοῦ
3007 3397 3301 3471 μάρτυρος’
3333 3398 3423 3454 καὶ
3458 3397 3766 3476 διηγήσατο

2105 3482 2280 3554 αύτῷ,
2309 3482 2394 3536 δτι
2426 3483 2478 3538 ἐν
2525 3480 2746 3558 Περσίδι
2801 3481 3170 3558 δαιμονιῶντα
3222 3483 3577 3562 περιϐαλλὼν
3608 3491 3761 3562 αύτὸ,

2110 3571 2316 3629 ἰάσατο.
2381 3572 2536 3626 Καὶὸ
2594 3572 2688 3645 μὶν
2733 3573 3062 3645 Ἡράκλειος
3118 3573 3172 3629 ἐν
3228 3580 3308 3647 τῷ
3367 3575 3598 3652 εἰκοστῷ
3654 3577 3761 3636 ἔτει

2103 3666 2204 3728 τῆς
2232 3661 2400 3715 αὐτοῦ
2463 3659 2742 3736 βασιλείας
2799 3660 3114 3732 ἀνεκόμισεν
3175 3663 3251 3724 εἰς
3304 3665 3669 3741 Ἰερουσαλήμ
3697 3671 3760 3725 τὸ

2103 3751 2297 3824 τίμιου
2347 3747 2530 3821 ξύλον.
2594 3751 2928 3814 Ἐπίσκοπος
2989 3750 3046 3807 δέ
3101 3774 3186 3816 τις
3239 3754 3570 3822 ἀποσταλεὶς
3615 3763 3762 3836 παρὰ

2103 3843 2200 3895 τοῦ
2272 3837 2570 3904 καθολικοῦ
2666 3840 3102 3916 ἂρχιεπισκόπου
3177 3842 3265 3898 ἐπὶ
3338 3845 3406 3900 τὰ
3477 3848 3761 3921 Ῥωμαῖκᾶ

2109 3932 2270 4007 μὲρη,
2303 3928 2420 3986 ἆνε)
2437 3927 2595 3986 άόετο
2643 3935 2710 3986 τὰ
2765 3931 2991 4006 λείψανα
3037 3938 3134 3988 τοῦ
3184 3937 3340 4011 ἁγίου
3369 3937 3459 3992 καὶ
3490 3939 3760 4013 ἀπεκόμι-

2103 4043 2190 4077 σεν
2249 4021 2325 4082 εἰς
2385 4023 2723 4096 Καισάρειαν.
2809 4024 2908 4079 Καὶ
2993 4023 3104 4079 ἐκεῖ
3159 4022 3344 4081 δόντες
3398 4029 3498 4095 τήν
3561 4032 3756 4104 μικρὰν

2107 4109 2321 4184 μερίδα,
2377 4111 2439 4166 τὸ
2499 4110 2694 4166 λοιπὸν
2758 4113 3044 4188 κατέσχον.
3105 4115 3167 4170 Ἦ
3225 4111 3284 4170 δὶ
3339 4117 3496 4189 τιμία
3545 4119 3757 4197 κεφαλή

2102 4205 2200 4256 τοῦ
2251 4202 2550 4276 μάρτυρος,
2598 4203 2690 4256 καὶ
2730 4204 2764 4271 ἡ
2817 4201 2976 4257 εῒκὼν
3034 4210 3408 4276 προσκυνεῖται
3456 4209 3603 4284 παρὰ
3646 4211 3757 4265 τῶν

2103 4296 2307 4347 πιστῶν
2337 4291 2391 4347 ιν
2417 4294 2486 4365 τῇ
2523 4291 2734 4367 μεγάλῃ
2761 4292 2852 4348 καὶ
2882 4291 3090 4365 παλαιᾷ
3116 4295 3327 4370 Ῥώμῃ.

2668 4408 2748 4479 Τῇ
2791 4405 2931 4480 αὐτῇ
2981 4409 3183 4483 ἡμέρᾳ.

2100 4517 2366 4590 Ἀθλησις
2419 4524 2560 4608 ,τῶνα
2626 4521 2789 4610 ἁγίων
2862 4523 3159 4610 ,llda‘voufﬂ3
3229 4528 3521 4610 I‘_em§_yiou,
3575 4533 3754 4610 ἔλεον-

2171 4613 2287 4663 τος,
2346 4593 2436 4647 καὶ
2492 4596 2600 4648 τῶν
2663 4593 2754 4648 σὺν
2814 4593 3002 4658 αὐτοῖς
3061 4593 3164 4651 ὑπὸ
3214 4593 3545 4664 ﬁndet-:qu
3575 4602 3754 4659 Βουλ-

2022 4663 2067 4728 Ῑ)
2169 4666 2353 4754 γάρων
2389 4664 2735 4754 Ισφαγέντων,
2790 4663 2878 4720 ἐπὶ
2925 4673 3025 4735 τῆς
3079 4668 3355 4742 βασιλείας
3400 4663 3628 4736 Ᾱὲοντος
3655 4673 3752 4730 τοῦ

2175 4739 2270 4811 ’Δρ
2280 4757 2376 4809 μεν
2386 4739 2488 4792 ίου.

2172 4855 2295 4911 Ἐπὶ
2323 4860 2426 4924 τῆς
2471 4852 2750 4930 βασιλείας
2801 4855 3032 4914 Λέοντος
3083 4858 3178 4913 τοῦ
3227 4860 3539 4936 Ἀρμενίου,
3573 4866 3750 4932 K906-

2101 4964 2202 5017 μος
2249 4945 2278 4998 6
2326 4947 2433 4998 τῶν
2485 4943 2818 5020 Βουλγάρων
2873 4942 3086 5021 ἄρχων,
3143 4947 3277 5020 μετᾶ
3324 4946 3460 5006 λαοῦ
3510 4952 3744 5024 πολλοῦ,

2097 5032 2347 5088 ἀπελθὼν
2393 5032 2470 5095 εἰς
2525 5031 2980 5108 ’Λδριανούπολιν
3034 5042 3136 5105 τῆς
3180 5037 3416 5110 Θρᾴκης,
3456 5041 3744 5115 ἐκράτησεν

2095 5122 2286 5192 αύτῆς,
2317 5122 2470 5195 νόμῳ
2517 5122 2785 5195 πολέμου.
2836 5123 2933 5178 Καὶ
2985 5125 3122 5196 μετὰ
3168 5133 3266 5196 τῆς
3315 5127 3530 5193 πόλεως
3562 5131 3747 5190 ἐπίασι

2095 5213 2181 5268 καὶ
2251 5211 2344 5267 τὸν
2409 5212 2706 5288 ἁγιώτατον
2766 5211 3062 5268 ἰπίσκοπον
3133 5215 3422 5287 Μανουήλ,
3495 5220 3594 5278 Καὶ
3650 5224 3743 5285 τὰς

2096 5306 2288 5377 χεῖρας
2344 5301 2512 5357 αύτοῦ
2570 5301 2854 5376 ἀποκόψας
2931 5301 3038 5358 ἀπὸ
3111 5308 3221 5359 τῶν
3283 5304 3450 5381 ὣμων
3503 5313 3741 5385 πρῶτον

2096 5387 2280 5446 ἔπειτα
2325 5390 2489 5464 μέσον
2543 5391 2677 5462 μετᾶ
2722 5393 2823 5446 τοῦ
2872 5392 3104 5455 σπαθίου
3155 5395 3346 5468 κόψας,
3397 5391 3585 5474 ἕῤῥιψε
3628 5407 3745 5465 τοῖς

2097 5480 2310 5550 θηρίοις
2362 5480 2580 5556 βρῶμα.
2631 5479 2732 5537 Καὶ
2783 5477 2873 5534 διὰ
2918 5481 3015 5549 τήν
3085 5483 3348 5558 ἁμαρτίαν
3411 5487 3738 5562 τυφλωθεὶς,

2098 5568 2336 5640 ἐμισήθη
2405 5571 2552 5641 παρὰ
2614 5573 2711 5624 τοῦ
2773 5567 2976 5624 οἰκείου
3044 5568 3202 5637 λαοῦ,
3270 5573 3358 5628 καὶ
3417 5578 3544 5651 παρ’
3573 5579 3738 5634 αὐτοῦ

2100 5657 2234 5731 μετὰ
2288 5657 2547 5734 σχοινίων
2608 5658 2898 5734 ἀπεπνίγη.
2959 5656 3346 5734 Διαδεξάμενος
3405 5665 3506 5733 τήν
3556 5665 3734 5742 ἀρχὴν

2094 5750 2201 5802 τῶν
2236 5746 2570 5826 Βουλγάρων
2620 5747 2825 5817 Τζόκος
2873 5748 2901 5802 6
2950 5747 3274 5823 ἀθεώτατος,
3305 5755 3569 5831 συνήγαγε
3599 5753 3730 5810 παίν-
