4114 6306
448 375 524 432 27
531 375 567 431 9

1730 370 2161 433 MENOLOGII
2206 372 2414 432 PARS
2457 373 2533 432 ll.

3735 363 3849 444 εει)

450 524 593 577 pore
622 507 875 578 correpti
899 510 1285 570 sunt,annum
1309 507 1515 579 agebat
1535 506 1898 561 tricesimum
1912 505 2094 576 septi-
2123 563 2127 571 ,

2238 505 2465 574 τίθεσαν,
2500 503 2527 557 ὁ
2588 503 2682 575 μὶν
2739 501 2953 564 Παῦλος
3005 497 3451 578 τριακονταεπτά·
3485 494 3594 553 ὁδε
3640 498 3840 552 Παυσί-

448 612 613 651 mum
658 612 672 651 ε
727 595 1025 650 Pausirius
1072 613 1210 650 vero
1270 596 1615 651 vicesimum
1674 594 1973 666 quintum.
2029 594 2104 647 At

446 685 832 753 Theodotion,
862 686 1069 741 relicto
1101 686 1431 740 monastico
1459 685 1748 749 instituto,
1773 682 2103 738 latrociniis

449 793 578 832 sese
610 776 935 831 addixerat.
969 775 1115 830 Cum
1148 793 1283 831 vero
1305 775 1652 847 accepisset,
1676 774 1886 830 fratres
1906 779 2106 829 reten-

451 869 542 920 tos
574 865 776 932 fuisse,
811 865 1049 920 videndi
1101 866 1238 921 illos
1297 865 1593 921 desiderio
1645 864 1850 920 venit:
1901 879 2106 918 verum

454 970 590 1009 cum
622 954 843 1008 videret
877 954 1012 1008 illos
1045 955 1357 1009 tormentis
1387 954 1706 1026 subjectos,
1757 970 1878 1008 non
1927 969 2108 1008 ausus

457 1048 547 1097 est
569 1043 812 1114 propius
829 1043 1132 1110 accedere,
1167 1044 1273 1099 sed
1305 1043 1510 1115 procul
1546 1061 1614 1098 ex
1647 1043 1803 1098 edito
1826 1043 1955 1098 loco
1979 1057 2108 1113 pro-

457 1132 737 1203 spiciens,
771 1148 972 1187 secum
1006 1132 1132 1204 ipse
1164 1133 1478 1204 reputabat
1505 1133 1743 1204 qualem
1775 1132 1988 1187 fratres
2021 1130 2109 1186 sui

456 1220 868 1276 haereditatem
903 1227 1102 1276 essent
1132 1223 1490 1293 percepturi.
1527 1225 1856 1278 Accurrens
1888 1222 2109 1292 itaque,

461 1327 644 1381 seque
675 1309 1075 1365 Christianum
1106 1310 1428 1382 professus,
1449 1311 1794 1383 praefectum
1816 1326 1998 1365 manu
2020 1325 2112 1364 ar-

457 1405 694 1472 reptum
727 1400 797 1455 de
847 1400 1132 1456 tribunali
1185 1400 1419 1472 dejecit.
1477 1401 1872 1466 Quamobrem
1915 1401 2113 1456 statim

457 1489 786 1545 decollatus
811 1489 940 1544 fuit.
976 1490 1193 1545 Paulus
1222 1507 1358 1545 vero
1383 1495 1440 1544 et
1461 1490 1764 1546 Pausirius
1787 1490 1848 1545 in
1872 1489 2115 1545 (luvium

458 1578 736 1650 projecti,
770 1578 1124 1635 occubuere.

1018 1696 1260 1753 EODEM
1301 1697 1554 1752 MENSE.

963 1811 1067 1867 Die
1099 1812 1382 1869 vicesima
1410 1812 1621 1885 quinta

464 1927 618 1982 180
661 1928 1117 1984 Commemoratio
1150 1931 1352 2054 Ts’qnclti
1400 1930 1584 2013 Patris
1633 1930 1815 1986 nostri
1873 1929 2121 2002 Gregorii

1233 2015 1293 2054 eo
1318 2016 1430 2054 om.

1233 2015 1430 2070 eowgi.

539 2116 853 2188 Gregorius
883 2133 1134 2189 magnus
1165 2116 1517 2190 Theologus,
1581 2119 1840 2174 Nazianzi
1872 2120 1934 2174 in
1965 2120 2120 2191 Cap-

467 2204 716 2276 padocia
746 2207 1023 2278 Gregorio
1047 2213 1106 2261 et
1133 2209 1340 2262 Nonna
1369 2212 1565 2274 natus,
1601 2207 1946 2263 Constantio
1973 2209 2122 2263 Con-

469 2294 714 2348 stantini
747 2295 932 2365 Magni
970 2295 1094 2350 ﬁlio
1153 2295 1508 2366 imperatore
1568 2297 1806 2363 claruit,
1864 2298 2124 2367 vixitque

469 2399 657 2453 usque
684 2382 758 2437 ad
779 2383 1088 2438 Theodosii
1124 2385 1309 2456 Magni
1345 2390 1626 2456 tempora.
1656 2387 1763 2450 Qui
1799 2403 1866 2441 ex
1900 2387 2126 2442 revela-

470 2473 630 2526 tione
663 2477 863 2532 natus.
893 2477 952 2526 et
981 2472 1286 2538 educatus,
1321 2473 1653 2528 studiorum
1687 2491 1886 2542 causa,
1935 2477 2124 2530 Cassa-

466 2577 632 2615 ream
681 2561 964 2632 primum,
1024 2561 1236 2616 deinde
1322 2562 1766 2625 Alexandriam,
1826 2571 2126 2635 postremo

469 2652 732 2707 Athenas
763 2652 936 2724 petiit
965 2669 976 2706 :
1007 2652 1560 2727 cumquescientiis
1599 2654 1992 2718 incumberet,
2025 2655 2127 2710 ad-

473 2740 636 2794 venit
664 2746 723 2795 et
752 2756 1001 2809 magnus
1062 2741 1336 2809 Basilius,
1398 2746 1457 2795 et
1515 2742 1690 2797 ambo
1749 2742 1822 2797 ad
1884 2743 2129 2799 virtutes

475 2828 823 2901 litterasque
874 2830 1307 2902 comparandas
1359 2831 1537 2886 simul
1579 2832 1758 2899 enixi,
1813 2839 2018 2904 postea
2067 2834 2129 2888 in

474 2921 729 2992 patriam
762 2920 981 2976 reversi
1017 2925 1174 2975 sunt.
1210 2921 1280 2974 Et
1318 2921 1630 2994 Gregorius
1679 2921 1922 2992 quidem
1968 2923 2128 2978 Sazi-

479 3025 715 3064 morum
749 3009 1063 3080 episc0pus
1095 3009 1287 3065 factus
1319 3015 1446 3064 est:
1489 3010 1706 3065 deinde
1744 3011 2008 3066 Naziauzi
2042 3012 2130 3066 in-

479 3099 875 3170 gravescentis
909 3099 1028 3166 iam
1057 3104 1361 3153 senectute
1392 3099 1576 3170 patris
1609 3116 1826 3154 munus
1872 3106 1994 3155 tum
2028 3100 2129 3156 do-

478 3186 674 3247 cendi,
699 3190 824 3240 tum
849 3186 1149 3258 liturgiam
1171 3186 1510 3241 celebrandi
1535 3187 1796 3242 studiose
1814 3189 2128 3260 supplevit.

479 3276 619 3329 Post
649 3274 776 3328 hinc
806 3273 880 3328 ob
911 3276 1264 3328 Arianorum
1295 3275 1571 3330 hmresim
1605 3276 1944 3348 Byzantium
1993 3295 2128 3349 pro-
2163 3273 2174 3309 ‘-

479 3365 690 3432 fectus,
724 3365 1084 3420 orthodoxos
1125 3366 1502 3421 sermonibus
1532 3368 1923 3436 confirmavit,
1955 3375 2132 3441 atque

482 3455 659 3510 etiam
693 3454 1235 3525 Constantinopolis
1265 3456 1601 3527 patriarcha
1629 3458 2003 3513 renuntiatus
2021 3465 2129 3514 est.

481 3543 595 3601 Sed
623 3544 801 3616 paulo
834 3550 968 3616 post
1015 3561 1150 3599 cum
1199 3544 1462 3616 seipsum
1514 3546 1914 3617 patriarchatu
1963 3549 2132 3604 abdi-

481 3639 691 3693 casset.
725 3633 788 3690 in
816 3633 1016 3690 villam
1050 3649 1218 3690 suam
1250 3650 1313 3690 se
1343 3635 1661 3708 recipiens,
1711 3637 2132 3694 honestissimo

480 3724 602 3781 otio
632 3723 813 3782 vitam
845 3725 1056 3781 ﬁnivit.

1041 3843 1280 3900 EODEM
1320 3843 1570 3900 MENSE.

1006 3959 1110 4015 Die
1143 3959 1424 4016 vicesima
1455 3967 1620 4018 sexta

495 4073 644 4128 181
682 4072 1136 4147 Commemoratio
1162 4075 1451 4142 terrib'h's,
1481 4079 1692 4147 magni,
1722 4084 1774 4133 et
1830 4079 2132 4136 admirabi~

1086 4146 1152 4200 lis
1183 4153 1540 4202 terraemotus.

556 4261 848 4316 Extremis
881 4262 1247 4333 temporibus
1279 4264 1654 4336 imperatoris
1685 4265 1997 4320 Theodosii
2031 4267 2135 4321 Mi-

485 4351 670 4416 noris,
704 4349 939 4406 Arcadii
972 4357 1032 4406 et
1059 4351 1336 4407 Eudoxias
1397 4351 1528 4418 ﬁlii,
1580 4368 1785 4410 mense
1832 4355 2130 4421 Januario,

481 4437 580 4494 die
611 4440 891 4496 vicesima
921 4447 1085 4496 sexta
1115 4441 1361 4514 contigit
1388 4441 1900 4514 Constantinopoli
1943 4443 2134 4498 horri-

482 4528 623 4586 bilis
655 4536 1042 4598 terraamotus,
1076 4530 1271 4602 qualis
1299 4547 1610 4602 nunquam
1641 4531 1879 4587 ahurbe
1899 4532 2139 4588 condita

486 4636 675 4692 usque
702 4619 776 4676 ad
807 4637 935 4676 eam
969 4621 1126 4676 diem
1157 4618 1347 4676 factus
1376 4620 1590 4688 fuerat,
1616 4623 1697 4676 ita
1714 4627 1779 4676 ut
1800 4626 1858 4678 et
1883 4621 2063 4688 muri,
2083 4627 2142 4678 et

487 4711 749 4765 maxima
776 4710 940 4765 urbis
971 4727 1109 4782 pars
1167 4711 1480 4766 corruerit.
1531 4711 1748 4767 Eodem
1798 4717 2141 4767 terrmmotu

486 4815 788 4854 concussae
820 4805 959 4854 sunt
988 4806 1048 4854 et
1076 4799 1206 4856 alias
1233 4801 1498 4856 civitates
1539 4801 1822 4868 Thracia,
1861 4806 1922 4856 et
1949 4802 2140 4857 Mace-

486 4887 703 4948 donian.
739 4893 798 4942 et
825 4889 1148 4961 Bithyniae:
1200 4889 1549 4962 duravitque
1595 4889 1668 4944 ad
1721 4895 1838 4945 tres
1881 4906 2138 4946 menses.

487 4977 678 5042 Quare
708 4977 1074 5034 Theodosius
1129 4979 1454 5050 imperator
1498 4995 1633 5034 cum
1675 4980 2030 5052 patriarcha,
2084 4985 2142 5035 et

490 5067 672 5128 clero,
701 5068 1038 5139 populoque
1065 5067 1848 5134 universo,nudisincedens
1870 5068 2138 5139 pedibus,

491 5160 550 5210 et
577 5155 689 5210 vim
724 5155 1121 5226 lacrymarum
1155 5154 1546 5225 profundens,
1572 5156 2005 5228 supplicatione
2031 5174 2137 5229 pu-

489 5243 646 5299 blica
701 5244 992 5308 instituta,
1049 5243 1124 5298 ad
1184 5243 1366 5297 Deum
1452 5242 1694 5298 aiebat:
1747 5245 1956 5300 Libera
2007 5262 2138 5312 nos,

490 5333 761 5399 Domine,
795 5333 1009 5402 ajusta
1040 5332 1126 5384 ira
1168 5336 1286 5396 tua,
1341 5335 1399 5384 et
1448 5329 1521 5384 ab
1571 5331 1848 5386 omnibus
1904 5332 2140 5388 delictis

491 5422 711 5477 nostris
758 5426 1000 5493 propter
1047 5419 1457 5492 pmnitentiam
1495 5436 1509 5486 ;
1561 5420 1932 5474 commovisti
1979 5423 2138 5477 enim

491 5516 732 5574 terram,
768 5517 826 5564 et
845 5508 1209 5564 conturbasti
1235 5524 1363 5562 eam
1388 5513 1628 5579 propter
1654 5513 1895 5579 peccata
1915 5517 2141 5579 nostra,

491 5598 773 5671 injiciens
805 5599 1079 5654 timorem
1111 5599 1172 5653 in
1203 5596 1480 5653 cordibus
1507 5596 1818 5664 nostris,ut
1845 5597 2140 5670 gloriﬁce-

494 5706 627 5746 mus
657 5695 734 5752 te,
764 5689 865 5761 qui
897 5689 1060 5744 solus
1090 5687 1381 5762 benignus
1417 5704 1478 5743 es
1519 5692 1577 5742 et
1625 5686 1911 5744 clemens.
1963 5689 2130 5744 Exin-

494 5780 568 5835 de
596 5779 774 5853 igitur
814 5785 1187 5835 terraamotus
1231 5778 1408 5850 hujus
1452 5777 1740 5834 memoria
1787 5777 2138 5835 celebratur.

2205 610 2326 665 ριος
2363 590 2716 646 εἰκοσιπέντε.
2780 591 2842 648 Ὀ
2895 588 2954 646 δὲ
3011 587 3322 646 Θεοδοτίων
3378 583 3697 644 καταλιπὼν
3753 584 3851 652 τὴν

2210 681 2520 754 μοναχικήν
2596 679 2942 750 κατάστασιν,
3032 679 3240 755 ἐγένετο
3327 676 3556 752 λῃστής.
3617 675 3714 729 Καὶ
3771 672 3860 728 ὅτε

2205 770 2458 839 ἤκουσεν,
2491 768 2574 824 δτι
2613 769 2984 844 ἐκρατήθησαν
3045 769 3098 823 οἱ
3159 765 3389 844 ἀδελφοὶ
3451 764 3642 835 αὑτοῦ,
3694 761 3860 829 ἦλθεν

2208 856 2342 917 ἰδεῖν
2375 859 2593 921 αὐτούς.
2628 859 2730 916 Καὶ
2764 857 2894 914 ίδὼν
2947 857 3143 920 αὐτοὺς
3197 857 3672 932 βασανιζομένους,
3720 851 3867 922 πλη-

2211 949 2388 1004 σιάσαι
2425 951 2519 1022 μὲν
2553 950 2655 1004 οὐκ
2683 947 3010 1022 ἐτόλμησεν·
3047 947 3122 1010 εἷς
3160 948 3331 1002 τόπον
3365 943 3423 1000 δὲ
3477 943 3688 1019 ὑψηλὸν
3741 943 3868 996 ἀναο

2213 1033 2334 1108 ϐὰς,
2365 1040 2454 1093 καὶ
2487 1040 2730 1114 θεωρῶν,
2764 1036 3042 1114 ἐλογίζετο
3073 1038 3194 1100 καθ’
3225 1035 3435 1100 ἑαυτὸν,
3466 1035 3550 1088 ὅτι
3606 1036 3869 1100 Ποταπῆς

2215 1126 2518 1202 ἐπιτύχωσι
2549 1125 2928 1202 κληρονομίας
2962 1127 3014 1181 οἱ
3046 1123 3276 1204 αδελφοί
3307 1145 3432 1197 μου·
3479 1121 3570 1177 καὶ
3621 1119 3870 1197 δραμὼν,

2216 1213 2575 1291 ὡμολόγησεν
2635 1215 2821 1270 ἑαυτὸν
2879 1213 3224 1290 Χριστιανόν.
3286 1213 3386 1270 Καὶ
3445 1211 3720 1284 κρατήσας
3780 1208 3872 1262 τὸν

2216 1302 2472 1380 ἄρχοντα,
2507 1298 2722 1381 ἕρῥιψεν
2754 1303 2858 1358 άπὸ
2900 1307 2997 1358 τοῦ
3055 1302 3271 1378 θρόνου·
3334 1300 3423 1356 καὶ
3483 1295 3680 1359 εὐθέως
3737 1297 3872 1351 ἀπε-

2215 1391 2538 1471 κεφαλίσθη.
2575 1392 2788 1456 ΙΙαῦλος
2824 1390 2882 1448 δὲ
2919 1392 3007 1447 καὶ
3067 1390 3358 1466 Παυσίριος
3409 1388 3652 1466 ῥιφέντες
3695 1385 3747 1441 ἐν
3795 1389 3876 1457 τῷ

2219 1486 2470 1554 ποταμῷ,
2503 1480 2920 1552 ἐτελειώθησαν.

2777 1695 2950 1746 MHNI
2989 1693 3077 1748 ΤΩ
3115 1690 3314 1748 ΑΥΤΩ.

2996 1803 3106 1861 KE'

2236 1933 2446 2004 Μνήμη
2497 1935 2596 1986 τοῦ
2681 1930 2734 1986 ἰν
2793 1928 2973 2006 ἁγίοις
3056 1930 3265 2006 ῌατρὸς
3332 1931 3492 2003 ἡμῶν
3573 1927 3885 2004 Γρηγορίου

2832 2000 2930 2058 τοῦ
2961 2000 3260 2077 Θεολόγου.

2303 2120 2609 2196 Γρηγόριος
2677 2119 2706 2174 6
2769 2118 2932 2194 μέγας
2992 2115 3285 2192 Θεολόγος,
3361 2114 3569 2192 ἐγένετο
3621 2114 3730 2170 ἀπὸ
3791 2119 3895 2182 τῆς

2235 2205 2424 2283 χώρας
2455 2203 2866 2274 Καππαδοκίας,
2921 2205 3140 2270 πόλεως
3197 2207 3518 2276 Ναζιανζοῦ,
3573 2205 3690 2267 υἱὸς
3748 2210 3896 2280 Γρῃο

2233 2297 2425 2372 γορίου
2453 2297 2540 2352 καὶ
2587 2297 2814 2366 Νόννας,
2873 2296 2957 2351 ἐπὶ
3026 2301 3125 2364 τῆς
3183 2293 3458 2370 βασιλείας
3509 2293 3899 2350 Κωνσταντίου

2235 2386 2356 2440 υἱοῦ
2388 2383 2796 2442 Κωνσταντίνου
2847 2388 2948 2438 τοῦ
3001 2382 3281 2459 Μεγάλου·
3342 2385 3432 2438 καὶ
3491 2381 3743 2458 διήρκεσε
3806 2384 3900 2457 μέ-

2237 2495 2335 2551 χρι
2358 2482 2459 2544 τῆς
2491 2473 2774 2550 βὴσιλείας
2803 2471 3096 2530 Θεοδοσίου
3125 2477 3227 2528 τοῦ
3269 2471 3553 2549 Μεγάλου.
3606 2473 3896 2542 Γεννηθεὶς

2238 2562 2294 2619 δὲ
2327 2563 2377 2635 ἐξ
2411 2562 2830 2636 ἀποκαλύψεως,
2860 2562 2950 2618 καὶ
3009 2562 3354 2638 ἀνατραφεὶς,
3415 2560 3504 2617 διὰ
3548 2563 3896 2636 μαθημάτων

2239 2653 2550 2726 ἐπιθυμίαν,
2635 2650 2960 2728 παρεγένετο
3030 2653 3108 2716 είς
3191 2653 3531 2729 Καισάρειαν
3617 2651 3731 2706 εἶτα
3818 2651 3895 2714 εἷς

2240 2740 2674 2818 ’Λλεξάνδρειαψ
2737 2745 2853 2797 εἶτα
2905 2740 2985 2801 εἷς
3050 2743 3302 2812 Ἀθήνας’
3390 2738 3776 2805 Μανθάνοντος
3840 2738 3898 2796 δὲ

2239 2832 2423 2900 αὐτοῦ,
2482 2837 2806 2908 παρεγένετο
2861 2831 2950 2886 καὶ
2986 2831 3014 2886 6
3065 2828 3226 2907 μέγας
3284 2828 3595 2899 Βασίλειος,
3654 2830 3742 2884 καὶ
3806 2852 3897 2885 συ-

2239 2923 2612 2997 νηγωνίζοντο
2671 2921 2972 2998 ἀμφότεροι
3035 2920 3113 2982 εἷς
3166 2919 3359 2994 ἀρετήν
3414 2918 3504 2973 καὶ
3563 2921 3895 2993 μαθήματα.

2239 3013 2374 3069 Εἶτα
2407 3011 2737 3085 ὑπέστρεψαν
2793 3011 2868 3073 εἰς
2924 3013 3022 3080 τήν
3077 3009 3280 3065 οἶκείαν
3336 3005 3589 3081 πατρίδα,
3649 3008 3736 3063 καὶ
3804 3010 3899 3084 γέ-

2241 3123 2396 3178 γονεν
2443 3101 2737 3165 ἐπίσκοπος
2795 3099 3070 3173 Σαζίμων.
3134 3100 3262 3156 Εἶτα
3307 3102 3405 3153 τοῦ
3460 3097 3664 3173 πατρὸς
3724 3096 3896 3153 αὐτοῦ

2242 3192 2600 3268 γηράσαντος,
2635 3187 2908 3246 ἐδίδασκεν
2966 3190 3078 3244 ἀντ’
3135 3187 3361 3257 ἐκείνου,
3405 3186 3497 3242 καὶ
3554 3185 3898 3262 ἐλειτούργει

2243 3281 2321 3343 εἰς
2354 3279 2674 3350 Ναζιανζόν.
2707 3279 2812 3336 Καὶ
2845 3276 2935 3333 διὰ
2986 3279 3086 3349 τὴν
3145 3283 3252 3332 τῶν
3311 3279 3602 3351 ’Λρειανῶν
3661 3273 3898 3348 αἵρεσιν,

2239 3369 2488 3440 εἷσῆλθεν
2521 3370 2596 3432 είς
2625 3370 2688 3425 τὸ
2744 3369 3054 3438 Βυζάντιον·
3114 3368 3204 3422 καὶ
3242 3367 3484 3442 ἐστήριξε
3528 3365 3661 3428 τοὺς
3719 3365 3896 3440 ὀρθο-

2239 3456 2427 3533 δόξους
2459 3456 2548 3513 δια
2575 3458 2775 3531 λόγων,
2814 3457 2907 3512 καὶ
2958 3457 3149 3532 γέγονε
3204 3457 3552 3532 πατριάρχης
3601 3457 3899 3513 Κωνσταν-

2235 3546 2626 3609 τινουπόλεως.
2661 3546 2789 3602 Εἶτα
2843 3545 3342 3621 παραιτησάμενος,
3403 3542 3674 3618 ἡσύχαζεν
3722 3540 3783 3598 ἒν
3824 3547 3899 3614 τῷ

2240 3636 2362 3711 ἰδίῳ
2392 3641 2654 3712 κτήματι,
2685 3638 2778 3693 καὶ
2808 3635 3121 3705 ἐτελειώθη.

2794 3827 2970 3884 ΜΗΝῙ
3008 3827 3094 3882 ΤΩ
3131 3825 3333 3882 ΑΥΤΩ.

3005 3946 3104 4010 Κζ*

2237 4061 2304 4119 Ἥ
2355 4060 2652 4135 ἀνάμνησις
2707 4061 2814 4113 τῶν
2851 4057 3016 4135 ,ιρόων
3095 4059 3198 4110 τοῦ
3239 4053 3502 4135 *μεγάλου
3559 4054 3649 4109 καὶ
3708 4074 3894 4131 παρα-

2847 4126 3007 4200 δόξου
3040 4131 3289 4201 σεισμοῦ.

2313 4250 2408 4313 Εἷς
2441 4251 2506 4306 τὰ
2536 4247 2822 4306 τελευταῖα
2874 4250 2974 4316 τῆς
3030 4245 3308 4323 βασιλείας
3351 4249 3448 4300 τοῦ
3499 4247 3714 4320 Μικροῦ
3771 4251 3910 4302 Θεο-

2243 4338 2430 4396 δοσίου
2462 4341 2582 4395 υἱοῦ
2624 4337 2916 4414 ’Δρκαδίου
2971 4338 3063 4392 καὶ
3122 4334 3404 4409 Εὗδοξίας,
3463 4335 3597 4409 μηνὶ
3653 4339 3903 4392 Ἰανουα-

2243 4431 2368 4504 ρίῳ,
2428 4427 2601 4484 είκαδι
2679 4427 2831 4499 ἕκτη,
2892 4425 3096 4504 ἐγένετο
3183 4426 3234 4480 ἐν
3323 4425 3900 4483 Κωνσταντινουπόλει

2244 4517 2468 4588 σεισμὸς
2501 4511 2757 4594 φοϐερὸς,
2810 4515 2924 4576 οἶος
2979 4513 3083 4569 οὐκ
3139 4511 3352 4587 ἐγένετο
3408 4511 3499 4590 ἀφ’
3559 4512 3622 4567 οὗ
3680 4511 3900 4583 ἰκτίσθη

2244 4609 2278 4677 ἡ
2314 4606 2477 4668 πόλις
2511 4608 2679 4682 μέχρι
2707 4605 2850 4676 τότε,
2892 4605 3031 4661 ὥστε
3085 4604 3174 4658 καὶ
3227 4604 3294 4658 τὰ
3337 4602 3501 4678 τείχη
3559 4610 3901 4672 καταπεσεῖν,

2241 4697 2332 4750 καὶ
2385 4697 2448 4750 τὸ
2502 4695 2758 4751 πλεῖστον
2823 4693 2985 4767 μέρος
3039 4699 3139 4760 τῆς
3219 4690 3456 4754 πόλεως.
3515 4692 3574 4749 Ὀ
3622 4690 3782 4753 αὐτὸς
3842 4689 3902 4746 δὶ

2248 4785 2469 4857 σεισμὸς
2501 4783 2590 4838 καὶ
2621 4781 2794 4845 ἄλλας
2818 4783 3009 4842 πόλεις
3058 4787 3157 4850 τῆς
3207 4779 3446 4856 Θρᾴκης,
3493 4781 3583 4835 καὶ
3637 4787 3739 4850 τῆς
3770 4788 3898 4837 Μα-

2246 4873 2512 4944 κεδονίας,
2569 4874 2662 4928 κάὶ
2712 4880 2815 4942 τῆς
2903 4871 3150 4932 Βιθυνίας
3226 4870 3569 4946 κατέστρεψε,
3628 4871 3718 4924 καὶ
3777 4870 3899 4926 ἐπε-

2245 4964 2481 5039 κράτησε
2511 4969 2688 5036 μῆνας
2714 4967 2883 5038 τρεῖς.
2915 4962 3017 5016 Διά
3046 4963 3207 5015 τοῦτο
3239 4960 3266 5014 6
3303 4958 3556 5034 βασιλεὺς
3587 4957 3900 5029 Θεοδόσιος,

2251 5053 2388 5126 μετὰ
2435 5057 2532 5108 τοῦ
2588 5053 2962 5127 Πατριάρχου,
3018 5049 3109 5104 καὶ
3163 5053 3260 5103 τοῦ
3337 5048 3578 5122 κλήρου,
3635 5048 3725 5103 καὶ
3803 5047 3904 5104 τοῦ

2247 5139 2385 5196 λαοῦ
2430 5143 2649 5210 παντὸς,
2713 5137 3044 5200 ἀνυπὸδετυς
3107 5137 3241 5210 μετᾶ
3299 5133 3545 5213 δακρύων
3605 5135 3904 5192 λιτανεόων

2246 5231 2382 5307 πρὸς
2439 5232 2530 5286 τὸν
2590 5231 2742 5301 Θεὸν,
2829 5227 3006 5305 ἔλεγεο
3065 5228 3254 5285 Ῥὗσαι
3313 5228 3486 5298 ἡμᾶς,
3545 5226 3728 5301 Κύριε,
3796 5233 3903 5296 τῆς

2249 5319 2460 5383 δικαίας
2492 5342 2588 5376 σου
2635 5322 2832 5396 ὀργῆς,
2889 5319 2980 5374 καὶ
3037 5321 3144 5372 τῶν
3203 5317 3660 5392 παραπτωμάτων
3715 5319 3900 5387 ἡμῶν,

2249 5407 2338 5465 διὰ
2392 5417 2494 5479 τῆς
2557 5408 2860 5482 μετανοίας·
2947 5405 3241 5468 ἐσάλευσας
3315 5405 3417 5479 γὰρ
3473 5407 3572 5474 τήν
3627 5408 3750 5479 γῆν,
3808 5403 3905 5458 καὶ

2250 5499 2610 5574 συνετάραξας
2667 5497 2756 5554 διὰ
2808 5497 2906 5559 τὰς
2991 5494 3260 5568 ἁμαρτίας
3337 5496 3522 5566 ἡμῶνο
3608 5489 3908 5567 ἐμϐάλλων

2250 5583 2417 5664 φόϐον
2452 5587 2530 5652 εἰς
2587 5588 2680 5649 τὰς
2733 5583 2958 5661 καρδίας
3013 5587 3196 5658 ἡμῶν,
3255 5587 3353 5638 τοῦ
3411 5579 3652 5652 δοξάζειν
3700 5602 3755 5636 σε
3811 5581 3906 5636 τὸν

2255 5677 2418 5752 μόνον
2451 5677 2651 5754 ἀγαθὸν
2711 5676 2801 5732 καὶ
2860 5674 3270 5754 φιλάνθρωπον·
3332 5692 3516 5728 εκτοτε
3571 5670 3664 5727 οὖν
3714 5669 3909 5744 ἑορτά-

2252 5771 2396 5835 ζεται
2423 5768 2457 5835 ἡ
2487 5764 2713 5835 τοιαύτη
2745 5764 3068 5837 ἀνάμνησις.
