4114 6306
287 324 382 384 281

840 463 919 534 τῇ
962 459 1097 534 αιδτῇ
1142 461 1342 537 ἡμέρᾳ·

286 559 476 632 Μνήμη
545 557 862 632 τοῦλόσίου
924 563 1281 632 Ξενοφῶντος
1365 560 1456 616 καὶ
1521 552 1924 632 τῆςᾎσυμὸίου

347 625 528 700 αὖτόῇ
605 629 694 684 καὶ
768 635 876 685 τῶν
949 625 1150 686 τέκνων
1223 632 1392 688 αὐτοῦ
1468 625 1770 707 Ἀρκαδίοό
1832 629 1922 684 καὶ

349 702 622 760 Ἰωάννου,

345 821 605 892 Ξενοφῶν
636 818 664 873 ὁ
696 815 752 872 ἐν
785 817 962 892 ἁγίοις
994 820 1180 893 Πατὴρ
1238 822 1399 893 ἡμῶν
1459 819 1526 887 ἤν
1558 818 1922 894 συγκλητικὸς

284 905 330 962 ἐν
400 904 999 972 Κωνσταντινουπόλει,
1059 905 1318 978 θεοσεϐὴς
1375 909 1464 964 καὶ
1523 909 1776 980 ἐλεήμων
1833 909 1919 963 καὶ

281 991 498 1064 δίκαιος,
529 995 623 1050 καὶ
655 1002 828 1050 πᾶσαν
871 998 1066 1071 ἀρετήν
1122 994 1288 1072 ἔχων.
1341 1001 1440 1054 Ἦν
1487 996 1544 1053 δέ
1589 999 1676 1052 καὶ
1709 993 1922 1070 ἔνδοξος

275 1084 652 1148 καὶπλοῦσιος
707 1083 936 1162 σφόδρα,
991 1089 1247 1162 γεννήσας
1301 1085 1358 1142 δὲ
1407 1085 1502 1142 δύο
1559 1084 1754 1148 παῖδας
1791 1087 1920 1162 Ἀρ-

273 1172 443 1229 κάδιον
499 1175 592 1229 καὶ
655 1175 932 1244 Ἰωάννην,
993 1175 1081 1230 καὶ
1141 1179 1442 1250 ἀναθρέψας
1489 1175 1684 1236 αὐτοὺς
1711 1175 1762 1230 ἐν
1796 1197 1920 1229 παι-

273 1259 375 1334 δείᾳ
426 1261 517 1317 καὶ
579 1262 833 1334 νουθεσίᾳ
889 1264 1111 1338 Κυρίου,
1171 1264 1484 1320 ἀπέστειλεν
1546 1263 1624 1326 εἷς
1677 1263 1918 1337 Βηρυτὸν

271 1353 356 1420 τήν
409 1350 602 1421 πόλιν,
655 1347 746 1405 ’ἰνα
806 1352 1014 1424 μάθωσι
1066 1351 1193 1414 τοὺς
1254 1355 1480 1422 νόμους.
1534 1353 1666 1428 Εἶχε
1695 1353 1796 1426 γὰρ
1825 1353 1921 1406 τό-

271 1441 640 1512 τεήτοιαῦτη
673 1440 840 1503 πόλις
893 1441 1167 1496 παντοίων
1230 1443 1568 1514 μαθημάτων
1628 1436 1920 1516 βιϐλιοθή-

271 1550 377 1590 κας.
437 1530 591 1588 Ἐπεὶ
655 1527 713 1585 δέ
768 1529 906 1584 κατὰ
975 1527 1246 1593 θάλασσαν
1307 1529 1640 1606 ἐναυάγησαν
1700 1530 1752 1583 οἱ
1810 1527 1920 1584 υἱοὶ

276 1619 444 1688 αὐτοῦ,
479 1619 674 1692 μαθὼν
729 1619 892 1674 τοῦτο
942 1619 1088 1692 παρά
1142 1638 1290 1680 τινος
1343 1622 1450 1672 τῶν
1481 1615 1695 1673 δούλων
1728 1618 1919 1686 αὐτοῦ,

275 1704 449 1777 ἐξῆλθε
479 1706 623 1779 μετᾶ
649 1712 751 1776 τῆς
798 1706 1050 1782 γυναικὸς
1097 1704 1262 1761 αὐτοῦ
1315 1705 1390 1768 είς
1439 1706 1540 1774 τήν
1588 1703 1761 1759 αὐτῶν
1790 1705 1919 1759 ἀνα-

1741 323 2210 390 JANUARIUS.

1949 464 2004 530 Α

3565 334 3682 392 982

2673 458 2891 514 Eodem
2952 459 3047 515 dte

2028 556 2182 612 138
2218 555 2666 634 Commemoratio
2711 559 2894 612 sancti
2921 559 3316 634 Xenophontis,
3347 569 3402 616 et
3429 565 3682 634 conjugis

2269 630 2408 697 ejus,
2461 645 2525 683 ac
2553 630 2795 696 ﬁliorum
2822 633 3054 686 Arcadii
3085 638 3138 685 et
3192 634 3442 689 Joannis.

2099 808 2346 863 Sanctus
2379 813 2546 879 pater
2590 814 2795 864 noster
2843 811 3194 882 Xenophon,
3255 812 3342 866 vir
3399 815 3680 870 senatorii

2027 897 2255 952 ordinis
2287 898 2820 968 Constantinopoli.
2875 900 3029 971 pius,
3064 900 3123 955 in
3182 918 3474 972 pauperes
3507 903 3680 958 beni-

2027 1003 2199 1058 gnus.
2231 988 2453 1055 justus,
2511 987 2906 1058 omnibusque
2965 989 3278 1046 virtutibus
3336 1000 3678 1060 exornatus,

2027 1075 2335 1146 gloriaque
2368 1092 2436 1130 ac
2457 1075 2674 1129 divitiis
2701 1077 3019 1141 excellens,
3054 1078 3202 1133 duos
3236 1082 3497 1152 suscepit
3528 1083 3680 1137 ﬁlios

2026 1165 2344 1220 Arcadium
2377 1167 2758 1233 etJoannem,
2785 1184 2938 1238 quos
2967 1169 3139 1224 bonis
3169 1170 3432 1226 moribus
3463 1172 3680 1227 educa-

2028 1257 2138 1314 tos.
2175 1270 2241 1308 ac
2265 1254 2477 1308 timore
2509 1255 2741 1310 Domini
2770 1256 3050 1324 imbutos,
3077 1258 3134 1312 in
3165 1258 3371 1313 urbem
3402 1260 3678 1332 Berytum

2025 1344 2210 1411 misit,
2242 1349 2309 1399 ut
2332 1344 2454 1415 juri
2513 1362 2753 1416 operam
2816 1347 3065 1402 darent:
3120 1355 3291 1404 erant
3347 1352 3507 1406 enim
3540 1357 3679 1407 tunc

2027 1434 2311 1502 temporis
2341 1434 2403 1488 in
2436 1450 2506 1488 ea
2548 1434 2693 1490 urbe
2747 1436 3128 1491 scientiarum
3161 1440 3430 1494 omnium
3463 1441 3676 1497 biblio-

2026 1522 2231 1576 thecas.
2266 1523 2482 1578 Verum
2515 1539 2650 1578 cum
2682 1524 2789 1579 ﬁlii
2813 1525 3185 1599 naufragium
3205 1529 3363 1599 passi
3393 1529 3667 1599 fuissent,

2025 1610 2204 1681 idque
2236 1616 2404 1682 pater
2435 1628 2505 1666 ex
2537 1613 2795 1684 quodam
2853 1631 3017 1670 servo
3075 1618 3462 1687 cognovisset,
3497 1621 3674 1691 ccepit

2025 1717 2160 1756 cum
2195 1718 2376 1758 uxore
2409 1707 2595 1758 terras
2625 1721 2833 1761 omnes
2865 1705 3050 1773 obire,
3083 1712 3150 1761 ut
3178 1723 3278 1763 eos
3332 1709 3628 1765 inveniret
3663 1728 3676 1764 :

274 1798 502 1866 ζήτησιν.
538 1795 649 1854 Καὶ
697 1796 867 1870 εὑρὼν
927 1793 1123 1857 αὐτοὺς
1182 1794 1236 1850 ἐν
1285 1793 1694 1870 Ἱεροσολύμοις
1727 1793 1787 1848 ἐκ
1814 1800 1909 1862 τῆς

2027 1806 2176 1860 quos
2207 1807 2342 1845 cum
2375 1791 2799 1863 Hierosolymis
2831 1795 3150 1865 reperisset
3179 1813 3210 1852 e
3251 1798 3399 1851 mari
3431 1798 3675 1869 ejectos,

273 1885 530 1954 θαλάσσης
583 1881 1003 1959 ἐκϐρασθέντας,
1075 1883 1168 1939 καὶ
1232 1882 1511 1960 μοναχοὺς
1566 1881 1914 1959 γενομὲνους,

269 1974 344 2027 καὶ
400 1973 807 2049 ἇναγνωρίσας,
866 1970 1090 2043 ἐνεδόθη
1151 1974 1240 2028 καὶ
1313 1972 1494 2041 αὐτὸς,
1535 1973 1625 2028 καὶ
1684 1974 1720 2041 ἡ
1776 1971 1914 2048 γυνὴ

269 2061 414 2116 toto?)
467 2062 533 2117 τὸ
648 2060 946 2136 μοναχικὸν
1023 2066 1237 2136 σχῆμα.
1315 2059 1418 2118 Καὶ
1495 2058 1582 2114 ἐπὶ
1655 2062 1912 2114 τοσοῦτον

268 2149 552 2224 προέκοψαν
624 2150 704 2212 εἰς
763 2150 986 2224 ἀρετὴν,
1067 2149 1142 2210 ὡς
1224 2150 1314 2204 καὶ
1373 2150 1620 2222 θαύματα
1675 2148 1910 2203 ἐκτελεῖν

269 2240 676 2309 καταξιωθῆναι·
739 2238 829 2293 καὶ
888 2236 1063 2299 οὕτως
1135 2235 1529 2304 ἐτελειώθήσαν
1591 2236 1644 2292 ἐν
1703 2236 1912 2309 Κυρίῳ,

276 2328 392 2398 μετὰ
418 2332 522 2384 τῶν
555 2329 697 2383 υἱῶν
726 2327 922 2382 αὐτῶν.

791 2427 971 2484 ΜΗΝΙ
1027 2428 1119 2484 TD
1183 2427 1376 2481 ΑΠΩ.

1030 2541 1146 2598 ΚΖ’.

285 2629 521 2706 ’Δθλησις
625 2635 768 2706 τῶν-
841 2631 1004 2706 ἁγίων
1052 2629 1373 2706 *μαρτύρων
1449 2630 1735 2706 Ἀνανίου·
1777 2634 1911 2706 [Ips-

349 2699 609 2779 ᾦυτὲρου,
702 2699 932 2777 Πέτρου,
1013 2699 1477 2774 κλειδοοόλακος,
1554 2701 1643 2756 καὶ
1718 2699 1913 2776 ἐτέρων

351 2774 463 2829 tuti
485 2774 838 2851 στρατιωτῶν
856 2818 868 2834 .

358 2875 486 2932 Οὗτοι
551 2879 820 2952 ὑπῆρχον
879 2875 967 2930 ἐπὶ
1027 2873 1426 2945 Διοκλητιανοῦ
1479 2872 1770 2949 βασιλέως,
1822 2871 1913 2927 καὶ

296 2963 506 3037 Μαξίμου
592 2966 899 3040 ἡγεμόνος.
986 2967 1163 3020 Ὧτινι
1243 2963 1474 3036 Μαξίμῳ
1551 2961 1825 3036 παραστὰς
1884 2962 1911 3015 ὁ

289 3052 411 3126 ἅγιος
461 3055 734 3125 Ἀνανίας,
795 3052 1159 3128 ὡμολόγησεν
1218 3054 1406 3109 ἐαυτὸν
1458 3051 1780 3126 Χριστιανὸν
1838 3049 1910 3104 εῖ-

280 3163 368 3213 νιι,
404 3145 485 3198 καὶ
537 3144 904 3213 πηλιτεοόσας
959 3145 1025 3198 τὰ
1076 3141 1300 3212 εἴδωλα,
1357 3139 1597 3205 ἐκδοθεὶς
1652 3139 1906 3195 τύπτεται

280 3227 490 3306 ἰσχυρῶς
525 3233 668 3304 μετᾶ
724 3227 981 3307 ῥαϐδίων·
1041 3231 1130 3286 καὶ
1186 3233 1252 3286 τὰ
1307 3230 1416 3304 ψῦα
1453 3229 1624 3300 ξὲεται
1653 3226 1743 3283 διὰ
1781 3249 1908 3283 σου-

278 3313 425 3374 ϐλίων
480 3323 870 3396 πυρωθέντων,
927 3321 1014 3375 καὶ
1071 3320 1205 3393 μετὰ
1255 3315 1410 3390 ὄξους
1440 3319 1530 3374 καὶ
1562 3317 1784 3386 ἅλατος,
1817 3319 1906 3372 καὶ

276 3410 525 3485 τρυχὶνων
611 3409 937 3484 ὑφασμάτων
1011 3403 1411 3482 κατατρίὸεται.
1470 3407 1608 3466 Εἶτα
1661 3405 1910 3482 προσηύ-

279 3497 407 3568 ξατο,
434 3503 522 3556 καὶ
555 3497 744 3556 ἔπεσεν
779 3502 808 3554 ὁ
835 3501 961 3564 ναὸς
987 3499 1078 3554 καὶ
1109 3499 1175 3554 τὰ
1215 3497 1439 3557 εἴδωλα.
1473 3500 1604 3555 Εἶτα
1634 3492 1903 3567 ἐνεϐλήθη

279 3588 344 3650 εἷς
374 3589 646 3668 φυλακὴν,
699 3591 790 3644 καὶ
848 3587 1113 3662 διέμεινεν
1168 3589 1401 3664 ἄτροφος
1458 3587 1546 3642 ἐπὶ
1601 3585 1738 3642 ἐπτᾶ.
1765 3587 1909 3658 ἡμέ-

275 3695 398 3748 ραις·
455 3680 544 3735 καὶ
605 3678 856 3757 ἐτρέφετο
913 3679 1061 3754 παρᾶ
1113 3681 1352 3750 Χριστοῦ
1401 3679 1584 3754 τροφῇ
1641 3674 1904 3748 οὐρανίῳ.

274 3763 360 3820 Καὶ
408 3769 570 3820 τοῦτο
633 3761 762 3818 ἰδὼν
819 3763 1018 3840 ῐιέτρος
1077 3764 1106 3818 ὁ
1161 3760 1524 3840 κλειδοφόλαξ
1582 3762 1908 3836 προσέπεσεν

273 3852 426 3923 αὐτῷ,
457 3855 545 3908 καὶ
579 3847 901 3923 ἐϐαπτισθη.
953 3850 1340 3928 Δισδεχθέντος
1374 3849 1432 3906 δέ
1478 3855 1574 3906 τοῦ
1605 3851 1905 3925 ἡγεμόνος,

269 3939 417 4009 ἦλθεν
488 3939 677 4018 ’ἕτερος
778 3943 1001 4017 ἡγεμὼν
1110 3945 1411 4014 Μαξιμῖνος
1488 3939 1738 4012 ὀνόματι,
1813 3939 1904 3993 καὶ

271 4024 541 4100 ὶόἑσμησεν
605 4029 690 4083 ἐπὶ
746 4033 956 4104 τροχοῦ
1037 4028 1164 4093 τοὺς
1247 4027 1459 4102 ἁγίους·
1522 4030 1638 4082 εἶτα
1713 4025 1901 4096 ἔθηκεν

269 4113 343 4170 ἐπὶ
395 4116 646 4195 ἐσχάρας·
707 4117 836 4174 ἀλλ’
893 4119 1205 4194 ἐψυχράνθη
1239 4120 1301 4173 τὸ
1331 4117 1459 4186 πῦρ·
1492 4119 1582 4173 καὶ
1616 4116 1822 4180 ἲδόντες
1852 4117 1904 4170 οἱ

269 4214 626 4281 τιμωροῦντες
677 4207 873 4270 αὐτοὺς
945 4208 1079 4263 ἐτττᾶ
1161 4213 1509 4284 στρατιῶται,
1566 4205 1901 4262 ἐπίστευσαν·

270 4296 346 4350 καὶ
374 4295 462 4351 σὺν
495 4299 683 4360 αὐτοῖς
740 4297 791 4352 ἐν
849 4301 918 4371 τῇ
977 4296 1220 4372 θαλάσσῃ
1279 4298 1384 4354 ὑπὸ
1429 4301 1538 4353 τῶν
1569 4295 1789 4370 δημίων
1820 4299 1904 4372 ῥι-

273 4385 454 4460 φέπες,
485 4386 881 4456 ἐτελειώθησαν
892 4429 904 4443 .

841 4497 922 4568 τῇ
954 4493 1088 4567 αὐτῇ
1123 4493 1310 4568 ἡμέρᾳ

269 4608 320 4665 Ἡ
368 4609 672 4688 ἀνακομιδή
721 4615 819 4688 τοῦ
852 4609 1128 4688 ,λειψάνου
1185 4614 1283 4688 τοῦ
1339 4609 1392 4666 ἐν
1451 4609 1631 4688 ᾇγίοις
1693 4612 1904 4688 Πατρὸς

532 4682 696 4756 ἡμῶν
743 4682 994 4739 Ἰωάννου
1048 4686 1146 4737 τοῦ
1194 4682 1615 4756 Χρυσοστόμου.

1076 4799 1330 4870 Ἰωάννης
1417 4801 1445 4855 ὁ
1507 4796 1896 4874 Χρυσόστομος

1547 4889 1685 4944 ὅπου
1736 4893 1898 4946 κατά-

331 4800 649 4874 Ἐξορισθεὶς
731 4801 759 4855 ὁ
841 4801 994 4874 ἅγιος

276 4885 494 4956 ἀπῆλθεν
553 4891 632 4952 είς
690 4890 928 4962 Κώμανα
1001 4897 1100 4959 τῆς
1156 4888 1467 4963 Ἀρμενίας,

275 4996 424 5035 κειται
453 4983 516 5037 τὸ
573 4980 829 5054 λειψανον
886 4984 982 5035 τοῦ
1035 4979 1189 5056 ἁγίου
1249 4977 1599 5050 Βασιλίσκου,
1632 4980 1780 5043 ὅστις
1811 4980 1900 5036 καὶ

276 5065 422 5143 ἐφάνη
451 5073 598 5144 αὗτῷ
631 5071 834 5147 λάγων·
884 5071 974 5139 Μὴ
1024 5066 1220 5148 φοϐοῦ,
1267 5067 1467 5148 ἀδελφὲ
1516 5069 1764 5140 Ἰωάννη·
1796 5069 1899 5126 αὕ-

277 5176 375 5228 ριον
403 5163 501 5236 γαρ
533 5163 643 5234 ἅμα
674 5160 924 5233 ἐσόμεθα·
967 5159 1132 5238 ἐφάνη
1195 5157 1251 5214 8‘s
1307 5158 1394 5214 καὶ
1453 5164 1532 5231 τῷ
1582 5180 1901 5234 προσμονα-

276 5249 361 5322 ρίῳ
412 5250 606 5326 λέγων.
671 5252 1000 5326 Εὖτρέπισον
1074 5251 1242 5305 τόπον
1312 5254 1394 5322 τῷ
1454 5249 1898 5324 μεγαλομᾶρτυρι

275 5336 494 5414 Ἰωάννῃ·
550 5339 769 5417 ἔρχεται
825 5341 950 5414 γὰρ.
1009 5338 1275 5410 Ἀλλάξας
1335 5336 1426 5393 οὖν
1487 5339 1686 5408 λευκήν
1762 5359 1894 5392 στο-

274 5424 361 5494 λὴν
387 5430 473 5484 καὶ
531 5429 946 5506 λειτουργήσας,
1003 5429 1093 5483 καὶ
1151 5427 1316 5483 εἰπὼν
1370 5428 1434 5484 τὸ
1492 5427 1666 5504 ῥῆμα,
1698 5427 1726 5482 ὃ
1758 5430 1896 5482 πάν-

275 5535 378 5571 τοτε
404 5516 568 5593 ἔλεγε·
619 5520 754 5593 Δόξα
807 5522 888 5590 τῷ
943 5522 1058 5589 Θεῷ
1113 5519 1327 5572 πάντων
1381 5515 1578 5587 ἕνεκεν,
1613 5514 1895 5591 παρέδωκε

277 5605 328 5658 τὸ
375 5612 595 5681 πνεῦμα,
644 5607 735 5664 καὶ
791 5607 1049 5677 κατετέθη
1119 5604 1357 5676 πλησίον
1417 5611 1514 5662 τοῦ
1564 5607 1739 5684 τάφου
1795 5611 1894 5661 τοῦ

283 5693 420 5769 ἁγίου
506 5697 770 5774 μάρτυρος
850 5696 1199 5754 Βασιλίσκου.
1278 5697 1430 5753 Μετᾶ
1488 5693 1544 5752 δέ
1598 5695 1890 5772 τριάκοντα

1935 4557 1982 4622 D

2025 1883 2085 1933 et
2114 1879 2512 1934 monasticum
2536 1880 2875 1936 institutum
2903 1883 3221 1954 professos,
3246 1901 3464 1956 eosque
3496 1903 3674 1961 agno-

2020 1966 2220 2031 visset,
2255 1967 2381 2037 ipse
2414 1967 2591 2022 etiam
2621 1969 2870 2041 ejusque
2911 1987 3057 2026 uxor
3102 1972 3306 2028 habitu
3339 1977 3674 2031 monacho-

2019 2073 2153 2111 rum
2182 2062 2439 2130 sumpto,
2472 2057 2555 2113 ita
2576 2073 2639 2113 se
2671 2059 2730 2113 in
2755 2075 2824 2115 ea
2852 2059 3085 2116 vivendi
3110 2062 3339 2117 ratione
3362 2065 3677 2120 virtutibus

2020 2144 2352 2211 excoluere,
2387 2151 2453 2201 ut
2482 2152 2541 2202 et
2572 2147 2858 2202 miracula
2887 2154 3122 2220 patrare
3179 2152 3542 2208 meruerint:
3577 2158 3673 2207 at-

2019 2250 2134 2304 que
2166 2235 2325 2290 hunc
2355 2235 2417 2294 in
2448 2235 2694 2291 modum
2756 2253 2878 2292 una
2935 2254 3070 2292 cum
3130 2237 3270 2293 ﬂliis
3331 2241 3391 2294 in
3424 2242 3673 2297 Domino

2020 2321 2424 2378 decesserunt.

2582 2423 2824 2480 EODEM
2856 2425 3109 2480 MENSE.

2469 2520 2572 2576 Die
2629 2521 2910 2576 vicesima
2967 2524 3223 2595 septima

2019 2626 2172 2681 189
2206 2628 2495 2682 Certamen
2521 2635 2834 2683 sanctorum
2856 2637 3162 2700 martyrum
3187 2635 3427 2689 Ananiae
3447 2637 3671 2705 presby-

2092 2709 2240 2832 ter?!
2277 2709 2432 2762 Petri
2481 2707 2723 2762 clavium
2780 2709 3037 2778 custodis,
3084 2718 3134 2766 et
3177 2713 3414 2768 aliorum
3467 2722 3673 2784 septem

2094 2795 2167 2832 mi
2200 2795 2213 2832 ι
2246 2795 2359 2832 um.

2094 2795 2359 2833 multum.

2089 2877 2191 2931 Isti
2208 2875 2930 2932 clarueruntDiocletiano
2949 2879 3328 2950 imperatore,
3345 2889 3404 2936 et
3421 2885 3670 2939 Maximo

2020 2964 2322 3036 praefecto,
2346 2981 2523 3035 quem
2557 2982 2689 3020 cum
2716 2971 2956 3021 sanctus
2989 2969 3252 3023 Ananias
3281 2969 3545 3034 adiisset,
3581 2988 3676 3027 se-

2020 3069 2135 3123 que
2152 3053 2550 3108 Christianum
2571 3053 2896 3126 professus,
2917 3055 3153 3127 probris
3177 3056 3335 3113 idola
3357 3060 3675 3128 affecisset,

2023 3145 2301 3208 nudatus,
2325 3145 2523 3218 ﬂagris
2545 3145 2886 3217 gravissime
2909 3147 3169 3202 caeditur.
3189 3150 3333 3204 Tum
3354 3149 3670 3205 ciu-calum-

2021 3231 2128 3288 bos
2159 3231 2388 3288 subulis
2420 3232 2812 3288 candentibus
2843 3233 3207 3304 pertoditur;
3243 3243 3303 3291 et
3331 3243 3517 3305 aceto,
3547 3239 3669 3293 sale

2017 3338 2087 3378 ac
2115 3338 2313 3394 panno
2345 3322 2583 3378 cilicino
2605 3322 2962 3394 perfricatur
2992 3331 3049 3379 et
3079 3327 3373 3381 atteritur.
3403 3329 3666 3400 Cumque

2017 3417 2266 3476 orasset,
2299 3416 2358 3467 et
2375 3412 2582 3468 fanum
2613 3428 2746 3468 cum
2780 3413 2957 3468 idolis
2990 3416 3332 3485 corruisset,
3370 3417 3431 3471 in
3471 3433 3670 3473 carce-

2016 3517 2142 3556 rem
2173 3499 2548 3557 detruditur:
2581 3501 2684 3556 ubi
2716 3507 2941 3573 septem
2965 3502 3175 3559 diebus
3194 3504 3321 3560 sine
3344 3506 3474 3562 cibo
3498 3524 3672 3562 man-

2019 3589 2115 3645 sit.
2150 3589 2262 3645 Sed
2293 3607 2428 3647 cum
2477 3590 2649 3646 illum
2693 3591 2936 3646 ccedesti
2969 3591 3098 3646 cibo
3130 3609 3164 3647 a
3192 3593 3422 3649 Christo
3452 3597 3668 3651 nutriri

2014 3678 2260 3734 vidisset
2288 3681 2498 3734 Petrus
2525 3678 2777 3735 clavium
2821 3681 3078 3736 carceris
3109 3687 3331 3752 custos,
3375 3684 3668 3755 abjiciens

2015 3783 2079 3823 se
2109 3765 2183 3822 ad
2215 3767 2344 3838 ejus
2374 3767 2577 3838 pedes,
2608 3767 2934 3838 baptizatus
2958 3773 3065 3824 est.
3090 3769 3356 3841 Cumque
3385 3772 3663 3842 prafecto

2014 3856 2185 3924 alter,
2215 3857 2501 3912 Maximus
2539 3856 2801 3921 nomine,
2835 3858 3243 3924 successisset,
3275 3864 3420 3915 rotas
3450 3861 3664 3934 alliga-

2013 3952 2105 4001 tos
2138 3951 2395 4010 sanctos,
2415 3945 2714 4003 craticulaa
2735 3945 2968 4002 ardenti
3001 3948 3286 4020 imposuit
3333 3950 3543 4005 Verum
3570 3967 3660 4006 re-

2011 4035 2429 4108 frigescentem
2477 4035 2676 4109 ignem
2735 4036 2935 4090 intuiti
2995 4043 3223 4108 septem
3285 4038 3529 4105 milites,
3563 4041 3663 4110 qui

2015 4129 2254 4179 sanctos
2296 4125 2671 4195 torquebant,
2731 4125 2946 4180 Christi
3007 4127 3186 4182 tidem
3248 4143 3562 4199 suscepere
3593 4129 3666 4183 de

2012 4231 2135 4270 una
2163 4232 2298 4270 cum
2330 4215 2402 4271 iis
2425 4232 2460 4271 a
2501 4215 2810 4272 lictoribus
2860 4216 2921 4272 in
2971 4234 3132 4274 mare
3182 4220 3456 4291 projecti,
3484 4220 3664 4274 vitam

2013 4302 2318 4360 ﬁnierunt.

2655 4510 2873 4566 Eodem
2922 4511 3020 4566 die

2015 4617 2168 4671 ηο
2214 4617 2539 4674 Translatio
2595 4617 2963 4686 reliquiarum
3017 4622 3196 4673 sanctz
3256 4619 3442 4675 Patris
3490 4621 3668 4676 nostri

2522 4689 2754 4742 Joannis
2789 4689 3144 4759 Crysostomi.

2084 4805 2330 4860 Sanctus
2351 4806 2605 4859 Joannes
2619 4804 3072 4875 Chrysostomus
3097 4805 3156 4860 in
3171 4807 3448 4863 exsilium
3469 4814 3657 4876 actus,

2011 4893 2331 4948 Comanam
2365 4893 2650 4948 Armeniae
2682 4893 2996 4958 concessit,
3031 4894 3130 4949 ubi
3166 4898 3358 4953 sancti
3392 4898 3660 4954 Basilisci

2011 4981 2280 5052 reliquias
2310 4982 2548 5052 jacent:
2581 4982 2680 5052 qui
2706 4997 2999 5052 apparens
3021 4983 3073 5037 ei
3105 4984 3281 5040 dixit:
3315 4989 3394 5042 Ne
3427 4988 3656 5054 timeas,

2008 5071 2191 5126 frater
2219 5073 2530 5127 Joannesz.
2577 5087 2706 5126 cras
2751 5072 2911 5127 enim
2963 5073 3139 5129 simul
3191 5075 3436 5132 erimus.
3498 5077 3658 5131 ldem

2011 5167 2250 5217 sanctus
2279 5161 2495 5216 aedituo
2518 5177 2813 5232 apparens
2840 5178 2852 5215 :
2888 5163 3180 5235 Pre'para,
3212 5164 3427 5235 inquit,
3461 5165 3657 5220 locum

2008 5251 2346 5306 adventanti
2379 5266 2593 5323 magno
2650 5251 2896 5323 martyri
2926 5253 3158 5308 Joanni.
3191 5254 3375 5325 Igitur
3401 5255 3660 5310 Joannes
3699 5321 3706 5326 ,

2008 5340 2160 5396 stola
2188 5340 2323 5395 alba
2353 5339 2618 5405 indutus,
2661 5357 2798 5395 cum
2837 5340 3137 5414 liturgiam
3184 5342 3563 5411 celebrasset,
3599 5345 3660 5398 in

2005 5430 2078 5485 iis
2110 5429 2322 5493 verbis,
2356 5446 2486 5500 quae
2513 5445 2748 5500 semper
2779 5429 3036 5485 habebat
3066 5431 3126 5484 in
3160 5448 3290 5487 ore:
3317 5433 3514 5488 Gloria
3537 5434 3658 5487 Deo

2003 5535 2110 5591 pro
2140 5518 2440 5580 omnibus,
2487 5517 2732 5572 tradidit
2764 5517 3058 5588 spiritum,
3094 5518 3515 5592 depositusque
3544 5519 3659 5574 fuit

2000 5625 2182 5680 prope
2215 5607 2555 5678 sepulcrum
2585 5607 2773 5662 sancti
2800 5607 3072 5677 martyris
3095 5607 3381 5662 Basilisci.
3407 5607 3650 5661 Tricesi-

1999 5713 2098 5752 mo
2128 5704 2326 5752 autem
2343 5695 2516 5750 tertio
2535 5700 2668 5767 post
2699 5712 2879 5764 anno,
2907 5702 3147 5750 auctore
3172 5695 3379 5749 Proclo
3405 5693 3652 5764 patriar-
