4112 6308
364 401 479 462 283

362 629 516 680 rent.
549 621 662 677 Sed
688 637 821 676 cum
854 637 1005 676 urna
1034 621 1287 676 reserari
1328 636 1447 674 non
1505 623 1724 690 posset,
1761 633 2011 672 mmrore

362 714 607 768 affectus
639 711 978 781 imperator,
1014 710 1252 781 scripsit
1273 707 1582 780 epistolam
1613 705 1684 761 ad
1718 712 2010 772 sanctum,

363 819 480 874 qua
509 801 679 856 illum
702 801 1076 873 precabatur,
1099 806 1164 854 ut
1183 800 1488 854 adveniret
1513 816 1524 852 :
1551 797 1752 854 statim
1770 798 2010 854 exaudi-

362 898 458 948 tus
489 896 596 945 est.
631 890 911 944 Pretiosae
940 890 1118 961 igitur
1146 889 1417 960 reliquias
1435 886 2011 960 Constantinopolim

361 978 686 1045 translata,
718 978 780 1033 in
809 978 1028 1049 templo
1062 978 1409 1033 Sanctorum
1440 975 1858 1049 Apostolorum
1903 975 2012 1032 ho-

360 1069 609 1125 noriﬁce
643 1067 896 1124 conditas
928 1071 1087 1124 sunt.

920 1176 1163 1230 EODEM
1195 1174 1446 1231 MENSE.

858 1281 963 1338 Die
993 1281 1273 1338 vicesima
1312 1286 1514 1337 octava

357 1383 504 1438 141
543 1381 995 1438 Commemoratio
1051 1383 1230 1437 sancti
1277 1382 1461 1436 Patris
1518 1381 1696 1436 nostri
1755 1380 2009 1451 Ephraem

1102 1470 1254 1541 Syri

425 1581 541 1635 Iste
572 1578 684 1634 fuit
705 1595 774 1634 ex
797 1579 1056 1643 Oriente,
1080 1595 1293 1652 genere
1317 1579 1516 1651 Syrus,
1551 1577 1741 1650 patria
1759 1576 2006 1632 Edesse-

354 1684 491 1735 nus,
519 1668 870 1723 Christianis
899 1668 1246 1739 parentibus
1277 1674 1452 1722 natus
1477 1686 1490 1733 ;
1523 1666 1781 1740 vixitque
1804 1683 1838 1721 a
1858 1667 2006 1721 Con-

357 1757 604 1811 stantini
637 1757 823 1830 Magni
859 1756 1222 1824 temporibus
1243 1773 1430 1828 usque
1461 1756 1533 1811 ad
1554 1756 1871 1828 imperium
1903 1757 2007 1810 Va-

353 1845 554 1901 lentis.
581 1847 725 1900 Cum
749 1851 945 1900 autem
972 1845 1166 1900 infans
1190 1851 1362 1908 esset.
1387 1845 1659 1900 viderunt
1685 1845 1744 1900 in
1777 1844 2001 1900 somnis

1683 371 2111 454 MENOLooIi
2155 391 2364 455 PARS
2408 391 2484 454 ιι.

363 535 494 601 cha,
524 533 687 588 misit
710 531 1072 587 Theodosius
1104 531 1203 600 qui
1235 529 1476 585 Joannis
1505 528 1791 598 reliquias
1822 526 1996 581 refer-

2119 528 2264 598 τρεῖς
2326 523 2580 600 χρόνους,

3660 393 3786 454 ρει

2670 521 2759 578 διὰ
2843 523 3201 594 ὑπομνήσεως
3283 527 3380 579 τοῖ’)
3432 525 3788 601 πατριάρχου

2125 609 2405 686 Ηρόκλου,
2439 610 2762 673 ἀποστείλας
2793 608 3079 672 Θεοδόσιος
3131 612 3159 666 ὁ
3211 609 3490 687 βασιλεὺς,
3520 618 3619 668 τοῦ
3649 613 3793 690 ἀγα-

2122 706 2237 775 γεῖν
2287 701 2350 756 τὸ
2409 699 2690 775 λεῖψανον,
2758 703 2859 769 τῆς
2934 698 3202 773 λάρνακος
3259 703 3335 774 μὴ
3394 701 3792 776 ἀνοιγομένης,

2121 787 2396 861 ἐλυπήθη.
2447 789 2588 846 Τότε
2643 789 2838 868 γράφει
2899 787 3194 858 ἐπιστολὴν
3249 791 3612 866 περιέχουσαν
3645 790 3794 862 δὲη-

2120 899 2227 948 σιν,
2307 877 2729 954 παρακληθῆναι
2809 876 3008 951 ἐλθεῖν,
3065 878 3155 932 καὶ
3235 878 3586 951 εἰσηκούσθη.
3646 881 3786 938 Ἑλ-

2121 967 2210 1032 θὸν
2265 967 2357 1022 οὗν
2411 970 2475 1022 τὸ
2524 966 2708 1040 τίμιον
2768 964 3050 1040 λείψανον,
3106 966 3260 1039 ἐτέθη
3320 967 3551 1042 ἐντίμως
3609 968 3662 1025 ἐν
3696 973 3787 1043 τῷ

2119 1060 2230 1128 ναῷ
2256 1060 2363 1111 τῶν
2397 1057 2600 1132 Ἀγίων
2628 1055 3005 1113 Ἀποστόλων.

2651 1164 2836 1222 MHNI
2896 1168 2980 1242 τᾳ
3033 1166 3238 1244 urg.

2888 1272 2998 1329 KH'

2261 1383 2386 1452 Μνή
2397 1402 2473 1456 μη
2506 1385 2604 1438 τοῦ
2643 1381 2784 1438 ὁσίοι
2821 1381 3028 1508 Πέιτρὸς
3073 1382 3107 1450 ἡ
3119 1383 3236 1455 μῶν
3265 1379 3505 1459 Ἐφραίμ
3535 1387 3633 1438 τοὺ

2897 1473 3049 1508 υοου.

2897 1473 3049 1520 υρου.

2187 1561 2360 1621 Οὗτος
2416 1561 2661 1635 ὑπῆρχεν
2721 1558 2827 1614 ἀπὸ
2879 1557 3212 1628 Ἀνατολῶν,
3276 1559 3449 1633 Σὺρος
3502 1561 3564 1616 τὸ
3587 1559 3761 1636 γένος,
3809 1594 3811 1597 -

2116 1647 2223 1702 ἀπὸ
2252 1645 2470 1708 πόλεως
2503 1644 2784 1718 Ἐδέσσης,
2826 1646 3030 1721 γονέων
3085 1647 3446 1721 Χριστιανῶν,
3479 1645 3764 1723 διαρκέσας

2117 1737 2221 1790 ἀπὸ
2249 1743 2349 1805 τῆς
2382 1733 2660 1810 βασιλείας
2692 1734 3095 1790 Κωνσταντίνου
3137 1739 3235 1789 τοῦ
3286 1735 3537 1810 Μεγάλου
3572 1735 3778 1810 μέχρις

2112 1823 2443 1885 Οὐάλεντος.
2475 1826 2605 1882 ’Ὀτε
2635 1820 2694 1878 δὲ
2722 1824 2790 1892 ἦν
2823 1820 3062 1891 παιδίον,
3095 1819 3240 1878 εἶδον
3293 1824 3345 1878 οἱ
3391 1829 3571 1900 γονεῖς
3604 1824 3776 1879 αὑτοῦ

353 1939 630 2006 parentes
653 1935 781 2006 ejus
806 1933 1040 2003 prodire
1059 1951 1127 1988 ex
1147 1935 1274 2004 ejus
1306 1935 1508 2007 lingua
1529 1933 1726 2002 vitem,
1755 1951 1885 2008 quas
1913 1939 1996 1988 to-

2109 1913 2226 1967 κατ’
2256 1908 2383 1988 ὄναρ
2426 1909 2672 1985 ἄμπελον
2725 1911 2776 1966 ἐν
2815 1915 2884 1985 τῇ
2934 1910 3161 1986 γλώσσῃ
3191 1913 3358 1968 αὑτοῦ
3389 1897 3767 1990 φυτευθεῖσαν,

354 2028 475 2078 tam
511 2028 728 2096 terram
765 2022 1062 2094 impleret,
1098 2029 1156 2077 et
1186 2021 1454 2078 volucres
1484 2022 1615 2078 σα)ιί
1666 2022 2004 2089 adventare,

354 2117 414 2166 et
439 2129 508 2167 ex
537 2112 665 2184 ejus
697 2111 984 2167 fructibus
1017 2113 1353 2182 decerpere.
1380 2113 1524 2166 Vitis
1546 2117 1743 2166 autem
1775 2111 2006 2184 signiﬁ-

355 2201 527 2257 cabat
556 2201 888 2266 scientiam,
922 2217 1100 2271 quam
1132 2200 1444 2256 habiturus
1476 2207 1619 2256 erat.
1654 2201 1747 2256 Sic
1778 2218 1912 2256 vero
1945 2201 2004 2255 in

357 2293 674 2347 virtutibus
705 2291 1003 2358 excelluit,
1035 2297 1101 2345 ut
1143 2291 1346 2346 multis
1403 2290 1711 2362 profuerit.
1741 2291 2003 2362 Cumque

360 2381 431 2438 ad
453 2381 733 2436 Basilium
768 2397 1049 2453 magnum
1073 2379 1132 2434 in
1151 2379 1359 2434 urbem
1382 2381 1707 2435 Caesaream
1725 2381 2001 2448 venisset,

359 2471 430 2528 ab
463 2489 532 2526 eo
564 2470 873 2542 presbyter
902 2470 1209 2524 ordinatus
1232 2474 1339 2539 est,
1365 2469 1661 2542 simulque
1693 2469 1889 2524 Graece
1917 2470 2003 2524 lo-

359 2562 460 2634 qui
514 2562 708 2633 caspit,
769 2578 903 2616 cum
961 2567 1136 2616 antea
1193 2555 1426 2632 Syriace
1484 2559 1844 2630 loqueretur.
1895 2559 2002 2624 Qui

355 2656 562 2724 postea
608 2666 742 2706 cum
800 2649 988 2705 libros
1044 2650 1260 2705 animas
1318 2649 1496 2704 utiles
1548 2648 1998 2722 composuisset,

355 2740 697 2813 multosque
728 2739 1048 2806 docuisset,
1082 2739 1141 2794 in
1170 2738 1466 2811 profunda
1512 2743 1835 2808 senectute,
1868 2754 2000 2811 gra-

356 2829 468 2886 tias
498 2846 700 2903 agens,
735 2827 811 2884 ad
868 2830 1054 2885 Deum
1106 2827 1392 2901 migravit.

911 3004 1152 3062 EODEM
1198 2997 1449 3062 MENSE.

849 3113 955 3169 Die
1010 3112 1291 3168 vicesima
1319 3125 1500 3169 'nona

343 3221 498 3278 142
561 3221 871 3276 Translatio
927 3219 1293 3292 reliquiarum
1340 3222 1677 3276 sacrosancti
1732 3222 1996 3292 martyris

689 3293 896 3362 Ignatii
919 3291 1256 3362 patriarchae
1287 3292 1649 3347 Antiocheni.

414 3398 628 3453 Beatus
647 3398 909 3472 Ignatius
932 3397 1295 3468 theOphorus
1316 3413 1351 3452 a
1370 3398 1620 3468 Trajano
1636 3397 1992 3469 imperatore

342 3487 658 3544 Antiochia
695 3489 940 3544 Romam
983 3489 1204 3543 missns
1247 3492 1488 3560 propter
1516 3486 1732 3543 Christi
1762 3486 1992 3542 confes-

341 3579 595 3645 sionem,
624 3593 760 3634 cum
791 3577 995 3634 bestiis
1021 3579 1322 3652 pugnavit,
1354 3594 1389 3634 a
1432 3577 1732 3645 leonibus,
1782 3583 1994 3633 senatu

341 3667 616 3723 universo
649 3669 712 3723 in
735 3668 965 3724 theatro
997 3668 1360 3723 consistente
1381 3672 1440 3722 et
1460 3671 1785 3738 spectante,
1809 3666 1995 3722 sull‘o-

341 3760 539 3812 catUS:
568 3755 627 3812 id
660 3756 819 3828 quod
851 3761 1090 3814 sanctus
1122 3756 1396 3827 precibus
1428 3771 1462 3812 a
1492 3756 1609 3811 Deo
1642 3755 1994 3827 impetrave-

338 3850 472 3899 rat:
505 3843 741 3900 dicebat
778 3845 930 3901 enim
969 3862 982 3899 :
1041 3845 1162 3901 Etsi
1219 3849 1519 3916 oporteret
1567 3859 1661 3899 me
1721 3859 1756 3900 a
1785 3843 1991 3898 bestiis

347 3933 642 3999 consumi,
691 3949 812 3990 non
844 3937 1044 3989 tamen
1078 3933 1378 3989 Christum
1407 3949 1609 3989 meum
1641 3933 1948 4005 abnegabo
1973 3949 1988 4000 ;

341 4019 441 4075 sed
475 4021 648 4091 cupio
670 4019 951 4076 dentibus
978 4021 1302 4076 bestiarum
1327 4022 1489 4087 moli,
1518 4027 1582 4076 ut
1602 4021 1859 4076 mundus
1890 4037 1989 4092 pa-

339 4109 434 4164 nis
466 4109 583 4162 Deo
619 4124 747 4164 meo
771 4109 1056 4164 inveniar.
1082 4111 1226 4165 Cum
1257 4110 1434 4183 igitur
1455 4110 1740 4165 immissis
1762 4111 1823 4164 in
1854 4126 1992 4165 eum

339 4196 612 4252 leonibus
644 4197 964 4251 suffocatus
997 4203 1105 4262 est,
1139 4197 1307 4253 elatas
1338 4214 1374 4254 a
1402 4197 1753 4253 Christianis
1803 4197 1989 4268 ipsius

338 4285 630 4354 reliquias,
656 4290 716 4340 et
735 4298 865 4340 cum
892 4301 1109 4357 pompa
1129 4293 1306 4357 atque
1328 4287 1556 4340 honore
1582 4287 1768 4341 Roma
1785 4286 1987 4341 Antio-

342 4374 538 4430 chiam
573 4373 895 4437 translata,
917 4379 1041 4429 tota
1061 4374 1208 4430 urbe
1239 4373 1468 4429 obviam
1500 4373 1832 4445 prodeunte
1853 4389 1988 4430 cum

339 4463 547 4530 cereis,
581 4462 852 4534 psalmis,
886 4463 1148 4534 hymnis.
1181 4467 1240 4517 et
1267 4462 1514 4518 canticis
1537 4461 1986 4532 spiritualibus;

341 4552 404 4606 in
459 4551 664 4608 eadem
723 4551 867 4608 urbe
916 4551 1244 4608 honorifico
1291 4557 1349 4607 et
1396 4550 1986 4623 magnificentissimo

2110 2002 2199 2055 καὶ
2247 1999 2616 2076 πληρώσασαν
2661 2006 2831 2056 πᾶσαν
2887 2001 2988 2069 τὴν
3048 2007 3175 2075 γῆν.
3237 2001 3336 2056 Καὶ
3395 2002 3642 2076 ἤρχοντο
3700 2003 3772 2055 τα

2110 2093 2326 2145 πετεινὰ
2379 2094 2476 2146 τοῦ
2532 2092 2788 2166 οὐρανοῦ,
2847 2089 2938 2144 καὶ
2991 2086 3234 2164 ἔτρωγον
3290 2088 3348 2144 ὲκ
3399 2094 3497 2145 τοῦ
3553 2096 3773 2166 καρποῦ

2109 2179 2296 2248 αὑτῆς.
2327 2181 2390 2236 Ἡ
2441 2178 2499 2235 δὶ
2555 2178 2802 2252 ἄμπελος
2857 2176 3060 2248 ἐδήλου
3115 2180 3217 2247 τήν
3255 2178 3562 2250 μέλλουσαν
3598 2177 3774 2250 δοθή-

2109 2278 2292 2331 σεσθαι
2343 2271 2543 2341 γνῶσιν
2606 2267 2774 2338 αὑτῷ.
2837 2267 2930 2320 Καὶ
2991 2271 3249 2321 τοσοῦτον
3281 2267 3499 2342 γέγονεν
3534 2265 3612 2328 ε”ς
3643 2265 3774 2340 ἀρε-

2108 2357 2206 2425 τὴν
2262 2352 2605 2430 περιϐόντος,
2660 2354 2735 2420 ὠς
2790 2353 3038 2417 πολλοὺς
3093 2354 3396 2433 ὠφελῆσαι.
3453 2355 3662 2413 Ἐλθὼν
3715 2354 3779 2411 δὲ

2108 2445 2198 2500 καὶ
2252 2448 2388 2520 πρὸς
2440 2446 2532 2501 τὸν
2590 2447 2758 2520 μεγαν
2816 2445 3092 2500 Βασίλειον
3155 2443 3207 2499 ἐν
3265 2445 3580 2517 Καισαρείᾳ,
3624 2444 3777 2520 ἐχει-

2111 2536 2380 2610 ροτονήθη
2436 2534 2526 2589 ὑπ’
2609 2533 2815 2588 ἐκείνου
2899 2528 3286 2610 πρεσϐύτερος.
3353 2533 3454 2590 Καὶ
3525 2531 3636 2605 ἅμα
3683 2538 3772 2604 τῷ

2109 2627 2594 2700 χειροτονηθῆναι,
2650 2622 2915 2695 ἐλάλησεν
2981 2623 3291 2694 ἑλληνιστὶ,
3344 2625 3607 2696 πρότερον
3671 2645 3770 2680 συ-

2109 2713 2252 2784 ριστὶ
2311 2711 2520 2768 Ααλῶν.
2576 2715 2803 2769 Ἔπειτα
2861 2711 3172 2786 συγγράψας
3234 2706 3459 2786 βίϐλους
3500 2715 3767 2788 ψυχωιρε-

2109 2800 2245 2866 λεῖς,
2299 2803 2385 2856 καὶ
2441 2800 2688 2863 πολλοὺς
2751 2797 2964 2874 διδάξας
3004 2801 3093 2855 καὶ
3151 2799 3460 2877 ὠφελήσας,
3503 2801 3554 2856 ἐν
3601 2801 3774 2876 βαθυ-

2103 2891 2251 2962 τάτῳ
2282 2892 2430 2964 γήρᾳ
2459 2891 2802 2965 εὐχαριστῶν
2834 2890 2972 2965 πρὸς
3001 2889 3131 2945 Θεὸν
3167 2887 3514 2962 ἐξεδήμησεν,

2641 2997 2826 3054 MHNI
2883 3002 2967 3052 ΤΩ
3023 2998 3227 3054 ΑΥΤΩ.

2866 3103 2974 3160 ΚΘ⁹

2101 3196 2165 3268 Ἠ
2197 3207 2503 3285 ἀνακομι-δὴ
2551 3212 2648 3285 τοὺ
2705 3205 2963 3285 λειψάνου
3017 3212 3114 3285 τοὺ
3167 3209 3762 3285 άγίουᾼὶερομάρτυρος

2429 3281 2690 3357 Ἰγνατίου
2711 3280 3057 3356 πατριάρχου
3081 3280 3441 3356 Ἀντίοχείας.

2175 3371 2238 3426 Ὀ
2269 3371 2548 3444 Μακάριος
2604 3369 2869 3445 Ἰγνάτιος
2926 3370 2954 3424 ὑ
3011 3369 3283 3448 Θεοφόρος
3341 3370 3443 3424 ὑπὸ
3490 3373 3768 3438 Τραῖανοῢ

2104 3462 2200 3513 τοῦ
2262 3457 2555 3534 βασιλέως,
2621 3459 2727 3514 ἀπὸ
2794 3457 3136 3534 Ἀντιοχείας
3190 3458 3326 3534 πρὸς
3379 3459 3479 3527 τὴν
3541 3457 3772 3530 Ῥώμην

2103 3548 2394 3626 πεμφθεὶς,
2450 3549 2548 3617 τῆς
2604 3547 2679 3610 εἰς
2737 3547 2966 3621 Χριστὸν
3020 3543 3171 3602 ἵνεκα
3251 3546 3565 3621 μαρτυρίας,
3626 3545 3760 3617 ἐθη-

2105 3638 2470 3714 ριομάχησεν,
2533 3637 2635 3691 ὑπὸ
2694 3635 2929 3692 λεόντων
2983 3636 3322 3710 ἀποπνιγεὶς,
3370 3642 3471 3705 τῆς
3509 3633 3766 3710 συγκλή-

2100 3747 2200 3782 του
2229 3725 2406 3798 πάσης
2466 3725 2707 3797 ὲστώσης
2767 3725 2818 3781 ἐν
2867 3723 2945 3798 τῷ
2997 3727 3229 3799 θεάτρῳ,
3283 3725 3372 3780 καὶ
3418 3723 3760 3802 βλεποὺσηςο

2103 3813 2235 3891 ὅπερ
2281 3815 2349 3884 ἦν
2398 3811 2486 3870 διὰ
2539 3817 2856 3890 προσευχῆς
2909 3819 2990 3886 τῷ
3041 3813 3198 3890 ἁγίῳ.
3258 3812 3454 3888 Ἔλεγε
3506 3815 3632 3889 γαρ,
3674 3813 3766 3870 ὅτι

2102 3902 2206 3958 Κᾶν
2264 3900 2357 3978 δέῃ
2421 3925 2489 3976 με
2549 3902 2654 3959 ὑπὸ
2721 3903 2926 3974 θηρίων
3003 3901 3369 3973 ἀναλωθῆναι,
3431 3902 3533 3958 οὑκ
3589 3901 3764 3972 ἀρνή-

2103 4013 2267 4065 σομαι
2297 3993 2388 4046 τὸν
2416 3993 2642 4067 Χριστὸν
2708 4013 2838 4064 μου,
2887 3988 3014 4046 ἀλλ’
3067 3990 3318 4063 ἐπιθυμῶ
3373 3991 3475 4046 ὑπὸ
3521 3987 3758 4046 ὀδόντων

2098 4085 2206 4136 τῶν
2241 4082 2446 4154 θηρίων
2477 4079 2761 4150 ἀλεθῆναι,
2791 4081 2880 4135 ἳνα
2908 4081 3142 4156 καθαρὸς
3175 4077 3333 4153 ἄρτος
3361 4085 3509 4154 φανῶ
3534 4083 3614 4152 τῷ
3639 4084 3762 4152 Θεῷ

2104 4191 2230 4242 μου.
2288 4172 2416 4226 "Urs
2473 4167 2532 4224 δὶ
2590 4168 2934 4238 ἀπελύθησαν
2981 4168 3065 4224 ἐπ’
3113 4169 3272 4223 αὑτὸν
3302 4169 3353 4223 οἱ
3405 4167 3621 4232 λέοντες
3666 4167 3762 4223 καὶ

2098 4259 2389 4332 ἀπέπνιξαν
2453 4260 2640 4328 αὑτὸν,
2707 4262 2851 4335 ⁴ῐιὶρθη
2938 4260 3000 4315 τὸ
3068 4257 3322 4332 λείψανον
3383 4257 3546 4314 αὑτοῦ
3611 4259 3764 4334 παρὰ

2097 4351 2202 4403 τῶν
2263 4350 2623 4418 Χριστιανῶν·
2679 4350 2769 4403 καὶ
2821 4349 2956 4421 μετά
3002 4355 3171 4420 τιμῆς
3223 4348 3328 4402 ἀπὸ
3377 4354 3476 4416 τῆς
3526 4347 3762 4420 Ῥώμης

2098 4437 2430 4509 ἂνεκομίσθη
2489 4437 2565 4500 εἰς
2638 4439 3002 4512 Ἀντιόχειαν,
3077 4443 3177 4505 τῆς
3262 4435 3477 4500 πόλεως
3540 4437 3758 4507 ἀπάσης

2097 4526 2482 4595 ὑπαντησάσης
2532 4527 2668 4596 μετά
2711 4531 2896 4598 κηρῶν
2963 4525 3054 4580 καὶ
3105 4527 3485 4597 θυμιαμάτων
3549 4525 3636 4579 καὶ
3700 4525 3755 4580 ὲν

339 4638 612 4709 sepulcro
669 4641 922 4696 conditas
979 4639 1145 4697 fuere
1197 4638 1259 4697 in
1319 4610 1588 4710 ejusdem
1649 4636 1896 4694 tutelam
1928 4645 1988 4695 et

2109 4611 2336 4686 ψαλμοῖς
2379 4613 2470 4667 καὶ
2518 4612 2710 4685 ὕμνοις
2769 4612 2858 4667 καὶ
2908 4610 3075 4685 ᾠδαῖς
3126 4618 3518 4684 πνευματικαῖς
3581 4633 3756 4667 κατα-

338 4727 704 4798 praesidium.

984 4903 1205 4962 Eodem
1236 4905 1333 4960 die

334 5013 371 5066 1
388 5012 487 5067 43
515 5013 800 5068 Certamen
817 5017 1133 5067 sanctorum
1169 5018 1481 5080 martyrum
1510 5010 1750 5067 Sarbelli
1800 4991 1978 5066 sacsr-
2006 5037 2015 5043 -

692 5083 858 5148 dotis,
891 5089 942 5138 et
970 5083 1189 5139 Babaez
1235 5083 1440 5138 sororis
1485 5083 1622 5151 ejus.

408 5200 509 5254 Isti
542 5198 793 5267 Trajano
826 5199 1184 5270 imperatore
1244 5196 1608 5251 claruerunt.
1641 5197 1712 5252 Et
1741 5203 1982 5253 sanctus

335 5288 578 5360 quidem
610 5287 886 5342 Sarbelus
917 5286 1193 5341 sacerdos
1219 5284 1513 5340 idolorum
1537 5293 1695 5341 erat:
1727 5301 1982 5358 cumque

332 5378 520 5434 festus
553 5376 679 5432 dies
711 5376 1021 5432 daemoniis
1077 5381 1372 5448 ageretur,
1423 5373 1685 5447 impuras
1715 5376 1982 5431 victimas

335 5466 406 5523 de
438 5482 602 5520 more
634 5463 1000 5537 perficiebat.
1063 5463 1174 5518 Sed
1231 5463 1576 5536 objurgatus
1605 5479 1639 5518 a
1664 5463 1980 5518 Barsimaao

331 5557 566 5612 Edessae
595 5556 895 5627 episcopo,
916 5555 1266 5627 probrisque
1285 5552 1792 5624 lacessitus,quod
1823 5555 1979 5608 mul-

336 5655 528 5704 torum
562 5653 719 5704 esset
748 5654 953 5704 auctor
983 5648 1333 5720 perditionis
1365 5653 1422 5702 et
1445 5646 1750 5724 interitus;
1784 5645 1982 5702 divino

333 5738 627 5795 beneﬁcio
657 5739 1006 5811 pcenitentia
1025 5737 1546 5806 ductus,adhibita
1567 5736 1830 5809 ..pisc0pi
1862 5753 1982 5794 ver-

2093 4701 2315 4774 θεμένης
2347 4699 2398 4756 ἰν
2448 4702 2587 4775 αὑτῇ
2634 4705 2704 4776 τῇ
2753 4698 2937 4770 πόλει,
2993 4701 3228 4774 ἐντίμως
3276 4702 3364 4756 καὶ
3410 4699 3757 4778 μεγαλοπρε-

2091 4794 2209 4852 πῶς
2241 4788 2316 4852 εἰς
2345 4789 2716 4867 φυλακτήριον
2745 4791 2916 4861 αὑτῆς
2947 4790 3038 4846 καὶ
3067 4791 3384 4868 ἀσφάλειαν.

2659 4911 2744 4982 Τῇ
2785 4909 2924 4983 αὐτῇ
2969 4909 3169 4983 teips-

2098 5013 2372 5087 ’Λθλησις
2397 5019 2505 5070 τῶν
2540 5015 3028 5092 ἁγίων-μαρτύρων
3063 5010 3366 5092 Σαρξήλυυ
3403 5016 3616 5092 ἱεριως,
3643 5014 3741 5071 καὶ

2475 5082 2855 5165 τῆξάδελφῆς
2886 5082 3055 5144 αὑτοῦ
3097 5082 3351 5152 Βαϐαίας.

2162 5204 2326 5262 Οὗτοι
2382 5204 2634 5280 ὑπῆρχον
2691 5203 2780 5259 ἐπὶ
2827 5205 3100 5279 Τραϊανοῦ
3153 5206 3251 5257 τοὺ
3321 5199 3629 5278 βασιλιωςο.
3670 5201 3742 5270 ἦν

2091 5289 2148 5348 δὶ
2181 5291 2209 5347 ὀ
2237 5293 2390 5368 ἅγιος
2421 5289 2710 5364 Σάρϐηλος
2740 5291 2916 5368 ἱερεὺς
2967 5297 3074 5347 τῶν
3125 5289 3396 5346 είδώλων.
3428 5292 3657 5363 Ἐορτῆς
3692 5287 3752 5344 δὶ

2090 5383 2367 5456 ἀγομένης
2415 5387 2532 5444 τοῖς
2582 5379 2859 5453 δαίμοσιν,
2915 5381 3078 5444 αὑτὸς
3126 5381 3262 5436 κατᾶ
3313 5379 3378 5434 τὸ
3417 5377 3538 5442 ἔθος
3571 5377 3752 5432 ἑπετὲ-

2090 5467 2176 5524 λει
2218 5471 2313 5532 τὰς
2363 5469 2559 5543 μιαράς
2606 5469 2810 5534 θυσίας.
2867 5468 3189 5545 Ἐλεγχθεὶς
3247 5465 3305 5524 δὶ
3352 5469 3498 5542 παρᾶ
3562 5473 3752 5541 Βαρσι-

2093 5558 2256 5631 μαίου
2308 5562 2404 5612 τοῦ
2453 5557 2753 5614 ἐπισκόπου
2800 5555 3080 5629 Ἐδέσσης,
3127 5557 3215 5612 καὶ
3272 5553 3610 5623 ὀνειδισθεὶς,
3662 5556 3741 5618 ὡς

2087 5647 2376 5722 γινόμενος
2416 5651 2533 5709 τοῖς
2577 5646 2812 5709 πολλοῖς
2861 5647 3037 5709 αἶ’τιος
3104 5645 3402 5710 ἀπωλείας,
3455 5643 3748 5716 μετενόησε

2088 5741 2157 5809 τῇ
2190 5725 2288 5792 τοὺ
2316 5740 2451 5792 Θεοῦ
2501 5738 2712 5812 χάριτι.
2765 5737 2863 5793 Καὶ
2903 5743 3022 5798 τοῖς
3071 5735 3262 5810 λόγοις
3307 5737 3405 5790 τοὺ
3441 5732 3747 5788 ἰπισκόπου
