4112 6308
147 438 232 500 εδδ
1704 451 2164 514 JANUARIUS.
3529 457 3645 517 286

155 571 328 642 τισθεῖς
395 580 743 656 προσῖλθε
849 593 937 664 τῇ
1019 593 1119 645 τοῦ
1195 590 1428 663 Χριστοῦ
1471 584 1681 660 ζπίστειν
1745 585 1875 659 μετά

1993 588 2085 644 bis
2116 587 2253 659 fide,
2281 591 2676 647 Christianam
2707 591 3058 666 religionem
3097 591 3480 664 amplectitur
3524 609 3644 649 una

163 676 237 738 τῆς
281 665 429 732 in“
484 668 791 751 ἀδελφῆς
874 673 1153 741 Βαϐαίαςο
1211 679 1297 734 καὶ
1362 677 1718 749 βαπτίζονται
1782 674 1875 729 ὑπὲ

1992 695 2126 735 cum
2159 696 2358 734 sorore
2387 680 2614 748 Babaaa,
2648 685 2706 735 et
2749 665 2843 736 ab
2880 680 3090 736 eodem
3135 681 3411 752 episcopo
3443 680 3635 753 bapti-

171 759 609 820 τοῦἒπισκόπου.
642 763 834 821 Ἰδὼν
892 765 956 823 δὲ
1013 773 1179 824 ταῦτα
1239 769 1266 822 6
1319 765 1540 835 Λυσίας,
1600 764 1875 841 ἐκράτησιη

1993 774 2216 824 zantur.
2249 769 2412 834 Quod
2444 770 2543 825 ubi
2577 771 2777 843 Lysias
2821 771 3077 837 rescivit,
3136 772 3637 840 comprehensum

181 850 461 920 εὖτὸηκαὶ
515 850 767 927 ἤρξατο
832 863 1134 932 τιμωρεῖν.
1195 858 1299 913 Καὶ
1351 861 1567 931 πρῶτον
1627 855 1721 929 μὲν
1749 853 1875 908 τόπ-

1995 874 2128 914 eum
2161 864 2436 930 torquere
2477 860 2682 932 caspit:
2744 865 2802 914 et
2857 860 3116 930 primum
3166 859 3409 931 quidem
3467 862 3642 934 virgis

188 963 303 998 τεται
363 942 516 1015 μετὰ
617 942 897 1021 ῥαϐδίων
933 967 946 980 ⁸
1011 946 1195 1002 ἔπειτα
1253 947 1562 1016 σπαθίζεται
1600 989 1614 1015 ,
1675 945 1764 999 καὶ
1823 941 1875 998 τέ

1993 949 2138 1004 casdi
2170 949 2515 1020 imperavit:
2549 948 2764 1004 deinde
2816 949 3049 1021 scalpro
3103 949 3340 1018 laniari,
3375 951 3434 1004 in
3493 951 3642 1006 facie

187 1032 464 1088 τεόσωπον
503 1033 735 1104 ξὲεται,
796 1036 896 1092 καὶ
956 1035 1090 1112 πυρί
1140 1035 1550 1114 καταφλέγεται.
1605 1036 1736 1088 Εἶτα
1768 1031 1875 1087 ἐνε-

1994 1039 2424 1102 excarnificari,
2455 1039 2589 1112 igne
2620 1039 2927 1104 comburi;
2961 1038 3310 1110 duobusque
3344 1039 3521 1112 lignis
3545 1040 3639 1094 in-

196 1119 354 1194 6λήθη
423 1124 511 1189 εἷς
568 1123 685 1180 δύο
753 1125 898 1198 ξύλα
945 1125 1130 1200 μέσον,
1175 1125 1264 1180 καὶ
1315 1123 1561 1196 ἐπρίζετο
1619 1123 1724 1178 ὑπὸ
1775 1125 1875 1175 τῶν

1992 1129 2246 1196 clusum,
2278 1145 2312 1184 a
2343 1128 2649 1184 lictoribus
2687 1129 2952 1184 medium
3012 1129 3199 1184 secari
3227 1145 3239 1182 :
3274 1128 3512 1184 demum
3545 1146 3641 1186 ca-

197 1212 390 1286 δημίων
428 1235 446 1249 ο
505 1215 616 1268 καὶ
707 1213 881 1277 τέλος
941 1213 1364 1293 ἀπεκεφαλίσθη.
1410 1213 1654 1285 Ὁμοίως
1703 1209 1793 1265 καὶ
1847 1210 1875 1278 ἦ

1991 1217 2112 1291 pite
2144 1217 2342 1290 plecti.
2377 1218 2664 1272 Similiter
2692 1225 2744 1274 el
2797 1235 2966 1274 soror
3013 1218 3166 1289 ejus.
3198 1218 3404 1274 multis
3463 1223 3640 1274 antea

197 1300 390 1379 εἰδελιρὴ
425 1301 617 1357 αἰ)τοῦ
652 1301 902 1358 πλεῖστα
955 1303 1220 1378 πρότερον
1282 1303 1684 1378 βασανισθεῖσα,
1728 1297 1875 1352 ὕστε-

1991 1307 2302 1363 tormentis
2334 1307 2688 1372 excruciata,
2721 1305 2962 1363 tandem
2993 1306 3287 1363 decollata
3314 1307 3445 1364 fuit.

198 1411 279 1465 ρον
302 1389 788 1468 ἁπεκεφαλίσθη.

822 1493 900 1563 Τῇ
934 1489 1073 1564 αὖτῇ
1104 1489 1288 1565 ἡμέρᾳ

193 1602 468 1672 Ἃθλησις
519 1607 627 1659 to?)
689 1603 850 1678 ἁγίου
899 1604 1313 1678 ἱερομᾲρτυρ-ος
1351 1600 1677 1657 Ἱππολύτου
1708 1599 1879 1665 πάπα,

765 1675 856 1730 καὶ
883 1680 991 1730 τῶν
1024 1674 1129 1729 ’σὺν
1181 1674 1347 1746 αὐτῷ.

2634 1485 2855 1542 Eodem
2885 1485 2982 1542 die

1989 1603 2144 1659 144
2178 1602 2464 1660 Certamen
2491 1603 2828 1660 sacrosancti
2854 1605 3118 1673 martyris
3143 1601 3435 1675 Hippolyti
3447 1620 3632 1676 papa,

2551 1682 2602 1730 et
2629 1678 2895 1732 sociorum
2917 1676 3058 1745 ejus.

261 1793 323 1848 ’Β
413 1791 547 1867 ἱερά
608 1788 833 1848 συνοδία
911 1795 1008 1845 τοῦ
1082 1789 1493 1866 Ἰερομάρτυρος
1550 1783 1875 1844 Ἱππολύτου

2058 1793 2234 1847 Sacer
2255 1792 2550 1865 Hippolyti
2580 1792 2998 1864 sacromatyris
3023 1796 3208 1848 coetus
3229 1791 3442 1847 claruit
3464 1792 3630 1848 Clau-

205 1883 465 1956 ὖπῆρχεν
531 1880 624 1936 ἐπὶ
679 1887 778 1949 τῆς
838 1876 1115 1956 βασιλείας
1171 1874 1463 1947 Κλαυδίου,
1513 1875 1875 1951 ἡγεμονεύον-

1987 1880 2084 1936 dio
2115 1881 2492 1952 imperatore,
2525 1886 2585 1936 et
2617 1880 2841 1936 Vicario
2885 1879 3183 1951 praefecto.
3238 1881 3383 1936 Cum
3434 1886 3630 1936 autem

191 1990 283 2030 τος
321 1943 642 2042 ’Βῗκαρίοψ
705 1943 866 2024 Καὶδ
903 1967 997 2040 μὲν
1058 1970 1397 2039 Κενσωρῖνος
1455 1943 1749 2039 μάγιστρος
1780 1957 1875 2034 ὥν,

1987 1960 2300 2026 Censorius
2336 1971 2593 2026 militum
2651 1971 2934 2043 magister
2963 1975 3139 2036 esset,
3173 1974 3230 2024 et
3286 1969 3629 2042 imperatori

193 2058 285 2114 καὶ
317 2063 408 2130 τῷ
436 2057 671 2134 βασιλεῖ
725 2057 1108 2131 ἀγαπώμενος,
1169 2053 1324 2128 ὅμως
1383 2048 1596 2108 ἐσέϐετο
1625 2053 1716 2106 τὸν
1747 2070 1875 2127 Χρι-

1987 2060 2222 2126 charus,
2267 2060 2564 2116 Christum
2625 2059 2804 2115 simul
2851 2058 3100 2126 colebat,
3155 2064 3214 2114 et
3267 2059 3634 2114 Christianos

200 2149 348 2221 στὸν,
377 2147 482 2202 καὶ
542 2145 680 2207 τοὺς
727 2144 1084 2220 Χριστιανοὺς
1140 2141 1383 2215 ἐξεδίκευ
1441 2140 1586 2197 ἀλλὰ
1617 2138 1875 2216 λοιδορη-

1987 2147 2338 2204 vindicabat.
2362 2149 2551 2214 Quare
2582 2153 2912 2215 accusatus,
2947 2149 3007 2202 in
3036 2163 3335 2202 carcerem
3364 2145 3629 2203 detrudi-

200 2239 310 2303 θεὶς
375 2235 729 2307 ἀπεκλείσθη
790 2235 841 2291 ἐν
903 2239 972 2310 τῇ
1032 2234 1274 2308 ἢυλακῇ·
1349 2228 1476 2298 ἔνθα
1537 2234 1875 2308 θαυματουρ-

1987 2244 2116 2294 tur:
2145 2238 2243 2294 ubi
2275 2239 2559 2312 prodigiis
2591 2243 2648 2293 et
2676 2238 2877 2308 signis,
2913 2238 3209 2309 prmeipue
3241 2242 3437 2292 autem
3469 2254 3630 2292 mor-

203 2333 408 2404 γήσας,
467 2327 569 2382 καὶ
629 2326 816 2401 νεκρὸν
886 2325 1211 2396 ἀναστήσας,
1270 2322 1448 2379 ἔπεισε
1495 2321 1698 2384 πάντας
1749 2321 1875 2383 τοὺς

1987 2336 2086 2386 tuo
2109 2329 2182 2385 ad
2214 2330 2390 2385 vitam
2423 2336 2712 2393 revocato,
2772 2329 2994 2384 milites
3051 2345 3260 2384 omnes
3309 2328 3382 2383 ad
3411 2328 3628 2384 Christi

198 2419 558 2494 στρατιώτας
610 2421 894 2471 πιστεῦσαι
946 2419 1025 2487 τῷ
1081 2417 1319 2488 Χριστῷ.
1381 2412 1592 2474 Οἶτινες
1645 2410 1875 2487 προστά·

1988 2419 2162 2476 fidem
2196 2419 2500 2491 pertraxit.
2525 2419 2624 2491 qui
2659 2419 2894 2491 tyranni
2932 2417 3107 2489 jussu
3165 2417 3441 2472 decollati
3474 2424 3634 2482 sunt,

199 2511 273 2581 ξει
325 2512 439 2564 τοῦ
486 2505 762 2580 τυράννου
820 2505 1356 2580 ἀπεκεφκλίσθησανο
1408 2502 1498 2558 καὶ
1557 2501 1648 2558 σὺν
1698 2502 1882 2564 αὐτοῖς

201 2599 528 2675 ἧμακαρία
570 2597 783 2673 Χρυσῆ,
811 2596 904 2651 καὶ
964 2596 992 2651 6
1042 2593 1244 2666 ταύτης
1296 2593 1566 2669 ὑπουργὸς
1623 2589 1876 2656 Σαϐῖνος.

205 2693 398 2746 Ταῦτα
465 2687 652 2760 μαθὼν
689 2687 718 2740 6
775 2686 959 2749 πάπας
1005 2685 1355 2757 Ἱππόλυτος,
1402 2686 1494 2740 καὶ
1545 2683 1700 2758 ζήλῳ
1755 2684 1880 2758 θείῳ

208 2779 487 2848 κινηθεὶς,
517 2776 656 2847 ἦλθε
704 2776 842 2830 κατὰ
887 2773 1204 2850 πρόσωπον,
1249 2775 1338 2830 καὶ
1391 2772 1585 2850 ἣλεγζε
1639 2774 1732 2830 τὸν
1785 2774 1879 2829 τό-

227 2887 447 2941 ραννον.
487 2868 550 2924 Ὀ
607 2863 668 2921 δὶ
726 2865 1021 2940 ὑπερζέσας
1069 2869 1149 2936 τῷ
1201 2865 1398 2938 θυμῷ,
1459 2862 1720 2939 πρότερον
1782 2864 1878 2937 μὶν

229 2955 483 3031 ἴσχυε-σῶς
512 2955 664 3012 αὐτὸν
696 2952 1036 3026 ἐϐασάοισεν,
1087 2953 1218 3028 μετᾶ
1270 2959 1380 3010 τῶν
1435 2952 1879 3010 ἀκολουθούντων

227 3045 384 3116 εὐτῷ
439 3041 838 3121 πρεσϐυτέρων,
889 3043 978 3099 καί
1036 3041 1320 3112 διακόνων,
1369 3044 1459 3098 καὶ
1504 3047 1601 3099 τοῦ
1658 3042 1876 3099 ἐπισκό-

220 3155 350 3192 που.
386 3137 611 3190 Ἔπειτα
641 3132 816 3206 δήσας
876 3133 1050 3189 αὐτῶν
1076 3135 1171 3196 τὰς
1225 3137 1416 3209 χεῖρας
1472 3132 1562 3187 καὶ
1612 3132 1739 3196 τοὺς
1771 3134 1874 3188 πό·

1987 2507 2046 2561 in
2078 2507 2294 2577 quibus
2325 2506 2437 2560 fuit
2477 2505 2655 2561 beata
2684 2506 2924 2576 Chryse,
2960 2505 3206 2575 ejusque
3241 2520 3440 2559 servus
3467 2505 3634 2559 Sabi—

1986 2614 2117 2652 nus.
2153 2597 2218 2651 Id
2247 2597 2347 2652 ubi
2380 2596 2617 2652 rescivit
2657 2595 3008 2667 Hippolytus
3051 2611 3223 2666 papa,
3283 2594 3476 2649 divino
3509 2595 3630 2650 zelo

1985 2688 2264 2742 incensus
2287 2691 2608 2758 tyrannum
2631 2685 2796 2751 adiit,
2817 2690 2875 2738 et
2904 2686 3190 2740 acerrime
3213 2684 3629 2756 reprehendit:

1985 2775 2086 2845 qui
2119 2776 2208 2829 ira
2228 2773 2683 2838 excandescens,
2709 2773 2968 2845 primum
2992 2773 3233 2844 quidem
3250 2773 3633 2828 acerbissime

1985 2863 2366 2936 Hippolytum
2398 2863 2660 2934 torqueri
2685 2862 2888 2933 jussit,
2922 2860 3169 2933 ejusque
3201 2861 3450 2916 comites
3470 2878 3630 2932 prae—

1985 2954 2274 3026 sbyteros,
2315 2951 2623 3021 diaconos,
2678 2955 2736 3006 et
2784 2950 3164 3023 epiSCOpum:
3227 2949 3443 3005 deinde
3500 2949 3633 3004 alli-

1984 3043 2132 3118 gatis
2190 3043 2265 3098 ad
2322 3057 2536 3098 manus
2591 3039 2892 3113 pedesque
2948 3037 3314 3112 gravissimis
3363 3037 3540 3107 saxis,
3571 3037 3632 3092 in

1982 3131 2342 3206 profundum
2368 3145 2530 3186 mare
2550 3129 2685 3185 illos
2714 3127 2966 3202 projecit
2990 3144 3003 3182 :
3027 3132 3203 3200 atque
3224 3127 3384 3182 hunc
3413 3127 3474 3182 in
3504 3143 3633 3182 mo-

214 3240 312 3305 δας
343 3243 422 3305 εἰς
454 3243 649 3308 λίθους
685 3243 890 3316 βαρεῖς,
947 3245 1027 3313 τῷ
1082 3241 1230 3316 βυθῷ
1274 3246 1375 3310 τῆς
1423 3237 1698 3311 θαλάσσης
1730 3238 1877 3317 ἐνέρ-

216 3334 359 3408 ῥιψε·
393 3335 484 3390 καί
521 3335 697 3396 οὕτως
748 3332 1166 3402 ἐτελειώθησαν,

787 3459 968 3518 ΜΗΝΙ
997 3463 1082 3514 ΤΩ
1123 3459 1317 3517 ΔΥΤΩ.

1023 3559 1080 3613 Α.

215 3657 487 3733 Ἀθλησις
576 3662 677 3713 τοῦ
748 3657 904 3733 ᾁγίου
1001 3674 1272 3733 μαρτυρος
1366 3656 1705 3733 βαρσιιμαίου
1747 3658 1883 3733 Ῠτοῦ

279 3725 594 3803 ἐπισκόπου
679 3725 806 3784 τοῦ’
873 3725 1228 3803 βαπτὲίσὰντός
1327 3725 1455 3782 τὸν’
1502 3725 1651 3800 ἅγιον
1742 3725 1885 3799 Σάρ-

284 3797 491 3873 ϐηλον.

287 3920 350 3978 '0
413 3919 569 3992 ἅγιος
626 3919 955 3992 ἱερομάρτυς
1001 3918 1360 3989 Βαρσιμαῖος,
1418 3917 1495 3977 ὠς
1536 3915 1879 3993 προεγράφη,

216 4004 518 4067 ἆπίσκοπος
548 4008 615 4074 ἦν
645 4011 745 4076 τῆς
776 4005 828 4060 ἐν
879 4003 1103 4078 Ἐδὲσσῃ
1150 4003 1466 4074 ἐκκλησίας,
1489 4001 1755 4059 διδάσκων
1787 4004 1877 4058 τὸν

217 4092 348 4150 λαὸν
385 4099 498 4150 τῶν
555 4091 864 4164 Ἑλλήνων,
913 4094 1002 4148 καὶ
1051 4093 1386 4172 ἐπιστρέφων
1445 4093 1551 4148 ἀπὸ
1607 4099 1706 4162 τῆς
1735 4094 1878 4148 πλά-

210 4205 308 4255 νης
366 4189 483 4239 τῶν
546 4180 818 4252 εἰδώλων,
869 4183 957 4237 καὶ
1015 4181 1290 4257 βαπτίζων
1339 4180 1414 4238 εἰς
1461 4181 1526 4236 τὸ
1554 4181 1728 4254 ’ὄνομα
1781 4185 1879 4236 τοῦ

206 4274 450 4347 Πατρὸς,
525 4272 617 4326 καὶ
670 4275 768 4326 τοῦ
820 4271 970 4339 ΙἾοῦ,
1030 4271 1120 4325 καὶ
1166 4274 1265 4325 τοῦ
1322 4271 1480 4346 ἁγίου
1539 4269 1875 4342 Πνεύματος.

207 4363 494 4423 Βιπτίσας
531 4358 588 4415 δὲ
625 4358 898 4427 πολλοὺς,
931 4357 1037 4415 εἶδε
1094 4360 1182 4414 καὶ
1244 4355 1536 4434 Σάρϐηλον
1590 4358 1682 4414 τὸν
1732 4360 1878 4435 ⁴ίερὲοι

208 4459 314 4510 τῶν
351 4448 614 4508 εἰδώλων
633 4449 826 4504 θύοντα
851 4453 969 4510 τοῖς
1009 4446 1288 4520 εἰδώλοις,
1346 4449 1437 4503 καὶ
1489 4445 1755 4518 ὠνείδισε,
1784 4450 1874 4503 καί

208 4541 525 4613 ἱιὲπληξεν
559 4537 741 4608 αὐτὸν,
782 4537 973 4610 ἐῖπὼν,
1033 4537 1119 4593 ὅτι
1177 4536 1254 4593 Σὺ
1317 4537 1483 4610 μόνος
1538 4535 1876 4615 διαστρέφεις

1985 3221 2126 3278 dum
2152 3221 2329 3276 vitam
2363 3219 2668 3277 ﬁnierunt.

2557 3426 2798 3484 EODEM
2827 3395 3062 3480 MENsE

2593 3529 2694 3585 Die
2726 3527 3030 3583 tricesima

1984 3631 2134 3686 145
2189 3630 2472 3684 Certamen
2522 3628 2702 3682 sancti
2740 3628 3001 3695 martyris
3039 3621 3328 3679 Βανείωεὶ
3369 3623 3629 3693 episcopi,

2238 3719 2338 3788 qui
2391 3723 2645 3773 sanctum
2699 3713 2986 3772 Sarbelum
3043 3710 3367 3784 baptizavit.

2057 3927 2477 3982 Sacrosanctu‘s
2491 3926 2719 3994 martyr
2730 3922 3102 3987 Barsimmus,
3121 3925 3188 3974 ut
3198 3934 3378 3992 supra
3405 3917 3629 3975 dictum

1986 4020 2094 4082 est,
2126 4013 2438 4069 Edessenas
2461 4011 2727 4067 ecclesia
2750 4013 3064 4084 episcopus
3087 4014 3232 4073 erat,
3268 4010 3633 4065 Graacorum-

1984 4121 2098 4177 que
2129 4109 2366 4178 gentem
2397 4101 2640 4169 docens,
2664 4100 2736 4156 ab
2755 4101 3053 4159 idolorum
3085 4115 3285 4156 errore
3315 4113 3633 4156 conversos

1981 4195 2318 4269 baptizabat
2364 4195 2426 4251 in
2457 4194 2702 4250 nomine
2733 4193 2944 4260 Patris,
3000 4196 3060 4248 et
3105 4190 3259 4258 Filii,
3293 4196 3351 4245 et
3379 4190 3633 4262 Spiritus

1983 4285 2192 4343 sancti.
2230 4285 2494 4356 Cumque
2521 4283 2741 4339 multos
2773 4282 3115 4354 baptizaret,
3147 4280 3292 4335 vidit
3321 4277 3628 4335 Sarbelum

1981 4376 2277 4432 idolorum
2313 4374 2682 4430 sacerdotem
2713 4372 2889 4428 idolis
2941 4371 3414 4427 sacriﬁcantem:
3449 4384 3626 4438 quem

1979 4465 2314 4536 increpans,
2374 4462 2726 4535 probrisque
2758 4465 2817 4515 et
2844 4459 3100 4516 convicis
3130 4457 3419 4524 afﬁciens,
3469 4455 3628 4525 quod

1976 4571 2134 4611 unus
2163 4554 2504 4609 universum
2534 4549 2820 4623 populum
2850 4552 3198 4620 perveteret,
3230 4545 3304 4601 ad
3330 4543 3623 4616 pceniten~

207 4634 335 4687 δεον
369 4633 468 4687 τὸν
505 4629 660 4688 λαὸν.
717 4628 1113 4702 Κατανυγὲντος
1147 4624 1204 4683 δὲ
1235 4626 1464 4695 ἐκείνου,
1521 4630 1611 4681 καὶ
1673 4627 1870 4703 βαπτι-

1987 4644 2125 4699 tiam
2175 4648 2232 4698 et
2289 4640 2808 4711 compunctionem
2860 4635 3127 4700 adduxit,
3187 4640 3246 4689 et
3291 4632 3623 4705 baptizavit.

209 4723 434 4782 σῦἐντος
493 4717 642 4792 παρᾶ
693 4721 790 4772 τοῦ
843 4715 1148 4772 ἐπισκόπου
1179 4763 1196 4788 ,
1272 4715 1363 4771 καὶ
1428 4717 1870 4791 μαρτυρήσαντος

1987 4733 2220 4793 Sarbelo
2251 4736 2450 4786 autem
2471 4744 2605 4784 cum
2626 4741 2826 4782 sorore
2848 4724 3057 4780 Babzea
3078 4739 3185 4796 pro
3207 4722 3440 4779 Christo
3468 4737 3626 4776 mar-

212 4811 344 4884 ὗπὶρ
406 4809 670 4881 Χριστοῦ,
730 4805 866 4878 μετὰ
929 4812 1030 4874 τῆς
1087 4802 1329 4882 ἀδελφῆς
1385 4805 1554 4861 αὐτοῦ
1611 4800 1870 4872 Βαϐαίας,

215 4898 491 4972 διεγνώση
549 4898 576 4952 6
631 4894 924 4960 ἑπίσκοπος
957 4939 972 4964 ,
1048 4895 1137 4950 καὶ
1193 4894 1434 4970 παρέστη
1490 4898 1570 4966 τῷ
1635 4892 1868 4968 ἡγεμόνι

215 4989 409 5060 Λυσίᾳ·
477 4986 570 5041 καὶ
619 4984 817 5062 «seen
868 4981 1138 5061 σφοδρῶς.
1189 4982 1322 5041 Εἶτα
1371 4982 1716 5055 παυσαμένου
1776 5004 1872 5055 μι-

207 5080 332 5149 κρὸν
391 5080 494 5132 τοῦ
541 5071 813 5149 διωγμοῦ,
844 5073 1038 5146 ἐξῆλθε
1064 5080 1164 5142 τῆς
1222 5071 1495 5150 φυλακῆς’
1562 5071 1652 5126 καὶ
1715 5069 1767 5127 ἐν
1797 5073 1866 5136 τῇ

1977 4823 2197 4896 tyrium
2249 4834 2444 4892 passo,
2504 4815 2736 4872 delatus
2793 4813 3127 4886 episcopus,
3160 4816 3220 4868 et
3269 4811 3344 4868 ad
3399 4810 3628 4884 Lysiam

1976 4909 2294 4985 presidem
2316 4906 2625 4972 adductus,
2643 4903 3003 4976 gravissimas
3020 4901 3333 4974 vapulavit.
3365 4900 3478 4958 Sed
3504 4917 3627 4956 ces-

1975 5005 2145 5057 sante
2170 4993 2519 5068 aliquandiu
2548 4993 2981 5066 persecutione,
3018 4989 3300 5048 dimissus
3330 5005 3362 5046 e
3391 5005 3628 5046 carcere

1975 5094 2034 5145 et
2061 5089 2134 5145 ad
2166 5085 2420 5160 prepriaa
2451 5081 2713 5139 ecclesias
2744 5081 3010 5153 regimen
3040 5079 3352 5146 incubans,
3386 5095 3521 5136 cum
3555 5080 3625 5136 de

208 5163 315 5237 ἰδῇ
344 5165 644 5239 γενόμενος
673 5162 939 5234 ἐκκλησίᾳ
994 5162 1083 5217 καὶ
1139 5166 1222 5234 τῷ
1278 5165 1397 5234 Θεῷ
1449 5162 1722 5229 συνήθεως
1779 5157 1869 5215 διὰ

1987 5193 2138 5233 :nore
2168 5157 2274 5247 per
2303 5188 2512 5229 omnes
2543 5171 2788 5227 virtutes
2815 5171 2931 5226 Deo
2970 5186 3034 5226 se
3062 5174 3294 5242 gratum
3326 5168 3626 5224 exhibuis-

207 5259 386 5324 πάσης
452 5255 652 5324 ἀρετῆς
711 5252 1073 5326 εὖαρεστήσας
1103 5296 1119 5323 ,
1181 5251 1477 5322 ἐτελειώθη
1505 5295 1520 5321 ,
1573 5248 1867 5325 ἀπολαρὼν

212 5347 306 5414 τὴν
337 5343 476 5399 αἰών
487 5363 570 5396 ιον
604 5343 770 5412 ζωήν.

797 5435 872 5506 τῇ
904 5430 1041 5505 αὐτῇ
1072 5431 1256 5504 ἡμέρᾳ

412 5530 680 5601 Ἀθλησις
706 5534 805 5584 τοῦ
848 5529 1004 5604 ἁγίου
1034 5528 1305 5608 Θεοφίλου
1356 5533 1453 5584 τοῦ
1485 5529 1648 5588 Νέου.

270 5653 431 5716 Οὗτος
455 5652 716 5726 ὑπῆρχεν
769 5650 878 5704 ἀπὸ
936 5647 1589 5718 Κωνσταντινουπόλεως,
1646 5647 1735 5703 ἐπὶ
1764 5654 1864 5717 τῆς

1979 5273 2088 5333 set,
2121 5263 2399 5331 decessit,
2425 5262 2607 5318 vitam
2637 5261 2933 5333 recipiens
2965 5266 3270 5316 aaternam.

2616 5441 2838 5498 Eodem
2888 5441 2983 5498 die

2113 5544 2266 5598 140
2315 5541 2598 5597 Certamen
2647 5539 2827 5596 sancti
2878 5539 3166 5612 Theophili
3210 5540 3476 5595 Junioris.

2042 5663 2179 5726 Iste,
2212 5657 2597 5714 Constantino
2625 5661 2686 5711 et
2713 5656 2880 5711 lrene
2911 5655 3252 5711 orthodoxis
3301 5655 3624 5725 imperato-

217 5740 479 5816 βασιλείας
507 5737 932 5809 Κωγπαντίνου
985 5739 1074 5793 καὶ
1123 5737 1380 5819 Εἰρήνης.
1419 5741 1530 5793 τῶν
1560 5734 1862 5823 ὂρβοδόξων

1987 5748 2158 5813 ribus,
2183 5744 2762 5817 Constantinopolim
2821 5745 3073 5815 patriam
3129 5746 3358 5808 nactus,
3390 5743 3620 5799 ordinis

203 5829 458 5906 βασιλέων
479 5876 497 5902 ,
561 5825 640 5890 εἷς
686 5832 789 5898 τῆς
851 5823 1166 5903 συγκλήτου
1191 5869 1206 5897 ,
1262 5825 1560 5904 στρατηγὸς
1617 5821 1676 5880 δὶ
1723 5821 1859 5881 ἆποὲ

1969 5835 2254 5894 senatorii
2282 5835 2389 5904 vir,
2421 5833 2494 5890 ab
2537 5830 2998 5904 imperatoribus
3041 5831 3160 5889 dux
3217 5829 3512 5886 exercitus
3542 5832 3618 5887 ad
