4112 6308
437 409 552 468 287

1757 409 1805 466 Μ
1821 404 2183 467 ENOLOGlI
2231 405 2432 465 PARS
2480 407 2552 466 Il.

3729 407 3888 468 288

437 547 586 603 ﬁnes
616 544 1106 615 Cibyrraeotarum
1139 544 1377 610 missus,
1401 543 1501 597 ubi
1533 543 1790 613 primum
1821 542 2070 596 Sarace-

2195 538 2411 601 σταλεῗς
2443 539 2546 594 ὑπὸ
2573 541 2682 592 τῶν
2719 536 2988 613 βασιλὲων
3030 537 3105 600 είς
3171 539 3234 594 τὸ
3293 537 3432 611 θὲμα
3476 543 3583 596 τῶν
3635 537 3876 618 Κιϐυρ-

433 650 646 692 norum
679 633 888 688 classis
915 633 975 685 in
1037 639 1360 703 conspectu
1416 631 1546 697 fuit,
1605 631 1888 686 instruxit
1916 647 1977 685 se
2009 629 2082 685 ad

432 739 713 797 pugnam.
748 722 1216 777 Habebatautem
1238 727 1355 775 tres
1386 720 1534 775 alios
1556 721 1748 776 socios
1777 721 2082 792 ecpiarum

437 814 636 870 duces.
662 814 927 882 Cumque
955 814 1077 881 ipse
1099 812 1325 881 primus
1354 828 1487 865 cum
1513 828 1618 865 suo
1651 811 1957 876 dromone,
1992 810 2077 865 fa-

435 907 529 958 cto
563 902 622 955 in
656 900 941 955 Barbaros
973 900 1218 969 impetu,
1255 899 1575 953 fortissime
1607 904 1944 971 pugnasset,
1971 916 2080 952 oze-

431 991 541 1046 teri
575 990 755 1044 duces
813 989 1013 1060 gloriae
1073 989 1202 1057 ejus
1253 988 1603 1047 invidentes.
1639 994 1875 1058 arrepta
1924 987 2078 1059 fuga,

432 1079 624 1134 solum
650 1095 783 1132 eum
808 1077 1192 1147 reliquerunt.
1217 1077 1690 1130 Circumventum
1717 1077 1914 1147 itaque
1941 1077 2080 1130 Bar-

432 1168 558 1223 bari
618 1167 881 1236 capiunt,
943 1166 1305 1234 domumque
1364 1166 1602 1223 reversi.
1665 1165 1727 1219 in
1782 1181 2080 1220 carcerem

436 1256 784 1312 includunt:
819 1255 975 1308 unde
1009 1260 1218 1324 quarto
1253 1260 1387 1325 post
1435 1271 1592 1308 anno
1644 1253 1911 1321 eductus,
1947 1271 2081 1309 cum

436 1346 877 1409 sollicitaretur,
912 1349 976 1397 ut
1005 1344 1337 1398 Christiana
1370 1343 1482 1398 fide
1507 1343 1735 1414 ejurata
1766 1345 2084 1415 Hagareni-

433 1451 564 1491 cam
595 1434 1079 1506 superstitionem
1139 1433 1487 1504 susciperet,
1545 1449 1655 1487 nec
1686 1432 1756 1487 ad
1790 1432 1850 1486 id
1881 1433 2080 1489 induci

432 1530 655 1597 posset,
679 1525 870 1597 capite
893 1523 1100 1596 plexus
1127 1522 1358 1577 vivendi
1394 1522 1573 1579 tinem
1602 1521 1759 1578 fecit.

999 1721 1240 1778 EODEM
1273 1719 1525 1776 MENSE.

920 1827 1025 1882 Die
1068 1826 1371 1882 tricesima
1399 1826 1595 1898 prima

430 1935 580 1990 147
643 1933 931 1992 Certamen
995 1940 1307 1989 sanctorum
1367 1933 1885 2004 thaumaturgorum
1945 1933 2074 2003 Cyri
2101 1920 2147 1983 Β

1087 2013 1138 2060 et
1158 2007 1407 2060 Joannis.

501 2114 600 2168 Isti
619 2113 1353 2184 Diocletianoimperatore
1371 2113 1732 2168 claruerunt.
1750 2115 1817 2167 Et
1835 2117 2074 2169 sanctus

425 2203 663 2275 quidem
696 2203 880 2274 Cyrus
911 2203 1103 2272 patria
1133 2203 1586 2264 Alexandrinus.
1619 2209 1679 2257 et
1706 2203 2072 2274 professione

425 2292 863 2348 medicus.cum
879 2292 1006 2346 sine
1036 2291 1160 2346 ulla
1191 2292 1461 2346 mercede
1495 2297 1680 2347 artem
1715 2307 1880 2346 suam
1905 2308 2072 2346 exer-

427 2386 607 2446 ceret,
643 2380 822 2434 simul
851 2381 1066 2435 Christi
1101 2380 1278 2435 fidem
1310 2379 1577 2435 docebat.
1611 2381 1801 2444 Quare
1841 2380 2071 2435 delatus

425 2469 500 2525 ad
533 2468 698 2523 urbis
730 2470 1094 2540 praefectum,
1131 2469 1340 2523 timore
1371 2469 1702 2540 perculsus.
1735 2469 2072 2540 profugitin

426 2558 706 2616 Arabiam
741 2575 753 2622 ;
783 2563 841 2612 et
869 2559 1259 2624 monasticam
1292 2558 1470 2613 vitam
1500 2558 1828 2628 amplexus.
1863 2558 2074 2614 inloco

431 2648 580 2702 mari
611 2648 876 2718 proximo
919 2647 1206 2702 consedit.
1269 2648 1519 2702 Sanctus
1571 2653 1769 2702 autem
1821 2649 2076 2703 Joannes

432 2735 843 2805 Hierosolyma
872 2735 1190 2805 profectus,
1225 2751 1357 2790 cum
1399 2735 1470 2789 de
1524 2734 1830 2789 miraculis
1887 2736 2073 2790 sancti

429 2824 560 2896 Cyri
593 2824 810 2878 certior
837 2823 1027 2878 factus
1056 2824 1283 2887 fuisset,
1305 2840 1441 2878 eum
1473 2823 1638 2887 adiit,
1664 2828 1723 2878 et
1741 2823 1871 2878 vitm
1903 2825 2076 2878 ratio-

429 2930 568 2969 nem
597 2930 731 2968 cum
756 2929 824 2967 eo
847 2912 1067 2983 junxit.
1100 2914 1244 2968 Cum
1274 2929 1410 2968 vero
1442 2913 1778 2968 Christiana
1803 2913 2075 2984 quaedam

429 3002 758 3058 Athanasia
793 3003 1055 3065 nomine,
1117 3003 1364 3073 ejusque
1401 3007 1517 3056 tres
1569 3002 1724 3068 tilias,
1757 3003 2074 3068 Tlieodota,

429 3093 783 3159 Theoctista,
817 3098 876 3147 et
913 3091 1197 3150 Eudoxia.
1256 3093 1698 3156 comprehensae
1730 3109 1764 3146 a
1800 3092 2076 3162 praefecto

430 3181 777 3251 torquendus
811 3187 1042 3246 essent;
1075 3182 1245 3236 veriti
1277 3198 1352 3236 ne
1401 3181 1525 3246 illa,
1560 3188 1624 3235 ut
1652 3181 1895 3240 femina.
1925 3182 2078 3237 deﬁ-

433 3277 595 3325 ceret
624 3271 683 3323 in
716 3271 1048 3335 tormentis,
1082 3271 1385 3327 accedunt,
1420 3286 1668 3340 eamque
1700 3271 2077 3329 conﬁrmant.
2111 3285 2156 3348 ρ

433 3363 623 3426 Quare
656 3360 1094 3433 comprehensi,
1149 3366 1284 3432 post
1313 3360 1531 3414 multos
1561 3359 1856 3416 cruciatus
1888 3363 2077 3434 capite

427 3448 587 3521 plexi
620 3455 776 3504 sunt.

1077 3628 1296 3686 Eodem
1344 3630 1442 3688 dio

435 3735 590 3793 148
626 3735 911 3794 Certamen
937 3737 1119 3794 sancti
1140 3741 1406 3824 martyris
1442 3739 1737 3813 Victorini,
1769 3751 1824 3800 et
1851 3761 1950 3801 seu
1978 3761 2075 3802 so-

1141 3827 1350 3866 morum
1367 3853 1377 3864 .

504 3916 682 3971 Decio
713 3916 1069 3986 imperatore
1098 3915 1341 3971 fuerunt
1367 3918 1466 3973 isti
1499 3935 1567 3974 ex
1591 3919 1738 3975 urbe
1766 3922 2079 3978 Corintho:

434 4003 850 4075 comprehensi
883 4010 1100 4068 autem,
1137 4011 1195 4060 et
1223 4007 1420 4061 Tersio
1454 4010 1791 4078 proconsuli
1856 4012 2079 4080 traditi,

433 4092 775 4167 gravissime
807 4093 944 4145 torti
975 4098 1132 4150 sunt.
1165 4095 1496 4150 Victorinus
1521 4098 1680 4152 enim
1713 4104 1879 4154 eruto
1909 4102 2082 4157 oculo

439 4183 665 4243 dextro.
685 4180 1077 4250 manibusque
1100 4187 1158 4235 et
1175 4183 1422 4252 pedibus
1443 4184 1741 4253 abscissis,
1765 4189 1827 4241 in
1859 4190 2083 4262 ingenti

436 4270 721 4329 m0rtario
753 4285 1083 4324 marmoreo
1109 4270 1409 4335 confusus,
1440 4272 1683 4331 decesit.
1721 4277 1915 4332 Victor
1935 4296 2080 4350 pras-

437 4361 560 4416 cisa
592 4358 792 4430 lingua
821 4356 1027 4412 eadem
1088 4358 1317 4413 ratione
1363 4360 1423 4413 in
1456 4363 1735 4418 mortario
1767 4368 2085 4422 contundi-

437 4447 925 4518 tur.Nicephorus
959 4446 1163 4501 tandiu
1214 4449 1524 4517 premitur.
1562 4449 1752 4507 donec
1783 4457 2020 4527 sanguis
2051 4475 2082 4514 e

437 4539 683 4595 naribus
705 4543 1078 4607 erumperet:
1105 4537 1318 4591 deinde
1341 4555 1447 4608 per
1466 4540 1713 4610 capillos
1736 4559 2082 4614 suspensus,

435 4629 675 4684 tandem
711 4628 770 4680 in
803 4627 1008 4681 eodem
1042 4626 1326 4681 mortario
1349 4628 1702 4697 conciditur,
1732 4633 1925 4702 quoad
1956 4635 2080 4688 ani-
2118 4648 2159 4711 [)

441 4734 598 4773 mam
635 4716 884 4772 efﬂaret.
947 4716 1307 4771 Claudianus
1357 4718 1648 4773 mutilatis
1708 4721 1983 4777 manibus
2015 4739 2083 4780 ac

440 4805 713 4878 pedibus,
746 4811 802 4860 et
835 4822 1178 4876 suspensus,
1212 4823 1282 4862 ex
1313 4807 1422 4862 hac
1453 4807 1568 4863 vita
1605 4807 1896 4866 discessit.
1945 4813 2080 4869 Dio-

439 4896 620 4950 dorus
650 4895 781 4961 igne
822 4902 1211 4967 consumptus
1241 4902 1347 4950 est.
1405 4898 1686 4969 Sarapion
1720 4900 1948 4956 inverso
1989 4920 2081 4959 ca-

439 4986 561 5057 pite
593 5001 920 5056 suspensus
950 4985 1296 5040 decollatur.
1342 4987 1552 5057 Papias
1607 4988 1864 5062 denique
1893 4993 2082 5047 mani-

440 5073 551 5129 bus
583 5073 952 5145 pedibusque
982 5074 1324 5145 amputatis,
1356 5090 1495 5130 saxo
1526 5076 1823 5150 alligatus,
1855 5079 1916 5136 in
1946 5097 2082 5152 pro-

442 5162 695 5219 fundum
727 5161 1023 5233 dejicitur.

1084 5338 1304 5395 Eodem
1353 5339 1450 5394 die

553 5449 704 5504 149
740 5449 1028 5502 Certamen
1085 5456 1296 5502 sanclw
1339 5449 1600 5515 martyris
1642 5451 1980 5520 Tryphaenae.

516 5556 844 5627 Tryphmna
869 5553 1082 5608 Christi
1144 5558 1369 5623 martyr
1399 5569 1468 5607 ex
1513 5553 1657 5610 urbe
1715 5556 1912 5628 Cyzico
1957 5559 2088 5625 fuit,

447 5645 742 5704 Anastasii
776 5643 1028 5716 patricii,
1061 5641 1164 5697 sed
1211 5641 1470 5714 gentilis.
1502 5650 1562 5698 et
1617 5643 1892 5701 Socratiaa
1925 5647 2091 5704 Chri-

446 5739 654 5797 stiana:
683 5734 829 5799 ﬁlia,
863 5733 1198 5790 Christiana
1227 5739 1286 5787 et
1315 5732 1463 5804 ipsa.
1498 5733 1644 5790 Cum
1675 5741 1874 5793 autem
1902 5736 2090 5795 festus

2195 625 2425 702 ῥαιότων
2471 671 2486 693 ,
2546 626 2746 681 στόλου
2828 631 3147 701 Σαρακηνοῢ
3227 630 3480 705 φανέντος
3516 671 3531 696 ,
3588 632 3888 701 παρέταξε

2192 716 2328 788 πρὸς
2386 715 2448 769 τὸ
2506 713 2847 787 πολεμῆσαι.
2908 720 3100 792 ’Ἐχων
3158 713 3214 770 δὲ
3273 717 3719 789 συμπολεμιστᾶς
3752 719 3877 774 καὶ

2193 802 2396 865 ἄλλους
2454 811 2602 877 τρεῖς
2663 804 3015 879 στρατηγοὺς,
3074 804 3226 878 ὅμως
3286 812 3501 880 πρῶτος
3559 806 3879 881 ἐξώρμησε

2195 895 2329 966 μετά
2384 899 2480 949 τοῦ
2533 893 2678 949 ἱδίου
2733 893 3041 970 δρόμωνοςο
3100 898 3188 951 καὶ
3251 895 3469 964 εῗσῆλθε
3524 907 3683 969 μὲσον
3734 905 3874 956 τῶν

2195 980 2504 1060 βαρϐάρων,
2559 987 2648 1039 καὶ
2702 983 3124 1061 ἡνδραγάθησεν.
3185 985 3411 1049 Ἰδόντες
3465 986 3521 1042 δὲ
3579 991 3629 1043 οἱ
3657 987 3875 1061 ἕτεροι

2192 1075 2509 1148 στρατηγοὶ,
2545 1075 2863 1148 ἐφθόνησαν
2921 1076 3008 1130 καὶ
3063 1074 3300 1149 ἐνεργῶς
3359 1078 3642 1150 φυγόντες,
3700 1079 3872 1156 ἀρῆ-

2190 1186 2286 1219 καν
2315 1163 2472 1218 αὐτὸν
2510 1167 2697 1238 μόνον,
2727 1166 2862 1220 Τότε
2912 1165 3382 1238 περικυλώσαντες
3440 1167 3491 1220 οἱ
3556 1162 3874 1241 βάρϐαροι,

2191 1253 2489 1327 ἐκράτησαν
2541 1255 2726 1310 αὐτὸν·
2781 1257 2868 1310 καὶ
2929 1257 3377 1329 ὑποστρέψαντες,
3436 1251 3632 1311 ἔϐα)ον
3687 1256 3874 1313 αὐτὸν

2192 1342 2268 1404 είς
2301 1340 2575 1420 φυλακήν.
2615 1343 2710 1400 Καὶ
2753 1344 2887 1417 μετὰ
2942 1364 3172 1418 τεσσαρα
3229 1342 3320 1414 ἔτη
3383 1339 3712 1408 ἐκϐαλόντες
3745 1345 3872 1401 αὖ-

2188 1433 2314 1502 τὸν,
2372 1435 2778 1507 κατηνάγκασαν
2841 1435 3171 1509 ἆρνήτασθαι
3229 1435 3320 1489 τὸν
3386 1435 3862 1508 Χριστιανισμὸν,

2189 1521 2278 1576 xui
2342 1523 2676 1597 μαγαρίσαι.
2737 1524 2824 1584 Ὠς
2876 1521 2934 1577 δὲ
2992 1522 3093 1578 οὐκ
3142 1518 3381 1591 ἔπεισαν,
3445 1522 3859 1600 ἀπεκεφάλισαν

2191 1609 2376 1665 αὐτόν·
2409 1610 2502 1665 καὶ
2533 1609 2705 1673 οὕτως
2735 1609 3047 1682 ἐτελειώθη.

2733 1721 2914 1777 MHNI
2960 1725 3048 1775 ΤΩ
3101 1723 3309 1777 ΑΥἸὮ.

2960 1828 3065 1884 AA'

2179 1930 2452 2001 Ἀθλησις
2490 1935 2598 1988 τῶν
2657 1930 2822 2006 ἁγίων
2868 1933 2986 2010 καὶ.
3045 1936 3471 2010 θαυματουργῶν
3505 1932 3689 2007 Κόρου
3747 1923 3855 1986 καὶ
3901 2002 3904 2004 γ

2867 2003 3122 2061 Ἰωάννου
3151 2003 3165 2061 ζ

2258 2111 2422 2167 Οὗτοι
2483 2110 2735 2186 ὑπῆρχον
2794 2109 2882 2164 ἐπὶ
2941 2115 3335 2181 ΔιοκΑητιανοῦ
3385 2115 3483 2164 τοῦ
3547 2109 3857 2185 βασιλεωςο

2188 2199 2276 2253 xui
2309 2201 2337 2253 ὁ
2372 2200 2466 2270 μὲν
2519 2202 2668 2273 ἅγιος
2730 2201 2904 2274 Κῦρος
2953 2199 3021 2268 ἧν
3088 2200 3194 2254 ἀπὸ
3249 2207 3348 2268 τῆς
3410 2197 3858 2273 ’Λλεξανδρείας,

2191 2287 2372 2356 ἰατρὸς
2400 2291 2497 2355 τήν
2538 2288 2761 2363 τεχνην.
2821 2290 3100 2360 Ἰατρεύων
3163 2286 3220 2344 δὲ
3259 2286 3488 2364 δωρεάν,
3548 2289 3598 2342 ἐν
3656 2288 3852 2360 ταύτῷ

2189 2375 2434 2432 ἐδίδασκε
2463 2378 2551 2432 καὶ
2586 2380 2680 2444 τήν
2740 2378 2815 2439 εἰς
2876 2379 3105 2452 Χριστὸν
3164 2378 3366 2433 πίστιν.
3429 2373 3752 2447 Διαϐληθεῖς
3788 2375 3857 2433 δὲ

2186 2471 2264 2538 τῷ
2318 2474 2415 2534 τῆς
2471 2465 2688 2528 πόλεως
2748 2464 3000 2542 ἄρχοντι,
3061 2468 3150 2522 καὶ
3210 2463 3470 2546 φοϐηθεὶς
3530 2467 3708 2545 φεύγει
3765 2466 3855 2530 εἰς

2204 2551 2480 2630 Ἀραϐίαν,
2540 2557 2627 2610 καὶ
2685 2556 2886 2631 γίνεται
2953 2557 3222 2632 μοναχός.
3282 2557 3384 2613 Καὶ
3445 2555 3614 2629 εὑρὼν
3667 2556 3846 2610 τόπον

2188 2642 2422 2713 πλησίον
2481 2646 2757 2712 θαλάσσης
2799 2689 2812 2713 ,
2865 2645 3176 2717 κατῴκησεν
3233 2645 3343 2699 ἐκεῖ
3376 2687 3388 2700 .
3455 2645 3517 2702 Ὀ
3576 2641 3633 2698 δὲ
3685 2645 3849 2719 ἅγιος

2187 2733 2445 2800 Ἰωάννης
2473 2731 2723 2786 ἀπελθὼν
2771 2731 2846 2795 εἷς
2901 2735 2966 2786 τά
3023 2731 3402 2805 Ἰεροσόλυμα,
3460 2732 3547 2786 καὶ
3605 2733 3848 2790 ἀγούσας

2187 2821 2312 2894 περὶ
2365 2825 2810 2895 θαυματουργιῶν
2863 2825 2960 2876 τοῦ
3013 2821 3166 2896 ἁγίου
3228 2821 3431 2893 Κόρου,
3487 2820 3717 2889 ἀπῆλθε,
3752 2822 3852 2875 καὶ

2187 2911 2271 2982 ἧμ
2305 2911 2421 2983 μετ’
2450 2910 2632 2966 αὐτοῦ.
2686 2909 3056 2983 Κρατηθείσης
3113 2909 3169 2966 δὲ
3225 2911 3481 2984 γυναικός
3536 2932 3680 2972 τινος
3707 2917 3850 2986 Χρι-

2188 3006 2429 3067 στιανῆς,
2491 2999 2712 3071 ὀνόματι
2776 2999 3114 3065 Ἀθανασίας,
3174 3001 3307 3072 μετᾶ
3359 3004 3467 3054 τῶν
3513 3004 3677 3071 τριῶν
3732 2999 3840 3054 αὐ-

2185 3094 2286 3155 τῆς
2318 3088 2646 3162 θυγατέρων,
2705 3085 3000 3156 Θεοδότης,
3049 3088 3396 3157 Θεοκτίστης,
3428 3088 3516 3142 καὶ
3550 3086 3844 3160 Εὐδοξίας,

2189 3179 2333 3249 παρὰ
2379 3181 2476 3230 τοῦ
2534 3177 2801 3250 ἄρχοντος
2837 3223 2851 3244 ,
2907 3178 2997 3231 καὶ
3065 3177 3379 3249 μελλουσης
3443 3178 3848 3251 βασανίζεσθαι,

2190 3261 2516 3338 φοϐηθέντες
2548 3267 2598 3320 οἱ
2631 3268 2796 3340 ἅγιοι,
2825 3267 2916 3321 ἳνα
2945 3269 3045 3338 μή,
3075 3268 3149 3331 ὼς
3175 3267 3335 3340 γυνὴ,
3368 3263 3615 3340 δελιάσῃ,
3649 3266 3804 3333 ἀπῆλ
3831 3302 3842 3307 -

2185 3355 2299 3425 θον,
2359 3355 2447 3408 καὶ
2507 3355 2895 3427 ἐθαρσοποίουν
2957 3354 3145 3424 αὐτήν.
3207 3357 3304 3410 Διά
3351 3361 3511 3409 τοῦτο
3544 3354 3847 3427 κρατηθέν-

2183 3463 2290 3510 τες,
2325 3443 2459 3514 μετᾶ
2487 3442 2703 3507 πολλὰς
2737 3444 3004 3518 βασάνους
3060 3443 3149 3498 xui
3205 3464 3500 3518 τιμωριας,
3553 3443 3643 3499 xui
3671 3443 3840 3498 αὐτοὶ

2185 3530 2458 3608 ἁπεκεφαλ
2469 3532 2711 3601 ίσθησαν.

2780 3625 2859 3696 Τῇ
2890 3623 3030 3696 αὐτῇ
3061 3622 3246 3695 ἡμέρᾳ

2185 3724 2455 3795 ’Ἃθλησις
2502 3731 2599 3781 τοῦ
2658 3727 2810 3802 ἁγίου
2868 3727 3138 3802 μάρτυρος
3182 3726 3561 3802 ,Οὐικτωρίνου
3606 3729 3697 3783 καὶ
3727 3733 3843 3786 τῶν

2721 3798 2812 3852 σὺν
2845 3797 2991 3871 αὐτῷ
3017 3797 3074 3870 ἓξ
3104 3798 3294 3873 ἁγίων.

2259 3903 2381 3959 Ἐπὶ
2416 3903 2601 3958 Δεκίου
2656 3908 2758 3959 τοῦ
2828 3904 3098 3980 βασιλέως
3151 3906 3403 3980 ὑπῆργον
3463 3905 3615 3960 οὗτοι
3645 3903 3706 3960 ἐκ
3731 3906 3836 3961 πό-

2188 3993 2328 4057 λεως
2401 3995 2688 4070 Κορίνθου.
2745 3995 3112 4067 Κρατηθὲντες
3167 3993 3224 4051 δὶ
3275 3993 3649 4068 παρεδόθησαν
3699 4001 3837 4072 Τερ-

2185 4084 2286 4156 τίῳ
2309 4089 2386 4154 νῷ
2446 4084 2655 4157 ὑπάτῳ,
2719 4086 2806 4140 xui
2867 4081 3290 4154 ἐϐασανίσθησαν
3349 4086 3706 4161 ἰσχυρῶς.Ὀ
3740 4087 3839 4157 μὶν

2187 4174 2292 4248 γάρ
2350 4173 2718 4247 Οὖικτωρῖνος
2787 4176 2880 4230 τὸν
2969 4173 3137 4244 δεξιὸν
3195 4173 3481 4252 ὀφθαλμὸν
3541 4172 3841 4250 ἐξορυγεὶς,

2187 4262 2276 4316 καὶ
2310 4267 2501 4337 χεῖρας
2557 4263 2648 4316 καὶ
2706 4262 2874 4324 πόδας
2933 4264 3250 4328 ἀποκοπεὶς,
3302 4263 3391 4317 καὶ
3442 4263 3519 4327 εἷς
3549 4261 3708 4336 ξ’γδην
3737 4263 3840 4336 ἐμ-

2189 4345 2418 4421 ϐληθεὶς
2475 4349 2688 4419 λιθίνην
2751 4352 3015 4427 μεγάλην,
3075 4353 3161 4407 καὶ
3205 4347 3524 4422 συντριϐεὶς,
3557 4351 3841 4418 ἐτελεύτη-

2191 4461 2300 4500 σεν.
2331 4439 2582 4516 Οὖῖκτωρ
2615 4438 2672 4495 δὲ
2725 4443 2825 4510 τὴν
2881 4440 3134 4516 γλῶσσαν
3199 4439 3513 4513 ἑκτμηθεῖς,
3543 4442 3654 4496 εἶτα
3685 4441 3735 4494 ἐν
3766 4445 3836 4513 τῇ

2188 4526 2314 4604 ἵγδῃ
2370 4528 2720 4591 συνθλασθεὶς
2759 4573 2773 4596 ,
2829 4529 3122 4599 ἐτελειώθη
3157 4573 3170 4586 .
3230 4529 3549 4599 Νικησόπος
3596 4528 3653 4585 δὲ
3693 4530 3836 4586 ἁπο-

2190 4617 2456 4682 πιασθεῖς,
2505 4616 2611 4679 ἕως
2660 4616 2722 4672 οὔ
2775 4614 2929 4688 ἐξέϐη
2989 4620 3122 4691 αἷμα
3181 4618 3239 4673 ἐκ
3295 4625 3392 4686 τῆς
3451 4618 3597 4692 ῥινὸς
3655 4618 3838 4689 αὐτοῦ,

2190 4708 2280 4762 καὶ
2338 4706 2397 4762 ἐκ
2447 4712 2656 4782 τριχῶν
2726 4708 3050 4782 κρεμασθεῖς
3083 4750 3098 4778 ,
3151 4708 3240 4762 καὶ
3291 4706 3342 4761 ἐν
3392 4711 3458 4781 τῇ
3528 4709 3666 4780 αὐτῇ
3723 4707 3840 4785 ἷγδῃ

2191 4791 2491 4867 ἐμϐληθεῖς
2528 4841 2541 4864 ,
2600 4798 2690 4850 καὶ
2747 4797 3040 4867 τυπτηθεὶς
3076 4842 3089 4867 ,
3147 4795 3430 4870 παρέδωκε
3485 4799 3548 4852 τὸ
3601 4803 3835 4869 πνεῦμα.

2191 4885 2253 4942 Ὀ
2286 4882 2341 4938 δὲ
2367 4883 2707 4947 Κλαυδιανὸς
2736 4886 2926 4946 κοπεῖς
2975 4891 3168 4960 χτῖρας
3221 4885 3311 4940 καὶ
3372 4883 3566 4953 πόέας,
3599 4884 3685 4940 καί
3717 4907 3838 4959 κρε-

2198 4974 2440 5046 μασθεὲς,
2472 4975 2674 5043 ἀπέστη
2719 4979 2816 5028 τοῦ
2879 4975 3027 5049 βίου.
3077 4976 3138 5032 Ὀ
3170 4971 3228 5029 δὲ
3287 4973 3560 5049 Διόδωρος
3591 4973 3717 5048 πυρὶ
3749 4995 3840 5030 τε-

2196 5062 2478 5121 λειοῦται.
2545 5061 2836 5137 Σαραπίων
2893 5061 2952 5118 δὲ
3008 5063 3142 5117 κατᾶ
3199 5061 3439 5138 κεφαλῆς.
3497 5064 3838 5136 κρεμασθεὶς,

2195 5150 2630 5227 ἀπεκεφαλίσθη.
2694 5153 2906 5212 Παπίας
2967 5150 3024 5207 δὲ
3085 5152 3218 5224 μετά
3274 5153 3336 5205 τὸ
3391 5159 3622 5220 κοπῆναι
3659 5157 3846 5228 χεῖρας

2196 5241 2286 5296 καὶ
2325 5237 2520 5311 πόδας,
2552 5237 2694 5312 λίθῳ
2723 5238 3064 5314 προσδεθεὶς,
3095 5240 3172 5300 εἱς
3207 5240 3366 5314 βυθὸν
3401 5239 3664 5316 ρίπτεται.

2704 5355 2714 5361 ’
2762 5345 2839 5420 Τῇ
2897 5346 3035 5419 αὖτῇ
3096 5346 3280 5418 ἡμέρᾳ

2379 5451 2650 5520 Ἀθλησις
2681 5459 2780 5521 τῆς
2833 5451 2982 5526 ἁγίας
3038 5455 3310 5525 μάρτυρος
3357 5451 3674 5529 τρυφαίνης.

2273 5557 2555 5634 Τρύφαινα
2595 5561 2628 5627 ἡ
2691 5563 2786 5614 τοῦ
2843 5561 3078 5632 Χριστοῦ
3143 5559 3346 5631 μάρτυς
3404 5560 3621 5633 ὑπῆρχε
3682 5561 3773 5632 μὲν
3798 5562 3854 5618 ἐκ

2197 5650 2298 5711 τῆς
2348 5645 2564 5708 πόλεως
2626 5649 2877 5716 Κυζίκου.
2938 5653 3036 5702 Ἢν
3090 5644 3148 5701 δὲ
3205 5648 3444 5723 θυγάτηρ
3503 5649 3850 5706 Ἀναστασίου

2201 5735 2571 5812 συγκλητικοῦ
2620 5734 2856 5810 mmo;
2890 5783 2907 5810 ,
2962 5737 3050 5793 xui
3119 5737 3432 5816 Σωκρατίας
3485 5738 3847 5813 Χριστιανῆς,
