4114 6306
272 307 375 370 289

1675 308 2198 375 FEBRUARIUS.

3534 329 3650 391 290

269 439 553 512 Χριστιανὴ
609 435 661 494 δὲ
708 438 868 506 οὖσα,
925 439 1119 515 ιορτῆς
1177 439 1606 514 ἐπιτελουμένης
1651 447 1770 506 τοῖς
1824 442 1884 498 εἰς

2014 447 2141 503 dies
2171 447 2348 505 idolis
2380 451 2804 521 celebraretur,
2843 453 3040 511 divino
3090 457 3212 513 zelo
3242 470 3558 524 commota.
3591 465 3653 518 in

265 527 476 598 δώλοις,
513 529 665 601 ζήλῳ
695 530 820 602 θείῳ
851 536 1154 600 κινηθεῖσα,
1187 532 1276 585 καὶ
1312 530 1388 593 εἷς
1427 532 1587 603 μέσον
1635 537 1733 586 τοῦ
1757 533 1894 587 λαοῦ

269 618 594 684 εἰσελθοῦσα,
648 619 712 672 τὰ
772 619 976 694 αἰσχρὰ
1026 624 1134 674 τῶν
1191 618 1442 691 ἑλλήνων
1500 619 1771 686 διέπτυσε,
1805 622 1896 676 καὶ

267 709 383 770 τοὺς
473 709 773 784 βλέποντας
826 711 960 765 αὐτὰ
1015 707 1359 787 καθύϐρισενο
1425 711 1669 767 ἐδίδασκέ
1724 735 1781 768 τε
1833 714 1900 768 τὰ

269 799 352 870 μὲν
392 796 601 853 εἶ’δωλα
655 800 1014 872 ἀρνήσασθαι,
1069 802 1390 876 προσελθεῖν
1448 799 1505 856 δὲ
1560 803 1777 876 Χριστῷ
1810 802 1898 856 καὶ

267 887 636 960 βαπτισθῆναι.
688 890 786 942 Διά
841 893 1005 944 τοῦτο
1063 894 1132 962 τῇ
1181 891 1467 961 προσταξει
1498 896 1594 946 τοῦ
1623 892 1898 964 ἡγεμόνος

265 977 575 1050 Καισαρείου
630 983 980 1049 κρατηθεῖσα,
1034 973 1302 1050 ἐνεϐλήθη
1375 979 1450 1041 εἰς
1500 979 1753 1050 κάμινον.
1797 981 1898 1036 Καὶ

263 1069 352 1131 τῆς
376 1066 612 1135 καμίνου
673 1064 947 1140 ῥυσοεῖσα,
1003 1066 1309 1141 ἐκρεμάσθη
1369 1067 1458 1122 ἐπὶ
1505 1066 1690 1137 ξύλου,
1749 1087 1898 1121 κατω

264 1156 513 1223 κειμένων
550 1151 789 1229 σιδηρῶν
822 1153 977 1224 ἥλων
1007 1156 1192 1226 ὀξέων.
1254 1154 1358 1211 Καί
1414 1154 1747 1210 ἂπολυθεῖσα
1800 1159 1896 1210 τοῦ

265 1240 433 1312 ξύλου,
496 1238 683 1297 ἔπεσεν
746 1242 926 1298 ἐπάνω
974 1249 1079 1298 τῶν
1137 1245 1311 1314 ἥλων,
1369 1246 1458 1300 καί
1499 1243 1748 1315 ὠδυνηθη
1811 1245 1896 1299 ὑπ’

262 1331 418 1384 αὐτῶν
443 1329 696 1406 ἰσχυρῶς
779 1335 913 1389 Εἶτα
961 1331 1342 1397 ἀπολυθέντων
1377 1334 1457 1387 ἐπ’
1494 1333 1659 1402 αὐτὴν
1689 1337 1895 1406 θηρίων

262 1416 542 1495 διασόρων·
608 1420 674 1475 τὰ
735 1421 831 1494 μὲν
878 1421 1020 1476 ἄλλα
1079 1421 1139 1477 οὗ
1195 1424 1558 1498 προσέγγισαν
1605 1421 1762 1491 αύτῆ’
1821 1423 1898 1486 εἷς

260 1505 308 1563 δὲ
333 1513 528 1583 ταῦρος
565 1507 815 1584 δραμὼν,
846 1510 934 1566 καὶ
969 1509 1344 1586 διακερατίσας
1398 1510 1587 1580 αὐτὴν,
1622 1508 1893 1586 διέσχισεν

261 1597 325 1658 εἷς
358 1600 539 1670 μέσον
573 1600 664 1654 καὶ
699 1601 901 1664 εὐθέως
958 1602 1133 1678 ἀφῆκε
1186 1602 1286 1670 τὴν
1339 1603 1547 1675 ψυχήν·
1601 1599 1691 1655 καὶ
1724 1600 1898 1662 οὕτως

262 1685 410 1766 eam
448 1689 555 1744 ὑπὸ
585 1693 696 1744 τῶν
726 1694 959 1747 πιστῶν.

437 1849 771 1944 ΜΗΝΙ
855 1848 1693 1948 ΦΕΒΡΟΥΑΡΙΩ.

852 2013 940 2069 Ἐν
981 2017 1050 2087 τῇ
1092 2013 1285 2088 πρώτῃ

412 2150 690 2224 ’Ἀθλησις
737 2156 836 2208 τοῦ
869 2154 1027 2231 ἁγίου
1059 2156 1336 2230 μάρτυρος
1401 2153 1710 2232 Τρύφωνος.

318 2291 530 2370 Τρύφων
566 2295 598 2349 ὁ
658 2297 862 2369 μάρτυς
921 2297 1168 2372 ὑπῆρχεν
1219 2297 1325 2352 ἀπὸ
1379 2303 1479 2367 τῆς
1519 2295 1708 2372 χώρας
1741 2302 1889 2370 Φρυ-

259 2378 362 2451 γίας
393 2381 475 2435 ἐπὶ
505 2387 616 2447 τῆς
651 2384 934 2458 βασιλείας
986 2385 1306 2462 Γορδιανοῦ,
1341 2387 1544 2460 Μικρὸς
1587 2385 1643 2440 δέ
1674 2380 1746 2438 ὤν
1786 2386 1886 2453 τὴν

263 2469 476 2539 ἡλικίαν,
524 2468 724 2527 ἔϐοσκε
772 2481 971 2547 χῆνας⁹
1029 2475 1154 2531 ἀλλ’
1215 2475 1366 2548 ὅμως
1422 2486 1510 2530 καί
1570 2475 1662 2534 τάξ
1713 2481 1888 2549 χῆνας

270 2558 473 2630 βόσκων,
503 2561 710 2636 ἀρετῆς
744 2561 1086 2632 ἐπεμελεῖτο·
1145 2566 1234 2620 καὶ
1285 2562 1373 2618 διὰ
1416 2571 1515 2632 τῆς
1573 2568 1679 2617 τῶν
1736 2563 1885 2617 ἐντο-

270 2644 363 2700 λῶν
413 2647 686 2720 ἐργασίας,
752 2651 1003 2724 μεγάλας
1061 2653 1348 2728 ἐθεράπευε
1428 2654 1520 2707 τὸν
1576 2653 1727 2708 Θεόν.
1793 2653 1890 2706 Διὰ

277 2740 406 2790 τοῦτο
440 2730 658 2809 ἐδέξατο
709 2743 1025 2815 χαρίσματα
1103 2742 1369 2816 ἰαμάτων·
1456 2742 1546 2796 καὶ
1603 2741 1888 2812 ἐθεράπευε

286 2826 418 2878 πᾶσαν
465 2830 655 2894 νόσον,
711 2830 799 2883 καὶ
861 2835 1032 2886 πᾶσαν
1091 2831 1386 2905 μαλακίανο
1442 2830 1626 2885 ἷάσατο
1687 2827 1744 2884 δὲ
1796 2831 1885 2884 καὶ

290 2912 367 2977 τήν
413 2920 663 2992 θυγατέρα
713 2922 815 2972 τοῦ
868 2920 1134 2994 βασιλέως
1195 2919 1430 2994 δαίμονα
1485 2917 1740 2995 ἔχουσαν·
1795 2920 1884 2973 καὶ

290 2998 480 3074 ὑπέδειξε
532 3011 664 3068 τοῖς
713 3012 948 3080 παροῦσι
1000 3011 1090 3064 τὸν
1145 3007 1374 3082 δαίμονα
1415 3011 1630 3086 μορφήν
1687 3007 1885 3063 ἔχοντα

277 3088 453 3162 μύρου
519 3096 716 3165 κυνὸς,
807 3096 898 3151 καὶ
974 3097 1479 3174 ἐξομολογούμενον
1551 3099 1649 3160 τὰς
1713 3098 1881 3159 κακᾶς

2005 538 2268 593 medium
2301 542 2583 611 populum
2603 545 2937 613 prosiliens,
2966 549 3650 621 exsecrandagentilium

2005 645 2171 682 sacra
2201 633 2922 705 consputavit.eorumque
2954 643 3316 704 spectatores
3348 649 3654 696 contume-

2005 716 2100 770 liis
2132 719 2346 779 aﬂ'ecit,
2373 719 2615 787 docens,
2658 723 2833 777 idolis
2858 726 3102 794 ejuratis
3133 728 3207 781 ad
3238 728 3448 783 Christi
3471 731 3648 785 fidem

2006 809 2435 863 transeundum
2470 828 2598 866 esse
2665 819 2723 867 et
2769 816 3213 886 suscipiendum
3263 819 3646 890 baptismum.

2004 894 2193 959 Quare
2224 899 2460 952 Ccesarii
2486 901 2745 970 praefecti
2769 903 2946 973 jussu
2979 909 3429 977 comprehensa,
3461 910 3521 964 in
3554 927 3647 966 ca-

2005 985 2233 1038 minum
2268 986 2555 1056 injicitur.
2590 989 2698 1044 Sed
2734 992 2872 1046 inde
2905 996 3191 1065 erepta,iu
3215 997 3534 1067 equuleum
3559 1016 3648 1053 ra-

2003 1072 2401 1142 pitur,defixis
2433 1078 2595 1131 humi
2623 1081 2983 1138 acutissimis
3006 1084 3184 1138 clavis
3209 1086 3416 1141 ferreis
3443 1106 3456 1152 ;
3481 1089 3650 1142 solu-

2003 1167 2180 1232 taque
2214 1171 2751 1238 repente,etsuper
2783 1172 2975 1226 clavos
3008 1173 3270 1245 delapsa.
3305 1178 3649 1248 gravissimo

2004 1247 2206 1304 dolore
2239 1254 2512 1308 afﬁcitur.
2544 1257 2764 1311 Deinde
2797 1260 3078 1317 immissa:
3110 1264 3171 1318 in
3206 1281 3333 1320 eam
3359 1271 3530 1321 varia:
3554 1268 3653 1323 be-

2005 1341 2165 1408 stiaa;
2201 1360 2451 1413 quarum
2485 1347 2618 1401 aliis
2651 1350 2893 1420 propius
2925 1353 3204 1409 accedere
3237 1373 3355 1412 non
3379 1360 3650 1414 audenti-

2003 1428 2134 1496 bus,
2169 1438 2372 1489 taurus
2421 1435 2644 1491 adactis
2693 1438 2754 1492 in
2804 1444 3130 1510 praecordia
3161 1449 3314 1502 I50
3345 1451 3648 1517 cornibus,

2003 1519 2261 1574 mediam
2285 1523 2495 1578 scidit:
2531 1531 2590 1579 et
2620 1528 2819 1582 statim
2869 1531 3142 1601 spiritum
3176 1535 3451 1592 tradidit:
3478 1541 3652 1611 cujus

2003 1623 2216 1680 corpus
2242 1627 2276 1666 a
2307 1611 2584 1670 fidelibus
2617 1617 2915 1687 sepultum
2946 1619 3078 1676 fuit.

2221 1857 2645 1954 MENSE
2691 1861 3432 1964 FEBRUARIO.

2664 2024 2765 2080 Die
2799 2027 2993 2098 prima

2145 2146 2290 2202 I51
2331 2149 2615 2204 Certamen
2658 2155 2836 2206 sancti
2866 2159 3126 2226 martyris
3178 2160 3501 2230 Tryphonis.

2073 2298 2346 2369 Tryphon
2379 2308 2602 2372 martyr
2644 2303 2705 2357 in
2738 2305 3011 2378 Phrygia,
3046 2309 3342 2367 Gordiano
3377 2313 3643 2384 impera-

2003 2389 2552 2456 tore,natus,adhuc
2584 2408 2731 2462 puer
2751 2411 2992 2452 anseres
3023 2400 3450 2469 pascebat;sed
3469 2405 3646 2459 simul

2002 2475 2317 2533 virtutibus
2349 2484 2766 2551 comparandis
2785 2503 3022 2556 operam
3042 2489 3217 2544 dabat
3246 2493 3468 2563 Deique
3485 2512 3643 2548 man-

2001 2564 2137 2619 data
2158 2566 2474 2638 diligenter
2497 2572 2956 2641 exsequebatur:
2978 2578 3135 2632 unde
3151 2582 3373 2636 curatio
3389 2599 3532 2636 num
3551 2585 3650 2638 do-

2000 2670 2142 2708 num
2169 2657 2415 2727 accepit,
2449 2665 2512 2711 ut
2545 2661 2777 2716 nullum
2810 2671 2968 2719 esset
3000 2668 3188 2722 morbi
3239 2687 3447 2739 genus,
3486 2675 3644 2742 quod

1999 2758 2119 2796 non
2153 2752 2402 2799 curaret.
2428 2746 2661 2802 Sanavit
2694 2758 2891 2806 autem
2939 2761 2996 2808 et
3051 2757 3428 2828 imperatoris
3463 2763 3645 2818 ﬁliam

1995 3098 2209 3153 Christi
2244 3100 2422 3157 ﬁdem
2457 3103 2735 3162 traduxit.
2764 3109 2905 3164 Post
2933 3109 3060 3166 haec
3091 3113 3265 3169 Decio
3289 3116 3646 3188 imperante,

267 3177 448 3250 πράξεις
498 3183 696 3238 αὐτοῦ’
758 3187 846 3240 ὅτε
901 3185 991 3240 καὶ
1067 3185 1316 3252 πολλοὺς
1360 3185 1539 3244 ἔπεισε
1594 3191 1873 3242 πιστεῦσαι

1999 3195 2195 3260 captus
2209 3191 2281 3244 ab
2294 3193 2575 3263 Aquilino
2596 3195 3156 3266 praefecto,Nicasam
3175 3177 3405 3260 vinctus
3425 3177 3643 3278 perdu;

264 3269 327 3336 τῷ
351 3269 577 3345 Χριστῷ·
637 3272 724 3328 ἐπὶ
785 3271 841 3329 δὶ
897 3282 998 3346 τῆς
1062 3277 1338 3352 βασιλείας
1388 3278 1578 3332 Δεκίου
1609 3275 1879 3351 ἐκρατῆοη

263 3360 423 3408 καθ’
504 3385 513 3396 ·
593 3361 606 3380 '
800 3369 828 3379 ”
948 3367 958 3382 ’
1267 3367 1282 3388 ‘
1532 3365 1582 3409 "é
1730 3389 1752 3408 ρ
1838 3366 1884 3406 r.

327 3379 386 3428 ,ια
427 3362 704 3417 Ακδλινου
734 3384 831 3418 του
863 3363 1131 3442 ἔπαρχον,
1192 3389 1282 3422 και
1315 3369 1465 3442 ἤχθη
1529 3383 1751 3440 ο..σμιο.,
1809 3387 1882 3430 ε,ς

260 3446 474 3506 Νίκαιαν.
511 3452 865 3526 Καὶπρῶτον
918 3456 1014 3528 μὲν
1075 3454 1392 3526 προσδεθεὶς
1424 3455 1620 3518 ἲπποις
1673 3456 1882 3528 ἀγρίοις

254 3534 440 3608 σύρεται
521 3543 663 3596 κατᾶ
750 3539 1028 3599 δυσϐάτων
1113 3547 1320 3617 τόπων,
1402 3545 1518 3618 ὥρᾳ
1575 3546 1874 3619 χειμῶνος-

1985 3277 2176 3366 citur:
2201 3279 2298 3334 ubi
2333 3281 2408 3336 ad
2439 3299 2624 3353 equos
2657 3285 2978 3344 indomitos
3009 3291 3310 3364 alligatus,
3343 3277 3451 3366 per
3482 3298 3635 3352 I52

1983 3359 2141 3422 invia
2171 3368 2420 3426 hiberno
2480 3377 2748 3444 tempore
2805 3384 3074 3449 raptatur
3107 3359 3145 3435 ε*
3185 3359 3404 3440 deinde
3437 3386 3636 3440 nudus

1983 3473 2162 3527 super
2212 3467 2414 3515 acutos
2471 3461 2664 3538 clavos
2713 3467 3056 3522 volutatur:
3110 3470 3352 3528 demum
3395 3474 3635 3530 facibus

1989 3545 2146 3600 circa
2179 3547 2362 3603 latera
2391 3541 2707 3618 ustulatus,
2752 3556 2943 3625 capite
2974 3559 3274 3628 plectitur.

254 3629 453 3682 Ἔπειτα
481 3633 698 3703 γυμνὸς
728 3630 911 3687 ἐπάνω
943 3631 1185 3709 σιδηρῶν
1221 3635 1374 3706 ἥλων
1401 3639 1628 3694 τίθεται.
1659 3639 1799 3693 Εἶτα
1830 3633 1920 3690 διὰ
1949 3630 2256 3704 λαμπάδων
2287 3635 2457 3706 πυρὸς
2487 3641 2772 3700 κατακαεὶς
2821 3643 2915 3704 τᾶς
2969 3647 3228 3718 πλευρὰς,
3259 3650 3358 3718 τὴν
3391 3649 3642 3723 κεφαλήν

252 3713 516 3789 ἀπετμήθη
528 3763 543 3778 .

803 3796 888 3867 Τῇ
942 3795 1078 3865 αὐτῆ
1128 3793 1313 3873 ἡμέρᾳ

256 3893 438 3967 Μνήμη
469 3901 570 3953 τοῦ
603 3897 755 3955 ὁσίου
792 3902 998 3980 Harpe:
1037 3906 1198 3980 ἡμῶν
1233 3902 1594 3980 Βενδιμιανοῦ
1630 3908 1880 3980 μαθητοῦ

738 3976 838 4027 τοῦ
872 3976 1024 4049 ἁγίου
1055 3977 1367 4049 Λύξεντίου.

314 4089 368 4177 ΤΟ
443 4092 596 4156 ὅσιος
673 4097 765 4151 καὶ
828 4101 992 4175 μέγας
1058 4103 1243 4176 Πατὴρ
1301 4105 1462 4176 ἡμῶν
1524 4101 1879 4177 Βενδιμιανὸς

254 4169 436 4247 ξγένετο
471 4185 726 4254 μαθητής
780 4191 876 4241 τοῦ
935 4188 1086 4243 ὁσίου
1127 4192 1332 4267 Πατρός
1374 4195 1536 4265 ἡμῶν
1569 4193 1877 4264 Αὐξεντίου,

255 4269 335 4318 τοῦ
363 4267 410 4321 έν
458 4277 540 4343 τῷ
603 4269 715 4343 όρει
769 4277 1171 4352 ἡσυχάσαντος,
1229 4285 1326 4334 τοῦ
1376 4279 1720 4355 διακειμένου
1782 4283 1877 4355 μὲν

255 4354 463 4426 πλησίον
497 4363 875 4434 Χαλκηδόνος,
910 4368 1322 4444 ὀνομαζομένου
1382 4370 1438 4427 δὲ
1495 4380 1595 4443 τῆς
1651 4374 1876 4445 ὐξείας,

261 4439 526 4514 δουλεύσας
589 4453 736 4526 αὐτῷ
792 4456 980 4513 πολλὰ
1030 4462 1116 4516 καὶ
1182 4462 1490 4537 ὑποταγεῖς,
1550 4463 1624 4526 ὡς
1681 4466 1874 4538 πρέπει

259 4533 430 4608 ἁγίοις,
459 4542 550 4595 καὶ
599 4542 1030 4619 κληρονομήσας
1087 4550 1184 4618 τήν
1238 4551 1387 4625 ἁγίαν
1439 4552 1608 4628 εὐχὴν
1641 4553 1874 4612 ἐκείνου.

257 4623 425 4681 Πολλὰ
500 4627 560 4685 δὲ
611 4632 1010 4708 ἀγωνιζόμενος
1063 4639 1139 4702 εἰς
1201 4641 1420 4715 ἀρετήν,
1499 4642 1597 4698 οὐκ
1635 4644 1874 4719 ἠρκέσθη

259 4712 469 4788 τούτοις,
502 4719 648 4775 ἁλλὰ
684 4727 817 4795 μετὰ
869 4728 970 4794 τὴν
1018 4731 1281 4801 κοίμησιν
1340 4729 1437 4785 τοῦ
1497 4732 1668 4807 ἁγίου,
1704 4734 1875 4808 εὑρὼν

265 4795 528 4885 διάκουσον
571 4812 792 4886 πέτραν,
823 4815 1059 4886 πλησίον
1089 4825 1189 4888 τῆς
1250 4819 1487 4896 μάνδρας
1546 4825 1642 4876 τοῦ
1701 4825 1876 4900 ἁγίου,

263 4891 334 4944 καὶ
361 4895 630 4961 ἐπικτίσας
691 4900 750 4956 ἐκ
804 4908 912 4958 τῶν
972 4904 1066 4961 δύο
1124 4914 1301 4983 μερῶν
1349 4918 1449 4980 τῆς
1510 4912 1730 4987 πέτρας,
1787 4915 1876 4967 καὶ

261 4985 468 5052 ποιήσας
499 4990 692 5064 μικρὸν
715 4992 960 5062 κελλίον,
1011 4996 1325 5054 ἀπέκλεισεν
1359 5001 1542 5055 ἑαυτὸν
1599 5001 1728 5062 ἐκεῖ.
1786 5004 1875 5056 καί

264 5065 486 5141 δποίησεν
544 5079 950 5153 ἀγωνιζόμενος
1010 5081 1102 5156 ἔτη
1162 5088 1680 5163 τεσσαρακονταδύο.
1734 5088 1879 5146 Ἐδέ-

263 5153 366 5224 Erro
395 5162 448 5218 δὲ
477 5168 566 5220 καὶ
600 5167 914 5244 χαρίσματα
944 5173 1209 5246 ἰαμάτων,
1242 5178 1332 5232 καὶ
1389 5177 1505 5233 ἷᾶτο
1536 5179 1662 5241 τοῦς
1710 5201 1872 5254 προσ-

261 5252 567 5322 εῦᾘμένους
618 5258 771 5330 αὐτῷ
818 5260 1186 5333 ἀσθενοῦντας,
1246 5267 1336 5321 καὶ
1377 5267 1512 5322 κατὰ
1543 5269 1752 5344 ψυχὴν,
1783 5270 1870 5324 καὶ

263 5338 374 5392 κατὰ
398 5347 572 5416 σῶμα.
605 5348 886 5421 Ὑπέμεινε
910 5350 968 5406 δὲ
1022 5355 1110 5408 καὶ
1156 5355 1402 5419 πολλοὺς
1432 5357 1766 5432 πειρασμοὺς
1816 5358 1874 5414 ἐκ

262 5429 348 5478 τῶν
373 5429 654 5506 δαιμόνων
682 5441 959 5515 προγνοὺς
993 5440 1049 5498 δὲ
1077 5445 1168 5498 τὸν
1202 5445 1365 5501 αὐτοῦ
1396 5449 1639 5519 θάνατον,
1671 5445 1869 5523 διηγή-

267 5531 373 5571 σατο
397 5522 480 5576 τὸν
515 5526 634 5600 βίον
661 5534 760 5583 τοῦ
789 5532 945 5605 ἁγίου
977 5533 1263 5604 Αύξεντίου
1290 5541 1371 5610 τῷ
1433 5537 1692 5609 μέλλοντι
1725 5540 1873 5613 αὐτῷ

264 5612 630 5686 συγγράψασοαι
681 5628 1005 5700 συγγραρεῖ·

266 5696 510 5769 παρέδωκε
536 5708 596 5762 τό
627 5714 840 5782 πνεῦμα

1041 5625 1128 5678 καί
1191 5626 1335 5681 οὕτω
1366 5627 1553 5693 κλίνας
1581 5633 1644 5683 τὶ
1674 5631 1870 5706 γόνατα

2636 3801 2856 3858 Eodem
2903 3804 2997 3860 die

2064 3893 2219 3951 158
2252 3894 2700 3953 Commemoratio
2728 3905 2910 3957 sancti
2943 3909 3126 3961 Patris
3154 3913 3333 3965 nostri
3359 3912 3567 3969 Bendi-

2276 3969 2470 4036 miani,
2531 3971 2791 4041 discipuli
2845 3979 3020 4032 sancti
3059 3981 3350 4036 Auxentiz'.

2060 4144 2309 4201 Sanctus
2341 4152 2398 4202 et
2429 4163 2676 4222 magnus
2735 4153 2910 4210 Pater
2959 4164 3165 4214 noster
3213 4162 3636 4220 Bendimianus

1992 4235 2180 4288 sancti
2213 4237 2403 4291 Patris
2428 4240 2624 4318 nostri
2649 4243 2946 4310 Auxentii,
2981 4249 3079 4318 qui
3114 4249 3176 4304 in
3236 4260 3438 4309 monte
3464 4255 3640 4310 Chal-

1991 4323 2200 4378 cedoni
2234 4326 2526 4396 proximo,
2563 4312 2704 4385 O°xia
2733 4312 3050 4405 appellato,
3101 4340 3426 4397 solitariam
3459 4344 3636 4399 vitam

1989 4413 2218 4484 agebat,
2234 4414 2867 4487 discipulus,sedulum
2884 4428 3162 4497 magistro
3188 4446 3249 4484 se
3271 4432 3634 4499 ministrum,

1987 4507 2052 4554 ut
2077 4509 2313 4558 sanctos
2345 4504 2532 4573 decet,
2567 4524 2802 4580 semper
2833 4515 3134 4579 exhibuit;
3196 4519 3444 4588 ejusque
3496 4538 3638 4575 san-

1987 4593 2212 4643 ctarum
2247 4607 2491 4660 precum
2525 4594 2714 4650 hazres
2740 4598 3258 4673 factus,egregiam
3285 4623 3638 4676 comparan-

1990 4679 2080 4734 dis
2111 4681 2426 4737 virtutibus
2458 4701 2698 4754 operam
2726 4691 2961 4744 navavit
2994 4709 3006 4745 :
3041 4710 3234 4764 neque
3264 4696 3355 4751 his
3390 4706 3636 4756 conten-

1990 4773 2104 4829 tus,
2129 4777 2264 4840 post
2294 4772 2482 4825 sancti
2519 4773 2768 4839 obitum,
2804 4779 2961 4848 apud
3021 4783 3329 4840 mandram
3364 4789 3635 4858 ejusdem

1990 4857 2144 4911 inter
2172 4859 2462 4912 montium
2488 4864 2788 4933 angustias
2807 4874 3034 4937 petram
3058 4879 3362 4938 uactus,ex
3385 4857 3637 4950 utroque

1990 4945 2255 5016 ejusdem
2293 4946 2474 5002 latere
2534 4951 2803 5022 exiguam
2860 4957 3138 5015 cellulam
3190 4970 3632 5037 superstruxit;

1985 5392 2272 5447 monibus
2301 5397 2663 5457 tentationes
2689 5405 2956 5473 pertulit.
2991 5409 3256 5482 Cumque
3285 5414 3490 5467 mortis
3513 5429 3635 5468 sum

1985 5482 2569 5556 prmscius,scriptori
2603 5493 2859 5560 cuidam,
2884 5514 3062 5567 quam
3085 5500 3300 5556 litteris
3328 5517 3636 5556 commen-

1984 5569 2170 5638 daret,
2201 5575 2389 5627 sancti
2423 5577 2697 5634 Auxentii
2729 5583 2905 5639 vitam
2941 5596 3298 5654 enarrasset,
3332 5587 3634 5642 inclinatis

1982 5659 2230 5730 genibus
2267 5662 2510 5718 tradidit
2548 5669 2842 5737 spiritum.
