4114 6306
299 207 424 282 ,293

1741 197 2274 296 rEBRUAaws.

3585 207 3704 282 294

313 346 464 398 σῶσαι
493 339 595 410 τὴν
643 337 996 412 οίκουμένην.
1056 339 1305 412 Ὁμοίως
1355 338 1450 395 καὶ
1498 339 1669 394 Ἀννα
1713 338 1749 404 ἡ
1807 353 1933 409 προ-

2060 338 2234 414 Anna
2274 337 2655 409 prophetissa
2711 353 2910 404 orans,
2939 337 3098 394 idem
3129 339 3446 394 oraculum
3481 341 3714 412 accepit

312 433 456 510 φῆτις
506 427 950 504 προσευχομένη,
1011 425 1287 499 ἐξεδέχετο
1343 428 1431 483 καί
1493 427 1630 495 αὐτὴ
1687 423 1946 493 τοιαύτην

313 517 477 590 δόξαν
537 518 936 594 πληρωθέντων
998 515 1054 573 δὲ
1109 518 1505 592 τεσσαράκοντα
1557 517 1782 590 ἡμερῶν
1837 513 1944 568 ἀπὸ

312 615 401 678 τῆς
438 610 734 681 γεννήσεως
791 612 891 663 τοῦ
948 608 1207 681 Χριστοῦ,
1265 607 1475 682 ἤγαγον
1539 606 1590 660 οἱ
1646 609 1822 681 γονεῖς
1881 601 1943 657 τὸ

310 695 510 753 παιδίον
540 699 750 768 Ἰησοῦν
783 697 858 760 εἷς
917 697 978 751 τὸ
1037 697 1204 772 ἱερὸν,
1257 696 1394 751 κατὰ
1423 696 1524 764 τήν
1554 692 1790 765 διάταξιν
1847 696 1944 748 τοῦ

309 789 468 860 νόμου
523 787 626 844 Καὶ
660 789 935 862 κρατήσας
966 787 1126 842 αὐτὸν
1151 787 1179 841 ὁ
1209 785 1437 858 Συμεὼν
1497 784 1573 846 είς
1627 784 1723 845 τὰς
1775 783 1937 858 ἀγκὰο

307 874 394 938 λας
424 875 607 940 αὐτοῦ,
642 878 780 931 εἷπε·
817 877 927 932 Νῦν
959 874 1221 937 ἀπολύεις
1247 876 1339 929 τὸν
1401 872 1596 928 δοῦλόν
1632 893 1750 940 σου,
1811 873 1944 926 Aia-

305 986 434 1020 ποτα
461 965 600 1020 κατὰ
627 966 689 1019 τὸ
721 965 876 1040 ῥῆμα
905 985 998 1019 σου
1029 963 1080 1018 ἐν
1115 962 1328 1038 εἰρήνη,
1363 962 1447 1018 δτι
1479 959 1622 1017 εἶδον
1655 961 1706 1016 οἱ
1738 960 1944 1036 ὀφθαλ-

309 1053 393 1125 μοί
422 1073 532 1125 μου
586 1054 650 1108 τὸ
704 1053 976 1127 σωτήριόν
1036 1073 1153 1108 σου.
1235 1052 1334 1105 Καὶ
1393 1049 1774 1126 προφητεύσας
1818 1048 1942 1124 περί

303 1147 389 1197 τοῦ
417 1143 655 1197 θανάτου
682 1145 780 1197 τοῦ
815 1141 1074 1217 Χριστοῦ,
1106 1140 1197 1195 καὶ
1237 1141 1361 1215 περῖ
1410 1143 1508 1194 τοῦ
1539 1142 1795 1214 σταυροῦ,
1854 1138 1940 1192 καὶ

303 1238 391 1300 τῆς
419 1231 714 1298 Θεοτόκου,
749 1231 832 1286 δτι
876 1230 1253 1298 λυπηθήσεται
1286 1226 1476 1283 ἰδοῦσα
1520 1229 1611 1283 τὸν
1644 1229 1856 1298 Ἰησοῦν
1889 1225 1942 1280 ἐν

299 1325 369 1392 τῷ
398 1325 640 1394 σταυρῷ,
673 1320 969 1392 ἐκοιμήθη.
1002 1320 1242 1392 Ὁμοίως
1274 1318 1365 1373 καὶ
1390 1320 1426 1388 ἡ
1479 1318 1646 1374 Ἀννα
1683 1317 1946 1392 εὐχαρισ-

297 1413 498 1482 τήσασα
527 1411 690 1473 τέλος
723 1405 855 1486 ἔσχε
877 1413 976 1464 τοῦ
1005 1409 1148 1485 βίου.

884 1518 968 1590 Τῇ
1009 1515 1144 1590 αὐτῇ
1176 1515 1359 1590 ἡμέρᾳ

293 1623 558 1696 Ἀθλησις
586 1627 696 1679 τῶν
730 1622 894 1698 ἁγίων
931 1622 1219 1698 μαρτύρων
1247 1618 1529 1698 Ἀδριανοῦ
1545 1619 1634 1674 καὶ
1657 1614 1944 1677 Εὖϐόύλου

662 1691 1121 1770 μαρτυρησάντων
1162 1691 1214 1747 ἐν
1272 1691 1579 1765 Καισαρείᾳ.

355 1782 651 1859 ’Δδριανὸς
674 1784 763 1840 καὶ
801 1781 1082 1846 Εὔϐουλος
1118 1782 1168 1837 οἱ
1225 1785 1325 1837 τοῦ
1385 1784 1616 1853 Κριστοῦ
1648 1780 1938 1857 μάρτυρες,

296 1875 531 1951 ἰγένοντο
566 1875 672 1930 ἀπὸ
703 1875 892 1950 χώρας
950 1874 1151 1936 Βανὲας
1219 1871 1728 1944 ἑπονομαζομὶνης.
1768 1872 1941 1944 Εἶχον

298 1964 348 2020 δὲ
378 1968 576 2033 πόθον,
631 1965 709 2028 ὡς
769 1964 1087 2040 Χριστιανοὶ
1145 1962 1235 2018 καὶ
1297 1957 1567 2028 εὐλαϐεῖς,
1625 1962 1760 2035 πρὸς
1819 1960 1946 2024 τοὺς

300 2057 592 2130 μάρτυρας,
641 2054 730 2110 καὶ
783 2056 915 2116 τοῦς
977 2051 1325 2126 ὁμολογητᾶς
1378 2054 1474 2105 τοῦ
1532 2051 1778 2125 Χριστοῦ.
1841 2050 1942 2105 Καὶ

299 2141 380 2198 διὰ
406 2145 578 2199 τοῦτο
645 2141 891 2213 ἀπῆλθον
954 2141 1028 2205 είς
1092 2142 1436 2213 Καισάρειαν,
1462 2137 1552 2194 ’ίνα
1607 2138 1940 2212 ἐπισκέψωνο

300 2254 377 2288 ται
398 2234 529 2296 τοὺς
565 2234 616 2288 ἐν
645 2238 767 2294 ταῖς
796 2231 1065 2310 φυλακαῖς
1096 2231 1506 2302 κολαζομένους
1564 2227 1774 2303 ἁγίους.
1836 2227 1940 2283 Καὶ

302 2323 622 2385 ἀπελθόντες
658 2321 1045 2377 ἐπεσκέπτοντο
1102 2318 1319 2388 αὐτοὺς,
1379 2318 1470 2373 καὶ
1527 2319 1941 2392 παρεμυθοῦντο

299 2409 916 2489 καίπροεθυμοποίουν.
975 2406 1155 2466 Ἀλλᾶ
1210 2407 1300 2463 καὶ
1356 2405 1484 2469 τοὺς
1535 2403 1771 2476 ἔλληνας
1825 2403 1940 2460 ἐδί-

298 2499 480 2556 δασκον
514 2501 610 2556 τὸν
646 2501 813 2575 λόγον
842 2503 941 2554 τοῦ
971 2499 1230 2573 Χριστοῦ,
1283 2496 1373 2551 καὶ
1425 2494 1677 2557 πολλοὺς
1733 2495 1782 2568 ἐξ
1839 2496 1938 2550 αὖ·

303 2595 402 2644 τῶν
459 2586 775 2658 ἆῦάπτιζον.
837 2587 939 2644 Καὶ
1014 2585 1454 2662 ὃιαγνωσθέντες,
1540 2583 1938 2659 ἐκρατήθησαν,

311 2680 390 2732 καὶ
416 2678 793 2754 παρεδόθησαν
827 2676 1183 2752 Φιρμιλιανῷ
1238 2678 1318 2746 τῷ
1366 2671 1614 2750 ἄρχοντι.
1651 2673 1746 2727 Καὶ
1780 2671 1939 2751 ἐτύφ-

322 2777 460 2836 θησαν
487 2769 762 2842 ίσχυρῶςο
818 2767 908 2822 καὶ
965 2765 1058 2827 τὰς
1099 2764 1337 2838 πλευρὰς
1374 2765 1508 2836 μετά
1555 2763 1722 2837 πυρὸς
1777 2783 1938 2818 κατε-

325 2858 524 2924 κάησαν.
557 2859 687 2914 Εἶτα
709 2854 1058 2926 ἀπελύθησαν
1091 2853 1175 2909 ἐπ’
1225 2853 1419 2915 αὐτοὺς
1451 2851 1690 2922 λέοντες,
1721 2852 1811 2907 καὶ
1841 2852 1940 2907 οὐκ

319 2941 550 3016 ἠδίκησαν
584 2947 800 3008 αὐτούς·
836 2944 962 3000 ἀλλ’
993 2942 1322 3007 ἀπελθόντες
1353 2943 1406 2996 οἱ
1433 2939 1666 3010 λεοντες,
1690 2941 1780 2996 καὶ
1802 2961 1937 3015 προ-

307 3040 643 3106 σκυνήσαντες
677 3035 895 3104 αὐτοὺς,
923 3033 1144 3111 ἕλειχον
1189 3032 1318 3095 τοὺς
1361 3030 1531 3092 πόδας
1585 3030 1782 3086 αὐτῶν·
1814 3032 1937 3086 τότε
1966 3075 2016 3142 Ο

307 3123 317 3142 ἴ
443 3136 458 3142 Α
498 3126 512 3141 \
592 3126 604 3142 ο
652 3124 674 3138 θ’
963 3122 978 3141 ‘
1045 3126 1068 3137 θ
1112 3123 1139 3142 ﬂ
1231 3124 1257 3136 ~
1310 3119 1326 3142 Ῐ
1368 3121 1599 3142 ,,,v!_,,
1667 3120 1897 3142 3,*,,A_,-!.

299 3123 552 3198 ὀργισθεὶς
585 3126 613 3179 ὁ
648 3124 861 3199 ἅρχων,
890 3122 1082 3195 καὶτῷ
1112 3123 1272 3194 θυμῷ
1308 3119 1625 3194 ὑπερζέσας,
1659 3120 1930 3195 ἀπεκεφά-

294 3208 428 3268 λισεν
457 3215 682 3276 αὐτούς·
715 3212 805 3268 καὶ
841 3211 1014 3273 οὕτως
1054 3209 1472 3281 ἐτελειώθησαν.

831 3320 1011 3378 MUNI
1042 3321 1130 3398 T9
1161 3319 1365 3396 Atro.

1064 3439 1118 3488 Δ,

274 3525 538 3598 Ἀθλησις
573 3530 682 3583 τῶν
709 3524 881 3602 ἁγίων
918 3520 1230 3602 μαρτύρων,
1263 3520 1466 3593 Hatria,
1526 3520 1806 3598 Διοδώρου
1835 3522 1928 3576 καὶ

893 3593 1235 3653 Κλάυδίανοῦ
1247 3638 1258 3650 .

339 3691 584 3759 Παπίας,
617 3686 914 3764 Διόδωρος,
947 3684 1036 3741 καὶ
1069 3680 1406 3746 Κλαυδιανὸς
1439 3683 1491 3737 οἱ
1545 3681 1733 3738 σεπτοί
1787 3685 1927 3760 μάρ-

271 3799 421 3854 τυρες
450 3784 555 3835 τοῦ
589 3780 825 3850 Χριστοῦ
889 3777 1145 3850 ὑπῆρχον
1205 3772 1293 3828 ἐπὶ
1353 3773 1550 3828 Δεκίου
1605 3777 1702 3828 τοῦ
1763 3773 1925 3848 βασι-

273 3866 429 3936 λέως,
492 3869 561 3924 ἐκ
633 3875 732 3936 τῆς
788 3863 1004 3928 πόλεως
1060 3861 1392 3928 Ἀτταλείας,
1451 3863 1548 3930 τῆς
1610 3861 1925 3940 Παμφύλων

272 3955 888 4034 ἰπαρχίας.Βὸσκοντες
931 3952 988 4008 δὲ
1020 3952 1094 4014 εἷς
1149 3953 1248 4021 τήν
1307 3948 1445 4005 ἰδίαν
1504 3949 1691 4026 χώραν
1749 3953 1924 4022 κτήνη

273 4044 526 4126 διάρορα,
566 4045 720 4118 ὅμως
751 4043 1068 4118 Χριστιανοί
1126 4042 1286 4112 ἦσαν,
1345 4040 1435 4094 καὶ
1490 4038 1771 4094 ἐδίδασκον
1801 4041 1926 4114 περὶ

269 4141 361 4190 τοῦ
391 4139 648 4210 Χριστοῦ
704 4134 830 4198 τοῦς
884 4129 1145 4201 ἓλληνας,
1197 4128 1286 4184 καὶ
1335 4127 1622 4204 ἐπέστειρον
1679 4127 1926 4191 πολλοὺς

268 4228 396 4291 πρὸς
463 4224 663 4280 αὐτόν.
753 4217 1145 4292 Διαϐληθὲντες
1215 4215 1296 4287 δὲ,
1383 4218 1760 4292 ἐκρατήθησαν
1824 4218 1926 4272 ὑπὸ

269 4314 557 4370 Πουπλίου
591 4317 688 4367 τοῦ
720 4313 988 4379 ἄρχοντος
1017 4317 1115 4378 τῆς
1166 4307 1517 4381 Παμφυλίας.
1571 4307 1666 4361 Καὶ
1717 4305 1924 4383 ἐρωτη-

264 4405 450 4475 θέντες,
485 4401 869 4476 ὡμολόγησαν
903 4398 1184 4475 παρῥησίᾳ
1211 4397 1274 4452 τὸ
1306 4393 1477 4469 ὄνομα
1536 4400 1632 4450 τοῦ
1663 4398 1918 4471 Χριστοῦ,

265 4497 349 4546 τοῦ
379 4494 660 4560 ἀληθινοῦ
704 4494 837 4546 Θεοῦ
899 4492 1080 4562 ἡμῶν,
1139 4486 1229 4542 καὶ
1286 4482 1556 4556 ἰδίδαξαν,
1618 4485 1700 4540 ὅτι
1756 4485 1917 4549 αὐτός

265 4582 394 4638 ίστιν
429 4586 458 4640 6
491 4583 744 4652 ποιήσας
782 4581 873 4636 τὸν
903 4579 1150 4654 οὐρανὸν,
1181 4575 1274 4632 καὶ
1335 4577 1432 4645 τὴν
1487 4581 1614 4650 γῆν,
1675 4575 1767 4630 καὶ
1825 4577 1926 4645 τὴν

269 4671 569 4740 θίλασσαν,
612 4672 701 4726 καὶ
733 4672 906 4724 πάντα
933 4670 1002 4724 τὰ
1059 4666 1112 4722 ὲν
1171 4664 1379 4730 αὐτοῖς,
1441 4665 1532 4719 καὶ
1581 4664 1728 4734 πλὴν
1759 4666 1928 4721 αὐτοῦ

269 4759 429 4824 ἄλλος
455 4763 601 4822 Θεὸς
629 4759 729 4816 οὐκ
779 4758 912 4818 ἔστι.
973 4761 1153 4816 Ταῦτα
1181 4755 1416 4816 ἀκούσας
1449 4755 1478 4808 ὁ
1526 4755 1778 4829 ἡγεμὼν,
1833 4754 1924 4810 καὶ

269 4851 557 4924 χολώσας,
595 4849 975 4925 ἐτιμωρήσατο
1026 4845 1222 4908 αὐτοὺς
1281 4845 1547 4919 ἰσχυρῶς.
1578 4844 1666 4905 Ὠς
1728 4841 1784 4898 δὲ
1825 4843 1924 4899 οὐκ

267 4935 466 4997 ἔπεισεν
499 4941 836 5014 ἀρνήσασθαι
866 4938 958 4993 τὸν
1015 4941 1280 5012 Χριστόν,
1329 4933 1468 5010 ξίφει
1526 4934 1623 4995 τὰς
1679 4932 1921 5012 κεφαλὰς

268 5029 432 5084 αὐτῶν
459 5029 726 5100 ἀπέτεμε·
759 5027 849 5082 καὶ
880 5025 1026 5082 οὕτω
1053 5019 1453 5093 τελειωθέντες,
1509 5021 1779 5092 ἐτάφησαν
1814 5023 1918 5078 ὑπὸ

263 5122 360 5173 τῶν
395 5119 751 5193 Χριστιανῶν
784 5117 1036 5190 ἐντίμως,
1069 5115 1144 5177 εἷς
1175 5110 1328 5186 δόξαν
1359 5114 1594 5190 Χριστοῦ
1624 5117 1723 5167 τοῦ
1781 5116 1918 5168 Θεοῦ

262 5209 294 5274 ἡ
303 5213 417 5278 μῶν
430 5253 443 5267 .

839 5299 917 5370 Τῇ
975 5294 1110 5368 αὖτῇ
1165 5293 1348 5366 ἡμέρᾳ

357 5397 601 5469 Μμήμη
630 5398 724 5450 τοῦ
759 5393 911 5448 ὁσίου
944 5392 1173 5469 ῐίατρὸς.
1204 5393 1364 5462 ἡμῶν
1399 5386 1680 5464 ἰσιδώρου
1709 5394 1806 5445 τοῦ

890 5463 1304 5536 Πηλουσιώτου.

321 5567 504 5628 Οὗτος
540 5565 573 5619 ὃ
605 5567 757 5641 ἅγιος
788 5564 1090 5639 Αἰγύπτιος
1135 5562 1344 5636 ἐγένετο
1373 5560 1480 5616 ἀπὸ
1520 5559 1738 5622 πόλεως
1795 5568 1913 5633 11η-

1972 1703 2021 1776 Β

2058 425 2200 480 Cum
2235 427 2414 500 igitur
2467 428 2860 501 quadraginta
2911 427 3036 484 dies
3089 444 3122 483 a
3151 427 3454 483 nativitate
3485 427 3700 484 Christi

2056 513 2284 586 impleti
2335 518 2603 580 fuissent.
2665 535 3035 590 puerumque
3082 519 3282 573 Jesum
3334 525 3610 590 parentes
3641 521 3700 574 in

2056 605 2342 676 templum
2375 607 2782 677 adduxissent,
2815 608 3145 664 secundum
3187 608 3598 679 prmscriptum
3625 607 3702 662 le-

2054 695 2162 765 gis,
2198 697 2498 767 accipiens
2530 714 2665 752 eum
2688 698 2926 752 Simeon
2981 698 3040 753 in
3083 697 3256 752 ulnas
3315 714 3475 762 suas,
3509 697 3653 752 dixit
3689 715 3701 752 :

2055 785 2224 840 Nunc
2260 785 2510 842 dimittis
2534 803 2766 843 servum
2798 793 2984 849 tuum,
3039 786 3313 848 Domine.
3368 786 3701 841 secundum

2055 872 2298 928 verbum
2333 883 2519 945 tuum,
2554 878 2615 930 in
2637 893 2778 948 pace
2814 895 2827 931 :
2874 877 3015 946 quia
3046 875 3320 930 viderunt
3375 876 3531 930 oculi
3589 876 3702 930 mei

2055 962 2314 1018 salutare
2349 971 2533 1020 tuum.
2593 968 2857 1036 Cumque
2916 966 3334 1037 prophetasset
3381 965 3454 1020 de
3484 965 3700 1020 Christi

2054 1059 2267 1117 morte,
2299 1053 2488 1125 deque
2520 1056 3201 1126 cruce,etDeipara,quaa
3221 1056 3420 1110 Jesum
3453 1055 3512 1109 in
3527 1072 3700 1110 cruce

2055 1142 2415 1212 pendentem
2449 1145 2646 1199 visura
2678 1150 2836 1199 esset
2893 1150 2948 1199 et
3003 1160 3254 1199 maerore
3303 1143 3698 1213 conﬁcienda,

2055 1230 2428 1288 obdormivit.
2482 1232 2768 1288 Similiter
2798 1240 2855 1289 et
2903 1236 3074 1289 Anna
3102 1234 3320 1306 gratias
3352 1234 3468 1289 Deo
3501 1250 3700 1306 agens,

2054 1318 2235 1374 finem
2266 1320 2493 1376 vivendi
2521 1321 2679 1376 fecit.

2690 1535 2910 1592 Eodem
2949 1535 3046 1592 die

2056 1623 2201 1679 157
2265 1623 2547 1680 Certamen
2595 1633 2908 1682 sanctorum
2972 1633 3280 1696 martyrum
3357 1625 3596 1682 Adriani
3646 1633 3698 1680 et

2194 1697 2419 1763 Eubuli,
2445 1700 2544 1767 qui
2570 1697 2824 1754 Caesareae
2856 1699 3186 1767 martyrium
3209 1698 3364 1767 passi
3404 1703 3554 1752 sunt.

2125 1784 2421 1842 Adrianus
2454 1793 2512 1842 et
2537 1787 2822 1855 Eubulus,
2857 1788 3070 1842 Christi
3125 1794 3438 1858 martyres,
3489 1788 3548 1841 in
3609 1803 3699 1856 ea,

2052 1888 2230 1943 quam
2268 1876 2522 1931 Baneam
2556 1877 2783 1944 dicunt,
2844 1878 3086 1949 regione
3139 1877 3280 1938 nati,
3339 1891 3474 1932 cum
3533 1876 3698 1930 Chri-

2051 1962 2226 2017 stiani
2261 1964 2462 2036 piique
2495 1973 2712 2032 essent,
2748 1983 2981 2021 summo
3016 1982 3153 2037 erga
3206 1973 3496 2037 martyres
3531 1965 3698 2020 Chri-

2050 2051 2245 2122 stique
2277 2056 2649 2110 confessores
2675 2056 2866 2110 studio
2900 2055 3119 2118 allecti,
3165 2056 3496 2110 Caasaream
3522 2055 3702 2126 petie-

2048 2148 2207 2210 runt,
2231 2149 2298 2197 ut
2344 2151 2582 2199 sanctos
2637 2145 2974 2200 carceribus
3032 2144 3295 2199 inclusos
3344 2145 3701 2202 visitarent:

2051 2246 2168 2300 quo
2186 2247 2321 2286 cum
2346 2233 2886 2304 pervenissent,eos
2908 2234 3216 2289 visitantes
3239 2233 3702 2288 consolabantur

2049 2324 2108 2373 et
2132 2321 2580 2377 confortabant:
2611 2322 2715 2378 sed
2775 2330 2832 2378 et
2889 2324 3141 2395 gentiles
3190 2324 3408 2379 Christi
3458 2323 3700 2378 verbum

2051 2405 2353 2474 docentes,
2397 2411 2616 2466 multos
2648 2428 2717 2466 ex
2744 2411 2829 2466 eis
2879 2411 3274 2484 baptizabant.
3299 2411 3488 2477 Quare
3520 2411 3700 2467 delati

2049 2501 2108 2550 et
2129 2498 2570 2570 comprehensi,
2605 2500 2950 2556 Firmiliano
3001 2501 3278 2572 praefecto
3332 2500 3649 2556 traduntur
3682 2517 3695 2554 :

2046 2586 2412 2658 cujusjussu
2449 2589 2708 2659 primum
2734 2590 3080 2662 gravissime
3105 2589 3416 2645 caeduntur
3440 2609 3454 2643 :
3474 2595 3532 2646 et
3551 2590 3694 2646 faci-

2045 2671 2155 2728 bus
2187 2673 2248 2728 in
2283 2674 2568 2730 lateribus
2592 2678 2806 2744 exusti,
2831 2678 2904 2732 ad
2938 2678 3141 2733 leones
3173 2679 3551 2733 damnantur.
3583 2678 3695 2733 Sed

2049 2779 2180 2817 cum
2217 2763 2444 2819 nullam
2489 2765 2561 2819 iis
2594 2783 2808 2821 noxam
2832 2767 3699 2838 leonesinlulissent,quinpo-

2046 2851 2162 2907 tius
2187 2869 2387 2908 coram
2415 2854 2500 2909 eis
2531 2854 2930 2926 procidentes,
2964 2856 3204 2911 illorum
3237 2854 3417 2926 pedes
3470 2856 3695 2911 lambe-

2046 2948 2198 3006 rent,
2223 2943 2860 3001 vehementiincitatus
2903 2946 2990 3001 ira
3047 2946 3380 3016 prml‘ectus,
3433 2961 3533 3000 eos
3591 2946 3692 3000 de-

2046 3032 2253 3087 collari
2286 3032 2610 3104 mandavit,
2641 3041 2820 3106 atque
2843 3037 2922 3092 ita
2951 3037 3130 3091 vitam
3168 3034 3475 3090 ﬁnierunt.

2594 3312 2836 3369 EODEM
2876 3313 3128 3369 MENSE.

2699 3430 2798 3484 Die
2830 3435 3043 3500 quarta

2036 3515 2185 3573 158
2213 3516 2500 3573 Certamen
2527 3525 2846 3574 sanctorum
2876 3524 3185 3587 martyrum
3222 3519 3431 3588 Papia,
3467 3517 3694 3572 Diodori

2661 3597 2713 3644 et
2753 3591 3074 3646 Claudiani.

2109 3695 2340 3766 Papias,
2401 3695 2692 3752 Diodorus
2740 3702 2800 3752 et
2872 3695 3256 3763 Claudianus,
3318 3695 3690 3751 venerabiles

2037 3784 2250 3839 Christi
2276 3791 2585 3858 martyres.
2610 3786 2783 3842 Decio
2814 3786 3196 3857 imperatore,
3220 3801 3290 3840 ex
3308 3785 3453 3840 urbe
3471 3785 3687 3840 Attalia

2037 3873 2098 3928 in
2131 3874 2368 3946 regione
2396 3873 2760 3946 Pamphyliae
2780 3875 3036 3931 fuerunt.
3075 3877 3606 3930 Pascentesautem
3627 3875 3688 3928 in

2037 3963 2278 4034 propria
2308 3963 2547 4035 regione
2570 3963 3304 4028 diversaanimalia,simul
3328 3963 3507 4018 etiam
3526 3963 3692 4017 Chri-

2039 4051 2221 4106 stiani
2255 4057 2445 4120 erant,
2471 4053 2834 4125 verbumque
2863 4052 3082 4109 Christi
3109 4052 3363 4122 gentiles
3378 4051 3694 4117 docebant,

2040 4156 2298 4210 quorum
2321 4141 2617 4211 plurimos
2649 4141 2722 4197 ad
2777 4143 2972 4214 ipsum
3027 4141 3468 4197 convertebant.
3503 4141 3692 4206 Quare

2038 4227 2240 4295 delati,
2277 4235 2334 4284 et
2364 4247 2397 4286 a
2426 4231 2636 4286 Publio
2668 4231 3032 4304 Pamphyliae
3090 4231 3370 4304 praefecto
3422 4246 3692 4301 compre-

2038 4317 2230 4386 hensi,
2264 4325 2442 4390 atque
2475 4320 2844 4392 interrogati,
2902 4337 3118 4394 magna
3165 4319 3441 4374 libertate
3471 4334 3690 4373 nomen

2039 4405 2254 4462 Christi
2286 4409 2406 4464 veri
2440 4409 2541 4464 Dei
2601 4411 2788 4465 nostri
2847 4411 3105 4466 confessi
3164 4416 3326 4477 sunt,
3383 4408 3688 4473 docentes,

2033 4500 2238 4569 ipsum
2270 4517 2398 4556 esse
2428 4500 2528 4572 qui
2559 4500 2698 4557 fecit
2724 4502 3028 4566 cmlum,et
3060 4508 3298 4568 terram,
3334 4505 3390 4555 et
3414 4515 3600 4566 mare,
3634 4505 3691 4554 et

2039 4588 2243 4644 omnia
2296 4607 2426 4660 quas
2460 4591 2521 4644 in
2576 4591 2660 4648 eis
2721 4597 2880 4655 sunt,
2931 4607 3042 4646 nec
3091 4607 3217 4645 esse
3269 4589 3452 4644 alium
3502 4589 3688 4643 Deum

2035 4685 2252 4748 praeter
2271 4680 2463 4750 ipsum
2477 4680 2717 4745 .Quibus
2739 4681 2958 4736 auditis
2975 4679 3411 4736 excandescens
3434 4681 3473 4734 1
3487 4678 3689 4736 59ira

2035 4767 2352 4838 praefectus
2385 4769 2728 4841 gravissime
2762 4787 2862 4825 eos
2891 4771 3250 4826 excruciavit
3273 4788 3286 4825 :
3312 4786 3572 4841 cumque
3616 4768 3689 4824 ad

2035 4857 2451 4930 abnegandum
2506 4859 2808 4915 Christum
2844 4860 3124 4916 inducere
3157 4861 3453 4932 nequiret,
3487 4859 3682 4932 gladio

2033 4947 2226 5018 capita
2248 4947 2544 5018 amputari
2579 4948 2801 5020 jussit:
2855 4966 3109 5020 quorum
3168 4966 3418 5020 corpora
3452 4965 3485 5003 a
3517 4946 3684 5002 Chri-

2032 5036 2240 5090 stianis
2265 5035 2592 5091 honoriﬁce
2619 5037 2853 5108 sepulta
2886 5044 3028 5094 sunt
3055 5038 3128 5094 ad
3158 5039 3410 5112 gloriam
3468 5034 3685 5092 Christi

2029 5122 2132 5177 Dei
2175 5125 2387 5178 nostri.

2671 5307 2892 5364 Eodem
2934 5307 3028 5363 die

2093 5399 2248 5455 100
2281 5400 2943 5531 Commemoratiisclzncti
2971 5407 3156 5461 Patris
3189 5407 3370 5462 nostri
3399 5402 3610 5460 Isidori

2766 5496 2791 5531 e
2816 5480 3026 5531 usiotw.

2766 5480 3026 5532 elusiotae.

2092 5570 2205 5624 Iste
2239 5578 2478 5627 sanctus
2513 5575 2812 5646 Egyptius
2835 5591 2905 5629 ex
2936 5574 3082 5628 urbe
3116 5569 3680 5637 Pelusio,nobilibus
