4114 6306
443 354 558 414 ‘295

1763 309 2189 403 MENOLOGII
2235 341 2434 405 PARS
2477 343 2553 403 ιι.

3741 343 3856 403 296

444 486 677 559 piisque
727 483 1079 557 parentibus
1139 487 1335 548 natus,
1385 477 1718 550 Theophili,
1769 482 1829 532 et
1884 473 2091 548 Cyrilli

2209 473 2422 530 kouctou
2480 475 2810 552 λεγομένης,
2867 477 2984 540 υἱὸς
3041 475 3274 550 εὐγενῶν
3326 476 3414 532 καὶ
3464 471 3701 532 εὐσεϐῶν
3754 498 3850 551 γο-

444 575 818 632 Αιθχαῐιόνὶω
851 574 1262 646 episc0porum
1297 571 1690 642 propinquus,
1751 566 1934 622 sacris
1955 581 2090 636 pro-

443 666 718 736 fanisque
775 665 990 718 litteris
1051 663 1272 734 optime
1309 661 1636 714 instructus
1665 662 1794 724 est;
1829 654 1931 710 sed
1989 653 2096 708 Dei

447 771 710 812 amorem
745 753 960 808 szeculo
996 764 1372 823 praeponens,
1396 747 1761 820 parentibus,
1795 745 2007 816 opibus
2038 747 2098 798 et

446 846 637 918 gloria
665 843 973 902 abdicatis.
1001 843 1062 895 in
1095 846 1357 895 montem
1387 856 1506 894 non
1537 837 1743 909 procul
1770 852 1805 890 a
1860 833 2095 889 Pelusio

445 935 692 990 secessit
723 951 734 986 :
770 933 870 986 ubi
893 931 1225 987 monachus
1255 930 1772 998 factus,vitamquc
1805 923 2096 994 tranquil-

449 1023 566 1077 lam
597 1039 798 1093 agens,
823 1037 1063 1075 omnem
1095 1036 1332 1090 operam
1389 1034 1555 1073 suam
1609 1033 1768 1071 nunc
1799 1013 2094 1086 precibus,

445 1128 606 1166 nunc
629 1109 914 1164 librorum
940 1109 1425 1164 commentationi
1441 1104 1846 1172 dabat,orbem
1867 1103 2100 1156 univer—

449 1216 580 1254 sum
604 1198 873 1270 epistolis
941 1199 1063 1252 suis
1105 1197 1478 1262 illuminans,
1533 1210 1860 1264 omnesque
1901 1205 2100 1246 sacras

449 1289 782 1359 Scripturas
806 1289 877 1341 iis
900 1286 1500 1358 exponens.Cumque
1527 1284 1746 1338 multos
1765 1281 2098 1345 direxisset,

448 1382 507 1431 et
536 1376 852 1430 virtutibus
902 1376 1095 1430 claros
1127 1375 1422 1430 effecisset
1455 1376 1598 1443 (non
1639 1373 1800 1427 enim
1843 1370 2100 1441 privatos

447 1472 676 1520 tantum
706 1464 1094 1536 epistolarum
1127 1479 1369 1519 suarum
1398 1462 1682 1518 doctrinis
1696 1459 1964 1532 juvabat,
1998 1455 2101 1512 sed

447 1555 627 1609 etiam
649 1554 974 1625 principes,
999 1559 1058 1608 et
1087 1554 1420 1624 episcopos,
1445 1557 1504 1606 et
1532 1551 1925 1622 imperatores
1952 1563 1964 1600 :
1997 1545 2104 1602 de-

445 1645 566 1700 cies
597 1649 796 1699 autem
838 1643 1004 1699 mille
1064 1643 1350 1714 epistolas
1382 1640 1782 1712 conscripsit),
1813 1639 1931 1693 vita
1961 1653 2099 1692 san-

453 1733 717 1790 ctissime
748 1738 1048 1789 transacta
1081 1731 1458 1788 obdormivit.

1089 2000 1313 2057 Eodem
1361 2000 1456 2056 die

559 2093 707 2150 161
738 2094 1020 2151 Certamen
1049 2093 1385 2218 sacrlosancti
1431 2092 1693 2160 martyris
1739 2087 1994 2144 Abramii

1207 2179 1357 2218 ersae.

1207 2179 1337 2219 87⁵82
1346 2205 1357 2217 .

524 2344 840 2399 Abramius
873 2347 1291 2412 sacromartyr,
1320 2340 1631 2413 cujusdam
1665 2339 1829 2395 urbis
1860 2340 1921 2393 in
1950 2339 2092 2394 Per-

462 2433 588 2490 side
621 2434 956 2506 episcopus,
992 2433 1209 2503 Sapore
1239 2433 1552 2486 Persarum
1584 2431 1779 2503 potius
1820 2436 2096 2501 tyranno,

447 2541 628 2595 quam
659 2540 814 2595 rege,
850 2529 1160 2577 accusatus
1193 2539 1225 2576 a
1266 2522 1464 2593 Magis.
1501 2521 1598 2592 qui
1635 2537 1828 2592 Ignem
1879 2519 2098 2574 solem-

447 2633 560 2686 que
593 2614 886 2680 colebant,
924 2611 1083 2682 quod
1111 2612 1171 2665 in
1212 2611 1508 2665 (lhrislum
1542 2611 1812 2665 crederet
1843 2623 2096 2679 eumque

457 2707 774 2770 adoraret,
835 2703 1411 2775 comprehenditur,
1481 2702 1811 2773 ferreisque
1871 2702 2097 2758 catenis

447 2796 697 2852 vinctus.
734 2795 805 2850 ad
838 2793 1169 2864 principem
1197 2809 1504 2866 magorum
1537 2792 1854 2848 adducitur
1885 2811 1899 2859 ;
1925 2809 1957 2847 a
1981 2807 2094 2862 quo

452 2885 796 2956 compulsus
819 2884 1116 2938 Christum
1149 2883 1403 2954 ejurare.
1430 2888 1488 2938 et
1526 2888 1850 2947 creaturas,
1910 2881 2097 2936 solem

446 2974 679 3029 scilicet
702 2973 1020 3043 ignemque
1054 2971 1300 3026 adorare
1335 2971 1466 3041 (hos
1497 2972 1657 3026 enim
1689 2971 1935 3026 deorum
1967 2971 2097 3025 loco

445 3062 674 3117 seducti
709 3065 897 3116 Persa)
941 3060 1259 3131 habebant)
1294 3078 1307 3114 :
1337 3077 1470 3115 cum
1531 3060 1604 3115 ad
1636 3059 1694 3115 id
1745 3060 1944 3115 induci
1978 3076 2098 3114 non

444 3158 663 3224 posset,
698 3153 1029 3206 innumeris
1061 3151 1375 3206 tormentis
1407 3151 1822 3223 subjicitur,ad
1844 3165 2097 3221 quorum

453 3241 690 3314 singula
718 3239 1017 3295 Christum
1050 3240 1352 3306 invocans,
1405 3239 1636 3306 aiebat;
1669 3240 1917 3295 Domine
1959 3240 2095 3294 Jesu
2128 3209 2172 3274 Ο

443 3330 672 3385 Christe
706 3330 878 3394 Deus,
911 3329 1123 3400 adjuva
1153 3345 1247 3383 me
1270 3345 1502 3384 servum
1535 3333 1722 3393 tuum,
1756 3329 1896 3400 quia
1953 3329 2014 3383 in
2040 3334 2096 3384 te

448 3419 696 3474 conﬁdit
721 3419 922 3474 anima
952 3435 1102 3473 mea.
1132 3419 1452 3489 Postquam
1500 3424 1698 3473 autem
1720 3435 1755 3474 a
1784 3417 2097 3473 tormentis

447 3514 685 3580 ereptus
717 3512 895 3574 esset,
919 3507 978 3562 in
1003 3523 1301 3562 carcerem
1335 3507 1674 3562 detruditur
1711 3525 1723 3562 :
1758 3507 1914 3562 unde
1965 3525 2096 3562 rur-

441 3615 540 3654 sus
563 3596 831 3662 eductus,
867 3601 1196 3667 tortusque,
1229 3596 1469 3652 demum
1500 3598 1718 3669 gratias
1741 3598 1858 3652 Deo
1893 3613 2093 3670 agens,

443 3685 792 3743 decollatur.

1006 3881 1248 3940 EODEM
1280 3882 1532 3940 MENSE.

1117 3990 1222 4044 Die
1254 3991 1462 4061 quinta

615 4115 770 4170 162
796 4113 1079 4171 Certamen
1120 4121 1324 4170 sancta
1359 4115 1594 4185 Agathw
1628 4119 1910 4186 martyris.

509 4294 728 4364 Martyr
755 4291 968 4346 Christi
1000 4291 1226 4363 Agatha
1249 4293 1526 4348 Panormi
1569 4294 1631 4348 in
1682 4294 1884 4350 Sicilia
1930 4300 2091 4361 nata,

435 4384 647 4450 forma,
680 4383 920 4454 pietate,
955 4381 1198 4451 divitiis,
1233 4383 1457 4453 Deique
1486 4383 1699 4439 timore
1737 4385 1915 4454 clara,
1952 4393 2094 4442 tem-

439 4472 684 4544 poribus
716 4471 883 4543 impii
911 4471 1289 4542 imperatoris
1309 4472 1468 4527 Decii
1491 4474 2094 4544 comprehensa,etad

2203 567 2336 620 νὲων
2398 572 2670 642 συγγενεῖς
2728 564 2784 621 δὲ
2846 563 2994 642 ἔχων
3057 565 3349 642 Θεόφιλον,
3408 566 3498 620 καὶ
3585 563 3855 640 Κόριλλον

2201 656 2329 718 τοὺς
2359 658 2458 724 τῆς
2503 653 2914 729 Ἀλεξανδρείας
2976 653 3337 720 ἐπισκόπους,
3397 651 3588 728 ἔμαθεν
3650 655 3711 709 οὐ
3755 655 3856 728 μό-

2203 768 2296 801 νον
2326 747 2392 801 τὰ
2430 746 2550 820 ἰερᾶ
2599 746 2902 821 γράμματα
2953 752 3051 814 τῆς
3111 742 3217 800 ἔσω
3280 752 3514 822 γραφῆς,
3575 743 3722 800 ἀλλὰ
3769 743 3859 799 καὶ

2203 843 2302 905 τῆς
2334 831 2457 906 ἔξω,
2486 837 2574 891 καὶ
2608 836 2820 911 ἐγένετο
2855 835 3044 913 σοφός.
3108 837 3422 910 Ἀγαπτίσας
3482 831 3540 888 δὲ
3595 835 3688 888 τὸν
3723 835 3851 889 Θεὸν

2204 925 2394 981 πλεῖον
2423 930 2518 980 τοῦ
2549 927 2783 1000 κόσμου,
2815 924 3077 981 κατέλιπε
3133 926 3221 980 καὶ
3281 930 3477 999 γονεῖς,
3535 923 3627 978 καὶ
3679 921 3856 978 πλοῦ-

2203 1037 2322 1086 τον,
2350 1015 2441 1071 καὶ
2475 1013 2653 1086 δόξαν.
2690 1018 2794 1072 Καὶ
2839 1011 3106 1071 κατέλαϐε
3163 1018 3223 1070 τὸ
3285 1011 3436 1089 ὅρος,
3493 1014 3556 1068 τὸ
3615 1011 3852 1084 πλησίον

2203 1107 2453 1178 κείμενον
2480 1109 2576 1160 τοῦ
2626 1105 2966 1176 Πηλουσίου,
3023 1105 3112 1160 καὶ
3167 1104 3370 1178 ἐγένετο
3435 1103 3704 1176 μοναχός.
3763 1104 3852 1160 Ἐν

2207 1195 2252 1266 ᾧ
2285 1195 2375 1248 καὶ
2416 1195 2736 1270 ἡσυχάζων,
2791 1195 2879 1249 καὶ
2928 1198 3009 1266 τῷ
3063 1197 3179 1265 Θεῷ
3240 1193 3708 1267 προσευχόμενος,
3765 1190 3860 1245 καὶ

2204 1284 2298 1346 τὰς
2332 1279 2561 1359 βίϐλους
2594 1283 2927 1357 ἐκμελετῶν,
2957 1297 3058 1351 την
3117 1276 3447 1356 οἰκουμένην
3497 1281 3706 1336 ἃπασαν
3769 1277 3858 1336 διὰ

2205 1379 2314 1431 τῶν
2374 1373 2674 1430 ἐπιστολῶν
2730 1376 3086 1452 κατεφώτισε,
3146 1379 3317 1429 πᾶσαν
3377 1373 3596 1450 Γραφὴν
3653 1369 3722 1427 δι’
3761 1370 3858 1426 αὗ-

2209 1469 2316 1521 τῶν
2359 1463 2839 1540 ἐρμηνε·5σας,καὶ
2898 1462 3146 1526 πολλοὺς
3205 1460 3534 1538 διορθώσας,
3594 1461 3684 1516 καὶ
3739 1461 3854 1515 ἐνα-

2211 1556 2396 1630 ρέτους
2435 1554 2815 1629 ἐργασάμενοςν
2876 1552 2942 1607 οὐ
2995 1551 3159 1626 μόνον
3205 1552 3307 1627 γὰρ
3368 1549 3594 1614 ἲδιώτας
3647 1547 3846 1626 ὠφέλει

2211 1637 2300 1696 διὰ
2319 1647 2418 1710 τῆς
2449 1636 2802 1701 διδασκαλίας
2831 1643 2938 1693 τῶν
2987 1636 3292 1694 ἐπιστολῶν
3320 1637 3509 1709 αὐτοῦ,
3568 1633 3712 1690 ἄλλᾶ
3763 1633 3855 1689 καὶ

2209 1724 2501 1801 ἄρχοντας,
2559 1725 2648 1780 καὶ
2712 1723 3066 1792 ἐπισκόπους,
3119 1723 3208 1779 καὶ
3263 1720 3532 1800 βασιλεῖς.
3610 1715 3746 1776 Δὲκα
3799 1717 3857 1774 δὲ

2129 1812 2468 1906 Βχιλιάδας
2524 1816 2738 1891 γράψας
2797 1812 3112 1884 ἐπιστολὰς,
3195 1812 3286 1868 καὶ
3367 1811 3552 1874 καλῶς
3629 1810 3857 1886 βιώσας,

2211 1903 2511 1978 ἐκοιμήθη.

2689 2023 2709 2035 ’
2795 2011 2879 2083 Τῇ
2911 2008 3047 2082 αὖτῇ
3078 2008 3261 2083 ἡμέρᾳ

2283 2097 2552 2170 1’Λθλησις
2579 2102 2676 2153 τοῦ
2705 2100 2862 2176 ἁγίου
2903 2098 3304 2224 ἱῦρέομάρτυρος
3353 2089 3659 2170 ’Δϐραμίου
3688 2099 3789 2151 τοῦ

3003 2190 3153 2246 ρσου.

2282 2347 2581 2425 Ἀϐράμιος
2641 2352 2668 2406 6
2721 2351 3049 2424 ἱερομάρτυς
3107 2349 3353 2422 ὑπῆργεν
3406 2346 3700 2409 ἐπίσκοπος
3735 2349 3870 2419 μιᾶς

2211 2441 2427 2503 πόλεως
2483 2445 2592 2495 τῶν
2644 2439 2695 2494 ἐν
2756 2436 2996 2514 Περσίδι,
3053 2437 3139 2493 ἐπὶ
3175 2432 3462 2510 Σαϐωρίου
3507 2441 3605 2491 τοῦ
3640 2439 3866 2511 Περσῶν

2209 2530 2473 2606 τυράννου
2509 2528 2744 2602 μᾶλλον,
2803 2529 2838 2597 ἦ
2905 2528 3196 2602 βασιλέως.
3248 2523 3604 2597 Λοιδορηθεὶς
3654 2523 3710 2579 δὲ
3767 2523 3868 2579 καὶ

2213 2616 2534 2688 διαϐληθεὶς
2565 2619 2710 2694 παρὰ
2739 2622 2844 2672 τῶν
2877 2619 2939 2672 τὸ
2971 2621 3077 2692 πῦρ
3117 2617 3206 2671 καὶ
3265 2618 3355 2671 τὸν
3405 2613 3567 2685 ἤλιον
3625 2609 3864 2688 σεϐομέ-

2211 2733 2316 2766 νων
2379 2711 2605 2785 Μάγων,
2673 2708 2756 2762 ’ὁτι
2808 2712 2886 2779 τῷ
2945 2711 3166 2780 Χριστῷ
3221 2705 3484 2774 πιστεύει,
3544 2705 3634 2760 καὶ
3693 2705 3865 2762 αὐτὸν

2212 2795 2454 2868 σέϐεται,
2511 2797 2808 2870 ἐκρατήθη.
2871 2797 2970 2852 Καὶ
3045 2792 3219 2855 δεθεὶς
3297 2791 3524 2867 δεσμοῖς
3588 2791 3869 2869 σιδηροῖς,

2211 2890 2506 2965 προσήχθη
2538 2891 2616 2959 τῷ
2647 2884 3002 2960 Ἀρχιμάγῳ.
3054 2883 3150 2938 Καὶ
3185 2885 3272 2938 ὑπ’
3304 2883 3509 2938 ἐκείνου
3542 2883 3865 2958 ἠναγκάσθη

2212 2981 2542 3055 ἀρνήσασθαι
2625 2977 2718 3031 τὸν
2778 2976 3032 3052 Χριστὸν,
3115 2974 3204 3029 καὶ
3284 2981 3654 3050 προσκυνῆσαι
3733 2982 3864 3038 τοῖς

2209 3069 2489 3141 κτίσμασι,
2519 3071 2599 3139 τῷ
2629 3066 2796 3138 ἡλίῳ,
2830 3063 2919 3119 καὶ
2977 3068 3056 3134 τῷ
3103 3063 3254 3139 πυρί.
3313 3068 3491 3119 Ταῦτα
3544 3063 3646 3138 γὰρ
3700 3065 3867 3140 εἶχον

2211 3158 2284 3220 ὡς
2305 3156 2458 3220 θεοὺς
2487 3156 2538 3210 οἱ
2569 3152 2984 3226 πεπλανημένοι
3015 3154 3235 3227 Πέρσαι.
3272 3153 3362 3217 Ὠς
3392 3150 3448 3208 δὲ
3478 3153 3578 3208 οὐκ
3607 3152 3869 3226 ἐπείσθη,

2210 3246 2430 3321 μυρίαις
2461 3238 2743 3314 ὑπεὸΛήθη
2771 3243 3089 3317 τιμωρίαις.
3125 3241 3224 3298 Καὶ
3256 3243 3391 3298 κατὰ
3451 3252 3577 3316 μίαν
3611 3244 3853 3317 βάσανον

2207 3333 2528 3390 ἐπεκαλεῖτο
2585 3332 2679 3387 τὸν
2757 3331 3020 3406 Χριστὸν,
3079 3331 3168 3385 καὶ
3228 3328 3430 3408 ἔλεγεν⁸
3483 3331 3644 3407 Κύριε
3677 3333 3868 3403 Ἰησοῦ

2204 3423 2422 3496 Χριστὶ,
2455 3422 2483 3476 6
2515 3421 2666 3490 Θεὸς,
2695 3420 2884 3493 βοήθει
2919 3440 3012 3492 μοι
3042 3423 3122 3490 τῷ
3147 3417 3332 3492 δούλῳ
3364 3440 3480 3487 σου,
3513 3419 3594 3474 ὅτι
3647 3418 3734 3475 ἐπὶ
3770 3421 3867 3477 σοὶ

2205 3508 2458 3567 πέποιθεν
2491 3513 2526 3579 ἡ
2555 3510 2708 3584 ψυχή
2747 3531 2872 3582 μου”
2915 3508 3005 3564 καὶ
3062 3507 3152 3563 ὅτε
3198 3507 3430 3583 ἐῤῥύσθη
3462 3515 3561 3577 τῆς
3593 3509 3864 3584 βασάνου,

2203 3597 2522 3656 ἀπεκλείετο
2554 3597 2606 3653 ἐν
2623 3601 2692 3670 τῇ
2726 3595 2966 3672 φυλακῇ
2995 3596 3084 3652 καὶ
3115 3596 3280 3652 πάλιν
3343 3597 3404 3652 ἐκ
3454 3601 3554 3666 τῆς
3602 3597 3870 3675 φυλακῆς

2205 3684 2640 3761 ἐκϐαλλόμενος,
2698 3681 3061 3755 ἐϐασανίζετο·
3115 3685 3204 3741 καὶ
3253 3684 3567 3742 τελευταῖον
3622 3691 3700 3760 τῷ
3727 3692 3859 3764 Θεῷ

2204 3779 2563 3856 εὐχαριστῶν,
2597 3775 2873 3853 ἀπεκεφαλ
2885 3777 3001 3847 ίσθη
3013 3820 3025 3834 .

2734 3877 2912 3933 nam
2967 3881 3051 3953 ro
3110 3878 3309 3956 mo.

3000 3993 3053 4048 E'

2413 4110 2685 4182 ’Ἃθλησις
2714 4116 2814 4180 τῆς
2844 4108 3004 4184 ἁγίας
3050 4111 3325 4186 μάρτυρος
3374 4107 3630 4185 Ἀγάθης.

2271 4299 2333 4352 ιιι
2367 4295 2572 4371 μάρτυς
2629 4296 2728 4348 τοῦ
2788 4293 3024 4367 Χριστοῦ
3082 4291 3307 4366 Ἀγάθη,
3368 4289 3578 4366 ἐγένετο
3632 4288 3692 4344 ἐκ
3748 4299 3858 4362 τῆς

2201 4387 2419 4448 πόλεως
2475 4383 2763 4454 Πανόρμου
2809 4387 2911 4451 τῆς
2966 4380 3018 4435 ἐν
3081 4379 3322 4452 Σικελίᾳ’
3385 4378 3656 4458 εὔμορφος
3710 4380 3859 4438 πάνυ

2201 4477 2292 4532 καὶ
2355 4473 2547 4548 ὡραία’
2603 4474 2668 4540 ἦν
2730 4469 2789 4526 δὲ
2853 4470 2943 4525 καὶ
3003 4465 3264 4539 εὐλαϐὴς,
3321 4468 3413 4524 καὶ
3471 4467 3732 4541 πλουσία,
3759 4472 3858 4526 καὶ

438 4561 786 4634 praefectum
810 4561 1128 4632 provinciae
1160 4561 1434 4628 adducta,
1469 4562 1837 4632 Aphrodisiaa
1857 4565 2094 4620 mulieri

2209 4566 2294 4620 τὸν
2343 4563 2473 4618 Θεὸν
2534 4555 2876 4639 φοϐουμένη.
2948 4558 3071 4615 Ἐπὶ
3131 4555 3189 4612 δὲ
3269 4559 3369 4627 τῆς
3449 4557 3700 4632 βασιλίας
3756 4564 3857 4616 τοῦ

437 4653 785 4712 traditur.ut
816 4651 1116 4706 illecebris
1138 4651 1387 4707 delinita
1411 4653 1795 4709 induceretur
1825 4655 1898 4710 ad
1929 4655 2093 4710 Chri-

439 4747 597 4796 stum
623 4740 1002 4811 ejurandum,
1040 4747 1098 4795 et
1124 4742 1378 4798 colenda
1399 4741 1561 4798 idola
1595 4744 1732 4798 :sed
1762 4761 1897 4799 cum
1927 4745 1999 4800 ad
2033 4744 2091 4800 id

446 4829 680 4884 suaderi
709 4845 828 4882 non
861 4831 1235 4900 posset,quin
1255 4831 1450 4902 potius
1468 4849 1573 4902 pro
1587 4831 1818 4888 Christo
1842 4840 2091 4889 mortem

441 4921 692 4988 Optaret,
736 4918 1084 4987 gravissime
1140 4919 1406 4986 caeditur,
1465 4920 1638 4991 eique
1686 4923 2092 4978 mamillarrm

443 5022 565 5060 una
586 5004 976 5060 abscinditur.
1021 5006 1133 5061 Sed
1163 5008 1223 5060 in
1255 5023 1554 5062 carcerem
1585 5011 1872 5080 conjecta;
1915 5017 2092 5066 noctu

445 5102 686 5153 sanctus
723 5097 931 5150 Petrus
989 5097 1294 5166 apostolus
1352 5115 1666 5168 apparens,
1726 5109 2093 5172 amputatam

436 5184 787 5251 mamillam,
818 5185 915 5237 Dei
938 5186 1145 5255 gratia,
1179 5202 1386 5240 sanam
1410 5188 1689 5242 restituit.
1723 5191 1866 5245 Tum
1899 5208 1929 5246 e
1961 5209 2093 5248 car-

436 5290 571 5329 cere
605 5272 835 5337 educta,
873 5289 1051 5342 super
1097 5273 1360 5328 minutas
1411 5276 1656 5330 testulas
1715 5285 2003 5348 raptatur,
2037 5285 2096 5335 et

437 5365 572 5435 igne
604 5360 941 5415 amburitur
975 5377 988 5414 :
1029 5366 1208 5431 atque
1262 5363 1335 5417 ab
1398 5362 1489 5417 his
1548 5366 1845 5434 omnibus,
1879 5369 2094 5424 Christi

436 5451 673 5515 virtute,
707 5449 979 5512 liberata,
1014 5450 1228 5505 iterum
1263 5453 1323 5506 in
1355 5453 1690 5508 custodiam
1724 5455 2094 5513 includitur:

435 5539 536 5593 ubi
566 5540 682 5592 Deo
713 5538 929 5609 gratias
960 5554 1163 5610 agens,
1197 5545 1254 5595 et
1286 5557 1483 5605 orans,
1516 5540 1788 5598 decessit.

2196 4653 2521 4728 παρανόμου
2581 4651 2771 4704 Δεκίου
2828 4649 3178 4722 κρατηθεῖσα,
3209 4651 3288 4719 τῷ
3328 4649 3426 4716 τῆς
3478 4649 3668 4723 χώρας
3720 4653 3856 4725 ἡγε-

2204 4744 2329 4819 μόνι
2408 4741 2758 4815 προσάγεται·
2836 4737 2926 4792 καὶ
3009 4735 3280 4812 παρεδόθη
3349 4735 3672 4814 Ἃφροδικίᾳ
3743 4739 3849 4794 τινὶ

2199 4830 2440 4908 γυναικὶ,
2465 4828 2556 4883 ’ίνα
2602 4829 2739 4902 μετά
2794 4827 3105 4902 πραότητος
3162 4826 3322 4900 πείσῃ
3373 4827 3544 4894 αὐτὴν
3613 4827 3854 4903 ἀρνήσα-

2205 4935 2325 4986 σθαι
2384 4920 2475 4973 τὸν
2529 4918 2782 4991 Χριστὸν,
2838 4917 2926 4971 καὶ
2985 4918 3355 4988 προσκυνῆσαι
3401 4922 3519 4979 τοῖς
3574 4915 3852 4978 ἐῖ’ὂώλοις.

2199 5019 2288 5072 Ὠς
2323 5007 2380 5064 δὲ
2411 5007 2508 5062 οὐκ
2536 5005 2780 5074 ἐπείσθη,
2827 5003 2975 5060 ἀλλὰ
3035 5002 3249 5076 μᾶλλον
3307 5003 3503 5072 ἢθελεν
3563 5004 3694 5078 ὑπὲρ
3749 5009 3852 5060 τοῦ

2204 5101 2442 5175 Χριστοῦ
2473 5098 2786 5164 ἀποθανεῖν,
2831 5097 3086 5150 τύπτεται
3143 5094 3406 5168 ἰσχυρῶς,
3468 5095 3558 5152 καὶ
3613 5097 3705 5151 τὸν
3759 5091 3855 5150 ἕνα

2201 5195 2310 5245 τῶν
2369 5192 2585 5262 μαστῶν
2636 5186 2976 5242 ἐκκόπτεται’
3030 5183 3157 5240 ἀλλ’
3189 5184 3361 5249 ἐλθὼν
3396 5185 3446 5240 ἐν
3505 5190 3572 5259 τῇ
3630 5184 3852 5261 φυλακῇ

2205 5277 2296 5334 διὰ
2322 5286 2423 5348 τῆς
2451 5276 2644 5338 νυκτὸς
2701 5278 2729 5332 6
2791 5277 2940 5353 ἅγιος
2996 5276 3201 5350 ΙΙέτρος
3250 5275 3277 5330 6
3334 5276 3660 5347 ἀπόστολος,
3720 5278 3858 5330 Θεοῦ

2205 5369 2415 5443 χάριτι,
2448 5369 2542 5423 τὸν
2577 5367 2873 5424 ἐκκοπέντα
2935 5367 3136 5441 μαστὸν
3201 5367 3324 5441 ὑγιῆ
3385 5367 3662 5438 ἐποίησεν.
3720 5367 3858 5425 Εἶτα

2207 5458 2497 5528 ἐξελθοῦσα
2527 5465 2628 5528 τῆς
2685 5455 2957 5535 φυλακῆς,
3017 5455 3200 5512 ἐπάνω
3255 5458 3598 5528 κεκομμένου
3659 5454 3861 5530 ὀστρά-

2208 5568 2307 5603 κου
2339 5547 2576 5623 σῦρεταιο
2627 5547 2717 5603 καὶ
2771 5547 2904 5620 μετᾶ
2955 5549 3126 5601 ταῦτα
3186 5541 3279 5599 διὰ
3333 5547 3503 5620 πυρὸς
3585 5544 3859 5624 καταφλέ-

436 5647 612 5703 γεται.
644 5626 732 5688 Ὧς
760 5623 816 5679 δὲ
849 5624 908 5680 ἐκ
936 5626 1143 5681 τούτων
1175 5628 1412 5697 πάντων,
1443 5631 1510 5702 τῇ
1544 5632 1638 5682 τοῦ
1671 5631 1913 5704 Χριστοῦ
1947 5629 2194 5707 δυνάμει,
2231 5636 2392 5711 ὑγιὴς
2423 5633 2795 5714 διεφυλαχοη,
2828 5634 2993 5692 πάλιν
3033 5631 3358 5704 ἀπεκλείσθη
3393 5633 3449 5688 ἐν
3507 5643 3576 5706 τῇ
3611 5633 3854 5714 φυλακῇ,

434 5717 524 5772 καὶ
554 5716 667 5772 ἐκεῖ
696 5715 1092 5791 εὐχαριστοῦσα
1118 5721 1198 5789 τῷ
1227 5723 1366 5791 Θεῷ,
1399 5719 1483 5773 καὶ
1518 5722 1963 5795 προσευχομένη,
1995 5723 2314 5797 ἐτελειώθη.
