4112 6308
1638 390 2160 454 FEBllUARlUS.
3536 393 3656 453 298

163 396 262 458 291

755 536 969 589 nam
999 535 1088 610 Τῼ
1126 529 1330 605 Ar'ro.

2565 525 2807 581 EODEM
2845 524 3083 581 MENSE

1047 647 1109 716 ζ’.

2675 641 2778 696 Die
2810 646 2994 697 sexta.

200 761 478 831 Ἀθλησις
524 760 631 813 τοῦ
693 755 865 833 ἁγίοο
943 755 1217 833 ἑάρτυρος
1303 749 1612 807 Ἰουλιανοῦ
1671 752 1767 803 τοῦ
1844 747 1896 804 ἐν

2073 759 2226 814 168
2260 756 2544 812 Certamen
2573 759 2751 813 sancti
2778 759 3038 826 martyris
3067 756 3286 812 ,ιιιιὶαηὶ
3323 758 3592 812 Emesem'.

945 826 1181 900 *Enéq.

289 952 475 1012 Οὗτος
511 950 771 1024 ὑπῆρχεν
801 945 911 1002 ἀπὸ
956 944 1193 1024 Ἐμέσης
1236 947 1338 1010 τῆς
1387 937 1624 1024 πᾷλεῳς.
1675 939 1814 1002 Νὲος
1843 935 1902 1024 δέ

213 1031 288 1088 ὧν
354 1031 536 1105 ἔμαθε
753 1025 1006 1099 ἰατρικὴν
1088 1022 1312 1099 τέχνην,
1370 1019 1460 1076 καὶ
1547 1020 1754 1093 ἶάτρευε
1811 1019 1900 1073 καὶ

223 1120 532 1197 ἐθεράπευε
588 1119 719 1181 τοῦς
780 1118 1151 1181 ἀσθενοῦντας.
1195 1110 1298 1169 Καὶ
1352 1113 1421 1185 τῇ
1488 1109 1753 1186 προφάσει
1806 1113 1902 1164 τοῦ

218 1210 532 1288 ἰατρεύειν,
566 1205 849 1264 ἐδίδασκεν
892 1202 1090 1266 αὐτοὺς
1139 1202 1238 1270 τὴν
1289 1199 1366 1262 είς
1406 1200 1637 1274 Χριστὸν
1698 1198 1903 1291 πίστιν,

213 1302 304 1357 καὶ
337 1296 672 1368 ἐϐάπτιζεν.
707 1298 794 1353 Ἐν
822 1298 921 1368 μιᾷ
970 1290 1027 1347 δέ
1064 1295 1172 1346 τῶν
1227 1291 1477 1362 ἡμερῶν,
1525 1289 1901 1364 κρατηθέντωψ

213 1395 368 1463 παρὰ
397 1394 516 1444 τῶν
547 1385 858 1456 Ἑλλήνων,
909 1382 984 1444 είς
1029 1385 1092 1436 τὸ
1153 1379 1565 1456 βασανισθῆναι,
1631 1373 1905 1433 Σιλὸανοῦ

2036 1398 2304 1460 νϐΓὶΙίΟΓθ,
2336 1393 2408 1448 ab
2461 1393 2716 1448 ethnicis
2773 1392 3214 1464 comprehensi,
3277 1391 3434 1458 torti,
3492 1399 3550 1446 et
3606 1393 3667 1447 in

215 1485 314 1536 τοῦ
377 1477 718 1545 ἐπισκόπου,
777 1473 868 1528 καὶ
925 1475 1109 1526 Λουκᾶ
1163 1466 1440 1537 διακόνου,
1526 1467 1612 1521 καὶ
1677 1467 1905 1523 Μωκίου

2036 1481 2246 1536 'incula
2276 1481 2555 1553 conjecti,
2588 1481 2726 1536 inde
2763 1482 3002 1536 demum
3053 1479 3272 1545 educti,
3329 1479 3402 1535 ad
3444 1479 3667 1536 bestias

215 1569 645 1644 ’Δναγνώστου,
695 1563 829 1619 κατά
901 1559 1030 1622 τοὺς
1088 1557 1312 1630 καιροὺς
1371 1557 1752 1630 Νουμεριανοῦ
1809 1561 1908 1612 τοῦ

2036 1573 2469 1638 lamnarentur;
2495 1572 2698 1626 videns
2721 1572 2845 1626 haec
2867 1577 3106 1626 sanctus
3125 1571 3669 1642 Julianus,zeloque

224 1659 543 1734 βασιλέως,
622 1654 712 1709 καὶ
769 1651 843 1714 εἷς
935 1648 1181 1727 φυλακὴν
1263 1644 1751 1714 ἂποκλεισθὲντων,
1818 1661 1910 1716 καὶ

2039 1675 2316 1728 ncensus,
2345 1677 2497 1733 aagre
2544 1659 2604 1714 id
2661 1660 2816 1727 tulit,
2865 1676 3118 1730 cumque
3173 1659 3214 1712 ii
3247 1676 3277 1713 e
3309 1674 3545 1714 carcere
3595 1659 3670 1714 ad

218 1732 760 1808 καταδικασθέντων
816 1732 1237 1812 καταϐρωθῆναι
1313 1735 1416 1790 ὑπὸ
1494 1733 1720 1810 θηρίωνο
1783 1732 1913 1790 ἰδὼν

2036 1750 2234 1803 )estias
2261 1732 2632 1819 raperentur,
2667 1765 3006 1811 accurrens,
3036 1753 3272 1803 sanctos
3298 1747 3482 1802 libere
3505 1764 3671 1802 oscu-

233 1841 260 1894 ὃ
289 1840 466 1912 ἅγιος
499 1832 807 1892 ἰουλιανὸς
851 1830 916 1884 τὸ
957 1828 1272 1903 γινόμενον,
1323 1823 1412 1912 καὶ
1470 1823 1725 1912 ζηλώσας
1773 1823 1910 1880 ὖλυ..

2041 1842 2198 1901 atus,
2220 1837 2464 1909 rogavit,
2490 1842 2557 1892 ut
2577 1837 2806 1892 socium
2833 1853 2894 1892 se
2923 1836 3033 1891 sibi
3059 1835 3670 1908 adjungerent.Quare

222 1901 417 1983 πεῖτο.
455 1925 596 1981 Ὅτε
626 1920 682 1977 δέ
711 1917 850 1976 εἶδεν
871 1901 1066 1980 αὐτοὺς
1113 1922 1215 1986 τῆς
1267 1911 1519 1991 φυλακῆς
1568 1910 1908 1984 ἐξελθόντας,

2036 1925 2497 1996 :omprehensus
2528 1931 2588 1981 et
2617 1926 2762 1997 ipse,
2816 1931 2874 1981 et
2919 1941 3039 1980 una
3095 1941 3229 1980 cum
3287 1925 3361 1979 iis
3419 1925 3670 1994 vinctus,

223 2018 316 2072 καὶ
382 2011 739 2086 δεδεμένους,
799 2008 890 2064 καὶ
947 2006 1282 2082 συρομὲνους
1366 2003 1504 2079 πρὸς
1593 2003 1661 2057 τὰ
1714 2004 1904 2079 θηρία,

2036 2013 2197 2069 :lavis
2227 2014 2432 2086 capiti,
2461 2014 2760 2082 manibus,
2783 2014 3153 2086 pedibusque
3176 2014 3514 2080 conﬁxis,in
3540 2029 3677 2084 spe-

226 2105 448 2182 ἶδραμε
501 2101 644 2176 πρὸς
705 2099 922 2166 αὐτοὺς,
996 2093 1086 2152 καί
1170 2093 1453 2182 παῤῥησία
1509 2089 1903 2182 ,κατεφίλησεν

2036 2120 2262 2160 .uncam
2287 2104 2608 2176 quamdam
2635 2104 2938 2176 ingressus
2969 2103 3244 2159 decessit.

231 2180 470 2264 αὖτοὺς,
504 2191 602 2248 καὶ
633 2187 833 2261 ηὔξατο
871 2186 1075 2248 αὐτοῖς.
1109 2185 1250 2243 Τότε
1277 2189 1368 2239 καὶ
1400 2180 1559 2246 αὐτὸς
1590 2186 1900 2258 κρατηθεὶς,
1929 2188 2187 2264 συνεδέθη
2221 2192 2541 2256 αὐτοῖςοκαί
2564 2192 2909 2263 καθηλωθείς
2937 2190 3207 2270 κεφαλὴν,
3238 2195 3454 2267 χεῖρας,
3480 2185 3675 2258 πόδας,

230 2285 285 2343 ἐν
315 2281 602 2355 σπηλαίῳ
629 2278 737 2335 τινὶ
768 2275 1052 2344 εἰσελθὼν,
1083 2273 1449 2345 ἐτελεύτησεν.

853 2378 932 2450 ri
965 2373 1101 2448 αὐτῇ
1131 2371 1316 2448 ἡμέρᾳ

235 2501 533 2571 Ἀθλησις
581 2499 684 2571 τῆς
739 2493 1220 2571 ᾁγίαεβμιάρτυρος
1267 2562 1280 2571 _
1311 2491 1586 2571 ᾒαιξστης,
1655 2493 1746 2547 καὶ
1801 2495 1912 2546 τῶν

573 2569 666 2624 σὺν
693 2562 832 2640 αὐτῇ
864 2562 1164 2622 Εὗῒλάτίού
1195 2562 1285 2618 καὶ
1317 2563 1596 2635 Μαξίμου.

2080 949 2195 1003 Iste
2224 965 2293 1004 ex
2314 948 2458 1004 urbe
2486 951 2699 1003 Emesa
2726 948 2838 1003 fuit
2863 965 2875 1002 :
2907 947 3198 1002 medicam
3231 952 3430 1002 autem
3471 952 3661 1002 artem

2008 1054 2042 1092 a
2073 1054 2255 1109 puero
2289 1037 2551 1103 edoctus,
2580 1043 2830 1109 aegrotos
2857 1037 3102 1092 curabat
3126 1057 3140 1102 ;
3169 1053 3358 1108 eaque
3379 1035 3663 1093 medendi

2008 1128 2319 1184 occasione
2350 1144 2514 1196 usus,
2548 1127 2762 1182 Christi
2822 1126 3002 1182 fidem
3056 1125 3192 1180 illos
3248 1125 3555 1192 edocebat,
3608 1132 3668 1182 et

2008 1216 2358 1288 baptizabat.
2380 1217 2526 1271 Cum
2546 1233 2678 1270 vero
2701 1215 3024 1287 aliquando
3040 1215 3309 1269 Silvanus
3324 1214 3639 1286 episcopus
3652 1265 3668 1289 ,

2011 1305 2195 1360 Lucas
2225 1304 2536 1367 diaconus,
2566 1309 2626 1359 et
2655 1304 2875 1358 Mocius
2906 1303 3112 1369 lector,
3163 1303 3522 1357 Numeriano
3555 1305 3666 1358 im-

2675 2379 2895 2437 Eodem
2927 2379 3021 2436 die

2022 2498 2178 2554 164
2205 2501 2487 2555 Certamen
2515 2504 2721 2555 sanctae
2757 2497 3020 2568 martyris
3048 2499 3281 2567 Faustae,
3315 2504 3368 2552 et
3405 2498 3670 2552 sociorum

2477 2573 2593 2641 ejus
2620 2570 2856 2625 Evilasii
2883 2577 2936 2624 et
2964 2569 3217 2625 Maximi.

314 2692 578 2753 Φαῦπα,
637 2687 674 2754 ἡ
725 2686 825 2738 τοῦ
882 2683 1120 2755 Χριστοῦ
1207 2678 1414 2755 μάρτυς
1494 2680 1740 2756 ὑπῆρχεν
1824 2678 1914 2737 ἐπὶ

246 2779 614 2849 Μαξιμιανοῦ
643 2777 743 2826 τοῦ
795 2769 1093 2847 βασιλέως,
1142 2769 1202 2824 ἐκ
1245 2775 1347 2837 τῆς
1391 2766 1612 2832 πόλεως
1659 2769 1906 2839 Κυζίκου

256 2867 498 2941 θυγάτηρ
567 2863 772 2940 γονέων
859 2859 1137 2915 πλουσίων
1221 2858 1311 2913 καὶ
1396 2853 1653 2915 εὐσεϐῶν.
1739 2858 1920 2916 Ἀλλᾶ

266 2954 701 3022 τελευτησάντων
743 2949 991 3015 ἐκείνων,
1052 2947 1218 3016 αὐτὴν
1270 2949 1344 3009 ὡς
1395 2949 1488 3002 νὲα
1533 2947 1622 3002 καὶ
1681 2947 1920 3004 πλουσία

262 3044 367 3101 οὐκ
398 3045 643 3118 ἠγάπησε
671 3040 770 3103 τὰς
797 3035 999 3108 ἡδονὰς
1027 3041 1124 3091 τοῦ
1160 3036 1396 3109 κόσμου,
1450 3034 1582 3091 ἀλλ’
1610 3036 1662 3091 ἐν
1714 3049 1918 3111 παρθε-

2098 2691 2310 2744 Fausta
2334 2690 2547 2744 Christi
2579 2689 3186 2760 martyr,Maximiano
3212 2689 3588 2759 imperatore,
3612 2704 3683 2743 ex

2028 2779 2230 2850 Cyzico
2245 2778 2388 2832 urbe
2409 2777 2814 2845 ﬁnit,divitum
2834 2779 3190 2848 piorumque
3203 2783 3516 2848 parentum
3539 2777 3682 2844 filia;

2029 2868 2102 2922 iis
2135 2868 2409 2932 mortuis,
2443 2884 2578 2922 cum
2638 2867 3008 2932 adolescens,
3071 2871 3128 2920 et
3175 2867 3458 2936 opulenta
3511 2870 3689 2934 esset,

2029 2955 2230 3011 saeculi
2266 2961 2466 3011 tamen
2493 2956 2823 3027 voluptates
2857 2970 3169 3026 spernens,
3212 2955 3273 3008 in
3323 2953 3684 3025 virginitate,

2025 3045 2280 3117 jejunio,
2316 3045 2549 3116 vigiliis,
2585 3049 2644 3100 et
2673 3044 3070 3116 eleemosynis
3119 3043 3245 3098 dies
3293 3042 3680 3114 transigebat,

257 3135 372 3206 νίς,
408 3134 494 3188 καὶ
528 3131 776 3201 νηστείᾳ,
806 3127 898 3182 καὶ
932 3127 1203 3200 ἀγρυπνίᾳ
1240 3125 1332 3180 καὶ
1389 3124 1733 3201 ἐλεημοσύνη
1783 3126 1919 3200 πρὸς

2036 3135 2150 3189 Deo
2178 3133 2528 3202 inserviens,
2550 3149 2971 3204 sacrorumque
2996 3132 3285 3186 librorum
3310 3131 3549 3186 lectioni
3582 3131 3681 3186 in-

247 3228 384 3287 τοὺς
410 3223 647 3291 πένητας
695 3216 874 3290 διῆγε,
934 3215 1023 3270 καὶ
1070 3215 1163 3269 τὸν
1214 3215 1343 3269 Θεὸν
1396 3213 1729 3287 ἐθεράπευεν·
1785 3215 1918 3271 Ἀν-

249 3313 527 3389 εγίνωσκε
579 3306 636 3363 δὶ
692 3306 783 3362 καὶ
837 3306 940 3373 τὴν
993 3302 1146 3379 ἁγίαν
1205 3305 1446 3379 Γραφήν.
1506 3303 1604 3358 Διᾶ
1663 3307 1825 3360 τοῦτο
1881 3306 1917 3374 ἡ

243 3406 420 3478 ςήμη
482 3398 656 3466 αὐτῆς
717 3395 887 3469 μέχρι
939 3395 1038 3447 τοῦ
1120 3389 1390 3466 βασιλέως
1471 3392 1747 3463 ἠκούσθη·
1828 3394 1916 3448 καὶ

240 3477 543 3558 ἂπεστάλη
576 3486 715 3560 πρὸς
760 3483 927 3549 αὐτὴν
978 3477 1274 3542 Εὐϊλάσιος
1318 3481 1348 3536 ὁ
1391 3478 1602 3556 ἄρχων,
1657 3485 1756 3536 τοῦ
1801 3485 1920 3537 πεῖ·

245 3604 338 3637 σαι
375 3577 556 3645 αὐτὴν
587 3579 742 3639 θῦσαι
795 3575 918 3634 τοῖς
969 3567 1244 3631 εἰδώλοις.
1303 3570 1391 3631 Ὠς
1448 3567 1506 3624 δὲ
1563 3567 1698 3625 εἶδεν
1752 3569 1920 3639 αὐτὴν

246 3665 851 3741 θαυματουργήσασαν,
931 3658 1209 3714 ἐπίστευσε
1286 3662 1370 3730 τῷ
1461 3663 1697 3734 Χριστῷ,
1784 3659 1925 3716 Τότε

245 3755 546 3823 ἀπεστάλη
598 3752 850 3823 Μάξιμος
906 3749 936 3802 ὁ
984 3746 1254 3822 ὕπαρχος,
1338 3747 1622 3822 βασανίσαι
1673 3752 1922 3804 Φαῦσταν

248 3848 344 3905 καὶ
421 3841 742 3902 Εόϊλάσιονο
799 3838 892 3894 καὶ
950 3836 1176 3907 ἐποίησε
1227 3835 1491 3912 χαλκεῖον
1549 3837 1921 3913 καχλάζοντα,

250 3937 342 3994 καὶ
377 3928 642 3991 ἐνίϐαλεν
675 3931 784 3984 ἐκεῖ
837 3925 964 3990 τοὺς
1018 3924 1227 4000 ἁγίους,
1276 3925 1366 3988 Ὠς
1419 3922 1476 3980 δὲ
1523 3922 1684 3993 εἶδεν,
1733 3924 1816 3982 ὅτι
1860 3924 1922 3981 οὗ

250 4026 531 4090 καίονται,
563 4017 855 4079 πιστεύσας
885 4015 974 4071 καὶ
1031 4015 1194 4077 αὐτὸς
1244 4019 1326 4087 τῷ
1379 4016 1620 4090 Χριστῷ,
1672 4013 1921 4086 εἰσῆλθεν

256 4110 596 4188 αὐτομάτως
640 4107 718 4170 είς
775 4103 1066 4182 χαλκεῖον·
1123 4103 1215 4159 καί
1267 4101 1440 4167 οὕτως
1497 4104 1550 4160 οἱ
1605 4109 1752 4179 τρεῖς
1810 4104 1922 4160 tu.

261 4205 606 4274 λειώθησαν.

863 4313 948 4387 Τῇ
980 4309 1118 4384 αὐτῇ
1151 4308 1338 4384 ἡμέρᾳ

2031 3227 2212 3278 tenta.
2238 3223 2632 3288 Quamobrem
2648 3239 2779 3278 cum
2807 3223 2968 3277 illius
2993 3221 3152 3277 fama
3173 3221 3680 3291 adimperatorem

2029 3313 2416 3384 pervenisset,
2449 3313 2612 3367 misit
2641 3311 2713 3367 ad
2758 3311 2924 3366 illam
2966 3311 3286 3366 Evilasium
3336 3314 3677 3381 praetorem,

2031 3402 2132 3473 qui
2151 3401 2204 3456 ei
2223 3401 2607 3473 persuaderet
2630 3400 2803 3455 idolis
2825 3400 3165 3466 immolare;
3180 3399 3284 3454 ubi
3302 3415 3435 3454 vero
3451 3404 3681 3470 patrata

2029 3490 2102 3546 ab
2130 3490 2233 3545 illa
2263 3490 2550 3546 miracula
2575 3489 2862 3544 Evilasius
2891 3489 3056 3557 vidit,
3089 3489 3151 3543 in
3203 3489 3501 3543 Christum
3546 3505 3676 3542 cre-

2030 3579 2198 3634 didit.
2230 3581 2392 3634 Tunc
2427 3579 2678 3633 mittitur
2703 3577 2986 3632 Maximus
3017 3583 3362 3648 propraetor,
3416 3581 3483 3630 ut
3527 3577 3676 3631 Fau-

2031 3674 2204 3734 stam,
2238 3673 2296 3724 et
2323 3668 2642 3723 Evilasium
2686 3672 3011 3737 torqueret,
3074 3667 3173 3737 qui
3233 3666 3297 3720 in
3353 3665 3678 3720 ferventem

2029 3756 2284 3811 lebetem
2319 3772 2551 3810 aeneum
2583 3761 2818 3810 sanctos
2849 3754 3143 3824 conjecit;
3173 3752 3277 3808 sed
3305 3769 3441 3808 cum
3476 3768 3574 3807 eos
3606 3752 3684 3806 il-

2032 3845 2205 3900 lzesos
2235 3849 2526 3911 cerneret,
2561 3848 2836 3914 suscepta
2866 3848 2924 3898 et
2953 3843 3078 3915 ipse
3108 3841 3323 3897 Christi
3355 3840 3491 3908 ﬂde,
3525 3841 3681 3897 ultro

2031 3934 2292 4005 seipsum
2306 3933 2368 3988 in
2392 3933 2647 3988 lebetem
2667 3931 2934 4000 demisit;
2955 3937 3132 4003 atque
3144 3948 3251 4004 per
3261 3931 3420 3986 hunc
3437 3930 3679 3986 modum

2031 4039 2239 4079 omnes
2269 4022 2607 4095 consumpti
2637 4026 2796 4078 sunt.

2678 4318 2900 4376 Eodem
2933 4318 2989 4375 di
2999 4335 3030 4375 θ

264 4439 540 4506 Ἀθλησις
596 4433 704 4506 τῷν
764 4419 1289 4506 ἁγίῳν-ξιλβανοῦ-
1333 4424 1664 4506 ἐπισκᾴπου,
1740 4431 1920 4482 Δουκᾶ

2036 4436 2181 4494 165
2218 4436 2510 4494 Certamen
2557 4442 2872 4492 sanctorum
2929 4436 3147 4492 Silvani
3201 4436 3464 4505 episcopi,
3522 4435 3680 4488 Luce

513 4502 792 4569 διακόνου,
809 4497 912 4554 ’καὶ
943 4497 1169 4554 Μωκίου
1195 4501 1293 4553 τοῦ
1324 4497 1688 4574 ἀναγνώστου.

332 4627 511 4686 Οὗτοι
543 4623 601 4677 οἱ
633 4621 777 4696 ἅγιοι
806 4618 893 4673 ἐπὶ
922 4623 1024 4687 τῆς
1061 4615 1338 4692 βασιλείας
1398 4617 1648 4691 ὑπῆρχον
1696 4619 1922 4690 Νουμε-

265 4719 481 4791 ριανοῦ,
545 4711 606 4766 ἐκ
657 4717 758 4778 τῆς
814 4706 1003 4783 χώρας
1065 4709 1170 4761 τῶν
1228 4707 1564 4777 Ἐμεσηνῶν·
1623 4705 1713 4760 καὶ
1771 4708 1798 4762 ὁ
1834 4707 1928 4780 μὲν

267 4809 422 4880 ἅγιος
458 4795 732 4860 Σιλϐανὸς
792 4795 1084 4857 ἐπίσκοπος
1133 4793 1200 4862 ἦν
1254 4800 1356 4861 τῆς
1414 4794 1586 4862 αὐτῆς
1629 4793 1867 4858 πόλεως.
1900 4796 1928 4851 δ

267 4893 322 4950 δ”ε
381 4889 600 4950 Δοῦκας
685 4885 954 4947 διάκονος
1013 4885 1041 4938 ὁ
1114 4880 1172 4938 δὲ
1257 4883 1484 4946 Μώκιος
1558 4882 1926 4958 ἀναγνώστης.

267 4985 467 5046 αἳτινες
526 4976 869 5039 διδάσκοντες
911 4975 1004 5030 τὸν
1062 4972 1231 5047 λόγον
1288 4976 1386 5026 τοῦ
1469 4977 1626 5042 Θεοῦ,
1683 4975 1774 5028 καὶ
1837 4976 1927 5030 τὸν

264 5072 501 5146 Χριστὸν
534 5069 661 5123 Υἱὸν
709 5068 862 5132 Θεοῦ,
924 5063 1016 5118 καὶ
1075 5062 1205 5117 Θεὸν
1265 5060 1532 5130 ἀληθινὸν
1589 5061 1928 5139 ὁμολογοῦν-

260 5184 377 5228 τες,
411 5159 791 5230 ἰκρατήθησαν
829 5153 934 5209 ὑπὸ
961 5156 1070 5206 τῶν
1117 5149 1428 5218 Ἑλλήνων,
1480 5151 1570 5206 καί
1622 5150 1928 5226 παρεδόθη-

267 5274 366 5308 σαν
427 5247 514 5321 τῷ
581 5246 833 5320 ἄρχοντι’
909 5239 1002 5296 καὶ
1077 5239 1460 5314 ἐρωτηθέντες,
1538 5240 1629 5295 καὶ
1701 5240 1931 5297 ἐνώπιον

265 5343 446 5398 αὑτοῦ
487 5333 936 5409 ὁμολογήσαντες
987 5329 1053 5384 τὸ
1100 5325 1275 5402 ὄνομα
1313 5332 1411 5383 τοῦ
1450 5329 1724 5385 Δεσπὸτου
1767 5333 1926 5403 ἡμῶν

267 5433 458 5501 Ἰησοῦ
519 5425 778 5501 Χριστοῦ,
837 5413 1259 5486 ἐϐασάνίσθησαν
1339 5415 1602 5491 ἰσχυρῶς
1646 5419 1734 5474 καὶ
1803 5414 1950 5504 ἔλα-⁸

268 5516 368 5576 Εον
402 5517 700 5594 ἀπόφασιν,
749 5509 900 5570 ὅπως
959 5505 1175 5594 θηρίοις
1220 5503 1601 5594 παραδορῶσιν
1655 5507 1730 5570 εἷς
1785 5508 1929 5584 βρῶ.

266 5631 372 5666 σιν.
402 5591 539 5666 Ὅτε
567 5604 658 5660 καί
689 5596 1011 5673 συρομένων
1067 5593 1269 5662 αὐτῶν,
1308 5591 1680 5670 προσδραμὼν
1708 5597 1737 5651 ὁ
1769 5597 1931 5672 ἅγιος

264 5697 589 5765 Ἰουλιανὸς,
644 5691 722 5755 ὠς
772 5687 868 5746 ὑπ’
925 5683 1099 5743 αὐτῶν
1163 5684 1498 5760 βαπτισθεὶς,
1566 5685 1928 5762 κατεφίλησεν

585 5823 862 5888 ΡΑτιοι.
909 5813 1023 5878 Gn.
1069 5811 1311 5878 CXVII.

1950 4497 1998 4563 D

2455 4508 2695 4575 diaconi,
2726 4515 2778 4562 et
2809 4509 2974 4563 Mocii
3005 4506 3240 4561 lectoris.

2108 4623 2208 4678 Isti
2241 4623 2452 4688 sancti,
2487 4622 2844 4678 Numeriano
2902 4623 3283 4691 imperatore,
3331 4636 3400 4674 ex
3445 4619 3686 4689 regione

2036 4714 2461 4767 Emesenorum
2493 4712 2692 4766 fuere:
2727 4715 2786 4765 et
2840 4714 3080 4765 sanctus
3128 4708 3369 4779 quidem
3414 4707 3685 4762 Silvanus

2039 4801 2306 4872 ejusdem
2337 4800 2500 4855 urbis
2531 4801 2865 4870 episcopus,
2900 4799 3082 4852 Lucas
3113 4814 3246 4852 vero
3292 4797 3598 4862 diaconus,
3633 4800 3692 4851 et

2039 4890 2258 4944 Mocius
2288 4889 2510 4943 lector:
2561 4889 2659 4958 qui
2719 4904 2853 4942 cum
2909 4886 3154 4942 verbum
3221 4887 3323 4941 Dei
3380 4887 3690 4953 docerent,

2037 4978 2456 5048 Christumque
2485 4977 2586 5032 Dei
2619 4976 2832 5032 Filium
2861 4993 2928 5031 ac
2959 4993 3163 5031 verum
3207 4977 3390 5031 Deum
3438 4976 3686 5046 proﬁte-

2037 5072 2264 5130 rentur,
2299 5066 2371 5120 ab
2403 5065 2655 5121 ethnicis
2685 5065 2862 5136 capti,
2888 5071 2946 5120 et
2967 5065 3242 5136 praefecto
3270 5065 3690 5130 traditi,inter-

2039 5155 2345 5229 rogatique
2368 5154 2440 5210 ab
2472 5155 2596 5222 illo,
2649 5160 2707 5210 et
2754 5171 2973 5209 nomen
3026 5155 3261 5210 Domini
3313 5154 3501 5210 nostri
3549 5155 3686 5209 Jesu

2038 5244 2254 5300 Christi
2282 5260 2482 5300 coram
2526 5243 2733 5299 eodem
2781 5244 3054 5315 professi,
3105 5243 3484 5299 acerbissime
3543 5243 3681 5297 torti

2039 5339 2197 5390 sunt.
2233 5335 2359 5388 Mox
2387 5339 2629 5404 accepta
2677 5335 2994 5394 sententia,
3047 5339 3113 5388 ut
3159 5332 3300 5387 {eris
3348 5331 3683 5388 dilaniandi

2041 5423 2437 5489 traderentur,
2469 5439 2604 5478 cum
2645 5423 2718 5478 ad
2767 5423 3126 5495 supplicium
3176 5429 3551 5494 raperentur,
3583 5439 3684 5476 ac-

2040 5529 2286 5568 currens
2316 5518 2557 5568 sanctus
2585 5511 2875 5578 Julianus,
2910 5513 3008 5584 qui
3044 5529 3247 5568 eorum
3280 5529 3461 5585 opera
3490 5511 3686 5584 bapti-

2038 5609 2199 5658 zatus
2222 5603 2661 5672 fuerat,eosque
2688 5601 3012 5666 osculatus,
3045 5602 3287 5674 rogavit,
3318 5609 3384 5658 ut
3411 5619 3529 5656 una
3554 5616 3688 5655 cum

2038 5691 2113 5747 iis
2135 5691 2419 5765 martyrio
2438 5689 2810 5762 fungeretur.
2839 5692 2914 5746 At
2935 5689 3123 5747 sancti
3145 5690 3209 5747 in
3231 5690 3530 5746 theatrum
3551 5704 3690 5760 pro-

3368 5815 3447 5877 10
