4114 6306
461 367 579 429 299

1744 364 2187 433 MENOLOGII
2227 363 2437 428 PARS
2481 364 2561 426 II.

3755 379 3883 441 300

457 502 730 567 deuntes,
750 503 1036 560 immissis
1056 505 1119 559 in
1141 522 1242 562 eos
1262 505 1427 575 feris,
1449 506 1667 580 gratias
1687 507 1806 562 Deo
1837 506 2076 578 agentes

2217 493 2434 565 αὐτοὺς,
2484 498 2572 553 καὶ
2629 497 2898 570 ἐπηύξατο
2952 500 3138 565 αὐτοῖς
3191 501 3481 562 τελειῶσαι
3541 508 3604 563 τὸ
3667 512 3886 588 μαρτύ-

454 591 635 648 vitam
666 592 973 648 finierunt.

1103 861 1324 918 Eodem
1356 862 1453 918 die

589 978 744 1035 106
777 978 1230 1036 Commemoratio
1259 980 1440 1037 sancti
1465 982 1661 1037 Fausti
1689 982 1953 1053 episcopi.

1177 1097 1371 1152 Deest.

1095 1210 1316 1266 Eodem
1343 1210 1437 1267 die

439 1330 587 1385 167
648 1328 1100 1383 Commemoratio
1182 1329 1359 1383 sancti
1413 1328 1599 1383 Patris
1662 1330 1843 1383 nostri
1904 1323 2103 1384 Βαθοίὶ

576 1402 819 1472 episcopi
848 1401 1112 1469 Smyrna,
1142 1399 1404 1468 discipuli
1432 1401 1661 1455 Joannis
1692 1398 1970 1470 Theologi.

512 1562 761 1617 Sanctus
792 1563 967 1616 Pater
996 1565 1202 1615 noster
1231 1559 1484 1615 Bucolus
1515 1560 1588 1615 ab
1623 1560 1866 1615 ineunte
1925 1564 2098 1617 astate

439 1667 679 1707 omnem
712 1666 881 1705 suam
911 1665 1154 1721 operam
1188 1649 1251 1703 in
1282 1648 1343 1703 id
1374 1649 1647 1715 contulit,
1675 1654 1741 1704 ut
1764 1650 1898 1720 pius
1918 1654 2098 1717 esset,

444 1743 751 1810 Deumque
785 1739 1067 1794 timeret:
1114 1738 1286 1810 cujus
1344 1738 1607 1793 studium
1664 1738 1766 1793 ubi
1825 1740 2102 1812 cognovit

447 1834 687 1884 sanctus
708 1830 964 1883 Joannes
989 1826 1338 1899 Theologus,
1363 1827 1625 1899 suscepit
1649 1843 1805 1897 eum,
1837 1826 2097 1899 fecitque

449 1934 623 1974 suum
655 1917 1054 1989 discipulum:
1090 1920 1148 1970 et
1175 1932 1295 1971 una
1325 1932 1461 1971 cum
1517 1916 1621 1971 illo
1669 1921 1937 1972 versatus
1988 1921 2097 1986 est,

447 2009 589 2064 dum
619 2006 831 2078 Ephesi
866 2006 997 2061 fuit.
1032 2004 1251 2060 Videns
1281 2010 1480 2061 autem
1511 2005 1684 2061 illum
1716 2006 1927 2061 virtute
1952 2023 2100 2078 prm-

447 2098 660 2165 ditum,
694 2096 1095 2167 omnibusque
1127 2094 1536 2166 spiritualibus
1583 2095 1863 2167 operibus
1911 2095 2098 2151 reful-

445 2191 682 2260 gentem
713 2190 891 2256 atque
912 2183 1262 2255 perfectum,
1289 2183 1552 2256 Smyrnae
1577 2184 1921 2256 episcopum
1941 2200 2100 2240 crea-

444 2277 559 2330 vit:
589 2275 691 2344 qui
721 2277 927 2329 sancto
960 2272 1181 2343 Spiritu
1212 2271 1361 2327 duce
1407 2272 1626 2327 multos
1657 2272 1991 2329 inﬁdelium
2023 2273 2095 2330 ab

444 2379 645 2419 errore
667 2365 1069 2428 conversos,et
1086 2359 1163 2415 ad
1184 2376 1371 2415 unum
1398 2361 1583 2415 Deum
1598 2359 1884 2417 adductos
1900 2361 2094 2433 bapti-

441 2453 610 2509 zavit.
634 2452 731 2508 Sic
753 2455 952 2507 autem
983 2448 1282 2513 excelluit,
1322 2454 1389 2504 ut
1419 2454 1478 2504 et
1505 2449 1703 2504 futura
1731 2449 2092 2521 praedixerit.

442 2545 633 2609 Quare
665 2545 937 2597 sanctum
979 2538 1366 2610 Polycarpum
1388 2538 1499 2593 sibi
1522 2555 1940 2595 successurum
1962 2557 2095 2612 pro-

441 2633 678 2706 phetico
722 2629 935 2703 spiritu
986 2644 1390 2701 praanoscens,
1434 2628 1627 2684 adhuc
1674 2629 1873 2684 vivens
1920 2630 2092 2686 illum

445 2721 761 2788 ordinavit,
796 2725 854 2775 et
877 2719 1222 2790 episcopum
1253 2717 1315 2772 in
1347 2733 1521 2773 suum
1546 2717 1744 2773 locum
1761 2724 2091 2791 pastorem-

443 2827 558 2883 que
591 2809 919 2866 constituit.
954 2809 1215 2863 Mortuus
1245 2823 1380 2861 vero
1414 2812 1473 2862 et
1501 2807 1792 2879 sepultus,
1824 2808 2091 2880 plantam

441 2917 472 2956 e
504 2900 733 2955 tumulo
764 2915 871 2954 suo
902 2896 1236 2971 germinare
1264 2895 1424 2966 fecit,
1468 2913 1599 2968 quae
1651 2897 1871 2954 multas
1918 2896 2087 2956 cur'a-

440 2991 633 3047 tiones
661 2989 865 3045 efﬁcit.

895 3169 938 3222 ’I
950 3165 1050 3221 68
1081 3166 1323 3221 EODEM
1356 3166 1502 3220 MEN
1509 3165 1608 3220 SE.

1065 3255 1168 3309 Die
1201 3254 1456 3325 septima

430 3350 717 3404 Certamen
745 3351 1062 3416 sanctorum
1092 3345 1260 3397 trium
1315 3343 1553 3416 millium
1591 3349 1932 3416 martyrum,
1990 3347 2089 3416 qui

741 3414 1066 3472 Nicomedia:
1091 3414 1421 3484 martyrium
1443 3412 1601 3483 passi
1627 3419 1774 3468 sunt.

499 3519 601 3574 Isti
637 3515 857 3573 subditi
889 3515 1130 3569 fuerunt
1160 3517 1415 3584 quatuor
1446 3512 1902 3584 protectoribus,
1927 3514 2086 3585 quia

431 3607 792 3665 Diocletiano
842 3605 1201 3676 imperatore
1260 3600 1448 3668 missi,
1511 3606 1785 3656 sanctum
1841 3602 2081 3658 Petrum

429 3696 800 3754 Alexandria:
823 3692 1333 3763 archiepiscopum
1366 3689 1862 3761 comprehensum
1885 3691 2079 3747 decol-

429 3788 662 3844 larunt:
702 3792 827 3841 tum
860 3783 933 3838 ad
963 3780 1179 3836 Christi
1232 3779 1410 3834 ﬁdem
1459 3779 1725 3834 conversi
1778 3796 1898 3835 una
1944 3797 2078 3836 cum

430 3877 709 3932 omnibus
741 3873 884 3937 suis,
919 3875 1053 3942 post
1080 3869 1268 3924 sancti
1299 3867 1867 3940 Petrimortem,ipsi
1901 3869 2079 3925 etiam

432 3982 539 4036 pro
561 3962 791 4017 Christo
812 3958 947 4014 ί)ωεὶ
979 3963 1137 4013 sunt.
1172 3956 1448 4010 Videntes
1479 3962 1676 4011 autem
1708 3974 1814 4028 pro
1847 3958 2076 4013 Christo

2213 603 2353 676 ριον.
2385 583 2543 676 Οἱῗδὲ
2572 585 2726 663 ἅγιοι
2757 589 3082 654 ἀπελθόντες
3137 591 3213 655 εἷς
3259 593 3322 649 τὸ
3360 596 3610 672 θέατρον,
3659 583 3873 676 θηρίων

2211 673 2422 769 αὐτοῖς-
2465 675 2942 749 έπαπολυθέντων,
3032 681 3490 757 εὐχαριστοῦντες
3567 692 3650 761 τῷ
3731 673 3888 769 θεῷ,

2209 759 2604 837 ἐτελειώθησαν
2616 810 2629 824 .

2806 860 2885 932 Τῇ
2918 857 3068 934 αὖτῇ
3099 858 3287 937 ἡμέρᾳ

2446 975 2657 1049 Μνήμη
2688 980 2785 1032 τοῦ
2816 977 2977 1054 ἁγίου
3017 976 3282 1036 Φαύστου
3310 978 3637 1043 ἐπισκόπου.

2916 1067 3127 1125 Λείπει.

2796 1159 2883 1232 Τῇ
2914 1155 3051 1233 αὐτῇ
3083 1156 3269 1235 ἡμέρᾳ

2642 1243 2694 1338 ἐν
2742 1243 2954 1338 [aviam
3034 1249 3246 1338 Il‘atpéc
3340 1251 3503 1338 ημῑρν
3559 1253 3876 1338 ,Βουκόλου

2279 1313 2580 1393 έπίσκόπου
2638 1313 2919 1391 Σμύρνής,
2981 1313 3227 1393 μαθητοῦ
3281 1313 3396 1376 τοῖἶ
3450 1323 3710 1382 Ἰωάννου
3770 1333 3874 1384 τοῦ

2281 1383 2577 1463 Θεολόγου.

2280 1543 2582 1619 Βουκὸλος,
2632 1550 2661 1604 ὁ
2710 1548 2763 1605 έν
2823 1550 3003 1626 ἁγίοις
3064 1554 3255 1629 Πατὴρ
3312 1555 3502 1627 ἡμῶν,
3555 1556 3613 1613 ἐκ
3665 1566 3862 1636 νεαρᾶς

2207 1636 2430 1707 ἡλικίας
2462 1637 2760 1694 ἐσπούδασε
2800 1641 3048 1716 γενέσθαι
3108 1638 3373 1716 εὐλαϐὴς,
3432 1646 3523 1701 καὶ
3583 1644 3855 1724 φοϐούμε-

2206 1746 2299 1789 νος
2347 1727 2440 1782 τὸν
2500 1728 2653 1784 Θέόν.
2714 1729 2818 1787 Καὶ
2877 1730 3109 1795 ἀκούσας
3184 1732 3311 1805 περὶ
3396 1734 3563 1791 αὐτοῦ
3620 1739 3650 1792 ὁ
3703 1736 3865 1815 ἅγιος

2206 1817 2464 1888 Ἰωάννης
2494 1820 2522 1874 ὁ
2553 1817 2842 1895 Θεολόγος,
2868 1818 3244 1897 προσελάϐετο
3294 1823 3476 1898 αὐτὸν,
3529 1825 3619 1882 καί
3667 1827 3864 1901 ἐποίη-

2209 1926 2294 1961 σεν
2327 1907 2518 1963 ἑαυτοῦ
2578 1912 2851 1983 μαθητὴν,
2905 1911 2995 1966 καὶ
3052 1909 3290 1987 διέτριϐε
3351 1917 3466 1988 μετ’
3523 1917 3711 1990 αὐτοῦ,
3771 1920 3868 1978 ὅτε

2205 1995 2272 2064 ἦν
2333 1994 2384 2050 ἐν
2442 1996 2673 2076 Ἐφέσῳ.
2736 1999 2840 2056 Καὶ
2897 1997 3028 2055 ῒδὼν
3084 2001 3242 2057 αὐτὸν
3330 2002 3596 2079 ἐνάρετον,
3652 2009 3743 2063 καὶ
3803 2007 3862 2066 ἐν

2206 2089 2337 2140 πᾶσι
2393 2091 2511 2149 τοῖς
2562 2095 2952 2162 πνευματικοῖς
3024 2088 3202 2167 ἔργοις
3285 2090 3686 2167 διαλάμποντα,
3765 2100 3858 2155 καὶ

2202 2175 2645 2263 τετελειωμένον,
2708 2177 2962 2250 ἐποίησεν
3043 2179 3336 2237 ἐπίσκοπον
3391 2191 3492 2253 τῆς
3571 2186 3858 2263 Σμύρνης

2205 2260 2294 2316 καὶ
2352 2263 2454 2318 ὑπὸ
2509 2268 2606 2319 τοῦ
2677 2266 2993 2338 Πνεύματος
3057 2270 3155 2322 τοῦ
3230 2267 3387 2344 ἁγίου
3459 2260 3855 2347 ὁδηγούμενος,

2204 2351 2454 2418 πολλοὺς
2482 2360 2592 2411 τῶν
2622 2357 2861 2413 ἀπίστων
2910 2359 3016 2415 ἀπὸ
3071 2361 3171 2427 τῆς
3229 2361 3445 2429 πλάνης
3501 2362 3861 2439 ἐπιστρέψας,

2202 2442 2295 2499 καὶ
2330 2444 2614 2520 βαπτίσας,
2660 2450 2744 2519 τῷ
2801 2446 3045 2520 ἀληθίνῷ
3097 2452 3214 2520 Θεῷ
3266 2452 3635 2527 προσήγαγεν.
3689 2454 3855 2513 Οὕτω

2205 2530 2262 2588 δὶ
2292 2533 2504 2607 ἐγένετο
2538 2532 2727 2610 μέγας,
2760 2536 2834 2599 ὡς
2893 2537 2983 2592 καὶ
3034 2539 3101 2592 τὰ
3145 2536 3421 2610 μέλλοντα
3466 2541 3557 2596 καὶ
3605 2542 3861 2615 προόλέ-

2201 2642 2322 2677 πειν
2353 2624 2444 2678 καὶ
2475 2624 2785 2700 προλέγειν.
2820 2627 2916 2681 Καὶ
2945 2626 3046 2702 γάρ
3075 2630 3157 2698 τῷ
3180 2632 3510 2705 προφητικῷ
3549 2631 3857 2706 χαρίσματι

2200 2711 2469 2787 προγνοὺς
2498 2712 2589 2768 τὸν
2622 2714 2776 2788 ἅγιον
2809 2713 3168 2789 Πολύκαρπον
3219 2713 3481 2793 διάδοχον
3529 2718 3692 2775 αὐτοῦ
3737 2715 3859 2777 ἔσε-

2201 2813 2344 2870 σθαι,
2380 2800 2457 2857 ἔτι
2501 2807 2605 2873 ζῶν
2665 2803 2826 2865 αὐτὸς
2879 2804 3292 2880 ἐχειροτόνησεν
3343 2805 3525 2877 αὐτὸν,
3555 2808 3672 2864 ’καὶ
3728 2831 3863 2867 κατ-

2198 2891 2418 2963 έστησεν
2450 2892 2740 2949 ἐπίσκοπον
2801 2894 2913 2949 ἀντ’
2970 2894 3156 2962 αὐτοῦ,
3214 2896 3304 2951 καὶ
3353 2898 3607 2971 ποιμένα.
3671 2899 3858 2957 ’Λλλᾶ

2197 2981 2289 3036 καὶ
2320 2982 2628 3054 ἀποθανὼν,
2654 2984 2741 3038 καὶ
2773 2983 2982 3055 ταφεὶς,
3016 2985 3180 3059 φυτὸν
3215 2984 3467 3057 ἐποίησεν
3500 2983 3854 3062 ἀναϐλαστῆ-

2198 3091 2287 3125 σαι
2317 3069 2498 3127 ἐπᾶνω
2523 3075 2618 3127 τοῦ
2646 3074 2818 3141 τάφου
2848 3073 3033 3143 αὐτοῦ,
3060 3074 3301 3150 παρέχον
3332 3074 3499 3138 ῗάσεις
3530 3074 3769 3141 πολλάς.

2740 3164 2923 3220 MHNI
2962 3165 3053 3219 ΤΩ
3091 3167 3291 3223 ΛΥΤΩ.

2978 3258 3048 3308 Z‘.

2191 3337 2466 3408 Ἀθλησις
2494 3337 3026 3433 τῶγῒὰγίωνθχιλίων
3056 3344 3223 3414 τριῶν
3259 3343 3569 3433 μαρτύρων,
3614 3349 3721 3400 τῶν
3785 3345 3844 3401 έν

2585 3409 2926 3484 Νικομηδέίᾳ
2959 3409 3442 3487 μαρτυρησάντων,

2258 3507 2424 3565 Οὗτοι
2448 3506 2638 3565 δοῦλοι
2673 3509 2929 3585 ὑπῆρχον
2960 3515 3067 3567 τῶν
3093 3514 3367 3589 τεσσάρων
3424 3504 3831 3591 προτικτόρων,

2184 3602 2292 3653 τῶν
2327 3597 2744 3654 ἀποσταλέντων
2777 3601 2923 3673 παρὰ
2950 3605 3053 3655 τοῦ
3088 3602 3357 3676 βασιλέως
3411 3602 3838 3676 Διοκλητιανοῦ,

2185 3691 2276 3744 καὶ
2307 3691 2689 3765 κρατησάντων
2723 3692 2813 3746 τὸν
2870 3689 3019 3768 ἅγιον
3071 3692 3275 3769 Πέτρον
3323 3695 3415 3749 τὸν
3467 3696 3834 3771 ἀρχιεπίσκο-

2183 3799 2285 3832 πον
2339 3777 2766 3855 Ἀλεξανδρείας,
2823 3781 2912 3835 καὶ
2968 3780 3509 3859 ἀποκεφαλισάντων,
3572 3786 3686 3840 εἶτα
3742 3788 3839 3841 καί

2183 3875 2582 3924 πιστευσάντων
2644 3874 2723 3941 τῷ
2781 3874 3028 3942 Χριστῷ,
3085 3869 3178 3925 σὺν
3234 3877 3352 3936 τοῖς
3414 3870 3578 3938 ἰδίοις
3651 3874 3835 3931 αὐτῶν

2182 3964 2332 4028 πᾶσι,
2369 3959 2503 4033 μετά
2532 3957 2782 4027 τελευτὴν
2814 3963 2910 4015 τοῦ
2968 3960 3125 4034 ἁγίου
3185 3963 3413 4038 Πέτρου,
3471 3962 3561 4017 καὶ
3621 3962 3834 4029 ἀποθα-

432 4069 572 4107 suos
594 4050 867 4104 dominos
893 4045 1061 4112 mori,
1096 4045 1315 4110 tristes,
1348 4049 1406 4097 et
1429 4043 1550 4098 zelo
1568 4044 1820 4113 incensi,
1844 4061 2076 4101 assum-

2197 4042 2377 4096 νόντων
2434 4041 2524 4096 καὶ
2584 4041 2757 4096 αὐτῶν
2817 4042 2948 4115 ὑπὲρ
3007 4045 3267 4119 Χριστοῦ·
3329 4045 3418 4099 καὶ
3480 4042 3684 4107 ἰδόντες
3740 4046 3829 4104 ὅτι

426 4140 546 4211 ptis
577 4136 857 4192 uxoribus
889 4133 1032 4197 suis,
1062 4138 1119 4186 et
1146 4130 1371 4197 liberis,
1403 4131 1800 4202 omnibusque
1830 4134 2071 4205 propin-

2177 4130 2440 4186 ἀπέθανον
2495 4131 2628 4204 ὑπὲρ
2684 4135 2782 4185 τοῦ
2841 4132 3076 4206 Χριστοῦ
3125 4133 3177 4187 οἱ
3234 4132 3412 4209 κύριοι
3469 4134 3673 4206 αὐτῶν,
3731 4137 3828 4192 καὶ

426 4228 580 4298 quis,
612 4227 901 4279 venerunt
933 4218 1371 4274 Nicomediam:
1406 4223 1462 4271 et
1514 4218 1574 4272 in
1608 4226 1927 4290 conspectu
1958 4222 2071 4276 im-

2197 4218 2530 4291 ίυπηθέντες,
2582 4220 2673 4274 καὶ
2730 4219 3094 4288 ζηλώσαντες,
3179 4217 3510 4277 ἀνελάϐοντο
3568 4224 3666 4286 τὰς
3725 4248 3824 4301 γυ-

420 4314 709 4388 peratoris
739 4311 1163 4374 exclamarunt,
1198 4306 1503 4360 dicentes:
1537 4309 1649 4361 Nos
1690 4308 1869 4363 etiam
1899 4309 2067 4364 Chri-

416 4405 592 4462 stiani
652 4419 877 4460 sumus.
938 4398 1101 4465 Quod
1167 4395 1270 4450 ubi
1355 4395 1578 4451 audivit
1641 4396 2064 4469 Diocletianus,

414 4497 684 4552 turbatus
729 4501 787 4549 et
842 4494 930 4547 ira
988 4487 1444 4553 excandescens,
1505 4486 1765 4557 primum
1823 4489 2064 4559 quidem

2197 4488 2568 4564 ίικομήδειαν,
2644 4493 2958 4566 κράζοντες,
3037 4492 3129 4546 καὶ
3207 4491 3485 4568 λεγοντες,
3574 4495 3657 4550 ὅτι

2172 4315 2359 4371 ναῖκας
2416 4309 2642 4378 ἑαυτῶν,
2697 4308 2789 4364 καὶ
2843 4309 2911 4365 τὰ
2983 4307 3195 4378 παιδία,
3255 4312 3344 4366 καὶ
3428 4314 3635 4380 πάντας
3685 4315 3820 4379 τοὺς

2173 4406 2470 4477 συγγενεῖς,
2515 4401 2605 4456 καὶ
2663 4400 2836 4470 ἦλθον
2898 4399 3201 4477 ἔμπροσθεν
3261 4408 3358 4460 τοῦ
3419 4405 3687 4480 βασιλέως
3745 4407 3827 4470 εἷς

3719 4496 3819 4552 Καὶ

411 4585 720 4642 blanditiis
741 4583 876 4639 illos
907 4580 1191 4636 inducere
1223 4580 1472 4631 conatus
1531 4581 1638 4644 est,
1672 4581 1738 4631 ut
1765 4577 2062 4635 Christum

2197 4585 2336 4652 ιμεῖς
2383 4578 2698 4654 Χριστιανοί
2755 4578 2936 4652 ἐσμεν·
2992 4581 3083 4636 καὶ
3139 4581 3376 4646 ἀκούσας
3434 4586 3816 4641 ταῦταὸΔιο-

409 4678 790 4748 abnegarent.
816 4675 1179 4728 Verumcum
1201 4666 1347 4721 nihil
1380 4665 1746 4737 profecisset,
1780 4670 2065 4740 praecepit

2197 4669 2486 4739 LA-qnavoc,
2544 4668 2844 4744 ἐταράχθη,
2914 4669 3005 4726 καὶ
3082 4670 3349 4743 ὠργίσθη’
3408 4674 3502 4728 καὶ
3547 4674 3812 4750 πρότερον

407 4765 719 4831 militibus,
752 4769 817 4817 ut
844 4760 1059 4834 gladiis
1090 4758 1225 4813 illos
1255 4771 1454 4811 coram
1485 4772 1547 4810 se
1578 4755 1981 4813 conciderent.

2170 4758 2290 4831 μὲν,
2322 4757 2412 4813 διὰ
2464 4757 2754 4824 κολακείας
2799 4758 3121 4835 ἐπεχείρησε
3167 4766 3350 4817 πεῖσαι
3398 4762 3594 4826 αὐτοὺς
3640 4765 3813 4841 ἀργή-

402 4855 593 4909 σασθαι
621 4853 712 4907 τὸν
742 4848 991 4925 Χριστόν.
1040 4853 1125 4910 Ὡς
1155 4843 1212 4902 δὲ
1257 4845 1357 4899 οὐκ
1411 4840 1607 4915 ἔπεισε,
1663 4846 1951 4918 προσέταξε
2004 4852 2124 4913 τοῖς
2181 4849 2560 4924 στρατιώταις,
2615 4848 2707 4904 καὶ
2767 4849 2903 4922 μετὰ
2953 4861 3195 4913 σπαθιων
3253 4851 3555 4926 κατέκοψαν
3616 4840 3816 4917 αὖτοὺς

398 4939 698 5018 ἔμπροσθεν
731 4938 918 4995 αὐτοῦ.

1047 5034 1269 5092 Eodem
1301 5032 1396 5087 die

2741 5038 2826 5111 Tit
2867 5037 3004 5109 αὐτῇ
3035 5036 3221 5112 ἡμέρᾳ

395 5130 547 5185 169
619 5129 1089 5211 Commemoratio'
1158 5123 1349 5205 sancti.
1416 5120 1715 5177 Parthenii
1801 5126 2046 5194 episcopi

2197 5133 2361 5205 [νήμη
2441 5135 2539 5187 τοῦ
2623 5131 2778 5209 άγίου
2862 5132 3162 5211 ῌαρθενίου
3244 5132 3549 5192 ἐπισκόπου
3648 5142 3808 5211 Δαμ-

1058 5195 1371 5265 Lampsaci.

460 5301 710 5356 Sanctus
741 5300 915 5353 Pater
954 5300 1158 5351 noster
1214 5289 1587 5357 Parthenius,
1648 5291 2038 5348 Constantino

384 5392 588 5462 Magno
603 5384 1154 5460 imperatore,ﬁlius
1175 5378 1583 5450 Christophori
1600 5377 1834 5434 diaconi
1853 5382 2032 5437 eccle-

383 5481 483 5535 sire
518 5478 997 5551 Melitopolitanze
1029 5474 1363 5529 litterarum
1388 5468 1625 5540 quidem
1661 5484 1870 5539 expers
1900 5470 2030 5542 fuit,

378 5569 481 5625 sed
515 5585 747 5625 summa
773 5574 973 5623 tamen
1003 5565 1221 5637 pietate
1254 5566 1313 5618 et
1340 5560 1554 5615 virtute
1586 5557 1889 5628 praeditus.
1926 5561 2029 5615 Pi-

374 5660 690 5718 scatoriam
717 5665 918 5718 autem
946 5673 1126 5730 agens
1145 5655 1557 5726 vitam,captos
1576 5648 1772 5721 pisces
1796 5651 2029 5709 mendi-

2221 5291 2575 5365 Παρθένιὸςὸ
2608 5292 2660 5349 ἐν
2716 5207 3131 5369 ἁγίοιῒαέῗτηρ
3189 5296 3377 5369 ἡμῶν,
3432 5296 3501 5367 ἦν
3557 5295 3647 5352 ἐπὶ
3701 5304 3806 5369 τῆς

2150 5380 2427 5456 βασιλείας
2484 5381 2900 5440 Κωνσταντίνου
2957 5386 3054 5439 τοῦ
3117 5382 3387 5459 μεγάλου,
3469 5386 3589 5450 υἱὸς
3662 5387 3801 5462 Χρισ

2139 5471 2414 5545 δτοφόρου
2461 5468 2718 5527 διακόνου
2773 5478 2874 5541 τῆς
2931 5470 2983 5527 ἐν
3045 5471 3418 5529 Μελιτοπόλει
3477 5472 3796 5544 ἐκκλησίας·

2140 5562 2480 5634 γραμμάτων
2512 5561 2608 5634 μὲν
2660 5559 2907 5637 ἄπειρος,
2963 5556 3203 5631 εὐλαϐὴς
3263 5559 3320 5618 δὲ
3371 5563 3462 5619 καὶ
3517 5563 3792 5641 ἐνάρετος.

2138 5648 2355 5715 Ἦλίευε
2406 5647 2465 5706 δὲ
2519 5650 2611 5706 καὶ
2666 5649 2794 5715 τοὺς
2867 5651 3085 5729 ἰχθύαςι
3141 5651 3231 5723 καὶ
3281 5650 3519 5712 διεδίδου
3578 5653 3638 5711 hc
3691 5659 3797 5724 τῆς
