4114 6306
234 337 314 400 301
1535 321 2076 386 FEBRUARIUS.

3443 329 3559 388 302

233 468 353 544 ἄγρας
372 471 467 528 τοῖς
495 468 740 536 ζητοῦσι.
796 461 1046 531 Τοσαύτη
1099 457 1158 516 δέ
1203 481 1287 523 τις
1338 463 1408 530 ἦν
1447 456 1798 536 κρυπτομένη

1933 459 2002 516 :is
2031 460 2442 519 distribuebat.
2477 463 2612 518 Haec
2641 463 2703 516 in
2733 463 2861 533 ipso
2893 461 3086 517 latens
3114 461 3299 516 virtus
3319 465 3560 532 meruit,

231 558 266 613 ἐν
289 557 401 629 αὐτῷ
426 556 596 631 ἀρετὴ,
630 554 706 616 ὡς
739 552 828 608 καὶ
862 552 1021 628 χάριν
1053 551 1202 627 παρὰ
1229 554 1364 606 Θεοῦ
1421 544 1632 616 λαϐεῖν,
1693 544 1804 602 δαί-

233 668 351 719 μονας
398 642 726 714 ἀπελαύνειν,
781 640 870 696 καὶ
927 641 1120 702 νόσους
1211 639 1411 704 ἰᾶσθαι.
1474 635 1808 695 Ἐσπούὸασε

233 734 270 790 δί
312 735 379 788 καὶ
425 731 574 806 ἔμαθε
629 731 945 806 γράμματα’
1027 728 1116 784 καὶ
1196 732 1595 804 χειροτονεῖται
1673 745 1805 800 πρε-

233 819 428 898 σϐύτερος
479 822 580 876 61:6
638 819 923 876 Φιλίππου
978 816 1278 874 ἐπισκόπου
1360 814 1807 884 Μελιτοπόλεως,

235 915 314 967 εἶτα
356 911 626 972 ἐπίσκοπος
685 910 994 982 Λαμψάκου
1055 907 1158 962 61:6
1237 905 1542 982 ’Δσχολίου
1599 925 1810 978 μητρο-

230 1001 404 1056 πολίτου
438 1001 685 1068 Κυζίκου.
745 997 937 1053 Πολλά
991 994 1049 1051 δὲ
1104 995 1350 1070 θαύματα
1403 994 1650 1064 ἐποίησε·
1718 993 1806 1046 καὶ

231 1092 299 1167 γὰρ
325 1091 408 1145 ὑπὸ
454 1089 651 1164 ταύρου
705 1089 796 1142 τὸν
857 1085 1141 1159 ὀφθαλμὸν
1203 1083 1396 1159 ἀνδρός
1448 1105 1596 1146 τινος
1655 1083 1808 1138 ἐκκο-

227 1183 387 1250 πέντος,
418 1179 615 1245 ἰασατο,
647 1177 739 1232 καὶ
789 1177 852 1232 τὸ
903 1175 1096 1244 πάθος,
1146 1174 1210 1230 τὸ
1263 1170 1559 1250 λεγόμενον
1616 1172 1810 1246 καρκί-

228 1291 306 1336 νον,
346 1268 666 1343 ἐθεράπευσε,
727 1265 815 1319 καὶ
865 1266 956 1321 τὸν
1019 1265 1123 1320 ὑπὸ
1181 1271 1278 1333 τῆς
1331 1263 1544 1336 ἁμάξης
1594 1283 1808 1335 συμπα-

228 1359 402 1426 τηθέντα
429 1355 707 1432 ἄνθρωπον
754 1355 1059 1422 ἀνεζώωσε’
1116 1353 1206 1408 καὶ
1265 1350 1411 1408 ἄλλα
1467 1351 1653 1407 πολλᾶ
1709 1372 1810 1406 πα·

227 1443 372 1520 ρὰδοξα
397 1447 643 1515 ποιήσας,
700 1443 792 1498 καὶ
841 1443 968 1518 περὶ
1023 1440 1344 1516 μελλόντων
1407 1439 1706 1518 προειπὼν,
1757 1437 1809 1494 ἐν

223 1535 362 1610 εἰρήνῃ
391 1532 676 1604 ἐτελειώθη
688 1575 703 1591 .

754 1636 836 1708 Τῇ
867 1630 1005 1706 αὖτῇ
1039 1632 1226 1705 ἡμέρᾳ

221 1733 380 1807 Μνήμη
431 1737 519 1790 106
595 1732 760 1809 ἁγίου
817 1731 1081 1857 ’Δρίῗνος
1185 1728 1483 1786 ἐπισκόπου
1567 1734 1817 1809 Κυπρου-

919 1824 1079 1857 επει.

870 1811 1079 1858 Λείπει.

725 1920 913 1976 ΜΗΝΙ
949 1925 1035 1974 ΤΩ
1075 1921 1253 1976 ΔΥΤΩ

949 2043 1014 2099 Π.

216 2143 372 2213 Μνήμη
402 2146 490 2197 106
547 2140 710 2227 ἁγίου
763 2139 855 2227 καὶ
913 2137 1133 2227 ἐνδόξου
1193 2141 1483 2227 προφήτου
1542 2141 1819 2218 Ζαχαρίου

623 2213 743 2274 ἑνὸς
773 2217 880 2266 τῶν
916 2213 982 2282 ιζ’
1013 2213 1338 2292 προφητῶν.

266 2355 786 2432 Οὖτοςὸπροφήτης
815 2354 1079 2430 ἐγεννήθη
1132 2354 1228 2426 μὲν
1282 2354 1336 2409 ἐν
1385 2357 1456 2428 τῇ
1511 2355 1672 2428 χώρᾳ
1718 2360 1819 2422 τῆς

218 2435 447 2507 Ἰουδαίας.
473 2447 654 2508 Ἦλθε
715 2442 774 2498 δὲ
821 2443 897 2505 εἲς
952 2451 1057 2517 γῆν
1104 2441 1420 2509 Χαλδαίων,
1471 2443 1642 2520 γέρων
1705 2442 1816 2517 ἤδη

218 2534 464 2606 γενόμενος’
499 2537 599 2593 καὶ
629 2536 742 2591 ἐκεῖ
798 2534 990 2590 πολλὰ
1045 2539 1436 2612 προεφήτευσε,
1493 2537 1582 2590 καὶ
1626 2539 1822 2614 τέρατα

222 2617 370 2678 ἔδωκεν
420 2627 488 2688 εἰς
543 2623 828 2695 ἀπόδειξιν
885 2625 976 2678 καὶ
1036 2630 1260 2696 σημεῖα.
1319 2625 1486 2684 Οὗτος
1573 2625 1688 2681 εἷπε
1740 2631 1820 2698 τῷ

228 2709 391 2781 βασιλεῖ
415 2713 683 2780 Ἰωσεδὲκ,
720 2713 803 2768 ὅτι
855 2715 1132 2783 Γεννήσεις
1184 2713 1324 2784 υἱὸν,
1377 2714 1468 2767 καὶ
1525 2713 1577 2768 ἐν
1630 2716 1824 2788 Ἰερου-

235 2800 705 2880 «Uiuimus-5651'
762 2805 972 2876 ὁμοίως
1024 2805 1114 2859 καὶ
1168 2806 1261 2860 τὸν
1319 2806 1606 2874 Σαλαθιήλ
1661 2805 1821 2861 εὐλό-

237 2891 445 2969 γησενέπῖ
469 2898 601 2969 υἱῷ,
635 2895 728 2949 καὶ
766 2893 828 2948 τὸ
885 2888 1061 2966 ὄνομα
1107 2893 1272 2947 αὐτοῦ
1325 2893 1542 2963 ἐξέθηκε
1579 2889 1823 2968 Ζοροϐά-

238 2967 415 3034 ϐελ³καὲ
439 2983 516 3038 ἐπὶ
567 2982 756 3057 Κύρου
820 2985 919 3037 τοῦ
982 2979 1252 3057 βασιλέως
1311 2986 1540 3054 σημεῖον
1602 3002 1820 3059 προφη-

221 3064 331 3134 τεεής
371 3063 544 3127 ἔδωκεν
618 3070 694 3133 εἷς
753 3075 924 3134 νῖκος*
984 3070 1072 3125 καὶ
1127 3069 1250 3144 περὶ
1308 3076 1409 3139 τῆς
1478 3070 1821 3145 λειτουργίας

218 3153 343 3209 αξιτοῦ
365 3161 786 3236 προηγόρευσεν,
816 3156 885 3228 ἤν
909 3161 1127 3229 ποιήσει
1178 3157 1230 3213 ἐν
1283 3159 1672 3232 Ἰερουσαλήμ·
1718 3158 1806 3215 καὶ

215 3243 305 3316 περὶ
328 3245 501 3312 τέλους
534 3249 735 3316 ἐθνῶν,
767 3248 858 3304 καὶ
908 3249 1032 3323 περὶ
1079 3252 1460 3325 προφητειῶν,
1506 3256 1596 3303 καί
1645 3250 1806 3325 ἱερω-

213 3332 338 3403 πένης
385 3342 484 3392 τῶν
540 3336 856 3407 Ἰουδαίων,
934 3337 1017 3393 ὅτι
1103 3339 1632 3414 καταργηθήσονται·
1720 3338 1812 3393 καὶ

211 3423 303 3497 περὶ
343 3431 429 3482 106
481 3435 642 3498 ναοῦ,
697 3428 781 3483 ὅτι
837 3426 1295 3499 καταλυθήσεταυ
1373 3428 1466 3483 καὶ
1535 3429 1660 3502 περὶ
1712 3435 1814 3498 τῆς

208 3515 458 3586 παρουσίας
487 3523 587 3573 106
626 3519 884 3590 Χριστοῦ,
932 3519 1015 3572 ὅτι
1074 3516 1368 3572 καταλύσει
1431 3522 1604 3572 πᾶσαν
1656 3516 1820 3572 εἰδω-

210 3599 641 3676 Αολατρείαν,καὶ
677 3605 985 3682 βασιλεύσει
1036 3605 1116 3668 εἷς
1171 3605 1299 3668 τοὺς
1360 3606 1584 3668 αἰῶνας.
1644 3611 1820 3662 Ταῦτα

208 3686 251 3743 δὲ
297 3696 693 3771 προφητεύσας,
750 3695 839 3751 καὶ
897 3693 1044 3750 ἄλλά
1092 3693 1300 3763 πολλὰ,
1353 3695 1404 3750 ἐν
1463 3698 1608 3772 γήρᾳ
1668 3697 1822 3772 βαθεῖ

199 3776 403 3836 ἀπέθανε·
459 3784 549 3840 καὶ
625 3783 792 3863 ἐτάφη
851 3784 1111 3858 ἐντίμως,
1166 3784 1422 3860 σύνεγγυς
1498 3789 1594 3840 τοῦ
1649 3787 1824 3863 τάφου

196 3871 270 3921 :06
294 3871 552 3948 ’Δγγαίου
583 3877 687 3928 τοῦ
719 3874 1025 3950 προφήτου.

773 3999 858 4071 Τῇ
887 3997 1026 4070 αὐτῇ
1053 3997 1238 4072 ἡμέρᾳ

193 4088 422 4165 ’Δθλησις
465 4101 568 4152 106
632 4096 786 4173 ἁγίου
833 4095 1327 4173 μεγαλομάρτυρος
1382 4093 1677 4172 Θεοδώρου
1729 4103 1828 4153 τοῦ

517 4186 911 4264 στρατηλάτου
939 4192 1036 4243 106
1066 4187 1118 4243 ἐν
1149 4185 1471 4262 Εὗχαΐτοις.

241 4306 292 4363 Ὀ
345 4310 774 4388 μεγαλομάρτυς
858 4309 1139 4386 Θεόδωρος
1195 4313 1224 4366 6
1281 4310 1660 4385 στρατηλάτης
1737 4312 1827 4381 ἦν

197 4389 257 4448 ἔπέ
282 4401 556 4457 Λικιννίου
588 4405 693 4456 106
731 4400 1023 4475 βασιλέως,
1051 4402 1151 4470 τὴν
1187 4401 1282 4474 μὲν
1319 4399 1534 4470 οἴκησιν
1591 4396 1734 4456 ἔχων
1769 4400 1824 4456 ἐν

192 4490 277 4546 τοῖς
333 4489 664 4566 Εύχαΐτοις,
728 4485 1029 4564 δεατρίϐων
1090 4487 1147 4545 δὲ
1216 4488 1293 4554 εἷς
1349 4488 1672 4561 Ἡράκλειαν
1733 4511 1794 4545 το

1915 555 1981 605 ut
2011 551 2232 606 donum
2266 567 2300 606 a
2328 552 2430 606 Dei
2461 552 2757 622 acciperet
2803 551 3107 605 daemones
3152 551 3471 622 etfugandi,
3505 558 3566 608 et

1917 640 2156 695 morbos
2179 641 2718 712 curandi.Cumque
2742 647 2945 712 postea
2969 641 3145 696 etiam
3168 641 3395 694 litteras
3419 641 3564 695 didi-

1916 729 2429 803 cisset,presbyter
2445 748 2480 786 a
2497 731 2768 802 Philippo
2794 729 3258 802 Melitopolitano
3283 730 3560 801 episcopo

1917 818 2244 888 ordinatur,
2279 820 2493 874 deinde
2524 821 2836 892 episcopus
2868 819 3169 890 Lampzaci
3199 819 3271 874 ab
3295 820 3564 875 Ascholio

1917 909 2105 981 Cyzici
2136 911 2526 980 Metropolita.
2553 910 2732 964 Multa
2751 916 2948 964 autem
2972 909 3258 963 miracula
3283 911 3568 979 patravit:

1918 1015 2056 1053 nam
2088 999 2321 1052 oculum
2358 999 2668 1068 cujusdam
2727 1015 2759 1052 a
2818 1004 2982 1052 tauro
3041 1015 3225 1052 cornu
3286 999 3569 1054 effossum

1919 1088 2265 1154 restituit;et
2280 1089 2758 1159 morbum,quem
2779 1104 3060 1143 cancrum
3075 1092 3284 1142 vocant
3312 1091 3570 1157 curavit;

1919 1183 1977 1234 et
2003 1179 2307 1234 hominem
2339 1179 2449 1233 sub
2481 1179 2743 1249 plaustro
2794 1179 3225 1249 proculcatum,
3276 1178 3349 1234 ad
3393 1180 3571 1234 vitam

1917 1268 2226 1322 revocavit.
2250 1269 2513 1337 Cumque
2537 1267 2652 1321 alia
2674 1266 2932 1337 plurima
2952 1267 3219 1338 predigia
3266 1267 3572 1345 edidisset,

1919 1357 2263 1430 prophetico
2297 1356 2473 1412 etiam
2505 1357 2721 1428 spiritu
2747 1356 2963 1423 clarus,
2998 1355 3058 1409 in
3091 1372 3233 1427 pace
3293 1356 3568 1412 decessit.

2571 1651 2791 1707 Eodem
2825 1651 2919 1707 die

1941 1771 2029 1825 17
2039 1770 2089 1825 0
2117 1768 2565 1824 Commemoratio
2595 1770 2780 1824 sancti
2820 1769 3041 1825 Arionis
3087 1767 3333 1840 episcopi
3379 1768 3574 1839 Cypri.

2655 1859 2848 1914 Deest.

2479 1974 2720 2030 EODEM
2759 1975 3008 2031 MENSE.

2584 2091 2688 2146 Die
2721 2095 2924 2146 octava

1930 2181 2075 2236 171
2145 2181 2605 2235 (‘ommemoratio
2651 2181 2830 2234 sancti
2883 2185 2936 2234 et
2989 2180 3217 2247 gloriosi
3292 2179 3577 2250 propheta

2152 2253 2426 2307 Zachariae
2458 2254 2623 2306 unius
2653 2269 2722 2306 ea:
2750 2251 3019 2307 seatdecim
3051 2251 3354 2322 prophetis,

2001 2395 2116 2451 Iste
2137 2396 2426 2467 pr0pheta
2447 2396 2509 2449 in
2535 2395 2775 2467 regione
2795 2394 3008 2449 Judaeaa
3041 2399 3236 2456 natus,
3270 2394 3331 2448 in
3363 2398 3582 2448 terram

1930 2486 2340 2541 Chaldaeorum
2363 2487 2652 2556 venitjam
2677 2492 2952 2556 provecta
2973 2484 3370 2555 mtate,ibique
3397 2484 3584 2538 multa

1930 2578 2222 2648 praedixit,
2257 2584 2316 2631 et
2344 2578 2509 2649 signa
2539 2583 2716 2647 atque
2749 2582 3022 2648 portenta
3069 2577 3130 2630 in
3180 2593 3405 2643 eorum,
3449 2592 3580 2646 quae

1933 2668 2377 2733 vaticinabatur,
2412 2666 2982 2721 demonstrationem
3038 2666 3220 2721 dedit.
3286 2667 3390 2720 Hic
3434 2667 3583 2720 dixit

1930 2756 2252 2811 Josedecho
2284 2755 2561 2826 principi,
2586 2755 2745 2826 quod
2780 2756 2968 2810 ﬁlium
2994 2761 3379 2826 suscepturus
3403 2761 3580 2820 esset,

1933 2846 2034 2916 qui
2058 2844 2480 2915 Hierosolymis
2503 2843 2833 2899 sacerdotio
2861 2844 3224 2914 fungeretur.
3258 2845 3400 2897 Item
3429 2843 3580 2898 Sala-

1931 2933 2098 2988 thieli
2130 2934 2192 2987 in
2225 2933 2345 2987 ﬁlio
2377 2933 2704 2996 benedixit,
2739 2934 2832 2987 cui
2866 2939 2924 2988 et
2953 2932 3328 2991 Zorobabelis
3361 2947 3579 2987 nomen

1932 3023 2232 3095 imposuit.
2269 3024 2346 3077 De
2377 3024 2524 3094 Cyro
2555 3039 2790 3094 quoque
2821 3039 2957 3095 rege
2988 3023 3222 3094 signum
3253 3022 3578 3092 prophetia;

1933 3112 2097 3167 dedit
2127 3113 2187 3166 in
2217 3112 2522 3168 victoriam
2549 3131 2562 3179 ;
2595 3113 2786 3183 deque
2813 3113 2902 3167 sui
2932 3112 3120 3182 ipsius
3151 3111 3390 3183 liturgia
3438 3128 3577 3182 pro-

1839 3199 1884 3266 C
1924 3202 2202 3275 phetavit,
2236 3219 2353 3273 qua
2379 3208 2536 3257 esset
2583 3202 3006 3274 Hierosolymis
3032 3201 3363 3256 functurus.
3401 3201 3577 3255 Deni-

1922 3309 2036 3363 que
2059 3292 2130 3347 de
2153 3293 2420 3365 gentium
2445 3292 2780 3362 ﬁne,deque
2808 3291 3138 3364 prOphetiis
3167 3297 3225 3346 et
3247 3292 3578 3347 sacerdotio

1921 3383 2280 3447 Iudaeorum,
2317 3382 2474 3453 quod
2508 3388 2708 3438 essent
2739 3383 2958 3436 exitum
3011 3381 3289 3437 habitura
3321 3400 3333 3437 :
3389 3382 3580 3452 deque

1924 3471 2122 3526 futuro
2156 3473 2361 3542 templi
2388 3473 2615 3526 excidio
2645 3489 2656 3526 :
2690 3477 2748 3527 et
2781 3472 2852 3526 de
2883 3472 3097 3526 Christi
3147 3472 3422 3538 adventu,
3479 3472 3581 3541 qui

1927 3565 2086 3615 esset
2113 3561 2406 3615 idolorum
2440 3561 2664 3615 cultum
2722 3562 2966 3615 omnino
3026 3561 3352 3625 deleturus,
3414 3565 3471 3614 et
3519 3560 3579 3614 in

1929 3657 2217 3706 aeternum
2242 3653 2754 3723 regnaturusﬂmc
2772 3657 2829 3704 et
2849 3652 3106 3722 plurima
3127 3651 3243 3706 alia
3264 3650 3536 3722 praadixit
3564 3666 3577 3704 :

1932 3740 2080 3796 etin
2127 3745 2391 3795 extrema
2448 3745 2752 3795 senectute
2805 3740 2972 3808 obiit,
3034 3741 3420 3812 sepultusque
3468 3739 3580 3794 fuit

1931 3828 2256 3884 honorifice
2283 3845 2467 3902 prope
2498 3829 2840 3901 sepulcrum
2872 3829 3066 3902 Aggasi
3096 3829 3423 3902 prophetae.

2588 4009 2808 4065 Eodem
2835 4009 2930 4065 die

1935 4101 2090 4157 172
2151 4100 2435 4156 Certamen
2491 4101 2668 4154 sancti
2728 4102 2916 4169 magni
2970 4098 3236 4170 martyris

2326 4169 2570 4225 militum
2600 4171 2753 4225 ducis
2783 4173 2842 4225 in
2872 4171 3180 4226 Euchaztis.

3315 4097 3589 4156 Theodori

2009 4317 2251 4388 Magnus
2281 4319 2506 4386 martyr
2533 4314 2874 4370 Theodorus
2905 4314 3164 4369 militum
3191 4313 3329 4382 dux,
3364 4313 3587 4368 Licinio

1939 4406 2316 4476 imperatore,
2349 4404 2600 4458 claruit:
2633 4409 2692 4459 et
2723 4403 3088 4459 domicilium
3112 4403 3352 4474 quidem
3383 4403 3444 4456 in
3478 4403 3590 4456 Eu-

1941 4495 2154 4551 chaitis
2168 4493 2704 4556 nactus,Heraclew
2722 4499 2922 4548 tamen
2945 4493 3006 4547 in
3025 4495 3212 4546 Ponto
3224 4491 3587 4558 versabatur,

195 4574 390 4632 Πόντου·
428 4579 572 4657 ἀνὴρ
607 4578 807 4655 λόγιος
837 4580 926 4634 καὶ
957 4576 1253 4656 εὔμορφος,
1283 4579 1370 4634 καὶ
1422 4581 1635 4642 συνετὸς
1685 4601 1817 4634 τοσ-

1937 4585 2024 4639 vir
2050 4583 2411 4655 eloquentia,
2443 4583 2634 4638 forma
2659 4599 2726 4637 ac
2755 4582 3072 4653 prudentia
3121 4580 3266 4636 adeo
3317 4581 3589 4650 insignis,

198 4666 337 4737 56101,
364 4669 437 4732 ὡς
465 4671 562 4725 καὶ
624 4669 717 4724 τὸν
787 4667 1014 4743 βασιλέα
1059 4668 1390 4743 ἐπιθυμῆσαι
1442 4667 1574 4724 ἰδεῖν
1635 4669 1818 4730 αὐτόν.

196 4749 360 4824 Ἐμειθε
379 4759 504 4834 γὰρ,
543 4760 638 4814 61:
671 4757 1010 4834 ὡραιότατός
1061 4758 1174 4814 ἐστι
1216 4759 1305 4812 καὶ
1355 4755 1620 4830 ἀνδρεῖος,
1671 4757 1816 4828 πλὴν

199 4840 428 4920 ὁμολογεῖ
455 4849 556 4902 τὸν
605 4846 859 4921 Χριστόν.
923 4846 1026 4904 Καὶ
1083 4843 1368 4902 ἀπέστειλε
1418 4848 1601 4902 καλῶν
1661 4847 1820 4903 αὐτὸν

202 4928 255 4990 εἷς
278 4934 673 5010 Νικομήδειαν.
732 4937 796 4992 Ὁ
854 4934 911 4991 δὲ
955 4937 1068 4991 εἶπε
1122 4936 1257 5012 πρὸς
1308 4935 1439 4997 τοὺς
1492 4934 1820 4992 ἀποσταλέν-

199 5038 285 5090 τις,
313 5027 390 5080 ὅτι
422 5025 668 5084 Μᾶλλον
696 5025 913 5099 πρέπει,
943 5024 1032 5080 ἳνα
1061 5024 1191 5100 ἔλθῃ
1221 5023 1330 5081 ὧδε
1361 5027 1389 5080 6
1428 5023 1704 5100 βασιλεὺς,
1735 5025 1825 5080 καὶ

203 5107 455 5188 ἇγᾶγῃκαὶ
485 5116 627 5180 τοὺς
658 5120 897 5191 χρυσοῦς
948 5117 1035 5171 καὶ
1095 5113 1367 5192 ἀργυροῦς
1424 5115 1589 5170 αὐτοῦ
1648 5116 1824 5186 θεοὺς,

199 5200 264 5262 οἷς
285 5203 487 5262 κελεύει
515 5211 892 5283 προσαγαγεῖν
926 5205 1132 5271 θυσίας.
1163 5211 1218 5259 ‘0
1267 5202 1326 5260 δὲ
1371 5203 1638 5266 Λικίννιος
1667 5205 1830 5260 ἀκού-

202 5307 286 5355 σας,
345 5298 478 5367 μετᾶ
540 5301 730 5370 χαρᾶς
784 5300 950 5351 τοῦτο
997 5295 1244 5366 ἐποίησε.
1306 5295 1402 5349 Καὶ
1479 5295 1686 5368 μαθὼν,
1746 5297 1828 5351 ὅτι

201 5369 382 5453 ἔρχεται
427 5386 456 5440 6
505 5385 815 5456 Λικίννιος,
876 5385 1243 5447 ἐπικαθεσθεῖς
1303 5381 1480 5457 ἵππῳ,
1529 5384 1828 5455 ὑπήντησεν

206 5464 454 5539 inﬁxa?
517 5473 852 5548 πρεπόντως
911 5473 1157 5547 ἐτίμησε,
1216 5473 1289 5536 ὡς
1350 5471 1595 5548 βασιλέα.
1655 5474 1714 5530 Ὁ
1774 5471 1830 5530 δὲ

207 5551 426 5625 βασιλεὺς
453 5561 731 5618 εἰσελθὼν
761 5563 815 5618 ἐν
853 5566 920 5637 τῇ
977 5563 1160 5634 πόλει,
1211 5559 1506 5638 παρεκάλει
1553 5561 1645 5616 τὸν
1683 5563 1832 5638 ἅγιον

207 5643 326 5700 θῦσαι
379 5656 501 5717 τοῖς
563 5657 742 5718 θεοῖς·
775 5653 804 5708 6
837 5636 904 5707 δεῖ
947 5653 1188 5726 ᾐτήσατο
1248 5636 1436 5708 λαϐιῗν
1495 5649 1690 5714 αὐτοὺς
1729 5636 1831 5709 -καὶ

1931 4678 1999 4730 ut
2027 4673 2350 4744 imperator
2377 4670 2614 4725 videndi
2642 4669 2813 4723 illum
2873 4669 3169 4723 desiderio
3218 4668 3553 4740 flagraverit
3576 4684 3589 4721 :

1934 4766 2177 4819 noverat
2208 4761 2368 4816 enim
2403 4776 2537 4814 cum
2571 4758 2900 4812 formosum
2933 4773 3062 4812 esse
3093 4774 3161 4812 ac
3193 4757 3407 4812 fortem
3441 4774 3453 4823 ;
3489 4757 3592 4812 sed

1935 4857 2135 4906 tamen
2165 4847 2383 4903 Christi
2417 4847 2728 4903 cultorem.
2757 4846 2912 4901 Misit
2941 4846 3122 4918 igitur
3151 4846 3252 4916 qui
3307 4861 3443 4901 eum
3499 4845 3566 4899 Ni

1937 4938 2268 4995 comediam
2301 4941 2692 4992 accerserent.
2725 4939 2800 4991 At
2829 4935 2929 4990 ille
2961 4935 3036 4990 ad
3094 4935 3336 4990 nuntios
3374 4952 3387 4990 :
3441 4934 3592 5000 Quin

1936 5032 2135 5104 potius
2165 5029 2358 5097 docet,
2390 5029 2605 5099 inquit,
2641 5033 2706 5083 ut
2763 5029 2878 5084 huc
2928 5029 3252 5100 imperator
3299 5026 3594 5090 adveniat,

1939 5136 2261 5190 secumque
2292 5118 2543 5173 advehat
2599 5118 2741 5173 deos
2799 5135 2939 5172 suos
3002 5135 3214 5172 aureos
3268 5122 3326 5172 et
3383 5131 3595 5186 argen-

1939 5216 2089 5280 teos,
2111 5208 2329 5280 quibus
2360 5209 2628 5264 victimas
2663 5208 2960 5263 immolari
2996 5208 3286 5280 praecipit.
3311 5205 3477 5270 Quod
3498 5203 3597 5273 ubi

1940 5299 2177 5356 rescivit
2200 5299 2478 5366 Licinius,
2505 5298 2718 5371 gaudio
2741 5300 2987 5353 affectus
3011 5298 3069 5352 id
3092 5295 3599 5353 fecit.Theodorus

1940 5406 2098 5456 vero,
2133 5389 2366 5462 cognito
2401 5388 2607 5444 Licinii
2641 5387 2917 5454 adventu,
2951 5393 3152 5443 vectus
3184 5383 3600 5457 equo,obviam

1942 5480 1994 5536 ei
2025 5479 2335 5550 processit,
2370 5482 2429 5532 et
2460 5478 2558 5549 qui
2593 5477 2936 5549 imperatori
2993 5476 3262 5542 decebat,
3312 5489 3380 5528 eo
3430 5473 3600 5526 illum

1942 5571 2168 5625 honore
2211 5571 2562 5638 prosecutus
2622 5572 2728 5621 est.
2790 5567 3099 5636 Ingressus
3158 5564 3335 5634 igitur
3393 5560 3603 5614 urbem

1942 5659 2286 5730 imperator,
2321 5659 2594 5711 sanctum
2624 5651 2995 5721 hortabatur,
3018 5657 3086 5706 ut
3109 5664 3278 5705 sacra
3303 5647 3420 5702 diis
3443 5645 3604 5700 face-
