4114 6306
229 348 324 408 305

1617 338 2133 402 FEBRUARIUS.

3469 342 3588 403 306

229 496 382 550 μενον,
410 466 759 546 πρεσϐύτερον
795 475 897 538 τῆς
948 472 1057 523 τῶν
1101 471 1444 542 Χριστιανῶν
1505 467 1821 538 ἐκκλησίας,

1952 473 2044 528 aias
2070 474 2540 532 Christianorum
2564 476 3041 548 presbytero,qui
3058 479 3262 546 postea
3291 475 3586 532 diabolico

223 565 344 625 ὅστις
373 562 472 618 ἀπὸ
529 555 856 627 διαϐολικῆς
918 556 1183 630 ἐνεργείας
1243 555 1469 629 ἐμίσησε
1527 558 1617 612 τὸν
1680 557 1836 632 ἅγιον

226 653 527 729 Νικηφόρον,
565 652 658 704 καὶ
715 647 1091 720 ἐμνησικάκει.
1153 648 1401 721 Ἐγένετο
1460 645 1516 702 δὲ
1575 645 1839 723 διωγμὸς,

227 744 301 798 καὶ
327 740 597 814 κρατηθεὶς
631 741 659 794 6
701 739 1000 814 Σαπρίκιος
1057 738 1204 811 παρὰ
1257 741 1364 791 τῶν
1415 735 1837 812 εἷδωλολατρῶν

224 833 530 907 ἠναγκάζετο
576 831 732 883 θῦσαι
789 834 906 889 τοῖς
966 824 1242 888 εἰδώλοις.
1307 827 1530 899 Πέμψας
1590 823 1648 880 δὲ
1702 827 1840 900 πρὸς

226 922 362 976 αὐτὸν
406 917 621 992 μεσίτας
681 919 709 972 6
754 919 908 992 ἅγιος
964 914 1298 990 Νικηφόρος,
1355 915 1649 988 παρεκάλει
1709 935 1836 990 συγ-

223 1013 446 1087 χωρῆσαι
476 1009 647 1080 αὐτῷ,
678 1007 786 1083 πρὸ
842 1009 940 1060 τοῦ
988 1006 1303 1059 ἀποθανεῖν.
1337 1005 1400 1062 Ὀ
1434 1001 1491 1058 δὲ
1540 1005 1836 1076 Σαπρίκιος

222 1103 272 1156 ού
301 1100 658 1174 συνεχώρησε.
695 1097 797 1151 Καῒ
854 1097 941 1149 ὅτε
993 1092 1126 1148 εἶδεν
1172 1094 1332 1148 αὐτὸν
1385 1093 1683 1166 συρόμενον
1733 1093 1837 1148 ὑπὸ

220 1196 305 1245 τῶν
359 1187 592 1261 δημίων,
652 1185 790 1258 πρὸς
877 1187 938 1239 τὸ
1024 1181 1551 1255 ἀποκεφαλισθῆναι,
1611 1181 1834 1257 δραμὼν

219 1278 372 1334 ἔπεσεν
403 1279 480 1339 εἰς
510 1275 639 1337 τοὺς
698 1272 869 1335 πόδας
927 1274 1091 1328 αὑτοῦ
1149 1271 1480 1346 παρακαλῶν
1541 1292 1834 1348 συγχωρη-

220 1370 366 1436 θῆναι.
397 1366 491 1421 Καὶ
528 1363 655 1420 οὐδὲ
697 1367 875 1432 οῆτως
932 1357 1110 1416 ἔπεισε
1154 1361 1248 1415 τὸν
1299 1360 1510 1424 ἄθλιον,
1555 1361 1686 1415 Τότε
1731 1361 1836 1416 ἀπ-

215 1457 416 1531 εστράφη
446 1455 608 1510 αὑτὸν
638 1455 666 1508 6
698 1453 849 1514 Θεός.
882 1451 1167 1511 Τανυσθείς
1223 1451 1326 1526 γὰρ
1375 1450 1469 1504 τὸν
1519 1448 1833 1526 τράχηλον,

211 1546 279 1600 καὶ
331 1543 454 1601 ἰδὼν
511 1545 579 1599 τὸ
635 1543 789 1616 ξίφος
848 1541 1154 1616 γυμνωθὲν,
1214 1542 1334 1594 εἷπε
1383 1545 1504 1601 τοῖς
1581 1537 1830 1612 δημίοις·

211 1635 381 1711 Ἀφετέ
437 1654 504 1706 με
559 1632 651 1687 καὶ
710 1631 822 1695 θύω
873 1635 990 1692 τοῖς
1049 1626 1322 1692 εἰδώλοις·
1408 1627 1632 1702 δραμὼν
1689 1627 1748 1683 δὲ
1805 1630 1834 1684 6

1945 563 2232 620 instinctu
2255 573 2526 622 sanctum
2558 566 2955 637 Nicephorum
2978 564 3202 632 oderat,
3228 581 3337 620 nec
3353 565 3478 620 ulla
3497 582 3585 620 ra-

1943 654 2104 709 tione
2134 656 2508 711 reconciliari
2541 657 2593 711 ei
2623 657 2874 711 volebat.
2909 657 3216 710 Commota
3236 658 3437 710 autem
3457 671 3590 725 per-

1944 745 2269 812 secutione,
2305 762 2441 800 cum
2473 747 2772 817 Sapricius
2821 745 2892 800 ab
2941 744 3274 800 idololatris
3323 759 3592 815 compre-

1943 832 2166 889 hensus
2215 835 2674 906 compelleretur
2711 835 2888 889 idolis
2928 834 3258 903 immolare,
3308 832 3473 887 misit
3518 830 3594 887 ad

1942 937 2077 976 eum
2108 924 2470 980 mediatores
2520 931 2758 979 sanctus
2808 923 3193 994 Nicephorus,
3239 938 3472 994 rogans,
3526 926 3596 976 ut

1941 1010 2052 1064 sibi
2086 1018 2355 1082 parceret
2384 1019 2704 1084 antequam
2762 1014 3044 1083 martyrio
3101 1011 3465 1084 fungeretur.
3521 1014 3596 1064 At

1941 1100 2239 1172 Sapricius
2267 1103 2318 1156 ei
2350 1104 2582 1158 veniam
2613 1103 2751 1158 dare
2785 1103 2994 1157 noluit.
3057 1108 3319 1172 Cumque
3371 1100 3596 1155 videret

1942 1205 2076 1244 eum
2108 1190 2178 1244 ad
2214 1193 2572 1263 supplicium
2604 1210 2637 1247 a
2668 1193 2975 1247 lictoribus
3022 1191 3199 1258 trahi,
3250 1206 3588 1260 accurrens,

1938 1279 2188 1351 pedibus
2249 1283 2496 1353 Sapricii
2557 1283 2889 1351 advolutus,
2950 1283 3127 1337 etiam
3184 1287 3360 1352 atque
3410 1281 3590 1336 etiam

1939 1371 2168 1436 orabat,
2195 1376 2261 1425 ut
2290 1372 2398 1426 sibi
2431 1379 2719 1443 parceret.
2767 1372 2878 1427 Sed
2929 1388 3121 1443 neque
3167 1370 3253 1426 sic
3299 1371 3587 1426 miserum

1939 1473 2175 1513 movere
2206 1460 2416 1530 potuit.
2446 1462 2634 1525 Quare
2667 1477 2701 1515 a
2726 1462 2842 1515 Deo
2875 1459 3242 1530 repudiatus,
3276 1475 3411 1513 cum
3461 1459 3590 1529 jam

1936 1552 2173 1604 extento
2204 1550 2357 1604 collo
2390 1550 2729 1606 districtum
2765 1550 3060 1606 carnificis
3091 1549 3355 1619 gladium
3407 1548 3588 1602 vidis-

1939 1642 2046 1704 set,
2080 1637 2154 1692 ad
2177 1638 2416 1694 lictores
2447 1657 2769 1695 conversus
2796 1657 2808 1694 :
2847 1640 3128 1695 Dimittite
3150 1655 3265 1703 me,
3290 1639 3505 1709 inquit,
3531 1643 3589 1693 et

215 1727 341 1800 ἅγιος
397 1722 720 1800 Νικηφόρος
780 1719 1016 1790 ὑπέθηκε
1097 1717 1189 1772 τὸν
1274 1717 1465 1772 ἑαυτοῦ
1545 1718 1832 1793 τράχηλον

1952 1728 2112 1783 ,dolis
2143 1729 2486 1786 immolabo.
2522 1732 2824 1787 Procurrit
2851 1748 2985 1804 ergo
3023 1737 3262 1786 sanctus
3293 1730 3582 1802 Nicepho-

213 1815 303 1870 ἀντὶ
358 1811 684 1888 Σαπρικίου,
735 1811 826 1865 καὶ
883 1805 1288 1886 ἀπεκεφαλίσθη
1357 1808 1490 1882 ὑπὲρ
1549 1811 1819 1884 Χριστοῦ.

1952 1834 2057 1884 ms,
2103 1823 2161 1873 et
2215 1819 2437 1875 collum
2496 1838 2669 1876 suum
2727 1821 2856 1877 loco
2914 1821 3158 1892 Sapricii
3217 1835 3584 1893 supponens,

1935 1907 2125 1979 capite
2157 1925 2261 1980 pro
2293 1909 2522 1964 Christo
2549 1911 2938 1966 obtruncatus
2969 1915 3077 1967 est.

764 1985 846 2057 Τῇ
887 1981 1022 2056 αὒτῇ
1062 1981 1245 2057 ἡμέρᾳ

2583 1999 2804 2055 Eodem
2834 2000 2928 2056 die

209 2112 378 2184 Μνήμη
419 2113 751 2184 ,Μαρκιανοῦ
809 2107 1107 2184 ἐπισκόπου
1169 2104 1441 2184 Σικελίας,
1517 2105 1823 2184 φιλαγρίου

1952 2086 2596 2184 ιτηῖσιοοτζιῃιεηιοναεὶο
2638 2092 2948 2184 “Marciam
2977 2092 3270 2184 nepiscqpi
3348 2089 3576 2174 Sicilia,

263 2177 557 2256 ἐπισκόπου⁸
606 2181 846 2256 Κύπρου,
926 2180 1013 2235 καὶ
1102 2180 1443 2255 Παγκρατίου
1525 2177 1825 2234 ἐπισκόπου

2002 2157 2281 2232 Philargii
2335 2161 2580 2232 episcopi
2635 2160 2806 2231 Cypri
2861 2167 2914 2216 et
2971 2157 3256 2217 Pahc-rafii
3340 2163 3585 2232 episcopi

2009 2231 2386 2286 Tauromenii.

2003 2390 2104 2445 Isti
2133 2390 2409 2464 discipuli
2442 2391 2605 2448 fuere
2662 2394 2846 2449 sancti
2895 2394 3050 2448 Petri
3111 2393 3385 2464 apostoli.
3443 2393 3589 2446 Nam

1935 2480 2124 2535 sancti
2154 2481 2449 2536 Pancratii
2481 2487 2668 2553 pater,
2701 2500 2834 2539 cum
2867 2483 3060 2539 adhuc
3089 2483 3355 2538 Christus
3379 2482 3441 2536 in
3464 2499 3594 2538 cor-

1935 2585 2077 2640 pore
2107 2569 2168 2623 in
2203 2571 2374 2625 terris
2405 2577 2626 2643 ageret,
2684 2579 2742 2627 et
2791 2573 3075 2628 miracula
3114 2578 3394 2644 patraret,
3457 2572 3586 2642 ejus

1936 2656 2094 2712 fama
2123 2665 2476 2723 commotus,
2511 2679 2580 2715 ex
2612 2661 2756 2715 urbe
2817 2663 3131 2717 Antiochia
3187 2661 3592 2731 Hierosolyma

1938 2748 2099 2802 venit
2128 2764 2248 2801 una
2270 2765 2404 2803 cum
2428 2751 2759 2816 Pancratio,
2793 2757 2858 2804 ut
2888 2767 3022 2805 eum
3054 2752 3296 2806 videret.
3325 2752 3589 2820 Cumque

1940 2853 2002 2892 se
2028 2839 2088 2890 in
2111 2837 2435 2891 amicitiam
2455 2839 2644 2893 sancti
2661 2840 2814 2893 Petri
2836 2839 3589 2911 insinuasset.postChristi

237 2931 398 3002 Ηέτρῳ,
425 2934 549 3003 μετά
601 2932 701 3000 τὴν
761 2929 1034 3002 ἀνάληψιν
1082 2933 1182 2984 τοῦ
1227 2933 1482 3006 Χριστοῦ,
1532 2928 1829 2999 ἠκολούθει

1952 2927 2372 2989 iscensionem,
2400 2933 2636 2982 secutus
2665 2934 2752 2982 est
2773 2945 2929 2991 eum,
2957 2936 3015 2983 et
3035 2929 3106 2983 ab
3134 2930 3259 3000 ipso
3283 2929 3591 2982 ordinatus

234 3017 360 3090 αύτῷ.
430 3022 523 3076 Καὶ
628 3017 1032 3093 προχειρισθεὶς
1118 3018 1206 3072 ὑπ’
1290 3018 1455 3072 αὐτοῦ
1539 3017 1830 3080 ἐπίσκοπος

1952 3023 2032 3071 est
2051 3016 2426 3070 Tauromenii
2453 3017 2795 3087 episcopus;
2815 3025 2873 3072 et
2893 3035 3026 3072 cum
3048 3018 3108 3072 in
3124 3017 3592 3072 Christinomine

231 3106 593 3181 Ταυρομενίου,
619 3107 708 3161 καὶ
741 3105 1008 3162 διδάσκων
1037 3105 1124 3160 ἐπὶ
1154 3111 1234 3179 τῷ
1283 3106 1508 3179 ὀνόματι
1556 3111 1653 3161 τοῦ
1701 3107 1832 3180 Χρι-

1952 3105 2202 3172 doceret,
2238 3105 2390 3160 clam
2423 3105 2494 3160 ab
2527 3105 2872 3162 infidelibus
2911 3107 3254 3163 interfectus
3286 3113 3393 3162 est.
3444 3108 3593 3160 Item

225 3199 341 3266 ατοῦ,
368 3196 632 3274 ἐφονεύθη
659 3195 837 3273 κρύφα
869 3196 971 3250 ὑπὸ
1002 3199 1107 3250 τῶν
1153 3193 1462 3265 Ἑλλήνων.
1493 3197 1554 3252 Ὁ
1588 3193 1645 3250 δὲ
1677 3202 1826 3270 Μαρ-

1952 3195 2278 3249 Marcianus
2335 3195 2647 3266 episcopus
2706 3196 2920 3251 Sicilia:
2987 3197 3197 3260 factus,
3280 3201 3594 3268 postquam

265 2396 402 2452 Οῦτοι
459 2396 704 2472 μαθηταὶ
764 2394 1010 2469 ἐγένοντο
1091 2397 1190 2448 τοῦ
1277 2391 1433 2467 ἁγίου
1514 2390 1826 2448 ἀποστόλου

215 2485 400 2560 Πὲτρου·
448 2486 474 2542 ό
535 2486 640 2560 μὲν
697 2484 798 2560 γὰρ
850 2485 1028 2558 πατὴρ
1085 2487 1183 2538 τοῦ
1239 2483 1396 2557 ἁγίου
1458 2482 1824 2558 Παγκρατίου,

215 2570 275 2630 ἔτι
297 2581 380 2631 τοῦ
421 2579 666 2652 Χριστοῦ
714 2577 1142 2648 περιπατοῦντος
1191 2577 1522 2646 σωματικῶς
1581 2571 1670 2627 ἐπὶ
1728 2579 1830 2642 τῆς

221 2669 319 2738 γῆς,
364 2667 443 2721 καὶ
497 2667 1070 2739 θαυματουργοῦντος,
1123 2661 1381 2732 ἀκούσας,
1433 2661 1675 2731 ἀπῆλθεν
1723 2662 1826 2716 ἀπὸ

229 2754 648 2831 τῆςἈντιοχείας
683 2755 759 2814 εἷς
791 2753 1176 2827 Ἰερουσαλὴμ,
1240 2751 1373 2825 μετὰ
1415 2755 1512 2806 τοῦ
1568 2757 1828 2827 Παγκρα-

230 2841 473 2910 τίου,ἲόεἳν
507 2842 707 2899 αὐτόν.
753 2841 855 2898 Καὶ
899 2841 1190 2917 γενόμενος
1243 2842 1522 2915 γνώριμος
1567 2845 1647 2912 τῷ
1695 2840 1830 2915 ἁγίῳ

220 3286 365 3347 κιανὸς
395 3286 612 3358 ὁμοίως
644 3285 1058 3360 χειροτονηθεὶς
1091 3283 1383 3347 ἐπίσκοπος
1439 3284 1715 3351 Σικελίας,
1746 3285 1836 3340 καὶ

222 3371 429 3438 πολλοὺς
455 3381 568 3431 τῶν
636 3374 875 3429 ἀπίστων
934 3370 1257 3448 ἐπιστρέψας
1317 3373 1405 3429 ἐπὶ
1460 3375 1552 3430 τὸν
1610 3373 1836 3450 Κύριον,

218 3459 496 3536 ἐτελειώθη·
556 3466 592 3520 6
652 3463 711 3518 δέ
769 3463 1069 3540 Φιλάγριος
1124 3470 1224 3530 τῆς
1286 3463 1507 3540 Κύπρου
1572 3465 1836 3527 καταστὰς

218 3552 495 3629 ἀρχιερεὺς,
527 3553 628 3610 καὶ
685 3550 949 3607 διδάσκων
999 3553 1090 3608 καὶ
1135 3553 1298 3616 αὐτὸς
1346 3552 1435 3609 ἐπὶ
1482 3558 1562 3625 τῷ
1615 3553 1840 3626 ὀνόματι

1948 3283 2166 3338 multos
2197 3282 2530 3337 inﬁdelium
2562 3283 2634 3338 ad
2682 3285 2998 3340 Dominum
3047 3287 3453 3346 convertisset,
3487 3285 3597 3339 de-

1948 3375 2144 3429 cessit.
2169 3373 2504 3446 Philagrius
2535 3391 2668 3430 vero
2691 3377 2861 3447 Cypri
2883 3377 3194 3448 episcopus
3219 3377 3596 3442 constitutus,

1949 3480 2085 3518 cum
2112 3468 2171 3517 et
2201 3463 2326 3534 ipse
2371 3463 2432 3517 in
2492 3464 2733 3519 nomine
2790 3466 3004 3520 Christi
3062 3466 3319 3532 doceret,
3382 3465 3598 3520 multas

1948 3551 2254 3606 molestias
2284 3568 2316 3606 a
2347 3551 2716 3606 dwmonibus
2748 3559 2924 3622 atque
2956 3554 3154 3625 impiis
3179 3561 3236 3609 et
3259 3554 3600 3608 inﬁdelibus

216 3645 294 3695 τοῦ
315 3643 569 3718 Χριστοῦ,
607 3640 856 3704 πολλοὺς
885 3641 1220 3716 πειρασμοὺς
1257 3642 1360 3698 ὑπό
1388 3663 1448 3698 τε
1475 3643 1584 3698 τῶν
1635 3639 1838 3716 δαιμό-

211 3752 318 3800 νων,
345 3735 572 3788 καὶτῶν
633 3733 708 3805 μὴ
769 3726 1130 3808 φοϐουμένων
1181 3733 1273 3787 τὸν
1333 3736 1531 3809 Κυριον
1582 3736 1837 3808 πονηρῶν

214 3820 284 3873 καὶ
319 3821 550 3877 ἀπίστων
619 3820 918 3894 ἀνθρώπων
980 3821 1298 3895 ὑπομείνας,
1368 3821 1707 3898 εὐχαριστῶν
1762 3825 1843 3894 τῷ

213 3913 307 3981 Θεῷ
337 3913 496 3989 μέχρι
526 3917 637 3980 τῆς
667 3908 905 3986 ἐσχάτης
935 3910 1236 3983 ἀναπνοῆς,
1267 3910 1607 3982 ἐτελεύτησε.

734 4028 887 4086 ΜΠΝ
895 4030 917 4085 Ι
962 4029 1055 4086 ΤΩ
1094 4033 1293 4086 ΔΥΤΩ.

2522 4033 2763 4090 EODEM
2803 4034 2947 4090 ΜΕΝ
2956 4035 3035 4089 SE

999 4154 1037 4210 ι’
2596 4149 2698 4204 Die
2731 4149 2964 4206 decima

1950 3640 2292 3695 hominibus
2323 3658 2556 3711 passus,
2591 3641 2664 3696 ad
2703 3648 3034 3697 extremum
3083 3661 3271 3714 usque
3320 3643 3598 3716 spiritum

1951 3729 2170 3801 gratias
2197 3745 2399 3801 agens,
2434 3729 2599 3785 obiit.

1961 3987 2028 4010 ὲ.-.
2047 4000 2062 4008 η.

1952 4264 2106 4321 1³18
2145 4266 2435 4322 Certamen
2473 4273 2793 4324 sanctorum
2853 4267 3228 4338 Charalampi,
3288 4264 3611 4337 Porphyrii,

219 4278 464 4352 ’Άθλησις
535 4283 652 4337 τῶν
734 4278 906 4355 ἁγίων
992 4277 1423 4354 Χαραλάμπους,
1511 4282 1840 4359 Πορφυρίου,

576 4351 819 4396 Am’mrnn
871 4351 958 4396 val
992 4357 1157 4396 τηιὶἷιυ
1189 4357 1455 4396 νιιυηινιῗὶν

1952 4277 2106 4321 "ab
2145 4277 2435 4322 Certamen
2473 4277 2793 4324 sanctorum
2853 4277 3180 4338 Charalamp

2359 4339 2576 4396 Daucti.
2609 4347 2662 4395 et
2690 4344 2858 4396 trium
2886 4342 3180 4395 mulierum

2563 4385 2576 4410 ,
2609 4379 2660 4395 υυ
2690 4379 2726 4395 νι
2747 4379 2858 4396 υυυη
2889 4379 3070 4395 ηομιιγνι
3092 4379 3200 4394 νου-ο

574 4351 840 4423 Δαύκτού,
871 4351 961 4406 καὶ
992 4351 1157 4429 τριῶν
1189 4351 1478 4428 γυναικῶν.

1511 4282 1843 4359 Πορφυρίου,

274 4493 654 4569 Χαραλάμπης
713 4496 868 4550 ὁτοῦ
925 4495 1160 4570 Χριστνῦ
1221 4498 1428 4571 μάρτυρ
1488 4497 1733 4572 ὑπῆρχεν
1790 4497 1840 4552 ἐν

2027 4481 2454 4555 Charalampus
2485 4484 2702 4538 Christi
2737 4489 2961 4555 martyr
3014 4484 3076 4538 in
3121 4483 3268 4537 urbe
3317 4480 3615 4550 Magnesia

227 4580 583 4657 Μαγνησίᾳτῇ
628 4582 810 4653 πόλει,
867 4569 1039 4657 ἱερεὺς
1089 4589 1195 4639 τῶν
1255 4569 1613 4659 Χριστιανῶνξ
1665 4569 1840 4640 ’Διδά-

1957 4571 2426 4627 Christianorum
2460 4573 2754 4635 sacerdos,
2790 4590 2926 4627 cum
2957 4573 3114 4626 viam
3144 4570 3410 4624 veritatis
3435 4569 3612 4622 doce—

226 4688 339 4724 σκων
373 4670 430 4726 δὲ
457 4656 562 4740 τὴν
594 4669 721 4726 ὁδὸν
747 4679 848 4741 τῆς
903 4656 1190 4742 ἀληθείας,
1247 4656 1521 4745 ἐκρατήθη
1572 4676 1719 4749 παρᾶ
1755 4675 1840 4730 τοῐ

1962 4666 2072 4728 ret,
2097 4662 2402 4716 aLuciano
2431 4662 2708 4733 praefecto
2741 4662 3229 4731 comprehensus,
3264 4674 3432 4713 sacra
3464 4656 3614 4712 stola

231 4758 473 4832 ἡγεμόνος
561 4765 887 4819 Λουκιανοῦ.
976 4763 1079 4817 Καὶ
1164 4759 1382 4835 ἐξεδόθη
1471 4765 1570 4832 τήν
1655 4763 1854 4839 ἷερατι-

230 4847 312 4914 κήν
339 4852 565 4920 στολήν·
602 4850 716 4905 εἶτα
770 4849 992 4925 ἐξεδάρη
1053 4851 1182 4906 ὃλον
1239 4853 1301 4906 τὸ
1361 4849 1534 4926 δέρμα
1588 4857 1689 4907 τοῦ
1747 4853 1858 4907 σώ-

235 4955 397 5006 ματος.
455 4940 613 4994 Ἐπεὶ
677 4935 733 4993 δὲ
787 4935 1013 4994 ἔϐλεπεν
1067 4940 1224 4996 αὐτὸν
1285 4941 1314 4994 6
1371 4942 1596 5014 ἡγεμὼν
1663 4963 1858 5017 καρτε-

231 5029 421 5094 ροῦντα,
455 5027 754 5100 θυμωθεὶς,
787 5030 1012 5090 οἰκείαις
1044 5031 1233 5104 χερσὶν
1284 5029 1555 5106 ἐπεχείρει
1603 5033 1736 5105 ξὲειν
1765 5032 1858 5087 τὸν

232 5113 376 5186 ἅγιον.
435 5117 545 5173 Καὶ
607 5119 909 5192 παραυτίκα
966 5118 1239 5189 ἐκόπησαν
1300 5121 1355 5174 αἱ
1413 5127 1595 5195 χεῖρες
1670 5121 1855 5176 αὐτοῦ·

230 5202 300 5255 καὶ
353 5206 792 5280 προσευξάμενος
852 5209 880 5262 6
939 5209 1114 5282 ἅγιος,
1175 5208 1302 5284 ὑγιῆ
1389 5209 1548 5264 αὐτὸν
1609 5209 1855 5281 ἐποίησε.

231 5290 340 5346 Τότε
365 5291 579 5355 ἰδόντες
607 5297 925 5370 Ηορφύριος
982 5298 1010 5351 6
1058 5294 1264 5369 δήμεος
1313 5297 1402 5352 καὶ
1453 5301 1709 5368 Δαῦκτος,
1757 5301 1861 5369 ἠρ-

1965 4751 2233 4806 exuitur:
2268 4751 2482 4806 deinde
2510 4751 2774 4806 detracta
2805 4757 2921 4804 toto
2955 4765 3200 4820 corpore
3249 4747 3426 4819 pelle,
3478 4763 3613 4802 cum

1964 4840 2190 4895 videret
2244 4856 2380 4895 eum
2427 4840 2740 4911 praefectus
2797 4836 3093 4893 constanti
3153 4837 3352 4892 animo
3411 4837 3616 4891 isthzec

1966 4929 2384 5001 perferentem,
2420 4933 2507 4987 ira
2532 4930 2834 4995 incensus,
2862 4926 3117 4998 propriis
3139 4926 3416 4982 manibus
3442 4942 3619 4980 cona-

1967 5031 2063 5078 tus
2088 5029 2178 5079 est
2199 5028 2470 5078 sanctum
2493 5019 2802 5076 dilaniare.
2827 5017 2940 5074 Sed
2960 5016 3159 5072 statim
3188 5016 3467 5072 manibus
3489 5017 3619 5087 ejus

1967 5113 2426 5174 avulsis,sanum
2447 5127 2582 5166 eum
2607 5115 2665 5165 et
2683 5107 3046 5164 incolumem
3071 5112 3312 5161 sanctus
3344 5104 3621 5176 precibus

1969 5205 2093 5259 suis
2109 5205 2306 5260 effecit
2354 5203 2520 5268 Quod
2540 5201 2643 5256 ubi
2669 5199 2940 5254 viderunt
2970 5196 3330 5268 Porphyrius
3361 5195 3533 5250 lictor
3570 5199 3628 5249 et

1969 5295 2246 5356 Dauctus,
2279 5294 2512 5364 ejurata
2542 5291 2838 5345 idolorum
2866 5286 3287 5357 superstitione
3339 5284 3401 5338 in
3453 5282 3622 5336 Chri-

1971 5391 2127 5438 stum
2156 5382 2463 5438 credidere
2494 5398 2506 5437 :
2540 5379 2815 5435 similiter
2845 5383 2905 5431 et
2925 5383 3046 5430 tres
3073 5375 3513 5443 mulieresque)
3538 5370 3620 5424 ibi

1969 5473 2261 5536 astabant,
2294 5471 2583 5527 miraculo
2616 5472 2949 5533 commota),
3007 5464 3425 5532 Christumque
3477 5477 3615 5515 con-

1968 5564 2162 5631 fessre,
2178 5555 3057 5635 comprehenduntur,dirisque
3083 5551 3392 5607 tormentis
3415 5564 3621 5605 axcru—

1969 5653 2222 5709 ciantur.
2257 5654 2378 5709 Etsi
2409 5653 2569 5709 enim
2593 5649 2905 5724 praefectus
2929 5641 3166 5697 sanitati
3190 5641 3495 5696 restitutus
3509 5639 3618 5697 est,

231 5380 434 5447 νήσαντο
493 5384 564 5437 τᾶ
636 5382 864 5450 εἴδωλα,
949 5384 1038 5440 καὶ
1123 5385 1433 5440 ἐπίστευσαν
1486 5391 1565 5458 τῷ
1620 5389 1856 5461 Χριστῷ.

227 5465 442 5537 Ὁμοίως
499 5472 596 5526 καὶ
654 5479 904 5548 γυναῖκες
960 5479 1105 5549 τρεῖς
1162 5473 1222 5529 ἐκ
1276 5478 1383 5528 τῶν
1444 5476 1861 5550 παρισταμένων

234 5551 340 5626 ἐκεῖ,
378 5564 704 5635 θεασάμεναι
764 5565 826 5619 τὸ
885 5568 1084 5638 θαῦμα,
1144 5563 1512 5639 ὡμολόγησαν
1569 5567 1660 5620 τὸν
1724 5566 1857 5638 Χρι-

233 5648 358 5720 στὸν,
389 5651 481 5705 καὶ
533 5651 930 5728 ἐκρατήθησαν,
981 5653 1072 5709 καὶ
1121 5652 1363 5730 ἰσχυρῶς
1409 5649 1856 5726 ἐϐασανίσθησαν.
