4112 6308
407 317 520 380 307

1708 319 2144 384 MENOLOGII
2189 319 2391 381 PARS
2432 320 2509 381 ΙΙ.

3703 318 3841 386 308

408 449 471 503 in
503 465 611 506 sua
639 454 838 506 tamen
868 451 1220 508 infidelitate
1253 453 2050 525 permanens,crudelissime

2180 446 2241 505 Εἴ
2263 449 2368 525 γὰρ
2397 448 2489 505 καὶ
2521 449 2645 520 ἰάθη
2677 450 2706 505 ὁ
2736 451 2981 525 ἡγεμὼν,
3042 447 3168 506 ἀλλ’
3223 449 3375 524 ὅμως
3427 451 3694 525 ἐνέμεινεν
3743 453 3835 517 εἲς

410 553 623 594 omnes
655 538 989 596 decollavit.

977 678 1216 778 EonEu
1248 722 1507 777 MENSE.

1008 838 1108 896 Die
1141 840 1464 896 undecima

418 954 569 1009 I79
604 955 891 1012 Certamen
921 959 1255 1013 sacrosancti
1285 959 1547 1028 martyris
1602 956 1802 1025 Blasii,
1847 962 1899 1012 et
1944 971 2073 1012 san-

812 1035 1027 1084 ctarum
1056 1031 1331 1085 sociarum
1359 1030 1674 1085 mulierum.

493 1114 609 1170 Iste
668 1115 877 1171 Licinii
936 1117 1315 1189 imperatoris
1376 1118 1745 1190 temporibus
1803 1116 2077 1172 Sebastes

424 1205 1020 1277 episcopus,vitandae
1044 1209 1479 1279 persecutionis
1491 1208 1748 1264 causain
1769 1207 2080 1279 cujusdam

422 1294 645 1349 montis
676 1296 1024 1366 speluncam
1061 1314 1122 1352 se
1156 1296 1417 1353 abdidit:
1454 1302 1512 1354 et
1558 1297 1640 1351 ibi
1668 1297 1926 1352 ferocem
1956 1295 2078 1350 bel-

420 1381 658 1438 luarum
691 1390 966 1441 naturam
993 1385 1409 1443 benedictione
1436 1392 1809 1443 mansuetam
1864 1384 2079 1440 etl‘ecit-

423 1471 688 1543 Cumque
720 1480 877 1529 esset
905 1474 1153 1531 medica)
1185 1478 1329 1531 artis
1358 1477 1604 1548 peritus,
1638 1476 1857 1531 multas
1914 1491 2081 1531 cura-

428 1563 625 1619 tiones
657 1565 933 1635 faciebat,
969 1567 1395 1624 miraculorum
1428 1568 1677 1641 gratiam
1708 1584 1743 1623 a
1771 1569 1888 1623 Deo
1921 1565 2083 1622 acci—

438 1653 637 1723 piens.
671 1656 1147 1727 Comprehensus
1189 1663 1408 1725 autem,
1469 1663 1529 1712 et
1580 1656 1653 1713 ad
1712 1656 2087 1730 Agricolaum

435 1744 789 1813 praefectum
823 1746 1054 1813 ductus,
1110 1748 1445 1819 Christique
1496 1764 1715 1803 nomen
1763 1747 2086 1820 professus,

422 1831 609 1903 virgis
637 1834 924 1889 caeditur:
959 1835 1175 1890 deinde
1210 1837 1268 1890 in
1320 1836 1641 1907 equuleum
1696 1843 1883 1903 actus,
1938 1836 2088 1893 dila-

437 1920 657 1975 niatur.
691 1923 903 1978 Postea
933 1941 1067 1978 cum
1100 1925 1163 1979 in
1193 1942 1492 1981 carcerem
1532 1924 1949 1992 abduceretur,
1984 1941 2085 1979 se—

431 2015 595 2080 ptem
625 2011 910 2067 mulieres
941 2029 1077 2068 eum
1109 2019 1464 2081 consecutaa,
1512 2014 1994 2084 Christianasque
2026 2030 2089 2070 se

434 2116 563 2155 esse
594 2101 899 2172 professa},
935 2104 1133 2158 statim
1166 2104 1357 2175 capite
1389 2104 1579 2176 plexm
1631 2110 1789 2160 sunt.
1843 2105 2089 2159 Sanctus

429 2206 564 2244 vero
601 2190 830 2245 Blasius
864 2192 1056 2262 primo
1090 2192 1332 2262 quidem
1364 2192 1426 2247 in
1483 2192 1843 2264 profundum
1891 2193 2088 2248 lacum

425 2280 750 2349 projectus,
786 2280 888 2335 sed
926 2280 1066 2335 inde
1098 2281 1170 2336 ad
1204 2287 1420 2336 terram
1454 2282 1629 2337 siccis
1672 2282 1923 2354 pedibus
1956 2299 2085 2338 eva-

433 2366 602 2432 dens,
632 2368 822 2440 capite
844 2369 1053 2439 plexus
1082 2375 1171 2424 est
1190 2387 1309 2424 una
1326 2387 1461 2426 cum
1484 2370 1714 2426 duobus
1737 2371 2085 2441 infantibus,

428 2455 530 2526 qui
562 2455 741 2512 simul
771 2473 905 2512 cum
935 2457 1064 2530 ipso
1095 2457 1157 2512 in
1186 2458 1436 2514 vinculis
1468 2465 1657 2515 erant.

1073 2660 1296 2718 Eodem
1328 2663 1423 2718 die

421 2776 576 2833 180
604 2779 854 2833 Inventio
876 2780 1253 2852 pretiosarum
1280 2780 1649 2852 reliquiarum
1696 2783 1874 2836 sancti
1918 2796 2064 2852 pro-

975 2850 1168 2921 phetae
1199 2851 1505 2906 Zachariae.

1148 2968 1346 3023 Deest.

1074 3083 1295 3139 Eodem
1328 3082 1423 3139 die

2172 539 2274 607 τήν
2327 537 2576 593 ἀπιστίαν
2636 540 2826 611 αὐτοῦ,
2883 539 2972 593 καὶ
3029 538 3162 612 μετὰ
3216 538 3434 605 πολλῆς
3487 541 3680 618 ὀργῆς,
3747 538 3851 598 καί

2177 626 2472 700 ὠμότητος
2503 625 2896 704 ἀπεκεφάλισεν
2921 627 3180 690 ἅπαντας.

2728 718 2908 776 MHNI
2948 719 3038 774 ΤΩ
3074 720 3269 775 ΑΥΤΩ.

2958 835 3046 892 IA‘

2179 956 2448 1029 ’Άθλησις
2478 962 2576 1013 τοῦ
2614 957 2793 1033 οἰγίου⁸
2831 957 3231 1033 ἱερομάρτυρος
3280 956 3543 1032 Βλασίου,
3593 962 3684 1016 καὶ
3727 968 3852 1018 τῶν

2607 1028 2701 1085 συν
2733 1028 2895 1102 αὐτῷ’
2912 1028 3082 1105 ἁγίων
3107 1028 3398 1105 γυναικῶν.

2254 1128 2426 1189 Οὗτος
2453 1128 2520 1197 ἦν
2551 1129 2690 1183 κατὰ
2716 1129 2850 1191 τοὺς
2904 1128 3128 1204 καιροὺς
3189 1129 3469 1185 Λικιννίου
3522 1135 3621 1187 τοῦ
3681 1134 3852 1209 βασι-

2186 1213 2327 1278 λέως
2388 1215 2686 1281 ἐπίσκοπος
2747 1214 3092 1282 Σεϐαστείας’
3153 1215 3243 1273 διὰ
3297 1215 3356 1273 δὲ
3409 1219 3502 1275 τὸν
3568 1217 3851 1298 διωγμὸν,

2186 1304 2479 1381 ἐκρύπτετο
2511 1306 2590 1369 είς
2629 1304 2684 1362 ἓν
2742 1311 2850 1362 τῶν
2910 1306 2961 1363 ἐν
3023 1307 3138 1382 ὄρει
3193 1307 3503 1380 σπηλαίων
3555 1309 3696 1366 ὅπου
3747 1311 3849 1368 καὶ

2184 1394 2253 1448 τὰ
2293 1395 2459 1469 ἄγρια
2517 1399 2629 1463 ζῶα
2685 1395 3042 1471 ἡμερούμενοι
3098 1398 3368 1470 χειροήθη
3429 1395 3690 1471 ἐγίνοντο,
3750 1395 3855 1452 διὰ

2186 1489 2288 1553 τῆς
2321 1481 2571 1558 εὐλογίας
2601 1487 2698 1539 τοῦ
2730 1484 2908 1558 ἁγίου.
2937 1484 3227 1559 Ὑπάρχων
3270 1482 3328 1540 δὲ
3366 1485 3458 1540 καὶ
3510 1492 3607 1556 τῆς
3659 1485 3848 1562 ἰατρι-

2189 1574 2290 1636 κῆς
2316 1572 2520 1646 τέχνης
2569 1569 2849 1647 ἔμπειρος,
2909 1571 3127 1634 ποὶλὰς
3190 1571 3360 1637 ἰάσεις
3421 1572 3684 1643 ἐπετέλει,
3736 1577 3846 1643 τήν

2190 1665 2299 1716 τῶν
2349 1662 2641 1734 θαυμάτων
2701 1661 2963 1736 ἐνέργειαν
3024 1662 3172 1738 παρὰ
3220 1666 3317 1717 τοῦ
3378 1662 3574 1739 Κυρίου
3628 1659 3847 1721 λαϐὼν.

2195 1749 2368 1812 Οὗτος
2396 1749 2686 1826 κρατηθεὶς
2731 1748 2884 1826 ἤχθη
2936 1751 3075 1826 πρὸς
3126 1751 3220 1805 τὸν
3278 1753 3529 1825 ἡγεμονα
3584 1754 3853 1829 ’Δγρικό-

2197 1837 2350 1894 λαονσ
2403 1840 2494 1894 καὶ
2546 1838 2904 1914 ὁμολογήσας
2958 1839 3021 1894 τὸ
3070 1835 3245 1912 ὄνομα
3299 1844 3395 1895 τοῦ
3449 1842 3706 1917 Χριστοῦ,
3756 1841 3858 1897 τύ-

2193 1948 2383 1983 πτεται
2467 1927 2600 2000 μετὰ
2679 1923 2939 2004 ῥαϐδίων⁸
3030 1929 3353 2004 κρεμασθεὶς
3437 1931 3629 2001 ξὲεται.
3713 1931 3854 1988 Εἶτα

2194 2015 2541 2091 ἀπαγομένου
2600 2016 2764 2072 αὐτοῦ
2835 2016 2886 2072 ἐν
2968 2020 3036 2091 τῇ
3135 2017 3377 2092 φυλακῇ,
3456 2018 3848 2089 ἠκολούθησαν

2193 2105 2340 2177 αὐτῷ
2389 2112 2642 2181 γυναῖκες
2701 2106 2856 2173 ἑπτὰ,
2925 2107 3250 2180 Χριστιανὰς
3309 2107 3497 2170 ἑαυτὰς
3555 2107 3852 2183 ὁμολογή-

2191 2215 2370 2265 σασαι,
2423 2196 2515 2251 καὶ
2572 2195 2770 2258 εὐθέως
2853 2195 3378 2273 ἀπεκεφαλίσθησαν.
3454 2198 3517 2256 Ὀ
3575 2195 3631 2253 δὲ
3686 2198 3851 2272 ἅγιος

2191 2282 2445 2356 Βλάσιος,
2477 2289 2696 2357 πρῶτον
2734 2285 2828 2360 μὲν
2860 2284 2912 2340 ἐν
2939 2290 3018 2357 τῷ
3053 2286 3199 2360 βυθῷ
3231 2288 3329 2355 τῆς
3361 2284 3565 2359 λίμνης
3616 2286 3853 2364 ἒρῥίφτγ

2188 2373 2277 2428 καὶ
2313 2372 2388 2436 ὡς
2438 2370 2527 2428 διὰ
2583 2375 2747 2450 ξηρᾶς
2802 2377 2938 2449 πρὸς
2996 2375 3096 2442 τήν
3154 2380 3258 2450 γῆν
3318 2371 3496 2446 ἐξέϐη,
3556 2375 3644 2431 καὶ
3707 2378 3861 2449 μετὰ

2187 2466 2353 2518 ταῦτα
2382 2462 2672 2534 ἀπετμήθη
2704 2464 2802 2533 τήν
2833 2463 3096 2537 κεφαΛῆν,
3134 2463 3268 2537 μετᾶ
3294 2468 3403 2519 τῶν
3438 2461 3537 2518 δύο
3599 2465 3859 2543 βρεφῶν,

2185 2555 2297 2607 τῶν
2328 2546 2498 2608 ὄντων
2526 2552 2642 2625 μετ’
2671 2551 2840 2608 αὐτοῦ
2870 2552 2922 2607 ἐν
2953 2555 3022 2626 τῇ
3054 2550 3295 2631 φυλακῇ.

2766 2673 2845 2744 τῇ
2884 2667 3022 2744 αὐτῇ
3061 2670 3246 2745 ἡμέρᾳ

2183 2785 2246 2843 Ἣ
2306 2780 2517 2863 εὕρεσις
2571 2787 2670 2840 τοῦ
2725 2786 2917 2864 τιμίου
2969 2782 3230 2864 λειψάνου
3285 2788 3383 2841 τοῦ
3459 2786 3614 2863 ἁγίου
3698 2806 3861 2864 προ-

2757 2856 2936 2934 φήτου
2965 2856 3263 2933 Ζαχαρίου.

2898 2973 3110 3032 Αείπει.

2773 3073 2859 3146 Τῇ
2892 3070 3030 3146 αὖτῇ
3062 3072 3245 3146 ἡμέρᾳ

419 3199 574 3256 180
608 3200 1061 3256 Commemoratio
1122 3200 1412 3255 Theodore
1466 3166 1755 3271 Augustae,
1806 3217 1928 3272 quae
1976 3218 2067 3257 or-

2185 3188 2395 3262 Μνήμη
2456 3183 2738 3264 Θεοδώρας
2794 3193 2924 3272 τῆς.
2962 3185 3283 3272 ρασιλίσσης
3366 3194 3470 3258 τῆς
3525 3187 3849 3262 ποιησάσης

904 3272 1225 3326 thodoan'am
1257 3274 1560 3327 constituit.

484 3389 662 3444 Beata
689 3388 996 3444 Theodora
1024 3391 1287 3461 Augusta
1333 3389 1643 3461 Theophili
1689 3390 2066 3461 imperatoris

411 3478 787 3535 Iconomachi
817 3495 967 3535 uxor
994 3478 1108 3534 fuit
1138 3497 1151 3548 ;
1188 3495 1307 3534 non
1335 3485 1535 3535 tamen
1566 3480 1866 3550 hasretica,
1898 3482 2064 3537 utvir

411 3570 541 3641 ejus
572 3575 716 3626 erat.
750 3570 855 3625 Ille
889 3571 1049 3626 enim
1078 3576 1352 3627 sanctum
1401 3570 1765 3627 Methodium
1812 3572 2062 3643 patriar-

412 3659 583 3713 cham
641 3659 1365 3730 Constantinopolitanum
1448 3658 1830 3732 relegaverat,
1888 3660 2061 3731 eique

406 3751 697 3805 Joannem
727 3750 1225 3806 Leconomantem
1270 3750 1670 3822 patriarcham
1724 3752 2057 3819 suffecerat,

413 3840 595 3894 sacris
626 3839 983 3911 imaginibus
1017 3840 1138 3912 igni
1172 3840 1582 3911 consumptis:
1619 3840 1748 3911 ipsa
1780 3856 1916 3895 vero
1948 3840 2057 3895 etsi

407 3934 611 3998 aperte
642 3944 761 3983 non
791 3928 1037 3983 audcret
1063 3946 1261 3984 sacras
1314 3929 1605 4002 imagines
1642 3928 1912 3994 adorare,
1961 3946 2056 3984 oc-

406 4018 563 4071 culte
594 4018 874 4071 tamenin
897 4016 1171 4072 cubiculo
1191 4034 1297 4072 suo
1325 4018 1460 4073 illas
1476 4017 2057 4089 habebat,noctuque

406 4105 708 4171 orabat,ac
729 4105 912 4159 Deum
937 4104 1457 4176 deprecabatur,ut
1477 4105 1711 4160 tandem
1735 4105 2056 4177 aliquando

406 4191 871 4247 orthodoxorum
903 4192 1312 4249 misereretur.
1348 4193 1562 4249 Genuit
1594 4199 1794 4249 autem
1844 4193 2053 4263 filium,

408 4280 754 4336 Michaelem
804 4281 1069 4347 nomine,
1126 4298 1381 4353 eumque
1433 4282 1821 4338 orthodoxam
1878 4282 2056 4338 ﬁdem

408 4373 665 4429 edocuit.
688 4374 873 4446 Igitur
891 4380 1027 4446 post
1046 4374 1151 4428 viri
1182 4375 1273 4429 sui
1292 4374 1541 4439 obitum,
1558 4376 1756 4430 statim
1788 4382 2055 4432 revocato

406 4471 610 4521 sancto
638 4464 953 4535 Methodio,
1021 4471 1079 4519 et
1134 4471 1335 4521 sancta
1395 4465 1627 4538 Synodo
1684 4470 2054 4539 congregata,

2764 3256 2865 3328 τήν
2900 3256 3238 3334 ὁρθοδοξίαν.

2245 3378 2310 3434 Ἡ
2345 3374 2581 3451 μακαρία
2631 3371 2908 3452 Θεοδώρα,
2957 3376 2993 3445 ἡ
3059 3373 3371 3451 βασίλισσα,
3428 3373 3639 3450 ἐγένετο
3692 3379 3846 3450 γυνὴ

2173 3465 2440 3544 Θεοφίλου
2475 3463 2746 3540 βασιλέως
2792 3467 2891 3519 τοῦ
2942 3463 3353 3540 Εἷκονομάχου·
3411 3463 3510 3520 οὐκ
3547 3464 3616 3535 ἦν
3647 3462 3705 3521 δὲ
3734 3466 3846 3520 αἱ-

2174 3554 2383 3631 ρετικῆ,
2444 3553 2625 3629 ὥσπερ
2655 3554 2683 3608 ὁ
2712 3553 2847 3629 ἀνὴρ
2908 3554 3094 3625 αὐτῆς.
3147 3556 3386 3616 Ἐκεῖνος
3439 3554 3535 3626 μὶν
3582 3555 3688 3630 γὰρ
3732 3555 3834 3610 τὸν

2171 3646 2325 3720 ἅγιον
2358 3641 2626 3701 Μεθόδιον
2658 3643 2749 3697 τὸν
2792 3643 3140 3718 πατριάρχην
3190 3645 3832 3708 ΚωνσταντινουπόΛεως

2169 3732 2412 3809 ἐξώρισε,
2495 3731 2586 3787 καὶ
2668 3730 2781 3787 ἀντ’
2865 3730 3075 3788 ἐκείνου
3168 3732 3395 3802 ἐποίησε
3470 3733 3829 3808 πατριάρχην

2169 3824 2425 3893 Ἰωάννην
2455 3822 2547 3876 τὸν
2607 3820 3036 3894 Λεκανόμαντιν,
3094 3821 3185 3878 καὶ
3240 3821 3337 3885 τὰς
3396 3822 3553 3899 ἁγίας
3614 3821 3839 3886 εἰκόνας

2164 3910 2508 3968 κατέκαυσεν.
2540 3909 2750 3981 Ἐκείνη
2799 3907 2855 3965 δὲ
2913 3909 2959 3965 εἶ
3018 3909 3109 3965 καὶ
3157 3914 3398 3988 φανερῶς
3459 3911 3557 3967 οὐκ
3611 3908 3840 3983 ἐτόλμα

2165 4005 2486 4074 προσκυνεῖν
2511 3998 2606 4062 τὰς
2639 3999 2798 4075 ἁγίας
2831 3999 3061 4069 εἷ’κόνας,
3108 3998 3264 4073 ὅμως
3317 4001 3464 4075 εἶχεν
3517 3999 3681 4062 αὐτὰς
3728 4021 3830 4055 κε-

2164 4090 2481 4165 κρυμμένας
2541 4085 2593 4143 ἐν
2666 4092 2748 4160 τῷ
2831 4092 3056 4144 κοιτῶνι
3143 4090 3337 4159 αὐτῆς·
3397 4087 3488 4144 καὶ
3544 4093 3613 4164 τῇ
3669 4091 3832 4146 νυκτὶ

2167 4176 2353 4232 ίστατο
2386 4177 2844 4252 προσευχομένη,
2874 4176 2963 4232 καὶ
2994 4175 3385 4252 παρακαλοῦσα
3412 4177 3504 4233 τὸν
3552 4178 3702 4251 Θεὸν,
3732 4178 3832 4236 ἳνα

2166 4268 2369 4340 ποιήσῃ
2399 4264 2552 4327 ἔλεος
2587 4267 2721 4340 μετὰ
2743 4269 2850 4320 τῶν
2886 4263 3213 4342 ὀρθοδόξων.
3276 4267 3551 4341 Ἐγεννησε
3600 4264 3658 4322 δὲ
3697 4268 3821 4323 υἱὸν

2165 4354 2393 4429 ὀνόματι
2426 4352 2685 4430 Μιχαὴλ,
2717 4353 2805 4410 καὶ
2839 4351 3086 4411 ἐδίδασκε
3115 4356 3205 4411 καὶ
3254 4356 3415 4412 αὐτὸν
3472 4353 3820 4432 ὀρθοδοείαν.

2165 4446 2312 4502 Μετᾶ
2369 4442 2426 4501 δὲ
2477 4444 2737 4515 τελευτὴν
2795 4443 2893 4501 τοῦ
2949 4443 3144 4522 ἀνδρὸς
3202 4447 3396 4518 αὐτῆς,
3478 4447 3650 4524 ἤγαγε
3723 4448 3823 4503 τὸν

403 4557 831 4615 Iconomachos
848 4558 1749 4624 anathematizavit,etJoannem
1782 4575 1812 4614 e
1843 4560 2051 4615 threno

2180 4538 2315 4612 ἱγιον
2370 4532 2655 4591 Μεθόδιον’
2713 4536 2804 4591 καί
2871 4538 3139 4612 συνήγαγε
3192 4537 3293 4607 τήν
3352 4537 3500 4614 ἱερὰν
3561 4534 3813 4608 σύνοδον,

401 4648 750 4714 exturbavit,
779 4653 957 4718 atque
989 4648 1051 4703 in
1083 4647 1336 4704 ecclesia
1365 4664 1562 4704 sacras
1620 4648 1909 4721 imagines
1957 4667 2048 4705 re-

400 4737 612 4792 stituit.
647 4738 892 4791 Demum
924 4737 1198 4805 decessit,
1228 4743 1543 4810 postquam
1576 4738 1895 4811 imperium
1929 4737 2050 4794 ﬁlio

401 4843 506 4881 suo
535 4825 802 4881 Michaeli
835 4826 1198 4899 reliquisset,

952 5006 1190 5062 EODEM
1230 5006 1482 5065 MENSE.

980 5094 1086 5149 Die
1118 5095 1473 5152 duodecima

398 5183 552 5240 182
613 5184 1064 5239 Commemoratio
1118 5187 1297 5238 sancti
1345 5184 1529 5240 Patris
1587 5185 1766 5242 nostri
1817 5187 2045 5243 Antonii

692 5254 1096 5325 archiepiscopi
1126 5255 1750 5326 Constantinopolz‘tani.

468 5344 764 5400 Antonius
795 5348 1189 5415 cognomento
1221 5344 1522 5409 Blacheas,
1552 5346 1686 5416 piis,
1745 5346 2045 5417 divitibus,

2233 4626 2249 4646 κ
2294 4626 2308 4646 τ
2500 4626 2510 4643 9
2729 4624 2743 4643 ‘
2892 4623 2915 4645 ’-
3109 4627 3120 4644 1
3519 4627 3533 4645 ς

2160 4646 2251 4681 και
2284 4634 2632 4698 ανὲθεματισε
2661 4645 2789 4689 τους
2846 4627 3288 4702 Εικονομαχους,
3338 4626 3427 4681 καὶ
3479 4647 3571 4681 τον
3621 4627 3812 4683 Ἶωάν-

2159 4736 2257 4787 νην
2287 4708 2611 4770 κατεϐίϐασε
2655 4718 2753 4769 τοῦ
2810 4712 3028 4787 θρόνου,
3086 4715 3176 4769 καὶ
3231 4715 3327 4777 τὰς
3386 4714 3545 4790 ἁγίας
3601 4713 3818 4777 εἰκόνας

2161 4806 2444 4883 εἰσήγαγεν
2501 4805 2577 4869 εἶς
2625 4806 2725 4874 τὴν
2777 4802 3089 4876 ἐκκλησίαν.
3150 4805 3286 4863 Εἶτα
3341 4804 3659 4877 ἐτελεύτησε
3709 4827 3817 4861 κα-

2158 4894 2464 4951 ταλιποῦσα
2486 4896 2587 4965 τήν
2624 4890 2902 4969 βασιλείαν
2927 4899 3006 4967 τῷ
3035 4893 3139 4968 υίῷ
3167 4895 3340 4965 αὐτῆς
3368 4891 3625 4970 Μιχαήλ.

2711 4989 2885 5040 MﬂNl
2923 4985 3015 5041 ΤΩ
3053 4986 3250 5041 ΑΥΤΩ.

2931 5083 3016 5141 IB‘

2158 5183 2367 5257 Μνήμη
2424 5185 2521 5238 τοῦ
2581 5180 2732 5258 ὁσίου
2790 5181 3001 5256 Πατρὸς
3059 5181 3220 5254 ὴμῶν
3280 5182 3571 5258 ξᾼντωνίου
3638 5180 3817 5258 ἀρχι-

2488 5254 2787 5310 επισκὸπου
2814 5252 3464 5317 Κωνσταντινουπόλεως.

2225 5345 2542 5412 Ἀντώνιος,
2585 5344 2612 5399 ὁ
2657 5341 3051 5418 ἐπιλεγόμενος
3112 5341 3390 5419 Βλαχὲας,
3450 5344 3570 5418 εἶχε
3624 5362 3812 5418 γονεις

397 5432 813 5503 senatorioque
837 5433 1045 5487 ordine
1068 5430 1245 5486 claris
1266 5432 1612 5503 parentibus
1634 5435 2045 5504 natus,quinto

2183 5431 2395 5497 ὐσεϐεἷς
2425 5433 2515 5489 xvi
2547 5429 2873 5502 πλουσίους,
2930 5432 3019 5488 καὶ
3073 5428 3437 5509 περιϐοήτους
3466 5432 3517 5488 ἐν
3549 5435 3617 5506 τῇ
3675 5452 3809 5509 συγ-

394 5526 584 5582 aetatis
617 5540 773 5579 anno
802 5522 1390 5599 munia‘pontiﬁcum
1422 5540 1696 5579 exercere
1736 5523 2040 5581 tentabat:

393 5633 516 5673 non
552 5614 709 5672 enim
742 5614 932 5669 instar
962 5629 1282 5685 puerorum
1328 5613 1402 5670 ad
1447 5612 1680 5671 ludicra
1722 5613 2038 5686 currebat;

2149 5522 2365 5598 κλήτῳ³
2425 5525 2583 5580 πέντε
2641 5521 2699 5579 δὲ
2757 5522 2889 5579 ἐτῶν
2951 5524 3235 5600 ὑπάρχων,
3288 5524 3354 5579 τὰ
3426 5527 3536 5579 τῶν
3612 5523 3806 5598 ἱερέων

2148 5614 2402 5690 ἐπειρᾶτο
2428 5610 2722 5671 ἐπιτελεῖν.
2754 5612 2835 5671 Οὐ
2865 5614 2993 5690 γὰρ,
3041 5613 3114 5677 ὡς
3164 5613 3217 5670 οἱ
3265 5607 3398 5687 νέοι,
3431 5612 3511 5677 ιῖς
3557 5611 3625 5669 τὰ
3673 5613 3808 5670 παί-
