4114 6306
214 407 307 470 309
1553 397 2078 459 FEBRUARIUS.
3441 404 3561 464 310

209 560 307 613 γνια
332 536 548 611 ἔτρεχενε
580 533 905 610 ἐδυσχέρανε
931 531 987 589 δὲ
1043 534 1078 602 ἡ
1139 533 1323 606 μήτηρ
1378 529 1563 601 αὐτοῦ,
1610 530 1698 585 διὰ
1743 531 1792 586 τε

1923 533 2034 588 etsi
2067 549 2217 605 aagre
2247 533 2308 588 id
2327 534 2510 590 ferret
2537 536 2663 607 ejus
2695 541 2885 591 mater
2914 541 3154 608 propter
3183 536 3563 594 immaturam

209 625 304 681 νέον
330 628 416 694 τῆς
438 624 670 694 ἡλικίας.
723 624 874 679 Μετᾶ
931 620 987 676 δὲ
1040 621 1298 688 τελευτὴν
1357 618 1590 689 ἐκείνης,
1644 615 1792 681 ἐδόθτ

1914 623 2083 693 pueri
2115 628 2371 681 mtatem.
2406 627 2632 680 Mortua
2663 631 2856 680 autem
2890 631 3097 686 matre,
3138 629 3498 682 monasterio
3530 645 3564 683 a

212 718 293 771 61:6
319 717 622 787 τοῦπατρὸς
663 713 739 776 εἷς
805 715 1192 787 μοναστήριον,
1247 710 1334 766 καὶ
1375 708 1585 784 ἐγένετο
1640 729 1792 780 μονα-

1913 719 2078 783 patre
2112 713 2385 782 traditus,
2417 718 2744 772 monachus
2775 719 2856 772 fit.
2891 719 3155 788 Cumque
3211 717 3285 772 ad
3330 718 3559 773 virilem

207 807 302 881 χός.
331 805 425 863 Καὶ
455 806 730 879 προκόψας
783 804 859 866 εἷς
919 800 1128 877 ἄνδρας.
1187 801 1396 875 ἐγένετο
1442 799 1530 854 καὶ
1579 792 1792 874 πρεσϐύ·

1911 808 2144 857 aatatem
2177 806 2583 874 processisset,
2618 806 2706 859 vel
2731 807 2965 872 invitus,
2987 807 3297 878 presbyter
3318 807 3560 862 ordina-

206 915 350 967 τερος,
380 895 462 949 καὶ
521 896 597 967 μή
661 893 1021 968 βουλόμενος,
1079 888 1168 945 διὰ
1218 891 1316 958 τὴν
1371 887 1588 957 πολλὴν
1643 886 1792 940 αὐτοῐ

1913 896 2029 956 tur,
2061 892 2134 946 ob
2168 894 2462 965 insignem
2511 895 2698 966 ipsius
2748 896 3043 952 virtutem.
3097 897 3313 952 Videns
3358 902 3556 952 autem

208 985 388 1058 ἀρετήν,
418 982 563 1038 Ἰδὼν
598 981 656 1038 δὲ
686 985 714 1038 ὁ
746 985 923 1052 πανήρ
955 982 1119 1037 αὐτοῦ
1168 979 1340 1041 οὕτως
1395 977 1553 1032 αὐτὸν
1605 974 1792 1052 προκόι

1910 985 2078 1052 pater
2108 987 2304 1037 tantos
2337 984 2443 1038 filii
2477 1001 2842 1057 progressus,
2878 986 3003 1056 ipse
3028 987 3205 1041 etiam
3231 988 3567 1042 monachus

203 1094 385 1141 πτοντα,
410 1073 617 1149 ἐγένετο
647 1094 739 1128 και
789 1071 946 1134 αὐτὸς
1003 1071 1266 1145 μοναχὸς,
1323 1069 1413 1124 ὑπ’
1459 1065 1667 1122 ἐκείνου
1721 1064 1792 1120 ἐν·

1911 1069 2039 1123 fieri
2063 1071 2265 1138 valuit,
2302 1074 2694 1128 monasticum
2729 1090 2762 1129 a
2792 1075 2914 1128 filio
2939 1074 3203 1129 habitum
3227 1091 3564 1142 assumens,

204 1160 461 1235 διιστάμενος
498 1164 559 1217 τὸ
618 1162 770 1238 ἅγιον
841 1168 1053 1236 σχῆμα·
1113 1160 1204 1214 καὶ
1257 1157 1520 1233 γίνεταιὸ
1551 1155 1792 1232 σαρκικὸς

1908 1163 1975 1211 ut
1997 1159 2166 1230 cujus
2189 1159 2250 1214 in
2273 1177 2448 1215 carne
2473 1168 2641 1232 pater
2663 1169 2804 1220 erat.
2838 1163 2997 1217 ﬁlius
3051 1163 3108 1216 in
3143 1163 3354 1232 spiritu
3387 1168 3564 1218 esset.

201 1256 363 1328 πατὴρ,
395 1254 758 1327 πνευματικὸς
791 1254 926 1314 υἱός.
959 1255 1232 1309 Τοσοῦτον
1282 1247 1339 1303 δὲ
1385 1247 1598 1324 ἐγένετο
1647 1244 1792 1317 ἐλεή.

1908 1248 2091 1302 Tanta
2122 1266 2254 1303 vero
2300 1251 2362 1305 in
2423 1268 2711 1322 pauperes
2771 1251 3166 1306 beneﬁcentia
3218 1252 3452 1316 claruit,
3503 1258 3570 1306 ut

202 1366 307 1415 μων,
335 1342 404 1406 ὣς
431 1364 564 1398 ποτε
603 1342 1017 1417 παρερχόμενος
1077 1338 1322 1410 δέξασθαι
1378 1337 1612 1412 χρυσίου
1665 1335 1792 1390 πολ-

1908 1350 2042 1389 cum
2074 1337 2395 1408 aliquando
2426 1341 2837 1409 pertransiret,
2872 1357 3152 1410 magnum
3177 1341 3306 1394 auri
3330 1341 3570 1411 pondus

200 1432 275 1487 λοῦ
299 1431 624 1504 ἀπόδεσμον,
651 1434 738 1488 καὶ
775 1433 1019 1497 ἀκοῦσαι,
1055 1430 1136 1484 ὅτι
1168 1423 1310 1484 Λάϐε
1341 1425 1525 1494 τοῦτο,
1575 1427 1663 1480 καὶ
1714 1423 1792 1481 δὸς

1908 1427 2224 1496 acceperit,
2257 1428 2630 1498 audieritque
2691 1431 3007 1500 quemdam
3061 1430 3173 1484 sibi
3228 1431 3570 1485 dicentem:

197 1528 425 1598 πτωχοῖς·
458 1525 550 1576 καὶ
609 1524 708 1590 τῆς
768 1523 866 1594 μὲν
922 1526 1108 1598 φωνῆς
1155 1519 1402 1587 ἀκοῦσαι,
1447 1517 1536 1570 τὸν
1580 1513 1637 1570 δὲ
1685 1514 1792 1569 ἐπι-

1908 1515 2122 1586 Accipe
2156 1517 2288 1583 hoc,
2323 1525 2381 1572 et
2411 1519 2483 1573 da
2517 1520 2911 1590 pauperibus:
2967 1526 3023 1574 et
3072 1537 3274 1574 vocem
3326 1521 3568 1590 quidem

198 1609 324 1665 δόντα
351 1612 408 1666 τὸ
439 1613 671 1686 χρυσίον
709 1612 784 1683 μή
819 1607 973 1668 ἰδεῖν.
1004 1611 1262 1669 Τοιοῦτος
1298 1603 1354 1660 δὲ
1385 1605 1481 1676 ὥν,
1515 1607 1682 1681 ψήφῳ
1702 1608 1792 1657 τοῐ

1908 1603 2150 1667 audivit,
2182 1607 2582 1678 porrigentem
2608 1615 2807 1662 autem
2830 1626 3039 1664 aurum
3067 1627 3183 1663 non
3203 1609 3366 1663 vidit.
3392 1611 3568 1665 Cum-

198 1699 445 1772 βασιλέως,
475 1702 569 1755 καί
600 1707 699 1769 τῆς
732 1697 982 1769 συνόδου,
1012 1698 1213 1772 γίνεται
1245 1695 1592 1770 πατριάρχης
1647 1696 1792 1750 Κων·

1913 1709 2026 1763 que
2061 1694 2196 1748 talis
2230 1701 2546 1768 tantusque
2580 1705 2754 1762 esset,
2790 1699 3193 1769 imperatoris,
3246 1705 3306 1753 et
3353 1701 3564 1770 synodi

194 1787 678 1851 παντινουπόλεως·
713 1789 803 1844 καὶ
836 1788 1008 1850 οὕτως
1041 1785 1356 1856 ἐτελειώθη.

1908 1783 2185 1856 suffragio
2223 1793 2458 1842 creatur
2488 1787 2827 1857 patriarcha
2845 1789 3564 1859 Constantinopolitanns.

1913 1875 2105 1943 Atque
2139 1875 2298 1930 hunc
2329 1877 2391 1930 in
2423 1876 2666 1932 modum
2696 1877 2813 1932 vita
2842 1877 3080 1933 functus
3115 1884 3220 1932 est.

1836 1921 1886 1986 B

749 1952 833 2024 Τῇ
875 1949 1009 2023 αὖτῇ
1039 1949 1224 2021 ἡμέρᾳ

193 2067 358 2138 Μνήμη
415 2073 512 2136 τῆς
574 2062 729 2128 ὂσίας
806 2063 1017 2138 Μαρίας
1101 2067 1201 2130 τῆς

853 2136 1124 2211 Μαρίνου.

236 2265 286 2320 Ἦ
309 2264 422 2338 ἁγία
455 2264 646 2339 Μαρία
672 2263 904 2328 θέλουσα
934 2264 1119 2326 λαθεῖν
1150 2262 1277 2324 τοὺς
1322 2262 1664 2337 ἀνθρώπους,
1711 2265 1802 2318 καὶ

195 2358 323 2407 σῶσαι
345 2357 436 2422 τὴν
469 2356 676 2424 ἑαυτῆς
707 2355 917 2429 ψυχὴν,
950 2351 1157 2423 ἢλλαξε
1185 2354 1285 2421 τὴν
1341 2353 1642 2427 γυναικείαν
1678 2374 1802 2407 στο-

194 2443 390 2508 λήν,καῖ
419 2443 762 2516 ἐνδυσαμὲνη
807 2441 1026 2517 ἀνδρεῖα
1082 2444 1299 2514 ἱμάτια,
1347 2442 1435 2496 καὶ
1494 2443 1801 2514 μετονομά-

1310 2061 1809 2136 μετονομασθείσης

2569 1967 2791 2022 Eodem
2824 1967 2918 2023 die

1915 2069 2067 2125 18³
2129 2072 2588 2128 Commemoratio
2644 2081 2848 2130 sancta
2905 2076 3118 2136 Mariae.
3179 2090 3300 2145 quae
3355 2082 3564 2131 mutato

2329 2149 2550 2201 nomine
2578 2148 2847 2202 Martinus
2877 2147 3026 2201 dicta
3056 2152 3152 2202 est.

1982 2257 2195 2314 Sancta
2214 2261 2392 2316 Maria
2411 2262 2615 2317 volens
2643 2263 2826 2317 latere
2842 2263 3274 2328 hominibus,et
3297 2264 3560 2318 animam

1910 2359 2078 2400 suam
2109 2363 2362 2416 servare,
2398 2356 2624 2405 mutata
2663 2350 2940 2406 muliebri
2974 2351 3147 2417 stola,
3179 2351 3408 2406 virilem
3455 2352 3562 2406 ha-

1908 2432 2098 2491 bitum
2131 2441 2403 2510 sumpsit,
2437 2457 2617 2512 seque
2651 2443 2840 2512 ipsam
2894 2460 2998 2513 pro
3047 2443 3226 2497 Maria
3274 2443 3562 2497 Marinum

1907 2525 2261 2595 appellavit;
2297 2547 2534 2601 unaque
2567 2549 2700 2586 cum
2741 2539 2907 2602 patre
2953 2533 3212 2603 Eugenio
3260 2537 3562 2606 monaste-

1907 2613 2062 2668 rium
2087 2616 2375 2688 ingressa,
2409 2625 2466 2673 et
2489 2625 2659 2675 tonsa
2686 2621 2826 2675 fuit:
2853 2621 3052 2691 ibique
3087 2621 3416 2688 monachis,
3443 2637 3563 2676 una

1905 2717 2029 2756 cum
2045 2703 2327 2775 subjectis
2342 2706 2622 2763 fratribus
2637 2715 2693 2762 et
2706 2715 2872 2779 patre
2887 2709 3242 2764 inserviebat
3255 2725 3384 2764 cum
3398 2708 3561 2762 illius

1906 2807 2109 2846 sexum
2141 2797 2419 2850 monachi
2450 2798 2810 2868 ignorarent.
2844 2800 3059 2852 Verum
3083 2815 3215 2853 cum
3240 2797 3560 2870 aliquando

1906 2878 1968 2933 in
1993 2880 2250 2952 hospitio
2272 2892 2624 2954 versaretur,
2650 2893 2963 2942 accusatur
2986 2887 3235 2958 porinde
3254 2905 3321 2942 ac
3353 2888 3401 2941 si
3433 2893 3556 2940 slu-

1905 2985 2078 3039 prum
2103 2970 2240 3026 filiae
2263 2973 2512 3044 hospitis
2547 2975 2864 3032 inlulisset.
2899 2977 3055 3031 Tulit
3085 2977 3189 3032 illa
3211 2976 3552 3047 aequissimo

194 3064 446 3144 πανδοχὲως
488 3071 786 3145 θυγατὲρα.
850 3069 944 3124 Καὶ
987 3063 1387 3140 καταδεξαμένη
1439 3069 1498 3122 τὸ
1550 3065 1784 3134 ὄνειδος,

1908 3059 2104 3114 animo
2137 3060 2465 3128 infamiam,
2501 3069 2558 3119 et
2589 3066 2747 3136 quod
2779 3083 2897 3120 non
2928 3072 3192 3138 patrarat
3222 3070 3553 3137 peccatum,

190 3153 339 3220 ἦνοόκ
363 3159 664 3233 εἰργάσατο,
718 3158 980 3232 ἁμαρτίαν
1043 3155 1315 3233 ὁμολογεῖ
1363 3161 1623 3227 ποιῆσαι.
1689 3145 1792 3214 Καἶ

1908 3148 2176 3205 confessa
2199 3157 2288 3206 est
2305 3169 2364 3206 se
2389 3152 2620 3210 fecisse.
2638 3157 2829 3220 Quare
2853 3162 3016 3211 extra
3029 3156 3375 3211 monasterii
3398 3156 3554 3210 fores

187 3248 256 3297 τοῦ
279 3247 504 3312 πυλῶνος
536 3243 897 3316 ἐκϐληθεῖσα,
957 3253 1103 3322 τρεῖς
1151 3247 1392 3321 χρόνους
1442 3242 1543 3320 ἔξω
1589 3245 1784 3302 ταλαι-

301 3341 320 3350 -
450 3337 463 3350 .
589 3337 601 3350 .
885 3337 898 3350 ι
1072 3334 1119 3350 ς..
1265 3336 1291 3350 ..
1493 3336 1505 3350 ,
1609 3334 1632 3350 ,ο

1908 3237 2114 3307 ejecta,
2149 3245 2268 3295 tres
2299 3258 2488 3297 annos
2518 3243 2596 3298 ibi
2648 3244 2708 3298 in
2771 3247 3052 3301 aerumnis
3110 3247 3246 3317 egit,
3305 3261 3556 3317 puerum

1906 3330 2236 3399 enutriens,
2273 3332 2442 3401 quasi
2474 3333 2636 3387 illius
2667 3341 2836 3404 pater
2867 3341 3040 3390 esset.
3079 3335 3301 3390 Deinde
3333 3336 3395 3389 in
3428 3353 3556 3390 mo-

1900 3420 2230 3474 nasterium
2261 3438 2397 3475 cum
2428 3439 2612 3492 puero
2649 3424 2927 3490 admissa,
2973 3426 3150 3496 paulo
3182 3431 3315 3496 post
3346 3443 3413 3480 ex
3447 3426 3557 3480 hac

1899 3509 2016 3562 vita
2047 3508 2324 3576 decessit,
2359 3517 2418 3565 et
2447 3529 2566 3577 res,
2602 3514 2684 3567 uti
2718 3520 2881 3585 gesta
2913 3515 3122 3578 fuerat,
3156 3516 3383 3585 patuit:
3416 3532 3554 3570 nam

1898 3597 2150 3667 hOSpitis
2173 3599 2295 3654 ﬁlia
2318 3616 2349 3654 a
2367 3601 2662 3656 daemonio
2694 3604 3348 3673 correpta.clamabat,a
3363 3605 3554 3658 milite

1900 3687 2178 3756 quodam,
2213 3705 2333 3743 non
2361 3706 2395 3744 a
2424 3691 2645 3745 Marino
2693 3708 2755 3746 se
2801 3693 3058 3748 vitiatam
3111 3694 3315 3773 fuisse.
3364 3696 3554 3759 Quare

1899 3776 2290 3847 obstupefacti
2321 3795 2550 3849 omnes,
2586 3781 3066 3852 gloriﬁcaverunt
3101 3785 3300 3840 Deum.

192 2551 292 2584 om
316 2533 490 2602 δαυτήν
525 2536 778 2606 Μαρῖνον
811 2533 927 2587 ἀντί
960 2530 1189 2598 Μαρίας,
1227 2532 1360 2602 μετᾶ
1384 2535 1483 2585 τοῦ
1516 2529 1660 2585 ἰδίου
1691 2552 1798 2586 πα-

191 2623 571 2697 τρόςεῦγενίου,
610 2623 859 2692 εἰσῆλθεν
918 2621 969 2676 ἐν
1018 2625 1380 2694 μοναστηρίῳ,
1435 2623 1523 2676 καὶ
1581 2621 1798 2677 ἀπεκεί-

196 2729 308 2782 ρατο·
351 2713 424 2768 καὶ
472 2711 743 2769 ἐδούλευε
804 2711 937 2785 μετὰ
965 2715 1072 2766 τῶν
1129 2712 1499 2766 ὑποτακτιτῶν
1550 2708 1800 2787 ἀδελφῶν

193 2806 288 2859 τοῖς
317 2810 578 2880 μοναχοῖς,
640 2803 754 2876 ἅμα
810 2807 890 2872 τῷ
947 2802 1137 2874 πατὲρι
1200 2800 1392 2870 αὐτῆς,
1453 2801 1794 2877 ἀγνοουμένη

209 2888 325 2960 παρᾶ
344 2897 426 2944 τῶν
458 2896 750 2966 μοναχῶν,
784 2889 867 2945 ὅτι
895 2893 1032 2964 γυνὴ
1065 2889 1154 2958 ἦν’
1188 2888 1239 2944 ἐν
1273 2894 1371 2962 μιᾷ
1428 2887 1518 2944 οὖν
1576 2890 1799 2963 μείνασα

205 2974 316 3048 ἐντῴ
331 2980 642 3057 πανδοκείῳ,
679 2975 1059 3048 διαϐάλλεται,
1086 2979 1162 3039 ὡς
1193 2976 1544 3056 διαφθείρασα
1571 2981 1672 3048 τήν
1701 2983 1798 3034 τοῦ

187 3341 416 3406 πωρεῖται,
446 3337 787 3414 ἐκτρέφουσα
845 3337 908 3392 τὸ
965 3334 1204 3403 παιδίον,
1261 3336 1393 3410 ὅπερ
1451 3336 1550 3390 οὐκ
1608 3334 1787 3392 ἔσπει-

184 3442 261 3492 ρεν·
293 3424 506 3502 Ἐδέχθη
544 3425 612 3482 δὲ
643 3426 719 3490 εἰς
748 3429 847 3496 τὴν
912 3428 1106 3498 μονὴν,
1163 3425 1251 3480 καὶ
1299 3425 1594 3496 ἠκολούθει
1649 3429 1786 3501 αὐτῇ

175 3532 216 3565 το
243 3514 438 3571 παιδίον
470 3517 637 3589 ἄρσεν
669 3517 944 3592 ὑπάρχον.
981 3517 1126 3573 Μετᾶ
1174 3514 1230 3570 δὲ
1283 3516 1544 3584 τελευτήν
1595 3516 1785 3586 αὐτῆς,

180 3601 481 3680 ἀπεκαλύφθη
516 3607 590 3661 τὸ.
646 3607 764 3660 κατ’
818 3605 1004 3673 αὐτήν.
1071 3606 1167 3660 Καὶ
1226 3607 1261 3675 ἡ
1318 3609 1415 3660 τοῦ
1471 3603 1787 3682 πανδοχέως

173 3693 384 3766 θδγάτηρ,
418 3698 521 3752 ὑπὸ
556 3695 821 3769 δαίμονος
856 3695 1214 3767 ἐλαυνομένη,
1277 3689 1408 3750 ἐϐόα
1465 3696 1568 3750 ὑπὸ
1620 3717 1785 3770 στρα-

172 3783 328 3837 τιώτου
352 3787 493 3848 τινὸς
526 3783 899 3860 διαφθαρῆναι
929 3785 1019 3839 καὶ
1053 3784 1162 3859 οὐχ
1212 3784 1314 3839 ὑπὸ
1361 3789 1460 3840 τοῦ
1513 3784 1782 3853 Μαρίνου·

169 3870 232 3923 ui
256 3875 615 3948 θαυμάσαντες
646 3875 864 3943 πάντες,
889 3871 1140 3944 ἐδόξασαν
1169 3874 1263 3928 τὸν
1296 3873 1449 3931 Θεόν.

693 3993 874 4048 ΜΗΝΙ
910 3993 1002 4048 ΤΩ
1041 3991 1240 4048 ΛΥΤΩ.

926 4125 1004 4182 Il"

267 4247 457 4320 Μνήμη
490 4249 594 4302 τοῖ’)
630 4244 781 4300 ὀσίου
816 4243 1023 4318 Ηατρὸς
1059 4243 1219 4316 ἡμῶν
1254 4245 1638 4321 Μαρτινιανοῢ.

225 4395 272 4452 ’0
318 4399 464 4472 ἅγιος
531 4395 896 4472 Μαρτινιανὸς
947 4397 1016 4466 ἦν
1075 4396 1185 4451 ἀπὸ
1271 4395 1596 4471 Καισαρείας
1676 4402 1786 4465 τῆς

178 4481 514 4558 Πιλιιστίνης·
602 4487 894 4562 γενόμενος
953 4482 1012 4540 δὲ
1073 4485 1337 4561 μοναχὸς,
1395 4483 1670 4559 ἡσύχαζεν
1731 4484 1784 4539 ἐν

177 4577 256 4633 797—:
279 4572 436 4646 ὄρεσι.
471 4578 581 4632 Καὶ
635 4574 1034 4649 πληρώσαντος
1083 4575 1248 4630 αὐτοῦ
1299 4574 1351 4629 ἐν
1401 4575 1470 4646 τῇ
1517 4575 1789 4646 ἀσκητικῇ

2450 3983 2697 4040 EODEM
2747 3984 3000 4040 MENSE.

2444 4101 2547 4156 Die
2579 4101 2810 4158 decima
2839 4102 3011 4158 tertia

1997 4214 2153 4271 484
2185 4215 2654 4346 Commemorat?
2674 4222 2852 4304 sancti
2881 4222 3061 4276 Patris
3090 4220 3268 4277 nostri
3303 4223 3454 4277 Mar-

2638 4309 2838 4346 imam.

2638 4309 2838 4347 imam.

1971 4402 2221 4460 Sanctus
2239 4406 2624 4462 Martinianus
2638 4409 2917 4464 Caesarem
2933 4409 2994 4463 in
3011 4409 3323 4464 Palaestina
3352 4413 3552 4475 natus,

1899 4495 2292 4550 monasticam
2322 4497 2500 4551 vitam
2533 4499 2887 4568 suscipiens,
2923 4499 2980 4552 in
3007 4505 3235 4552 montes
3269 4498 3552 4551 secessit:

1899 4597 2156 4653 cumque
2189 4599 2377 4638 annos
2409 4586 2611 4656 viginti
2645 4587 2990 4656 quinquein
3022 4586 3300 4651 religiosa
3332 4585 3554 4639 exerci-

179 4660 378 4736 τνλιτεία
406 4665 502 4733 ἔτη
539 4663 898 4731 εἶκοσιπὲντε,
952 4664 1241 4738 ἐπειράσθη
1299 4664 1402 4718 ὑπὸ
1451 4667 1549 4719 τοῦ
1597 4658 1781 4718 διαὸόο

1908 4670 2118 4725 tatione
2151 4673 2390 4744 egisset,
2423 4690 2456 4728 a
2489 4673 2724 4728 diabolo
2771 4681 3029 4729 tentatus
3075 4675 3200 4728 fuit.
3255 4676 3398 4729 Nam
3431 4689 3556 4728 me-

187 4746 276 4808 λου.
299 4750 702 4825 ’Υποϐληθεῖσα
732 4755 836 4830 γὰρ
871 4755 976 4808 ὑπὸ
1017 4757 1275 4822 πονηρῶν
1329 4752 1626 4828 ἀνθρώπων
1657 4755 1797 4828 πόρ-

182 4859 228 4906 νη
251 4862 336 4909 τις,
368 4845 456 4899 καὶ
508 4844 754 4920 πενιχρᾶ
807 4844 1078 4920 φορέσασα
1131 4844 1346 4916 ἱμάτια,
1393 4842 1608 4912 ἀπῆλθε
1655 4842 1794 4918 πρὸς

183 4924 300 4981 καὶτὸν
343 4933 562 5000 νυκτὸς,
624 4932 697 4992 ὡς
757 4928 916 4999 δῆθεν
971 4929 1280 4984 ὀιπυλέσασα
1335 4932 1436 5000 τήν
1497 4927 1644 4998 ὁδὸν,
1703 4929 1794 4988 καὶ

185 5009 278 5071 ἒῧὸα
301 5021 507 5094 ἀνοῖξαι
539 5021 607 5075 τὸ
635 5019 859 5076 κελλίον
890 5020 983 5074 καὶ
1025 5016 1265 5092 δέξασθαι
1323 5021 1516 5088 αὐτὴν,
1571 5018 1662 5076 ’ίνα
1714 5023 1790 5095 μὴ

187 5101 329 5179 βιωθῇ
358 5111 459 5164 ὑπὸ
494 5109 725 5184 θηρίων·
759 5111 850 5164 ὅτε
880 5106 938 5164 δὲ
981 5108 1203 5178 εἰσῆλθε
1253 5106 1342 5164 διὰ
1389 5111 1582 5175 νυκτὸς
1631 5112 1791 5188 φορέ-

190 5211 290 5250 σισα
337 5201 431 5267 τήν
492 5200 766 5274 πορνικήν
823 5195 1050 5268 στολὴν,
1110 5196 1174 5267 ἢν
1243 5193 1522 5269 ἐϐάσταζε,
1608 5199 1795 5275 λόγοις

189 5294 423 5354 πορνικοῖς
507 5289 975 5363 καταχαυνώσασα
1053 5287 1145 5342 τὸν
1231 5287 1410 5362 ἅγιον,
1487 5287 1792 5358 ἐξεκαλεῖτο

193 5373 293 5441 πρὸς
324 5378 485 5448 μίξιν.
550 5378 612 5433 Ὁ
670 5375 727 5431 δὶ
782 5377 889 5451 πρὸ
945 5380 1040 5431 τοῦ
1093 5373 1500 5451 διαπράξασθαί,
1558 5399 1632 5445 τι,
1696 5400 1793 5452 με-

521 5465 614 5520 καὶ
702 5465 904 5537 ἀνάψας
988 5464 1248 5542 φρύγανα,
1321 5465 1537 5534 εἰσῆλθε
1629 5471 1789 5540 μέσον

193 5553 502 5630 τῆςῳλογὸς,
544 5557 632 5610 καὶ
690 5551 847 5628 ἔλεγε
903 5555 1039 5630 πρὸς
1094 5555 1302 5610 ἑαυτόν·
1359 5557 1584 5611 Ταπεινὲ
1640 5562 1788 5629 Μαρ-

193 5644 362 5712 τινιανὶ,
392 5645 439 5698 εὶ
470 5642 696 5700 δύνασαι
727 5645 791 5699 τὸ
820 5650 920 5712 τῆς
980 5643 1258 5707 κολάσεως
1317 5648 1424 5719 πῦρ
1477 5646 1788 5718 ὑπομεῖναι,

200 5728 380 5800 ποίησον
435 5733 527 5789 καὶ
578 5735 675 5803 τήν
734 5732 1024 5808 ἁμαρτίαν.
1107 5734 1204 5790 Καὶ
1291 5730 1433 5790 οὕτω
1503 5737 1788 5800 κατακαεὶς

192 5467 406 5533 τινοήσας
417 5509 431 5534 ,

1906 4759 2088 4813 retrix
2119 4761 2391 4829 quaedam
2423 4777 2457 4815 a
2488 4761 2732 4831 perditis
2760 4762 3104 4817 hominibus
3126 4763 3467 4820 subornata.
3493 4781 3558 4818 ac

1903 4848 2005 4901 vili
2037 4853 2194 4902 veste
2227 4849 2454 4915 induta,
2488 4856 2665 4904 noctu
2718 4852 2791 4905 ad
2851 4852 3040 4921 ipsum
3093 4855 3273 4916 venit,
3327 4856 3494 4924 quasi
3527 4870 3561 4908 a

1905 4938 1998 4992 via
2022 4937 2376 5004 aberrasset,
2410 4944 2468 4993 et
2493 4939 2752 4994 clamare
2785 4941 2978 5011 carpit,
3013 4948 3077 4996 ut
3107 4942 3319 4997 cellam
3361 4945 3560 5014 aperi-

1903 5032 2015 5093 ret,
2039 5027 2349 5097 ipsamque
2381 5028 2739 5088 admitteret.
2773 5047 2847 5085 ne
2874 5048 2907 5085 a
2936 5030 3077 5086 feris
3127 5032 3556 5088 dilaniaretur:

1903 5132 2158 5186 cumque
2179 5116 2444 5188 ingressa
2465 5117 2693 5183 fuisset,
2719 5119 2934 5174 stolam
2955 5122 3352 5178 meretriciam
3379 5128 3559 5177 noctu

1902 5221 2132 5276 gerens,
2168 5206 2372 5261 multis
2401 5207 2714 5264 verborum
2768 5209 3081 5265 lenociniis
3131 5211 3383 5266 delinire
3429 5212 3559 5266 ani-

1903 5310 2067 5347 mum
2101 5296 2289 5349 sancti
2339 5297 2441 5350 viri
2488 5298 2806 5369 satagebat,
2841 5305 3016 5370 atque
3041 5300 3113 5354 ad
3136 5300 3348 5356 fmdam
3365 5300 3560 5354 libidi-

1903 5400 2039 5437 nem
2056 5383 2356 5452 pellicere.
2382 5388 2591 5440 Verum
2616 5388 2716 5441 ille
2737 5395 3057 5459 antequam
3083 5390 3406 5460 quidquam
3432 5408 3561 5460 per-

1907 5475 2150 5529 ﬁceret:
2185 5476 2542 5546 resipscens.
2577 5479 2880 5534 succensis
2941 5482 3280 5538 sarmentis.
3317 5482 3374 5534 in
3426 5499 3559 5535 me—

1901 5562 2058 5618 diam
2119 5581 2179 5618 se
2238 5565 2542 5621 ﬂammam
2601 5569 2877 5636 conjecit,
2962 5569 3071 5622 sibi
3129 5569 3253 5638 ipse
3309 5570 3551 5624 dicens:

1901 5651 2110 5708 Infelix
2142 5655 2510 5720 Martiniane,
2546 5657 2593 5710 si
2627 5665 2792 5728 potes
2824 5658 2976 5728 ignis
3008 5674 3240 5727 poenam
3265 5658 3550 5726 perferre,

1900 5743 2203 5799 committe
2237 5750 2564 5814 peccatum.
2599 5747 2788 5815 Atque
2820 5747 2902 5799 ita
2933 5745 3259 5812 ambustus,
3295 5745 3549 5815 impudi-
