4112 6308
449 335 562 396 3H

1759 329 2186 392 MENOLOGIl
2227 329 2435 394 PARS
2479 331 2555 392 II.

3742 332 3872 392 312

452 483 584 523 eam
604 465 890 521 feminam
911 464 1168 537 impulit,
1183 468 1249 520 ut
1268 463 1342 520 ad
1355 463 1784 520 continentiam
1799 479 2101 528 conversa,

2234 459 2391 516 ἷπεισε
2443 460 2533 516 καὶ
2584 462 2683 530 τήν
2736 465 2958 537 γυναῖκα
3009 466 3382 537 σωφρονῆσαι,
3444 459 3535 514 καὶ
3594 462 3876 530 σωθῆναι.

455 557 633 613 saluti
665 573 786 610 suae
818 555 1176 610 consuleret.
1201 556 1331 625 Ipse
1358 571 1490 608 vero
1516 552 1653 608 inde
1685 553 1938 623 fugiens,
1965 552 2106 607 etin

457 646 768 717 sc0pulum
801 645 996 700 medio
1031 645 1291 716 positum
1322 644 1469 698 mari
1501 643 1822 714 profectus,
1875 642 1954 696 ibi
1997 643 2095 697 ite-

456 752 590 791 rum
625 739 907 802 tentatus,
941 734 1277 805 iterumque
1304 733 1488 788 victor
1549 732 1858 800 exsistens,
1893 731 1966 787 ad
1998 735 2106 786 Do-

457 825 689 880 minum
718 823 1005 896 migravit.

1109 940 1328 996 Eodem
1357 939 1452 996 die

533 1060 686 1116 185
722 1059 1012 1114 Certamen
1041 1065 1356 1113 sanctorum
1391 1058 1634 1128 Aquilae,
1667 1063 1717 1113 et
1742 1057 2035 1112 Priscilla".

531 1176 780 1231 Sanctus
798 1175 1009 1246 Aquila
1023 1173 1508 1230 scenofactoriam
1525 1173 1781 1244 primum
1802 1171 2114 1227 exercebat

460 1270 668 1332 artem,
695 1264 966 1318 ethnicus
989 1262 1361 1334 quidem,sed
1389 1261 1855 1333 propensissimo
1878 1276 2114 1331 semper

459 1354 522 1408 in
555 1368 845 1424 pauperes
877 1351 1100 1419 animo,
1159 1356 1225 1406 ut
1283 1350 1536 1414 lucrum,
1596 1349 1753 1419 quod
1806 1365 1875 1404 ex
1933 1364 2112 1419 Opere

460 1457 744 1497 manuum
777 1439 1176 1511 comparabat,
1211 1439 1271 1493 in
1304 1454 1594 1510 pauperes
1615 1437 1919 1492 divideret.
1939 1437 2111 1490 Cum-

461 1547 573 1601 que
605 1530 824 1584 famam
877 1528 1129 1599 apostoli
1179 1527 1343 1581 Pauli
1392 1526 1689 1580 Christum
1733 1524 2114 1597 praedicantis

463 1619 748 1689 audisset,
783 1636 918 1673 eum
950 1618 1094 1673 adiit
1123 1633 1246 1672 una
1275 1633 1406 1670 cum
1444 1631 1624 1670 uxore
1658 1631 1764 1669 sua
1821 1613 2111 1679 Priscilla,

465 1716 748 1781 tanquam
778 1708 1045 1780 ejusdem
1078 1708 1222 1764 artis
1253 1707 1650 1778 professorem
1675 1721 1686 1761 :
1724 1711 1850 1760 erat
1871 1705 2031 1760 enim
2057 1708 2116 1758 et

465 1800 593 1870 ipse
617 1798 1058 1854 scenofactoriae
1090 1797 1233 1852 artis
1260 1813 1272 1851 :
1307 1795 1615 1867 edoctique
1648 1795 1720 1850 ab
1752 1812 1819 1849 eo
1867 1794 2110 1849 verbum
2142 1836 2188 1900 Β

465 1889 749 1954 veritatis,
782 1887 1055 1958 baptizati
1089 1893 1244 1950 sunt,
1279 1902 1460 1956 seque
1491 1885 1576 1939 illi
1633 1884 1878 1939 comites
1910 1889 1968 1939 et
1999 1882 2110 1937 mi-

465 1977 1075 2048 nistros,quocunque
1097 1980 1384 2048 pergeret,
1417 1974 1836 2046 adjunxerunt,
1871 1971 2108 2027 easdem

465 2084 598 2122 cum
631 2083 697 2123 eo
731 2066 1036 2121 molestias
1059 2072 1117 2119 et
1138 2063 1517 2120 incommoda
1538 2063 1878 2118 subeuntes.
1902 2063 2113 2127 Quam-

464 2156 667 2211 obrem
699 2157 1082 2210 vehementer
1111 2154 1318 2209 dilexit
1357 2169 1455 2209 eas
1501 2169 1751 2225 magnus
1795 2151 2114 2223 Apostolus

465 2245 536 2300 ob
569 2246 808 2299 illorum
839 2245 1138 2311 virtutem,
1169 2243 1468 2314 ﬁdemque
1502 2243 1562 2295 in
1585 2242 1905 2308 Christum,
1935 2241 2019 2294 ita
2050 2243 2117 2293 ut

463 2351 672 2390 eorum
705 2335 1068 2390 mentionem
1107 2333 1314 2388 fecerit
1359 2333 1420 2386 in
1471 2332 1593 2386 suis
1637 2330 1936 2402 Epistolis.
1982 2333 2119 2383 Post

465 2430 718 2480 mortem
751 2439 884 2478 vero
907 2421 1195 2494 Apostoli,
1226 2438 1361 2476 cum
1383 2421 1680 2475 Christum
1704 2419 1969 2491 proﬁteri
1993 2434 2116 2472 non

467 2513 844 2580 desisterent,
893 2511 1147 2583 correpti
1206 2511 1277 2566 ab
1335 2509 1689 2578 idololatris,
1746 2514 1881 2580 post
1931 2507 2121 2564 multa

468 2606 764 2658 tormenta
791 2600 1068 2657 decollati
1101 2603 1258 2655 sunt.

1125 2866 1344 2923 Eodem
1377 2866 1470 2922 die

475 2985 629 3040 186
691 2983 1140 3039 Commemoratio
1191 2984 1370 3108 sandcti
1423 2980 1650 3051 Eulogii
1701 2980 1943 3052 episcopi
1995 2980 2121 3036 Ale-

1157 3071 1270 3108 man
1307 3070 1433 3108 nae.

1157 3070 1412 3108 ωαηανιω
1421 3097 1433 3109 .

547 3215 967 3270 Sanctissimus
994 3224 1052 3270 et
1080 3230 1330 3286 magnus
1383 3215 1555 3269 Pater
1601 3218 1806 3269 noster
1847 3213 2126 3286 Eulogius
2158 3203 2200 3269 C

475 3304 846 3359 Alexandriaa
878 3303 1188 3374 episcopus
1248 3303 1375 3358 fuit.
1432 3303 1698 3358 Heraclio
1751 3303 2128 3373 imperatore,

477 3399 614 3448 ante
647 3399 916 3448 sanctum
947 3394 1234 3447 Joannem
1266 3392 1817 3463 Eleemosynarium
1844 3408 1856 3446 :
1895 3392 1968 3446 ob
1995 3408 2131 3447 suas

479 3489 676 3537 autem
709 3483 974 3546 virtutes,
1007 3488 1066 3535 et
1095 3498 1249 3551 eam,
1282 3498 1461 3552 quam
1493 3483 1648 3552 apud
1701 3483 1886 3536 Deum
1915 3482 2135 3537 inierat

478 3572 752 3643 gratiam,
785 3571 974 3626 multa
1026 3570 1313 3625 miracula
1371 3570 1577 3638 edidit,
1637 3571 1696 3625 in
1752 3571 1967 3641 quibus
2020 3571 2133 3626 hoc

478 3660 1070 3715 commemorandum
1101 3660 1348 3715 videtur.
1384 3663 1525 3715 Nam
1558 3676 1688 3714 cum
1721 3661 2133 3716 sanctissimus

481 3749 961 3820 archiepiscopus
995 3750 1104 3805 Leo
1137 3749 1451 3821 epistolam
1485 3750 1962 3821 conscripsisset,
2013 3766 2134 3820 qua

483 3844 703 3893 statuta
730 3838 935 3910 synodi
960 3838 1460 3893 Chalcedonensis
1476 3838 1949 3905 commendabat,
1971 3855 2134 3894 eam-

480 3943 595 3996 que
624 3934 864 3981 sanctus
891 3927 1170 3998 Eulogius
1193 3927 1453 4000 legisset,
1481 3944 1596 3982 non
1616 3927 1791 3982 modo
1819 3927 1983 3982 illam
2007 3928 2130 3982 lau-

481 4015 725 4078 davit,et
749 4016 1038 4086 suscepit;
1067 4016 1166 4070 sed
1190 4017 1533 4071 columnam
1565 4018 1743 4071 etiam
1769 4016 2132 4071 orthodoxiaa

481 4103 820 4172 appellavit,
853 4103 1253 4174 omnibusque
1286 4104 1645 4175 praedicavit.
1695 4104 1905 4159 Volens
1936 4111 2134 4159 autem

476 4192 631 4244 Deus
662 4191 897 4260 utrique
930 4192 1198 4261 pontiﬁci
1233 4193 1520 4248 honorem
1553 4192 1937 4260 facere,misit
1957 4209 2133 4264 ange-

478 4279 598 4333 lum
634 4279 872 4352 utrique
895 4280 1163 4350 pontiﬁci
1194 4280 1484 4335 honorem
1516 4282 1730 4349 facere,
1765 4281 1928 4336 misit
1957 4298 2133 4353 ange-

477 4368 601 4423 lum
635 4385 830 4436 suum,
864 4369 1058 4439 quiin
1119 4369 1305 4441 ﬁgura
1363 4376 1422 4424 et
1478 4371 1673 4441 specie
1730 4370 2133 4425 archidiaconi

479 4458 669 4513 sancti
695 4459 925 4525 Leonis,
957 4459 1177 4531 gratias
1208 4465 1410 4531 ageret
1439 4465 1642 4514 sancto
1675 4459 1942 4530 Eulogio,
1976 4458 2134 4530 quod

2216 551 2315 607 Καῖ
2353 550 2557 628 φυγὼν,
2590 548 2828 605 ἀπελθὼν
2864 548 2940 612 είς
2992 550 3188 624 πέτραν
3243 549 3399 622 μέσον
3459 550 3559 619 τῆς
3592 548 3880 619 θαλάσσης

2215 640 2380 697 πάλιν
2414 641 2728 717 ἐπειράσθη·
2762 642 2851 696 καὶ
2884 642 3026 697 οὕτω
3083 641 3474 718 πειραζόμενος
3528 641 3619 695 καὶ
3675 647 3873 710 νικῶν,

2214 733 2352 808 πρὸς
2382 733 2510 788 Θεὸν
2541 729 2690 804 ὲξεδή
2704 753 2891 806 μησεν.

2782 941 2864 1011 Τῇ
2917 937 3056 1011 αὕτῇ
3114 934 3296 1011 ἡμέρᾳ

2360 1051 2630 1123 Ἀθλησις
2658 1057 2767 1108 τῶν
2800 1053 2966 1128 ἁγίων
3001 1051 3207 1110 ’Δκύλα
3240 1052 3328 1107 καὶ
3360 1051 3723 1128 ΙῙρισκίλΑης.

2289 1170 2511 1244 Οόἰγιος
2540 1167 2777 1230 Ἀκύλας
2839 1167 3177 1242 σκυτοτόμος
3241 1168 3334 1240 μὶν
3382 1169 3447 1237 ἦν
3505 1169 3605 1238 τήν
3663 1167 3878 1244 τέχνην

2217 1258 2499 1334 πρότερον·
2534 1257 2746 1328 Ἕλλην
2807 1255 2863 1312 δὲ
2921 1258 3207 1332 ὑπάρχων,
3266 1258 3420 1330 ὅμως
3479 1264 3577 1326 τῆς
3631 1255 3878 1330 ἐλεημο-

2219 1348 2383 1418 σύνης
2415 1347 2503 1402 καὶ
2552 1353 2653 1416 τῆς
2700 1347 2837 1419 πρὸς
2894 1346 3023 1410 τοὺς
3078 1348 3338 1420 πτωχοὺς
3400 1347 3733 1419 συμπαθείας
3767 1347 3880 1402 οὐκ

2219 1436 2577 1492 ἐπελαθανετο
2604 1454 2617 1467 '
2671 1434 2799 1492 ἀλλ’
2840 1434 2938 1490 εἴτι
2971 1433 3254 1510 ἐκέρδησεν
3285 1437 3344 1490 ἐκ
3395 1440 3494 1491 τοῦ
3547 1436 3876 1512 ἐργοχείρου

2220 1528 2423 1596 αὐτοῦ,
2484 1526 2726 1600 ἐμέριζεν
2780 1525 2909 1579 αὐτὸ
2961 1525 3096 1598 μετά
3150 1529 3258 1580 τῶν
3317 1529 3582 1600 πτωχῶν·
3633 1526 3869 1588 ἀκούσας

2221 1613 2278 1669 δὲ
2333 1613 2455 1690 περὶ
2512 1618 2610 1668 τοῦ
2661 1613 2974 1669 ἀποστόλου
3052 1613 3270 1668 Παύλου
3354 1613 3716 1688 κηρύττοντος
3767 1615 3865 1669 τὸν

2219 1704 2458 1779 Χριστὸν
2492 1749 2507 1771 ,
2562 1703 2778 1774 ἀπῆλθε
2844 1705 2981 1777 πρὸς
3039 1704 3228 1775 αὐτὸν,
3282 1705 3416 1776 μετά
3465 1710 3566 1774 τῆς
3623 1705 3877 1780 γυναικὸς

2219 1793 2382 1849 αὐτοῦ
2439 1790 2778 1868 Πρισκίλλης
2811 1838 2828 1865 ,
2884 1793 2959 1857 ὡς
3015 1793 3091 1856 είς
3145 1793 3471 1868 ὁμότεχνον·
3533 1793 3877 1866 σκυτοτόμος

2219 1886 2321 1959 γὰρ
2353 1885 2420 1952 ἦν
2472 1884 2559 1938 καὶ
2620 1882 2802 1944 αὐτός’
2861 1883 2950 1938 καὶ
3012 1880 3356 1958 διδαχθέντες
3415 1884 3502 1938 ὑπ’
3550 1884 3718 1939 αὐτοῦ
3774 1884 3874 1940 τὸν

2220 1973 2384 2049 λόγον
2413 1979 2513 2042 τῆς
2543 1970 2805 2043 ἀληθείας
2835 2017 2848 2042 ,
2905 1967 3304 2048 ἐϐαπτίσθησαν
3331 2015 3345 2028 .
3400 1972 3498 2028 Καὶ
3556 1973 3691 2043 ἦσαν
3743 1970 3876 2029 δου-

2221 2061 2468 2124 λεύοντες
2525 2061 2672 2133 αὐτῷ
2705 2082 2717 2096 ·
2770 2063 2858 2117 καὶ
2909 2064 3047 2118 κατά
3077 2066 3247 2117 πᾶσαν
3306 2063 3472 2118 πόλιν
3529 2063 3623 2117 καὶ
3679 2061 3876 2138 χώραν

2223 2150 2672 2221 ἀκολουθοῦντες,
2715 2151 2804 2207 καὶ
2863 2149 3364 2225 συγκινδυνεύοντες
3422 2150 3474 2206 ἐν
3509 2157 3639 2206 πᾶσι
3676 2173 3880 2228 πειρα-

2225 2245 2407 2314 σμοῖς.
2467 2244 2734 2296 Τοσοῦτον
2789 2237 2847 2296 δὶ
2890 2243 3168 2317 ἠγάπησεν
3201 2240 3396 2304 αὐτοὺς
3428 2243 3456 2296 ό
3490 2245 3655 2318 μέγας
3698 2243 3878 2298 Ἀπόο

2223 2331 2419 2392 στολος
2453 2327 2542 2384 διὰ
2563 2331 2662 2399 τήν
2697 2329 2891 2405 ἀρετὴν
2934 2332 3112 2386 αὐτῶν
3171 2331 3259 2386 καὶ
3315 2334 3414 2400 τὴν
3449 2331 3584 2407 πρὸς
3643 2333 3883 2407 Χριστὸν

2225 2419 2442 2489 πίστιν,
2501 2421 2575 2482 ὡς
2636 2419 2725 2475 καὶ
2775 2420 3140 2494 μνημονεύειν
3197 2420 3370 2476 αὐτῶν
3404 2419 3454 2475 ἐν
3509 2426 3628 2484 ταῖς
3683 2421 3886 2477 ἑαυτοῦ

2230 2510 2602 2572 Ἐπιστολαῖς·
2649 2512 2783 2584 μετά
2835 2508 2892 2566 δὲ
2950 2510 3176 2576 θάνατον
3235 2515 3333 2566 τοῦ
3395 2511 3754 2578 ’Δποστόλου,
3786 2513 3886 2566 τὸν

2228 2600 2456 2675 Χριστὸν
2534 2599 2832 2675 ὁμολογεῖν
2896 2601 2972 2673 μή
3030 2600 3410 2674 παυσάμενοι,
3499 2598 3879 2674 ἐκρατήθησαν

2234 2691 2339 2745 ὑπὸ
2392 2695 2502 2746 τῶν
2561 2687 3004 2767 είδωλολατρῶν,
3060 2690 3150 2746 καὶ
3207 2689 3393 2747 πολλᾶ
3450 2689 3883 2766 βασανὶσθέντες,

2231 2779 2506 2860 ἀπεκεφαλ
2516 2781 2738 2854 ίσθησαν
2747 2825 2761 2840 .

2800 2876 2884 2948 Τῇ
2939 2871 3076 2947 αὐτῇ
3132 2874 3316 2948 ἡμέρᾳ

2233 2989 2444 3061 Μνήμη
2502 2991 2599 3043 τοῦ
2677 2989 2834 3064 ἁγίου
2908 2987 3181 3115 Εὲόλιῗγίου
3265 2989 3564 3045 ἐπισκόπου
3632 2988 3890 3061 Ἀλεξαν-

2981 3081 3040 3115 οε
3066 3082 3127 3115 ας
3158 3103 3173 3115 .

2980 3081 3127 3135 ρειας
3158 3103 3173 3119 .

2311 3214 2599 3289 Εύλόγιος,
2661 3216 2690 3270 ὁ
2747 3216 3046 3291 ἀγιώτατος
3105 3218 3192 3273 καὶ
3228 3218 3396 3293 μέγας
3463 3222 3649 3298 Πατὴρ
3692 3224 3886 3294 ἡμῶν,

2235 3303 2530 3366 ἐπίσκοπος
2585 3305 2652 3374 ἧν
2709 3311 2810 3374 τῆς
2864 3305 3082 3370 πόλεως
3137 3307 3539 3383 Ἀλεξανδρείας
3575 3356 3590 3382 ,
3648 3309 3733 3365 ἐπὶ
3779 3318 3887 3381 τῆς

2240 3393 2515 3471 βασιλείας
2551 3392 2899 3470 Ἡρακλείου,
2956 3396 3062 3472 πρὸ
3116 3400 3214 3452 τοῦ
3279 3397 3434 3474 ἁγίου
3495 3401 3747 3456 Ἰωάννου
3783 3405 3891 3455 τοῦ

2235 3483 2563 3556 ὲλεήμονος.
2611 3484 2870 3554 Ἐποίησε
2902 3483 2960 3539 δὲ
3012 3485 3101 3540 καὶ
3162 3483 3250 3541 διὰ
3277 3489 3377 3557 τήν
3435 3489 3629 3562 ἀρετὴ)
3689 3490 3894 3558 αὐτοῦ,

2235 3573 2325 3628 καὶ
2371 3574 2470 3641 τὴν
2521 3572 2658 3646 πρὸς
2716 3574 2842 3629 Θεὸν
2903 3574 3195 3646 οἰκείωσιν,
3251 3576 3498 3650 θαύματα
3559 3577 3763 3636 πολλά.
3800 3580 3894 3652 Ἐξ

2237 3661 2309 3715 ὧν
2338 3657 2391 3715 ἓν
2425 3660 2535 3716 ἐστι
2579 3661 2669 3715 καὶ
2701 3667 2886 3716 τοῦτο·
2921 3665 3036 3720 Τοῦ
3092 3665 3395 3741 ἂγιωτάτου
3447 3665 3893 3742 ἀρχιεπισκόπου

2237 3750 2468 3814 Λέοντος
2540 3750 2952 3825 συγγράψαντος
3035 3751 3330 3823 ἐπιστολὴν
3411 3760 3737 3810 συνιστῶσαν
3785 3757 3894 3825 τὴν

2239 3837 2290 3893 έν
2325 3837 2640 3910 Χαλκηδόνι
2696 3838 2944 3908 σύνοδον,
3002 3841 3263 3918 ἀναγνοὺς
3319 3843 3547 3913 αύτήνὸ
3580 3844 3731 3920 ἃγιος
3787 3846 3896 3901 Εὐ-

2239 3923 2444 4004 λὸγιος,
2478 3928 2543 3982 οὐ
2579 3928 2742 4002 μόνον
2801 3928 3027 4004 ἐπῄνεσε
3078 3931 3168 3986 καὶ
3227 3929 3536 4003 ἀπεδέξατο,
3589 3931 3735 3988 ἀλλᾶ
3787 3938 3887 3990 καί

2238 4015 2446 4088 στήλην
2503 4016 2670 4087 αὐτῆς
2733 4015 3048 4092 ὀρθοδοξίας
3097 4017 3372 4090 καλέσας,
3423 4027 3543 4086 τοῖς
3592 4027 3754 4078 πᾶσιν
3786 4022 3886 4079 ἀνο

2238 4105 2515 4179 εκύρηξεν.
2549 4107 2605 4159 '0
2647 4103 2705 4160 δὲ
2759 4106 2889 4169 Θεὸς
2942 4105 3116 4171 θέλων
3167 4110 3488 4184 Θεραπεῦσαι
3545 4111 3897 4190 ἀμφοτέρους

2237 4195 2366 4261 τοὺς
2423 4197 2702 4273 ἀρχιερεῖς
2735 4241 2750 4268 ,
2811 4196 3047 4273 ἔπεμψεν
3110 4197 3360 4276 ἄγγελον,
3420 4202 3495 4266 ὡς
3541 4202 3592 4258 ἐν
3643 4205 3901 4278 σχήματι

2235 4290 2334 4342 τοῦ
2365 4285 2756 4363 ἀρχιδιακόνου
2786 4292 2882 4344 τοῦ
2940 4289 3094 4362 ἁγίου
3153 4289 3407 4363 Λέοντος,
3464 4291 3901 4368 εὐχαριστοῦντα

2235 4389 2317 4457 τῷ
2369 4385 2510 4458 ἁγίῳ
2571 4384 2822 4460 Εὐλογίῳ
2880 4386 3012 4459 ὑπὲρ
3089 4389 3150 4442 οὗ
3198 4385 3487 4460 ἀπεδέξατο
3543 4391 3643 4458 τὴν
3703 4388 3901 4460 δηλω-

2239 4479 2415 4538 θεῖσαν
2447 4473 2763 4546 ἐπιστολήν·
2793 4477 2821 4530 ὁ
2853 4473 2910 4530 δὲ
2940 4475 3095 4552 ἆγιος
3127 4474 3398 4554 διελέγετο
3453 4480 3627 4551 αὐτῷ,
3687 4479 3763 4542 ὡς
3796 4481 3900 4536 ἀν-

479 4555 868 4605 memoratam
885 4549 1197 4621 epistolam
1213 4550 1815 4621 excepisset.Sanctus
1827 4567 1959 4604 vero
1977 4555 2122 4621 post-

2239 4563 2465 4638 θρώπφ,
2525 4561 2629 4629 ἕως
2707 4561 2939 4641 ἄφαντος
2990 4549 3219 4640 ’ἐγένετο
3271 4549 3500 4642 ἀγγελος
3552 4549 3644 4624 ἀπ’
3690 4568 3886 4624 αὐτοῦ·

481 4657 658 4710 quam
691 4657 825 4695 cum
857 4641 982 4710 illo,
1008 4647 1291 4712 tanquam
1317 4641 1577 4706 homine,
1605 4641 1968 4711 colloquium
1992 4641 2133 4695 mis-

478 4731 716 4797 cuisset,
751 4733 961 4803 angelo
993 4749 1063 4786 ex
1092 4732 1280 4803 ipsius
1311 4732 1550 4803 aspeclu
1582 4748 1711 4787 sese
1743 4731 2130 4798 subducente,

477 4821 754 4890 cognovit
785 4838 920 4876 eum
953 4822 1054 4878 Dei
1089 4823 1364 4895 angelum
1399 4840 1550 4890 esse,
1590 4823 1893 4893 Deumque
1913 4822 2131 4894 gloriﬁ-

479 4911 652 4966 cavit.
688 4913 947 4968 Tandem
980 4915 1040 4968 in
1073 4915 1277 4969 multis
1311 4920 1426 4970 Deo
1459 4914 1741 4984 serviens,
1775 4915 2048 4970 decessit.

941 5033 1282 5089 187-188
1317 5033 1537 5088 Eodem
1571 5034 1665 5088 die

476 5118 930 5177 Commemoratio
955 5121 1134 5177 sancti
1150 5125 1346 5247 galtrligs
1392 5125 1566 5177 nostri
1612 5124 1838 5179 Joannis
1885 5122 2130 5194 episcOpi

1197 5211 1228 5248 ο
1255 5211 1288 5248 u
1330 5196 1425 5248 oti.

1197 5211 1425 5266 etyoon.

1209 5282 1404 5336 Deest.

1041 5371 1281 5425 EODEM
1320 5371 1574 5425 MENSE.

998 5468 1099 5523 Die
1132 5467 1364 5523 decima
1393 5473 1605 5538 quarta

547 5558 795 5614 Sanctus
809 5559 980 5614 Pater
992 5564 1195 5615 noster
1209 5561 1531 5615 Auxentius
1544 5558 1871 5614 Theodosio
1887 5560 2124 5616 Juniore

474 5649 833 5724 imperante,
866 5650 928 5705 in
958 5652 1186 5708 oriente
1209 5657 1404 5721 natus,
1430 5667 1563 5706 cum
1589 5650 1916 5706 scholarius
1942 5651 2127 5723 digni-

2239 4651 2328 4706 καὶ
2383 4653 2544 4728 γνοὺς
2600 4653 2682 4708 ὅτι
2738 4654 2964 4730 ἄγγελος
3021 4660 3156 4711 Θεοῦ
3211 4657 3278 4726 ἦν
3315 4702 3329 4726 ,
3383 4655 3624 4730 ἐδόξασεν
3700 4657 3892 4713 αὐτόν·

2239 4741 2327 4797 καὶ
2357 4746 2453 4796 τοῦ
2521 4741 2718 4799 λοιποῦ
2774 4742 2825 4797 ἐν
2881 4744 3121 4808 πολλοῖς
3180 4746 3307 4801 Θεὸν
3367 4747 3718 4822 θεραπεύσας,
3779 4746 3904 4804 ἐτε-

2241 4829 2470 4902 λειώθη.

2806 4952 2884 5024 Τῇ
2945 4949 3079 5024 αὖτῇ
3138 4951 3322 5028 ἡμέρᾳ

2235 5038 2442 5110 Μνήμη
2473 5041 2570 5093 τοῦ
2601 5037 2652 5094 ἐν
2695 5037 2870 5116 ἀγίοις
2929 5043 3152 5170 Πατρὶὸὲ
3195 5045 3354 5116 ἡμῶν
3386 5043 3635 5100 Ἰωάννου
3665 5042 3904 5102 ἐπισκό-

2812 5132 2920 5168 που
2965 5119 3042 5168 Πο
3087 5135 3117 5168 υ
3158 5115 3306 5170 ότου.

2812 5132 2920 5168 που
2965 5115 3306 5171 Πολυϐότου.

2953 5203 3163 5263 Λείπει.

2796 5293 2979 5350 ΜΗΝι
3009 5299 3092 5373 Tn
3124 5301 3322 5375 ΑΥΤῼ.

3024 5385 3103 5442 ΙΔ¹

2411 5469 2615 5542 Μνήμη
2649 5474 2745 5525 τοῦ
2776 5469 2930 5526 ὁσίου
2966 5474 3172 5550 Πατρὸς
3213 5476 3373 5548 ἡμῶν
3411 5475 3703 5545 Λύξεντίου

2306 5555 2586 5626 Αὐξέντιος
2633 5558 2744 5614 ὁὲν
2803 5561 2980 5636 ἁγίοις
3030 5564 3218 5638 Πατὴρ
3275 5566 3460 5636 ἡμῶν,
3517 5564 3583 5633 ἦν
3638 5563 3726 5619 ἐπὶ
3786 5573 3905 5638 τῆς

2238 5646 2516 5726 βασιλείας
2553 5647 2845 5708 Θεοδοσίου
2893 5657 2990 5708 τοῦ
3049 5655 3264 5731 Μικροῦ
3293 5652 3351 5710 ἐκ
3405 5661 3506 5726 τῆς
3563 5655 3909 5726 ἈνατοΑῆςο
