4114 6306
311 307 413 368 313

1693 301 2210 364 FEBRUARIUS.

3560 304 3685 400 314‘

313 436 557 510 ὑπάρχων
622 433 678 490 δὶ
732 434 1038 510 σχολάριος
1091 437 1192 505 τὴν
1265 435 1436 507 ἀξίαν,
1519 433 1778 490 κατέλιπε
1832 435 1923 490 τὸν

2042 441 2158 492 tate
2189 441 2366 505 esset,
2399 436 2668 492 abdicato
2713 437 2929 492 saeculo
2971 437 3300 494 monachus
3344 437 3554 504 factus,
3614 437 3676 491 in

307 527 516 598 κόσμον.
578 526 668 580 Καὶ
711 525 999 598 γενόμενος
1081 525 1350 600 μοναχὸς,
1437 523 1668 594 ἀνῆλθεν
1729 523 1806 586 εἲς
1859 525 1922 578 τὸ

305 616 436 690 ὅρος,
465 616 527 669 τὸ
555 613 851 689 λεγόμενον
883 616 978 681 τῆς
1011 613 1241 684 Ὁξείας,
1273 613 1509 684 πλησίον
1543 610 1920 685 Χαλκηδόνος,

302 705 382 760 καί
409 703 664 778 ἡσύχασε⁶
707 703 799 758 καὶ
832 703 925 758 ἀπ’
953 702 1157 757 ἐκείνου
1189 702 1479 776 ὠνομάσθη
1538 703 1600 757 τὸ
1648 701 1795 778 ὅρος,
1825 704 1922 755 τοῦ

305 794 448 868 ἁγίου
501 792 809 865 Δύξεντίου.
843 797 941 848 Ἠν
976 789 1034 846 δὲ
1085 793 1186 860 τήν
1246 791 1473 862 ἄσκησιν
1525 790 1924 866 καρτερίκώτα-

300 905 404 953 τος,
423 886 519 954 τήν
551 882 727 938 πίστιν
767 881 1209 959 ὁρθοδοξότατος·
1270 881 1458 938 πολλὰ
1519 881 1922 956 ἀγωνισάμενος

297 975 421 1028 κατὰ
446 980 548 1041 τῆς
572 973 830 1046 αἱρέσεως
857 976 954 1027 τοῦ
993 971 1274 1033 Εὐτυχοῦς
1331 972 1419 1027 καὶ
1478 975 1575 1026 τοῦ
1606 969 1924 1045 Νεστορίου,

300 1062 380 1117 καὶ
409 1060 808 1135 ἀποδεξάμενος
879 1062 978 1130 τήν
1037 1061 1090 1116 ἐν
1151 1059 1462 1131 Χαλκηδόνι
1509 1064 1768 1135 τετάρτην
1804 1059 1924 1113 σύν-

299 1151 435 1209 οδον.
470 1151 714 1227 Ἐγένετο
747 1149 806 1207 δὲ
833 1151 920 1206 καὶ
953 1156 1072 1215 τοῖς
1129 1151 1440 1222 βασιλεῦσιν
1499 1148 1800 1222 αἰδέσιμος·
1833 1149 1924 1204 καὶ

297 1245 534 1317 ἠγαπᾶτο
564 1245 652 1298 καὶ
688 1243 912 1316 ἐτιμᾶτο
963 1244 1067 1298 ὑπὸ
1123 1243 1359 1310 πάντων,
1411 1240 1500 1296 διὰ
1547 1244 1647 1311 τήν
1705 1240 1923 1309 πολλὴν

298 1333 444 1388 αὐτοῦ
475 1334 695 1408 ἀρετήν.
731 1335 967 1404 Ἠξιώθη
1002 1330 1058 1387 δὲ
1093 1332 1183 1386 καὶ
1223 1332 1510 1405 θαυμάτων
1552 1329 1803 1396 πολλῶν,
1836 1329 1925 1385 καὶ

297 1427 666 1495 προορατικῶν
697 1425 1077 1498 χαρισμάτων.
1138 1423 1236 1477 Καὶ
1283 1420 1554 1496 τιμωρίας
1612 1418 1926 1494 μελλούσης

292 1510 458 1567 ἐλθεῖν
483 1511 593 1566 άπὸ
653 1517 750 1567 τοῦ
808 1516 941 1567 Θεοῦ
999 1509 1088 1566 διὰ
1141 1512 1237 1574 τὰς
1287 1510 1552 1587 ἁμαρτίας
1594 1511 1779 1583 ἡμῶν,
1837 1510 1928 1564 καὶ

295 1606 530 1674 προεῖπε,
556 1601 649 1656 καὶ
700 1598 789 1656 διὰ
845 1605 1160 1676 προσευχῆς
1215 1598 1456 1656 ἔπαυσεν.
1488 1599 1644 1657 Οὕτω
1677 1597 1734 1654 δὲ
1795 1600 1930 1674 βιώ-

298 1712 403 1760 σας,
432 1690 736 1763 ἐκοιμήθη·
769 1691 858 1745 καὶ
887 1691 1142 1760 κατετέθη
1176 1689 1229 1745 ἐν
1249 1694 1329 1762 τῷ
1361 1691 1447 1744 ὑπ’
1470 1690 1638 1744 αὐτοῦ
1665 1691 1928 1753 κτισθὲντι

298 1781 664 1856 μοναστηρίῳ,
697 1779 832 1855 ὅπερ
861 1786 964 1850 τῆς
993 1779 1366 1857 Τριχηναρίας
1409 1778 1744 1853 ὠνομάζετο.

882 1898 958 1970 Τῇ
998 1895 1134 1969 αὖτῇ
1193 1896 1378 1971 ἡμέρᾳ

354 1999 624 2073 Ἀθλησις
652 2006 750 2058 τοῦ
782 2002 938 2078 ἁγίου
970 2000 1293 2076 Φιλήμονος
1325 2001 1622 2057 ἐπισκόπου
1655 2003 1850 2070 Γάζης.

1005 2092 1214 2150 Λείπει.

826 2215 1005 2269 MHNl
1045 2212 1136 2290 Τῼ
1176 2215 1370 2289 ΑΥΤῼ.

1051 2301 1134 2357 lE’

299 2399 548 2469 Ἀθλησις
581 2404 684 2456 τοῦ
716 2402 880 2476 ἁγίου
909 2397 1645 2476 ἱερομάρτυροςπὈνησίμου
1679 2399 1928 2471 μαθητοῦ

647 2478 746 2528 τοῦ
764 2468 936 2546 ’ἁγίου
962 2468 1279 2526 ’ἀποστόλου
1303 2468 1548 2527 Ηαύλουζ

360 2569 408 2621 '0
445 2570 605 2642 ἅγιος
660 2563 985 2634 Ὀνήσιμος,
1054 2559 1260 2634 ἐγένετο
1322 2559 1571 2633 μαθητὴς
1618 2561 1720 2613 τοῦ
1778 2557 1929 2633 ἁγίου

318 2656 602 2715 ἀποστόλου
681 2651 927 2711 Παύλου⁸
1033 2648 1229 2712 δοῦλος
1293 2649 1397 2726 γὰρ
1478 2649 1740 2724 ὑπάρχων
1797 2649 1929 2702 Ῥω-

325 2749 450 2820 μαίου
475 2746 637 2808 τινὸς
683 2742 911 2816 ὀνόματι
970 2738 1315 2813 Φιλήμονος,
1367 2735 1628 2794 κατέλιπε
1654 2737 1746 2793 τὸν
1791 2734 1929 2792 ἴδιον

325 2839 486 2911 κύριον,
515 2836 619 2893 καὶ
669 2829 1016 2908 προσέδραμε
1067 2835 1147 2903 τῷ
1205 2826 1503 2901 ἀποστόλῳ
1562 2826 1784 2901 Παύλῳ,
1842 2827 1933 2882 καὶ

327 2924 488 2999 ἐγένετο
539 2924 722 2980 αὐτοῦ
786 2921 1053 2994 μαθητής
1103 2917 1194 2974 καὶ
1255 2917 1565 2994 βαπτισθεὶς
1597 2917 1687 2972 ὑπ’
1745 2917 1935 2987 αὐτοῦ,

315 3012 570 3070 ἐδούλευεν
640 3013 815 3082 αὐτῷ.
875 3008 974 3063 Διὰ
1017 3012 1181 3062 τοῦτο
1232 3007 1324 3062 καὶ
1392 3001 1596 3083 ἔγραψε
1650 3005 1787 3081 πρὸς
1842 3005 1934 3059 τὸν

306 3103 576 3177 Φιλήμονα
638 3101 666 3156 ὁ
724 3101 874 3174 ἅγιος
934 3096 1148 3161 Παῦλος
1227 3096 1548 3166 ἐπιστολὴν,
1604 3093 1934 3170 παρακαλῶν

2032 533 2296 582 montem
2320 527 2524 582 Oxiam
2561 527 2918 582 Chalcedoni
2944 528 3277 598 proximum
3303 526 3682 597 secessit,qui

2032 616 2103 671 de
2145 616 2272 687 ejus
2306 616 2548 671 nomine
2580 633 2751 671 mons
2783 616 3058 672 Auxentii
3094 622 3299 686 postea
3323 615 3518 669 dictus
3567 619 3677 681 est,

2033 705 2233 776 ibique
2265 707 2654 777 tranquillam
2689 705 3127 777 asceticamque
3154 706 3330 760 vitam
3363 720 3677 776 agens,pro

2033 794 2148 850 ﬁde
2181 797 2717 867 orthodoxa,quam
2751 796 3089 850 {irn‘iissime
3121 795 3376 854 tenebat.
3399 794 3680 849 adversus

2026 883 2303 939 hmresim
2336 885 2636 956 Eutychis,
2665 891 2724 939 et
2753 885 3002 939 Nestorii
3060 885 3385 956 plurimum
3408 882 3671 938 decerta-

2031 973 2130 1040 vit,
2156 979 2427 1044 quartam
2461 975 2750 1046 synodum
2772 973 3143 1029 Chalcedone
3175 979 3439 1028 coactam
3461 988 3679 1042 propu-

2033 1065 2457 1135 gnans.Magna
2483 1063 2595 1118 fuit
2633 1064 2877 1135 insuper
2897 1063 3055 1135 apud
3071 1064 3460 1134 imperatores
3477 1061 3678 1115 existi-

2034 1153 2294 1207 matione
2321 1170 2334 1219 ;
2370 1160 2427 1208 et
2457 1170 2665 1208 omnes
2697 1154 2865 1207 illum
2890 1152 2961 1207 ob
2986 1154 3276 1224 insignem
3300 1153 3678 1223 ipsiusvirtu-

2033 1247 2147 1296 tem
2191 1259 2391 1298 amore
2413 1259 2480 1298 ac
2511 1243 2734 1298 honore
2752 1243 3403 1314 prosequebantur.Sed
3425 1251 3482 1299 et
3499 1245 3678 1300 mira-

2033 1331 2302 1386 culorum
2334 1332 2578 1397 donum,
2616 1339 2675 1387 et
2739 1332 3062 1403 prophetia)
3117 1333 3366 1404 gratiam
3425 1335 3672 1404 accepit,

2033 1419 2422 1492 prmdixitque
2455 1421 2706 1493 ﬂagella,
2739 1439 2868 1492 quae
2902 1424 3054 1477 Deus
3085 1421 3158 1476 ob
3188 1429 3430 1493 peccata
3479 1430 3683 1478 nostra.

2033 1509 2411 1566 immissurus
2444 1517 2781 1583 erat,eaque
2809 1512 3085 1583 precibus
3117 1512 3238 1566 suis
3270 1513 3479 1568 avertit
3501 1519 3559 1567 et
3580 1530 3675 1568 se-

2034 1596 2486 1670 davit.Cumque
2517 1601 2600 1656 ita
2629 1601 3283 1668 vixisset,obdormivit.
3314 1607 3373 1656 et
3411 1602 3679 1673 sepultus

2031 1690 2145 1745 fuit
2172 1689 2234 1744 in
2257 1691 2616 1746 monasterio
2643 1690 3025 1746 Trichenaria
3047 1690 3532 1762 appellato,quod
3554 1691 3681 1762 ipse

1955 1809 2002 1874 Β
2036 1785 2424 1835 exstruxerat.

2674 1868 2893 1924 Eodem
2928 1869 3023 1925 die

2032 1957 2184 2014 189
2244 1958 2530 2016 Certamen
2576 1962 2756 2014 sancti
2809 1959 3146 2015 Philemonis
3203 1962 3444 2030 episcopi
3503 1960 3681 2016 Gaza.

2777 2050 2972 2104 Deest.

2599 2139 2839 2194 EODEM
2870 2140 3120 2194 MENSE.

2551 2229 2654 2283 Die
2696 2228 2927 2284 decima
2963 2229 3174 2301 quinta

2035 2405 2189 2460 190
2220 2407 2506 2461 Certamen
2556 2409 2890 2462 sacrosancti
2936 2409 3200 2478 martyris
3249 2409 3488 2464 Onesimi
3517 2408 3682 2464 disci-

2457 2479 2586 2548 puli
2615 2482 2791 2534 sancti
2837 2480 3073 2550 apostoli
3102 2479 3265 2534 Pauli

2110 2566 2359 2622 Sanctus
2394 2568 2708 2623 Onesimus
2724 2570 2912 2624 sancti
2933 2569 3184 2641 apostoli
3221 2569 3387 2625 Pauli
3420 2568 3688 2640 discipu-

2041 2656 2154 2722 lus,
2180 2657 2548 2713 Philemonis
2573 2658 2716 2713 civis
2747 2659 2994 2713 Romani
3029 2675 3254 2725 servus,
3289 2658 3494 2714 relicto
3519 2658 3688 2728 hero,

2042 2745 2290 2802 Paulum
2315 2747 2650 2819 apostolum
2677 2753 2914 2803 secutus
2938 2753 3049 2812 est,
3083 2749 3330 2820 ejusque
3362 2748 3688 2820 discipulus

2041 2833 2254 2903 factus,
2289 2842 2348 2890 et
2376 2836 2447 2891 ab
2485 2853 2551 2891 eo
2584 2836 2930 2908 baptizatus,
2965 2837 3344 2892 ministrabat
3401 2838 3471 2892 ei.
3499 2839 3689 2902 Quare

2044 2931 2285 2980 sanctus
2315 2925 2532 2981 Paulus
2550 2927 2625 2982 ad
2643 2925 3050 2981 Philemonem
3082 2926 3406 2997 Epistolam
3430 2926 3692 2997 scripsit,

2045 3031 2259 3086 rogans
2335 3032 2470 3070 eum
2529 3033 2636 3087 pro
2687 3015 2987 3070 Onesimo.
3049 3020 3189 3069 Post
3244 3021 3496 3070 mortem
3555 3031 3692 3070 vero

2048 3104 2236 3159 sancti
2269 3104 2458 3172 Pauli,
2489 3121 2523 3160 a
2551 3104 2810 3160 Tertullo
2844 3106 3041 3161 Romae
3099 3104 3375 3176 prafecto
3421 3120 3691 3176 compre-

301 3193 435 3248 αὐτὸν
465 3195 606 3268 ὑπὶρ
659 3193 757 3245 τοῦ
813 3186 1133 3260 Ὀνησίμου.
1181 3184 1287 3241 Καὶ
1347 3184 1481 3258 μετᾶ
1525 3183 1783 3252 τελευτὴν
1836 3186 1929 3238 τοῦ

2046 3193 2288 3260 hensus,
2347 3171 2678 3265 ductusque
2728 3194 3026 3261 Puteolos,
3076 3171 3276 3267 flagris
3347 3171 3690 3266 gravissime

303 3284 438 3358 ἁγίου
495 3278 749 3347 Παύλου,
797 3277 1066 3349 ἐκρατήθη
1117 3273 1264 3349 παρὰ
1320 3272 1634 3346 Τερτύλλου
1683 3277 1778 3328 τοῦ
1832 3278 1933 3339 τῆς

298 3371 498 3444 Ῥώμης
557 3367 844 3443 ὑπάρχου.
927 3364 1028 3420 Καὶ
1085 3363 1274 3439 ἀχθεὶς
1327 3363 1380 3418 ἐν
1449 3361 1767 3431 Ποτιόλοις,
1845 3360 1934 3417 διὰ

301 3457 520 3535 ῥαϐδίων
581 3459 847 3514 τύπτεται
931 3452 1201 3534 σφοδρῶς,
1257 3454 1349 3518 Ὠς
1433 3450 1490 3509 δε
1542 3453 1643 3509 οὐκ
1695 3452 1933 3509 ἐπείθετο

298 3552 620 3626 ἀρνήσασθαι
700 3550 795 3604 τὸν
874 3546 1129 3621 Χριστὸν,
1199 3546 1288 3600 καὶ
1373 3548 1738 3620 προσκυνῆσαι
1812 3549 1930 3608 τοῖς

297 3638 567 3708 εἰδώλοις,
605 3637 754 3695 ἀλλᾶ
807 3636 940 3709 μετὰ
968 3633 1273 3712 παρρησίας
1308 3631 1511 3709 ἔλεγεν,
1560 3636 1644 3690 δτι
1684 3635 1931 3690 Πιστεύω

293 3729 361 3792 εἰς
388 3732 664 3805 Χριστὸν,
714 3728 808 3783 τὸν
867 3728 1173 3797 ποιήσαντα
1227 3724 1318 3780 τὸν
1381 3723 1631 3800 οὐρανὸν,
1689 3724 1780 3780 καὶ
1832 3728 1931 3795 τήν

2044 3284 2291 3340 caeditur
2323 3302 2336 3339 :
2369 3301 2625 3356 cumque
2651 3302 2686 3341 a
2715 3284 2946 3341 Christo
2991 3284 3065 3340 ad
3114 3285 3409 3340 idolorum
3463 3284 3691 3340 cultum

2045 3371 2372 3429 desciscere
2403 3373 2762 3446 nollet,quin
2793 3375 2990 3446 potius
3017 3374 3239 3430 ﬁdendi
3258 3375 3457 3432 animo
3473 3375 3696 3430 diceret

2044 3479 2106 3518 se
2133 3463 2375 3519 credere
2397 3465 2457 3520 in
2489 3465 2786 3519 Christum
2817 3465 3102 3520 factorem
3141 3465 3295 3532 coeli,
3329 3472 3389 3521 et
3420 3472 3612 3532 terras,
3638 3468 3698 3519 et

2047 3552 2252 3618 maris,
2275 3558 2334 3608 et
2362 3554 2632 3609 omnium
2663 3571 2795 3623 quas
2831 3555 2892 3607 in
2925 3553 3010 3608 eis
3041 3558 3198 3620 sunt,
3248 3554 3322 3608 ad
3370 3554 3523 3610 iram
3555 3555 3694 3608 Ter-

2041 3641 2256 3696 tullum
2285 3643 2623 3710 concitans,
2656 3642 2922 3698 contusis
2953 3642 3232 3697 minutim
3291 3643 3586 3710 cruribus,
3619 3641 3694 3698 ad

2044 3730 2384 3796 Dominum,
2418 3747 2594 3802 quem
2621 3731 2913 3786 dilexerat
2940 3732 3230 3803 migravit.

301 3823 412 3894 γῆν,
442 3820 533 3875 καὶ
565 3819 671 3886 τὴν
715 3815 1006 3885 θάλασσαν,
1032 3814 1122 3870 καὶ
1154 3813 1326 3870 πάντα
1348 3813 1415 3868 τὰ
1445 3815 1496 3869 ἐν
1520 3813 1728 3886 αὐτοῖς,
1761 3815 1837 3878 εἷς
1866 3816 2034 3888 θυμὸν
2067 3815 2282 3889 ἐκίνησε
2308 3819 2403 3873 τὸν
2428 3817 2758 3892 Τὲρτυλλον,
2791 3819 2878 3874 καὶ
2915 3814 3216 3895 συντριϐεὶς
3244 3821 3312 3874 τὰ
3342 3817 3509 3890 σκέλη
3560 3819 3700 3874 κατᾶ

295 3907 499 3981 λεπτὸν,
533 3908 677 3984 πρὸς
711 3904 931 3980 Κύριον,
961 3905 1017 3959 ὅν
1051 3902 1256 3975 ἐπόθει,
1287 3899 1640 3976 ἐξεδήμησεν.

882 4021 964 4088 Τῆ
997 4017 1131 4088 αὐτῆ
1155 4019 1340 4091 ἡμέρᾳ

386 4115 597 4188 Μνήμη
632 4113 729 4166 τοῦ
759 4108 910 4164 όσίου
942 4107 1305 4181 Παφνουτίου,
1365 4108 1453 4162 καὶ
1495 4113 1594 4178 τῆς
1655 4107 1814 4184 ἁγίας

611 4180 963 4240 Εὐσοοσύνης
989 4187 1088 4240 τῆς
1114 4177 1408 4240 θυγατέρος
1439 4177 1624 4236 αὐτοῦ.

695 4199 963 4258 φροσυνης
989 4201 1088 4251 της
1114 4199 1408 4257 υυγατερος
1439 4201 1624 4236 αυτου.

1002 4269 1217 4326 Λείπει.

868 4364 951 4431 Τῆ
984 4358 1120 4430 αὐτῆ
1151 4360 1334 4435 ἡμέρᾳ

498 4451 772 4521 Ἀθλησις
803 4454 900 4506 τοῦ
931 4449 1092 4525 ἁγίου
1134 4449 1411 4525 μάρτυρος
1442 4446 1722 4524 Μαΐωρος.

2686 4025 2908 4081 Eodem
2957 4025 3053 4081 die

2062 4113 2209 4169 191
2243 4114 2693 4170 Commemoratio
2718 4118 2895 4171 sancti
2927 4117 3250 4187 Paphnutii,
3282 4124 3334 4172 et
3363 4125 3564 4174 sanctae
3581 4119 3697 4174 Eu-

2534 4187 2827 4257 phrosynen
2872 4190 2988 4258 ejus
3034 4190 3188 4258 ﬁlim.

2781 4277 2978 4334 Deest.

2719 4374 2938 4429 Eodem
2971 4375 3065 4429 die

2259 4462 2411 4519 192
2450 4464 2738 4518 Certamen
2757 4466 2933 4518 sancti
2959 4467 3219 4534 martyris
3252 4466 3482 4534 Majoris

357 4543 529 4605 Οὗτος
589 4539 940 4616 ἐστρατεύετο
990 4539 1080 4594 ἐπὶ
1152 4541 1252 4608 τῆς
1341 4537 1617 4614 βασιλείας
1699 4536 1929 4608 Διοκλη-

2114 4553 2228 4605 Iste
2263 4552 2612 4606 Diocletiani
2637 4557 2696 4606 et
2720 4552 3054 4606 Maximiani
3089 4553 3515 4624 imperatorum
3540 4560 3693 4610 tem-

297 4638 487 4702 τιανοῦ,
589 4631 682 4686 καὶ
765 4629 1132 4701 Μαξιμιανοῦ.
1221 4628 1321 4683 Καὶ
1407 4626 1782 4704 διαγνωσθεὶς,
1853 4628 1935 4682 ὅτι

299 4723 610 4795 Χριστιανός
646 4719 778 4787 ἐστι,
819 4719 1114 4795 κρατηθεὶς
1163 4716 1215 4772 ἐν
1267 4719 1410 4792 Γάζῃ
1467 4723 1536 4788 τῆ
1591 4715 1750 4772 πόλει
1804 4718 1938 4789 ἠκα-

296 4813 505 4885 γκάζετο
539 4809 688 4876 θύειν
746 4813 863 4870 τοῖς
917 4804 1200 4868 εἰδώλοις.
1256 4807 1346 4868 Ὦς
1403 4803 1461 4861 δὲ
1520 4806 1620 4861 ούκ
1672 4804 1936 4878 ἐπείθετο,

298 4898 429 4955 ἀλλὰ
471 4898 690 4974 μᾶλλον
729 4899 940 4975 μεγάλῃ
973 4917 1040 4972 τῃ
1074 4918 1229 4974 φωνῃ
1279 4893 1489 4972 ἔλεγεν,
1521 4896 1604 4950 ὅτι
1655 4897 1748 4968 Τῷ
1805 4897 1937 4971 Χρι-

301 4992 394 5060 στῷ
419 5011 524 5062 μου
555 4985 852 5057 πιστεύων,
888 4989 1212 5061 καταφρονῶ
1262 4986 1370 5040 τῶν
1402 4983 1630 5060 ἀψύχων
1664 4983 1934 5054 είδώλων,

308 5077 374 5141 εἷς
427 5080 600 5157 ὀργήν
661 5077 894 5134 πλείονα
947 5075 1080 5141 τοὺς
1129 5080 1458 5150 κρατοῦντας
1511 5074 1775 5146 ἐκίνησεν.
1838 5075 1935 5133 Καὶ

301 5167 560 5234 ἆπλωθεῖς
610 5167 699 5224 ἐπὶ
746 5169 848 5235 τὴν
901 5172 1028 5242 γῆν,
1086 5165 1339 5220 τύπτεται
1389 5163 1632 5240 ἴσχυρῶς
1676 5167 1813 5220 ἅπαν
1872 5166 1935 5221 τὸ

299 5260 462 5329 σῶμα,
522 5257 616 5313 καὶ
686 5255 1082 5326 καταξαίνεται,
1159 5255 1503 5331 τριακονταὲξ
1588 5259 1931 5330 στρατιωτῶν

297 5343 632 5421 ἀλλαγέντων
695 5344 750 5400 ἐν
801 5347 882 5415 τῷ
946 5341 1236 5407 τύπτεσθαι
1322 5341 1501 5398 αὐτόν·
1574 5343 1668 5398 καὶ
1751 5343 1935 5419 ἀρθεὶς

294 5433 586 5508 ἡμιθανὴς,
646 5434 721 5498 ὠς
779 5431 922 5508 μηδέ
981 5432 1252 5508 ἀνθρώπῳ
1311 5432 1588 5506 ὁμοιάζειν
1622 5432 1682 5489 ἐκ
1721 5437 1818 5489 τοῦ
1850 5434 1932 5489 αἳ·

299 5543 451 5593 ματος
509 5525 599 5581 καὶ
661 5528 773 5580 τῶν
837 5519 1091 5597 πληγῶν,
1139 5519 1332 5599 ἐρρίφη
1394 5521 1448 5576 ἐν
1532 5529 1600 5593 τῆ
1682 5522 1929 5602 φυλαλῆ,

301 5613 452 5683 μόνον
500 5613 775 5690 ἐμπνέων.
811 5610 919 5669 Καὶ
981 5609 1118 5686 μετᾶ
1189 5610 1323 5666 ἐπτᾶ
1379 5610 1591 5688 ἡμέρας
1640 5607 1930 5686 ἐκϐληθεὶς

2047 4639 2290 4711 poribus
2319 4639 2629 4694 militabat.
2656 4640 2895 4694 Delatus
2925 4642 3311 4712 autem,quod
3327 4643 3696 4701 Christianus

2053 4729 2297 4788 esset,in
2319 4728 2465 4783 urbe
2485 4729 2628 4783 Gaza
2648 4729 3113 4800 comprehensus
3145 4731 3491 4804 adigebatur
3520 4735 3696 4792 idolis

2051 4815 2362 4870 immolare
2396 4831 2408 4869 :
2444 4815 2547 4871 sed
2571 4833 2704 4870 cum
2736 4817 2807 4872 ad
2831 4817 2890 4873 id
2920 4818 3120 4874 induci
3148 4837 3269 4876 non
3299 4829 3521 4894 posset,
3555 4825 3696 4895 quia

2050 4905 2245 4978 potius
2275 4920 2489 4976 magna
2519 4921 2658 4960 voce
2714 4905 2984 4962 diceret:
3042 4909 3227 4965 Credo
3287 4911 3348 4966 in
3395 4912 3693 4968 Christum

2047 4999 2336 5062 meum,et
2362 4992 2523 5048 idola
2553 4994 2755 5050 animo
2787 4998 3052 5053 carentia
3081 5001 3502 5066 contemno,ad
3520 5002 3692 5057 vehe-

2047 5083 2406 5139 mentiorem
2437 5083 2589 5141 iram
2623 5101 2722 5139 eos
2754 5086 2856 5156 qui
2888 5086 3082 5158 ipsum
3114 5090 3694 5162 comprehenderant

2049 5173 2366 5229 concitavit
2398 5192 2411 5230 :
2447 5179 2506 5229 et
2532 5174 2699 5230 humi
2729 5181 3030 5243 extensus,
3064 5195 3099 5234 a
3149 5180 3390 5252 triginta
3417 5197 3517 5235 sex
3536 5179 3694 5235 mili-

2047 5261 2204 5318 tibus
2235 5262 2346 5318 sibi
2379 5263 2637 5320 vicissim
2667 5265 3122 5323 succedentibus
3152 5270 3495 5342 gravissime
3519 5270 3700 5325 caedi-

2043 5356 2159 5417 tur,
2191 5357 2432 5425 totoque
2492 5371 2740 5426 corpore
2788 5355 3105 5412 laceratur.
3166 5357 3311 5414 Tum
3378 5357 3692 5413 semivivus

2047 5442 2336 5512 sublatus,
2371 5443 2453 5499 ita
2483 5445 2814 5517 utﬁguram
2837 5445 3098 5502 hominis
3129 5464 3249 5518 pra;
3273 5447 3578 5520 sanguine,
3635 5450 3693 5500 et

2041 5531 2230 5605 plagis
2261 5533 2355 5587 vix
2385 5532 2652 5600 haberet,
2671 5533 2732 5588 in
2765 5550 3066 5590 carcerem
3096 5535 3433 5592 detruditur
3460 5535 3552 5588 vix
3570 5534 3688 5602 spi-

2045 5622 2228 5678 ritum
2261 5621 2486 5678 ducens
2509 5621 2695 5680 :unde
2725 5627 2861 5694 post
2890 5629 3117 5696 septem
3140 5624 3268 5680 dies
3298 5625 3696 5687 eductus,rur-
