4114 6306
373 357 491 418 315

1675 371 2109 434 MENOLOGII
2153 374 2354 434 PARS
2397 377 2477 436 II.

3669 394 3788 453 316

376 507 598 561 susque
628 497 956 560 tortus,nec
985 498 1188 554 volens
1220 501 1518 557 Christum
1553 504 1806 575 ejurare,
1839 505 2008 576 impic

2138 511 2235 572 τῆς
2289 505 2562 583 φυλακῆς,
2621 508 2788 564 πάλιν
2845 508 3194 586 ἐτιμωρεῖτο·
3255 515 3345 570 καὶ
3406 519 3482 590 μὴ
3544 525 3788 589 πεισθεὶς

374 580 764 649 tyrannorum
789 584 965 654 jussu
996 587 1068 640 ad
1099 591 1512 662 praescriptum
1545 592 1741 648 locum
1773 600 2019 661 tractus,

377 673 435 720 et
465 685 642 724 orans
674 671 1000 729 decollatus
1025 682 1130 730 est.

933 855 1173 911 EODEM
1204 860 1464 917 MENSE.

920 973 1023 1029 Die
1054 974 1286 1032 decima
1313 984 1479 1035 sexta

371 1084 524 1140 I98
573 1086 852 1144 Certamen
880 1099 1193 1171 sqnctomm
1228 1104 1538 1166 martyrum
1569 1101 1853 1171 Pamphii,
1913 1103 2025 1157 Va-

914 1162 1096 1231 lentis,
1121 1173 1172 1220 et
1195 1162 1484 1224 sociorum.

444 1262 545 1316 Isti
577 1264 922 1322 Christianas
957 1269 1092 1324 fidei
1127 1288 1325 1339 causa,
1374 1281 1536 1330 sexto
1591 1277 2024 1347 persecutionis

373 1351 540 1423 impii
575 1355 923 1412 Diocletiani
957 1359 1336 1430 imperatoris
1358 1380 1534 1428 anno,
1570 1382 1704 1420 cum
1737 1383 1804 1420 ex
1835 1367 2023 1422 diver-

375 1441 455 1494 sis
488 1442 844 1513 civitatibus,
905 1448 1196 1504 institutis
1246 1456 1305 1505 et
1363 1451 1748 1524 dignitatibus
1803 1460 2023 1522 essent,

372 1529 531 1585 hunc
565 1533 623 1587 in
657 1536 899 1591 modum
917 1541 1330 1610 comprehensi
1347 1549 1503 1597 sunt.
1535 1543 1676 1598 Cum
1699 1546 2026 1601 Caesaream

371 1625 954 1697 peterent.urbisque
979 1631 1545 1703 portamingressuri
1569 1641 2025 1706 essent.aportas

371 1711 717 1768 custodibus
750 1714 1369 1789 interrogati,quinam
1401 1729 1619 1787 essent,
1648 1729 1706 1778 et
1736 1725 1907 1794 cujus
1940 1725 2024 1779 rei

367 1800 554 1868 gratia
583 1803 874 1872 venirent,
899 1809 1144 1861 mentiri
1179 1811 1533 1875 nescientes,
1560 1813 1926 1868 Christianos
1959 1831 2020 1869 se

368 1901 516 1954 esse,
553 1896 610 1944 et
654 1894 904 1962 patriam
943 1913 1004 1950 se
1035 1897 1254 1953 habere
1288 1916 1608 1971 supernam
1663 1903 2013 1972 Jerusalem,

366 1979 823 2047 responderunt.
873 1985 1078 2040 Statim
1137 1987 1337 2059 itaque
1387 1989 1637 2045 vinculis
1687 1993 2012 2060 constricti,

366 2060 709 2125 Firmiliano
741 2074 1018 2142 praefecto
1045 2077 1377 2134 traduntur.
1411 2082 1480 2134 Et
1512 2087 1750 2136 sanctus
1773 2082 2014 2152 quidem

367 2157 544 2221 Elias,
577 2161 882 2226 Jeremias,
917 2167 1122 2232 Isaias,
1181 2169 1437 2236 Samuel,
1497 2176 1556 2225 et
1615 2172 1840 2240 Daniel,
1884 2178 2018 2243 post

366 2247 585 2303 multos
605 2253 921 2318 cruciatus,
957 2256 1233 2312 decollati
1269 2265 1424 2313 sunt.
1458 2261 2012 2331 Pamphiusautem,

366 2341 422 2388 et
453 2336 776 2401 Seleucius,
811 2349 870 2396 et
902 2344 1136 2413 Valens,
1172 2352 1231 2400 et
1268 2348 1507 2414 Paulus,
1561 2350 1843 2405 custodiae
1891 2353 2013 2424 pri—

362 2441 525 2480 mum
552 2429 771 2500 traditi,
804 2431 1044 2488 demum
1081 2441 1141 2489 et
1171 2436 1282 2507 ipsi
1306 2437 1496 2508 capite
1527 2438 1684 2511 plexi
1717 2446 1875 2495 sunt.

1016 2703 1235 2760 Eodem
1263 2705 1359 2762 die

359 2790 396 2842 1
412 2789 516 2844 94
569 2788 788 2846 Certam
808 2809 899 2869 en_
929 2801 1241 2869 sanctorum
1261 2867 1274 2869 _
1296 2802 1607 2866 martyrum
1685 2797 2006 2869 Porphyrii,

863 2865 1099 2926 Juliam'.
1125 2875 1176 2920 et
1209 2865 1498 2923 Theoduli.

426 2949 528 3004 Isti
559 2967 794 3023 quoque
829 2957 1018 3009 sancti
1053 2957 1198 3010 socii
1244 2957 1408 3012 fuere
1468 2963 1811 3015 sanctorum
1843 2961 2006 3014 Pam-

353 3037 500 3108 phii,
536 3045 593 3093 et
640 3041 924 3110 Valentis,
977 3051 1035 3099 et
1075 3045 1463 3115 reliquorum.
1517 3049 1587 3101 Et
1646 3048 2009 3120 Porphyrius

356 3128 594 3196 quidem
612 3133 796 3184 sancti
823 3133 1090 3203 Pamphii
1117 3151 1316 3190 servus
1335 3153 1466 3190 cum
1486 3136 1709 3191 domini
1725 3137 2008 3207 reliquias

357 3225 664 3285 quzereret.
699 3225 769 3273 ut
798 3237 896 3275 eas
921 3223 1219 3293 sepeliret,
1273 3225 1758 3296 comprehensus,
1788 3227 1849 3280 in
1882 3245 2009 3283 suc-
2039 3240 2081 3306 ί]

355 3321 594 3360 censam
617 3307 917 3379 ingentem
952 3312 1251 3366 fornacem
1285 3313 1558 3384 injectus,
1590 3315 1765 3370 vitam
1793 3315 2001 3371 finivit.

351 3394 512 3448 Idem
547 3403 785 3452 sanctus
814 3399 1082 3456 Julianus
1131 3401 1272 3456 dum
1331 3409 1674 3459 sanctorum
1719 3404 2003 3475 reliquias

350 3484 740 3555 oscularetur,
773 3495 1101 3560 correptus,
1133 3490 1503 3562 vinctusque.
1529 3493 1591 3547 in
1613 3492 1916 3548 fornacem
1947 3500 2005 3548 et

350 3572 478 3644 ipse
513 3574 816 3632 immissus
848 3583 962 3642 est,
995 3579 1195 3650 ibique
1218 3581 1436 3653 gratias
1490 3598 1670 3654 agens
1701 3583 1839 3652 Deo,
1874 3582 2002 3637 ani-

350 3679 507 3718 mam
539 3666 802 3723 tradidit.
839 3668 1085 3724 Sanctus
1111 3686 1248 3725 vero
1280 3671 1616 3727 Theodulus
1647 3690 1780 3728 cum
1815 3674 2003 3728 socio-

350 3770 482 3808 rum
515 3756 810 3812 desiderio
843 3758 1414 3832 lugeret,oraretque
1445 3763 1723 3830 Deum,ut
1741 3763 2003 3818 acerbis-

354 3843 565 3899 simam
624 3849 1098 3917 persecutionem
1133 3850 1193 3904 in
1229 3868 1426 3906 servos
1467 3869 1605 3906 suos
1645 3858 2004 3908 commotam

352 3933 1466 4010 sedaret,deprehensus,retentusque,
1484 3941 1744 4012 primum
1760 3942 2003 4012 quidem

351 4022 754 4078 acerbissimis
812 4028 1127 4082 tormentis
1186 4029 1599 4083 excruciatur:
1659 4029 1875 4084 deinde
1939 4031 2001 4085 in

352 4126 588 4164 crucem
623 4112 818 4166 nudus
849 4114 1262 4188 agitur,longis
1294 4116 1472 4171 clavis
1499 4117 1790 4175 ferreisin
1809 4118 1999 4173 mani-

352 4197 462 4251 bus
504 4198 873 4270 pedibusque
926 4204 1174 4258 conﬁxis
1208 4221 1220 4258 :
1257 4210 1433 4275 atque
1487 4206 1570 4260 ita
1622 4223 1757 4261 cum
1813 4206 2003 4262 multa

353 4289 675 4360 gratiarum
706 4292 936 4348 actione
971 4292 1245 4365 spiritum
1275 4294 1536 4351 tradidit.

990 4476 1213 4533 Eodem
1270 4476 1367 4533 die

346 4654 498 4710 I95
534 4656 798 4712 Collectio
856 4663 907 4712 et
964 4660 1412 4713 commemoratio
1468 4658 1833 4728 reliquiarum
1871 4671 2002 4711 san—

417 4732 965 4800 ctorummartyrum
996 4730 1058 4785 in
1083 4731 1216 4786 urbe
1261 4729 1652 4800 Martyropoli,
1712 4735 1764 4784 et
1810 4731 2002 4786 Maru-

420 4797 525 4852 thae
555 4797 817 4870 episcopi;

417 4886 715 4943 Maruthas
732 4891 1142 4945 sanctissimus
1160 4891 1524 4962 episcopusa
1542 4889 1870 4946 Theodosio
1885 4907 2004 4946 ma-

344 4991 458 5048 gno
482 4977 893 5033 Romanorum
918 4980 1276 5051 imperatore
1307 4980 1379 5036 ad
1433 4996 1632 5052 regem
1683 4981 2000 5035 Persarum

347 5065 596 5137 legatus,
635 5069 693 5120 et
714 5069 1134 5138 apocrisiarius
1146 5069 1385 5135 missus,
1410 5069 1738 5124 honoriﬁce
1755 5087 1789 5124 a
1807 5069 2004 5124 Persis

347 5154 421 5210 ob
456 5171 798 5226 eam.quam
831 5157 904 5210 de
930 5157 1092 5211 illius
1114 5157 1327 5212 virtute
1350 5156 1670 5226 habebant,
1701 5159 1999 5215 existima-

346 5244 573 5299 tionem
611 5251 893 5315 exceptus
947 5250 1073 5312 est;
1106 5246 1435 5316 praesertim
1474 5263 1606 5301 vero
1641 5248 1800 5318 quod
1848 5249 2003 5321 regis

347 5331 538 5388 ﬁliam
590 5350 625 5388 a
680 5332 948 5388 daemone
997 5351 1344 5406 oppressam
1391 5335 1666 5405 precibus
1715 5342 2000 5393 curasset.

348 5423 618 5493 Cumque
643 5422 730 5476 illi
757 5421 1058 5493 ingentem
1087 5428 1216 5477 auri
1250 5440 1542 5478 summam
1575 5427 2004 5482 offerrent.non

346 5513 512 5570 aliud
545 5514 796 5568 Sanctus
830 5513 1226 5584 petiit,quam,
1270 5520 1336 5567 ut
1357 5515 1639 5584 reliquias
1655 5522 2003 5588 martyrum,

350 5603 450 5676 qui
481 5604 542 5658 in
576 5603 817 5658 Perside
861 5603 1019 5674 passi
1050 5603 1305 5668 fuerant,
1341 5603 1595 5671 tolleret,
1631 5610 1689 5661 et
1722 5605 1784 5661 in
1817 5622 2005 5661 unum

344 5694 546 5752 locum
577 5694 1230 5767 colligeret.Annuente
1260 5701 1575 5752 Persarum
1605 5713 1763 5771 rege,
1795 5697 2004 5755 urbem

2032 4612 2080 4678 D

2126 594 2463 667 ἀρνήσασθαι
2489 596 2581 650 τὸν
2627 599 2882 671 Χριστὸν,
2933 605 3014 672 τῷ
3067 602 3208 675 ἀθέῳ
3261 609 3644 683 προστάγματι
3674 619 3786 670 τῶν

2119 683 2420 757 τυράννων,
2452 686 2645 761 ἀχθεὶς
2705 687 2781 749 είς
2830 690 2920 742 τὸν
2957 689 3245 755 ὁρισθέντα
3301 693 3492 768 τόπον,
3524 701 3615 754 καὶ
3647 723 3784 778 προ-

2131 774 2483 847 σευξάμενος,
2515 775 2948 855 ἀπεκεφαλίσθη.

2688 895 2869 953 MllNI
2909 900 2995 975 T9
3035 903 3230 978 ΔΥΤῼ.

2933 1015 3002 1082 Ιζ’

2121 1123 2389 1196 Ἀθλησις
2418 1130 2526 1182 τῶν
2560 1129 2748 1220 ἅιγίων⁸
2784 1132 3074 1220 μαρτύρδων
3137 1136 3414 1220 Παμῗίου,
3448 1141 3786 1220 Οὐάλεντος,

2560 1202 2648 1255 καὶ
2681 1202 2794 1272 τῆς.
2844 1202 3098 1272 συνοδίας
3153 1202 3355 1270 αὐτῶν.

2201 1320 2368 1378 Οὗτοι
2404 1327 2722 1398 Χριστιανοὶ
2782 1325 2934 1393 ὄντες
2993 1331 3368 1408 ἐκρατήθησαν
3415 1337 3466 1391 έν
3528 1345 3607 1413 τῷ
3635 1339 3782 1415 ἕκτῳ

2131 1401 2236 1462 ἔτει
2267 1415 2368 1464 τοῦ
2399 1412 2534 1467 κατᾶ
2593 1417 2988 1485 Διοκλητιανὸν
3044 1421 3136 1476 τὸν
3196 1425 3512 1498 παράνομον
3550 1428 3774 1501 βασιλέα

2133 1493 2405 1586 διωγμοῦ,
2447 1500 2504 1556 ἐκ
2538 1499 2812 1582 διαφόρων
2848 1507 3187 1584 ὑπάρχοντες
3245 1493 3486 1586 πόλεων,
3517 1493 3606 1572 καὶ
3652 1518 3774 1573 ἐπι-

2127 1585 2510 1661 τηδευμάτων,
2543 1593 2632 1647 καὶ
2661 1593 3007 1668 ἀξιωμάτων
3044 1597 3420 1675 ἐκρατήθησαν
3463 1602 3520 1659 δὲ
3578 1605 3769 1670 οὕτως’

2130 1678 2410 1754 Ἤρχοντο
2468 1682 2604 1757 πρὸς
2655 1685 3012 1761 Καισάρειαν,
3079 1691 3169 1744 καὶ
3236 1690 3324 1746 ὅτε
3383 1691 3622 1767 ἔμελλον
3679 1697 3778 1762 τὰς

2129 1768 2306 1831 πύλας
2347 1776 2446 1834 τῆς
2505 1771 2722 1835 πόλεως
2773 1773 3056 1848 εἰσελθεῖν,
3090 1780 3458 1853 ἡρωτήθησαν
3493 1784 3640 1859 παρὰ
3663 1791 3773 1840 τῶν

2051 1875 2096 1939 Β
2131 1856 2512 1934 φυλαττόντων
2567 1863 2662 1925 τὰς
2717 1863 2916 1929 πύλας,
2977 1867 3060 1921 ὅτι
3111 1869 3270 1932 Τίνες
3311 1869 3447 1937 ἐστὶ,
3507 1856 3596 1928 xui
3636 1875 3775 1929 κατὰ

2128 1946 2284 2001 ποίαν
2319 1949 2508 2022 χρείαν
2544 1949 2824 2020 εἰσήλθετε
2855 1951 2962 2008 ὧδε
2994 1976 3009 2024 ;
3042 1958 3109 2013 Οἱ
3141 1955 3199 2012 δὲ
3250 1957 3537 2032 ψεύδεσθαι
3584 1964 3659 2036 μή
3695 1962 3771 2018 εί-

2125 2032 2298 2105 δότες,
2333 2039 2692 2112 Χριστιανοὺς
2744 2043 2968 2106 ἑαυτοὺς
3028 2046 3386 2117 ἀπεκάλεσαν,
3417 2052 3505 2105 καὶ
3537 2051 3774 2125 πατρίδα

2122 2123 2272 2180 εἶπον
2303 2128 2404 2195 τήν
2436 2126 2547 2183 ἄνω
2605 2127 2751 2205 ἔχειν
2807 2133 3190 2207 Ἰερουσαλήμ.
3245 2139 3348 2194 Καὶ
3408 2139 3605 2204 εὐθέως
3649 2123 3765 2198 δε-

2124 2217 2438 2288 σμευθέντες
2524 2217 2769 2290 ἁλύσεσι,
2849 2220 3226 2298 παρεδόθησαν
3282 2229 3636 2303 Φιρμιλιανῷ
3691 2236 3772 2303 τῷ

2123 2303 2372 2376 ἄρχοντι.
2409 2307 2503 2361 Καὶ
2539 2308 2566 2360 6
2601 2309 2697 2380 μὲν
2764 2309 2924 2382 ἅγιος
2967 2313 3157 2376 ἹΙλίας
3209 2314 3300 2370 σὺν
3361 2318 3597 2390 Ἱερεμίᾳ
3675 2319 3769 2375 xui

2119 2392 2333 2464 Ἡσαΐᾳ,
2357 2395 2446 2450 xui
2480 2397 2769 2469 Σαμουὴλ,
2797 2401 2884 2455 καὶ
2930 2401 3158 2472 Δανιὴλ,
3212 2405 3346 2476 μετὰ
3402 2406 3618 2472 πολλὰς
3673 2413 3772 2474 τὰς

2117 2483 2412 2558 τιμωρίας,
2495 2487 3023 2564 άπεκεφαλίσθησαν·
3101 2494 3130 2547 6
3189 2491 3246 2550 δὲ
3328 2498 3602 2576 Πάμφιος,
3674 2499 3766 2554 καὶ

2122 2569 2391 2635 Σέλευκος
2414 2576 2501 2629 xui
2531 2575 2780 2646 Οὐάλης,
2814 2579 2904 2632 καὶ
2939 2580 3152 2644 Παῦλος
3185 2583 3262 2648 είς
3290 2569 3539 2659 φυλακην
3555 2583 3765 2660 ἐμϐλη-

2119 2662 2298 2725 θέντες
2329 2667 2571 2738 πρῶτον,
2597 2665 2816 2740 ὕστερον
2849 2669 2938 2723 καὶ
2969 2669 3126 2726 αὐτοὶ
3155 2671 3688 2754 ἀπεκεφαλίσθησαν,

2683 2757 2766 2829 Tii
2821 2755 2958 2832 αὐτῇ
3007 2761 3192 2834 ἡμέρᾳ

2117 2838 2389 2911 Ἀθλησις
2419 2846 2528 2897 τῶν
2563 2844 2729 2920 ἁγίων
2765 2846 3400 2928 μαρτύρων-Πορφυρίου
3427 2853 3757 2927 Ἰουλιανοῦ,

2720 2918 2810 2972 xui
2846 2918 3181 2980 Θεοδούλουξ

2187 3011 2292 3068 Καὶ
2323 3013 2476 3068 οὗτοι
2507 3013 2558 3067 οἱ
2591 3015 2734 3089 ἅγιοι
2765 3015 2824 3070 ἐκ
2873 3025 2974 3087 τῆς
3030 3020 3288 3090 τοιαύτης
3343 3025 3476 3092 ἦσαν
3511 3026 3762 3094 συνοδίας

2114 3104 2224 3155 τῶν
2257 3101 2428 3176 ἁγίων
2462 3103 2738 3179 Παμφίου,
2771 3107 2859 3161 καὶ
2897 3108 3232 3177 Οὐάλεντος,
3262 3113 3350 3167 καὶ
3383 3119 3492 3169 τῶν
3525 3115 3761 3172 λοιπῶν·

2117 3189 2207 3244 καὶ
2268 3192 2296 3246 6
2360 3192 2453 3264 μὲν
2517 3192 2674 3268 ἅγιος
2736 3196 3043 3274 Πορφύριος
3103 3197 3300 3264 δοῦλος
3347 3203 3610 3280 ὑπάρχων
3663 3212 3763 3262 τοῦ

2120 3279 2277 3354 ἁγίου
2305 3281 2586 3354 ΙΙαμφίου,
2640 3285 2728 3338 καὶ
2760 3283 3034 3356 ἐπιζητῶν
3065 3290 3127 3344 τὸ
3165 3289 3418 3365 λείψανον
3445 3298 3542 3348 τοῦ
3572 3296 3762 3372 κυρίου

2113 3367 2297 3438 αὐτοῦ,
2329 3374 2436 3424 ποῦ
2495 3370 2711 3448 έρρίφη,
2767 3372 2859 3430 ’ίνα
2913 3376 3054 3451 θάψῃ
3103 3380 3258 3441 αὐτὸ,
3318 3381 3610 3456 ἐκρατήθη,
3669 3387 3760 3440 καί

2112 3457 2438 3536 ἀναφθείσης
2494 3477 2729 3534 καμίνου
2781 3463 3046 3540 μεγάλης,
3109 3464 3378 3541 ἐνεϐλήθη
3439 3471 3516 3532 εἷς
3565 3473 3758 3546 αὐτὴν,

2111 3549 2201 3604 καὶ
2257 3549 2624 3622 ἐτελεύτησεν.
2679 3554 2922 3626 Ὁμοίως
2989 3559 3079 3612 xui
3133 3559 3161 3614 6
3243 3561 3396 3635 ἅγιος
3461 3563 3760 3627 Ἰουλιανὸς

2112 3639 2425 3714 καταφιλῶν
2508 3642 2576 3696 τὰ
2635 3641 2863 3716 λείψανα
2926 3650 3034 3701 τῶν
3106 3647 3295 3723 ἁγίων,
3362 3651 3614 3722 ἐπιάσθη,
3667 3654 3762 3709 καὶ

2114 3723 2287 3790 δεθεὶς
2321 3723 2592 3800 ἐνεϐλήθη
2622 3732 2710 3786 καὶ
2735 3730 2897 3796 αὐτὸς
2955 3735 3030 3799 εἷς
3084 3738 3183 3805 τὴν
3234 3738 3489 3811 κάμινον·
3524 3742 3612 3796 καὶ
3671 3743 3760 3798 εὐ-

2112 3815 2386 3907 χαριστῷν
2420 3822 2497 3890 τῷ
2528 3824 2665 3891 Θεῷ,
2699 3820 2981 3896 παρέδωκε
3007 3826 3106 3894 τήν
3139 3829 3344 3902 ψυχήν.
3373 3832 3432 3888 Ὀ
3489 3828 3546 3885 δὲ
3603 3833 3761 3907 ἅγιος

2113 3903 2415 3969 Θεόδουλος
2446 3909 2662 3983 θρηνῶν
2682 3911 2782 3980 τὴν
2815 3912 3062 3988 στέρησιν
3115 3923 3217 3985 τῆς
3271 3916 3521 3982 συνοδίας
3569 3903 3758 3994 αὐτοῦ,

2110 3995 2197 4049 καὶ
2230 3995 2320 4050 τὸν
2355 3997 2485 4051 Θεὸν
2516 3996 2868 4073 παρακαλῶν,
2917 4002 3008 4057 ἳνα
3047 4004 3225 4079 παύσῃ
3284 4007 3312 4062 6
3371 4008 3567 4081 πικρὸς
3624 4007 3758 4066 διω-

2110 4084 2272 4160 γμὸς,
2305 4086 2333 4140 6
2363 4085 2500 4140 κατὰ
2525 4090 2632 4142 τῶν
2664 4085 2876 4145 δούλων
2927 4091 3091 4148 αὐτοῦ
3133 4095 3396 4166 κινηθεὶς,
3432 4095 3758 4175 διεγνώσθη,

2115 4173 2225 4231 Καὶ
2285 4176 2594 4249 κρατηθεὶς,
2652 4182 2872 4251 πρῶτον
2951 4182 3049 4254 μὲν
3109 4182 3429 4261 ἐτιμωρήθη
3492 4173 3760 4265 ἰσχυρῶςθ

2111 4261 2294 4318 ἔπειτα
2322 4263 2410 4319 ἐπὶ
2456 4271 2688 4341 σταυροῦ
2717 4270 2941 4342 γυμνὸς,
2991 4275 3338 4346 κρεμασθεῖς,
3392 4279 3481 4332 καὶ
3527 4261 3758 4354 μακροῖς

2113 4350 2362 4427 σιδηροῖς
2391 4353 2554 4424 ἥλοις
2583 4356 2774 4432 χεῖρας
2832 4361 2924 4414 καὶ
2979 4357 3153 4426 πόδας
3203 4364 3567 4438 καθηλωθεὶς,
3625 4350 3761 4442 μετὰ

2112 4442 2334 4513 πολλῆς
2366 4444 2720 4521 εὐχαριστίας
2748 4447 3034 4524 παρέδωκε
3057 4452 3120 4507 τὸ
3152 4458 3388 4528 πνεῦμα.

2691 4569 2772 4639 Τῇ
2818 4565 2954 4641 αὐτῇ
3006 4570 3189 4645 ἡμερᾳ

2113 4653 2470 4740 Συνάθρὶοισις
2547 4656 2668 4740 καὶ.
2722 4658 2921 4740 ,μνήμη
2980 4662 3088 4740 τιῶν
3167 4660 3220 4715 ἐν
3290 4664 3753 4740 ⁸Μαρτυροπόλει

2179 4729 2475 4852 ἒειψᾶἔων,
2508 4732 2615 4782 τῶν
2645 4727 2812 4802 ἁγίων
2847 4727 3162 4803 μαρτύρων,
3219 4735 3306 4789 xui
3368 4727 3628 4812 Μαρουθᾶ
3659 4745 3755 4796 τοῦ

2209 4818 2340 4851 πισκ
2375 4819 2503 4853 που.

2186 4889 2478 4962 Μαρουθᾶς
2534 4888 2562 4942 ὁ
2612 4887 2918 4963 ἁγιώτατος
2979 4891 3278 4958 ἐπίσκοπος
3327 4895 3422 4966 ὥν,
3477 4901 3754 4972 ἀπεστάλη

2111 4977 2258 5052 παρὰ
2311 4980 2410 5032 τοῦ
2474 4975 2719 5052 μεγάλου
2799 4978 3092 5036 Θεοδοσίου
3151 4984 3421 5059 βασιλέως
3474 4990 3758 5062 Ῥωμαίων

2112 5060 2468 5141 πρεσϐευτὴς,
2544 5068 2631 5121 καὶ
2693 5067 3083 5145 ἀποκρισάριος
3139 5075 3275 5148 πρὸς
3357 5079 3448 5133 τὸν
3534 5079 3763 5156 βασιλέα

2113 5161 2354 5230 Περσῶν.
2415 5157 2513 5212 Διὰ
2573 5154 2631 5212 δὲ
2678 5160 2778 5228 τὴν
2830 5161 3024 5235 ἀρετὴν
3055 5163 3220 5220 αὐτοῦ
3279 5166 3540 5242 ἐτίμησαν
3600 5172 3759 5228 αὐτὸν

2117 5246 2170 5301 οἱ
2225 5248 2450 5322 Πέρσαι,
2507 5247 2596 5303 xui
2660 5247 3003 5322 ὑπεδέξαντο,
3061 5255 3150 5308 καὶ
3213 5257 3473 5329 μάλιστα,
3519 5261 3605 5315 ὅτι
3660 5265 3762 5333 τήν

2113 5339 2211 5390 τοῦ
2247 5334 2514 5410 βασιλέως
2547 5338 2813 5412 θυγατέρα
2847 5335 3081 5412 δαίμονα
3132 5339 3386 5419 ἔχουσαν,
3413 5347 3501 5403 διὰ
3531 5371 3764 5422 προσευ-

2118 5432 2225 5499 χῆς
2283 5425 2622 5500 ἐθεράπευσε·
2684 5429 2774 5482 xui
2835 5427 3062 5486 πολλῶν
3125 5436 3429 5508 χρημάτων
3460 5435 3766 5511 διδομένων

2120 5515 2288 5585 αὐτῷ,
2344 5513 2502 5576 αὐτὸς
2535 5512 2675 5570 ἄλλο
2734 5513 2890 5571 οὐδὲν
2947 5515 3212 5593 ᾐτήσατο,
3247 5523 3290 5578 εἰ
3349 5528 3423 5598 μή
3460 5523 3647 5583 λαϐεῖν
3701 5531 3768 5586 τὰ

2116 5602 2345 5678 λείψανα
2369 5608 2475 5658 τῶν
2510 5604 2560 5658 έν
2587 5608 2656 5678 τῇ
2689 5604 2913 5680 Περσίδι
2946 5610 3260 5685 μαρτύρων,
3321 5615 3410 5669 xui
3462 5618 3632 5673 θεῖναι
3691 5619 3768 5682 εἷς

2113 5687 2445 5752 ένατόπον.
2509 5692 2613 5751 Καὶ
2697 5693 2971 5752 ἐπένευσεν
3026 5699 3054 5752 6
3101 5701 3333 5778 Πέρσης.
3391 5706 3531 5763 Τότε
3591 5703 3766 5762 ἔκτισε
