4114 6306
275 343 388 404 31Ἱ
1706 347 2238 415 FEBRUARIUS.
3562 367 3683 428 318

271 472 429 531 πόλιν
459 473 542 530 ἐπ’
573 474 803 549 άνὸματι
836 480 944 530 τῶν
991 475 1303 551 μαρτύρων,
1335 475 1426 531 καὶ
1481 475 1756 551 ὠνόμασεν
1819 477 1882 532 αὖ

2012 486 2255 542 -nomini
2289 497 2613 564 martyrum
2640 498 3467 568 exstructam,Martyropolim
3481 500 3681 571 appel-

271 571 368 636 τὴν
400 568 856 644 Μαρτυρὸπολιν,
886 567 1006 638 ἥτις
1058 573 1151 622 νῦν
1211 567 1426 643 λέγεται
1469 577 1776 647 Μεφερκῆς·
1826 592 1882 625 κα

2037 571 2200 642 lavit,
2219 595 2350 648 quas
2375 599 2533 639 nunc
2557 587 2870 657 Mepherke
2897 587 3132 654 dicitur,
3166 567 3226 640 in
3251 567 3428 657 quam
3448 567 3680 643 sancto-

271 654 496 712 ἀπέθετο
552 657 608 712 ἐν
674 657 814 728 αὖτῆ
871 657 936 712 τὰ
990 654 1217 731 λείψανα
1241 663 1350 712 τῶν
1379 657 1544 732 ἆγίων
1605 660 1882 734 μαρτύρων

2035 679 2167 719 rum
2200 678 2529 741 martyrum
2553 654 2836 746 reliquias
2855 654 3526 732 intulit.Multo_demum
3555 684 3686 748 post

271 743 499 821 Χρόνοις
547 744 605 801 δὲ
661 745 882 822 ὕστερον
942 746 1032 801 καὶ
1099 747 1259 810 αὐτὸς
1321 748 1350 802 6
1400 749 1554 822 ἅγιος
1604 753 1882 824 Μαρουθᾶς

2032 756 2297 826 tempore
2353 767 2412 815 et
2461 764 2590 834 ipse
2647 743 2885 820 sanctus
2915 767 3232 829 Maruthas,
3265 766 3384 821 Deo
3423 743 3676 835 volente,

269 837 615 911 συγχωρήσει
690 839 845 905 Θεοῦ,
898 837 1152 907 νοσήσας,
1227 835 1508 927 παρέδωκε
1564 837 1651 927 τὸ⁸
1704 841 1881 910 πνεῦμ

2029 843 2238 900 morbo
2259 857 2661 922 correptus,eo
2685 855 2812 926 ipso
2842 856 2937 910 die
2969 855 3243 927 spiritum
3263 856 3528 922 tradidit,
3562 872 3678 926 quo

265 927 378 980 κατ’
411 925 578 995 αὐτὴν
629 927 730 994 τήν
762 925 995 999 ἡμέραν,
1028 926 1148 989 καθ’
1205 922 1272 993 ἤν
1327 926 1427 994 τὴν
1471 929 1579 980 τῶν
1639 924 1910 999 λειψάνων

263 1015 604 1080 συνάθροισιν
637 1013 956 1084 ἐποιήσατο·
987 1015 1100 1087 μεθ’
1131 1011 1205 1068 ὧν
1236 1013 1326 1068 καὶ
1355 1013 1611 1084 κατετέθη
1643 1014 1707 1069 τὸ
1727 1014 1908 1088 τίμιον

261 1103 426 1157 αὐτοῦ
449 1103 735 1178 λεὲψανον.

820 1202 998 1279 main
1033 1222 1123 1278 Ta
1147 1224 1344 1279 Ar’l‘o.

1034 1311 1113 1366 IZ'

257 1408 525 1474 Ἀθλησις
562 1412 660 1464 τοῦ
709 1408 871 1484 ἁγίου
929 1406 1417 1487 μεγαλομάρτυρος
1475 1407 1759 1487 Θεοδώρου
1809 1415 1905 1465 τοῦ

950 1483 1214 1554 τύρωνος.

323 1571 384 1626 Ὀ
409 1571 561 1644 ἅγιος
595 1569 1015 1646 μεγαλομάρτυς
1045 1568 1324 1644 Θεόδωρος
1360 1570 1387 1625 ὀ
1431 1571 1632 1647 τύρων,
1689 1573 1756 1641 ἦν
1815 1571 1902 1626 ἐπὶ

246 1666 349 1726 τῆς
399 1658 683 1734 βασιλείας
744 1660 1092 1733 Μαξιμιανοῦ
1148 1660 1235 1714 καὶ
1299 1661 1602 1734 Μαξιμίνου
1649 1665 1756 1715 τῶν
1811 1682 1900 1714 πι-

246 1753 395 1819 κρῶν
422 1747 697 1817 διωκτῶν,
756 1749 950 1804 νεωστί
1007 1751 1346 1824 στρατευθείς
1377 1750 1452 1812 είς
1506 1752 1568 1805 τὸ
1606 1752 1806 1826 τάγμα,
1837 1752 1899 1806 τὸ

2027 939 2368 992 sanctorum
2401 941 2684 1012 reliquias
2716 944 2778 1000 in
2827 961 2961 999 eum
3020 945 3215 1000 locum
3276 951 3672 1016 congesserat,

2024 1037 2158 1077 cum
2190 1026 2408 1095 quibus
2441 1035 2498 1084 et
2544 1034 2819 1103 pretioszn
2864 1035 3050 1106 ipsius
3089 1035 3358 1106 reliquiis
3388 1034 3670 1106 depositas

2021 1108 2280 1171 fuerunt.

2553 1211 2790 1267 EODEM
2815 1214 3058 1269 EENSE.

2515 1301 2617 1355 Die
2649 1301 2878 1358 decima
2899 1304 3152 1374 septima

2089 1473 2242 1528 I90
2265 1476 2549 1534 Certamen
2605 1485 2782 1537 sancti
2840 1486 3029 1564 magni
3076 1485 3338 1553 martyris
3398 1480 3664 1537 Theodori

2719 1563 2882 1624 tyron
2893 1563 2952 1610 is.

2087 1633 2334 1691 Sanctus
2367 1656 2615 1711 magnus
2662 1651 2887 1714 martyr
2917 1645 3257 1699 Theodorus
3308 1651 3456 1714 tyro,
3491 1643 3664 1698 Maxi-

2013 1722 2214 1778 miano
2245 1731 2302 1779 et
2357 1729 2674 1786 Maximino
2731 1733 3131 1788 acerbissimis
3189 1735 3661 1789 Christianorum

248 1835 551 1911 λεγόμενον
609 1840 960 1913 Τυρωνᾶτον,
1027 1839 1144 1893 καῖ’
1178 1837 1350 1894 τελῶν
1414 1840 1516 1894 ὑπό
1564 1839 1769 1916 Κρίγγᾳ
1824 1846 1882 1912 τᾷ

2015 1819 2518 1888 persecutoribus,
2570 1823 2917 1879 adolescens
2963 1825 3238 1880 militavit
3267 1825 3328 1879 in
3360 1841 3447 1892 ea,
3483 1839 3660 1894 quam

269 1877 549 1911 ιεινμῡννν
620 1877 960 1913 ινιιωσυιιυν,
1029 1877 1116 1893 hun-
1189 1877 1350 1894 ιεριὶυδν
1414 1877 1516 1894 νην
1564 1877 1690 1915 ιιγιι
1835 1877 1902 1912 by}:
1935 1877 2024 1921 Dr'

251 1928 625 1998 πραιποσίτῳ.
687 1927 975 2002 Ὑπαρχων
1037 1925 1093 1982 δὲ
1153 1927 1257 1982 ἀπὸ
1312 1934 1412 1998 τῆς
1473 1929 1678 2004 ἐνορίας
1727 1932 1901 2002 Ἀμα-

245 2014 416 2083 σείας,
451 2017 543 2070 καὶ
603 2015 814 2070 ἀκούων
877 2015 1123 2082 πολλοὺς
1184 2019 1634 2094 βασανιζομένους
1666 2016 1754 2073 διὰ
1807 2019 1900 2073 τὸν

243 2108 501 2182 Χριστὸν,
536 2108 806 2179 ἐζήλωσε,
839 2109 928 2162 καὶ
961 2109 1126 2179 ἤθελε
1165 2112 1252 2165 καὶ
1308 2109 1468 2173 αὐτὸς
1532 2118 1895 2187 μαρτυρῆσαι.

248 2195 660 2270 Ἀπελθόμενος
719 2195 776 2252 δὲ
833 2198 970 2274 πρὸς
1034 2200 1125 2254 τὸν
1184 2201 1422 2276 Κρίγγαν
1452 2200 1527 2263 είς
1580 2199 1895 2273 Ἀμάσειαν,

242 2288 456 2358 μαθὼν,
507 2288 591 2342 ὅτι
652 2284 866 2357 δράκων
922 2293 1284 2362 παμμεγέθης
1344 2289 1456 2344 ἐστὶ
1495 2287 1733 2360 πλησίον
1793 2290 1895 2346 Εὐ-

251 2376 487 2450 γαΐτων,
511 2376 801 2452 ἐλογίσατο
833 2380 952 2432 καθ’
981 2378 1190 2448 ἑαυτὸν,
1226 2380 1300 2441 ὡς
1359 2379 1423 2436 Εἰ
1479 2380 1571 2435 τὸν
1632 2377 1897 2454 δράκοντα

238 2443 508 2543 έονεεέσω,
572 2464 770 2539 λέγων,
820 2467 1025 2536 νικήσω
1082 2467 1173 2522 καὶ
1227 2469 1318 2522 τὸν
1380 2461 1662 2524 διάϐολον.
1721 2469 1892 2545 Ὅπερ

240 2555 329 2610 καὶ
386 2555 635 2625 ἐποίησε.
693 2556 795 2611 Καὶ
852 2553 1106 2611 ἀπελθὼν
1166 2555 1241 2619 εἷς
1297 2555 1613 2630 ’Λμάσειαν,
1660 2557 1894 2613 ὲνώπιιιν

241 2649 334 2699 τοῦ
366 2643 573 2720 Κρίγγα
633 2643 968 2719 ὡμολόγησε
1023 2645 1115 2700 τὸν
1176 2647 1430 2722 Χριστόν,
1463 2647 1524 2704 Ὀ
1575 2645 1632 2702 δὲ
1689 2647 1893 2703 ἐκπλα-

243 2735 378 2809 γεὶς,
404 2732 603 2788 ἔδωκεν
631 2732 782 2806 αὐτῷ
835 2733 1026 2808 καιρὸν
1051 2738 1148 2789 τοῦ
1198 2734 1514 2809 σκέψασθαι.
1547 2736 1609 2793 Ὁ
1650 2733 1706 2790 δὲ
1738 2738 1894 2811 ἅγιος

263 2821 351 2876 διὰ
377 2830 468 2892 τῆς
496 2825 689 2888 νυκτὸς
718 2822 981 2900 ἐνέπρησε
1034 2826 1126 2879 τὸν
1182 2826 1308 2880 ναὸν
1354 2831 1463 2882 τῶν
1495 2824 1765 2882 εἶδωλων·
1800 2829 1892 2883 καὶ

267 2910 512 2987 ὀργισθεὶς
544 2915 574 2968 6
606 2912 847 2989 Κρίγγας
888 2910 1229 2970 κατεδίκασεν
1290 2916 1451 2970 αὐτὸν
1483 2915 1615 2991 πυρὶ
1671 2923 1889 2988 καῆναι,

251 3000 295 3071 ᾧ
323 2999 518 3065 ἐκεῖνος
548 2997 744 3056 ἔκαυσε
799 3003 890 3056 τὸν
941 3003 1092 3062 ναόν.
1129 2999 1464 3078 Ἐμϐληθεὶς
1493 3003 1584 3060 οῦν
1613 3004 1688 3068 είς
1717 3010 1888 3080 καμι-

243 3109 353 3159 νον,
382 3090 709 3165 ἠγωνίζετο.
745 3090 847 3147 Καὶ
906 3089 1038 3147 ἰδὼν
1096 3091 1187 3146 τὸν
1253 3091 1542 3150 Κλεόνικον
1595 3095 1688 3149 τὸν
1751 3092 1886 3150 ἴδιον

241 3177 402 3234 αὐτοῦ
431 3177 671 3249 πλησίον
701 3180 926 3251 ἑστῶτα,
960 3182 1098 3236 εἷπε·
1154 3181 1437 3254 Κλεόνικε,
1497 3179 1775 3260 περιμένω
1807 3205 1884 3238 σε·

240 3267 325 3322 καὶ
357 3268 533 3331 οὕτως
566 3266 885 3341 ἐτελειώθη.

846 3389 926 3462 Τῇ
946 3387 1081 3462 αὐτῇ
1103 3389 1286 3465 ἡμέρᾳ

303 3476 516 3548 Μνήμη
549 3482 650 3546 τῆς
690 3476 851 3556 ἁγίας
881 3477 1208 3556 Μαριᾴμν-ης
1239 3476 1484 3556 ἀδελφῆς
1515 3483 1612 3536 τοῦ
1659 3479 1814 3556 ἁγίου

664 3549 949 3604 Φιλίππου
975 3549 1079 3604 τοῦ
1125 3549 1455 3608 ἀποστόλου.

307 3666 457 3722 Μετᾶ
485 3669 588 3737 τὴν
617 3665 890 3739 ἀνάληψιν
932 3673 1030 3723 τοῦ
1084 3671 1341 3742 Χριστοῦ,
1385 3669 1820 3743 παραγενόμενος
1855 3671 1883 3724 6

244 3757 392 3830 ἅγιος
426 3756 728 3824 Φίλιππος,
763 3759 898 3831 μετά
953 3763 1051 3813 τοῦ
1104 3759 1261 3835 ἁγίου
1322 3758 1761 3833 Βαρθολομαίου,
1791 3759 1882 3813 καὶ

245 3845 574 3919 Μαριάμμης
602 3851 700 3914 τῆς
734 3847 962 3920 γνησίας
993 3847 1161 3901 αὐτοῦ
1217 3845 1458 3925 ἀδελφῆς
1513 3847 1588 3910 εἰς
1636 3849 1880 3921 Ἱεράπο-

240 3930 351 4000 λιν,
377 3933 468 3987 καὶ
499 3930 592 3988 διὰ
616 3935 679 3988 τὸ
707 3937 935 4010 κηρῦξαι
967 3935 1058 3990 τὸν
1092 3934 1255 4012 λόγον
1313 3941 1410 3992 τοῦ
1463 3939 1722 4014 Χριστοῦ,
1755 3958 1880 4014 κρε-

243 4023 460 4093 μσθείς
491 4023 584 4077 καὶ
613 4023 943 4095 τελειωθεὶς,
985 4023 1182 4095 ηὔξατο
1237 4025 1373 4102 πρὸς
1428 4027 1520 4082 τὸν
1579 4029 1732 4097 Θεὸν,
1789 4029 1877 4082 καὶ

235 4113 810 4184 κττεκώσθησαν,τῆς
849 4121 949 4190 γῆς
1005 4115 1332 4189 χαινούστρ,
1390 4117 1478 4171 καὶ
1541 4114 1876 4191 ὑποδεξαμέ-

238 4227 334 4272 νης
363 4205 583 4274 αὐτοὺς,
612 4206 704 4260 τὸν
723 4206 1044 4280 ἀνθύπατον,
1078 4211 1165 4266 χαί
1223 4213 1317 4268 τὸν
1379 4216 1469 4270 ὑπ’
1524 4217 1682 4274 αὐτὸν
1719 4219 1872 4277 λαόν.

238 4297 298 4352 υἱ
331 4294 387 4352 δὲ
410 4297 601 4352 λοιποὶ
643 4294 968 4374 φοϐηθέντες
997 4303 1372 4378 παρεκάλεσαν
1421 4308 1510 4364 τὸν
1545 4309 1700 4386 ἆγιον
1734 4314 1873 4390 Bap-

233 4386 548 4460 θολομαῖον,
581 4388 672 4443 καὶ
722 4393 823 4458 τήν
876 4391 1029 4466 ἁγίαν
1089 4396 1439 4471 Μαριάμνην,
1495 4386 1874 4476 κρεμαμένους

227 4476 307 4530 καί
339 4476 534 4538 αὐτοὺς
567 4472 742 4543 ὄντας,
771 4478 860 4533 ἳνα
892 4481 969 4551 μὴ
1027 4484 1115 4537 καὶ
1176 4484 1329 4542 αὐτοὶ
1377 4494 1868 4565 καταποντισθῶσι,

227 4565 308 4620 καὶ
342 4564 698 4634 ἐδυσώπησαν
748 4566 902 4623 αὐτοὶ
949 4571 1041 4625 τὸν
1092 4575 1241 4647 ἅγιον
1301 4576 1603 4652 Φίλιππον,
1663 4584 1755 4639 καὶ
1806 4586 1867 4641 οὐ
1899 4595 1946 4660 D

226 4657 598 4711 κατεπόντισεν
630 4656 1044 4719 αὐτούς.³Αλλὰ
1101 4663 1190 4717 καὶ
1241 4665 1370 4731 τοὺς
1424 4675 1870 4739 καταποντισθέν.

221 4763 306 4806 τας
357 4745 610 4821 ἐξήγαγε·
673 4747 766 4802 τὸν
821 4744 880 4802 δὲ
965 4749 1290 4826 ἀνθύπατον,
1349 4758 1439 4812 καὶ
1496 4762 1596 4830 τήν
1651 4758 1872 4840 ἔχιδναν

224 4833 388 4911 ἀφῆκε
419 4837 590 4891 κάτω·
650 4836 774 4891 τότε
827 4835 1170 4899 ἀπελύθησαν
1221 4846 1248 4899 ὁ
1312 4833 1728 4925 Βαρθολομαῖος
1777 4841 1873 4911 καἰ

218 4923 247 4991 ἡ
274 4923 594 4999 ὶίαριάμνη.
627 4924 726 4980 Καὶ
758 4926 786 4980 6
816 4928 1237 5003 Βαρθολομαῖος
1266 4923 1519 5002 ἀπελθὼν
1552 4923 1630 5002 εἷς
1665 4940 1860 5000 Ἰνδίαν

216 5014 306 5081 τήν
341 5010 675 5086 Εὗδαὶμονα,
708 5017 1039 5090 σταυρωθεὶς
1097 5018 1425 5084 τελειοῦται.
1490 5029 1554 5086 Ἡ
1614 5027 1672 5086 δὲ
1728 5033 1854 5108 ἁγία

214 5102 507 5176 Μαριάμνη
539 5102 854 5159 ἀπελθοῦσα
885 5105 963 5169 εἲς
993 5111 1318 5184 Λυκαονίαν,
1373 5115 1463 5171 καὶ
1520 5119 1862 5193 κηρύττουσα

209 5193 293 5246 τὸν
322 5191 584 5268 Χριστὸν,
615 5191 669 5248 ἐν
703 5192 897 5269 εἷ’ρήνῃ
930 5195 1215 5260 ἀπέθανεν.

774 5304 862 5375 Τῇ
921 5304 1057 5372 αὐτῆ
1097 5309 1131 5377 ἡ
1143 5309 1280 5382 μέρᾳ

204 5393 398 5464 Μνήμη
435 5396 530 5447 τοῦ
561 5392 610 5447 ἐν
644 5393 827 5474 ἁγίοις
863 5397 1072 5474 Πατ-ρὸς
1103 5400 1263 5474 ἡμῶν
1316 5399 1578 5474 Δῦξιϐίου
1627 5407 1852 5469 ἐπισκό-

620 5467 730 5520 που
759 5473 862 5534 τῆς
891 5467 1108 5531 πόλεως
1150 5467 1418 5548 ’Κύπρουξ

271 5555 441 5616 Οὗτος
470 5553 676 5630 ἰγένετο
708 5556 822 5610 ἀπὸ
881 5563 982 5626 τῆς
1033 5557 1271 5625 παλαιᾶς
1327 5566 1566 5641 Ῥώμης,
1605 5575 1681 5638 εἷς
1736 5583 1846 5634 τῶν

212 5642 498 5717 Ἑλλήνων,
581 5644 1004 5717 ’Λκολουθήσας
1087 5647 1145 5706 δὶ
1219 5657 1299 5728 τῷ
1358 5657 1496 5733 ἁγίῳ
1553 5663 1845 5746 ἀποστόλῳ

2018 1903 2303 1972 Tyronum
2357 1908 2582 1976 dicunt,
2633 1911 2885 1982 legione,
2948 1915 3251 1984 professus
3303 1919 3508 1984 postea
3547 1911 3655 1967 sub

2006 1990 2222 2064 Cringa
2261 1999 2598 2066 praeposito.
2631 2001 2774 2055 Cum
2825 2009 3023 2058 autem
3056 2004 3116 2057 in
3148 2008 3411 2059 Amaseaa
3437 2004 3655 2060 finibus

2006 2087 2179 2146 esset,
2215 2084 2562 2156 audiretque
2590 2089 2811 2144 multos
2843 2108 2947 2161 pro
2980 2092 3210 2147 Christo
3243 2094 3384 2164 pati.
3418 2095 3539 2148 zelo
3564 2094 3658 2148 in-

2002 2183 2240 2231 census.
2274 2173 2459 2228 voluit
2490 2183 2546 2230 et
2570 2178 2695 2248 ipse
2729 2181 3079 2250 martyrium
3105 2182 3327 2239 subire.
3363 2183 3448 2236 Ad
3486 2183 3623 2237 Crin

2000 2273 2130 2329 gam
2165 2260 2365 2332 itaque
2398 2267 2709 2321 Amaseam
2746 2270 3064 2338 profectus,
3100 2288 3233 2325 cum
3291 2273 3664 2343 cognovisset

2001 2346 2320 2406 draconem
2355 2362 2716 2424 portentosae
2748 2359 3176 2431 magnitudinis
3199 2377 3326 2415 esse
3351 2361 3506 2432 apud
3539 2363 3657 2416 Eu-

2003 2435 2460 2502 chaitas,secum
2485 2444 2876 2514 reputabat,si
2902 2446 3220 2502 draconem
3243 2449 3658 2516 interfecisset,

2007 2524 2251 2578 omnino
2285 2542 2347 2580 se
2379 2535 2804 2600 superaturum
2838 2533 3015 2588 etiam
3049 2535 3382 2589 diabolum:
3410 2535 3568 2607 quod
3600 2541 3658 2590 et

2005 2615 2617 2690 prmstititlngressus
2631 2629 2827 2676 autem
2854 2628 3464 2699 Amaseam,Cringam
3488 2627 3652 2692 adiit,

2006 2701 2438 2778 Christumque
2502 2710 2830 2779 professus,
2893 2713 3095 2786 flagris
3153 2716 3649 2772 caditurDeinde

1997 2795 2264 2864 tempore
2296 2795 2372 2850 ad
2423 2797 2878 2856 deliberandum
2909 2803 2960 2857 ei
3009 2804 3166 2866 dato,
3198 2813 3435 2862 sanctus
3468 2814 3646 2862 noctu

1997 2880 2303 2939 idolorum
2345 2884 2549 2942 fanum
2581 2889 2865 2945 incendit.
2901 2893 3089 2957 Quare
3122 2896 3462 2968 indignatus
3494 2898 3655 2951 Crin-

1995 2973 2504 3042 gas,Theodorum
2539 2978 2798 3035 ﬂammis
2824 2981 3426 3056 adjudicavit,quibus
3441 2987 3645 3041 fanum

1995 3062 2498 3123 combusserat.ln
2531 3069 2835 3126 fornacem
2861 3074 3059 3145 itaque
3081 3076 3357 3148 injectus,
3391 3094 3642 3150 agonem

1997 3167 2168 3207 suum
2201 3155 2596 3213 conﬁciebat:
2631 3165 2688 3214 et
2733 3162 2937 3217 videns
2995 3165 3338 3222 Cleonicum
3388 3169 3646 3222 amicum

1917 3232 1962 3296 C
1996 3255 2168 3296 suum
2200 3261 2382 3316 prope
2406 3253 2721 3319 astantem,
2756 3252 2838 3307 ait
2870 3270 2882 3309 :
2915 3254 3211 3322 Cleonice,
3243 3261 3300 3312 te
3325 3264 3598 3329 exspecto
3628 3274 3641 3312 :

1994 3333 2170 3400 atque
2194 3332 2276 3387 ita
2307 3344 2697 3409 consumptus
2728 3347 2837 3397 est.

2651 3448 2870 3504 Eodem
2904 3451 2998 3506 die

1991 3527 2138 3582 I97
2217 3531 2671 3591 Commemoratio
2747 3546 2947 3595 sanctae
3031 3544 3359 3601 Mariamna:
3438 3550 3641 3603 sororis

2433 3609 2613 3661 sancti
2647 3609 2900 3681 Philippi
2930 3615 3190 3680 apostoli.

2061 3704 2200 3757 Post
2219 3705 2434 3762 Christi
2467 3712 2880 3769 ascensionem
2914 3722 3155 3774 sanctus
3187 3720 3498 3794 Philippus
3521 3740 3641 3780 una

1988 3808 2121 3846 cum
2155 3801 2358 3850 sancto
2393 3799 2912 3869 Bartholomaao,et
2940 3807 3262 3865 Mariamna
3294 3830 3494 3868 sorore
3528 3833 3637 3870 sua

1985 3897 2288 3952 germana,
2324 3887 2683 3960 Hierapolim
2719 3895 2876 3948 venit
2909 3913 2921 3950 :
2955 3897 3153 3969 ibique
3209 3910 3450 3973 propter
3495 3905 3632 3961 fidei

1985 3971 2471 4042 praedicationem
2505 3996 2852 4052 suspensus,
2892 3985 3165 4056 decessit,
3211 3971 3545 4063 oravitque,
3579 4001 3637 4050 et

1983 4067 2190 4133 aperta
2220 4069 2378 4121 terra
2405 4067 2720 4140 absorptus
2749 4078 2838 4126 est
2860 4078 3333 4145 proconsulcum
3367 4082 3632 4153 subjecto

1983 4149 2094 4204 sibi
2127 4155 2366 4225 populo.
2401 4158 2544 4213 Tum
2573 4165 2937 4219 consternati
2969 4169 3166 4223 caeteri
3210 4188 3415 4242 rogare
3440 4189 3633 4245 caepe-

1981 4246 2121 4295 runt
2150 4251 2420 4302 sanctum
2473 4249 2991 4326 Bartholomaeum,
3023 4264 3082 4312 et
3137 4269 3402 4316 sanctam
3426 4265 3632 4321 Maria-

1977 4346 2203 4399 mnam,
2233 4336 2334 4407 qui
2367 4343 2425 4391 et
2458 4339 2570 4411 ipsi
2605 4330 2966 4413 pendebant,
3002 4365 3075 4404 ne
3135 4367 3254 4406 una
3311 4370 3445 4407 cum
3495 4356 3628 4411 aliis

1979 4419 2466 4496 demergerentur
2497 4447 2510 4485 :
2543 4449 2795 4502 quorum
2829 4439 3102 4506 precibus
3160 4448 3354 4497 motus
3387 4451 3629 4500 sanctus

1977 4511 2306 4586 Philippus,
2332 4533 2450 4573 non
2482 4522 2658 4576 modo
2690 4541 2789 4578 eos
2829 4527 3159 4584 incolumes
3191 4533 3462 4600 servavit,
3522 4536 3627 4590 sed

1978 4600 2116 4657 illos
2152 4605 2508 4679 etiam,quos
2541 4616 2697 4667 terra
2725 4613 3024 4684 hauserat,
3057 4619 3480 4682 eduxit.solum
3496 4642 3624 4694 pro-

1987 4693 2318 4763 consulem,
2353 4704 2411 4750 et
2461 4698 2720 4769 viperam
2744 4703 2850 4756 sub
2883 4710 3042 4760 terra
3071 4708 3436 4780 relinquens.
3469 4715 3630 4770 Tunc

1986 4780 2162 4834 soluti
2191 4790 2330 4838 sunt
2361 4786 2912 4856 Bartholomceus,et
2932 4795 3255 4854 Mariamna
3279 4818 3292 4854 :
3312 4808 3370 4857 et
3391 4803 3630 4860 Bartho-

1983 4865 2232 4924 lomaaus
2259 4872 2500 4941 quidem
2532 4876 2594 4930 in
2626 4877 2858 4933 Indiam
2890 4882 3145 4939 Felicem
3166 4889 3464 4958 profectus
3511 4893 3624 4948 ibi-

1980 4970 2095 5024 que
2125 4958 2285 5012 cruci
2312 4959 2546 5031 afﬂxus,
2567 4963 2859 5035 decessit;
2903 4978 3108 5029 sancta
3137 4993 3270 5032 vero
3302 4981 3627 5039 Mariamna

1978 5042 2328 5115 Lycaoniam
2359 5055 3014 5132 petens,Christumque
3036 5067 3454 5135 praadicansjn
3476 5090 3621 5144 pace

1973 5134 2269 5192 occubuit.

2609 5352 2830 5410 Eodem
2881 5355 2977 5414 die

1964 5429 2117 5486 I98
2162 5434 2631 5518 Commemoratz'o
2673 5447 2860 5500 sancti
2912 5450 3098 5507 Patris
3152 5458 3336 5510 nostri
3387 5458 3618 5518 Auxibii

2537 5516 2782 5584 episcom
2817 5519 2986 5587 Cypri

2031 5591 2143 5650 lste
2173 5594 2284 5651 fuit
2304 5613 2371 5652 ex
2395 5602 2641 5672 antiqua
2683 5605 2866 5660 Roma
2889 5607 3261 5668 ethnicorum
3289 5633 3441 5673 unus
3468 5639 3481 5675 :
3508 5639 3568 5675 se

1956 5689 2230 5742 sanctum
2258 5691 2594 5760 apostolum
2625 5698 2684 5748 et
2712 5697 3140 5768 evangelistam
3162 5704 3422 5761 Marcum
3445 5723 3611 5764 secu-
