4112 6308
393 345 510 405 319

1717 337 2142 400 MENOLOGII
2187 335 2390 397 PARS
2433 338 2515 397 II.

3691 332 3819 391 320

402 483 519 543 tus,
557 482 614 533 et
642 477 889 532 verbum
911 477 1170 532 veritatis
1189 476 1260 532 ab
1293 493 1360 532 eo
1395 476 1658 542 edoctus,
1692 479 1867 546 atque
1897 472 2044 543 bap-

2179 469 2366 543 Ᾰάρκῳ
2396 468 2485 522 xui
2535 465 2920 541 εύαγγελιστῇ,
2975 465 3064 519 καὶ
3123 461 3403 539 διδαχθεὶς
3451 465 3581 540 παρ’
3639 462 3815 518 αὐτοῦ

405 572 631 636 tizatus,
666 570 951 625 diaconus
979 571 1260 640 primum,
1321 569 1534 624 deinde
1584 568 1912 640 presbyter,
1944 565 2042 619 de-

403 679 566 716 mum
602 662 896 716 Soliorum
928 662 985 715 in
1019 663 1204 733 Cypro
1239 662 1550 732 episcopus
1582 660 1890 715 ordinatus
1933 661 2041 711 est.

401 749 582 820 Igitur
610 749 752 803 illuc
784 749 1103 820 profectus,
1130 757 1186 804 et
1217 750 1529 804 ecclesiam
1561 748 2044 818 suscipiens,non

399 841 645 900 mensis,
674 845 732 893 et
762 839 1185 910 voluptatibus,
1222 846 1287 894 ut
1316 839 1588 894 nonnulli
1622 839 1867 900 faciunt,
1889 835 2047 906 seip-

403 945 532 984 sum
562 927 789 984 addixit
830 969 844 994 ,
875 929 978 983 sed
1010 929 1250 1000 vigiliis,
1302 929 1690 996 orationibus,
1725 926 1894 982 humi
1946 941 2047 980 cu-

403 1018 766 1084 bationibus,
791 1024 849 1073 et
871 1019 1144 1090 jejuniis,
1178 1020 1360 1074 Deum
1393 1025 1565 1074 nocte
1591 1019 1806 1088 dieque
1846 1031 2045 1078 orans,

401 1113 467 1162 ut
495 1107 698 1178 populi
733 1108 820 1161 sui
857 1109 1158 1176 misertus,
1191 1109 1670 1180 persecutionem
1699 1123 1732 1161 a
1781 1104 2048 1176 tyrannis

407 1196 687 1251 adversus
743 1197 1114 1252 Christianos
1157 1198 1511 1252 concitatam
1572 1195 1825 1259 sedaret,
1867 1199 2049 1263 utque

409 1301 616 1339 omnes
647 1290 868 1338 rectam
902 1285 1077 1340 ﬁdem
1111 1293 1559 1358 cognoscerent,
1594 1291 1653 1339 et
1681 1284 2050 1354 impietatem

407 1380 788 1448 abnegarent.
834 1377 966 1431 Haec
997 1378 1241 1442 faciens,
1277 1379 1616 1449 multosque
1647 1376 1720 1432 ad
1752 1378 1936 1430 Deum
1966 1373 2052 1428 vi-

402 1481 538 1520 vum
573 1471 948 1532 convertens,
982 1466 1314 1521 innumeris
1345 1467 1593 1537 patratis
1632 1463 1958 1528 miraculis,
1991 1463 2052 1516 in

402 1572 547 1628 pace
578 1555 650 1610 ad
685 1556 866 1610 Deum
899 1557 1187 1628 migravit,
1216 1557 1480 1629 gaudens
1513 1557 1573 1611 in
1606 1561 1895 1610 aeternum
1918 1567 2052 1608 cum

403 1645 633 1700 caeteris
667 1646 907 1700 sanctis.

2079 1827 2132 1891 B

1049 1916 1271 1972 Eodem
1314 1916 1411 1972 die

2161 557 2251 612 τὸν
2287 557 2452 630 λόγον
2485 558 2584 624 τῆς
2611 555 2891 624 ἀληθείας,
2921 547 3217 622 ἐϐαπτίσθη
3259 553 3350 606 καὶ
3408 552 3813 626 ἐχειροτονήθη

2164 646 2432 708 διάκονοςο
2468 649 2583 701 εἶτα
2612 642 3003 719 πρεσϐύτερος,
3064 642 3150 697 καὶ
3211 643 3342 714 μετὰ
3400 646 3560 695 τοῦτο
3590 641 3818 695 ἐπίσκο-

2167 758 2269 799 πος
2304 735 2516 791 Σολίων
2544 739 2644 799 τῆς
2676 733 2891 794 πόλεως
2925 733 3162 806 Κύπρου·
3214 730 3356 784 ὅπου
3411 730 3500 784 καὶ
3554 729 3818 793 ἀπελθὼν

2162 826 2252 880 καὶ
2301 826 2400 893 τήν
2461 822 2752 894 ἐκκλησίαν
2810 817 3170 897 παραλαϐὼν,
3229 819 3290 873 οὗ
3351 818 3487 892 πρὸς
3543 818 3824 894 τραπέζας

2164 912 2418 984 ἐξέδωκεν
2453 913 2643 967 ἐαυτὸν
2683 911 2771 966 καί
2802 913 3026 988 τρυφὰς,
3059 909 3241 980 ὥσπερ
3269 909 3432 978 τινὲς,
3493 905 3642 964 άλλὰ
3672 910 3819 981 πρὸς

2165 1002 2484 1077 ἀγρυπνίας,
2571 1000 2922 1076 προσευχὰς,
3006 999 3142 1070 πρὸς
3227 995 3592 1072 ξηροκοιτίας,
3678 997 3825 1071 πρὸς

2165 1094 2437 1166 νηστείας,
2479 1090 2809 1164 παρακαλῶν
2863 1091 2957 1145 τὸν
3008 1090 3135 1144 Θεὸν
3184 1088 3377 1149 νυκτὸς
3429 1087 3520 1142 καὶ
3577 1087 3820 1158 ἡμέρας,

2159 1183 2248 1239 ἵνα
2278 1183 2480 1259 ἐλεήσῃ
2512 1185 2602 1238 τὸν
2633 1183 2764 1237 λαὸν
2789 1181 2975 1247 αὐτοῦ,
3009 1179 3096 1234 καὶ
3158 1181 3329 1252 στήσῃ
3385 1182 3493 1233 τῶν
3540 1178 3818 1252 τυράννων

2164 1275 2254 1328 τὸν
2287 1273 2422 1328 κατὰ
2475 1276 2583 1327 τῶν
2641 1273 2976 1346 Χριστιανῶν
3039 1266 3303 1342 διωγμόν·
3364 1266 3453 1320 καὶ
3509 1266 3599 1320 ἳνα
3643 1270 3819 1339 γνῶσι

2164 1365 2360 1425 πάντες
2389 1361 2452 1416 τὸ
2485 1362 2657 1435 ὀρθῶς
2690 1358 2979 1427 πιστεύειν,
3011 1358 3378 1432 ἀρνησάμενοι
3408 1357 3507 1425 τὴν
3541 1350 3817 1410 ἂσέϐειαν.

2166 1449 2326 1512 Οὕτω
2383 1455 2582 1517 ποιῶν,
2637 1448 2726 1504 καὶ
2784 1445 3030 1508 πολλοὺς
3090 1445 3412 1520 ἐπιστρέψας
3489 1444 3626 1519 πρὸς
3679 1445 3816 1498 Θεὸν

2170 1547 2364 1612 ζῶντα,
2413 1542 2503 1594 καὶ
2556 1539 2763 1612 μυρίων
2839 1537 3128 1610 θαυμάτων
3185 1534 3450 1608 ἀξιωθεὶς,
3511 1534 3562 1588 ἐν
3612 1533 3808 1608 εἰρήνῃ

2167 1632 2305 1707 πρὸς
2337 1630 2466 1685 Θεὸν
2510 1626 2863 1700 ἐξεδήμησεν,
2917 1623 3336 1703 εὐφραινόμενος
3391 1622 3650 1691 αἰωνίως,
3712 1621 3811 1676 σὺν

2166 1725 2286 1782 τοῖς
2317 1717 2538 1779 λοιποῖς
2573 1715 2770 1791 ἁγίοις.

2718 1909 2805 1980 Τῇ
2859 1905 2996 1978 αὖτῇ
3051 1899 3235 1977 ἡμέρᾳ

411 2003 564 2059 I99
607 2005 1057 2061 Commemoratio
1111 2010 1289 2062 sancti
1341 2008 1526 2061 Patris
1581 2007 1757 2062 nostri
1799 2006 2055 2061 Flaviani

2179 2000 2362 2073 ιίνήμη
2395 2000 2496 2052 τοῦ
2528 1995 2580 2051 ἐν
2613 1994 2791 2068 ἁγίοις
2823 1993 3045 2073 Ματρὸς.
3071 1995 3240 2073 ἡμῶν
3259 1991 3384 2073 ,καὶ
3443 1990 3812 2073 ἀρᾉχιεπισκό-

692 2077 1096 2149 archiepiscopi
1144 2077 1765 2148 Constantinopolitani.

477 2164 725 2220 Sanctus
757 2167 929 2221 Pater
958 2172 1162 2222 noster
1191 2168 1505 2223 Flavianus
1535 2174 1754 2224 sancta;
1775 2168 2057 2224 Constan-

408 2255 816 2324 tinopolitanae
849 2257 1113 2312 ecclesiae
1146 2259 1476 2329 presbyter,
1508 2258 1581 2313 ob
1613 2259 1908 2332 insignem
1927 2258 2054 2312 vita)

409 2332 831 2412 integritatem,
867 2344 986 2398 Deo
1018 2344 1279 2412 volente,
1311 2345 1688 2416 imperatoris
1719 2352 1778 2402 et
1817 2350 2055 2401 senatus

413 2430 714 2501 suffragio,
747 2430 1015 2502 ejusdem
1047 2433 1311 2488 ecclesia;
1343 2434 1679 2504 patriarcha
1725 2434 2055 2490 ordinatur.

413 2517 521 2582 Qui
553 2535 688 2573 cum
720 2520 1012 2576 creditum
1047 2522 1159 2577 sibi
1207 2539 1443 2595 gregem
1495 2525 1719 2595 optime
1766 2529 2056 2596 pasceret,

415 2606 820 2678 populumque
853 2609 1169 2665 virtutibus
1199 2610 1555 2680 institueret,
1591 2613 1692 2667 Dei
1743 2614 2055 2684 permissu,

417 2693 488 2747 ab
524 2694 800 2750 haeretica
831 2697 1111 2754 Dioscoro
1149 2699 1397 2770 ejusque
1447 2701 1691 2756 asseclis
1721 2701 2059 2773 deponitur,

415 2799 550 2838 cum
570 2784 1035 2854 patriarchatum
1051 2788 1343 2843 tenuisset
1365 2806 1588 2845 annum
1607 2797 1880 2858 unum,et
1901 2809 2063 2849 men-

416 2887 510 2924 ses
537 2869 744 2926 decem
770 2890 784 2939 ;
819 2879 995 2945 atque
1029 2875 1091 2929 in
1121 2876 1396 2932 exsilium
1427 2879 1818 2948 ejicitur:ubi
1844 2881 2063 2937 multas

414 2958 796 3032 diversasque
829 2980 1125 3019 aerumnas
1143 2982 1248 3036 pro
1266 2967 1591 3024 orthodoxa
1605 2968 1721 3024 fide
1735 2970 2064 3043 perferens,

418 3053 476 3102 et
502 3047 679 3115 fame,
715 3051 832 3118 siti,
866 3051 1319 3123 innumerisque
1336 3054 1510 3110 malis
1525 3061 1929 3122 vexatus,cum
1943 3075 2064 3114 non

2406 2090 2512 2124 που
2544 2059 3170 2126 Κωνσταντινουπόλεως
3206 2059 3544 2120 Φλαϐιανόύξ

2230 2153 2543 2220 Φλαϐιανὸς
2575 2158 2604 2212 ὁ
2635 2155 2687 2211 ἐν
2728 2155 2907 2230 ἁγίοις
2939 2155 3128 2228 Πατὴρ
3158 2155 3319 2225 ἡμῶν
3373 2153 3590 2228 ὑπῆρχε
3615 2155 3721 2217 τῆς
3747 2151 3805 2207 ἐν

2160 2243 2730 2308 Κωνσταντινουπόλει
2808 2245 2962 2319 ἁγίας
3049 2240 3349 2312 ἐκκλησίας
3410 2235 3802 2314 πρεσϐύτερος·

2160 2340 2250 2396 καὶ
2281 2336 2371 2394 διὰ
2395 2339 2495 2405 τήν
2529 2335 2774 2409 ἐνάρετον
2833 2335 2998 2388 αὐτοῦ
3027 2330 3334 2399 πολιτείαν,
3391 2329 3609 2401 θελήσει
3640 2333 3808 2400 Θεοῦ,

2160 2430 2250 2486 καὶ
2275 2429 2444 2505 ψήφῳ
2473 2429 2569 2480 τοῦ
2605 2422 2898 2498 βασιλέως,
2931 2421 3021 2477 καὶ
3077 2427 3178 2491 τῆς
3238 2420 3576 2495 συγκλήτου,
3611 2438 3812 2495 χειρο-

2160 2523 2396 2575 τονεῖται
2427 2513 2775 2589 πατριάρχης
2802 2519 2904 2582 τῆς
2930 2509 3098 2580 αὐτῆς
3125 2508 3438 2580 ἐκκλησίας,
3469 2509 3561 2564 καὶ
3619 2507 3816 2571 καλῶς

2162 2609 2260 2677 τὴν
2319 2607 2826 2666 καταπιστευθεῖσαν
2891 2600 3038 2673 αύτῷ
3093 2599 3337 2672 ποίμνην
3415 2597 3660 2668 διοικῶν,
3719 2599 3817 2653 καὶ

2162 2698 2254 2754 τὸν
2284 2695 2416 2753 ’λαὸν
2459 2693 2527 2749 τὰ
2581 2692 2717 2767 πρὸς
2776 2690 2967 2764 ἀρετὴν
3029 2687 3316 2755 διδάσκων,
3371 2688 3462 2744 καὶ
3525 2686 3813 2763 διεξάγων,

2167 2787 2520 2863 συγχωρήσει
2572 2785 2728 2852 Θεοῦ,
2779 2774 3106 2834 ἐκϐάλλεται
3163 2779 3309 2852 παρᾶ
3379 2781 3477 2833 τοῦ
3535 2777 3818 2851 αἱρετικοῦ

2169 2875 2489 2949 Διοσκόρου,
2520 2871 2608 2926 καὶ
2641 2875 2748 2926 τῶν
2781 2868 3107 2946 ὁμοφρόνων
3167 2869 3356 2937 αὐτοῦ,
3407 2869 3679 2941 κρατήσας
3707 2873 3819 2936 τῆς

2167 2963 2531 3042 πατριαρχίας
2580 2960 2781 3036 χρόνον
2829 2955 2946 3028 ἕνα,
2996 2959 3086 3012 καὶ
3144 2964 3320 3032 μῆνας
3369 2954 3516 3026 δέκα,
3575 2955 3668 3011 καὶ
3730 2956 3818 3020 εἷς

2171 3057 2376 3134 ἐξορίαν
2437 3050 2875 3125 παραπέμπεται,
2927 3049 3106 3107 Ὀπου
3177 3047 3390 3121 θλίψεις
3449 3045 3664 3109 πολλὰς
3721 3049 3815 3102 καὶ

419 3148 678 3196 cessaret
709 3143 825 3196 Deo
847 3145 1066 3214 gratias
1092 3162 1286 3218 agere,
1341 3147 1584 3218 diesque
1638 3167 1706 3205 ac
1759 3158 1931 3206 nocte
1996 3153 2055 3207 in

2179 3146 2461 3219 διαφόρους
2540 3139 2854 3213 ὑπομείνας,
2913 3137 3003 3193 καὶ
3061 3137 3322 3198 κακώσεις
3381 3135 3576 3210 μυρίας
3621 3156 3822 3211 καρτε-

2226 3239 2237 3245 -
2466 3233 2479 3245 ι
2514 3228 2534 3245 κ
2625 3229 2642 3245 \
2824 3229 2839 3245 \
2904 3224 2980 3245 δ’.
3143 3225 3168 3245 Μ
3386 3226 3444 3245 ’ν
3619 3230 3645 3240 ³ο
3776 3229 3806 3241 θ

417 3231 681 3284 oratione
706 3232 1077 3300 transigeret,
1138 3236 1378 3291 tandem
1429 3238 1502 3292 ad
1552 3239 1735 3295 Deum
1791 3241 2058 3314 gaudens

420 3320 710 3391 migravit.

2171 3239 2360 3313 ρήσας,
2391 3233 2482 3288 καὶ
2514 3228 2704 3302 λιμὸν,
2751 3229 2840 3282 xui
2900 3224 3079 3300 δίψαν,
3139 3225 3298 3313 ὅμως,
3348 3226 3686 3301 εὐχαριστῶν
3735 3229 3822 3298 τῷ

2166 3312 2284 3399 Θεῷ
2334 3324 2434 3379 οὐκ
2480 3321 2732 3390 ἐπαύετο,
2787 3317 2979 3378 νυκτὸς
3040 3314 3130 3370 καὶ
3185 3312 3397 3392 ἡμέρας
3427 3315 3824 3391 προσευχόμε-

415 3426 532 3467 νος.
591 3406 692 3461 Καὶ
759 3407 902 3463 οὕτω
957 3412 1349 3484 πειραζόμενος
1425 3415 1557 3490 ὑπὲρ
1604 3423 1706 3486 τῆς
1762 3418 2061 3494 ὀρθοδόξου
2141 3417 2395 3483 πίστεως,
2455 3409 2772 3479 ἀσθενήσας,
2827 3406 2964 3482 πρὸς
3039 3405 3129 3461 τὸν
3182 3405 3312 3460 Θεὸν
3369 3405 3671 3479 προθύμως
3729 3404 3826 3478 ἐε-

416 3491 511 3565 εδή
525 3515 718 3565 μησεν.

962 3590 1203 3647 EODEM
1258 3595 1508 3651 MENSE.

950 3681 1054 3735 Die
1073 3682 1305 3739 decima
1325 3692 1530 3743 octava

421 3766 575 3823 200
605 3767 1058 3854 Comm'gnzoratio
1116 3776 1320 3854 sancti
1353 3777 1553 3854 Patris
1593 3783 1772 3854 nostri
1826 3784 2068 3854 Agapeti

778 3841 1199 3914 Thaumaturgi,
1233 3849 1475 3918 episCOpi
1516 3849 1708 3919 Synai.

498 3946 744 4002 Sanctus
796 3949 970 4004 Pater
1027 3959 1232 4008 noster
1258 3957 1576 4027 Agapetus,
1610 3959 1975 4018 Diocletiano
2015 3966 2075 4018 et

425 4035 778 4091 Maximiano
820 4039 1106 4095 Herculeo
1163 4043 1642 4114 imperatoribus,
1703 4065 1773 4103 ex
1830 4051 2073 4123 regione

425 4123 808 4194 Cappadociae
836 4125 1329 4190 fuit,Christianis
1359 4136 1709 4204 parentibus
1739 4144 1936 4194 natus.
1966 4140 2075 4204 Qui

428 4228 564 4267 cum
591 4213 652 4267 in
703 4217 1132 4273 monasterium
1181 4219 1447 4290 abiisset,
1489 4226 1820 4282 monachus
1863 4227 2075 4297 factus,

2735 3585 2918 3643 MHNI
2945 3585 3036 3640 ΤΩ
3063 3587 3260 3640 ΑΥΤΩ.

2953 3703 3044 3759 IH‘

2177 3813 2297 3884 Μνή
2310 3833 2385 3886 μη
2412 3810 2509 3863 τοῦ
2534 3807 2593 3891 ἓν
2621 3802 2800 3879 ἁγίοις
2817 3801 3041 3891 ματρὸς
3060 3803 3104 3891 ’ἡ
3115 3806 3271 3891 μῶν-
3287 3802 3376 3857 xui
3408 3805 3828 3891 θαυματουργοῦ

2531 3875 2846 3952 Ἀγαπητοῦ
2886 3875 3184 3929 ἐπισκόπου
3233 3879 3464 3933 Συναοῦ.

2251 3971 2312 4027 Ὁ
2344 3966 2496 4042 ἑίγιος
2527 3965 2712 4038 Πατὴρ
2744 3964 2904 4036 ἡμῶν
2937 3962 3250 4034 Ἀγαπητὸς
3306 3961 3553 4037 ὑπῆρχεν
3603 3961 3690 4018 ἐπὶ
3719 3971 3828 4034 τῆς

2187 4056 2466 4136 βασιλείας
2499 4051 2914 4123 Διοκλητιανοῦ,
2948 4051 3038 4106 καὶ
3067 4050 3411 4122 Μαξιμιανοῢ
3456 4055 3552 4106 τοῦ
3600 4052 3829 4127 Ἑρκου-

2183 4149 2337 4221 λίου,
2412 4146 2517 4201 ἀπὸ
2602 4143 2788 4218 χώρας
2845 4147 2946 4211 τῆς
3025 4139 3429 4209 Καππαδοκίας,
3487 4144 3830 4218 Χριστιανῶν

2186 4238 2391 4313 γονέων
2451 4233 2587 4295 υἱός.
2643 4229 2892 4300 ’Δπῆλθε
2977 4227 3034 4284 δὲ
3145 4229 3222 4292 εῗς
3301 4233 3685 4306 μοναστήριον,
3738 4235 3835 4289 καὶ

432 4301 711 4373 praefecto
738 4306 1088 4360 monasterii
1111 4307 1183 4362 ob
1214 4310 1346 4364 vitaa
1375 4312 1778 4384 integritatem
1810 4318 2064 4388 apprime

2188 4301 2390 4401 ἐγένετο
2425 4321 2693 4396 μοναχός.
2750 4320 3036 4414 ’ίΙγαπήθη
3094 4316 3157 4414 δέ
3199 4301 3476 4414 παρὰ-τού
3499 4301 3832 4414 ἡγουμένου,

435 4393 670 4459 charus,
704 4410 902 4450 sacras
931 4394 1162 4452 litteras
1193 4398 1917 4462 edocetur.Miraculorum
1940 4424 2076 4463 vero

434 4484 683 4553 gratiam
713 4500 748 4539 a
771 4485 887 4540 Deo
919 4487 1237 4557 accipiens,
1271 4489 1567 4562 ingentem
1609 4491 1929 4551 draconem
1959 4513 2080 4552 non

436 4575 689 4645 procula
716 4575 1077 4631 monasterio
1100 4579 1376 4633 homines
1395 4581 1741 4652 etjumenta
1761 4585 2084 4644 conficient

435 4669 573 4719 tem.
606 4664 882 4734 precibus
913 4665 1148 4722 occidit.
1176 4668 1360 4740 Cujus
1382 4668 1539 4725 fama
1569 4681 1899 4729 commotus
1933 4675 2082 4729 Lici-

442 4753 766 4823 nius.quod
789 4756 1016 4811 scilicet
1049 4757 1328 4814 robustus
1360 4767 1418 4814 et
1447 4760 1615 4817 fortis
1644 4765 2085 4832 esset,invitum

442 4848 501 4895 et
533 4843 922 4899 reluctantem
956 4847 1183 4902 militiai
1215 4849 1626 4920 ascripsit.Sed
1657 4870 1725 4908 eo
1750 4861 2006 4923 mortuo,
2030 4860 2087 4910 et

445 4934 775 5004 imperante
807 4937 1192 4995 Constantino
1225 4943 1451 5013 Magno,
1501 4943 1573 4998 ab
1605 4946 1881 5019 episcopo
1909 4947 2085 5018 Synai

447 5024 777 5095 presbyter,
805 5041 990 5096 eoque
1018 5027 1300 5084 defuncto
1334 5032 1646 5104 episcopus
1660 5035 2085 5106 Synaiordina-

449 5118 561 5168 tur.
594 5118 859 5186 Cumque
892 5116 1151 5188 plurima
1181 5118 1467 5176 miracula
1515 5123 1818 5194 edidisset,
1851 5127 1912 5181 in
1943 5141 2088 5198 poce

447 5199 627 5254 vitam
660 5200 866 5258 finivit.

1097 5473 1314 5530 Eodem
1341 5475 1434 5531 die

453 5561 597 5617 201
641 5562 1084 5618 Commemoratio
1113 5568 1295 5620 Sancti
1309 5567 1490 5642 Patris
1515 5569 1689 5624 nostri
1716 5570 1907 5625 Leonis
1928 5587 2093 5642 papa:

1068 5653 1285 5706 magnae
1319 5640 1523 5696 Roma}.

518 5723 904 5781 Admirabilis
935 5724 1047 5782 iste
1075 5727 1251 5783 Pater
1279 5732 1484 5784 noster
1502 5727 1614 5785 Leo
1637 5728 1708 5786 ob
1739 5729 1958 5788 multas
1978 5731 2094 5788 vir-

2190 4412 2278 4470 διᾶ
2305 4415 2406 4482 τήν
2427 4411 2669 4485 ἐνάρετον
2720 4408 2886 4464 αὐτοῦ
2941 4404 3246 4477 πολιτείαν,
3279 4408 3369 4462 καὶ
3425 4406 3687 4485 ἐδιδάχθη
3742 4413 3835 4467 καὶ

2184 4506 2251 4560 τὰ
2279 4504 2400 4576 ἱερὰ
2426 4502 2744 4578 γράμματα’
2807 4492 2991 4553 λαϐὼν
3052 4495 3112 4552 δὲ
3167 4498 3312 4571 παρά
3367 4502 3502 4553 Θεοῦ
3559 4499 3650 4554 καὶ
3709 4511 3836 4564 θαυ.

2191 4592 2372 4669 μάτων
2397 4593 2669 4667 χάρισμα,
2703 4585 2969 4662 δράκοντα
3002 4587 3164 4661 μὲγαν
3215 4584 3452 4655 πλησίον
3504 4593 3602 4643 τοῦ
3655 4610 3832 4662 μονα-

2188 4681 2412 4757 στηρίου
2444 4680 2693 4758 φανέντα,
2717 4676 2808 4732 καὶ
2837 4676 3166 4753 ἀφανίζοντα
3226 4676 3315 4730 καὶ
3370 4677 3688 4752 ἀνθρώπους
3740 4680 3834 4735 καὶ

2187 4752 2388 4842 κτήνη,
2422 4752 2512 4824 sia
2550 4752 2894 4843 προσευχῆς
2926 4766 3247 4830 ἐθανάτωσε.
3292 4765 3420 4840 Περὶ
3473 4767 3670 4822 τούτου
3731 4791 3837 4842 μα-

2192 4863 2298 4927 θὼν
2325 4860 2352 4913 ὁ
2386 4859 2678 4926 Λικίννιος,
2703 4855 2784 4911 ὅτι
2817 4852 3064 4927 ἀνδρεῖός
3095 4855 3257 4924 ἐστιν,
3316 4855 3643 4920 ἀποστείλας
3693 4857 3836 4930 ἢγα-

2191 4971 2277 5026 γεν
2344 4947 2529 5016 αὐτὸν,
2585 4947 2674 5001 καὶ
2743 4945 2820 5017 μὴ
2881 4943 3219 5019 βουλόμενος
3289 4943 3650 5019 ἐστράτευσεν·
3706 4946 3840 5003 ἀλλ’

2194 5039 2399 5096 ἐκείνου
2434 5038 2529 5110 μὲν
2569 5035 3021 5105 τελευτήσαντος,
3080 5032 3169 5089 ἐπὶ
3224 5038 3321 5090 τοῦ
3381 5033 3620 5110 μεγάλου
3679 5035 3842 5111 βασι-

2196 5128 2336 5190 λέως
2403 5125 2837 5194 Κωνσταντίνου,
2895 5123 3043 5199 παρᾶ
3091 5127 3188 5178 τοῦ
3243 5122 3546 5178 ἐπισκόπου
3603 5130 3843 5200 Συναοῦ,

2198 5220 2596 5293 χειροτονεῖται
2662 5208 3047 5288 πρεσϐύτερος·
3127 5212 3219 5268 καὶ
3280 5212 3415 5286 μετᾶ
3465 5214 3690 5276 θάνατον
3746 5219 3848 5273 τοῦ

2198 5301 2526 5373 ἐπισκόπου,
2584 5303 2789 5378 γίνεται
2875 5301 3169 5365 ἐπίσκοπος
3229 5302 3455 5358 Συναοῖν
3513 5307 3602 5361 καὶ
3659 5305 3852 5364 πολλὰ

2200 5395 2453 5469 θαύματα
2482 5396 2738 5466 ποιήσας,
2767 5392 2819 5448 ἐν
2846 5392 3033 5466 εἰρήνῃ
3063 5393 3150 5447 τὸν
3195 5392 3309 5465 βίον
3344 5391 3630 5454 ἀπέλιπεν.

2768 5486 2844 5556 Τῇ
2901 5481 3038 5555 αὖτῇ
3095 5482 3279 5556 ἡμέρᾳ

2202 5575 2414 5648 Μνήμη
2446 5577 2544 5628 τοῦ
2577 5571 2627 5628 ἐν
2659 5571 2834 5648 ἁγίοις
2859 5572 3078 5649 Ῐξατρδς
3098 5572 3257 5649 ημῶν
3290 5571 3524 5636 Λέοντος
3568 5573 3719 5632 πάπα
3745 5585 3852 5649 τῆς

2752 5640 2998 5718 μεγάλης
3026 5640 3273 5715 Ῥώμης.

2273 5735 2336 5793 σο
2377 5728 2676 5810 θαυμᾷσιος
2707 5729 2867 5798 οὗτος
2921 5729 3109 5806 Πατὴρ
3173 5729 3336 5806 ήμῶν
3392 5733 3568 5806 Λέων,
3601 5731 3691 5791 διὰ
3743 5739 3849 5811 τήν
