4114 6306
285 381 398 440 321

1707 371 2244 437 FEBBUARIUS.

3571 385 3692 445 322

279 505 495 576 πολλὴν
538 504 705 564 αὐτοῦ
765 508 960 585 ἀρετὴν
1021 507 1111 562 καὶ
1169 505 1526 584 σωφροσύνην
1554 507 1644 562 καὶ
1696 505 1928 581 καθαρό-

2050 510 2206 563 tutes
2237 524 2373 565 suas
2396 513 2452 564 et
2474 509 2903 565 continentiam
2926 514 3102 582 atque
3128 511 3450 583 puritatem
3468 517 3699 587 episco-

274 618 450 668 τητα,
509 597 808 653 ἐπίσκοπος
860 596 1268 672 προχειρίζεται
1327 603 1428 665 τῆς
1490 595 1740 670 μεγάλης
1799 596 1938 652 Ῥώ-

278 688 527 758 μης,καὶ
570 685 894 760 διεπράξατο
954 687 1049 760 μὲν
1111 687 1200 740 καὶ
1251 685 1399 741 ἄλλά
1454 683 1642 741 πολλὰ
1693 685 1811 758 ἀξια
1838 691 1938 754 τῆς

276 776 486 833 ἐκείνου
539 778 736 851 ἂρετῆς
769 820 784 845 ,
853 777 1138 853 ἕξαιρέτως
1214 773 1271 830 δὲ
1332 775 1394 831 τὸ
1444 777 1567 851 περὶ
1623 782 1723 844 τῆς
1773 776 1939 847 ὀρθῆς

274 867 562 928 πίστεωςο
625 867 760 922 κατὰ
839 867 942 941 γὰρ
1015 865 1104 920 τὸν
1182 864 1371 938 καιρόν
1448 863 1652 919 ἐκεῖνον
1712 860 1941 925 σύνοδος

278 957 648 1026 συνεκροτήθη
740 953 792 1010 ἐν
865 952 1188 1025 Χαλκηδόνι
1266 952 1557 1024 ἑξακοσίων
1645 953 1939 1028 τριάκοντα

275 1046 560 1116 Πατέρων,
617 1045 753 1100 κατὰ
801 1048 908 1100 τῶν
969 1045 1297 1117 αἱρετικῶν,
1361 1046 1469 1098 τῶν
1524 1042 1792 1118 λεγόντων
1846 1041 1936 1106 ἐπὶ

273 1138 513 1210 Χριστοῦ
575 1135 701 1208 μίαν
762 1133 919 1212 φύσιν
950 1177 964 1192 .
1026 1135 1130 1189 Καὶ
1214 1132 1330 1188 ἐπεὶ
1410 1128 1774 1205 έδογμάτισαν
1833 1133 1932 1202 τήν

273 1223 540 1294 ἀλήθειαν
575 1267 588 1293 ,
651 1225 705 1280 οἱ
763 1222 821 1279 δὲ
872 1223 1141 1299 αἱρετικοὶ
1225 1222 1326 1277 οὐκ
1381 1221 1663 1276 ἐπείθοντο
1702 1268 1715 1293 ,
1775 1227 1933 1276 πᾶσιν

275 1311 498 1390 ἤρεσεν,
550 1313 643 1369 ’ἶνα
690 1315 719 1369 ’ὀ
776 1315 863 1369 εὰν
924 1312 1051 1388 εἴπῃ
1106 1313 1255 1368 Λέων
1313 1314 1342 1368 ὁ
1400 1314 1697 1387 ἁγιώτατος
1755 1314 1934 1375 πάπας

268 1406 524 1478 Ῥώμης,
571 1403 864 1475 θελήσωσι,
936 1403 1317 1479 Παρακληθείς
1373 1403 1467 1458 οὗν
1524 1403 1628 1458 ὑπὸ
1681 1407 1788 1457 τῶν
1825 1406 1937 1460 Πα-

260 1495 460 1568 τέρων,
495 1495 710 1549 καὶτὸν
750 1495 876 1550 Θεὸν
939 1491 1290 1563 δυσωπήσεις,
1350 1491 1581 1567 ἔγραψεν
1634 1491 1930 1562 ἐπιστολήν

264 1583 677 1658 ἑρμηνεύουσαν
736 1591 838 1652 τὴν
888 1583 1172 1655 ἀλήθειαν,
1232 1582 1298 1652 ἢν
1351 1579 1665 1656 ὁρθοδοξίας
1721 1583 1934 1652 στήλην

262 1671 561 1746 ὠνόμασαν
589 1717 604 1741 ,
650 1670 747 1728 δύο
789 1674 973 1751 φύσεις
1030 1672 1116 1726 ἐπὶ
1172 1674 1411 1747 Χριστοῦ
1469 1671 1870 1742 κηρύττουσαν·
1905 1670 1933 1724 ὁ

263 1760 322 1818 δὲ
359 1765 534 1838 μέγας
573 1761 721 1818 Λέων
779 1761 871 1818 καὶ
915 1763 977 1818 τὸ
1037 1764 1170 1836 μετὰ
1223 1765 1391 1816 ταῦτα
1447 1758 1634 1822 καλῶς
1699 1761 1927 1839 βιώσας³

263 1851 315 1906 ἐν
353 1852 551 1928 εἰρήνῃ
582 1851 899 1922 ἐτελειώθη.

839 1968 1019 2024 MllNI
1044 1969 1132 2024 ΤΩ
1159 1967 1358 2023 ΑΥΤΩ.

1059 2084 1140 2140 [6‘

265 2203 552 2274 ’Δθλησις
653 2201 762 2257 τῶν
861 2201 1028 2278 ἀγίων
1136 2199 1425 2278 μαρτύρων
1511 2201 1765 2276 Μαξίμου
1839 2201 1929 2256 καὶ

958 2287 1246 2350 Θεοδότου.

336 2415 591 2486 Μάξιμος
636 2411 725 2465 καὶ
783 2407 1067 2481 Θεόδοτος,
1097 2409 1150 2464 οἱ
1179 2413 1279 2463 τοῦ
1338 2411 1572 2483 Χριστοῦ
1633 2408 1922 2484 μάρτυρες,

266 2505 694 2576 περιπατοῦντες
742 2499 877 2554 κατᾶ
928 2504 1099 2554 πᾶσαν
1162 2497 1324 2554 πόλιν
1374 2497 1464 2552 καὶ
1525 2498 1736 2572 χώραν,
1791 2495 1925 2569 μετᾶ

267 2591 577 2668 παρῥησίας
607 2589 898 2664 ἐκήρυττον
925 2590 1024 2659 τήν
1072 2586 1358 2658 ἀλήθειαν,
1389 2585 1480 2641 καὶ
1537 2587 1630 2640 τὸν
1680 2587 1917 2660 Χριστὸν

271 2679 596 2756 ὡμολόγουν
658 2678 786 2734 Θεὸν
873 2679 1007 2732 εἶναι
1065 2675 1349 2747 ἀληθινὸν,
1407 2675 1497 2730 καὶ
1556 2673 1760 2750 Κύριον
1817 2673 1920 2730 τοῦ

271 2771 490 2838 παντὸς,
520 2767 610 2824 καὶ
661 2766 1001 2841 δημιουργὸν
1054 2767 1150 2820 τοῦ
1207 2765 1442 2838 κόσμου·
1501 2764 1568 2820 τὰ
1625 2762 1684 2820 δὲ
1714 2761 1921 2820 εἴδωλα

278 2864 469 2934 ⁸χειρῶν
495 2853 650 2934 ἔργα,
694 2857 782 2912 καὶ
841 2855 1042 2931 τέχνης
1100 2853 1418 2928 πλάσματα,
1453 2851 1544 2908 διὰ
1599 2853 1769 2922 λίθων
1830 2854 1921 2909 καὶ

285 2947 447 3019 ξύλων
517 2944 984 3018 κατεσκευασμένα
1019 2987 1034 3013 ,
1116 2946 1213 2999 Διά
1295 2947 1454 2999 τοῦτο
1544 2942 1920 3018 ἐκρατήθησαν

277 3039 416 3113 παρά
469 3042 580 3092 τῶν
631 3035 1076 3109 εἷδωλολατρῶν,
1137 3035 1224 3089 καὶ
1284 3030 1660 3108 παρεδόθησαν
1717 3037 1796 3105 τῷ
1826 3032 1922 3108 ἅρ-

279 3147 432 3203 χοντι
488 3130 588 3191 τῆς
645 3126 834 3200 χώρας
870 3169 883 3193 ,
941 3123 1032 3179 καὶ
1100 3123 1188 3178 ὑπ’
1239 3121 1440 3178 ἐκείνου
1499 3117 1920 3193 ἐϐασανίσθησαν

2051 614 2161 668 pus
2194 615 2421 671 magnas
2454 604 2650 654 Romae
2707 599 3038 669 ordinatus,
3071 602 3258 656 multa
3306 604 3547 673 quidem
3579 607 3696 662 alia

2049 687 2362 743 virtutibus
2403 690 2526 744 suis
2557 689 2736 759 digna
2765 691 2984 761 gessit;
3021 691 3122 745 sed
3173 693 3471 764 praecipue
3503 695 3565 750 in
3597 696 3691 761 iis,

2052 794 2182 848 quas
2213 777 2285 832 ad
2317 784 2541 833 rectam
2602 780 2780 834 {idem
2839 781 3160 850 pertinent,
3193 781 3448 838 refulsit.
3483 786 3696 842 Coacta

2052 866 2212 920 enim
2244 866 2710 922 Chalcedonensi
2745 869 2971 939 synodo
3009 877 3419 926 sexcentorum
3456 874 3696 945 triginta

2049 956 2289 1010 Patrum
2352 956 2630 1012 adversus
2688 973 2893 1012 eorum
2952 958 3249 1024 haeresim,
3283 962 3382 1030 qui
3423 979 3601 1017 unam
3633 965 3696 1018 in

2049 1044 2280 1100 Christo
2312 1051 2588 1101 naturam
2620 1046 2916 1114 dicebant,
2951 1064 3086 1102 cum
3118 1048 3157 1102 ii
3201 1049 3508 1105 veritatem
3539 1069 3690 1122 prai-

2049 1133 2336 1198 dicarent,
2370 1152 2479 1190 nec
2509 1141 2708 1190 tamen
2732 1137 2994 1192 haaretici
3025 1137 3146 1191 illis
3167 1139 3544 1208 acquiescere
3575 1142 3694 1197 vel-
3779 1136 3783 1139 ’

2047 1222 2193 1287 lent,
2227 1224 2452 1294 placuit
2476 1225 2776 1289 omnibus,
2806 1231 2870 1279 ut
2900 1226 3193 1296 quidquid
3226 1227 3336 1281 Leo
3387 1231 3694 1285 sanctissi-

2048 1329 2180 1366 mus
2210 1317 2408 1368 Romae
2433 1330 2584 1384 papa
2605 1314 2869 1381 dixisset,
2895 1315 2953 1369 id
2984 1321 3176 1369 ratum
3202 1316 3559 1390 ﬁrmumque
3590 1321 3692 1375 ha-

2048 1401 2307 1455 beretur.
2334 1407 2586 1475 Rogatus
2618 1403 2815 1474 itaque
2846 1420 2877 1458 a
2907 1404 3203 1472 Patribus,
3225 1407 3528 1478 Deumque
3559 1426 3692 1480 pre-

2048 1496 2234 1559 catus,
2267 1493 2622 1564 conscripsit
2649 1493 2984 1564 epistolam,
3018 1495 3078 1548 in
3111 1511 3228 1564 qua
3258 1498 3565 1552 veritatem
3597 1516 3690 1554 ex.

2047 1597 2298 1650 ponens,
2319 1581 2464 1636 duas
2488 1582 2547 1636 in
2567 1581 2793 1636 Christo
2827 1588 3068 1638 naturas
3106 1584 3484 1655 praedicabat,
3517 1605 3694 1658 quam

2049 1669 2412 1726 orthodoxiaa
2442 1671 2781 1726 columnam
2811 1673 3209 1744 appellarunt.
3243 1677 3376 1730 Post
3413 1677 3539 1732 haec
3568 1695 3691 1733 ma~

2047 1776 2197 1832 gnus
2227 1760 2338 1814 Leo
2372 1766 2669 1816 transacta
2700 1762 3074 1818 sanctissime
3093 1763 3229 1832 vita,
3257 1763 3320 1819 in
3350 1782 3494 1836 pace
3522 1767 3692 1838 quie-

1951 1872 2000 1938 B
2043 1851 2143 1907 Vit.

2609 1969 2850 2024 EODEM
2873 1971 3119 2025 MENSE.

2572 2085 2674 2141 Die
2719 2086 2951 2142 decima
2999 2103 3160 2144 noua

2039 2206 2192 2262 ποτ
2247 2206 2530 2263 Certamen
2587 2212 2903 2260 sanctorum
2970 2213 3299 2277 martyrum,
3347 2210 3584 2264 Maximi
3637 2216 3689 2266 et

2715 2295 2976 2350 Theodoti
2997 2337 3010 2350 .

2109 2411 2399 2467 Maximus
2456 2415 2514 2466 et
2540 2410 2874 2466 Theodotus
2931 2411 3147 2467 Christi
3199 2418 3490 2485 martyres
3548 2431 3683 2470 cum

2034 2502 2298 2558 civitates
2328 2517 2535 2556 omnes
2561 2502 2953 2573 regionesque
2985 2501 3238 2562 obirent,
3260 2503 3444 2558 libere
3467 2505 3681 2559 verita-

2032 2596 2152 2647 tem
2205 2589 2616 2662 praadicantes,
2672 2589 2970 2644 Christum
3028 2591 3214 2645 Deum
3273 2608 3474 2646 verum
3525 2609 3678 2658 esse,

2035 2680 2423 2749 omniumque
2455 2678 2794 2743 Dominum,
2819 2683 2878 2732 et
2898 2678 3103 2733 mundi
3127 2679 3413 2734 factorem
3442 2682 3685 2751 profite-

2031 2768 2288 2833 bantur;
2326 2767 2486 2822 idola
2515 2773 2713 2822 autem
2745 2783 2927 2838 opera
2982 2782 3288 2832 manuum,
3323 2770 3584 2840 artisque
3614 2771 3684 2824 fi-

2032 2862 2274 2930 gmenta
2305 2873 2374 2911 ex
2407 2855 2710 2927 lapidibus
2740 2861 2796 2910 et
2817 2855 2996 2927 lignis
3018 2855 3357 2912 fabrefacta.
3392 2860 3580 2924 Quare
3613 2859 3684 2914 ab

2033 2945 2302 3002 idolatris
2333 2944 2768 3016 comprehensi,
2805 2944 3082 3015 praefecto
3132 2946 3390 3017 regionis
3437 2947 3682 3002 tradun-

2037 3040 2134 3090 tur
2161 3053 2173 3091 :
2200 3051 2234 3090 a
2264 3051 2378 3104 quo
2409 3033 2750 3106 gravissime
2770 3033 3110 3100 excruciati,
3143 3051 3276 3088 cum
3307 3034 3688 3107 adigerentur

2034 3126 2331 3181 Christum
2363 3123 2659 3195 abnegare
2694 3129 2752 3177 et
2784 3122 2943 3177 idola
2975 3123 3190 3190 colere,
3222 3141 3333 3178 nec
3385 3125 3444 3180 id
3492 3126 3686 3181 facere

275 3217 522 3292 ἰσχυρῶς
559 3257 574 3283 ,
631 3217 964 3289 ἀρνήσασθαι
1019 3213 1109 3268 τὸν
1168 3212 1397 3286 Χριστὸν
1448 3211 1923 3285 καταναγκαζόμε-

2044 3216 2280 3276 vellent.
2317 3215 2496 3269 vincti
2521 3213 2591 3268 ab
2622 3211 2768 3267 urbe
2812 3213 2874 3266 in
2926 3212 3104 3267 aliam
3153 3215 3693 3285 pertrahuntur,~et

273 3328 377 3374 νοι,
412 3303 505 3360 καί
534 3310 904 3378 προσκυνῆσαι
959 3307 1076 3363 τοῖς
1133 3299 1409 3363 εἰδώλοις.
1450 3302 1538 3364 Ὠς
1571 3299 1629 3355 δὲ
1659 3301 1756 3356 οὐκ
1780 3300 1924 3356 ἐπεί-

269 3397 454 3461 θοντο,
488 3391 740 3468 ἐσύροντο
799 3389 1014 3464 δέσμιοι
1061 3390 1167 3445 ἀπὸ
1219 3389 1434 3452 πόλεως
1489 3389 1562 3452 εἰς
1614 3387 1800 3460 πόλιν,
1832 3389 1921 3445 καὶ

267 3483 707 3560 ἰθηριομάχουν.
772 3481 901 3538 Εἶτα
965 3481 1248 3550 ἐξέσθησαν
1311 3481 1444 3554 μετᾶ
1495 3479 1734 3556 σιδηρῶν
1794 3479 1921 3536 ὀνύ-

262 3593 408 3650 χων,
435 3573 524 3628 καὶ
554 3570 714 3633 τέλος
743 3571 980 3643 καμίνου
1039 3568 1287 3643 μεγάλης
1343 3567 1629 3644 ἁφθείσης,
1688 3564 1918 3641 ἐνεϐλή-

2034 3305 2177 3360 feris
2207 3308 2622 3376 exponuntur:
2647 3319 2781 3356 mox
2813 3301 3112 3372 unguibus
3143 3303 3351 3357 ferreis
3381 3303 3589 3374 depexi
3623 3321 3691 3360 ac

2036 3394 2284 3450 demum
2319 3393 2379 3446 in
2412 3392 2720 3448 ardentem
2753 3390 2905 3462 ignis
2963 3389 3265 3446 fornacem
3315 3393 3537 3463 injecti,
3570 3393 3689 3447 lmti

2033 3488 2092 3537 et
2120 3483 2342 3554 gratias
2374 3486 2635 3553 agentes,
2670 3485 2905 3534 sanctas
2939 3495 3005 3533 ac
3037 3479 3240 3534 beatas
3279 3481 3510 3536 animas
3551 3498 3686 3536 suas

2031 3571 2283 3626 Domino
2331 3570 2722 3624 tradiderunt.

264 3675 436 3732 θησαν
491 3659 776 3736 χαίροντες
823 3658 902 3723 εἷς
955 3659 1128 3729 αὐτήν
1163 3678 1176 3691 ·
1225 3656 1317 3713 καί
1374 3659 1847 3735 εὐχαριστοῦντες,
1903 3657 2221 3737 παρέδωκαν
2305 3656 2399 3717 τὰς
2449 3657 2602 3731 ἁγίας
2660 3657 2749 3709 καὶ
2813 3651 3078 3726 μακαρίας
3141 3653 3315 3707 αὐτῶν
3375 3656 3557 3728 ψυχὰς
3605 3659 3686 3726 τῷ

260 3753 477 3829 Κυρίῳ.

833 3880 1010 3938 ΜΗΝῙ
1040 3883 1128 3934 ΤΩ
1159 3883 1352 3935 ΑΥΤΩ.

1073 3969 1125 4021 Κ,

270 4062 544 4133 Ἀθλησις
573 4063 670 4115 τοῦ
699 4058 862 4133 ἁγίου
924 4056 1196 4132 μάρτυρος
1247 4053 1452 4132 Σαδὼχ
1503 4055 1802 4111 ἐπισκόπου
1832 4053 1923 4110 καὶ

508 4153 615 4206 τῶν
645 4148 735 4202 σὺν
769 4148 918 4220 αύτῷ
948 4146 1134 4202 έκατὸν
1166 4144 1466 4200 εἲποσιπτὼ
1492 4144 1682 4220 ἁγίων.

341 4272 406 4329 '0
463 4269 620 4344 ἅγιος
682 4263 884 4341 Σαδὼχ
935 4264 1003 4333 ἦν
1067 4262 1362 4325 ἐπίσκοπος
1418 4260 1470 4316 ἐν
1527 4259 1780 4336 Περσίδι’
1840 4259 1923 4316 δι-

279 4357 488 4414 δάσκων
545 4355 602 4412 δὲ
651 4357 742 4411 τὸν
800 4355 932 4408 λαὸν
989 4354 1088 4423 τήν
1148 4353 1222 4414 εἷς
1270 4352 1500 4429 Χριστὸν
1559 4351 1738 4406 πίστιν
1771 4393 1785 4419 ,
1835 4351 1922 4406 καὶ

277 4446 520 4508 πολλοςς
555 4443 753 4499 πείθων
786 4445 1184 4518 προσέρχεσθαι
1231 4446 1311 4514 τῷ
1343 4445 1502 4510 ζῶντι
1532 4441 1622 4495 καὶ
1681 4438 1927 4510 ἀληθινῷ

276 4543 411 4611 Θεῷ,
471 4535 546 4598 εἷς
604 4535 773 4607 Θυμὸν
824 4533 914 4587 καὶ
964 4531 1210 4606 μεγάλην
1275 4530 1493 4603 πικρίαν
1552 4529 1767 4600 ἐκίνησε
1797 4528 1924 4590 τοὺς

279 4627 628 4700 πυρολάτρας
711 4621 932 4696 Μάγους
970 4665 982 4676 .
1065 4621 1167 4678 Καὶ
1243 4618 1597 4696 βουλομένων
1705 4619 1921 4674 ἐκείνων

280 4712 621 4780 ἀποστεῖλαι,
652 4714 740 4767 καὶ
780 4718 1046 4784 κρατῆσαι
1089 4711 1179 4765 τὸν
1242 4709 1418 4782 ἅγιον,
1451 4709 1550 4782 ὁρᾷ
1579 4709 1696 4763 καθ’
1726 4705 1925 4768 ὕπνους

281 4806 364 4860 τὸν
389 4805 500 4878 πρὸ
557 4802 723 4858 αὐτοῦ
779 4799 1071 4856 ἐπίσκοπον
1127 4800 1218 4854 τὸν
1277 4799 1644 4872 ἱερομάρτυρα
1679 4795 1928 4869 Συμεὼν,

284 4893 572 4965 ἱστάμενον
631 4890 707 4952 εἷς
771 4889 978 4964 μακρὰν
1033 4887 1258 4956 σκάλαν,
1317 4886 1406 4942 καὶ
1448 4886 1721 4942 καλοῦντα
1773 4884 1930 4940 αὐτὸν

291 4982 525 5038 ἀνελθεῖν
557 5001 696 5056 προς
748 4979 930 5048 αὐτὸν,
975 4978 1228 5052 λέγοντα,
1280 4976 1362 5031 ὅτι
1422 4974 1594 5032 Καλεῖ
1623 4995 1680 5029 σε
1711 4975 1739 5028 ὁ
1767 4981 1928 5030 Βασι-

295 5073 413 5134 λεὺς
440 5077 549 5128 τῶν
586 5068 1000 5147 βασιλευόντωψ
1031 5070 1193 5122 τοῦτο
1251 5063 1308 5121 δέ
1361 5063 1563 5135 ἐδήλου
1590 5064 1690 5132 τὴν
1711 5060 1799 5118 διὰ
1835 5066 1932 5116 τοῦ

297 5161 591 5236 μαρτυρίου
652 5152 905 5213 ἀνάϐασιν
944 5199 956 5211 .
1042 5157 1187 5217 Ἕως
1245 5151 1303 5208 δὲ
1365 5156 1535 5207 ταῦτα
1591 5148 1833 5226 διηγεῖτο
1904 5147 1934 5204 ὅ

296 5249 448 5323 ἅγιος
484 5291 499 5317 ,
577 5244 994 5306 ἀποστείλαντες
1050 5245 1102 5299 οἱ
1160 5244 1341 5319 Μάγοι
1418 5239 1714 5315 ἐκράτησαν
1773 5239 1932 5294 αὐτὸν

292 5338 534 5401 καὶτοὺς
583 5337 677 5392 σὺν
733 5337 884 5409 αύτῷ
936 5331 1088 5396 ὄντας
1151 5330 1530 5409 Χριστιανοὺς,
1586 5329 1674 5386 καῖ
1734 5325 1930 5385 ἔϐαλον

293 5426 363 5488 είς
419 5427 690 5506 φυλακήν·
770 5425 862 5480 καὶ
911 5421 1328 5498 ἀναγγείλαντες
1406 5421 1530 5494 περὶ
1601 5418 1776 5474 αὐτῶν
1828 5425 1935 5474 Σα-

294 5510 473 5591 ϐωρίῳ
529 5521 613 5588 τῷ
678 5513 892 5590 βασιλεῖ
947 5516 1164 5586 Περσῶν
1204 5557 1219 5582 ,
1280 5507 1533 5583 ἐξέϐαλον
1592 5509 1786 5572 αὐτοὺς
1834 5516 1934 5579 τῆς

297 5604 557 5679 φυλακῆς,
588 5608 678 5659 καὶ
713 5603 1126 5676 ἐτιμωρήσαντο
1168 5600 1436 5678 ἰσχυρῶς,
1487 5599 1578 5656 καὶ
1621 5600 1934 5656 τελευταῖον

301 5692 691 5774 ἀπεκεφάλισαν
715 5691 976 5755 ἅπαντας.

2599 3873 2840 3929 EODEM
2885 3873 3116 3929 MENSE

2646 3962 2748 4017 Die
2779 3962 3062 4018 vicesima

2032 4056 2193 4113 208
2226 4055 2512 4112 Certamen
2567 4054 2746 4108 sancti
2773 4054 3036 4124 martyris
3075 4051 3290 4107 Sadoch
3329 4053 3589 4123 episcopi,
3631 4059 3686 4108 et

2209 4145 2479 4200 sociorum
2536 4147 2752 4197 centum
2778 4143 2983 4211 viginti
3038 4147 3157 4196 octo
3214 4142 3506 4198 sociorum.

2111 4265 2362 4318 Sanctus
2402 4259 2630 4316 Sadoch
2663 4259 2724 4314 in
2754 4259 2995 4315 Perside
3028 4260 3360 4332 episcopus,
3396 4259 3554 4331 quod
3584 4277 3690 4332 po-

2034 4352 2243 4426 pulum
2269 4349 2486 4408 Christi
2517 4349 2695 4405 ﬁdem
2723 4349 2980 4413 doceret,
3015 4350 3352 4420 multosque
3388 4349 3462 4404 ad
3494 4351 3687 4404 vivum

2035 4458 2357 4513 verumque
2379 4441 2562 4495 Deum
2586 4439 2927 4504 adduceret,
2951 4438 3025 4492 ad
3055 4439 3206 4493 iram
3239 4445 3296 4492 et
3326 4439 3688 4509 indignatio-

2035 4549 2196 4600 nem,
2213 4533 2405 4603 Magos
2424 4530 2576 4601 ignis
2598 4529 2855 4584 cultores
2870 4529 3218 4582 commovit:
3243 4527 3458 4597 quibus
3490 4527 3688 4582 volen-

2037 4622 2194 4676 tibus
2225 4619 2513 4675 satellites
2529 4617 2602 4672 ad
2617 4616 2972 4688 capiendum
2987 4622 3255 4669 sanctum
3274 4615 3529 4680 mittere,
3547 4616 3692 4670 vidit

2038 4711 2196 4765 idem
2220 4713 2461 4764 sanctus
2484 4708 2544 4760 in
2577 4706 2802 4760 somnis
2831 4710 3100 4759 sanctum
3127 4710 3443 4775 martyrem
3463 4705 3692 4760 Simeo-

2039 4815 2198 4864 nem,
2225 4813 2400 4852 suum
2431 4797 2493 4850 in
2525 4795 2869 4866 episcopatu
2899 4793 3293 4859 decessorem,
3330 4794 3690 4851 insidentem

2041 4889 2229 4960 longaa
2263 4884 2460 4952 scalis,
2492 4885 2828 4955 ipsumque,
2858 4888 2923 4937 ut
2951 4881 3024 4936 ad
3056 4899 3117 4937 se
3146 4883 3390 4951 veniret,
3433 4885 3688 4956 compel-

2040 4977 2285 5039 lantem,
2315 4978 2494 5045 atque
2547 4971 2892 5027 dicentem:
2945 4973 3065 5027 Rex
3112 4988 3318 5043 regum
3368 4979 3536 5028 vocat
3593 4979 3688 5042 te;

2043 5064 2202 5137 quod
2233 5061 2604 5133 signiﬁcabat
2625 5061 2811 5132 ipsius
2837 5077 3150 5116 ascensum
3183 5078 3288 5132 per
3317 5063 3690 5134 martyrium.

2043 5155 2308 5224 Cumque
2339 5153 2452 5206 ista
2482 5155 2753 5206 narraret
2798 5151 3067 5216 Sanctus,
3102 5149 3201 5222 qui
3235 5151 3401 5206 missi
3461 5151 3698 5206 fuerant

2043 5243 2213 5316 Magi,
2274 5240 2855 5312 comprehenderunt
2912 5241 3108 5312 ipsum
3147 5257 3268 5295 una
3324 5257 3459 5295 cum
3519 5241 3696 5296 sociis

2043 5331 2416 5396 Christianis,
2452 5336 2510 5386 et
2537 5330 2599 5385 in
2655 5331 2893 5386 vincula
2941 5330 3290 5403 conjiciunt,
3323 5347 3561 5386 causam
3595 5348 3696 5386 eo-

2045 5440 2179 5480 rum
2209 5421 2282 5478 ad
2315 5421 2594 5493 Saporem
2622 5421 2938 5476 Persarum
2970 5437 3166 5492 regem
3199 5420 3558 5474 referentes:
3592 5420 3693 5491 qui

2046 5514 2182 5569 illos
2212 5529 2283 5568 ex
2313 5527 2548 5567 carcere
2576 5509 2840 5578 eductos,
2863 5526 2931 5564 ac
2952 5509 3294 5584 gravissime
3325 5515 3531 5576 tortos,
3557 5526 3694 5580 pos.

2048 5609 2236 5660 tremo
2269 5599 2603 5658 decollavit.
