4114 6306
421 344 537 404 323

1085 476 1304 534 Eodem
1337 479 1432 534 die

432 567 585 625 204
618 567 1070 624 Commemoratio
1134 571 1312 624 sancti
1353 570 1536 624 Patris
1570 566 1748 624 nostri
1775 566 2075 639 Sophronii

1119 661 1380 730 episcopi.

1161 753 1349 806 Deest.

1064 840 1282 894 Eodem
1317 839 1432 895 die.

427 932 577 988 205
643 931 1099 985 Commemoratio
1180 931 1360 985 sancti
1413 928 1601 984 Patris
1652 932 1830 985 nostri
1883 929 2074 984 Leonis

817 1021 1061 1088 episcopi
1094 1018 1322 1076 Catanw
1362 1020 1420 1073 in
1465 1019 1681 1074 Sicilia.

493 1136 742 1190 Sanctus
765 1136 937 1189 Pater
964 1139 1169 1190 noster
1191 1135 1302 1190 Leo
1331 1135 1802 1206 thaumaturgus,
1835 1150 1905 1188 ex
1925 1133 2072 1188 urbe

418 1227 695 1281 Ravenna
715 1224 1144 1279 fuitnobilium
1167 1241 1233 1278 ac
1265 1224 1514 1278 divitum
1535 1230 1849 1295 parentum
1881 1223 2069 1277 illius:

418 1315 600 1370 sacris
631 1321 827 1368 autem
862 1313 1075 1367 litteris
1097 1314 1311 1384 oppido
1331 1314 1675 1375 instructus.
1702 1329 1770 1368 ac
1785 1312 2069 1384 singulari

414 1406 632 1459 virtute
663 1403 968 1474 praeditus,
1001 1409 1067 1458 ut
1089 1408 1147 1458 et
1175 1403 1466 1458 miracula
1489 1409 1770 1474 patraret,
1805 1402 2070 1457 ecclesias

422 1493 778 1549 Ravennatis
828 1493 1138 1564 presbyter
1167 1492 1514 1547 ordinatur:
1571 1491 1787 1546 deinde
1833 1491 2070 1546 Catanes

417 1582 816 1654 metropoleos
839 1582 1168 1653 episcopus.
1195 1581 1288 1636 Sic
1311 1598 1448 1635 vero
1463 1581 1743 1636 adversus
1760 1580 2070 1636 hmreticos

408 1673 710 1746 pugnavit,
744 1677 810 1726 ut
840 1688 1049 1726 omnes
1093 1672 1416 1726 convicerit
1445 1677 1504 1726 et
1556 1670 1914 1736 confuderit,
1947 1686 2068 1726 non

407 1762 738 1818 ratiociniis
763 1761 1127 1827 tantum,sed
1149 1760 1758 1816 demonstrationibus
1788 1761 1969 1815 etiam
1999 1776 2070 1814 ex

1759 340 2178 406 MENOLOGII
2221 341 2428 404 PARS
2471 343 2555 406 II.

2108 480 2165 546 A
2778 477 2861 549 Τῇ
2904 473 3040 548 αὖτῇ
3071 473 3253 550 ἡμέρᾳ

3722 345 3849 405 324

2180 561 2428 635 Μνήμλη
2487 568 2583 619 τοῦ
2656 562 2710 619 ἐν
2777 564 2952 636 ἆγίοις
3031 562 3238 639 Πατρός
3295 565 3454 638 ἡμῶν
3516 565 3846 642 Σωφρονίου

2834 653 3163 710 ἐπισκόπου.

2907 742 3115 799 Λείπει.

2752 835 2836 907 Τῇ
2896 831 3032 907 αὖτῇ
3080 832 3264 907 ἡμέρᾳ

2175 925 2381 998 Μνήμη
2412 927 2509 979 τοῦ
2539 922 2592 979 ἐν
2622 923 2797 1001 ἁγίοις
2835 924 3042 998 [Ιατρός
3072 927 3236 997 ἡμῶν
3271 927 3502 987 Λέοντος
3535 923 3835 982 ἐπισκόπου

2597 1013 2839 1085 Κατάνης
2895 1021 2995 1085 τῆς
3051 1014 3103 1070 ἐν
3164 1013 3412 1087 Σικελίᾳ.

2243 1133 2305 1189 Ὁ
2329 1133 2479 1208 ἅγιος
2534 1135 2718 1208 Ηατὴρ
2777 1136 2940 1206 ἡμῶν
2999 1135 3147 1190 Λέων
3182 1134 3209 1188 6
3242 1135 3658 1210 θαυματουργὸς
3715 1135 3833 1211 ἐγέ-

2172 1241 2292 1276 νετο
2320 1221 2425 1276 ἀπὸ
2454 1230 2554 1292 τῆς
2612 1220 2830 1286 πόλεως
2879 1217 3190 1294 Ῥαϐέννης,
3251 1222 3480 1297 εὐγενῶν
3543 1230 3636 1278 καῖ
3677 1226 3831 1282 εὐσε-

2173 1304 2285 1365 ϐῶν
2311 1306 2513 1385 γονέων
2572 1310 2710 1372 υἱός·
2771 1312 2860 1365 καὶ
2915 1310 3098 1384 μαθὼν
3160 1312 3259 1380 τὴν
3295 1312 3443 1386 ἱερὰν
3477 1316 3646 1367 πᾶσαν
3691 1321 3828 1390 Γρα-

2172 1399 2302 1473 φὴν,
2334 1399 2424 1454 καὶ
2453 1401 2744 1474 γενόμενος
2791 1399 3059 1472 ἐνάρετος,
3120 1399 3194 1464 ὡς
3224 1399 3313 1455 καὶ
3347 1400 3594 1473 θαύματα
3624 1409 3826 1476 ποιεῖν,

2170 1494 2566 1564 χειροτονεῖται
2634 1483 3001 1564 πρεσϐύτερος
3050 1496 3158 1560 τῆς.
3211 1489 3262 1543 ἐν
3314 1485 3570 1566 Ῥαϐέννῃ
3618 1491 3825 1564 ἐκκλη-

2170 1578 2310 1639 σίας.
2346 1580 2482 1634 Εἶτα
2508 1577 2852 1652 γινεταικαὶ
2907 1577 3207 1642 ἐπίσκοπος
3261 1585 3362 1647 τῆς
3423 1580 3822 1653 μητροπόλεως

2169 1668 2443 1737 Κατάνης.
2498 1672 2763 1723 Τοσοῦτον
2815 1665 2872 1722 δὶ
2917 1666 3224 1744 ἠγωνίσατο
3273 1669 3411 1723 κατά
3462 1673 3571 1724 τῶν
3619 1672 3821 1746 αἱρετι-

2168 1760 2302 1826 κῶν,
2335 1756 2409 1819 ὡς
2463 1763 2682 1826 νικῆσαι
2721 1756 2940 1828 πάντας,
2998 1758 3091 1812 καὶ
3147 1762 3529 1833 καταισχῦναι,
3555 1761 3620 1815 οὐ
3655 1760 3827 1833 μόνον

409 1854 709 1924 Scriptura
740 1851 961 1922 petitis.
996 1851 1467 1924 Thaumaturgus
1495 1857 1696 1906 autem
1731 1849 1882 1904 fuit:
1913 1865 2049 1906 nam

2164 1845 2399 1921 λόγοις,
2452 1846 2600 1903 ἀλλὰ
2662 1847 2753 1902 καὶ
2823 1852 3117 1924 Γραφικαῖς
3177 1844 3424 1919 δείξεσιν.
3463 1851 3558 1906 Ἢν
3622 1846 3680 1906 δὶ
3731 1862 3826 1915 καὶ

405 1942 783 1998 Heliodoram
814 1941 1059 2012 magicis
1089 1939 1316 1996 artibus
1372 1940 1594 1996 multos
1627 1939 2055 2010 decipientem,

409 2049 590 2102 seque
613 2031 816 2086 omnia
835 2047 1008 2101 posse
1035 2029 1409 2098 gloriantem,
1434 2034 1499 2083 ut
1516 2028 1609 2083 vel
1631 2029 1826 2100 ipsum
1859 2028 2057 2100 ignem

404 2127 860 2186 contemneret,
921 2120 1198 2192 precibus
1256 2121 1391 2191 igne
1451 2118 1808 2173 combussit.
1873 2117 2057 2188 Hujus

405 2212 594 2267 sancti
616 2211 776 2266 fama
805 2210 1056 2281 permoti
1084 2212 1486 2264 Romanorum
1511 2208 1923 2278 imperatores,
1959 2221 2054 2260 ac-

404 2301 589 2356 citum
642 2305 944 2367 rogarunt,
1005 2304 1071 2352 ut
1099 2315 1204 2368 pro
1243 2315 1305 2352 se
1356 2314 1562 2368 preces
1620 2298 1736 2350 Deo
1769 2297 2051 2361 offerret;

404 2404 660 2459 cumque
711 2388 770 2442 id
802 2388 873 2442 ab
907 2405 973 2442 eo
1007 2388 1448 2456 impetrassent,
1501 2385 1828 2440 honoriﬁce
1861 2385 2056 2456 ipsum

408 2475 710 2530 dimisere.
747 2479 893 2530 Cum
921 2491 1053 2528 vero
1088 2473 1188 2528 ille
1220 2473 1294 2528 ad
1326 2489 1494 2528 suam
1529 2473 1840 2527 ecclesiam
1898 2472 2060 2527 redi-

409 2571 519 2632 ret,
553 2564 823 2638 migravit
852 2563 926 2618 ad
959 2563 1293 2618 Dominum.

979 2769 1211 2824 EODEM
1236 2768 1488 2823 MENSE.

885 2861 988 2916 Die
1047 2860 1328 2914 vicesima
1385 2860 1580 2930 prima

403 2951 556 3010 200
604 2952 1055 3007 Commemoratio
1096 2951 1275 3004 sancti
1302 2947 1490 3004 Patris
1531 2949 1710 3004 nostri
1756 2948 2056 3019 Agathonis

988 3041 1231 3110 episcopi
1259 3041 1463 3094 Rome.

474 3160 587 3214 Iste
649 3163 890 3214 sanctus
975 3157 1149 3210 Pater
1205 3160 1410 3209 noster
1474 3171 1541 3210 ac
1599 3154 2049 3226 thaumaturgus

397 3249 621 3320 Agatho
641 3265 710 3302 ex
733 3246 900 3300 Italia
921 3244 1052 3310 fuit,
1082 3243 1423 3298 christianis
1445 3243 1676 3314 piisque
1700 3243 2045 3314 parentibus

395 3345 570 3394 natus
601 3344 778 3406 atque
810 3335 881 3389 ab
937 3335 1011 3388 iis
1044 3350 1276 3388 summo
1310 3332 1503 3387 studio
1562 3334 1840 3389 omnibus
1861 3349 1895 3388 a
1926 3334 2042 3388 Deo

391 3426 697 3498 inspiratis
728 3423 1044 3493 Scripturis
1094 3422 1381 3486 eruditus,
1445 3438 1513 3475 ex
1545 3421 1759 3492 quibus
1810 3427 2041 3476 tantum

388 3516 686 3581 utilitatis,
749 3513 1347 3584 compunctionisque
1407 3511 1602 3566 cordis
1660 3512 1944 3582 percepit.
1979 3517 2044 3567 ut

388 3607 638 3662 mortuis
651 3604 997 3678 parentibus
1015 3610 1325 3676 congestas
1345 3602 1655 3658 facultates
1675 3619 1810 3658 suas
1833 3619 2040 3658 omnes

389 3699 484 3754 die
517 3715 634 3754 uno
663 3695 999 3753 convocatis
1031 3695 1392 3766 pauperibus
1425 3694 1710 3758 diviserit.
1745 3695 1871 3766 ipse
1903 3711 2037 3750 vero

385 3790 447 3844 in
482 3788 912 3845 monasterium
945 3785 1251 3852 secedens,
1275 3791 1335 3840 et
1362 3786 1690 3841 monastico
1712 3785 1916 3841 habitu
1943 3786 2038 3841 in-

388 3880 587 3949 dutus,
625 3886 812 3935 totum
844 3895 905 3933 se
955 3877 1152 3932 divino
1210 3877 1395 3932 cultui
1456 3877 1902 3948 mancipaverit,
1940 3876 2036 3932 die

384 3975 677 4039 nocteque
708 3985 814 4039 pro
853 3966 1059 4020 mundi
1113 3966 1303 4021 salute
1335 3981 1532 4020 orans.
1597 3965 1687 4020 Sic
1746 3971 1944 4020 autem
1972 3966 2034 4020 in

380 4059 696 4114 virtutibus
729 4055 998 4128 profecit,
1028 4059 1096 4110 ut
1125 4061 1184 4109 et
1211 4055 1434 4110 donum
1479 4055 1906 4112 miraculorum
1936 4073 2036 4112 ac-

377 4148 620 4218 ceperit.
654 4145 947 4210 Quoniam
991 4160 1124 4198 vero
1154 4143 1340 4198 virtus
1397 4143 1583 4198 latere
1633 4161 1755 4201 non
1813 4150 2031 4216 potest,

375 4253 530 4308 papa
555 4235 734 4289 etiam
793 4236 992 4287 Romae
1018 4233 1208 4286 factus
1242 4237 1363 4287 est:
1396 4248 1651 4302 cumque
1709 4233 1770 4287 in
1801 4234 2029 4304 episco-

375 4325 496 4397 pali
531 4323 815 4395 dignitate
844 4321 1066 4392 optime
1109 4337 1168 4374 se
1223 4320 1523 4392 gessisset,
1585 4321 1904 4393 multisque
1937 4323 2026 4378 sui

375 4416 563 4488 ipsius
594 4416 771 4470 vitam
802 4419 1085 4483 tanquam
1121 4411 1457 4482 exemplum
1498 4412 1857 4469 imitandum
1888 4414 2024 4469 reli-

375 4506 622 4579 quisset,
657 4503 1014 4561 obdornivit.

932 4710 1173 4766 EODEM
1212 4709 1461 4765 MENSE.

833 4801 936 4856 Die
976 4800 1260 4855 vicesima
1299 4798 1563 4855 secunda

438 4891 586 4948 207
624 4893 1082 4947 Commemoratio
1110 4891 1288 4944 sancti
1317 4888 1568 4945 Atanasii
1590 4888 1945 4959 Confessoris.

1095 4979 1286 5032 Deest.

932 5096 1167 5152 EODEM
1201 5094 1454 5150 MENSE.

864 5186 968 5242 Die
1016 5185 1298 5240 vicesima
1347 5183 1520 5238 tertia

437 5277 590 5335 208
624 5277 908 5334 Certamen
953 5275 1288 5330 sacrosancti
1342 5275 1608 5343 martyris
1650 5274 1947 5348 Polycarpi

916 5365 1155 5435 episcopi
1195 5364 1467 5433 Smyrnae.

436 5457 795 5529 Polycarpus
827 5453 1238 5510 sanctissimus
1264 5451 1508 5507 Joannis
1539 5450 1838 5526 Theologi,
1872 5471 2016 5526 apo-

365 5548 521 5608 stoli,
549 5553 607 5601 et
629 5545 1003 5618 evangelista:
1036 5542 1383 5613 discipulus,
1411 5541 1674 5613 Smyrna:
1700 5545 2013 5616 episcopus

2165 1936 2637 2011 θαυματουργός·
2714 1938 2807 1990 καὶ
2891 1936 2996 2014 γὰρ
3079 1937 3171 1992 τὸν
3254 1939 3424 2012 μάγον
3482 1936 3822 2014 Ἦλιόδωρον

2159 2034 2408 2089 πολλοῦς
2477 2029 2596 2089 ταῖς
2663 2025 2907 2102 μαγείαις
2970 2023 3296 2094 πλανῶντα,
3362 2023 3452 2081 διὰ
3503 2032 3824 2104 προσευχῆς

2159 2113 2290 2188 πυρὶ
2318 2113 2662 2184 κατέκαυσεν,
2712 2115 3130 2189 καυχησάμενον
3194 2117 3369 2170 πάντα
3422 2112 3699 2183 δύνασθαι,
3742 2117 3821 2179 ὡς

2165 2199 2306 2275 μηδὲ
2334 2207 2441 2279 πῦρ
2473 2199 2777 2280 φοϐεῖσθαι.
2839 2203 2968 2279 Περὶ
3019 2203 3216 2258 τούτου
3276 2208 3374 2258 τοῦ
3435 2203 3595 2279 ἁγίου
3645 2207 3737 2260 καὶ
3769 2227 3829 2287 οἱ

2169 2291 2414 2369 βασιλεῖς
2475 2294 2766 2366 Ῥωμαίων
2852 2293 3177 2355 ἀκούσαντες
3213 2337 3227 2364 ,
3309 2292 3615 2366 ἐθαύμασαν
3648 2338 3661 2351 .
3724 2301 3827 2358 Καὶ

2161 2383 2666 2456 προσκαλεσάμενοι
2772 2381 2931 2437 αὐτὸν
2970 2427 2983 2449 ,
3075 2383 3256 2454 ἠξίουν
3348 2379 3592 2456 εὔξασθαι
3681 2385 3816 2459 ὑπὲρ

2164 2472 2388 2528 αὐτῶν·
2449 2474 2539 2526 καὶ
2593 2473 2858 2535 τυχόντες
2924 2477 3030 2527 τῶν
3110 2473 3315 2528 ἐκείνου
3393 2472 3570 2549 εὐχῶν
3608 2518 3620 2542 ,
3688 2477 3823 2548 μετὰ

2160 2569 2329 2634 τιμῆς
2362 2561 2652 2617 ἀπέλυσαν
2709 2561 3018 2618 ἀπελθόντα
3075 2561 3131 2618 δὲ
3180 2562 3255 2625 εἷς
3282 2564 3381 2631 τήν
3441 2560 3580 2618 ἰδίαν
3613 2562 3819 2634 ἐκκλη-

2162 2651 2280 2707 σίαν
2312 2645 2686 2727 προσελάϐετο
2719 2653 2747 2707 6
2781 2652 2995 2728 Κύριος.

2736 2769 2915 2826 ΜΗΝΙ
2944 2773 3026 2823 ΤΩ
3060 2772 3249 2827 ΑΥΤΩ.

2936 2858 3043 2915 KA'

2163 2949 2373 3020 Μνήμη
2404 2952 2502 3002 τοῦ
2533 2947 2587 3004 ἐν
2617 2946 2790 3022 ἁγίοις
2822 2947 3035 3018 ΙῙατρὸς
3064 2949 3227 3020 ἡμῶν
3267 2947 3566 3022 Ἀγάθωνος
3598 2948 3821 3004 ἐπισκό-

2799 3057 2904 3092 που
2925 3035 3168 3111 Ῥώμης.

2232 3153 2330 3207 Καὶ
2362 3153 2519 3216 οὗτος
2553 3154 2580 3208 6
2612 3151 2760 3214 ὅσιος
2807 3155 2997 3227 Ηατὴρ
3031 3155 3190 3226 ἡμῶν
3245 3155 3333 3208 καὶ
3396 3156 3813 3230 θαυματουργὸς

2154 3245 2408 3318 ’Δγάθων
2457 3241 2517 3298 ἐκ
2567 3250 2667 3312 τῆς
2718 3241 2952 3305 Ἰταλίας
3009 3242 3238 3317 ἐγένετο,
3297 3245 3414 3305 υἱὸς
3470 3246 3807 3317 Χριστιανῶν

2154 3334 2378 3407 γονέων,
2439 3326 2688 3387 εὖλαϐὦν
2745 3333 2835 3388 καὶ
2893 3327 3146 3388 εὐτεϐὤν.
3181 3333 3248 3390 Οἱ
3297 3329 3354 3387 δὲ
3409 3338 3588 3408 γονεῖς
3645 3333 3810 3389 αὐτοῦ

2155 3429 2622 3508 φιλοπονήσαντες
2718 3429 2959 3502 ἐδίδαξαν
3063 3431 3221 3486 αὐτὸν
3321 3437 3493 3486 πᾶσαν
3581 3434 3800 3510 Γραφήν

2153 3521 2503 3584 θεόπνευστον
2542 3520 2628 3575 καὶ
2691 3519 2994 3598 ὠφέλιμον.
3050 3523 3315 3576 Τοσοῦτον
3377 3519 3479 3596 γὰρ
3533 3521 3801 3599 ὠφελήθη

2152 3610 2297 3684 παρᾶ
2324 3611 2423 3678 τῆς
2454 3609 2598 3673 θείας
2655 3615 2893 3687 Γραφῆς,
2945 3609 3031 3664 καὶ
3091 3609 3384 3684 κατενύγη,
3444 3609 3520 3672 ὡς
3576 3611 3710 3683 μετᾶ
3737 3611 3804 3667 τὸ

2157 3699 2448 3763 ἀποθανεῖν
2498 3698 2624 3760 τοὺς
2653 3703 2831 3772 γονεῖς
2890 3698 3076 3767 αὐτοῦ,
3132 3703 3449 3774 συναγαγεῖν
3500 3699 3673 3755 πάντᾶ
3708 3701 3800 3756 τὸν

2149 3786 2390 3842 πλοῦτον
2420 3787 2608 3856 αὐτοῦ,
2633 3787 2724 3842 καὶ
2773 3787 3242 3862 προσκαλέσασθαι
3284 3789 3565 3864 πτωχοὸς,
3614 3789 3703 3843 καὶ
3747 3788 3802 3845 ἐν

2151 3881 2250 3950 μιᾷ
2305 3875 2486 3952 ἡμέρᾳ
2539 3873 2916 3952 διασκορπίσαι
2971 3875 3153 3933 αὐτόν.
3203 3876 3379 3940 Αὐτὸς
3437 3873 3494 3931 δὲ
3523 3875 3802 3948 ἀπελθὼν,

2146 3965 2233 4020 καὶ
2285 3963 2576 4040 γενόμενος
2631 3961 2681 4018 ἐν
2733 3963 2942 4040 ἡσυχία
2997 3963 3074 4028 εἷς
3144 3967 3532 4041 μοναστήριον,
3591 3965 3682 4020 καὶ
3730 3966 3794 4022 τὸ

2149 4055 2450 4131 μοναχικὸν
2490 4044 2971 4130 σχῆμα-φορέσαξ,
3013 4051 3274 4136 ἐδούλευε
3321 4058 3391 4129 τῇ
3445 4058 3574 4136 Θ-εῇ,
3605 4057 3800 4136 νυκτὸς

2142 4147 2232 4200 καὶ
2280 4129 2492 4221 ἡμέρας
2549 4138 2690 4217 ὑπὲρ
2737 4147 2834 4199 τοῦ
2881 4143 3094 4216 κόσμου
3145 4129 3614 4221 προσευχόμένος.
3643 4131 3794 4203 ἴῘ¹οσ-

2142 4237 2297 4289 οῦτον
2329 4231 2386 4289 δὲ
2448 4231 2752 4308 ἠγωνίσατο
2811 4232 2886 4295 εἷς
2941 4233 3156 4303 ἀρετὴν,
3215 4233 3290 4295 ὡς
3329 4234 3512 4288 καὶτὸ
3542 4235 3791 4309 χάρισμα

2141 4316 2327 4376 λαϐεῖν
2383 4324 2480 4376 τοῦ
2531 4325 2962 4395 θαυματουργεῖν
2995 4363 3008 4375 .
3081 4319 3232 4377 Ἐπεὶ
3299 4316 3355 4376 δὲ
3407 4323 3441 4390 ἡ
3499 4320 3671 4390 ἀπετή
3730 4320 3791 4376 οὗ

2140 4410 2438 4480 λανθάνει,
2496 4411 2681 4487 γέγονε
2734 4412 2828 4466 καὶ
2883 4412 3065 4474 πάπας
3147 4413 3372 4486 Ῥώμης
3406 4431 3418 4446 ο
3462 4413 3551 4468 καὶ
3604 4411 3788 4475 καλῶς

2140 4499 2438 4576 διαπρέψας
2471 4501 2524 4556 ἐν
2555 4505 2634 4574 τῷ
2685 4499 3027 4574 ἐπισκοπικῷ
3082 4502 3374 4576 ἀξιώματι,
3431 4503 3520 4557 καὶ
3550 4501 3788 4564 πολλοῖς

2061 4554 2106 4618 Ι)
2137 4554 2798 4668 ὰγᾎιδένᾲἲέτέάὲειγραῖέδᾴ
2817 4554 3035 4647 "ante
3071 4554 3780 4667 βίὶζ’Χὶέτίνξικρὶιὲἒέιτῇ

2694 4710 2877 4766 ΜΗΝΙ
2905 4711 2996 4766 ΤΩ
3024 4713 3224 4767 ΑΥΤΩ.

2910 4799 3011 4853 KB‘

2230 4889 2442 4961 Μνήμη
2475 4891 2571 4942 τοῦ
2600 4886 2762 4962 ἁγίου
2792 4887 3121 4946 Ἀθανασίου
3147 4892 3245 4943 τοῦ
3275 4888 3678 4964 Ὁμολογητοῦ.

2841 4976 3029 5032 Λείπει
3049 5020 3063 5032 .

2687 5096 2866 5151 MHNI
2903 5099 2988 5149 ΤΩ
3019 5097 3217 5152 ΑΥἸὮ.

2900 5184 3004 5240 Kl"

2123 5269 2392 5345 Ἀθλησις
2417 5276 2516 5328 τοῦ
2547 5273 2699 5348 ἁγίου
2731 5274 3129 5350 ίερομάρτυρος
3164 5272 3531 5351 Πολυκάρπου
3553 5276 3776 5332 ἐπισκό-

2727 5383 2833 5418 που
2890 5363 3170 5440 Σμύρνης·

2196 5449 2558 5530 Πολύκαρπος
2609 5451 2638 5506 6
2703 5453 3009 5527 ἁγιώτατος
3063 5455 3314 5526 μαθητὴς
3368 5455 3435 5524 ἦν
3482 5459 3580 5511 τοῦ
3621 5454 3778 5530 ἁγίου

2124 5539 2436 5596 ἀποστόλου
2465 5542 2554 5596 καὶ
2590 5537 2978 5617 εὐαγγελιστοῦ
3015 5545 3273 5599 Ἰωάννοῦ
3327 5548 3425 5601 τοῦ
3477 5540 3774 5619 Θεολόγου·

362 5639 425 5695 in
482 5636 777 5694 demortui
835 5632 1218 5691 sacratissimi
1270 5629 1472 5688 Bucoli
1523 5631 1783 5704 episcopi
1816 5632 2011 5692 locum

2162 5637 2526 5708 _ttPOTOV£l'tat
2559 5629 2617 5687 δὲ
2649 5629 2947 5694 ἐπίσκοπος
2993 5631 3068 5695 εἷς
3129 5633 3380 5708 Σμύρναν
3442 5635 3576 5708 μετᾶ
3603 5634 3666 5690 τὸ
3685 5655 3775 5690 τε·
