4114 6306
396 363 516 426 327

1679 359 2118 421 MENOLOGII
2159 357 2366 422 PARS
2410 359 2489 421 ΙΙ.

3695 366 3814 426 328

395 498 767 571 temporibus
815 497 1151 554 Maximiani
1209 494 1608 568 imperatoris,
1644 497 1702 548 et
1751 492 2037 548 Tiberiani

2162 490 2325 564 λεῳς,
2353 490 2441 549 ἐπὶ
2467 495 2814 570 Μαξιμιανοῦ
2841 501 2940 552 τοῦ
3001 496 3293 573 βασιλέως,
3349 496 3442 554 καὶ
3499 493 3817 574 Τιϐεριανοῦ

394 589 678 662 praefecti.
705 589 1184 659 Comprehensus
1206 592 1402 641 autem
1425 602 1458 640 a
1475 583 1772 655 praefecto,
1806 588 1864 637 et
1887 582 2048 637 idola

395 679 643 734 adorare
676 677 1042 749 compulsus,
1101 682 1328 731 tantum
1363 673 1573 735 abfuit,
1605 679 1673 728 ut
1703 688 1772 727 ea
1802 672 2046 738 coleret,

395 774 461 824 ut
490 770 685 840 potius
718 767 1094 823 contumeliis
1126 772 1245 820 tam
1279 765 1453 823 idola.
1490 780 1670 835 quam
1702 763 2050 836 praefectum

396 863 693 925 oneraret,
725 857 1004 927 inquiens
1033 874 1045 910 :
1079 856 1143 910 Et
1173 871 1321 909 vana
1350 854 1456 909 illa
1487 860 1646 921 sunt,
1683 860 1740 909 et
1768 870 1957 909 vanus
1987 869 2051 908 es

395 944 544 1020 ipse,
579 947 760 1002 miser
781 953 839 1001 et
859 946 1086 1002 infelix.
1113 946 1213 1017 qui
1236 946 1298 1000 in
1321 961 1391 1000 ea
1411 944 1628 1000 credis.
1654 944 2051 1010 Quamobrem

398 1039 610 1093 vinctis
641 1036 910 1109 pendens
962 1037 1256 1099 manibus,
1291 1036 1690 1107 appensisque
1738 1035 1814 1091 ad
1869 1034 2053 1106 pedes

395 1129 572 1192 saxis,
609 1133 919 1199 torquetur
951 1145 964 1182 :
1000 1127 1214 1182 deinde
1247 1127 1498 1191 solutus,
1551 1132 1609 1180 et
1637 1125 2052 1197 Carthaginem

396 1219 630 1284 ductus,
663 1235 872 1272 rursus
899 1218 960 1272 in
1006 1218 1329 1289 equuleum
1382 1217 1575 1289 agitur
1606 1222 1664 1271 et
1692 1217 2050 1289 depectitur.

391 1306 535 1361 Inde
574 1306 1056 1377 Marcianopolim
1091 1312 1334 1370 tractus,
1364 1306 1597 1361 facibus
1653 1307 1715 1360 in
1769 1305 1918 1360 facie
1951 1304 2056 1359 ad-

391 1395 605 1450 uritur.
652 1395 903 1448 Demum
927 1412 1060 1450 cum
1089 1395 1308 1449 multos
1329 1394 1478 1450 alios
1500 1394 1796 1449 cruciatus
1827 1393 2057 1447 fortiter

396 1493 462 1541 ut
499 1484 714 1538 Christi
750 1491 992 1556 martyr.
1027 1485 1390 1556 pertulisset,
1425 1485 1486 1538 in
1507 1484 1754 1538 Thracia
1794 1482 2054 1538 decolla~

2153 582 2448 657 ἡγεμόνος.
2484 587 2788 660 Κρατηθεὶς
2847 583 2904 642 δὲ
2959 587 3105 662 παρά
3157 591 3263 643 τοῦ
3313 589 3609 664 ἡγεμόνος,
3641 590 3815 663 ἠναγ-

2152 676 2346 745 κάζετο
2403 686 2776 752 προσκυνῆσαι
2860 685 2979 742 τοῖς
3061 678 3343 744 εἷδώλοις.
3402 681 3464 739 Ὁ
3519 678 3578 736 δὲ
3636 681 3812 758 ἅγιος,

2153 764 2270 820 ἀντὶ
2301 771 2399 821 τοῦ
2438 772 2806 843 προσκυνῆσαι
2863 775 2980 833 τοῖς
3037 769 3313 842 εἰδώλοις,
3376 770 3591 844 μᾶλλον
3624 767 3812 847 ὕϐρισε

2153 860 2244 914 καὶ
2282 859 2436 934 αὐτὰ,
2468 861 2559 917 καὶ
2610 863 2702 918 τὸν
2762 863 3028 938 ἡγεμόνα,
3088 863 3254 920 εἰπὼν
3312 865 3450 938 πρὸς
3510 861 3694 933 αὺτὸν,
3727 863 3812 920 ὅτι

2154 952 2245 1007 καὶ
2277 953 2412 1009 αὐτά
2457 956 2656 1028 μάταιά
2714 957 2840 1028 είσι,
2896 958 2987 1013 καὶ
3037 957 3099 1012 σὺ
3160 959 3189 1012 ὁ
3245 956 3511 1013 πιστεύων
3570 958 3649 1020 είς
3678 957 3814 1014 αὐτὰ

2157 1038 2348 1104 ἄθλιος
2392 1044 2483 1099 καὶ
2537 1045 2911 1120 ταλαίπωρος.
2970 1046 3068 1100 Διά
3121 1048 3284 1099 τοῦτο
3339 1041 3492 1114 ἐδέθη
3552 1044 3602 1116 ἐξ
3629 1046 3808 1120 ἄκρων

2159 1131 2384 1200 χειρῶν,
2415 1128 2504 1184 καί
2561 1130 2892 1204 ἐκρεμάσθη.
2955 1129 3056 1187 Καὶ
3101 1129 3177 1192 εἷς
3225 1129 3357 1193 τοὺς
3413 1127 3582 1192 πόδας
3642 1129 3811 1185 αὐτοῦ

2157 1213 2456 1287 προσεδέθη
2487 1218 2639 1282 λίθος
2683 1218 2872 1295 βαρός”
2928 1219 3019 1274 καὶ
3077 1218 3214 1291 μετὰ
3267 1221 3428 1273 τοῦτο
3484 1216 3688 1287 λυθεὶς,
3720 1217 3811 1274 καὶ

2159 1303 2428 1380 ἀπαχθεὶς
2489 1307 2539 1362 έν
2600 1310 2966 1384 Καρθαγέννῃ,
3023 1307 3189 1362 πάλιν
3247 1307 3570 1382 κρεμασθεὶς
3603 1307 3812 1382 έξέσθη.

2162 1398 2264 1452 Καὶ
2298 1398 2461 1454 πάλιν
2495 1400 2686 1476 ἀχθεὶς
2729 1400 2806 1465 εἰς
2864 1399 3370 1476 Μαρκιανοόπολιν,
3424 1400 3560 1473 μετά
3589 1399 3816 1473 λαμπά-

2163 1483 2268 1542 δων
2303 1489 2472 1563 πυρὸς
2502 1491 2564 1544 τὸ
2606 1491 2925 1565 πρόσωπιον
2983 1489 3214 1544 καίεται·
3270 1487 3361 1543 καὶ
3392 1486 3568 1552 ἄλλας
3599 1487 3815 1551 πολλὰς

396 1583 514 1643 tur,
548 1591 834 1632 coronam
869 1574 1387 1645 incorruptibilem
1417 1573 1717 1644 vitamque
1771 1578 2037 1627 aeternam

2167 1581 2432 1654 βασάνους
2458 1584 2546 1638 καὶ
2608 1583 2878 1657 τιμωρίας
2930 1579 3210 1657 ἀνδρείως,
3269 1581 3344 1643 ὡς
3398 1582 3636 1654 Χριστοῦ
3670 1581 3806 1654 μάρ-

393 1666 677 1722 aChristo
710 1665 826 1719 Deo
859 1668 1062 1718 nostro
1095 1663 1410 1734 recipiens.

1047 1933 1268 1988 Eodem
1299 1933 1394 1988 die

394 2079 548 2137 202
603 2075 1054 2133 Commemoratio
1110 2077 1297 2131 ’sancti
1361 2077 1546 2130 Patris
1599 2075 1775 2130 nostri
1831 2074 2045 2129 Tarasii

681 2167 1081 2236 archiepiswpi
1136 2165 1754 2234 Constantinopolitani.

465 2313 714 2368 Sanctus
743 2312 919 2366 Pater
955 2313 1160 2365 noster
1207 2308 1481 2365 Tarasius
1525 2306 2040 2379 ConstantinOpoli

386 2408 566 2458 natus
597 2407 655 2456 et
705 2400 1008 2463 educatus,
1061 2399 1348 2472 dignitate
1379 2415 1414 2454 a
1445 2397 1696 2454 Secretis
1742 2403 1903 2452 erat:
1937 2396 2043 2453 sed

389 2492 462 2547 ob
485 2506 684 2546 rerum
725 2489 1146 2561 cognitionem,
1199 2489 1568 2558 multamque
1625 2487 1899 2541 virtutem
1932 2504 2036 2558 pa-

321 2579 324 2582 ’
388 2581 647 2635 triarcha
663 2577 1360 2650 ConstantinOpolitanus
1379 2576 1688 2632 ordinatus
1709 2581 1801 2631 est
1825 2593 1837 2630 :
1863 2575 1964 2647 qui
1984 2581 2042 2630 et

387 2674 728 2725 sanctarum
751 2668 1080 2740 imaginum
1104 2668 1328 2723 cultum
1353 2667 1761 2740 propugnavit.
1783 2672 1841 2722 et
1859 2682 2040 2737 opera

385 2775 493 2813 sua
522 2758 584 2812 id
610 2758 826 2824 effecit,
861 2763 928 2811 ut
957 2759 1291 2813 Romanum
1323 2756 1640 2828 imperium
1689 2755 1762 2810 ad
1793 2761 2036 2811 sancto-

382 2864 518 2902 rum
551 2846 956 2918 apostolorum
1007 2845 1376 2911 traditiones,
1408 2851 1466 2900 et
1511 2845 1586 2900 ad
1617 2850 1843 2910 septem
1875 2862 2035 2901 uacu-

383 2937 752 2992 menicarum
789 2936 1151 3007 synodorum
1199 2935 1436 2990 decreta
1466 2934 1791 2998 accederet,
1823 2940 1881 2988 et
1909 2952 2037 2990 om-

382 3043 490 3082 nes
514 3026 780 3082 ecclesiaa
803 3042 937 3081 cum
960 3024 1303 3080 orthodoxis
1322 3026 1840 3096 conjungerentur.
1870 3025 2036 3080 Hunc

381 3116 583 3186 itaque
611 3116 670 3169 in
707 3115 950 3170 modum
980 3114 1256 3185 religiose
1283 3113 1446 3173 vixit,
1481 3113 1552 3167 ab
1575 3113 2035 3184 imperatoribus

381 3205 445 3259 in
478 3206 702 3258 honore
722 3203 958 3257 habitus
991 3203 1439 3272 ;aadilicat0que
1465 3202 1623 3258 ultra
1651 3201 1785 3258 freti
1817 3219 2036 3274 angus—

382 3295 495 3347 tias
523 3293 908 3357 monasterio,
941 3307 1009 3346 ac
1039 3292 1244 3345 multis
1274 3292 1579 3346 monachis
1610 3291 1671 3346 in
1702 3292 1830 3362 ipso
1861 3309 2036 3347 cons-

385 3380 598 3447 titutis,
633 3379 993 3434 liberalitate
1026 3380 1087 3434 in
1117 3396 1411 3451 pauperes
1459 3381 1732 3452 insignis,
1766 3397 1901 3435 cum
1935 3397 2035 3435 ec-

381 3469 628 3524 clesiam
665 3469 839 3524 annis
869 3469 1071 3540 viginti
1105 3468 1336 3523 duobus
1371 3477 1429 3523 et
1457 3469 1762 3524 mensibus
1803 3467 2035 3524 duobus

382 3559 606 3630 Optime
637 3559 908 3620 rexisset,
942 3559 1004 3612 in
1034 3573 1178 3630 pace
1202 3558 1442 3628 quievit,
1474 3564 1531 3613 et
1560 3558 1623 3614 in
1658 3575 1764 3614 suo
1791 3574 2034 3614 monas-

381 3648 530 3704 terio
564 3647 834 3720 sepultus
869 3646 1001 3703 fuit.

939 3793 1181 3848 EODEM
1220 3792 1470 3849 MENSE.

878 3908 982 3963 Die
1032 3908 1316 3965 vicesima
1373 3914 1538 3966 sexta

379 4026 534 4082 208
624 4024 1074 4082 Commemoratio
1156 4024 1336 4080 sancti
1407 4026 1708 4097 Porphyrii
1793 4026 2034 4097 episcopi

1121 4115 1300 4174 Gaza.

447 4259 699 4314 Sanctus
729 4257 1092 4330 Porphyrius
1123 4260 1555 4316 Thessalonica,
1603 4260 1884 4316 divitibus
1925 4277 2028 4332 pa-

374 4347 646 4404 rentibus
679 4354 873 4409 natus,
907 4347 980 4403 iis
1011 4364 1078 4404 ac
1108 4349 1321 4420 opibus
1353 4349 1596 4414 relictis,
1628 4349 1690 4403 in
1721 4351 2030 4421 Egyptum

380 4439 687 4504 secedens,
721 4436 1014 4493 Archadio
1039 4443 1096 4491 et
1118 4438 1374 4492 Honorio
1397 4437 1877 4508 imperatoribus,
1904 4455 2029 4493 mo-

375 4529 602 4583 nachus
633 4526 823 4582 factus
883 4532 991 4582 est.
1025 4526 1248 4581 Deinde
1281 4526 1750 4597 Hierosolymam
1795 4533 2025 4598 petens,

2162 1690 2256 1732 τυς
2289 1713 2303 1740 ,
2365 1671 2683 1744 ὑπομείνας,
2742 1670 2792 1726 ἐν
2851 1675 2920 1746 τῇ
2979 1671 3162 1746 Θρᾴκῃ
3219 1669 3494 1738 ἀπελθὼν,
3548 1670 3820 1746 ἀπεκεφα-

2165 1757 2352 1830 λίσθη,
2398 1755 2692 1815 ἀπολαϐὼν
2749 1761 3004 1837 στέφανον
3061 1757 3351 1834 ἄφθαρτον,
3382 1757 3472 1812 καὶ
3507 1759 3651 1827 ζωήν
3679 1755 3816 1811 αἰώ-

2071 1857 2121 1923 B
2157 1869 2269 1904 νιον
2301 1850 2450 1924 παρά
2478 1852 2712 1927 Χριστοῦ
2739 1854 2836 1906 τοῦ
2863 1853 2998 1906 Θεοῦ
3025 1852 3210 1922 ἡμῶν.

2726 1967 2804 2044 Ti”:
2855 1968 2995 2042 αὐτῇ
3053 1968 3236 2044 ἡμέρᾳ

2153 2088 2362 2160 Μνήμη
2401 2090 2500 2143 τοῦ
2530 2085 2581 2142 ἐν
2615 2087 2790 2163 ἁγίοις
2838 2088 3046 2163 ῙΙατρὸς
3098 2089 3260 2161 ἡμῶν
3301 2085 3575 2162 Ταρασίου
3613 2087 3808 2162 ἀρχιε-

2498 2175 2770 2232 πισκόπου
2819 2173 3451 2241 Κωνιταντινουπὸλεως.

2218 2320 2482 2398 Ταράσιος
2548 2321 2576 2378 ὁ
2633 2320 2686 2376 έν
2745 2321 2920 2398 ἁγίοις
2979 2321 3165 2396 Πατὴρ
3223 2323 3386 2394 ἡμῶν
3433 2317 3642 2395 ἐγένετο
3697 2325 3800 2390 τῆς

2154 2409 2786 2473 Κωνσταντινουπόλεως
2839 2411 2929 2467 καὶ
2959 2413 3206 2486 γέννημα
3260 2408 3349 2466 καί
3404 2411 3646 2486 θρέμμα,
3694 2410 3799 2478 τὴν

2153 2501 2300 2572 ἀξίαν
2333 2502 2652 2578 ἀσηκρῆτις’
2697 2500 2843 2557 ἀλλά
2872 2498 2961 2556 διά
2988 2502 3087 2571 τήν
3117 2505 3315 2577 γνῶσιν
3368 2498 3459 2555 καὶ
3513 2499 3613 2568 τήν
3665 2499 3800 2574 ἀρε-

2151 2593 2252 2662 τὴν
2309 2590 2474 2647 αὐτοῦ
2531 2596 2928 2666 χειροτονεῖται
2965 2590 3314 2666 πατριάρχης
3348 2592 3797 2646 Κωνσταντινου-

2152 2682 2393 2748 πόλεως.
2425 2686 2612 2747 ’Ὀστις
2640 2685 2730 2739 καὶ
2760 2686 2857 2753 τήν
2898 2688 3006 2739 τῶν
3065 2687 3274 2738 σεπτῶν
3306 2681 3528 2737 εἰκόνων
3561 2679 3804 2757 προσκύ-

2151 2799 2306 2848 νησιν
2357 2776 2700 2854 ἐδογμάτισε·
2759 2779 2847 2832 καί
2899 2775 2971 2832 δι’
3023 2777 3187 2832 αὑτοῦ
3217 2779 3252 2846 ἡ
3290 2775 3568 2852 βασίλειος
3625 2774 3800 2850 ἀρχὴ,

2150 2867 2239 2922 καὶ
2299 2869 2335 2936 ἠ
2394 2868 2678 2940 Ῥωμαϊκὴ
2736 2865 2949 2937 ἐξουσία
2995 2867 3130 2940 πρὸς
3185 2867 3282 2928 τὰς
3339 2861 3664 2941 παραδόσεις
3689 2868 3800 2919 τῶν

2150 2958 2318 3032 ἁγίων
2378 2955 2699 3012 ἀποστόλων
2737 2999 2751 3024 ,
2811 2956 2901 3011 καὶ
2982 2960 3093 3012 τῶν
3175 2956 3312 3011 ἒπτά
3398 2954 3800 3028 οἷ’κουμενικῶν

2151 3044 2390 3102 συνόδων
2449 3044 2759 3118 ἐπανῆλθε,
2841 3045 2932 3101 καὶ
2981 3051 3146 3101 πᾶσαι
3207 3046 3262 3100 αἱ
3337 3043 3624 3114 ἐκκλησίαι
3679 3049 3801 3106 τοῖς

2153 3134 2466 3212 ὀρθοδόξοις
2524 3136 2931 3207 συνηνώθησαν.
2988 3137 3167 3207 Ζήσας
3229 3133 3287 3190 δὲ
3318 3133 3489 3196 οὕτως
3541 3129 3797 3204 εὐσεϐῶς,

2065 3230 2109 3296 C
2145 3227 2234 3282 καὶ
2280 3231 2399 3289 τοῖς
2458 3223 2739 3302 βασιλεῦσι
2795 3225 2977 3298 τίμιος
3025 3227 3338 3299 γενόμενος,
3369 3223 3459 3278 καὶ
3524 3225 3796 3296 μοναστή-

2140 3337 2260 3392 ριον
2339 3314 2391 3369 ἐν
2467 3319 2546 3386 τῷ
2603 3312 2768 3388 πέραν
2821 3317 2919 3368 τοῦ
2977 3317 3161 3368 στενοῦ
3213 3311 3592 3386 οἰκοδομήσας
3625 3353 3640 3378 ,
3698 3311 3791 3365 καὶ

2138 3403 2353 3473 πλῆθος
2417 3406 2695 3476 μοναστῶν
2751 3402 3171 3474 συστησάμενος,
3202 3401 3292 3456 καὶ
3349 3399 3476 3462 τοὺς
3527 3398 3793 3474 πτωχοὺς

2139 3491 2390 3563 ἐλεήσας,
2433 3492 2524 3546 καὶ
2582 3491 2767 3553 καλῶς
2825 3485 3164 3564 κυϐερνήσας
3219 3490 3318 3558 τήν
3377 3487 3670 3556 ἐκκλησίαν
3703 3477 3791 3542 ἐπὶ

2137 3577 2229 3654 ἔτη
2264 3579 2433 3637 εἷ’κοσι
2465 3577 2584 3649 δύο,
2612 3579 2703 3634 καὶ
2740 3586 2916 3652 μῆνας
2949 3577 3068 3649 δύο,
3118 3577 3169 3633 ἐν
3219 3577 3412 3653 εἷ’ρήνῃ
3470 3575 3794 3645 ἐτελειώθη,

2135 3672 2226 3728 καὶ
2247 3671 2508 3741 κατετέθη
2543 3668 2594 3724 ἐν
2625 3672 2704 3741 τῷ
2735 3668 2882 3742 αὐτῷ
2914 3666 3289 3745 μοναοτηρίῳ.

2689 3812 2875 3870 ΜΗΝΙ
2914 3814 3008 3870 ΤΩ
3044 3813 3250 3869 ΑΥΤΩ.

2924 3930 3013 4000 κζ’

2244 4060 2369 4130 Μνή
2383 4079 2457 4133 μη
2487 4060 2586 4114 τοῦ
2617 4056 2782 4133 ἀγίου
2809 4055 3126 4135 Πορφυρίου
3159 4053 3462 4111 ἐπισκόπου
3483 4057 3682 4126 Γάζης.

2205 4257 2268 4314 Ὁ
2299 4256 2454 4331 ἅγιος
2511 4251 2820 4332 Πορφῦριος
2857 4250 3070 4328 ἐγένετο
3125 4252 3231 4307 ἀπὸ
3287 4252 3387 4320 τῆς
3414 4249 3631 4313 πόλεως
3661 4255 3794 4306 Θεσ-

2135 4345 2457 4415 σαλονίκης,
2492 4343 2609 4408 υἱὸς
2635 4343 2842 4417 γονέων
2898 4340 3200 4397 πλουσίωνο
3261 4340 3578 4397 καταλιπὼν
3608 4337 3664 4395 δὲ
3693 4360 3791 4394 κα-

2133 4440 2338 4512 γονεῖς,
2389 4434 2479 4490 καὶ
2531 4432 2772 4488 πλοῦτον
2807 4475 2822 4501 ,
2877 4430 2966 4486 ἰπὶ
3019 4428 3298 4507 βασιλείάς
3358 4427 3667 4504 ’Λρκαδίου,
3698 4429 3790 4484 καὶ

2133 4523 2396 4596 Ὃνωρίου
2431 4567 2446 4593 ,
2479 4519 2721 4586 ἀπῆλθεν
2775 4519 2850 4582 εἷς
2904 4519 3199 4596 Αἴγυπτον,
3247 4520 3337 4574 καὶ
3370 4517 3586 4593 ἐγένετο
3622 4537 3791 4590 μονα-

373 4618 591 4674 Judaais
611 4617 946 4687 Graacisque
970 4621 1180 4671 auctor
1201 4621 1344 4680 erat,
1375 4621 1440 4671 ut
1464 4615 1695 4671 Christo
1728 4633 1790 4672 se
1819 4617 2026 4688 adjun-

2150 4615 2254 4676 ίός.
2287 4614 2414 4670 Εἶτα
2443 4610 2618 4667 ἐλθὼν
2678 4609 2756 4674 εἰς
2783 4607 3162 4683 Ἱεροσόλυμα,
3219 4603 3425 4663 ἔπειθεν
3489 4604 3785 4669 Ἰουδαίους

373 4711 602 4777 gerent.
636 4722 770 4760 cum
814 4706 1032 4760 iterum
1087 4705 1385 4777 scalprum
1439 4711 1690 4779 gereret,
1747 4713 1804 4762 et
1834 4706 2022 4778 pelles

375 4801 711 4859 consueret,
747 4813 933 4868 eaque
965 4802 1090 4851 arte
1139 4797 1425 4869 seipsum,
1461 4803 1519 4852 et
1549 4815 1840 4870 pauperes
1891 4815 2022 4853 sus-

372 4888 650 4941 tentaret.
682 4885 826 4939 Tum
844 4903 879 4940 a
899 4886 1110 4958 Praylo
1127 4888 1465 4958 patriarcha
1486 4887 2024 4960 Hierosolymitano

372 4974 684 5048 presbyter
709 4974 1056 5030 ordinatur:
1091 4976 1332 5031 demum
1365 4977 1710 5032 Gazensium
1751 4977 2025 5048 precibus

375 5066 643 5120 aJoaune
656 5069 932 5119 Caesareae
965 5065 1221 5135 Philippi
1244 5066 1688 5137 archiepiscopo
1714 5067 2024 5139 episcopus

379 5155 539 5210 Gazze
562 5157 947 5208 consecratur
973 5170 984 5206 :
1019 5154 1119 5223 qui
1144 5169 1276 5208 cum
1309 5153 1568 5223 plurima
1596 5155 1885 5210 miracula
1908 5156 2025 5211 edi-

377 5242 584 5305 disset,
615 5240 836 5295 multos
863 5243 1198 5296 Graecorum
1218 5243 1673 5314 Judaaorumque
1694 5245 2026 5317 baptizavit,

376 5331 776 5400 omnibusque
807 5329 1107 5385 idolorum
1129 5331 1284 5386 fanis
1316 5333 1554 5400 eversis,
1584 5335 1865 5389 ecclesias
1892 5351 2029 5389 san-

377 5426 609 5476 ctorum
641 5419 936 5485 excitavit,
969 5425 1146 5490 atque
1173 5421 1332 5477 hunc
1362 5422 1423 5476 in
1454 5423 1697 5478 modum
1731 5429 2030 5479 transacta

378 5509 753 5564 sanctissime
774 5509 910 5576 vita,
933 5508 1006 5564 ad
1029 5509 1214 5565 Deum
1246 5512 1716 5585 migravit,vitam
1747 5517 2030 5568 eternam

381 5595 728 5655 hmreditate
754 5597 1014 5671 capiens.

2133 4703 2222 4759 καὶ
2277 4700 2558 4772 Ἓλληνας
2615 4699 3013 4775 προσέρχεσθαι
3093 4701 3172 4769 τῷ
3263 4694 3520 4773 Χριστῷ,
3581 4692 3785 4768 σμίλην

2138 4784 2656 4866 μεταχειριζόμενος
2688 4831 2703 4858 ,
2761 4786 2853 4841 καὶ
2911 4783 3156 4860 δέρματα
3211 4786 3472 4862 ῥάπτων,
3517 4783 3609 4838 καὶ
3665 4785 3792 4858 τρέ-

2134 4901 2247 4952 φων
2301 4877 2393 4932 καὶ
2447 4877 2635 4932 ἑαυτὸν
2722 4876 2814 4930 καὶ
2884 4872 3011 4936 τοὺς
3070 4873 3306 4943 πένητας
3341 4919 3355 4932 .
3412 4874 3542 4928 Εἶτα
3599 4891 3790 4947 χειρο⁹

2147 4977 2383 5029 τονεῖται
2459 4964 2821 5043 πρεσϐύτερος
2923 4967 3025 5022 ὑπὸ
3112 4965 3367 5042 Πραΰλου
3441 4965 3790 5040 πατριάρχου

2149 5059 2554 5138 Ιεροσολύμων.
2589 5058 2689 5113 Καὶ
2747 5062 2855 5112 τῶν
2919 5055 3164 5125 Γαζαίων
3220 5053 3569 5126 ζητησάντων
3602 5052 3790 5125 αὐτὸν,

2134 5157 2528 5230 χειροτονεῖται
2563 5149 2860 5210 ἐπίσκοπος
2906 5148 3009 5204 ὑπὸ
3042 5147 3300 5204 Ἰωάννου
3355 5145 3795 5223 ἀρχιεπισκόπου

2136 5242 2456 5316 Καισαρείας
2531 5247 2633 5310 τῆς
2703 5238 2989 5295 Φιλίππου
3027 5281 3041 5294 .
3100 5236 3200 5292 Καὶ
3256 5234 3490 5301 πλεῖσθα
3548 5235 3799 5308 θαύματα

2135 5335 2399 5402 ποιήσας,
2429 5329 2683 5391 πολλοὺς
2712 5332 2822 5384 τῶν
2869 5325 3150 5397 Ἑλλήνων
3210 5325 3300 5381 καὶ
3350 5330 3458 5380 τῶν
3512 5322 3798 5383 Ἰουδαίων

2138 5417 2411 5477 ἑϐάπτισν
2443 5418 2535 5474 καὶ
2593 5417 2796 5480 πάντάς
2852 5415 2980 5477 τοὺς
3038 5415 3200 5478 ναοὺς
3244 5418 3355 5470 τῶν
3411 5411 3658 5470 εἷδώΑων
3690 5435 3796 5468 κα·-

2136 5509 2475 5584 ταστρέψας,
2533 5506 2825 5576 ἐκκλησιας
2884 5505 3054 5579 ἁγίων
3111 5498 3306 5570 ἔκτισε,
3364 5503 3455 5558 καὶ
3515 5502 3658 5557 οὕτω
3690 5524 3788 5557 κα-

2141 5598 2255 5661 λῶς
2324 5596 2529 5673 βιώσας
2578 5597 2714 5670 πρὸς
2771 5596 2898 5652 Θεὸν
2958 5591 3303 5668 ἔξεδήμησα,
3356 5590 3789 5667 κληρονομήσας

2138 5691 2240 5761 τὴν
2271 5686 2492 5748 αΐώνιον
2513 5686 2682 5758 amp.
