4112 6308
161 300 255 362 329

1679 305 2193 374 FEBRUAltlUS-

811 448 902 518 Τῇ
939 445 1078 518 αὗτῇ
1108 444 1291 518 ἡμέρᾳ
1910 447 1963 512 Α

3521 307 3638 368 330

2632 444 2852 500 Eodem
2901 443 2998 497 die

193 525 385 599 Ἆνήμη
437 532 546 583 τοῦ
612 531 798 586 ὁσίου
871 534 1181 610 ΣτεφάνουΔ
1208 536 1306 587 τοῦ
1364 532 1773 610 συστησαμένου
1822 532 1885 587 τὸ

2024 534 2148 589 ιιι
2180 532 2860 610 Commemoratio__sancti
2914 532 3202 610 Stephani.
3234 533 3332 600 qui
3387 530 3634 586 condidit

586 603 1000 679 γηροκομεῖοῦ
1039 609 1135 659 τοῦ
1169 605 1265 678 ’Δρ
1275 603 1491 677 ματίου.

953 695 1164 750 Λείπει.

769 811 963 868 nam]
1003 813 1095 889 Ἰᾮ
1135 811 1335 890 arra.

1011 927 1104 983 κε’

227 1045 433 1115 Μνήμη
465 1041 831 1118 Προποπίου,Δ
861 1041 953 1118 καὶ
1000 1041 1316 1118 Βασιλείου,
1361 1040 1890 1118 τῶνῂὸμολογητῶν,

543 1118 654 1170 τῶν
703 1112 1012 1182 συνάθλων,
1041 1113 1131 1168 καὶ
1172 1112 1568 1187 συμμαθητῶν.

296 1291 470 1350 Οὗτοι
517 1291 774 1367 ὑπῆρχον
820 1290 908 1346 ἐπὶ
948 1296 1046 1362 τῆς
1101 1289 1381 1368 βασιλείας
1411 1291 1642 1355 Λέοντος
1669 1293 1768 1346 τοῦ
1796 1288 1892 1345 Εἶ-

225 1379 569 1456 κονομέχου.
625 1380 1028 1442 Καταλιπόντες
1078 1377 1135 1435 δὲ
1179 1378 1270 1435 τὸν
1325 1379 1554 1452 κόσμον,
1603 1377 1694 1433 καὶ
1742 1381 1810 1432 τά
1841 1377 1892 1434 ἐν

225 1470 450 1541 κόσμῳ,
512 1467 756 1543 ἐγένοντο
817 1469 1080 1544 μοναχοί·
1157 1467 1248 1523 καὶ
1323 1466 1510 1530 καλῶς
1562 1466 1892 1537 ἀσκήσαντες

226 1559 522 1633 πρότερον,
574 1559 795 1634 ὕστερον
849 1565 952 1628 τῆς
1009 1559 1265 1633 αἱρέσεως
1295 1561 1392 1628 τῆς
1422 1559 1559 1612 κατά
1586 1562 1695 1612 τῶν
1724 1557 1893 1634 ἁγίων

227 1647 456 1702 εἰκόνων
513 1646 856 1718 κινηθείσης,
916 1645 1224 1708 σπουδαίως
1283 1647 1610 1718 ἀντέστησαν
1658 1650 1777 1709 τοῖς
1817 1643 1897 1700 εί-

225 1736 605 1811 κονομάχοις.
661 1739 811 1792 Ὅθεν
874 1737 964 1791 καὶ
1021 1737 1396 1811 κρατηθέντες,
1454 1737 1541 1790 καὶ
1595 1734 1783 1791 πολλά
1809 1756 1892 1790 τι-

2416 605 2890 661 valetudinarium
2938 601 3210 660 Armatii.

2720 695 2911 749 Deest.

2539 811 2781 867 EODEM
2829 809 3079 865 MENSE.

2469 931 2571 985 Die
2619 929 2898 984 vicesima
2937 928 3189 1000 septima

1995 1044 2144 1102 215
2203 1045 2654 1103 Commemoratio
2702 1046 2962 1116 Procopii
3017 1052 3067 1100 et
3113 1042 3315 1099 Basilii
3370 1043 3646 1116 confesso-

2066 1132 2210 1190 rum,
2270 1125 2324 1172 et
2375 1115 2899 1190 condiscipulorum,
2958 1121 3054 1189 qui
3120 1133 3235 1171 una
3310 1115 3644 1183 martyrium

2067 1188 2367 1245 subierunt.

2070 1294 2174 1349 Isti
2207 1296 2397 1353 Leone
2432 1298 2818 1354 Iconomacho
2868 1296 3225 1366 imperatore
3269 1293 3650 1348 claruerunt:

1999 1381 2119 1452 qui,
2154 1386 2376 1442 mundo
2407 1387 2845 1457 mundanisque
2876 1385 3052 1440 rebus
3082 1382 3501 1446 valedicentes,
3526 1394 3656 1433 mo-

2000 1472 2175 1527 nachi
2206 1473 2344 1530 facti
2373 1482 2548 1531 sunt:
2603 1493 2858 1548 cumque
2906 1475 3072 1547 prius
3121 1473 3437 1530 asceticam
3471 1473 3651 1528 vitam

2000 1559 2316 1634 diligenter
2339 1565 2757 1632 excoluissent,
2818 1565 3069 1620 excitata
3125 1569 3331 1634 postea
3370 1562 3652 1617 adversus

2003 1663 2199 1705 sacras
2228 1652 2517 1724 imagines
2547 1653 2782 1720 haaresi,
2815 1651 3225 1707 Iconomachis
3263 1650 3498 1704 fortiter
3524 1664 3654 1703 sese

2002 1748 2426 1810 apposuerunt.
2461 1743 2649 1807 Quare
2691 1741 3130 1813 comprehensi,
3163 1738 3487 1809 multisque
3519 1753 3652 1792 cru-

232 1826 612 1897 μωρηθέντες,
643 1824 746 1879 οὐκ
801 1821 1086 1879 ἐνέδωκαν·
1147 1821 1295 1878 ἀλλά
1334 1823 1433 1893 τὴν
1468 1820 1729 1894 ἀλήθειαν
1762 1822 1892 1894 ἐκή-

2024 1828 2259 1884 :iatibus
2288 1831 2498 1897 vexati,
2531 1847 2664 1885 cum
2714 1831 2866 1886 nihil
2911 1830 2984 1885 de
3035 1828 3271 1901 pristini
3303 1827 3487 1883 animi
3519 1842 3656 1882 sen-

229 1933 428 1987 ρυττον
469 1911 638 1988 μέχρι
689 1914 940 1971 θανάτου.
991 1914 1084 1968 Διὸ
1129 1913 1221 1968 καὶ
1268 1910 1451 1986 ἐξέσθη
1487 1913 1514 1966 ὁ
1547 1913 1702 1986 ἅγιος
1733 1909 1894 1968 Βασί-

228 2001 385 2063 λειος
411 2002 478 2056 τὸ
511 2005 672 2075 σῶμα
702 2007 803 2056 πᾶν
833 2003 922 2056 καὶ
968 2003 1058 2057 τὸν
1106 2001 1418 2078 τράχηλον,
1451 2001 1538 2055 καὶ
1572 2003 1639 2074 τῇ
1672 1999 1891 2075 φυλακῇ

227 2087 538 2163 παρεδόθη.
589 2089 954 2162 ’Δπεκλείσθη
1015 2089 1072 2145 δὲ
1127 2091 1215 2146 καὶ
1273 2091 1300 2145 ὁ
1355 2091 1506 2164 ἅγιος
1564 2088 1894 2164 Προκόπιος·

226 2183 329 2234 τοῦ
387 2177 447 2234 δὲ
523 2181 789 2255 τυράννου
862 2180 1312 2251 τελευτήσαντος,
1380 2180 1746 2250 ἀπελύθησαν·
1804 2179 1897 2233 γαὶ

226 2271 287 2325 ἐκ
315 2276 422 2339 τῆς
456 2269 710 2346 φυλακῆς
765 2270 1094 2342 ἐξελθόντες,
1150 2278 1249 2341 τῆς
1305 2271 1501 2344 ὁμοίας
1533 2269 1899 2343 ἐπεμελοῦντο

229 2357 540 2436 διαγωγῆς,
599 2360 686 2414 καὶ
745 2358 994 2423 πολλοὺς
1051 2361 1188 2432 πρὸς
1247 2361 1441 2433 ἀρετὴν
1495 2357 1900 2437 ἐπαλείφοντες,

229 2447 324 2502 καὶ
357 2448 499 2523 πρὸς
529 2448 630 2516 τὴν
685 2445 974 2522 ὄρθόδοξον
1033 2447 1210 2502 πίστιν
1270 2447 1646 2524 ἐπανάγοντες,
1681 2447 1734 2502 ἓν
1777 2445 1896 2502 δια-

234 2535 430 2610 φόροις
463 2540 701 2607 καιροῖς,
751 2533 974 2596 ἕκαστος
1033 2536 1170 2612 πρὸς
1205 2535 1296 2591 τὸν
1357 2535 1509 2602 Θεὸν,
1568 2533 1627 2589 ὅν
1680 2533 1740 2589 ἐκ
1773 2531 1901 2610 βρέ-

237 2646 376 2702 φους
406 2624 704 2695 ἐπόθησαν,
762 2622 1124 2698 ἐξεδήμησαν·
1186 2624 1386 2700 ἀγαθὸν
1448 2621 1754 2701 ὑπόδειγμα
1805 2643 1906 2679 κα-

235 2713 562 2776 ταλιπόντες
592 2713 830 2777 πολλοῖς
861 2715 952 2769 τὸν
984 2714 1231 2790 ἐνάρετον
1267 2712 1388 2790 βίον
1427 2713 1624 2772 αὐτῶν.

803 2834 988 2890 ΜΗΝΙ
1023 2833 1114 2888 ΤΩ
1162 2837 1358 2888 ΔΥΤΩ.

1016 2920 1149 2978 ΚΗ’.

460 3009 734 3083 Ἀθλησις
760 3013 858 3066 τοῦ
900 3009 1056 3086 ἁγίου
1100 3011 1373 3086 μάρτυρος
1404 3009 1694 3084 Νέστορος.

2005 1919 2189 1974 tentia
2218 1919 2611 1988 remitterent,
2644 1919 2747 1976 sed
2777 1937 2965 1990 usque
3009 1918 3083 1975 ad
3119 1923 3450 1973 extremum
3482 1915 3664 1986 spiri-

2002 2011 2128 2061 tum
2158 2009 2466 2064 veritatem
2493 2009 2926 2081 praadicarent;
2979 2007 3229 2062 Basilius
3259 2005 3501 2076 quidem
3535 2009 3655 2058 toto

2003 2113 2247 2167 corpore
2279 2103 2339 2152 et
2367 2098 2520 2154 collo
2555 2098 3029 2165 excarniﬁcatus,
3057 2095 3342 2151 custodia)
3382 2093 3663 2173 traditur,

2003 2185 2065 2240 in
2098 2204 2276 2257 quam
2333 2194 2393 2243 et
2448 2195 2687 2244 sanctus
2739 2188 3062 2259 Procopius
3101 2186 3377 2241 detrusus
3405 2189 3512 2238 est.
3547 2181 3660 2236 Sed

2003 2282 2236 2331 mortuo
2261 2283 2510 2348 tyranno
2533 2295 2563 2334 e
2587 2278 2836 2333 vinculis
2854 2277 3072 2341 educti,
3097 2274 3170 2330 ad
3192 2273 3444 2345 pristina
3466 2270 3664 2327 studia

2004 2364 2254 2427 rediere,
2287 2367 2627 2438 multosque
2685 2367 2759 2421 ad
2803 2367 3078 2420 virtutem
3127 2363 3453 2419 excitantes
3502 2366 3561 2415 et
3589 2360 3664 2415 ad

2007 2454 2395 2511 orthodoxam
2416 2456 2593 2510 fidem
2613 2453 3227 2516 revocantes.tandem
3248 2450 3495 2506 diversis
3514 2455 3660 2505 tem-

2006 2543 2249 2614 poribus
2279 2544 2353 2598 ad
2383 2544 2591 2611 Deum,
2626 2561 2804 2616 quem
2846 2544 2917 2599 ab
2951 2543 3195 2598 ineunte
3227 2545 3398 2595 astate
3425 2554 3666 2596 amave-

2006 2638 2161 2702 rant,
2196 2633 2545 2705 migrarunt,
2569 2634 2745 2689 vitam
2776 2650 2944 2689 suam
2967 2633 3258 2705 optimum
3289 2630 3521 2686 caeteris
3549 2627 3664 2684 vir-

2010 2726 2206 2782 tutum
2233 2721 2572 2794 exemplum
2603 2723 3037 2794 relinquentes.

2572 2839 2814 2894 EODEM
2852 2837 3103 2893 MENSE.

2512 2928 2613 2984 Die
2651 2927 2932 2983 vicesima
2968 2931 3173 2982 octava

2337 3017 2492 3074 216
2525 3018 2814 3073 Certamen
2855 3017 3037 3072 sancti
3077 3013 3340 3070 Nestoris.

315 3127 382 3229 :0
415 3127 575 3229 ἅγιος
628 3124 834 3200 μάρτυς
893 3123 1115 3201 Νέστωρ
1177 3126 1423 3202 ὑπῆρχεν
1481 3124 1570 3181 ἐπὶ
1623 3131 1724 3196 τῆς
1751 3126 1910 3202 βασι-

2095 3133 2342 3190 Sanctus
2372 3138 2598 3205 martyr
2652 3135 2878 3200 Nestor,
2930 3131 3105 3187 Decio
3161 3129 3345 3201 impio
3375 3132 3433 3183 et
3459 3127 3668 3198 iniquo

249 3213 403 3274 λείας
438 3215 634 3270 Δεκίου
688 3219 787 3271 τοῦ
842 3215 1162 3289 παρανόμου
1218 3215 1308 3271 καὶ
1367 3213 1704 3270 ἀδικωτάτου
1756 3217 1912 3290 βασι-

231 3301 422 3374 λέως,
447 3304 541 3360 καὶ
573 3303 828 3360 Ποπλίου
871 3303 1145 3379 ἡγεμόνος
1201 3303 1261 3360 ἐκ
1303 3307 1403 3374 τῆς
1449 3304 1665 3367 πόλεως
1693 3305 1910 3380 Πέργης

237 3395 342 3462 τῆς
397 3391 759 3469 Παμφυλίας·
821 3394 1166 3468 Χριστιανῶν
1250 3390 1308 3448 δὲ
1384 3392 1586 3469 γονέων
1648 3394 1910 3469 ὑπάρχων

240 3484 390 3551 υἱὸν,
423 3483 522 3538 καὶ
571 3483 660 3537 ὑπ’
715 3481 892 3537 αὐτῶν
945 3481 1013 3536 τά
1076 3481 1196 3556 ἱερά
1243 3483 1541 3559 γράμματα
1573 3483 1782 3556 μαθὼν,
1815 3481 1910 3538 ἐπ-

246 3573 514 3645 ιστόμιζε
558 3569 690 3634 τοὺς
734 3570 1008 3638 Ἕλληνας
1057 3568 1118 3625 ἐκ
1161 3575 1270 3626 τῶν
1320 3570 1480 3626 θείων
1530 3571 1778 3648 Γράφῶν,
1819 3571 1909 3627 καὶ

250 3659 512 3723 πολλους
570 3659 660 3715 ἐπὶ
710 3659 804 3715 τὸν
861 3660 988 3714 Θεὸν
1046 3657 1380 3738 ἐπιστρέφων
1439 3655 1744 3730 ἐϐάπτιζεν.
1793 3668 1914 3716 Δια-

251 3745 492 3820 ϐληθεὶς
521 3747 580 3805 δὲ
612 3749 884 3824 ἐκρατήθη
919 3748 1066 3825 παρὰ
1101 3753 1198 3804 τοῦ
1244 3747 1509 3826 ἄρχοντος
1541 3749 1911 3827 Εῗρηνάρχου,

251 3841 350 3895 καὶ
381 3841 540 3915 ἤχθη
571 3841 711 3915 πρὸς
738 3840 829 3894 τὸν
889 3839 1153 3915 ἡγεμόνα·
1186 3838 1274 3894 καὶ
1305 3837 1658 3914 ὁμολογήσας
1685 3839 1913 3896 ἐνώπιον

258 3929 435 3983 αὑτοῦ
493 3929 586 3983 τὸν
644 3925 881 4002 Χριστόν
938 3927 1068 3982 Θεὸν
1124 3926 1384 3999 ἀληθινὸν
1437 3928 1528 3983 καὶ
1579 3926 1919 4006 δημιουργὸν

253 4021 357 4072 τοῦ
385 4017 624 4090 κόσμου,
682 4021 902 4092 πρῶτον
966 4016 1061 4088 μὶν
1119 4015 1376 4072 τύπτεται
1437 4016 1703 4094 ἰσχυρῶς·
1737 4017 1922 4089 ἔπειτα

257 4107 454 4178 ξέεται·
488 4105 582 4160 καὶ
634 4104 974 4175 τελευταῖον,
1033 4104 1107 4166 ὡς
1166 4104 1266 4160 οὑκ
1316 4104 1558 4162 ἐπείθετο
1587 4108 1920 4183 ἀρνήσασθαι

257 4197 356 4250 τὸν
388 4196 646 4270 Χριστὸν,
704 4192 1085 4269 προσηλοῦται
1140 4200 1374 4271 σταυρῷ.
1407 4195 1507 4250 Καὶ
1563 4197 1920 4272 κρεμώμενος

2025 3224 2402 3296 imperatore,
2437 3228 2495 3276 et
2517 3221 2721 3277 Publio
2748 3220 3046 3293 praefecto,
3071 3221 3252 3291 Perge
3281 3218 3344 3273 in
3375 3215 3672 3287 Pamphy-

2021 3312 2103 3368 lia
2155 3311 2504 3368 Christianis
2561 3311 2908 3382 parentibus
2966 3313 3160 3378 natus,
3221 3306 3293 3362 ab
3353 3307 3426 3361 iis
3476 3320 3675 3361 sacras

2022 3403 2252 3458 litteras
2283 3402 2548 3467 edoctus,
2599 3403 2935 3457 Graecorum
2991 3417 3058 3454 os
3113 3414 3295 3454 sacrae
3355 3397 3672 3467 Scriptura)

2021 3493 2378 3548 testimoniis
2427 3491 2761 3558 obstruens,
2809 3488 3145 3560 complures
3195 3486 3269 3542 ad
3313 3487 3497 3541 Deum
3529 3499 3676 3538 con-

2018 3598 2218 3637 versos
2249 3581 2584 3652 baptizavit.
2625 3581 2816 3645 Quare
2861 3577 3118 3643 delatus,
3150 3581 3208 3630 et
3250 3574 3323 3628 ab
3355 3572 3672 3629 Irenarcho

2021 3675 2274 3742 prastore
2301 3669 2789 3740 comprehensus,
2811 3665 3089 3739 praefecto
3118 3663 3350 3719 sistitur
3374 3678 3386 3716 :
3416 3676 3671 3731 cumque

2023 3775 2223 3816 coram
2253 3773 2322 3814 eo
2349 3757 2648 3813 Christum
2691 3772 2894 3813 verum
2940 3756 3147 3819 Deum,
3181 3751 3508 3822 mundique
3539 3749 3675 3820 cpi-

2027 3849 2199 3904 ﬁcem
2229 3847 2536 3903 confessus
2568 3851 2744 3913 esset,
2771 3846 3032 3917 primum
3067 3841 3267 3916 ﬂagris
3294 3838 3682 3897 acerbissime

2028 3935 2292 4002 caeditur,
2328 3933 2542 3989 deinde
2573 3932 3062 3999 excarniﬁcatur;
3093 3931 3332 3986 demum
3355 3943 3490 3983 cum
3518 3925 3683 3981 Chri-

2030 4031 2187 4082 stum
2218 4025 2452 4096 ejurare
2509 4023 2716 4092 nollet,
2771 4023 2834 4076 in
2891 4036 3130 4077 crucem
3187 4019 3419 4092 agitur:
3478 4015 3686 4087 ibique

2029 4114 2321 4188 pendens,
2354 4118 2413 4169 et
2437 4118 2699 4169 astantes
2745 4112 2901 4180 viam
2944 4110 3207 4166 veritatis
3238 4109 3488 4179 vitaeque
3518 4121 3678 4177 pras-

2033 4204 2218 4260 sentis
2248 4209 2656 4276 contemptum
2689 4202 2931 4269 docens,
2963 4198 3341 4256 obdormivit.

261 4283 518 4340 ἰδίδασκε
543 4284 670 4348 τοὺς
702 4287 1054 4360 παρεστῶσας
1081 4285 1181 4354 τήν
1213 4281 1337 4340 ὁδὸν
1369 4291 1470 4355 τῆς
1500 4284 1778 4358 ἀληθείας·
1823 4289 1914 4346 καὶ
1963 4291 2106 4347 οὕτω
2156 4288 2422 4348 διδάσκων
2473 4293 2605 4353 τοὺς
2654 4293 3001 4366 παρεστῶτας
3049 4289 3406 4365 καταφρονεῖν
3443 4291 3544 4355 τῆς
3573 4304 3680 4340 πα-

272 4373 505 4450 ρούσης,
540 4380 688 4444 ζωῆς
715 4373 1046 4446 ἐξέπνευσεν.

856 4501 936 4572 Τῇ
976 4499 1112 4574 αὖτῇ
1155 4497 1339 4574 ἡμέρᾳ

411 4591 623 4662 Μνήμη
667 4593 765 4644 τοῦ
809 4589 970 4643 ὁσίου
1016 4588 1228 4665 Πατρὸς
1260 4591 1421 4663 ἡμῶν
1454 4589 1780 4664 Θαλελαίου,

344 4679 522 4742 Οὗτος
581 4678 793 4754 ἐγένετο
855 4682 950 4752 μὲν
1007 4677 1114 4734 ἀπὸ
1171 4677 1444 4742 Κιλικίας·
1495 4681 1596 4748 τήν
1629 4681 1928 4753 ἀπητικῆν

273 4765 331 4822 δὲ
369 4769 654 4824 πολιτείαν
705 4767 1012 4842 ἀγαπήσας,
1069 4767 1168 4836 τήν
1224 4766 1389 4822 πόλιν
1439 4764 1704 4825 κατέλαϐε
1760 4768 1930 4825 Γαϐάο

270 4854 404 4911 λων·
437 4857 530 4912 καὶ
564 4856 738 4932 εὑρὼν
771 4857 938 4914 τόπον
969 4857 1090 4911 τινὰ
1119 4855 1357 4927 πλησίον
1387 4862 1488 4927 τῆς
1517 4855 1756 4930 πόλεως,
1781 4858 1931 4923 ὅστις

270 4948 364 5001 καὶ
393 4947 718 5024 οἰκητήριον
768 4947 837 5016 ἧν
888 4943 1186 5020 δαίμόνωι,
1242 4945 1296 5001 ἐν
1351 4947 1496 5020 αὐτῷ
1525 4944 1701 5004 ἔκτισε
1734 4950 1930 5025 μικρὰν

272 5037 470 5092 οἰκίαν·
533 5038 624 5092 καὶ
680 5037 806 5099 τοὺς
864 5033 1122 5110 δαίμονας
1181 5033 1509 5108 ἀποδιώξας,
1559 5035 1610 5092 ἐν
1659 5042 1727 5113 τῇ
1789 5039 1928 5114 αὐτῇ
1979 5055 1987 5058 ‘

273 5127 423 5198 οἰκίᾳ
475 5128 567 5181 τὸν
628 5127 756 5182 θεὸν
815 5127 1049 5196 ἱπέτευε,
1107 5124 1400 5196 νηστείαις,
1447 5126 1537 5181 καὶ
1585 5127 1929 5204 ἀγρυπνίαις,

271 5216 367 5271 »αἱ
421 5217 816 5289 ξηροκοιτίαις,
899 5214 990 5270 καὶ
1074 5214 1398 5279 κακουχίαις
1474 5216 1669 5291 σαρκὸς
1746 5218 1931 5273 ἑαυτὸν

268 5303 687 5364 καταδαπανῶν.
744 5301 993 5364 Ἰδόντες·
1053 5301 1112 5359 ὃὶ
1163 5305 1221 5358 οἱ
1278 5301 1526 5378 δαίμονες
1581 5307 1682 5375 τὴν
1736 5306 1932 5382 ἀρετήν

272 5395 469 5463 αὐτοῦ,
527 5393 888 5470 ἐπειράθησαν
966 5386 1267 5471 ἐκφοϐῆσαι
1335 5392 1518 5448 αὐτόν·
1580 5393 1679 5449 οὑκ
1728 5392 1932 5466 ἠδυνή-

272 5493 445 5552 θησαν
502 5480 577 5538 δὲ·
636 5480 729 5538 διά
781 5483 887 5558 γὰρ
952 5487 1268 5556 προσευχῆς
1326 5479 1496 5537 ἐποίει
1545 5482 1743 5545 αὐτοὺς
1774 5483 1934 5560 ἀφάν-

269 5592 424 5645 τους,
482 5575 570 5628 καὶ
627 5571 757 5629 τότε
813 5570 1112 5643 ἐμάνησαν·
1171 5568 1261 5625 καί
1317 5567 1550 5646 ἤρξαντο
1599 5572 1836 5645 ἀνασπᾷν
1865 5572 1934 5629 τὰ

272 5658 496 5739 δένδρα,
549 5662 642 5726 τὰς
692 5659 909 5731 ἐλαίας,
953 5657 1046 5714 καὶ
1090 5659 1186 5722 τὰς
1233 5665 1420 5732 συκᾶς,
1453 5659 1569 5716 ἐπεὶ
1611 5659 1670 5716 Si
1698 5659 1824 5717 οὐδὲ
1853 5661 1932 5724 εἰς

556 5794 832 5857 Pauor"
884 5790 1001 5849 Gn.
1047 5787 1284 5851 CXVII.

1955 4511 2002 4577 D

2682 4506 2903 4562 Eodem
2941 4504 3039 4560 die

2037 4598 2187 4654 217
2224 4598 2678 4653 Commemoratio
2723 4596 2904 4651 sancti
2946 4594 3131 4648 Patris
3175 4591 3351 4646 nostri
3405 4586 3690 4644 Thatetmi.

2109 4687 2226 4741 Iste
2256 4703 2328 4741 ex
2358 4685 2563 4740 Cilicia
2591 4683 2740 4738 fuit:
2774 4682 2898 4753 qui,
2942 4679 3211 4736 asceticaa
3241 4679 3372 4733 vita;
3407 4676 3601 4734 studio
3633 4677 3698 4732 in

2039 4774 2250 4830 urbem
2285 4773 2637 4829 Gabalorum
2670 4770 2969 4843 profectus
2999 4771 3062 4824 in
3109 4769 3240 4824 loco
3273 4767 3532 4839 quodam
3560 4765 3696 4820 urbi

2039 4863 2332 4936 proximo,
2367 4861 2526 4934 quod
2558 4861 2899 4916 daamonum
2945 4857 3352 4914 habitaculum
3383 4862 3528 4920 erat,
3564 4855 3694 4911 cel-

2039 4952 2226 5008 lulam
2251 4951 2563 5006 aediﬁcavit
2586 4967 2599 5004 :
2625 4949 2958 5022 fugatisque
2984 4947 3380 5010 daemonibus,
3407 4947 3592 5001 Deum
3615 4944 3698 4999 ibi

2042 5039 2592 5112 colebat,jejuniis,
2652 5038 2888 5110 vigiliis,
2947 5038 3113 5092 humi
3171 5035 3610 5100 cubationibus,
3640 5039 3700 5089 et

2041 5127 2241 5184 carnis
2300 5127 2698 5182 maceratione
2748 5126 3012 5197 seipsum
3068 5124 3379 5180 afflictans.
3419 5122 3698 5177 Videntes

2043 5221 2242 5272 autem
2275 5214 2578 5270 daemones
2603 5219 2798 5270 tantos
2821 5214 2984 5268 illius
3007 5213 3069 5268 in
3091 5213 3304 5268 virtute
3327 5225 3697 5284 progressus,
3761 5215 3763 5217 ’

2043 5306 2240 5362 conati
2273 5311 2415 5361 sunt
2446 5306 2720 5360 timorem
2748 5303 2799 5359 ei
2832 5304 3077 5375 injicere
3104 5321 3116 5357 :
3155 5303 3259 5358 sed
3291 5318 3425 5358 cum
3456 5313 3700 5371 operam

2042 5395 2381 5468 perderent,
2415 5411 2555 5450 nam
2594 5393 2862 5449 oratione
2913 5391 3191 5447 Thalelaei
3222 5404 3572 5446 evanescere
3605 5402 3703 5441 co-

2041 5486 2353 5560 gebantur,
2406 5485 2604 5540 furore
2663 5484 2890 5555 perciti,
2952 5483 3214 5547 arbores,
3249 5481 3430 5544 oleas,
3466 5485 3525 5534 et
3554 5478 3701 5533 ﬁcus

2044 5592 2282 5633 sursum
2311 5575 2547 5630 trahere
2578 5577 2908 5645 coeperunt.
2967 5573 3231 5642 Cumque
3280 5574 3521 5626 sanctus
3548 5563 3706 5620 nihit

2042 5665 2206 5722 hisce
2232 5668 2589 5731 moveretur,
2619 5667 2914 5720 nocturno
2945 5666 3214 5732 tempore
3259 5674 3395 5714 cum
3437 5655 3701 5712 clamore

3338 5785 3412 5843 11
