4112 6308
507 333 613 393 331

1785 333 2212 396 MENOLOGII
2260 335 2351 393 ΡΛ
2369 334 2459 396 RS
2504 337 2613 397 III.

3786 341 3914 401 333

503 484 572 523 ac
620 467 879 521 tumultu
938 466 1135 538 ipsum
1188 466 1727 539 aggrediebantur:
1770 483 1969 522 verum
2006 484 2140 523 cum

2254 471 2413 521 τοῦτο
2444 467 2809 544 παρεκίνησαν
2859 469 2954 524 τὸν
3004 470 3179 544 ἅγιον,
3230 467 3319 524 διὰ
3359 472 3459 539 τῆς
3507 472 3720 536 νυκτὸς,
3774 473 3919 545 μετὰ

500 556 657 611 nihil
674 556 998 623 efficerent,
1015 556 1147 611 victi
1166 557 1511 611 discessere.
1536 556 1666 626 Ipse
1685 563 2150 620 vero,exstructa

502 645 614 701 sibi
645 647 984 717 angustiore
1007 645 1243 711 cellula,
1274 646 1335 700 in
1360 662 1488 701 eam
1520 661 1582 700 se
1614 644 2146 714 includens,totum

500 736 634 790 vita
668 753 788 791 sua;
820 741 1053 806 tempus
1086 734 1366 792 traduxit.

1144 913 1364 969 Eodem
1399 913 1497 968 die

499 1003 653 1061 218
687 1005 1141 1060 Commemoratio
1191 1010 1504 1058 sanctorum
1560 1003 1853 1058 mulierum
1902 1002 2145 1058 Maranae

1177 1081 1229 1130 et
1277 1075 1458 1145 Cyrae.

566 1183 701 1237 Istae
731 1186 949 1238 sanctas
980 1181 1043 1237 in
1063 1181 1209 1238 urbe
1229 1181 1447 1237 Ciliciae
1474 1182 1676 1237 Beroea
1705 1186 1883 1248 natas,
1907 1196 2146 1254 genere,

495 1272 706 1344 patria,
730 1271 1061 1343 opibusque
1092 1272 1339 1339 relictis,
1362 1288 1482 1326 non
1512 1272 1720 1343 procul
1752 1288 1787 1327 a
1815 1272 2017 1325 Beroea
2037 1270 2150 1325 cel-

498 1361 684 1417 lulam
728 1368 1146 1418 construxere:
1199 1379 1449 1433 eamque
1509 1362 1811 1435 ingressae,
1845 1362 2148 1417 obstructa

497 1468 662 1507 cceno
693 1452 1111 1523 lapidibusque
1134 1452 1341 1523 janua,
1362 1469 1468 1523 per
1496 1452 1823 1507 fenestellaa
1844 1451 2146 1523 angustias

494 1549 824 1615 porrectum
844 1545 1189 1614 parcissime
1205 1543 1401 1598 cibum
1417 1560 1550 1599 cum
1564 1561 1719 1614 aqua
1732 1543 2145 1600 admittebant.

497 1631 896 1688 Adventantes
955 1638 1152 1687 autem
1203 1632 1274 1687 ad
1327 1633 1459 1687 illas
1490 1633 1765 1700 feminas,
1799 1632 1872 1687 ad
1903 1635 2146 1688 virtutes

496 1720 1064 1792 excitabant.Magno
1085 1720 1260 1775 etiam
1280 1720 1419 1774 ferri
1442 1720 1702 1791 pondere
1727 1727 1914 1776 totum
1934 1740 2146 1796 corpus

498 1808 862 1876 onerabant;
892 1816 949 1863 et
969 1809 1093 1864 solo
1117 1811 1496 1864 Pentecostes
1520 1809 1614 1865 die
1636 1827 1770 1865 cum
1793 1811 2148 1868 mulieribus

494 1897 914 1970 loquebantur.
949 1904 1138 1954 totum
1195 1899 1495 1970 reliquum
1553 1916 1777 1955 annum
1816 1900 1877 1955 in
1909 1902 2148 1958 silentio

496 1988 910 2058 transigentes.
944 1989 1137 2043 Semel
1174 1994 1404 2043 tantum
1449 2006 1555 2060 per
1602 1991 1992 2063 quadraginta
2022 1990 2147 2047 dies

494 2078 890 2133 comedebant
947 2083 1005 2133 et
1058 2076 1360 2133 bibebant.
1420 2078 1684 2148 Cumque
1713 2079 1873 2134 hunc
1905 2079 2147 2135 modum

492 2168 590 2239 pie
621 2166 1015 2239 religioseque
1044 2167 1345 2234 vixissent,
1378 2167 1799 2222 miraculorum
1831 2169 2010 2224 etiam
2042 2168 2149 2223 do-

493 2272 640 2311 num
697 2272 1009 2311 meruere:
1062 2272 1201 2310 nam
1260 2256 1432 2311 caacis
1487 2256 1676 2309 visum
1733 2256 2145 2324 restituerunt,

493 2344 889 2401 daemoniacos
921 2350 1222 2412 curarunt,
1250 2344 1475 2400 claudis
1507 2345 1777 2400 incessus
1805 2344 2146 2401 facultatem

493 2432 791 2490 dederunt
817 2440 994 2507 atque
1023 2434 1105 2490 ita
1136 2439 1384 2490 mortuas
1425 2439 1583 2489 sunt.

1140 2701 1362 2757 Eodem
1401 2700 1496 2757 die

705 2792 857 2849 2l9
892 2792 1341 2847 Commemoratio
1391 2796 1590 2846 sancte
1620 2790 1929 2847 Domnina.

565 2882 776 2937 Sancta
811 2883 1100 2936 Domnina
1132 2882 1194 2935 in
1225 2882 1373 2952 Cyro
1424 2880 1568 2935 urbe
1600 2879 1713 2950 piis
1744 2879 2145 2951 divitibusque

490 2970 841 3044 parentibus
874 2976 1030 3037 nata,
1066 2971 1141 3027 ab
1192 2970 1435 3025 incunte
1469 2974 1640 3023 aetate
1673 2968 1771 3023 Hei
1805 2984 2005 3024 amore
2036 2969 2145 3025 lla-

488 3077 685 3133 grans,
720 3065 903 3115 totam
937 3076 999 3116 se
1021 3060 1315 3132 religiosis
1334 3058 1856 3114 exercitationibus
1873 3058 2137 3114 addixit:

489 3156 547 3206 et
574 3152 636 3206 in
653 3153 908 3222 tugurio,
934 3151 1090 3222 quod
1113 3167 1184 3205 ex
1204 3149 1596 3205 arundinibus
1617 3149 1774 3202 domi
1798 3149 2138 3219 contiguum

485 3212 875 3307 exstrux‘erat,
992 3240 1270 3294 inclusit:
1296 3238 1396 3293 ubi
1420 3239 1520 3293 diu
1550 3244 1847 3308 noctuque
1875 3212 1991 3309 pro
2014 3242 2135 3293 toto
2169 3212 2214 3276 C

486 3329 647 3396 orbe,
682 3348 786 3401 pro
820 3329 1107 3397 ecclesiis,
1140 3346 1244 3400 pro
1280 3329 1623 3384 orthodoxis
1655 3330 2132 3400 imperatoribus,

483 3436 590 3490 pro
622 3421 903 3481 exercitu.
926 3437 1029 3492 pro
1055 3419 1378 3490 republica.
1404 3418 1658 3489 denique
1686 3435 1790 3491 pro
1824 3436 1930 3474 sua
1950 3419 2136 3490 ipsius

488 3508 678 3563 salute
711 3509 894 3563 Deum
925 3509 1150 3563 orabat.
1186 3508 1379 3562 Vitam
1411 3506 1570 3563 lente
1598 3514 1896 3563 macerata
1925 3515 1984 3564 et
2008 3525 2137 3564 mo-

487 3596 619 3652 dica
649 3614 804 3669 aqua
828 3597 1216 3653 sustentabat.
1251 3598 1512 3668 Cumque
1558 3597 1640 3652 ita
1680 3597 1871 3653 instar
1897 3597 2136 3669 angelo-

487 3703 620 3743 rum
685 3687 926 3742 vixisset
1001 3692 1315 3742 extenuato
1375 3686 1678 3742 laboribus
1736 3704 2003 3759 corpore,
2064 3684 2137 3741 ad

488 3778 695 3841 Deum,
730 3793 904 3847 quem
939 3782 1254 3839 amaverat.
1286 3776 1421 3832 laeta
1461 3775 1749 3848 migravit,
1781 3783 2137 3831 aeternorum

490 3867 787 3923 bonorum
819 3867 1160 3921 fruitionem
1197 3867 1512 3938 recipiens.

2257 561 2452 633 φωνῶν
2524 557 2615 613 καὶ
2691 554 2938 635 θορύϐων
3016 557 3256 628 ἐπῆλθον
3324 565 3491 632 αυτῷ.
3562 562 3667 617 Καὶ
3739 558 3919 634 μηδὶν

2256 645 2564 714 ἀνύσαντες,
2602 648 2992 722 ὑπεχώρησαν·
3049 647 3209 711 αὐτὸς
3252 647 3309 704 δί
3340 643 3688 723 ἔγκλειστρον
3722 652 3912 707 στενὸν

2254 737 2513 805 ποιήσας,
2546 734 2635 791 καὶ
2667 736 2925 802 εἰσελθὼν
2986 736 3041 793 ἐν
3096 738 3270 810 αὐτῷ,
3300 738 3391 793 τὸν
3424 736 3556 795 δλον
3590 739 3706 814 βίον
3740 740 3917 797 αὐτοῦ

2256 820 2574 884 διετέλεσεν.
3252 827 3267 848 ’

2821 917 2905 990 Τῇ
2949 916 3089 989 αὖτῇ
3133 916 3336 990 ἡμέρᾳ.

2326 1002 2447 1073 Μνή
2459 1023 2535 1076 μη
2566 1008 2673 1059 τῶν
2704 1002 2868 1079 ἁγίων
2907 1008 3176 1080 γυναικῶν
3207 1005 3467 1079 Μαράνας
3492 1005 3582 1061 καὶ
3613 1006 3833 1085 Κίρῥας.

2324 1180 2394 1237 Αἱ
2442 1182 2589 1256 ἅγιαι
2648 1182 2801 1237 αὗται
2859 1183 3106 1259 ἐγένοντο
3159 1183 3219 1239 ἐκ
3272 1189 3373 1255 τῆς
3428 1184 3648 1249 πόλεως
3678 1186 3914 1263 Βεροίας

2249 1274 2350 1337 τῆς
2409 1267 2684 1333 Κιλικίας.
2742 1270 3142 1327 Καταλιποῦσαι
3201 1270 3258 1328 δὲ
3311 1273 3404 1328 καὶ
3458 1272 3609 1349 γένος
3661 1276 3752 1330 καὶ
3798 1296 3908 1332 πα·

2247 1354 2430 1433 τρίδα,
2487 1359 2577 1414 καὶ
2633 1358 2894 1432 πλοῦτον,
2949 1360 3196 1431 ἀπῆλθον
3256 1360 3495 1433 πλησίον
3538 1363 3779 1439 Βεροίας·
3810 1364 3910 1421 καὶ

2252 1444 2455 1504 ἔκτισεν
2495 1448 2717 1505 κελλίον
2764 1450 2978 1524 μικρὸν,
3032 1452 3118 1506 καὶ
3180 1450 3517 1515 εἰσελθοῦσαι
3574 1449 3698 1524 ἔσω,
3741 1455 3908 1511 ἆνὲκ-

2249 1555 2399 1591 τισαν
2430 1538 2528 1605 τήν
2563 1536 2725 1613 θύραν
2785 1537 2918 1611 μετᾶ
2969 1537 3153 1609 πηλοῦ
3183 1539 3272 1594 καὶ
3332 1538 3526 1598 λίθων.
3565 1542 3661 1596 Καὶ
3692 1539 3904 1617 ἀφῆκαν

2253 1622 2444 1698 θυρίδα
2504 1626 2719 1701 μικρὰν,
2780 1627 2870 1704 ἀφ’
2934 1628 2999 1697 ἧς
3075 1628 3288 1703 τροφὴν
3352 1630 3547 1703 μικρὰν
3606 1629 3697 1684 καὶ
3754 1628 3903 1701 ὕδωρ

2256 1712 2447 1781 ὀλίγον
2480 1710 2811 1787 ἐλάμϐανον.
2874 1715 2978 1771 Καὶ
3035 1721 3153 1778 ταῖς
3212 1716 3686 1792 προσερχομέναις
3718 1719 3911 1785 αὐταῖς

2176 1803 2489 1906 Βγυναιξὶν
2541 1803 2954 1879 συνετύγχανον,
3007 1801 3353 1860 διδάσκουσαι
3426 1804 3588 1870 αὐτὰς
3644 1808 3712 1862 τὰ
3768 1807 3910 1883 πρὸς

2250 1893 2349 1961 τήν
2384 1892 2600 1966 ἀρετήν.
2634 1892 2897 1971 Ἐφόρουν
2949 1891 3007 1948 δὶ
3055 1894 3142 1948 καὶ
3203 1891 3403 1970 σίδηρα
3435 1895 3601 1971 βαρέα
3628 1898 3745 1952 καθ’
3766 1894 3911 1953 ὅλου

2250 1984 2348 2035 τοῦ
2390 1982 2667 2053 σώματος.
2732 1981 2829 2036 Καὶ
2889 1978 3197 2056 διελέγοντο
3244 1988 3364 2045 ταῖς
3418 1984 3660 2057 γυναιξὶν
3719 1984 3772 2041 ἐν
3832 1989 3908 2060 τῇ

2251 2066 2433 2144 ἡμέρᾳ
2466 2072 2601 2146 μόνῃ
2656 2078 2756 2142 τῆς
2813 2078 3208 2142 Πεντηκοστῆς.
3266 2076 3364 2128 Τὸν
3397 2071 3454 2129 δὲ
3486 2075 3615 2131 ελον
3658 2075 3905 2135 ἐνιαυτὸν

2251 2157 2304 2213 ἐν
2335 2160 2542 2236 ἡσυχίᾳ
2598 2158 2802 2236 διῆγον.
2863 2162 3085 2216 Ἥσθιον
3147 2159 3204 2217 δί
3255 2163 3345 2217 καὶ
3398 2159 3576 2219 ἔπινον
3614 2166 3749 2222 κατὰ
3779 2188 3907 2223 τεσ-

2249 2248 2548 2321 σαράκοντα
2603 2250 2813 2325 ἡμέρας
2872 2248 3020 2322 μίαν.
3079 2250 3238 2308 Οὕτω
3294 2249 3351 2307 δὲ
3405 2252 3589 2315 καλῶς
3636 2255 3728 2309 καὶ
3777 2267 3909 2320 θεα-

2250 2335 2453 2411 ρὲστως
2512 2337 2797 2412 βιώσασαι,
2857 2338 3166 2412 ἠξιώθησαν
3225 2340 3314 2396 καὶ
3372 2343 3728 2416 χαρισμάτων
3780 2357 3915 2410 θαυο

2253 2426 2608 2501 ματουργίας⁸
2662 2428 2750 2482 καὶ
2809 2429 2911 2505 γὰρ
2966 2428 3207 2506 τυφλοὺς
3261 2425 3561 2505 ἀναϐλέψαι
3614 2432 3907 2509 ἐποίησαν,

2249 2517 2340 2571 καὶ
2374 2513 2772 2589 δαιμονιῶντας
2812 2516 3187 2592 ἐθεράπευσαν,
3244 2518 3335 2574 καὶ
3393 2524 3606 2596 χωλοῖς
3660 2521 3906 2598 βαδίζειν

2250 2605 2426 2682 ὀρθῶς
2456 2605 2802 2683 ἐχαρίσαντο·
2839 2606 2925 2662 καὶ
2958 2606 3132 2669 οὕτως
3163 2606 3578 2683 ἐτελειώθησαν.

2844 2698 2928 2770 Τῇ
2956 2696 3092 2771 αὐτῇ
3125 2695 3306 2772 ἡμέρᾳ

2637 2787 2844 2859 Μνήμη
2885 2792 2986 2855 τῆς
3022 2786 3170 2849 ὁσίας
3214 2787 3507 2861 Δομνίνης.

2318 2875 2382 2931 Ἠ
2415 2873 2538 2949 ἁγία
2583 2876 2813 2948 Δομνίνα
2871 2875 3079 2953 ἐγένετο
3138 2875 3198 2932 ἐκ
3257 2878 3358 2948 τὴς
3415 2878 3633 2942 πόλεως
3689 2881 3904 2957 Κύρου,

2245 2968 2445 3039 γονέων
2504 2959 2740 3019 εὐσεϐῶν
2827 2965 2916 3020 καὶ
2996 2964 3272 3021 πλουσίων
3333 2968 3590 3045 θυγάτηρ·
3647 2970 3901 3045 ἠγάπησε

2248 3050 2304 3108 δὲ
2331 3053 2424 3108 τὸν
2469 3054 2597 3109 Θεὸν
2654 3052 2714 3109 ἐκ
2774 3053 3029 3130 βρέφους,
3084 3054 3173 3109 καὶ
3231 3053 3485 3126 ἐξέδωκεν
3536 3057 3728 3127 ἑαυτὴν
3759 3062 3900 3135 πρὸς

2242 3141 2371 3207 τοὺς
2399 3150 2499 3213 τῆς
2552 3144 2830 3213 ἀσκήσεως
2889 3145 3118 3218 ἀγῶνας.
3178 3146 3275 3199 Καὶ
3332 3144 3568 3216 πλησίον
3592 3154 3692 3217 τῆς
3719 3147 3896 3213 οἰκίας

2244 3232 2415 3300 αὐτῆς
2474 3231 2637 3307 μέρος
2690 3252 2740 3286 τι
2782 3230 3135 3304 ἐκλεξαμένη,
3195 3232 3420 3304 ἐποίησε
3474 3231 3722 3307 καλύϐην
3784 3238 3894 3294 ἀπὸ

2242 3321 2528 3394 καλάμων
2560 3321 2649 3377 καὶ
2679 3321 2730 3376 ἐν
2780 3321 2959 3397 ἐκείνῃ
3017 3323 3413 3395 καταμένουσα,
3456 3326 3595 3396 μετὰ
3621 3324 3894 3402 δακρύων,

2243 3411 2435 3472 νυκτὸς
2467 3410 2555 3463 καὶ
2594 3411 2827 3482 ἡμέρας,
2883 3410 2975 3465 τὸν
3035 3408 3165 3465 Θεὸν
3226 3410 3357 3485 ὑπὲρ
3408 3418 3510 3480 τῆς
3566 3414 3896 3486 οἱκουμένης

2244 3497 2531 3570 ἐδυσώπει,
2566 3500 2697 3574 ὑπὲρ
2725 3503 2832 3555 τῶν
2888 3498 3221 3571 ἐκκλησιῶν,
3282 3500 3411 3576 ὑπὲρ
3455 3506 3563 3557 τῶν
3588 3501 3894 3579 ὀρθοδοξων

2250 3588 2541 3664 βασιλέων,
2605 3589 2736 3664 ὑπὲρ
2787 3592 2885 3643 τοῦ
2939 3592 3193 3665 στρατοῦ,
3252 3590 3383 3664 ὑπὲρ
3439 3595 3538 3645 τοῦ
3567 3598 3769 3663 κοινοῦ,
3801 3596 3895 3651 καὶ

2244 3679 2554 3743 τελευταίαν
2583 3680 2755 3755 εὐχὴν
2788 3678 3022 3735 ἐποιεῖτο
3084 3680 3217 3755 ὑπὲρ
3276 3686 3377 3749 τῆς
3417 3678 3558 3739 ἱδίας
3588 3686 3796 3759 ψυχῆς.
3827 3687 3889 3745 Ἦ

2247 3769 2306 3827 δὲ
2359 3772 2537 3849 τροφή
2596 3772 2765 3841 αὐτῆς
2818 3771 2886 3840 ἦν
2946 3772 3087 3848 φακὴ
3153 3766 3498 3846 βεϐραγμὲνη
3553 3776 3741 3851 μικρὰ,
3800 3776 3893 3832 καὶ

2248 3859 2435 3937 ὀλίγον
2496 3858 2663 3937 ὕδωρ.
2735 3858 2924 3924 Οὕτως
2994 3856 3297 3935 ἀγγελικῶς
3361 3861 3625 3935 βιώσασα,
3681 3865 3768 3918 καὶ
3827 3867 3895 3922 τὸ

492 3959 652 4027 σῶμα
680 3961 798 4017 τοῖς
826 3954 1015 4016 πόνοις
1046 3956 1375 4029 νεκρώσασα,
1406 3953 1496 4008 καὶ
1525 3959 1642 4016 τοῖς
1675 3951 1931 4028 ἀγγέλοις
1964 3949 2417 4025 συνδιαιτωμένηο
2462 3950 2553 4006 καὶ
2599 3948 2705 4027 πρὸ
2754 3948 3125 4025 μεταστάσεως
3159 3949 3449 4026 χαίρουσα,
3479 3951 3617 4024 πρὸς
3644 3953 3795 4024 Θεὸν,
3830 3954 3896 4011 δν

486 4041 773 4114 ἐπόθησεν,
806 4040 954 4117 ἐξεδή
966 4063 1156 4116 μησεν,
1191 4037 1543 4099 ἀπολαϐοῦσα
1570 4046 1679 4098 τῶν
1708 4040 1910 4097 αίωίων
1944 4042 2154 4117 ἀγαθῶν
2186 4041 2286 4111 τήν
2318 4039 2640 4099 ἀπόλαυσιν.

663 4366 2062 4567 MENOLOGII
2204 4229 3783 4560 ξῑέἒῗῖῖῧῗ

1730 4682 2066 4779 PARS
2130 4681 2611 4779 TERTIA

1489 4881 1542 4940 Α
1585 4879 1853 4941 MENSE
1898 4875 2206 4939 MARTIO
2247 4878 2355 4940 AD
2399 4876 2855 4942 AUGUSTUM.

784 5213 1210 5308 MENSE
1286 5212 1782 5307 MARTIO.
2141 5216 2187 5281 ῐ)

1107 5375 1209 5430 Die
1250 5374 1461 5446 prima.

453 5498 493 5553 ‘I
534 5496 820 5553 Certamen
867 5500 1070 5551 sancta.o
1118 5494 1381 5563 martyris
1427 5491 1683 5547 Eudociae
1711 5490 2098 5549 Samaritana.

521 5676 737 5733 Sancta
784 5673 1000 5733 Christi
1043 5678 1270 5746 martyr
1310 5672 1573 5732 Eudocia
1622 5690 1693 5730 ex
1735 5670 1968 5730 civitate
1999 5672 2099 5729 Sa-

2560 5234 2892 5334 MHNI
2986 5240 3498 5341 ΜΑΡΤΙΩ.

2842 5403 2931 5459 Ἐν
2961 5404 3029 5477 τῇ
3062 5406 3254 5481 πρώτῃ

2317 5507 2591 5579 Ἅθλησις
2632 5514 2731 5579 τῆς
2764 5510 3169 5587 ὁσιομάρτυρος
3200 5511 3468 5581 Εύδοκίας
3493 5522 3595 5586 τῆς
3625 5517 3730 5573 ἀπο

2855 5587 3234 5658 Σαμαρειτῶν.

2276 5670 2346 5728 Ἦ
2390 5670 2724 5747 ὁσιομάρτυς
2783 5675 2888 5729 τοῦ
2947 5678 3191 5749 Χριστοῦ
3238 5673 3480 5735 Εΰδοκία
3508 5676 3729 5755 ὑπῆρχε
3773 5680 3881 5755 μὶν
