4114 6306
234 353 349 413 333

1754 350 2121 413 MARTIUS.

3522 356 3641 416 334

230 484 336 538 ἀπὸ
361 483 665 559 Σαμαρείας
694 492 795 554 τῆς
827 480 1066 557 πόλεως,
1096 484 1164 554 ἦν
1225 482 1283 541 δὶ
1342 484 1426 539 ἐπὶ
1459 491 1556 554 τῆς
1592 481 1870 559 βασιλείας

1993 484 2171 539 maris
2203 484 2472 551 oriunda,
2509 485 2839 556 imperante
2868 486 3141 557 Trajano,
3176 488 3367 557 primo
3398 490 3640 559 quidem

231 576 515 647 Τραῖανοῦ,
549 572 600 628 ἐν
635 572 905 646 ἀκολασίᾳ
960 574 1022 628 τὸ
1080 578 1297 649 πρῶτον
1362 574 1574 650 βιοῦσα,
1618 574 1708 627 καὶ
1741 570 1879 627 πολ-

228 660 363 725 λοὺς
404 660 628 738 ἐραστὰς
683 667 753 735 τῇ
813 662 1091 739 εὐμορφίᾳ
1144 666 1242 717 τοῦ
1298 667 1602 738 προσώπου
1654 659 1879 736 ἔχουσα,

228 749 277 823 ἒξ
310 751 383 804 ὧν
436 749 524 806 καὶ
582 755 825 806 πλοῦτον
859 753 1206 824 συνήθροισεν
1259 749 1501 823 ἄπειρον.
1538 749 1696 807 Ἀλλ’
1726 749 1881 803 ὕστε-

227 861 321 916 ρον
357 841 460 896 ὑπὸ
488 846 766 915 Γερμανοῦ
808 862 955 905 τινος
1013 844 1262 916 μοναχοῦ
1298 841 1390 895 τὸν
1442 841 1566 915 περῖ
1600 839 1883 913 μετανοίας

225 928 391 1004 λόγον
458 928 799 1005 διδαχθεῖσα,
884 930 1171 1005 κατενύγη.
1254 930 1382 987 Εἶτα
1446 930 1535 985 καὶ
1620 928 1879 983 ὀπτασίαν

228 1016 444 1090 ἰδοῦσα,
502 1019 783 1095 προσῆλθε
840 1016 1088 1094 Θεοδότῳ
1143 1023 1223 1091 τῷ
1278 1017 1579 1091 ἆπισκόπῳ,
1632 1018 1721 1072 καὶ
1764 1012 1882 1071 ἐϐά-

223 1106 451 1178 πτίσθη.
484 1108 550 1163 Ἡ
603 1106 661 1163 δὲ
690 1107 920 1165 ὀπτασία
960 1108 1027 1178 ἦν
1086 1108 1334 1179 τοιαύττγ
1363 1109 1616 1182 Ἐθεώρει
1646 1105 1874 1183 ἄγγελον

224 1202 361 1254 Θεοῦ
420 1201 866 1275 χειραγωγοῦντα
920 1198 1087 1266 αὐτὴν
1146 1198 1273 1272 τρὸς
1326 1198 1418 1253 τὸν
1482 1197 1735 1273 οὐρανὸν,
1792 1196 1882 1251 καὶ

222 1288 447 1362 ἑτέρους
535 1285 793 1363 ἆγγέλους
881 1286 1291 1363 συγχαίροντας·
1382 1285 1590 1359 μέλανα
1656 1282 1713 1339 δὲ
1766 1304 1884 1339 τινα

222 1376 509 1451 βρύχοντα
564 1377 653 1431 καὶ
714 1376 962 1453 λέγοντα,
1018 1373 1317 1432 ἀδικεῖσθαι
1375 1375 1608 1450 μεγάλα,
1666 1372 1749 1429 ὅτι
1800 1372 1884 1450 γε·

222 1486 377 1539 γονεν
406 1467 447 1535 ἠ
484 1462 724 1521 Εὐδοκξα
762 1467 1079 1541 Χριστιανή.
1137 1467 1232 1520 Διά
1281 1469 1444 1520 τοῦτο
1500 1461 1759 1536 διένειμεν
1788 1463 1881 1518 τὸν

220 1552 468 1609 πλοῦτον
505 1554 677 1624 αὐτῆς
734 1560 851 1617 τοῖς
909 1560 1180 1630 πτωχοῖς,
1237 1555 1325 1609 καὶ
1382 1553 1592 1629 ἐγένετο
1636 1554 1881 1627 μοναχῆ.

222 1642 328 1699 Καὶ
353 1638 724 1713 διαϐληθεῖσα
767 1644 913 1717 παρὰ
965 1648 1073 1699 τῶν
1134 1642 1301 1712 αὐτῆς
1333 1642 1593 1719 ὗραστῶν,
1634 1642 1877 1716 παρέστη

217 1731 571 1809 Δῦρηλιανῷ
624 1737 706 1806 τῷ
765 1733 999 1810 βασιλεῖ,
1054 1733 1144 1789 καὶ
1202 1734 1547 1807 ἐτιμωρήθη.
1582 1731 1754 1789 Ἀλλὰ
1782 1731 1877 1787 τὸν

1994 574 2358 629 luxuriosam
2416 576 2593 629 vitam
2655 575 2932 643 traduxit,
2994 593 3061 630 ac
3092 581 3333 647 propter
3364 578 3641 633 eximiam

1993 664 2197 719 formas
2220 669 2589 719 venustatem
2622 664 2841 719 multos
2874 664 3080 720 habuit
3109 672 3424 731 amatores,
3455 683 3488 722 a
3510 668 3644 737 qui-

1994 753 2104 808 bus
2139 754 2462 809 immensas
2493 771 2633 826 opes
2676 754 2933 825 collegit.
2980 761 3053 809 At
3098 762 3303 826 postea
3350 774 3482 812 cum
3515 774 3646 812 mo-

1992 842 2167 896 nachi
2220 842 2530 913 cujusdam
2592 843 2834 897 nomine
2891 844 3163 898 Germani
3198 844 3271 899 de
3302 845 3649 915 pmnitentia

1994 947 2332 986 sermonem
2366 931 2649 995 audisset,
2673 932 2849 987 corde
2883 938 3240 1004 compuncta
3270 940 3397 1001 est;
3430 934 3649 991 deinde

1992 1036 2100 1091 per
2132 1020 2421 1075 visionem
2470 1021 2648 1075 etiam
2702 1020 2980 1092 impulsa,
3013 1022 3087 1076 ad
3126 1022 3491 1078 Theodotum
3525 1024 3651 1094 epi-

1995 1126 2239 1181 scopum
2298 1109 2566 1175 accessit,
2626 1115 2684 1163 et
2739 1109 2810 1164 ab
2870 1127 2937 1164 eo
2997 1111 3285 1182 baptizata
3340 1112 3471 1167 fuit.
3514 1115 3653 1168 Erat

1995 1205 2195 1254 autem
2225 1199 2370 1254 visio
2423 1198 2735 1270 ejusmodi.
2792 1198 3038 1254 Videbat
3085 1200 3360 1272 angelum
3388 1201 3513 1269 Dei,
3547 1203 3648 1273 qui

1994 1304 2125 1343 eam
2156 1304 2337 1343 manu
2396 1288 2470 1343 ad
2524 1287 2734 1343 ccelum
2789 1288 3062 1353 ducebat,
3112 1289 3379 1360 aliosque
3409 1291 3650 1364 angelos

1996 1379 2400 1451 gratulantes:
2436 1378 2614 1433 simul
2666 1394 2802 1433 vero
2853 1378 3087 1450 nigrum
3147 1380 3466 1451 quemdam
3522 1380 3649 1437 fre-

1996 1473 2283 1535 mentem,
2309 1467 2747 1539 dicentemque,
2774 1468 2888 1522 sibi
2915 1485 3189 1540 magnam
3222 1470 3449 1525 illatam
3469 1469 3650 1526 fuisse

1994 1558 2304 1629 injuriam,
2335 1574 2404 1612 eo
2454 1557 2611 1627 quod
2671 1556 2929 1613 Eudocia
2984 1558 3320 1615 Christiana
3344 1561 3649 1617 evasisset.

1994 1648 2367 1717 Quapropter
2396 1646 2443 1702 2
2477 1645 2583 1701 illa
2611 1645 2844 1701 divitias
2890 1662 3027 1701 suas
3057 1648 3420 1718 pauperibus
3450 1648 3652 1703 distri-

1994 1736 2141 1804 buit,
2174 1753 2243 1791 ac
2277 1737 2671 1791 monasticam
2700 1736 2879 1792 vitam
2907 1737 3183 1808 amplexa
3207 1743 3315 1794 est.
3342 1740 3556 1793 Verum
3579 1739 3651 1795 ab

222 1822 340 1876 υἱὸν
400 1824 568 1878 αὐτὸν
623 1824 924 1893 τεθνηκότα
996 1821 1087 1878 διὰ
1142 1830 1456 1899 προσευχῆς
1516 1822 1877 1893 ἀταστήσασα,

1994 1827 2140 1898 ipsis
2164 1827 2286 1881 suis
2305 1828 2672 1883 amatoribus
2695 1826 2912 1895 delata,
2940 1829 3102 1883 stetit
3118 1846 3317 1885 coram
3334 1830 3652 1887 Aureliano

222 1909 439 1967 ἔπεισεν
498 1912 661 1968 αὐτὸν
719 1917 998 1968 πιστεῦσαι
1054 1918 1134 1985 τῷ
1192 1916 1427 1988 Χριστῷ.
1488 1911 1592 1967 Καὶ
1630 1913 1754 1966 τσῖτε
1788 1912 1883 1983 μὶν

225 2001 503 2072 ἀπελύθη.
584 2008 837 2079 Ὕστερον
914 2000 971 2057 δὲ
1032 2008 1361 2077 κρατηθεῖςα
1434 2003 1581 2077 παρὰ
1633 2004 1732 2056 τοῦ
1786 2007 1888 2071 τῆς

224 2093 423 2169 χώρας
457 2092 753 2170 ἄρχοντος,
793 2095 1219 2169 ἀπεκεφαλίσθη.

1997 1918 2378 1985 imperatore,
2410 1933 2477 1972 ac
2527 1917 2889 1973 cruciatibus
2921 1917 3188 1988 subjecta
3216 1919 3344 1973 fuit.
3376 1920 3487 1974 Sed
3517 1936 3653 1975 cum

2000 2006 2129 2077 ejus
2164 2005 2351 2060 ﬁlium
2384 2004 2731 2061 defunctum
2789 2008 3057 2062 oratione
3097 2007 3172 2063 ad
3206 2008 3387 2063 Deum
3418 2008 3549 2064 fusa
3579 2007 3653 2063 ad

1998 2094 2176 2149 vitam
2225 2100 2574 2163 revocasset,
2608 2095 2779 2149 illum
2837 2095 3073 2150 induxit
3120 2101 3185 2151 ut
3236 2096 3298 2151 in
3354 2098 3653 2152 Christum

231 2185 531 2241 crederet.
591 2194 675 2241 Ac
731 2191 874 2243 tunc
930 2185 1172 2258 quidem
1230 2185 1503 2243 absoluta
1551 2184 1688 2254 fuit,
1740 2189 1948 2256 postea
1996 2199 2133 2239 vero
2192 2200 2228 2239 a
2280 2184 2539 2256 regionis
2613 2184 2866 2255 praaside
2941 2185 3393 2257 comprehensa,
3464 2187 3655 2258 capite

227 2274 414 2348 plexa
473 2280 583 2332 est.

336 2399 453 2456 Καὶ
482 2396 716 2471 ἄθλησις
743 2404 850 2456 τῶν
882 2399 1367 2548 μιέιῗρζύρων
1399 2398 1672 2476 Νέστορος
1703 2397 1793 2453 καὶ

293 2560 424 2617 Ἐπὶ
481 2567 581 2630 τῆς
629 2559 909 2636 βασιλείας
963 2561 1151 2617 Δεκίου
1206 2566 1303 2617 τοῦ
1360 2555 1653 2622 δυσσεϐοῦς
1713 2559 1893 2633 ὑπῆρ-

228 2673 324 2729 χον
359 2656 516 2710 οῦτοι
570 2656 622 2709 οἱ
676 2656 825 2731 ἅγιοὶ
887 2655 1157 2733 μάρτυρες
1187 2654 1406 2728 Νὲστωρ
1437 2654 1527 2710 καὶ
1558 2648 1891 2727 Τριϐίμαιος

227 2740 415 2813 ἒκτῆς
468 2743 695 2807 πόλεως
756 2746 990 2821 Πέργης,
1046 2744 1234 2822 χώρας
1279 2750 1386 2799 τῶν
1442 2738 1890 2820 Κιϐυῤῥαιωτῶν.

226 2829 377 2885 Ἐπεὶ
442 2827 497 2885 δὲ
556 2832 867 2907 χριστιανοὶ
933 2852 1079 2893 οντες
1131 2832 1223 2887 τὸν
1303 2832 1537 2907 Χριστὸν
1594 2830 1889 2905 ἐκήρυττον

234 2919 526 2995 παρῥησίᾳ,
582 2922 1032 2993 κατεμηνόθησαν
1088 2926 1169 2994 τῷ
1228 2928 1327 2991 τῆς
1384 2921 1581 2997 χώρας
1637 2924 1885 2997 ἄρχοντι.

237 3007 291 3063 Ὀ
321 3006 373 3062 δὲ
408 3009 575 3073 εὐθὺς
628 3008 954 3072 ἀποστείλας
1012 3009 1225 3079 πλῆθος
1285 3014 1654 3085 στρατιωτῶν,
1684 3009 1887 3083 ἢγαγεν

232 3095 421 3160 αὐτοὺς
512 3095 851 3172 δεδεμένους,
933 3098 1023 3155 καὶ
1107 3100 1413 3175 παρέστησε
1484 3103 1563 3171 τῷ
1617 3096 1886 3174 κριτηρίῳ

2012 2398 2081 2455 Et
2127 2399 2413 2455 Certamen
2457 2404 2790 2524 sanctorwg.
2828 2405 3133 2485 martyrum
3161 2399 3404 2457 Nestoris
3432 2406 3486 2456 et
3538 2403 3661 2459 Tri-

2770 2488 2938 2524 1mm.

2770 2488 2938 2528 1mm.

2084 2560 2421 2631 Imperante
2453 2560 2637 2632 impio
2670 2560 2867 2630 Decio,
2902 2562 3089 2616 sancti
3134 2566 3428 2635 martyres
3458 2564 3665 2619 Nestor

2009 2653 2068 2703 et
2095 2650 2444 2704 Tribimaaus
2476 2666 2545 2704 ex
2576 2648 2721 2704 urbe
2753 2651 2933 2723 Perge
2980 2650 3239 2719 regionis
3270 2652 3661 2724 Cibyrrwota-

2004 2753 2160 2803 rum,
2195 2754 2261 2792 eo
2294 2737 2451 2809 quod
2482 2738 2801 2793 Christiani
2825 2744 3043 2807 essent,
3069 2745 3128 2795 et
3150 2741 3447 2796 Christum
3472 2741 3659 2799 libere

2003 2826 2405 2897 audacterque
2435 2826 2848 2897 praedicarent,
2873 2827 3029 2899 apud
3056 2830 3369 2900 praesidem
3398 2831 3657 2902 regionis

2002 2915 2183 2971 delati
2212 2917 2474 2971 fuerunt.
2511 2916 2614 2971 Hic
2644 2933 2780 2971 vero
2841 2917 3153 2973 confestim
3184 2919 3368 2975 missa
3394 2920 3652 2975 militum

1999 3005 2404 3072 multitudine,
2433 3005 2658 3061 vinctos
2717 3022 2818 3061 eos
2872 3005 3084 3062 adduci
3126 3008 3327 3079 jussit,
3363 3014 3421 3063 et
3450 3026 3650 3065 coram

1998 3092 2283 3148 tribunali
2318 3109 2422 3148 suo
2454 3092 2603 3162 sisti,
2629 3094 2950 3164 omniaque
2973 3099 3403 3150 tormentorum
3425 3096 3652 3151 instru-

232 3184 446 3259 ἑαυτοῦ,
478 3187 701 3262 προθεὶς
758 3187 987 3243 ἐνώπιον
1038 3189 1215 3243 αὐτῶν
1274 3188 1446 3242 πάντα
1473 3187 1544 3242 τὰ
1577 3191 1684 3241 τῶν
1719 3188 1877 3261 βασα-

1995 3188 2198 3238 menta
2227 3183 2287 3237 in
2321 3199 2527 3238 eorum
2558 3189 2879 3255 conspectu
2910 3184 3314 3240 exhiberi.Sed
3345 3202 3479 3241 cum
3510 3186 3648 3243 illos

228 3276 523 3353 νιστηρίων
593 3272 812 3353 ὄργανα.
873 3276 1053 3335 Ἀλλᾶ
1124 3281 1338 3354 θεωρῶν
1417 3280 1877 3355 καταφρονοῦντας

1996 3273 2369 3344 conspiceret
2420 3278 2478 3327 et
2534 3289 2670 3328 suas
2723 3274 2920 3329 minas
2973 3280 3353 3331 contemnere
3394 3281 3452 3331 et
3480 3276 3650 3331 Chri-

230 3364 318 3437 μὶν
349 3370 469 3421 τῶν
521 3364 788 3437 ἀπειλῶν,
839 3364 1246 3442 ὁμολὲγοῦντας
1276 3364 1333 3422 δὲ
1366 3366 1582 3442 μεγάλῃ
1612 3369 1766 3444 φωνῇ
1796 3364 1889 3420 τὸν

233 3454 490 3529 Χριστὸν,
548 3453 839 3528 γυμνώσας
892 3451 1080 3529 ἔτυψεν
1139 3451 1374 3532 ἀφειδῶς
1438 3453 1753 3529 βουνεύροις
1794 3455 1888 3525 ξη·

1997 3366 2153 3417 stum
2175 3379 2390 3435 magna
2408 3379 2550 3418 voce
2574 3363 2865 3430 confiteri,
2892 3365 3173 3436 praacepit
3203 3381 3305 3421 eos
3334 3366 3646 3436 denudari,

1995 3451 2303 3507 exsiccatis
2329 3451 2509 3506 boum
2542 3452 2737 3507 nervis
2784 3451 3107 3509 crudeliter
3130 3454 3299 3521 caedi,
3334 3472 3401 3510 ac
3431 3456 3645 3511 deinde

227 3549 354 3617 ροῖς.
393 3545 537 3600 Εἶτα
591 3543 864 3618 κρεμάσας
910 3539 1065 3615 ἔξεεν,
1122 3541 1223 3607 ἕως
1282 3543 1549 3616 ἐφάνησαν
1608 3544 1675 3598 τὰ
1705 3540 1877 3618 ἔντερα

1994 3556 2314 3611 suspensos
2344 3541 2612 3617 lacerari,
2644 3558 2953 3613 quousque
2979 3559 3186 3598 eorum
3214 3545 3438 3600 viscera
3462 3561 3644 3615 appa-

227 3632 428 3689 αὐτῶν.
493 3629 645 3690 Ἰδὼν
706 3630 762 3687 δὲ
818 3631 1015 3695 αὐτοὺς
1095 3635 1196 3702 τήν
1273 3634 1496 3709 γνώμην
1560 3632 1885 3706 ἀμετάθετον

221 3716 453 3796 ἔχοντας
482 3722 561 3784 εἷς
610 3723 704 3777 τὸν
762 3721 961 3797 Κύριον
1021 3725 1182 3796 ἡμῶν
1240 3723 1451 3793 Ἰησοῦν
1497 3722 1751 3798 Χριστὸν,
1785 3742 1875 3776 κα·

220 3806 522 3873 ταειϐάσας
553 3810 661 3865 ἀπὸ
716 3815 828 3866 τῶν
884 3810 1087 3883 ξύλων,
1143 3810 1438 3885 προσέταξε
1476 3816 1593 3873 τοῖς
1626 3809 1878 3883 δημίοις,

226 3901 529 3976 μαχαίραις
586 3900 680 3963 τὰς
733 3900 922 3974 τιμίας
982 3899 1158 3956 αὐτῶν
1230 3900 1470 3979 κεφαλὰς
1528 3900 1880 3974 άποστεμεῖν.

223 3990 318 4046 Καὶ
382 3988 567 4053 οὕτως
628 3989 970 4067 εὐχαρίστως
1025 3990 1409 4055 τελειωθέντας
1449 3985 1822 4067 προσελάϐετο
1854 3991 1882 4046 ὁ

224 4079 453 4155 Κύριος.

787 4201 970 4259 MHNI
1006 4204 1096 4255 ΤΩ
1132 4202 1323 4260 ΔΥΤΩ.

982 4316 1095 4375 ῙΔ’.

387 4426 672 4501 ’Δθλησις
719 4436 819 4501 τῆς
865 4428 1016 4496 ὁσίας
1047 4432 1322 4509 μάρτυρος
1350 4431 1698 4503 Ἀντωνίνης.

284 4544 612 4618 Ἀντωνίνα,
643 4548 679 4617 ἡ
710 4550 808 4603 τοῦ
865 4551 1102 4625 Χριστοῦ
1157 4550 1387 4626 μάρτυς,
1443 4550 1510 4620 ἧν
1559 4550 1619 4606 ἐκ
1645 4556 1745 4620 τῆς
1775 4547 1876 4605 πό-

1990 3634 2211 3683 rerent.
2244 3634 2534 3685 Caaterum
2567 3629 2927 3684 vidensillos
2958 3648 3130 3685 suum
3163 3648 3299 3703 erga
3328 3634 3645 3688 Dominum

1990 3724 2263 3773 nostrum
2292 3719 2490 3773 Iesum
2521 3718 2817 3772 Christum
2870 3719 3134 3774 animum
3174 3719 3393 3777 habere
3424 3721 3643 3776 immu-

1989 3806 2255 3876 tabilem,
2309 3824 2340 3863 e
2396 3808 2556 3880 ligno
2611 3807 2913 3879 depositus
2971 3808 3280 3866 lictoribus
3311 3810 3575 3877 tradidit,
3608 3828 3643 3869 a

1989 3896 2206 3968 quibus
2233 3897 2569 3952 veneranda
2600 3897 2843 3952 illorum
2872 3898 3067 3968 capita
3112 3899 3327 3971 gladiis
3380 3898 3641 3956 abscissa

1985 3985 2264 4041 fuerunt:
2292 3990 2469 4057 atque
2492 3986 2574 4040 ita
2595 3987 2878 4058 martyrio
2902 4004 3038 4043 cum
3059 3989 3382 4060 gratiarum
3406 3990 3639 4046 actione

1984 4079 2368 4148 consumptos
2398 4075 2685 4132 Dominus
2715 4076 2993 4148 suscepit.

2541 4193 2782 4249 EODEM
2822 4195 3074 4250 MENSE.

2587 4311 2691 4366 Die
2750 4309 3033 4368 secunda.

2232 4430 2521 4485 Certamen
2552 4434 2751 4484 sanetae
2775 4430 3080 4488 Antoninx
3105 4433 3386 4502 martyris.

2054 4545 2358 4601 Antonina
2387 4543 2601 4599 Christi
2636 4549 2861 4616 martyr
2908 4545 3022 4601 fuit
3069 4563 3139 4603 ex
3183 4546 3414 4604 civitate
3444 4550 3638 4607 Nicaaa

220 4632 350 4699 λεως
381 4634 638 4706 Νικαίας,
697 4634 786 4692 ἰπὶ
840 4640 941 4703 τῆς
994 4638 1274 4712 βασιλείας
1304 4640 1674 4713 Μαξιμιανου·
1727 4645 1862 4714 Χρι-

1993 4634 2079 4690 .ub
2112 4635 2363 4707 imperio
2413 4633 2774 4689 Maximiani.
2834 4635 2979 4689 Cum
3036 4640 3237 4691 autem
3293 4637 3635 4696 Christiana

221 4728 398 4796 πιανή
438 4722 497 4781 δὲ
531 4725 872 4802 ὑπάρχουσα,
902 4727 1105 4805 φανερὰ
1156 4726 1363 4803 ἐγένετο
1409 4733 1491 4802 τῷ
1547 4729 1871 4803 Μαξιμιανῷ

220 4811 513 4881 ἀπελθόντι
570 4814 651 4879 εἲς
706 4815 957 4875 Νίκαιαν.
1018 4817 1118 4875 Καὶ
1175 4820 1490 4894 παραστάσει
1516 4820 1691 4892 αὐτῷ,
1723 4819 1873 4893 ὡμο-

221 4898 427 4978 λόγησε
473 4904 752 4981 παρῥησίᾳ
804 4906 897 4961 τὸν
956 4907 1204 4981 Χριστόν,
1264 4908 1362 4963 Διὰ
1415 4912 1579 4964 τοῦτο
1628 4906 1872 4964 ἐϐασανί-

223 4992 336 5063 σθη,
396 4995 491 5049 καὶ
549 4996 963 5068 κατηναγκάσθη
1041 4996 1371 5070 ἀρνήσασθαι
1438 4999 1532 5071 μὲν
1590 4996 1682 5053 τὸν
1739 5000 1867 5073 Χρι-

220 5082 357 5153 στὸν,
390 5093 552 5147 θυσαι
586 5080 643 5138 δὲ
696 5088 815 5144 τοῖς
868 5080 1147 5147 εἰδώλοις.
1180 5086 1266 5150 Ὠς
1306 5082 1361 5140 δὲ
1392 5088 1492 5141 οὐκ
1522 5085 1766 5156 ἐπείσθη,
1796 5090 1865 5161 τῇ

216 5168 430 5245 φυλακῇ
516 5174 875 5247 παριπὲμφθη
962 5172 1095 5230 Εἶτα
1182 5181 1282 5244 τῆς
1358 5174 1606 5250 φυλακῆς
1668 5170 1867 5246 ἐκϐλη-

214 5259 381 5332 θεῖσα,
440 5262 532 5316 καὶ
597 5263 1095 5335 καταναγκασθεῖσα
1170 5264 1262 5318 τὸν
1344 5265 1572 5337 Χριστὸν
1634 5264 1867 5341 ἀρνήσα-

217 5358 354 5417 σθαι,
417 5352 507 5405 καὶ
565 5352 643 5423 μή
699 5348 1122 5425 καταδεξαμένη,
1183 5351 1515 5429 ἐκρεμάσθη,
1556 5354 1646 5409 καὶ
1678 5352 1860 5426 ἐξέσθη

208 5435 299 5498 τὰς
328 5436 593 5514 πλευράς.
647 5440 822 5515 Ὁρῶν
880 5438 937 5495 δὲ
993 5441 1161 5511 αὐτὴν
1218 5443 1246 5499 ὁ
1302 5444 1638 5516 Μαειμιανὸς
1669 5444 1864 5517 στηλι-

212 5524 466 5582 σεύουσαν
517 5529 613 5601 μὲν
663 5530 763 5598 τὴν
812 5528 1047 5601 πλάνην,
1098 5531 1470 5607 κηρύττουσαν
1504 5531 1559 5587 δε
1598 5534 1697 5602 τὴν
1729 5534 1862 5607 ἀλή-

209 5611 368 5689 θειαν,
425 5618 717 5693 προσέταξε
779 5624 897 5680 τοῖς
986 5616 1212 5693 δημίοις
1268 5619 1484 5677 ἐκδῦσαι
1543 5621 1710 5693 αὐτὴν
1769 5626 1859 5680 καὶ

213 5700 375 5781 κῦψαι
405 5711 637 5783 γυμνήν.
700 5706 1028 5765 Μελλόντων
1090 5707 1146 5765 δὲ
1194 5714 1300 5767 τῶν
1345 5709 1563 5785 δημίων
1595 5711 1853 5769 ἅπτεσθαι

1984 4729 2160 4790 esset,
2194 4724 2372 4778 talem
2398 4737 2459 4777 se
2482 4722 2880 4777 manifestavit
2899 4722 3091 4777 eidem
3114 4725 3631 4797 Maximiano,cum

1981 4814 2032 4869 is
2059 4815 2316 4869 Nicaeam
2344 4811 2603 4866 venisset
2627 4826 2639 4864 :
2664 4810 2738 4865 ad
2760 4812 2890 4883 ejus
2920 4812 3214 4883 siquidem
3244 4824 3631 4889 conspectum

1980 4902 2251 4970 adducta,
2285 4900 2470 4954 libere
2502 4898 2772 4955 confessa
2803 4905 2893 4955 est
2936 4901 3254 4959 Christum.
3291 4906 3480 4971 Quare
3508 4913 3630 4963 tor-

1979 4990 2197 5049 mentis
2224 4988 2558 5044 excruciata
2587 4988 2718 5055 fuit,
2750 4995 2815 5044 ut
2862 4989 2945 5044 ita
2986 4997 3295 5064 cogeretur
3332 4995 3628 5052 Christum

1978 5081 2269 5153 abnegare
2301 5095 2368 5133 ac
2399 5076 2575 5132 idolis
2599 5078 2954 5136 sacriﬁcare.
2979 5081 3122 5135 Cum
3148 5089 3344 5138 autem
3376 5085 3630 5141 nullate-

1976 5188 2090 5227 nus
2120 5170 2194 5226 ad
2225 5168 2283 5222 id
2314 5167 2514 5222 induci
2556 5168 2864 5239 potuisset,
2917 5170 2979 5225 in
3030 5187 3328 5228 carcerem
3361 5177 3633 5247 conjecta

1975 5262 2105 5316 fuit.
2140 5256 2362 5314 Deinde
2396 5274 2425 5311 e
2456 5274 2691 5314 carcere
2741 5258 2971 5327 educta,
3005 5261 3419 5336 Christumque
3450 5266 3634 5321 abne-

1975 5368 2110 5424 gare
2132 5350 2351 5403 iterum
2376 5347 2703 5419 compulsa,
2729 5365 2862 5404 cum
2885 5350 3235 5422 neutiquam
3257 5356 3631 5428 assensisset,

1974 5460 2046 5499 ex
2077 5440 2194 5497 alto
2228 5436 2509 5509 suspendi
2552 5438 2725 5509 jussa
2780 5444 2888 5505 est,
2949 5456 3015 5495 ac
3065 5441 3125 5495 in
3164 5442 3449 5500 lateribus
3482 5445 3631 5502 dila-

1971 5532 2144 5588 niari.
2182 5531 2396 5583 Verum
2424 5543 2558 5582 cum
2592 5529 2985 5583 Maximianus
3025 5530 3250 5587 videret
3280 5550 3407 5587 eam
3441 5536 3625 5589 errori

1973 5622 2214 5696 quidem
2244 5615 2622 5683 irridentem,
2656 5618 2703 5672 3
2736 5617 2964 5672 veritati
3014 5625 3212 5674 autem
3259 5624 3624 5692 praaconium

1970 5709 2408 5788 perhibentem,
2431 5706 2716 5777 pracepit
2735 5705 3066 5773 lictoribus,
3094 5713 3161 5764 ut
3179 5709 3345 5765 illam
3362 5709 3619 5764 vestibus
