4114 6306
459 305 573 364 335

1748 297 1798 358 Μ
1809 298 1907 357 ΕΝ
1917 296 2188 359 OLOGII
2234 297 2432 358 PARS
2478 294 2588 360 III.

3751 297 3865 360 336

459 436 808 510 spoliarent,
841 439 899 490 et
926 434 1148 490 nudam
1181 430 1498 487 caederent.
1532 430 1643 485 Sed
1674 447 1809 485 cum
1837 431 1896 484 in
1922 430 2083 501 ipsan

2221 430 2412 500 αὐτῆς,
2458 429 2628 500 ἦλθον
2687 427 2912 508 ἄγγελοι
2973 429 3338 510 φυλάττοντες
3382 432 3476 507 μὶν
3533 431 3727 504 αὐτὴν,
3785 452 3871 486 κο-

452 528 694 583 lictores
724 542 938 582 manus
964 524 1210 596 injicere
1241 523 1479 582 vellent.
1503 520 1872 576 advenerunt
1891 520 2110 592 angeli,

456 635 589 675 eam
621 617 863 689 quidem
898 615 1322 680 custodientes,
1375 613 1511 668 illos
1564 629 1700 666 vero
1732 612 2112 684 castigantes.

457 708 682 765 Deinde
702 707 899 780 ignitaa
918 705 1217 761 craticulue
1242 703 1538 773 imposita,
1564 701 1882 756 incolumis
1906 701 2108 756 evasit.

456 800 762 854 Postremo
795 814 964 852 sacco
1013 795 1261 862 inclusa,
1296 794 1356 847 in
1389 793 1595 847 Nicaeaa
1643 791 1922 863 paludem
1971 809 2110 864 pro-

449 888 612 960 jecta
640 887 770 954 fuit,
803 892 980 958 atque
1006 885 1089 938 ita
1113 883 1465 955 martyrium
1515 881 1964 937 consummavit.

1105 1028 1325 1084 Eodem
1360 1027 1456 1083 die

845 1148 1112 1205 Dormitio
1143 1150 1426 1203 Parmenae
1456 1146 1712 1218 apostoli.

523 1272 772 1326 Sanctus
799 1269 896 1323 hic
917 1267 1220 1339 apostolus
1241 1269 1565 1322 Parmenas
1596 1282 1732 1322 cum
1764 1272 2105 1322 sanctorum

2223 517 2474 589 λάζὸντες
2507 517 2566 575 δὲ
2594 519 2849 586 ἐκείνους.
2901 525 3032 580 Εἶτα
3076 521 3230 595 ἐτέθη
3283 522 3370 578 ἐπὶ
3402 521 3639 598 ἐσχάρας
3667 543 3868 598 πυρακ-

2217 608 2506 680 τωθείσηε,
2561 607 2824 686 διέμεινεν
2881 606 3157 683 ἀϐΙαὸής.
3216 613 3349 669 Εἶτα
3407 606 3750 684 ἐμϐληθεῖσα
3795 609 3868 674 εἷς

2219 697 2437 766 σάκκον,
2471 697 2666 775 έρῥίφη
2717 697 2768 754 ἐν
2825 698 2896 774 τῇ
2953 699 3126 776 λίμνῃ
3165 707 3267 772 τῆς
3301 699 3548 764 Νικαίας·
3574 697 3664 754 καὶ
3696 697 3864 762 οὕτως

2218 783 2534 857 ἐτελειώθη.

2801 1024 2878 1095 τῇ
2904 1021 3043 1096 αὐτῇ
3078 1021 3280 1099 ὴμιρᾳ-

2452 1144 2514 1194 Ἦ
2547 1138 2812 1213 χοίμησις
2859 1144 3118 1216 Παρμενᾶ
3159 1143 3260 1196 τοῦ
3288 1137 3624 1196 ἀποστόλου.

2283 1255 2456 1319 Οὗτος
2509 1257 2538 1312 ὁ
2593 1259 2744 1332 ἅγιος
2801 1255 3108 1321 ἀπόστολος
3159 1263 3466 1332 Παρμενᾶς,
3511 1257 3762 1331 μαθητὴς
3792 1253 3862 1311 ὧν

431 1362 854 1434 _apostolorum
913 1359 1242 1431 discipulus
1301 1365 1478 1426 esset,
1538 1359 1696 1412 inter
1724 1356 2083 1428 Septuaginta

2208 1347 2316 1399 τῶν
2377 1345 2543 1434 ἁγίων
2599 1345 2944 1434 ἀποστόλων,
2993 1352 3110 1410 τοῖς
3169 1343 3587 1434 Ἐϐδομήκοντα
3617 1347 3862 1434 συνηρίθέ

447 1455 879 1507 annumeratus
911 1455 1020 1513 est,
1055 1454 1232 1518 atque
1264 1465 1385 1503 una
1423 1464 1556 1502 cum
1605 1446 1740 1502 aliis
1771 1462 1873 1501 sex
1905 1445 2101 1500 diaco-

2214 1454 2380 1507 μητο.
2416 1433 2668 1512 Ἐξελέγη
2703 1432 2761 1491 δὲ
2791 1435 2884 1492 σὺν
2915 1441 3033 1500 τοῖς
3089 1435 3285 1501 ἄλλοις
3341 1434 3392 1508 ἔξ
3447 1433 3739 1505 διακόνοις,
3771 1433 3855 1491 καί

446 1540 542 1595 nis
573 1540 797 1595 electus
827 1555 896 1594 ac
921 1538 1268 1611 designatus
1289 1537 1363 1593 ad
1385 1535 1849 1592 ministrandum
1878 1533 2083 1590 mensi:

2207 1522 2598 1599 προεχειρίσθη
2660 1523 2736 1586 εἰς
2790 1526 2854 1581 τὸ
2911 1522 3174 1582 διακονεῖν
3235 1530 3354 1588 ταῖς
3410 1527 3698 1596 τραπέζαις
3745 1529 3849 1581 τῶν

449 1646 675 1698 eorum,
711 1629 812 1700 qui
872 1629 947 1684 ad
1003 1628 1303 1684 Christum
1362 1626 1724 1683 accedebant
1756 1631 1815 1680 et
1841 1624 2103 1697 baptiza-

2206 1614 2674 1689 προσερχομένων
2727 1617 2807 1686 τῷ
2874 1616 3116 1690 Χριστῷ,
3223 1614 3314 1670 καὶ
3419 1615 3852 1691 βαπτιζομένων,

446 1719 1194 1791 bantur,quemadmodum
1217 1720 1279 1774 in
1299 1719 1460 1774 Actis
1473 1717 1877 1790 apostolorum
1895 1718 2083 1772 scribi?

2203 1701 2382 1765 καθὼς
2412 1700 2464 1756 έν
2496 1708 2615 1766 ταῖς
2644 1702 2870 1778 Πράξεσι
2909 1707 3016 1758 τῶν
3067 1703 3230 1778 ἁγίων
3289 1702 3612 1760 ἀποστόλων
3650 1705 3678 1760 ὁ
3706 1705 3855 1778 ἅγίος

447 1816 689 1865 sanctus
740 1810 942 1879 Lucas,
1003 1808 1258 1864 dicens:

1318 1810 1385 1863 Ει
1452 1789 1736 1878 ειέρεηιηι
1802 1789 2397 1878 (νίάειίεθιΒγράφει
2456 1795 2691 1862 Λουκᾶς,
2753 1789 2944 1867 λέγων’
3005 1791 3107 1849 Καὶ
3166 1791 3470 1864 ἐξελέξαντο
3526 1790 3722 1867 (δῆλον
3776 1793 3856 1850 δτι

449 1899 638 1954 sancti
671 1899 944 1970 apostoli)
1004 1899 1363 1968 Stephanum,
1416 1900 1597 1952 virum
1644 1898 1869 1967 plenum
1908 1897 2015 1966 ﬁde
2044 1909 2083 1952 et

2204 1880 2262 1934 οἱ
2319 1881 2466 1956 ἅγιοι
2498 1879 2839 1970 ,ἀπόστολοὴ
2901 1881 3197 1960 Στέφανον,
3274 1879 3441 1953 ἄνδρα
3480 1882 3702 1970 ,πλήρη
3759 1884 3855 1938 πί-

444 1989 660 2058 Spiritu
688 1995 895 2046 sancto.
928 1994 978 2042 et
1023 1988 1364 2058 Philippum,
1423 1993 1474 2042 et
1523 1987 1879 2053 Prochorum,
1913 1993 1963 2041 et
1995 1988 2094 2042 Ni-

443 2093 713 2143 canorem,
748 2083 801 2132 et
831 2080 1126 2144 Timonem,
1160 2083 1213 2131 et
1259 2076 1547 2131 Nicolaum
1595 2077 1861 2131 advenam
1891 2077 2092 2131 Antio-

447 2168 695 2235 chenam,
727 2174 780 2222 et
809 2169 1155 2221 Parmenam.
1209 2166 1300 2221 Sic
1346 2166 1524 2238 igitur
1572 2166 1921 2221 ministrans
1952 2167 2092 2221 Par-

441 2273 670 2324 menas,
713 2261 772 2310 et
827 2271 1068 2326 operam
1129 2271 1298 2310 suam
1359 2260 1699 2310 sanctorum
1748 2254 2094 2327 indigentiis

441 2345 700 2400 fideliter
720 2344 1111 2416 religioseque
1134 2361 1378 2414 navans,
1398 2361 1465 2399 ac
1486 2345 1603 2399 Deo
1638 2344 1884 2416 ejusque
1916 2344 2092 2398 disci-

439 2433 598 2506 pulis
629 2439 688 2489 et
715 2434 1000 2505 apostolis
1030 2434 1292 2505 placens,
1328 2433 1532 2489 morbo
1563 2439 1958 2505 correptus,et
1983 2433 2092 2488 sub

444 2523 633 2579 oculis
690 2523 1097 2594 apostolorum
1155 2524 1272 2579 vita
1326 2523 1586 2591 functus,
1649 2523 1723 2578 ad
1771 2523 2092 2591 Christum,

445 2629 624 2684 quem
682 2613 1118 2684 concupiverat,
1174 2614 1463 2686 migravit,
1518 2629 1800 2668 coronam
1848 2613 2091 2668 immar-

444 2704 787 2761 cescibilem
812 2722 880 2760 ac
909 2721 1159 2777 regnum
1190 2704 1526 2760 immortale
1557 2710 1932 2761 consecutus.

513 2887 584 2940 Et
637 2891 939 2942 certamen
997 2886 1185 2941 sancti
1243 2886 1443 2950 Quinti
1500 2886 1966 2955 Thaumaturgi:
2025 2901 2094 2941 ac

441 2973 719 3030 dormitio
777 2979 1118 3030 sanctorum
1204 2975 1530 3029 Andronici
1587 2980 1647 3029 et
1707 2973 2090 3029 Athanasim:

439 3080 675 3119 necnon
705 3065 995 3119 memoria
1045 3064 1233 3120 sancti
1281 3063 1538 3130 Troadii,
1569 3068 1626 3118 et
1671 3063 1860 3118 sancti
1893 3079 2092 3118 sacro-

432 3154 710 3224 martyris
743 3153 1056 3224 Porphyrii
1088 3154 1269 3220 Gazaa,
1293 3157 1350 3207 et
1374 3152 1725 3207 Theodoreti
1757 3150 2088 3222 presbyteri
2117 3180 2160 3249 Ο

428 3241 784 3296 Antiocheni
809 3257 820 3294 :
845 3257 912 3296 ac
933 3241 1176 3295 demum
1198 3247 1498 3296 certamen
1529 3240 1717 3296 sancti
1748 3257 2085 3297 sacromar-

431 3329 577 3400 tyris
606 3329 890 3384 Theodoti
923 3329 1174 3402 Cyriniaa
1205 3330 1488 3402 episcopi.

985 3538 1226 3594 EODEM
1274 3538 1420 3596 MEN
1424 3539 1527 3595 SE.

1090 3683 1196 3739 Die
1251 3684 1428 3740 tertia

432 3801 484 3853 Δ
517 3799 804 3855 Certamen
833 3806 1149 3926 sanctorwtn
1161 3807 1490 3926 gnat-[tyrant
1513 3803 1786 3873 Eutrapii,
1817 3801 2079 3873 Cleonici,

1069 3889 1098 3926 e
1212 3889 1289 3926 asa
1320 3889 1436 3926 zscz.

1069 3889 1123 3927 ϐῑ
1161 3889 1436 3929 βαειιιεσι.

503 4015 683 4070 Erant
710 4015 770 4070 hi
815 4017 1182 4088 temporibus
1232 4019 1590 4087 Maximiani,
1637 4020 2076 4078 commilitones

429 4109 488 4158 et
517 4105 748 4176 cognati
773 4106 960 4160 sancti
982 4105 1292 4161 Theodori.
1315 4107 1565 4162 Adducti
1589 4115 1787 4164 autem
1819 4110 1891 4164 ad
1921 4128 2074 4182 pree—

427 4193 617 4249 sidem
642 4200 926 4266 tanquam
949 4196 1288 4266 Christiani,
1313 4196 1457 4251 diris
1481 4198 1820 4254 verberibus
1845 4201 2072 4272 excepti

423 4282 684 4349 fuerunt,
718 4284 865 4339 adeo
914 4289 980 4338 ut
1025 4289 1279 4340 tortores
1337 4286 1448 4356 ipsi
1508 4287 1581 4341 ob
1641 4293 2071 4346 tormentorum

421 4372 855 4429 vehementiam
885 4373 1027 4429 lassi
1060 4373 1400 4429 deficerent.
1434 4376 1716 4447 Martyres
1745 4393 1900 4444 vero,
1933 4395 2070 4434 cum

423 4462 711 4518 Dominus
737 4479 855 4518 una
885 4479 1020 4517 cum
1077 4468 1280 4518 sancto
1334 4479 1545 4536 magno
1596 4470 1853 4538 martyre
1883 4469 2067 4524 Theo-

2198 1989 2366 2032 στεως
2423 1969 2515 2024 καὶ
2575 1969 2890 2043 Πνεόματος
2972 1971 3152 2044 ἁγίου,
3236 1971 3326 2026 καὶ
3398 1969 3706 2042 Φίλιππον,
3765 1974 3855 2028 καὶ

2200 2058 2508 2136 Πρόχορον,
2563 2060 2654 2115 καὶ
2720 2061 3014 2135 Νικάνορα,
3064 2061 3153 2115 καὶ
3230 2060 3480 2135 Τίμωνα,
3538 2061 3629 2116 καὶ
3686 2061 3853 2119 Νικό-

2199 2158 2330 2201 Λαον
2390 2144 2764 2220 προσήλυθον,
2845 2147 2935 2202 καὶ
3022 2153 3327 2223 Παρμενᾶν.
3414 2153 3689 2204 Διακονῶν
3761 2147 3848 2207 οὗν

2200 2235 2354 2298 οὗτος
2411 2237 2439 2291 ὁ
2498 2241 2804 2309 Παρμενᾶς,
2859 2235 2949 2291 καὶ
3000 2241 3119 2298 ταῖς
3178 2237 3393 2313 χρείαις
3441 2239 3852 2312 καθυπηρετού-

2202 2345 2361 2398 μενος
2407 2329 2513 2380 τῶν
2567 2325 2734 2399 ἁγίων
2787 2329 2994 2389 πιστῶς
3034 2346 3092 2380 τε
3132 2326 3222 2381 καὶ
3265 2324 3560 2404 θεοφιλῶς,
3597 2328 3688 2382 καὶ
3717 2327 3848 2402 ἀρέ-

2199 2436 2339 2470 σκων
2369 2415 2459 2470 καὶ
2485 2419 2563 2487 τῷ
2594 2419 2711 2487 Θεῷ
2739 2416 2828 2471 καὶ
2885 2420 3001 2478 τὸῖς
3057 2414 3223 2470 αὐτοῦ
3281 2418 3552 2489 μαθηταῖς
3594 2416 3686 2472 καὶ
3717 2417 3850 2472 ἀπο-

2199 2503 2442 2575 στόλοις,
2501 2504 2608 2558 εῒτα
2668 2506 2924 2574 νοσήσας,
2994 2503 3076 2558 ἐπ’
3136 2500 3292 2578 ὄψεσι
3359 2509 3468 2559 τῶν
3527 2503 3851 2561 ἀποστόλων

2196 2591 2547 2664 τελευτήσας,
2607 2593 2742 2668 πρὸς
2800 2592 3052 2667 Χριστὸν,
3111 2592 3169 2647 ὃν
3222 2592 3510 2664 ἐπόθησεν,
3581 2591 3853 2667 ἐξεδήμη-

2197 2703 2304 2753 σεν,
2357 2677 2652 2738 ἀπολαϐὼν
2741 2679 3000 2760 στέφανον
3083 2680 3348 2760 ἄφθαρτον
3401 2682 3491 2738 καὶ
3571 2681 3846 2760 βασιλείαν

2200 2773 2487 2838 ἀθάνατον.

2270 2863 2371 2920 Καὶ
2404 2860 2637 2935 ἄθλησις
2692 2866 2788 2918 τοῦ
2833 2862 2990 2939 ἁγίου
3048 2861 3282 2920 Κοΐντου
3336 2867 3434 2918 τοῦ
3493 2868 3846 2940 Θαυματουρσ-

2198 2958 2320 3028 γοῦ.
2380 2953 2483 3008 Καὶ
2544 2955 2579 3022 ἠ
2637 2952 2900 3026 κοίμησις
2953 2957 3059 3010 τῶν
3129 2953 3291 3029 ἁγίων
3350 2949 3703 3028 Ἀνδρονίκου
3757 2953 3845 3008 καὶ

2197 3041 2532 3106 Ἀθανασίας.
2592 3041 2689 3097 Καὶ
2753 3043 2945 3116 μνήμη
3026 3047 3123 3098 τοῦ
3193 3042 3344 3116 ἁγίου
3395 3039 3695 3117 Τρωαδίου,
3755 3042 3844 3097 καὶ

2196 3136 2292 3186 τοῦ
2367 3130 2521 3206 ἁγίου
2595 3133 2989 3208 ἱερομάρτυρος
3086 3133 3397 3207 Πορφυρίου
3484 3131 3678 3202 Γάζης,
3754 3130 3844 3186 καὶ

2199 3218 2556 3297 Θεοδωρήτου
2601 3217 2972 3297 πρεσϐυτέρου
3030 3221 3391 3298 ’Δντιοχείας.
3449 3221 3555 3278 Καὶ
3615 3220 3847 3292 ἄθλησις

2194 3315 2292 3366 τοῦ
2349 3311 2506 3385 ἁγίου
2584 3311 2981 3386 ἱερομάρτυρος
3062 3309 3327 3368 Θεοδότου
3384 3309 3683 3366 ἐπισκόπου
3740 3317 3845 3365 Κυ-

2198 3400 2390 3476 ρινίας.

2735 3527 2919 3585 MHNI
2957 3528 3051 3606 To
3089 3530 3286 3606 Αιτᾳ.

2989 3685 3042 3736 Γ*

2193 3793 2462 3867 ’Ἃθλησις
2515 3799 2624 3850 τῶν
2681 3792 2849 3872 ἁγίων
2911 3795 3201 3872 μαρτύρων
3265 3796 3600 3872 Εὐτροπίου,
3667 3795 3843 3855 Κλεο-

2673 3867 2849 3941 νίκου,
2879 3867 2968 3923 καὶ
2990 3867 3350 3926 ’Βασιλίσκοω

2261 4012 2430 4070 Οὗτοι
2462 4012 2713 4089 ὑπῆρχον
2745 4011 2834 4069 ἐπὶ
2863 4017 2970 4069 τῶν
3003 4014 3215 4089 χρόνων
3268 4015 3641 4088 Μαξιμιανοῦ,
3676 4035 3840 4089 στρα-

2186 4106 2379 4156 τιῶται
2410 4102 2796 4179 τυγχάνοντες,
2855 4110 3130 4180 συγγενεῖς
3180 4103 3277 4160 τοῦ
3336 4105 3499 4180 ἁγίου
3528 4103 3839 4181 Θεοδώρου,

2186 4188 2554 4267 προσάγονται
2583 4192 2658 4257 ὡς
2687 4193 3000 4268 Χριστιανοὶ
3047 4199 3126 4266 τῷ
3184 4195 3435 4269 ἡγεμόνιο
3485 4201 3571 4250 καὶ
3602 4197 3843 4250 τύπτον-

2184 4300 2272 4335 ται
2332 4279 2596 4355 ἰσχυρῶς.
2654 4282 2812 4345 Ὅθεν
2881 4282 2932 4336 οἱ
3003 4283 3109 4356 -μέν
3165 4282 3458 4345 τύπτοντες
3512 4281 3842 4354 ἐξελύσησαν

2187 4365 2278 4423 διὰ
2302 4369 2365 4423 τὸ
2397 4367 2650 4425 σύντονον
2707 4377 2808 4440 τῆς
2869 4371 3120 4446 βασάνου.
3169 4373 3237 4430 Οἱ
3295 4369 3353 4427 δὲ
3396 4373 3683 4448 μάρτυρες,
3715 4371 3842 4428 έπι-

2184 4460 2439 4532 φανέντος
2491 4458 2676 4521 αὐτοῖς
2723 4463 2819 4514 τοῦ
2877 4460 3098 4535 Κυρίου,
3161 4461 3251 4516 καὶ
3307 4465 3405 4517 τοῦ
3458 4461 3613 4538 ἁγίου
3665 4484 3841 4538 μεγα-

422 4549 566 4608 doro
590 4552 710 4608 illis
731 4553 1124 4624 apparuisset,
1149 4552 1479 4609 incolumes
1502 4554 1693 4609 effecti
1726 4561 1883 4612 sunt.
1909 4557 2074 4613 Unde

2199 4549 2532 4624 \opa’ptupoc
2581 4545 2890 4623 Θεοδώρου,
2945 4550 3224 4624 γεγόνασιν
3287 4552 3477 4627 ὑγιεῖς.
3518 4552 3579 4608 Ὀ
3611 4548 3670 4607 δέ
3699 4555 3837 4626 ἡγε-

420 4659 660 4714 praeses,
722 4650 945 4699 mutato
999 4643 1270 4712 consilio,
1331 4650 1580 4700 conatus
1640 4651 1728 4701 est
1766 4646 2076 4704 blanditiis

420 4739 689 4787 sanctum
723 4733 1065 4789 Cleonicum
1106 4750 1141 4789 a
1187 4733 1403 4790 Christi
1455 4734 1568 4791 fide
1601 4742 1883 4802 avertere,
1918 4737 2076 4793 dona

419 4827 478 4878 et
534 4824 788 4879 honores
847 4826 899 4880 ei
965 4826 1338 4896 promittens.
1398 4828 1504 4881 Ast
1581 4827 1683 4883 ille
1735 4828 2066 4897 subridens,

419 4910 714 4966 idolorum
739 4912 1147 4984 impotentiam
1167 4914 1421 4969 ludibrio
1441 4916 1730 4985 exposuit.
1753 4923 1896 4972 Uum
1919 4919 2072 4972 enim

417 4998 490 5054 iis
518 5001 878 5056 sacrificium
925 5003 1112 5063 fieret.
1172 5004 1299 5074 ipse
1357 5003 1634 5073 precibus
1667 5005 1790 5059 suis
1823 5007 2068 5062 simula-

416 5105 579 5144 crum
603 5091 800 5145 Dianaa
824 5091 1058 5161 dejecit.
1081 5093 1268 5156 Quare
1291 5091 1482 5161 picem
1509 5097 1568 5146 et
1586 5092 1852 5150 bitumen
1877 5096 2068 5152 tribus

415 5178 477 5232 in
506 5178 800 5235 lebetibus
825 5181 1228 5238 fervefactum.
1255 5181 1592 5236 effuderunt
1621 5201 1798 5254 super
1829 5192 2066 5242 sanctos

412 5282 742 5339 martyres:
778 5269 879 5340 qui
912 5275 1110 5324 tamen
1144 5269 1285 5324 salvi
1335 5275 1393 5324 et
1439 5271 1609 5326 illaesi
1642 5275 1853 5330 servati
1887 5281 2062 5345 sunt;

409 5361 663 5412 tortores
694 5374 829 5412 vero
890 5358 1350 5430 conflagrarunt.
1405 5360 1628 5416 Deinde
1663 5363 1976 5420 Cleonicus
2009 5371 2067 5421 et

406 5447 745 5517 Eutropius,
780 5447 840 5501 in
867 5464 1102 5502 crucem
1135 5448 1269 5516 acti,
1305 5452 1654 5522 martyrium
1686 5470 2065 5510 consumma-

405 5541 584 5603 runt;
619 5536 938 5593 Basiliscus
997 5543 1194 5593 autem
1254 5539 1316 5594 in
1375 5557 1674 5597 carcerem
1731 5545 2058 5618 conjectus,

406 5631 540 5698 post
566 5626 808 5700 aliquod
841 5632 1074 5700 tempus
1107 5633 1163 5684 et
1191 5629 1318 5702 ipse
1348 5629 1467 5686 vita
1500 5629 1739 5689 functus
1768 5639 1878 5690 est.

2187 4637 2304 4712 μὼν
2373 4636 2838 4712 μεταμελόμενος,
2895 4637 3214 4696 ἐκολάκευεν
3279 4642 3373 4696 τὸν
3439 4641 3590 4716 ἅγιον
3663 4640 3839 4696 Κλεό-

2182 4748 2353 4800 νικον,
2416 4729 2734 4800 μεταθέσθαι
2791 4727 2898 4782 ἀπὸ
2952 4735 3052 4798 τῆς
3109 4734 3207 4785 τοῦ
3281 4732 3519 4806 Χριστοῦ
3575 4730 3836 4802 πίστεως,

2183 4814 2333 4893 δῶρα
2359 4819 2449 4872 καὶ
2506 4817 2672 4889 τιμὰς
2733 4818 3190 4892 ὑπισχνούμενος.
3223 4820 3286 4877 Ὁ
3318 4816 3375 4875 δὲ
3417 4818 3650 4895 γελάσας
3711 4839 3839 4874 κατα
3901 4848 3904 4851 ·

2180 4905 2446 4981 εχλεύασε
2500 4907 2600 4975 τήν
2677 4910 2786 4961 τῶν
2862 4905 3107 4964 εἰδώλων
3168 4907 3464 4973 ἀσθένειαν.
3521 4909 3716 4972 Θυσίας
3773 4905 3838 4963 δί

2179 4995 2628 5068 ἐπιτελουμένης,
2687 4993 2775 5051 διὰ
2831 5005 3147 5073 προσευχῆς
3197 4999 3261 5054 τὸ
3318 5000 3502 5070 ξόανον
3561 4993 3838 5054 κατέϐαλε

2175 5091 2276 5155 τῆς
2335 5081 2680 5160 Ἀρτέμιδος.
2741 5087 3051 5143 Ἐκκαεῖσαν
3111 5089 3202 5143 οὗν
3261 5090 3454 5144 πίσσαν
3495 5088 3585 5144 καὶ
3616 5083 3840 5163 ἄσφαλ-

2173 5195 2270 5229 τον
2301 5172 2376 5228 είς
2405 5177 2553 5247 τρεῖς
2581 5169 2817 5243 λέϐητας
2874 5175 3103 5251 ἐπέχεον
3161 5177 3248 5233 ἐπὶ
3304 5178 3434 5241 τοὺς
3479 5181 3689 5255 ἁγίους.
3726 5183 3834 5238 Καὶ

2176 5261 2335 5317 αὐτοὶ
2365 5260 2460 5334 μὶν
2493 5266 2628 5316 σῶοι
2675 5259 3142 5340 διεφυλάχθησαν.
3201 5268 3268 5324 Οἱ
3303 5264 3360 5322 δὲ
3416 5265 3612 5340 δήμιοι
3670 5291 3841 5326 κατε-

2172 5355 2396 5420 κάησαν.
2453 5351 2579 5406 Εἶτα
2625 5357 2975 5426 σταυροῦνται
3026 5352 3316 5418 Κλεόνικος
3364 5357 3453 5411 καὶ
3501 5357 3837 5430 Εὐτρόπιος,

2170 5440 2259 5498 καὶ
2319 5439 2713 5511 ἐτελεώθησαν.
2768 5442 2833 5499 Ὁ
2891 5439 2948 5497 δὲ
3004 5441 3336 5509 Βασιλίσκος
3387 5443 3440 5500 ἐν
3498 5449 3566 5520 τῇ
3607 5447 3840 5521 φυλακῇ

2177 5528 2428 5607 βληθεὶς,
2455 5531 2590 5604 μετὰ
2623 5529 2822 5607 χρόνον
2853 5532 2978 5588 τινὰ
3005 5532 3097 5587 καὶ
3135 5533 3296 5597 αὐτὸς
3328 5531 3698 5607 ἐτελεύτησεν.
