4114 6306
259 407 376 468 337

805 547 990 605 MHNI
1020 547 1113 603 ΤΩ
1143 545 1340 602 ΑΥΤΩ.

1059 651 1098 700 Δ

404 734 606 806 κνήμη
640 736 744 788 τοῦ
775 732 926 789 όσίου
966 734 1179 810 Πατρὸς
1227 736 1390 808 ἡμῶν
1431 733 1755 810 Γερασίμου.

334 823 635 896 Γεράσιμος
702 823 732 878 ὁ
793 823 1214 900 Θαυματουργὸς
1258 823 1350 879 τὸν
1409 825 1619 898 κόσμον
1676 821 1904 879 καταλιο

257 912 398 982 πὼν,
431 911 624 986 γὲγονε
663 912 930 989 μοναχός.
977 913 1079 968 Καὶ
1125 911 1379 978 ἀπελθὼν
1432 913 1508 976 εἷς
1557 914 1659 983 τὴν
1691 909 1902 968 ἐνδοτὲ-

256 1019 356 1076 ραν
386 997 596 1074 ἔρημον
627 1007 728 1070 τῆς
769 1000 958 1077 χώρας
994 996 1289 1072 Θηϐαΐδος,
1343 999 1634 1076 ἡσύχαζεν,
1670 999 1902 1056 ἐκτελῶν

251 1088 320 1144 τὰ
370 1092 472 1144 τοῦ
519 1093 654 1144 Θεοῦ
709 1091 1126 1165 προστάγματα.
1185 1093 1452 1146 Τοσοῦτον
1503 1086 1561 1146 δὶ
1607 1091 1708 1160 τήν
1765 1090 1901 1166 πρὸς

251 1178 384 1234 Θεὸν
472 1176 742 1234 οἶκείωσιν
820 1177 1101 1251 ἐκτήσατο,
1190 1181 1264 1243 ὡς
1342 1176 1580 1258 φυλάξας
1657 1181 1720 1235 τὸ
1787 1179 1903 1234 κατ’

251 1267 462 1338 εἰκόνα,
520 1268 610 1323 καὶ
659 1268 1028 1342 καθομοίωσιν
1072 1273 1180 1325 τῶν
1247 1269 1441 1344 ἁγίων,
1497 1268 1580 1324 ὅτι
1637 1269 1730 1324 καὶ
1785 1273 1893 1323 τῶν

247 1356 462 1432 ἀγρίων
490 1357 698 1431 θηρίων
726 1360 990 1434 κατ-ἦρχε,
1021 1358 1111 1414 καὶ
1165 1357 1413 1429 θαύματα
1469 1358 1655 1414 πολλὰ
1706 1357 1900 1416 ἐποίει.

249 1447 558 1517 Έκτήσατο
592 1444 651 1501 δὲ
676 1446 764 1502 καὶ
799 1448 1074 1524 ὑπουργὸν
1133 1449 1224 1503 καὶ
1275 1444 1397 1502 ὄνον
1453 1447 1528 1510 εἷς
1555 1447 1618 1502 τὸ
1669 1444 1902 1525 ὑδροφο-

246 1540 390 1610 ρεῖν,
427 1533 518 1590 διὰ
547 1536 609 1590 τὸ
644 1535 850 1609 μακρὰν
902 1535 1066 1591 αὐτοῦ
1119 1537 1183 1592 τὸ
1239 1535 1384 1610 ὕδωρ
1441 1537 1690 1612 ἀπέχειν.
1724 1537 1903 1594 Ἀλλά

245 1625 339 1678 καὶ
373 1623 559 1679 λὲοντι
591 1623 648 1678 ἐκ
675 1628 772 1679 τοῦ
803 1620 966 1701 ὄρους
1019 1625 1336 1688 κατελθόντι
1370 1627 1520 1698 αύτῷ
1573 1623 1662 1680 ἐπὶ
1710 1628 1773 1681 τὸ
1804 1629 1898 1682 θε-

250 1714 595 1788 ραπευθῆναι
650 1714 744 1768 τὸν
802 1714 1090 1788 ὀφθαλμὸν
1139 1713 1302 1770 αὐτοῦ
1352 1715 1455 1769 ὑπὸ
1531 1712 1695 1786 ξύλου
1750 1713 1898 1784 πληο

244 1801 436 1880 γέντα,
471 1802 608 1875 μετά
661 1803 724 1857 τὸ
780 1803 1196 1878 θεραπευθῆναι,
1234 1803 1577 1878 προσέταξεν,
1632 1806 1726 1860 τὸν
1775 1799 1897 1858 ὅνον

245 1890 334 1946 ἰπὶ
368 1891 550 1964 νομάς
598 1889 742 1967 ἄγειν
800 1893 889 1947 καὶ
943 1892 1178 1968 βόσκειν.
1239 1893 1436 1950 Εἷλκεν
1494 1893 1561 1948 οὗ
1621 1893 1779 1949 αὐτὸν
1839 1893 1899 1948 ἐκ
1928 1921 1973 1986 Β

241 1986 340 2037 τοῦ
379 1981 662 2056 σχοινίου,
712 1981 800 2035 καὶ
833 1976 1041 2038 ἔϐοσκε.
1075 1982 1178 2039 Καί
1207 2003 1340 2037 ποτε
1393 1982 1745 2055 κοιμωμένου
1800 1987 1897 2037 τοῦ

241 2070 494 2138 λέοντος,
562 2067 915 2146 διερχόμενοι
975 2065 1210 2146 ἔμποροι
1263 2066 1590 2127 ἀνελάόοντο
1614 2071 1707 2127 τὸν
1751 2067 1893 2130 ὄνον.

243 2160 342 2215 Καὶ
379 2160 743 2222 ὑποπτευθεὶς
775 2161 804 2216 ὁ
857 2159 997 2216 λέων
1047 2166 1231 2240 φαγεῖν
1290 2160 1474 2233 αὐτὸν,
1535 2159 1892 2233 κατεδικάσθη

241 2250 349 2306 ἄντ’
385 2249 599 2305 ἐκείνου
632 2247 980 2326 ὑδροφορεῖν.
1033 2250 1132 2304 Καὶ
1184 2249 1358 2305 ἐποίει
1389 2249 1566 2313 οὕτως
1601 2250 1770 2326 μέχρι
1798 2257 1895 2320 τῆς

243 2339 508 2408 τελευτῆς
536 2343 634 2393 τοῦ
665 2340 942 2413 γέροντος.
974 2337 1411 2410 Τελευτήσαντος
1469 2338 1526 2395 δὲ
1583 2339 1744 2396 αὐτοῦ
1801 2339 1894 2396 ἐπ·

245 2430 480 2485 ιπὲθανε
507 2427 598 2484 καὶ
629 2428 790 2492 αὐτὸς
820 2434 897 2502 τῷ
926 2431 1083 2507 τάφῳ
1102 2429 1289 2488 αὐτοῦ.

391 2609 494 2662 Καὶ
531 2609 725 2681 μνήμη
757 2610 854 2662 τοῦ
884 2605 1037 2663 όσίου
1075 2607 1284 2684 Πατρὸς
1313 2608 1474 2680 ἡμῶν
1505 2605 1748 2684 Μάρκου.

323 2722 546 2796 Μάρκος
577 2724 605 2778 ὁ
636 2722 788 2786 ὅσιος
816 2721 1116 2800 φιλόπονος
1175 2721 1228 2779 ἄν
1286 2729 1414 2778 πᾶσι
1442 2726 1758 2800 γενόμενος,
1823 2729 1892 2800 τῇ

256 2809 456 2886 μελέτῃ
508 2817 619 2866 τῶν
679 2813 838 2866 θείων
907 2817 1132 2889 Γραφῶν
1195 2810 1462 2869 ἐπέδωκεν
1517 2814 1728 2883 ἑαυτὸν,
1802 2817 1890 2871 καὶ

257 2902 333 2960 ini
371 2903 442 2958 τὸ
498 2899 660 2977 ἄκροιν
721 2901 994 2976 προῆλθεν
1025 2908 1124 2970 τῆς
1169 2902 1384 2975 ἀρετῆς.
1421 2908 1636 2974 Σημεῖα
1675 2901 1734 2959 δὶ
1785 2927 1892 2979 φα-

251 2996 366 3070 νερᾶ
397 2993 455 3050 οἳ
482 3013 547 3049 τε
601 2993 730 3066 παρ’
777 2991 940 3047 αὐτοῦ
972 2991 1364 3070 συγγραφέντες
1412 2991 1676 3070 ὠφελείας
1708 2994 1891 3072 λόγοι,

247 3083 330 3139 καὶ
385 3085 424 3153 ἡ
487 3086 598 3139 τῶν
661 3081 950 3155 θαυμάτων
1033 3081 1294 3156 ἐνέργεια.
1381 3083 1739 3159 Ἠσυχάζοντι
1792 3087 1888 3162 γάρ

245 3193 366 3228 ποτε
392 3171 714 3247 προσῆλθεν
747 3171 894 3242 αύτῷ
924 3169 1100 3232 ὓαινα.
1131 3171 1194 3226 τὸ
1245 3171 1436 3239 ἑαυτῆς
1460 3171 1645 3228 τέκνον
1677 3170 1883 3250 ἔχουσα

1767 413 1868 472 MA
1883 410 2137 474 RTIUS.

3542 417 3660 476 338

2575 546 2812 602 EODEM
2845 546 3094 602 MENSE.

2660 636 2762 689 Die
2805 641 3016 706 quarta

2182 727 2446 780 Memoria
2482 727 2659 780 sancti
2701 727 2885 780 Patris
2929 727 3109 780 nostri
3164 727 3466 784 Gerasimi.

2079 813 2413 870 Gerasimus
2435 815 2906 887 Thaumaturgus
2930 816 3146 871 saeculo
3165 817 3440 873 abdicato
3463 818 3651 879 factus

2008 907 2098 957 est
2129 904 2456 958 monachus
2483 921 2494 957 :
2520 921 2774 975 cumque
2807 904 2867 958 in
2900 921 3165 960 eremum
3186 908 3532 965 interiorem
3557 929 3652 967 re—

2007 994 2200 1066 gionis
2230 995 2544 1050 Thebaidis
2575 996 2938 1061 secessisset,
2974 997 3236 1066 quietam
3294 1000 3471 1056 vitam
3524 1019 3654 1058 am-

2008 1083 2216 1154 plexus
2248 1090 2357 1146 est,
2391 1085 2632 1155 explens
2666 1085 2944 1139 mandata
3001 1087 3122 1140 Dei.
3155 1089 3399 1144 Tantam
3449 1102 3648 1147 autem

2008 1174 2164 1244 apud
2199 1175 2378 1229 Deum
2413 1173 2876 1229 familiaritatem
2910 1183 3263 1232 consecutus
3295 1182 3653 1245 est,ut.ima—

2005 1264 2204 1336 ginem
2237 1263 2761 1318 etsimilitudinem
2785 1267 3198 1321 sanctorumin
3215 1269 3407 1339 seipso
3433 1287 3648 1342 reprae-

2009 1363 2272 1425 sentans,
2308 1364 2367 1412 et
2421 1359 2562 1412 feris
2621 1357 2962 1428 imperaret,
3022 1365 3079 1413 et
3133 1361 3307 1431 plura
3363 1364 3654 1422 miracula

2005 1451 2287 1519 patraret.
2324 1445 2539 1500 Habuit
2568 1452 2764 1500 autem
2800 1452 2858 1500 et
2903 1448 3138 1502 asinum
3169 1449 3244 1503 ad
3297 1452 3650 1520 portandam

2004 1551 2221 1606 aquam
2249 1536 2358 1590 sibi
2393 1535 3043 1606 subservientem,quod
3071 1537 3174 1593 illa
3204 1555 3238 1593 a
3266 1539 3394 1594 loco
3417 1541 3650 1613 longius

2005 1624 2256 1679 abesset.
2291 1623 2440 1688 Quin
2473 1631 2531 1677 et
2557 1623 2736 1687 leoni,
2769 1625 2871 1694 qui
2913 1642 2982 1679 ex
3005 1632 3205 1682 monte
3234 1628 3640 1702 descenderat,

2003 1713 2321 1784 ipsumque
2353 1712 2770 1780 adierat,oculi
2805 1715 2893 1768 sui
2923 1714 3080 1787 ligno
3111 1721 3378 1788 percussi
3396 1723 3648 1777 curatio-

2003 1820 2142 1859 nem
2174 1803 2801 1875 petiturus,postquam
2834 1805 3004 1860 illum
3037 1814 3320 1873 curasset,
3344 1812 3645 1883 praecepit,

2003 1895 2322 1951 utasinum
2355 1894 2428 1949 ad
2461 1911 2677 1966 pascua
2707 1895 2965 1950 duceret.
2991 1899 3182 1962 Quare
3204 1901 3648 1972 capistroillum

2005 1985 2268 2047 trahens,
2293 1983 2593 2055 pascebat.
2626 1985 2769 2038 Cum
2797 2001 2930 2038 vero
2957 1986 3278 2058 aliquando
3301 1989 3472 2044 leone
3503 1991 3645 2045 dor-

2002 2074 2221 2129 miente
2253 2072 2390 2127 illac
2439 2077 2923 2143 pertranseuntes
2953 2077 3351 2148 negotiatores
3405 2080 3641 2135 asinum

2002 2161 2752 2233 abstulissent,suspicatus
2783 2163 3120 2218 Gerasimus
3134 2167 3176 2222 ὕ
3213 2166 3448 2222 leonem
3471 2169 3644 2224 illum

2003 2251 2339 2316 devorasse,
2373 2251 2445 2306 ad
2477 2268 2692 2322 aquam
2720 2268 2825 2322 pro
2876 2269 2944 2307 eo
2998 2257 3444 2314 convehendam
3475 2259 3641 2314 dam-

2001 2341 2164 2397 navit
2183 2357 2194 2394 :
2213 2339 2440 2411 quodet
2469 2340 2570 2394 ille
2600 2338 2794 2396 facere
2826 2343 3086 2412 perrexit
3114 2360 3300 2414 usque
3323 2345 3396 2400 ad
3418 2346 3645 2402 obitum

2002 2432 2182 2489 senis.
2217 2432 2362 2486 Cum
2393 2437 2593 2487 autem
2654 2431 2704 2485 is
2760 2432 2876 2487 vita
2930 2432 3168 2490 functus
3225 2435 3453 2507 fuisset,
3514 2439 3640 2511 ipse

2003 2525 2182 2582 etiam
2214 2539 2392 2595 super
2423 2523 2551 2595 ejus
2577 2523 2870 2578 tumulum
2893 2526 3265 2581 exanimatus
3291 2529 3570 2585 concidit.

2217 2615 2288 2667 Et
2319 2614 2580 2666 memoria
2608 2615 2786 2667 sancti
2819 2615 3002 2669 Patris
3031 2618 3204 2670 nostri
3233 2617 3428 2674 Marci.

2073 2729 2321 2784 Sanctus
2334 2729 2560 2783 Marcus
2581 2728 2875 2784 laborisin
2897 2731 3175 2787 omnibus
3195 2738 3643 2795 amantissimus

2001 2822 2149 2881 erat,
2183 2816 2480 2887 simulque
2513 2821 2700 2872 totum
2732 2834 2794 2873 se
2843 2818 3172 2875 divinarum
3206 2824 3642 2896 Scripturarum

2001 2909 2375 2966 meditationi
2403 2909 2580 2964 dabat
2603 2927 2616 2975 ;
2641 2909 2798 2964 unde
2829 2910 2904 2966 ad
2935 2929 3235 2968 summum
3257 2917 3489 2973 virtutis
3513 2921 3640 2975 cul-

2002 3018 2139 3057 men
2171 3001 2457 3072 pervenit.
2479 2999 2646 3056 Clara
2675 3002 2852 3072 hujus
2883 3005 2966 3057 rei
2989 3005 3157 3076 signa
3187 3013 3326 3061 sunt
3358 3015 3481 3064 tum
3504 3011 3640 3066 libri

2000 3093 2275 3149 utilitatis
2307 3092 2467 3164 pleni
2497 3093 2570 3148 ab
2603 3095 2730 3165 ipso
2777 3094 2850 3149 de
2908 3096 3119 3151 virtute
3149 3101 3490 3170 conscripti.
3517 3108 3643 3158 tum

2003 3183 2426 3239 miraculorum
2456 3183 2528 3237 ab
2569 3184 2777 3239 eodem
2837 3190 3198 3256 patratorum
3258 3192 3462 3260 gratia.
3497 3193 3644 3250 Cum

243 3259 472 3338 τυφλὸν,
499 3259 590 3315 καὶ
628 3262 876 3335 σχήματι
904 3265 1144 3332 ταπεινῷ
1203 3262 1394 3316 ὡσανεῖ
1449 3259 1626 3318 ἐδέετο
1667 3262 1888 3329 ἆλεῆσαι

2005 3273 2162 3328 enim
2192 3273 2516 3343 aliquando
2544 3275 2806 3344 quietam
2830 3276 2889 3329 in
2945 3293 3182 3332 secessu
3211 3279 3387 3334 vitam
3418 3290 3638 3354 ageret,

245 3352 336 3420 τὴν
371 3349 656 3427 τύφλωσιν
686 3353 784 3404 τοῦ
813 3351 1003 3404 τέκνου
1034 3349 1225 3418 αὐτῆς.
1283 3350 1344 3408 Ὁ
1403 3347 1460 3405 δὶ
1510 3351 1671 3424 γνοὺς
1723 3347 1886 3410 ἔπτυ-

247 3460 326 3495 σεν
346 3439 429 3502 εἷς
459 3439 589 3503 τοὺς
617 3436 937 3510 ὀφθαλμοὺς
997 3438 1179 3509 αὐτοῦ,
1236 3439 1325 3494 καὶ
1384 3439 1638 3511 ἐποίησεν
1696 3442 1890 3507 αὐτοὺς

249 3529 434 3603 ὑγιεῖς.
495 3529 645 3584 Μετὰ
689 3529 900 3602 ἡμέρας
957 3525 1017 3583 δι
1096 3527 1264 3584 πάλιν
1321 3529 1551 3585 ἐλθοῦσα
1607 3533 1642 3602 ἡ
1711 3531 1884 3606 ὕαινα,

246 3621 564 3693 προσήγαγε
647 3614 821 3690 δέρμα
875 3622 1035 3691 κριοῦ
1093 3617 1336 3692 μεγάλου
1403 3623 1484 3691 τῷ
1534 3619 1679 3694 ἁγίῳ
1711 3664 1726 3690 ,
1782 3629 1886 3690 τῆς

245 3705 482 3780 ἰατρείας
513 3705 875 3779 ἀντιμισθίαν.
908 3707 971 3764 Ὀ
1003 3705 1062 3760 ὂὶ
1115 3705 1176 3760 ού
1225 3707 1485 3781 πρότερον
1516 3703 1701 3764 λαϐεῖν
1754 3731 1883 3766 κατ-

242 3793 478 3870 εδέξατο,
535 3791 639 3856 ἓως
693 3797 754 3850 τὸ
824 3794 1010 3866 θηρίον
1075 3795 1338 3870 ὑπέσχετο
1401 3801 1595 3868 μηκέτι
1634 3795 1883 3873 πρόϐατα

240 3888 484 3956 πενήτων
551 3884 832 3960 βλάπτειν.
878 3884 940 3940 ὐ
998 3882 1056 3938 δὲ
1111 3884 1235 3959 περὶ
1264 3885 1330 3940 τὰ
1389 3884 1565 3962 ἄλογα
1601 3893 1878 3958 τοιοῦτος,

239 3975 481 4036 ποταπὸς
513 3971 572 4028 ἃν
604 3972 670 4042 ἦν
729 3973 864 4047 πρὸς
922 3971 1240 4046 ἀνθρώπους
1275 3992 1289 4043 ;
1346 3973 1488 4030 οὕτω
1525 3978 1626 4051 γάρ
1683 3977 1752 4046 ἦν
1782 3999 1881 4033 κα-

240 4063 423 4134 θαρὸς,
457 4062 531 4123 ὡς
558 4061 652 4117 τὸν
680 4057 1042 4136 πρεσϐύτερον
1091 4069 1192 4131 τῆς
1226 4069 1400 4135 μονῆς
1451 4063 1654 4140 λέγειν,
1716 4065 1881 4139 μηδὲ.

239 4172 365 4207 ποτε
395 4151 566 4208 αὐτὸν
599 4147 920 4224 μεταδοῦναι
969 4151 1254 4214 κοινωνίας
1312 4155 1393 4224 τῷ
1443 4154 1676 4227 Μάρκῳ,
1733 4155 1881 4212 ἀλλὰ

239 4239 395 4316 χεῖρα
449 4239 689 4317 ἀγγέλου
735 4241 992 4315 παρεχειν
1049 4240 1194 4313 αύτῷ
1259 4239 1486 4312 ταύτην.
1545 4243 1769 4300 Ἑκατὸν
1819 4243 1878 4302 δὲ

240 4332 456 4404 χρόνων
484 4331 748 4406 γεγονὼς,
779 4329 1097 4400 ἐτελειώθη.

2002 3364 2253 3418 accessit
2281 3363 2354 3418 ad
2385 3363 2551 3418 illum
2580 3365 2810 3436 hyaena,
2847 3373 3167 3436 apportans
3189 3370 3448 3425 catulum
3470 3389 3642 3428 suum

2002 3469 2247 3520 caecum,
2281 3454 2654 3525 supplicique
2683 3461 2848 3526 gestu
2882 3457 3074 3526 ipsum
3122 3461 3347 3530 rogavit
3375 3469 3440 3515 ut
3469 3465 3640 3518 caeci-

1999 3543 2138 3598 tatis
2168 3549 2372 3614 partus
2400 3545 2488 3598 sui
2510 3545 2912 3599 misereretur.
2937 3547 3101 3609 Quod
3135 3548 3236 3603 ille
3265 3551 3642 3609 animadver-

1999 3637 2155 3698 tens,
2183 3650 2316 3688 cum
2341 3634 2400 3687 in
2435 3636 2563 3702 ejus
2588 3635 2790 3689 oculos
2820 3638 3395 3706 conspuisset,sanos
3425 3644 3638 3699 eﬂ‘ecit.

2001 3723 2215 3792 Hymna
2235 3723 2520 3791 postridie
2552 3729 2873 3789 revertens,
2907 3725 3165 3795 ingentis
3185 3729 3388 3783 arietis
3416 3733 3635 3800 pellem

1999 3809 2060 3864 in
2093 3809 2364 3864 sanitatis
2381 3809 2611 3863 collatae
2625 3812 3170 3867 remunerationem
3185 3822 3387 3870 sancto
3402 3820 3598 3874 attulit
3623 3838 3636 3876 :

1999 3917 2177 3970 quam
2209 3901 2259 3955 is
2289 3917 2408 3955 non
2439 3901 2604 3971 prius
2635 3901 2902 3971 accipere
2934 3903 3136 3968 voluit,
3158 3922 3335 3974 quam
3363 3910 3481 3963 fera
3506 3927 3638 3980 pro-

1998 3990 2280 4056 mitteret,
2314 4006 2375 4044 se
2407 4006 2713 4061 nunquam
2737 4007 3063 4061 pauperum
3095 3993 3300 4050 ovibus
3333 3996 3642 4054 insidiatu-

1994 4093 2141 4132 ram.
2177 4077 2343 4142 Quod
2401 4080 2449 4134 si
2507 4096 2643 4151 erga
2699 4079 3067 4136 irrationalia
3130 4085 3413 4142 animalia
3458 4089 3638 4144 talem

1996 4165 2258 4221 ostendit
2287 4169 2586 4231 affectum,
2613 4170 2850 4240 qualem
2881 4172 3214 4227 censendus
3233 4181 3323 4228 est
3353 4176 3632 4234 habuisse

1996 4271 2134 4328 erga
2164 4257 2674 4314 homines?Tanta
2698 4267 2894 4316 autem
2918 4262 3111 4316 inerat
3141 4264 3191 4317 ei
3217 4265 3637 4324 munditiesut

1994 4345 2302 4416 presbyter
2329 4347 2444 4402 loci
2475 4349 2818 4412 afﬁrmaret,
2855 4367 2916 4404 se
2940 4367 3246 4422 nunquam
3269 4357 3457 4410 Marco
3480 4374 3640 4412 com-

240 4423 585 4478 munionem
617 4420 962 4494 praebuisse,
995 4421 1099 4477 sed
1128 4421 1325 4495 angeli
1373 4438 1554 4480 manu
1603 4433 1936 4498 porrectam
2001 4433 2055 4488 ei
2081 4434 2284 4492 fuisse.
2320 4438 2566 4493 Demum
2597 4441 2921 4495 centesimo
2954 4420 3144 4496 aetatis
3169 4459 3326 4498 anno
3357 4447 3474 4500 vita
3501 4447 3640 4502 fun-

239 4515 360 4567 ctus
381 4515 498 4568 est.

303 4600 408 4657 Καὶ
441 4597 719 4668 ’Δθλησις
746 4603 860 4689 τῷν
917 4598 1092 4689 ἁγίων,
1151 4599 1438 4676 μαρτύρων
1495 4600 1737 4672 Παύλου,
1795 4605 1882 4660 καὶ

2059 4614 2130 4668 Et
2156 4620 2456 4671 certamen
2489 4621 2830 4673 sanctorum
2881 4622 3210 4689 martyrum
3245 4621 3432 4686 Pauli,
3464 4641 3636 4680 soro-

241 4686 547 4757 Ἰουλιανῆς
586 4693 692 4757 τῆς
747 4684 991 4766 ἀδελφῆς
1035 4687 1230 4758 αὐτοῦ,
1285 4690 1380 4746 καὶ
1439 4691 1806 4765 Στρατονίκου
1836 4692 1889 4748 ἰν

241 4775 410 4834 Πτολε
417 4773 596 4850 μαῖδι.

778 4867 956 4922 nam
993 4869 1092 5010 τ’ρῖ
1117 4867 1321 4947 Afro.

453 5041 728 5113 ’Δθλησις
753 5045 852 5100 τοῦ
882 5042 1042 5118 ἁγίου
1075 5042 1352 5121 μάρτυρος
1375 5042 1677 5122 Εύλογίου.

309 5157 600 5235 Εύλόγιος,
633 5159 664 5215 δ
703 5162 802 5215 τοῦ
830 5161 1086 5232 Χριστοῦ,
1123 5160 1352 5235 μάρτυς,
1381 5161 1452 5231 ἦν
1513 5163 1608 5236 μὶν
1668 5161 1730 5220 in
1782 5171 1885 5236 τῆς

243 5248 430 5321 χώρας
458 5246 846 5317 Παλαιστίνης,
877 5248 994 5310 υἱὸς
1023 5245 1304 5304 πλουσίων
1332 5249 1884 5323 γονίωνβίδωλολα-

239 5341 378 5410 τρῶν
411 5335 491 5394 δὲ.
527 5335 699 5401 Αύτὸς
726 5334 803 5404 δὲ,
848 5336 1133 5400 πιστεύσας
1187 5343 1268 5410 τῷ
1323 5343 1570 5412 Χριστῷ,
1630 5343 1720 5396 καὶ
1774 5343 1881 5419 βα-

246 5428 508 5497 πτισθεὶς,
550 5427 686 5502 μετὰ
734 5427 960 5491 θάνατον
1012 5430 1120 5481 τῶν
1173 5426 1378 5502 γονέων
1407 5428 1594 5494 αὐτοῦ.
1626 5429 1879 5505 διασκορ-

247 5517 405 5580 πίσας
432 5518 523 5573 τὸν
553 5516 794 5573 πλοῦτον
842 5515 1004 5573 αὐτοῦ
1034 5515 1210 5572 πολὺν
1241 5511 1367 5572 ὄντα
1424 5519 1502 5582 εἰς
1557 5519 1683 5584 τοὺς
1711 5522 1883 5592 πένη-

250 5624 359 5672 τις,
417 5605 506 5663 καὶ
563 5604 700 5663 δκῶν
759 5603 851 5662 διὰ
908 5607 1107 5678 Κύριον
1166 5605 1514 5683 πτωχεύσας,
1546 5612 1880 5686 περιήρχετο

248 5693 377 5750 κατᾶ
408 5699 574 5752 πᾶσαν
607 5693 770 5752 πόλιν
807 5693 897 5750 καί
923 5693 1130 5770 χώραν,
1163 5691 1440 5752 διδάσκων
1462 5695 1590 5762 τοὺς
1617 5697 1878 5762 ἀπίστους

2000 4701 2202 4773 risque
2229 4705 2358 4776 ejus
2386 4705 2634 4761 Iuliana;
2669 4723 2682 4761 :
2715 4712 2774 4762 et
2803 4707 3121 4762 Stratonici
3179 4708 3240 4763 in
3278 4711 3424 4767 urbe
3455 4713 3644 4770 Ptole-

1998 4789 2216 4847 maide.

2555 4883 2797 4939 EODEM
2826 4885 3076 4940 MENSE.

2656 4972 2760 5027 Die
2791 4974 3000 5045 quinta

2283 5062 2566 5118 Certamen
2620 5063 2796 5118 sancti
2847 5066 3108 5134 martyris
3143 5067 3388 5138 Eulogii.

2069 5166 2348 5240 Eulogius
2405 5167 2621 5224 Christi
2672 5175 2897 5242 martyr
2954 5177 3082 5228 erat
3137 5189 3207 5229 ex
3265 5175 3507 5249 regione
3537 5177 3640 5234 Pa-

1996 5256 2266 5322 laastinaa,
2295 5261 2609 5327 parentum
2634 5259 2873 5329 quidem
2909 5261 3175 5324 divitum.
3229 5265 3332 5320 sed
3384 5265 3640 5322 idolola-

1995 5350 2217 5399 trarum
2256 5345 2416 5400 {ilius
2451 5363 2464 5400 :
2499 5347 2624 5418 ipse
2653 5364 2814 5406 vero.
2848 5349 3063 5405 Christi
3099 5353 3275 5406 ﬁdem
3309 5354 3639 5423 amplexus,

1993 5433 2457 5506 baptizatusque.
2493 5441 2625 5508 post
2656 5443 2971 5508 parentum
2997 5439 3222 5494 obitum
3265 5441 3499 5494 divitias
3527 5441 3641 5496 sibi

1993 5523 2465 5594 quamplurimas
2498 5525 2734 5580 relictas
2785 5527 2846 5579 in
2878 5543 3169 5597 pauperes
3227 5527 3552 5593 distribuit,
3587 5535 3646 5584 et

1992 5610 2248 5666 libenter
2273 5619 2516 5683 propter
2546 5615 2858 5668 Dominum
2919 5615 3311 5669 mendicando
3343 5614 3638 5678 victitans,

1991 5715 2100 5773 per
2125 5716 2366 5756 omnem
2395 5701 2689 5758 civitatem
2712 5702 3132 5773 regionemque
3150 5698 3522 5764 circumibat,
3553 5700 3642 5753 in-
