4112 6308
431 361 552 422 339

1719 347 2150 409 MENOLOGII
2197 349 2398 411 PARS
2445 353 2548 414 lll.

3723 352 3850 414 340

439 492 648 551 ﬁdeles
689 491 932 546 verbum
973 487 1189 544 Christi
1243 486 1482 552 docens,
1516 483 1828 553 mulosque
1887 499 1956 537 ex
2005 483 2078 538 iis

2212 481 2285 536 τὸν
2318 481 2487 559 λόγον
2511 489 2611 540 τοῦ
2645 486 2904 560 Χριστοῦ,
2962 483 3054 540 καὶ
3110 482 3363 545 πολλοὺς
3421 481 3476 552 ἐξ
3510 481 3692 537 αὐτῶν
3725 483 3852 541 ἑπι-

442 585 881 643 convertens,et
910 578 1213 650 baptizans
1245 576 1306 629 in
1330 574 1572 629 nomine
1604 573 1817 639 Patris,
1849 578 1909 628 et
1936 572 2090 640 Filii,

444 678 504 728 et
528 671 782 743 Spiritus
807 667 1015 723 sancti.
1059 663 1225 731 Quod
1273 680 1406 719 cum
1455 663 1696 744 faceret,
1747 663 2094 719 abidolola—

443 762 554 817 tris
583 759 742 832 apud
772 757 1102 829 principem
1135 752 1394 825 regionis
1416 751 1684 823 proditus
1715 758 2095 826 est,compre-

441 851 810 919 hensusque,
845 845 1038 899 eidem
1073 844 1121 897 θ
1181 842 1445 896 sistitur:
1506 841 1902 916 interrogatus
1936 861 2095 912 vero,

443 939 632 995 libere
682 936 981 991 Christum
1041 931 1352 987 confessus
1415 935 1524 988 est.
1585 934 1776 997 Quare
1835 935 2096 990 vestibus

448 1033 751 1091 exutus,ac
771 1024 944 1079 siccis
963 1023 1143 1077 boum
1173 1023 1368 1076 nervis
1391 1022 1712 1078 crudeliter
1732 1023 2094 1096 verberatus,

448 1115 912 1186 compulsusque
942 1111 1240 1167 Christum
1272 1110 1587 1183 abnegare,
1619 1117 1679 1166 et
1708 1112 1882 1168 idolis
1914 1114 2097 1170 sacri-

449 1205 649 1272 ﬁcare,
701 1219 837 1258 cum
877 1201 1124 1272 obsequi
1179 1200 1492 1267 noluisset,
1562 1202 1850 1274 principis
1897 1205 2095 1276 jussu,

451 1310 618 1349 sacro
651 1291 845 1364 capite
880 1289 1166 1361 abscisso,
1193 1288 1254 1344 in
1289 1288 1500 1344 eodem
1531 1288 1662 1344 loco
1695 1291 1962 1362 sepultus
1984 1297 2093 1348 est.

520 1475 594 1529 Et
615 1472 907 1529 memoria
933 1470 1121 1527 sancti
1141 1470 1332 1526 Patris
1347 1470 1534 1525 nostri
1552 1471 1814 1544 Gregorii
1837 1471 2100 1546 episcopi

451 1562 813 1620 Constantia-3
844 1562 906 1618 in
937 1563 1127 1635 Cypro
1153 1578 1164 1616 :
1191 1577 1302 1616 nec
1354 1577 1474 1615 non
1506 1561 1796 1617 memoria
1824 1561 2099 1636 IIesychii

457 1659 695 1712 ascetae.

1017 1739 1256 1795 EODEM
1293 1739 1441 1794 MEN
1447 1737 1547 1793 SE.

1141 1828 1242 1883 Die
1279 1831 1444 1883 sexta

573 1919 857 1977 Certamen
902 1919 1083 1974 sancti
1111 1918 1374 1987 martyris
1405 1915 1639 1973 Cononis
1674 1919 1733 1973 in
1779 1919 2001 1981 Isauria

527 2083 776 2140 Sanctus
804 2081 915 2138 iste
946 2083 1151 2138 Conon
1175 2081 1541 2154 temporibus
1581 2089 1923 2143 sanctorum
1953 2105 2100 2162 apo-

447 2171 760 2234 stolorum,
795 2175 921 2226 erat
946 2187 1016 2225 ex
1044 2171 1285 2240 regione
1315 2171 1554 2226 Isauriaa
1602 2174 1911 2231 oriundus.
1945 2179 2092 2235 Cum

444 2270 644 2320 autem
673 2263 1046 2319 Christianus
1079 2267 1254 2332 esset,
1304 2263 1544 2318 feminae
1603 2281 1780 2335 quam
1826 2267 2099 2340 duxerat,

447 2360 769 2425 antequam
802 2352 1210 2418 convenirent,
1244 2353 1541 2423 persuasit
1595 2361 1662 2409 ut
1716 2357 1890 2412 ambo
1931 2359 2099 2433 virgio

447 2445 696 2500 nitatem
730 2447 1069 2498 servarent:
1106 2459 1288 2512 quare
1312 2459 1449 2498 cum
1488 2443 1593 2499 illa
1622 2446 1872 2516 perinde
1903 2464 1972 2503 ac
2012 2466 2100 2504 so-

447 2549 580 2588 rore
646 2537 912 2586 versatus
957 2535 1065 2584 est.
1125 2531 1338 2585 Ducem
1387 2549 1562 2602 porro
1624 2533 1833 2589 salutis
1896 2535 2104 2594 habuit

447 2622 936 2693 archistratogam
970 2619 1337 2687 Michaelem,
1359 2621 1458 2691 qui
1480 2627 1538 2675 et
1562 2621 1733 2676 illum
1761 2623 2100 2694 baptizavit,

449 2717 507 2767 et
535 2716 758 2766 sancta:
815 2709 1120 2766 Trinitatis
1178 2726 1400 2764 nomen
1462 2711 1719 2778 edocuit,
1779 2713 2096 2786 divinaque

450 2802 645 2857 eidem
678 2801 958 2872 mysteria
989 2799 1252 2867 tradidit,
1287 2805 1347 2855 et
1375 2801 1448 2856 ad
1499 2803 1682 2858 ﬁnem
1736 2821 1926 2875 usque
1986 2807 2097 2878 ipsi

449 2890 638 2948 adfuit
666 2909 680 2958 ;
713 2890 1005 2961 stupenda
1034 2890 1282 2961 insuper
1302 2890 1590 2946 miracula
1618 2895 1893 2963 patrandi
1911 2895 2098 2950 virtu-

448 2986 569 3036 tem
599 2980 688 3036 illi
718 2980 988 3035 contulit.
1022 2979 1222 3034 Conon
1245 2980 1444 3050 itaque
1465 2987 1741 3050 parentes
1761 2983 2098 3055 suosbapti-

448 3071 614 3136 zavit,
649 3087 716 3124 ex
749 3069 965 3139 quibus
997 3071 1204 3123 Nestor
1235 3068 1422 3139 ipsius
1476 3077 1644 3140 pater
1699 3089 1806 3142 pro
1865 3073 2095 3128 Christo

449 3159 802 3229 martyrium
835 3157 1034 3212 subiit.
1063 3157 1172 3211 Sed
1203 3162 1261 3211 et
1285 3157 1653 3214 adversarios
1679 3177 1818 3215 suos
1840 3163 2093 3229 Graecos,

2133 1845 2183 1912 B

2202 574 2465 650 στρέφων,
2517 575 2609 630 καὶ
2644 572 2916 650 βαπτίζων
2970 572 3046 636 είς
3104 574 3166 628 τὸ
3225 574 3401 645 ὄνομα
3451 575 3551 627 τοῖ’)
3610 574 3857 646 ΙΙατρὸς,

2198 661 2289 716 καὶ
2343 666 2441 717 τοῦ
2498 665 2647 730 Υίοῦ,
2699 663 2789 718 καὶ
2839 667 2938 718 τοῖ’)
2996 660 3150 736 ἁγίου
3196 661 3539 734 Ηνεύματος.
3582 660 3741 717 Οὕτω
3788 660 3852 718 δὲ

2199 760 2371 810 ποιῶν
2404 756 2748 830 κατεμηνύθη
2797 755 2945 830 παρὰ
2992 759 3100 809 τῶν
3134 750 3554 828 εἶδωλολατρῶν
3610 759 3691 828 τῷ
3745 754 3850 819 τὰς

2201 843 2388 920 χώρας
2422 843 2672 921 ἄρχοντι.
2732 843 2835 900 Καὶ
2891 843 3180 920 κρατηθείς
3239 843 3480 916 παρέστη
3516 842 3686 916 αὐτῷ.
3738 842 3850 900 Καὶ

2203 931 2497 1008 ἐρωτηθεὶς
2579 931 2919 1008 ὡμολογησε
3016 931 3324 1008 παρῥησιᾳ.
3402 932 3501 986 Καὶ
3605 930 3849 997 ἐκδυθεῖς

2203 1021 2404 1102 ἐτόφθη
2466 1021 2716 1101 σφοδρῶς
2781 1023 3096 1098 βουνεύροις
3155 1023 3360 1097 ξηροῖς.
3419 1021 3516 1076 Καὶ
3564 1042 3849 1098 κατηναγ-

2201 1114 2375 1183 κάσθη
2427 1114 2759 1188 ἀρνήσασθαι
2816 1113 2911 1186 μὶν
2959 1113 3052 1168 τὸν
3106 1112 3365 1187 Χριστὸν,
3418 1113 3571 1166 θῦσαι
3621 1108 3681 1166 δὲ
3729 1116 3855 1173 τοῖς

2204 1199 2477 1266 είδώλοις.
2506 1203 2597 1266 Ὠς
2653 1199 2711 1256 δὲ
2741 1201 2840 1256 οὐκ
2895 1199 3140 1272 ἐπείσθη,
3198 1202 3486 1276 προστάξει
3515 1205 3612 1256 τοῦ
3641 1198 3858 1276 ἄρχον-

2200 1312 2316 1362 τος,
2349 1292 2448 1361 τήν
2476 1292 2626 1368 ἱερὰν
2682 1290 2844 1347 αὐτοῦ
2900 1290 3144 1370 κεφαλὴν
3200 1291 3516 1366 ἀπετμήθη,
3549 1289 3737 1367 ταφεὶς
3799 1288 3857 1344 ἐν

2203 1381 2354 1454 αὐτῷ
2382 1385 2460 1454 τῷ
2489 1380 2670 1455 τόπῳ.

2276 1471 2378 1525 Καὶ
2438 1472 2631 1544 μνήμη
2689 1474 2786 1525 τοῦ
2842 1468 2994 1525 όσίου
3051 1476 3263 1542 Πατρος
3318 1471 3478 1544 ἡμῶν
3542 1467 3868 1544 Γρηγορίου

2209 1558 2509 1615 ἐπισκόπου
2562 1558 2939 1622 Κωνσταντίας
3020 1565 3120 1629 τῆς
3184 1557 3433 1634 Κύπρου.
3493 1556 3591 1613 Καὶ
3651 1557 3859 1631 μνήμη

2203 1647 2470 1724 Ἦσυχίου
2496 1649 2756 1719 ὰσκητοῦ.

2762 1739 2938 1805 MHNI
2966 1748 3058 1804 Tn
3094 1748 3290 1806 ArTn.

2323 1931 2598 2005 ’Δθλησις
2626 1937 2725 1989 τοῖ’)
2755 1933 2919 2009 ἁγίου-
2954 1849 3226 2009 μάζρτυρος
3272 1931 3525 1996 Κόνωνος
3569 1935 3668 1988 τοῦ
3698 1932 3754 1987 ἐν

2907 2005 3166 2064 Ἰσαυρίά.

2285 2092 2410 2149 Ἐπὶ
2439 2096 2548 2147 τῶν
2578 2094 2792 2168 χρόνων
2833 2026 3166 2170 τῶέσῖξῗξῖ
3211 2087 3533 2148 ἀποστόλων
3591 2093 3660 2163 ἦν
3704 2089 3880 2157 οὗτος

2213 2181 2240 2236 6
2299 2181 2450 2258 ἅγιος
2503 2183 2710 2252 Κόνων,
2770 2183 2830 2239 ἐκ
2883 2190 2983 2253 τῆς
3012 2183 3203 2255 χώρας
3262 2182 3551 2257 Ἰσσωρίας·
3596 2184 3872 2257 Χριστια-

2210 2269 2304 2331 νὸς
2339 2266 2396 2324 δὲ
2427 2265 2501 2323 ὢν
2527 2268 2857 2342 συνεζεύχθη
2917 2268 3155 2346 γυναικί⁸
3218 2269 3366 2326 ἀλλὰ
3415 2271 3541 2346 πρὶν
3601 2268 3638 2340 ἤ
3672 2276 3867 2325 συνελ-

2211 2363 2323 2422 θεῖν
2387 2359 2551 2432 αὐτῇ,
2619 2358 2808 2421 πείσας
2884 2358 3229 2434 παρθενεύειν
3314 2366 3478 2430 συνῆν
3561 2359 3702 2433 αὐτῇ
3787 2358 3872 2423 ὡς

2207 2445 2441 2524 ἀδελφῇ.
2476 2446 2759 2524 Ὠδηγεῖτο
2789 2445 2846 2504 δὶ
2877 2449 2979 2504 ὑπὸ
3006 2453 3104 2504 τοῦ
3133 2448 3580 2524 ἀρχιστρατήγου
3620 2445 3864 2522 Μιχαὴλ

2205 2541 2304 2590 τοῦ
2333 2537 2420 2590 καὶ
2452 2537 2812 2612 βαπτίσαντος
2863 2538 3051 2604 αὐτὸν,
3098 2537 3188 2592 καὶ
3242 2538 3306 2592 τὸ
3337 2543 3437 2607 τῆς
3500 2536 3648 2610 ἁγίας
3678 2534 3864 2610 Τριά-

2208 2621 2299 2687 δος
2347 2621 2523 2698 ὄνομα
2581 2623 2913 2699 διδάξαντος,
2983 2626 3074 2682 καὶ
3129 2631 3236 2682 τῶν
3325 2625 3481 2691 θείων
3540 2623 3863 2700 μυστηρίων

2205 2712 2354 2786 αὖτῷ
2407 2712 2753 2788 μεταδόντος,
2807 2717 2897 2771 καὶ
2956 2715 3122 2792 μέχρι
3182 2714 3377 2780 τὲλους
3423 2715 3702 2786 συνόντος,
3768 2715 3868 2770 καὶ

2203 2807 2310 2859 τῶν
2344 2803 2663 2878 παραδόξων
2702 2804 2994 2879 θαυμάτων
3049 2809 3151 2876 τὴν
3203 2807 3476 2883 ἐνέργειαν
3537 2811 3866 2883 χορηγοῦν-

2201 2913 2316 2955 τος.
2347 2889 2638 2950 Ἐϐάπτισε
2671 2892 2730 2949 δὲ
2759 2896 2848 2950 καὶ
2901 2897 3032 2959 τοὺς
3084 2901 3264 2970 γονεῖς
3325 2895 3512 2966 αὐτοῦ,
3544 2895 3596 2967 ἐξ
3653 2898 3715 2952 οὗ
3766 2897 3866 2951 καὶ

2203 2983 2232 3038 6
2263 2985 2443 3060 πατὴρ
2477 2985 2641 3039 αὐτοῦ
2694 2985 2913 3060 Νέστωρ
2977 2986 3111 3059 ὑπὲρ
3163 2990 3398 3060 Χριστοῦ
3457 2985 3860 3061 ἐμαρτύρησεν.

2205 3063 2383 3130 Ἀλλὰ
2432 3073 2523 3130 καὶ
2579 3072 2709 3138 τοὺς
2765 3075 3188 3147 ἀνθισταμένους
3219 3075 3366 3147 αὐτῷ
3409 3072 3712 3146 Ἕλληνας,
3759 3074 3858 3130 καὶ
3908 3092 3915 3098 ’

2205 3157 2471 3236 λέγοντας
2533 3165 2607 3236 μὴ
2673 3166 2811 3219 εἷναι
2869 3161 3052 3240 ἕτερον
3083 3164 3210 3219 Θεὸν
3270 3163 3419 3232 πλὴν
3449 3168 3557 3219 τῶν
3587 3162 3868 3238 εἰδώλων,

451 3253 509 3302 et
538 3247 908 3302 affirmantes
938 3252 1155 3316 praeter
1196 3245 1355 3301 idola
1411 3247 1645 3303 nullum
1702 3266 1831 3304 esse
1889 3252 2098 3320 Deum,

2213 3231 2392 3307 ἔπεισε
2448 3231 2544 3308 καί
2584 3231 2978 3330 παρεσκεύασεν
3036 3253 3381 3328 ὁμολογῆσαι
3445 3252 3658 3330 μεγάλῃ
3709 3231 3877 3332 φωνῇ

451 3335 709 3391 convicit
738 3335 1153 3405 persuasitque
1185 3339 1250 3388 ut
1279 3335 1400 3390 alta
1430 3353 1567 3391 voce
1611 3338 1908 3394 Christum
1959 3358 2103 3396 con-

451 3424 968 3493 flterentur.atque
999 3423 1304 3479 dicerent:
1331 3425 1495 3480 Unus
1522 3431 1613 3480 est
1639 3427 1898 3483 Cononis
1922 3430 2100 3484 Deus.

450 3515 762 3569 Daamonas
795 3530 1031 3584 quoque
1065 3514 1296 3586 subegit
1325 3532 1338 3569 :
1373 3521 1431 3569 et
1460 3515 1560 3570 alii
1620 3518 1859 3587 quidem
1884 3520 1955 3575 ab
1998 3520 2102 3576 illo

453 3603 784 3676 agrestibus
803 3603 1021 3658 addicti
1046 3609 1187 3657 sunt
1219 3603 1492 3668 locis,alii
1517 3623 1651 3660 vero
1674 3606 2100 3664 doliisinclusi.

452 3696 756 3750 Postremo
787 3709 823 3748 a
872 3692 1125 3763 praeside
1175 3694 1655 3765 comprehensus,
1689 3701 1750 3750 et
1787 3699 2103 3768 quaestioni

455 3782 778 3853 subjectus,
815 3782 917 3838 sed
947 3798 981 3836 a
1007 3782 1227 3854 populo
1258 3790 1604 3839 accurrente
1635 3784 1944 3854 liberatus,
1969 3804 2104 3844 cum

457 3870 767 3927 biennium
801 3871 1236 3942 supervixisset,
1275 3873 1452 3928 vitam
1485 3877 1941 3932 consummavit.

519 3988 588 4042 Et
618 3993 894 4041 certamen
922 3989 1102 4042 sancti
1138 3989 1397 4056 martyris
1430 3989 1667 4045 Cononis
1721 3990 2030 4047 hortulani.

523 4143 627 4199 Hic
658 4144 834 4198 Decio
867 4144 1202 4215 imperante
1225 4160 1293 4200 ex
1321 4147 1600 4202 Nazareth
1623 4148 1878 4205 Galilaaaa
1901 4152 2106 4208 oriun-

457 4233 568 4288 dus
599 4239 743 4287 erat.
776 4234 842 4286 In
868 4232 1158 4304 regionem
1192 4250 1325 4287 vero
1375 4236 1739 4308 Pamphyliae
1782 4240 2103 4311 profectus,

458 4322 731 4394 exiguum
764 4327 935 4377 terra;
969 4321 1166 4377 locum
1199 4324 1496 4390 excolens,
1524 4331 1582 4379 et
1605 4326 1667 4380 in
1699 4327 1936 4383 hortum
1963 4346 2105 4385 con-

459 4417 714 4480 vertens,
745 4429 811 4468 ex
842 4411 1126 4484 plantatis
1159 4412 1238 4468 ibi
1289 4413 1553 4470 oleribus
1607 4417 1824 4473 victum
1879 4419 2011 4487 sibi,
2039 4437 2107 4476 ac

2203 3341 2296 3395 τὸν
2344 3344 2601 3416 Χριστὸν,
2659 3342 2749 3398 καὶ
2811 3342 3003 3398 εἰπεῖν·
3038 3344 3134 3404 Εἷς
3184 3344 3314 3405 Θεὸς
3345 3345 3373 3399 6
3429 3345 3704 3406 Κόνωνος.
3739 3345 3874 3398 ’Υπ-

2208 3431 2355 3501 ἑταξε
2385 3429 2444 3486 δὲ
2497 3431 2588 3486 καὶ
2638 3430 2765 3494 τοὺς
2823 3429 3104 3504 δαίμονας·
3163 3432 3254 3486 καὶ
3303 3433 3355 3487 οἱ
3418 3433 3514 3506 μὶν
3561 3431 3867 3509 ἐφύλαττον

2207 3519 2338 3584 τοὺς
2395 3519 2617 3596 ἀγρούς·
2682 3521 2734 3574 οἱ
2783 3518 2840 3576 δὲ
2893 3519 3304 3592 ἐνεκλείσθησαν
3360 3521 3436 3584 είς
3477 3522 3691 3585 πίθους.
3723 3524 3869 3578 Εἶτα

2208 3609 2498 3684 κρατηθεὶς
2529 3609 2677 3682 παρᾶ
2708 3614 2806 3665 τοῦ
2856 3609 3127 3685 ’ἄρχοντος
3184 3607 3528 3685 ἐτιμωρεῖτο.
3563 3609 3666 3667 Καὶ
3722 3607 3865 3684 δρα-

2214 3699 2332 3770 μὼν
2360 3699 2387 3752 6
2420 3697 2574 3772 λαὸς,
2602 3697 2948 3774 ἐλυτρώσατο
2977 3699 3162 3756 αὐτόν.
3199 3699 3301 3756 Καὶ
3355 3701 3520 3771 ζήσας
3575 3697 3670 3770 ἔτη
3731 3697 3857 3773 δύο,

2209 3783 2504 3858 ἐτελειώθη
2519 3831 2532 3844 .

2319 3986 2420 4044 Καὶ
2453 3983 2683 4058 ἅθΛησις
2707 3990 2803 4042 τοῦ
2836 3985 2993 4062 ἁγίου
3044 3987 3321 4071 μάρτυρος
3362 3987 3619 4050 Κόνωνος
3650 3991 3748 4043 τοῦ

2879 4078 3190 4132 κηπουρου.

2283 4148 2454 4209 Οὗτὸς
2483 4149 2549 4219 ἧν
2581 4146 2669 4203 ἐπὶ
2699 4154 2798 4218 τῆς
2832 4147 3110 4224 βασιλείας
3140 4149 3330 4204 Δεκίου
3362 4147 3422 4203 ἐκ
3465 4148 3712 4224 Ναζαρὲτ
3757 4153 3864 4222 τῆς

2213 4234 2528 4298 ΓαΛιλαίας.
2559 4236 2768 4301 Ἐλθὼν
2827 4235 2884 4292 δὲ
2939 4236 3034 4301 εἷς,
3072 4237 3171 4304 τήν
3235 4236 3425 4312 χώράν
3479 4244 3581 4307 τῆς
3625 4244 3863 4316 Παμφυ-

2213 4323 2352 4394 λίας,
2383 4325 2472 4380 καὶ
2529 4325 2697 4381 τόπον
2759 4327 2953 4401 μικρὸν
3016 4321 3410 4399 ἐκλαϐόμενος,
3477 4327 3861 4400 μετεσκεύασεν

2214 4413 2290 4476 εἷς
2319 4420 2520 4486 κῆπον,
2549 4416 2639 4470 καὶ
2685 4436 2927 4492 φυτευων
2985 4414 3224 4491 λάχανα,
3287 4414 3338 4486 ἐξ
3368 4415 3546 4471 αὐτῶν
3577 4416 3862 4490 ἐπορίζετο

457 4502 790 4574 hospitibus
806 4501 1164 4573 pauperibus
1179 4502 1586 4574 parabat.Erat
1611 4511 1808 4562 autem
1840 4510 2099 4566 moribus

2212 4502 2301 4556 καὶ
2360 4503 2533 4575 ἑαυτῷ
2587 4504 2678 4558 καὶ
2733 4509 2856 4566 τοῖς
2901 4504 3073 4574 ξὲνοις
3131 4504 3326 4575 πένησι
3381 4507 3580 4582 τροφή.
3643 4507 3744 4562 Ἦν
3801 4504 3862 4563 δὶ

461 4592 716 4664 simplex
745 4591 915 4659 adeo,
938 4596 1005 4646 ut
1033 4607 1166 4646 cum
1194 4592 1491 4660 adessent,
1527 4595 1626 4666 qui
1657 4595 1852 4666 ipsum
1878 4599 1917 4652 ’1
1945 4615 2099 4655 com-

2212 4593 2303 4646 τὸν
2334 4593 2535 4667 τρόπον
2594 4589 2826 4664 άπλοῦς,
2881 4593 2956 4655 ὡς
3013 4591 3104 4646 καὶ
3151 4592 3280 4654 τοὺς
3331 4592 3634 4666 μέλλοντας
3695 4593 3856 4650 αὐτὸν

462 4679 924 4751 prehenderent,
949 4685 1006 4735 et
1030 4679 1106 4735 ad
1135 4681 1450 4752 praesidem
1481 4683 1863 4751 adducerent,
1895 4692 1961 4741 ut
1981 4691 2102 4743 tor-

462 4769 680 4824 mentis
712 4769 1126 4839 subjiceretur,
1160 4771 1320 4841 quod
1350 4772 1722 4828 Christianus
1753 4781 2102 4842 esset,eum-

459 4875 574 4931 que
604 4874 740 4915 cum
777 4858 1037 4914 ludibrio
1097 4859 1446 4928 salutarent,
1503 4862 1630 4933 ipse
1686 4863 2104 4922 salutationem

455 4947 834 5020 rependerit:
868 4965 1122 5020 cumque
1178 4951 1464 5017 dicerent,
1508 4953 1666 5022 quod
1697 4970 1960 5024 praesens
2003 4973 2101 5011 vo-

454 5046 648 5097 casset
676 5055 834 5107 eum,
867 5040 1282 5112 responderit:
1315 5042 1464 5106 Quid
1491 5043 1652 5100 enim
1684 5060 1832 5116 opus
1879 5051 1970 5101 est
2012 5047 2102 5102 illi

454 5146 635 5202 opera
663 5145 817 5194 mea,
849 5129 1180 5200 praesertim
1213 5147 1350 5186 cum
1381 5131 1752 5187 Christianus
1782 5135 1896 5190 sim
1916 5134 1943 5189 ?
1962 5135 2102 5191 Vin-

455 5225 584 5275 ctus
612 5224 836 5280 autem.
868 5224 927 5273 et
963 5218 1036 5273 ad
1093 5218 1406 5289 praesidem
1440 5219 1750 5287 adductus,
1775 5239 1911 5278 cum
1932 5241 2098 5280 com-

453 5308 778 5382 pelleretur
807 5313 874 5362 ut
897 5307 1074 5363 idolis
1128 5306 1511 5374 sacriﬁcaret,
1571 5308 1757 5365 altum
1787 5311 2097 5382 ingemuit,

461 5400 520 5451 et
547 5393 784 5466 praesidi
807 5393 891 5449 ait
918 5409 931 5448 :
992 5391 1247 5457 Utinam,
1281 5409 1314 5447 ο
1346 5409 1586 5464 praeses,
1621 5399 1680 5447 et
1717 5400 1779 5450 tu
1809 5395 1972 5453 idola
1996 5398 2100 5455 ab-

460 5499 727 5556 negares,
761 5487 821 5538 et
849 5482 923 5538 ad
953 5480 1248 5537 Christum
1273 5481 1760 5555 accederes.Ergo
1792 5486 2099 5558 spondylis

452 5573 790 5647 perforatis,
823 5571 1124 5644 clavisque
1153 5571 1361 5626 ferreis
1391 5571 1824 5640 conﬂxus,ante
1859 5591 2098 5633 currum

453 5661 795 5738 compulsus
825 5677 1084 5734 currere,
1113 5661 1290 5719 vitam
1331 5663 1782 5722 consummavit.

2211 4687 2501 4756 κρατῆσαι,
2532 4681 2621 4736 καὶ
2654 4681 2866 4758 ἀγαγεῖν
2903 4680 2979 4744 είς
3005 4682 3100 4736 τὸν
3129 4679 3371 4758 ἄρχοντα
3420 4682 3505 4738 ἐπὶ
3565 4687 3646 4757 τῷ
3672 4705 3856 4758 τιμω-

2213 4771 2446 4843 ρηθῆναι
2505 4768 2596 4825 διὰ
2641 4771 2704 4825 τὸ
2763 4771 2900 4825 εἶναι
2977 4771 3324 4845 Χριστιανὸν,
3376 4770 3450 4834 ὡς
3509 4771 3564 4828 ἐν
3617 4776 3860 4850 παιγνίῳ

2213 4858 2622 4932 ἀσπαζομένους
2703 4859 3172 4930 ἀντασπάζεσθαι,
3253 4859 3344 4915 καὶ
3414 4861 3669 4924 εἰπόντας
3751 4862 3864 4935 ὅτι,

2214 4946 2385 5004 Καλεῖ
2413 4968 2472 5003 σε
2502 4949 2530 5003 6
2556 4947 2809 5022 ἡγεμὼν,
2861 4947 3274 5022 ἀποκρίνασθαι,
3331 4949 3496 5006 Ποίαν
3555 4950 3656 5027 γὰρ
3717 4948 3861 5007 ἐκεῖ·

2209 5037 2470 5112 νοςέμοῦ
2499 5039 2689 5115 χρείαν
2725 5036 2865 5116 ἔχει,
2902 5037 3141 5114 μάλιστα
3199 5038 3544 5116 ὑπάρέοντος
3596 5044 3860 5118 Χριστια-

2208 5133 2354 5197 νοῦ;
2397 5128 2576 5193 Δεθεὶς
2610 5129 2704 5184 οὗν
2759 5129 2850 5184 καὶ
2907 5128 3120 5204 ἀχθεὶς,
3167 5129 3409 5204 παρέστη
3468 5134 3551 5202 τῷ
3604 5133 3857 5208 ἦγεμόνι⁸

2207 5219 2302 5273 καί
2328 5219 2662 5293 προτραπεὶς
2693 5223 2850 5283 θῦσαι
2878 5223 2998 5282 τοῖς
3055 5215 3334 5288 εἰδώλοις,
3399 5219 3534 5294 βαθὺ
3585 5224 3862 5296 στενάξας,

2210 5309 2330 5362 εἷπε
2377 5309 2515 5380 πρὸς
2567 5305 2662 5362 τὸν
2721 5306 2989 5382 ἡγεμόνα’
3050 5307 3199 5375 Εἴθε,
3253 5308 3299 5362 ὧ
3346 5309 3598 5382 ἡγεμὼν,
3657 5311 3750 5365 καὶ
3796 5312 3863 5369 σὺ

2209 5396 2355 5470 εἶχες
2441 5397 2772 5472 ἀρνήσασθαι
2819 5395 2888 5450 τὰ
2943 5392 3150 5450 εἷ’δωλα
3204 5395 3296 5452 καὶ
3375 5397 3697 5471 προσελθεῖν
3778 5405 3862 5473 τῷ

2209 5488 2449 5560 Χριστῷ.
2473 5485 2608 5541 Τότε
2636 5485 2930 5560 τρυπηθεὶς
2951 5483 3080 5547 τοὺς
3111 5484 3481 5561 ἀστραγάλους
3498 5487 3589 5540 καὶ
3608 5484 3859 5563 σιδηροῖς

2209 5572 2369 5643 ἥλοις
2400 5572 2774 5645 καθηλωθεὶς,
2830 5574 2920 5628 καὶ
2976 5573 3196 5649 τρέχειν
3245 5571 3547 5650 ἔμπροσθεν
3606 5574 3855 5652 ἅρματος

2210 5661 2389 5718 ἵππων
2423 5662 2792 5739 ἀναγκασθεὶς,
2824 5659 3191 5734 ἐτελεύτησεν.
