4134 6302
381 344 499 404 343
1670 340 1717 398 Μ
1733 337 1773 398 Ε
1786 340 1915 397 ΝΟΙ
1925 337 2049 396 ιοᾶ

2164 335 2350 395 PARS
2405 336 2501 410 Ill,
3670 346 3793 406 344

379 478 556 534 cretis
587 482 779 532 esset:
839 482 1045 550 postea
1100 494 1235 532 vero
1291 475 1630 549 patriarcha
1687 470 2053 538 ordinatus,,

2164 465 2369 542 opcptm
2424 467 2750 544 ὑπάρχοντι.
2811 471 2967 528 Ἐπεὶ
3025 468 3084 526 δὶ
3140 472 3489 550 πατριάρχης
3537 495 3796 554 προεχει-

384 567 744 623 monachum
776 567 971 638 ipsum
1018 567 1159 621 fecit
1205 582 1325 620 una
1377 581 1513 619 cum
1563 560 1866 627 Michaele,
1926 557 2026 629 qui

2171 557 2316 628 ίσθη,
2375 556 2626 627 ἐποίησεν
2683 558 2844 613 αὐτὸν
2905 561 3173 635 μοναχὸν,
3235 564 3372 635 μετᾶ
3428 565 3658 641 Μιχαὴλ
3689 572 3789 623 τοῦ

389 655 757 728 Synadorum
777 656 1090 726 episcopus
1107 659 1405 724 postremo
1428 657 1661 707 creatus
1684 655 1794 717 est,
1809 663 2026 718 eosque

2167 667 2352 721 στερον
2409 646 2700 723 γεγονότος
2759 647 3056 704 ἐπισκόπου
3116 649 3394 721 Συνάδων,
3444 655 3534 709 καὶ
3583 663 3701 719 τοῖς
3733 657 3788 713 ἐν

391 745 453 800 in
506 744 863 817 patriarchio
926 744 1107 814 probe
1165 742 1435 797 educavit
1478 739 2026 811 :Theophylactum

2166 740 2212 808 ᾧ
2281 736 2665 811 Πατριαρχείῳ
2719 737 3034 812 εὖκτηρίοις
3086 737 3346 812 ἐνέταξεν·
3415 744 3526 798 εἶτα
3582 743 3641 801 δὶ
3695 748 3788 802 καὶ

387 833 586 882 autem
614 827 958 897 epiSCOpum
1012 823 1366 879 Nicomedia:
1407 822 1718 878 ordinavit.
1755 821 1864 877 Ubi
1894 837 2030 876 vero

2164 825 2426 880 πίσκοπον
2528 824 2900 898 Νικομηδείας
3003 826 3435 904 ἐχειροτόνησεν.
3513 832 3793 908 Τελευτή-

389 917 660 972 Τενεδίοις
709 916 771 969 in
820 914 1096 968 humanis
1149 930 1277 968 esse
1331 913 1525 981 desiit,
1587 913 1758 983 eique
1793 916 2032 966 sanctus

2169 934 2330 976 αντος
2395 910 2453 967 δὲ
2519 916 2813 988 Ταρασίου,
2871 912 3060 992 γέγονε
3133 919 3482 995 πατριάρχης
3547 923 3574 977 ὁ
3641 926 3796 998 ἅγιος

388 1005 752 1076 Nicephorus
782 1005 844 1058 in
892 1004 1296 1076 patriarchatu
1356 1003 1659 1067 successit,
1706 1003 1897 1056 Leone
1933 1003 2032 1054 Ar-

2164 1003 2478 1080 ίικηφόρος.
2510 1005 2891 1077 Κρατήσαντος
2953 1003 3011 1061 δὲ
3065 1013 3166 1076 τῆς
3226 1009 3506 1082 βασιλείας
3560 1012 3794 1076 Λὲοντος

391 1111 567 1150 meno
609 1093 927 1165 imperium
985 1099 1355 1164 capessente,
1414 1099 1590 1162 atque
1648 1090 1928 1146 adversus
1983 1091 2031 1144 9

2164 1095 2235 1145 τοῦ
2267 1090 2580 1166 ’Λρμενίου,
2639 1092 2730 1147 καὶ
2789 1095 2926 1148 κατὰ
2977 1099 3084 1150 τῶν
3146 1097 3310 1172 ἁγίων
3351 1097 3576 1154 εἰκόνων
3608 1105 3800 1177 χωρή-

392 1200 591 1240 sacras
621 1184 910 1256 imagines
935 1199 1064 1237 sese
1095 1183 1766 1248 instruente,accersens
1798 1185 2035 1236 sanctus

395 1273 760 1345 Nicephorus
789 1289 907 1328 una
930 1289 1064 1327 cum
1093 1273 1343 1343 reliquis
1365 1271 1658 1343 episcopis
1690 1271 1867 1326 etiam
1900 1287 2037 1326 san-

395 1368 555 1417 ctum
626 1362 1151 1433 TheOphylactum,
1213 1367 1270 1416 et
1325 1361 1613 1432 palatium
1675 1359 2034 1433 ingrediens,

395 1451 613 1506 acriter
636 1451 1022 1521 reprehendit
1041 1451 1288 1524 impium
1311 1451 1648 1521 sanctisque
1680 1449 2038 1522 imaginibus

398 1539 810 1595 adversantem
841 1541 1282 1612 imperatorem.
1327 1546 1486 1598 Tunc
1543 1541 1879 1613 patriarcha
1909 1539 2042 1611 qui-

401 1627 538 1683 dem
569 1630 631 1684 in
652 1630 912 1684 Thusum
943 1630 1201 1686 insulam
1233 1632 1527 1704 relegatus
1559 1635 1681 1696 est;
1705 1630 1805 1684 alii
1826 1647 1961 1684 vero
1979 1630 2042 1684 in

404 1718 523 1774 alia
553 1718 682 1774 loca
703 1719 992 1790 deportati
1020 1737 1033 1788 ;
1058 1721 1530 1793 Theophylactus
1570 1725 1768 1775 autem
1799 1720 1861 1774 in
1883 1719 2040 1774 Stro-

400 1806 612 1876 hilum,
646 1807 748 1862 ubi
777 1809 955 1863 vitam
987 1811 1438 1866 consummavit.

404 1898 467 1951 Et
493 1900 755 1952 memoria
781 1901 958 1954 sancti
987 1900 1212 1953 Arcadii
1245 1900 1452 1970 Cyprii,
1487 1916 1550 1956 ac
1599 1905 1872 1954 certamen
1929 1900 2045 1953 Eu-

1005 1971 1120 2025 buli
1145 1977 1196 2025 et
1215 1972 1449 2027 Iuliani.

475 2086 723 2142 Sanctus
746 2087 1032 2143 Arcadius
1064 2094 1191 2143 erat
1222 2089 1503 2145 exinsula
1533 2091 1718 2162 Cypro
1735 2087 2045 2155 oriundus,

408 2177 800 2231 monasticam
827 2178 1007 2233 vitam
1039 2194 1073 2232 a
1103 2195 1286 2250 puero
1314 2179 1711 2250 amplexus,et
1739 2177 2047 2233 obrectam

403 2265 636 2320 vivendi
669 2266 1016 2321 methodum
1049 2267 1165 2322 Deo
1223 2269 1617 2336 gratissimus,
1658 2269 2047 2323 Constantino

408 2355 614 2426 Magno
653 2353 1044 2426 imperatores
1092 2356 1430 2427 palaestram
1461 2358 1820 2429 auspicatus.
1855 2356 2051 2412 Multis

406 2443 630 2516 profuit
653 2459 771 2498 non
802 2443 998 2500 solum
1017 2446 1300 2518 exemplo
1328 2447 1464 2501 vita;
1495 2463 1616 2501 sua:
1630 2451 1689 2501 et
1716 2445 2049 2514 virtutibus,

409 2532 514 2589 sed
545 2532 723 2588 etiam
755 2533 1026 2588 doctrina
1046 2539 1105 2588 et
1132 2534 1754 2590 adhortationibus.Ex
1772 2535 1864 2589 his
1883 2539 2054 2590 erant

408 2621 673 2676 Eubulus
696 2626 755 2677 et
781 2622 1070 2685 Julianus,
1105 2624 1207 2694 qui
1237 2623 1606 2694 frequentius
1620 2623 1693 2679 ad
1709 2641 1842 2679 eum
1856 2626 2054 2679 venie-

410 2710 574 2772 bant,
593 2711 1092 2783 sermonibusque
1123 2712 1253 2782 ejus
1272 2712 1610 2780 confortati,
1639 2714 1699 2767 in
1719 2712 2052 2768 viavirtutis

407 2799 809 2871 procedebant
832 2817 844 2854 :
878 2804 1084 2870 postea
1105 2817 1238 2854 vero
1263 2800 1592 2871 imperante
1616 2801 1799 2872 impio
1820 2801 2053 2856 Juliano

351 2873 357 2879 ⁷
409 2889 788 2961 Apostata,ab
823 2889 1281 2960 idololatris,qui
1305 2891 1376 2945 ab
1408 2891 1763 2961 imperatore
1787 2896 2054 2962 potesta-

406 2983 528 3034 tem
559 2985 911 3049 acceperant
941 2985 1147 3034 contra
1169 2980 1531 3035 Christianos
1554 2980 2059 3053 libereinsurgen-

409 3068 489 3135 di,
513 3068 668 3139 capti
698 3067 962 3134 fuerunt,
995 3074 1053 3123 et
1084 3068 1319 3123 tandem
1354 3075 1488 3140 post
1542 3069 1892 3124 durissimos
1924 3087 2054 3125 cru-

2072 1827 2122 1894 B

2142 1201 2355 1250 σαντος,
2418 1177 2752 1254 παραλαϐὼν
2810 1185 2837 1237 ὁ
2895 1183 3050 1258 ἃγιος
3111 1187 3430 1264 Νικηφόρος
3487 1189 3586 1258 τὴν
3647 1191 3798 1246 ὅσιον

2142 1268 2543 1348 Θεοφύλακτον,
2600 1271 2690 1325 καὶ
2743 1271 2872 1335 τοὺς
2932 1271 3162 1337 λοιποὺς
3221 1274 3578 1348 ἐπισκόπους,
3625 1277 3802 1348 ἀνῆλ-

2146 1370 2229 1424 θεν
2289 1358 2343 1413 ἐν
2398 1363 2479 1431 τῷ
2534 1357 2805 1434 παλατίῳ,
2877 1363 2964 1417 καὶ
3024 1361 3223 1439 ἤλεγξε
3276 1370 3458 1428 κακῶς
3515 1372 3800 1442 ποιοῦντα,

2143 1447 2358 1510 καὶτὰς
2412 1448 2565 1523 ἁγίας
2618 1448 2831 1513 εῗκόνας
2891 1452 3246 1527 ἀρνούμενον.
3305 1454 3442 1513 Τότε
3490 1457 3518 1512 ὁ
3570 1457 3666 1530 μὲν
3697 1479 3803 1513 πα-

2144 1537 2419 1614 τριάρχης
2472 1537 2736 1612 ἐξωρίσθη
2799 1541 2875 1604 εἷς
2933 1541 3106 1596 Θάσον
3150 1544 3250 1612 τὴν
3281 1551 3472 1614 νῆσον.
3499 1547 3562 1601 Οἱ
3595 1544 3653 1601 δὲ
3683 1544 3805 1602 λοι-

2146 1627 2263 1694 ποὶ,
2298 1625 2469 1688 ἄλλος
2516 1624 2790 1704 ἀλλαχοῦ·
2841 1629 3220 1708 Θεοφύλακτος
3253 1630 3310 1689 δὲ
3340 1634 3416 1696 εἷς
3467 1631 3804 1711 Στρόϐιλον,

2151 1715 2203 1772 ἐν
2231 1715 2267 1791 ᾖ
2294 1716 2386 1771 καὶ
2415 1715 2784 1788 ἐτελεύτησεν.

2224 1895 2329 1952 Καὶ
2365 1895 2557 1978 μνήμη
2589 1900 2686 1951 τοῦ
2716 1897 3185 1978 ῤ-σίρυλΑρκαδίου
3217 1906 3322 1978 τοδί
3350 1901 3614 1978 Κυπρίου,
3643 1904 3736 1960 καὶ

2435 1965 2667 2038 ἄθλησις
2717 1965 3026 2043 Εὐϐούλόυ,
3057 1972 3148 2027 καὶ
3195 1965 3517 2032 Ἰουλιανοῧ.

2219 2084 2276 2133 '0
2333 2080 2482 2143 ὅσιος
2538 2079 2834 2156 Ἀρχάδιος
2905 2084 3149 2160 ὑπῆρχεν
3211 2085 3270 2142 ἐκ
3326 2091 3428 2153 τῆς
3481 2091 3650 2160 νήσου
3703 2097 3808 2161 τῆς

2153 2167 2394 2243 Κύπρου,
2456 2168 2703 2244 μοναχὸς
2777 2169 2836 2226 ἐκ
2922 2171 3166 2250 βρέφους.
3207 2176 3517 2252 γενόμενος,
3575 2177 3664 2233 καὶ
3721 2184 3804 2252 τῷ

2154 2261 2270 2330 Θεῷ
2317 2256 2406 2313 διὰ
2459 2256 2738 2321 πολιτείας
2798 2259 3174 2336 εὖαρεστήσας.
3234 2265 3670 2340 Ἀγωνιζόμενος
3712 2266 3809 2323 ἐπὶ

2151 2353 2253 2416 τῆς
2305 2347 2580 2422 βασιλείας
2637 2349 3035 2406 Κωνσταντίνου
3092 2357 3190 2408 τοῦ
3241 2353 3520 2430 Μεγάλου,
3550 2355 3640 2412 καὶ
3669 2356 3811 2414 πολ-

2155 2435 2287 2498 λοὺς
2319 2435 2568 2513 ὠφελῶν,
2631 2437 2694 2491 οὐ
2754 2437 2920 2510 μόνον
2980 2437 3069 2495 διὰ
3128 2441 3252 2517 βίου
3289 2443 3379 2498 καὶ
3410 2444 3628 2515 ἀρετῆς,
3660 2445 3813 2502 ἀλλὰ

2154 2524 2245 2579 καὶ
2303 2521 2654 2588 διδασκαλίας
2714 2527 2804 2581 καὶ
2860 2530 3251 2603 παραινέσεωςο
3313 2532 3364 2603 ἐξ
3420 2533 3496 2589 ὧν
3553 2534 3687 2604 ἦσαν
3716 2536 3812 2590 καὶ

2157 2607 2458 2684 Εὔϐουλος,
2515 2614 2604 2670 καὶ
2662 2614 2978 2680 Ἰουλιανός.
3039 2618 3247 2683 Οἳτινες
3304 2621 3632 2698 συχνότερον
3672 2625 3814 2700 πρὸς

2157 2702 2315 2758 αὐτὸν
2371 2704 2762 2779 ἀπερχόμενοι,
2825 2708 2916 2762 καὶ
2995 2711 3382 2783 στηριζόμενοι
3438 2717 3554 2772 τοῖς
3614 2710 3814 2788 λόγοις

2158 2791 2322 2847 αὐτοῦ
2353 2791 2656 2866 ἐπεμελουν
2716 2802 2816 2864 τῆς
2866 2795 3084 2870 ἀρετῆς.
3137 2800 3258 2855 Ἐπὶ
3316 2797 3373 2854 δὲ
3397 2807 3498 2871 τῆς
3530 2800 3812 2877 βασιλείας

2156 2887 2253 2937 τοῦ
2303 2878 2592 2946 δυσσεϐοῦς
2638 2886 2728 2939 καὶ
2775 2883 3097 2961 Ηαραϐάτου
3144 2889 3464 2961 Ἰουλιανοῦ,
3519 2894 3814 2966 κρατηθὲν-

2156 2993 2242 3032 τες
2304 2972 2406 3026 ὑπὸ
2461 2977 2566 3028 τῶν
2645 2971 3085 3049 εἷδωλολατρῶν,
3158 2978 3461 3055 παρῥησίαν
3528 2977 3811 3038 λαϐόντων

2160 3061 2265 3116 ὰπὸ
2321 3068 2422 3131 τῆς
2475 3066 2574 3116 τοῦ
2631 3063 2899 3138 βασιλέως
2957 3065 3200 3137 ἐξουσίας
3249 3070 3385 3123 κατᾶ
3421 3075 3528 3125 τῶν
3560 3073 3815 3145 Χριστια-

407 3158 595 3212 ciatus
626 3158 814 3228 capite
847 3157 1000 3226 plexi
1035 3162 1190 3211 sunt.
1224 3157 1476 3222 Quaeubi
1508 3164 1746 3213 sanctus
1768 3159 2048 3215 Arcadius

2164 3154 2289 3219 νῶν,
2339 3151 2431 3204 καὶ
2493 3151 2899 3224 βασανισθέντες
2961 3154 3222 3231 ἰσχυρῶς,
3282 3158 3808 3236 ἆπεκεφαλίσθησαν.

409 3245 722 3311 intellexit,
783 3246 1166 3299 contristatus
1199 3246 1438 3316 quidem
1472 3253 1560 3302 est
1595 3264 1606 3301 :
1642 3246 1743 3302 sed
1780 3249 1915 3317 Deo,
1950 3249 2050 3319 qui

421 3333 623 3388 omnia
655 3333 735 3386 ita
764 3332 1089 3390 ordinarat.
1122 3335 1340 3406 gratias
1373 3335 1508 3407 egit.
1538 3338 1929 3391 Perseverans
1959 3354 2059 3392 au-

415 3427 533 3478 tem
565 3422 627 3476 in
651 3422 859 3477 eodem
891 3422 1020 3477 loco
1053 3423 1153 3478 ubi
1187 3424 1473 3479 hactenus
1504 3426 1872 3492 consederat,
1907 3428 2063 3483 inter

413 3511 714 3566 orationes
745 3511 1024 3583 lacrymis
1053 3512 1328 3583 plurimis
1359 3513 1654 3584 perfusus,
1709 3515 1886 3570 vitam
1925 3516 2062 3570 ﬁni-

417 3601 522 3655 vit.
610 3588 612 3590 ⁷

417 3692 486 3746 Et
541 3696 856 3767 certamen_
876 3698 1188 3767 sanctorum
1242 3696 1306 3767 in
1331 3692 1636 3767 _Chersone
1687 3698 2064 3767 episceporum

558 3763 786 3830 Basilei,
809 3765 1066 3831 Eugenii,
1092 3764 1452 3833 Agathodori,
1477 3772 1528 3820 et
1557 3763 1916 3836 reliqitorurh.

487 3881 826 3952 Imperante
843 3881 1497 3943 Diocletiano,Hermon
1519 3885 2064 3957 Hierosolymorum

419 3969 738 4040 episcopus
770 3969 1044 4040 allegavit
1075 3971 1402 4042 episc0pos,
1425 3973 1698 4043 Ephrmm
1730 3975 1971 4045 quidem
2003 3976 2064 4032 in

417 4058 709 4123 Turciam,
743 4057 1038 4111 Basileum
1069 4075 1207 4112 vero
1266 4059 1327 4113 in
1376 4060 1731 4116 Chersonem
1761 4080 1773 4117 :
1798 4065 1896 4134 qui
1931 4083 2064 4122 cum

426 4145 507 4199 ibi
538 4144 837 4200 Christum
863 4146 1233 4214 praedicaret,
1275 4148 1613 4204 verberibus
1645 4159 1924 4222 exceptus
1955 4162 2062 4222 est,

421 4239 600 4303 atque
633 4232 776 4287 urbe
809 4233 1053 4303 ejectus.
1088 4235 1231 4290 Cum
1289 4253 1424 4291 vero
1473 4239 1762 4309 principis
1787 4240 1974 4297 ﬁlium
2032 4261 2067 4301 a

420 4327 611 4377 morte
636 4322 711 4378 ad
739 4321 916 4376 vitam
955 4328 1520 4390 revocasset,rursus
1543 4329 1884 4396 accersitus,
1909 4333 2068 4403 prin-

422 4411 613 4484 cipem
646 4412 843 4483 ipsum
873 4411 1142 4483 aliosque
1167 4412 1454 4484 plurimos
1475 4414 1931 4486 baptizavit.Sed
1964 4422 2064 4493 qui

419 4503 481 4557 in
515 4518 622 4557 sua
651 4500 1006 4557 infidelitate
1060 4508 1425 4566 manserant,
1484 4504 1725 4561 funibus
1751 4507 2054 4580 alligatum
2084 4543 2136 4611 Β

416 4590 624 4646 tandiu
653 4607 688 4646 a
719 4591 969 4662 pedibus
1027 4597 1359 4663 raptarunt,
1395 4593 1586 4651 donec
1631 4595 1810 4652 vitam
1846 4599 2054 4654 ﬁnivit.

415 4681 616 4750 Postej
627 4696 697 4734 us
723 4686 976 4735 mortem
993 4687 1283 4736 venerunt
1302 4683 2054 4757 Eugenius.Agathodorus,

417 4768 699 4838 Capeton,
733 4773 790 4821 et
817 4768 1104 4840 Elpidius,
1131 4770 1253 4841 qui,
1288 4787 1422 4826 cum
1453 4771 1750 4829 Christum
1774 4775 2056 4846 praedica-

419 4861 572 4918 rent,
597 4855 669 4911 ab
707 4856 1146 4930 insurgentibus
1183 4859 1242 4914 in
1276 4860 1412 4916 illos
1440 4862 1656 4918 Graecis
1686 4865 1866 4920 occisi
1898 4873 2054 4924 sunt.

420 4947 560 5001 Post
588 4945 710 5000 haec
740 4947 959 5001 missus
989 4946 1101 5002 fuit
1129 4949 1554 5023 Hierosolymis
1582 4953 1898 5023 Etherius,
1933 4958 2056 5028 qui,

419 5051 551 5091 cum
587 5035 880 5090 feritatem
912 5036 1115 5108 populi
1145 5041 1710 5113 cerneret.Magnum
1729 5044 2059 5101 Constanti-

419 5139 563 5177 num
584 5123 678 5176 l0
699 5123 899 5184 adivit,
936 5124 1194 5195 Byzantii
1225 5130 1349 5180 tum
1381 5126 2058 5205 imperantem,cumque

415 5212 640 5284 rogavit
669 5217 735 5265 ut
789 5211 1119 5267 idololatraa
1152 5229 1221 5268 ex
1251 5213 1396 5268 urbe
1427 5216 1725 5273 Cbersone
1766 5222 2058 5293 ejiceren-

413 5305 512 5355 tur
543 5317 556 5356 :
592 5300 750 5372 quod
781 5306 841 5356 et
861 5317 931 5356 ex
961 5301 1144 5356 animi
1179 5304 1475 5359 sententia
1504 5308 1766 5379 contigit.
1792 5310 2056 5383 Cumque

415 5390 697 5447 ecclesias
723 5389 1104 5453 condidisset,
1130 5391 1468 5463 iterumque
1526 5395 1969 5468 imperatorem,
1991 5408 2057 5457 ut

416 5479 634 5554 gratias
664 5479 1224 5552 ageret.adiisset,in
1255 5482 1614 5540 Cbersonem
1647 5502 1971 5558 regressus,
2004 5497 2062 5546 et

421 5584 589 5626 sacra
619 5583 819 5626 secum
851 5567 1146 5638 deferens,
1179 5571 1240 5626 in
1273 5571 1465 5628 reditu
1495 5573 1557 5629 in
1587 5573 1830 5632 ﬂuvium
1866 5575 2059 5634 Dana-

420 5660 555 5734 prin
576 5659 897 5733 projectus,
931 5660 1108 5718 vitam
1130 5661 1214 5719 ibi
1245 5662 1454 5721 ﬁnivit.

2165 3238 2260 3292 Καὶ
2321 3237 2506 3310 μαθὼν
2539 3243 2706 3293 ταῦτα
2763 3242 2792 3295 ὁ
2847 3241 2994 3305 ὅσιος
3055 3243 3365 3319 Ἀρκάδιος,
3412 3248 3500 3302 καὶ
3543 3246 3814 3319 λυπηθεῗς

2168 3325 2285 3398 μὶν,
2320 3324 2717 3400 εὐχαριστήσας
2773 3325 2831 3384 δὲ
2883 3335 2962 3402 τῷ
3013 3336 3151 3404 Θεῷ,
3207 3337 3287 3404 τῷ
3317 3332 3490 3397 οὕτως
3522 3335 3821 3410 οἷκονομή-

2165 3435 2338 3486 σαντι,
2387 3416 2832 3490 προσευχόμενος
2886 3418 2940 3474 ἐν
2993 3425 3074 3493 τῷ
3125 3421 3279 3494 τόπῳ
3325 3420 3376 3477 ἐν
3426 3424 3472 3496 ᾦ
3501 3428 3821 3498 προσεκαθίι

2168 3512 2309 3578 ζετο,
2343 3508 2429 3561 καὶ
2461 3504 2682 3580 δάκρυσι
2738 3507 2982 3574 πολλοῖς
3033 3511 3454 3588 περιχεόμενος,
3494 3513 3816 3590 ἐτελειώθη.

2167 3685 2266 3740 Καὶ
2299 3685 2530 3768 ἄθλησις
2584 3689 2692 3768 τῶν
2746 3683 2798 3768 ἐν
2860 3688 3100 3768 Χερςῶνι
3155 3687 3465 3768 ἐπισκόπων
3513 3693 3818 3768 Βασιλέως,

2418 3757 2700 3834 Εὐγενίου,
2752 3756 3163 3834 Ἀγάθοδώρου,
3207 3764 3298 3817 καὶ
3341 3762 3575 3822 λοιπῶν.

2238 3871 2362 3930 Ἐπὶ
2393 3880 2494 3942 τῆς
2545 3873 2820 3948 βασιλείας
2879 3873 3292 3947 Διοκλητιανοῦ,
3342 3879 3566 3954 Ἕρμων
3599 3882 3627 3936 ὁ
3656 3884 3824 3958 Ἰερο-

2167 3962 2424 4035 σολύμων
2511 3963 2803 4024 ἐπίσκοπος
2887 3964 3194 4020 ἀπέστειλεν
3300 3967 3650 4040 ἐπισκόπους,
3737 3974 3820 4038 εἰς

2171 4053 2266 4126 μὲν
2321 4052 2591 4127 Τουρκίαν
2650 4051 2911 4129 Ἐφραίμ,
2989 4054 3064 4116 εἰς
3131 4052 3188 4110 δὲ
3243 4057 3501 4132 Χερσῶνα
3557 4061 3814 4118 Βασιλέα·

2167 4140 2290 4197 ἔνθα
2374 4143 2466 4197 τὸν
2557 4143 2787 4217 Χριστὸν
2845 4142 3151 4218 κηρύττων,
3247 4147 3463 4224 τυφθεὶς
3530 4148 3816 4224 ἀπηλάθη.

2168 4232 2411 4307 Ἐγείρας
2470 4229 2526 4287 δὲ
2575 4233 2669 4288 τὸν
2725 4234 2839 4288 υἱὸν
2892 4239 2993 4288 τοῦ
3049 4231 3318 4311 ἄρχοντος
3350 4236 3545 4293 ἐκτῶν
3589 4247 3819 4317 νεκρῶν,

2169 4320 2333 4376 πάλιν
2389 4321 2764 4397 προσεκλήθη,
2825 4323 3090 4398 βαπτίσας
3141 4325 3231 4379 καὶ
3281 4326 3373 4381 τὸν
3415 4324 3678 4402 ἄρχοντα,
3727 4333 3822 4386 καὶ

2169 4408 2385 4485 ἐτέρους
2414 4409 2680 4474 πολλοὺς.
2736 4412 2802 4468 Οἱ
2853 4409 2910 4466 δὲ
2958 4410 3175 4468 ἄπιστοι
3227 4415 3478 4488 μανέντες
3510 4416 3701 4492 ἔσυραν
3731 4421 3825 4476 αὖ·

2167 4501 2260 4558 τὸν
2303 4501 2570 4575 σχοινίοις
2627 4501 2732 4555 ἀπὸ
2786 4504 2894 4554 τῶν
2953 4498 3158 4556 ποδῶν.
3218 4503 3313 4557 Καὶ
3369 4505 3666 4578 συρόμενος
3709 4507 3822 4564 ἐτε.

2171 4593 2450 4662 λεύτησεν,
2511 4591 2662 4650 Μετὰ
2737 4589 2794 4646 δὲ
2860 4592 2960 4660 τὴν
3036 4593 3201 4648 αὐτοῦ
3256 4593 3515 4666 τελευτὴν
3569 4597 3820 4664 ἐλθόντες

2165 4682 2444 4758 Εὖγένιος,
2504 4678 2904 4756 Ἀγαθόδωρος,
2980 4684 3279 4755 Καπήτων,
3356 4685 3448 4740 καὶ
3507 4686 3817 4765 Ἐλπίδιος,

2167 4772 2459 4848 ἐκήρυττον
2510 4771 2604 4824 τὸν
2654 4771 2908 4843 Χριστόν.
2959 4769 3062 4826 Καὶ
3110 4773 3396 4836 συστάντες
3451 4775 3504 4829 οἱ
3533 4775 3812 4848 ’Έλληνες

2167 4861 2479 4916 άπὲκτειναν
2549 4859 2771 4921 αὐτοὺς.
2848 4858 2996 4917 Μετᾶ
3057 4857 3116 4915 δὲ
3182 4865 3350 4916 ταῦτα
3413 4863 3689 4937 ἀπεστάλη
3757 4870 3811 4943 ἐξ

2165 4945 2562 5021 Ἱεροσολύμων
2626 4944 2899 5020 Αἷθὲριος·
2986 4945 3073 5001 καὶ
3170 4945 3301 5003 ἱδὼν
3384 4953 3480 5004 τοῦ
3546 4948 3682 5007 λαοῦ
3746 4956 3812 5011 τὸ

2167 5032 2371 5110 ἄγριον,
2429 5031 2741 5109 προσῆλθεν
2784 5037 2866 5106 τῷ
2917 5033 3158 5108 Μεγάλῳ
3214 5037 3602 5114 Κωνσταντίνῳ
3651 5040 3701 5096 ἐν
3733 5047 3815 5116 τῷ

2167 5126 2446 5198 Βυζαντίῳ
2513 5125 2638 5180 τότὲ
2719 5122 3085 5200 βασιλεύοντι,
3167 5127 3255 5182 καὶ
3330 5127 3575 5202 ᾐτήσατο
3629 5133 3817 5207 αὐτὸν,

2166 5213 2256 5270 καὶ
2288 5211 2636 5289 ἐδιώχθησαν
2696 5211 2756 5267 ἐκ
2811 5220 2910 5282 τῆς
2968 5214 3256 5289 Χερσῶνος
3289 5217 3342 5271 οἱ
3395 5216 3817 5295 εἰδωλοκατραι.

2169 5301 2365 5364 Κτίσας
2424 5299 2482 5357 δὲ
2542 5298 2858 5370 ἐκκλησίας,
2910 5298 3072 5355 πᾶλιν
3130 5303 3442 5378 προσῆλθεν
3490 5311 3568 5377 τῷ
3602 5308 3822 5382 βασιλεῖ

2169 5390 2527 5467 εὐχαριστῶν.
2591 5389 2694 5446 Καὶ
2751 5389 2873 5464 ἱερὰ
2930 5383 3114 5444 λαϐὼν
3172 5392 3298 5466 παρ’
3355 5392 3539 5464 αὑτοῦ,
3589 5393 3823 5470 ἐπανήρ-

2169 5501 2301 5556 χετο
2333 5481 2468 5555 πρὸς
2527 5482 2804 5554 Χερσῶνα.
2859 5479 2956 5534 Καὶ
2993 5478 3044 5533 ἐν
3077 5483 3156 5552 τῷ
3207 5478 3616 5557 ἐπανέρχεσθαι,
3649 5484 3819 5561 ἀπερ-

2169 5570 2299 5648 ῥίφη
2361 5568 2437 5634 εἷς
2492 5569 2583 5624 τὸν
2644 5568 2911 5642 Δανάπριν
2970 5568 3237 5643 ποταμόν,
3291 5569 3380 5626 καὶ
3429 5569 3540 5624 ἐκεῖ
3565 5568 3814 5646 τελευτᾷ.
