4114 6306
265 384 376 445 345

800 522 983 578 ΜΗΝΙ
1017 526 1105 577 ΤΩ
1142 523 1362 582 ’ΔΥΤΩ.

334 692 595 767 ’Δθλησις
622 700 733 751 τῶν
762 699 932 774 ἁγίων
967 617 1256 776 μαξτύρων
1288 705 1395 756 τῶν
1428 701 1479 756 ἐν
1514 698 1828 776 Σεϐαστείᾳ.

329 815 387 870 Ol
416 818 514 869 τοῦ
560 817 806 891 Χριστοῦ
859 816 1257 893 τεσσαράκοντα
1316 823 1607 897 μάρτυρες,
1667 821 1727 876 ἐκ
1781 819 1903 877 δια-

255 904 433 981 φόρων
460 906 643 960 τόπων
704 904 1067 983 ὑπάρχοντες,
1124 908 1176 963 ἐν
1238 909 1560 984 έπιτάγματι
1620 909 1905 989 ἐστρατεύ-

253 1014 376 1049 οντο
406 993 494 1049 ἐπὶ
524 1003 626 1065 τῆς
686 996 962 1070 βασιλείας
1021 999 1320 1056 Λικιννίου.
1381 1001 1479 1056 Διὰ
1538 1000 1595 1057 δὲ
1651 1004 1712 1058 τὸ
1772 1005 1901 1061 εἶναι

253 1084 598 1157 Χριστιανοὶ,
628 1087 981 1159 κρατηθέντες
1023 1087 1128 1144 ὑπὸ
1183 1089 1551 1166 Ἀγρικολάου
1603 1095 1902 1168 ἡγεμόνος,

250 1172 520 1245 παρόντος
573 1175 662 1229 καὶ
718 1179 819 1230 τοῦ
873 1174 1089 1245 δουκὸς,
1147 1178 1515 1255 ἠναγκάζοντο
1575 1186 1727 1246 θῦσαι
1785 1190 1901 1248 τοῖς

254 1259 531 1325 εἰδώλοις.
566 1263 671 1321 Καὶ
706 1265 781 1337 μὴ
813 1267 1152 1340 πειθόμενοι,
1184 1268 1363 1333 λίθοις
1397 1273 1464 1325 τὰ
1494 1273 1737 1345 στόματα
1768 1296 1901 1328 συν-

257 1346 572 1423 ετρίϐησαν.
606 1354 736 1410 Εἶτα
775 1352 827 1409 έν
888 1350 1003 1428 ὥρᾳ
1060 1363 1353 1433 χειμερινῇ
1412 1360 1609 1435 γυμνοὶ
1658 1361 1742 1417 ἐπὶ
1802 1370 1903 1433 τῆς

259 1439 578 1514 λίμνηςτῷ
608 1443 758 1519 κρύει
816 1444 1183 1519 παγωθείσης,
1242 1447 1331 1501 καὶ
1390 1448 1903 1524 κρυσταλλωθείσης

249 1528 713 1601 κατεδικάσθησαν
748 1530 986 1589 ἵστασθαι
1021 1532 1092 1589 δι’
1124 1534 1263 1606 δλης
1319 1543 1420 1606 τῆς
1475 1542 1690 1603 νυκτός.
1742 1542 1905 1598 Ἔνθα

253 1620 370 1681 ἑνὸς
412 1619 928 1696 λιποψυχήσαντος,
978 1623 1068 1678 καί
1097 1626 1232 1699 πρὸς
1286 1627 1349 1681 τὸ
1398 1626 1632 1699 πλησίον
1670 1630 1900 1706 λουτρὸν

256 1706 591 1783 δραμόντος,
646 1712 736 1766 καὶ
787 1717 856 1787 τῇ
916 1715 1090 1788 θερμῇ
1150 1713 1520 1787 διαλυθέντος,
1554 1721 1581 1773 6
1622 1720 1903 1797 φυλάττων

250 1800 451 1863 αὐτοὺς
487 1801 876 1877 καπικλάριος,
913 1801 1041 1860 ῗδὼν
1075 1804 1126 1876 ἐξ
1166 1808 1401 1882 οὐρανοῦ
1449 1808 1741 1887 στεφάνους
1768 1834 1899 1868 κατ-

1770 393 2154 456 MARTIUS.

1938 528 1995 595 Α

3546 398 3669 457 346

2588 533 2829 589 EODEM
2872 532 3017 587 ΜΕΝ
3025 532 3101 588 SE

2193 697 2476 751 Certamen
2504 623 3177 769 sanctﬂfnnicitrtlzityrum
3223 696 3490 752 Sebastes.

2086 814 2485 887 Quadraginta
2505 815 2720 870 Christi
2744 820 3037 887 martyres
3064 831 3133 870 ex
3155 815 3404 870 diversis
3434 810 3672 870 oriundi

2014 902 2161 958 locis
2192 903 2413 958 Licinio
2473 904 2809 975 imperante
2867 904 2926 959 in
2986 904 3247 959 exercitu
3307 903 3667 959 militabant.

2011 991 2177 1057 Quod
2206 997 2405 1047 autem
2434 993 2749 1047 Christiani
2776 998 2997 1055 essent,
3030 992 3136 1047 sub
3175 991 3483 1064 Agricolao
3516 1010 3668 1064 prae-

2013 1080 2160 1149 side,
2194 1088 2485 1152 praasente
2517 1083 2695 1138 etiam
2728 1081 2898 1150 duce,
2930 1081 3372 1153 comprehensi,
3408 1086 3466 1135 et
3495 1082 3670 1137 idolis

2012 1179 2346 1235 sacriﬁcare
2378 1181 2587 1243 coacti,
2613 1196 2747 1235 cum
2784 1180 2841 1234 id
2884 1181 3075 1236 facere
3102 1184 3470 1244 recusarent,
3503 1179 3666 1250 ipso-

2012 1285 2142 1324 rum
2176 1285 2279 1323 ora
2309 1268 2608 1340 lapidibus
2657 1274 2907 1325 contusa
2950 1269 3133 1324 fuere.
3169 1267 3391 1323 Deinde
3449 1267 3662 1323 hiemis

2015 1362 2279 1429 tempore
2312 1358 2372 1413 in
2404 1358 2619 1430 rigenti
2653 1359 3081 1431 congelatoque
3114 1363 3317 1430 stagno
3350 1356 3495 1412 nudi
3527 1374 3667 1429 per-

2014 1451 2255 1502 noctare
2275 1446 2431 1516 jussi
2460 1452 2616 1500 sunt.
2678 1447 2763 1501 Ibi
2814 1464 2947 1502 cum
2980 1463 3156 1515 unus,
3197 1445 3289 1500 cui
3320 1446 3556 1501 animus
3586 1446 3658 1502 ad

2012 1545 2194 1616 frigus
2224 1542 2535 1599 ferendum
2569 1544 2881 1612 defecerat,
2906 1546 2967 1599 in
2999 1545 3336 1615 proximum
3379 1543 3660 1600 balneum

2013 1633 2318 1700 desiliens,
2352 1633 2545 1689 calore
2589 1639 2835 1689 necatus
2878 1633 3107 1702 fuisset,
3138 1633 3365 1705 janitor
3396 1632 3496 1704 qui
3529 1632 3663 1688 illos

2013 1723 2404 1791 custodiebat,
2427 1723 2632 1780 videns
2645 1741 2892 1780 coronas
2916 1741 3093 1796 super
3113 1740 3320 1779 novem
3340 1740 3405 1779 ac
3424 1723 3664 1796 triginta

2011 1818 2303 1883 martyres
2335 1813 2791 1879 descendentes,
2815 1830 3116 1884 unamque
3148 1829 3428 1868 coronam
3461 1829 3663 1883 super-

255 1889 601 1977 ερχομένους
632 1890 717 1946 ἐπὶ
749 1891 875 1954 τοὺς
918 1894 1210 1969 τριάκοντα
1268 1895 1418 1952 ἐννέα
1476 1898 1771 1975 μάρτυρας,
1818 1923 1885 1957 κα

2014 1923 2164 1969 esse,
2199 1923 2330 1977 quaa
2362 1908 2637 1961 exstincti
2669 1906 2880 1961 militis
2906 1906 3121 1971 fuerat,
3180 1906 3461 1961 detractis
3488 1904 3663 1960 vesti-

245 1976 339 2034 ’ἕνα
387 1980 651 2058 στέφανον
705 1981 1075 2055 περιτεύοντα,
1136 1986 1193 2046 ὃς
1255 1984 1319 2052 ἦν
1373 1991 1469 2041 τοῦ
1528 1985 1894 2061 διαλθυέντος,

252 2065 623 2142 έκδοσάμενος
655 2068 1002 2147 προσεδραμε
1056 2078 1172 2136 τοῖς
1229 2074 1425 2149 ἁγίοις,
1483 2078 1572 2131 καὶ
1629 2077 1901 2136 ἐπίστευσε

247 2163 326 2229 τῷ
357 2163 609 2232 Χριστῷ.
641 2162 735 2231 Τῷ
767 2157 825 2215 δὲ
857 2159 1023 2235 πρωΐ,
1057 2163 1133 2225 ὡς
1165 2162 1435 2241 έφάνησκν
1486 2167 1537 2221 οἱ
1571 2168 1665 2241 μὶν
1716 2171 1896 2233 θανέν-

246 2267 353 2317 τες,
393 2248 451 2302 οἳ
485 2246 543 2302 δὲ
574 2244 652 2303 ἔτι
684 2247 1029 2323 ἒμπνέοντες,
1062 2250 1147 2307 ἐπὶ
1194 2254 1285 2308 τὸν
1335 2254 1581 2331 αἰγιαλὸν
1624 2256 1898 2333 ἀχθέντες,

251 2336 338 2391 καὶ
396 2336 469 2391 τὰ
527 2335 696 2409 σκέλη
754 2338 1096 2414 θλασθέντες,
1147 2340 1231 2397 ἰπὶ
1319 2344 1537 2418 ἁμαξῶν
1625 2345 1897 2420 ἐτέθησαν,

246 2425 332 2480 καὶ
362 2424 665 2504 ἐρρίφησαν
707 2427 759 2483 ἐν
819 2432 899 2502 τῷ
953 2435 1210 2505 ποταμῷ·
1271 2433 1358 2488 καὶ
1419 2431 1592 2491 οὕτως
1647 2435 1899 2494 ἐτελειώ-

248 2525 438 2584 θησαν.

808 2627 987 2683 ΜΗΝΙ
1024 2632 1109 2681 ΤΩ
1147 2630 1341 2685 ΑΥΤΩ.

1050 2716 1088 2770 ,.

245 2799 509 2871 Ἀθλησις
565 2804 699 2895 τῶν
764 2799 934 2889 ἁγίων
990 2822 1357 2895 ’μαρτυρωη
1402 2805 1699 2895 Κρδράτου,
1789 2812 1894 2867 Κυ-

633 2878 885 2947 πριανοῦ,
917 2875 1008 2929 καὶ
1037 2875 1145 2931 τῶν
1176 2875 1269 2932 σὺν
1300 2875 1503 2941 αὐτοῖς.

284 2970 441 3046 ἡἝπὶ
482 2994 589 3055 τῆς
657 2989 935 3065 βασιλείας
990 2994 1201 3064 Δεκίου,
1256 2993 1504 3073 διωγμοῦ
1560 2997 1891 3069 κινηθέντος,

248 3079 437 3141 πάντες
467 3081 920 3167 οἱᾼΧριστιανοὶ,
976 3083 1027 3137 οἳ
1087 3085 1181 3156 μὶν
1240 3086 1603 3160 κρατούμενοι
1663 3088 1896 3167 ἀπεσφά-

246 3172 415 3237 ζοντο,
453 3170 503 3223 οἱ
540 3165 599 3224 δὲ
625 3168 906 3247 φεύγοντες
934 3170 988 3226 ἐν
1036 3178 1154 3235 τοῖς
1210 3170 1386 3247 ὄρεσιν
1436 3165 1890 3252 κατεκρύπτοντο,

2010 1994 2120 2050 bus
2152 1994 2225 2050 ad
2253 2001 2488 2050 sanctos
2528 2012 2907 2067 procurrens,
2963 1996 3025 2050 in
3057 1994 3353 2050 Christum
3386 1994 3657 2050 credidit.

2012 2089 2084 2143 Ut
2112 2088 2238 2144 dies
2264 2088 2480 2153 illuxit,
2505 2106 2637 2144 cum
2668 2090 2725 2144 hi
2751 2088 2992 2161 quidem
3022 2089 3365 2155 exanimati,
3400 2088 3487 2142 illi
3519 2104 3659 2143 vero

2008 2180 2202 2236 adhuc
2235 2181 2528 2252 spirantes
2558 2182 2993 2254 apparuissent,
3030 2181 3103 2236 ad
3136 2181 3328 2252 ripam
3368 2179 3656 2252 perducti,

2006 2270 2209 2329 fractis
2242 2272 2506 2345 ipsorum
2529 2274 2820 2340 cruribus,
2844 2279 3144 2346 postremo
3168 2273 3449 2344 plaustris
3474 2273 3660 2343 impo-

2009 2364 2128 2431 siti,
2161 2363 2222 2419 in
2252 2362 2647 2435 proﬂuentem
2679 2363 2929 2435 projecti
2978 2367 3137 2432 sunt,
3170 2367 3348 2434 atque
3387 2361 3471 2417 ita
3500 2377 3660 2418 mar-

2014 2452 2235 2524 tyrium
2268 2456 2779 2508 cousummarunt.

2575 2631 2812 2689 EODEM
2854 2632 3084 2689 MENSE

2009 2794 2100 2849 l‘l
2162 2795 2445 2850 Certamen
2499 2722 3185 2863 εαηεεῗέιῗηῗθῗφζῗτὲψωη
3253 2794 3499 2861 Codrati,
3553 2793 3651 2864 Cy-

2498 2881 2712 2954 priani,
2770 2888 2824 2937 et
2870 2885 3156 2938 sociorum.

2074 2995 2409 3065 Imperante
2440 2991 2614 3046 Decio
2645 3006 2779 3045 cum
2833 2991 3166 3062 persecutio
3219 2994 3383 3045 mota
3423 2989 3653 3055 fuisset,

2003 3081 2321 3140 Christiani
2350 3098 2559 3137 omnes
2598 3086 2699 3137 aut
2726 3082 2882 3153 capti
2940 3080 3378 3147 mactabantur,
3431 3084 3534 3134 aut
3560 3079 3651 3133 fu-

2002 3175 2229 3247 gientes
2255 3172 2317 3227 in
2365 3171 2668 3227 montibus
2698 3171 2771 3226 ad
2832 3176 3065 3242 tempus
3109 3168 3649 3225 abscondebantur.

239 3252 333 3320 ’ἕως
361 3262 588 3333 καιροῦ.
626 3264 879 3335 Φυγοῦσα
910 3257 967 3315 δὲ
998 3262 1087 3316 καὶ
1119 3265 1153 3332 ἠ
1193 3265 1375 3338 μήτηρ
1404 3264 1770 3341 Κοδράτου,έκ
1789 3274 1887 3338 τῆς

2012 3265 2171 3318 Tunc
2202 3262 2383 3317 etiam
2412 3268 2603 3317 mater
2653 3260 2887 3317 Codrati
2938 3276 3009 3315 ex
3036 3259 3182 3315 urbe
3213 3258 3652 3314 Corinthiorum

240 3345 457 3408 πόλεως
499 3345 830 3423 ὑπάπχουσα
863 3350 1190 3424 Κορινθίων,
1224 3352 1465 3421 ἀπῆλθεν
1499 3354 1574 3417 εἷς
1627 3357 1689 3411 τὸ
1737 3352 1882 3428 ὅρος,

240 3436 322 3489 καὶ
348 3432 779 3512 κατεκρύπτετο.
813 3438 964 3495 Ἑπεῖ
1000 3436 1057 3493 δὲ
1086 3442 1151 3509 ἦν
1184 3438 1402 3518 ἔφκυος,
1436 3443 1714 3520 ἐγέννησεν
1744 3447 1883 3518 υἱὸν,

242 3523 554 3596 ὀνομάσασα
584 3525 745 3581 αὐτὸν
780 3524 1079 3602 Κοδράτον.
1115 3530 1248 3586 Εἶτα
1279 3530 1465 3607 ὀλίγον
1526 3530 1882 3607 ἐπιϐιώσασα,

239 3612 579 3684 ἐτελεύτησε,
638 3613 1014 3672 καταλιποῦσα
1059 3619 1150 3673 τὸν
1207 3620 1320 3675 υἱὸν
1415 3623 1627 3699 βρέφος.
1702 3626 1884 3687 Ὅστις

240 3700 488 3779 ἐτρέφετο
517 3703 622 3759 ὕπὸ
650 3709 757 3759 τῶν
792 3710 962 3781 νεφῶν
991 3710 1387 3782 συνισταμένων
1422 3710 1506 3766 ἐπ’
1563 3712 1745 3785 αὐτὸν,
1791 3715 1881 3770 καὶ

236 3793 573 3862 ποτιζόντων
602 3793 782 3852 αὐτόν.
818 3797 1111 3870 Προϊόντος
1136 3794 1193 3852 δὲ
1221 3802 1321 3853 τοῦ
1378 3800 1605 3876 χρόνου,
1648 3803 1880 3880 ἐγνώρι-

235 3900 320 3935 σαν
343 3880 687 3970 αὐτόν-τινες
717 3880 823 3970 ἢδη
868 3883 1153 3970 μνεανίσκον
1210 3888 1523 3962 γενόμενονο
1572 3891 1660 3946 καὶ
1709 3893 1881 3970 ἀπηρ-

238 3978 404 4036 χοντο
440 3962 578 4036 πρὸς
618 3962 796 4017 αὐτόν·
858 3964 934 4018 ὧν
991 3966 1124 4036 ᾖσαν
1180 3970 1511 4042 Κυπριανὸς,
1579 3962 1877 4046 Διονύσιος,

234 4050 517 4118 Ἄνακτος,
555 4048 771 4113 Παῦλος
826 4052 915 4107 καὶ
964 4055 1216 4128 Κρίσκης.
1279 4058 1457 4133 Ἥρχε
1504 4056 1561 4113 δὲ
1604 4061 1816 4117 πάντων
1850 4065 1877 4118 6

237 4139 385 4211 ἅγιος
424 4137 724 4214 Κοδράτος,
756 4142 846 4196 καὶ
879 4139 1150 4199 ἐδίδασκεν
1207 4144 1401 4208 αὖτοὺς
1448 4149 1547 4214 τὴν
1594 4147 1875 4221 ἀλήθειαν.

238 4229 380 4282 Μετᾶ
415 4226 474 4283 δέ
503 4249 625 4283 τινα
659 4235 861 4305 χρόνον
890 4231 993 4286 ὑπὸ
1022 4236 1129 4287 τῶν
1168 4232 1587 4312 εἰδωλολατρῶν
1644 4236 1879 4312 διαϐλη-

239 4315 411 4379 θέντες
460 4322 541 4389 τῷ
598 4315 848 4393 ἄρχοντι,
909 4320 997 4375 καὶ
1056 4324 1429 4396 κρατηθέντες,
1491 4324 1738 4401 ἤχθησαν
1800 4330 1876 4393 είς

241 4406 519 4478 Κόρινθον·
588 4407 678 4461 καὶ
763 4408 1187 4482 βασανισθέντες,
1271 4413 1361 4466 καὶ
1440 4413 1606 4490 μέχρι
1683 4418 1875 4482 τέλους

235 4494 319 4548 τὸν
378 4496 618 4569 Χριστὸν
689 4496 1169 4573 ἀνακηρύττοντες,
1254 4501 1349 4563 τὰς
1430 4504 1668 4582 κεφαλὰς
1742 4509 1876 4563 ἀπε-

236 4585 337 4654 τμή
346 4595 417 4653 θη
425 4604 541 4643 σαν.

388 4700 493 4755 Καὶ
524 4698 755 4772 ἄθλησις
784 4707 883 4758 τοῦ
914 4703 1071 4780 ἁγίου
1104 4704 1379 4784 μάρτυρος
1412 4688 1717 4773 Διονυσίου.

242 4816 538 4889 Διονύσιος,
572 4819 599 4873 6
631 4822 730 4873 τοῦ
781 4821 1015 4894 Χριστοῦ
1075 4824 1302 4898 μάρτυς,
1364 4825 1611 4903 ὑπῆρχεν
1660 4829 1757 4903 μὶν
1806 4831 1879 4893 εἴς

242 4906 351 4995 τῦ)νῄ
396 4908 779 4995 γνωρισάντων
835 4909 928 4965 τὸν
985 4910 1143 4986 ἅγιον
1224 4911 1518 4990 Κοδράτον,
1577 4918 1667 4973 καὶ
1743 4920 1881 4995 πρὸς

245 4991 398 5082 αὐτὸν
433 4994 848 5071 ἀπερχομένων.
880 5001 1242 5073 Κατεμηνύθη
1277 5000 1334 5059 δὲ
1371 5005 1450 5077 τῷ
1496 5003 1725 5082 ἂρχοντι
1776 4991 1877 5079 τῆς

241 5081 466 5174 πόλεως
489 5084 773 5160 Κορίνθου,
819 5088 899 5143 δτι
933 5089 998 5146 τὸ
1051 5090 1147 5162 μὶν
1197 5094 1520 5172 πρόσταγμα
1564 5081 1669 5152 τῶν
1722 5098 1878 5174 βασι-

242 5167 380 5226 λέων
415 5173 477 5229 οὗ
508 5180 819 5252 πειθαρχεῖ,
878 5179 969 5234 καὶ
1025 5184 1133 5235 τῶν
1196 5182 1466 5257 μεγίστων
1526 5191 1660 5250 θεῶν
1718 5167 1880 5243 κατα-

241 5267 444 5350 φρονεῖ’
495 5260 677 5339 ἓτερον
738 5262 796 5320 δέ
846 5288 965 5322 τινα
1033 5269 1287 5345 κηρύττει
1362 5274 1491 5328 Θεὸν
1545 5273 1883 5350 ἐσταυρωμέ-

238 5367 351 5419 νον,
387 5348 562 5424 λέγων
592 5352 673 5407 δτι
722 5353 881 5418 αὐτός
940 5355 1080 5412 ἐστιν
1131 5359 1159 5412 ὀ
1214 5362 1447 5431 ποιήσας
1494 5364 1586 5417 τὸν
1632 5346 1877 5440 ούρανδν,

239 5437 449 5506 καὶτῆν
502 5447 628 5515 γῆν,
686 5440 780 5497 καῖ
832 5444 931 5512 τήν
989 5444 1280 5519 θάλασσαν,
1334 5450 1425 5504 καὶ
1476 5449 1651 5506 πάντα
1699 5437 1768 5508 τὰ
1824 5453 1877 5510 έν

246 5525 452 5592 αὐτοῖς,
484 5529 511 5582 6
540 5528 629 5583 καὶ
665 5528 887 5602 μέλλων
918 5529 1094 5588 ἐλθεῖν
1151 5533 1202 5605 έξ
1252 5536 1486 5611 ούρανοῦ
1548 5541 1683 5613 μετά
1721 5539 1880 5614 δόξης

247 5618 362 5707 κρῖ-Α
384 5635 438 5669 αι
470 5620 668 5707 ζῶντας
720 5618 811 5674 καὶ
868 5620 1111 5698 νεκροὺς,
1167 5624 1258 5679 καὶ
1314 5622 1611 5683 ἀποδοῦναι
1669 5629 1879 5707 δκάστῳ

248 5704 378 5762 κατᾶ
432 5708 496 5765 τὰ
548 5703 677 5789 ἴργα
731 5709 917 5771 αὐτοῦ.
973 5708 1135 5781 Ὅθεν
1191 5719 1479 5796 κρατηθεὶς
1555 5717 1643 5779 καὶ
1704 5703 1877 5790 δεθεὶς

2001 3352 2274 3421 oriunda,
2303 3351 2439 3424 fuga
2454 3351 2675 3423 elapsa,
2701 3351 2861 3406 venit
2882 3351 2944 3405 in
2970 3356 3253 3414 montem,
3280 3354 3336 3403 et
3357 3348 3418 3403 in
3449 3348 3654 3403 lateris

1999 3442 2187 3513 degit:
2223 3447 2281 3494 et
2301 3443 2441 3515 quia
2460 3458 2771 3514 prmgnans
2794 3447 2939 3507 erat,
2962 3441 3195 3512 peperit
3225 3439 3435 3503 ﬁlium,
3470 3454 3648 3509 quem

1998 3535 2315 3590 Codratum
2348 3532 2697 3597 nominavit,
2732 3547 2841 3586 nec
2881 3530 2981 3585 diu
3012 3534 3216 3600 postea
3244 3528 3403 3593 vixit,
3437 3527 3647 3582 relicto

1998 3624 2121 3679 ﬁlio
2153 3623 2345 3678 adhuc
2367 3622 2591 3677 infante
2623 3626 2876 3675 mortua.
2912 3617 3294 3672 Nutriebatur
3314 3620 3512 3669 autem
3544 3616 3645 3669 ille

1996 3728 2031 3767 a
2059 3711 2316 3766 nubibus
2349 3727 2526 3781 supra
2557 3710 2751 3780 ipsum
2779 3706 3148 3772 coeuntibus,
3175 3710 3233 3758 et
3262 3719 3474 3773 aquam
3500 3704 3643 3757 an‘e-

1994 3804 2285 3870 rentibus,
2329 3809 2652 3875 potumque
2685 3802 2737 3855 ei
2794 3798 3221 3872 prmbentibus.
3281 3795 3644 3850 Procedente

1993 3910 2131 3949 vero
2160 3900 2424 3965 tempore
2482 3909 2617 3947 cum
2666 3896 2900 3945 aetatem
2952 3886 3281 3959 juvenilem
3328 3884 3639 3957 attigisset,

1994 3989 2396 4058 cognoverunt
2417 3998 2554 4037 eum
2576 3980 2784 4051 aliqui,
2817 3984 2874 4034 et
2893 3978 2965 4034 ad
2988 3993 3123 4033 eum
3150 3979 3550 4041 accesserunt,
3575 3989 3644 4028 ex

1994 4076 2210 4148 quibus
2240 4078 2411 4129 erant
2437 4071 2785 4143 Cyprianus,
2811 4068 3146 4140 Dyonisius,
3178 4068 3455 4132 Anectus,
3490 4066 3644 4119 Pau-

1993 4165 2102 4231 las,
2164 4170 2221 4217 et
2268 4164 2588 4217 Crescens:
2651 4177 2800 4232 quos
2851 4174 3057 4213 omnes
3107 4156 3349 4228 regebat
3394 4159 3636 4210 sanctus

1992 4254 2297 4321 Codratus,
2333 4258 2389 4307 et
2422 4253 2725 4308 veritatem
2757 4248 3023 4305 docebat.
3054 4248 3193 4301 Post
3223 4243 3465 4315 aliquod
3495 4242 3633 4298 dein

1992 4349 2226 4416 tempus
2240 4343 2311 4397 ab
2336 4343 2629 4397 idolorum
2648 4338 2973 4394 cultoribus
2988 4335 3187 4391 traditi
3211 4341 3349 4389 sunt
3369 4332 3604 4403 prasidi
3616 4373 3630 4399 ,

1992 4442 2051 4491 et
2077 4436 2257 4491 vincti
2313 4435 2658 4489 Corinthum
2716 4431 2993 4495 adducti;
3023 4446 3090 4483 ac
3138 4428 3277 4482 dein
3322 4424 3637 4479 tormentis

1993 4528 2264 4599 subjecti,
2299 4544 2433 4583 cum
2465 4542 2652 4597 usque
2683 4525 2756 4580 ad
2789 4524 2970 4580 finem
3013 4520 3314 4575 Christum
3352 4514 3642 4588 praedica-

1912 4629 1955 4693 ι)
1986 4625 2140 4686 rent,
2185 4619 2375 4690 capite
2405 4617 2563 4689 plexi
2590 4620 2745 4671 sunt.

2201 4732 2267 4785 Et
2293 4736 2568 4785 certamen
2610 4726 2787 4781 sancti
2834 4721 3098 4791 martyris
3147 4716 3417 4786 Dionysii.

2057 4821 2394 4892 Dionysius,
2426 4816 2640 4872 Christi
2674 4820 2917 4885 martyr,
2944 4826 3103 4866 unus
3125 4826 3196 4864 ex
3225 4806 3344 4861 illis
3370 4805 3501 4871 fuit,
3536 4804 3638 4876 qui

1988 4914 2261 4967 sanctum
2289 4907 2604 4963 Codratum
2636 4904 3051 4976 cognoverunt,
3076 4903 3137 4954 et
3161 4896 3236 4952 ad
3267 4912 3401 4952 eum
3438 4910 3642 4949 acces-

1989 5007 2213 5060 serunt.
2246 5000 2521 5057 Proditus
2541 5014 2698 5065 vero,
2723 4996 2797 5051 ad
2825 4994 3140 5068 praesidem
3170 4988 3337 5045 urbis
3365 4986 3630 5043 Corinthi

1989 5096 2279 5151 adductus
2329 5098 2439 5161 est,
2490 5090 2650 5163 quod
2705 5088 2985 5146 mandato
3038 5087 3468 5158 imperatorum
3513 5095 3635 5134 non

1989 5188 2277 5252 obediret,
2308 5204 2377 5242 ac
2405 5202 2650 5259 magnos
2680 5184 2823 5240 deos
2854 5182 3298 5246 contemneret;
3333 5176 3518 5233 alium
3538 5189 3637 5229 ve-

1988 5298 2055 5337 ro
2086 5281 2262 5336 deum
2293 5280 2639 5335 cruciﬁxum
2662 5277 3029 5350 praedicaret.
3057 5273 3281 5329 dicens.
3300 5270 3460 5327 hunc
3482 5284 3633 5334 esse,

1990 5374 2092 5445 qui
2124 5374 2265 5429 fecit
2292 5374 2503 5429 cmlum
2536 5378 2595 5427 et
2624 5377 2863 5431 terram,
2897 5373 2956 5423 et
2976 5383 3158 5424 mare.
3191 5370 3250 5421 et
3278 5363 3479 5419 omnia
3502 5376 3633 5431 qum

1988 5463 2052 5518 in
2082 5465 2167 5518 eis
2190 5468 2346 5529 sunt,
2405 5461 2626 5532 quique
2660 5477 2690 5515 e
2746 5460 2892 5515 cmlo
2950 5462 3231 5513 venturus
3289 5455 3444 5509 esset
3496 5465 3631 5504 cum

1989 5551 2195 5623 gloria,
2228 5557 2293 5606 ut
2313 5551 2612 5623 judicaret
2640 5548 2796 5603 vivos
2841 5553 2898 5602 et
2939 5551 3224 5609 mortuos,
3258 5546 3317 5596 et
3356 5536 3636 5595 redderet

1989 5640 2313 5713 unicuique
2335 5638 2660 5693 secundum
2680 5654 2860 5708 opera
2885 5652 3007 5689 sua.
3030 5636 3218 5698 Quare
3240 5623 3631 5713 compreh_8_n-

1991 5744 2111 5798 sua,
2134 5735 2194 5786 et
2215 5706 2473 5784 "v'ineulis
2502 5706 2881 5791 constrictus,
2913 5723 3077 5778 stetit
3103 5732 3303 5774 coram
3350 5706 3630 5784 praeside.
