4114 6306
376 382 492 446 347

1656 384 2093 445 MENOLOGII
2131 386 2341 449 PARS
2387 387 2492 449 Ill.

3661 392 3791 454 348

372 524 433 575 et
460 518 779 592 urgebatur
824 517 1002 575 modo
1032 516 1339 575 blanditis.
1372 516 1549 573 modo
1582 516 1763 573 minis
1821 517 2020 573 Chris-

2141 517 2380 593 ἁλύσεσι,
2420 524 2660 598 παρέστη
2721 527 2800 596 τῷ
2855 524 3107 600 ἄρχοντι,
3170 522 3260 581 καὶ
3324 526 3792 601 κατηναγκάζετο¹

375 617 501 668 tum
558 629 773 685 negare
809 656 822 681 ,
885 617 943 667 et
1002 612 1178 666 idolis
1246 611 1621 666 sacriﬁcare:
1684 610 1788 665 sed
1846 611 2029 682 priori

376 707 681 779 proposito
714 706 1045 771 adharens,
1072 711 1130 759 et
1158 705 1457 759 Christum
1476 719 1690 775 magna
1718 719 1855 758 voce
1886 720 2029 759 con-

380 799 577 866 ﬁtens,
636 798 831 871 gladio
882 797 1300 867 interemptus,
1341 795 1692 868 martyrium
1750 811 2030 851 consum-

377 888 581 944 mavit.

939 1069 1181 1125 EODEM
1210 1068 1461 1124 MENSE.

984 1162 1087 1217 Die
1107 1160 1427 1217 undecima

551 1257 590 1310 1
607 1254 654 1311 2
686 1256 970 1309 Certamen
998 1254 1178 1308 sancti
1204 1253 1624 1323 sacromartyris
1652 1253 1861 1309 Pionii.

451 1342 701 1397 Sanctus
740 1340 852 1395 iste
888 1338 1219 1411 imperante
1252 1338 1429 1394 Decio
1461 1338 1771 1411 presbyter
1799 1341 1927 1392 erat
1967 1334 2029 1392 in

381 1439 588 1491 sancta
615 1433 882 1505 Smyrna
912 1432 1194 1488 Ecclesia.
1219 1436 1361 1487 Cum
1392 1436 1591 1487 autem
1612 1430 1845 1487 Judaos
1875 1431 2029 1486 Gra-

378 1543 596 1598 cosque
618 1524 1103 1599 reprehenderet,
1131 1524 1322 1596 iisque
1348 1541 1416 1579 ex
1438 1523 1758 1596 Scripturis
1784 1522 2029 1579 demon-

377 1621 592 1673 straret
616 1631 805 1672 unum
830 1631 958 1670 esse
992 1630 1195 1671 verum
1218 1615 1403 1670 Deum
1423 1613 1691 1668 omnium
1718 1613 2028 1679 factorem,

379 1710 438 1761 et
482 1705 857 1778 unigenitum
911 1704 1042 1775 ejus
1095 1703 1310 1758 Filium
1365 1704 1565 1759 Jesum
1621 1701 1941 1770 Christum,
1975 1704 2034 1755 et

380 1795 663 1869 Spiritum
694 1800 966 1851 sanctum
991 1812 1004 1850 :
1037 1794 1463 1867 adjiceretque,
1486 1793 1559 1849 ab
1591 1792 1796 1848 eodem
1820 1809 2031 1865 pecca-

2139 610 2271 665 ποτὲ
2300 613 2395 683 μὲν
2427 615 2762 681 κολακείαις,
2795 615 2927 671 ποτὶ
2958 612 3016 670 δὲ
3048 613 3302 678 ἀπειλαῖς
3334 617 3785 691 ἀρνήσασθαιξμὶν

2138 700 2392 774 Χριστὸν,
2419 704 2505 759 καὶ
2539 706 2693 759 θῦσαι
2722 708 2840 768 τοῖς
2879 701 3155 768 εἴδώλοις.
3209 705 3311 762 Καὶ
3364 711 3464 775 τῆς
3517 705 3787 779 προτέρας

2138 787 2431 853 ένστάσεως
2486 792 2781 869 ἐχόμενος,
2838 794 2927 848 καὶ
3011 792 3241 868 Χριστὸν
3328 792 3621 870 ὁμολογῶν
3684 813 3787 867 μεο

2136 876 2279 955 γάλῃ
2342 880 2518 957 φωνῇ,
2573 882 2854 960 ἀπεσφάγη
2943 881 3210 960 μαχαίρᾳ,
3263 882 3354 940 καὶ
3439 880 3617 947 οὕτως
3672 882 3788 939 ἰτε-

2138 964 2370 1038 λειώθη.

2688 1062 2868 1119 ΜΙΙΝΙ
2906 1062 2997 1117 ΤΩ
3036 1064 3229 1120 ΑΠὨ.

2920 1161 2997 1217 ΙΔ

2316 1243 2586 1317 Ἀθλησις
2615 1250 2712 1303 τοῦ
2742 1246 2897 1321 ἁγίου
2926 1248 3323 1324 ὶερομάρτυρος
3362 1248 3608 1309 Πιονίου.

2210 1344 2310 1403 Καὶ
2346 1342 2503 1407 οὗτος
2535 1346 2563 1401 ὁ
2596 1345 2746 1420 ἅγιος
2804 1344 2890 1402 ἐπὶ
2951 1353 3051 1416 τῆς
3112 1345 3392 1423 βασιλείας
3448 1347 3516 1416 ἦν
3574 1346 3787 1417 Δεκίου,

2138 1429 2505 1509 πρεσϐύτερος
2533 1441 2634 1505 τῆς
2667 1434 2718 1489 ἰν
2754 1435 2980 1511 Σμύρνῃ
3010 1434 3163 1513 ἁγίας
3194 1435 3545 1508 Ἐκκλησίας.
3593 1436 3786 1514 Ἐλέγ-

2140 1542 2256 1599 χων
2292 1521 2349 1580 δὶ
2378 1522 2676 1587 Ἰουδαίους
2705 1525 2797 1580 καὶ
2856 1522 3151 1596 Ἓλληνας,
3200 1526 3291 1582 καὶ
3336 1526 3533 1583 πείθων
3587 1526 3785 1590 αὑτοὺς

2139 1614 2244 1669 ἀπὸ
2272 1618 2380 1669 τῶν
2414 1619 2664 1693 Γραφῶν,
2695 1616 2780 1670 ὅτι
2813 1616 2886 1677 εἷς
2947 1616 3113 1689 μόνος
3172 1615 3282 1672 ἐστὶ
3339 1617 3469 1680 Θεὸς
3523 1616 3785 1688 ἀληθινὸς

2138 1702 2262 1759 ὑτᾶι
2290 1701 2461 1757 πάντα
2516 1705 2774 1774 ποιήσας,
2828 1706 2920 1759 καὶ
2977 1706 3006 1760 ὁ
3068 1706 3375 1782 μονογενὴς
3428 1706 3593 1762 αὑτοῦ
3657 1706 3784 1770 Υἱὸς

2136 1793 2352 1860 Ἰησοῦς
2382 1793 2634 1868 Χριστὸς,
2664 1793 2753 1848 καὶ
2784 1794 2847 1849 τὸ
2876 1797 3098 1868 Πνεῦμα
3124 1795 3187 1850 τὸ
3243 1797 3415 1872 ἅγιον,
3446 1796 3559 1851 καὶ
3608 1817 3785 1872 προσ-

379 1894 537 1945 tores
567 1905 776 1946 omnes
806 1894 865 1944 et
893 1888 1169 1945 inﬁdeles
1215 1886 1576 1944 cruciatibus
1625 1886 2029 1958 subjiciendos

2141 1882 2302 1944 τιθεὶς
2331 1881 2417 1937 ἀτι
2476 1883 2672 1946 πάντες
2739 1883 2791 1937 o't
2849 1881 3172 1959 ἁμαρτωλοὶ
3228 1886 3320 1941 καὶ
3379 1885 3594 1941 ἄπιστοι
3652 1887 3784 1962 παρ’

376 1979 524 2046 fore,
550 1979 791 2051 ignique
820 1978 1183 2051 sempiterno
1205 1977 1589 2041 addicendos,
1624 1976 1801 2048 idque
1832 1992 2025 2031 exem-

377 2069 475 2142 plo
508 2069 664 2141 ignis
696 2068 1061 2136 Sodomitici,
1094 2068 1342 2139 ejusque
1373 2067 1474 2141 qui
1506 2067 1568 2122 in
1600 2066 1799 2122 Sicilia
1830 2081 2028 2121 erum-

375 2163 484 2235 pit,
517 2163 893 2230 ostenderet;
917 2178 1039 2217 una
1058 2178 1195 2218 cum
1217 2161 1350 2217 aliis
1376 2160 1728 2216 Christianis
1758 2174 2030 2229 compre-

377 2254 600 2309 hensus
631 2254 703 2308 ab
735 2252 1031 2308 idolarum
1088 2251 1438 2319 cultoribus,
1496 2251 1756 2323 primum
1788 2247 2029 2320 quidem

377 2342 629 2398 vinculis
660 2342 1037 2410 constrictus,
1071 2341 1378 2397 Polemoni
1408 2340 1705 2395 idolorum
1737 2336 2030 2393 sacerdoti

380 2435 661 2506 urbisque
693 2435 956 2505 Smyrna
978 2433 1233 2505 principi
1260 2433 1509 2489 traditus
1539 2432 1683 2488 fuit:
1712 2430 1926 2488 deinde
1956 2430 2029 2485 ab

383 2528 455 2584 iis
486 2528 561 2583 ad
591 2528 853 2601 regionis
908 2526 1225 2599 prasidem
1280 2526 1593 2593 adductus,
1650 2526 1832 2597 hujus
1854 2524 2031 2597 jussu

384 2616 718 2674 durissimis
739 2616 1086 2672 verberibus
1103 2617 1369 2683 aﬂ‘ectus,
1389 2621 1448 2672 et
1476 2616 1537 2670 in
1561 2615 1883 2687 equuleum
1902 2630 2029 2668 sus-

383 2724 605 2780 pensus
635 2713 745 2769 est.
779 2707 1153 2780 lampadibus
1184 2707 1340 2781 ignis
1367 2707 1554 2762 latera
1569 2706 1888 2762 ustulatus.
1918 2706 2028 2759 Po-

386 2804 606 2855 stremo
638 2815 708 2854 ex
735 2798 989 2871 equuleo
1021 2798 1348 2870 depositus,
1383 2802 1441 2852 et
1470 2797 1531 2852 in
1561 2796 1872 2852 ardentem
1900 2794 2031 2850 for-

384 2905 593 2945 nacem
624 2889 901 2961 injectus,
933 2888 997 2944 in
1044 2888 1311 2944 oratione
1371 2886 1722 2959 martyrium
1753 2901 2031 2942 consum-

385 2983 582 3040 mavit.

383 3095 451 3150 Et
478 3097 740 3150 memoria
757 3096 935 3150 sancti
965 3094 1149 3148 Patris
1177 3092 1357 3150 nostri
1382 3093 1703 3163 Scphrom'i,
1751 3091 2033 3161 archiepi-

859 3184 1009 3252 δουρί
1036 3183 1554 3251 Hierosolymorum.

2137 1972 2301 2027 αὑτοῦ
2329 1974 2834 2047 τιμωρηθήεονται,
2882 1973 2973 2029 καὶ
3033 1973 3165 2048 πυρὶ
3221 1974 3429 2048 αἷωνίῳ
3474 1973 3788 2049 παραδοθή-

2135 2080 2340 2129 σονται,
2371 2061 2651 2115 καὶτοῦτο
2684 2057 2854 2130 δῆλον
2900 2060 2959 2116 ἐκ
3004 2066 3101 2116 τοῦ
3147 2058 3542 2136 Σοδομητιλοῦ
3588 2063 3786 2139 πυρὸς,

2134 2150 2224 2205 καὶ
2278 2154 2376 2205 τοῦ
2432 2147 2485 2205 έν
2546 2149 2774 2223 Σικελίᾳ
2856 2149 3253 2227 ἁνερχομένουο
3337 2152 3610 2229 ἐκρατήθη
3684 2153 3787 2209 ὑπὸ

2134 2243 2243 2294 τῶν
2304 2237 2723 2313 εἶδωλολατρὼν
2784 2239 2919 2312 μετὰ
2973 2239 3063 2294 καί
3145 2239 3339 2316 ἑτέρων
3425 2243 3787 2316 Χριστιανῶν.

2137 2329 2238 2387 Καὶ
2271 2333 2488 2404 πρῶτον
2523 2329 2621 2402 μὲν
2674 2326 2951 2404 παρεδόθη
3005 2326 3290 2404 δεδεμένος
3339 2330 3561 2386 ἁλύσεσι
3608 2329 3786 2388 Πολέ-

2139 2438 2282 2491 μωνι
2313 2422 2391 2489 τῷ
2414 2422 2523 2473 τῶν
2559 2414 2794 2472 είδαλων
2829 2419 2983 2488 ἱερεῖ,
3014 2418 3105 2473 καὶ
3133 2423 3212 2491 τῷ
3238 2426 3337 2489 τῆς
3357 2418 3573 2483 πόλεως
3599 2421 3785 2495 Σμύρ-

2137 2528 2234 2578 νης
2264 2508 2516 2582 ἄρχοντι.
2549 2509 2777 2565 Ἔπειτα
2806 2509 2934 2583 παρ’
2967 2507 3187 2564 ἐκτίνων
3229 2511 3525 2585 προσήχθη
3572 2513 3654 2582 τῷ
3682 2516 3784 2580 τῆς

2135 2596 2327 2671 χώρας
2352 2596 2608 2672 ἡγεμόνι,
2640 2596 2703 2654 Ὀ
2735 2595 2792 2651 δὶ
2824 2598 3050 2671 ἡγεμών
3084 2592 3271 2674 ἔτυψεν
3306 2598 3466 2655 αὑτὸν
3511 2596 3782 2675 σφοδρῶς’

2134 2687 2224 2741 καί
2258 2684 2346 2741 ἐπὶ
2378 2684 2543 2756 ξύλου
2575 2685 2869 2759 κρεμάσας,
2902 2689 3152 2759 Ααμπάσι
3193 2688 3362 2762 πυρὸς
3408 2688 3505 2751 τὰς
3542 2687 3782 2760 πλευράς

2136 2777 2304 2831 αὑτοῦ
2333 2773 2678 2852 κατέφλεξεν.
2710 2775 2841 2831 Εἶτα
2870 2775 2978 2831 ἀπὸ
3030 2781 3131 2832 τοῦ
3180 2776 3345 2848 ξύλου
3392 2773 3783 2850 καταϐιϐάσας,

2135 2863 2225 2921 καὶ
2284 2863 2513 2936 κάμινον
2569 2863 2774 2939 ἀνάψας
2831 2863 3101 2942 μεγάλην,
3159 2860 3409 2923 ένέϐαλεν
3493 2866 3657 2925 αὐτὸν
3698 2868 3782 2930 εὶς

2136 2952 2325 3025 αὑτήν.
2357 2953 2420 3009 ’0
2452 2950 2510 3009 δὶ
2538 2950 2695 3029 ἅγιος
2724 2954 2777 3010 έν
2810 2953 2946 3028 αὐτῇ
2978 2957 3423 3032 προσευχόμενος
3463 2954 3785 3028 ἐτελειώθη.

2136 3086 2342 3158 Μνήμη
2400 3089 2516 3165 τοῦ.
2557 3082 2608 3139 ἐν
2669 3084 2843 3165 ἁγίοις
2897 3086 3107 3165 Πατρὸς
3166 3087 3362 3165 ,ημῶν
3461 3085 3786 3165 Σωφρονίου

2491 3156 2926 3232 ἁρχιεπιίσκόπου
2959 3156 3383 3231 Ἰεροσολύμων.

455 3274 702 3329 Sanctus
728 3274 902 3327 Pater
929 3276 1135 3326 noster
1166 3270 1531 3342 Sophronius
1553 3285 1622 3324 ex
1644 3268 1791 3323 urbe
1813 3267 2025 3323 Dama-

2210 3255 2663 3335 Σωφρόνιοςὸἐν
2719 3256 2892 3331 ἁγίοις
2954 3258 3140 3331 Ηατήρ
3192 3259 3376 3330 ἡμῶν,
3434 3256 3625 3334 γέγονε
3687 3259 3784 3333 μὲν

383 3375 482 3414 sco
513 3359 575 3412 in
598 3358 901 3429 provincia
921 3356 1238 3412 Phanicia
1262 3356 1552 3428 originem
1572 3354 1769 3420 traxit,
1793 3354 2027 3424 piorum

382 3460 451 3500 ac
481 3443 941 3515 temperantium
980 3448 1294 3515 parentum
1327 3442 1507 3497 ﬁlius.
1540 3441 1685 3495 Cum
1716 3455 1850 3494 vero
1880 3456 2030 3510 pra-

381 3530 561 3585 stanti
584 3528 866 3600 praditus
902 3534 1058 3584 esset
1072 3527 1332 3601 ingenio,
1346 3528 1681 3582 universam
1695 3525 2032 3580 Gracorum

383 3620 442 3669 et
465 3614 939 3669 Christianorum
966 3613 1246 3684 scriptam
1290 3612 1621 3668 doctrinam
1654 3610 1878 3666 didicit.
1914 3610 2034 3665 Ma-

381 3700 481 3773 gni
523 3699 740 3754 deinde
797 3699 1110 3755 Theodosii
1166 3698 1478 3754 mandram
1536 3697 1776 3770 delegit,
1830 3696 1894 3751 in
1917 3710 2035 3765 qua

381 3787 718 3842 universam
758 3785 974 3841 evolvit
1020 3785 1401 3857 Scripturam.
1458 3783 1726 3840 Posthac
1777 3782 2034 3838 Alexan-

381 3873 574 3931 driam
606 3872 907 3947 profectus
937 3878 1047 3940 est,
1080 3872 1388 3945 amplioris
1419 3871 1773 3927 eruditionis
1801 3885 2034 3942 compa-

383 3967 587 4022 randa
609 3964 805 4023 studio
837 3965 1070 4020 ductus.
1105 3966 1353 4037 Propter
1380 3964 1713 4019 doctrinam
1737 3964 1957 4035 itaque,
1979 3966 2038 4017 et

384 4060 664 4116 eximiam
678 4057 864 4129 ipsius
875 4058 1151 4112 virtutem
1165 4059 1478 4129 episcopus
1497 4057 2032 4128 Hierosolymorum

382 4151 574 4208 factus
609 4154 716 4204 est.
774 4149 990 4204 Sancta
1047 4149 1264 4205 deinde
1318 4150 1550 4206 civitate
1608 4156 1798 4221 capta,
1829 4166 2037 4205 rursus

384 4241 845 4299 Alexandrinam
876 4241 951 4297 ad
978 4247 1249 4297 sanctum
1278 4244 1565 4299 Joannem
1612 4242 2036 4314 Eleemosyna-

385 4332 542 4389 rium
573 4330 739 4399 abiit,
764 4346 951 4401 eoque
982 4330 1098 4385 vita
1125 4331 1348 4393 functo,
1383 4331 1597 4386 iterum
1629 4330 2039 4402 Hierosolyma

386 4437 691 4495 regressus
713 4426 821 4476 est.
848 4422 991 4475 Cum
1022 4427 1218 4476 autem
1247 4420 1650 4491 plureslibros
1672 4420 2035 4492 composuis-

388 4517 497 4581 set,
528 4510 1012 4581 diversorumque
1045 4516 1387 4565 sanctorum
1435 4511 1711 4566 encomia
1756 4526 2033 4581 persecu-

387 4606 481 4656 tus
514 4600 740 4667 fuisset,
761 4606 820 4655 et
840 4601 1015 4655 vitam
1040 4605 1260 4655 sancta
1283 4599 1475 4655 Maria
1497 4599 1777 4655 humana
1805 4604 2032 4655 natura

385 4690 608 4744 viribus
639 4689 928 4759 majorem
968 4689 1443 4760 conscripsisset,
1500 4705 1737 4762 gregem
1796 4705 2031 4760 quoque

388 4781 664 4837 Ecclesia
698 4781 797 4837 Dei
831 4782 1052 4853 optime
1111 4781 1378 4837 duxisset
1427 4786 1487 4837 et
1515 4781 1924 4854 gubernasset,
1958 4782 2033 4840 ad

389 4876 740 4942 Domenum,
773 4891 951 4946 quem
981 4880 1303 4946 optaverat,
1340 4875 1401 4930 in
1430 4891 1574 4948 pace
1600 4874 1890 4950 migravit.

954 4995 1195 5051 EODEM
1215 4994 1467 5051 MENSE.

964 5087 1068 5142 Die
1106 5086 1462 5145 duodecima
1528 5092 1529 5095 “

390 5177 492 5234 18
522 5175 786 5233 Memoria
813 5180 994 5233 sancti
1041 5178 1223 5232 Patris
1276 5180 1450 5233 nostri
1507 5177 1867 5251 Theophanis,
1894 5194 2033 5238 con:-

847 5270 1069 5337 fessoris
1095 5270 1154 5322 in
1181 5284 1383 5337 magno
1410 5268 1571 5338 Agro.

462 5356 712 5413 Sanctus
762 5357 935 5412 Pater
985 5362 1191 5411 noster
1264 5356 1674 5427 Theophanes,
1731 5356 2035 5414 nobilibus

391 5452 569 5519 atque
600 5446 995 5517 locupletibus
1037 5444 1379 5517 parentibus
1408 5451 1585 5501 natus
1626 5452 1794 5518 patre
1823 5446 2033 5502 defun-

392 5541 508 5603 cto,
541 5551 573 5591 a
602 5541 791 5591 matre
832 5534 1116 5591 educatus
1164 5534 1294 5590 fuit.
1355 5542 1663 5590 Annorum
1722 5534 2035 5591 duodecim

389 5627 601 5695 factus,
662 5629 876 5701 puella
930 5628 1260 5701 desponsus
1304 5632 1412 5686 est.
1480 5645 1658 5699 quam
1718 5644 1852 5685 cum
1910 5628 2034 5684 suis

392 5718 909 5779 adhortationibus
939 5718 1013 5778 ad
1052 5717 1402 5777 servandam
1428 5717 1823 5793 virginitatem
1854 5720 2033 5779 indu-

2137 3346 2243 3401 ἀπὸ
2275 3353 2374 3415 τῆς
2405 3344 2596 3423 χώρας
2628 3346 2918 3416 Φοινίκης,
2957 3345 3174 3409 πόλεως
3224 3342 3281 3401 δὲ
3329 3352 3643 3419 Δαμασκοῦ,
3692 3348 3782 3403 εύ-

2136 3430 2308 3492 σεϐὧν
2338 3436 2430 3491 καὶ
2478 3434 2774 3513 σωφρόνων
2834 3434 3037 3510 γονέων
3090 3434 3230 3498 υίός.
3287 3434 3507 3514 Εὑφυὴς
3563 3433 3621 3492 δὲ
3684 3434 3782 3511 ὢν,

2137 3521 2333 3597 ἔμαθεν
2383 3530 2554 3580 πᾶσαν
2607 3522 2921 3595 Ελληνικήν
2971 3523 3060 3578 καὶ
3109 3526 3498 3600 Χριστιανικήν
3540 3528 3781 3604 γραφήν.

2141 3614 2268 3671 Εἶτα
2295 3614 2394 3681 τὴν
2452 3609 2690 3688 μάνδραν
2742 3616 2840 3665 τοῦ
2901 3610 3143 3687 μεγάλου
3195 3610 3489 3668 Θεοδοσίου
3542 3613 3781 3669 κατέλα-

2139 3698 2253 3775 ϐεν,
2286 3702 2338 3760 ἐν
2475 3707 2647 3758 πᾶσαν
2709 3699 2903 3771 διῆλθε
2952 3705 3195 3781 Γραφήν.
3244 3704 3476 3759 Ἔπειτα
3536 3703 3623 3759 ἐπὶ
3680 3705 3782 3773 τήν

2139 3791 2545 3869 Ἀλεξάνδρειαν
2578 3788 2816 3861 ἀπῆλθε,
2872 3788 3127 3855 πλείονος
3181 3793 3433 3868 γνώσεως
3480 3791 3783 3871 ἐφιέμενος*

2141 3881 2231 3939 διὰ
2261 3880 2320 3939 δὲ
2367 3882 2467 3951 τὴν
2525 3885 2747 3958 γνῶσιν,
2812 3878 2902 3935 καὶ
2959 3882 3060 3951 τὴν
3124 3876 3573 3955 ὑπερϐάλλουσαν
3623 3882 3786 3939 αὑτοῦ

2138 3973 2335 4048 ἀρετὴν
2412 3970 2705 4033 ἐπίσκοπος
2786 3970 3187 4047 Ἰεροσολύμων
3270 3971 3497 4047 γίνεται.
3556 3975 3673 4042 Τῆς
3732 3970 3792 4029 δὶ

2141 4062 2297 4138 ἁγίας
2351 4062 2569 4125 πόλεως
2654 4060 3146 4137 πολιορκηθείσης,
3231 4059 3397 4118 πάλιν
3457 4063 3535 4126 είς
3593 4062 3785 4135 Ἀλεξ-

2141 4148 2388 4227 άνδρειαν
2446 4151 2585 4222 πρὸς
2640 4150 2730 4206 τὸν
2791 4149 2941 4225 ἅγιον
3004 4150 3262 4221 Ἰωάννην
3313 4151 3405 4206 τὸν
3475 4150 3787 4225 Ἐλεήμονα

2140 4238 2459 4315 ἀπέρχεται,
2518 4237 2610 4294 καὶ
2671 4239 2804 4311 μετὰ
2858 4236 3118 4306 τελευτὴν
3180 4237 3390 4295 ἐκείνου
3466 4239 3631 4296 πάλιν
3708 4239 3785 4304 εἲς

2140 4328 2495 4403 Ἱεροσόλυμα
2524 4326 2868 4404 ὑποστρέφει,
2901 4324 3131 4390 Πολλὰς
3163 4324 3220 4383 δὲ
3273 4324 3502 4403 βίϐλους
3553 4349 3788 4405 συγγρα-

2139 4419 2404 4492 ψάμενος,
2480 4417 2568 4473 καὶ
2627 4413 2922 4490 διαφόρους
3015 4418 3208 4491 ἁγίους
3293 4415 3642 4492 έγκωμιάσας
3697 4418 3789 4474 καὶ

2142 4507 2349 4570 συνθείς
2401 4506 2465 4563 τὸ
2525 4506 2655 4579 ὑπὶρ
2714 4504 2999 4579 ἄνθρωπον
3063 4502 3312 4581 διήγημα
3361 4511 3457 4563 τοῦ
3516 4507 3641 4584 βίου
3688 4515 3791 4578 τῆς

2142 4597 2293 4658 ὁσίας
2325 4596 2556 4671 Μαρίας,
2585 4594 2675 4649 καὶ
2735 4592 2918 4657 καλῶς
2963 4595 3027 4650 τὸ
3074 4598 3334 4670 ποίμνιον
3370 4601 3473 4662 τῆς
3519 4601 3618 4654 τοῦ
3656 4601 3789 4655 Θεοῦ

2143 4684 2471 4755 Ἐκκλησίας
2506 4686 2925 4760 χειραγωγήσας
2957 4683 3046 4739 καὶ
3079 4683 3283 4755 ἷθύνας,
3322 4684 3375 4741 έν
3411 4685 3600 4764 εἰρήνῃ
3652 4687 3789 4763 πρὸς

2142 4775 2363 4852 Κύριον,
2395 4776 2452 4830 8v
2486 4773 2773 4846 ἐπόθησεν,
2805 4771 3158 4846 έξεδήμησεν.

2697 4980 2877 5040 ΜΠΝΙ
2912 4984 3000 5036 ΤΩ
3037 4981 3236 5041 ΑΥΤΩ.

2927 5072 2995 5130 IB

2144 5173 2357 5245 Μνήμη
2413 5173 2512 5226 τοῦ
2567 5170 2724 5227 ὁσίου
2777 5170 2989 5298 Πατρός
3071 5171 3232 5242 ἡμῶν
3315 5170 3637 5248 Θεοφάνους,
3692 5177 3791 5231 τοῦ

2386 5242 2740 5298 ὁμολογητοῦ
2763 5242 2862 5298 τοῦ
2915 5265 2942 5297 ν
2971 5240 3053 5298 τῶ
3086 5240 3313 5298 μεγάλω
3341 5245 3541 5298 Ἀγοῶ-

2386 5242 2740 5319 ὑμολογητοῦ
2763 5242 2862 5298 τοῦ
2891 5240 2942 5298 ἰν
2971 5240 3053 5315 τῷ
3085 5240 3313 5319 μεγάλῳ
3341 5240 3541 5320 Ἀγρῷ,

2216 5360 2495 5438 Θεοφάνης
2526 5359 2554 5414 ὁ
2586 5356 2735 5421 ὅσιος
2766 5358 2950 5432 Πατὴρ
2982 5358 3171 5431 ἡμῶν,
3227 5358 3472 5435 ὑπῆρχεν
3526 5360 3643 5423 υίὸς
3691 5383 3791 5437 γο..

2142 5450 2278 5506 νέων
2310 5448 2543 5524 εὐγενῶν
2601 5448 2692 5503 καὶ
2744 5446 3044 5505 πλουσίων.
3102 5446 3540 5519 Τελευτήσαντος
3589 5447 3647 5505 δὲ
3694 5455 3793 5507 τοῦ

2144 5539 2368 5615 πατρὸς,
2435 5537 2498 5606 ἧν
2559 5538 2993 5616 ἆνατρεφόμενος
3051 5538 3199 5609 παρὰ
3250 5544 3353 5607 τῆς
3411 5540 3644 5614 μητρός.
3695 5546 3793 5597 Γε-

2142 5628 2373 5701 νόμενος
2404 5624 2463 5682 δὲ
2492 5623 2857 5697 δωδεωετής,
2888 5626 3221 5701 ωνεζεύχθη
3260 5628 3499 5702 γυναικῒ,
3535 5628 3626 5683 καὶ
3669 5630 3791 5686 πεί.

2146 5737 2239 5781 σας
2266 5715 2437 5788 αὐτὴν
2492 5714 2582 5774 διὰ
2634 5723 2735 5791 τῆς
2794 5713 3157 5779 διδασκαλίας·
3201 5714 3368 5774 αὑτοῦ
3424 5717 3791 5796 παρθενεύειν,
