4134 6302
315 385 425 444 349

1838 384 2213 445 MAHTIUS.

3603 393 3723 455 350

319 514 573 588 ἀπέκηρεν
602 511 781 582 αὐτὴν
819 513 877 570 ὲν
917 518 989 589 τῇ
1045 517 1143 580 τῆς
1193 514 1539 591 Ηριγκίππου
1600 512 1761 589 μονῇ.
1795 513 1963 576 Αὐτὸς

2084 517 2287 581 xisset.
2308 517 2369 573 in
2395 518 2754 574 monasterio
2783 517 3077 591 Principis
3107 520 3387 576 totondit.
3417 523 3549 595 Ipse
3572 542 3730 593 vero,

320 601 378 659 δὶ
404 600 676 675 διανείμας
709 604 812 658 τὸν
846 603 1086 660 πλοῦτον
1116 607 1234 666 τοῖς
1290 604 1540 674 πένησιν,
1571 601 1824 667 ἀπελθὼν
1858 601 1975 679 ἐγέ-

319 714 432 751 νετο
466 694 706 769 μοναχὸς
740 694 799 750 ἑν
829 698 914 768 τῷ
967 700 1068 764 τῆς
1120 700 1415 769 Σιγριανῆς
1470 690 1584 768 ὄρει
1643 691 1974 767 διακειμένῳ

324 782 689 858 μοναστηρίῳ.
722 784 1018 858 Κρατήσας
1079 780 1138 839 δὲ
1198 781 1478 859 βασιλείας
1527 783 1677 838 Λέων
1710 783 1738 837 6
1772 782 1973 857 Ἀρμέ-

318 892 453 930 νιος.
481 869 867 945 Εἶκονομάχος
918 865 1016 939 ὤν,
1075 867 1279 940 ἤκουσε
1328 870 1452 944 περὶ
1497 876 1597 939 τῆς
1653 870 1848 944 ἀρετῆς
1876 868 1973 923 τοῦ

318 961 475 1037 ἁγίου
537 961 871 1035 Θεοφάνους,
902 960 992 1016 καὶ
1031 958 1362 1037 προστείλας
1386 959 1583 1035 ἤγαγεν
1614 958 1774 1016 αὐτὸν
1806 958 1858 1015 ἐν
1902 963 1972 1034 τῇ

322 1048 685 1125 βασιλευούσῃ
721 1093 736 1120 ,
794 1050 1209 1126 καταναγκάζων
1295 1048 1574 1104 συνελθεῖν
1646 1051 1715 1122 τῇ
1771 1046 1975 1122 αἱρέσει

320 1138 502 1195 αὐτοῦ.
561 1139 655 1209 Μὴ
711 1138 898 1201 πείσας
956 1136 1035 1210 δὲ,
1094 1142 1313 1215 πρῶτον
1370 1139 1464 1211 μὶν
1520 1137 1836 1193 ἀπέκλεισεν
1896 1135 1975 1200 εἴς

319 1227 589 1307 φυλακήν.
618 1231 847 1286 Ἔπειτα
892 1236 996 1299 τῆς
1026 1226 1275 1306 φυλακῆς
1336 1223 1585 1285 ἐκϐαλὼν
1615 1270 1630 1294 ,
1686 1227 1778 1283 καὶ
1808 1225 1972 1283 πάλιν

318 1319 719 1396 καταναγκάσας
774 1321 1111 1396 ἀρνήσασθαι
1165 1322 1268 1391 τήν
1312 1323 1422 1374 τῶν
1480 1322 1691 1374 σεπτῶν
1750 1317 1971 1373 είκόνων

314 1409 682 1485 προσκύνησιν
718 1453 734 1480 ,
794 1408 912 1466 ίπεὶ
997 1411 1144 1486 δώρα
1223 1406 1364 1483 μηδὶ
1439 1406 1586 1470 ὅλως
1642 1407 1971 1483 ἀνεχόμενον

316 1504 477 1555 τοῦτο
500 1500 749 1569 ἀκοῦσαι,
811 1498 1062 1575 ἰξώρισεν
1120 1499 1198 1561 είς
1258 1497 1649 1575 Σαμοθρᾴκην·
1704 1492 1831 1562 ἔνθα
1881 1497 1973 1552 καὶ

319 1587 624 1645 ἀπελοοντα
652 1590 746 1644 τὸν
774 1588 952 1663 ἅγιον,
981 1589 1071 1644 καὶ
1135 1587 1325 1664 ὀλίγον
1381 1583 1770 1656 ἂπιϐιώσαντα,
1801 1606 1972 1662 προσ-

320 1673 544 1735 ελάϐετο
576 1679 606 1734 ὁ
636 1677 855 1752 Κύριος.

2080 604 2468 661 distributoin
2482 624 2771 679 pauperes
2791 609 3170 680 patrimonio.
3197 610 3273 665 ad
3299 613 3729 670 monasterium

2078 695 2141 752 in
2173 702 2375 752 monte
2397 698 2677 770 Sigrianae
2708 698 2968 771 positum
2993 699 3311 771 profectus,
3346 701 3565 758 ibidem
3599 720 3731 760 mo-

2078 787 2332 842 nachum
2364 787 2576 843 induit.
2611 788 2755 844 Cum
2795 794 2994 844 autem
3022 791 3135 845 Leo
3187 792 3476 846 Armenus
3524 792 3728 849 Icono-

2080 876 2325 931 machus
2365 876 2681 947 imperium
2740 878 3050 949 tenuisset,
3108 880 3296 934 sancti
3356 880 3733 954 Theophanis

2078 966 2354 1021 virtutem
2375 967 2735 1040 intelligens,
2768 968 2840 1023 ad
2856 968 3063 1025 urbem
3084 970 3306 1042 regiam
3327 969 3499 1027 illum
3529 972 3730 1030 venire

2071 1056 2255 1128 jussit
2308 1056 2644 1128 instititque
2691 1062 2757 1112 ut
2804 1058 3015 1114 hmresi
3068 1059 3256 1131 ipsius
3317 1062 3729 1118 assentiretur.

2080 1144 2247 1212 Quod
2281 1162 2419 1201 cum
2479 1147 2941 1219 haudquaquam
2998 1149 3416 1221 persuasisset,
3468 1149 3731 1221 primum

2081 1235 2322 1306 quidem
2350 1235 2632 1291 custodia
2662 1236 2833 1291 illum
2878 1237 3107 1293 includi
3164 1237 3503 1294 mandavit:
3535 1244 3670 1311 post
3698 1256 3729 1294 e

2080 1339 2315 1379 carcere
2346 1323 2624 1379 eductum
2656 1341 2866 1380 rursus
2888 1324 3135 1397 urgebat
3162 1330 3229 1381 ut
3255 1326 3730 1384 venerandarum

2078 1413 2403 1483 imaginum
2463 1413 2688 1468 cultum
2746 1415 3048 1484 ejuraret:
3109 1414 3727 1487 animadvertensque,

2078 1501 2251 1557 illum
2277 1518 2387 1557 nec
2424 1503 2679 1557 tolerare
2730 1503 2880 1559 velle
2934 1521 3066 1575 qum
3126 1504 3498 1572 dicebantur,
3533 1506 3595 1560 in
3629 1506 3736 1562 Sa—

2078 1592 2468 1648 mothraciam
2524 1592 2824 1665 relegavit.
2911 1594 3034 1659 Quo
3101 1594 3403 1666 profectus
3465 1600 3730 1662 sanctus,

2080 1696 2216 1735 cum
2271 1697 2483 1754 parum
2539 1681 2979 1754 supervixisset,
3010 1699 3045 1738 a
3074 1683 3329 1739 Domino
3389 1689 3730 1757 assumptus

2084 1775 2192 1826 est.

322 1857 419 1911 Καὶ
453 1857 649 1930 μνήμη
681 1859 781 1911 τοῦ
819 1853 875 1911 ἂν
929 1854 1103 1932 ἁγίοις
1160 1855 1372 1929 Ηατρὸς
1420 1855 1583 1928 ἡμῶν
1642 1852 1963 1930 Γρηγορίου1

2084 1861 2153 1915 Et
2177 1861 2610 1915 commemoratio
2638 1862 2818 1916 sancti
2852 1862 3036 1917 Patris
3091 1863 3270 1918 nostri
3325 1863 3596 1932 Gregorii,
3615 1878 3733 1934 pa-

930 1944 1083 2001 πάπα
1116 1945 1361 2018 Ῥώμης·

394 2060 517 2119 Ἐπὶ
571 2064 676 2126 τῆς
728 2061 1116 2120 Ἰουστινιανοῦ
1170 2058 1450 2138 βασιλείας
1507 2060 1753 2135 ὑπῆρχεν
1804 2060 1963 2123 οὗτος

324 2152 350 2205 6
397 2151 550 2226 ἅγιος
606 2149 935 2226 Γρηγόριος,
988 2151 1231 2225 μοναχὸς
1264 2147 1316 2205 έν
1350 2148 1697 2223 μοναστηρίῳ
1726 2147 1962 2221 πλησίον

318 2240 579 2313 Ῥώμης·
639 2242 705 2309 ἧν
764 2237 821 2295 δὲ
871 2239 1009 2294 πάνυ
1096 2238 1339 2315 ἐνάρετος
1376 2258 1389 2272 ·
1472 2238 1846 2313 καταξαίρετον
1908 2236 1965 2294 δὶ

312 2326 591 2400 ἐλεήμων.
652 2331 975 2403 Δοκιμάζων
1034 2326 1091 2384 δὲ
1147 2328 1304 2384 αὐτὸν
1362 2329 1391 2383 6
1444 2328 1598 2399 Θεὸς,
1650 2325 1961 2385 ἀπέστειλεν

316 2415 541 2493 ἅγγελδν
602 2418 736 2493 πρὸς
824 2417 986 2474 αὐτὸν
1074 2417 1127 2474 ἐν
1195 2419 1441 2494 σχήματι
1529 2419 1960 2493 ναυαγήσαντος·

316 2507 404 2562 καὶ
464 2505 617 2582 εὗρεν
669 2506 832 2562 αὐτὸν
891 2506 1174 2581 πρόθυμον
1229 2507 1366 2582 πρὸς
1419 2508 1481 2562 τὸ
1542 2505 1774 2562 δοῦναι·
1842 2528 1966 2562 πεν-

314 2598 554 2666 τήκοντα
582 2597 688 2672 γὰρ
734 2595 1049 2669 νομίσματα
1103 2593 1304 2651 δέδωκε
1357 2601 1438 2669 τῷ
1489 2595 1792 2667 αἲτήσαντι,
1853 2597 1964 2652 εἶτα

311 2682 389 2757 ἓξ,
418 2687 513 2740 καὶ
551 2691 737 2759 τρίτον
784 2682 960 2759 ἔτερα,
1013 2684 1119 2747 ἓως
1177 2682 1404 2740 έκένωσε
1432 2686 1495 2739 τὸ
1527 2685 1579 2741 ἐν
1600 2689 1668 2759 τῇ
1705 2689 1846 2760 μονῇ
1874 2708 1957 2741 σι-

317 2775 533 2851 τάρκιον
562 2779 664 2830 τοῦ
694 2774 946 2850 χρυσίου.
1006 2773 1112 2831 Καὶ
1169 2774 1460 2849 γενόμενος
1506 2774 1792 2850 ἀρχιερεὺς
1819 2775 1964 2831 Ῥώ-

330 2886 448 2935 μης,
491 2864 778 2919 συνεκάλει
829 2865 949 2928 καθ’
1006 2864 1215 2939 ἡμέραν
1272 2860 1483 2918 δώδεκα
1537 2863 1828 2939 πτωχοὺς·
1874 2864 1963 2921 καὶ

322 2950 553 3029 ἐφαίνετο
582 2953 733 3025 αὐτῷ
763 2952 918 3026 μόνῳ
966 2956 1053 3008 καὶ
1112 2950 1575 3028 τρισκαιδέκατος,
1632 2952 1721 3007 καὶ
1753 2952 1962 3028 ἐρωτή-

317 3061 498 3103 σαντος
553 3041 718 3097 αὐτὸν
778 3039 947 3096 εἰπεῖν
1000 3042 1063 3096 τὸ
1116 3041 1280 3095 αὐτοῦ
1337 3035 1535 3114 ὄνομα,
1592 3038 1847 3111 ἤκουσεν,
1880 3042 1963 3097 ὅτι

309 3132 639 3204 θαυμαστόν·
712 3130 804 3185 καὶ
854 3128 1026 3193 οὕτως
1074 3129 1380 3201 ἐσιώπησεν
1467 3132 1767 3200 συννοήσας
1801 3173 1817 3197 ,
1875 3131 1958 3186 ὅτι

2739 1965 2837 2021 pas
2860 1953 3066 2008 Romae.

2142 2065 2475 2123 Iustiniano
2507 2067 2840 2139 imperante
2886 2067 2998 2123 iste
3030 2073 3270 2124 sanctus
3319 2069 3634 2141 Gregorius
3662 2070 3727 2127 in

2072 2157 2440 2211 monasterio
2482 2172 2666 2228 prOpe
2714 2159 2962 2212 Romam
3010 2158 3368 2213 monachum
3403 2158 3539 2230 egit.
3582 2161 3729 2214 Cum

2072 2249 2271 2300 autem
2318 2245 2632 2300 virtutibus
2691 2245 2989 2313 omnibus,
3050 2263 3118 2301 ac
3158 2247 3457 2318 praecipue
3490 2248 3729 2302 miseri-

2072 2334 2274 2391 cordia
2294 2335 2356 2389 in
2377 2351 2668 2406 pauperes
2682 2334 2966 2406 prasditus
2983 2340 3159 2401 esset,
3176 2335 3348 2390 illum
3366 2336 3729 2407 probaturus

2071 2425 2248 2495 Deus,
2280 2424 2557 2497 angelum
2588 2423 2695 2479 sub
2727 2421 2994 2497 naufragi
3044 2425 3238 2497 specie
3282 2426 3355 2481 ad
3378 2442 3514 2481 eum
3545 2427 3730 2495 misit,

2071 2515 2385 2585 ipsumque
2408 2513 2483 2569 ad
2504 2514 2764 2569 dandum
2786 2515 3256 2586 paratissimum,
3281 2516 3503 2588 reperit
3529 2516 3735 2586 :quin-

2071 2602 2354 2674 quaginta
2376 2618 2633 2674 namque
2660 2619 2937 2658 nummos
2957 2605 3181 2675 petenti
3208 2605 3492 2659 continuo
3516 2620 3731 2660 nume-

2070 2691 2241 2755 ravit,
2273 2691 2488 2746 deinde
2519 2708 2642 2757 sex,
2674 2698 2975 2762 postremo
3000 2698 3120 2747 tres
3152 2693 3324 2759 alios,
3357 2694 3545 2750 donec
3579 2694 3730 2765 auri,

2072 2778 2231 2851 quod
2262 2778 2324 2835 in
2355 2780 2719 2834 monasterio
2751 2780 3027 2845 habebat,
3064 2797 3408 2837 crumenam
3435 2782 3728 2838 exhausit.

2072 2870 2281 2925 Factus
2320 2875 2519 2924 autem
2552 2867 2818 2940 pontifex
2864 2870 3191 2937 Romanus,
3221 2887 3356 2925 cum
3416 2871 3731 2926 duodecim

2073 2958 2339 3031 quotidie
2370 2974 2660 3029 pauperes
2692 2973 3016 3013 convocare
3069 2959 3306 3025 soleret,
3341 2958 3598 3031 quadam
3630 2958 3726 3015 die

2072 3047 2185 3121 ipsi
2213 3047 2323 3103 soli
2354 3047 2565 3101 tertius
2592 3046 2856 3102 decimus
2908 3047 3185 3118 apparuit
3214 3048 3314 3119 qui
3371 3053 3631 3120 rogatus,
3664 3051 3732 3104 ut

2076 3152 2249 3192 suum
2273 3135 2550 3208 proderet
2569 3136 3158 3207 nomen,respondit,
3180 3136 3292 3191 hoc
3323 3153 3451 3191 esse
3475 3135 3733 3192 admira-

310 3220 547 3295 ἄγγελος
595 3220 728 3275 Θεοῦ
786 3218 951 3277 ἐστιν.
1013 3218 1304 3293 Γενόμενος
1363 3216 1422 3274 δὶ
1476 3220 1657 3290 πάσης
1712 3218 1960 3284 παιδείας

2076 3225 2214 3281 bile.
2238 3226 2427 3291 Quare
2459 3224 2559 3280 ille
2590 3224 2895 3293 conticuit,
2928 3225 3269 3298 intelligens
3319 3225 3420 3280 Dei
3448 3224 3726 3297 angelum

307 3309 393 3364 καὶ
448 3316 673 3387 Γραφῆς
758 3307 1053 3385 ἔμπειρος,
1110 3306 1298 3364 πολλὰ
1344 3310 1743 3385 συγγράμματα
1796 3330 1962 3365 κατα-

2076 3332 2223 3372 esse.
2242 3319 2387 3371 Cum
2410 3320 2608 3370 autem
2632 3315 2693 3369 in
2716 3315 2994 3371 omnibus
3012 3315 3298 3370 doctrinis
3324 3321 3382 3370 et
3403 3314 3726 3385 Scripturis

306 3398 564 3456 λέλοιπεν
628 3402 1061 3476 ὑπαγορευθέντα
1150 3400 1243 3472 μὲν
1298 3400 1633 3472 Ῥωμαϊστὶ,
1694 3400 1961 3473 ἑρμηνευ-

308 3490 454 3544 θὲντα
487 3488 914 3559 δὶἙλληνιστί.
973 3491 1149 3560 Ζήσας
1205 3486 1263 3543 δὲ
1316 3487 1510 3557 οὕτως,
1568 3487 1659 3542 καὶ
1717 3490 1962 3562 θαύματα

310 3575 538 3655 διάφορα
568 3576 961 3654 ἔργασάμενος,
1020 3576 1072 3631 έν
1128 3577 1319 3653 εἰρήνῃ
1351 3577 1487 3651 πρὸς
1542 3576 1744 3650 Κύριον
1777 3575 1957 3649 ἐξεδή-

319 3688 508 3739 μησεν.

862 3859 1039 3912 MHNI
1071 3856 1164 3912 T0
1195 3855 1402 3912 ΑΥΤΩ.

480 4036 750 4109 Ἀθλησις
790 4039 888 4091 τοῦ
918 3946 1383 4111 ἁγίουῗάρτυρος
1414 4031 1790 4110 Ἀλεξάνδρου.

390 4149 739 4228 Ἀλεξανδρος
766 4153 794 4207 6
825 4152 979 4228 ἅγιος
1023 4150 1114 4206 καὶ
1161 4146 1375 4221 ἔνδοξος
1428 4150 1633 4225 μάρτυς
1685 4152 1782 4204 τοῦ
1832 4150 1961 4222 Χρι⁹

328 4247 471 4311 οτοῦ,
503 4241 558 4298 ἐν
586 4246 705 4303 τοῖς
735 4245 952 4317 καιροῖς
982 4244 1081 4295 τοῦ
1124 4236 1392 4314 διωγμοῦ,
1422 4238 1512 4293 καὶ
1567 4237 1617 4293 ἐν
1670 4244 1751 4312 τῷ
1782 4239 1961 4295 σκότει

326 4338 418 4401 τῆς
450 4330 660 4402 πλάνης
715 4334 823 4386 τῶν
885 4326 1332 4403 εΐδωλολατρῶν,
1391 4326 1574 4401 ὣσπερ
1637 4326 1963 4406 πολύφωτος

317 4421 492 4497 άστήρ
544 4419 598 4474 ἐν
650 4414 894 4491 εὐσεϐείᾳ
939 4415 1237 4491 διέλαμπεν
1287 4416 1339 4472 ἐν
1399 4413 1581 4492 Πύδνῃ
1632 4419 1702 4490 τῇ
1760 4416 1962 4489 πόλει,

318 4512 414 4579 τήν
473 4508 661 4583 μανίαν
719 4512 824 4563 τῶν
882 4501 1155 4562 δυσσεϐῶν
1203 4503 1528 4580 διελέγχων,
1559 4504 1649 4560 καὶ
1688 4505 1780 4561 τὸν
1837 4511 1967 4578 Χρισ

2070 3410 2229 3462 esset
2274 3410 2560 3471 versatus,
2622 3405 2963 3476 complures
3004 3405 3450 3462 lucubrationes
3480 3404 3729 3475 reliquit

2072 3498 2276 3553 Latino
2308 3513 2584 3552 sermone
2615 3497 2995 3567 compositas,
3045 3497 3107 3551 in
3162 3498 3431 3552 Graacum
3464 3501 3598 3566 post
3627 3496 3732 3549 14

2072 3601 2409 3642 conversas.
2443 3586 2575 3639 Vita
2604 3584 2802 3655 itaque
2853 3585 3012 3639 hunc
3043 3585 3104 3639 in
3139 3585 3382 3640 modum
3432 3582 3725 3651 traducta,

2073 3684 2132 3734 et
2158 3679 2334 3734 variis
2366 3678 2613 3750 patratis
2659 3678 2989 3744 miraculis,
3022 3678 3085 3733 in
3115 3693 3258 3750 pace
3290 3677 3365 3733 ad
3414 3675 3731 3732 Dominum

2073 3766 2366 3841 migravit.

2642 3855 2885 3912 EODEM
2908 3854 3158 3910 MENSE.

2608 3944 2710 3999 Die
2745 3942 2976 3999 decima
3019 3943 3196 3999 tertia

2318 4032 2601 4088 Certamen
2628 4036 2806 4089 sancti
2838 4032 3103 4104 martyris
3140 4032 3481 4089 Alexandri.

2145 4149 2394 4205 Sanctus
2426 4152 2483 4205 et
2529 4149 2824 4222 gloriosus
2856 4149 3071 4205 Christi
3127 4154 3353 4221 martyr
3398 4149 3733 4206 Alexander

2072 4239 2439 4311 temporibus
2471 4240 2926 4311 persecutionis,
2954 4246 3012 4295 et
3031 4240 3187 4297 inter
3209 4241 3484 4297 tenebras
3507 4240 3726 4296 erroris

2074 4328 2485 4396 idolatrarum,
2518 4329 2677 4384 velut
2722 4329 3277 4401 splendidissimum
3311 4331 3473 4386 sidus
3505 4330 3724 4400 pietate

2073 4417 2307 4473 refulsit
2336 4418 2397 4473 in
2426 4418 2575 4473 urbe
2606 4418 2828 4491 Pydna.
2876 4420 3021 4475 Cum
3053 4425 3250 4474 autem
3282 4419 3605 4489 impiorum
3636 4418 3727 4474 in-

2076 4509 2308 4565 saniam
2339 4509 2737 4581 redargueret,
2767 4510 3187 4581 Christumque
3216 4510 3411 4581 palam
3434 4512 3730 4581 praedica-

317 4598 437 4653 στὸν
462 4580 705 4673 ῥανερῶς
738 4595 1046 4669 κηρύττων,
1077 4594 1167 4651 καὶ
1216 4591 1463 4657 πολλοιῖς
1515 4598 1625 4649 τῶν
1684 4593 1963 4665 Ἑλλήνων

2081 4603 2191 4665 ret,
2224 4604 2283 4654 et
2309 4615 2379 4653 ex
2401 4580 2616 4653 Graecis
2640 4598 2976 4669 complures
2999 4598 3073 4654 ad
3100 4580 3274 4654 illum
3299 4580 3599 4655 traductos
3627 4602 3729 4659 ba-

318 4686 649 4764 έπιστρέφων
736 4685 872 4761 πρὸς
956 4683 1113 4739 αὐτὸν
1158 4683 1249 4739 καὶ
1328 4682 1630 4759 βαπτίζων.
1689 4682 1852 4738 Οίίτω
1907 4680 1965 4740 δὲ

307 4780 505 4844 ποιῶν,
537 4774 612 4837 είς
668 4773 836 4850 όργήν
890 4772 1129 4844 ἐκίνησε.
1185 4773 1305 4828 καθ’
1364 4771 1557 4827 ἑαυτοῦ
1611 4771 1740 4828 τοὺς
1800 4768 1963 4827 εἰδω-

311 4862 583 4937 λολάτρας
637 4864 736 4932 τὴν
795 4860 1104 4939 παῤῥησίαν
1175 4861 1338 4917 αὐτοῦ
1410 4861 1499 4916 καὶ
1579 4860 1642 4916 τὸ
1722 4860 1961 4937 ἰσχυρὸν

304 4956 395 5009 τοῦ
451 4951 622 5027 λόγου
676 4952 755 5025 μὴ
812 4950 1230 5023 ὑπομείναντας.
1286 4950 1447 5009 Ὅθεν
1503 4947 1955 5026 ὶπισυναχθέντες

305 5042 417 5095 κατ’
475 5041 666 5109 αὐτοῦ,
724 5038 815 5094 καὶ
872 5039 1238 5114 κρατήσαντες
1296 5035 1481 5107 αὐτὸν,
1536 5035 1960 5113 ὶτιμωρήσαντο

306 5130 565 5206 ίσχυρῶς,
593 5129 685 5184 καὶ
738 5123 934 5202 ἔτυψαν
983 5128 1146 5184 αὐτὸν
1206 5124 1463 5204 ἀφειδῶς,
1519 5126 1956 5201 καταναγκάσαν-

301 5240 382 5281 τες
411 5218 570 5275 αὐτὸν
604 5219 759 5272 θῦσαι
790 5222 907 5280 τοῖς
938 5216 1194 5287 ἀνοήτοις
1253 5220 1420 5281 θεοῖς.
1452 5216 1540 5278 Ὠς
1571 5213 1630 5271 δὲ
1685 5214 1785 5270 οὐκ
1812 5211 1951 5271 ἔπει-

302 5328 388 5362 σαν
422 5354 440 5380 ,
510 5302 868 5363 κατεδίκασαν
956 5305 1119 5362 αὐτὸν
1207 5296 1711 5383 ἀποκεφαλισθῆναι
1742 5347 1758 5363 .
1843 5305 1946 5363 Καὶ

298 5396 466 5460 οὕτως
493 5396 842 5473 εὐχαριστῶν
875 5397 954 5466 τῷ
1003 5399 1138 5467 Θεῷ,
1199 5395 1297 5465 τὴν
1363 5392 1605 5471 κεφαλὴν
1635 5392 1950 5468 ἑκτμηθεῖς,

308 5485 582 5560 παρέδωκε
608 5487 711 5556 τήν
775 5485 1040 5561 μακαρίαν
1094 5483 1257 5540 αὐτοῦ
1316 5487 1501 5561 ψυχὴν
1547 5483 1627 5559 τῷ
1684 5483 1820 5557 Θεῷ.
1874 5486 1951 5542 Τὸ

2073 4687 2340 4758 ptizaret,
2373 4702 2737 4757 paganorum
2768 4687 2917 4740 iram
2947 4687 3008 4741 in
3028 4704 3090 4741 se
3114 4689 3449 4756 commovit,
3476 4691 3576 4760 qui
3599 4692 3731 4763 ejus

2074 4775 2433 4842 libertatem,
2460 4780 2638 4846 atque
2654 4774 2715 4829 in
2738 4775 2990 4831 dicendo
3012 4777 3130 4832 vim
3154 4794 3306 4850 aagre
3330 4780 3726 4837 sustinebant.

2070 4865 2247 4922 Facta
2294 4864 2496 4937 itaque
2551 4864 3016 4936 conspiratione,
3048 4865 3222 4923 illum
3254 4868 3727 4940 comprehende-

2068 4960 2232 5023 runt,
2258 4970 2544 5028 saevaque
2568 4952 2901 5025 subjectum
2925 4956 3263 5026 quaestioni,
3283 4962 3460 5030 atque
3481 4958 3727 5017 durissi-

2068 5061 2164 5101 me
2222 5060 2463 5111 caesum,
2495 5043 2785 5117 urgebant
2835 5048 2901 5099 ut
2955 5044 3069 5101 diis
3129 5051 3327 5103 mente
3384 5048 3725 5106 carentibus

2067 5133 2427 5190 immolaret.
2451 5134 2595 5190 Cum
2616 5138 2815 5190 autem
2831 5133 2983 5190 nihil
3005 5133 3415 5206 profecissent,
3438 5136 3722 5195 decollari

2066 5223 2240 5279 illum
2260 5223 2497 5295 jubent.
2533 5224 2715 5295 Atque
2760 5223 2918 5279 hunc
2974 5224 3034 5280 in
3078 5225 3324 5282 modum
3354 5227 3473 5282 Deo
3503 5228 3723 5299 gratias

2065 5328 2267 5385 agens,
2318 5312 2512 5385 capite
2570 5312 2802 5384 plexus.
2836 5312 3075 5369 beatum
3133 5315 3413 5386 spiritum
3470 5317 3721 5373 Domino

2064 5401 2345 5457 tradidit:
2374 5403 2663 5474 pretiosas
2704 5408 2907 5458 autem
2956 5402 3085 5473 ejus
3140 5403 3428 5474 reliquias
3458 5404 3723 5477 religiosi

2062 5490 2304 5563 quidam
2331 5491 2651 5548 Christiani
2682 5491 3031 5566 colligentes
3062 5497 3121 5547 et
3149 5499 3606 5568 componentes,
3629 5510 3693 5556 se
3710 5523 3733 5535 -

302 5577 354 5633 δὶ
377 5576 561 5650 τίμιον
589 5575 762 5632 αὐτοῦ
791 5573 1045 5649 λείψανον
1078 5570 1335 5647 δλόμενοί
1362 5593 1504 5637 τινες
1547 5580 1655 5629 τῶν
1699 5569 1947 5631 εὐλαϐὧν
2058 5580 2381 5652 pelierunt.

303 5670 630 5759 Χριστιανῶν
657 5665 752 5723 καὶ
783 5661 1217 5757 περιστείλαντι(
1241 5658 1465 5741 ἔθαψαν.
