4134 6302
405 382 522 442 851

657 514 726 568 Et
754 517 1024 568 certamen
1053 510 1231 565 sancti
1257 510 1516 579 martyris
1547 505 1758 561 Sabini.

461 603 733 668 Sabinus,
755 602 972 658 Christi
997 605 1240 671 martyr,
1266 615 1332 653 ex
1357 598 1594 669 regione
1617 594 1867 667 Egyptii
1889 595 2032 650 fuit:

387 700 630 767 propter
659 691 1102 748 incumbentem
1126 705 1257 744 vero
1290 687 1720 759 persecutionis
1751 685 2036 740 saavitiam

392 782 678 839 smculum
708 781 1010 840 deserens.
1041 780 1303 840 secessit,
1337 785 1396 833 et
1427 783 1592 832 extra
1649 776 1942 831 civitatem
1975 790 2036 829 se

389 873 620 930 abdidit
650 874 709 927 in
740 873 1008 944 exiguam
1038 869 1481 925 domunculam.
1516 868 1661 923 Cum
1689 873 1886 922 autem
1911 882 2038 920 ma-

393 980 511 1036 gna
538 963 1010 1018 Christianorum
1040 959 1358 1015 multitudo
1384 958 1456 1013 ab
1480 957 1774 1013 idolorum
1806 956 2040 1014 cultori-

391 1053 504 1109 bus
520 1050 1144 1123 comprehenderetur,
1166 1049 1418 1104 Sabinus
1435 1047 1613 1102 etiam
1633 1047 1916 1118 quaesitus
1928 1053 2038 1116 est,

399 1158 510 1197 nec
548 1142 843 1207 inventus,
877 1139 1035 1194 haud
1065 1139 1176 1194 levi
1237 1137 1510 1192 inﬁdeles
1567 1136 1770 1191 dolore
1821 1138 2037 1192 affecit.

394 1232 555 1286 Tunc
584 1229 894 1284 mendicus
925 1227 1167 1298 quidam
1197 1225 1406 1281 solitus
1435 1225 1510 1280 ad
1558 1225 1840 1279 Sabinum
1873 1241 2041 1280 acce-

398 1319 561 1384 dere,
594 1318 666 1373 ab
699 1334 886 1388 eoque
918 1316 1188 1387 aecipere
1225 1315 1404 1370 victui
1461 1313 1820 1380 necessaria,
1853 1314 2040 1369 idola-

395 1409 504 1464 tris
535 1407 718 1462 dixit:
752 1405 902 1471 Quid
928 1405 1147 1460 dabitis
1207 1405 1375 1471 mihi,
1410 1408 1468 1459 et
1520 1402 1830 1458 ostendam
1880 1402 2042 1457 vobis

399 1514 576 1570 quem
601 1495 866 1566 qumritis
894 1493 1176 1549 Sabinum
1198 1494 1224 1549 ?
1245 1493 1546 1548 Dederunt
1565 1497 1764 1546 autem
1790 1492 1842 1545 ei
1874 1508 2042 1546 num-

395 1605 524 1644 mos
555 1586 724 1650 duos,
759 1601 1015 1655 eumque
1047 1584 1255 1650 secuti,
1290 1584 1591 1638 irruerunt
1620 1583 1681 1637 in
1712 1581 2044 1637 domuncu-

393 1674 533 1742 lam,
567 1681 744 1746 atque
776 1675 1275 1746 comprehensum
1325 1673 1606 1728 Sabinum
1664 1673 2043 1742 vinctumque

394 1765 769 1820 adduxerunt
797 1763 872 1819 ad
894 1763 1228 1835 praesidem.
1263 1763 1417 1816 Dixit
1446 1778 1619 1832 porro
1643 1761 1714 1816 ad
1739 1777 1872 1815 eum
1898 1779 2042 1831 pra:-

1684 371 2124 433 MENOLOGII
2166 371 2367 434 PARS
2412 374 2518 434 Ill.

2058 506 2116 573 Α

3680 367 3799 427 353

2323 504 2421 558 Καὶ
2463 501 2693 574 ἀ¹θλησις
2721 504 2818 558 τοῦ
2848 498 3002 578 ἄγίου
3034 500 3308 577 μάρτυρος
3354 492 3610 554 Σαϐίνου.

2214 589 2468 661 Σαϐῖνος,
2501 596 2529 650 6
2559 599 2655 650 τοῦ
2687 595 2922 668 Χριστοῦ
2977 594 3203 666 μάρτυς,
3264 591 3510 664 ὑπῆρχεν
3570 589 3630 644 ἐκ
3683 594 3797 658 τῆς

2139 684 2328 758 χώρας
2375 683 2672 760 Λῖγύπτου’
2735 681 2824 738 διά
2881 680 2938 737 δὲ
2995 683 3093 751 τήν
3151 679 3498 752 ἐπικειμένην
3561 677 3799 754 ἀνάγκην

2141 778 2236 827 τοῦ
2295 771 2547 846 διωγμοῦ
2601 771 2920 828 καταλιπὼν
2969 770 3060 825 τὸν
3124 770 3354 841 κόσμον,
3419 768 3798 842 ἀνεχώρησεν,

2141 860 2230 916 καὶ
2279 860 2510 932 ἐξελθὼν
2587 857 2688 932 ἔξω
2739 868 2840 930 τῆς
2895 859 3112 921 πόλεως
3159 857 3520 914 κατεκύπτετο
3552 857 3605 912 ἐν
3631 854 3796 927 οίκή-

2146 972 2273 1023 ματι
2329 956 2530 1026 μικρῷ.
2599 949 2834 1006 Πολλῶν
2895 947 2953 1005 δὶ
3006 949 3390 1023 κρατουμένων
3455 950 3794 1022 Χριστιανῶν

2144 1039 2247 1094 ὑπὸ
2276 1043 2388 1093 τῶν
2419 1035 2864 1113 εἷδωλολατρῶν,
2923 1037 3166 1108 ἐζητεῖτο
3197 1039 3288 1091 καὶ
3345 1037 3374 1092 6
3423 1030 3678 1101 Σαϐῖνος,
3703 1033 3797 1089 καὶ

2147 1128 2224 1200 μὴ
2259 1127 2666 1200 εὑρισκόμενος,
2698 1125 2886 1182 ἐλύπει
2936 1125 3065 1189 τοὺς
3119 1123 3398 1188 ἀπίστους.
3458 1124 3599 1180 Τότε
3628 1143 3802 1197 προσ-

2144 1215 2318 1271 ελθὼν
2368 1218 2444 1278 εἷς
2500 1216 2748 1290 πτωχὸς,
2781 1216 2808 1270 6
2843 1215 2980 1290 πρὸς
3024 1213 3183 1270 αὐτὸν
3241 1211 3642 1288 ἀπερχόμενος,
3702 1209 3794 1266 καὶ

2146 1300 2442 1377 λαμϐάνων
2485 1307 2716 1383 τροφὴν,
2775 1307 2895 1359 εἷπε
2942 1310 3058 1365 τοῖς
3118 1300 3574 1378 εἰδωλολάτραις·
3611 1300 3674 1355 Τί
3703 1320 3802 1373 μοι

2147 1388 2348 1457 δίδοτε,
2379 1392 2529 1467 κάγὼ
2567 1389 2834 1462 ὑποδείξω
2867 1393 2993 1464 ὑμῖν
3055 1391 3114 1446 δν
3175 1395 3386 1461 ζητεῖτε
3443 1384 3693 1446 Σαϐῖνον.
3727 1389 3800 1445 Οἱ

2147 1477 2205 1534 δὲ
2233 1477 2436 1536 ἔδωκαν
2469 1480 2617 1552 αύτῷ
2673 1481 2989 1555 νομίσματα
3049 1479 3170 1535 δύο.
3231 1479 3333 1536 Καὶ
3391 1476 3796 1548 ἀκολουθήσαν-

2143 1591 2232 1633 τες
2281 1568 2429 1641 αὑτῷ
2476 1570 2563 1624 καὶ
2623 1569 2931 1631 ἐπιστάντες
3002 1573 3081 1640 τῷ
3130 1567 3422 1641 οῗκήματι,
3481 1567 3787 1642 ἐκράτησαν

2144 1659 2236 1714 τὸν
2272 1654 2517 1728 Σαϐῖνονς
2550 1658 2639 1713 καὶ
2673 1656 2930 1729 δήσαντες
2987 1655 3187 1732 ἤγαγον
3243 1659 3377 1732 πρὸς
3406 1658 3496 1712 τὸν
3529 1653 3802 1732 ἄρχοντα.

2151 1749 2246 1802 Καὶ
2280 1749 2392 1803 εἶπε
2423 1750 2557 1810 πσὸς
2589 1748 2750 1804 αὑτὸν
2808 1750 2837 1804 6
2895 1751 3104 1825 ἅρχων·
3167 1747 3264 1803 Διὰ
3315 1748 3392 1817 τί,
3443 1749 3801 1824 καταφρονῶν

391 1870 533 1910 ses:
587 1854 776 1918 Quare
831 1857 1218 1907 contemnens
1278 1851 1535 1906 edictum
1594 1850 2037 1920 imperatorum,

2151 1842 2246 1894 τοῦ
2276 1840 2700 1915 προστάγματος
2749 1843 2857 1895 τῶν
2912 1837 3200 1914 βασιλέων,
3231 1837 3320 1893 καὶ
3369 1841 3479 1892 τῶν
3533 1835 3802 1910 μεγίστων

394 1957 762 2014 magnosque
806 1941 968 2007 deos,
1029 1942 1294 2012 ignotum
1329 1938 1646 2010 quemdam
1679 1939 1852 1993 deum
1889 1956 2042 2009 pra)-

395 2031 557 2088 dicas
583 2030 611 2086 ?
639 2033 738 2087 ιο
773 2030 1098 2101 Respondit
1134 2029 1382 2084 Sabinus
1410 2046 1421 2084 :
1470 2029 1619 2094 Quia
1648 2029 1809 2083 hunc
1867 2044 2044 2100 quem

393 2121 650 2193 praedico
683 2122 888 2183 Deum,
921 2137 1041 2190 praa
1073 2119 1351 2174 omnibus
1382 2117 1674 2182 conﬁteri,
1708 2119 1881 2188 eique
1913 2135 2042 2172 cre-

396 2209 536 2264 dere
569 2215 622 2263 te
654 2215 904 2280 Oportet.
938 2209 1140 2278 Itaque
1173 2213 1306 2278 post
1363 2211 1658 2261 tormenta
1686 2207 1748 2260 in
1800 2205 2043 2260 {luvium

395 2298 716 2371 projectus,
747 2298 927 2352 vitam
961 2297 1170 2352 ﬁnivit.

959 2387 1199 2440 EODEM
1231 2384 1482 2440 MENSE.

925 2474 1029 2530 Die
1051 2473 1284 2530 decima
1305 2477 1516 2544 quarta

398 2563 852 2621 Commemoratio
879 2565 1060 2620 sancti
1081 2565 1266 2618 Patris
1285 2565 1458 2618 nostri
1486 2563 1870 2618 Euschemonis
1897 2563 2044 2634 epis-

984 2652 1109 2723 copi
1137 2653 1442 2722 Lampsaci,

465 2744 714 2800 Sanctus
745 2745 918 2800 Pater
969 2748 1172 2798 noster
1201 2742 1538 2812 Christique
1598 2740 1903 2796 confessor
1928 2741 2041 2795 Eu-

392 2833 695 2896 schemon,
745 2850 780 2889 a
835 2849 1017 2905 puero
1075 2831 1257 2903 probe
1317 2830 1684 2902 honesteque
1736 2829 2040 2896 educatus,

381 2921 572 2976 factus
605 2928 695 2977 est
724 2923 841 2977 Deo
872 2922 1099 2977 amicus
1127 2939 1142 2988 ;
1201 2926 1378 2992 atque
1412 2920 1474 2975 in
1505 2920 1700 2976 virum
1761 2919 2038 2988 evadens,

385 3011 712 3066 sacrarium
763 3011 877 3065 fuit
933 3009 1295 3065 sanctissimi
1364 3009 1639 3080 Spiritus.
1694 3009 2038 3080 Angelicam

387 3098 603 3154 deinde
635 3100 945 3170 amplexus
973 3099 1172 3159 vitam,
1224 3097 1612 3152 orthodoxam
1644 3097 1908 3152 studiose
1949 3115 2038 3153 se-

406 3193 699 3244 ctatusest
721 3187 916 3243 fidem:
944 3204 1011 3242 ac
1033 3187 1274 3242 domum
1307 3187 1379 3241 ad
1407 3186 1759 3241 hierarchici
1792 3186 2032 3241 culmen

383 3282 618 3331 evectus
648 3277 912 3340 honoris,
947 3275 1239 3346 spirituali
1275 3275 1553 3346 impletus
1583 3280 1673 3330 est
1718 3277 1943 3347 gratia:
1978 3282 2037 3330 et

384 3363 582 3419 divino
615 3381 934 3420 succensus
974 3364 1117 3422 zelo.
1178 3364 1706 3418 Iconomachorum
1761 3364 2037 3419 haaresim

378 3453 666 3524 repressit
695 3470 764 3508 ac
793 3453 984 3526 fregit.
1021 3452 1303 3508 Miracula
1333 3469 1570 3524 quoque
1604 3453 1793 3508 multa
1817 3469 1882 3508 ac
1915 3470 2038 3509 ma-

380 3558 496 3614 gna
528 3543 810 3613 patravit:
846 3548 1022 3614 atque
1058 3542 1212 3596 inter
1237 3542 1357 3596 alia
1389 3541 1680 3596 infantem
1716 3548 2036 3612 mortuum,

386 3631 496 3686 sibi
521 3649 556 3686 a
584 3638 772 3687 matre
802 3631 1268 3702 lacrymabunda
1307 3630 1704 3702 deportatum,
1736 3631 1809 3686 ad
1842 3632 2038 3699 vitam,

382 3720 516 3775 fusa
536 3721 609 3775 ad
634 3723 816 3775 Deum
845 3722 1135 3787 oratione,
1163 3719 1470 3774 revocavit.
1498 3721 1658 3774 Feris
1681 3721 2039 3775 animalibus

391 3810 671 3864 terribilis
701 3810 906 3865 factus.
935 3810 1060 3864 solo
1085 3810 1259 3879 jussu
1286 3809 1357 3864 ab
1377 3810 1552 3882 agris,
1577 3809 1793 3880 quibus
1824 3827 2036 3864 noxam

391 3898 745 3965 inferebant,
781 3915 850 3952 ea
894 3899 1132 3970 repulit.
1174 3898 1464 3954 Custodiaa
1497 3898 1755 3969 denique
1788 3899 2040 3954 traditus

390 3987 462 4041 ab
487 4003 575 4045 eo.
609 3987 708 4056 qui
743 3992 881 4041 tunc
910 3987 1226 4058 imperium
1258 3988 1587 4054 obtinebat,
1616 3988 1896 4043 haeretica
1927 3991 2037 4042 im-

387 4080 682 4146 peratore,
715 4075 875 4129 velut
906 4091 1206 4129 sacrarum
1251 4076 1574 4146 imaginum
1633 4077 1844 4136 cultor,
1877 4077 2039 4148 ipsos

387 4162 663 4217 custodes
689 4179 827 4216 suos
856 4161 998 4216 fecit
1023 4163 1361 4216 onthodoxaa
1409 4163 1543 4217 fidei
1597 4180 1725 4218 esse
1757 4165 2034 4230 cultores,

389 4266 496 4306 sua
527 4249 794 4305 doctrina
825 4267 1160 4322 persuasos.
1189 4251 1457 4316 Quarein
1487 4252 1760 4307 exsilium
1789 4255 2034 4324 ejectus,

383 4339 565 4393 vitam
601 4339 806 4394 ﬁnivit.

459 4432 498 4482 E
528 4435 828 4484 certamen
860 4433 1203 4484 sanctorum
1228 4435 1558 4500 martyrum
1591 4430 1800 4502 Satyri,
1835 4431 2036 4486 Satur-

2151 1931 2311 1997 θεῶν,
2339 1925 2524 2004 ἕτερον
2582 1929 2700 1992 θεὸν
2761 1927 3047 2003 κηρύττεις
3103 1927 3477 2002 ἀγνώριστον;
3536 1927 3594 1994 Ὀ
3643 1922 3702 1980 δὲ
3723 1923 3805 1979 el.-

2148 2017 2289 2086 πὼν,
2321 2015 2405 2072 ὅτι
2451 2015 2686 2074 Μᾶλλον
2728 2018 2786 2072 ὃν
2820 2017 2928 2091 ἐγὼ
2958 2016 3212 2092 κηρύττω
3245 2017 3397 2087 Θεὸν,
3431 2013 3669 2079 ὀφείλεις
3711 2011 3810 2068 καὶ

2151 2104 2214 2158 σὺ
2263 2104 2576 2180 γνωρίσαι,
2658 2105 2748 2160 καὶ
2833 2109 3112 2160 πιστεῦσαι
3211 2104 3377 2176 αὐτῷ·
3455 2105 3801 2180 τιμωρηθεὶς

2151 2193 2347 2272 ἐρρίφη
2381 2193 2433 2248 ἐν
2457 2199 2538 2267 τῷ
2567 2200 2824 2268 ποταμῷ,
2854 2195 2945 2250 καὶ
2977 2194 3294 2264 ἐτελειώθη.

2682 2375 2862 2431 ΜΠΝΙ
2910 2377 2994 2430 ΤΩ
3049 2374 3265 2432 ΑΥΤΩ.

2148 2550 2355 2624 Μνήμη
2388 2553 2485 2605 τοῦ
2513 2547 2666 2606 ὁσίου
2698 2550 2910 2622 Πατρὸς
2932 2466 3120 2622 Ι’ἓμων
3155 2549 3549 2625 Εύσχήμονος,
3577 2546 3804 2604 ἐπισκό-

2735 2660 2841 2694 που
2891 2639 3217 2713 Λαμψάκου.

2216 2739 2408 2814 Βύσχή
2422 2759 2538 2812 μων
2567 2740 2596 2795 6
2627 2739 2678 2794 ἐν
2711 2738 2890 2813 ἁγίοις
2946 2739 3131 2812 Πατὴρ
3179 2741 3342 2812 ἡμῶν
3395 2737 3485 2793 καὶ
3517 2735 3802 2814 ὁμολογη-

2143 2831 2246 2900 τής
2275 2834 2374 2884 τοῦ
2419 2833 2673 2904 Χριστοῦ,
2733 2828 2793 2884 ἐκ
2852 2828 3084 2907 βρέφους
3137 2826 3324 2891 καλῶς
3382 2829 3470 2884 καὶ
3533 2828 3799 2904 ἐναρέτως

2146 2918 2420 2991 αὐξηθεὶς,
2481 2916 2640 2996 φίλος
2690 2919 2878 2996 γεγονε
2931 2922 3026 2974 τοῦ
3083 2919 3341 2994 Χριστοῦο
3374 2918 3463 2974 καὶ
3495 2917 3573 2984 εἷς
3636 2916 3806 2992 ἄνδρα

2143 3010 2354 3064 τέΛειον
2386 3009 2613 3086 φθάσας,
2644 3009 2771 3071 ναὸς
2832 3009 3037 3078 ὑπῆρξε
3090 3012 3187 3063 τοῦ
3243 3008 3508 3083 παναγίου
3551 3007 3804 3082 Πνεύμα-

2143 3117 2260 3165 τος,
2316 3098 2408 3152 τὸν
2468 3096 2757 3172 ἀγγελικὸν
2822 3096 2938 3172 βίον
2987 3095 3266 3170 ἐλόμενος·
3312 3098 3402 3152 καὶ
3451 3098 3550 3168 τὴν
3583 3095 3806 3174 όρῡόδο-

2148 3187 2235 3258 εον
2272 3186 2452 3241 πίστιν
2500 3185 2905 3260 ἐρατισάμενος.
2967 3185 3144 3242 Ἀλλά
3196 3203 3286 3242 και
3335 3185 3414 3251 εἷς
3465 3187 3529 3242 τὸ
3576 3193 3678 3256 τῆς
3708 3185 3809 3261 ἀρ-

2147 3274 2497 3351 χιερωσύνης
2530 3273 2664 3348 ὕψος
2718 3275 2984 3345 ἀνελθὼν,
3025 3295 3253 3350 χαριτος
3311 3274 3610 3350 ἐπληρώθη
3645 3296 3808 3331 πνευ-

2149 3368 2408 3438 ματικῆς.
2465 3361 2570 3421 Καὶ
2613 3359 2770 3435 ζήλῳ
2817 3362 2945 3435 θείῳ
2992 3363 3281 3439 πυρωθεὶς,
3312 3365 3411 3432 τὴν
3468 3368 3578 3418 τῶν
3639 3364 3802 3420 11'.le-

2141 3461 2410 3526 νομαχων
2453 3447 2742 3505 κατέλυσεν
2801 3447 3026 3524 α’ίρεσιν.
3087 3451 3350 3522 Ἐποίησε
3407 3450 3465 3506 δὲ
3522 3451 3613 3507 καὶ
3665 3452 3800 3507 θαύ-

2148 3560 2292 3614 ματα
2339 3537 2528 3594 πολλά
2583 3538 2674 3594 καὶ
2733 3537 3029 3614 παράδοξα.
3087 3539 3361 3610 Τεθνηκὸς
3415 3539 3516 3616 γὰρ
3579 3541 3799 3619 βρέφος,

2149 3629 2555 3704 βασταζόμενον
2623 3628 2724 3683 ὑπὸ
2779 3632 2878 3694 τῆς
2944 3629 3149 3702 μητρὸς
3205 3630 3292 3684 καὶ
3353 3628 3675 3702 κλαιούσης,
3710 3631 3804 3686 εὑ-

2145 3717 2368 3789 ξάμενος
2421 3722 2500 3789 τῷ
2552 3722 2690 3788 Θεῷ,
2749 3718 2886 3792 πρὸς
2947 3719 3091 3787 ζωὴν
3151 3717 3480 3794 ἐπανήγαγε·
3549 3719 3639 3773 καὶ
3698 3731 3804 3791 θη-

2145 3807 2286 3880 ρίοις
2325 3807 2535 3882 ἀγρίοις
2593 3801 2828 3884 φοϐερός
2879 3807 3088 3880 γέγονε.
3149 3809 3442 3880 Προσταξει
3498 3808 3598 3882 γὰρ
3660 3829 3800 3881 μονη

2143 3895 2278 3950 αὑτά
2306 3893 2577 3950 ἀπεδιώκε
2612 3895 2740 3957 τοὺς
2795 3894 2992 3971 ἀγροὺς
3052 3890 3523 3952 καταϐλάπτοντα.
3581 3901 3659 3972 Τῇ
3692 3919 3795 3975 φυ-

2145 3981 2286 4055 λακῇ
2335 3981 2392 4038 δὶ
2417 3981 2743 4059 παραδοθεὶς
2797 3985 2942 4056 παρά
2987 3987 3085 4038 τοῦ
3137 3987 3464 4055 κρατοῦντος
3523 3986 3799 4058 αἱρετικοῦ

2148 4069 2442 4146 βασιλέως,
2475 4071 2551 4134 ὡς
2587 4073 2976 4146 προσκυνητὴς
3015 4076 3124 4127 τῶν
3159 4073 3324 4146 ἁγίων
3355 4071 3601 4143 εἰκόνων,
3622 4095 3801 4149 προσ-

2142 4161 2378 4229 κυνητάς
2408 4165 2508 4223 τῆς
2565 4159 2860 4235 όρθοδόξου
2910 4161 3144 4240 πίστεως
3199 4160 3326 4240 τοὺς
3374 4162 3532 4217 αὑτὸν
3591 4161 3802 4240 φυλάτ-

2140 4261 2334 4302 τοντας
2385 4244 2454 4314 τῇ
2513 4242 2640 4316 παρ’
2727 4240 2890 4295 αύνοῦ
2977 4239 3301 4314 διδασκαλίᾳ
3377 4239 3671 4315 πεποίηκεν
3721 4245 3802 4311 είς

2141 4328 2351 4404 ἐξορίαν
2392 4328 2448 4384 δὲ
2478 4329 2805 4393 ἀποσταλεὶς
2836 4329 3153 4400 ἐτελειώθη.

2217 4418 2313 4473 Καὶ
2343 4417 2572 4488 ἄθλησις
2627 4423 2735 4474 τῶν
2790 4419 2954 4495 ἁγίων
3008 4419 3298 4495 μαρτύρων
3359 4419 3626 4496 Σατύρου,
3685 4427 3797 4477 Σα-

386 4517 519 4578 nili.
554 4519 820 4584 Reucati,
853 4521 1158 4589 Perpetuus
1193 4524 1250 4571 et
1281 4518 1623 4585 Felicitatis,
1659 4536 1788 4590 quas
1838 4519 2037 4575 Roma;

2151 4507 2423 4582 ιουρίλου,
2476 4507 2788 4578 Ῥευκάτου,
2846 4509 3210 4584 Περπετούας,
3266 4509 3359 4564 καὶ
3414 4507 3793 4582 Φιληκιτάτης

385 4609 737 4678 martyrium
777 4607 1128 4663 subierunt:
1179 4623 1416 4662 necnon
1472 4607 1793 4663 Alexandri
1825 4608 1886 4664 in
1919 4610 2034 4681 Py-

2151 4595 2195 4651 ἑν
2225 4601 2294 4670 τῇ
2351 4597 2542 4672 Ῥώμῃ
2606 4597 3086 4674 μαρτυρησάντων,
3142 4599 3243 4656 Καὶ
3305 4595 3662 4675 Ἀλεξάνδρου
3689 4603 3791 4656 τοῦ

383 4694 521 4752 dna.

951 4785 1195 4842 EODEM
1232 4785 1462 4841 MENSE

882 4875 987 4930 Die
1038 4874 1271 4930 decima
1327 4875 1536 4946 quinta

380 4964 488 5023 16
518 4963 802 5019 Certamen
826 4970 1137 5018 sanctorum
1166 4970 1472 5032 martyrum
1514 4961 1769 5031 Timolai,
1802 4966 2030 5038 Agapii,

1021 5058 1072 5107 et
1100 5053 1392 5106 sociorum.

446 5143 643 5199 Sancti
678 5141 800 5207 isti,
823 5140 1270 5209 multorumque
1314 5140 1707 5196 certaminum
1741 5149 2032 5216 martyres

377 5232 616 5297 Christi,
653 5229 1017 5285 Diocletiano
1049 5229 1428 5298 imperatore,
1462 5229 1746 5285 vixerunt.
1778 5235 2032 5305 Agapius

383 5321 626 5395 quidem
679 5336 749 5375 ex
796 5316 945 5372 urbe
976 5317 1141 5381 Gaza,
1175 5314 1472 5370 Timolaus
1529 5332 1665 5370 vero
1724 5336 1793 5373 ex
1847 5323 2031 5378 Ponto

386 5411 634 5478 Euxino,
695 5405 1033 5478 Dionysius,
1083 5409 1142 5459 et
1189 5402 1339 5457 alter
1396 5403 1712 5475 Dionysius
1758 5424 1829 5461 ex
1887 5410 2032 5466 urbe

383 5500 601 5573 Tripoli
656 5497 995 5560 Phcenicize,
1058 5493 1343 5549 Romulus
1401 5493 1900 5564 Dispolitanorum
1930 5500 2034 5554 Ec-

384 5589 582 5648 clesiae
615 5587 1032 5644 subdiaconus.
1075 5584 1176 5639 llic
1207 5599 1508 5638 accessere
1539 5582 1655 5638 duo
1715 5585 2032 5644 Alexandri

386 5697 457 5739 ex
485 5682 748 5754 Egypto.
785 5677 851 5734 Hi
881 5677 1142 5734 fervente
1173 5671 1609 5747 persecutione,
1627 5675 1843 5734 Christi
1875 5694 2030 5736 uno.

2140 4685 2192 4742 ἐν
2226 4683 2425 4760 Πύδνῃ.

2683 4778 2866 4838 ΜΗΝΙ
2903 4783 2992 4834 ΤΩ
3029 4779 3232 4837 ΑΥΤΩ.

2919 4868 3007 4924 IE‘

2140 4961 2410 5034 Ἀθλησις
2427 4966 2536 5019 τῶν
2565 4963 2731 5038 ἁγίων
2787 4968 3076 5042 μαρτυρῶν
3130 4964 3442 5040 Τιμολάου,
3495 4967 3791 5044 Ἀγάπίου.

2637 5055 2727 5108 καὶ
2779 5057 2889 5110 τῶν
2949 5053 3044 5109 σὺν
3078 5052 3290 5117 αὐτοῖς.

2215 5140 2378 5198 Οῦτοι
2413 5141 2465 5196 οἱ
2505 5142 2652 5216 ἅγιοι
2708 5143 2798 5198 καὶ
2843 5141 3150 5208 πολύαθλοι
3200 5147 3298 5198 τοῦ
3359 5145 3596 5217 Χριστοῦ
3655 5151 3796 5224 μάρ.

2141 5250 2296 5304 τυρες
2340 5230 2594 5306 ὑπῆρχον
2675 5231 2764 5287 ἐπὶ
2822 5228 3220 5301 Διοκλητιανοῦ
3270 5236 3367 5286 τοῦ
3419 5235 3709 5311 βασιλέως
3766 5238 3795 5294 6

2147 5319 2242 5392 μὶν
2301 5321 2566 5394 Ἀγαπιος
2615 5321 2721 5376 ἀπὸ
2773 5322 2947 5391 Γάζης
3000 5327 3100 5390 τῆς
3158 5320 3398 5384 πόλεως’
3442 5325 3470 5378 6
3529 5322 3584 5379 δὲ
3613 5326 3795 5399 Τιμό-

2143 5405 2276 5470 λαος
2361 5407 2422 5464 ἐκ
2491 5413 2587 5464 τοῦ
2674 5409 2898 5480 Εὑξίνου
2959 5408 3184 5465 Πόντου·
3246 5409 3521 5473 Διονύσιος
3579 5409 3658 5478 δὲ,
3701 5414 3796 5469 καὶ

2141 5494 2319 5562 ἓτεςος
2381 5497 2658 5560 Διονύσιος
2718 5497 2776 5552 ἐκ
2823 5496 3146 5573 Τριπόλεως
3201 5505 3300 5568 τῆς
3344 5496 3625 5568 Φοινίκηςο
3658 5500 3796 5555 Ῥώ-

2146 5587 2321 5662 μυλος
2345 5585 2403 5642 δὲ
2431 5589 2496 5657 ἦν
2519 5585 2881 5650 ὑποδιάκονος
2903 5594 3005 5653 τῆς
3033 5586 3415 5642 Διοσπολιπῶν
3440 5585 3792 5660 Ἐκκλησίας,

2145 5677 2390 5752 Πλησίον
2433 5676 2490 5735 δὲ
2542 5679 2629 5734 καὶ
2667 5678 2720 5734 οἱ
2771 5675 2868 5734 δύὸ
2921 5675 3269 5757 ’Δλεεανδροι
3327 5677 3434 5735 ἀπὸ
3487 5678 3792 5757 Αἰγύπτου.
