4134 6302
266 277 371 338 353
1829 260 2152 325 MARIUS.
3577 271 3702 330 354

279 409 492 474 Οἳτινες,
525 404 800 484 διωγμοῦ
854 405 1038 478 ὄντος,
1097 406 1184 463 διὰ
1239 407 1328 462 τὸν
1381 405 1517 480 πρὸς
1575 399 1804 476 Χριστὸν
1845 392 1943 448 πό-

2058 407 2122 447 re
2155 393 2448 460 succensi,
2479 393 2749 466 proprias
2781 393 3106 450 vincientes
3154 411 3388 467 manus,
3420 399 3704 456 Caesareas

286 511 369 565 θον
424 498 679 568 δῆταντες
738 497 845 560 τὰς
908 500 1112 554 ἑαυτῶν
1169 499 1394 572 Χεῖρας,
1440 492 1741 565 αὐτόματοι
1777 502 1946 572 προσ-

283 588 445 659 ῆλθον
505 590 583 658 τῷ
646 588 786 642 τότε
880 586 1222 664 βασανίζοντι
1278 571 1654 660 ῨΧριστιανοὺς
1713 571 1945 652 ἡγεμόνι

289 685 388 749 τῆς
441 676 751 751 Καισαρέων
813 676 1053 739 πόλεως.
1122 675 1222 733 Καὶ
1302 674 1580 736 σταθέντες
1639 666 1942 751 ἔμπροσθξν

292 747 474 838 αὖτοῦ,
542 747 912 842 Χριστιανοὺς
993 764 1212 827 ἑαυτοὺς
1299 761 1694 836 ὡμολόγησαν.
1747 755 1809 810 Ὁ
1887 747 1946 807 δὲ

298 857 545 934 ἡγεμὼν,
600 852 837 911 πλεῖστα
892 853 1118 917 τούτους
1174 851 1580 928 παρακαλέσας,
1634 845 1725 902 καὶ
1765 843 1946 934 ἀναγ-

295 931 458 1009 κάσας
513 947 689 1016 θῦσαι,
747 944 838 1000 καὶ
897 941 1046 1018 δῶρα
1116 943 1204 998 καὶ
1281 941 1444 1015 τιμὰς
1518 938 1704 997 αὐτοῖς
1762 931 1946 987 δοῦναι

294 1035 675 1111 ὑποσχόμενος
712 1033 1072 1104 ὕπακούσασι,
1122 1032 1214 1088 καὶ
1244 1031 1383 1107 πρὸς
1415 1031 1478 1112 τὸ
1507 1029 1700 1084 ἱαυτοῦ
1730 1023 1948 1095 θέλημα

297 1127 476 1192 ἐλθεῖν
531 1133 716 1182 πείσαι
775 1125 854 1199 μὴ
911 1121 1180 1194 δυνηθεὶς,
1242 1121 1623 1196 ἐτιμωρήσατο
1683 1113 1948 1186 ἰσχυρῶς.

294 1215 396 1274 Καὶ
430 1216 566 1290 μετᾶ
594 1214 688 1276 τὰς
713 1211 1011 1287 τιμωρίας,
1069 1210 1210 1286 ξίφει
1264 1209 1472 1266 τούτων
1529 1205 1818 1278 ἀποτέμνει
1848 1199 1944 1290 τᾶις

287 1303 550 1383 κεφαλὰς,
598 1303 690 1358 καὶ
722 1301 865 1358 οὕτω
915 1299 1234 1378 παρέδωκαν
1290 1298 1384 1362 τὰς
1433 1298 1587 1372 ἁγίας
1635 1293 1818 1370 ψυχὰς
1859 1289 1949 1346 αὖ·

301 1397 409 1450 τῶν
431 1398 511 1450 τῶ
538 1392 739 1469 Κυρίῳ.

429 1537 537 1596 Καὶ
567 1534 798 1609 ἄθλησις
825 1540 924 1593 τοῖ.»⁹
972 1533 1133 1611 ἁγίου
1168 1535 1444 1611 μάρτυρος
1472 1527 1777 1606 Νικάνδρου

357 1679 680 1759 Νίκανδρος,
727 1683 756 1737 ὁ
812 1686 911 1737 τοῦ
968 1683 1202 1756 Χριστοῦ
1263 1678 1561 1755 μάρτυς,ἦν
1609 1675 1702 1749 μὶν
1733 1673 1824 1729 καὶ
1855 1670 1946 1727 αὗ-

2057 481 2316 550 praasidi,
2378 483 2742 537 Christianos
2799 483 3008 538 eodem
3066 489 3332 556 tempore
3382 490 3702 558 torquenti,

2059 576 2267 640 sponte
2291 587 2420 626 sese
2443 571 2805 632 obtulerunt,
2831 579 2888 627 et
2907 589 3108 628 coram
3132 573 3256 644 ipso
3282 581 3525 642 stantes,
3549 578 3708 631 Chri-

2059 659 2283 714 stianos
2315 677 2376 714 se
2410 677 2538 716 esse
2588 661 2843 716 confessi
2905 668 3062 718 sunt.
3124 664 3350 718 Praeses
3397 680 3535 719 vero
3569 682 3703 720 cum

2057 747 2327 817 pluribus
2359 766 2458 804 eos
2489 749 2924 818 adhortaretur,
2975 752 3478 823 compelleretque
3518 760 3583 808 ut
3612 772 3708 810 sa-

2056 839 2415 905 criﬁcarent,
2436 859 2685 896 munera
2706 842 3101 913 honoresque,
3127 844 3174 898 si
3199 845 3707 915 paruissent,ipsis

2058 946 2118 984 se
2151 930 2424 985 daturum
2458 932 2796 1003 spondens;
2829 949 3082 1004 cumque
3115 933 3189 988 ad
3221 950 3388 989 suam
3437 935 3708 990 volunta-

2057 1023 2177 1074 tem
2208 1036 2310 1074 eos
2344 1021 2573 1076 trahere
2623 1039 2744 1076 non
2792 1027 3012 1093 posset,
3064 1023 3363 1077 atrocibus
3394 1025 3706 1079 tormentis

2058 1108 2348 1180 subjecit:
2381 1115 2632 1182 postque
2663 1112 2979 1180 cruciatus,
3022 1112 3205 1182 jussit
3242 1112 3482 1167 illorum
3513 1114 3707 1184 capita

2056 1196 2250 1270 gladio
2282 1198 2585 1254 abscindi:
2647 1205 2825 1271 atque
2884 1201 2965 1256 ita
3023 1207 3256 1257 sanctas
3309 1218 3446 1258 suas
3477 1203 3706 1258 animas

2056 1285 2306 1344 Domino
2337 1287 2654 1345 tradidere.

2268 1518 2336 1573 Et
2367 1525 2657 1598 certamen.
2679 1522 2856 1575 sancti
2899 1521 3163 1590 martyris
3192 1519 3481 1578 Nicandri.

2126 1660 2440 1729 Nicander,
2472 1662 2687 1717 Christi
2719 1668 2964 1735 martyr,
2998 1663 3201 1718 ﬂoruit
3229 1670 3286 1719 et
3314 1664 3442 1736 ipse
3474 1666 3704 1722 Diocle-

283 1771 377 1834 τὸς
406 1771 495 1826 ἐπὶ
550 1749 674 1840 τῆς,
708 1770 986 1846 βασιλείας
1016 1749 1458 1839 ’Διοκλητιανοὶ
1511 1765 1646 1840 Εἶχε
1694 1762 1752 1819 δὶ
1782 1760 1940 1838 ἔργον

2056 1749 2216 1805 tiano
2248 1751 2628 1822 imperatore.
2657 1751 2992 1806 Adhibebat
3019 1758 3218 1808 autem
3248 1754 3529 1810 continuo
3560 1772 3704 1828 ope-

287 1858 574 1923 διαπαντὸς
603 1860 667 1915 τὸ
697 1856 1108 1923 ἐπισκέπτεσθαι
1149 1857 1274 1920 τοὺς
1324 1855 1377 1912 έν
1431 1854 1700 1915 φυλακαῖς
1729 1851 1939 1928 ἁγίους,

285 1951 377 2006 καὶ
431 1949 766 2026 θεραπεύειν,
822 1949 912 2003 καὶ
973 1947 1327 2024 ἐπιχορηγεῖν
1389 1944 1577 2006 αὐτοῖς
1631 1944 1732 2011 τὴν
1787 1943 1940 2015 ἀναγ-

289 2039 443 2096 καίαν
501 2042 729 2116 τροφήν·
789 2032 870 2093 ἔτι
923 2035 980 2093 δὲ
1035 2037 1124 2092 καὶ
1179 2037 1396 2100 θάπτειν
1449 2035 1518 2088 τὰ
1573 2031 1804 2106 λείψανα
1849 2030 1942 2085 a5-

291 2136 421 2188 τῶν.
453 2127 609 2186 Ἰδὼν
646 2130 738 2184 οὖν
789 2127 880 2183 καὶ
935 2127 1142 2183 τούτων
1199 2130 1310 2181 τῶν
1362 2123 1533 2200 ἁγίων
1590 2123 1657 2176 τὰ
1711 2120 1941 2195 λείψανα

287 2219 590 2296 έρῥιμμένα
649 2216 791 2272 οὕτω
858 2217 950 2272 καὶ
1022 2209 1419 2288 ἀνεπιμέλητα,
1478 2211 1593 2267 ἐπεὶ
1653 2210 1705 2266 ἐν
1758 2209 1941 2284 ἡμέρᾳ

288 2309 386 2365 οὐκ
440 2307 653 2382 ἐτόλμα
701 2306 1054 2384 προσεγγίσάι
1113 2305 1318 2374 αὐτοῖς,
1371 2303 1462 2358 ἳνα
1520 2303 1598 2376 μὴ
1655 2302 1742 2356 καὶ
1781 2300 1941 2363 αὐτὸς

285 2401 557 2474 κρατηθῇ,
618 2397 669 2452 έν
727 2397 874 2452 νυκτὶ
930 2395 1204 2464 ἀπελθὼν,
1261 2392 1470 2448 ἀνεῖλεν
1521 2391 1657 2446 αύτὰ
1707 2388 1762 2444 ἓν
1820 2389 1937 2443 καθ’

283 2487 360 2542 ἓν·
389 2487 480 2543 καὶ
513 2486 770 2550 κατέθετο
819 2483 871 2539 ἐν
920 2484 998 2539 ένὶ
1049 2479 1222 2556 τόπῳ,
1285 2479 1504 2544 Θεαθεὶς
1545 2478 1636 2534 οὖν
1696 2478 1800 2533 ὑπὸ
1854 2498 1940 2532 τι-

289 2597 378 2639 νος
457 2579 569 2630 τῶν
653 2571 1100 2648 εἶδωλολατρῶν,
1185 2566 1452 2641 διεϐλήθη
1540 2572 1622 2642 τῷ
1686 2565 1937 2642 ἄρχοντι.

293 2668 392 2724 Καὶ
463 2665 757 2740 κρατηθεὶς
859 2662 1036 2728 εὐθὺς,
1113 2661 1464 2735 ἐτιμωρεῖτο,
1537 2661 1629 2713 καὶ
1712 2656 1940 2732 Χριστὸν

292 2756 558 2830 ἀρνεῖσθαι
619 2754 970 2830 ἠναγκάζετο.
1029 2753 1091 2809 Ὀ
1150 2748 1208 2805 δὲ
1265 2751 1404 2825 πρὸς
1455 2750 1518 2803 τὸ
1574 2747 1651 2820 μὴ
1700 2747 1940 2822 ἀρνήσα-

301 2847 409 2898 σθαι
437 2843 622 2912 αὐτὸν,
653 2842 744 2897 καὶ
777 2841 904 2897 Θεὸν
950 2838 1165 2914 μᾶλλον
1209 2838 1495 2912 έκήρυττεν
1526 2834 1815 2906 ἀληθινὸν,
1847 2831 1940 2889 καὶ

310 2931 625 3007 δημιουργὸν
678 2935 777 2987 τοῦ
831 2932 1052 2992 παντός.
1135 2931 1291 2985 Ὅθεν
1350 2927 1428 2990 εἷς
1487 2926 1656 3001 ὀργὴν
1713 2925 1940 2994 κινήσας

301 3022 386 3077 τὸν
412 3021 674 3098 ἄρχοντα,
729 3021 832 3090 τὴν
891 3017 981 3074 διὰ
1036 3018 1223 3095 ξίφους
1281 3014 1497 3091 δέχεται
1540 3015 1822 3083 τελευτὴν,
1850 3013 1941 3067 καὶ

2048 1856 2175 1894 ram
2207 1840 2500 1895 invisendi
2533 1847 2770 1896 sanctos
2800 1843 3020 1897 carceri
3049 1842 3332 1913 inclusos,
3365 1843 3558 1914 iisque
3588 1845 3704 1900 mi-

2048 1928 2339 1983 nistrandi
2372 1935 2431 1984 et
2459 1931 2864 1986 necessarium
2895 1931 3113 1986 victum
3144 1932 3524 2002 procurandi,
3559 1949 3702 1988 nec-

2047 2034 2168 2072 non
2200 2034 2407 2072 eorum
2438 2019 2723 2090 reliquias
2780 2019 3130 2091 sepeliendi.
3178 2021 3394 2076 Videns
3423 2038 3558 2094 ergo
3590 2023 3702 2077 hu-

2039 2107 2304 2178 jusmodi
2328 2113 2668 2163 sanctorum
2693 2109 2976 2179 reliquias
2997 2110 3077 2164 ita
3101 2108 3404 2180 dispersas
3426 2115 3486 2166 et
3512 2111 3696 2182 negle

2046 2201 2190 2261 ctas,
2226 2212 2361 2250 eum
2394 2213 2514 2252 non
2545 2197 2791 2252 auderet
2821 2197 2895 2252 ad
2926 2214 3026 2253 eas
3059 2197 3153 2252 die
3184 2198 3488 2266 accedere,
3532 2216 3609 2254 ne
3640 2203 3700 2254 et

2045 2286 2172 2356 ipse
2203 2287 2828 2357 comprehenderetur,
2871 2293 3050 2342 noctu
3089 2287 3430 2356 adveniens,
3463 2304 3562 2343 eas
3593 2304 3698 2343 au-

2044 2375 2274 2435 ferebat
2321 2375 2470 2430 alias
2522 2381 2656 2447 post
2707 2376 2875 2444 alias,
2936 2382 2995 2430 et
3048 2393 3166 2431 uno
3212 2377 3539 2447 eodemque
3569 2377 3699 2432 loco

2045 2462 2391 2518 collocabat.
2413 2465 2828 2535 Deprehensus
2851 2465 3029 2538 igitur
3050 2465 3123 2520 ab
3145 2465 3346 2536 aliquo
3368 2484 3440 2520 ex
3459 2466 3703 2522 idolola-

2045 2552 2173 2616 tris,
2199 2551 2587 2623 proditusque
2611 2554 2870 2624 praesidi,
2895 2570 2962 2609 ac
2985 2555 3185 2609 statim
3209 2556 3698 2628 comprehensus,

2045 2643 2358 2697 tormentis
2408 2643 2710 2714 subjectus
2768 2644 2900 2711 fuit,
2963 2649 3022 2698 et
3076 2646 3373 2699 Christum
3407 2644 3700 2718 abnegare

2045 2732 2406 2802 compulsus.
2437 2736 2565 2802 Ipse
2591 2749 2726 2788 vero
2749 2734 2944 2788 noluit
2967 2751 3103 2789 eum
3125 2735 3442 2807 abnegare,
3467 2735 3572 2790 sed
3591 2754 3698 2807 po-

2044 2821 2162 2876 tius
2193 2821 2379 2875 Deum
2405 2837 2606 2876 verum
2639 2838 2770 2876 esse
2801 2828 2859 2877 et
2888 2824 3299 2878 universorum
3329 2824 3699 2880 conditorem

2043 2909 2421 2980 praadicabat.
2447 2911 2818 2981 Quapropter
2845 2927 2980 2966 cum
3011 2911 3326 2983 praesidem
3357 2912 3432 2966 ad
3463 2912 3699 2968 iracun-

2046 2998 2204 3054 diam
2237 3000 2672 3067 commovisset,
2704 2999 2900 3072 gladio
2951 3017 3188 3055 cursum
3229 3000 3357 3054 vita:
3390 3000 3610 3054 finivit:
3640 3006 3699 3056 et

294 3110 428 3166 οὕτω
481 3087 817 3175 τελειωθεὶς,
903 3102 1142 3162 ἀπέλαϐε
1227 3107 1476 3184 στέφανον
1549 3103 1794 3173 αἰώνιον,
1850 3099 1941 3156 καὶ

2056 3089 2131 3143 sic
2153 3087 2488 3152 defunctus,
2511 3088 2739 3160 accepit
2758 3094 3041 3144 aeternam
3063 3105 3364 3158 coronam,
3386 3093 3444 3143 et
3463 3088 3697 3146 beatam

299 3204 440 3268 ζωήν
473 3199 741 3274 μακαρίαν
771 3195 861 3252 καὶ
891 3193 1272 3266 ἀτελεύτητον.

358 3289 455 3344 Καὶ
497 3286 728 3358 ἄθλησις
767 3291 867 3343 τοῦ
921 3285 1080 3361 ἁγίου
1137 3283 1450 3340 ἀποστόλου
1479 3279 1807 3356 Νικάνδρου.
1842 3279 1941 3336 Καὶ

291 3378 484 3451 μνήμη
513 3381 614 3434 τοῦ
643 3376 798 3432 ὁσίου
847 3376 1098 3433 Ἰωάννου
1142 3378 1241 3429 τοῦ
1285 3372 1338 3428 ἐν
1387 3373 1797 3449 Ῥουφινιαναῖς.

817 3522 1004 3580 Mum
1054 3521 1148 3598 T9
1198 3518 1402 3598 ΔΥΤῼ.

1068 3637 1160 3706 Ιζ’.
1270 3630 1276 3637 ’

393 3755 669 3826 ’Δθλησις
696 3757 796 3809 τοῖ’»
844 3752 999 3830 ἁγίου
1043 3750 1350 3807 Ἰουλιανοῦ
1380 3753 1476 3805 τοῦ
1507 3746 1558 3804 ἐν
1592 3747 1834 3809 Κιλικία.

355 3869 676 3943 Ἰουλιανὸς,
709 3871 737 3925 ὁ
764 3873 863 3924 τοῦ
909 3870 1146 3944 Χριστοῦ
1195 3867 1420 3942 μάρτυς,
1473 3866 1722 3941 ὑπῆρχεν
1750 3864 1810 3920 ἐκ
1837 3869 1937 3932 τῆς

300 3955 625 4034 ’Δναζάρῦου
649 3960 891 4028 πόλεως,
950 3959 1064 4020 υἱὸς
1123 3954 1431 4028 βουλευτοῦ
1470 3975 1618 4016 τινος
1641 3951 1941 4022 Ἕλληνος,

307 4051 511 4122 μητέρα
563 4047 705 4124 ἔχων
756 4049 1109 4123 Χριστιανήνσ
1167 4045 1288 4114 ἥτις
1340 4045 1428 4100 καὶ
1490 4041 1723 4113 ἐδίδαξεν
1782 4042 1942 4097 αὐτὸν

293 4137 358 4191 τὰ
384 4138 501 4212 ἰερᾶ
551 4138 870 4213 Γράμματα.
927 4135 1029 4193 Καὶ
1092 4136 1226 4208 μετὰ
1280 4135 1342 4189 τὸ
1400 4134 1643 4208 γενέσθαι
1700 4128 1945 4186 δέκακαὶ

307 4225 442 4281 ὀκτὼ
474 4226 632 4296 έτῶν,
661 4227 956 4301 προσήχθη
1011 4223 1063 4279 έν
1110 4224 1300 4300 Λῗγαῖς
1348 4227 1416 4297 τῇ
1449 4220 1607 4276 πόλει
1648 4223 1946 4293 Μαρκιανῷ

297 4321 371 4388 τῷ
417 4319 649 4394 ἡγεμόνι
703 4318 849 4388 παρὰ
894 4321 1003 4371 τῶν
1061 4313 1502 4388 εἷδωλολατρῶν.
1562 4312 1667 4367 Καὶ
1725 4312 1950 4387 ἀναγκα-

303 4408 441 4468 σθεὶς
469 4380 627 4461 θέσαι
672 4411 791 4468 τοῖς
851 4402 1128 4475 εἰδώλοις,
1183 4402 1282 4458 οὐκ
1318 4402 1559 4472 ἐπείσθη.
1594 4400 1685 4454 Διὸ
1714 4380 1970 4470 ἀνοίξανί

2047 3193 2115 3232 ac
2147 3178 2264 3232 [ine
2295 3182 2594 3233 carentem
2625 3178 2822 3234 vitam.

2115 3269 2185 3321 Et
2214 3273 2515 3323 certamen
2547 3269 2737 3323 sancti
2786 3269 3052 3340 Apostoli
3097 3269 3374 3325 Nicandri
3401 3287 3413 3325 :
3447 3275 3506 3326 et
3533 3285 3695 3326 com-

2044 3356 2390 3434 memoratio
2424 3357 2612 3412 sancti
2635 3357 2834 3412 Joanis
2866 3357 2927 3412 in
2950 3357 3302 3416 Ruﬁnianis.

2593 3501 2834 3555 EODEM
2891 3500 3140 3555 MENSE.

2571 3614 2674 3670 Die
2704 3614 2937 3671 decima
2974 3620 3156 3671 sexta.

2257 3736 2352 3789 17
2392 3734 2677 3792 Certamen
2705 3737 2883 3790 sancti
2909 3735 3126 3790 Iuliani
3160 3735 3222 3788 in
3253 3733 3471 3790 Cilicia.

2117 3849 2408 3917 Julianus,
2431 3849 2646 3905 Christi
2669 3854 2914 3920 martyr,
2940 3855 3066 3905 erat
3091 3866 3162 3904 ex
3192 3849 3336 3904 urbe
3368 3849 3696 3920 Anazarbo,

2049 3938 2209 3994 ﬁlius
2241 3938 2551 4008 cujusdam
2610 3939 2901 3994 senatoris
2955 3940 3162 4004 Graeci,
3193 3945 3443 3996 matrem
3474 3939 3701 3995 habens

2049 4029 2465 4090 Christianam,
2500 4045 2632 4098 quae
2658 4034 2716 4082 et
2745 4029 2939 4099 ipsum
2973 4047 3169 4084 sacras
3203 4031 3448 4085 Litteras
3477 4029 3698 4086 docuit.

2049 4120 2194 4173 Cum
2229 4124 2424 4172 autem
2468 4134 2689 4172 annum
2745 4117 3048 4173 decimum
3093 4125 3359 4174 octavum
3391 4125 3608 4191 ageret,
3643 4119 3704 4174 in

2049 4210 2256 4264 urbem
2282 4210 2448 4281 A‘Jgas
2463 4209 2532 4263 ad
2561 4209 2920 4264 Marcianum
2945 4211 3257 4281 prmsidem
3281 4210 3352 4265 ab
3375 4210 3706 4265 idololatris

2052 4299 2364 4360 adductus,
2395 4303 2454 4353 et
2501 4299 2574 4352 ad
2606 4299 3063 4354 sacriﬁcandum
3112 4299 3476 4369 compulsus,
3510 4299 3706 4354 noluit

2052 4387 2310 4442 obedire.
2337 4388 2705 4458 Quapropter
2726 4387 2984 4452 lictores,
3009 4388 3300 4442 violenter
3324 4404 3389 4441 os
3415 4388 3544 4457 ejus
3568 4403 3705 4457 ape-

293 4513 370 4556 τες
412 4494 465 4548 οἱ
520 4491 716 4566 δήμιοι
767 4494 901 4568 μετᾶ
950 4491 1073 4570 βίας
1115 4474 1182 4546 τὸ
1226 4491 1402 4563 στόμα
1439 4488 1626 4553 αὐτοῦ,
1656 4487 1943 4563 ἐγχέουσιν

2056 4477 2293 4541 rientes,
2315 4476 2516 4530 vinum
2550 4481 2607 4530 et
2635 4493 2873 4530 carnem
2907 4477 3083 4530 idolis
3115 4476 3314 4530 oblata
3334 4474 3703 4531 infuderunt.

300 4583 441 4637 οἶνον
473 4581 563 4636 καὶ
595 4583 754 4657 κρέας
809 4586 913 4636 τῶν
973 4578 1375 4644 εἰδωλοθύτων.
1436 4579 1560 4634 Εἶτα
1607 4572 1942 4649 ἐμϐάλλεται

302 4669 372 4732 εἷς
403 4669 679 4746 φυλακὴν,
708 4670 797 4725 καὶ
851 4671 1032 4745 ἄγεται
1065 4659 1118 4738 λὴ
1173 4670 1357 4742 μήτηρ
1391 4666 1574 4723 αὐτοῦ.
1611 4668 1706 4721 Καὶ
1739 4665 1942 4742 ἐρωτη-

301 4764 444 4822 θεῖσα
501 4757 627 4834 περὶ
685 4758 871 4830 αὐτοῦ,
927 4759 1171 4833 ᾐτήσατο
1217 4757 1308 4812 τὸν
1360 4757 1475 4810 υἱὸν
1518 4755 1684 4820 αὐτῆς
1718 4753 1943 4825 δοθῆναι

301 4847 430 4923 αὐτῇ
460 4847 552 4904 ἰπὶ
588 4854 735 4922 τρεῖς
793 4847 1026 4924 ἡμέρας,
1084 4847 1219 4924 πρὸς
1277 4847 1340 4901 τὸ
1401 4845 1792 4921 βουλεύσασθαι
1829 4846 1945 4917 μετ’

304 4937 487 4995 αὑτοῦ.
551 4938 654 4995 Καὶ
707 4936 904 4993 τούτου
979 4937 1299 5011 γενομένου,
1367 4934 1531 4990 πάλιν
1591 4934 1808 5008 ἄγονται
1867 4932 1945 4995 εἰς

300 5024 547 5096 ἐξέτασιν,
602 5028 691 5082 καὶ
750 5029 902 5081 εἷπον
985 5026 1064 5099 μή
1144 5025 1475 5100 ἀρνήσασθαι
1551 5024 1640 5077 τὸν
1692 5021 1938 5094 Χριστόν.

295 5115 444 5172 Ὀθεν
499 5117 600 5185 τὴν
656 5117 755 5189 μέν
817 5114 1024 5189 μητέρα
1074 5112 1240 5168 αὐτοῦ
1290 5111 1558 5167 ἀπέλυσαν
1592 5107 1937 5182 διατεμόντες

291 5203 379 5265 τὰς
428 5207 660 5277 πτέρνας
708 5203 900 5272 αὐτῆς·
950 5205 1040 5259 τὸν
1094 5199 1152 5256 δὲ
1208 5202 1356 5278 ἅγιον
1410 5199 1701 5258 Ἰουλιανὸν
1735 5194 1945 5272 ἐμϐάλ-

292 5289 472 5358 λοντες
526 5293 605 5356 εἷς
663 5294 863 5348 σάκκον
918 5293 1159 5367 γέμοντα
1213 5291 1450 5364 ἑρπετῶν
1516 5283 1779 5355 ἳοϐόλων,
1855 5288 1946 5342 καὶ

296 5380 539 5456 ψάμμου,
609 5382 845 5460 ἔρῥιψαν
907 5380 958 5436 ἓν
1023 5402 1091 5456 τῃ
1161 5377 1420 5455 θαλάσσῃ.
1471 5377 1756 5456 Ἐξεῤῥίφη
1791 5374 1848 5432 δὶ
1883 5377 1946 5431 τὸ

294 5469 534 5547 λείψανον
600 5473 777 5530 αὐτοῦ
849 5471 901 5526 έν
965 5467 1364 5544 Ἀλεξανδρείᾳ·
1433 5467 1524 5524 καὶ
1582 5465 1752 5545 ἐτάφη
1803 5466 1948 5540 παρά

293 5566 545 5641 γυναικὸς
579 5565 774 5643 χήρας
797 5561 942 5625 τινὸς
967 5555 1255 5624 ιύλαόοὖς.

2057 4565 2278 4619 Deinde
2319 4565 2380 4618 in
2430 4581 2727 4619 carcerem
2779 4567 3081 4626 coniectus
3126 4571 3233 4626 est,
3270 4568 3327 4616 et
3354 4568 3546 4616 mater
3577 4562 3706 4633 ejus

2057 4654 2345 4709 adducta:
2382 4670 2510 4722 qua:
2543 4652 2614 4707 de
2647 4653 2749 4706 illo
2773 4653 3151 4724 interrogata,
3176 4652 3346 4722 petiit
3370 4650 3480 4705 sibi
3515 4651 3706 4705 filium

2058 4759 2230 4797 suum
2278 4741 2522 4795 concedi
2555 4757 2659 4811 per
2715 4747 2834 4794 tres
2891 4740 3037 4805 dies,
3073 4741 3288 4811 quibus
3335 4745 3534 4811 posset
3571 4756 3708 4795 cum

2058 4831 2160 4885 illo
2192 4829 2539 4885 deliberare.
2576 4830 2697 4894 Quo
2730 4829 2903 4896 facto,
2937 4847 3174 4885 rursum
3209 4829 3268 4884 in
3314 4831 3706 4900 quaestionem

2057 4919 2466 4976 adducuntur:
2519 4924 2577 4973 et
2632 4936 2765 4973 cum
2829 4919 3117 4974 dixissent
3187 4937 3248 4974 se
3329 4935 3706 4991 nequaquam

2058 5011 2357 5066 Christum
2387 5011 2780 5082 abnegaturos
2819 5027 2970 5075 esse,
3021 5016 3270 5065 matrem
3309 5010 3551 5082 quidem
3579 5010 3708 5066 cal-

2057 5100 2256 5155 caneis
2281 5098 2591 5170 perforatis
2646 5099 3020 5160 dimiserunt.
3055 5105 3326 5154 sanctum
3358 5115 3492 5154 vero
3523 5099 3709 5154 Julia-

2056 5204 2200 5243 num
2225 5188 2285 5241 in
2310 5203 2542 5242 saccum
2567 5188 2905 5259 injicientes
2929 5189 3304 5260 serpentibus
3324 5188 3632 5242 venenatis
3653 5192 3713 5242 et

2057 5293 2237 5332 arena
2267 5275 2530 5347 plenum.
2565 5276 2626 5330 in
2670 5293 2831 5332 mare
2885 5279 3296 5348 projecerunt:
3333 5295 3401 5332 ex
3432 5294 3548 5347 quo
3581 5279 3710 5347 ejus

2056 5365 2324 5437 reliquiae
2367 5365 2776 5420 Alexandriam
2827 5367 3051 5438 ejectae,
3085 5382 3120 5421 a
3148 5366 3422 5439 religiosa
3450 5365 3708 5436 quadam

2055 5455 2230 5512 vidua
2260 5454 2504 5528 sepultae
2546 5461 2700 5510 sunt.
