4134 6302
368 266 487 325 355

1665 252 2086 320 MENOLOGII
2133 252 2332 317 PARS
2370 253 2476 317 Ill.

3648 250 3774 311 356

437 401 509 455 Et
534 398 975 455 commemoratio
1024 398 1205 451 sancti
1245 394 1480 464 apostoli
1530 391 1842 449 Aristobuli
1873 408 1940 446 az:

2141 386 2223 442 {ai
2285 388 2476 460 μνήμη
2531 392 2627 443 τοῦ
2703 387 2859 464 ἁγίου
2934 384 3247 464 ἀποστόλου
3314 377 3777 460 Ἀριστοϐούλου,

1009 468 1385 537 septuaginta.

442 586 835 649 Aristobulus,
870 585 1103 640 divinus
1160 582 1375 639 Christi
1434 579 1759 652 apostolus,
1810 578 1925 633 fuit
1955 595 2025 633 ex

365 679 741 752 septuaginta
788 676 1119 748 discipulis.
1172 676 1312 728 Post
1358 672 1678 745 gloriosam
1730 675 1928 726 autem
1966 672 2027 723 et

367 770 735 826 salutiferam
766 767 1177 823 ascensionem
1208 764 1405 834 magni
1453 763 1553 817 Dei
1605 766 1663 816 et
1707 760 2025 816 Salvatoris

366 860 556 915 nostri
588 860 723 914 Jesu
745 856 982 922 Christi,
1012 860 1251 909 secutus
1274 859 1363 908 est
1380 859 1656 907 sanctum
1687 850 2025 922 apostolum

366 948 634 1016 Paulum,
666 962 946 1018 magnum
977 944 1137 999 orbis
1169 942 1491 1013 doctorem,
1524 942 1586 996 in
1620 956 1859 996 omnem
1891 938 2022 994 civi-

366 1042 550 1094 tatem
580 1042 640 1091 et
663 1037 988 1107 regionem,
1022 1033 1370 1089 ministrans
1415 1037 1474 1087 et
1522 1031 1788 1086 serviens
1824 1028 1934 1095 illi,
1963 1030 2029 1082 ut

367 1128 661 1201 genuinus
693 1130 751 1181 et
772 1124 926 1181 fidus
951 1121 1299 1195 discipulus.
1319 1122 1464 1177 Cum
1494 1137 1632 1176 vero
1663 1119 1766 1176 ille
1797 1118 2025 1190 episco-

370 1235 478 1289 pos
508 1217 831 1283 ordinaret,
865 1219 922 1269 et
950 1213 1024 1269 ad
1080 1213 1411 1269 docendam
1467 1227 1665 1267 veram
1725 1208 1924 1274 ﬁdem,
1971 1211 2029 1261 et

370 1307 669 1362 Christum
701 1303 1146 1377 praedicandum
1190 1303 1253 1358 in
1284 1317 1523 1357 omnem
1554 1299 1859 1372 regionem
1889 1297 2029 1351 mit-

366 1401 537 1463 teret,
572 1394 866 1449 ordinavit
921 1398 981 1449 et
1032 1392 1250 1463 ipsum,
1310 1390 1604 1461 misitque
1635 1388 1697 1442 in
1728 1387 2030 1459 regionem

369 1486 811 1551 Britannorum,
845 1482 946 1554 qui
1001 1486 1141 1537 tunc
1197 1484 1367 1535 erant
1424 1477 1701 1535 homines
1734 1475 2027 1544 inﬁdeles,

368 1574 619 1639 feroces,
653 1578 711 1627 et
740 1571 1029 1628 crudeles.
1057 1570 1145 1625 Ad
1169 1586 1319 1641 quos
1342 1568 1442 1623 ubi
1466 1568 1729 1639 primum
1758 1564 2027 1627 accessit,

372 1669 431 1719 et
484 1662 784 1718 Christum
860 1658 1222 1732 praedicavit,
1284 1655 1628 1713 verberibus
1705 1652 2027 1726 aliquando

2774 458 2891 521 ἑνὸς
2920 462 3026 513 τῶν
3058 459 3137 517 Ο’.

2208 585 2658 665 Ἀριστόϐουλος,
2709 590 2738 645 ὁ
2796 592 2943 653 θεῖος
3000 588 3307 653 ἀπόστολος
3362 594 3458 646 τοῦ
3516 589 3781 664 Χριστου,

2137 678 2354 754 ὑπῆρχε
2405 680 2500 753 μὶν
2553 679 2613 734 έκ
2656 683 2763 734 τῶν
2814 675 3196 753 ἑϐδομήκοντα
3237 682 3517 753 μαθητῶν.
3549 678 3697 733 Μετά
3727 673 3785 730 δὲ

2133 769 2231 837 τήν
2291 766 2504 839 ἔνδοξον
2560 769 2648 823 καὶ
2721 771 2992 842 σωτήριον
3052 767 3325 842 ἀνάληψιν
3379 771 3477 824 τοῦ
3540 767 3785 841 μεγάλου

2136 860 2269 912 Θεοῦ
2298 858 2389 912 καὶ
2422 863 2683 931 Σωτῆρος
2743 860 2904 931 ἡμῶν
2960 861 3143 929 Ἰησοῦ
3200 859 3453 933 Χριστοῦ,
3483 853 3783 927 ἠκολούθει

2134 949 2214 1016 τῷ
2246 946 2387 1021 ἁγίῳ
2412 945 2705 1021 ἀποστόλῳ
2726 945 2951 1020 Παύλῳ,
2976 952 3056 1020 τῷ
3089 945 3315 1022 μεγάλῳ
3342 943 3655 1019 διδασκάλῳ
3682 950 3787 1013 τῆς

2136 1033 2487 1107 οἰκουμένης,
2560 1035 2637 1099 εἰς
2710 1040 2883 1091 πᾶσαν
2963 1036 3125 1091 πόλιν
3191 1034 3639 1108 διακονούμενος,
3694 1033 3786 1087 καί

2138 1121 2411 1179 δουλεύων
2472 1123 2642 1196 αύτῷ,
2701 1124 2775 1188 ὡς
2830 1126 3057 1199 γνήσιος
3113 1124 3203 1178 καὶ
3260 1123 3453 1185 πιστὸς
3514 1122 3786 1196 μαθητὴς.

2134 1213 2289 1269 Ἐπεὶ
2349 1208 2407 1266 δὲ
2460 1211 2535 1274 είς
2592 1218 2764 1268 πᾶσαν
2824 1214 3014 1289 χώραν
3073 1216 3413 1288 χειροτονῶν
3460 1208 3792 1267 ἀπεστελλεν

2137 1299 2487 1371 ἐπισκόπους,
2519 1300 2609 1356 ἐπὶ
2663 1306 2743 1374 τῷ
2801 1299 3070 1357 διδάσκειν
3126 1302 3226 1371 τήν
3282 1301 3549 1372 ἀληθινὴν
3590 1300 3796 1369 πίστιν,

2137 1390 2226 1445 καὶ
2255 1390 2541 1467 κηρύττειν
2589 1391 2680 1446 τὸν
2737 1392 3003 1466 Χριστὸν,
3062 1395 3455 1468 χειροτονήσας
3484 1392 3573 1446 καὶ
3604 1390 3794 1459 αὐτὸν,

2138 1479 2375 1554 ἔπεμψεν
2436 1480 2512 1543 εἷς
2570 1482 2669 1551 τὴν
2737 1482 2924 1557 χώραν
2983 1485 3091 1536 τῶν
3151 1484 3486 1557 Βρεττανῶν,
3543 1478 3786 1535 ἀπίστων

2143 1570 2521 1644 ὑπαρχόντων,
2604 1568 2693 1624 καὶ
2770 1568 2996 1645 ἀγρίων,
3082 1570 3173 1624 καὶ
3229 1569 3399 1643 ώμῶν
3459 1570 3787 1645 ἀνθρώπων.

2140 1658 2302 1717 ³Δλλ’
2348 1660 2504 1732 ὅμως
2560 1656 2836 1731 ἀπελθὼν,
2890 1658 2980 1713 καὶ
3038 1657 3129 1713 τὸν
3186 1659 3418 1734 Χριστὸν
3474 1657 3789 1734 κηρύττων,

372 1759 673 1825 exceptus,
692 1750 1013 1822 aliquando
1037 1748 1365 1804 secundum
1387 1748 1783 1820 proﬂuentem
1801 1749 2023 1799 tractus

2141 1749 2216 1803 ταὶ
2249 1748 2381 1802 ποτὲ
2431 1748 2528 1820 μὲν
2569 1747 2930 1820 τυπτόμενος,
2987 1748 3123 1803 ποτε
3179 1744 3237 1802 δὲ
3292 1749 3427 1802 κατά
3472 1749 3565 1810 τὰς
3608 1746 3789 1823 ῥύμας

371 1842 621 1899 subinde
642 1841 901 1896 ludibrio
929 1840 1230 1911 expositus
1252 1842 1360 1893 est.
1387 1838 1631 1893 Interim
1666 1834 1869 1891 multis
1890 1851 2022 1906 per-

370 1933 557 1988 suasit
585 1936 650 1986 ut
698 1930 772 1985 ad
821 1931 1120 1984 Christum
1168 1928 1541 1994 accederent,
1576 1931 1635 1983 et
1666 1925 2029 1997 baptizaren-

370 2027 486 2077 tur.
519 2020 684 2077 Unde
716 2019 815 2074 18
848 2036 983 2075 cum
1017 2018 1331 2074 ecclesiam
1372 2015 1800 2081 constituisset,
1837 2014 1897 2067 in
1930 2028 2027 2067 ea-

373 2127 488 2183 que
544 2109 922 2181 presbyteros
981 2113 1040 2163 et
1095 2107 1375 2163 diaconos
1436 2104 1793 2171 ordinasset,
1853 2102 2031 2157 vitam

374 2198 825 2256 consummavit.

372 2290 442 2344 Et
473 2295 747 2344 certamen
798 2291 1113 2343 sanctorum
1164 2290 1472 2354 martyrum
1528 2283 1777 2352 Menigm'
1826 2286 1879 2337 et
1923 2282 2029 2335 Ro-

1116 2376 1288 2429 mani.

448 2467 699 2522 Sanctus
730 2465 1035 2537 Menignus
1067 2463 1210 2517 vixit
1237 2463 1570 2534 imperante
1602 2460 1797 2525 Decio,
1831 2458 2031 2514 oriun-

374 2555 487 2612 dus
513 2572 582 2610 ex
613 2556 849 2609 civitate
875 2556 1044 2619 Paro,
1078 2558 1201 2607 arte
1230 2551 1397 2615 fullo,
1431 2556 1490 2605 et
1512 2550 1713 2606 labore
1744 2562 2029 2603 manuum

375 2644 488 2701 sibi
519 2645 739 2699 victum
771 2658 1145 2713 comparans,
1175 2639 1552 2695 ministrabat
1575 2637 1925 2693 Christianis
1956 2634 2028 2691 ob

373 2735 855 2807 persecutionem
884 2733 946 2787 in
986 2748 1253 2788 carceres
1298 2730 1603 2802 conjectis.
1639 2726 2027 2784 Desiderabat

375 2831 576 2880 autem
600 2829 659 2878 et
679 2824 805 2895 ipse
826 2838 932 2893 pro
955 2821 1185 2877 Christo
1214 2818 1563 2891 martyrium
1597 2817 1818 2878 subire,
1852 2815 2030 2886 idque

374 2913 654 2986 precibus
686 2911 1065 2983 efﬂagitabat.
1099 2912 1288 2974 Quare
1315 2908 1538 2965 audivit
1561 2923 1763 2962 vocem
1795 2905 1907 2960 sibi
1939 2904 2031 2959 di-

374 3006 646 3058 centem:
682 3000 970 3073 Menigne,
1002 2999 1138 3054 veni
1161 2998 1235 3054 ad
1264 3015 1382 3063 me,
1405 3003 1464 3053 et
1493 2996 1759 3052 invenies
1780 2994 2029 3067 gratiam

374 3110 574 3149 coram
605 3108 720 3148 me.
754 3090 1020 3148 Accessit
1058 3106 1193 3163 ergo
1238 3088 1311 3144 ad
1335 3088 1623 3160 judicem,
1656 3092 1714 3141 et
1742 3084 2027 3140 Christia-

372 3199 518 3237 num
550 3199 612 3237 se
645 3197 775 3235 esse
808 3179 1115 3235 confessus
1139 3183 1246 3233 est.
1270 3177 1663 3243 Quamobrem
1685 3172 2027 3230 verberibus

2133 1836 2453 1909 συρόμενος,
2484 1833 2688 1891 ἄλλοτε
2736 1834 2794 1891 δὲ
2845 1835 3273 1911 χλευαζόμενος,
3315 1833 3565 1899 πολλοὺς
3610 1833 3796 1891 ἔπεισε

2131 1922 2453 1999 προσελθεῖν
2501 1929 2583 1997 τῷ
2634 1929 2879 2001 Χριστῷ,
2937 1926 3025 1980 καὶ
3092 1926 3477 1994 Βαπτισθῆναι.
3507 1927 3666 1990 ’Ὀθεν
3697 1924 3793 1979 καὶ

2132 2012 2428 2083 ἆκκλησίαν
2519 2014 2944 2087 συστησάμενος,
3041 2012 3132 2069 καὶ
3205 2008 3629 2089 πρεσϐυτέρους,
3703 2012 3800 2068 καὶ

2134 2098 2418 2165 διακόνους
2449 2101 2505 2158 έν
2537 2102 2673 2177 αὐτῇ
2698 2104 3057 2175 καταστήσας,
3088 2102 3403 2173 ἐτελειώθη.

2208 2280 2307 2337 Καὶ
2359 2278 2590 2352 ἄθλησις
2631 2285 2737 2337 τῶν
2785 2280 2951 2356 ἁγίων
2999 2281 3289 2356 μαρτύρων
3322 2279 3606 2355 Μενίγνου,
3637 2278 3729 2336 καὶ

2817 2371 3123 2444 Ῥωμανοῦ.

2204 2460 2268 2518 Ὁ
2300 2460 2396 2533 μέν
2448 2460 2599 2534 ἁγιος
2648 2460 2912 2535 Μένιγνος
2959 2460 3181 2535 ὑπῆρχε
3232 2460 3329 2533 μεν
3380 2458 3470 2515 ἰπὶ
3506 2466 3606 2529 τῆς
3641 2460 3805 2535 βασι-

2138 2548 2305 2610 λείας·
2341 2548 2554 2619 Δεκίου,
2587 2547 2647 2604 έκ
2685 2552 2787 2614 τῆς
2818 2548 3037 2611 πόλεως
3092 2548 3315 2625 Παρίου.
3352 2550 3594 2628 Κναφεὺς
3626 2546 3682 2603 δὲ
3719 2546 3797 2604 ὢν

2132 2640 2221 2695 καὶ
2246 2643 2343 2694 τοῦ
2375 2638 2701 2713 ἐργοχείρου
2727 2638 2890 2695 αὑτοῦ
2911 2639 3119 2717 τροφὰς
3145 2640 3537 2714 ποριζόμενος,
3559 2644 3799 2715 παρεῖχε

2133 2735 2249 2789 τοῖς
2281 2727 2370 2785 διὰ
2396 2730 2486 2785 τὸν
2537 2727 2782 2806 διωγμὸν
2842 2730 2919 2792 εἷς
2978 2728 3225 2804 φυλακὰς
3279 2730 3801 2803 ἀποκεκλεισμένοις

2135 2819 2504 2892 Χριπιανοῖς.
2538 2816 2831 2890 Ἐπεθύμει
2863 2814 2921 2871 δε
2968 2819 3059 2872 καί
3087 2816 3252 2881 αὐτὸς
3285 2824 3626 2891 μαρτυρῆσαι
3661 2818 3797 2891 ὑπὶρ

2135 2911 2400 2982 Χριστοῦ,
2445 2906 2535 2961 καὶ
2588 2905 2883 2980 παρεκάλει
2943 2907 3074 2982 ὑπὲρ
3127 2908 3346 2964 τούτου.
3379 2908 3473 2962 Διὸ
3503 2908 3591 2962 καὶ
3626 2907 3796 2976 ἦλθεν

2135 2996 2282 3069 αὐτῷ
2340 2997 2493 3073 φωνή
2552 2996 2803 3073 λέγουσα·
2863 2997 3117 3072 Μένιγνε,
3177 2995 3301 3061 ἐλθὲ
3358 2997 3496 3070 πρὸς
3557 3017 3646 3070 με,
3704 2996 3796 3051 καὶ

2135 3087 2386 3161 εὑρήσεις
2417 3084 2578 3161 χάριν
2624 3084 2853 3141 ἐνώπιόν
2910 3106 3037 3159 μου.
3087 3086 3371 3160 Παραστάς
3401 3083 3498 3140 οὖν
3527 3090 3608 3158 τῷ
3638 3083 3796 3141 δικά-

2143 3179 2309 3245 ζοντι,
2369 3173 2458 3229 καὶ
2510 3174 2830 3249 Χριστιανὸν
2890 3173 3075 3229 έαυτὸν
3129 3173 3509 3250 ὁμολογήσας,
3566 3174 3794 3248 έτύφθη,

375 3276 676 3342 exceptus,
736 3268 1051 3341 gladioque
1105 3266 1302 3339 digitis
1355 3282 1640 3321 manuum
1702 3270 1760 3319 et
1813 3262 2024 3335 pedum

2141 3263 2243 3319 Καὶ
2270 3262 2515 3337 μαχαίρᾳ
2542 3262 2732 3324 κοπεὶς
2787 3262 2914 3325 τοὺς
2974 3260 3278 3327 δακτύλους
3328 3268 3436 3319 τῶν
3469 3269 3675 3340 χειρῶν
3703 3261 3799 3319 καί

371 3360 675 3429 abscissis,
694 3360 886 3431 capite
909 3358 1115 3430 plexus
1138 3358 1269 3413 fuit.
1292 3356 1658 3412 Veneranda:
1682 3360 1880 3411 autem
1904 3355 2024 3425 ejus

2141 3356 2244 3407 τῶν
2276 3350 2487 3422 ποδῶν,
2545 3350 2972 3430 ἀπεκεφαλίσθη.
3029 3352 3101 3407 Τὸ
3158 3350 3217 3407 δὶ
3257 3353 3442 3426 τίμιον
3475 3353 3640 3409 αὐτοῦ
3670 3352 3798 3409 λεί-

368 3452 640 3522 reliquias
663 3451 723 3505 in
746 3450 894 3506 urbe
917 3450 1187 3522 sepultas,
1211 3448 1481 3521 praabent
1502 3449 1816 3503 sanitatem
1839 3446 2024 3502 omni-

2141 3445 2306 3515 ψανον
2336 3441 2499 3518 ταφέν
2528 3440 2579 3496 έν
2628 3445 2699 3515 τῇ
2748 3441 2930 3512 πόλει,
2980 3445 3211 3519 παρέχει
3262 3443 3465 3516 ἰάματα
3515 3447 3645 3498 πᾶσι
3674 3449 3794 3507 τοῖς

369 3539 482 3596 bus
515 3540 790 3595 fidelibus
820 3557 1009 3611 usque
1043 3541 1104 3594 in
1136 3540 1493 3595 hodiernum
1523 3538 1703 3593 diem.
1732 3540 2024 3593 Romanus

2141 3535 2355 3594 πιστοῖς
2388 3531 2553 3605 μέχρι
2602 3536 2702 3599 τῆς
2738 3533 3007 3607 σήμερον.
3050 3533 3113 3589 Ὀ
3162 3530 3221 3587 δὶ
3267 3532 3566 3607 Ῥωμανὸς,
3599 3530 3793 3588 διάκο-

370 3636 568 3686 autem
601 3647 737 3687 cum
769 3630 1048 3686 Ecclesiaa
1073 3630 1354 3685 Caesareas
1384 3628 1717 3683 Palmstinaa
1744 3627 2024 3682 diaconus

2141 3640 2232 3682 νος
2263 3617 2335 3674 ὢν
2368 3622 2465 3689 τῆς
2496 3619 2547 3674 έν
2581 3619 2877 3695 Καισαρείᾳ
2903 3628 3004 3691 τῆς
3036 3620 3408 3691 Παλαιστίνης
3435 3622 3793 3692 Ἐκκλησίας,

371 3726 547 3788 esset,
580 3720 917 3792 Christique
951 3719 1131 3775 fidem
1162 3719 1451 3791 populum
1475 3718 1734 3781 doceret,
1757 3733 2026 3787 compre-

367 3809 613 3876 hensus,
644 3809 969 3881 multisque
1014 3808 1327 3865 tormentis
1386 3807 1784 3873 excruciatus,
1818 3804 2027 3862 eodem

363 3898 459 3953 die
491 3897 688 3971 gladio
722 3914 912 3953 caesus
944 3898 1125 3953 ﬁnem
1159 3898 1407 3969 accepit.

432 3989 504 4041 Et
532 3992 835 4043 certamen
886 3988 1075 4042 sancti
1126 3986 1404 4058 martyris
1456 3987 1668 4057 Papaa:
1722 3988 1780 4039 et
1807 3987 2026 4039 sanctas

358 4075 638 4146 martyris
659 4076 1004 4147 Euphrasim
1026 4093 1038 4130 :
1064 4092 1300 4131 necnon
1317 4073 1804 4131 commemoratio
1829 4071 2020 4128 sancti

360 4162 682 4221 Alexandri
713 4180 881 4236 papas
914 4166 1111 4221 Romaa
1142 4181 1156 4233 ;
1189 4170 1249 4221 et
1278 4169 1621 4221 sanctorum
1642 4161 1944 4234 Trophimi
1966 4167 2026 4218 et

366 4251 584 4321 Thalli,

928 4340 1171 4397 EODEM
1210 4341 1462 4397 MENSE.

844 4431 946 4488 Die
988 4430 1221 4488 decima
1260 4430 1533 4503 septima.

583 4522 1037 4580 Commemoratio
1066 4525 1247 4579 sancti
1295 4521 1504 4589 Atemii,
1543 4518 1655 4575 viri
1683 4519 1797 4574 Dei.

426 4686 560 4741 Fuit
598 4685 696 4741 hic
750 4703 822 4742 ex
876 4686 1025 4743 urbe
1072 4690 1283 4755 Roma,
1343 4682 1741 4756 Euphemiani
1794 4681 2024 4754 patricii

364 4772 549 4838 filius,
580 4789 615 4828 a
645 4789 761 4844 quo
792 4790 1038 4830 uxorem
1061 4774 1278 4829 ducere
1310 4773 1677 4845 compulsus,
1706 4787 1841 4827 cum
1863 4770 2017 4827 cele-

356 4862 543 4918 bratis
575 4864 801 4933 nuptiis
832 4864 1168 4919 conversari
1197 4880 1335 4919 eum
1366 4879 1502 4919 cum
1529 4878 1751 4934 sponsa
1779 4866 2018 4933 oporte-

355 4957 467 5019 ret,
499 4950 715 5007 tradito
743 4952 938 5007 eidem
959 4953 1210 5025 nuptiali
1236 4952 1485 5019 annulo,
1511 4951 1685 5006 domo
1713 4950 2020 5006 discessit:

359 5044 419 5095 et
448 5040 730 5096 Edessam
761 5041 972 5097 urbem
1025 5042 1347 5113 profectus,
1407 5057 1514 5112 per
1569 5040 1772 5096 decem
1806 5046 1864 5095 et
1891 5046 2020 5095 octo

358 5144 549 5184 annos
581 5129 739 5201 apud
796 5129 1113 5185 ecclesiam
1171 5128 1414 5184 mansit.
1471 5130 1549 5183 Ex
1599 5131 1788 5201 ipsius
1819 5136 2019 5186 autem

355 5219 569 5274 virtute
601 5219 856 5288 agnitus,
882 5235 945 5274 se
975 5218 1289 5272 subduxit:
1326 5220 1690 5289 Romamque
1720 5226 2017 5291 repetens,

357 5308 631 5381 proprias
664 5308 822 5364 aedes
854 5307 1117 5372 intravit,
1149 5306 1249 5361 ubi
1297 5307 1554 5380 ignotus,
1587 5308 1742 5377 apud
1767 5310 2019 5380 januam

359 5415 420 5453 se
453 5397 771 5463 continuit,
801 5402 1033 5469 patrem
1059 5401 1429 5465 matremque
1461 5401 1758 5467 spectans,
1785 5403 1843 5452 et
1871 5413 1905 5452 a
1934 5398 2017 5453 fa-

355 5487 538 5544 mulis
564 5489 688 5543 suis
717 5487 977 5542 ludibrio
1009 5485 1281 5541 habitus:
1330 5486 1429 5541 19
1472 5485 1819 5556 parentibus
1849 5486 2019 5542 insu-

352 5594 482 5653 per,
507 5583 567 5636 et
592 5582 758 5638 casta
784 5577 973 5651 ipsius
1002 5592 1186 5635 uxore
1214 5575 1577 5647 dolentibus,
1605 5581 2015 5651 perpetuoque

2043 4496 2091 4561 D

2138 3710 2227 3764 καὶ
2251 3709 2343 3764 τὸν
2377 3707 2508 3764 λαὸν
2542 3706 2808 3765 διδάσκων
2859 3713 2959 3778 τήν
3018 3710 3093 3773 εἷς
3132 3711 3361 3784 Χριστὸν
3394 3711 3595 3782 πίστιν,
3627 3710 3792 3779 ἐκρα-

2135 3802 2299 3871 τήθη,
2332 3801 2420 3855 καὶ
2453 3798 2645 3854 πολλὰ
2692 3800 3043 3875 βασανισθεὶς,
3093 3803 3209 3857 κατ’
3257 3802 3425 3872 αὐτὴν
3452 3802 3551 3871 τὴν
3583 3802 3796 3877 ἡμέραν

2134 3890 2196 3944 τὸ
2228 3886 2318 3943 διὰ
2347 3888 2530 3967 ξίφους
2562 3886 2773 3962 ἐδέξατο
2802 3888 2985 3954 τέλος.

2206 3978 2310 4035 Καὶ
2340 3966 2568 4048 ἄθλησις
2623 3982 2722 4033 τοῦ
2775 3979 2930 4055 ἁγίου
2990 3977 3261 4055 μάρτυρος
3314 3981 3495 4052 Πάπα,
3550 3979 3642 4036 καὶ
3685 3966 3789 4053 τῆς

2136 4063 2293 4141 ἁγίας
2354 4067 2627 4141 μάρτυρος
2687 4063 3011 4144 Εὑφρασίας.
3070 4065 3172 4124 Καὶ
3232 4069 3425 4141 μνήμη
3482 4070 3579 4123 τοῦ
3627 4066 3791 4144 ἁγίου

2136 4151 2520 4227 Ἀλεξάνδρου,
2562 4152 2716 4209 πάπα
2769 4154 3016 4228 Ῥώμης·
3074 4154 3165 4209 καὶ
3214 4159 3325 4212 τῶν
3383 4156 3551 4233 ἁγίων
3581 4156 3793 4235 Τοοφί-

2139 4262 2244 4315 μου
2272 4241 2363 4296 καὶ
2395 4240 2615 4299 Θάλλου
2628 4284 2642 4303 .

2700 4332 2879 4390 ΜΗΝΙ
2900 4336 2984 4388 ΤΩ
3014 4336 3213 4392 ΔΥΤΩ.

2926 4424 3002 4478 ΙΖ’

2264 4509 2469 4583 Μνήμη
2497 4511 2596 4565 τοῦ
2629 4506 2789 4585 ἁγίου
2819 4506 3070 4637 ’Δέἒξὲου
3098 4514 3197 4567 τοῦ
3227 4510 3519 4587 ἀνθρώπου
3544 4515 3641 4569 τοῦ

2927 4602 3037 4639 εου.

2204 4688 2376 4750 Οὗτος
2429 4687 2497 4756 ἦν
2553 4685 2661 4741 ἀπὸ
2715 4692 2816 4756 τῆς
2897 4686 3137 4761 Ῥώμής,
3219 4689 3338 4753 υἱὸς
3423 4690 3793 4767 Εὑφημιανοῦ

2131 4775 2440 4852 πατρικίου,
2488 4775 2547 4837 ὅς
2601 4775 2689 4830 καὶ
2750 4775 2887 4851 πρὸς
2940 4778 3121 4852 γάμον
3175 4775 3428 4848 ἐξέδωκεν
3460 4778 3645 4837 αὐτόν.
3677 4784 3792 4837 Τοῦ

2130 4863 2308 4940 γάμου
2340 4862 2398 4920 δὲ
2426 4863 2748 4939 γενομένου,
2807 4865 2944 4920 κατά
2997 4866 3091 4921 τὸν
3146 4869 3359 4943 καιρὸν,
3419 4869 3536 4923 καθ’
3567 4867 3624 4922 δν
3677 4864 3786 4923 ἔδει

2128 4957 2197 5027 τῇ
2228 4952 2414 5032 νύμφῃ
2446 4950 2880 5027 προσομιλῆσαι,
2942 4951 3070 5017 δοὺς
3127 4954 3263 5029 αὐτῇ
3318 4956 3410 5012 τὸν
3462 4952 3784 5032 ἀραϐονικὸν

2132 5040 2447 5111 δακτύλιον,
2480 5041 2673 5115 ἐξῆλθε
2718 5046 2817 5096 τοῦ
2871 5042 3047 5112 οἴκου,
3078 5044 3165 5099 καὶ
3197 5049 3297 5113 τήν
3326 5044 3493 5100 πόλιν
3523 5042 3785 5102 Ἔδεσσαν

2128 5126 2475 5202 καταλαϐὼν,
2528 5130 2855 5204 προσέμεινε
2909 5134 2980 5203 τῇ
3034 5131 3300 5205 ἐκκλησίᾳ
3355 5131 3449 5205 ἔτη
3514 5131 3642 5189 δέκα
3697 5135 3790 5189 καὶ

2131 5219 2297 5275 ὀκτώ.
2331 5218 2597 5283 Γνωσθεὶς
2626 5215 2684 5272 δὲ
2714 5216 2801 5274 διὰ
2830 5221 2929 5289 τὴν
2978 5220 3174 5295 ἀρετὴν
3210 5221 3397 5291 αὑτοῦ,
3433 5223 3788 5298 ὑπεχώρησε,

2127 5308 2217 5364 καὶ
2275 5306 2443 5363 πάλιν
2501 5308 2744 5376 ἀπῆλθεν
2806 5307 2883 5370 εἷς
2938 5309 3161 5383 Ῥώμην
3217 5311 3310 5365 καὶ
3365 5306 3636 5366 κατέλαϐε
3691 5312 3786 5365 τὸν

2128 5395 2266 5453 ἴδιον
2306 5397 2476 5467 οἶκον,
2533 5395 2625 5451 καί
2684 5396 2976 5471 ἀγνοηθεὶς
3023 5401 3103 5469 τῷ
3159 5398 3372 5455 πυλῶνι
3422 5397 3786 5475 προσεκαρτέ-

2127 5506 2231 5563 ρει,
2264 5486 2482 5562 βλέπων
2536 5484 2627 5539 τὸν
2686 5484 2893 5561 πατέρα
2946 5484 3037 5543 καὶ
3092 5488 3193 5557 τὴν
3255 5487 3483 5564 μητέρα,
3515 5485 3785 5560 έμπαιζό-

2130 5597 2288 5651 μενος
2324 5575 2430 5631 ὑπὸ
2458 5576 2570 5629 τῶν
2606 5569 2819 5630 δούλων
2862 5572 3047 5647 αὑτοῦ,
3096 5575 3273 5633 καίτοι
3301 5579 3411 5632 τῶν
3435 5576 3655 5653 γονέων,
3689 5573 3781 5631 καὶ
