4134 6302
292 329 406 389 357

291 462 389 525 τῆς
461 453 735 529 σώορονος

292 544 581 601 κλαιόντων
638 539 952 607 διαπαντὸς
1003 542 1127 619 περὶ
1178 541 1367 599 αὐτοῦ.
1419 543 1528 610 Τῆς
1586 537 1643 595 δὶ
1685 538 1943 609 τελευτῆς

296 633 462 690 αὐτοῦ
488 636 962 708 προσεγγισάσης,
997 634 1238 703 ζητήσας
1318 631 1552 707 χάρτην,
1624 625 1823 704 ἔγραψε
1877 627 1943 682 τὰ

293 723 417 797 περὶ
472 721 632 778 αὐτοῦ
687 725 892 789 πάντα,
943 721 1035 777 καὶ
1092 726 1345 795 κατεῖχεν
1395 718 1449 774 ἦν
1505 722 1575 793 τῇ
1628 717 1777 794 χειρὶ
1811 716 1946 789 μετὰ

293 811 572 884 τελευτήνσ
603 811 671 883 ἥν
703 813 734 867 6
769 809 1026 888 βασιλεὺς
1078 811 1340 883 ὀνώριος
1384 803 1595 879 λαϐὼν,
1624 806 1833 883 ἀνέγνω
1865 805 1945 867 εἷς

292 902 528 973 ἐπήκοον
586 902 827 958 πάντων.
885 900 1019 959 Τότε
1067 899 1307 975 ἐγνώσθη
1356 899 1421 955 τὸ
1469 898 1587 953 κατ’
1625 896 1809 954 αὐτόν.
1842 895 1945 952 Καὶ

294 992 466 1055 οὕτως
496 990 663 1071 έτάφη
707 992 770 1048 τὸ
818 992 969 1067 ἅγιον
1028 990 1195 1046 αὐτοῦ
1225 988 1483 1065 λείψανον
1513 986 1570 1044 ἰν
1598 991 1680 1060 τῷ
1707 990 1821 1059 ναῷ
1847 989 1946 1042 τοῦ

293 1080 487 1153 ’Δγίου
512 1077 825 1135 ἀποστόλου
863 1080 1091 1154 Πέτρου.

471 1198 578 1255 Καὶ
613 1195 845 1270 ἄθλησις
870 1200 969 1254 τοῦ
1013 1196 1168 1272 ἁγίου
1201 1196 1474 1271 μᾶρτυρος
1501 1191 1767 1267 Μαρίνου.

368 1318 631 1392 Μαρῖνος,
692 1317 720 1371 6
775 1319 872 1371 τοῦ
928 1316 1163 1390 Χριστοῦ
1222 1313 1448 1387 μάρτυς,
1497 1307 1817 1385 Χριστιανὸς
1848 1304 1946 1378 ὣν,

1824 318 2198 384 MARTIUS.

849 454 1018 509 αύτοῦ
1089 452 1344 528 γυναικὸς
1417 449 1775 524 λυπουμένων
1852 450 1943 505 καὶ

2066 452 2221 507 illius
2259 468 2437 509 causa
2488 454 2880 525 plorantibus.
2940 455 3202 510 Instante
3258 461 3456 512 autem
3514 459 3699 526 obitu,

3588 324 3707 387 358

2052 541 2317 597 chartam
2349 540 2697 613 deposcens,
2741 542 3014 598 universa
3060 560 3191 613 quae
3240 543 3436 614 ipsum
3465 552 3702 616 specta-

2051 630 2219 699 bant,
2238 632 2609 703 conscripsit,
2629 634 2792 689 illam
2818 640 2952 706 post
2974 635 3202 689 obitum
3234 651 3416 690 manu
3451 642 3661 693 tenens
3687 653 3701 693 :

2054 736 2233 791 quam
2265 738 2399 777 cum
2430 723 2722 779 Honorius
2753 724 3076 795 imperator
3105 725 3451 798 accepisset,
3474 728 3703 783 cunctis

2054 810 2434 867 audientibus
2464 812 2623 885 legit.
2657 816 2801 869 Tum
2856 830 2991 869 vero
3051 815 3179 887 ejus
3211 823 3342 872 acta
3366 823 3705 888 patuerunt.

2052 896 2221 954 Illius
2249 898 2448 971 itaque
2508 906 2726 956 sancta
2784 900 3053 972 reliquias
3108 902 3172 958 in
3224 904 3447 976 templo
3514 904 3710 960 Sancti

2054 988 2211 1042 Petri
2240 988 2493 1060 apostoli
2521 989 2776 1046 conditas
2803 990 3064 1047 fuerunt.

2305 1196 2376 1250 Et
2405 1202 2677 1252 certamen
2706 1198 2887 1253 sancti
2931 1197 3142 1253 Marini
3178 1203 3455 1271 martyris.

2128 1309 2405 1376 Marinus,
2438 1311 2653 1365 Christi
2684 1317 2928 1385 martyr,
2962 1330 3096 1369 cum
3127 1315 3496 1374 Christianus
3528 1325 3710 1399 esset,

292 1406 386 1461 καὶ
413 1406 556 1480 ὁρῶν
586 1405 715 1469 τοὺς
750 1403 1156 1479 είδωλολάτρας
1205 1401 1449 1471 θύοντας,
1482 1399 1543 1454 οὐ
1579 1398 1742 1473 μόνον
1772 1396 1949 1473 ἄλογα

2066 1398 2117 1449 et
2166 1411 2201 1449 a
2250 1396 2493 1467 paganis
2544 1413 2664 1452 non
2718 1398 2891 1452 modo
2950 1399 3319 1457 irrationalia
3358 1396 3708 1480 animantia,

298 1500 434 1567 ζῶα,
462 1492 787 1571 τετράποδα,
845 1493 935 1551 καὶ
993 1493 1226 1562 πετείνὰ,
1286 1490 1430 1547 ἀλλὰ
1487 1492 1577 1546 καὶ
1608 1490 1946 1562 ἀνθρώπους,

2066 1483 2499 1555 quadrupedes,
2521 1492 2579 1540 et
2599 1502 2753 1554 aves,
2772 1504 2973 1541 verum
2998 1489 3172 1544 etiam
3200 1490 3472 1549 homines
3496 1494 3711 1552 immo-

294 1569 565 1655 ἐζήλωσεέ
597 1585 690 1640 καὶ
737 1586 933 1659 ἑορτῆς
989 1584 1293 1659 γενομένης
1346 1585 1463 1643 τοῖς
1524 1580 1760 1654 ἀψύχοις
1791 1576 1949 1633 εἰδώ-

2066 1569 2168 1625 lari
2191 1570 2438 1635 videret,
2460 1572 2582 1626 zelo
2606 1573 2908 1641 incensus,
2928 1581 2986 1629 et
3005 1575 3067 1629 in
3090 1577 3350 1633 medium
3367 1582 3708 1653 prosiliens,

296 1676 440 1741 λοις,
473 1672 698 1750 δραμὼν
728 1673 1053 1748 κατέστρεψε
1105 1674 1198 1726 τὸν
1263 1670 1476 1746 βωμὸν,
1523 1668 1613 1723 καὶ
1642 1668 1709 1723 τὰ
1738 1667 1951 1741 θύματα

2066 1676 2195 1715 cum
2245 1660 2463 1716 festum
2496 1662 2779 1717 inanimis
2812 1663 2988 1719 idolis
3028 1674 3319 1737 ageretur.
3354 1670 3538 1727 altare
3570 1672 3708 1728 sub-

294 1746 685 1835 κατεπάτησεν,
741 1764 871 1826 τοὺς
919 1746 977 1818 τε
1036 1754 1279 1823 δυσεϐεἷς
1334 1760 1499 1835 ἱερεῖς
1552 1757 1660 1811 τῶν
1701 1754 1947 1812 εἰδώλων

2066 1746 2250 1811 vertit,
2282 1747 2554 1803 victimas
2603 1749 2988 1812 conculcavit,
3036 1752 3370 1824 impiosque
3403 1756 3707 1817 idolorum

292 1834 613 1926 καθύϐρισε,
696 1852 791 1909 καὶ
874 1852 1059 1907 ἑαυτὸν
1158 1849 1476 1925 Χριστιανὸν
1563 1844 1951 1920 ὡμολόγησεν,

2066 1834 2429 1890 sacriﬁculos
2455 1836 2818 1892 contumelia
2838 1838 3071 1893 affecit:
3106 1856 3287 1911 seque
3310 1843 3709 1901 Christianum

296 1942 464 1997 εἰπὼν
498 1941 607 2013 ὅτι,
649 1940 895 1997 Πιστεύω
953 1940 1032 2002 εἷς
1088 1940 1320 2015 Χριστὸν
1373 1938 1468 1993 τὸν
1520 1938 1643 1992 Υίὸν
1692 1939 1791 1991 τοῦ
1822 1938 1956 1991 Θεοῦ

294 2030 390 2086 τὸν
451 2033 745 2106 μονογενῆ,
794 2032 888 2087 τὸν
949 2031 1254 2101 ποιήσαντα
1309 2030 1403 2082 τὸν
1455 2022 1826 2101 οὖρανὸν,καὶ
1855 2023 1953 2091 τήν

295 2126 424 2196 γῆν,
478 2121 583 2189 τήν
638 2118 936 2192 θάλασσαν,
992 2118 1081 2175 καὶ
1137 2119 1310 2173 πάντα
1365 2118 1433 2172 τὰ
1486 2114 1538 2171 ἐν
1590 2114 1794 2177 αὐτοῖς.
1824 2113 1958 2168 Τότε

301 2208 644 2283 ὀργισθέντες
699 2208 752 2263 οἱ
811 2205 1234 2283 εἰδωλολάτραι,
1290 2204 1589 2278 ἐκράτησαν
1648 2203 1832 2272 αὐτὸν,
1862 2201 1954 2257 καὶ

302 2299 521 2368 πρῶτον
577 2295 676 2367 μὶν
734 2295 1169 2369 ἐτιμωρήσαντο,
1229 2294 1257 2347 6
1319 2292 1414 2366 μὶν
1456 2290 1686 2368 ῥοπάλῳ
1712 2290 1952 2359 τύπτων,

302 2384 333 2437 6
362 2381 421 2438 δὶ
450 2382 597 2456 λίθῳ
625 2377 925 2457 συντρίϐων
980 2382 1044 2438 τὸ
1095 2380 1270 2455 στόμα
1326 2380 1489 2436 αὐτοῦ
1519 2380 1610 2435 καὶ
1636 2379 1765 2441 τοὺς
1796 2377 1954 2433 666v-

303 2492 417 2542 τας,
448 2470 624 2535 ἄλλος
655 2471 833 2545 σύρων
888 2471 949 2528 ἰκ
1001 2475 1113 2528 τῶν
1166 2475 1400 2547 τριχῶν.
1434 2471 1663 2526 Ἔπειτα
1692 2464 1951 2539 δήσαντες

304 2562 487 2632 αὐτὸν,
542 2558 862 2637 παρέδωκαν
920 2565 1001 2633 τῷ
1056 2567 1159 2631 τῆς
1214 2561 1406 2635 χώρας
1462 2557 1669 2628 ἐκείνης
1701 2556 1951 2633 ἄρχοντιο

304 2652 391 2708 καὶ
414 2652 505 2708 ὑπ’
550 2650 759 2707 ἐκείνου
805 2649 1026 2729 τυφθεὶς
1084 2648 1334 2721 ἀνηλεῶς
1397 2646 1712 2723 βουνεύροις
1740 2649 1953 2722 ξηροῖς,

309 2739 415 2795 εἶτα
442 2740 765 2815 ιρεμασθείς
796 2738 887 2794 καὶ
926 2739 1129 2812 εεσθεὶς
1182 2737 1279 2802 τὰς
1333 2736 1597 2813 πλευρὰς,
1626 2735 1783 2797 τέλος
1816 2735 1952 2811 ξίφει

310 2832 402 2899 τὴν
417 2829 661 2906 κεφαλὴν
690 2829 995 2900 ἀπετυήθη.

862 2944 1047 3002 ΜΗΝΙ
1074 2946 1165 3002 ΤΩ
1203 2946 1400 3001 ΑΥΤΩ.

1086 3033 1173 3091 ΙΗ“

414 3125 620 3199 Μνήμη
668 3126 768 3179 τοῦ
814 3120 869 3179 ἐν
918 3122 1092 3199 ᾁγίοις
1125 3121 1346 3199 -Π-ατρὸς
1374 3122 1535 3195 ἡμῶν
1569 3115 1847 3192 Κυρίλλου

918 3193 1338 3269 Ἰεροσολύμων.

377 3312 545 3376 Οὗτος
609 3315 855 3388 ὑπῆρχεν
913 3311 1029 3374 υίὸς
1086 3312 1284 3387 γονέων
1334 3304 1566 3365 εὐσεϐῶν
1607 3306 1695 3363 έπὶ
1724 3311 1822 3373 τῆς
1855 3308 1953 3384 βα-

310 3399 516 3463 σιλείας
546 3400 941 3459 Κωνσταντίου.
1003 3400 1153 3458 Ἐπεὶ
1213 3398 1270 3455 δὶ
1327 3400 1355 3454 6
1411 3403 1517 3455 τῶν
1551 3397 1951 3474 Ἰεροσολύμων

308 3490 599 3555 ἐπίσκοπος
629 3492 877 3565 Μάξιμος
927 3488 1072 3546 τέλει
1137 3489 1259 3566 βίου
1316 3487 1616 3564 ἐχρήσατο,
1657 3489 1813 3551 οὗτος
1842 3488 1956 3542 ἀντ’

308 3578 515 3635 ἐκείνου
567 3583 666 3648 τῆς
716 3580 1078 3649 έπισκοπικῆς
1138 3577 1365 3654 χάριτος
1419 3579 1651 3652 ἠξιώθη,
1681 3582 1790 3633 τῶν
1818 3577 1956 3632 ἀπο-

307 3668 578 3725 στόλικῶν
636 3667 922 3745 δογμάτων
1008 3669 1310 3743 προθύμως
1384 3667 1742 3742 ὑπερμαχῶν.
1801 3665 1954 3723 Ἀκά-

304 3779 423 3821 κιος
481 3756 538 3814 δὲ
610 3760 887 3834 Ἀρειανὸς
944 3754 1041 3826 ὢν,
1099 3757 1190 3814 καὶ
1254 3758 1345 3812 τὸν
1404 3755 1457 3812 ἐν
1516 3755 1805 3831 Καισαρείᾳ
1856 3762 1957 3825 τῆς

308 3847 672 3919 Παλαιστίνης
720 3848 912 3923 θρόνον
957 3847 1194 3923 ἐπέχων,
1225 3848 1314 3903 καὶ
1367 3847 1469 3902 ὗπό
1498 3853 1597 3915 τῆς
1629 3845 1683 3901 έν
1713 3842 1955 3920 Σαρδικῇ

307 3937 531 3994 συνόδου
588 3940 947 4014 καθαιρεθείς,
1006 3937 1119 3994 ἐπεὶ
1176 3938 1462 4013 γνώριμος
1489 3937 1558 4006 ἦν
1594 3941 1675 4009 τῷ
1719 3935 1957 4012 βασιλεῖ,

308 4027 504 4085 ἐκεῖθεν
537 4024 683 4103 ἔχων
711 4029 815 4095 τήν
856 4025 1119 4100 ἰξουσίαν,
1177 4027 1269 4082 τὸν
1329 4024 1610 4100 Κύριλλον
1633 4030 1731 4081 τοῦ
1761 4026 1957 4101 θρόνου

306 4123 574 4182 καθελεῖν.
632 4118 694 4175 Ὁ
751 4114 809 4172 δὶ
866 4116 944 4179 είς
995 4115 1205 4193 Ταρσὸν
1262 4113 1515 4179 ἀπελθὼν
1564 4119 1644 4189 τῷ
1672 4113 1957 4188 θαυμασίῳ

309 4214 468 4277 συνῆν
516 4200 792 4278 Σιλόανῷ.
852 4204 950 4260 Καὶ
1008 4203 1085 4269 είς
1143 4203 1462 4260 Σελεύκειαν
1493 4201 1955 4277 συγκροτηθείσης

308 4294 554 4367 συνόδου,
608 4296 746 4371 πρὸς
792 4295 892 4365 τὴν
953 4292 1528 4353 Κωνσταντινούπολιν
1584 4290 1870 4368 ἐξέδραμεν
1928 4293 1957 4348 6

309 4386 583 4453 ’Δκάκιος,
639 4384 729 4440 καὶ
790 4378 962 4439 ἔκεισε
1015 4383 1109 4439 τὸν
1169 4380 1394 4457 βασιλέα
1451 4381 1710 4457 ὑπερορίᾳ
1738 4379 1958 4437 καταδι-

305 4475 458 4530 κάσαι
491 4472 792 4545 Κύριλλον.
842 4473 991 4529 Μετᾶ
1020 4470 1079 4527 δὲ
1115 4470 1377 4540 τελευτὴν
1432 4470 1831 4539 Κωνσταντίου,
1861 4479 1961 4542 τῆς

1981 3186 2028 3251 C

2061 1919 2395 1975 confessus:
2455 1922 2661 1990 Credo,
2712 1923 2815 1991 ait,
2875 1925 2938 1979 in
2991 1926 3291 1982 Christum
3349 1930 3556 1986 Filium
3604 1933 3708 1988 Dei

2063 2009 2462 2082 Unigenitum,
2492 2010 2777 2068 factorem
2808 2013 2939 2069 caeli
2971 2019 3029 2069 et
3059 2019 3250 2075 terras.
3275 2019 3479 2089 maris,
3504 2026 3561 2075 et
3589 2037 3710 2076 om-

2059 2096 2229 2152 nium
2261 2114 2391 2168 quae
2422 2100 2483 2153 in
2515 2099 2601 2154 eis
2648 2105 2804 2156 sunt.
2855 2101 3251 2166 Quamobrem
3282 2104 3357 2160 ad
3385 2106 3536 2163 iram
3569 2125 3714 2164 con-

2061 2186 2223 2242 citati
2254 2187 2605 2255 idololatras,
2643 2190 2837 2261 ipsum
2855 2193 3470 2264 comprehenderunt:
3504 2202 3563 2253 et
3586 2198 3711 2269 pri-

2059 2292 2223 2331 mum
2251 2276 2493 2348 quidem
2549 2278 2662 2350 ipsi
2709 2296 2817 2351 per
2874 2298 2935 2337 se
2994 2281 3165 2337 illum
3205 2285 3583 2356 cruciarunt;
3613 2288 3710 2345 hic

2059 2361 2302 2433 quidem
2330 2363 2485 2419 fuste
2516 2364 2773 2432 cadens,
2830 2366 2932 2422 ille
2990 2385 3127 2423 vero
3171 2369 3368 2442 lapide
3399 2389 3464 2428 os
3495 2373 3624 2444 ejus
3656 2378 3714 2430 et

2062 2447 2269 2504 dentes
2295 2450 2688 2521 contundens,
2711 2452 2864 2509 alius
2880 2454 3127 2527 capillos
3148 2457 3432 2515 vellicans
3456 2475 3469 2515 :
3495 2459 3711 2517 deinde

2059 2554 2195 2594 vero
2226 2539 2479 2597 vinculis
2512 2542 2923 2611 constrictum,
2955 2545 3195 2615 praesidi
3241 2547 3401 2604 illius
3450 2551 3712 2622 regionis

2059 2629 2375 2698 tradidere,
2402 2632 2570 2702 cujus
2594 2631 2770 2702 jussu
2800 2633 2983 2688 aridis
3004 2634 3244 2691 bubulis
3275 2640 3472 2694 nervis
3502 2641 3714 2696 miser-

2058 2716 2206 2772 rime
2238 2734 2447 2785 cassus,
2486 2736 2624 2775 mox
2669 2737 3014 2793 suspensus,
3068 2728 3127 2777 et
3172 2725 3360 2782 latera
3388 2728 3710 2798 ustulatus,

2058 2812 2358 2878 postremo
2390 2807 2715 2864 decollatus
2747 2815 2852 2865 est.

2616 2928 2856 2982 EODEM
2895 2930 3147 2986 MENSE.

2552 3015 2657 3070 Die
2708 3014 2939 3073 decima
2984 3024 3204 3077 octava.

2132 3103 2233 3160 20
2266 3103 2717 3184 Commemoratio
2771 3110 2952 3184 sancti
2990 3108 3184 3184 Patris
3228 3114 3404 3166 nostri
3442 3113 3638 3184 Cyritli

2635 3178 3142 3247 Hierosolymitani.

2132 3293 2247 3347 Iste
2278 3293 2391 3364 piis
2420 3293 2768 3364 parentibus
2824 3300 2999 3351 natus
3055 3302 3145 3352 est
3198 3299 3526 3371 imperante
3557 3303 3707 3359 Con-

2063 3381 2301 3436 stantio.
2338 3383 2586 3438 Maximo
2617 3388 2815 3438 autem
2847 3384 3388 3459 Hierosolymorum
3431 3391 3708 3465 episcopo

2061 3472 2179 3527 vita
2228 3472 2454 3537 functo,
2513 3473 2885 3544 episcopatus
2943 3477 3130 3546 gratia
3185 3478 3397 3550 dignus
3437 3484 3705 3555 effectus,

2061 3560 2270 3631 illique
2328 3562 2701 3629 substitutus,
2762 3579 2867 3632 pro
2923 3562 3297 3635 dogmatibus
3362 3572 3706 3640 apostolicis

2061 3649 2338 3704 alacriter
2366 3650 2701 3704 decertavit.
2734 3650 2845 3705 Sed
2876 3653 3122 3708 Aeacius
3153 3656 3427 3724 Arianus,
3452 3658 3553 3728 qui
3584 3661 3705 3715 Cas-

2064 3754 2245 3793 sareaa
2264 3738 2594 3792 Palaestinae
2612 3739 2892 3793 thronum
2910 3740 3417 3814 obtinebat,atque
3434 3762 3469 3801 a
3486 3748 3710 3818 synodo

2063 3826 2397 3882 Sardicensi
2429 3833 2765 3899 segregatus
2788 3827 2999 3897 fuerat,
3022 3845 3157 3885 cum
3189 3832 3535 3904 imperatori
3558 3844 3716 3892 esset

2063 3922 2261 3981 notus,
2294 3920 2584 3986 potestate
2615 3915 2687 3968 ab
2718 3915 2925 3971 eodem
2956 3925 3215 3990 accepta.
3248 3921 3533 3993 Cyrillum
3556 3942 3587 3980 e
3607 3943 3717 3983 sua

2065 4003 2204 4060 sede
2236 4003 2471 4074 dejecit.
2506 4002 2557 4058 Is
2588 4020 2722 4059 vero
2752 4006 2997 4061 Tarsum
3037 4010 3391 4075 concedens.
3426 4031 3547 4070 una
3579 4032 3715 4073 cum

2064 4092 2401 4149 admirabili
2456 4093 2686 4149 Silvano
2739 4103 3140 4154 commoratus
3187 4106 3294 4157 est.
3340 4103 3553 4161 Coacta
3579 4111 3715 4178 post

2064 4181 2345 4238 Seleuciae
2377 4183 2623 4254 synodo,
2647 4184 3223 4259 Constantinopolim
3254 4192 3505 4250 Aeacius
3534 4195 3712 4251 advo-

2063 4271 2217 4341 lans,
2240 4272 2582 4344 imperatori
2604 4275 2901 4344 persuasit
2928 4281 2993 4331 ut
3020 4278 3304 4350 Cyrillum
3327 4283 3535 4340 exsilio
3555 4286 3715 4342 mul-

2064 4367 2235 4419 taret.
2294 4363 2518 4418 Mortuo
2567 4363 2930 4433 Constantio,
2991 4382 3126 4422 cum
3183 4370 3501 4445 imperium
3558 4374 3714 4431 obti-

2065 4452 2297 4507 nuisset
2314 4452 2603 4520 Julianus,
2626 4452 2919 4524 velletque
2940 4455 3246 4512 universos
3268 4458 3379 4512 sibi
3397 4459 3714 4519 benevolos

310 4532 586 4639 βασιλείας
636 4562 910 4638 κρατήσας
965 4560 1288 4632 Ἰουλιανὸς,
1333 4532 1526 4635 ’θέλων
1561 4532 1951 4617 ἐπισπάσασθαί

2074 4541 2344 4609 reddere,
2371 4557 2489 4596 una
2520 4557 2654 4596 cum
2687 4541 2915 4597 caeteris
2964 4543 3141 4598 etiam
3191 4546 3474 4616 Cyrillum
3508 4552 3715 4609 exsilio

307 4650 506 4715 πάντας
538 4650 617 4715 εἷς
649 4648 885 4722 εὔνοιαν,
941 4648 1205 4728 ἐρρύσατο
1267 4649 1401 4723 μετὰ
1457 4650 1674 4706 πάντων
1721 4649 1812 4705 καὶ
1861 4650 1954 4705 τὸν

307 4741 608 4818 Κύριλλον,
672 4741 761 4798 καὶ
816 4745 896 4814 τῷ
967 4737 1093 4814 ἰδίῳ
1167 4740 1344 4816 θρόνῳ
1421 4739 1768 4810 κατέστησεν.
1830 4745 1953 4795 Κα-

309 4828 419 4895 λῶς
476 4832 567 4889 οὖν
619 4831 684 4887 τὸ
737 4829 992 4905 ποίμνιον
1052 4827 1260 4900 ίθύνας,
1316 4828 1456 4906 πρὸς
1517 4829 1713 4904 Κύριον
1770 4825 1956 4900 ἐξεδή-

447 4942 496 4977 ν.

447 4942 496 4977 ν.

314 4939 544 5067 μησεΚαῑ
575 5006 810 5081 ἄθλησις
833 5012 944 5065 τῶν
966 5006 1135 5138 ἂγὲων
1156 5007 1293 5096 ἑπτὰ
1320 5009 1590 5082 γυναικῶν
1616 5010 1727 5063 τῶν
1758 5006 1811 5061 έν

1085 5101 1250 5138 utam.

1083 5101 1250 5154 μισῳ.

376 5172 498 5230 Ἐπῖ
552 5177 654 5244 τῆς
716 5169 995 5248 βασιλείας
1065 5174 1163 5225 τοῦ
1237 5163 1527 5231 δυσσεϐοῦς
1583 5168 1951 5240 Μαξιμιανοῦ,

313 5256 552 5338 διωγμοῦ
635 5263 946 5333 κινηθέντος
1033 5257 1298 5335 μεγάλου,
1380 5262 1520 5314 πᾶσα
1594 5257 1786 5326 ἡλικία
1840 5262 1947 5313 τῶν

310 5352 595 5426 ἀνθρώπων
654 5356 763 5409 τῶν
819 5349 1248 5425 ὁμολογούντων
1299 5347 1394 5403 τὸν
1451 5346 1704 5421 Χριστὸν,
1734 5344 1825 5402 διὰ
1854 5348 1948 5422 βα-

306 5441 467 5498 σάνων
498 5442 778 5521 διαφόρων
838 5440 928 5496 καί
987 5437 1254 5495 ποικίλων
1318 5436 1553 5502 θανάτων
1613 5434 1946 5507 ἐξεκόπτετο.

304 5531 445 5589 Ἐπεὶ
475 5534 569 5588 οὖν
598 5532 693 5588 καὶ
718 5530 772 5585 έν
804 5531 1019 5602 Ἀμισῷ
1071 5531 1141 5601 τῇ
1199 5524 1360 5582 πόλει
1390 5531 1496 5589 πᾶς
1528 5526 1557 5581 6
1585 5526 1677 5580 τὸν
1712 5526 1945 5599 Χριστὸν

303 5622 420 5679 θεὸν
450 5623 742 5700 κηρύττων
793 5618 899 5676 ὑπὸ
926 5621 1026 5675 τοῦ
1071 5613 1339 5693 ἄρχοντος
1382 5622 1482 5687 τῆς
1505 5612 1673 5686 αὐτῆς
1703 5613 1943 5689 πόλεως,

2063 4630 2379 4686 liberatum
2403 4630 2657 4702 propriaa
2684 4631 2809 4685 sedi
2831 4631 3109 4686 restituit.
3133 4638 3273 4689 Cum
3306 4652 3442 4709 ergo
3473 4655 3710 4714 gregem

2062 4718 2213 4776 bene
2244 4719 2653 4792 gubernasset,
2688 4718 2761 4774 ad
2790 4720 3109 4777 Dominum
3136 4724 3425 4797 migravit.

2131 4987 2199 5042 Et
2223 4990 2498 5042 certamen
2527 4991 2842 5042 sanctorum
2867 4994 3071 5059 septem
3106 4993 3401 5051 mulierum
3438 4998 3639 5054 Amisi.

2136 5167 2469 5238 Imperante
2500 5164 2681 5238 impio
2713 5167 3064 5225 Maximiano
3097 5189 3231 5228 cum
3264 5192 3477 5250 magna
3504 5195 3709 5250 perse-

2062 5260 2218 5315 cutio
2250 5263 2547 5313 commota
2594 5257 2823 5327 fuisset,
2874 5277 3081 5317 omnes
3132 5264 3403 5323 homines
3450 5270 3711 5341 cujusvis

2060 5348 2268 5413 astatis,
2304 5346 2404 5418 qui
2426 5347 2721 5401 Christum
2745 5349 3190 5421 conﬁterentur,
3214 5354 3459 5413 diversis
3482 5361 3711 5416 crucia-

2059 5437 2218 5493 tibus
2249 5440 2308 5491 et
2335 5434 2512 5491 variis
2542 5435 2749 5490 mortis
2781 5438 3097 5508 generibus
3120 5442 3709 5504 occidebantur.Cum

2060 5544 2194 5600 ergo
2228 5525 2408 5581 etiam
2440 5525 2502 5579 in
2534 5524 2680 5579 urbe
2715 5526 2916 5581 Amiso
2941 5528 3211 5598 quisquis
3238 5532 3533 5591 Christum
3564 5553 3713 5608 pras-

2058 5615 2294 5675 dicabat
2312 5616 2519 5681 Deum,
2544 5613 2617 5671 ab
2640 5614 2912 5686 ejusdem
2936 5616 3103 5673 urbis
3123 5622 3377 5689 praside
3399 5623 3714 5682 idololatra
