4134 6302
415 295 534 356 359

1700 271 2133 338 MENOLOGII
2182 272 2274 331 PA
2290 271 2382 332 BS
2428 271 2532 332 ΙΙΙ.

3704 264 3821 325 360

410 430 866 492 interficeretur,
916 427 1145 496 septem
1200 417 1484 476 mulieres
1531 413 1878 469 Christianas
1935 407 2057 464 zelo

2179 405 2587 496 εἷ’δωλολάτρου
2630 403 2808 474 ὄντος,
2867 400 3174 496 ἐφονεύετο,
3225 398 3359 456 ἑπτὰ
3402 404 3642 473 γυναῖκει
3685 403 3824 472 Χρι-

417 522 697 585 incensae,
725 531 924 572 coram
955 514 1082 584 ipso
1117 513 1400 576 astantes,
1449 503 1813 560 Christianas
1845 515 1907 555 se
1935 514 2065 554 esse

415 610 696 682 professas
727 611 886 668 sunt,
920 617 1175 671 eumque
1221 598 1406 652 libere
1451 590 1977 663 reprehendentes,
2011 592 2069 641 et

417 698 716 754 crudelem
769 701 945 764 atque
997 691 1309 762 injustam,
1342 683 1722 751 veritatisque
1756 677 2066 733 inimicum

415 788 807 861 appellantes,
834 783 907 838 ad
939 783 1086 836 iram
1138 777 1530 833 concitarunt.
1577 773 1766 837 Quare
1805 768 2066 840 primum

413 884 691 939 extensus,
723 872 899 942 virgis
929 885 1097 924 caesae
1148 871 1322 921 sunt:
1373 859 1586 917 deinde
1635 855 1916 913 mamillae
1947 854 2068 908 illis

410 969 567 1024 ferro
599 963 910 1021 abscissae:
945 976 1083 1015 mox
1125 970 1451 1027 suspensa,
1497 948 1702 1005 tandiu
1731 946 2068 1002 dilacerata

417 1062 576 1124 sunt,
634 1052 972 1126 usquedum
1041 1062 1245 1102 earum
1313 1041 1598 1097 intestina
1672 1039 2065 1109 apparerent:

417 1151 717 1219 postremo
750 1143 812 1198 in
836 1141 1139 1211 ingentem
1169 1135 1471 1190 fornacem
1503 1128 1657 1202 ignis
1689 1127 2070 1181 vehementer

414 1216 724 1292 accensam
748 1231 1005 1301 injecta,
1028 1227 1118 1282 2|
1153 1224 1215 1278 in
1238 1221 1447 1278 eadem
1468 1216 1792 1291 psallentes
1815 1219 1874 1270 et
1893 1229 2066 1269 oran-

414 1329 526 1390 tes,
560 1324 677 1378 Deo
709 1319 939 1376 animas
969 1312 1360 1372 tradiderunt.

970 1518 1213 1576 EODEM
1251 1513 1504 1570 MENSE.

948 1638 1051 1693 Die
1083 1636 1314 1692 decima
1350 1647 1532 1687 nona.

2173 496 2382 551 στιαναί
2444 495 2784 566 ζηλώσασαι,
2843 491 3070 562 έστησαν
3127 485 3430 565 ἔμπροσθεν
3491 485 3680 555 αὐτοῦ,
3732 486 3818 541 καὶ

2171 585 2497 659 Χριπιανᾶς
2552 583 2741 645 έαυτᾶς
2808 580 3198 657 ὡμολόγησαν,
3259 577 3420 634 αὐτὸν
3470 598 3531 632 τε
3586 574 3823 651 ἤλεγξαν

2171 672 2448 750 παῤῥησίᾳ
2476 673 2627 747 ὠμὸν
2659 672 2749 727 καὶ
2798 668 2985 725 ἄδικον
3042 666 3472 734 ἆποκαλέσασαι,
3499 665 3589 720 καὶ
3625 664 3820 739 ἐχθρὸν

2169 770 2270 832 τῆς
2301 761 2579 833 ἀληθείας,
2639 765 2815 817 Ταῦτα
2871 761 3140 830 εἶποῦσαι,
3193 758 3282 813 καί
3342 756 3417 818 είς
3465 757 3634 831 ὀργὴν
3665 757 3827 825 κινή-

2171 873 2327 908 σασαι
2394 851 2576 923 αὐτὸν,
2661 855 2880 926 πρῶτον
2969 850 3062 918 μὲν
3149 848 3466 915 ἐκτεθεῖσαι,
3521 844 3822 922 ἐτυφθησαν

2176 943 2312 1016 μετὰ
2342 937 2602 1018 ῥαϐδίων.
2659 942 2889 998 Ἔπειτα
2938 937 3070 1000 τοὺς
3127 935 3363 1010 μαστοὺς
3397 932 3534 1012 ξίφει
3565 932 3823 1006 ἐξεκόπη-

2173 1053 2288 1088 σαν.
2350 1032 2449 1086 Καὶ
2506 1031 2687 1106 τρίτον
2755 1030 3139 1106 κρεμασθεῖσαι
3199 1025 3486 1096 ἐξέσθησαν
3541 1020 3823 1094 τοσοῦτον,

2169 1119 2275 1184 ἕως
2305 1120 2574 1200 ἐφάνησαν
2619 1119 2687 1175 τὰ
2743 1115 2928 1194 ἔντερα
2985 1117 3183 1172 αὐτῶν.
3243 1115 3339 1170 Καὶ
3398 1112 3713 1169 τελευταῖον
3747 1110 3823 1174 εἷς

2171 1194 2401 1284 κάμινον
2449 1210 2620 1286 πυρὸς
2677 1205 2917 1284 μεγάλην
2977 1205 3223 1282 ῗσχυρῶς
3277 1201 3578 1259 ἐκκαιεῖσαν
3612 1194 3832 1274 ἐμϐλη-

2173 1302 2366 1370 θεῖσαι,
2427 1298 2479 1355 ἐν
2535 1298 2673 1370 αὐτῇ
2727 1296 3036 1372 ψάλλουσαι
3093 1295 3183 1351 καὶ
3249 1295 3689 1370 προσευχόμεναι
3749 1291 3833 1360 τῷ

2172 1387 2308 1462 Θεῷ,
2341 1385 2659 1465 παρέδωκαν
2690 1390 2786 1450 τὰς
2817 1388 3021 1442 ἑαυτῶν
3052 1386 3254 1460 ψυχάς.

2725 1503 2881 1560 MHN
2889 1508 2908 1557 Ι
2946 1507 3030 1556 ΤΩ
3069 1505 3264 1558 ΔΥΤΩ.

2953 1621 3035 1678 ΙΘ¹

426 1763 709 1819 Certamen
739 1763 1050 1840 sanctorum
1091 1756 1343 1840 Ραιζιιφ,
1392 1749 1490 1840 qui
1535 1746 1602 1840 αὑ
1632 1743 1980 1840 2lithiopibus
2007 1742 2067 1796 in

2179 1737 2492 1840 $92,015.-
2519 1737 2856 1840 τῶνηάγιίων
2937 1737 3190 1840 ἰξατέρων
3247 1755 3387 1820 των-
3442 1729 3837 1840 ἀναιρερξντῗυν

627 1830 958 1888 monasterio
985 1827 1174 1883 Sancti
1203 1824 1361 1879 Sabe
1399 1819 1680 1888 interfecti
1705 1822 1854 1872 sunt.

487 2009 685 2065 Sancti
718 2007 814 2062 isti
843 2009 1046 2061 Patres
1078 2018 1148 2057 ex
1169 1998 1416 2056 diversis
1444 1996 1589 2052 locis
1621 1991 1979 2066 congregati,
2012 1995 2071 2045 et

419 2101 482 2154 in
515 2097 878 2154 monasterio
911 2092 1108 2149 Sancti
1139 2091 1326 2145 Patris
1374 2085 1562 2142 nostri
1610 2083 1774 2138 Sabaa
1806 2095 2071 2137 commo-

414 2194 637 2254 rantes,
671 2188 732 2242 in
763 2181 1184 2242 exercitatione
1215 2185 1273 2234 et
1323 2176 1574 2249 pulchro
1631 2171 1920 2244 regimine
1951 2170 2068 2224 Deo

419 2277 771 2333 serviebant.
825 2277 899 2330 At
967 2271 1200 2344 generis
1270 2265 1516 2321 humani
1591 2261 1822 2316 invidus
1880 2258 2068 2314 hostis

420 2366 716 2428 diabolus,
740 2371 867 2420 tum
897 2361 1152 2418 maxime
1179 2355 1523 2413 hominibus
1542 2352 1756 2407 virtute
1779 2353 2070 2421 praastan-

417 2459 579 2513 tibus
629 2456 902 2518 infestus,
964 2452 1243 2508 adversus
1317 2447 1453 2502 illos
1537 2442 1808 2499 excitavit
1861 2441 2068 2495 atheos

420 2546 742 2618 Ethiopas,
774 2549 840 2598 ut
868 2542 970 2614 qui
998 2539 1267 2612 copiosas
1297 2552 1439 2606 opes
1469 2550 1531 2589 se
1575 2532 1700 2586 illic
1730 2534 2069 2600 reperturos

419 2640 746 2708 sperarent.
784 2635 994 2688 Verum
1025 2644 1159 2684 cum
1191 2625 1520 2696 irruptione
1541 2622 1694 2677 facta
1719 2619 1871 2674 nihil
1901 2619 2068 2673 inve-

420 2726 676 2789 nissent,
724 2724 872 2778 iram
930 2720 991 2774 in
1049 2735 1149 2774 eos
1207 2712 1600 2778 eﬂundentes,
1646 2709 1794 2767 alios
1825 2706 2067 2779 quidem

415 2814 866 2877 obtruncarunt,
925 2808 1074 2864 alios
1130 2822 1269 2861 vero
1329 2803 1778 2858 dissecuerunt:
1813 2796 2068 2852 aliorum

415 2920 629 2959 manus
658 2899 1076 2973 praeciderunt,
1127 2900 1304 2966 atque
1353 2892 1606 2948 aliorum
1648 2887 1867 2960 pedes:
1918 2885 2068 2940 alios

415 2991 830 3057 confoderunt,
884 3001 1091 3043 eorum
1142 2982 1425 3038 intestina
1477 2975 1884 3034 eﬂ'undentes:
1919 2973 2069 3029 alios

420 3081 679 3152 denique
705 3077 880 3134 variis
911 3075 1105 3131 modis
1128 3071 1574 3127 interfecerunt.
1602 3069 1676 3120 At
1695 3064 1782 3120 illi
1808 3063 1880 3118 de
1901 3077 2067 3117 more

424 3130 674 3152 _---__,_-
911 3130 995 3131 ,

413 3169 631 3240 gratias
661 3169 902 3238 agentes
934 3167 992 3217 et
1020 3165 1285 3223 orantes,
1308 3157 1510 3211 beatas
1535 3153 1763 3209 animas
1796 3166 1933 3206 suas
1967 3165 2072 3220 per
2103 3130 2147 3196 C

417 3238 575 3310 hunc
632 3253 878 3309 modum
935 3251 1051 3304 Deo
1113 3245 1429 3311 tradidere,
1491 3241 1851 3313 accipientes
1891 3238 2070 3291 vitam

414 3351 698 3399 aeternam
727 3341 893 3414 regni
925 3339 1232 3404 caalorum,
1266 3339 1508 3406 propter
1548 3346 1727 3402 quam
1757 3327 2070 3383 diuturnas

413 3434 546 3490 vitae
567 3432 835 3489 asceticaa
858 3445 1105 3502 pugnas,
1129 3431 1190 3482 et
1210 3422 1560 3495 martyrium
1581 3417 1862 3475 laboriosi
1885 3421 2070 3472 certa-

417 3523 598 3583 minis
631 3521 1059 3578 sustinuerant.

975 3633 1217 3692 EODEM
1254 3629 1507 3687 MENSE.

1019 3753 1124 3808 Die
1161 3749 1462 3806 vicesima.

416 3850 698 3906 Certamen
729 3851 938 3904 sanctae
969 3841 1218 3897 Photinae
1246 3837 1632 3900 Samaritana,
1677 3837 1731 3886 et
1763 3831 2066 3887 Sociorum.

485 4029 700 4083 Sancta
728 4023 1001 4085 Photina,
1035 4036 1166 4089 quae
1198 4023 1256 4071 et
1286 4014 1673 4079 Samaritana,
1697 4027 1832 4066 cum
1864 4026 1981 4080 qua
2011 4013 2071 4064 et

413 4115 699 4170 Dominus
730 4110 802 4165 ad
835 4114 1078 4180 puteum
1118 4109 1210 4159 est
1255 4102 1606 4165 collocutus,
1638 4099 1885 4154 Neronis
1918 4104 2070 4152 tem-

411 4201 659 4273 poribus
717 4198 878 4252 vixit.
958 4198 1098 4250 Post
1171 4191 1396 4247 obitum
1468 4194 1667 4244 autem
1727 4191 2067 4241 sanctorum

411 4289 818 4362 apostolorum
842 4285 1000 4340 Petri
1032 4288 1091 4338 et
1120 4279 1310 4346 Pauli,
1333 4294 1454 4333 una
1480 4293 1614 4333 cum
1646 4275 1770 4331 filio
1804 4290 1907 4329 suo
1934 4276 2066 4329 Jose

412 4379 477 4434 in
509 4378 654 4433 urbe
686 4375 872 4432 Aricaa
920 4371 1270 4442 Carthagine
1319 4366 1559 4432 mansit,
1588 4363 1886 4418 Christum
1917 4379 2066 4434 prae-

410 4467 635 4523 dicans.
686 4468 760 4521 At
809 4463 969 4519 filius
1027 4461 1156 4533 ejus
1216 4457 1414 4512 Victor
1451 4454 1732 4510 adversus
1761 4454 1973 4507 Avares
2005 4467 2067 4505 re
2099 4495 2146 4561 Β

409 4557 562 4613 bene
592 4561 777 4630 gesta,
806 4554 996 4610 factus
1029 4556 1118 4604 est
1147 4547 1451 4620 copiarum
1487 4544 1716 4610 ductor,
1743 4541 2069 4614 jussusque

411 4647 513 4702 22
544 4629 910 4701 Christianos
957 4639 1210 4697 Galilaaaa
1268 4651 1502 4692 necare.
1562 4632 1707 4688 Cum
1763 4646 1903 4686 vero
1934 4629 2071 4684 illos

414 4752 536 4791 non
566 4735 883 4802 occideret,
916 4730 1020 4787 sed
1068 4729 1266 4801 potius
1316 4726 1558 4781 doceret
1584 4737 1793 4777 omnes
1825 4737 1956 4792 quea
1996 4718 2072 4775 ad

415 4824 712 4879 Christum
745 4825 1035 4893 spectant,
1077 4824 1255 4889 atque
1297 4815 1642 4871 Sebastiano
1676 4810 2072 4867 Christianam

419 4912 598 4969 ﬁdem
631 4909 1042 4982 persuasisset,
1076 4906 1542 4977 comprehensus
1573 4907 1683 4964 est,
1715 4907 1775 4955 et
1816 4901 2069 4967 vinctus,

417 5020 539 5059 una
569 5018 704 5058 cum
732 5000 982 5070 reliquis
1011 4998 1321 5058 adductus,
1355 5000 1415 5049 et
1460 4992 1804 5065 imperatori
1835 4990 2070 5046 oblatus

421 5097 528 5145 est.
565 5091 669 5145 Hic
727 5089 1064 5160 aliquorum
1123 5085 1326 5140 oculos
1385 5082 1609 5149 eﬂ‘odit,
1665 5081 1814 5136 alios
1844 5079 2067 5135 carceri

417 5180 684 5248 inclusit,
709 5179 855 5234 alios
880 5193 1015 5231 vero
1039 5178 1100 5229 in
1123 5175 1282 5246 ligno
1307 5171 1619 5242 suspendit
1643 5188 1655 5224 :
1678 5171 1812 5226 aliis
1843 5171 2069 5226 corium

420 5270 697 5333 detraxit,
728 5268 864 5324 aliis
893 5266 1084 5320 virilia
1113 5263 1384 5320 abscidit.
1417 5261 1726 5316 Photidem
1756 5277 1891 5316 vero
1923 5259 2069 5314 dua-

418 5359 529 5415 bus
561 5357 870 5416 arboribus
901 5371 1137 5410 summa
1158 5353 1212 5406 vi
1235 5351 1538 5407 inclinatis
1560 5349 2069 5421 alligavit,easque

419 5448 768 5515 dissolvens,
796 5447 987 5518 ipsam
1047 5445 1110 5499 in
1167 5442 1314 5498 duas
1371 5445 1566 5511 partes
1609 5436 1801 5493 scidit.
1835 5437 2069 5507 Reliqui

418 5538 612 5614 capite
641 5536 800 5612 plexi
849 5539 1008 5594 sunt.
1066 5536 1142 5593 Αι
1193 5529 1447 5590 Photina
1499 5528 1563 5586 in
1620 5542 1856 5584 carcere
1887 5526 2069 5583 tinem

415 5628 648 5689 vivendi
677 5627 836 5685 fecit.

2250 1804 2400 1938 ἱὲτὲεὲα
2427 1815 2534 1866 τῶν
2611 1804 2888 1874 Αἰθιόπων
2965 1808 3018 1864 ἐν
3083 1804 3163 1882 ’τῇ
3251 1808 3392 1882 μονῇ
3465 1804 3579 1860 τοιῖ
3639 1804 3841 1880 Ἁγίου

2297 1903 2420 1941 αυα.

2247 1998 2413 2055 Οὗτοι
2465 1998 2518 2052 οἱ
2575 1997 2716 2072 ἅγιοι
2776 1995 3007 2071 Πατέρες
3065 1995 3125 2050 ἐκ
3183 1992 3456 2070 διαφορων
3492 1992 3676 2048 τόπων
3703 2010 3844 2046 συν-

2178 2088 2453 2162 αχθέντες,
2511 2086 2598 2140 καὶ
2656 2089 2724 2160 τῇ
2789 2088 2928 2159 μονῇ
2986 2088 3083 2139 τοῦ
3139 2083 3332 2159 Ἀγίου
3380 2077 3531 2138 Σάϐα
3559 2081 3842 2156 προσκαθ-

2177 2177 2451 2250 εζόμενοι,
2503 2174 2554 2231 ἐν
2617 2177 2840 2245 ἀσκήσει
2893 2173 2983 2228 καὶ
3039 2173 3184 2248 καλῇ
3245 2171 3502 2243 πολιτείᾳ
3552 2170 3645 2226 τὸν
3697 2171 3838 2225 Θεὸν

2177 2266 2518 2342 ἐθεράπευον.
2565 2263 2729 2320 Ἀλλ’
2777 2265 2805 2319 ὁ
2866 2264 3193 2339 βασκαίνων,
3225 2262 3313 2317 καὶ
3345 2265 3557 2335 φθονῶν
3583 2263 3664 2332 τῷ
3687 2260 3840 2335 γένει

2172 2361 2280 2412 τῶν
2313 2356 2613 2430 ανθρώπων
2647 2348 2930 2424 διάϐολος,
2979 2353 3069 2408 καὶ
3121 2351 3362 2425 μάλιστα
3387 2355 3506 2412 τοῖς
3536 2349 3839 2424 ἐναρέτοις,

2175 2445 2442 2522 ἐξήγειρεν
2476 2442 2561 2498 ἐπ’
2589 2441 2784 2504 αὐτοὺς
2827 2441 2957 2504 τοὺς
3005 2443 3195 2505 ἀθέους
3247 2439 3534 2500 Αἰθίοπας.
3568 2436 3839 2492 ἐλπίσαν-

2171 2555 2268 2595 τας
2327 2530 2570 2588 πλούτου
2622 2531 2932 2606 περιουσίαν
2989 2529 3184 2606 εὑρεῖν.
3243 2535 3328 2590 Ὧς
3378 2525 3435 2582 δέ
3493 2523 3829 2590 ἀπελθόντες

2177 2619 2328 2677 οὐδὲν
2364 2623 2541 2698 εὗρον,
2600 2623 2693 2676 τὸν
2755 2622 2923 2694 θυμὸν
2983 2619 3159 2674 αὐτῶν
3214 2617 3426 2693 ἐξέχεον
3486 2615 3571 2671 ἐπ’
3601 2613 3827 2685 αὐτοὺς,

2172 2713 2300 2774 τοὺς
2336 2712 2430 2785 μὲν
2480 2711 2995 2788 ἀποκεφαλίσαντες,
3047 2709 3173 2771 τοὺς
3225 2705 3283 2763 δὲ
3331 2706 3833 2783 διχοτομήσαντες,

2172 2805 2279 2856 τῶν
2314 2798 2372 2856 δὲ
2403 2805 2616 2875 χεῖρας,
2669 2804 2778 2856 τῶν
2839 2796 2897 2854 δὲ
2947 2795 3120 2860 πόδας
3176 2795 3568 2870 ἀποκόψαντες,
3599 2793 3728 2855 τοὺς
3765 2789 3831 2847 δὲ

2173 2893 2682 2961 κατακεντήσαντες,
2739 2895 2829 2944 καί
2897 2887 2965 2942 τὰ
3038 2883 3224 2960 ἔντερα
3286 2885 3463 2941 αὐτῶν
3521 2881 3834 2959 ἐκχέοντες,

2173 2981 2262 3035 καὶ
2308 2977 2582 3058 διαφόρως
2640 2976 2945 3039 ἀνελόντες.
3005 2976 3098 3033 Καὶ
3160 2971 3303 3031 οὕτω
3361 2975 3606 3044 συνήθως
3655 2971 3841 3046 εὐχα-

2175 3072 2506 3144 ριστοῦντες,
2550 3067 2640 3124 καὶ
2691 3065 3153 3143 προσευχόμενοι,
3201 3061 3517 3139 παρέδωκαν
3577 3062 3673 3124 τὰς
3725 3082 3845 3134 μα-

2175 3156 2364 3234 καρίας
2421 3158 2600 3212 αὑτῶν
2656 3156 2837 3232 ψυχὰς
2890 3160 2970 3226 τῷ
3034 3153 3237 3231 Κυρίῳ,
3294 3147 3666 3213 ἀπολαϐόντες
3719 3150 3827 3219 τήν

2177 3248 2400 3303 αἰώνιον
2461 3249 2604 3318 ζωήν
2663 3252 2765 3316 τῆς
2816 3250 2924 3302 τῶν
2975 3245 3215 3320 οὐρανῶν
3281 3241 3579 3320 βασιλείας,
3635 3238 3706 3295 δι’
3761 3240 3836 3309 ἧς

2175 3337 2302 3399 τοὺς
2369 3357 2429 3393 τε
2506 3335 2746 3413 μακροὺς
2816 3342 2917 3406 τῆς
2992 3335 3272 3406 ἀσκήσεως
3327 3333 3566 3407 ἀγῶνας,
3623 3328 3712 3386 καὶ
3767 3328 3835 3384 τὸ

2180 3427 2476 3504 μαρτύριον
2527 3433 2628 3496 τῆς
2686 3424 2949 3482 ἐπιπόνου
3025 3422 3310 3496 ἀθλήσεως
3365 3420 3667 3497 προθύμως
3726 3418 3835 3474 ύπ-

2177 3519 2418 3591 έμειναν.

2737 3630 2889 3688 MHN
2895 3631 2918 3687 Ι
2946 3635 3032 3684 ΤΩ
3066 3629 3267 3687 ΑΥΤΩ.

2979 3747 3040 3804 Κ.

2175 3837 2446 3909 Ἀθλησις
2500 3844 2600 3908 τῆς
2661 3836 2810 3912 ᾁγίας
2885 3842 3188 3912 φωτεινῆς,
3244 3841 3374 3912 τῇς,
3396 3835 3487 3890 καὶ
3555 3829 3836 3906 Σαμαρεί-

2600 3906 2775 3976 τιδος,
2819 3909 2910 3964 καὶ
2955 3913 3065 3964 τῶν
3117 3906 3210 3963 συν
3241 3907 3402 3982 αὐτῇ.

2245 4000 2309 4056 Ἥ
2330 3999 2457 4075 άγία
2487 3999 2759 4066 Φωτεινή,
2791 4000 2826 4067 ἡ
2857 3997 2947 4052 καὶ
2980 4002 3331 4070 Σαμαρεῖτις,
3371 3995 3515 4070 ᾗτινι
3539 3995 3629 4050 καὶ
3660 3995 3687 4050 ὁ
3721 3992 3834 4051 Κύ-

2178 4107 2294 4164 ριος
2323 4088 2410 4144 ἐπὶ
2440 4092 2508 4162 τῇ
2529 4091 2678 4162 πηγῇ
2707 4085 3021 4162 συνέτυχεν,
3051 4088 3118 4157 ἦν
3153 4086 3205 4142 ἐν
3234 4091 3352 4150 τοῖς
3381 4085 3606 4161 χρόνοις
3638 4083 3835 4158 Νέρω-

2174 4198 2284 4239 νος.
2319 4176 2471 4233 Μετὰ
2501 4173 2558 4231 δὲ
2607 4176 2670 4231 τὸ
2723 4173 2886 4240 τέλος
2935 4180 3041 4230 τῶν
3073 4175 3238 4252 ἁγίων
3269 4174 3590 4231 ἀποστόλων
3625 4174 3835 4248 Πέτρου

2174 4266 2265 4320 καὶ
2327 4265 2566 4334 Παύλου,
2621 4266 2839 4339 ὑπῆρχε
2915 4263 3006 4320 σὺν
3056 4269 3135 4337 τῷ
3209 4267 3312 4337 υἱῷ
3361 4264 3531 4334 αὐτῆς
3586 4262 3749 4331 Ἰωσή
3781 4260 3837 4316 ἐν

2177 4353 2491 4430 Καρθαγένῃ
2547 4352 2706 4409 πόλει
2791 4356 2891 4418 τῆς
2976 4354 3266 4428 Ἀφρικῆς,
3343 4353 3684 4429 κηρύττουσα
3738 4349 3835 4406 τὸν

2177 4443 2432 4517 Χριστόν.
2467 4442 2527 4500 Ὁ
2587 4439 2649 4496 δὶ
2705 4441 2825 4504 υίὸς
2879 4443 3051 4513 αὐτῆς
3106 4441 3318 4516 Βίκτωρ
3376 4441 3515 4497 κατὰ
3539 4445 3647 4496 τῶν
3675 4433 3842 4496 Ἀϐά-

2181 4553 2288 4610 ρων
2349 4529 2783 4607 ἀνδραγαθήσας,
2839 4531 3024 4607 γέγονε
3079 4531 3463 4608 στρατηλάτης
3518 4529 3610 4586 καὶ
3667 4548 3840 4603 προσ-

2179 4623 2346 4696 ετάγη
2375 4619 2502 4683 τοὺς
2553 4621 2606 4675 ἐν
2662 4617 2930 4691 Γαλιλαίᾳ
2987 4619 3350 4696 Χριστιανοὺς
3380 4619 3644 4698 φονεύειν.
3679 4617 3834 4674 Ἐπεὶ

2180 4708 2238 4766 δὲ
2268 4709 2366 4764 οὐκ
2395 4708 2666 4783 ἐφόνευεν,
2697 4707 2825 4765 ἀλλ’
2873 4705 3116 4766 ἐδίδασκε
3166 4707 3379 4784 μᾶλλον
3409 4711 3584 4764 πάντα
3605 4709 3674 4763 τὰ
3702 4707 3834 4782 περὶ

2180 4800 2446 4874 Χριστοῦ,
2477 4799 2567 4852 καὶ
2617 4792 2973 4853 Σεϐαστιανὸν
3018 4799 3206 4861 πείσας
3259 4802 3542 4853 πιστεῦσαι
3589 4799 3838 4871 Χριστῷ,

2178 4888 2542 4960 παραπαλεὶς
2597 4889 2750 4961 ἢχθη
2813 4885 3036 4960 δέσμιος
3099 4887 3234 4958 μετᾶ
3287 4892 3393 4942 τῶν
3450 4885 3684 4951 λοιπῶν,
3739 4885 3833 4938 καὶ

2177 4977 2416 5052 παρέστη
2447 4980 2528 5048 τῷ
2563 4974 2801 5052 βασιλεῖ.
2850 4977 2913 5033 Ὁ
2973 4973 3031 5030 δὲ
3081 4980 3189 5032 τῶν
3224 4977 3320 5050 μὲν
3348 4975 3476 5038 τοὺς
3509 4970 3830 5049 ὀφθαλμοὺς

2179 5066 2427 5142 ἐξώρυξε,
2483 5063 2609 5126 τοὺς
2663 5061 2721 5118 δὲ
2777 5064 2854 5127 εἷς
2900 5064 3148 5142 φυλακὴν
3197 5060 3472 5132 ἐνέϐαλεν,
3507 5063 3708 5121 ἄλλους
3743 5061 3834 5116 ἐπὶ

2177 5156 2353 5230 ξύλων
2401 5151 2682 5230 ἐκρέμασε·
2735 5159 2844 5210 τῶν
2906 5153 2964 5210 δὲ
3016 5155 3079 5210 τὸ
3132 5152 3306 5230 δέρμα
3353 5152 3601 5229 ἐξέδειρε,
3633 5157 3741 5208 τῶν
3778 5149 3838 5208 δὲ

2175 5248 2242 5301 τὰ
2287 5242 2470 5300 αἰδοῖα
2521 5243 2778 5318 ἀπέκοψε·
2839 5245 2937 5313 τήν
2999 5242 3222 5300 Φωτίδα
3253 5242 3333 5311 δέ,
3365 5242 3460 5298 δύο
3493 5240 3684 5316 δένδρα
3712 5241 3840 5297 κλί-

2177 5356 2292 5405 νας,
2336 5331 2657 5404 προσέδησε,
2706 5332 2796 5387 καὶ
2854 5331 3134 5396 ἀπολύσας
3187 5333 3322 5389 αὖτᾶ
3372 5330 3615 5407 διέσχισε
3647 5327 3836 5403 μέσον.

2179 5424 2246 5482 Ol
2279 5421 2336 5478 δὲ
2365 5421 2554 5478 λοιποὶ
2610 5420 3140 5499 ἀπεκεφαλίσθησαν.
3199 5423 3262 5478 Ἡ
3309 5419 3367 5476 δὲ
3397 5420 3643 5487 Φωτεινή
3679 5418 3731 5472 ἐν
3761 5422 3833 5498 τῇ

2178 5512 2398 5590 φυλακῇ
2429 5508 2750 5582 ἐτελειώθη.
