  <div class='ocr_page' id='page_1' title='image "/cluster/home/n/w/nwhite01/storage/ocr_20150623/117/mdp.39015038086818/188.png"; bbox 0 0 4158 6310; ppageno 0'>
   <div class='ocr_carea' id='block_1_1' title="bbox 231 367 344 428">
    <p class='ocr_par' dir='ltr' id='par_1_1' title="bbox 231 367 344 428">
     <span class='ocr_line' id='line_1_1' title="bbox 231 367 344 428; baseline -0.009 0"><span class='ocrx_word' id='word_1_1' title='bbox 231 367 344 428; x_wconf 73' lang='grc' dir='ltr'>ιθι</span> 
     </span>
    </p>
   </div>
   <div class='ocr_carea' id='block_1_2' title="bbox 1719 371 2089 438">
    <p class='ocr_par' dir='ltr' id='par_1_2' title="bbox 1719 371 2089 438">
     <span class='ocr_line' id='line_1_2' title="bbox 1719 371 2089 438; baseline 0.008 -6"><span class='ocrx_word' id='word_1_2' title='bbox 1719 371 2089 438; x_wconf 76' lang='lat' dir='ltr'>MARTIUS.</span> 
     </span>
    </p>
   </div>
   <div class='ocr_carea' id='block_1_3' title="bbox 3519 389 3641 452">
    <p class='ocr_par' dir='ltr' id='par_1_3' title="bbox 3519 389 3641 452">
     <span class='ocr_line' id='line_1_3' title="bbox 3519 389 3641 452; baseline 0.016 -2"><span class='ocrx_word' id='word_1_3' title='bbox 3519 389 3641 452; x_wconf 76' lang='grc'>362</span> 
     </span>
    </p>
   </div>
   <div class='ocr_carea' id='block_1_4' title="bbox 228 503 1882 597">
    <p class='ocr_par' dir='ltr' id='par_1_4' title="bbox 228 503 1878 597">
     <span class='ocr_line' id='line_1_4' title="bbox 228 503 1878 597; baseline 0.002 -36"><span class='ocrx_word' id='word_1_4' title='bbox 228 503 329 561; x_wconf 70' lang='grc' dir='ltr'>Καὶ</span> <span class='ocrx_word' id='word_1_5' title='bbox 393 505 588 578; x_wconf 65' lang='grc' dir='ltr'>μνήμη</span> <span class='ocrx_word' id='word_1_6' title='bbox 646 509 743 593; x_wconf 70' lang='lat'>106</span> <span class='ocrx_word' id='word_1_7' title='bbox 801 503 855 561; x_wconf 70' lang='grc' dir='ltr'>ἐν</span> <span class='ocrx_word' id='word_1_8' title='bbox 909 503 1092 597; x_wconf 59' lang='grc' dir='ltr'>ἐγίοις</span> <span class='ocrx_word' id='word_1_9' title='bbox 1170 505 1415 597; x_wconf 55' lang='lat' dir='ltr'>Harpocn</span> <span class='ocrx_word' id='word_1_10' title='bbox 1457 508 1619 579; x_wconf 80' lang='grc' dir='ltr'>ήμῶν</span> <span class='ocrx_word' id='word_1_11' title='bbox 1706 513 1878 582; x_wconf 83' lang='grc' dir='ltr'>Θωμᾶ</span> 
     </span>
    </p>
   </div>
   <div class='ocr_carea' id='block_1_5' title="bbox 1996 503 3641 597">
    <p class='ocr_par' dir='ltr' id='par_1_5' title="bbox 1996 513 3641 597">
     <span class='ocr_line' id='line_1_5' title="bbox 1996 513 3641 597; baseline 0.01 -31"><span class='ocrx_word' id='word_1_12' title='bbox 1996 513 2060 566; x_wconf 83' lang='lat' dir='ltr'>Et</span> <span class='ocrx_word' id='word_1_13' title='bbox 2088 518 2545 597; x_wconf 36' lang='lat' dir='ltr'>commemoratio.</span> <span class='ocrx_word' id='word_1_14' title='bbox 2574 519 2752 597; x_wconf 79' lang='lat' dir='ltr'>sancti</span> <span class='ocrx_word' id='word_1_15' title='bbox 2805 519 2989 597; x_wconf 65' lang='grc' dir='ltr'>ΔΡινιξὶε</span> <span class='ocrx_word' id='word_1_16' title='bbox 3045 521 3488 597; x_wconf 59' lang='lat' dir='ltr'>nostriThoma</span> <span class='ocrx_word' id='word_1_17' title='bbox 3530 543 3641 597; x_wconf 82' lang='lat' dir='ltr'>pa-</span> 
     </span>
    </p>
   </div>
   <div class='ocr_carea' id='block_1_6' title="bbox 524 577 1558 653">
    <p class='ocr_par' dir='ltr' id='par_1_6' title="bbox 524 577 1558 653">
     <span class='ocr_line' id='line_1_6' title="bbox 524 577 1558 653; baseline 0.003 -21"><span class='ocrx_word' id='word_1_18' title='bbox 524 578 875 653; x_wconf 79' lang='grc' dir='ltr'>πατριάρχου</span> <span class='ocrx_word' id='word_1_19' title='bbox 907 577 1558 641; x_wconf 73' lang='grc' dir='ltr'>κωνπαντινουπόλεως.</span> 
     </span>
    </p>
   </div>
   <div class='ocr_carea' id='block_1_7' title="bbox 302 709 1882 786">
    <p class='ocr_par' dir='ltr' id='par_1_7' title="bbox 302 709 1882 786">
     <span class='ocr_line' id='line_1_7' title="bbox 302 709 1882 786; baseline 0.001 -22"><span class='ocrx_word' id='word_1_20' title='bbox 302 709 641 780; x_wconf 77' lang='grc' dir='ltr'>Θωμᾶςὸἐν</span> <span class='ocrx_word' id='word_1_21' title='bbox 700 711 873 784; x_wconf 81' lang='grc' dir='ltr'>ἀγίοις</span> <span class='ocrx_word' id='word_1_22' title='bbox 930 711 1114 786; x_wconf 79' lang='grc' dir='ltr'>Πατήρ</span> <span class='ocrx_word' id='word_1_23' title='bbox 1173 714 1357 784; x_wconf 75' lang='grc' dir='ltr'>ἡμῶν,</span> <span class='ocrx_word' id='word_1_24' title='bbox 1415 711 1504 768; x_wconf 83' lang='grc' dir='ltr'>διά</span> <span class='ocrx_word' id='word_1_25' title='bbox 1558 713 1658 782; x_wconf 60' lang='grc' dir='ltr'>τὴ)</span> <span class='ocrx_word' id='word_1_26' title='bbox 1715 713 1882 786; x_wconf 84' lang='grc' dir='ltr'>ὑπερ-</span> 
     </span>
    </p>
   </div>
   <div class='ocr_carea' id='block_1_8' title="bbox 237 794 1875 876">
    <p class='ocr_par' dir='ltr' id='par_1_8' title="bbox 237 794 1875 876">
     <span class='ocr_line' id='line_1_8' title="bbox 237 794 1875 876; baseline 0.002 -24"><span class='ocrx_word' id='word_1_27' title='bbox 237 794 545 853; x_wconf 70' lang='grc' dir='ltr'>ϐάλλουσαν</span> <span class='ocrx_word' id='word_1_28' title='bbox 578 798 742 854; x_wconf 75' lang='grc' dir='ltr'>αὐτοῦ</span> <span class='ocrx_word' id='word_1_29' title='bbox 774 800 986 871; x_wconf 66' lang='grc' dir='ltr'>ἀρετήν,</span> <span class='ocrx_word' id='word_1_30' title='bbox 1020 799 1110 854; x_wconf 80' lang='grc' dir='ltr'>καὶ</span> <span class='ocrx_word' id='word_1_31' title='bbox 1169 802 1267 870; x_wconf 74' lang='grc' dir='ltr'>τήν</span> <span class='ocrx_word' id='word_1_32' title='bbox 1317 798 1482 876; x_wconf 78' lang='grc' dir='ltr'>ἃκραν</span> <span class='ocrx_word' id='word_1_33' title='bbox 1533 801 1738 857; x_wconf 77' lang='grc' dir='ltr'>σύνεσιν</span> <span class='ocrx_word' id='word_1_34' title='bbox 1788 802 1875 856; x_wconf 77' lang='grc' dir='ltr'>καὶ</span> 
     </span>
    </p>
   </div>
   <div class='ocr_carea' id='block_1_9' title="bbox 232 883 1881 966">
    <p class='ocr_par' dir='ltr' id='par_1_9' title="bbox 232 883 1881 966">
     <span class='ocr_line' id='line_1_9' title="bbox 232 883 1881 966; baseline 0.002 -25"><span class='ocrx_word' id='word_1_35' title='bbox 232 883 538 955; x_wconf 74' lang='grc' dir='ltr'>εὐλάϐειαν,</span> <span class='ocrx_word' id='word_1_36' title='bbox 623 885 872 952; x_wconf 77' lang='grc' dir='ltr'>διάκονος</span> <span class='ocrx_word' id='word_1_37' title='bbox 958 891 1366 964; x_wconf 83' lang='grc' dir='ltr'>προχειρίζεται</span> <span class='ocrx_word' id='word_1_38' title='bbox 1450 897 1548 960; x_wconf 75' lang='grc' dir='ltr'>τῆς</span> <span class='ocrx_word' id='word_1_39' title='bbox 1635 889 1881 966; x_wconf 76' lang='grc' dir='ltr'>μεγάλης</span> 
     </span>
    </p>
   </div>
   <div class='ocr_carea' id='block_1_10' title="bbox 231 976 1881 1053">
    <p class='ocr_par' dir='ltr' id='par_1_10' title="bbox 231 976 1881 1053">
     <span class='ocr_line' id='line_1_10' title="bbox 231 976 1881 1053; baseline 0.001 -21"><span class='ocrx_word' id='word_1_40' title='bbox 231 976 544 1045; x_wconf 71' lang='grc' dir='ltr'>ἐκκλησίας,</span> <span class='ocrx_word' id='word_1_41' title='bbox 579 979 666 1032; x_wconf 70' lang='grc' dir='ltr'>καὶ</span> <span class='ocrx_word' id='word_1_42' title='bbox 725 977 1108 1045; x_wconf 63' lang='grc' dir='ltr'>σακελλάριος,</span> <span class='ocrx_word' id='word_1_43' title='bbox 1171 979 1273 1034; x_wconf 84' lang='grc' dir='ltr'>ὑπὸ</span> <span class='ocrx_word' id='word_1_44' title='bbox 1327 983 1425 1034; x_wconf 83' lang='lat'>106</span> <span class='ocrx_word' id='word_1_45' title='bbox 1470 979 1619 1034; x_wconf 87' lang='grc' dir='ltr'>ὁσίου</span> <span class='ocrx_word' id='word_1_46' title='bbox 1676 980 1881 1053; x_wconf 84' lang='grc' dir='ltr'>[Ιατρὸς</span> 
     </span>
    </p>
   </div>
   <div class='ocr_carea' id='block_1_11' title="bbox 233 1065 1881 1142">
    <p class='ocr_par' dir='ltr' id='par_1_11' title="bbox 233 1065 1881 1142">
     <span class='ocr_line' id='line_1_11' title="bbox 233 1065 1881 1142; baseline 0.002 -23"><span class='ocrx_word' id='word_1_47' title='bbox 233 1068 395 1138; x_wconf 75' lang='grc' dir='ltr'>ἡμῶν</span> <span class='ocrx_word' id='word_1_48' title='bbox 419 1067 513 1121; x_wconf 74' lang='grc' dir='ltr'>καῖ</span> <span class='ocrx_word' id='word_1_49' title='bbox 544 1065 595 1120; x_wconf 81' lang='grc' dir='ltr'>ἐν</span> <span class='ocrx_word' id='word_1_50' title='bbox 631 1067 869 1140; x_wconf 68' lang='grc' dir='ltr'>θαύμασι</span> <span class='ocrx_word' id='word_1_51' title='bbox 924 1066 1179 1142; x_wconf 87' lang='grc' dir='ltr'>μεγίστου</span> <span class='ocrx_word' id='word_1_52' title='bbox 1236 1067 1492 1124; x_wconf 76' lang='grc' dir='ltr'>Ἰωάννου</span> <span class='ocrx_word' id='word_1_53' title='bbox 1542 1073 1637 1123; x_wconf 89' lang='lat'>106</span> <span class='ocrx_word' id='word_1_54' title='bbox 1690 1069 1881 1123; x_wconf 81' lang='grc' dir='ltr'>ἐπικα-</span> 
     </span>
    </p>
   </div>
   <div class='ocr_carea' id='block_1_12' title="bbox 231 1151 1877 1231">
    <p class='ocr_par' dir='ltr' id='par_1_12' title="bbox 231 1151 1877 1231">
     <span class='ocr_line' id='line_1_12' title="bbox 231 1151 1877 1231; baseline 0.001 -23"><span class='ocrx_word' id='word_1_55' title='bbox 231 1151 502 1227; x_wconf 79' lang='grc' dir='ltr'>λουμὲνου</span> <span class='ocrx_word' id='word_1_56' title='bbox 535 1154 870 1224; x_wconf 80' lang='grc' dir='ltr'>Νηστευτοῦ,</span> <span class='ocrx_word' id='word_1_57' title='bbox 903 1153 992 1210; x_wconf 68' lang='grc' dir='ltr'>ἐπὶ</span> <span class='ocrx_word' id='word_1_58' title='bbox 1049 1162 1149 1224; x_wconf 78' lang='grc' dir='ltr'>τῆς</span> <span class='ocrx_word' id='word_1_59' title='bbox 1211 1155 1486 1231; x_wconf 84' lang='grc' dir='ltr'>βασιλείας</span> <span class='ocrx_word' id='word_1_60' title='bbox 1540 1160 1637 1212; x_wconf 88' lang='lat'>106</span> <span class='ocrx_word' id='word_1_61' title='bbox 1693 1154 1877 1211; x_wconf 83' lang='grc' dir='ltr'>ἀοιδί-</span> 
     </span>
    </p>
   </div>
   <div class='ocr_carea' id='block_1_13' title="bbox 237 1242 1876 1319">
    <p class='ocr_par' dir='ltr' id='par_1_13' title="bbox 237 1242 1876 1319">
     <span class='ocr_line' id='line_1_13' title="bbox 237 1242 1876 1319; baseline 0.002 -22"><span class='ocrx_word' id='word_1_62' title='bbox 237 1264 339 1316; x_wconf 89' lang='grc' dir='ltr'>μου</span> <span class='ocrx_word' id='word_1_63' title='bbox 395 1242 487 1297; x_wconf 84' lang='grc' dir='ltr'>καὶ</span> <span class='ocrx_word' id='word_1_64' title='bbox 550 1243 819 1318; x_wconf 77' lang='grc' dir='ltr'>μακαρίου</span> <span class='ocrx_word' id='word_1_65' title='bbox 868 1243 1190 1319; x_wconf 78' lang='grc' dir='ltr'>Μαυρικίου.</span> <span class='ocrx_word' id='word_1_66' title='bbox 1243 1247 1344 1302; x_wconf 78' lang='grc' dir='ltr'>Καὶ</span> <span class='ocrx_word' id='word_1_67' title='bbox 1407 1247 1542 1317; x_wconf 86' lang='grc' dir='ltr'>μετά</span> <span class='ocrx_word' id='word_1_68' title='bbox 1616 1245 1876 1316; x_wconf 78' lang='grc' dir='ltr'>τελευτὴν</span> 
     </span>
    </p>
   </div>
   <div class='ocr_carea' id='block_1_14' title="bbox 232 1332 1880 1406">
    <p class='ocr_par' dir='ltr' id='par_1_14' title="bbox 232 1332 1880 1406">
     <span class='ocr_line' id='line_1_14' title="bbox 232 1332 1880 1406; baseline 0.001 -18"><span class='ocrx_word' id='word_1_69' title='bbox 232 1333 396 1388; x_wconf 81' lang='grc' dir='ltr'>αὐτοῦ</span> <span class='ocrx_word' id='word_1_70' title='bbox 425 1353 484 1386; x_wconf 90' lang='grc' dir='ltr'>τε</span> <span class='ocrx_word' id='word_1_71' title='bbox 512 1336 610 1387; x_wconf 91' lang='lat'>106</span> <span class='ocrx_word' id='word_1_72' title='bbox 641 1332 910 1404; x_wconf 74' lang='grc' dir='ltr'>Ἰωάννου,</span> <span class='ocrx_word' id='word_1_73' title='bbox 941 1333 1030 1388; x_wconf 83' lang='grc' dir='ltr'>καὶ</span> <span class='ocrx_word' id='word_1_74' title='bbox 1061 1337 1157 1388; x_wconf 88' lang='lat'>106</span> <span class='ocrx_word' id='word_1_75' title='bbox 1217 1335 1332 1406; x_wconf 86' lang='grc' dir='ltr'>μετ’</span> <span class='ocrx_word' id='word_1_76' title='bbox 1383 1334 1542 1389; x_wconf 83' lang='grc' dir='ltr'>αὐτὸν</span> <span class='ocrx_word' id='word_1_77' title='bbox 1596 1334 1880 1390; x_wconf 83' lang='grc' dir='ltr'>ἐπισκοπί-</span> 
     </span>
    </p>
   </div>
   <div class='ocr_carea' id='block_1_15' title="bbox 236 1422 1878 1499">
    <p class='ocr_par' dir='ltr' id='par_1_15' title="bbox 236 1422 1878 1499">
     <span class='ocr_line' id='line_1_15' title="bbox 236 1422 1878 1499; baseline 0.001 -22"><span class='ocrx_word' id='word_1_78' title='bbox 236 1443 422 1483; x_wconf 86' lang='grc' dir='ltr'>σαντος</span> <span class='ocrx_word' id='word_1_79' title='bbox 485 1423 779 1495; x_wconf 77' lang='grc' dir='ltr'>Κιιριακοῦ,</span> <span class='ocrx_word' id='word_1_80' title='bbox 838 1422 1242 1498; x_wconf 78' lang='grc' dir='ltr'>προχειρίζεται</span> <span class='ocrx_word' id='word_1_81' title='bbox 1328 1423 1676 1499; x_wconf 74' lang='grc' dir='ltr'>πατριάρχης</span> <span class='ocrx_word' id='word_1_82' title='bbox 1736 1431 1878 1479; x_wconf 83' lang='grc' dir='ltr'>Κων-</span> 
     </span>
    </p>
   </div>
   <div class='ocr_carea' id='block_1_16' title="bbox 235 1510 1879 1587">
    <p class='ocr_par' dir='ltr' id='par_1_16' title="bbox 235 1510 1879 1587">
     <span class='ocr_line' id='line_1_16' title="bbox 235 1510 1879 1587; baseline 0.002 -22"><span class='ocrx_word' id='word_1_83' title='bbox 235 1510 745 1579; x_wconf 83' lang='grc' dir='ltr'>σταντινουπόλεας,</span> <span class='ocrx_word' id='word_1_84' title='bbox 778 1512 868 1566; x_wconf 81' lang='grc' dir='ltr'>καὶ</span> <span class='ocrx_word' id='word_1_85' title='bbox 926 1511 1292 1580; x_wconf 76' lang='grc' dir='ltr'>ἰπεσκόπησεν</span> <span class='ocrx_word' id='word_1_86' title='bbox 1353 1511 1445 1582; x_wconf 82' lang='grc' dir='ltr'>ἔτη</span> <span class='ocrx_word' id='word_1_87' title='bbox 1504 1514 1650 1587; x_wconf 87' lang='grc' dir='ltr'>τρία,</span> <span class='ocrx_word' id='word_1_88' title='bbox 1702 1521 1879 1586; x_wconf 79' lang='grc' dir='ltr'>μῆνας</span> 
     </span>
    </p>
   </div>
   <div class='ocr_carea' id='block_1_17' title="bbox 232 1597 1871 1676">
    <p class='ocr_par' dir='ltr' id='par_1_17' title="bbox 232 1597 1871 1676">
     <span class='ocr_line' id='line_1_17' title="bbox 232 1597 1871 1676; baseline 0.001 -22"><span class='ocrx_word' id='word_1_89' title='bbox 232 1597 345 1655; x_wconf 69' lang='lat'><strong>850&#39;</strong></span> <span class='ocrx_word' id='word_1_90' title='bbox 378 1599 570 1654; x_wconf 67' lang='grc' dir='ltr'>πολλὰ</span> <span class='ocrx_word' id='word_1_91' title='bbox 623 1601 758 1654; x_wconf 88' lang='grc' dir='ltr'>κατά</span> <span class='ocrx_word' id='word_1_92' title='bbox 813 1604 922 1654; x_wconf 80' lang='grc' dir='ltr'>τῶν</span> <span class='ocrx_word' id='word_1_93' title='bbox 983 1601 1237 1674; x_wconf 70' lang='grc' dir='ltr'>αἱρέσεων</span> <span class='ocrx_word' id='word_1_94' title='bbox 1297 1602 1722 1676; x_wconf 69' lang='grc' dir='ltr'>ἀγωνισάμενος,</span> <span class='ocrx_word' id='word_1_95' title='bbox 1783 1603 1871 1658; x_wconf 83' lang='grc' dir='ltr'>καὶ</span> 
     </span>
    </p>
   </div>
   <div class='ocr_carea' id='block_1_18' title="bbox 230 1687 1876 1765">
    <p class='ocr_par' dir='ltr' id='par_1_18' title="bbox 230 1687 1876 1765">
     <span class='ocr_line' id='line_1_18' title="bbox 230 1687 1876 1765; baseline 0.001 -21"><span class='ocrx_word' id='word_1_96' title='bbox 230 1688 357 1751; x_wconf 73' lang='grc' dir='ltr'>τοὺς</span> <span class='ocrx_word' id='word_1_97' title='bbox 389 1687 698 1762; x_wconf 79' lang='grc' dir='ltr'>αἱρετικοὺς</span> <span class='ocrx_word' id='word_1_98' title='bbox 747 1688 1136 1764; x_wconf 74' lang='grc' dir='ltr'>καταισχύνας,</span> <span class='ocrx_word' id='word_1_99' title='bbox 1189 1690 1278 1744; x_wconf 85' lang='grc' dir='ltr'>καὶ</span> <span class='ocrx_word' id='word_1_100' title='bbox 1327 1690 1395 1744; x_wconf 83' lang='grc' dir='ltr'>τὰ</span> <span class='ocrx_word' id='word_1_101' title='bbox 1441 1687 1702 1765; x_wconf 82' lang='grc' dir='ltr'>ὀρθόδοξα</span> <span class='ocrx_word' id='word_1_102' title='bbox 1750 1688 1876 1765; x_wconf 88' lang='grc' dir='ltr'>δόγ-</span> 
     </span>
    </p>
   </div>
   <div class='ocr_carea' id='block_1_19' title="bbox 234 1775 1874 1852">
    <p class='ocr_par' dir='ltr' id='par_1_19' title="bbox 234 1775 1874 1852">
     <span class='ocr_line' id='line_1_19' title="bbox 234 1775 1874 1852; baseline 0.001 -20"><span class='ocrx_word' id='word_1_103' title='bbox 234 1799 374 1849; x_wconf 83' lang='grc' dir='ltr'>ματα</span> <span class='ocrx_word' id='word_1_104' title='bbox 411 1777 698 1851; x_wconf 73' lang='grc' dir='ltr'>κρατύνας,</span> <span class='ocrx_word' id='word_1_105' title='bbox 756 1775 846 1832; x_wconf 68' lang='grc' dir='ltr'>καὶ</span> <span class='ocrx_word' id='word_1_106' title='bbox 901 1778 964 1832; x_wconf 85' lang='grc' dir='ltr'>τὸ</span> <span class='ocrx_word' id='word_1_107' title='bbox 1019 1778 1276 1850; x_wconf 76' lang='grc' dir='ltr'>ποίμνιον</span> <span class='ocrx_word' id='word_1_108' title='bbox 1334 1781 1608 1852; x_wconf 81' lang='grc' dir='ltr'>ποιμάνας</span> <span class='ocrx_word' id='word_1_109' title='bbox 1667 1775 1874 1848; x_wconf 84' lang='grc' dir='ltr'>καλῶς,</span> 
     </span>
    </p>
   </div>
   <div class='ocr_carea' id='block_1_20' title="bbox 2349 588 3276 661">
    <p class='ocr_par' dir='ltr' id='par_1_20' title="bbox 2349 588 3276 661">
     <span class='ocr_line' id='line_1_20' title="bbox 2349 588 3276 661; baseline 0.009 -21"><span class='ocrx_word' id='word_1_110' title='bbox 2349 588 2614 644; x_wconf 75' lang='lat' dir='ltr'>triarcha:</span> <span class='ocrx_word' id='word_1_111' title='bbox 2648 591 3276 661; x_wconf 74' lang='lat' dir='ltr'>Constantinopolitani.</span> 
     </span>
    </p>
   </div>
   <div class='ocr_carea' id='block_1_21' title="bbox 2062 707 3646 788">
    <p class='ocr_par' dir='ltr' id='par_1_21' title="bbox 2062 707 3646 788">
     <span class='ocr_line' id='line_1_21' title="bbox 2062 707 3646 788; baseline 0.009 -27"><span class='ocrx_word' id='word_1_112' title='bbox 2062 707 2312 763; x_wconf 89' lang='lat' dir='ltr'>Sanctus</span> <span class='ocrx_word' id='word_1_113' title='bbox 2346 710 2520 765; x_wconf 87' lang='lat' dir='ltr'>Pater</span> <span class='ocrx_word' id='word_1_114' title='bbox 2550 717 2753 767; x_wconf 81' lang='lat' dir='ltr'>noster</span> <span class='ocrx_word' id='word_1_115' title='bbox 2781 715 3054 781; x_wconf 86' lang='lat' dir='ltr'>Thomas,</span> <span class='ocrx_word' id='word_1_116' title='bbox 3083 722 3327 788; x_wconf 82' lang='lat' dir='ltr'>propter</span> <span class='ocrx_word' id='word_1_117' title='bbox 3351 719 3646 777; x_wconf 87' lang='lat' dir='ltr'>excellen-</span> 
     </span>
    </p>
   </div>
   <div class='ocr_carea' id='block_1_22' title="bbox 1992 800 3646 878">
    <p class='ocr_par' dir='ltr' id='par_1_22' title="bbox 1992 800 3646 878">
     <span class='ocr_line' id='line_1_22' title="bbox 1992 800 3646 878; baseline 0.01 -28"><span class='ocrx_word' id='word_1_118' title='bbox 1992 801 2108 851; x_wconf 85' lang='lat' dir='ltr'>tem</span> <span class='ocrx_word' id='word_1_119' title='bbox 2144 815 2311 853; x_wconf 88' lang='lat' dir='ltr'>suam</span> <span class='ocrx_word' id='word_1_120' title='bbox 2343 800 2618 856; x_wconf 78' lang='lat' dir='ltr'>virtutem</span> <span class='ocrx_word' id='word_1_121' title='bbox 2674 809 2734 858; x_wconf 87' lang='lat' dir='ltr'>et</span> <span class='ocrx_word' id='word_1_122' title='bbox 2789 821 3083 860; x_wconf 86' lang='lat' dir='ltr'>summam</span> <span class='ocrx_word' id='word_1_123' title='bbox 3143 807 3515 878; x_wconf 89' lang='lat' dir='ltr'>prudentiam</span> <span class='ocrx_word' id='word_1_124' title='bbox 3578 827 3646 867; x_wconf 90' lang='lat' dir='ltr'>ac</span> 
     </span>
    </p>
   </div>
   <div class='ocr_carea' id='block_1_23' title="bbox 1991 884 3649 966">
    <p class='ocr_par' dir='ltr' id='par_1_23' title="bbox 1991 884 3649 966">
     <span class='ocr_line' id='line_1_23' title="bbox 1991 884 3649 966; baseline 0.01 -29"><span class='ocrx_word' id='word_1_125' title='bbox 1991 884 2365 957; x_wconf 78' lang='lat' dir='ltr'>religionem,</span> <span class='ocrx_word' id='word_1_126' title='bbox 2393 887 2678 944; x_wconf 86' lang='lat' dir='ltr'>diaconus</span> <span class='ocrx_word' id='word_1_127' title='bbox 2700 907 2928 963; x_wconf 60' lang='lat' dir='ltr'>magna;</span> <span class='ocrx_word' id='word_1_128' title='bbox 2957 893 3222 949; x_wconf 71' lang='lat' dir='ltr'>ecclesiae</span> <span class='ocrx_word' id='word_1_129' title='bbox 3250 896 3649 966; x_wconf 85' lang='lat' dir='ltr'>ordinatur,et</span> 
     </span>
    </p>
   </div>
   <div class='ocr_carea' id='block_1_24' title="bbox 1995 974 3648 1044">
    <p class='ocr_par' dir='ltr' id='par_1_24' title="bbox 1995 974 3648 1044">
     <span class='ocr_line' id='line_1_24' title="bbox 1995 974 3648 1044; baseline 0.01 -18"><span class='ocrx_word' id='word_1_130' title='bbox 1995 974 2341 1030; x_wconf 89' lang='lat' dir='ltr'>sacellarius</span> <span class='ocrx_word' id='word_1_131' title='bbox 2372 993 2406 1031; x_wconf 93' lang='lat' dir='ltr'>a</span> <span class='ocrx_word' id='word_1_132' title='bbox 2437 984 2641 1033; x_wconf 85' lang='lat' dir='ltr'>sancto</span> <span class='ocrx_word' id='word_1_133' title='bbox 2674 981 2843 1034; x_wconf 85' lang='lat' dir='ltr'>Patre</span> <span class='ocrx_word' id='word_1_134' title='bbox 2877 989 3079 1037; x_wconf 90' lang='lat' dir='ltr'>nostro</span> <span class='ocrx_word' id='word_1_135' title='bbox 3130 989 3188 1038; x_wconf 90' lang='lat' dir='ltr'>et</span> <span class='ocrx_word' id='word_1_136' title='bbox 3234 985 3295 1039; x_wconf 92' lang='lat' dir='ltr'>in</span> <span class='ocrx_word' id='word_1_137' title='bbox 3340 986 3648 1044; x_wconf 82' lang='lat' dir='ltr'>miraculis</span> 
     </span>
    </p>
   </div>
   <div class='ocr_carea' id='block_1_25' title="bbox 1993 1061 3646 1144">
    <p class='ocr_par' dir='ltr' id='par_1_25' title="bbox 1993 1061 3646 1144">
     <span class='ocr_line' id='line_1_25' title="bbox 1993 1061 3646 1144; baseline 0.011 -31"><span class='ocrx_word' id='word_1_138' title='bbox 1993 1061 2302 1131; x_wconf 88' lang='lat' dir='ltr'>patrandis</span> <span class='ocrx_word' id='word_1_139' title='bbox 2325 1065 2820 1122; x_wconf 84' lang='lat' dir='ltr'>maximoJoanne</span> <span class='ocrx_word' id='word_1_140' title='bbox 2844 1077 3234 1141; x_wconf 90' lang='lat' dir='ltr'>cognomento</span> <span class='ocrx_word' id='word_1_141' title='bbox 3281 1073 3646 1144; x_wconf 85' lang='lat' dir='ltr'>Jejunatore,</span> 
     </span>
    </p>
   </div>
   <div class='ocr_carea' id='block_1_26' title="bbox 1991 1149 3646 1221">
    <p class='ocr_par' dir='ltr' id='par_1_26' title="bbox 1991 1149 3646 1221">
     <span class='ocr_line' id='line_1_26' title="bbox 1991 1149 3646 1221; baseline 0.01 -18"><span class='ocrx_word' id='word_1_142' title='bbox 1991 1149 2324 1221; x_wconf 85' lang='lat' dir='ltr'>imperante</span> <span class='ocrx_word' id='word_1_143' title='bbox 2357 1154 2576 1209; x_wconf 84' lang='lat' dir='ltr'>celebri</span> <span class='ocrx_word' id='word_1_144' title='bbox 2607 1162 2663 1210; x_wconf 85' lang='lat' dir='ltr'>et</span> <span class='ocrx_word' id='word_1_145' title='bbox 2695 1155 2867 1212; x_wconf 91' lang='lat' dir='ltr'>beato</span> <span class='ocrx_word' id='word_1_146' title='bbox 2896 1159 3195 1215; x_wconf 85' lang='lat' dir='ltr'>Mauricio.</span> <span class='ocrx_word' id='word_1_147' title='bbox 3231 1166 3368 1216; x_wconf 84' lang='lat' dir='ltr'>Post</span> <span class='ocrx_word' id='word_1_148' title='bbox 3415 1163 3646 1220; x_wconf 89' lang='lat' dir='ltr'>obitum</span> 
     </span>
    </p>
   </div>
   <div class='ocr_carea' id='block_1_27' title="bbox 1990 1239 3646 1321">
    <p class='ocr_par' dir='ltr' id='par_1_27' title="bbox 1990 1239 3646 1321">
     <span class='ocr_line' id='line_1_27' title="bbox 1990 1239 3646 1321; baseline 0.01 -30"><span class='ocrx_word' id='word_1_149' title='bbox 1990 1244 2188 1293; x_wconf 89' lang='lat' dir='ltr'>autem</span> <span class='ocrx_word' id='word_1_150' title='bbox 2222 1239 2400 1312; x_wconf 83' lang='lat' dir='ltr'>hujus</span> <span class='ocrx_word' id='word_1_151' title='bbox 2429 1243 2693 1311; x_wconf 86' lang='lat' dir='ltr'>Joannis,</span> <span class='ocrx_word' id='word_1_152' title='bbox 2727 1246 2974 1317; x_wconf 87' lang='lat' dir='ltr'>ejusque</span> <span class='ocrx_word' id='word_1_153' title='bbox 3006 1246 3067 1301; x_wconf 93' lang='lat' dir='ltr'>in</span> <span class='ocrx_word' id='word_1_154' title='bbox 3120 1248 3462 1321; x_wconf 82' lang='lat' dir='ltr'>episcopatu</span> <span class='ocrx_word' id='word_1_155' title='bbox 3512 1268 3646 1308; x_wconf 86' lang='lat' dir='ltr'>suc-</span> 
     </span>
    </p>
   </div>
   <div class='ocr_carea' id='block_1_28' title="bbox 1992 1327 3646 1406">
    <p class='ocr_par' dir='ltr' id='par_1_28' title="bbox 1992 1327 3646 1406">
     <span class='ocr_line' id='line_1_28' title="bbox 1992 1327 3646 1406; baseline 0.011 -27"><span class='ocrx_word' id='word_1_156' title='bbox 1992 1327 2245 1381; x_wconf 89' lang='lat' dir='ltr'>cessoris</span> <span class='ocrx_word' id='word_1_157' title='bbox 2276 1330 2522 1398; x_wconf 80' lang='lat' dir='ltr'>Cyriaci.</span> <span class='ocrx_word' id='word_1_158' title='bbox 2563 1331 2872 1388; x_wconf 91' lang='lat' dir='ltr'>ordinatus</span> <span class='ocrx_word' id='word_1_159' title='bbox 2924 1336 3260 1406; x_wconf 83' lang='lat' dir='ltr'>patriarcha</span> <span class='ocrx_word' id='word_1_160' title='bbox 3306 1342 3646 1396; x_wconf 86' lang='lat' dir='ltr'>Constanti-</span> 
     </span>
    </p>
   </div>
   <div class='ocr_carea' id='block_1_29' title="bbox 1993 1413 3642 1498">
    <p class='ocr_par' dir='ltr' id='par_1_29' title="bbox 1993 1413 3642 1498">
     <span class='ocr_line' id='line_1_29' title="bbox 1993 1413 3642 1498; baseline 0.012 -33"><span class='ocrx_word' id='word_1_161' title='bbox 1993 1413 2398 1485; x_wconf 89' lang='lat' dir='ltr'>nopolitanus,</span> <span class='ocrx_word' id='word_1_162' title='bbox 2431 1432 2568 1472; x_wconf 90' lang='lat' dir='ltr'>eum</span> <span class='ocrx_word' id='word_1_163' title='bbox 2601 1419 3004 1492; x_wconf 88' lang='lat' dir='ltr'>episcopatum</span> <span class='ocrx_word' id='word_1_164' title='bbox 3035 1423 3217 1495; x_wconf 86' lang='lat' dir='ltr'>gessit</span> <span class='ocrx_word' id='word_1_165' title='bbox 3264 1441 3452 1482; x_wconf 90' lang='lat' dir='ltr'>annos</span> <span class='ocrx_word' id='word_1_166' title='bbox 3501 1435 3642 1498; x_wconf 89' lang='lat' dir='ltr'>tres,</span> 
     </span>
    </p>
   </div>
   <div class='ocr_carea' id='block_1_30' title="bbox 1993 1501 3644 1579">
    <p class='ocr_par' dir='ltr' id='par_1_30' title="bbox 1993 1501 3644 1579">
     <span class='ocr_line' id='line_1_30' title="bbox 1993 1501 3644 1579; baseline 0.012 -26"><span class='ocrx_word' id='word_1_167' title='bbox 1993 1515 2228 1555; x_wconf 90' lang='lat' dir='ltr'>menses</span> <span class='ocrx_word' id='word_1_168' title='bbox 2258 1501 2424 1557; x_wconf 90' lang='lat' dir='ltr'>duos.</span> <span class='ocrx_word' id='word_1_169' title='bbox 2457 1505 2600 1560; x_wconf 89' lang='lat' dir='ltr'>Cum</span> <span class='ocrx_word' id='word_1_170' title='bbox 2634 1522 2772 1561; x_wconf 88' lang='lat' dir='ltr'>vero</span> <span class='ocrx_word' id='word_1_171' title='bbox 2804 1507 3128 1579; x_wconf 90' lang='lat' dir='ltr'>plurimum</span> <span class='ocrx_word' id='word_1_172' title='bbox 3159 1519 3364 1568; x_wconf 84' lang='lat' dir='ltr'>contra</span> <span class='ocrx_word' id='word_1_173' title='bbox 3386 1515 3644 1572; x_wconf 73' lang='lat' dir='ltr'>haareses</span> 
     </span>
    </p>
   </div>
   <div class='ocr_carea' id='block_1_31' title="bbox 1993 1587 3641 1674">
    <p class='ocr_par' dir='ltr' id='par_1_31' title="bbox 1993 1587 3641 1674">
     <span class='ocr_line' id='line_1_31' title="bbox 1993 1587 3641 1674; baseline 0.012 -32"><span class='ocrx_word' id='word_1_174' title='bbox 1993 1587 2662 1664; x_wconf 89' lang='lat' dir='ltr'>decertasset,ipsosque</span> <span class='ocrx_word' id='word_1_175' title='bbox 2686 1595 2997 1652; x_wconf 70' lang='lat' dir='ltr'>haareticos</span> <span class='ocrx_word' id='word_1_176' title='bbox 3019 1600 3245 1670; x_wconf 90' lang='lat' dir='ltr'>pudore</span> <span class='ocrx_word' id='word_1_177' title='bbox 3263 1603 3641 1674; x_wconf 80' lang='lat' dir='ltr'>perfudisset,</span> 
     </span>
    </p>
   </div>
   <div class='ocr_carea' id='block_1_32' title="bbox 1994 1677 3645 1765">
    <p class='ocr_par' dir='ltr' id='par_1_32' title="bbox 1994 1677 3645 1765">
     <span class='ocr_line' id='line_1_32' title="bbox 1994 1677 3645 1765; baseline 0.01 -35"><span class='ocrx_word' id='word_1_178' title='bbox 1994 1677 2378 1734; x_wconf 83' lang='lat' dir='ltr'>orthodoxam</span> <span class='ocrx_word' id='word_1_179' title='bbox 2403 1697 2638 1752; x_wconf 88' lang='lat' dir='ltr'>quoque</span> <span class='ocrx_word' id='word_1_180' title='bbox 2661 1683 2989 1740; x_wconf 87' lang='lat' dir='ltr'>doctrinam</span> <span class='ocrx_word' id='word_1_181' title='bbox 3025 1687 3392 1758; x_wconf 87' lang='lat' dir='ltr'>stabiliisset,</span> <span class='ocrx_word' id='word_1_182' title='bbox 3425 1696 3484 1746; x_wconf 89' lang='lat' dir='ltr'>et</span> <span class='ocrx_word' id='word_1_183' title='bbox 3510 1706 3645 1765; x_wconf 86' lang='lat' dir='ltr'>gre-</span> 
     </span>
    </p>
   </div>
   <div class='ocr_carea' id='block_1_33' title="bbox 1991 1767 3640 1850">
    <p class='ocr_par' dir='ltr' id='par_1_33' title="bbox 1991 1767 3640 1850">
     <span class='ocr_line' id='line_1_33' title="bbox 1991 1767 3640 1850; baseline 0.012 -32"><span class='ocrx_word' id='word_1_184' title='bbox 1991 1781 2123 1836; x_wconf 85' lang='lat' dir='ltr'>gem</span> <span class='ocrx_word' id='word_1_185' title='bbox 2155 1783 2326 1822; x_wconf 92' lang='lat' dir='ltr'>suum</span> <span class='ocrx_word' id='word_1_186' title='bbox 2361 1767 2512 1824; x_wconf 89' lang='lat' dir='ltr'>bene</span> <span class='ocrx_word' id='word_1_187' title='bbox 2545 1777 2602 1824; x_wconf 91' lang='lat' dir='ltr'>et</span> <span class='ocrx_word' id='word_1_188' title='bbox 2629 1771 2703 1826; x_wconf 89' lang='lat' dir='ltr'>ad</span> <span class='ocrx_word' id='word_1_189' title='bbox 2735 1773 2835 1828; x_wconf 90' lang='lat' dir='ltr'>Dei</span> <span class='ocrx_word' id='word_1_190' title='bbox 2895 1773 3337 1847; x_wconf 88' lang='lat' dir='ltr'>beneplacitum</span> <span class='ocrx_word' id='word_1_191' title='bbox 3369 1781 3640 1850; x_wconf 87' lang='lat' dir='ltr'>rexisset,</span> 
     </span>
    </p>
   </div>
   <div class='ocr_carea' id='block_1_34' title="bbox 235 1857 1882 1942">
    <p class='ocr_par' dir='ltr' id='par_1_34' title="bbox 235 1864 1881 1942">
     <span class='ocr_line' id='line_1_34' title="bbox 235 1864 1881 1942; baseline 0.002 -22"><span class='ocrx_word' id='word_1_192' title='bbox 235 1866 324 1921; x_wconf 80' lang='grc' dir='ltr'><strong>καὶ</strong></span> <span class='ocrx_word' id='word_1_193' title='bbox 364 1868 690 1941; x_wconf 79' lang='grc' dir='ltr'>θεαρέστως,</span> <span class='ocrx_word' id='word_1_194' title='bbox 745 1866 835 1921; x_wconf 80' lang='grc' dir='ltr'>καὶ</span> <span class='ocrx_word' id='word_1_195' title='bbox 891 1872 1006 1928; x_wconf 88' lang='grc' dir='ltr'>τοῖς</span> <span class='ocrx_word' id='word_1_196' title='bbox 1064 1864 1302 1923; x_wconf 75' lang='grc' dir='ltr'>εὐσεϐέσι</span> <span class='ocrx_word' id='word_1_197' title='bbox 1363 1867 1643 1942; x_wconf 80' lang='grc' dir='ltr'>βασιλεῦσι</span> <span class='ocrx_word' id='word_1_198' title='bbox 1694 1867 1881 1929; x_wconf 84' lang='grc' dir='ltr'>καλῶς</span> 
     </span>
    </p>
   </div>
   <div class='ocr_carea' id='block_1_35' title="bbox 1996 1857 3644 1942">
    <p class='ocr_par' dir='ltr' id='par_1_35' title="bbox 1996 1857 3644 1939">
     <span class='ocr_line' id='line_1_35' title="bbox 1996 1857 3644 1939; baseline 0.011 -31"><span class='ocrx_word' id='word_1_199' title='bbox 1996 1870 2225 1910; x_wconf 92' lang='lat' dir='ltr'>necnon</span> <span class='ocrx_word' id='word_1_200' title='bbox 2261 1857 2388 1928; x_wconf 89' lang='lat' dir='ltr'>pios</span> <span class='ocrx_word' id='word_1_201' title='bbox 2419 1858 2808 1931; x_wconf 90' lang='lat' dir='ltr'>imperatores</span> <span class='ocrx_word' id='word_1_202' title='bbox 2839 1863 3122 1934; x_wconf 65' lang='lat' dir='ltr'>praeclare</span> <span class='ocrx_word' id='word_1_203' title='bbox 3154 1867 3551 1939; x_wconf 80' lang='lat' dir='ltr'>instruxisset,</span> <span class='ocrx_word' id='word_1_204' title='bbox 3574 1886 3644 1926; x_wconf 89' lang='lat' dir='ltr'>ac</span> 
     </span>
    </p>
   </div>
   <div class='ocr_carea' id='block_1_36' title="bbox 235 1953 1878 2032">
    <p class='ocr_par' dir='ltr' id='par_1_36' title="bbox 235 1953 1878 2032">
     <span class='ocr_line' id='line_1_36' title="bbox 235 1953 1878 2032; baseline 0.002 -23"><span class='ocrx_word' id='word_1_205' title='bbox 235 1953 471 2025; x_wconf 73' lang='grc' dir='ltr'>διδάξας,</span> <span class='ocrx_word' id='word_1_206' title='bbox 501 1955 592 2010; x_wconf 81' lang='grc' dir='ltr'>καί</span> <span class='ocrx_word' id='word_1_207' title='bbox 622 1959 690 2029; x_wconf 79' lang='grc' dir='ltr'>τῇ</span> <span class='ocrx_word' id='word_1_208' title='bbox 721 1953 1066 2031; x_wconf 54' lang='grc' dir='ltr'>ξσυγκλήτῳ,</span> <span class='ocrx_word' id='word_1_209' title='bbox 1123 1957 1213 2011; x_wconf 85' lang='grc' dir='ltr'>καὶ</span> <span class='ocrx_word' id='word_1_210' title='bbox 1271 1959 1428 2014; x_wconf 78' lang='grc' dir='ltr'>παντὶ</span> <span class='ocrx_word' id='word_1_211' title='bbox 1489 1963 1567 2028; x_wconf 79' lang='grc' dir='ltr'>τῷ</span> <span class='ocrx_word' id='word_1_212' title='bbox 1622 1958 1878 2032; x_wconf 76' lang='grc' dir='ltr'>ῖερατικῷ</span> 
     </span>
    </p>
   </div>
   <div class='ocr_carea' id='block_1_37' title="bbox 231 2042 1878 2123">
    <p class='ocr_par' dir='ltr' id='par_1_37' title="bbox 231 2042 1878 2123">
     <span class='ocr_line' id='line_1_37' title="bbox 231 2042 1878 2123; baseline 0.002 -25"><span class='ocrx_word' id='word_1_213' title='bbox 231 2045 468 2118; x_wconf 87' lang='grc' dir='ltr'>τάγματι</span> <span class='ocrx_word' id='word_1_214' title='bbox 524 2044 867 2121; x_wconf 73' lang='grc' dir='ltr'>καταφανεὶς,</span> <span class='ocrx_word' id='word_1_215' title='bbox 923 2042 1222 2118; x_wconf 71' lang='grc' dir='ltr'>αἰδέσιμος,</span> <span class='ocrx_word' id='word_1_216' title='bbox 1285 2047 1419 2119; x_wconf 86' lang='grc' dir='ltr'>μετά</span> <span class='ocrx_word' id='word_1_217' title='bbox 1473 2050 1642 2101; x_wconf 82' lang='grc' dir='ltr'>ταῦτα</span> <span class='ocrx_word' id='word_1_218' title='bbox 1697 2045 1878 2123; x_wconf 69' lang='grc' dir='ltr'>ἀῤῥω-</span> 
     </span>
    </p>
   </div>
   <div class='ocr_carea' id='block_1_38' title="bbox 226 2131 1874 2210">
    <p class='ocr_par' dir='ltr' id='par_1_38' title="bbox 226 2131 1874 2210">
     <span class='ocr_line' id='line_1_38' title="bbox 226 2131 1874 2210; baseline 0.001 -22"><span class='ocrx_word' id='word_1_219' title='bbox 226 2136 444 2202; x_wconf 75' lang='grc' dir='ltr'>στήσας,</span> <span class='ocrx_word' id='word_1_220' title='bbox 473 2135 612 2207; x_wconf 86' lang='grc' dir='ltr'>πρὸς</span> <span class='ocrx_word' id='word_1_221' title='bbox 644 2133 916 2206; x_wconf 83' lang='grc' dir='ltr'>οὐρανοὺς</span> <span class='ocrx_word' id='word_1_222' title='bbox 970 2131 1236 2208; x_wconf 62' lang='grc' dir='ltr'>ἀνέδραμε</span> <span class='ocrx_word' id='word_1_223' title='bbox 1293 2134 1528 2210; x_wconf 86' lang='grc' dir='ltr'>χαίρων,</span> <span class='ocrx_word' id='word_1_224' title='bbox 1588 2135 1664 2198; x_wconf 85' lang='grc' dir='ltr'>ὡς</span> <span class='ocrx_word' id='word_1_225' title='bbox 1713 2135 1874 2206; x_wconf 72' lang='grc' dir='ltr'>εἲκὸς,</span> 
     </span>
    </p>
   </div>
   <div class='ocr_carea' id='block_1_39' title="bbox 225 2221 788 2298">
    <p class='ocr_par' dir='ltr' id='par_1_39' title="bbox 225 2221 788 2298">
     <span class='ocr_line' id='line_1_39' title="bbox 225 2221 788 2298; baseline 0.004 -21"><span class='ocrx_word' id='word_1_226' title='bbox 225 2224 310 2277; x_wconf 78' lang='grc' dir='ltr'>καὶ</span> <span class='ocrx_word' id='word_1_227' title='bbox 343 2221 788 2298; x_wconf 81' lang='grc' dir='ltr'>ἀγαλλιώμενος.</span> 
     </span>
    </p>
   </div>
   <div class='ocr_carea' id='block_1_40' title="bbox 756 2341 1337 2400">
    <p class='ocr_par' dir='ltr' id='par_1_40' title="bbox 756 2341 1337 2400">
     <span class='ocr_line' id='line_1_40' title="bbox 756 2341 1337 2400; baseline 0.002 -2"><span class='ocrx_word' id='word_1_228' title='bbox 756 2341 960 2398; x_wconf 86' lang='grc' dir='ltr'>ΜΗΝΙ’</span> <span class='ocrx_word' id='word_1_229' title='bbox 999 2343 1092 2398; x_wconf 86' lang='grc' dir='ltr'>ἸὮ</span> <span class='ocrx_word' id='word_1_230' title='bbox 1132 2343 1337 2400; x_wconf 77' lang='grc' dir='ltr'>ΑΥΤΩ.</span> 
     </span>
    </p>
   </div>
   <div class='ocr_carea' id='block_1_41' title="bbox 997 2451 1112 2506">
    <p class='ocr_par' dir='ltr' id='par_1_41' title="bbox 997 2451 1112 2506">
     <span class='ocr_line' id='line_1_41' title="bbox 997 2451 1112 2506; baseline 0 0"><span class='ocrx_word' id='word_1_231' title='bbox 997 2451 1112 2506; x_wconf 79' lang='grc' dir='ltr'>ΚΑ“</span> 
     </span>
    </p>
   </div>
   <div class='ocr_carea' id='block_1_42' title="bbox 236 2543 1879 2622">
    <p class='ocr_par' dir='ltr' id='par_1_42' title="bbox 236 2543 1879 2622">
     <span class='ocr_line' id='line_1_42' title="bbox 236 2543 1879 2622; baseline 0.001 -21"><span class='ocrx_word' id='word_1_232' title='bbox 236 2547 432 2619; x_wconf 69' lang='grc' dir='ltr'>Πνήμη</span> <span class='ocrx_word' id='word_1_233' title='bbox 490 2551 588 2602; x_wconf 81' lang='grc' dir='ltr'>τοῦ</span> <span class='ocrx_word' id='word_1_234' title='bbox 647 2545 800 2602; x_wconf 78' lang='grc' dir='ltr'>ὁσίου</span> <span class='ocrx_word' id='word_1_235' title='bbox 855 2547 1067 2622; x_wconf 75' lang='grc' dir='ltr'>Πατρὸς</span> <span class='ocrx_word' id='word_1_236' title='bbox 1121 2549 1295 2622; x_wconf 13' lang='grc' dir='ltr'>,ἡμῶν</span> <span class='ocrx_word' id='word_1_237' title='bbox 1385 2543 1696 2604; x_wconf 79' lang='grc' dir='ltr'>Βενεὸίκτου</span> <span class='ocrx_word' id='word_1_238' title='bbox 1779 2548 1879 2622; x_wconf 84' lang='grc' dir='ltr'>ἀρ-</span> 
     </span>
    </p>
   </div>
   <div class='ocr_carea' id='block_1_43' title="bbox 721 2617 1363 2694">
    <p class='ocr_par' dir='ltr' id='par_1_43' title="bbox 721 2617 1363 2694">
     <span class='ocr_line' id='line_1_43' title="bbox 721 2617 1363 2694; baseline 0.005 -22"><span class='ocrx_word' id='word_1_239' title='bbox 721 2617 1087 2694; x_wconf 79' lang='grc' dir='ltr'>χιμανδρίτου</span> <span class='ocrx_word' id='word_1_240' title='bbox 1116 2617 1363 2692; x_wconf 78' lang='grc' dir='ltr'>Ῥώμης.</span> 
     </span>
    </p>
   </div>
   <div class='ocr_carea' id='block_1_44' title="bbox 307 2732 1878 2810">
    <p class='ocr_par' dir='ltr' id='par_1_44' title="bbox 307 2732 1878 2810">
     <span class='ocr_line' id='line_1_44' title="bbox 307 2732 1878 2810; baseline 0 -19"><span class='ocrx_word' id='word_1_241' title='bbox 307 2735 468 2796; x_wconf 78' lang='grc' dir='ltr'>Οὗτος</span> <span class='ocrx_word' id='word_1_242' title='bbox 500 2735 750 2810; x_wconf 79' lang='grc' dir='ltr'>ὑπῆρχεν</span> <span class='ocrx_word' id='word_1_243' title='bbox 782 2735 842 2790; x_wconf 81' lang='grc' dir='ltr'>ἐκ</span> <span class='ocrx_word' id='word_1_244' title='bbox 898 2743 998 2804; x_wconf 79' lang='grc' dir='ltr'>τῆς</span> <span class='ocrx_word' id='word_1_245' title='bbox 1055 2736 1346 2808; x_wconf 86' lang='grc' dir='ltr'>Ῥωμαίων</span> <span class='ocrx_word' id='word_1_246' title='bbox 1407 2732 1644 2802; x_wconf 82' lang='grc' dir='ltr'>πόλεως,</span> <span class='ocrx_word' id='word_1_247' title='bbox 1707 2733 1878 2792; x_wconf 78' lang='grc' dir='ltr'>Εὐλο-</span> 
     </span>
    </p>
   </div>
   <div class='ocr_carea' id='block_1_45' title="bbox 234 2818 1870 2897">
    <p class='ocr_par' dir='ltr' id='par_1_45' title="bbox 234 2818 1870 2897">
     <span class='ocr_line' id='line_1_45' title="bbox 234 2818 1870 2897; baseline 0.001 -21"><span class='ocrx_word' id='word_1_248' title='bbox 234 2821 465 2895; x_wconf 73' lang='grc' dir='ltr'>γημένος</span> <span class='ocrx_word' id='word_1_249' title='bbox 522 2823 959 2896; x_wconf 69' lang='grc' dir='ltr'>ὀνομαζόμενος.</span> <span class='ocrx_word' id='word_1_250' title='bbox 1016 2825 1226 2897; x_wconf 75' lang='grc' dir='ltr'>Μικρὲς</span> <span class='ocrx_word' id='word_1_251' title='bbox 1286 2822 1343 2878; x_wconf 75' lang='grc' dir='ltr'>δὲ</span> <span class='ocrx_word' id='word_1_252' title='bbox 1399 2818 1497 2891; x_wconf 79' lang='grc' dir='ltr'>ὤν,</span> <span class='ocrx_word' id='word_1_253' title='bbox 1555 2821 1870 2878; x_wconf 85' lang='grc' dir='ltr'>καταλιπὼν</span> 
     </span>
    </p>
   </div>
   <div class='ocr_carea' id='block_1_46' title="bbox 239 2907 1876 2988">
    <p class='ocr_par' dir='ltr' id='par_1_46' title="bbox 239 2907 1876 2988">
     <span class='ocr_line' id='line_1_46' title="bbox 239 2907 1876 2988; baseline 0.001 -22"><span class='ocrx_word' id='word_1_254' title='bbox 239 2914 317 2966; x_wconf 78' lang='grc' dir='ltr'>καὶ</span> <span class='ocrx_word' id='word_1_255' title='bbox 374 2913 572 2985; x_wconf 82' lang='grc' dir='ltr'>οἰκίαν,</span> <span class='ocrx_word' id='word_1_256' title='bbox 630 2914 721 2969; x_wconf 82' lang='grc' dir='ltr'>καὶ</span> <span class='ocrx_word' id='word_1_257' title='bbox 779 2919 983 2988; x_wconf 78' lang='grc' dir='ltr'>γονεῖς,</span> <span class='ocrx_word' id='word_1_258' title='bbox 1033 2913 1256 2984; x_wconf 76' lang='grc' dir='ltr'>ἐξῆλθεν</span> <span class='ocrx_word' id='word_1_259' title='bbox 1316 2913 1390 2976; x_wconf 81' lang='grc' dir='ltr'>είς</span> <span class='ocrx_word' id='word_1_260' title='bbox 1444 2907 1652 2987; x_wconf 76' lang='grc' dir='ltr'>ἔρημον</span> <span class='ocrx_word' id='word_1_261' title='bbox 1709 2911 1876 2967; x_wconf 83' lang='grc' dir='ltr'>τόπον</span> 
     </span>
    </p>
   </div>
   <div class='ocr_carea' id='block_1_47' title="bbox 241 2999 1874 3077">
    <p class='ocr_par' dir='ltr' id='par_1_47' title="bbox 241 2999 1874 3077">
     <span class='ocr_line' id='line_1_47' title="bbox 241 2999 1874 3077; baseline 0 -22"><span class='ocrx_word' id='word_1_262' title='bbox 241 3001 364 3072; x_wconf 81' lang='grc' dir='ltr'>μετά</span> <span class='ocrx_word' id='word_1_263' title='bbox 387 3009 489 3070; x_wconf 78' lang='grc' dir='ltr'>τῆς</span> <span class='ocrx_word' id='word_1_264' title='bbox 549 3001 954 3077; x_wconf 60' lang='grc' dir='ltr'>ἔωατρεφοῦσης</span> <span class='ocrx_word' id='word_1_265' title='bbox 1014 3001 1174 3056; x_wconf 77' lang='grc' dir='ltr'>αὐτὸν</span> <span class='ocrx_word' id='word_1_266' title='bbox 1212 3002 1400 3077; x_wconf 84' lang='grc' dir='ltr'>γραὸς,</span> <span class='ocrx_word' id='word_1_267' title='bbox 1459 3002 1549 3056; x_wconf 80' lang='grc' dir='ltr'>καὶ</span> <span class='ocrx_word' id='word_1_268' title='bbox 1607 2999 1874 3076; x_wconf 67' lang='grc' dir='ltr'>ἡσύχασε,</span> 
     </span>
    </p>
   </div>
   <div class='ocr_carea' id='block_1_48' title="bbox 237 3085 1876 3167">
    <p class='ocr_par' dir='ltr' id='par_1_48' title="bbox 237 3085 1876 3167">
     <span class='ocr_line' id='line_1_48' title="bbox 237 3085 1876 3167; baseline -0.001 -23"><span class='ocrx_word' id='word_1_269' title='bbox 237 3091 322 3144; x_wconf 82' lang='grc' dir='ltr'>καὶ</span> <span class='ocrx_word' id='word_1_270' title='bbox 370 3091 673 3166; x_wconf 77' lang='grc' dir='ltr'>εὐχόμενος</span> <span class='ocrx_word' id='word_1_271' title='bbox 730 3085 894 3146; x_wconf 84' lang='grc' dir='ltr'>ἔλαϐε</span> <span class='ocrx_word' id='word_1_272' title='bbox 951 3089 1263 3167; x_wconf 76' lang='grc' dir='ltr'>χαρίσματα</span> <span class='ocrx_word' id='word_1_273' title='bbox 1316 3091 1560 3164; x_wconf 74' lang='grc' dir='ltr'>ἰαμάτων</span> <span class='ocrx_word' id='word_1_274' title='bbox 1617 3091 1723 3146; x_wconf 85' lang='grc' dir='ltr'>ἀπὸ</span> <span class='ocrx_word' id='word_1_275' title='bbox 1778 3093 1876 3145; x_wconf 83' lang='lat'>106</span> 
     </span>
    </p>
   </div>
   <div class='ocr_carea' id='block_1_49' title="bbox 238 3180 1874 3258">
    <p class='ocr_par' dir='ltr' id='par_1_49' title="bbox 238 3180 1874 3258">
     <span class='ocr_line' id='line_1_49' title="bbox 238 3180 1874 3258; baseline 0 -23"><span class='ocrx_word' id='word_1_276' title='bbox 238 3186 387 3236; x_wconf 77' lang='grc' dir='ltr'>Θεοῦ.</span> <span class='ocrx_word' id='word_1_277' title='bbox 449 3186 672 3256; x_wconf 81' lang='grc' dir='ltr'>Πρῶτον</span> <span class='ocrx_word' id='word_1_278' title='bbox 737 3183 832 3256; x_wconf 74' lang='grc' dir='ltr'>μὲν</span> <span class='ocrx_word' id='word_1_279' title='bbox 889 3183 990 3258; x_wconf 77' lang='grc' dir='ltr'>γάρ</span> <span class='ocrx_word' id='word_1_280' title='bbox 1073 3181 1380 3256; x_wconf 70' lang='grc' dir='ltr'>ἡγούμενος</span> <span class='ocrx_word' id='word_1_281' title='bbox 1464 3180 1755 3256; x_wconf 82' lang='grc' dir='ltr'>γενόμενος</span> <span class='ocrx_word' id='word_1_282' title='bbox 1804 3182 1874 3252; x_wconf 81' lang='grc' dir='ltr'>τῇ</span> 
     </span>
    </p>
   </div>
   <div class='ocr_carea' id='block_1_50' title="bbox 1989 1946 3641 2019">
    <p class='ocr_par' dir='ltr' id='par_1_50' title="bbox 1989 1946 3641 2019">
     <span class='ocr_line' id='line_1_50' title="bbox 1989 1946 3641 2019; baseline 0.01 -21"><span class='ocrx_word' id='word_1_283' title='bbox 1989 1946 2244 2012; x_wconf 87' lang='lat' dir='ltr'>senatui,</span> <span class='ocrx_word' id='word_1_284' title='bbox 2307 1947 2530 2019; x_wconf 91' lang='lat' dir='ltr'>totique</span> <span class='ocrx_word' id='word_1_285' title='bbox 2593 1950 2946 2006; x_wconf 87' lang='lat' dir='ltr'>sacerdotali</span> <span class='ocrx_word' id='word_1_286' title='bbox 3016 1953 3214 2009; x_wconf 89' lang='lat' dir='ltr'>ordini</span> <span class='ocrx_word' id='word_1_287' title='bbox 3269 1959 3641 2014; x_wconf 79' lang='lat' dir='ltr'>venerandus</span> 
     </span>
    </p>
   </div>
   <div class='ocr_carea' id='block_1_51' title="bbox 1989 2035 3645 2117">
    <p class='ocr_par' dir='ltr' id='par_1_51' title="bbox 1989 2035 3645 2117">
     <span class='ocr_line' id='line_1_51' title="bbox 1989 2035 3645 2117; baseline 0.01 -29"><span class='ocrx_word' id='word_1_288' title='bbox 1989 2035 2386 2106; x_wconf 88' lang='lat' dir='ltr'>apparuisset,</span> <span class='ocrx_word' id='word_1_289' title='bbox 2420 2037 2666 2094; x_wconf 88' lang='lat' dir='ltr'>adversa</span> <span class='ocrx_word' id='word_1_290' title='bbox 2697 2041 3035 2098; x_wconf 87' lang='lat' dir='ltr'>valetudine</span> <span class='ocrx_word' id='word_1_291' title='bbox 3067 2053 3394 2117; x_wconf 91' lang='lat' dir='ltr'>correptus,</span> <span class='ocrx_word' id='word_1_292' title='bbox 3426 2047 3502 2103; x_wconf 88' lang='lat' dir='ltr'>ad</span> <span class='ocrx_word' id='word_1_293' title='bbox 3531 2065 3645 2104; x_wconf 73' lang='lat' dir='ltr'>caa-</span> 
     </span>
    </p>
   </div>
   <div class='ocr_carea' id='block_1_52' title="bbox 1985 2123 3639 2205">
    <p class='ocr_par' dir='ltr' id='par_1_52' title="bbox 1985 2123 3639 2205">
     <span class='ocr_line' id='line_1_52' title="bbox 1985 2123 3639 2205; baseline 0.01 -26"><span class='ocrx_word' id='word_1_294' title='bbox 1985 2123 2077 2180; x_wconf 90' lang='lat' dir='ltr'>los</span> <span class='ocrx_word' id='word_1_295' title='bbox 2106 2126 2372 2197; x_wconf 83' lang='lat' dir='ltr'>gaudens</span> <span class='ocrx_word' id='word_1_296' title='bbox 2404 2134 2464 2183; x_wconf 89' lang='lat' dir='ltr'>et</span> <span class='ocrx_word' id='word_1_297' title='bbox 2491 2129 2819 2199; x_wconf 81' lang='lat' dir='ltr'>exsultans,</span> <span class='ocrx_word' id='word_1_298' title='bbox 2851 2133 2938 2187; x_wconf 89' lang='lat' dir='ltr'>uti</span> <span class='ocrx_word' id='word_1_299' title='bbox 2970 2149 3208 2205; x_wconf 71' lang='lat' dir='ltr'>aequum</span> <span class='ocrx_word' id='word_1_300' title='bbox 3256 2143 3401 2205; x_wconf 85' lang='lat' dir='ltr'>erat,</span> <span class='ocrx_word' id='word_1_301' title='bbox 3453 2137 3639 2194; x_wconf 89' lang='lat' dir='ltr'>advo-</span> 
     </span>
    </p>
   </div>
   <div class='ocr_carea' id='block_1_53' title="bbox 1983 2215 2142 2272">
    <p class='ocr_par' dir='ltr' id='par_1_53' title="bbox 1983 2215 2142 2272">
     <span class='ocr_line' id='line_1_53' title="bbox 1983 2215 2142 2272; baseline 0.013 -2"><span class='ocrx_word' id='word_1_302' title='bbox 1983 2215 2142 2272; x_wconf 81' lang='lat' dir='ltr'>lavit.</span> 
     </span>
    </p>
   </div>
   <div class='ocr_carea' id='block_1_54' title="bbox 2538 2339 3068 2399">
    <p class='ocr_par' dir='ltr' id='par_1_54' title="bbox 2538 2339 3068 2399">
     <span class='ocr_line' id='line_1_54' title="bbox 2538 2339 3068 2399; baseline 0.011 -6"><span class='ocrx_word' id='word_1_303' title='bbox 2538 2339 2778 2396; x_wconf 77' lang='lat' dir='ltr'><strong>EODEM</strong></span> <span class='ocrx_word' id='word_1_304' title='bbox 2817 2341 2961 2398; x_wconf 74' lang='grc' dir='ltr'>ΜΕΝ</span> <span class='ocrx_word' id='word_1_305' title='bbox 2967 2342 3068 2399; x_wconf 88' lang='lat' dir='ltr'>SE.</span> 
     </span>
    </p>
   </div>
   <div class='ocr_carea' id='block_1_55' title="bbox 2493 2442 3129 2520">
    <p class='ocr_par' dir='ltr' id='par_1_55' title="bbox 2493 2442 3129 2520">
     <span class='ocr_line' id='line_1_55' title="bbox 2493 2442 3129 2520; baseline 0.013 -23"><span class='ocrx_word' id='word_1_306' title='bbox 2493 2442 2594 2498; x_wconf 91' lang='lat' dir='ltr'>Die</span> <span class='ocrx_word' id='word_1_307' title='bbox 2625 2445 2906 2503; x_wconf 90' lang='lat' dir='ltr'>vicesima</span> <span class='ocrx_word' id='word_1_308' title='bbox 2935 2449 3129 2520; x_wconf 88' lang='lat' dir='ltr'>prima</span> 
     </span>
    </p>
   </div>
   <div class='ocr_carea' id='block_1_56' title="bbox 1985 2535 3640 2610">
    <p class='ocr_par' dir='ltr' id='par_1_56' title="bbox 1985 2535 3640 2610">
     <span class='ocr_line' id='line_1_56' title="bbox 1985 2535 3640 2610; baseline 0.013 -20"><span class='ocrx_word' id='word_1_309' title='bbox 1985 2535 2086 2592; x_wconf 70' lang='lat'>28</span> <span class='ocrx_word' id='word_1_310' title='bbox 2146 2536 2596 2596; x_wconf 83' lang='lat' dir='ltr'>Commemoratio</span> <span class='ocrx_word' id='word_1_311' title='bbox 2638 2545 2819 2600; x_wconf 78' lang='lat' dir='ltr'>sancti</span> <span class='ocrx_word' id='word_1_312' title='bbox 2879 2547 3057 2603; x_wconf 81' lang='lat' dir='ltr'>Patris</span> <span class='ocrx_word' id='word_1_313' title='bbox 3115 2553 3296 2606; x_wconf 81' lang='lat' dir='ltr'>nostri</span> <span class='ocrx_word' id='word_1_314' title='bbox 3352 2553 3640 2610; x_wconf 76' lang='lat' dir='ltr'>Benedicti</span> 
     </span>
    </p>
   </div>
   <div class='ocr_carea' id='block_1_57' title="bbox 2463 2613 3152 2676">
    <p class='ocr_par' dir='ltr' id='par_1_57' title="bbox 2463 2613 3152 2676">
     <span class='ocr_line' id='line_1_57' title="bbox 2463 2613 3152 2676; baseline 0.015 -10"><span class='ocrx_word' id='word_1_315' title='bbox 2463 2613 2920 2673; x_wconf 65' lang='lat' dir='ltr'>archimandritas</span> <span class='ocrx_word' id='word_1_316' title='bbox 2950 2621 3152 2676; x_wconf 61' lang='lat' dir='ltr'>Roma.</span> 
     </span>
    </p>
   </div>
   <div class='ocr_carea' id='block_1_58' title="bbox 2057 2707 3642 2793">
    <p class='ocr_par' dir='ltr' id='par_1_58' title="bbox 2057 2707 3642 2793">
     <span class='ocr_line' id='line_1_58' title="bbox 2057 2707 3642 2793; baseline 0.013 -33"><span class='ocrx_word' id='word_1_317' title='bbox 2057 2707 2137 2793; x_wconf 53' lang='lat' dir='ltr'>lix</span> <span class='ocrx_word' id='word_1_318' title='bbox 2169 2709 2569 2767; x_wconf 81' lang='lat' dir='ltr'>Romanorum</span> <span class='ocrx_word' id='word_1_319' title='bbox 2602 2714 2747 2769; x_wconf 87' lang='lat' dir='ltr'>urbe</span> <span class='ocrx_word' id='word_1_320' title='bbox 2779 2717 3002 2787; x_wconf 85' lang='lat' dir='ltr'>prodiit</span> <span class='ocrx_word' id='word_1_321' title='bbox 3028 2720 3123 2774; x_wconf 88' lang='lat' dir='ltr'>hic</span> <span class='ocrx_word' id='word_1_322' title='bbox 3170 2723 3501 2793; x_wconf 88' lang='lat' dir='ltr'>appellatus</span> <span class='ocrx_word' id='word_1_323' title='bbox 3532 2727 3642 2780; x_wconf 85' lang='lat' dir='ltr'>Be-</span> 
     </span>
    </p>
   </div>
   <div class='ocr_carea' id='block_1_59' title="bbox 1985 2790 3639 2875">
    <p class='ocr_par' dir='ltr' id='par_1_59' title="bbox 1985 2790 3639 2875">
     <span class='ocr_line' id='line_1_59' title="bbox 1985 2790 3639 2875; baseline 0.013 -32"><span class='ocrx_word' id='word_1_324' title='bbox 1985 2790 2275 2846; x_wconf 90' lang='lat' dir='ltr'>nedictus.</span> <span class='ocrx_word' id='word_1_325' title='bbox 2311 2795 2464 2848; x_wconf 91' lang='lat' dir='ltr'>Puer</span> <span class='ocrx_word' id='word_1_326' title='bbox 2493 2795 2734 2852; x_wconf 91' lang='lat' dir='ltr'>domum</span> <span class='ocrx_word' id='word_1_327' title='bbox 2769 2806 2826 2854; x_wconf 91' lang='lat' dir='ltr'>et</span> <span class='ocrx_word' id='word_1_328' title='bbox 2856 2809 3134 2871; x_wconf 88' lang='lat' dir='ltr'>parentes</span> <span class='ocrx_word' id='word_1_329' title='bbox 3156 2790 3458 2875; x_wconf 77' lang='lat' dir='ltr'>deserens,</span> <span class='ocrx_word' id='word_1_330' title='bbox 3495 2809 3639 2864; x_wconf 58' lang='lat' dir='ltr'>soli.</span> 
     </span>
    </p>
   </div>
   <div class='ocr_carea' id='block_1_60' title="bbox 1986 2881 3636 2970">
    <p class='ocr_par' dir='ltr' id='par_1_60' title="bbox 1986 2881 3636 2970">
     <span class='ocr_line' id='line_1_60' title="bbox 1986 2881 3636 2970; baseline 0.012 -36"><span class='ocrx_word' id='word_1_331' title='bbox 1986 2881 2253 2936; x_wconf 89' lang='lat' dir='ltr'>tudinem</span> <span class='ocrx_word' id='word_1_332' title='bbox 2284 2899 2418 2938; x_wconf 89' lang='lat' dir='ltr'>cum</span> <span class='ocrx_word' id='word_1_333' title='bbox 2451 2886 2703 2951; x_wconf 89' lang='lat' dir='ltr'>nutrice,</span> <span class='ocrx_word' id='word_1_334' title='bbox 2755 2890 2966 2946; x_wconf 71' lang='lat' dir='ltr'>affecta</span> <span class='ocrx_word' id='word_1_335' title='bbox 3000 2893 3128 2962; x_wconf 85' lang='lat' dir='ltr'>jam</span> <span class='ocrx_word' id='word_1_336' title='bbox 3176 2901 3348 2951; x_wconf 63' lang='lat' dir='ltr'>astate</span> <span class='ocrx_word' id='word_1_337' title='bbox 3391 2896 3636 2970; x_wconf 73' lang='lat' dir='ltr'>femina,</span> 
     </span>
    </p>
   </div>
   <div class='ocr_carea' id='block_1_61' title="bbox 1986 2974 3736 3062">
    <p class='ocr_par' dir='ltr' id='par_1_61' title="bbox 1986 2974 3736 3062">
     <span class='ocr_line' id='line_1_61' title="bbox 1986 2974 3736 3062; baseline 0.011 -36"><span class='ocrx_word' id='word_1_338' title='bbox 1986 2974 2310 3045; x_wconf 83' lang='lat' dir='ltr'>ingressus,</span> <span class='ocrx_word' id='word_1_339' title='bbox 2347 2976 2609 3046; x_wconf 83' lang='lat' dir='ltr'>quietam</span> <span class='ocrx_word' id='word_1_340' title='bbox 2643 2981 2818 3036; x_wconf 86' lang='lat' dir='ltr'>vitam</span> <span class='ocrx_word' id='word_1_341' title='bbox 2851 2983 3159 3055; x_wconf 85' lang='lat' dir='ltr'>amplexus</span> <span class='ocrx_word' id='word_1_342' title='bbox 3191 2993 3299 3052; x_wconf 88' lang='lat' dir='ltr'>est,</span> <span class='ocrx_word' id='word_1_343' title='bbox 3349 2994 3408 3042; x_wconf 91' lang='lat' dir='ltr'>et</span> <span class='ocrx_word' id='word_1_344' title='bbox 3437 3006 3637 3062; x_wconf 86' lang='lat' dir='ltr'>orans,</span> <span class='ocrx_word' id='word_1_345' title='bbox 3718 3015 3736 3035; x_wconf 82' lang='grc' dir='ltr'><strong><em>ο</em></strong></span> 
     </span>
    </p>
   </div>
   <div class='ocr_carea' id='block_1_62' title="bbox 1984 3066 3638 3144">
    <p class='ocr_par' dir='ltr' id='par_1_62' title="bbox 1984 3066 3638 3144">
     <span class='ocr_line' id='line_1_62' title="bbox 1984 3066 3638 3144; baseline 0.012 -30"><span class='ocrx_word' id='word_1_346' title='bbox 1984 3068 2233 3133; x_wconf 55' lang='lat' dir='ltr'>gratiam</span> <span class='ocrx_word' id='word_1_347' title='bbox 2265 3066 2642 3122; x_wconf 89' lang='lat' dir='ltr'>curationum</span> <span class='ocrx_word' id='word_1_348' title='bbox 2673 3085 2707 3124; x_wconf 88' lang='lat' dir='ltr'>a</span> <span class='ocrx_word' id='word_1_349' title='bbox 2738 3070 2853 3125; x_wconf 90' lang='lat' dir='ltr'>Deo</span> <span class='ocrx_word' id='word_1_350' title='bbox 2884 3073 3132 3144; x_wconf 90' lang='lat' dir='ltr'>accepit.</span> <span class='ocrx_word' id='word_1_351' title='bbox 3168 3074 3432 3131; x_wconf 85' lang='lat' dir='ltr'>Primum</span> <span class='ocrx_word' id='word_1_352' title='bbox 3476 3078 3638 3134; x_wconf 80' lang='lat' dir='ltr'>enim</span> 
     </span>
    </p>
   </div>
   <div class='ocr_carea' id='block_1_63' title="bbox 1986 3150 3640 3234">
    <p class='ocr_par' dir='ltr' id='par_1_63' title="bbox 1986 3150 3640 3234">
     <span class='ocr_line' id='line_1_63' title="bbox 1986 3150 3640 3234; baseline 0.012 -31"><span class='ocrx_word' id='word_1_353' title='bbox 1986 3150 2296 3206; x_wconf 90' lang='lat' dir='ltr'>monachis</span> <span class='ocrx_word' id='word_1_354' title='bbox 2330 3159 2540 3224; x_wconf 91' lang='lat' dir='ltr'>sponte</span> <span class='ocrx_word' id='word_1_355' title='bbox 2571 3154 2959 3215; x_wconf 83' lang='lat' dir='ltr'>invitantibus</span> <span class='ocrx_word' id='word_1_356' title='bbox 2989 3160 3172 3218; x_wconf 89' lang='lat' dir='ltr'>abbas</span> <span class='ocrx_word' id='word_1_357' title='bbox 3202 3170 3457 3234; x_wconf 89' lang='lat' dir='ltr'>creatus,</span> <span class='ocrx_word' id='word_1_358' title='bbox 3501 3182 3640 3222; x_wconf 89' lang='lat' dir='ltr'>mox</span> 
     </span>
    </p>
   </div>
   <div class='ocr_carea' id='block_1_64' title="bbox 237 3237 1882 3346">
    <p class='ocr_par' dir='ltr' id='par_1_64' title="bbox 237 3237 1873 3346">
     <span class='ocr_line' id='line_1_64' title="bbox 498 3237 1873 3258; baseline 0.001 -2"><span class='ocrx_word' id='word_1_359' title='bbox 498 3237 507 3256; x_wconf 83' lang='lat' dir='ltr'><strong>I</strong></span> <span class='ocrx_word' id='word_1_360' title='bbox 737 3237 748 3256; x_wconf 78' lang='grc'><strong>1</strong></span> <span class='ocrx_word' id='word_1_361' title='bbox 903 3237 914 3256; x_wconf 79' lang='grc' dir='ltr'><strong>Ι</strong></span> <span class='ocrx_word' id='word_1_362' title='bbox 961 3237 970 3258; x_wconf 83' lang='grc' dir='ltr'><strong>Ι</strong></span> <span class='ocrx_word' id='word_1_363' title='bbox 1097 3237 1138 3256; x_wconf 74' lang='grc' dir='ltr'><strong>Ἰ</strong></span> <span class='ocrx_word' id='word_1_364' title='bbox 1222 3237 1232 3254; x_wconf 62' lang='grc' dir='ltr'>ι</span> <span class='ocrx_word' id='word_1_365' title='bbox 1368 3237 1379 3242; x_wconf 72' lang='grc'>⁷</span> <span class='ocrx_word' id='word_1_366' title='bbox 1477 3237 1488 3256; x_wconf 79' lang='grc' dir='ltr'><strong>Ι</strong></span> <span class='ocrx_word' id='word_1_367' title='bbox 1595 3237 1607 3254; x_wconf 65' lang='grc' dir='ltr'>δ</span> <span class='ocrx_word' id='word_1_368' title='bbox 1743 3237 1753 3242; x_wconf 68' lang='grc'>⁷</span> <span class='ocrx_word' id='word_1_369' title='bbox 1850 3237 1873 3252; x_wconf 71' lang='grc' dir='ltr'>δ’</span> 
     </span>
     <span class='ocr_line' id='line_1_65' title="bbox 237 3265 1871 3346; baseline -0.001 -22"><span class='ocrx_word' id='word_1_370' title='bbox 237 3270 573 3345; x_wconf 76' lang='grc' dir='ltr'>παρακλήσει</span> <span class='ocrx_word' id='word_1_371' title='bbox 629 3276 736 3326; x_wconf 80' lang='grc' dir='ltr'>τῶν</span> <span class='ocrx_word' id='word_1_372' title='bbox 796 3275 1074 3346; x_wconf 82' lang='grc' dir='ltr'>μοναχῶν,</span> <span class='ocrx_word' id='word_1_373' title='bbox 1133 3269 1225 3326; x_wconf 79' lang='grc' dir='ltr'>καὶ</span> <span class='ocrx_word' id='word_1_374' title='bbox 1279 3268 1368 3325; x_wconf 79' lang='grc' dir='ltr'>διὰ</span> <span class='ocrx_word' id='word_1_375' title='bbox 1423 3271 1522 3339; x_wconf 77' lang='grc' dir='ltr'>τήν</span> <span class='ocrx_word' id='word_1_376' title='bbox 1595 3265 1871 3343; x_wconf 85' lang='grc' dir='ltr'>ἀκρίϐειαν</span> 
     </span>
    </p>
   </div>
   <div class='ocr_carea' id='block_1_65' title="bbox 1996 3237 3640 3346">
    <p class='ocr_par' dir='ltr' id='par_1_65' title="bbox 1996 3237 3640 3326">
     <span class='ocr_line' id='line_1_66' title="bbox 1996 3237 3640 3326; baseline 0.013 -35"><span class='ocrx_word' id='word_1_377' title='bbox 1996 3237 2211 3294; x_wconf 81' lang='lat' dir='ltr'>eisdem</span> <span class='ocrx_word' id='word_1_378' title='bbox 2241 3239 2314 3294; x_wconf 92' lang='lat' dir='ltr'>ob</span> <span class='ocrx_word' id='word_1_379' title='bbox 2350 3249 2614 3298; x_wconf 86' lang='lat' dir='ltr'>exactam</span> <span class='ocrx_word' id='word_1_380' title='bbox 2672 3245 3097 3304; x_wconf 88' lang='lat' dir='ltr'>abstinentiam</span> <span class='ocrx_word' id='word_1_381' title='bbox 3157 3267 3370 3309; x_wconf 89' lang='lat' dir='ltr'>exosus</span> <span class='ocrx_word' id='word_1_382' title='bbox 3425 3253 3640 3326; x_wconf 88' lang='lat' dir='ltr'>factus,</span> 
     </span>
    </p>
   </div>
   <div class='ocr_carea' id='block_1_66' title="bbox 233 3355 1874 3434">
    <p class='ocr_par' dir='ltr' id='par_1_66' title="bbox 233 3355 1874 3434">
     <span class='ocr_line' id='line_1_67' title="bbox 233 3355 1874 3434; baseline -0.001 -21"><span class='ocrx_word' id='word_1_383' title='bbox 233 3366 330 3428; x_wconf 78' lang='grc' dir='ltr'>τῆς</span> <span class='ocrx_word' id='word_1_384' title='bbox 381 3359 694 3434; x_wconf 74' lang='grc' dir='ltr'>ἐγκρατείας</span> <span class='ocrx_word' id='word_1_385' title='bbox 757 3360 1003 3432; x_wconf 77' lang='grc' dir='ltr'>μισηθεῖς</span> <span class='ocrx_word' id='word_1_386' title='bbox 1062 3361 1187 3428; x_wconf 79' lang='grc' dir='ltr'>παρ’</span> <span class='ocrx_word' id='word_1_387' title='bbox 1245 3358 1444 3428; x_wconf 77' lang='grc' dir='ltr'>αὐτῶν,</span> <span class='ocrx_word' id='word_1_388' title='bbox 1503 3355 1874 3428; x_wconf 80' lang='grc' dir='ltr'>ἐπεϐουλεύθη</span> 
     </span>
    </p>
   </div>
   <div class='ocr_carea' id='block_1_67' title="bbox 236 3443 1876 3527">
    <p class='ocr_par' dir='ltr' id='par_1_67' title="bbox 236 3443 1876 3527">
     <span class='ocr_line' id='line_1_68' title="bbox 236 3443 1876 3527; baseline -0.001 -25"><span class='ocrx_word' id='word_1_389' title='bbox 236 3445 564 3522; x_wconf 83' lang='grc' dir='ltr'>δηλητηρίῳ</span> <span class='ocrx_word' id='word_1_390' title='bbox 597 3450 896 3527; x_wconf 71' lang='grc' dir='ltr'>φαρμάκῳ.</span> <span class='ocrx_word' id='word_1_391' title='bbox 935 3449 1028 3503; x_wconf 85' lang='grc' dir='ltr'>Καὶ</span> <span class='ocrx_word' id='word_1_392' title='bbox 1066 3443 1250 3504; x_wconf 81' lang='grc' dir='ltr'>λαϐὼν</span> <span class='ocrx_word' id='word_1_393' title='bbox 1277 3449 1340 3503; x_wconf 87' lang='grc' dir='ltr'>τὸ</span> <span class='ocrx_word' id='word_1_394' title='bbox 1368 3449 1637 3520; x_wconf 66' lang='grc' dir='ltr'>ποτήριον</span> <span class='ocrx_word' id='word_1_395' title='bbox 1681 3446 1876 3525; x_wconf 65' lang='grc' dir='ltr'>ἐσφρά-</span> 
     </span>
    </p>
   </div>
   <div class='ocr_carea' id='block_1_68' title="bbox 233 3533 1877 3610">
    <p class='ocr_par' dir='ltr' id='par_1_68' title="bbox 233 3533 1877 3610">
     <span class='ocr_line' id='line_1_69' title="bbox 233 3533 1877 3610; baseline 0 -22"><span class='ocrx_word' id='word_1_396' title='bbox 233 3558 398 3610; x_wconf 83' lang='grc' dir='ltr'>γισεν,</span> <span class='ocrx_word' id='word_1_397' title='bbox 430 3539 518 3592; x_wconf 81' lang='grc' dir='ltr'>καὶ</span> <span class='ocrx_word' id='word_1_398' title='bbox 574 3535 798 3607; x_wconf 71' lang='grc' dir='ltr'>διελύθη</span> <span class='ocrx_word' id='word_1_399' title='bbox 860 3537 933 3600; x_wconf 85' lang='grc' dir='ltr'>ὠς</span> <span class='ocrx_word' id='word_1_400' title='bbox 997 3535 1133 3599; x_wconf 77' lang='grc' dir='ltr'>ἅλας</span> <span class='ocrx_word' id='word_1_401' title='bbox 1191 3537 1218 3591; x_wconf 77' lang='grc' dir='ltr'><strong>ὁ</strong></span> <span class='ocrx_word' id='word_1_402' title='bbox 1277 3534 1457 3598; x_wconf 75' lang='grc' dir='ltr'>ὕελος.</span> <span class='ocrx_word' id='word_1_403' title='bbox 1518 3537 1744 3592; x_wconf 83' lang='grc' dir='ltr'>Ἔπειτα</span> <span class='ocrx_word' id='word_1_404' title='bbox 1788 3533 1877 3589; x_wconf 77' lang='grc' dir='ltr'>καὶ</span> 
     </span>
    </p>
   </div>
   <div class='ocr_carea' id='block_1_69' title="bbox 238 3621 1878 3698">
    <p class='ocr_par' dir='ltr' id='par_1_69' title="bbox 238 3621 1878 3698">
     <span class='ocr_line' id='line_1_70' title="bbox 238 3621 1878 3698; baseline -0.001 -18"><span class='ocrx_word' id='word_1_405' title='bbox 238 3624 382 3680; x_wconf 71' lang='grc' dir='ltr'>ἄλλα</span> <span class='ocrx_word' id='word_1_406' title='bbox 413 3626 659 3698; x_wconf 69' lang='grc' dir='ltr'>θαύματα</span> <span class='ocrx_word' id='word_1_407' title='bbox 683 3625 915 3682; x_wconf 87' lang='grc' dir='ltr'>πλεῖστα</span> <span class='ocrx_word' id='word_1_408' title='bbox 972 3624 1212 3696; x_wconf 84' lang='grc' dir='ltr'>ἐποίησε.</span> <span class='ocrx_word' id='word_1_409' title='bbox 1270 3624 1583 3687; x_wconf 76' lang='grc' dir='ltr'>Μέλλοντος</span> <span class='ocrx_word' id='word_1_410' title='bbox 1643 3621 1700 3679; x_wconf 78' lang='grc' dir='ltr'>δὲ</span> <span class='ocrx_word' id='word_1_411' title='bbox 1741 3624 1878 3695; x_wconf 82' lang='grc' dir='ltr'>πρὸς</span> 
     </span>
    </p>
   </div>
   <div class='ocr_carea' id='block_1_70' title="bbox 237 3707 1878 3788">
    <p class='ocr_par' dir='ltr' id='par_1_70' title="bbox 237 3707 1878 3788">
     <span class='ocr_line' id='line_1_71' title="bbox 237 3707 1878 3788; baseline -0.003 -18"><span class='ocrx_word' id='word_1_412' title='bbox 237 3714 434 3786; x_wconf 65' lang='grc' dir='ltr'>Κῦριον</span> <span class='ocrx_word' id='word_1_413' title='bbox 473 3711 759 3788; x_wconf 75' lang='grc' dir='ltr'>ἐκδημεῖν,</span> <span class='ocrx_word' id='word_1_414' title='bbox 793 3714 1030 3788; x_wconf 83' lang='grc' dir='ltr'>μοναχοί</span> <span class='ocrx_word' id='word_1_415' title='bbox 1060 3733 1200 3774; x_wconf 90' lang='grc' dir='ltr'>τινες</span> <span class='ocrx_word' id='word_1_416' title='bbox 1241 3709 1336 3766; x_wconf 72' lang='grc' dir='ltr'>δύο</span> <span class='ocrx_word' id='word_1_417' title='bbox 1395 3707 1644 3774; x_wconf 79' lang='grc' dir='ltr'>εὐλαϐεῖς</span> <span class='ocrx_word' id='word_1_418' title='bbox 1694 3708 1878 3782; x_wconf 78' lang='grc' dir='ltr'>ἔδοξαν</span> 
     </span>
    </p>
   </div>
   <div class='ocr_carea' id='block_1_71' title="bbox 239 3802 1882 3877">
    <p class='ocr_par' dir='ltr' id='par_1_71' title="bbox 239 3802 1882 3877">
     <span class='ocr_line' id='line_1_72' title="bbox 239 3802 1882 3877; baseline -0.001 -21"><span class='ocrx_word' id='word_1_419' title='bbox 239 3805 356 3857; x_wconf 82' lang='grc' dir='ltr'>καθ’</span> <span class='ocrx_word' id='word_1_420' title='bbox 388 3803 588 3865; x_wconf 72' lang='grc' dir='ltr'>ὕπνους</span> <span class='ocrx_word' id='word_1_421' title='bbox 621 3802 753 3858; x_wconf 83' lang='grc' dir='ltr'>ἰδεῖν</span> <span class='ocrx_word' id='word_1_422' title='bbox 786 3802 909 3858; x_wconf 85' lang='grc' dir='ltr'>ὁδὸν</span> <span class='ocrx_word' id='word_1_423' title='bbox 955 3804 1090 3877; x_wconf 79' lang='grc' dir='ltr'>πρὸς</span> <span class='ocrx_word' id='word_1_424' title='bbox 1146 3802 1366 3876; x_wconf 73' lang='grc' dir='ltr'>οὐρανὸν</span> <span class='ocrx_word' id='word_1_425' title='bbox 1427 3803 1532 3856; x_wconf 86' lang='grc' dir='ltr'>ἀπὸ</span> <span class='ocrx_word' id='word_1_426' title='bbox 1587 3805 1691 3876; x_wconf 76' lang='grc' dir='ltr'>γῆς</span> <span class='ocrx_word' id='word_1_427' title='bbox 1752 3802 1882 3856; x_wconf 83' lang='grc' dir='ltr'>ἀνα-</span> 
     </span>
    </p>
   </div>
   <div class='ocr_carea' id='block_1_72' title="bbox 240 3891 1880 3969">
    <p class='ocr_par' dir='ltr' id='par_1_72' title="bbox 240 3891 1880 3969">
     <span class='ocr_line' id='line_1_73' title="bbox 240 3891 1880 3969; baseline -0.002 -21"><span class='ocrx_word' id='word_1_428' title='bbox 240 3897 525 3969; x_wconf 62' lang='grc' dir='ltr'>φέρουσαν,</span> <span class='ocrx_word' id='word_1_429' title='bbox 588 3894 1006 3966; x_wconf 68' lang='grc' dir='ltr'>ὑπεστρωμένην</span> <span class='ocrx_word' id='word_1_430' title='bbox 1084 3892 1330 3964; x_wconf 73' lang='grc' dir='ltr'>ἱματίοις</span> <span class='ocrx_word' id='word_1_431' title='bbox 1385 3891 1734 3958; x_wconf 71' lang='grc' dir='ltr'>πολυτελέσι,</span> <span class='ocrx_word' id='word_1_432' title='bbox 1791 3891 1880 3946; x_wconf 83' lang='grc' dir='ltr'>καὶ</span> 
     </span>
    </p>
   </div>
   <div class='ocr_carea' id='block_1_73' title="bbox 238 3979 1881 4056">
    <p class='ocr_par' dir='ltr' id='par_1_73' title="bbox 238 3979 1881 4056">
     <span class='ocr_line' id='line_1_74' title="bbox 238 3979 1881 4056; baseline -0.002 -18"><span class='ocrx_word' id='word_1_433' title='bbox 238 3982 531 4056; x_wconf 83' lang='grc' dir='ltr'>λαμπάδας</span> <span class='ocrx_word' id='word_1_434' title='bbox 593 3984 963 4054; x_wconf 75' lang='grc' dir='ltr'>ἀναπτομένας</span> <span class='ocrx_word' id='word_1_435' title='bbox 1019 3981 1345 4052; x_wconf 70' lang='grc' dir='ltr'>ἑκατέρωθεν</span> <span class='ocrx_word' id='word_1_436' title='bbox 1417 3988 1518 4051; x_wconf 78' lang='grc' dir='ltr'>τῆς</span> <span class='ocrx_word' id='word_1_437' title='bbox 1573 3979 1723 4038; x_wconf 76' lang='grc' dir='ltr'>ὁδοῦ.</span> <span class='ocrx_word' id='word_1_438' title='bbox 1785 3981 1881 4036; x_wconf 82' lang='grc' dir='ltr'>Καὶ</span> 
     </span>
    </p>
   </div>
   <div class='ocr_carea' id='block_1_74' title="bbox 238 4068 1884 4147">
    <p class='ocr_par' dir='ltr' id='par_1_74' title="bbox 238 4068 1884 4147">
     <span class='ocr_line' id='line_1_75' title="bbox 238 4068 1884 4147; baseline -0.002 -19"><span class='ocrx_word' id='word_1_439' title='bbox 238 4072 626 4147; x_wconf 71' lang='grc' dir='ltr'>ἐρωτήσαντες,</span> <span class='ocrx_word' id='word_1_440' title='bbox 712 4072 859 4134; x_wconf 88' lang='grc' dir='ltr'>τίνος</span> <span class='ocrx_word' id='word_1_441' title='bbox 945 4069 1084 4126; x_wconf 81' lang='grc' dir='ltr'>ἐστὶν</span> <span class='ocrx_word' id='word_1_442' title='bbox 1143 4072 1178 4140; x_wconf 75' lang='grc' dir='ltr'><strong>ἡ</strong></span> <span class='ocrx_word' id='word_1_443' title='bbox 1241 4068 1392 4134; x_wconf 80' lang='grc' dir='ltr'>ὁδὸς,</span> <span class='ocrx_word' id='word_1_444' title='bbox 1448 4070 1684 4139; x_wconf 70' lang='grc' dir='ltr'>ἤκουσαν</span> <span class='ocrx_word' id='word_1_445' title='bbox 1738 4073 1884 4144; x_wconf 72' lang='grc' dir='ltr'>παρὰ</span> 
     </span>
    </p>
   </div>
   <div class='ocr_carea' id='block_1_75' title="bbox 236 4157 1885 4240">
    <p class='ocr_par' dir='ltr' id='par_1_75' title="bbox 236 4157 1885 4240">
     <span class='ocr_line' id='line_1_76' title="bbox 236 4157 1885 4240; baseline -0.001 -24"><span class='ocrx_word' id='word_1_446' title='bbox 236 4161 571 4240; x_wconf 59' lang='grc' dir='ltr'>λευκοιρόρου</span> <span class='ocrx_word' id='word_1_447' title='bbox 602 4159 818 4234; x_wconf 82' lang='grc' dir='ltr'>ἀνδρὸς,</span> <span class='ocrx_word' id='word_1_448' title='bbox 846 4160 928 4215; x_wconf 79' lang='grc' dir='ltr'>ὅτι</span> <span class='ocrx_word' id='word_1_449' title='bbox 988 4159 1120 4230; x_wconf 65' lang='grc' dir='ltr'>αὕτη</span> <span class='ocrx_word' id='word_1_450' title='bbox 1182 4159 1322 4214; x_wconf 77' lang='grc' dir='ltr'>ἐστὶν</span> <span class='ocrx_word' id='word_1_451' title='bbox 1383 4162 1417 4229; x_wconf 82' lang='grc' dir='ltr'><strong>ἡ</strong></span> <span class='ocrx_word' id='word_1_452' title='bbox 1467 4157 1590 4222; x_wconf 80' lang='grc' dir='ltr'>ὁδὸς</span> <span class='ocrx_word' id='word_1_453' title='bbox 1642 4157 1885 4216; x_wconf 83' lang='grc' dir='ltr'>Βενεδίκ-</span> 
     </span>
    </p>
   </div>
   <div class='ocr_carea' id='block_1_76' title="bbox 237 4246 1882 4325">
    <p class='ocr_par' dir='ltr' id='par_1_76' title="bbox 237 4246 1882 4325">
     <span class='ocr_line' id='line_1_77' title="bbox 237 4246 1882 4325; baseline -0.001 -22"><span class='ocrx_word' id='word_1_454' title='bbox 237 4271 330 4304; x_wconf 68' lang='grc' dir='ltr'>του</span> <span class='ocrx_word' id='word_1_455' title='bbox 359 4255 454 4306; x_wconf 84' lang='lat'>106</span> <span class='ocrx_word' id='word_1_456' title='bbox 481 4250 882 4325; x_wconf 67' lang='grc' dir='ltr'>εὐλογημένου.</span> <span class='ocrx_word' id='word_1_457' title='bbox 945 4249 1048 4305; x_wconf 75' lang='grc' dir='ltr'>Καὶ</span> <span class='ocrx_word' id='word_1_458' title='bbox 1107 4246 1250 4302; x_wconf 66' lang='grc' dir='ltr'>οὕτω</span> <span class='ocrx_word' id='word_1_459' title='bbox 1297 4247 1607 4313; x_wconf 77' lang='grc' dir='ltr'>τελειωθεὶς</span> <span class='ocrx_word' id='word_1_460' title='bbox 1651 4246 1882 4318; x_wconf 83' lang='grc' dir='ltr'>ἀνῆλθεν</span> 
     </span>
    </p>
   </div>
   <div class='ocr_carea' id='block_1_77' title="bbox 242 4339 634 4416">
    <p class='ocr_par' dir='ltr' id='par_1_77' title="bbox 242 4339 634 4416">
     <span class='ocr_line' id='line_1_78' title="bbox 242 4339 634 4416; baseline 0.008 -22"><span class='ocrx_word' id='word_1_461' title='bbox 242 4339 311 4402; x_wconf 77' lang='grc' dir='ltr'>εἷς</span> <span class='ocrx_word' id='word_1_462' title='bbox 344 4339 608 4416; x_wconf 65' lang='grc' dir='ltr'>οὐρανούς</span> <span class='ocrx_word' id='word_1_463' title='bbox 622 4384 634 4397; x_wconf 93' lang='grc'>.</span> 
     </span>
    </p>
   </div>
   <div class='ocr_carea' id='block_1_78' title="bbox 243 4447 1889 4530">
    <p class='ocr_par' dir='ltr' id='par_1_78' title="bbox 243 4447 1889 4530">
     <span class='ocr_line' id='line_1_79' title="bbox 243 4447 1889 4530; baseline -0.004 -17"><span class='ocrx_word' id='word_1_464' title='bbox 243 4457 339 4514; x_wconf 81' lang='grc' dir='ltr'>Καὶ</span> <span class='ocrx_word' id='word_1_465' title='bbox 384 4459 577 4530; x_wconf 80' lang='grc' dir='ltr'>μνήμη</span> <span class='ocrx_word' id='word_1_466' title='bbox 635 4460 733 4510; x_wconf 89' lang='lat'>106</span> <span class='ocrx_word' id='word_1_467' title='bbox 793 4454 946 4510; x_wconf 80' lang='grc' dir='ltr'>ὁσίου</span> <span class='ocrx_word' id='word_1_468' title='bbox 1005 4447 1266 4530; x_wconf 70' lang='grc' dir='ltr'>Ἰακῴϐου</span> <span class='ocrx_word' id='word_1_469' title='bbox 1323 4456 1419 4509; x_wconf 85' lang='lat'>106</span> <span class='ocrx_word' id='word_1_470' title='bbox 1477 4451 1614 4508; x_wconf 82' lang='grc' dir='ltr'>Νὲου</span> <span class='ocrx_word' id='word_1_471' title='bbox 1677 4451 1889 4507; x_wconf 73' lang='grc' dir='ltr'>ἐπισκό-</span> 
     </span>
    </p>
   </div>
   <div class='ocr_carea' id='block_1_79' title="bbox 835 4525 1284 4602">
    <p class='ocr_par' dir='ltr' id='par_1_79' title="bbox 835 4525 1284 4602">
     <span class='ocr_line' id='line_1_80' title="bbox 835 4525 1284 4602; baseline 0 -21"><span class='ocrx_word' id='word_1_472' title='bbox 835 4548 938 4581; x_wconf 86' lang='grc' dir='ltr'>που</span> <span class='ocrx_word' id='word_1_473' title='bbox 968 4525 1284 4602; x_wconf 81' lang='grc' dir='ltr'>γεγονότος.</span> 
     </span>
    </p>
   </div>
   <div class='ocr_carea' id='block_1_80' title="bbox 309 4621 1958 4717">
    <p class='ocr_par' dir='ltr' id='par_1_80' title="bbox 309 4621 1958 4717">
     <span class='ocr_line' id='line_1_81' title="bbox 309 4621 1958 4717; baseline -0.004 -16"><span class='ocrx_word' id='word_1_474' title='bbox 309 4639 567 4707; x_wconf 84' lang='grc' dir='ltr'>Ἰάκωϐος</span> <span class='ocrx_word' id='word_1_475' title='bbox 601 4643 629 4699; x_wconf 82' lang='grc' dir='ltr'>ὀ</span> <span class='ocrx_word' id='word_1_476' title='bbox 670 4643 840 4714; x_wconf 78' lang='grc' dir='ltr'>ὅσιος,</span> <span class='ocrx_word' id='word_1_477' title='bbox 897 4642 948 4717; x_wconf 75' lang='grc' dir='ltr'>ἐξ</span> <span class='ocrx_word' id='word_1_478' title='bbox 1006 4643 1232 4699; x_wconf 81' lang='grc' dir='ltr'>ἁπαλῶν</span> <span class='ocrx_word' id='word_1_479' title='bbox 1289 4641 1504 4717; x_wconf 70' lang='grc' dir='ltr'>ὀνύχων</span> <span class='ocrx_word' id='word_1_480' title='bbox 1560 4641 1653 4698; x_wconf 87' lang='grc' dir='ltr'>τὸν</span> <span class='ocrx_word' id='word_1_481' title='bbox 1715 4640 1882 4712; x_wconf 85' lang='grc' dir='ltr'>ἁσκη-</span> <span class='ocrx_word' id='word_1_482' title='bbox 1916 4621 1958 4686; x_wconf 80' lang='lat' dir='ltr'><strong>D</strong></span> 
     </span>
    </p>
   </div>
   <div class='ocr_carea' id='block_1_81' title="bbox 243 4732 1884 4809">
    <p class='ocr_par' dir='ltr' id='par_1_81' title="bbox 243 4732 1884 4809">
     <span class='ocr_line' id='line_1_82' title="bbox 243 4732 1884 4809; baseline -0.002 -21"><span class='ocrx_word' id='word_1_483' title='bbox 243 4735 385 4788; x_wconf 75' lang='grc' dir='ltr'>τικὸν</span> <span class='ocrx_word' id='word_1_484' title='bbox 445 4733 711 4806; x_wconf 67' lang='grc' dir='ltr'>ἑλόμενος</span> <span class='ocrx_word' id='word_1_485' title='bbox 775 4734 916 4809; x_wconf 83' lang='grc' dir='ltr'>βίον,</span> <span class='ocrx_word' id='word_1_486' title='bbox 973 4732 1062 4788; x_wconf 82' lang='grc' dir='ltr'>καὶ</span> <span class='ocrx_word' id='word_1_487' title='bbox 1125 4733 1369 4806; x_wconf 87' lang='grc' dir='ltr'>μοναχὸς</span> <span class='ocrx_word' id='word_1_488' title='bbox 1425 4732 1741 4805; x_wconf 85' lang='grc' dir='ltr'>γενόμενος,</span> <span class='ocrx_word' id='word_1_489' title='bbox 1795 4732 1884 4786; x_wconf 84' lang='grc' dir='ltr'>καὶ</span> 
     </span>
    </p>
   </div>
   <div class='ocr_carea' id='block_1_82' title="bbox 245 4819 1884 4898">
    <p class='ocr_par' dir='ltr' id='par_1_82' title="bbox 245 4819 1884 4898">
     <span class='ocr_line' id='line_1_83' title="bbox 245 4819 1884 4898; baseline 0 -24"><span class='ocrx_word' id='word_1_490' title='bbox 245 4823 456 4894; x_wconf 75' lang='grc' dir='ltr'>νηστείᾳ</span> <span class='ocrx_word' id='word_1_491' title='bbox 513 4825 601 4878; x_wconf 82' lang='grc' dir='ltr'>καὶ</span> <span class='ocrx_word' id='word_1_492' title='bbox 662 4823 956 4898; x_wconf 78' lang='grc' dir='ltr'>ἀγρυπνίᾳ,</span> <span class='ocrx_word' id='word_1_493' title='bbox 1003 4822 1092 4877; x_wconf 77' lang='grc' dir='ltr'>καὶ</span> <span class='ocrx_word' id='word_1_494' title='bbox 1147 4825 1216 4895; x_wconf 80' lang='grc' dir='ltr'>τῇ</span> <span class='ocrx_word' id='word_1_495' title='bbox 1276 4820 1449 4892; x_wconf 83' lang='grc' dir='ltr'>λοιπῇ</span> <span class='ocrx_word' id='word_1_496' title='bbox 1529 4819 1884 4892; x_wconf 81' lang='grc' dir='ltr'>κακοπαθείᾳ,</span> 
     </span>
    </p>
   </div>
   <div class='ocr_carea' id='block_1_83' title="bbox 243 4911 1884 4989">
    <p class='ocr_par' dir='ltr' id='par_1_83' title="bbox 243 4911 1884 4989">
     <span class='ocr_line' id='line_1_84' title="bbox 243 4911 1884 4989; baseline -0.001 -24"><span class='ocrx_word' id='word_1_497' title='bbox 243 4917 307 4986; x_wconf 78' lang='grc' dir='ltr'>τῇ</span> <span class='ocrx_word' id='word_1_498' title='bbox 337 4934 395 4968; x_wconf 86' lang='grc' dir='ltr'>τε</span> <span class='ocrx_word' id='word_1_499' title='bbox 428 4913 629 4988; x_wconf 65' lang='grc' dir='ltr'>μελέτῃ</span> <span class='ocrx_word' id='word_1_500' title='bbox 667 4919 774 4967; x_wconf 84' lang='grc' dir='ltr'>τῶν</span> <span class='ocrx_word' id='word_1_501' title='bbox 817 4912 973 4968; x_wconf 85' lang='grc' dir='ltr'>θείων</span> <span class='ocrx_word' id='word_1_502' title='bbox 1033 4916 1276 4989; x_wconf 65' lang='grc' dir='ltr'>Γραφῶν,</span> <span class='ocrx_word' id='word_1_503' title='bbox 1335 4911 1426 4966; x_wconf 74' lang='grc' dir='ltr'>καὶ</span> <span class='ocrx_word' id='word_1_504' title='bbox 1480 4916 1598 4972; x_wconf 88' lang='grc' dir='ltr'>ταῖς</span> <span class='ocrx_word' id='word_1_505' title='bbox 1656 4915 1884 4985; x_wconf 78' lang='grc' dir='ltr'>συχναῖς</span> 
     </span>
    </p>
   </div>
   <div class='ocr_carea' id='block_1_84' title="bbox 244 4999 1889 5078">
    <p class='ocr_par' dir='ltr' id='par_1_84' title="bbox 244 4999 1889 5078">
     <span class='ocr_line' id='line_1_85' title="bbox 244 4999 1889 5078; baseline -0.001 -24"><span class='ocrx_word' id='word_1_506' title='bbox 244 5003 374 5074; x_wconf 82' lang='grc' dir='ltr'>πρὸς</span> <span class='ocrx_word' id='word_1_507' title='bbox 400 5003 528 5057; x_wconf 84' lang='grc' dir='ltr'>Θεὸν</span> <span class='ocrx_word' id='word_1_508' title='bbox 564 5003 754 5078; x_wconf 74' lang='grc' dir='ltr'>εὐχαῖς</span> <span class='ocrx_word' id='word_1_509' title='bbox 812 4999 1074 5076; x_wconf 80' lang='grc' dir='ltr'>πρότερον</span> <span class='ocrx_word' id='word_1_510' title='bbox 1136 5001 1322 5056; x_wconf 71' lang='grc' dir='ltr'>ἑαυτὸν</span> <span class='ocrx_word' id='word_1_511' title='bbox 1373 4999 1692 5072; x_wconf 76' lang='grc' dir='ltr'>ἐκκαθάρας.</span> <span class='ocrx_word' id='word_1_512' title='bbox 1744 5001 1889 5055; x_wconf 81' lang='grc' dir='ltr'>Μετά</span> 
     </span>
    </p>
   </div>
   <div class='ocr_carea' id='block_1_85' title="bbox 244 5088 1891 5162">
    <p class='ocr_par' dir='ltr' id='par_1_85' title="bbox 244 5088 1891 5162">
     <span class='ocr_line' id='line_1_86' title="bbox 244 5088 1891 5162; baseline -0.002 -16"><span class='ocrx_word' id='word_1_513' title='bbox 244 5097 406 5146; x_wconf 75' lang='grc' dir='ltr'>ταῦτα</span> <span class='ocrx_word' id='word_1_514' title='bbox 469 5095 566 5146; x_wconf 89' lang='lat'>106</span> <span class='ocrx_word' id='word_1_515' title='bbox 642 5093 999 5146; x_wconf 78' lang='grc' dir='ltr'>ἐπισκοπικοῦ</span> <span class='ocrx_word' id='word_1_516' title='bbox 1075 5090 1387 5162; x_wconf 78' lang='grc' dir='ltr'>ἀξιώματος</span> <span class='ocrx_word' id='word_1_517' title='bbox 1438 5088 1700 5158; x_wconf 81' lang='grc' dir='ltr'>ἀξιοῦται.</span> <span class='ocrx_word' id='word_1_518' title='bbox 1761 5089 1891 5144; x_wconf 72' lang='grc' dir='ltr'>Ἐπῗ</span> 
     </span>
    </p>
   </div>
   <div class='ocr_carea' id='block_1_86' title="bbox 244 5174 1891 5255">
    <p class='ocr_par' dir='ltr' id='par_1_86' title="bbox 244 5174 1891 5255">
     <span class='ocr_line' id='line_1_87' title="bbox 244 5174 1891 5255; baseline -0.002 -20"><span class='ocrx_word' id='word_1_519' title='bbox 244 5186 345 5235; x_wconf 82' lang='grc' dir='ltr'>τῶν</span> <span class='ocrx_word' id='word_1_520' title='bbox 375 5181 599 5255; x_wconf 81' lang='grc' dir='ltr'>χρόνων</span> <span class='ocrx_word' id='word_1_521' title='bbox 641 5178 700 5236; x_wconf 72' lang='grc' dir='ltr'>δὲ</span> <span class='ocrx_word' id='word_1_522' title='bbox 752 5185 860 5235; x_wconf 79' lang='grc' dir='ltr'>τῶν</span> <span class='ocrx_word' id='word_1_523' title='bbox 920 5174 1194 5234; x_wconf 81' lang='grc' dir='ltr'>δυσσεϐὧν</span> <span class='ocrx_word' id='word_1_524' title='bbox 1255 5177 1676 5253; x_wconf 82' lang='grc' dir='ltr'>Ε’κονομάχων,</span> <span class='ocrx_word' id='word_1_525' title='bbox 1724 5198 1891 5233; x_wconf 90' lang='grc' dir='ltr'>κατα-</span> 
     </span>
    </p>
   </div>
   <div class='ocr_carea' id='block_1_87' title="bbox 245 5266 1886 5345">
    <p class='ocr_par' dir='ltr' id='par_1_87' title="bbox 245 5266 1886 5345">
     <span class='ocr_line' id='line_1_88' title="bbox 245 5266 1886 5345; baseline -0.002 -21"><span class='ocrx_word' id='word_1_526' title='bbox 245 5270 558 5345; x_wconf 78' lang='grc' dir='ltr'>ναγκασθείς</span> <span class='ocrx_word' id='word_1_527' title='bbox 615 5271 705 5324; x_wconf 81' lang='grc' dir='ltr'>ὑπ’</span> <span class='ocrx_word' id='word_1_528' title='bbox 753 5269 968 5324; x_wconf 70' lang='grc' dir='ltr'>ἐκείνων</span> <span class='ocrx_word' id='word_1_529' title='bbox 1023 5269 1274 5336; x_wconf 85' lang='grc' dir='ltr'>πλεῖστα,</span> <span class='ocrx_word' id='word_1_530' title='bbox 1347 5267 1448 5335; x_wconf 76' lang='grc' dir='ltr'>τήν</span> <span class='ocrx_word' id='word_1_531' title='bbox 1523 5270 1631 5321; x_wconf 82' lang='grc' dir='ltr'>τῶν</span> <span class='ocrx_word' id='word_1_532' title='bbox 1717 5266 1886 5341; x_wconf 81' lang='grc' dir='ltr'>ἁγίων</span> 
     </span>
    </p>
   </div>
   <div class='ocr_carea' id='block_1_88' title="bbox 245 5355 1888 5432">
    <p class='ocr_par' dir='ltr' id='par_1_88' title="bbox 245 5355 1888 5432">
     <span class='ocr_line' id='line_1_89' title="bbox 245 5355 1888 5432; baseline -0.002 -19"><span class='ocrx_word' id='word_1_533' title='bbox 245 5362 328 5414; x_wconf 78' lang='grc' dir='ltr'>καὶ</span> <span class='ocrx_word' id='word_1_534' title='bbox 392 5365 596 5414; x_wconf 61' lang='lat' dir='ltr'>«nam</span> <span class='ocrx_word' id='word_1_535' title='bbox 655 5359 881 5414; x_wconf 78' lang='grc' dir='ltr'>εἰκόνων</span> <span class='ocrx_word' id='word_1_536' title='bbox 939 5358 1274 5432; x_wconf 67' lang='grc' dir='ltr'>ἀρνήσασθαι</span> <span class='ocrx_word' id='word_1_537' title='bbox 1348 5355 1740 5430; x_wconf 72' lang='grc' dir='ltr'>προσκῦνησιν,</span> <span class='ocrx_word' id='word_1_538' title='bbox 1800 5356 1888 5411; x_wconf 84' lang='grc' dir='ltr'>καὶ</span> 
     </span>
    </p>
   </div>
   <div class='ocr_carea' id='block_1_89' title="bbox 250 5449 1890 5525">
    <p class='ocr_par' dir='ltr' id='par_1_89' title="bbox 250 5449 1890 5525">
     <span class='ocr_line' id='line_1_90' title="bbox 250 5449 1890 5525; baseline 0 -21"><span class='ocrx_word' id='word_1_539' title='bbox 250 5452 320 5521; x_wconf 82' lang='grc' dir='ltr'>μή</span> <span class='ocrx_word' id='word_1_540' title='bbox 373 5452 631 5516; x_wconf 76' lang='grc' dir='ltr'>πεισθεὲς,</span> <span class='ocrx_word' id='word_1_541' title='bbox 679 5449 928 5512; x_wconf 78' lang='grc' dir='ltr'>πολλοὺς</span> <span class='ocrx_word' id='word_1_542' title='bbox 1021 5450 1358 5525; x_wconf 79' lang='grc' dir='ltr'>πειρασμοὺς</span> <span class='ocrx_word' id='word_1_543' title='bbox 1443 5450 1715 5520; x_wconf 69' lang='grc' dir='ltr'>ὑπέμεινε,</span> <span class='ocrx_word' id='word_1_544' title='bbox 1800 5450 1890 5504; x_wconf 83' lang='grc' dir='ltr'>καὶ</span> 
     </span>
    </p>
   </div>
   <div class='ocr_carea' id='block_1_90' title="bbox 245 5535 1890 5612">
    <p class='ocr_par' dir='ltr' id='par_1_90' title="bbox 245 5535 1890 5612">
     <span class='ocr_line' id='line_1_91' title="bbox 245 5535 1890 5612; baseline -0.001 -19"><span class='ocrx_word' id='word_1_545' title='bbox 245 5537 446 5611; x_wconf 67' lang='grc' dir='ltr'>ἰξορίας</span> <span class='ocrx_word' id='word_1_546' title='bbox 481 5537 830 5602; x_wconf 77' lang='grc' dir='ltr'>ἀνεικάστους</span> <span class='ocrx_word' id='word_1_547' title='bbox 883 5539 1110 5606; x_wconf 67' lang='grc' dir='ltr'>ὑπέστη,</span> <span class='ocrx_word' id='word_1_548' title='bbox 1169 5537 1260 5592; x_wconf 84' lang='grc' dir='ltr'>καὶ</span> <span class='ocrx_word' id='word_1_549' title='bbox 1317 5535 1507 5609; x_wconf 88' lang='grc' dir='ltr'>λιμὸν,</span> <span class='ocrx_word' id='word_1_550' title='bbox 1558 5537 1646 5592; x_wconf 80' lang='grc' dir='ltr'>καὶ</span> <span class='ocrx_word' id='word_1_551' title='bbox 1707 5535 1890 5612; x_wconf 84' lang='grc' dir='ltr'>δίψαν,</span> 
     </span>
    </p>
   </div>
   <div class='ocr_carea' id='block_1_91' title="bbox 237 5620 1896 5701">
    <p class='ocr_par' dir='ltr' id='par_1_91' title="bbox 237 5620 1896 5701">
     <span class='ocr_line' id='line_1_92' title="bbox 237 5620 1896 5701; baseline 0.001 -21"><span class='ocrx_word' id='word_1_552' title='bbox 237 5627 320 5681; x_wconf 79' lang='grc' dir='ltr'>καὶ</span> <span class='ocrx_word' id='word_1_553' title='bbox 350 5627 509 5701; x_wconf 80' lang='grc' dir='ltr'>’ἑτερα</span> <span class='ocrx_word' id='word_1_554' title='bbox 536 5626 785 5694; x_wconf 82' lang='grc' dir='ltr'>πλείονα,</span> <span class='ocrx_word' id='word_1_555' title='bbox 820 5627 959 5694; x_wconf 79' lang='grc' dir='ltr'>ἅπερ</span> <span class='ocrx_word' id='word_1_556' title='bbox 1015 5626 1090 5688; x_wconf 85' lang='grc' dir='ltr'>εἰς</span> <span class='ocrx_word' id='word_1_557' title='bbox 1130 5625 1289 5681; x_wconf 80' lang='grc' dir='ltr'>αὐτὸν</span> <span class='ocrx_word' id='word_1_558' title='bbox 1343 5626 1396 5680; x_wconf 68' lang='grc' dir='ltr'>οἱ</span> <span class='ocrx_word' id='word_1_559' title='bbox 1446 5620 1724 5689; x_wconf 85' lang='grc' dir='ltr'>δυσσεϐεῖς</span> <span class='ocrx_word' id='word_1_560' title='bbox 1769 5626 1896 5681; x_wconf 77' lang='grc' dir='ltr'>ἑπε-</span> 
     </span>
    </p>
   </div>
   <div class='ocr_carea' id='block_1_92' title="bbox 241 5708 1891 5789">
    <p class='ocr_par' dir='ltr' id='par_1_92' title="bbox 241 5708 1891 5789">
     <span class='ocr_line' id='line_1_93' title="bbox 241 5708 1891 5789; baseline 0.002 -25"><span class='ocrx_word' id='word_1_561' title='bbox 241 5713 417 5785; x_wconf 73' lang='grc' dir='ltr'>νόουν,</span> <span class='ocrx_word' id='word_1_562' title='bbox 451 5713 828 5789; x_wconf 68' lang='grc' dir='ltr'>ἐκαρτέρησεν.</span> <span class='ocrx_word' id='word_1_563' title='bbox 879 5714 1012 5770; x_wconf 78' lang='grc' dir='ltr'>Εἶτα</span> <span class='ocrx_word' id='word_1_564' title='bbox 1071 5710 1125 5766; x_wconf 75' lang='grc' dir='ltr'>ἐν</span> <span class='ocrx_word' id='word_1_565' title='bbox 1186 5710 1372 5774; x_wconf 81' lang='grc' dir='ltr'>αὐταῖς</span> <span class='ocrx_word' id='word_1_566' title='bbox 1427 5708 1666 5774; x_wconf 85' lang='grc' dir='ltr'>πολλαῖς</span> <span class='ocrx_word' id='word_1_567' title='bbox 1723 5711 1891 5784; x_wconf 79' lang='grc' dir='ltr'>βασά·</span> 
     </span>
    </p>
   </div>
   <div class='ocr_carea' id='block_1_93' title="bbox 507 5830 1234 5896">
    <p class='ocr_par' dir='ltr' id='par_1_93' title="bbox 507 5830 1234 5896">
     <span class='ocr_line' id='line_1_94' title="bbox 507 5830 1234 5896; baseline -0.008 0"><span class='ocrx_word' id='word_1_568' title='bbox 507 5835 777 5896; x_wconf 75' lang='grc' dir='ltr'>ΡΑτιιοι..</span> <span class='ocrx_word' id='word_1_569' title='bbox 841 5833 952 5894; x_wconf 73' lang='lat' dir='ltr'>Gn.</span> <span class='ocrx_word' id='word_1_570' title='bbox 1002 5830 1234 5893; x_wconf 78' lang='lat' dir='ltr'>CXVII.</span> 
     </span>
    </p>
   </div>
   <div class='ocr_carea' id='block_1_94' title="bbox 1985 3331 3640 3419">
    <p class='ocr_par' dir='ltr' id='par_1_94' title="bbox 1985 3331 3640 3419">
     <span class='ocr_line' id='line_1_95' title="bbox 1985 3331 3640 3419; baseline 0.012 -34"><span class='ocrx_word' id='word_1_571' title='bbox 1985 3331 2220 3386; x_wconf 90' lang='lat' dir='ltr'>insidiis</span> <span class='ocrx_word' id='word_1_572' title='bbox 2249 3339 2340 3388; x_wconf 89' lang='lat' dir='ltr'>est</span> <span class='ocrx_word' id='word_1_573' title='bbox 2369 3337 2700 3406; x_wconf 90' lang='lat' dir='ltr'>appetitus:</span> <span class='ocrx_word' id='word_1_574' title='bbox 2729 3339 2833 3395; x_wconf 89' lang='lat' dir='ltr'>sed</span> <span class='ocrx_word' id='word_1_575' title='bbox 2859 3342 3057 3398; x_wconf 90' lang='lat' dir='ltr'>oblata</span> <span class='ocrx_word' id='word_1_576' title='bbox 3077 3345 3345 3402; x_wconf 83' lang='lat' dir='ltr'>veneﬁca</span> <span class='ocrx_word' id='word_1_577' title='bbox 3375 3348 3640 3419; x_wconf 86' lang='lat' dir='ltr'>potione,</span> 
     </span>
    </p>
   </div>
   <div class='ocr_carea' id='block_1_95' title="bbox 1987 3431 3640 3510">
    <p class='ocr_par' dir='ltr' id='par_1_95' title="bbox 1987 3431 3640 3510">
     <span class='ocr_line' id='line_1_96' title="bbox 1987 3431 3640 3510; baseline 0.012 -32"><span class='ocrx_word' id='word_1_578' title='bbox 1987 3440 2122 3479; x_wconf 90' lang='lat' dir='ltr'>cum</span> <span class='ocrx_word' id='word_1_579' title='bbox 2155 3433 2463 3497; x_wconf 88' lang='lat' dir='ltr'>acceptum</span> <span class='ocrx_word' id='word_1_580' title='bbox 2500 3431 2780 3500; x_wconf 89' lang='lat' dir='ltr'>poculum</span> <span class='ocrx_word' id='word_1_581' title='bbox 2839 3435 3149 3504; x_wconf 71' lang='lat' dir='ltr'>signasset,</span> <span class='ocrx_word' id='word_1_582' title='bbox 3208 3439 3446 3510; x_wconf 87' lang='lat' dir='ltr'>vitrum,</span> <span class='ocrx_word' id='word_1_583' title='bbox 3497 3441 3640 3498; x_wconf 84' lang='lat' dir='ltr'>salis</span> 
     </span>
    </p>
   </div>
   <div class='ocr_carea' id='block_1_96' title="bbox 1988 3517 3639 3598">
    <p class='ocr_par' dir='ltr' id='par_1_96' title="bbox 1988 3517 3639 3598">
     <span class='ocr_line' id='line_1_97' title="bbox 1988 3517 3639 3598; baseline 0.012 -29"><span class='ocrx_word' id='word_1_584' title='bbox 1988 3517 2274 3583; x_wconf 84' lang='lat' dir='ltr'>adinstar,</span> <span class='ocrx_word' id='word_1_585' title='bbox 2309 3519 2568 3576; x_wconf 88' lang='lat' dir='ltr'>solutum</span> <span class='ocrx_word' id='word_1_586' title='bbox 2597 3521 2728 3579; x_wconf 87' lang='lat' dir='ltr'>fuit.</span> <span class='ocrx_word' id='word_1_587' title='bbox 2763 3525 2902 3579; x_wconf 89' lang='lat' dir='ltr'>Post</span> <span class='ocrx_word' id='word_1_588' title='bbox 2933 3533 2992 3581; x_wconf 92' lang='lat' dir='ltr'>et</span> <span class='ocrx_word' id='word_1_589' title='bbox 3023 3528 3279 3598; x_wconf 88' lang='lat' dir='ltr'>plurima</span> <span class='ocrx_word' id='word_1_590' title='bbox 3308 3531 3425 3588; x_wconf 90' lang='lat' dir='ltr'>alia</span> <span class='ocrx_word' id='word_1_591' title='bbox 3457 3534 3639 3588; x_wconf 86' lang='lat' dir='ltr'>mira-</span> 
     </span>
    </p>
   </div>
   <div class='ocr_carea' id='block_1_97' title="bbox 1988 3609 3642 3681">
    <p class='ocr_par' dir='ltr' id='par_1_97' title="bbox 1988 3609 3642 3681">
     <span class='ocr_line' id='line_1_98' title="bbox 1988 3609 3642 3681; baseline 0.01 -17"><span class='ocrx_word' id='word_1_592' title='bbox 1988 3609 2122 3664; x_wconf 92' lang='lat' dir='ltr'>cula</span> <span class='ocrx_word' id='word_1_593' title='bbox 2148 3612 2418 3680; x_wconf 90' lang='lat' dir='ltr'>patravit.</span> <span class='ocrx_word' id='word_1_594' title='bbox 2452 3613 2596 3667; x_wconf 91' lang='lat' dir='ltr'>Cum</span> <span class='ocrx_word' id='word_1_595' title='bbox 2625 3621 2822 3670; x_wconf 90' lang='lat' dir='ltr'>autem</span> <span class='ocrx_word' id='word_1_596' title='bbox 2855 3627 3011 3673; x_wconf 88' lang='lat' dir='ltr'>esset</span> <span class='ocrx_word' id='word_1_597' title='bbox 3035 3619 3109 3673; x_wconf 89' lang='lat' dir='ltr'>ad</span> <span class='ocrx_word' id='word_1_598' title='bbox 3166 3620 3480 3679; x_wconf 90' lang='lat' dir='ltr'>Dominum</span> <span class='ocrx_word' id='word_1_599' title='bbox 3529 3627 3642 3681; x_wconf 88' lang='lat' dir='ltr'>mi-</span> 
     </span>
    </p>
   </div>
   <div class='ocr_carea' id='block_1_98' title="bbox 1989 3701 3641 3776">
    <p class='ocr_par' dir='ltr' id='par_1_98' title="bbox 1989 3701 3641 3776">
     <span class='ocr_line' id='line_1_99' title="bbox 1989 3701 3641 3776; baseline 0.012 -23"><span class='ocrx_word' id='word_1_600' title='bbox 1989 3708 2283 3772; x_wconf 78' lang='lat' dir='ltr'>graturus,</span> <span class='ocrx_word' id='word_1_601' title='bbox 2321 3701 2437 3758; x_wconf 92' lang='lat' dir='ltr'>duo</span> <span class='ocrx_word' id='word_1_602' title='bbox 2469 3705 2728 3776; x_wconf 76' lang='lat' dir='ltr'>religiosi</span> <span class='ocrx_word' id='word_1_603' title='bbox 2762 3710 3039 3765; x_wconf 88' lang='lat' dir='ltr'>monachi</span> <span class='ocrx_word' id='word_1_604' title='bbox 3072 3712 3180 3766; x_wconf 91' lang='lat' dir='ltr'>visi</span> <span class='ocrx_word' id='word_1_605' title='bbox 3239 3721 3377 3769; x_wconf 91' lang='lat' dir='ltr'>sunt</span> <span class='ocrx_word' id='word_1_606' title='bbox 3426 3717 3536 3771; x_wconf 88' lang='lat' dir='ltr'>sibi</span> <span class='ocrx_word' id='word_1_607' title='bbox 3577 3718 3641 3774; x_wconf 90' lang='lat' dir='ltr'>in</span> 
     </span>
    </p>
   </div>
   <div class='ocr_carea' id='block_1_99' title="bbox 1993 3791 3644 3877">
    <p class='ocr_par' dir='ltr' id='par_1_99' title="bbox 1993 3791 3644 3877">
     <span class='ocr_line' id='line_1_100' title="bbox 1993 3791 3644 3877; baseline 0.011 -32"><span class='ocrx_word' id='word_1_608' title='bbox 1993 3791 2243 3856; x_wconf 84' lang='lat' dir='ltr'>somnis,</span> <span class='ocrx_word' id='word_1_609' title='bbox 2267 3793 2418 3847; x_wconf 87' lang='lat' dir='ltr'>viam</span> <span class='ocrx_word' id='word_1_610' title='bbox 2441 3794 2513 3848; x_wconf 90' lang='lat' dir='ltr'>ad</span> <span class='ocrx_word' id='word_1_611' title='bbox 2537 3796 2748 3850; x_wconf 67' lang='lat' dir='ltr'>malum</span> <span class='ocrx_word' id='word_1_612' title='bbox 2773 3813 2808 3852; x_wconf 91' lang='lat' dir='ltr'>a</span> <span class='ocrx_word' id='word_1_613' title='bbox 2831 3804 2984 3854; x_wconf 85' lang='lat' dir='ltr'>terra</span> <span class='ocrx_word' id='word_1_614' title='bbox 3001 3803 3341 3860; x_wconf 87' lang='lat' dir='ltr'>tendentem</span> <span class='ocrx_word' id='word_1_615' title='bbox 3366 3808 3644 3877; x_wconf 85' lang='lat' dir='ltr'>pretiosis</span> 
     </span>
    </p>
   </div>
   <div class='ocr_carea' id='block_1_100' title="bbox 1994 3879 3646 3966">
    <p class='ocr_par' dir='ltr' id='par_1_100' title="bbox 1994 3879 3646 3966">
     <span class='ocr_line' id='line_1_101' title="bbox 1994 3879 3646 3966; baseline 0.013 -34"><span class='ocrx_word' id='word_1_616' title='bbox 1994 3879 2353 3934; x_wconf 89' lang='lat' dir='ltr'>substratam</span> <span class='ocrx_word' id='word_1_617' title='bbox 2378 3881 2662 3952; x_wconf 87' lang='lat' dir='ltr'>palliis.et</span> <span class='ocrx_word' id='word_1_618' title='bbox 2682 3888 2948 3943; x_wconf 76' lang='lat' dir='ltr'>accensis</span> <span class='ocrx_word' id='word_1_619' title='bbox 2971 3891 3250 3962; x_wconf 90' lang='lat' dir='ltr'>utrinque</span> <span class='ocrx_word' id='word_1_620' title='bbox 3270 3894 3646 3966; x_wconf 90' lang='lat' dir='ltr'>lampadibus</span> 
     </span>
    </p>
   </div>
   <div class='ocr_carea' id='block_1_101' title="bbox 1995 3968 3644 4042">
    <p class='ocr_par' dir='ltr' id='par_1_101' title="bbox 1995 3968 3644 4042">
     <span class='ocr_line' id='line_1_102' title="bbox 1995 3968 3644 4042; baseline 0.013 -22"><span class='ocrx_word' id='word_1_621' title='bbox 1995 3968 2413 4038; x_wconf 87' lang='lat' dir='ltr'>splendentem</span> <span class='ocrx_word' id='word_1_622' title='bbox 2447 3987 2728 4028; x_wconf 88' lang='lat' dir='ltr'>cernere:</span> <span class='ocrx_word' id='word_1_623' title='bbox 2781 3976 3224 4036; x_wconf 90' lang='lat' dir='ltr'>sciscitantibus</span> <span class='ocrx_word' id='word_1_624' title='bbox 3273 3991 3491 4042; x_wconf 86' lang='lat' dir='ltr'>autem.</span> <span class='ocrx_word' id='word_1_625' title='bbox 3543 4002 3644 4041; x_wconf 88' lang='lat' dir='ltr'>cu-</span> 
     </span>
    </p>
   </div>
   <div class='ocr_carea' id='block_1_102' title="bbox 1984 4057 3645 4131">
    <p class='ocr_par' dir='ltr' id='par_1_102' title="bbox 1984 4057 3645 4131">
     <span class='ocr_line' id='line_1_103' title="bbox 1984 4057 3645 4131; baseline 0.014 -23"><span class='ocrx_word' id='word_1_626' title='bbox 1984 4057 2227 4127; x_wconf 89' lang='lat' dir='ltr'>jusnam</span> <span class='ocrx_word' id='word_1_627' title='bbox 2262 4065 2419 4112; x_wconf 89' lang='lat' dir='ltr'>esset</span> <span class='ocrx_word' id='word_1_628' title='bbox 2449 4076 2516 4114; x_wconf 91' lang='lat' dir='ltr'>ea</span> <span class='ocrx_word' id='word_1_629' title='bbox 2540 4061 2652 4129; x_wconf 91' lang='lat' dir='ltr'>via,</span> <span class='ocrx_word' id='word_1_630' title='bbox 2685 4063 2842 4119; x_wconf 91' lang='lat' dir='ltr'>visus</span> <span class='ocrx_word' id='word_1_631' title='bbox 2874 4072 2964 4120; x_wconf 91' lang='lat' dir='ltr'>est</span> <span class='ocrx_word' id='word_1_632' title='bbox 2993 4067 3076 4122; x_wconf 88' lang='lat' dir='ltr'>vir</span> <span class='ocrx_word' id='word_1_633' title='bbox 3118 4071 3371 4127; x_wconf 88' lang='lat' dir='ltr'>candido</span> <span class='ocrx_word' id='word_1_634' title='bbox 3424 4075 3645 4131; x_wconf 89' lang='lat' dir='ltr'>amictu</span> 
     </span>
    </p>
   </div>
   <div class='ocr_carea' id='block_1_103' title="bbox 1993 4152 3646 4222">
    <p class='ocr_par' dir='ltr' id='par_1_103' title="bbox 1993 4152 3646 4222">
     <span class='ocr_line' id='line_1_104' title="bbox 1993 4152 3646 4222; baseline 0.012 -18"><span class='ocrx_word' id='word_1_635' title='bbox 1993 4155 2238 4204; x_wconf 90' lang='lat' dir='ltr'>ornatus</span> <span class='ocrx_word' id='word_1_636' title='bbox 2267 4152 2682 4222; x_wconf 89' lang='lat' dir='ltr'>respondisse:</span> <span class='ocrx_word' id='word_1_637' title='bbox 2720 4156 2853 4212; x_wconf 70' lang='lat' dir='ltr'>Haac</span> <span class='ocrx_word' id='word_1_638' title='bbox 2901 4165 2991 4214; x_wconf 90' lang='lat' dir='ltr'>est</span> <span class='ocrx_word' id='word_1_639' title='bbox 3036 4161 3126 4216; x_wconf 87' lang='lat' dir='ltr'>via</span> <span class='ocrx_word' id='word_1_640' title='bbox 3179 4163 3502 4222; x_wconf 90' lang='lat' dir='ltr'>Benedicti.</span> <span class='ocrx_word' id='word_1_641' title='bbox 3549 4170 3646 4222; x_wconf 47' lang='lat' dir='ltr'>At.</span> 
     </span>
    </p>
   </div>
   <div class='ocr_carea' id='block_1_104' title="bbox 1993 4243 3642 4322">
    <p class='ocr_par' dir='ltr' id='par_1_104' title="bbox 1993 4243 3642 4322">
     <span class='ocr_line' id='line_1_105' title="bbox 1993 4243 3642 4322; baseline 0.013 -27"><span class='ocrx_word' id='word_1_642' title='bbox 1993 4258 2107 4312; x_wconf 88' lang='lat' dir='ltr'>que</span> <span class='ocrx_word' id='word_1_643' title='bbox 2128 4259 2234 4314; x_wconf 91' lang='lat' dir='ltr'>per</span> <span class='ocrx_word' id='word_1_644' title='bbox 2256 4243 2414 4299; x_wconf 88' lang='lat' dir='ltr'>hunc</span> <span class='ocrx_word' id='word_1_645' title='bbox 2446 4245 2689 4303; x_wconf 90' lang='lat' dir='ltr'>modum</span> <span class='ocrx_word' id='word_1_646' title='bbox 2712 4249 2829 4305; x_wconf 90' lang='lat' dir='ltr'>vita</span> <span class='ocrx_word' id='word_1_647' title='bbox 2845 4250 3108 4322; x_wconf 82' lang='lat' dir='ltr'>functus,</span> <span class='ocrx_word' id='word_1_648' title='bbox 3137 4255 3284 4312; x_wconf 89' lang='lat' dir='ltr'>abiit</span> <span class='ocrx_word' id='word_1_649' title='bbox 3312 4257 3374 4313; x_wconf 92' lang='lat' dir='ltr'>in</span> <span class='ocrx_word' id='word_1_650' title='bbox 3406 4259 3642 4317; x_wconf 71' lang='lat' dir='ltr'>coelum.</span> 
     </span>
    </p>
   </div>
   <div class='ocr_carea' id='block_1_105' title="bbox 2046 4437 3591 4524">
    <p class='ocr_par' dir='ltr' id='par_1_105' title="bbox 2046 4437 3591 4524">
     <span class='ocr_line' id='line_1_106' title="bbox 2046 4437 3591 4524; baseline 0.011 -34"><span class='ocrx_word' id='word_1_651' title='bbox 2046 4437 2116 4490; x_wconf 81' lang='lat' dir='ltr'>Et</span> <span class='ocrx_word' id='word_1_652' title='bbox 2141 4439 2585 4496; x_wconf 79' lang='lat' dir='ltr'>commemoratio</span> <span class='ocrx_word' id='word_1_653' title='bbox 2613 4443 2806 4500; x_wconf 74' lang='lat' dir='ltr'>sancti</span> <span class='ocrx_word' id='word_1_654' title='bbox 2829 4447 3024 4502; x_wconf 79' lang='lat' dir='ltr'>Jacobi</span> <span class='ocrx_word' id='word_1_655' title='bbox 3051 4449 3299 4505; x_wconf 81' lang='lat' dir='ltr'>Junioris</span> <span class='ocrx_word' id='word_1_656' title='bbox 3329 4451 3591 4524; x_wconf 80' lang='lat' dir='ltr'>episcopi.</span> 
     </span>
    </p>
   </div>
   <div class='ocr_carea' id='block_1_106' title="bbox 2059 4633 3649 4710">
    <p class='ocr_par' dir='ltr' id='par_1_106' title="bbox 2059 4633 3649 4710">
     <span class='ocr_line' id='line_1_107' title="bbox 2059 4633 3649 4710; baseline 0.011 -24"><span class='ocrx_word' id='word_1_657' title='bbox 2059 4633 2309 4689; x_wconf 84' lang='lat' dir='ltr'>Jacobus</span> <span class='ocrx_word' id='word_1_658' title='bbox 2341 4651 2410 4690; x_wconf 92' lang='lat' dir='ltr'>ex</span> <span class='ocrx_word' id='word_1_659' title='bbox 2442 4638 2662 4692; x_wconf 90' lang='lat' dir='ltr'>teneris</span> <span class='ocrx_word' id='word_1_660' title='bbox 2713 4641 3048 4710; x_wconf 84' lang='lat' dir='ltr'>unguiculis</span> <span class='ocrx_word' id='word_1_661' title='bbox 3097 4644 3413 4700; x_wconf 89' lang='lat' dir='ltr'>asceticam</span> <span class='ocrx_word' id='word_1_662' title='bbox 3468 4647 3649 4705; x_wconf 88' lang='lat' dir='ltr'>vitam</span> 
     </span>
    </p>
   </div>
   <div class='ocr_carea' id='block_1_107' title="bbox 1995 4721 3651 4811">
    <p class='ocr_par' dir='ltr' id='par_1_107' title="bbox 1995 4721 3651 4811">
     <span class='ocr_line' id='line_1_108' title="bbox 1995 4721 3651 4811; baseline 0.012 -35"><span class='ocrx_word' id='word_1_663' title='bbox 1995 4721 2172 4796; x_wconf 80' lang='lat' dir='ltr'>elegit</span> <span class='ocrx_word' id='word_1_664' title='bbox 2199 4740 2212 4778; x_wconf 90' lang='lat'>:</span> <span class='ocrx_word' id='word_1_665' title='bbox 2245 4741 2312 4779; x_wconf 90' lang='lat' dir='ltr'>ac</span> <span class='ocrx_word' id='word_1_666' title='bbox 2337 4727 2664 4782; x_wconf 88' lang='lat' dir='ltr'>monachus</span> <span class='ocrx_word' id='word_1_667' title='bbox 2696 4729 2908 4798; x_wconf 80' lang='lat' dir='ltr'>factus,</span> <span class='ocrx_word' id='word_1_668' title='bbox 2941 4732 3198 4802; x_wconf 90' lang='lat' dir='ltr'>primum</span> <span class='ocrx_word' id='word_1_669' title='bbox 3224 4735 3464 4807; x_wconf 87' lang='lat' dir='ltr'>quidem</span> <span class='ocrx_word' id='word_1_670' title='bbox 3489 4741 3651 4811; x_wconf 72' lang='lat' dir='ltr'>Jeju-</span> 
     </span>
    </p>
   </div>
   <div class='ocr_carea' id='block_1_108' title="bbox 1995 4813 3649 4901">
    <p class='ocr_par' dir='ltr' id='par_1_108' title="bbox 1995 4813 3649 4901">
     <span class='ocr_line' id='line_1_109' title="bbox 1995 4813 3649 4901; baseline 0.012 -35"><span class='ocrx_word' id='word_1_671' title='bbox 1995 4813 2132 4879; x_wconf 90' lang='lat' dir='ltr'>niis,</span> <span class='ocrx_word' id='word_1_672' title='bbox 2167 4813 2399 4886; x_wconf 78' lang='lat' dir='ltr'>vigiliis,</span> <span class='ocrx_word' id='word_1_673' title='bbox 2430 4823 2607 4886; x_wconf 81' lang='lat' dir='ltr'>atque</span> <span class='ocrx_word' id='word_1_674' title='bbox 2639 4817 2771 4872; x_wconf 86' lang='lat' dir='ltr'>aliis</span> <span class='ocrx_word' id='word_1_675' title='bbox 2805 4821 3315 4886; x_wconf 77' lang='lat' dir='ltr'>afﬂictaliouibus,</span> <span class='ocrx_word' id='word_1_676' title='bbox 3348 4843 3416 4883; x_wconf 89' lang='lat' dir='ltr'>ac</span> <span class='ocrx_word' id='word_1_677' title='bbox 3465 4831 3649 4901; x_wconf 81' lang='lat' dir='ltr'>potis-</span> 
     </span>
    </p>
   </div>
   <div class='ocr_carea' id='block_1_109' title="bbox 1997 4905 3656 4985">
    <p class='ocr_par' dir='ltr' id='par_1_109' title="bbox 1997 4905 3656 4985">
     <span class='ocr_line' id='line_1_110' title="bbox 1997 4905 3656 4985; baseline 0.013 -28"><span class='ocrx_word' id='word_1_678' title='bbox 1997 4905 2215 4958; x_wconf 92' lang='lat' dir='ltr'>simum</span> <span class='ocrx_word' id='word_1_679' title='bbox 2249 4922 2550 4961; x_wconf 89' lang='lat' dir='ltr'>sacrarum</span> <span class='ocrx_word' id='word_1_680' title='bbox 2585 4908 3023 4981; x_wconf 68' lang='lat' dir='ltr'>Scriptararum</span> <span class='ocrx_word' id='word_1_681' title='bbox 3052 4917 3564 4985; x_wconf 78' lang='lat' dir='ltr'>meditationibus,</span> <span class='ocrx_word' id='word_1_682' title='bbox 3596 4927 3656 4977; x_wconf 84' lang='lat' dir='ltr'>et</span> 
     </span>
    </p>
   </div>
   <div class='ocr_carea' id='block_1_110' title="bbox 1998 4998 3653 5087">
    <p class='ocr_par' dir='ltr' id='par_1_110' title="bbox 1998 4998 3653 5087">
     <span class='ocr_line' id='line_1_111' title="bbox 1998 4998 3653 5087; baseline 0.014 -37"><span class='ocrx_word' id='word_1_683' title='bbox 1998 4998 2300 5052; x_wconf 89' lang='lat' dir='ltr'>continuis</span> <span class='ocrx_word' id='word_1_684' title='bbox 2329 4999 2402 5054; x_wconf 90' lang='lat' dir='ltr'>ad</span> <span class='ocrx_word' id='word_1_685' title='bbox 2437 5001 2619 5055; x_wconf 88' lang='lat' dir='ltr'>Deum</span> <span class='ocrx_word' id='word_1_686' title='bbox 2653 5005 2926 5073; x_wconf 91' lang='lat' dir='ltr'>precibus</span> <span class='ocrx_word' id='word_1_687' title='bbox 2967 5008 3230 5079; x_wconf 91' lang='lat' dir='ltr'>seipsum</span> <span class='ocrx_word' id='word_1_688' title='bbox 3267 5015 3653 5087; x_wconf 85' lang='lat' dir='ltr'>expurgavit:</span> 
     </span>
    </p>
   </div>
   <div class='ocr_carea' id='block_1_111' title="bbox 1996 5087 3654 5168">
    <p class='ocr_par' dir='ltr' id='par_1_111' title="bbox 1996 5087 3654 5168">
     <span class='ocr_line' id='line_1_112' title="bbox 1996 5087 3654 5168; baseline 0.014 -29"><span class='ocrx_word' id='word_1_689' title='bbox 1996 5101 2134 5140; x_wconf 88' lang='lat' dir='ltr'>mox</span> <span class='ocrx_word' id='word_1_690' title='bbox 2165 5103 2298 5139; x_wconf 88' lang='lat' dir='ltr'>vero</span> <span class='ocrx_word' id='word_1_691' title='bbox 2332 5087 2405 5141; x_wconf 90' lang='lat' dir='ltr'>ad</span> <span class='ocrx_word' id='word_1_692' title='bbox 2437 5087 2784 5160; x_wconf 81' lang='lat' dir='ltr'>dignitatem</span> <span class='ocrx_word' id='word_1_693' title='bbox 2819 5093 3220 5168; x_wconf 88' lang='lat' dir='ltr'>episcopalem</span> <span class='ocrx_word' id='word_1_694' title='bbox 3249 5106 3335 5154; x_wconf 82' lang='lat' dir='ltr'>est</span> <span class='ocrx_word' id='word_1_695' title='bbox 3371 5102 3654 5162; x_wconf 88' lang='lat' dir='ltr'>elevatus.</span> 
     </span>
    </p>
   </div>
   <div class='ocr_carea' id='block_1_112' title="bbox 1999 5177 3657 5266">
    <p class='ocr_par' dir='ltr' id='par_1_112' title="bbox 1999 5177 3657 5266">
     <span class='ocr_line' id='line_1_113' title="bbox 1999 5177 3657 5266; baseline 0.012 -34"><span class='ocrx_word' id='word_1_696' title='bbox 1999 5177 2112 5232; x_wconf 92' lang='lat' dir='ltr'>Sed</span> <span class='ocrx_word' id='word_1_697' title='bbox 2157 5194 2291 5232; x_wconf 91' lang='lat' dir='ltr'>cum</span> <span class='ocrx_word' id='word_1_698' title='bbox 2341 5179 2660 5251; x_wconf 88' lang='lat' dir='ltr'>impiorum</span> <span class='ocrx_word' id='word_1_699' title='bbox 2713 5185 3241 5246; x_wconf 87' lang='lat' dir='ltr'>Iconomachorum</span> <span class='ocrx_word' id='word_1_700' title='bbox 3291 5195 3657 5266; x_wconf 89' lang='lat' dir='ltr'>temporibus</span> 
     </span>
    </p>
   </div>
   <div class='ocr_carea' id='block_1_113' title="bbox 2003 5268 3659 5350">
    <p class='ocr_par' dir='ltr' id='par_1_113' title="bbox 2003 5268 3659 5350">
     <span class='ocr_line' id='line_1_114' title="bbox 2003 5268 3659 5350; baseline 0.013 -28"><span class='ocrx_word' id='word_1_701' title='bbox 2003 5268 2356 5324; x_wconf 90' lang='lat' dir='ltr'>sollicitatus</span> <span class='ocrx_word' id='word_1_702' title='bbox 2388 5272 2711 5342; x_wconf 91' lang='lat' dir='ltr'>plurimum</span> <span class='ocrx_word' id='word_1_703' title='bbox 2745 5275 2818 5331; x_wconf 90' lang='lat' dir='ltr'>ab</span> <span class='ocrx_word' id='word_1_704' title='bbox 2851 5278 2925 5333; x_wconf 90' lang='lat' dir='ltr'>iis</span> <span class='ocrx_word' id='word_1_705' title='bbox 2956 5279 3186 5350; x_wconf 75' lang='lat' dir='ltr'>fuisset,</span> <span class='ocrx_word' id='word_1_706' title='bbox 3219 5289 3284 5338; x_wconf 89' lang='lat' dir='ltr'>ut</span> <span class='ocrx_word' id='word_1_707' title='bbox 3313 5285 3538 5342; x_wconf 92' lang='lat' dir='ltr'>cultum</span> <span class='ocrx_word' id='word_1_708' title='bbox 3563 5304 3659 5344; x_wconf 87' lang='lat' dir='ltr'>sa-</span> 
     </span>
    </p>
   </div>
   <div class='ocr_carea' id='block_1_114' title="bbox 2001 5366 3655 5451">
    <p class='ocr_par' dir='ltr' id='par_1_114' title="bbox 2001 5366 3655 5451">
     <span class='ocr_line' id='line_1_115' title="bbox 2001 5366 3655 5451; baseline 0.014 -39"><span class='ocrx_word' id='word_1_709' title='bbox 2001 5375 2238 5416; x_wconf 89' lang='lat' dir='ltr'>crarum</span> <span class='ocrx_word' id='word_1_710' title='bbox 2297 5367 2356 5416; x_wconf 90' lang='lat' dir='ltr'>et</span> <span class='ocrx_word' id='word_1_711' title='bbox 2409 5366 2882 5423; x_wconf 89' lang='lat' dir='ltr'>venerandarum</span> <span class='ocrx_word' id='word_1_712' title='bbox 2943 5370 3269 5444; x_wconf 87' lang='lat' dir='ltr'>imaginum</span> <span class='ocrx_word' id='word_1_713' title='bbox 3311 5375 3655 5451; x_wconf 83' lang='lat' dir='ltr'>abnegaret,</span> 
     </span>
    </p>
   </div>
   <div class='ocr_carea' id='block_1_115' title="bbox 2003 5450 3660 5525">
    <p class='ocr_par' dir='ltr' id='par_1_115' title="bbox 2003 5450 3660 5525">
     <span class='ocr_line' id='line_1_116' title="bbox 2003 5450 3660 5525; baseline 0.013 -21"><span class='ocrx_word' id='word_1_714' title='bbox 2003 5450 2182 5522; x_wconf 89' lang='lat' dir='ltr'>idque</span> <span class='ocrx_word' id='word_1_715' title='bbox 2215 5451 2407 5508; x_wconf 81' lang='lat' dir='ltr'>facere</span> <span class='ocrx_word' id='word_1_716' title='bbox 2440 5453 2844 5518; x_wconf 86' lang='lat' dir='ltr'>detrectasset.</span> <span class='ocrx_word' id='word_1_717' title='bbox 2882 5462 3100 5517; x_wconf 81' lang='lat' dir='ltr'>multas</span> <span class='ocrx_word' id='word_1_718' title='bbox 3127 5464 3342 5521; x_wconf 87' lang='lat' dir='ltr'>subivit</span> <span class='ocrx_word' id='word_1_719' title='bbox 3381 5450 3660 5525; x_wconf 83' lang='lat' dir='ltr'>tentatio-</span> 
     </span>
    </p>
   </div>
   <div class='ocr_carea' id='block_1_116' title="bbox 2003 5543 3660 5628">
    <p class='ocr_par' dir='ltr' id='par_1_116' title="bbox 2003 5543 3660 5628">
     <span class='ocr_line' id='line_1_117' title="bbox 2003 5543 3660 5628; baseline 0.011 -32"><span class='ocrx_word' id='word_1_720' title='bbox 2003 5543 2540 5609; x_wconf 89' lang='lat' dir='ltr'>nes,intolerabilia</span> <span class='ocrx_word' id='word_1_721' title='bbox 2562 5564 2771 5617; x_wconf 91' lang='lat' dir='ltr'>passus</span> <span class='ocrx_word' id='word_1_722' title='bbox 2794 5552 3021 5615; x_wconf 77' lang='lat' dir='ltr'>exsilia.</span> <span class='ocrx_word' id='word_1_723' title='bbox 3046 5554 3356 5620; x_wconf 84' lang='lat' dir='ltr'>etfamem.</span> <span class='ocrx_word' id='word_1_724' title='bbox 3391 5565 3450 5614; x_wconf 88' lang='lat' dir='ltr'>et</span> <span class='ocrx_word' id='word_1_725' title='bbox 3477 5561 3660 5628; x_wconf 79' lang='lat' dir='ltr'>sitim,</span> 
     </span>
    </p>
   </div>
   <div class='ocr_carea' id='block_1_117' title="bbox 2003 5631 3658 5716">
    <p class='ocr_par' dir='ltr' id='par_1_117' title="bbox 2003 5631 3658 5716">
     <span class='ocr_line' id='line_1_118' title="bbox 2003 5631 3658 5716; baseline 0.008 -32"><span class='ocrx_word' id='word_1_726' title='bbox 2003 5636 2062 5685; x_wconf 90' lang='lat' dir='ltr'>et</span> <span class='ocrx_word' id='word_1_727' title='bbox 2089 5631 2209 5687; x_wconf 88' lang='lat' dir='ltr'>alia</span> <span class='ocrx_word' id='word_1_728' title='bbox 2238 5632 2519 5703; x_wconf 87' lang='lat' dir='ltr'>plurima,</span> <span class='ocrx_word' id='word_1_729' title='bbox 2555 5652 2685 5705; x_wconf 68' lang='lat' dir='ltr'>quas</span> <span class='ocrx_word' id='word_1_730' title='bbox 2717 5637 2998 5694; x_wconf 89' lang='lat' dir='ltr'>adversus</span> <span class='ocrx_word' id='word_1_731' title='bbox 3051 5657 3186 5695; x_wconf 90' lang='lat' dir='ltr'>eum</span> <span class='ocrx_word' id='word_1_732' title='bbox 3231 5643 3400 5716; x_wconf 91' lang='lat' dir='ltr'>impii</span> <span class='ocrx_word' id='word_1_733' title='bbox 3459 5647 3658 5701; x_wconf 89' lang='lat' dir='ltr'>animo</span> 
     </span>
    </p>
   </div>
   <div class='ocr_carea' id='block_1_118' title="bbox 2003 5719 3664 5804">
    <p class='ocr_par' dir='ltr' id='par_1_118' title="bbox 2003 5719 3664 5804">
     <span class='ocr_line' id='line_1_119' title="bbox 2003 5719 3664 5804; baseline 0.006 -30"><span class='ocrx_word' id='word_1_734' title='bbox 2003 5719 2442 5792; x_wconf 89' lang='lat' dir='ltr'>concipiebant.</span> <span class='ocrx_word' id='word_1_735' title='bbox 2478 5721 2784 5779; x_wconf 89' lang='lat' dir='ltr'>Postremo</span> <span class='ocrx_word' id='word_1_736' title='bbox 2819 5725 2910 5782; x_wconf 90' lang='lat' dir='ltr'>his</span> <span class='ocrx_word' id='word_1_737' title='bbox 2943 5727 3196 5797; x_wconf 90' lang='lat' dir='ltr'>aliisque</span> <span class='ocrx_word' id='word_1_738' title='bbox 3221 5733 3451 5804; x_wconf 89' lang='lat' dir='ltr'>multis,</span> <span class='ocrx_word' id='word_1_739' title='bbox 3479 5738 3539 5787; x_wconf 86' lang='lat' dir='ltr'>et</span> <span class='ocrx_word' id='word_1_740' title='bbox 3564 5745 3664 5785; x_wconf 86' lang='lat' dir='ltr'>va-</span> 
     </span>
    </p>
   </div>
   <div class='ocr_carea' id='block_1_119' title="bbox 3297 5848 3373 5907">
    <p class='ocr_par' dir='ltr' id='par_1_119' title="bbox 3297 5848 3373 5907">
     <span class='ocr_line' id='line_1_120' title="bbox 3297 5848 3373 5907; baseline 0.026 -2"><span class='ocrx_word' id='word_1_741' title='bbox 3297 5848 3373 5907; x_wconf 67' lang='grc'>12</span> 
     </span>
    </p>
   </div>
  </div>
