4158 6310
506 378 622 452 363

1825 363 2246 429 MENOLOGH
2295 364 2498 428 PARS
2541 365 2647 428 ΠΙ.

3800 371 3902 446 ωδ

505 513 612 568 riis
646 509 979 570 tormentis,
1013 512 1071 562 et
1098 506 1583 563 afﬂictationibus
1625 504 1881 571 attritus,
1913 501 2149 556 beatam

2275 518 2400 567 νοις,
2432 496 2524 552 καὶ
2569 503 2689 559 τοῖς
2748 494 3031 572 διαφόροις
3089 505 3439 572 πειρασμοῖς,
3491 502 3592 570 τὴν
3653 501 3902 576 μακαρίαν

509 604 772 658 animam
805 617 970 654 suam
1004 599 1063 653 in
1096 615 1308 652 manus
1342 597 1440 652 Dei
1471 597 1572 652 24
1609 595 1872 655 tradidit.
1900 612 2005 666 pro
2037 611 2153 665 quo

511 709 644 748 cum
677 707 866 762 usque
895 689 967 744 ad
995 696 1245 745 mortem
1300 703 1585 761 generose
1631 686 2014 750 decertasset,
2065 702 2155 740 re-

509 798 689 856 gnum
722 781 959 836 cmleste
1002 786 1329 847 assecutus,
1389 795 1524 833 cum
1580 777 1684 833 illo
1751 776 1815 832 in
1868 781 2158 831 internum

511 870 788 926 exsultat.

570 1025 644 1080 Et
673 1024 1113 1078 commemoratio
1143 1023 1317 1078 sancti
1346 1021 1554 1091 Berylli
1583 1019 1828 1091 episcopi
1853 1019 2096 1076 Catane.

581 1183 830 1238 Sanctus
861 1183 1034 1237 Pater
1064 1186 1268 1236 noster
1298 1180 1564 1251 Beryllus
1596 1196 1666 1234 ex
1695 1177 2012 1234 Antiochia
2058 1175 2162 1248 Sy-

509 1273 615 1329 riae
673 1271 981 1338 oriundus,
1042 1271 1231 1326 sancti
1288 1271 1448 1326 Petri
1503 1269 1757 1341 apostoli
1834 1265 2164 1337 discipulus

507 1363 797 1427 factus,ab
823 1379 889 1417 eo
912 1363 1226 1434 episcopus
1249 1363 1482 1417 Catanze
1515 1361 1575 1415 in
1608 1359 1807 1415 Sicilia
1854 1358 2164 1413 ordinatus

508 1453 731 1518 est.Qui
756 1469 891 1508 cum
913 1452 1197 1524 praeclare
1219 1468 1455 1526 gregem
1481 1451 1750 1508 rexisset.
1775 1455 1834 1504 et
1853 1449 1914 1503 in
1946 1461 2166 1520 pascua

507 1542 794 1598 salutaria
824 1541 1190 1605 deduxisset,
1223 1539 1565 1610 multosque
1595 1555 1665 1593 ex
1715 1535 2059 1592 infidelibus
2090 1533 2164 1590 ad

507 1629 723 1686 Christi
759 1630 938 1685 ﬁdem
970 1629 1337 1695 adduxisset,
1372 1629 1528 1684 dono
1557 1628 1953 1700 plurimorum
1981 1624 2162 1679 mira-

512 1721 784 1776 culorum
818 1721 1028 1793 dignus
1057 1721 1301 1776 effectus
1335 1725 1442 1783 est,
1476 1717 1804 1789 exquibus
1851 1732 2039 1771 unum
2070 1714 2166 1769 hic

511 1811 970 1866 commemorari
990 1815 1238 1881 oportet.
1273 1810 1428 1863 Fons
1451 1813 1577 1862 erat
1593 1807 1750 1861 circa
1769 1805 1941 1860 illum
1969 1803 2165 1858 locum

513 1901 949 1956 amarissimam
976 1900 1202 1954 habens
1231 1915 1468 1970 aquam,
1505 1914 1682 1970 quam
1711 1896 1859 1952 fusis
1882 1895 1954 1952 ad
1983 1896 2164 1950 Deum

508 1991 784 2062 precibus
806 1990 868 2045 in
889 1989 1122 2045 dulcem
1146 1995 1349 2060 potum
1373 1986 1806 2043 transmutavit.
1837 1985 2002 2051 Quod
2028 2001 2164 2040 cum

505 2079 752 2134 vidisset
782 2077 1025 2150 quidam
1058 2079 1293 2133 Graecus
1344 2076 1696 2132 idololatrias
1743 2075 2031 2130 acerrime
2059 2073 2165 2128 ad-

505 2168 720 2236 dictus,
754 2169 987 2223 Christo
1007 2167 1280 2232 credidit,
1308 2172 1366 2221 et
1390 2184 1524 2222 cum
1549 2182 1616 2221 eo
1640 2165 1843 2237 plures
1863 2164 1984 2220 alii.
2019 2168 2162 2218 Cum

504 2274 641 2312 vero
675 2257 813 2320 alia.
848 2274 1036 2328 eaque
1070 2273 1190 2311 non
1222 2273 1410 2328 pauca
1433 2255 1718 2310 miracula
1740 2258 2160 2326 perpetrasset,

508 2351 566 2402 et
595 2345 668 2400 ad
702 2346 1059 2418 profundam
1089 2351 1456 2400 senectutem
1511 2343 1897 2416 pervenisset,
1945 2341 2017 2397 ad
2050 2343 2165 2396 Do-

507 2436 736 2492 minum
769 2435 1058 2508 migravit,
1091 2441 1374 2490 aaternam
1397 2433 1469 2489 ab
1493 2449 1561 2489 eo
1587 2434 1764 2488 vitam
1787 2437 2161 2488 consecutus.

506 2527 585 2581 At
613 2524 979 2580 venerabiles
1010 2525 1138 2595 ejus
1165 2523 1434 2594 reliquias
1467 2525 1530 2577 in
1580 2522 1683 2577 illa
1730 2521 1931 2576 insula
1975 2521 2162 2576 hono-

509 2614 675 2668 rifice
708 2615 984 2680 conditas,
1019 2613 1318 2680 omnibus,
1375 2614 1476 2683 qui
1528 2629 1663 2668 cum
1718 2611 1832 2666 {ide
1883 2611 1958 2666 ad
2004 2611 2164 2682 ipsas

505 2703 816 2768 accedunt,
849 2703 1166 2759 sanitatem
1228 2719 1420 2774 usque
1477 2703 1539 2757 in
1597 2701 1956 2757 hodiernum
2005 2699 2165 2756 diem

507 2792 848 2848 conferunt.

1062 2873 1304 2928 EODEM
1346 2871 1598 2926 MENSE.

981 2973 1082 3028 Die
1114 2973 1397 3028 vicesima
1428 2970 1694 3027 secunda

516 3090 975 3147 Commemoratt'o
1005 3091 1181 3145 sancti
1225 3091 1529 3144 Artemonis
1583 3087 1829 3158 episcopi
1883 3086 2161 3142 Seleuciae.

581 3252 795 3306 Beatus
827 3253 1112 3305 Artemon
1163 3249 1490 3305 Seleuciam
1543 3247 1797 3320 patriam
1845 3245 2055 3301 habuit
2107 3245 2238 3312 etC

507 3339 831 3400 civitatem,
863 3345 1069 3409 utpote
1101 3339 1200 3409 qui
1234 3338 1292 3392 in
1323 3354 1394 3393 ea
1425 3343 1600 3392 natus
1658 3342 1835 3406 atque
1884 3335 2170 3391 educatus

507 3428 706 3484 fuerit.
745 3428 888 3482 Cum
919 3434 1118 3482 autem
1169 3427 1377 3482 beatus
1424 3427 1642 3482 Paulus
1694 3425 1839 3503 illuc
1888 3424 2169 3491 venisset,

511 3517 702 3572 factus
737 3524 826 3571 est
855 3518 982 3586 ejus
1017 3516 1381 3587 discipulus:
1417 3513 1796 3587 postmodum
1855 3512 2169 3585 episcopus

513 3606 784 3677 ejusdem
820 3607 983 3660 urbis
1017 3606 1321 3664 Seleucim.
1356 3612 1414 3660 et
1471 3603 1673 3676 populi
1724 3603 1946 3666 doctor,
1990 3608 2167 3672 atque

510 3696 774 3750 veritatis
809 3712 1020 3766 praeco.
1057 3697 1246 3760 Quare
1296 3693 1470 3748 editis
1517 3692 1790 3764 plurimis
1839 3691 2164 3756 miraculis,

510 3801 632 3839 non
664 3802 882 3856 paucos
915 3801 983 3840 ex
1015 3785 1310 3840 idolorum
1345 3783 1677 3839 cultoribus
1713 3781 1786 3837 ab
1841 3797 2042 3836 errore
2092 3778 2166 3834 ad

507 3872 828 3927 Dominum
861 3889 1201 3939 conversos,
1235 3888 1341 3943 per
1372 3871 1658 3935 divinum,
1719 3875 1778 3924 et
1823 3867 2168 3940 augustissi-

508 3979 692 4029 mum,
712 3969 889 4034 atque
921 3963 1256 4018 salutarem
1288 3961 1651 4033 baptismum
1680 3959 2052 4016 Christianos
2079 3956 2165 4012 fe-

509 4050 608 4104 cit.
643 4052 786 4105 Post
813 4051 940 4106 haec
971 4052 1088 4122 pie,
1141 4057 1319 4120 atque
1373 4055 1439 4105 ut
1485 4051 1603 4105 Deo
1653 4047 1946 4120 placebat,
2003 4061 2163 4102 com-

503 4137 752 4192 missum
787 4138 899 4193 sibi
931 4155 1170 4212 gregem
1202 4154 1434 4210 regens,
1468 4143 1525 4193 et
1577 4137 1904 4192 Ecclesiam
1950 4134 2166 4207 guber-

505 4241 679 4293 nans,
709 4227 985 4282 omnibus
1018 4227 1328 4301 egentibus
1347 4226 1538 4283 factus
1562 4231 1652 4282 est
1677 4225 1886 4280 salutis
1905 4226 1999 4282 25
2027 4240 2161 4296 por-

504 4319 621 4381 tus,
655 4314 966 4371 viduarum
1023 4315 1324 4379 defensor,
1386 4315 1788 4386 orphanorum
1841 4317 2160 4384 protector,

504 4404 918 4462 mendicorum
943 4411 1344 4478 etpauperum
1374 4403 1510 4459 dux.
1539 4404 1638 4459 His
1669 4404 1870 4473 itaque
1901 4419 1964 4457 se
1995 4419 2159 4458 exer-

502 4511 646 4550 cens
677 4495 978 4568 operibus,
1012 4502 1071 4550 et
1109 4495 1226 4549 Deo
1279 4510 1385 4565 per
1432 4494 1634 4548 omnia
1678 4491 2036 4559 deserviens,
2083 4491 2158 4546 ad

497 4601 636 4640 eum
668 4586 836 4642 laetus
864 4587 925 4641 in
957 4583 1247 4658 profunda
1281 4587 1586 4638 senectute
1609 4581 1900 4654 migravit,
1934 4581 2151 4654 sempi-

499 4679 732 4731 ternam
763 4679 940 4732 vitam
972 4681 1348 4733 consecutus.

572 4765 642 4818 Et
671 4771 972 4820 certamen
995 4764 1353 4821 sacrosancti
1377 4763 1653 4836 martyris
1675 4762 1879 4819 Basilii
1909 4761 2155 4836 presby-

504 4851 615 4906 teri
647 4854 1096 4925 Ancyranorum
1129 4853 1428 4909 Ecclesia).

1062 4971 1305 5026 EODEM
1345 4969 1599 5025 MENSE.

1015 5086 1119 5141 Die
1149 5084 1433 5140 vicesima
1464 5085 1639 5140 tertia

504 5203 787 5258 Certamen
828 5200 1164 5254 sacrosancti
1218 5199 1478 5266 martyris
1535 5199 1770 5258 Niconis,
1833 5207 1884 5252 et
1939 5204 2157 5254 centum

730 5273 1040 5341 nonaginta
1068 5285 1260 5324 novem
1286 5270 1558 5324 sociorum
1589 5275 1911 5338 martyrum.

573 5443 678 5498 Hic
705 5439 1070 5512 temporibus
1097 5437 1396 5503 Quintiani
1427 5435 1689 5508 prml‘ecti
1722 5437 1852 5502 fuit,
1885 5440 2154 5511 Neapoli-

499 5538 640 5588 tana
669 5549 736 5587 ex
771 5532 1008 5603 regione
1041 5527 1351 5588 oriundus,
1383 5533 1571 5581 matre
1599 5526 1955 5593 Christiana,
1989 5536 2154 5600 patre

467 5641 630 5688 ,vero
661 5624 859 5678 Graeco
890 5627 1084 5676 natus.
1120 5627 1260 5672 (.‘um
1294 5623 1494 5672 autem
1535 5615 1841 5684 militaret,
1892 5623 1951 5673 et
1994 5619 2150 5691 peri-

467 5772 472 5774 _
497 5713 774 5771 culosum
804 5718 1107 5768 certamen
1133 5707 1402 5777 instaret,
1449 5706 1703 5780 graviter
1731 5705 2152 5780 ingemiscens,

2265 587 2432 642 αὐτοῦ
2463 588 2652 661 ψυχὴν
2689 585 2768 649 εἲς
2827 592 3018 662 χεῖρας
3076 589 3340 660 παρέθετο
3387 593 3485 644 τοῦ
3535 594 3691 658 Θεοῦ,
3747 588 3814 645 δι’
3849 592 3898 646 ὅν

2270 675 2435 749 μέχρι
2517 675 2752 728 θανάτου
2839 673 3142 748 προθύμως
3243 673 3674 750 ἀγωνισάμενος,
3759 677 3900 753 βασι-

2267 756 2415 814 λείαν
2447 755 2642 816 ἔλαϐεν
2692 759 2938 835 οὐρανῶν
2997 761 3090 816 σὺν
3153 761 3302 835 αύτῷ
3361 761 3786 838 άγαλλιώμενος
3835 764 3902 828 εἰς

2266 847 2490 912 αἰῶνας.

2267 1021 2365 1075 Καὶ
2450 1022 2644 1095 μνήμη
2729 1025 2827 1076 τοῦ
2919 1021 3098 1099 ἁγίου-
3193 1022 3490 1099 Βηρύλλου
3611 1023 3898 1081 ἐπισκόπου

2954 1095 3170 1166 Κατάνη
3180 1115 3206 1157 ς
3215 1138 3229 1153 .

2339 1180 2694 1257 Βήρυλλοςό
2734 1181 2790 1237 ἐν
2847 1184 3030 1258 ἁγίοις
3095 1185 3279 1258 [Ιατήρ
3335 1187 3499 1257 ἡμῶν
3559 1185 3803 1260 ὑπῆρχεν
3855 1185 3902 1257 ἐξ

2270 1268 2616 1344 ’Δντιοχιίας
2659 1279 2763 1342 τῆς
2823 1273 3040 1347 Συρίας.
3093 1274 3338 1344 Γεγονὼς
3395 1271 3452 1329 ὂὶ
3513 1276 3764 1349 μαθητής
3814 1278 3902 1330 τοῦ

2271 1359 2429 1434 ἁγίου
2461 1363 2666 1436 Πέτρου
2715 1360 3048 1429 ἀποστόλου,
3108 1367 3236 1434 παρ’
3289 1364 3458 1419 αύτοῦ
3516 1369 3897 1439 χειροτονεῖται

2271 1447 2570 1514 ἐπίσκοπος
2619 1451 2869 1523 Κατάνης
2923 1459 3024 1523 τῆς
3079 1452 3130 1508 ἐν
3194 1452 3438 1526 Σικελίᾳ.
3495 1455 3678 1516 Ὅστις
3733 1452 3906 1516 καλῶς

2271 1539 2540 1612 ποιμάνας
2569 1542 2632 1596 τὸ
2662 1541 2938 1614 ποίμνιον,
2989 1543 3080 1598 καὶ
3125 1543 3212 1598 ἰπὶ
3258 1543 3431 1616 νομάς
3481 1541 3758 1618 ὀδηγήσας
3805 1564 3907 1598 σω-

2269 1628 2485 1702 τηρίας,
2540 1630 2628 1684 καὶ
2684 1628 2933 1692 πολλοὺς
2987 1635 3092 1685 τῶν
3153 1630 3394 1686 ἀπίστων
3450 1632 3590 1705 πρὸς
3643 1632 3746 1700 τήν
3817 1633 3907 1686 τοῦ

2271 1715 2510 1789 Χριστοῦ
2537 1715 2714 1772 πίστιν
2772 1716 3008 1790 ἀγαγὼν,
3067 1718 3278 1788 ἠξιώθη
3332 1717 3422 1773 καὶ
3484 1717 3773 1790 θαυμάτων
3821 1737 3910 1790 μισ

2271 1823 2488 1878 γιστωνο
2539 1805 2590 1877 ἐξ
2636 1807 2712 1861 ὦν
2765 1805 2883 1869 ἐνὸς
2941 1807 3230 1883 ἀναγκαῖον
3287 1806 3708 1881 ἐπιμνησθῆναι.
3760 1808 3906 1882 Πηγὴ

2198 1866 2339 1962 Βῆν
2371 1895 2507 1950 κατὰ
2563 1895 2656 1951 τὸν
2718 1893 2884 1951 τόπον
2941 1896 3169 1966 ἐκεῖνον,
3229 1899 3423 1972 πικρὸν
3480 1892 3688 1972 ἔχουσα
3743 1895 3907 1972 ὕδωρ,

2273 1982 2421 2039 ἀλλὰ
2475 1986 2908 2060 προσευξάμενος
2956 1991 3036 2058 τῷ
3092 1991 3232 2059 Θεῷ,
3282 1985 3358 2048 εἰς
3412 1984 3670 2062 γλυκεῖαν
3756 1986 3907 2060 μετί-

2273 2067 2410 2128 ϐαλε
2440 2075 2729 2145 ποιότητα.
2774 2075 2873 2130 Καὶ
2933 2073 3063 2131 ἰδὼν
3118 2080 3281 2131 τοῦτο
3339 2072 3560 2146 Ἕλλην
3610 2096 3696 2138 τις
3751 2073 3908 2152 ἄκρος

2272 2161 2711 2239 εἰδωλολάτρης,
2748 2163 3026 2220 ἐπίστευσε
3055 2169 3134 2237 τῷ
3163 2165 3403 2239 Χριστῷ,
3433 2165 3525 2219 καὶ
3583 2164 3675 2219 σὺν
3728 2165 3910 2238 ἐκείνῳ

2269 2253 2445 2330 ἕτεροι
2471 2252 2701 2313 πολλοί.
2733 2255 2829 2310 Καὶ
2861 2252 3018 2328 ἕτερα
3049 2251 3107 2309 δὲ
3137 2253 3234 2310 οὐκ
3266 2252 3435 2330 ὀλίγα
3463 2254 3713 2327 θαύματα
3769 2253 3912 2310 ἐκτε-

2274 2345 2454 2415 λέσας,
2487 2345 2565 2408 είς
2619 2345 2753 2421 βαθὺ
2809 2351 2983 2421 γῆρας
3031 2343 3229 2412 ἐλθὼν,
3289 2345 3428 2420 πρὸς
3476 2344 3677 2416 Κύριον
3733 2342 3914 2415 ἐξεδή-

2277 2455 2471 2508 μησεν,
2503 2428 2798 2489 ἀπολαϐὼν
2833 2434 2920 2488 ὑπ’
2978 2433 3146 2488 αὐτοῦ
3201 2433 3301 2501 τήν
3348 2431 3568 2488 αἰώνιον
3623 2435 3790 2503 ζωήν.
3839 2433 3913 2491 Τὸ

2275 2520 2332 2579 δὲ
2358 2523 2546 2596 τίμιον
2575 2521 2741 2578 αὐτοῦ
2772 2521 3028 2596 λείψανον
3059 2523 3315 2593 κατετέθη
3359 2520 3412 2577 ἐν
3450 2525 3520 2596 τῇ
3571 2523 3722 2595 νήσῳ
3771 2520 3915 2576 ἄντί-

2277 2634 2416 2686 μως,
2450 2611 2652 2686 ἰάματα
2677 2612 2936 2689 παρέχων
2988 2616 3116 2667 πᾶσι
3173 2617 3290 2675 τοῖς
3340 2615 3548 2675 πιστῶς
3606 2629 3919 2687 προσερχο-

2277 2703 2462 2776 μὲνοις
2493 2700 2639 2775 αὐτῷ
2673 2703 2838 2778 μέχρι
2868 2708 2969 2773 τῆς
3010 2703 3276 2776 σήμερον.

2823 2863 3007 2920 MHNl
3049 2867 3133 2942 τᾳ
3172 2866 3362 2943 Ana.

3037 2963 3144 3020 KB'

3003 3075 3353 3152 ’Δρτὲμωνος
3439 3072 3735 3133 ἐπισκὸπου
3821 3082 3924 3132 Σε-

2272 3077 2482 3150 Μνήμη
2568 3080 2668 3133 τοῦ
2749 3076 2912 3153 ἁγίου

2961 3147 3227 3211 λευιὶείας.

2345 3247 2630 3322 ’Δρτὲμων
2671 3248 2700 3302 ὁ
2763 3249 3029 3323 μακάριος
3085 3249 3185 3318 τήν
3243 3245 3562 3304 Σελεύκειαν
3618 3242 3778 3323 ἔσχεν
3828 3247 3923 3304 καὶ

2275 3333 2510 3410 πατρίδα
2537 3336 2626 3391 καὶ
2658 3335 2845 3401 πόλιν,
2889 3337 2964 3400 ὼς
3015 3335 3069 3392 ἐν
3129 3336 3266 3412 αὐτῇ
3322 3337 3413 3392 καὶ
3471 3337 3770 3413 γεννηθεὶς,
3828 3337 3920 3393 καὶ

2273 3424 2612 3500 ἀνατραφείς.
2673 3427 2786 3483 Τοῦ
2842 3423 2900 3480 δὲ
2960 3425 3228 3501 μακαρίου
3295 3424 3516 3481 Παύλου
3597 3425 3665 3481 τὰ
3747 3424 3924 3482 ἐκεῖσε

2271 3509 2694 3584 καταλαϐόντος,
2753 3512 2962 3591 ἐγένετο
3049 3514 3256 3570 ἐκείνου
3317 3516 3592 3588 μαθητής,
3663 3517 3779 3570 εἶτα
3828 3517 3923 3570 καὶ

2270 3599 2565 3665 ἐπίσκοπος
2613 3610 2714 3672 τῆς
2765 3604 2934 3666 αὐτῆς
2990 3603 3205 3666 πόλεως
3269 3603 3609 3673 Σελευκείας,
3665 3601 3930 3658 διδάσκα-

2272 3691 2368 3754 λός
2397 3714 2456 3748 τε
2483 3698 2580 3748 τοῦ
2613 3694 2773 3761 λαοῦ,
2824 3693 2913 3749 καὶ
2955 3696 3126 3770 κῆρυξ
3172 3702 3270 3764 τῆς
3329 3695 3614 3766 ἀληθείας.
3662 3695 3927 3767 Θαύματα

2271 3779 2329 3836 δὲ
2353 3781 2542 3838 πολλὰ
2579 3786 2836 3854 ποιήσας,
2898 3782 2996 3839 οὐκ
3053 3782 3278 3860 ὀλίγους
3339 3789 3444 3839 τῶν
3497 3781 3921 3858 εἰδωλολατρῶν

2268 3871 2375 3928 ἀπὸ
2403 3880 2503 3943 τῆς
2533 3871 2748 3944 πλάνης
2795 3872 3116 3950 ἐπιστρέψας
3175 3874 3311 3950 πρὸς
3368 3875 3459 3930 τὸν
3513 3875 3736 3950 Κύριον,
3785 3877 3926 3951 Χρι-

2269 3961 2517 4025 στιανοὺς
2551 3960 2640 4018 διὰ
2677 3967 2774 4018 τοῦ
2835 3963 3006 4031 θείου,
3063 3963 3154 4018 καὶ
3203 3960 3528 4036 πανσέπτου,
3587 3963 3679 4018 καὶ
3735 3984 3922 4036 σωτη-

2268 4049 2504 4127 ρεώδους
2586 4053 2964 4130 βαπτίσματος
3054 4051 3299 4125 ἐποίησε.
3387 4053 3490 4110 Καὶ
3562 4054 3696 4128 μετὰ
3749 4059 3926 4110 ταῦτα

2269 4136 2506 4204 εὐσεϐῶς
2561 4141 2650 4196 καὶ
2708 4143 3007 4218 θεαρὲστως
3069 4144 3168 4212 τὴν
3255 4141 3683 4218 ἐγχειρισθεῖσαν
3769 4143 3927 4215 αὐτῷ

2265 4231 2512 4303 ποίμνην
2547 4228 2763 4300 ἰθύνων,
2793 4230 2882 4286 καὶ
2914 4231 3012 4299 τὴν
3045 4231 3375 4301 Ἐκκλησίαν
3421 4226 3816 4307 διακυϐερνῶν,
3848 4233 3924 4302 ἦν

2263 4327 2394 4375 πᾶσι
2450 4327 2568 4384 τοῖς
2627 4321 2815 4396 χρείαν
2873 4315 3064 4396 ἔχουσι
3123 4321 3295 4394 λιμὴν
3363 4324 3656 4398 σωτήριος,
3715 4327 3925 4398 χηρῶν

2262 4412 2596 4484 προστάτης,
2642 4411 2889 4488 ὀρφανῶν
2957 4409 3338 4487 ἀντιληπτωρ,
3399 4419 3644 4487 πτωχῶν
3677 4414 3768 4468 καὶ
3819 4434 3932 4470 πε-

2263 4501 2442 4569 νήτων
2475 4499 2738 4575 χορηγός.
2775 4502 2861 4556 Ἐν
2893 4500 3108 4563 τούτοις
3142 4499 3200 4556 δὲ
3232 4499 3595 4570 πολιτευθεὲς,
3636 4502 3727 4557 καί
3774 4503 3927 4558 κατὰ

2259 4589 2434 4642 πάντα
2462 4589 2589 4643 Θεὸν
2623 4588 2971 4663 θεραπεύσας,
3032 4589 3084 4644 ὲν
3139 4591 3286 4664 γήρᾳ
3342 4591 3500 4666 βαθεῖ
3554 4592 3691 4668 πρὸς
3741 4591 3921 4647 αὐτὸν

2265 4675 2567 4751 ἐξεδήμησε
2598 4677 2810 4754 χαίρων
2840 4673 3135 4734 ἀπολαϐὼν
3169 4680 3315 4748 ζωὴν
3348 4679 3587 4739 αἰώνιον.

2336 4767 2434 4823 Καὶ
2492 4764 2722 4838 ἄθλησις
2779 4772 2877 4822 τοῦ
2934 4769 3090 4843 ἁγίου
3157 4769 3560 4845 ἱερομάρτυρος
3624 4768 3930 4827 Βασιλείου

2263 4850 2629 4931 πρεσϐυτέρου
2657 4863 2758 4928 τῆς
2788 4857 3129 4933 Ἀγκυρανῶν
3173 4857 3522 4931 Ἐκκλησίας.

2814 4967 2995 5024 ΜΗΝΙ
3033 4971 3122 5023 ΤΩ
3159 4967 3358 5024 ΑΥΤΩ.

3028 5085 3128 5141 KI“

2263 5199 2533 5277 ’Ἃθλησις
2588 5203 2688 5277 τοῦ
2759 5198 2918 5277 ἁγίου
2989 5201 3398 5277 ⁸ἱερομάρτυρος
3455 5199 3777 5277 ,Νίκωνοςη
3822 5203 3935 5258 καὶ

2335 5276 2444 5327 τῶν
2495 5343 2508 5362 Ι
2552 5271 2645 5326 σὺν
2754 5271 2904 5344 αύτῷ
2985 5271 3214 5329 ἐκατὸν’
3282 5271 3636 5345 ἐννενήκοντα
3761 5275 3938 5331 ἐννέα

2338 5363 2646 5418 μαρτύρων.

2335 5442 2509 5503 Οὗτος
2573 5442 2818 5517 ὑπῆρχεν
2872 5441 3007 5498 κατᾶ
3078 5442 3206 5506 τοὺς
3265 5442 3487 5517 καιροὺς
3562 5446 3947 5502 Κουϊντιανοῦ

2263 5529 2560 5606 ἡγεμόνος,
2592 5531 2651 5586 ἐκ
2696 5537 2797 5600 τῆς
2845 5531 3035 5606 χώρας
3093 5534 3199 5586 τῶν
3261 5531 3644 5602 Νεαπολιτῶν,
3701 5535 3948 5609 μητρὸς

2268 5620 2362 5692 μὶν
2420 5625 2771 5690 Χριστιανῆς,
2830 5621 3032 5697 πατρὸς
3091 5616 3148 5674 δὲ
3204 5619 3503 5692 Ἕλληνος.
3557 5622 3948 5697 Στρατευθεὶς

2263 5703 2343 5778 δὶ,
2400 5707 2488 5763 καὶ
2555 5706 2632 5770 εἷς
2693 5708 2928 5786 ἀνάγκην
2985 5705 3239 5782 πολεμου
3295 5709 3558 5786 εὑρεθεὶς,
3624 5710 3714 5768 καὶ
3773 5710 3948 5788 βαθὺ
