4158 6310
253 377 357 449 365

1734 389 2102 454 MARTIUS.

3533 391 3656 453 366

249 520 500 594 στενάξας,
552 524 643 579 καὶ
701 524 894 580 εἰπών’
956 525 1118 599 Κύριε
1173 527 1353 595 Ἰησοῦ
1411 526 1630 600 Χριστὲ,
1680 524 1708 579 ὂ
1757 525 1888 586 Θεὸς

2016 527 2134 582 ait:
2169 526 2420 582 Domine
2445 524 2580 581 Jesu
2611 523 2862 588 Christe,
2897 522 3049 578 Deus
3078 523 3287 579 matris
3344 539 3512 582 mea.
3555 524 3662 580 ad-

246 620 337 682 τῆς
367 613 576 685 μητρός
610 637 741 686 μου,
779 617 971 690 βοήθει
1018 637 1135 689 μοι,
1185 615 1596 691 ἠ-ρδραγαθησεν
1629 615 1894 691 ἰσχυρῶς.

249 704 370 759 Εἶτα
427 704 788 776 ὑποστρέψας.
849 707 935 760 καὶ
996 706 1388 778 συνταξάμενος
1431 708 1501 778 τῇ
1549 705 1742 776 μητρὶ,
1793 725 1898 758 κα-

248 787 462 846 τέλαϐεν
500 793 603 847 ὑπὸ
645 794 886 867 ἀγγέλου
918 792 1227 871 ἐπιφανείας
1272 795 1333 848 τὸ
1388 788 1516 868 ὅρος
1573 797 1668 846 τοῦ
1706 792 1898 847 Γάνου⁶

248 881 328 934 καὶ
384 879 554 954 εὑρὼν
612 881 906 938 ἐπίσκοπον
935 881 988 938 ἐν
1028 887 1107 955 τῷ
1137 881 1421 955 σπηλαίῳ,
1480 877 1774 952 ἐϐαπτισθη
1810 882 1898 936 ὑπ’

249 968 424 1033 αὐτοῦ,
458 971 544 1024 καὶ
606 965 816 1042 ἔμεινεν
867 970 978 1026 ἐκεῖ
1029 969 1156 1026 δέκα
1206 969 1324 1041 ἔτη,
1374 970 1463 1026 καὶ
1500 975 1895 1045 χειροτονεῖται

249 1057 327 1111 ὑπ’
385 1058 552 1112 αὐτοῦ
607 1057 927 1122 ἐπίσκοπος.
1018 1061 1148 1116 Εἶτα
1230 1058 1544 1134 παρέδωκεν
1602 1057 1749 1130 αὐτῷ
1805 1058 1893 1112 καὶ

246 1145 519 1221 μοναχοὺς
595 1148 688 1201 τὸν
768 1149 1000 1222 ἀριθμὸν
1080 1149 1270 1204 ἑκατὸν
1328 1147 1650 1218 ἐνενήκοντα
1724 1145 1894 1201 ἐννέαο

243 1235 326 1290 καὶ
356 1231 534 1296 οὕτως
592 1235 908 1306 ἐτελειώθη.
965 1237 1141 1300 Αὐτὸς
1197 1235 1254 1292 δὲ
1306 1236 1466 1314 γνοὺς
1496 1234 1565 1290 δι’
1613 1233 1894 1291 ἀποκαλύ-

242 1326 397 1396 ψεως,
451 1323 536 1378 ὅτι
600 1325 792 1397 μέλλει
855 1325 959 1380 ὑπό
1016 1330 1123 1380 τῶν
1196 1324 1362 1380 ἐθνῶν
1420 1327 1778 1402 ἀφανισθῆναι
1832 1325 1894 1380 τὸ

243 1409 378 1488 ὅρςκ,
412 1409 749 1488 παραλαϐὼν
801 1413 927 1475 τοὺς
977 1415 1280 1488 μοναγους,
1333 1415 1574 1483 ἀπῆλθεν
1618 1413 1692 1476 εἰς
1728 1418 1893 1471 Μυτι-

243 1501 435 1573 λήνην,
497 1503 610 1558 εἶτα
667 1510 744 1566 εἰς
803 1503 1057 1560 Ἰταλίαν.
1121 1505 1282 1560 Ἐνθα
1334 1504 1421 1558 καὶ
1485 1502 1713 1578 εὑροῦσα
1770 1503 1896 1558 ἑαυ-

244 1592 327 1646 τὸν
383 1593 420 1661 ἡ
483 1594 670 1667 μήτηρ
729 1593 919 1663 αὐτοῦ,
993 1592 1085 1647 καὶ
1153 1591 1506 1663 ἀσπασαμένη
1586 1590 1893 1667 παραυτίκα

243 1678 605 1751 inhumani.
655 1681 939 1736 Ἀπελθὼν
1004 1679 1061 1736 δὲ
1108 1681 1184 1744 εἷς
1233 1681 1296 1736 τὸ
1335 1679 1705 1756 Ταυρομενίου
1735 1677 1890 1756 ὅρος,

239 1769 459 1841 κατῴκει
497 1771 636 1843 μετά
670 1774 780 1826 τῶν
843 1772 1101 1844 μαθητῶν
1159 1770 1344 1827 αὐτοῦ.
1399 1771 1504 1826 Καὶ
1563 1768 1894 1832 ἀποστείλας

241 1857 263 1912 ὁ
292 1858 501 1934 ἄρχων,
537 1860 627 1914 καὶ
657 1861 931 1936 κρατήσας
961 1859 1178 1931 αὐτοὺς,
1209 1859 1620 1937 ἀπεκεφάλισεν.

305 2036 403 2092 Καὶ
437 2035 673 2109 ἄθλησις
702 2042 802 2093 τοῦ
834 2038 994 2114 ἁγίου
1030 2039 1302 2115 μάρτυρος
1335 2037 1624 2108 Δομετίου.

305 2214 569 2286 Δομέτιος
634 2215 662 2269 ὁ
723 2219 824 2270 τοῦ
877 2218 1114 2289 Χριστοῦ
1173 2214 1381 2290 μάρτυρ
1436 2215 1504 2284 ἦν
1559 2217 1652 2288 μὲν
1687 2213 1893 2271 ὶπὶτυ-

243 2305 489 2376 ραννίὸος
546 2303 853 2358 Ἰουλιανοῦ
905 2307 999 2358 τοῦ
1057 2299 1400 2378 Παραϐατου,
1460 2302 1521 2359 ἐκ
1571 2307 1672 2369 τῆς
1706 2303 1891 2380 χώρας

243 2392 495 2466 Φρυγίας.
557 2393 730 2468 Ὁρῶν
791 2389 850 2447 δὲ
903 2391 1030 2454 τοῦς
1087 2391 1478 2465 προκειμένους
1528 2396 1608 2463 τῷ
1647 2394 1893 2468 τυράννῳ

240 2480 482 2544 πολλοὺς
513 2476 692 2551 ὄντας,
724 2481 815 2536 καὶ
863 2483 980 2536 καθ’
1011 2481 1237 2550 ἑκάστην
1289 2482 1770 2557 προστιθεμένους,
1800 2481 1892 2537 καὶ

243 2570 606 2642 ἀρνουμένους
665 2571 761 2644 μὲν
837 2571 930 2625 τὸν
1013 2570 1271 2646 Χριστὸν,
1338 2574 1774 2644 προσκυνοῦντας
1837 2567 1894 2631 δὲ

239 2663 352 2720 τοῖς
411 2656 690 2727 εῗδώλοις,
751 2656 1059 2736 ἐδυσςιόρει,
1118 2658 1208 2713 καὶ
1261 2658 1578 2733 ἠγανάκτει,
1619 2658 1709 2712 καὶ
1742 2657 1890 2732 Λύπῃ

242 2745 429 2820 πολλῇ
456 2769 754 2824 συνειχετο.
815 2751 903 2805 Ἐν
950 2742 953 2745 ’
969 2753 1068 2822 μιᾷ
1126 2746 1215 2803 οὖν
1279 2754 1382 2803 τῶν
1437 2751 1684 2824 ἡμερῶν,
1722 2751 1891 2803 ἱππο-

245 2834 470 2910 ὂρομίας
527 2840 984 2912 ἐπιτελουμένης,
1035 2839 1125 2894 καὶ
1198 2840 1382 2903 θυσίας
1440 2859 1891 2918 προσφερομένης

243 2935 352 2992 τοῖς
412 2933 739 3006 ἀκαθάρτοις
799 2929 1043 3004 δαίμοσι,
1102 2930 1210 3006 οὐχ
1270 2930 1570 3004 ὑπέμεινενο
1619 2929 1764 2986 ἀλλά
1797 2936 1891 3001 ζη-

249 3017 424 3082 λώσας
485 3019 641 3094 ζήλῳ
699 3022 883 3092 θεϊκῷ,
946 3018 1072 3090 ἔστη
1135 3020 1296 3093 μέσον
1353 3025 1450 3075 τοῦ
1508 3022 1754 3094 θεάτρου,
1801 3022 1892 3075 καὶ

248 3109 448 3184 μεγάλῃ
482 3114 634 3188 φωνῇ
678 3109 770 3165 τόν
819 3130 879 3164 τε
934 3108 1238 3175 ἀποστάτην
1299 3107 1593 3165 Ἰουλιανὸν
1627 3110 1891 3183 ἀνεθεμά-

243 3217 375 3265 τισε,
431 3198 526 3253 καὶ
577 3198 708 3260 τοὺς
767 3196 1307 3272 εἴδωλολατροῦντας
1349 3195 1619 3269 διέπτυσε,
1648 3199 1738 3253 καὶ
1767 3198 1895 3263 τοὺς

2002 615 2144 687 juva
2172 631 2303 670 me:
2334 621 2510 684 atque
2541 614 2625 669 ita
2645 615 2766 668 viro
2791 613 2924 667 forti
2959 612 3137 684 digna
3169 612 3431 668 facinora
3453 612 3657 668 edidit.

2008 704 2218 759 Postea
2241 720 2528 759 reversus.
2553 719 2684 758 cum
2709 702 2781 757 de
2808 701 3110 773 proposito
3135 718 3240 756 suo
3262 707 3516 757 matrem
3541 718 3664 757 cer-

2009 792 2218 848 tiorem
2252 792 2511 859 fecisset,
2545 790 2616 846 ab
2647 790 2856 864 angelo
2889 790 2999 845 sibi
3030 795 3354 861 apparente
3394 788 3663 858 edoctus,

2007 881 2082 936 ad
2109 882 2254 938 Gani
2305 886 2567 936 montem
2621 880 2918 952 profectus
2975 883 3083 934 est.
3130 877 3214 933 lbi
3265 879 3326 934 in
3377 879 3664 952 spelunca

2007 970 2349 1042 episcopum
2374 968 2683 1036 nactus,ab
2709 984 2896 1040 eoque
2921 967 3264 1038 baptizatus,
3299 967 3660 1024 decennium

2005 1061 2227 1115 mansit
2278 1076 2346 1115 ac
2378 1058 2618 1114 demum
2645 1059 2956 1130 episcopus
2989 1057 3061 1112 ab
3093 1055 3303 1112 eodem
3348 1057 3660 1113 ordinatus

2003 1147 2133 1203 fuit.
2159 1149 2426 1204 Posthzec
2452 1147 2764 1203 monachis
2789 1163 3036 1202 numero
3060 1152 3297 1202 centum
3328 1147 3656 1216 nonaginta

2005 1253 2212 1293 novem
2247 1238 2559 1310 praefectus
2590 1238 2662 1293 ab
2696 1237 2904 1293 eodem
2937 1235 3064 1291 fuit.
3100 1237 3193 1291 Sic
3223 1242 3422 1291 autem
3471 1234 3654 1290 finem

2002 1326 2232 1381 vivendi
2260 1327 2417 1382 fecit.
2450 1328 2594 1382 Cum
2628 1326 2785 1381 enim
2818 1326 3017 1381 divina
3045 1325 3404 1380 revelatione
3436 1341 3656 1398 cogno-

2003 1416 2204 1484 visset,
2238 1432 2272 1470 a
2291 1416 2616 1481 gentilibus
2634 1421 2897 1470 montem
2922 1431 3050 1470 esse
3081 1415 3454 1482 vastandum,
3486 1430 3656 1470 acce-

2001 1506 2120 1576 ptis
2146 1504 2806 1577 monachis.Mitylenen
2829 1504 3269 1568 discessit,inde
3293 1505 3354 1559 in
3384 1503 3614 1559 Italiam
3641 1519 3655 1558 :

2001 1593 2104 1648 ubi
2134 1610 2270 1649 cum
2293 1599 2544 1649 matrem
2575 1594 2900 1658 invisisset,
2925 1598 3104 1664 atque
3129 1593 3453 1648 demortua:
3477 1591 3656 1648 funus

2003 1686 2289 1748 curasset,
2321 1681 2382 1735 in
2412 1681 2786 1736 Tauromenii
2819 1687 3086 1736 montem
3135 1679 3392 1750 transiit,
3449 1680 3653 1752 ibique

2002 1786 2137 1826 cum
2170 1769 2481 1842 discipulis
2511 1771 2634 1825 suis
2665 1769 2968 1825 habitavit.
3002 1770 3239 1825 Mittens
3272 1774 3472 1825 autem
3502 1785 3653 1841 prm-

2003 1875 2117 1928 ses,
2153 1875 2374 1930 eosque
2405 1858 2939 1931 comprehendens,
2972 1857 3303 1915 decollavit.

2193 2053 2294 2111 26
2320 2055 2385 2110 Et
2412 2059 2689 2111 certamen
2716 2057 2894 2111 sancti
2919 2057 3178 2125 martyris
3203 2056 3458 2113 Dometii.

2075 2224 2377 2279 Dometius
2408 2224 2625 2280 Christi
2656 2229 2900 2296 martyr,
2933 2223 3312 2296 tyrannidem
3341 2228 3651 2280 exercente

2000 2311 2233 2367 Iuliano
2264 2318 2567 2383 Apostata,
2600 2313 2712 2369 fuit
2741 2330 2810 2370 ex
2857 2315 3112 2386 Phrygia
3159 2313 3449 2369 oriundus
3483 2329 3498 2368 :
3552 2314 3655 2384 qui

1999 2417 2136 2457 cum
2166 2402 2388 2457 videret
2415 2403 2634 2458 multos
2657 2420 2806 2468 esse,
2832 2404 2933 2474 qui
2961 2409 3213 2476 tyranno
3261 2403 3654 2470 adhaarerent,

2000 2497 2059 2547 et
2087 2492 2350 2562 quotidie
2380 2483 2610 2548 Christo
2642 2494 3077 2559 renuntiantes,
3110 2493 3270 2548 idola
3315 2492 3656 2549 adorarent.

2001 2582 2383 2636 vehementer
2413 2582 2688 2646 indoluit,
2722 2587 2782 2636 et
2810 2583 3082 2638 anxiatus
3116 2589 3203 2639 est
3243 2583 3464 2648 animo,
3518 2597 3654 2655 gra-

1999 2671 2170 2741 vique
2204 2687 2451 2725 mmrore
2484 2672 2888 2726 contristatus.
2920 2673 3099 2744 Igitur
3123 2672 3378 2742 quadam
3402 2671 3495 2727 die
3517 2688 3654 2727 cum

2001 2764 2308 2828 equestres
2339 2759 2462 2812 ludi
2504 2765 2840 2830 agerentur,
2877 2766 2933 2813 et
2980 2760 3229 2830 impuris
3278 2759 3652 2815 daemonibus

2001 2848 2357 2902 offerrentur
2371 2846 2811 2914 sacrificiamon
2835 2848 3025 2917 potuit
3042 2847 3302 2918 seipsum
3320 2849 3651 2915 continere,

2001 2935 2144 3005 quin
2167 2935 2364 2990 divino
2385 2935 2506 2990 zelo
2535 2934 2959 2990 inflammatus.
2987 2935 3046 2989 in
3070 2934 3332 2989 medium
3355 2934 3653 2990 theatrum

2001 3025 2289 3096 prodiret,
2322 3032 2381 3081 et
2409 3042 2622 3098 magna
2646 3042 2785 3081 voce
2813 3024 3112 3080 Iulianum
3145 3024 3385 3095 quidem
3417 3031 3655 3096 aposta—

2001 3109 2120 3170 tam
2153 3115 2299 3170 diris
2329 3115 2658 3184 devoveret,
2718 3114 3015 3171 idolorum
3057 3130 3192 3170 vero
3245 3114 3504 3170 cultores
3553 3113 3655 3169 de-

2003 3221 2248 3276 spuens,
2278 3204 2424 3260 falso
2459 3204 2646 3260 dictos
2677 3203 2820 3260 deos
2852 3203 3265 3260 subsannaret.
3289 3203 3659 3276 Quapropter

248 3285 631 3360 ψευδωνύμους
684 3286 840 3350 θεοὺς
895 3285 1225 3361 ἐχληύασεν.
1289 3287 1584 3361 Κρατηθεὶς
1642 3288 1754 3355 οὖν,
1802 3289 1891 3342 καὶ

2010 3293 2491 3365 comprehensus,
2519 3293 2803 3364 durisque
2820 3293 3073 3349 vinculis
3103 3293 3484 3358 constrictus,
3511 3308 3658 3363 prai-

245 3373 409 3440 δεθεὶς
465 3373 748 3454 ἀσφαλῶς,
800 3374 1074 3450 παρεδόθη
1132 3381 1210 3448 τῷ
1266 3377 1519 3452 ἄρχοντι,
1558 3375 1647 3430 καὶ
1678 3375 1892 3440 πολλάς

251 3465 511 3540 βασάνους
581 3464 842 3536 ὑποστάς,
920 3463 1249 3534 ἀπεκλείσθη
1317 3464 1394 3526 εἷς
1454 3463 1726 3542 φυλακήν.
1791 3465 1892 3522 Καὶ

240 3555 375 3626 ’μετά
409 3553 600 3628 ὀλίγας
631 3554 842 3627 ἡμέρας
889 3559 989 3621 τῆς
1045 3551 1296 3630 φυλακῆς
1328 3548 1641 3623 ἐκϐληθεὶς,
1672 3554 1762 3609 καὶ
1793 3575 1889 3609 κα·

242 3642 614 3717 ταναγκασθεῖς
674 3643 1008 3715 ἀρνήσασθαι
1062 3643 1153 3697 τὸν
1200 3643 1456 3716 Χριστὸν,
1516 3643 1606 3697 καὶ
1659 3643 1733 3716 μὴ
1764 3663 1887 3696 πει-

247 3735 406 3800 σθεὶς,
437 3732 572 3810 ξίιρει
597 3733 697 3802 τήν
730 3733 877 3806 ἱεράν
903 3730 1065 3786 αὐτοῦ
1095 3731 1338 3810 κεφαλὴν
1371 3732 1676 3803 ἀπετυήθη.

771 3869 945 3921 nam
1003 3866 1095 3942 T9
1149 3865 1355 3941 arm.

1017 3987 1122 4038 ΚΔ¹

247 4103 513 4173 ’Δθλησις
538 4106 646 4157 τῶν
680 4101 846 4181 ἁγίων
881 4101 1171 4181 τριάκοντα
1200 4097 1358 4155 πέντε
1391 4100 1679 4175 μαρτύρων
1704 4105 1812 4156 τῶν
1841 4099 1892 4156 ἐν

919 4170 1226 4248 Καισαρείᾳ.

317 4325 412 4379 Καὶ
475 4325 620 4380 οὗτοι
679 4325 734 4379 οἱ
786 4323 930 4400 ἅγιοι
986 4323 1279 4399 τριάκοντα
1321 4320 1479 4378 πέντε
1507 4322 1773 4400 μάρτυρες
1801 4331 1897 4381 τοῦ

246 4417 484 4488 Χριστοῦ
520 4412 572 4467 ὲν
629 4412 923 4487 Καισαρείᾳ
975 4413 1074 4480 τῆς
1136 4408 1504 4480 Παλαιστίνης
1536 4412 1894 4488 ὑπάρχοντες,

243 4501 430 4572 ἐπειδή
492 4500 668 4577 δόγςια
745 4500 1100 4578 κατεπέμφθη
1183 4501 1330 4571 παρὰ
1386 4504 1482 4556 τοῦ
1540 4498 1769 4567 ἀσεϐοῦς
1807 4505 1896 4559 καὶ

241 4593 563 4668 παρανόμου
595 4591 919 4660 ’ἰουλιανοῦ,
976 4589 1298 4654 κελεύοντος
1350 4591 1440 4644 τὸν
1506 4590 1599 4663 μὶν
1657 4594 1896 4666 Χριστὸν

2001 3383 2114 3438 sidi
2161 3383 2458 3438 traditur:
2518 3384 2841 3454 multisque
2895 3384 3208 3439 tormentis
3257 3382 3546 3450 toleratis,
3593 3382 3657 3436 in

2001 3487 2300 3526 carcerem
2324 3470 2680 3525 detruditur.
2707 3471 2871 3526 Unde
2895 3473 3099 3542 paucis
3121 3477 3255 3542 post
3284 3470 3494 3526 diebus
3517 3469 3660 3525 edu-

2002 3564 2152 3621 ctus,
2186 3559 2661 3631 sollicitatusque
2694 3558 2993 3614 Christum
3047 3560 3362 3630 abnegare,
3413 3574 3548 3614 cum
3599 3556 3659 3612 id

2000 3647 2192 3703 facere
2231 3647 2638 3714 detrectasset,
2672 3662 2907 3702 sacrum
2940 3647 2992 3701 ei
3025 3653 3201 3718 caput
3228 3645 3423 3718 gladio
3446 3659 3656 3715 ampu-

2000 3743 2190 3792 tatum
2223 3742 2329 3793 est.

2553 3870 2798 3926 EODEM
2835 3869 3084 3926 MENSE.

2479 3987 2583 4042 Die
2615 3987 2898 4044 vicesima
2929 3991 3158 4059 quarta.

2007 4132 2296 4186 Certamen
2354 4135 2671 4187 sanctorum
2686 4131 2962 4257 Ctriginta
3041 4131 3284 4203 quinque
3338 4135 3654 4202 martyrum

2726 4217 2973 4257 aesar-eae.

2726 4217 2954 4260 κεανεέε
2961 4245 2973 4257 .

2077 4336 2146 4391 Hi
2202 4351 2439 4407 quoque
2499 4334 2687 4391 sancti
2746 4334 2992 4408 triginta
3046 4334 3313 4406 quinque
3369 4338 3661 4406 martyres

2007 4426 2221 4481 Christi
2244 4425 2524 4480 Caesarea:
2552 4425 2613 4480 in
2637 4424 2953 4480 Paluastina
2970 4424 3350 4480 claruerunt:
3375 4423 3473 4493 qui
3497 4427 3663 4492 post-

2008 4531 2189 4588 quam
2223 4514 2551 4580 decretum,
2584 4530 2701 4584 quo
2733 4529 2940 4568 omnes
2973 4511 3338 4582 jubebantur
3365 4509 3664 4564 Christum

2009 4605 2322 4676 abnegare,
2359 4609 2417 4656 et
2444 4602 2585 4656 deos
2615 4603 2928 4674 gentilium
2959 4601 3226 4663 adorare.
3262 4597 3334 4654 ab
3391 4597 3573 4668 impio
3605 4601 3665 4652 et

242 4665 569 4752 ἀθετεῖσθαι,
627 4681 759 4743 τοὺς
817 4678 874 4737 δὲ
932 4677 1224 4750 Ἐλλήνων
1280 4679 1434 4744 θεοὺς
1463 4665 1897 4754 προσκυνεῖσθαι,

2012 4665 2301 4748 scelerato
2327 4690 2558 4744 Juliano
2584 4690 3020 4760 promulgatum
3051 4694 3160 4754 est,
3186 4704 3305 4742 non
3329 4687 3520 4742 solum
3539 4701 3663 4741 non

243 4771 308 4834 οὗ
357 4792 520 4843 μονον
578 4771 682 4825 οὐκ
739 4769 1062 4838 ἐπείσθησαν
1129 4772 1292 4823 τοῦτο
1351 4771 1602 4837 ποιῆσαι,
1636 4769 1900 4827 ἀλλὰκαὶ

244 4859 757 4936 παῤῥησιασάμένοι
798 4857 1007 4934 μεγάλῃ
1060 4860 1214 4934 φωνῇ
1261 4856 1359 4911 ἀνὰ
1404 4861 1578 4912 πᾶσαν
1607 4861 1703 4928 τήν
1738 4859 1900 4916 πόλιν

247 4949 551 5023 περιιόντες
611 4948 818 5024 ἔλεγον·
879 4947 1107 5022 Χριστὸς
1167 4949 1258 5020 μὲν
1305 4946 1468 5020 μόνος
1503 4948 1576 5010 ὡς
1608 4950 1735 5011 Θεὸς
1765 4949 1904 5021 ἀλη-

248 5042 398 5104 θινὸς
456 5039 707 5110 τιμάσθω
764 5059 823 5093 τε
873 5039 961 5092 καὶ
1023 5033 1278 5092 σεϐέσθω·
1336 5038 1448 5092 θεοὶ
1505 5035 1561 5093 δὲ
1610 5039 1659 5094 οἳ
1689 5043 1779 5096 τὸν
1810 5044 1908 5097 οὐ-

247 5131 414 5205 ρανὸν
443 5131 536 5184 καὶ
564 5131 664 5200 τήν
720 5136 824 5204 γῆν
879 5128 982 5183 οὐκ
1028 5127 1310 5198 ἐποίησαν,
1355 5127 1744 5186 ἀπολέσθωσαν
1777 5135 1908 5205 μετά

244 5225 358 5274 τῶν
419 5213 728 5290 σεϐομένων
788 5217 1002 5278 αὐτούς.
1066 5217 1434 5292 Κρατηθέντες
1495 5217 1586 5272 οὖν
1648 5219 1750 5274 ὑπὸ
1801 5228 1907 5277 τῶν

241 5298 696 5373 εἰδωλολατρῶν,
757 5295 1138 5372 παρεδόθησαν
1195 5295 1438 5374 φυλακῇ.
1517 5300 1608 5353 καὶ
1659 5321 1914 5375 καταμη-

239 5389 492 5452 νυθέντες
517 5392 600 5459 τῷ
639 5386 917 5461 ἀποστάτῃ
968 5389 1064 5439 τοῦ
1119 5389 1360 5459 Χριστοῦ
1393 5384 1701 5459 Ἰουλιανῷ,
1735 5403 1913 5464 παρα-

240 5477 405 5549 νόμῳ
489 5476 776 5548 προστάξει
858 5474 1064 5530 ἐκείνου
1123 5474 1219 5535 τάς
1304 5473 1548 5549 κεφαλὰς
1613 5478 1916 5552 προθύμως

238 5566 666 5637 ἀπετμήθησαν,
733 5561 1132 5637 ἀναδραμόντες
1221 5563 1362 5638 πρὸς
1418 5563 1670 5635 Χριστὸν,
1734 5565 1790 5619 δν
1858 5567 1918 5624 ἐκ

244 5656 485 5732 βρέφους
545 5653 976 5724 ἐπιποθήσαντες
1033 5651 1134 5706 οὐκ
1189 5652 1523 5725 ἠρνήσαντο,
1576 5653 1668 5708 καὶ
1716 5651 1914 5713 ἕλαὸον

233 5748 396 5821 γέρας
430 5743 740 5809 ἀθανασίας.

2013 4785 2335 4855 potuerunt
2363 4778 2574 4834 adduci
2607 4784 2671 4832 ut
2700 4778 2758 4831 id
2791 4779 3070 4841 facerent,
3124 4775 3228 4831 sed
3276 4776 3454 4832 etiam
3500 4775 3666 4848 inge-

2015 4887 2134 4926 nua
2165 4869 2438 4923 libertate
2471 4872 2797 4937 assumpta,
2831 4883 2936 4938 per
2964 4865 3302 4921 universam
3323 4864 3533 4920 urbem
3558 4863 3668 4918 cir-

2016 4963 2387 5019 cumeuntes,
2421 4971 2636 5028 magna
2667 4972 2806 5010 voce
2839 4955 3153 5010 dicebant:
3188 4954 3455 5010 Christus
3487 4959 3553 5007 ut
3583 4967 3671 5007 ve-

2018 5065 2121 5103 rus
2156 5048 2325 5111 Deus,
2360 5045 2522 5100 solus
2554 5045 2878 5100 honoretur
2909 5051 2967 5100 et
3005 5043 3326 5100 adoretur:
3379 5043 3461 5098 dii
3510 5059 3670 5109 vero,

2020 5137 2120 5210 qui
2154 5135 2368 5191 cwlum
2401 5142 2459 5191 et
2500 5141 2716 5190 terram
2749 5153 2873 5191 non
2902 5135 3192 5198 fecerunt,
3246 5139 3493 5206 pereant
3535 5148 3673 5188 cum

2022 5225 2303 5282 omnibus
2337 5225 2436 5295 qui
2464 5224 2600 5279 illos
2631 5231 3004 5280 venerantur.
3037 5222 3461 5296 Comprehensi
3495 5221 3675 5294 igitur

2023 5315 2095 5374 ab
2128 5313 2483 5379 idololatris,
2519 5320 2577 5369 et
2607 5315 2828 5370 carceri
2872 5314 3108 5380 inclusi,
3161 5330 3228 5368 ac
3289 5311 3469 5367 delati
3518 5308 3676 5383 apud

2025 5411 2355 5479 apostatam
2387 5406 2722 5477 Christique
2754 5406 3172 5476 abnegatorem
3205 5406 3457 5477 impium
3487 5403 3676 5458 Julia-

2025 5511 2190 5550 num.
2226 5495 2408 5567 hujus
2440 5495 2716 5551 mandato
2748 5495 3042 5567 capitibus
3067 5494 3348 5550 abscissis
3405 5490 3680 5548 alacriter

2027 5582 2100 5638 ad
2133 5583 2430 5637 Christum
2462 5584 2791 5647 avolarunt,
2824 5599 3001 5654 quem
3033 5582 3104 5636 ab
3136 5581 3386 5636 infantia
3443 5577 3678 5634 deside-

2027 5676 2252 5740 rarant,
2287 5687 2355 5726 ac
2384 5687 2696 5742 nunquam
2729 5675 3124 5743 negaverant:
3176 5675 3352 5739 atque
3399 5667 3480 5722 ita
3529 5675 3682 5736 pra!-

2032 5758 2216 5815 mium
2253 5757 2715 5814 immortalitatis
2746 5762 2886 5813 sunt
2915 5756 3237 5811 consecuti.
