4134 6302
1744 402 2116 466 MABTIUS.

3545 417 3580 474 3
3591 416 3677 473 70'

244 529 356 594 τοὺς
434 527 878 607 εἷδωλολάτρας
910 580 925 605 ,
987 531 1356 604 ἐκρατήθησαν
1394 575 1410 603 ,
1493 530 1586 587 καὶ
1639 529 1882 608 ,δεθέντι

2016 536 2091 592 lis
2123 537 3238 612 constrictipraasidiprovincimtraditi
3262 545 3655 602 suntPrwses

260 621 484 692 ἁλύσεσι,
514 618 922 696 παρεδόθησαν
953 627 1032 694 τῷ
1061 629 1160 691 τῆς
1192 623 1380 697 χώρας
1436 622 1685 698 ἄρχοντι.
1742 629 1796 678 '0
1855 622 1912 678 δὶ

267 712 435 789 ἄρχων
468 709 600 767 ἰδὼν
629 710 866 780 αὐτοὺς,
900 717 1116 786 πρῶτον
1175 713 1270 783 μὶν
1326 708 1417 765 διὰ
1445 708 1734 773 κολακείας
1764 710 1910 768 ἐπει-

267 808 389 877 ρᾶτο
429 799 738 872 μεθιστάναι
805 799 1005 861 αὐτοὺς
1050 800 1158 855 ἀπὸ
1212 806 1313 869 τῆς
1369 803 1467 855 τοῦ
1526 804 1761 875 Χριστοῦ
1815 799 1910 854 πί-

265 912 444 959 στεως,
475 891 635 964 τιμὶς
660 890 1113 966 ὑπισχνούμενος
1173 889 1381 956 αὐτοῖς,
1437 889 1527 944 καὶ
1577 887 1724 963 δῶρα
1767 887 1906 944 πολ-

263 983 358 1040 λοῦ
384 985 520 1055 ἀξια.
559 982 817 1051 Ἐπειτα,
868 981 942 1042 ὡς
1001 977 1140 1035 εἶδεν
1201 979 1396 1040 αὐτοὺς
1442 982 1617 1035 πάντα
1675 981 1769 1053 μὲν
1828 981 1906 1043 εἱς

264 1070 413 1128 οὐδὲν
468 1069 890 1146 λογιζομένους,
949 1069 1114 1142 μόνον
1173 1067 1231 1123 δὲ
1287 1068 1512 1142 Χριστὸν
1539 1067 1904 1142 ἒπικαλουμί-

257 1182 402 1225 νους,
428 1160 729 1236 γυμνώσας
773 1158 866 1213 καὶ
896 1156 1156 1219 ἀπλώσας
1203 1158 1289 1212 ἐπὶ
1348 1158 1448 1224 τὴν
1497 1165 1600 1232 γῆν
1669 1157 1728 1213 ἐκ
1782 1179 1902 1213 τεσ-

260 1251 452 1316 σάρων,
484 1247 710 1305 ἱτυπτεν
766 1245 1024 1324 ἀφειδῶς,
1085 1246 1398 1321 ἀναγκάζων
1454 1251 1610 1310 θῦσαι
1662 1253 1778 1310 τοῖς
1827 1247 1902 1303 εί-

253 1338 473 1400 δώλοις.
507 1340 600 1403 Ὠς
629 1335 687 1392 δὲ
721 1337 825 1392 οὐκ
856 1333 1085 1405 ἔπεισεν,
1119 1336 1433 1392 ἀπέκλεισεν
1493 1335 1569 1400 εἷς
1629 1336 1900 1415 φυλακὴν,

250 1432 334 1484 καὶ
361 1435 464 1499 τῆς
498 1426 754 1504 φυλακῆς
787 1420 1062 1495 ἐκϐαλὼν,
1091 1426 1181 1481 καὶ
1225 1423 1392 1481 πάλιν
1439 1429 1901 1502 τιμωρησάμενος

250 1516 440 1581 αὐτοὺς
471 1515 870 1590 ἀπανθρώπως,
914 1513 1330 1589 ἀπεκεφάλισεν.

249 1615 345 1677 Καὶ
383 1611 624 1684 ἄθλησις
650 1617 756 1669 τῶν
822 1613 992 1688 ἁγίων
1043 1612 1342 1688 μαρτύρων
1402 1610 1762 1686 Καλλινίκου,
1803 1613 1893 1668 καὶ

906 1683 1258 1754 Βασιλίσσης.

320 1782 681 1854 Καλλίνικος,
713 1784 806 1838 καὶ
852 1781 1168 1853 Βασίλισσα,
1226 1782 1280 1836 οἱ
1334 1784 1432 1837 τοῦ
1478 1786 1713 1858 Χριστοῦ
1756 1781 1894 1859 μάρ·

2015 634 2214 682 autem
2248 645 2383 682 cum
2411 628 2546 683 illos
2572 630 2832 695 vidisset,
2854 630 3112 700 primum
3138 633 3376 701 quidem
3394 640 3663 690 assenta-

2011 717 2275 772 tionibus
2306 718 2635 773 conabatur
2675 735 2774 773 eos
2805 736 2840 774 a
2899 720 3012 774 fide
3070 722 3285 776 Christi
3341 724 3668 790 abducere,

2012 807 2270 862 honores
2301 813 2361 862 et
2390 809 2650 879 pretiosa
2670 808 2827 863 dona
2855 811 3210 880 promittens
3238 819 3472 882 :postea
3503 830 3664 884 vero,

2011 912 2146 951 cum
2177 896 2401 951 videret
2430 913 2530 952 eos
2552 898 2754 952 omnia
2784 899 2956 952 nihili
2989 897 3270 957 facere.et
3291 902 3485 955 solum
3505 902 3664 956 (Lhri-

2011 991 2172 1040 stum
2203 986 2498 1047 invocare,
2530 987 2790 1042 vestibus
2821 987 2953 1042 exui
2979 988 3297 1055 mandavit,
3333 997 3392 1044 et
3420 991 3660 1046 extendi

2009 1090 2079 1128 ex
2102 1082 2358 1145 quatuor
2389 1076 2652 1147 partibus
2683 1076 2743 1130 in
2768 1083 3004 1143 terram,
3039 1094 3106 1132 ac
3147 1077 3468 1132 crudeliter
3487 1082 3654 1146 caedi,

2006 1169 2074 1219 ut
2101 1170 2454 1237 cogerentur
2478 1164 2656 1220 idolis
2690 1166 3045 1220 sacrificare.
3073 1166 3182 1220 Sed
3211 1183 3342 1221 cum
3378 1184 3571 1238 neque
3597 1170 3655 1225 id

2005 1253 2093 1307 eis
2124 1254 2536 1324 persuasisset,
2569 1254 2630 1308 in
2653 1270 2950 1308 carcerem
2996 1254 3131 1309 illos
3181 1256 3434 1311 detrusit
3464 1273 3478 1310 :
3513 1258 3650 1314 inde

2003 1358 2142 1398 vero
2165 1343 2430 1411 eductos,
2461 1349 2640 1415 atque
2695 1344 2912 1398 iterum
2945 1345 3287 1400 suavissimis
3339 1349 3648 1404 tormentis

2004 1433 2318 1502 cruciatos,
2353 1433 2646 1505 capitibus
2676 1433 2958 1489 abscissis
2989 1434 3306 1490 interemit.

2073 1621 2174 1678 29
2204 1622 2273 1677 Et
2299 1626 2573 1677 certamen
2599 1627 2919 1748 εαιέιὲονιιίηι
2960 1628 3271 1691 martyrum
3317 1622 3579 1680 Callinici

2645 1710 2672 1748 e
2767 1709 2849 1748 ast
2875 1708 3010 1748 1853.

2645 1708 2696 1748 et
2719 1708 3010 1748 uasmssw.

2067 1781 2394 1838 Callinicus
2423 1785 2482 1837 et
2513 1781 2818 1847 Basilissa,
2850 1782 3067 1837 Christi
3098 1787 3410 1856 martyres,
3459 1785 3648 1857 impe-

243 1897 423 1952 τυρες,
479 1876 740 1950 ὑπῆρχον
804 1875 897 1946 μὶν
975 1871 1061 1927 ἐπὶ
1113 1878 1240 1969 τῆςΔ
1271 1871 1547 1947 βασιλείας
1603 1871 1794 1928 Δεκίου
1837 1873 1882 1928 la

2000 1877 2170 1928 rante
2201 1871 2400 1938 Decio,
2428 1870 2704 1926 vivebant
2756 1872 2819 1925 in
2876 1872 3179 1942 provincia
3209 1873 3468 1928 Galatia.
3500 1874 3646 1930 Cum

242 1973 337 2034 τῆς
369 1965 565 2041 χώρας
600 1961 886 2024 Γαλατίας·
918 1960 1156 2017 πλουσία
1213 1958 1271 2016 δὲ
1302 1959 1435 2016 οὖσα
1479 1963 1515 2031 ἠ
1575 1959 1894 2032 Βασίλισσα,

243 2053 421 2111 ὶόίδου
454 2054 722 2127 χρήματα
766 2056 847 2124 τῷ
906 2047 1238 2123 Καλλινίκῳ,
1297 2050 1625 2124 ἀπέρχεσθαι
1675 2049 1754 2113 είς
1798 2052 1896 2115 τὰς

241 2141 513 2224 φυλακὰς,
571 2140 664 2196 καὶ
721 2142 982 2216 παρέχειν
1039 2143 1154 2200 τοῖς
1203 2137 1585 2201 ἀποκλείστοις
1628 2141 1892 2215 Χριστια-

235 2240 344 2296 νοῖς
405 2233 550 2308 πρὸς
612 2229 932 2306 διατροφήν,
995 2231 1142 2293 ὅπως
1201 2229 1470 2306 εὔχωνται
1533 2229 1665 2305 ὑπὲρ
1695 2231 1889 2302 αὐτῆς,

234 2326 675 2399 προθυμοποιεῖν
704 2343 764 2376 τε
801 2321 1000 2386 αὐτοὺς
1039 2323 1115 2384 εἰς
1165 2321 1230 2376 τὸ
1289 2320 1609 2394 μαρτύριον,
1658 2321 1748 2374 καὶ
1809 2322 1885 2392 μή

233 2413 474 2470 ἂκακεῖν
511 2413 564 2468 ἐν
595 2417 714 2474 ταῖς
773 2411 1044 2484 θλίψεσιν.
1081 2413 1170 2467 Ἐν
1203 2414 1302 2482 μιᾷ
1360 2410 1450 2464 οὗν
1499 2414 1607 2464 τῶν
1659 2409 1884 2485 ἡμερῶν

229 2505 522 2578 κρατηθεὶς
554 2504 582 2558 ὁ
646 2501 1010 2570 Καλλίνικος,
1065 2501 1152 2555 καὶ
1215 2499 1526 2575 ἐρωτηθεὶς,
1582 2498 1727 2561 τίνος
1774 2498 1884 2570 εῗή,

234 2595 576 2670 [θρησκείας]
611 2593 689 2663 μή
741 2589 900 2650 εἰδὼς
930 2587 1234 2664 ψεύδεσθαι,
1279 2586 1665 2663 ὡμολόγησεν.
1725 2590 1882 2647 Ὅθεν

237 2681 426 2745 δεθεὶς,
460 2679 741 2756 παρεδόθη
786 2684 866 2752 τῷ
901 2680 1146 2755 ἄρχοντι.
1211 2679 1549 2747 Κ;ατηθεῖσα
1598 2675 1654 2732 ἓέ
1699 2678 1790 2732 καὶ
1845 2681 1878 2748 ἡ

234 2773 361 2847 ἀγία
417 2771 739 2838 Βασίλισσα,
792 2770 1030 2843 παρέστη
1083 2773 1160 2841 τῷ
1199 2767 1488 2840 κριτηρίῳ.
1544 2767 1638 2822 Καὶ
1695 2767 1878 2841 ἀμφό-

232 2881 385 2935 τεροι
414 2862 497 2914 τὸν
530 2859 763 2931 Χριστὸν
828 2856 1107 2934 παρρησίᾳ
1168 2855 1636 2930 ὁμολογήσαντες,
1687 2854 1877 2933 διαφό-

244 2970 364 3022 ροις
391 2949 640 3024 βασάνοις
696 2947 967 3019 πρότερον
1025 2940 1534 3014 καθυϐεϐλτςθησαν,
1579 2945 1877 3020 ἀναγκαζό-

233 3058 384 3111 μενοι
415 3039 756 3111 ἀρνήσασθαι
821 3037 914 3109 μὶν
977 3036 1066 3090 τὸν
1128 3035 1382 3107 Χριστὸν,
1441 3032 1594 3098 θῦσαι
1649 3033 1706 3089 δὲ
1758 3041 1874 3095 τοῖς

220 3126 498 3188 εἰδώλοις.
531 3129 624 3195 Μὴ
662 3126 968 3190 πεισθέντες
1026 3121 1102 3195 δὲ,
1162 3123 1298 3201 ξίφει
1355 3124 1451 3187 τάς
1490 3123 1639 3198 ἱερὰς
1697 3125 1870 3180 αὐτῶν

215 3217 454 3296 κεφαλὰς
481 3217 903 3289 ἀπετμήθησαν,
921 3211 1106 3277 καλῶς
1131 3215 1447 3283 νικήσαντες
1466 3214 1557 3269 τὸν
1584 3208 1865 3289 διάϐολον,

213 3309 298 3363 καὶ
331 3300 712 3368 ἀπολαϐόντες
751 3303 1026 3380 βασιλείαν
1063 3303 1331 3378 οὐρανῶν.

788 3407 966 3463 ΜΗΝΙ
987 3406 1076 3462 TD
1105 3406 1302 3464 ΑΥΤΩ.

1007 3506 1119 3563 KZ‘.

213 3610 493 3680 Ἀθλησις
577 3612 688 3683 τῶν
748 3607 917 3683 ἀγίων
969 3606 1257 3683 μαρτςόρων
1323 3605 1575 3683 Φιλητοῦ
1627 3605 1870 3683 συγκληο

294 3677 455 3738 τικοῦ
511 3680 601 3736 καὶ
660 3677 858 3742 Λυδίας
906 3677 1006 3750 τῆς
1050 3677 1228 3734 αὐτοῦ
1282 3680 1559 3756 γυναικὸς,
1615 3677 1715 3733 καῖ’
1761 3683 1872 3735 τῶν

298 3774 422 3810 τεκν
429 3775 528 3809 ων.

299 3851 424 3908 Ἐπὶ
453 3847 740 3926 Ἀδριανοῦ
791 3847 1062 3924 βασιλέως
1120 3849 1372 3922 ὑπῆρχον
1433 3847 1602 3903 οὗτοι.
1658 3854 1870 3922 Κρατη-

229 3940 339 4006 θεὲς
367 3940 816 4013 οὗνὸμακάριος
869 3936 1135 4008 Φιλητὸς,
1195 3939 1432 4011 παρίστη
1495 3941 1575 4009 τῷ
1637 3936 1870 4010 βασιλεῖ.

225 4030 286 4089 Ὀ
317 4027 376 4085 δῖε
409 4027 668 4105 βασιλεὺς
701 4029 778 4100 μή
813 4025 1058 4096 δυνηθεὶς
1099 4026 1412 4095 ἀντιστῆναι
1444 4030 1512 4100 τῇ
1565 4030 1665 4082 τοῦ
1730 4025 1873 4101 μάρ-

227 4141 386 4194 τυρος
478 4119 687 4194 σοφίᾳ,
769 4114 1080 4189 παρέδωκεν
1138 4116 1294 4172 αὐτὸν
1383 4115 1742 4194 Ἀμφιλοχίῳ
1795 4120 1874 4188 τῷ

232 4207 404 4264 δουκί·
434 4206 495 4270 ὅς
545 4206 848 4283 παραυτίκα
905 4206 1246 4284 ἀμφοτέρους
1305 4206 1578 4281 κρεμάσας
1638 4205 1722 4262 ἐπὶ
1785 4204 1875 4277 ξύ-

228 4299 340 4355 λων
371 4298 535 4371 ἔξεεν.
569 4301 703 4356 Εἶτα
734 4297 810 4360 είς
849 4297 1095 4376 φυλακήν
1156 4291 1424 4371 ἐμϐάλλει
1464 4295 1576 4369 ἅμα
1636 4294 1871 4372 Κρονίδῃ

232 4388 658 4462 Κομενταρησίῳ
698 4387 1062 4443 πιστεύσαντι.
1096 4391 1177 4460 Τῇ
1230 4386 1287 4442 δὲ
1344 4387 1492 4442 νυκτὶ
1523 4385 1874 4460 ψαλλόντων,

230 4481 315 4532 καὶ
357 4474 699 4553 εὐχομένων,
802 4474 978 4546 ἦλθον
1062 4473 1288 4553 ἄγγελοι
1369 4475 1876 4552 παραθαρρὗοντες

231 4567 419 4629 αὖτοὺς
447 4568 586 4638 πρὸς
613 4565 740 4628 τοὺς
768 4565 1002 4640 ἀγῶνας.
1052 4565 1154 4622 Καὶ
1208 4564 1296 4620 ἐπὶ
1350 4567 1451 4635 τήν
1519 4564 1704 4635 αὕριον
1759 4587 1872 4620 πα-

2002 1966 2200 2016 autem
2223 1959 2502 2015 Basilissa
2530 1959 2749 2014 divitiis
2770 1959 3302 2026 abundaret,dabat
3327 1963 3642 2032 pecuniam

1999 2049 2310 2113 Callinico,
2337 2053 2401 2104 ut
2431 2048 2624 2103 abiret
2653 2047 2725 2103 ad
2756 2048 3519 2120 carceres,Christianisque
3546 2051 3638 2105 in~

1997 2137 2178 2193 clusis
2210 2137 2423 2192 victum
2458 2136 3030 2204 subministraret,ut
3059 2154 3163 2208 pro
3197 2154 3257 2192 se
3279 2143 3552 2192 orarent:
3575 2145 3642 2194 ut

1997 2227 2226 2282 scilicet
2252 2232 2310 2282 et
2338 2226 2378 2280 ii
2403 2232 2674 2298 prompto
2697 2226 2897 2280 animo
2915 2226 2987 2280 ad
3007 2226 3351 2296 martyrium
3377 2226 3635 2282 subeun-

1994 2315 2135 2371 dum
2168 2321 2386 2378 essent,
2422 2321 2481 2370 et
2510 2315 2572 2369 in
2600 2314 3084 2369 tribulationibus
3112 2331 3233 2369 non
3290 2315 3633 2371 deﬁcerent.

1993 2405 2256 2472 Quadam
2286 2406 2464 2478 igitur
2508 2405 2602 2459 die
2661 2405 3131 2476 comprehensus
3178 2404 3518 2467 Callinicus.
3579 2411 3637 2461 et

1991 2497 2162 2568 cujus
2176 2494 2647 2567 essetreligionis
2661 2494 3321 2564 interrogatus,mentiri
3337 2497 3632 2562 nesciens,

1990 2585 2298 2642 confessus
2346 2592 2437 2640 est
2461 2587 2605 2638 Tum
2655 2601 2790 2639 vero
2825 2585 3070 2644 vinctus,
3105 2584 3341 2655 prarsidi
3385 2586 3632 2640 traditus

1988 2674 2118 2729 fuit.
2153 2675 2593 2744 Comprehensa
2624 2678 2820 2728 autem
2855 2681 2912 2728 et
2943 2680 3144 2727 sancta
3173 2674 3630 2740 Basilissa,sisti-

1988 2768 2084 2817 tur
2115 2778 2310 2817 coram
2377 2761 2692 2815 tribunali:
2730 2769 2786 2814 et
2835 2761 3006 2815 ambo
3065 2761 3362 2815 Christum
3445 2763 3629 2818 libere

1985 2850 2629 2920 conﬁtentesprimum
2667 2850 2838 2903 variis
2861 2849 3172 2902 tormentis
3201 2849 3446 2904 cruciati
3470 2858 3626 2905 sunt.

1983 2947 2051 2996 ut
2077 2941 2373 2995 Christum
2405 2955 2641 3010 negare,
2675 2945 2733 2992 et
2761 2938 2934 2992 idolis
2966 2938 3299 2993 sacriﬁcare
3348 2956 3630 3010 cogeren-

1984 3036 2082 3086 tur
2112 3048 2126 3098 ;
2162 3029 2375 3084 deinde
2405 3045 2538 3083 cum
2571 3028 2644 3082 ad
2676 3027 2734 3082 id
2765 3027 2967 3082 induci
3011 3043 3133 3081 non
3164 3034 3425 3098 possent,
3457 3045 3624 3083 sacra

1983 3137 2186 3176 eorum
2215 3120 2408 3190 capita
2436 3117 2630 3190 gladio
2664 3117 2929 3172 abscissa
2957 3122 3096 3171 sunt
3120 3133 3132 3170 :
3157 3122 3333 3187 atque
3363 3117 3445 3172 ita
3459 3134 3626 3189 egre-

1908 3259 1950 3327 C
1977 3209 2069 3283 gie
2095 3209 2398 3264 diabolum
2429 3208 2752 3274 vincentes,
2776 3206 3057 3262 caelorum
3090 3222 3339 3280 regnum
3369 3223 3618 3279 recepe-

1976 3303 2114 3327 ..μισ-ιι

1976 3303 2136 3355 runt.

2533 3397 2773 3452 EODEM
2797 3395 3046 3451 MENSE.

2438 3499 2542 3554 Die
2565 3499 2841 3553 vicesima
2868 3497 3122 3568 septima

1979 3597 2264 3654 Certamen
2315 3603 2630 3652 sanctorum
2684 3602 2988 3662 martyrum
3045 3593 3250 3649 Phileti
3320 3598 3612 3665 senatoris,

2298 3675 2350 3724 et
2376 3670 2568 3723 uxoris
2597 3667 2715 3736 ejus
2743 3668 2930 3735 Lydiae
2959 3681 3023 3719 ac
3041 3665 3302 3733 ﬁliorum.

2049 3859 2308 3914 Fuerunt
2339 3855 2398 3910 hi
2429 3854 2686 3910 Adriano
2727 3855 3105 3924 imperatore.
3139 3853 3620 3925 Comprehensus

1978 3952 2177 4004 autem
2207 3945 2416 4001 beatus
2435 3943 3071 4014 Philetas,imperatori
3103 3943 3624 4014 sistitur.lmpera-

1977 4043 2072 4094 tor
2101 4053 2236 4092 vero
2268 4035 2546 4106 martyris
2587 4033 2893 4105 sapientiae
2940 4033 3218 4089 resistere
3251 4051 3372 4089 non
3399 4033 3623 4102 valens,

1977 4125 2392 4197 Amphilochio
2424 4125 2557 4180 duci
2593 4141 2727 4179 eum
2760 4122 3034 4177 tradidit:
3070 4123 3170 4193 qui
3205 4123 3484 4178 continuo
3499 4141 3623 4179 am-

1977 4215 2084 4271 bos
2116 4215 2292 4288 lignis
2324 4231 2644 4286 suspensos
2691 4213 3018 4268 dilaniavit.
3053 4215 3180 4267 Mox
3211 4213 3273 4268 in
3325 4230 3625 4269 carcerem

1979 4305 2233 4361 detrusit
2259 4321 2381 4359 una
2423 4321 2557 4360 cum
2616 4302 2870 4358 Cronide
2928 4303 3487 4370 Commentariensi,
3522 4303 3624 4374 qui

1973 4395 2099 4466 jam
2113 4394 2447 4450 crediderat
2475 4396 2654 4449 Noctu
2676 4410 2808 4448 vero
2823 4392 3215 4463 psallentibus
3237 4398 3296 4446 et
3317 4392 3623 4447 orantibus

1980 4485 2222 4540 astitere
2254 4483 2446 4557 angeli
2504 4499 2724 4553 eosque
2756 4481 2829 4536 ad
2860 4497 3114 4551 pugnam
3140 4481 3498 4534 animarunt.
3522 4481 3621 4534 Se-

1984 4573 2298 4646 quentidie
2314 4573 2535 4627 sanctis
2566 4588 2764 4626 coram
2791 4569 3121 4625 astantibus
3144 4569 3292 4622 dixit
3315 4575 3621 4638 tyrannus:

231 4635 536 4730 ραστάντων
563 4659 670 4710 τῶν
702 4635 898 4729 ἀγίων,
947 4651 1048 4731 ἔφη
1082 4655 1110 4709 ὁ
1155 4653 1439 4728 τύραννος.
1473 4651 1686 4709 Πολλαὶ
1742 4655 1870 4728 ὑμῖν

1992 4635 2162 4719 ᾖιυιιιι
2190 4663 2352 4718 vobis
2385 4668 2680 4716 tormenta
2738 4665 3039 4730 parantur.
3074 4660 3201 4712 Mox
3259 4658 3316 4711 in
3341 4635 3350 4638 ⁷
3373 4658 3625 4713 lebetem

231 4747 539 4801 ἀπόκεινται
571 4744 855 4818 τιμωρίαι.
889 4744 1020 4801 Εἶτα
1090 4738 1360 4816 ἱμϐἀλλει
1393 4743 1444 4799 ἐν
1479 4737 1672 4813 λέϐητι
1731 4743 1874 4818 χαλ-

227 4839 309 4908 κῷ
361 4837 753 4911 ὲκπυρωθὲντι,
813 4832 1034 4907 γὲμοντι
1091 4831 1260 4906 ἐλαίῳ
1313 4832 1402 4887 καὶ
1459 4832 1706 4909 ῥητίνης.
1769 4833 1872 4891 Καὶ

227 4927 558 4994 ποιήσαντες
585 4934 649 4980 το
677 4927 775 4980 τοῦ
805 4925 1038 4996 σταυροῦ
1099 4927 1352 4994 σημεῖον,
1409 4920 1718 4998 ἐψῦχραναν
1777 4922 1868 4978 τὸν

228 5009 458 5085 λέϐητα.
518 5013 618 5068 Καὶ
678 5010 808 5068 ἰδὼν
869 5013 898 5068 ὁ
956 5009 1104 5082 δοὺξ,
1163 5005 1437 5067 ἔπίστευσε
1488 5016 1569 5083 τῷ
1625 5016 1870 5087 Χριστῷ,

222 5104 313 5158 καὶ
340 5097 593 5160 ἀνιόαλεν
625 5101 814 5157 δαυτόν
843 5100 897 5156 ἐν
929 5098 1008 5172 τῷ
1038 5094 1231 5170 λέϐητι
1262 5098 1451 5154 εῗπώψ
1507 5100 1692 5176 Κόριε,
1730 5101 1868 5176 βοή-

225 5204 302 5257 θει
335 5213 456 5265 μοι.
487 5192 624 5250 Τότε
651 5188 791 5261 ἦλθε
845 5190 1002 5267 φωνή
1052 5188 1114 5244 ἐκ
1167 5192 1264 5244 τοῦ
1322 5187 1576 5263 οὐρανοῦ.
1627 5189 1870 5244 Ἤκουσα

220 5291 321 5352 τῆς
355 5281 594 5353 δεήσεως
622 5301 744 5346 σου,
769 5276 963 5343 ἄνελθε
991 5279 1127 5354 πρὸς
1189 5279 1258 5352 μὶ
1314 5279 1548 5354 χαίρων.
1599 5277 1752 5334 ’ἰδὼν
1812 5277 1869 5335 δὲ

224 5373 252 5427 ὁ
283 5372 542 5448 βασιλεὺς
566 5367 1037 5445 διαφυλαχθέντας
1069 5367 1262 5430 αὐτοὺς
1290 5369 1480 5444 ὑγιεῖς,
1495 5367 1864 5444 ἀνεχώρησεν·

222 5463 377 5519 αὑτοὶ
407 5460 466 5518 δὶ
491 5461 779 5535 εὐξάμενοι
809 5455 1226 5528 ἰτελειώθησαν.

288 5571 385 5628 Καὶ
427 5569 658 5642 ἄθλησις
689 5567 803 5624 τῶν
851 5564 1014 5694 ἀξίωέ
1047 5565 1335 5658 μαρτύρων
1385 5563 1670 5635 Μανοοῆλ,
1703 5565 1795 5630 καὶ

923 5657 978 5693 ao
1017 5657 1190 5694 οσιου.

923 5657 1190 5694 εοοοσιου.

288 5741 547 5815 Nomii
570 5741 663 5800 καί
695 5732 991 5797 Θοοδόσιος
1016 5735 1071 5789 οἱ
1125 5738 1223 5791 τοῦ
1280 5735 1516 5812 Χριστοῦ
1574 5735 1864 5811 μάρτυρες,

1980 4769 2214 4807 aeneum
2239 4750 2612 4811 candentem,
2647 4749 2776 4802 oleo
2809 4747 3123 4816 resinaque
3164 4747 3489 4816 Oppletum,
3526 4764 3626 4802 eos

1981 4841 2258 4914 conjecit.
2293 4842 2367 4895 At
2391 4839 2478 4894 illi
2520 4838 2772 4893 formato
2805 4835 2995 4891 crucis
3023 4836 3208 4908 signo,
3243 4836 3464 4891 lebetis’
3504 4837 3622 4892 fer-

1979 4947 2177 4987 vorem
2207 4929 2556 4986 restinxere.
2589 4925 2754 4992 Quod
2785 4941 3036 4981 cernens
3065 4925 3203 4993 dux,
3229 4926 3291 4980 in
3323 4926 3618 4983 Christum

1980 5018 2255 5085 credidit,
2290 5032 2473 5090 seque
2502 5017 2564 5072 in
2593 5015 2850 5071 lebetem
2909 5013 3178 5081 immisit,
3212 5014 3418 5070 dicens
3452 5031 3465 5069 :
3501 5015 3621 5071 Do-

1976 5108 2152 5175 mine,
2184 5106 2398 5176 adjuva
2431 5122 2542 5161 me.
2584 5106 2746 5160 Tunc
2771 5121 2879 5159 vox
2940 5119 2971 5158 e
3030 5102 3176 5159 caelo
3208 5102 3452 5176 delapsa
3481 5109 3572 5160 est
3604 5121 3618 5160 :

1979 5197 2321 5254 Orationem
2352 5200 2514 5250 tuam
2544 5193 2739 5248 audivi
2765 5209 2778 5247 :
2807 5192 2978 5247 laetus
3001 5192 3073 5246 ad
3106 5207 3198 5246 me
3224 5192 3499 5248 ascende.
3521 5192 3625 5249 80

1975 5284 2117 5340 Illos
2147 5290 2348 5340 autem
2378 5287 2702 5355 imperator
2740 5281 2960 5335 illaesos
2998 5279 3290 5351 prodiisse
3344 5280 3620 5345 intuitus.

1977 5373 2255 5430 discessit
2289 5389 2301 5428 :
2333 5373 2447 5446 ipsi
2478 5388 2612 5428 vero
2660 5376 2916 5440 orantes,
2954 5370 3137 5425 ﬁnem
3187 5370 3416 5426 vivendi
3465 5369 3625 5428 fece-

1975 5468 2136 5520 runt.

2047 5572 2116 5626 Et
2146 5577 2419 5628 certamen
2447 5574 2760 5694 sanctorqrflpz
2797 5573 3122 5693 énartyrum
3176 5565 3466 5632 Manuelis,
3496 5574 3550 5621 et

2734 5656 2793 5694 eo
2836 5655 2954 5694 osu.

2734 5655 2954 5694 εοαοειι.

2047 5740 2276 5799 Manuel
2329 5757 2395 5796 ac
2451 5737 2834 5805 Theodosius,
2903 5735 3116 5792 Christi
3176 5741 3484 5805 martyres.
3547 5749 3614 5789 ex
