4158 6310
452 376 563 444 871
1770 377 2124 441 Μεαοιοε

2241 377 2448 440 PARS
2496 375 2600 437 ιιι.
3743 372 3864 435 3⁵13

455 515 848 575 Orientalium
873 516 1114 590 regione
1145 515 1546 582 oriundi,cum
1567 515 1935 571 Christianos
1948 531 2100 587 quo-

2236 514 2469 586 ὶπῆρχον
2503 509 2563 564 ἐκ
2586 517 2688 578 τῆς
2727 509 2916 585 χώρας
2941 515 3051 565 τῶν
3081 508 3473 580 Ἀνατολικῶν,
3502 511 3591 564 καὶ
3624 509 3861 584 ὁρῶντες

457 606 602 662 tidie
631 605 704 661 ab
736 605 1068 661 idololatris
1095 605 1378 662 trucidari
1410 609 1746 672 cernerent,
1779 604 2106 659 deliberato

2236 597 2339 662 τοὺς
2395 597 2756 674 Χριστιανοὺς
2811 599 2927 653 καθ’
2987 599 3217 668 ἑκάστην
3271 599 3484 672 ἡμέραν
3561 596 3866 674 φονευομέ-

457 695 621 752 inter
648 710 712 750 se
742 695 992 751 consilio
1037 698 1372 750 statuerunt
1420 693 1604 749 libere
1663 710 1859 766 agere,
1891 699 1949 748 et
2001 709 2108 765 pro

2236 699 2334 742 mc
2399 679 2504 735 ὑπὸ
2559 683 2666 733 τῶν
2723 675 3174 754 εἰδωλολατρῶν,
3244 679 3523 732 συνέθεντο
3582 674 3863 747 ἀλλήλοις

461 784 694 840 Christo
729 783 900 840 mori.
927 783 1321 849 Quamobrem
1353 781 1426 838 ad
1462 782 1574 838 loci
1606 782 1943 854 praesidem,
1969 788 2110 838 tunc

2236 767 2705 844 παρρησιάσασθαι,
2763 766 2854 822 καὶ
2922 766 3211 831 ἀποθανεῖν
3267 767 3400 841 ὑπὲρ
3447 769 3545 821 τοῦ
3603 768 3860 838 Χριστοῦ.

461 874 683 930 multos
713 872 1080 928 Christianos
1111 872 1186 926 ad
1231 852 1626 942 quaestionem
1682 876 1989 927 vocantem
2021 876 2112 926 at-

2236 856 2318 914 ίαῖ
2351 855 2752 918 διαπελθόντες.
2786 858 2980 929 (Forte
3015 874 3027 911 :
3061 853 3126 925 δὴ
3187 854 3531 926 ἀπελθόντες)
3561 852 3861 925 αὐτόματοι

464 979 579 1034 que
612 963 1312 1033 interﬁcientem,sponte
1342 977 1449 1017 sua
1478 977 1782 1017 accessere
1804 980 1814 1016 :
1835 968 2110 1017 etcoram

2236 966 2354 1019 τρος
2383 945 2476 1001 τὸν
2499 952 2598 1014 τῆς
2630 946 2816 1018 χώρας
2847 943 3112 1021 ἄρχοντα,
3143 939 3453 1015 ἐξετάζοντα
3473 943 3596 997 τότε
3617 939 3864 1003 πολλοὺς

462 1027 755 1118 astantes,
815 1051 1000 1106 libere
1059 1027 1358 1107 Christum
1417 1051 1866 1123 prmdicarunt,
1927 1067 2110 1122 seque

2236 1040 2323 1090 τῶν
2358 1038 2720 1109 Χριστιανῶν,
2778 1031 2868 1088 καὶ
2918 1033 3235 1110 φονεύοντα,
3295 1031 3592 1102 ἐστάθησαν
3651 1027 3862 1105 ἔμπρο-

463 1141 830 1198 Christianos
864 1140 1111 1212 professi
1171 1146 1328 1196 sunt.
1400 1141 1523 1206 Quo
1568 1141 1720 1196 facto
1783 1157 1904 1196 non
1936 1139 2110 1196 modo

466 1237 758 1304 quotquot
785 1231 1034 1286 aderant
1059 1230 1514 1302 praesentes,sed
1547 1231 1740 1302 ipsum
1763 1231 1943 1286 etiam
1968 1247 2112 1302 prm-

469 1321 654 1377 sidem
676 1337 746 1376 ea
775 1320 1120 1375 fortitudine
1134 1319 1509 1391 animiatque
1543 1320 1816 1375 libertate
1831 1320 2113 1391 obstupe-

466 1410 680 1466 fecere.
713 1412 859 1465 Tum
891 1402 1495 1480 vero'comprehensi.
1530 1409 1592 1463 in
1639 1424 1938 1464 carcerem
1969 1424 2113 1463 con-

464 1499 610 1573 jecti
641 1505 818 1554 sunt:
853 1499 991 1554 inde
1025 1498 1274 1553 evolutis
1305 1498 1536 1568 aliquot
1565 1497 1774 1552 diebus
1797 1515 1831 1552 a
1861 1496 2114 1569 praeside

472 1589 689 1653 educti,
721 1605 856 1645 cum
884 1587 1386 1660 compellerentur
1415 1587 1714 1642 Christum
1764 1603 2000 1658 negare,
2059 1591 2120 1641 et

471 1676 650 1732 idolis
690 1676 1044 1743 sacrificare,
1079 1693 1191 1731 nec
1221 1675 1295 1729 ad
1326 1675 1383 1728 id
1401 1675 1615 1730 adduci
1647 1681 1914 1747 possent,
1940 1674 2119 1746 pluri-

471 1764 585 1821 bus
615 1763 976 1820 cruciatibus
1006 1763 1465 1836 subjecti,lignis
1497 1763 1793 1834 suspensi,
1828 1762 2018 1818 latera
2038 1761 2121 1817 di-

470 1853 736 1919 lacerati,
768 1853 1146 1925 postmodum
1173 1869 1204 1907 e
1234 1852 1411 1924 lignis
1441 1852 1911 1925 depositi,acutis
1943 1867 2123 1924 super

473 1941 712 2000 tribulis
743 1942 1028 2015 impositi,
1060 1941 1301 1998 demum
1331 1941 1608 1997 decollati
1634 1945 1792 1997 sunt.

629 2199 698 2254 Et
728 2203 1003 2253 certamen
1033 2199 1369 2252 sacrosancti
1418 2197 1684 2266 martyris
1732 2193 1974 2250 ϐοάν-ατί.

546 2357 970 2413 Sacrosanctus
998 2361 1225 2428 martyr
1243 2355 1529 2411 Codratus
1551 2371 1686 2410 cum
1714 2360 1871 2410 esset
1891 2353 2088 2426 episco
2104 2384 2121 2396 -

475 2463 610 2521 pus,
642 2451 702 2502 et
729 2446 805 2502 ab
835 2445 1131 2501 idolorum
1189 2444 1517 2500 cultoribus
1566 2445 1638 2500 ab
1699 2443 1866 2509 urbe,
1912 2444 1975 2499 in
2006 2459 2124 2514 qua

475 2536 671 2592 fuerat
699 2535 1028 2596 ordinatus,
1063 2533 1344 2605 expulsus
1375 2534 1606 2598 fuisset,
1649 2533 1882 2605 ipsique
1936 2533 2121 2588 inter-

477 2625 794 2691 dictum,in
827 2625 1070 2678 nomine
1101 2622 1316 2678 Christi
1349 2622 1585 2688 docere,
1608 2623 1654 2678 si
1677 2622 1918 2693 quidem
1950 2622 2126 2677 vellet

477 2717 690 2781 vivere,
722 2734 843 2772 non
877 2716 1052 2771 modo
1083 2717 1240 2771 istud
1280 2717 1472 2772 facere
1521 2733 1644 2770 non
1698 2715 1966 2782 cessavit,
2021 2732 2121 2772 ve-

475 2823 609 2862 rum
641 2807 820 2862 etiam
853 2811 1034 2861 totam
1065 2806 1272 2860 urbem
1304 2806 1683 2867 circumiens,
1707 2809 2000 2875 quotquot
2027 2821 2122 2859 ca-

476 2900 867 2956 techumenos
897 2899 1139 2970 reperit,
1192 2898 1542 2970 baptizavit:
1586 2914 1696 2952 nec
1753 2897 2124 2952 Christianos

475 2988 762 3045 duntaxat
789 2988 850 3042 in
882 2987 1153 3043 custodia
1181 2987 1474 3055 detentos,
1511 2987 1614 3042 sed
1644 2986 1823 3041 etiam
1848 2985 2122 3041 infideles

472 3078 749 3135 visitahat
775 3095 787 3132 :
822 3081 881 3132 et
908 3077 1044 3132 illos
1068 3076 1309 3149 quidem
1337 3075 1626 3132 reddebat
1645 3075 1719 3131 ad
1750 3090 2127 3146 perseveran-

474 3167 617 3224 dum
676 3167 739 3221 in
795 3165 1013 3220 Christi
1075 3163 1190 3220 ﬁde
1235 3165 1632 3236 promptiores
1665 3184 1678 3230 ;
1712 3165 1819 3219 hos
1849 3180 1984 3218 vero
2019 3162 2124 3217 do-

2220 1127 2340 1180 σθεν
2369 1125 2556 1180 αὐτοῦ’
2614 1124 2705 1178 καὶ
2761 1121 3040 1198 παρρησίᾳ
3093 1122 3186 1176 τὸν
3247 1122 3480 1196 Χριστὸν
3527 1119 3861 1193 ἀνακηρύξαν

2218 1235 2328 1282 τες,
2373 1213 2463 1268 καὶ
2495 1213 2718 1274 ἓαυτοὺς
2752 1211 3107 1286 Χριστιανοὺς
3137 1211 3606 1284 ὁμολογήσαντες,
3636 1209 3868 1280 ἐξεπλη-

2221 1307 2312 1377 ξαν
2345 1303 2408 1358 οὐ
2441 1302 2608 1375 μόνον
2640 1301 2768 1363 τοὺς
2799 1304 3170 1375 παρεστῶτας,
3203 1299 3351 1354 ἀλλά
3378 1298 3467 1352 καὶ
3507 1299 3598 1353 τὸν
3627 1295 3873 1372 ἄρχοντα

2221 1396 2290 1466 τῇ
2323 1389 2540 1466 ἀνδρείᾳ
2588 1391 2767 1446 αὐτῶν
2829 1390 2918 1444 καὶ
2977 1389 3276 1466 παρῥησίᾳ.
3328 1387 3469 1444 Τότε
3521 1389 3874 1459 κρατηθέντες

2223 1481 2655 1551 ἂπεκλείσθησαν
2701 1479 2780 1542 εἷς
2839 1481 3106 1556 φυλακήν·
3141 1478 3231 1533 καὶ
3285 1475 3418 1550 μετά
3467 1497 3618 1540 τινας
3662 1477 3877 1550 ἡμερας

2225 1566 2476 1626 ἐκϐαλὼν
2507 1568 2704 1630 αὐτοὺς
2737 1569 2764 1622 ὁ
2820 1568 3010 1642 ἅρχων
3061 1573 3162 1636 τῆς
3220 1566 3497 1643 φυλακῆς,
3527 1577 3880 1638 κατηνάγκα-

2227 1666 2311 1730 ζεν
2344 1660 2675 1733 ἀρνήσασθαι
2706 1655 2797 1712 τὸν
2832 1657 3084 1728 Χριστὸν,
3124 1657 3214 1710 καὶ
3261 1657 3415 1710 θῦσαι
3445 1659 3560 1715 τοῖς
3594 1651 3872 1714 εἰδώλοις.

2222 1749 2284 1804 Ὠ
2315 1746 2373 1803 δὲ
2399 1747 2497 1803 οὐκ
2521 1745 2752 1818 ἔπεισεν,
2810 1744 3040 1800 πλεῖστα
3100 1745 3410 1820 βασανίσας,
3440 1742 3530 1798 καὶ
3562 1741 3648 1798 ἐπὶ
3697 1741 3875 1813 ξύλων

2226 1837 2502 1912 κρεμάσας
2539 1835 2758 1905 αὐτοὺς,
2790 1834 3004 1896 καὶτὰς
3061 1834 3301 1903 πλευράς
3359 1832 3531 1904 ξέσας,
3591 1833 3708 1888 εἶτα
3760 1837 3874 1888 τῶν

2150 1889 2200 1953 Β
2229 1889 2406 2000 ξόλὶυν
2433 1922 2826 1996 καταϐιϐάσας,
2856 1926 2944 1980 καὶ
2978 1925 3067 1980 ἐπὶ
3111 1919 3387 2000 τριϐόλων
3450 1922 3612 1994 όξέων
3668 1907 3876 1987 ἐπιθεὶς

2227 2015 2446 2085 αὐτοὺς,
2478 2014 2636 2078 τέλος
2668 2013 3084 2092 ἀπεκεφάλισεν.

2335 2177 2432 2233 Καὶ
2467 2175 2698 2247 ἄθλησις
2727 2179 2824 2230 τοῦ
2854 2173 3010 2250 ἁγίου
3039 2171 3436 2251 ἱερομάρτυρος
3468 2169 3768 2249 Κοδρᾶτου.

2301 2351 2576 2428 Κοδράτος
2611 2354 2638 2408 ὁ
2697 2352 3056 2428 ὶερομάρτυρ,
3116 2350 3411 2414 ἐπίσκοπος
3465 2348 3563 2418 ὣν,
3599 2349 3690 2406 καὶ
3747 2346 3879 2404 διω-

2232 2442 2385 2519 χθεὶς
2443 2443 2546 2498 ὑπὸ
2589 2447 2695 2497 τῶν
2757 2439 3176 2514 είδωλολατρῶν
3225 2438 3285 2495 ἐκ
3330 2444 3429 2505 τῆς
3459 2438 3698 2507 πόλεως,
3731 2437 3781 2494 ἐν
3839 2437 3880 2514 ᾖ

2233 2532 2654 2608 ἐχειροτονήθη,
2712 2531 2801 2585 καὶ
2870 2529 3238 2606 παραγγελίαν
3271 2527 3578 2601 δεξάμενος,
3615 2529 3690 2602 μή
3723 2525 3879 2583 διδά-

2231 2642 2375 2677 σκειν
2408 2621 2492 2675 ἐπὶ
2525 2625 2604 2692 τῷ
2637 2619 2863 2691 ὀνόματι
2921 2623 3017 2673 τοῦ
3075 2619 3332 2692 Χριστοῦ,
3381 2616 3432 2671 εἶ’
3462 2615 3719 2692 βούλοιτο
3753 2619 3878 2689 ζῇν,

2242 2710 2305 2765 οὐ
2341 2711 2502 2783 μόνον
2537 2709 2632 2764 οὐκ
2665 2708 2933 2764 ἐπαύσατο
2958 2712 3119 2762 τοῦτο
3158 2712 3358 2777 ποιεῖν,
3387 2703 3533 2761 ἀλλά
3559 2706 3647 2760 καὶ
3703 2711 3879 2759 πᾶσαν

2231 2799 2395 2855 πόλιν
2437 2799 2890 2874 περιερχόμενος,
2948 2799 3113 2861 ὅσους
3167 2795 3378 2872 εὕρισκε
3428 2794 3881 2869 κατηχουαένους

2233 2885 2505 2958 ἐϐάπτιζεο
2555 2889 2644 2942 καὶ
2700 2886 2829 2948 τοὺς
2885 2885 2936 2941 ἐν
2993 2883 3262 2960 φυλακαῖς
3318 2889 3751 2958 κρατουμένους,
3808 2883 3878 2938 οὐ

2233 2977 2582 3050 Χριστιανοὺς
2618 2975 2807 3050 μόνον,
2860 2975 3004 3030 ἀλλά
3059 2975 3147 3029 καὶ
3200 2973 3456 3036 ἀπίστους
3502 2970 3878 3044 ἐπεσκέπτετο,

2231 3066 2478 3129 καὶτοὺς
2542 3067 2637 3139 μὶν
2698 3065 3130 3138 προεθυμοποίει
3191 3063 3442 3136 ἐμμένειν
3482 3066 3552 3135 τῇ
3612 3061 3688 3125 είς
3756 3068 3886 3138 Χρι-

2234 3155 2360 3211 στὸν
2417 3155 2622 3222 πίστει,
2673 3153 2803 3216 τοὺς
2855 3151 2913 3208 δὲ
2961 3151 3051 3208 διά
3109 3148 3462 3214 διδασκαλίας
3509 3150 3714 3206 ἔπεισεν
3756 3149 3883 3228 ἀερί-

473 3259 660 3316 cendo
690 3258 1061 3324 hortabatur,
1093 3263 1158 3311 ut
1187 3256 1348 3312 idola
1379 3257 1744 3320 desererent,
1771 3255 1975 3311 dicens
1993 3255 2079 3310 eis
2111 3271 2123 3309 :

2237 3245 2456 3300 στασθαι
2482 3249 2590 3298 τῶν
2623 3239 2896 3309 εἰδώλων,
2925 3240 3099 3317 λέγων
3131 3241 3342 3302 αὐτοῖς·
3394 3237 3615 3309 Ἐπειδή
3652 3238 3885 3312 μέΛλετε

475 3349 968 3420 Quandoquidem
999 3349 1270 3404 morituri
1322 3349 1484 3413 estis,
1521 3349 1809 3420 perempti
1857 3348 1928 3404 ab
1979 3347 2125 3414 illis,

480 3440 580 3511 qui
609 3455 706 3494 vos
737 3439 798 3493 in
829 3439 986 3492 hunc
1036 3453 1336 3493 carcerem
1389 3437 1793 3503 detruserunt,
1834 3437 1924 3492 8|
1969 3441 2125 3490 sata-

479 3529 618 3603 gite,
655 3533 722 3582 ut
750 3544 854 3599 pro
884 3527 1115 3583 Christo
1147 3525 1680 3589 moriamini,bona
1711 3543 1840 3597 quas
1875 3525 1996 3579 illic
2035 3541 2126 3579 re-

480 3621 676 3696 posita
706 3619 1524 3692 sunt.consecuturi.Agnitus
1553 3619 1751 3690 itaque
1775 3618 1846 3674 ab
1879 3617 2126 3673 idolola-

480 3717 793 3785 tris,atque
807 3720 1174 3786 captus,post
1188 3713 1407 3768 multos
1428 3713 1724 3768 cruciatus
1737 3719 2126 3777 etmrumuas,

479 3807 676 3883 gladio
707 3813 1049 3879 peremptus
1080 3812 1208 3862 est:
1239 3812 1416 3878 atque
1461 3805 1544 3861 ita
1575 3806 1752 3860 vitam
1784 3804 2021 3869 finiens,
2053 3803 2127 3859 ad

478 3897 778 3954 Christum
801 3895 1091 3968 migravit.

657 4039 726 4094 Et
756 4045 1030 4092 certamen
1081 4039 1261 4092 sancti
1295 4035 1566 4107 Stephani
1604 4033 1947 4104 confessoris.

553 4201 888 4272 Stephanus
917 4199 1133 4255 Christi
1165 4198 1490 4265 confessor,
1517 4199 1712 4254 Leone
1744 4197 2128 4253 Armenoim-

481 4288 1086 4366 perante,monachus
1119 4287 1327 4349 factus,
1351 4303 1486 4342 cum
1515 4286 1830 4341 virtutibus
1853 4285 2130 4340 omnibus

483 4388 642 4440 esset
660 4379 1112 4436 ornatusetiam
1146 4376 1462 4449 praefectus
1490 4376 1838 4431 monasterii
1873 4374 2128 4447 Triglim,

482 4471 786 4532 monachis
809 4467 1174 4543 rogantibus,
1218 4472 1452 4521 creatus
1504 4464 1637 4532 fuit,
1689 4464 1791 4519 ubi
1841 4464 2132 4536 plurimos

483 4565 606 4620 suis
635 4558 1110 4618 institutionibus
1155 4556 1327 4628 juvit,
1384 4571 1683 4627 purosque
1742 4554 1860 4609 Deo
1891 4553 2124 4608 obtulit.

2239 3333 2523 3388 ἀποθανεῖν
2581 3331 2726 3405 παρὰ
2781 3335 2891 3386 τῶν
2950 3328 3392 3385 ἀποκλεισάντων
3452 3329 3591 3402 ὑμᾶς
3674 3326 3724 3382 ἐν
3811 3332 3881 3402 τῇ

2239 3421 2457 3496 φυλακῇ
2485 3417 2798 3494 τα’3τῃ,κέίν
2832 3417 2921 3474 διὰ
2975 3420 3068 3473 τὸν
3127 3419 3358 3491 Χριστὸν
3416 3418 3736 3486 ἀποθάνετε,
3786 3414 3883 3472 ’ίνα

3261 3507 3524 3570 Γνωσθεὶς
3583 3507 3678 3562 οὖν
3735 3509 3882 3578 παρά

3453 3598 3586 3669 μετά
3662 3595 3883 3660 πολλάς
3905 3602 3916 3619 ’

2237 3511 2444 3587 τύχητε
2497 3516 2605 3566 τῶν
2665 3511 2866 3574 ἐκεῖθεν
2936 3509 3172 3583 ἀγαθῶν.

2234 3605 2341 3655 τῶν
2400 3597 2842 3672 εἶδωλολατρῶν,
2916 3599 3007 3653 καὶ
3065 3599 3374 3672 κρατηθεὶς,

2235 3689 2503 3764 τιμωρίας
2533 3689 2622 3744 καὶ
2661 3689 2949 3755 κακώσεις,
3003 3691 3071 3761 τῇ
3125 3689 3373 3761 μαχαίρᾳ
3428 3686 3733 3764 ἀπεσφάγη,
3792 3685 3886 3740 καὶ

2237 3780 2378 3836 οὕτω
2406 3777 2715 3843 τελειωθεὶς
2748 3779 2882 3854 πρὸς
2913 3777 3139 3854 Χριστὸν
3173 3773 3525 3850 ἐξεδήμησεν.

2380 4019 2482 4080 Καὶ
2515 4018 2746 4090 ἄθλησις
2765 4023 2864 4075 τοῦ
2913 4019 3065 4074 ὁσίου
3105 4016 3377 4099 Στεφάνου
3403 4021 3502 4074 τοῦ
3531 4013 3742 4090 όμολο·

3002 4111 3196 4164 γητου.

2318 4209 2588 4284 Στέφανος
2618 4207 2646 4262 ὁ
2697 4206 3063 4281 ὁμολογητής
3091 4209 3190 4260 τοῦ
3247 4206 3503 4279 Χριστοῦ,
3541 4203 3608 4274 ἦν
3641 4204 3729 4260 ἐπὶ
3785 4211 3891 4273 τῆς

2243 4295 2525 4375 βασιλείας
2585 4297 2819 4358 Λέοντος
2875 4299 2972 4350 τοῦ
3029 4294 3350 4370 Ἀρμενίου,
3439 4295 3681 4370 μοναχὸς
3733 4295 3894 4369 γενό-

2243 4408 2425 4460 μενος,
2487 4386 2577 4441 καὶ
2637 4392 2809 4440 πᾶσαν
2871 4384 3068 4459 ἀρετήν
3123 4383 3498 4455 κατορθώσας,
3550 4381 3621 4438 δι’
3675 4385 3742 4453 ἧς
3795 4384 3892 4438 καὶ

2237 4477 2572 4552 Ἣγοῦμενος
2623 4477 2860 4552 γεγονὼς
2917 4482 3016 4544 τῆς
3078 4478 3274 4548 μονῆς.
3339 4474 3653 4550 Τριγλείας,
3713 4495 3893 4548 παρα-

2241 4567 2433 4636 κλήσει
2463 4571 2570 4620 τῶν
2607 4570 2891 4640 μοναχῶν,
2946 4562 3195 4624 πολλοὺς
3238 4561 3326 4618 διὰ
3381 4571 3480 4632 τῆς
3539 4561 3899 4627 διδασκαλίας-

627 4659 831 4724 postea.
859 4665 995 4706 cum
1029 4617 1554 4719 prmiatus’impius
1586 4617 1910 4716 imperator
1940 4643 2124 4698 haere-

2238 4655 2400 4710 αὐτοῦ
2477 4653 2752 4730 ὠφέλησε,
2810 4653 2900 4708 καὶ
2958 4652 3230 4726 καθαροὺς
3283 4657 3364 4723 τῷ
3430 4657 3546 4721 Θεῷ
3613 4656 3887 4726 παρεστη-

485 4744 598 4800 sim
631 4743 908 4798 adversus
938 4755 1136 4794 sacras
1165 4736 1651 4807 venerandasque
1693 4735 1980 4807 imagines
2005 4751 2126 4790 mo-

483 4839 1022 4904 visset.saavamque
1035 4832 1508 4905 persecutionem
1535 4836 1741 4886 contra
1770 4828 2129 4885 orthodoxos

487 4929 822 4993 excitasset,
853 4925 1175 4981 accersitus
1207 4928 1264 4977 et
1293 4923 1417 4994 ipse
1457 4921 1804 4994 adigebatur
1832 4920 2126 4976 adoratio-

485 5033 624 5076 nem
656 5020 994 5072 sanctarum
1024 5012 1351 5084 imaginum
1383 5011 1819 5082 ejurare,atque
1849 5009 2128 5066 adversus

487 5105 873 5164 orthodoxam
899 5102 1076 5157 ﬁdem
1126 5117 1189 5155 se
1231 5099 1622 5154 subscribere.
1677 5099 1842 5165 Quod
1874 5115 2008 5155 cum
2065 5113 2130 5153 se

484 5196 779 5252 facturum
813 5195 1103 5261 negasset.
1132 5187 1231 5243 sed
1255 5193 1314 5241 et
1342 5187 1556 5258 impios
1577 5188 2032 5258 appellaret,qui
2054 5186 2129 5242 ad

485 5283 646 5341 istud
674 5276 1134 5353 perpetrandum
1195 5275 1651 5345 compellebant.
1686 5276 1957 5346 pluribus
2009 5275 2127 5347 pri-

485 5391 650 5433 mum
671 5367 1030 5426 cruciatibus
1055 5372 1315 5429 vexatus,
1350 5371 1409 5420 et
1437 5365 1496 5419 in
1530 5367 1800 5421 custodia
1829 5367 2142 5433 detentus,

484 5467 546 5522 in
580 5461 854 5519 exsilium
881 5457 1118 5512 tandem
1133 5456 1476 5526 deportatus
1497 5461 1810 5527 estzatque
1833 5456 1893 5510 in
1921 5457 2125 5511 exsilio

485 5553 694 5614 morbo
725 5553 1051 5617 correptus.
1084 5545 1157 5600 ad
1192 5545 1528 5604 Dominum.
1590 5561 1696 5616 pro
1747 5561 1862 5616 quo
1908 5545 2128 5602 multos

486 5645 922 5709 diuturnosque
978 5636 1212 5694 labores
1258 5636 1642 5702 exhauserat,
1702 5635 1874 5692 lmtus
1916 5637 2128 5710 migra-

490 5737 588 5792 vit.

2238 4766 2346 4803 σεν.
2378 4743 2558 4802 Ἀλλά
2591 4744 2727 4815 μετὰ
2755 4747 2921 4797 ταῦτα
2963 4746 3061 4798 τοῦ
3121 4741 3378 4818 ῥηθίντος
3435 4737 3728 4804 δυσσεϐοῦς
3790 4744 3890 4818 βα-

2237 4832 2436 4896 σιλέως
2496 4831 2697 4906 α’ἶρεσιν
2754 4833 3078 4903 κινήσαντος
3161 4831 3298 4886 κατᾶ
3347 4835 3455 4886 τῶν
3520 4833 3710 4907 ἁγίων,
3797 4837 3890 4890 καὶ

2237 4927 2446 4978 σεπτῶν
2481 4921 2726 4990 εἰκόνων,
2757 4921 2848 4976 καὶ
2907 4919 3154 4996 διωγμὸν
3219 4921 3356 4975 κατὰ
3408 4925 3515 4976 τῶν
3576 4918 3884 4996 όρθοδόξων

2236 5012 2510 5084 ἂραμὲνου
2541 5010 2756 5084 πικρὸν,
2789 5008 3160 5085 προσκληθεὶς
3220 5010 3310 5064 καὶ
3369 5009 3557 5076 αὐτὸς,
3612 5029 3884 5082 κατηναγ-

2235 5101 2426 5169 κάζετο
2459 5100 2791 5175 ἀρνήσασθαι
2832 5100 2933 5168 τήν
2989 5099 3360 5172 προσκύνησιν
3410 5103 3518 5153 τῶν
3581 5099 3748 5173 ἁγιων
3804 5098 3886 5153 εἲ-

2235 5190 2430 5256 κόνων,
2471 5187 2561 5243 καὶ
2594 5188 2908 5263 ὑπογράψαι
2930 5188 3068 5243 κατά
3121 5191 3222 5252 τῆς
3283 5184 3582 5264 ὀρθοδόξου
3626 5188 3884 5250 πίστεως.

2239 5279 2335 5335 Καὶ
2372 5279 2448 5350 μὴ
2499 5277 2740 5340 πεισθεὶς
2793 5267 2957 5332 τοῦτο
3006 5282 3255 5346 ποιῆσαι,
3316 5275 3464 5332 ἀλλά
3495 5275 3709 5349 μᾶλλον
3758 5274 3888 5331 δυσ-

2236 5362 2411 5428 σεϐεῖς
2469 5366 2817 5428 ἀποκαλέσας
2877 5365 3008 5429 τοὺς
3057 5365 3135 5429 εἰς
3188 5369 3352 5421 τοῦτο
3402 5365 3560 5421 αὐτὸν
3616 5385 3892 5444 καταναγ-

2234 5456 2518 5526 κάζοντας,
2559 5461 2788 5510 πλεῖστα
2837 5455 3178 5529 τιμωρηθεὶς
3235 5455 3522 5528 πρότερον,
3576 5455 3664 5510 καὶ
3705 5455 3884 5533 φυλα-

2234 5551 2357 5605 καῖς
2388 5543 2829 5616 προσομιλήσας,
2880 5542 3169 5617 ἐξωρίσθη.
3233 5544 3327 5600 Καὶ
3360 5543 3414 5599 ἐν
3471 5547 3540 5618 τῇ
3580 5543 3760 5620 ἐξορίᾳ
3788 5566 3884 5602 νο-

2236 5639 2425 5707 σήσας,
2455 5637 2590 5706 πρὸς
2623 5635 2847 5708 Κύριον,
2871 5631 2941 5690 δι’
2967 5634 3026 5688 δν
3053 5635 3180 5696 τοὺς
3203 5633 3470 5704 πολλοὺς,
3509 5635 3599 5692 καὶ
3634 5636 3879 5708 μακροὺς

2234 5727 2436 5788 πόνους
2465 5723 2688 5794 ὀπί-στῆ,
2722 5722 2930 5798 χαίρων
2960 5719 3333 5794 ἒξεδήμησινμ
3381 5755 3396 5770 .
