  <div class='ocr_page' id='page_1' title='image "/cluster/home/n/w/nwhite01/storage/ocr_20150623/117/mdp.39015038086818/194.png"; bbox 0 0 4134 6302; ppageno 0'>
   <div class='ocr_carea' id='block_1_1' title="bbox 242 324 3698 410">
    <p class='ocr_par' dir='ltr' id='par_1_1' title="bbox 242 324 3698 410">
     <span class='ocr_line' id='line_1_1' title="bbox 242 324 3698 410; baseline 0.003 -15"><span class='ocrx_word' id='word_1_1' title='bbox 242 324 359 387; x_wconf 77' lang='lat'><strong>313</strong></span> <span class='ocrx_word' id='word_1_2' title='bbox 1777 339 2148 403; x_wconf 80' lang='lat' dir='ltr'><strong>MARTIUS.</strong></span> <span class='ocrx_word' id='word_1_3' title='bbox 3581 351 3698 410; x_wconf 65' lang='lat'><strong>374</strong></span> 
     </span>
    </p>
   </div>
   <div class='ocr_carea' id='block_1_2' title="bbox 825 472 1914 541">
    <p class='ocr_par' dir='ltr' id='par_1_2' title="bbox 825 472 1410 532">
     <span class='ocr_line' id='line_1_2' title="bbox 825 472 1410 532; baseline 0.007 -4"><span class='ocrx_word' id='word_1_4' title='bbox 825 472 1007 529; x_wconf 70' lang='grc' dir='ltr'><strong>ΜΗΝΙ</strong></span> <span class='ocrx_word' id='word_1_5' title='bbox 1063 476 1145 528; x_wconf 85' lang='grc' dir='ltr'>ΤΩ</span> <span class='ocrx_word' id='word_1_6' title='bbox 1203 474 1410 532; x_wconf 78' lang='grc' dir='ltr'><strong>ΑΤΤΩ.</strong></span> 
     </span>
    </p>
   </div>
   <div class='ocr_carea' id='block_1_3' title="bbox 2029 472 3126 541">
    <p class='ocr_par' dir='ltr' id='par_1_3' title="bbox 2029 478 3126 540">
     <span class='ocr_line' id='line_1_3' title="bbox 2029 478 3126 540; baseline 0.002 -9"><span class='ocrx_word' id='word_1_7' title='bbox 2029 531 2033 540; x_wconf 85' lang='lat'><em>_</em></span> <span class='ocrx_word' id='word_1_8' title='bbox 2604 478 2843 534; x_wconf 86' lang='lat' dir='ltr'><strong>EODEM</strong></span> <span class='ocrx_word' id='word_1_9' title='bbox 2874 479 3126 535; x_wconf 79' lang='lat' dir='ltr'><strong>MENSE.</strong></span> 
     </span>
    </p>
   </div>
   <div class='ocr_carea' id='block_1_4' title="bbox 1044 564 3196 627">
    <p class='ocr_par' dir='ltr' id='par_1_4' title="bbox 1044 564 3196 627">
     <span class='ocr_line' id='line_1_4' title="bbox 1044 564 3196 627; baseline 0.003 -7"><span class='ocrx_word' id='word_1_10' title='bbox 1044 564 1151 620; x_wconf 82' lang='lat' dir='ltr'><strong>KH‘</strong></span> <span class='ocrx_word' id='word_1_11' title='bbox 2547 570 2650 624; x_wconf 90' lang='lat' dir='ltr'><strong>Die</strong></span> <span class='ocrx_word' id='word_1_12' title='bbox 2681 570 2960 625; x_wconf 85' lang='lat' dir='ltr'><strong>vicesima</strong></span> <span class='ocrx_word' id='word_1_13' title='bbox 2993 579 3196 627; x_wconf 88' lang='lat' dir='ltr'><strong>octava</strong></span> 
     </span>
    </p>
   </div>
   <div class='ocr_carea' id='block_1_5' title="bbox 333 661 1914 795">
    <p class='ocr_par' dir='ltr' id='par_1_5' title="bbox 333 661 1871 795">
     <span class='ocr_line' id='line_1_5' title="bbox 333 661 1871 795; baseline 0.004 -75"><span class='ocrx_word' id='word_1_14' title='bbox 333 661 612 732; x_wconf 72' lang='grc' dir='ltr'>Ἀθλησις</span> <span class='ocrx_word' id='word_1_15' title='bbox 645 671 760 737; x_wconf 83' lang='grc' dir='ltr'><strong>τῆς</strong></span> <span class='ocrx_word' id='word_1_16' title='bbox 792 666 949 742; x_wconf 80' lang='grc' dir='ltr'>ἁγίας</span> <span class='ocrx_word' id='word_1_17' title='bbox 975 669 1306 795; x_wconf 50' lang='grc' dir='ltr'><strong>λΜοὶτριιῖινης</strong></span> <span class='ocrx_word' id='word_1_18' title='bbox 1358 675 1460 741; x_wconf 83' lang='grc' dir='ltr'><strong>τῆς</strong></span> <span class='ocrx_word' id='word_1_19' title='bbox 1515 670 1622 726; x_wconf 82' lang='grc' dir='ltr'><strong>ἀπὸ</strong></span> <span class='ocrx_word' id='word_1_20' title='bbox 1675 676 1871 726; x_wconf 83' lang='grc' dir='ltr'>Θεσσα-</span> 
     </span>
     <span class='ocr_line' id='line_1_6' title="bbox 519 761 1218 795; baseline 0 0"><span class='ocrx_word' id='word_1_21' title='bbox 519 791 530 795; x_wconf 92' lang='grc'><strong>-</strong></span> <span class='ocrx_word' id='word_1_22' title='bbox 1013 762 1070 795; x_wconf 86' lang='grc' dir='ltr'><strong>ον</strong></span> <span class='ocrx_word' id='word_1_23' title='bbox 1097 761 1218 795; x_wconf 73' lang='lat' dir='ltr'><strong>xm.</strong></span> 
     </span>
    </p>
   </div>
   <div class='ocr_carea' id='block_1_6' title="bbox 2029 661 3617 795">
    <p class='ocr_par' dir='ltr' id='par_1_6' title="bbox 2119 675 3617 739">
     <span class='ocr_line' id='line_1_7' title="bbox 2119 675 3617 739; baseline 0.005 -9"><span class='ocrx_word' id='word_1_24' title='bbox 2119 675 2219 732; x_wconf 71' lang='lat'><strong>82</strong></span> <span class='ocrx_word' id='word_1_25' title='bbox 2253 678 2531 732; x_wconf 84' lang='lat' dir='ltr'><strong>Certamen</strong></span> <span class='ocrx_word' id='word_1_26' title='bbox 2560 684 2761 732; x_wconf 73' lang='lat' dir='ltr'><strong>sanctae</strong></span> <span class='ocrx_word' id='word_1_27' title='bbox 2789 681 3058 734; x_wconf 69' lang='lat' dir='ltr'><strong>Matrona:</strong></span> <span class='ocrx_word' id='word_1_28' title='bbox 3105 697 3173 734; x_wconf 75' lang='lat' dir='ltr'><strong>ea:</strong></span> <span class='ocrx_word' id='word_1_29' title='bbox 3215 680 3617 739; x_wconf 85' lang='lat' dir='ltr'><strong>Thessalonica.</strong></span> 
     </span>
    </p>
   </div>
   <div class='ocr_carea' id='block_1_7' title="bbox 1013 761 1218 812">
    <p class='ocr_par' dir='ltr' id='par_1_7' title="bbox 1013 761 1218 812">
     <span class='ocr_line' id='line_1_8' title="bbox 1013 761 1218 812; baseline 0 -17"><span class='ocrx_word' id='word_1_30' title='bbox 1013 761 1218 812; x_wconf 88' lang='grc' dir='ltr'>ονικης.</span> 
     </span>
    </p>
   </div>
   <div class='ocr_carea' id='block_1_8' title="bbox 355 861 1938 942">
    <p class='ocr_par' dir='ltr' id='par_1_8' title="bbox 355 861 1938 942">
     <span class='ocr_line' id='line_1_9' title="bbox 355 861 1938 942; baseline 0.003 -23"><span class='ocrx_word' id='word_1_31' title='bbox 355 861 618 939; x_wconf 72' lang='grc' dir='ltr'>Ματρώνα</span> <span class='ocrx_word' id='word_1_32' title='bbox 648 865 686 934; x_wconf 77' lang='grc' dir='ltr'><strong>ὴ</strong></span> <span class='ocrx_word' id='word_1_33' title='bbox 734 868 836 920; x_wconf 83' lang='grc' dir='ltr'><strong>τοῦ</strong></span> <span class='ocrx_word' id='word_1_34' title='bbox 858 869 1096 940; x_wconf 71' lang='grc' dir='ltr'>Χριστοῦ</span> <span class='ocrx_word' id='word_1_35' title='bbox 1143 868 1349 942; x_wconf 91' lang='grc' dir='ltr'>μάρτυς</span> <span class='ocrx_word' id='word_1_36' title='bbox 1394 867 1462 938; x_wconf 79' lang='grc' dir='ltr'>ἦν</span> <span class='ocrx_word' id='word_1_37' title='bbox 1497 867 1556 923; x_wconf 87' lang='grc' dir='ltr'><strong>ἐκ</strong></span> <span class='ocrx_word' id='word_1_38' title='bbox 1581 873 1683 938; x_wconf 81' lang='grc' dir='ltr'><strong>τῆς</strong></span> <span class='ocrx_word' id='word_1_39' title='bbox 1718 865 1938 931; x_wconf 87' lang='grc' dir='ltr'>πόλεως</span> 
     </span>
    </p>
   </div>
   <div class='ocr_carea' id='block_1_9' title="bbox 294 951 1939 1032">
    <p class='ocr_par' dir='ltr' id='par_1_9' title="bbox 294 951 1939 1032">
     <span class='ocr_line' id='line_1_10' title="bbox 294 951 1939 1032; baseline 0.001 -22"><span class='ocrx_word' id='word_1_40' title='bbox 294 952 732 1022; x_wconf 81' lang='grc' dir='ltr'>θεσσαλονίκης,</span> <span class='ocrx_word' id='word_1_41' title='bbox 824 951 996 1026; x_wconf 97' lang='grc' dir='ltr'>δούλη</span> <span class='ocrx_word' id='word_1_42' title='bbox 1069 957 1319 1032; x_wconf 83' lang='grc' dir='ltr'>γυναικὸς</span> <span class='ocrx_word' id='word_1_43' title='bbox 1403 954 1686 1026; x_wconf 81' lang='grc' dir='ltr'><strong>Ἰουδαίας,</strong></span> <span class='ocrx_word' id='word_1_44' title='bbox 1772 955 1939 1030; x_wconf 79' lang='grc' dir='ltr'>ἄνδρα</span> 
     </span>
    </p>
   </div>
   <div class='ocr_carea' id='block_1_10' title="bbox 294 1043 1936 1119">
    <p class='ocr_par' dir='ltr' id='par_1_10' title="bbox 294 1043 1936 1119">
     <span class='ocr_line' id='line_1_11' title="bbox 294 1043 1936 1119; baseline 0.001 -19"><span class='ocrx_word' id='word_1_45' title='bbox 294 1045 522 1115; x_wconf 74' lang='grc' dir='ltr'>ἐχούσης</span> <span class='ocrx_word' id='word_1_46' title='bbox 591 1043 1078 1119; x_wconf 72' lang='grc' dir='ltr'><strong>στρατοπεδάρχην</strong></span> <span class='ocrx_word' id='word_1_47' title='bbox 1166 1045 1589 1118; x_wconf 75' lang='grc' dir='ltr'>Θεσσαλονίκης.</span> <span class='ocrx_word' id='word_1_48' title='bbox 1669 1047 1936 1104; x_wconf 84' lang='grc' dir='ltr'>Ἀκολου-</span> 
     </span>
    </p>
   </div>
   <div class='ocr_carea' id='block_1_11' title="bbox 295 1132 1934 1212">
    <p class='ocr_par' dir='ltr' id='par_1_11' title="bbox 295 1132 1934 1212">
     <span class='ocr_line' id='line_1_12' title="bbox 295 1132 1934 1212; baseline 0.002 -23"><span class='ocrx_word' id='word_1_49' title='bbox 295 1137 456 1190; x_wconf 85' lang='grc' dir='ltr'>θοῦσα</span> <span class='ocrx_word' id='word_1_50' title='bbox 489 1132 547 1189; x_wconf 80' lang='grc' dir='ltr'>δὶ</span> <span class='ocrx_word' id='word_1_51' title='bbox 573 1138 645 1209; x_wconf 74' lang='grc' dir='ltr'><strong>τῇ</strong></span> <span class='ocrx_word' id='word_1_52' title='bbox 676 1135 842 1209; x_wconf 80' lang='grc' dir='ltr'>κυρίᾳ</span> <span class='ocrx_word' id='word_1_53' title='bbox 871 1135 1040 1204; x_wconf 68' lang='grc' dir='ltr'>αὐτῆς</span> <span class='ocrx_word' id='word_1_54' title='bbox 1095 1137 1261 1212; x_wconf 75' lang='grc' dir='ltr'>μέχρι</span> <span class='ocrx_word' id='word_1_55' title='bbox 1318 1144 1420 1206; x_wconf 82' lang='grc' dir='ltr'><strong>τῆς</strong></span> <span class='ocrx_word' id='word_1_56' title='bbox 1460 1144 1776 1212; x_wconf 79' lang='grc' dir='ltr'>συναγωγῆς</span> <span class='ocrx_word' id='word_1_57' title='bbox 1827 1138 1934 1192; x_wconf 82' lang='grc' dir='ltr'><strong>τῶν</strong></span> 
     </span>
    </p>
   </div>
   <div class='ocr_carea' id='block_1_12' title="bbox 287 1221 1937 1303">
    <p class='ocr_par' dir='ltr' id='par_1_12' title="bbox 287 1221 1937 1303">
     <span class='ocr_line' id='line_1_13' title="bbox 287 1221 1937 1303; baseline -0.001 -21"><span class='ocrx_word' id='word_1_58' title='bbox 287 1221 603 1295; x_wconf 76' lang='grc' dir='ltr'><strong>Ἰουδαίων,</strong></span> <span class='ocrx_word' id='word_1_59' title='bbox 652 1223 766 1279; x_wconf 76' lang='grc' dir='ltr'>ἐκεῖ</span> <span class='ocrx_word' id='word_1_60' title='bbox 825 1225 919 1297; x_wconf 81' lang='grc' dir='ltr'>μὶν</span> <span class='ocrx_word' id='word_1_61' title='bbox 979 1225 1078 1280; x_wconf 77' lang='grc' dir='ltr'>οὐκ</span> <span class='ocrx_word' id='word_1_62' title='bbox 1136 1225 1468 1300; x_wconf 69' lang='grc' dir='ltr'>εἰσήρχετο,</span> <span class='ocrx_word' id='word_1_63' title='bbox 1528 1225 1937 1303; x_wconf 68' lang='grc' dir='ltr'>ὑποστρέφουσα</span> 
     </span>
    </p>
   </div>
   <div class='ocr_carea' id='block_1_13' title="bbox 291 1311 1934 1390">
    <p class='ocr_par' dir='ltr' id='par_1_13' title="bbox 291 1311 1934 1390">
     <span class='ocr_line' id='line_1_14' title="bbox 291 1311 1934 1390; baseline 0.001 -21"><span class='ocrx_word' id='word_1_64' title='bbox 291 1311 348 1370; x_wconf 72' lang='grc' dir='ltr'>δὲ</span> <span class='ocrx_word' id='word_1_65' title='bbox 403 1315 694 1389; x_wconf 74' lang='grc' dir='ltr'>ἀπήρχετο</span> <span class='ocrx_word' id='word_1_66' title='bbox 755 1313 834 1378; x_wconf 80' lang='grc' dir='ltr'><strong>εἷς</strong></span> <span class='ocrx_word' id='word_1_67' title='bbox 904 1316 1005 1384; x_wconf 79' lang='grc' dir='ltr'><strong>τήν</strong></span> <span class='ocrx_word' id='word_1_68' title='bbox 1060 1318 1168 1369; x_wconf 87' lang='grc' dir='ltr'><strong>τῶν</strong></span> <span class='ocrx_word' id='word_1_69' title='bbox 1227 1319 1568 1390; x_wconf 82' lang='grc' dir='ltr'>Χριστιανῶν</span> <span class='ocrx_word' id='word_1_70' title='bbox 1624 1315 1934 1389; x_wconf 76' lang='grc' dir='ltr'>ἐκκλησίαν,</span> 
     </span>
    </p>
   </div>
   <div class='ocr_carea' id='block_1_14' title="bbox 286 1401 1934 1478">
    <p class='ocr_par' dir='ltr' id='par_1_14' title="bbox 286 1401 1934 1478">
     <span class='ocr_line' id='line_1_15' title="bbox 286 1401 1934 1478; baseline 0 -20"><span class='ocrx_word' id='word_1_71' title='bbox 286 1403 444 1458; x_wconf 86' lang='grc' dir='ltr'>κάκεῖ</span> <span class='ocrx_word' id='word_1_72' title='bbox 493 1401 869 1476; x_wconf 86' lang='grc' dir='ltr'>προσηύχετο.</span> <span class='ocrx_word' id='word_1_73' title='bbox 927 1405 1323 1476; x_wconf 85' lang='grc' dir='ltr'>Διαγνωσθεῖσα</span> <span class='ocrx_word' id='word_1_74' title='bbox 1382 1403 1439 1460; x_wconf 75' lang='grc' dir='ltr'>δὶ</span> <span class='ocrx_word' id='word_1_75' title='bbox 1495 1404 1643 1478; x_wconf 88' lang='grc' dir='ltr'><strong>παρά</strong></span> <span class='ocrx_word' id='word_1_76' title='bbox 1694 1408 1795 1470; x_wconf 76' lang='grc' dir='ltr'>τῆς</span> <span class='ocrx_word' id='word_1_77' title='bbox 1840 1425 1934 1458; x_wconf 91' lang='grc' dir='ltr'>κυ-</span> 
     </span>
    </p>
   </div>
   <div class='ocr_carea' id='block_1_15' title="bbox 285 1490 1932 1568">
    <p class='ocr_par' dir='ltr' id='par_1_15' title="bbox 285 1490 1932 1568">
     <span class='ocr_line' id='line_1_16' title="bbox 285 1490 1932 1568; baseline 0 -22"><span class='ocrx_word' id='word_1_78' title='bbox 285 1492 404 1568; x_wconf 87' lang='grc' dir='ltr'>ρίας</span> <span class='ocrx_word' id='word_1_79' title='bbox 449 1490 642 1561; x_wconf 77' lang='grc' dir='ltr'>αὐτῆς,</span> <span class='ocrx_word' id='word_1_80' title='bbox 698 1491 954 1547; x_wconf 81' lang='grc' dir='ltr'>τύπτεται</span> <span class='ocrx_word' id='word_1_81' title='bbox 1009 1492 1276 1568; x_wconf 64' lang='grc' dir='ltr'>ἰσχυρῶς,</span> <span class='ocrx_word' id='word_1_82' title='bbox 1332 1492 1421 1548; x_wconf 81' lang='grc' dir='ltr'><strong>καὶ</strong></span> <span class='ocrx_word' id='word_1_83' title='bbox 1479 1491 1826 1548; x_wconf 87' lang='grc' dir='ltr'>ἀποκλείεται</span> <span class='ocrx_word' id='word_1_84' title='bbox 1881 1493 1932 1548; x_wconf 77' lang='grc' dir='ltr'><strong>ἐν</strong></span> 
     </span>
    </p>
   </div>
   <div class='ocr_carea' id='block_1_16' title="bbox 282 1579 1936 1658">
    <p class='ocr_par' dir='ltr' id='par_1_16' title="bbox 282 1579 1936 1658">
     <span class='ocr_line' id='line_1_17' title="bbox 282 1579 1936 1658; baseline 0.001 -23"><span class='ocrx_word' id='word_1_85' title='bbox 282 1585 349 1654; x_wconf 80' lang='grc' dir='ltr'><strong>τῇ</strong></span> <span class='ocrx_word' id='word_1_86' title='bbox 382 1580 628 1658; x_wconf 72' lang='grc' dir='ltr'>φυλακῇ.</span> <span class='ocrx_word' id='word_1_87' title='bbox 662 1580 768 1636; x_wconf 84' lang='grc' dir='ltr'><strong>Καὶ</strong></span> <span class='ocrx_word' id='word_1_88' title='bbox 798 1579 888 1635; x_wconf 80' lang='grc' dir='ltr'><strong>ἐπὶ</strong></span> <span class='ocrx_word' id='word_1_89' title='bbox 944 1579 1088 1636; x_wconf 83' lang='grc' dir='ltr'>πολὺ</span> <span class='ocrx_word' id='word_1_90' title='bbox 1155 1583 1339 1644; x_wconf 87' lang='grc' dir='ltr'>ἁσιτος</span> <span class='ocrx_word' id='word_1_91' title='bbox 1391 1579 1730 1656; x_wconf 85' lang='grc' dir='ltr'>διαμείνασα,</span> <span class='ocrx_word' id='word_1_92' title='bbox 1771 1579 1936 1636; x_wconf 84' lang='grc' dir='ltr'>πάλιν</span> 
     </span>
    </p>
   </div>
   <div class='ocr_carea' id='block_1_17' title="bbox 285 1668 1933 1748">
    <p class='ocr_par' dir='ltr' id='par_1_17' title="bbox 285 1668 1933 1748">
     <span class='ocr_line' id='line_1_18' title="bbox 285 1668 1933 1748; baseline -0.001 -22"><span class='ocrx_word' id='word_1_93' title='bbox 285 1669 554 1746; x_wconf 67' lang='grc' dir='ltr'>ἐξάγεται,</span> <span class='ocrx_word' id='word_1_94' title='bbox 622 1669 712 1724; x_wconf 82' lang='grc' dir='ltr'><strong>καὶ</strong></span> <span class='ocrx_word' id='word_1_95' title='bbox 770 1669 1077 1742; x_wconf 82' lang='grc' dir='ltr'>μαστίζεται</span> <span class='ocrx_word' id='word_1_96' title='bbox 1135 1668 1392 1746; x_wconf 74' lang='grc' dir='ltr'>ἀφειδῶς,</span> <span class='ocrx_word' id='word_1_97' title='bbox 1449 1673 1539 1727; x_wconf 78' lang='grc' dir='ltr'><strong>καὶ</strong></span> <span class='ocrx_word' id='word_1_98' title='bbox 1596 1673 1933 1748; x_wconf 82' lang='grc' dir='ltr'>κακαναγκά-</span> 
     </span>
    </p>
   </div>
   <div class='ocr_carea' id='block_1_18' title="bbox 287 1758 1932 1834">
    <p class='ocr_par' dir='ltr' id='par_1_18' title="bbox 287 1758 1932 1834">
     <span class='ocr_line' id='line_1_19' title="bbox 287 1758 1932 1834; baseline 0.003 -23"><span class='ocrx_word' id='word_1_99' title='bbox 287 1765 431 1829; x_wconf 86' lang='grc' dir='ltr'>ζεται</span> <span class='ocrx_word' id='word_1_100' title='bbox 474 1758 808 1832; x_wconf 70' lang='grc' dir='ltr'>ἀρνήσασθαι</span> <span class='ocrx_word' id='word_1_101' title='bbox 864 1759 956 1814; x_wconf 86' lang='grc' dir='ltr'>τὸν</span> <span class='ocrx_word' id='word_1_102' title='bbox 1017 1760 1390 1834; x_wconf 81' lang='grc' dir='ltr'>Χριστόν.⁰Ως</span> <span class='ocrx_word' id='word_1_103' title='bbox 1422 1758 1479 1816; x_wconf 70' lang='grc' dir='ltr'><strong>δέ</strong></span> <span class='ocrx_word' id='word_1_104' title='bbox 1536 1759 1636 1816; x_wconf 80' lang='grc' dir='ltr'><strong>οὑκ</strong></span> <span class='ocrx_word' id='word_1_105' title='bbox 1687 1759 1932 1830; x_wconf 83' lang='grc' dir='ltr'>ἐπείσθη,</span> 
     </span>
    </p>
   </div>
   <div class='ocr_carea' id='block_1_19' title="bbox 2117 865 3688 938">
    <p class='ocr_par' dir='ltr' id='par_1_19' title="bbox 2117 865 3688 938">
     <span class='ocr_line' id='line_1_20' title="bbox 2117 865 3688 938; baseline 0.005 -20"><span class='ocrx_word' id='word_1_106' title='bbox 2117 865 2380 920; x_wconf 81' lang='lat' dir='ltr'><strong>Matrona</strong></span> <span class='ocrx_word' id='word_1_107' title='bbox 2405 865 2619 920; x_wconf 87' lang='lat' dir='ltr'><strong>Christi</strong></span> <span class='ocrx_word' id='word_1_108' title='bbox 2659 872 2884 938; x_wconf 84' lang='lat' dir='ltr'><strong>martyr</strong></span> <span class='ocrx_word' id='word_1_109' title='bbox 2940 885 3008 922; x_wconf 88' lang='lat' dir='ltr'><strong>ex</strong></span> <span class='ocrx_word' id='word_1_110' title='bbox 3065 867 3211 923; x_wconf 83' lang='lat' dir='ltr'><strong>urbe</strong></span> <span class='ocrx_word' id='word_1_111' title='bbox 3265 869 3688 926; x_wconf 83' lang='lat' dir='ltr'><strong>Thessalonica</strong></span> 
     </span>
    </p>
   </div>
   <div class='ocr_carea' id='block_1_20' title="bbox 2046 952 3688 1028">
    <p class='ocr_par' dir='ltr' id='par_1_20' title="bbox 2046 952 3688 1028">
     <span class='ocr_line' id='line_1_21' title="bbox 2046 952 3688 1028; baseline 0.005 -22"><span class='ocrx_word' id='word_1_112' title='bbox 2046 957 2241 1007; x_wconf 91' lang='lat' dir='ltr'><strong>ortum</strong></span> <span class='ocrx_word' id='word_1_113' title='bbox 2273 952 2516 1018; x_wconf 89' lang='lat' dir='ltr'><strong>ducens,</strong></span> <span class='ocrx_word' id='word_1_114' title='bbox 2550 954 2764 1010; x_wconf 58' lang='lat' dir='ltr'><strong>Iudaeas</strong></span> <span class='ocrx_word' id='word_1_115' title='bbox 2817 956 3128 1028; x_wconf 82' lang='lat' dir='ltr'><strong>cujusdam</strong></span> <span class='ocrx_word' id='word_1_116' title='bbox 3187 958 3458 1012; x_wconf 88' lang='lat' dir='ltr'><strong>mulieris</strong></span> <span class='ocrx_word' id='word_1_117' title='bbox 3501 975 3688 1028; x_wconf 87' lang='lat' dir='ltr'><strong>serva,</strong></span> 
     </span>
    </p>
   </div>
   <div class='ocr_carea' id='block_1_21' title="bbox 2045 1041 3690 1116">
    <p class='ocr_par' dir='ltr' id='par_1_21' title="bbox 2045 1041 3690 1116">
     <span class='ocr_line' id='line_1_22' title="bbox 2045 1041 3690 1116; baseline 0.005 -22"><span class='ocrx_word' id='word_1_118' title='bbox 2045 1041 2239 1096; x_wconf 82' lang='lat' dir='ltr'><strong>virum</strong></span> <span class='ocrx_word' id='word_1_119' title='bbox 2297 1041 2574 1098; x_wconf 79' lang='lat' dir='ltr'><strong>habentis</strong></span> <span class='ocrx_word' id='word_1_120' title='bbox 2630 1044 3178 1116; x_wconf 87' lang='lat' dir='ltr'><strong>stratopedarcham</strong></span> <span class='ocrx_word' id='word_1_121' title='bbox 3231 1047 3690 1116; x_wconf 71' lang='lat' dir='ltr'><strong>Thessalonicaa,</strong></span> 
     </span>
    </p>
   </div>
   <div class='ocr_carea' id='block_1_22' title="bbox 2046 1131 3690 1208">
    <p class='ocr_par' dir='ltr' id='par_1_22' title="bbox 2046 1131 3690 1208">
     <span class='ocr_line' id='line_1_23' title="bbox 2046 1131 3690 1208; baseline 0.005 -25"><span class='ocrx_word' id='word_1_122' title='bbox 2046 1145 2304 1201; x_wconf 87' lang='lat' dir='ltr'><strong>sequens</strong></span> <span class='ocrx_word' id='word_1_123' title='bbox 2364 1131 2668 1187; x_wconf 88' lang='lat' dir='ltr'><strong>dominam</strong></span> <span class='ocrx_word' id='word_1_124' title='bbox 2720 1150 2886 1188; x_wconf 86' lang='lat' dir='ltr'><strong>suam</strong></span> <span class='ocrx_word' id='word_1_125' title='bbox 2937 1152 3122 1205; x_wconf 91' lang='lat' dir='ltr'><strong>usque</strong></span> <span class='ocrx_word' id='word_1_126' title='bbox 3182 1135 3254 1190; x_wconf 90' lang='lat' dir='ltr'><strong>ad</strong></span> <span class='ocrx_word' id='word_1_127' title='bbox 3331 1152 3690 1208; x_wconf 85' lang='lat' dir='ltr'><strong>synagogam</strong></span> 
     </span>
    </p>
   </div>
   <div class='ocr_carea' id='block_1_23' title="bbox 2044 1219 3690 1294">
    <p class='ocr_par' dir='ltr' id='par_1_23' title="bbox 2044 1219 3690 1294">
     <span class='ocr_line' id='line_1_24' title="bbox 2044 1219 3690 1294; baseline 0.004 -22"><span class='ocrx_word' id='word_1_128' title='bbox 2044 1219 2401 1278; x_wconf 60' lang='lat' dir='ltr'><strong>Iudaeorum.</strong></span> <span class='ocrx_word' id='word_1_129' title='bbox 2437 1220 2580 1275; x_wconf 90' lang='lat' dir='ltr'><strong>illuc</strong></span> <span class='ocrx_word' id='word_1_130' title='bbox 2612 1227 2810 1276; x_wconf 90' lang='lat' dir='ltr'><strong>tamen</strong></span> <span class='ocrx_word' id='word_1_131' title='bbox 2837 1239 2957 1276; x_wconf 91' lang='lat' dir='ltr'><strong>non</strong></span> <span class='ocrx_word' id='word_1_132' title='bbox 2991 1223 3455 1294; x_wconf 88' lang='lat' dir='ltr'><strong>ingrediebatur,</strong></span> <span class='ocrx_word' id='word_1_133' title='bbox 3477 1225 3578 1278; x_wconf 90' lang='lat' dir='ltr'><strong>sed</strong></span> <span class='ocrx_word' id='word_1_134' title='bbox 3603 1241 3690 1279; x_wconf 85' lang='lat' dir='ltr'><strong>re-</strong></span> 
     </span>
    </p>
   </div>
   <div class='ocr_carea' id='block_1_24' title="bbox 2044 1309 3691 1385">
    <p class='ocr_par' dir='ltr' id='par_1_24' title="bbox 2044 1309 3691 1385">
     <span class='ocr_line' id='line_1_25' title="bbox 2044 1309 3691 1385; baseline 0.004 -23"><span class='ocrx_word' id='word_1_135' title='bbox 2044 1324 2265 1380; x_wconf 87' lang='lat' dir='ltr'><strong>gressa,</strong></span> <span class='ocrx_word' id='word_1_136' title='bbox 2298 1309 2499 1364; x_wconf 89' lang='lat' dir='ltr'><strong>abibat</strong></span> <span class='ocrx_word' id='word_1_137' title='bbox 2527 1311 2600 1364; x_wconf 89' lang='lat' dir='ltr'><strong>ad</strong></span> <span class='ocrx_word' id='word_1_138' title='bbox 2629 1311 3098 1365; x_wconf 88' lang='lat' dir='ltr'><strong>Christianorum</strong></span> <span class='ocrx_word' id='word_1_139' title='bbox 3123 1313 3455 1378; x_wconf 81' lang='lat' dir='ltr'><strong>ecclesiam,</strong></span> <span class='ocrx_word' id='word_1_140' title='bbox 3489 1313 3691 1385; x_wconf 88' lang='lat' dir='ltr'><strong>ibique</strong></span> 
     </span>
    </p>
   </div>
   <div class='ocr_carea' id='block_1_25' title="bbox 2044 1397 3692 1471">
    <p class='ocr_par' dir='ltr' id='par_1_25' title="bbox 2044 1397 3692 1471">
     <span class='ocr_line' id='line_1_26' title="bbox 2044 1397 3692 1471; baseline 0.003 -19"><span class='ocrx_word' id='word_1_141' title='bbox 2044 1397 2658 1470; x_wconf 88' lang='lat' dir='ltr'><strong>orabat.Deprehensa</strong></span> <span class='ocrx_word' id='word_1_142' title='bbox 2687 1400 2864 1471; x_wconf 90' lang='lat' dir='ltr'><strong>igitur</strong></span> <span class='ocrx_word' id='word_1_143' title='bbox 2894 1417 2925 1454; x_wconf 87' lang='lat' dir='ltr'><strong>a</strong></span> <span class='ocrx_word' id='word_1_144' title='bbox 2947 1401 3188 1455; x_wconf 89' lang='lat' dir='ltr'><strong>domina</strong></span> <span class='ocrx_word' id='word_1_145' title='bbox 3219 1419 3343 1462; x_wconf 87' lang='lat' dir='ltr'><strong>sua.</strong></span> <span class='ocrx_word' id='word_1_146' title='bbox 3370 1403 3692 1458; x_wconf 90' lang='lat' dir='ltr'><strong>crudeliter</strong></span> 
     </span>
    </p>
   </div>
   <div class='ocr_carea' id='block_1_26' title="bbox 2042 1487 3687 1560">
    <p class='ocr_par' dir='ltr' id='par_1_26' title="bbox 2042 1487 3687 1560">
     <span class='ocr_line' id='line_1_27' title="bbox 2042 1487 3687 1560; baseline 0.004 -19"><span class='ocrx_word' id='word_1_147' title='bbox 2042 1487 2588 1560; x_wconf 85' lang='lat' dir='ltr'><strong>verberatur,atque</strong></span> <span class='ocrx_word' id='word_1_148' title='bbox 2621 1490 2682 1544; x_wconf 91' lang='lat' dir='ltr'><strong>in</strong></span> <span class='ocrx_word' id='word_1_149' title='bbox 2719 1491 3046 1545; x_wconf 85' lang='lat' dir='ltr'><strong>custodiam</strong></span> <span class='ocrx_word' id='word_1_150' title='bbox 3079 1491 3508 1560; x_wconf 85' lang='lat' dir='ltr'><strong>detruditur,et</strong></span> <span class='ocrx_word' id='word_1_151' title='bbox 3538 1493 3687 1548; x_wconf 89' lang='lat' dir='ltr'><strong>mul-</strong></span> 
     </span>
    </p>
   </div>
   <div class='ocr_carea' id='block_1_27' title="bbox 2044 1577 3684 1652">
    <p class='ocr_par' dir='ltr' id='par_1_27' title="bbox 2044 1577 3684 1652">
     <span class='ocr_line' id='line_1_28' title="bbox 2044 1577 3684 1652; baseline 0.004 -22"><span class='ocrx_word' id='word_1_152' title='bbox 2044 1581 2239 1631; x_wconf 91' lang='lat' dir='ltr'><strong>torum</strong></span> <span class='ocrx_word' id='word_1_153' title='bbox 2285 1577 2514 1632; x_wconf 89' lang='lat' dir='ltr'><strong>dierum</strong></span> <span class='ocrx_word' id='word_1_154' title='bbox 2570 1578 2770 1633; x_wconf 88' lang='lat' dir='ltr'><strong>inedia</strong></span> <span class='ocrx_word' id='word_1_155' title='bbox 2828 1587 3178 1634; x_wconf 85' lang='lat' dir='ltr'><strong>maceratur.</strong></span> <span class='ocrx_word' id='word_1_156' title='bbox 3229 1582 3374 1634; x_wconf 91' lang='lat' dir='ltr'><strong>Tum</strong></span> <span class='ocrx_word' id='word_1_157' title='bbox 3452 1582 3684 1652; x_wconf 84' lang='lat' dir='ltr'><strong>educta,</strong></span> 
     </span>
    </p>
   </div>
   <div class='ocr_carea' id='block_1_28' title="bbox 2043 1665 3685 1741">
    <p class='ocr_par' dir='ltr' id='par_1_28' title="bbox 2043 1665 3685 1741">
     <span class='ocr_line' id='line_1_29' title="bbox 2043 1665 3685 1741; baseline 0.002 -19"><span class='ocrx_word' id='word_1_158' title='bbox 2043 1665 2244 1738; x_wconf 86' lang='lat' dir='ltr'><strong>ﬂagris</strong></span> <span class='ocrx_word' id='word_1_159' title='bbox 2274 1667 2593 1722; x_wconf 73' lang='lat' dir='ltr'><strong>saavissime</strong></span> <span class='ocrx_word' id='word_1_160' title='bbox 2651 1667 2915 1732; x_wconf 71' lang='lat' dir='ltr'><strong>cmditur,</strong></span> <span class='ocrx_word' id='word_1_161' title='bbox 2975 1675 3043 1723; x_wconf 87' lang='lat' dir='ltr'><strong>ut</strong></span> <span class='ocrx_word' id='word_1_162' title='bbox 3100 1670 3182 1724; x_wconf 90' lang='lat' dir='ltr'><strong>sic</strong></span> <span class='ocrx_word' id='word_1_163' title='bbox 3226 1671 3685 1741; x_wconf 87' lang='lat' dir='ltr'><strong>compelleretur</strong></span> 
     </span>
    </p>
   </div>
   <div class='ocr_carea' id='block_1_29' title="bbox 2045 1755 3679 1833">
    <p class='ocr_par' dir='ltr' id='par_1_29' title="bbox 2045 1755 3679 1833">
     <span class='ocr_line' id='line_1_30' title="bbox 2045 1755 3679 1833; baseline 0.004 -24"><span class='ocrx_word' id='word_1_164' title='bbox 2045 1755 2342 1810; x_wconf 88' lang='lat' dir='ltr'><strong>Christum</strong></span> <span class='ocrx_word' id='word_1_165' title='bbox 2376 1756 2686 1830; x_wconf 87' lang='lat' dir='ltr'><strong>abnegare.</strong></span> <span class='ocrx_word' id='word_1_166' title='bbox 2721 1757 2886 1822; x_wconf 92' lang='lat' dir='ltr'><strong>Quod</strong></span> <span class='ocrx_word' id='word_1_167' title='bbox 2914 1775 3048 1812; x_wconf 90' lang='lat' dir='ltr'><strong>cum</strong></span> <span class='ocrx_word' id='word_1_168' title='bbox 3083 1775 3141 1812; x_wconf 86' lang='lat' dir='ltr'><strong>se</strong></span> <span class='ocrx_word' id='word_1_169' title='bbox 3164 1758 3451 1814; x_wconf 80' lang='lat' dir='ltr'><strong>facturam</strong></span> <span class='ocrx_word' id='word_1_170' title='bbox 3479 1777 3679 1833; x_wconf 85' lang='lat' dir='ltr'><strong>negas-</strong></span> 
     </span>
    </p>
   </div>
   <div class='ocr_carea' id='block_1_30' title="bbox 284 1835 1914 1926">
    <p class='ocr_par' dir='ltr' id='par_1_30' title="bbox 284 1847 1914 1926">
     <span class='ocr_line' id='line_1_31' title="bbox 284 1847 1914 1926; baseline -0.009 -22"><span class='ocrx_word' id='word_1_171' title='bbox 284 1847 732 1922; x_wconf 76' lang='grc' dir='ltr'>πάλινρίπτεται</span> <span class='ocrx_word' id='word_1_172' title='bbox 779 1848 858 1910; x_wconf 82' lang='grc' dir='ltr'><strong>είς</strong></span> <span class='ocrx_word' id='word_1_173' title='bbox 916 1847 1185 1923; x_wconf 71' lang='grc' dir='ltr'>φυλακὴν,</span> <span class='ocrx_word' id='word_1_174' title='bbox 1244 1848 1296 1904; x_wconf 86' lang='grc' dir='ltr'><strong>ἐν</strong></span> <span class='ocrx_word' id='word_1_175' title='bbox 1444 1849 1534 1905; x_wconf 79' lang='grc' dir='ltr'><strong>καὶ</strong></span> <span class='ocrx_word' id='word_1_176' title='bbox 1588 1851 1689 1918; x_wconf 81' lang='grc' dir='ltr'><strong>τήν</strong></span> <span class='ocrx_word' id='word_1_177' title='bbox 1747 1853 1914 1926; x_wconf 60' lang='grc' dir='ltr'>ψυχῆς</span> 
     </span>
    </p>
   </div>
   <div class='ocr_carea' id='block_1_31' title="bbox 2029 1835 3682 1926">
    <p class='ocr_par' dir='ltr' id='par_1_31' title="bbox 2043 1846 3682 1921">
     <span class='ocr_line' id='line_1_32' title="bbox 2043 1846 3682 1921; baseline 0.003 -22"><span class='ocrx_word' id='word_1_178' title='bbox 2043 1850 2152 1911; x_wconf 89' lang='lat' dir='ltr'><strong>set,</strong></span> <span class='ocrx_word' id='word_1_179' title='bbox 2175 1863 2380 1900; x_wconf 86' lang='lat' dir='ltr'><strong>rursus</strong></span> <span class='ocrx_word' id='word_1_180' title='bbox 2402 1847 2458 1900; x_wconf 89' lang='lat' dir='ltr'><strong>in</strong></span> <span class='ocrx_word' id='word_1_181' title='bbox 2493 1846 2823 1901; x_wconf 88' lang='lat' dir='ltr'><strong>custodiam</strong></span> <span class='ocrx_word' id='word_1_182' title='bbox 2860 1847 3199 1917; x_wconf 84' lang='lat' dir='ltr'><strong>conjicitur,</strong></span> <span class='ocrx_word' id='word_1_183' title='bbox 3231 1849 3290 1902; x_wconf 93' lang='lat' dir='ltr'><strong>in</strong></span> <span class='ocrx_word' id='word_1_184' title='bbox 3324 1865 3441 1919; x_wconf 90' lang='lat' dir='ltr'><strong>qua</strong></span> <span class='ocrx_word' id='word_1_185' title='bbox 3471 1856 3529 1903; x_wconf 90' lang='lat' dir='ltr'><strong>et</strong></span> <span class='ocrx_word' id='word_1_186' title='bbox 3558 1850 3682 1921; x_wconf 89' lang='lat' dir='ltr'><strong>spi-</strong></span> 
     </span>
    </p>
   </div>
   <div class='ocr_carea' id='block_1_32' title="bbox 285 1935 1930 2014">
    <p class='ocr_par' dir='ltr' id='par_1_32' title="bbox 285 1935 1930 2014">
     <span class='ocr_line' id='line_1_33' title="bbox 285 1935 1930 2014; baseline 0.001 -21"><span class='ocrx_word' id='word_1_187' title='bbox 285 1935 536 1993; x_wconf 76' lang='grc' dir='ltr'>ἀπέδωκε</span> <span class='ocrx_word' id='word_1_188' title='bbox 566 1935 646 2009; x_wconf 85' lang='grc' dir='ltr'>τῷ</span> <span class='ocrx_word' id='word_1_189' title='bbox 683 1941 818 2009; x_wconf 74' lang='grc' dir='ltr'>Θεῷο</span> <span class='ocrx_word' id='word_1_190' title='bbox 880 1939 944 2006; x_wconf 76' lang='grc' dir='ltr'><strong>ἧς</strong></span> <span class='ocrx_word' id='word_1_191' title='bbox 997 1939 1060 1993; x_wconf 87' lang='grc' dir='ltr'>τὸ</span> <span class='ocrx_word' id='word_1_192' title='bbox 1121 1938 1375 2012; x_wconf 81' lang='grc' dir='ltr'>λείψανον</span> <span class='ocrx_word' id='word_1_193' title='bbox 1427 1939 1532 1995; x_wconf 86' lang='grc' dir='ltr'>ἀπὸ</span> <span class='ocrx_word' id='word_1_194' title='bbox 1583 1943 1680 1994; x_wconf 90' lang='grc' dir='ltr'><strong>τοῦ</strong></span> <span class='ocrx_word' id='word_1_195' title='bbox 1707 1940 1930 2014; x_wconf 85' lang='grc' dir='ltr'>τείχους</span> 
     </span>
    </p>
   </div>
   <div class='ocr_carea' id='block_1_33' title="bbox 277 2025 1928 2103">
    <p class='ocr_par' dir='ltr' id='par_1_33' title="bbox 277 2025 1928 2103">
     <span class='ocr_line' id='line_1_34' title="bbox 277 2025 1928 2103; baseline -0.001 -19"><span class='ocrx_word' id='word_1_196' title='bbox 277 2025 496 2103; x_wconf 71' lang='grc' dir='ltr'>ερῤιψεν</span> <span class='ocrx_word' id='word_1_197' title='bbox 529 2028 564 2096; x_wconf 76' lang='grc' dir='ltr'>ἢ</span> <span class='ocrx_word' id='word_1_198' title='bbox 598 2028 763 2099; x_wconf 85' lang='grc' dir='ltr'>κυρία</span> <span class='ocrx_word' id='word_1_199' title='bbox 807 2025 996 2095; x_wconf 76' lang='grc' dir='ltr'>αὐτῆς.</span> <span class='ocrx_word' id='word_1_200' title='bbox 1049 2025 1224 2084; x_wconf 80' lang='grc' dir='ltr'>Ἀλλά</span> <span class='ocrx_word' id='word_1_201' title='bbox 1280 2028 1334 2082; x_wconf 69' lang='grc' dir='ltr'>οἱ</span> <span class='ocrx_word' id='word_1_202' title='bbox 1365 2028 1680 2103; x_wconf 80' lang='grc' dir='ltr'>Χριστιανοὶ</span> <span class='ocrx_word' id='word_1_203' title='bbox 1737 2027 1928 2083; x_wconf 76' lang='grc' dir='ltr'>ἀνελόο</span> 
     </span>
    </p>
   </div>
   <div class='ocr_carea' id='block_1_34' title="bbox 281 2111 1924 2191">
    <p class='ocr_par' dir='ltr' id='par_1_34' title="bbox 281 2111 1924 2191">
     <span class='ocr_line' id='line_1_35' title="bbox 281 2111 1924 2191; baseline 0.002 -23"><span class='ocrx_word' id='word_1_204' title='bbox 281 2136 436 2190; x_wconf 82' lang='grc' dir='ltr'>μενοι</span> <span class='ocrx_word' id='word_1_205' title='bbox 468 2114 665 2176; x_wconf 85' lang='grc' dir='ltr'>νυκτὸς</span> <span class='ocrx_word' id='word_1_206' title='bbox 695 2111 915 2187; x_wconf 70' lang='grc' dir='ltr'>ἔθαψαν.</span> <span class='ocrx_word' id='word_1_207' title='bbox 975 2116 1223 2191; x_wconf 82' lang='grc' dir='ltr'>Ὕστερον</span> <span class='ocrx_word' id='word_1_208' title='bbox 1283 2113 1340 2171; x_wconf 74' lang='grc' dir='ltr'><strong>δί</strong></span> <span class='ocrx_word' id='word_1_209' title='bbox 1369 2113 1721 2190; x_wconf 77' lang='grc' dir='ltr'>Ἀλέξανδρος</span> <span class='ocrx_word' id='word_1_210' title='bbox 1749 2117 1778 2171; x_wconf 99' lang='lat'><strong>6</strong></span> <span class='ocrx_word' id='word_1_211' title='bbox 1809 2116 1924 2171; x_wconf 89' lang='grc' dir='ltr'>ἐπί-</span> 
     </span>
    </p>
   </div>
   <div class='ocr_carea' id='block_1_35' title="bbox 272 2200 1924 2276">
    <p class='ocr_par' dir='ltr' id='par_1_35' title="bbox 272 2200 1924 2276">
     <span class='ocr_line' id='line_1_36' title="bbox 272 2200 1924 2276; baseline 0.001 -17"><span class='ocrx_word' id='word_1_212' title='bbox 272 2224 477 2265; x_wconf 84' lang='grc' dir='ltr'>σκοπος</span> <span class='ocrx_word' id='word_1_213' title='bbox 529 2200 688 2258; x_wconf 73' lang='grc' dir='ltr'>ἔνδον</span> <span class='ocrx_word' id='word_1_214' title='bbox 731 2209 836 2271; x_wconf 79' lang='grc' dir='ltr'>τῆς</span> <span class='ocrx_word' id='word_1_215' title='bbox 893 2202 1108 2266; x_wconf 86' lang='grc' dir='ltr'>πόλεως</span> <span class='ocrx_word' id='word_1_216' title='bbox 1165 2203 1566 2274; x_wconf 79' lang='grc' dir='ltr'>Θεσσαλονίκης</span> <span class='ocrx_word' id='word_1_217' title='bbox 1633 2203 1924 2276; x_wconf 78' lang='grc' dir='ltr'>ἐκκλησίαν</span> 
     </span>
    </p>
   </div>
   <div class='ocr_carea' id='block_1_36' title="bbox 269 2291 1634 2368">
    <p class='ocr_par' dir='ltr' id='par_1_36' title="bbox 269 2291 1634 2368">
     <span class='ocr_line' id='line_1_37' title="bbox 269 2291 1634 2368; baseline 0.003 -20"><span class='ocrx_word' id='word_1_218' title='bbox 269 2294 455 2356; x_wconf 86' lang='grc' dir='ltr'>κτίσας</span> <span class='ocrx_word' id='word_1_219' title='bbox 488 2291 573 2348; x_wconf 87' lang='grc' dir='ltr'>ἐπ’</span> <span class='ocrx_word' id='word_1_220' title='bbox 605 2293 838 2364; x_wconf 83' lang='grc' dir='ltr'>ὀνόματι</span> <span class='ocrx_word' id='word_1_221' title='bbox 866 2299 968 2362; x_wconf 74' lang='grc' dir='ltr'><strong>τῆς</strong></span> <span class='ocrx_word' id='word_1_222' title='bbox 998 2293 1178 2368; x_wconf 80' lang='grc' dir='ltr'>ἁγίας,</span> <span class='ocrx_word' id='word_1_223' title='bbox 1209 2291 1322 2349; x_wconf 85' lang='grc' dir='ltr'>ἐκεῖ</span> <span class='ocrx_word' id='word_1_224' title='bbox 1357 2295 1634 2352; x_wconf 71' lang='grc' dir='ltr'>κατέθετο.</span> 
     </span>
    </p>
   </div>
   <div class='ocr_carea' id='block_1_37' title="bbox 267 2398 1921 2476">
    <p class='ocr_par' dir='ltr' id='par_1_37' title="bbox 267 2398 1921 2476">
     <span class='ocr_line' id='line_1_38' title="bbox 267 2398 1921 2476; baseline 0.002 -22"><span class='ocrx_word' id='word_1_225' title='bbox 267 2401 368 2458; x_wconf 78' lang='grc' dir='ltr'>Καὶ</span> <span class='ocrx_word' id='word_1_226' title='bbox 402 2401 642 2468; x_wconf 71' lang='grc' dir='ltr'>ἄθλησις</span> <span class='ocrx_word' id='word_1_227' title='bbox 669 2402 768 2454; x_wconf 91' lang='grc' dir='ltr'><strong>τοῦ</strong></span> <span class='ocrx_word' id='word_1_228' title='bbox 826 2398 983 2474; x_wconf 80' lang='grc' dir='ltr'>ἁγίου</span> <span class='ocrx_word' id='word_1_229' title='bbox 1024 2399 1350 2476; x_wconf 3' lang='grc' dir='ltr'>,ἀποστόλου</span> <span class='ocrx_word' id='word_1_230' title='bbox 1400 2398 1772 2476; x_wconf 85' lang='grc' dir='ltr'>Ἢρωδίωνος,</span> <span class='ocrx_word' id='word_1_231' title='bbox 1805 2402 1921 2467; x_wconf 68' lang='grc' dir='ltr'>ἐνὸς</span> 
     </span>
    </p>
   </div>
   <div class='ocr_carea' id='block_1_38' title="bbox 977 2475 1206 2530">
    <p class='ocr_par' dir='ltr' id='par_1_38' title="bbox 977 2475 1206 2530">
     <span class='ocr_line' id='line_1_39' title="bbox 977 2475 1206 2530; baseline 0.017 -4"><span class='ocrx_word' id='word_1_232' title='bbox 977 2475 1088 2526; x_wconf 82' lang='grc' dir='ltr'><strong>τῶν</strong></span> <span class='ocrx_word' id='word_1_233' title='bbox 1129 2479 1206 2530; x_wconf 73' lang='lat' dir='ltr'><strong>U‘.</strong></span> 
     </span>
    </p>
   </div>
   <div class='ocr_carea' id='block_1_39' title="bbox 333 2575 1917 2655">
    <p class='ocr_par' dir='ltr' id='par_1_39' title="bbox 333 2575 1917 2655">
     <span class='ocr_line' id='line_1_40' title="bbox 333 2575 1917 2655; baseline 0.001 -21"><span class='ocrx_word' id='word_1_234' title='bbox 333 2575 617 2651; x_wconf 84' lang='grc' dir='ltr'>Ἦρωδίων</span> <span class='ocrx_word' id='word_1_235' title='bbox 652 2579 680 2632; x_wconf 92' lang='lat'><strong>6</strong></span> <span class='ocrx_word' id='word_1_236' title='bbox 721 2581 820 2632; x_wconf 91' lang='grc' dir='ltr'><strong>τοῦ</strong></span> <span class='ocrx_word' id='word_1_237' title='bbox 876 2579 1120 2654; x_wconf 79' lang='grc' dir='ltr'>Χριστοῦ</span> <span class='ocrx_word' id='word_1_238' title='bbox 1162 2575 1493 2646; x_wconf 82' lang='grc' dir='ltr'>ἀπόστολος,</span> <span class='ocrx_word' id='word_1_239' title='bbox 1543 2579 1791 2655; x_wconf 82' lang='grc' dir='ltr'>ὑπῆρχεν</span> <span class='ocrx_word' id='word_1_240' title='bbox 1843 2581 1917 2643; x_wconf 75' lang='grc' dir='ltr'>εἷς</span> 
     </span>
    </p>
   </div>
   <div class='ocr_carea' id='block_1_40' title="bbox 267 2664 1916 2745">
    <p class='ocr_par' dir='ltr' id='par_1_40' title="bbox 267 2664 1916 2745">
     <span class='ocr_line' id='line_1_41' title="bbox 267 2664 1916 2745; baseline 0 -20"><span class='ocrx_word' id='word_1_241' title='bbox 267 2674 377 2725; x_wconf 88' lang='grc' dir='ltr'><strong>τῶν</strong></span> <span class='ocrx_word' id='word_1_242' title='bbox 409 2664 794 2740; x_wconf 67' lang='grc' dir='ltr'>ἐϐδομήκοντα</span> <span class='ocrx_word' id='word_1_243' title='bbox 818 2669 1099 2740; x_wconf 86' lang='grc' dir='ltr'>μαθητῶν.</span> <span class='ocrx_word' id='word_1_244' title='bbox 1131 2668 1486 2732; x_wconf 82' lang='grc' dir='ltr'>’Δκολουθῶν</span> <span class='ocrx_word' id='word_1_245' title='bbox 1513 2666 1570 2724; x_wconf 75' lang='grc' dir='ltr'>δὲ</span> <span class='ocrx_word' id='word_1_246' title='bbox 1599 2675 1714 2732; x_wconf 87' lang='grc' dir='ltr'>τοῖς</span> <span class='ocrx_word' id='word_1_247' title='bbox 1742 2671 1916 2745; x_wconf 79' lang='grc' dir='ltr'>ἀγίυις</span> 
     </span>
    </p>
   </div>
   <div class='ocr_carea' id='block_1_41' title="bbox 275 2757 1914 2834">
    <p class='ocr_par' dir='ltr' id='par_1_41' title="bbox 275 2757 1914 2834">
     <span class='ocr_line' id='line_1_42' title="bbox 275 2757 1914 2834; baseline 0 -21"><span class='ocrx_word' id='word_1_248' title='bbox 275 2757 625 2822; x_wconf 71' lang='grc' dir='ltr'>ἀποστόλοις,</span> <span class='ocrx_word' id='word_1_249' title='bbox 681 2758 938 2832; x_wconf 70' lang='grc' dir='ltr'>συνήργει</span> <span class='ocrx_word' id='word_1_250' title='bbox 1000 2757 1185 2818; x_wconf 84' lang='grc' dir='ltr'>αὑτοῖς</span> <span class='ocrx_word' id='word_1_251' title='bbox 1269 2757 1349 2820; x_wconf 68' lang='grc' dir='ltr'>εἷς</span> <span class='ocrx_word' id='word_1_252' title='bbox 1398 2759 1462 2814; x_wconf 86' lang='grc' dir='ltr'>τὸ</span> <span class='ocrx_word' id='word_1_253' title='bbox 1527 2763 1624 2814; x_wconf 90' lang='grc' dir='ltr'><strong>τοῦ</strong></span> <span class='ocrx_word' id='word_1_254' title='bbox 1677 2763 1914 2834; x_wconf 78' lang='grc' dir='ltr'>Χριστοῦ</span> 
     </span>
    </p>
   </div>
   <div class='ocr_carea' id='block_1_42' title="bbox 285 2844 1915 2918">
    <p class='ocr_par' dir='ltr' id='par_1_42' title="bbox 285 2844 1915 2918">
     <span class='ocr_line' id='line_1_43' title="bbox 285 2844 1915 2918; baseline 0.002 -18"><span class='ocrx_word' id='word_1_255' title='bbox 285 2849 550 2918; x_wconf 72' lang='grc' dir='ltr'>κήρυγμα,</span> <span class='ocrx_word' id='word_1_256' title='bbox 610 2844 890 2901; x_wconf 77' lang='grc' dir='ltr'>δουλεύων</span> <span class='ocrx_word' id='word_1_257' title='bbox 948 2847 1135 2908; x_wconf 82' lang='grc' dir='ltr'>αὐτοῖς</span> <span class='ocrx_word' id='word_1_258' title='bbox 1167 2844 1221 2901; x_wconf 82' lang='grc' dir='ltr'><strong>ἐν</strong></span> <span class='ocrx_word' id='word_1_259' title='bbox 1279 2847 1465 2913; x_wconf 78' lang='grc' dir='ltr'>ἅπασι,</span> <span class='ocrx_word' id='word_1_260' title='bbox 1495 2849 1583 2903; x_wconf 88' lang='grc' dir='ltr'><strong>καὶ</strong></span> <span class='ocrx_word' id='word_1_261' title='bbox 1617 2847 1915 2903; x_wconf 86' lang='grc' dir='ltr'>ὑποταττό-</span> 
     </span>
    </p>
   </div>
   <div class='ocr_carea' id='block_1_43' title="bbox 287 2936 1910 3010">
    <p class='ocr_par' dir='ltr' id='par_1_43' title="bbox 287 2936 1910 3010">
     <span class='ocr_line' id='line_1_44' title="bbox 287 2936 1910 3010; baseline 0.004 -23"><span class='ocrx_word' id='word_1_262' title='bbox 287 2955 436 3010; x_wconf 81' lang='grc' dir='ltr'>μενος</span> <span class='ocrx_word' id='word_1_263' title='bbox 464 2936 532 2997; x_wconf 84' lang='grc' dir='ltr'><strong>ὡς</strong></span> <span class='ocrx_word' id='word_1_264' title='bbox 563 2939 814 3010; x_wconf 80' lang='grc' dir='ltr'>Χριστοῦ</span> <span class='ocrx_word' id='word_1_265' title='bbox 867 2937 1116 3006; x_wconf 73' lang='grc' dir='ltr'>μαθητής</span> <span class='ocrx_word' id='word_1_266' title='bbox 1174 2939 1270 2990; x_wconf 88' lang='grc' dir='ltr'><strong>τοῦ</strong></span> <span class='ocrx_word' id='word_1_267' title='bbox 1319 2936 1584 2996; x_wconf 52' lang='grc' dir='ltr'>ἐπόντος’</span> <span class='ocrx_word' id='word_1_268' title='bbox 1623 2937 1684 2995; x_wconf 71' lang='grc' dir='ltr'>Ὀ</span> <span class='ocrx_word' id='word_1_269' title='bbox 1740 2939 1910 2994; x_wconf 79' lang='grc' dir='ltr'>ΘὲΛων</span> 
     </span>
    </p>
   </div>
   <div class='ocr_carea' id='block_1_44' title="bbox 277 3022 1911 3099">
    <p class='ocr_par' dir='ltr' id='par_1_44' title="bbox 277 3022 1911 3099">
     <span class='ocr_line' id='line_1_45' title="bbox 277 3022 1911 3099; baseline 0.002 -21"><span class='ocrx_word' id='word_1_270' title='bbox 277 3027 405 3079; x_wconf 78' lang='grc' dir='ltr'>εἶναι</span> <span class='ocrx_word' id='word_1_271' title='bbox 464 3025 682 3080; x_wconf 69' lang='grc' dir='ltr'>πάντωι</span> <span class='ocrx_word' id='word_1_272' title='bbox 759 3029 1000 3099; x_wconf 85' lang='grc' dir='ltr'>πρῶτος,</span> <span class='ocrx_word' id='word_1_273' title='bbox 1071 3022 1210 3080; x_wconf 84' lang='grc' dir='ltr'>ἔστω</span> <span class='ocrx_word' id='word_1_274' title='bbox 1257 3024 1472 3080; x_wconf 86' lang='grc' dir='ltr'>πάντων</span> <span class='ocrx_word' id='word_1_275' title='bbox 1541 3023 1763 3093; x_wconf 88' lang='grc' dir='ltr'>δοῦλος,</span> <span class='ocrx_word' id='word_1_276' title='bbox 1822 3029 1911 3084; x_wconf 88' lang='grc' dir='ltr'><strong>καὶ</strong></span> 
     </span>
    </p>
   </div>
   <div class='ocr_carea' id='block_1_45' title="bbox 270 3110 1909 3192">
    <p class='ocr_par' dir='ltr' id='par_1_45' title="bbox 270 3110 1909 3192">
     <span class='ocr_line' id='line_1_46' title="bbox 270 3110 1909 3192; baseline 0.002 -24"><span class='ocrx_word' id='word_1_277' title='bbox 270 3115 479 3169; x_wconf 86' lang='grc' dir='ltr'>πάντων</span> <span class='ocrx_word' id='word_1_278' title='bbox 512 3111 785 3177; x_wconf 86' lang='grc' dir='ltr'>διάκονος.</span> <span class='ocrx_word' id='word_1_279' title='bbox 817 3113 965 3168; x_wconf 79' lang='grc' dir='ltr'>Μετά</span> <span class='ocrx_word' id='word_1_280' title='bbox 1010 3118 1176 3168; x_wconf 87' lang='grc' dir='ltr'>ταῦτα</span> <span class='ocrx_word' id='word_1_281' title='bbox 1233 3110 1290 3169; x_wconf 72' lang='grc' dir='ltr'>δὲ</span> <span class='ocrx_word' id='word_1_282' title='bbox 1345 3115 1432 3169; x_wconf 87' lang='grc' dir='ltr'>ὑπ’</span> <span class='ocrx_word' id='word_1_283' title='bbox 1482 3116 1659 3171; x_wconf 89' lang='grc' dir='ltr'>αὑτῶν</span> <span class='ocrx_word' id='word_1_284' title='bbox 1690 3115 1909 3192; x_wconf 77' lang='grc' dir='ltr'>ἐχειρο-</span> 
     </span>
    </p>
   </div>
   <div class='ocr_carea' id='block_1_46' title="bbox 2041 1934 3686 2007">
    <p class='ocr_par' dir='ltr' id='par_1_46' title="bbox 2041 1934 3686 2007">
     <span class='ocr_line' id='line_1_47' title="bbox 2041 1934 3686 2007; baseline 0.003 -19"><span class='ocrx_word' id='word_1_285' title='bbox 2041 1934 2220 1989; x_wconf 88' lang='lat' dir='ltr'><strong>ritum</strong></span> <span class='ocrx_word' id='word_1_286' title='bbox 2244 1936 2362 1990; x_wconf 90' lang='lat' dir='ltr'><strong>Deo</strong></span> <span class='ocrx_word' id='word_1_287' title='bbox 2393 1935 2816 2006; x_wconf 81' lang='lat' dir='ltr'><strong>reddidit.Ejus</strong></span> <span class='ocrx_word' id='word_1_288' title='bbox 2847 1937 3130 2007; x_wconf 88' lang='lat' dir='ltr'><strong>reliquias</strong></span> <span class='ocrx_word' id='word_1_289' title='bbox 3163 1953 3192 1990; x_wconf 94' lang='lat' dir='ltr'><strong>e</strong></span> <span class='ocrx_word' id='word_1_290' title='bbox 3211 1954 3379 1992; x_wconf 90' lang='lat' dir='ltr'><strong>muro</strong></span> <span class='ocrx_word' id='word_1_291' title='bbox 3399 1939 3686 1993; x_wconf 87' lang='lat' dir='ltr'><strong>adomina</strong></span> 
     </span>
    </p>
   </div>
   <div class='ocr_carea' id='block_1_47' title="bbox 2039 2023 3678 2099">
    <p class='ocr_par' dir='ltr' id='par_1_47' title="bbox 2039 2023 3678 2099">
     <span class='ocr_line' id='line_1_48' title="bbox 2039 2023 3678 2099; baseline 0.002 -21"><span class='ocrx_word' id='word_1_292' title='bbox 2039 2023 2228 2096; x_wconf 88' lang='lat' dir='ltr'><strong>ipsius</strong></span> <span class='ocrx_word' id='word_1_293' title='bbox 2261 2025 2898 2095; x_wconf 86' lang='lat' dir='ltr'><strong>projectas,Christiani</strong></span> <span class='ocrx_word' id='word_1_294' title='bbox 2933 2027 3403 2089; x_wconf 76' lang='lat' dir='ltr'><strong>sublatas,noctu</strong></span> <span class='ocrx_word' id='word_1_295' title='bbox 3430 2029 3678 2099; x_wconf 88' lang='lat' dir='ltr'><strong>sepelie-</strong></span> 
     </span>
    </p>
   </div>
   <div class='ocr_carea' id='block_1_48' title="bbox 2035 2115 3686 2187">
    <p class='ocr_par' dir='ltr' id='par_1_48' title="bbox 2035 2115 3686 2187">
     <span class='ocr_line' id='line_1_49' title="bbox 2035 2115 3686 2187; baseline 0.003 -21"><span class='ocrx_word' id='word_1_296' title='bbox 2035 2119 2195 2168; x_wconf 86' lang='lat' dir='ltr'><strong>runt.</strong></span> <span class='ocrx_word' id='word_1_297' title='bbox 2232 2115 2441 2168; x_wconf 87' lang='lat' dir='ltr'><strong>Postea</strong></span> <span class='ocrx_word' id='word_1_298' title='bbox 2468 2131 2604 2168; x_wconf 85' lang='lat' dir='ltr'><strong>vero</strong></span> <span class='ocrx_word' id='word_1_299' title='bbox 2635 2115 2970 2170; x_wconf 84' lang='lat' dir='ltr'><strong>Alexander</strong></span> <span class='ocrx_word' id='word_1_300' title='bbox 3021 2116 3331 2187; x_wconf 90' lang='lat' dir='ltr'><strong>episcopus</strong></span> <span class='ocrx_word' id='word_1_301' title='bbox 3362 2133 3496 2170; x_wconf 90' lang='lat' dir='ltr'><strong>cum</strong></span> <span class='ocrx_word' id='word_1_302' title='bbox 3529 2117 3686 2172; x_wconf 88' lang='lat' dir='ltr'><strong>intra</strong></span> 
     </span>
    </p>
   </div>
   <div class='ocr_carea' id='block_1_49' title="bbox 2033 2201 3680 2260">
    <p class='ocr_par' dir='ltr' id='par_1_49' title="bbox 2033 2201 3680 2260">
     <span class='ocr_line' id='line_1_50' title="bbox 2033 2201 3680 2260; baseline 0.001 -2"><span class='ocrx_word' id='word_1_303' title='bbox 2033 2201 2243 2258; x_wconf 89' lang='lat' dir='ltr'><strong>urbem</strong></span> <span class='ocrx_word' id='word_1_304' title='bbox 2273 2203 2860 2258; x_wconf 82' lang='lat' dir='ltr'><strong>Thessalonicensem</strong></span> <span class='ocrx_word' id='word_1_305' title='bbox 2882 2209 3098 2258; x_wconf 72' lang='lat' dir='ltr'><strong>sanctae</strong></span> <span class='ocrx_word' id='word_1_306' title='bbox 3111 2205 3354 2259; x_wconf 89' lang='lat' dir='ltr'><strong>nomine</strong></span> <span class='ocrx_word' id='word_1_307' title='bbox 3367 2205 3680 2260; x_wconf 87' lang='lat' dir='ltr'><strong>ecclesiam</strong></span> 
     </span>
    </p>
   </div>
   <div class='ocr_carea' id='block_1_50' title="bbox 2032 2291 2984 2364">
    <p class='ocr_par' dir='ltr' id='par_1_50' title="bbox 2032 2291 2984 2364">
     <span class='ocr_line' id='line_1_51' title="bbox 2032 2291 2984 2364; baseline 0.001 -17"><span class='ocrx_word' id='word_1_308' title='bbox 2032 2291 2418 2356; x_wconf 86' lang='lat' dir='ltr'><strong>condidisset,</strong></span> <span class='ocrx_word' id='word_1_309' title='bbox 2452 2292 2530 2346; x_wconf 91' lang='lat' dir='ltr'><strong>ibi</strong></span> <span class='ocrx_word' id='word_1_310' title='bbox 2563 2309 2661 2347; x_wconf 91' lang='lat' dir='ltr'><strong>eas</strong></span> <span class='ocrx_word' id='word_1_311' title='bbox 2692 2293 2984 2364; x_wconf 87' lang='lat' dir='ltr'><strong>deposuit.</strong></span> 
     </span>
    </p>
   </div>
   <div class='ocr_carea' id='block_1_51' title="bbox 2028 2401 3674 2470">
    <p class='ocr_par' dir='ltr' id='par_1_51' title="bbox 2028 2401 3674 2470">
     <span class='ocr_line' id='line_1_52' title="bbox 2028 2401 3674 2470; baseline 0.002 -14"><span class='ocrx_word' id='word_1_312' title='bbox 2028 2402 2100 2456; x_wconf 85' lang='lat' dir='ltr'><strong>Et</strong></span> <span class='ocrx_word' id='word_1_313' title='bbox 2143 2407 2416 2456; x_wconf 84' lang='lat' dir='ltr'><strong>certamen</strong></span> <span class='ocrx_word' id='word_1_314' title='bbox 2473 2403 2651 2457; x_wconf 80' lang='lat' dir='ltr'><strong>sancti</strong></span> <span class='ocrx_word' id='word_1_315' title='bbox 2706 2403 2941 2470; x_wconf 82' lang='lat' dir='ltr'><strong>apostoli</strong></span> <span class='ocrx_word' id='word_1_316' title='bbox 2985 2401 3334 2470; x_wconf 86' lang='lat' dir='ltr'><strong>Herodionis,</strong></span> <span class='ocrx_word' id='word_1_317' title='bbox 3391 2405 3554 2459; x_wconf 87' lang='lat' dir='ltr'><strong>unius</strong></span> <span class='ocrx_word' id='word_1_318' title='bbox 3604 2420 3674 2459; x_wconf 77' lang='lat' dir='ltr'><strong>ea:</strong></span> 
     </span>
    </p>
   </div>
   <div class='ocr_carea' id='block_1_52' title="bbox 2655 2473 3041 2544">
    <p class='ocr_par' dir='ltr' id='par_1_52' title="bbox 2655 2473 3041 2544">
     <span class='ocr_line' id='line_1_53' title="bbox 2655 2473 3041 2544; baseline 0 -17"><span class='ocrx_word' id='word_1_319' title='bbox 2655 2473 3041 2544; x_wconf 78' lang='lat' dir='ltr'><strong>Septuaginta.</strong></span> 
     </span>
    </p>
   </div>
   <div class='ocr_carea' id='block_1_53' title="bbox 2099 2579 3671 2654">
    <p class='ocr_par' dir='ltr' id='par_1_53' title="bbox 2099 2579 3671 2654">
     <span class='ocr_line' id='line_1_54' title="bbox 2099 2579 3671 2654; baseline 0.003 -21"><span class='ocrx_word' id='word_1_320' title='bbox 2099 2579 2394 2634; x_wconf 87' lang='lat' dir='ltr'><strong>Herodion</strong></span> <span class='ocrx_word' id='word_1_321' title='bbox 2425 2579 2641 2634; x_wconf 79' lang='lat' dir='ltr'><strong>Christi</strong></span> <span class='ocrx_word' id='word_1_322' title='bbox 2672 2580 2996 2651; x_wconf 83' lang='lat' dir='ltr'><strong>apostolus,</strong></span> <span class='ocrx_word' id='word_1_323' title='bbox 3017 2597 3173 2636; x_wconf 92' lang='lat' dir='ltr'><strong>unus</strong></span> <span class='ocrx_word' id='word_1_324' title='bbox 3203 2597 3273 2636; x_wconf 89' lang='lat' dir='ltr'><strong>ex</strong></span> <span class='ocrx_word' id='word_1_325' title='bbox 3296 2582 3671 2654; x_wconf 81' lang='lat' dir='ltr'><strong>septuaginta</strong></span> 
     </span>
    </p>
   </div>
   <div class='ocr_carea' id='block_1_54' title="bbox 2025 2667 3668 2743">
    <p class='ocr_par' dir='ltr' id='par_1_54' title="bbox 2025 2667 3668 2743">
     <span class='ocr_line' id='line_1_55' title="bbox 2025 2667 3668 2743; baseline 0.003 -21"><span class='ocrx_word' id='word_1_326' title='bbox 2025 2667 2358 2739; x_wconf 89' lang='lat' dir='ltr'><strong>discipulis,</strong></span> <span class='ocrx_word' id='word_1_327' title='bbox 2384 2675 2619 2724; x_wconf 87' lang='lat' dir='ltr'><strong>sanctos</strong></span> <span class='ocrx_word' id='word_1_328' title='bbox 2655 2670 2954 2740; x_wconf 87' lang='lat' dir='ltr'><strong>apostolos</strong></span> <span class='ocrx_word' id='word_1_329' title='bbox 2987 2679 3244 2732; x_wconf 83' lang='lat' dir='ltr'><strong>secutus.</strong></span> <span class='ocrx_word' id='word_1_330' title='bbox 3277 2671 3668 2743; x_wconf 79' lang='lat' dir='ltr'><strong>illosadjuva-</strong></span> 
     </span>
    </p>
   </div>
   <div class='ocr_carea' id='block_1_55' title="bbox 2021 2756 3669 2829">
    <p class='ocr_par' dir='ltr' id='par_1_55' title="bbox 2021 2756 3669 2829">
     <span class='ocr_line' id='line_1_56' title="bbox 2021 2756 3669 2829; baseline 0.002 -17"><span class='ocrx_word' id='word_1_331' title='bbox 2021 2756 2124 2812; x_wconf 87' lang='lat' dir='ltr'><strong>bat</strong></span> <span class='ocrx_word' id='word_1_332' title='bbox 2153 2758 2441 2812; x_wconf 88' lang='lat' dir='ltr'><strong>inChristi</strong></span> <span class='ocrx_word' id='word_1_333' title='bbox 2475 2757 2914 2829; x_wconf 70' lang='lat' dir='ltr'><strong>prmdicatione,</strong></span> <span class='ocrx_word' id='word_1_334' title='bbox 2935 2760 2995 2814; x_wconf 90' lang='lat' dir='ltr'><strong>in</strong></span> <span class='ocrx_word' id='word_1_335' title='bbox 3023 2761 3299 2814; x_wconf 92' lang='lat' dir='ltr'><strong>omnibus</strong></span> <span class='ocrx_word' id='word_1_336' title='bbox 3323 2762 3669 2816; x_wconf 89' lang='lat' dir='ltr'><strong>ministrans</strong></span> 
     </span>
    </p>
   </div>
   <div class='ocr_carea' id='block_1_56' title="bbox 2025 2846 3669 2920">
    <p class='ocr_par' dir='ltr' id='par_1_56' title="bbox 2025 2846 3669 2920">
     <span class='ocr_line' id='line_1_57' title="bbox 2025 2846 3669 2920; baseline 0.003 -19"><span class='ocrx_word' id='word_1_337' title='bbox 2025 2847 2129 2912; x_wconf 88' lang='lat' dir='ltr'><strong>eis,</strong></span> <span class='ocrx_word' id='word_1_338' title='bbox 2164 2846 2586 2917; x_wconf 81' lang='lat' dir='ltr'><strong>subjectusque</strong></span> <span class='ocrx_word' id='word_1_339' title='bbox 2607 2854 2890 2918; x_wconf 89' lang='lat' dir='ltr'><strong>tanquam</strong></span> <span class='ocrx_word' id='word_1_340' title='bbox 2917 2849 3132 2903; x_wconf 87' lang='lat' dir='ltr'><strong>Christi</strong></span> <span class='ocrx_word' id='word_1_341' title='bbox 3156 2850 3669 2920; x_wconf 85' lang='lat' dir='ltr'><strong>discipulus.aien—</strong></span> 
     </span>
    </p>
   </div>
   <div class='ocr_carea' id='block_1_57' title="bbox 2023 2935 3667 3006">
    <p class='ocr_par' dir='ltr' id='par_1_57' title="bbox 2023 2935 3667 3006">
     <span class='ocr_line' id='line_1_58' title="bbox 2023 2935 3667 3006; baseline 0.004 -16"><span class='ocrx_word' id='word_1_342' title='bbox 2023 2937 2140 2990; x_wconf 88' lang='lat' dir='ltr'><strong>tis:</strong></span> <span class='ocrx_word' id='word_1_343' title='bbox 2171 2935 2279 3001; x_wconf 88' lang='lat' dir='ltr'><strong>Qui</strong></span> <span class='ocrx_word' id='word_1_344' title='bbox 2303 2935 2431 2990; x_wconf 80' lang='lat' dir='ltr'><strong>vult</strong></span> <span class='ocrx_word' id='word_1_345' title='bbox 2460 2936 2690 3006; x_wconf 88' lang='lat' dir='ltr'><strong>primus</strong></span> <span class='ocrx_word' id='word_1_346' title='bbox 2731 2938 2999 2991; x_wconf 91' lang='lat' dir='ltr'><strong>omnium</strong></span> <span class='ocrx_word' id='word_1_347' title='bbox 3057 2955 3209 3005; x_wconf 91' lang='lat' dir='ltr'><strong>esse,</strong></span> <span class='ocrx_word' id='word_1_348' title='bbox 3247 2940 3350 2994; x_wconf 83' lang='lat' dir='ltr'><strong>ﬁat</strong></span> <span class='ocrx_word' id='word_1_349' title='bbox 3396 2941 3667 2996; x_wconf 88' lang='lat' dir='ltr'><strong>omnium</strong></span> 
     </span>
    </p>
   </div>
   <div class='ocr_carea' id='block_1_58' title="bbox 2024 3025 3668 3096">
    <p class='ocr_par' dir='ltr' id='par_1_58' title="bbox 2024 3025 3668 3096">
     <span class='ocr_line' id='line_1_59' title="bbox 2024 3025 3668 3096; baseline 0.002 -16"><span class='ocrx_word' id='word_1_350' title='bbox 2024 3041 2248 3092; x_wconf 80' lang='lat' dir='ltr'><strong>servus,</strong></span> <span class='ocrx_word' id='word_1_351' title='bbox 2297 3041 2683 3096; x_wconf 78' lang='lat' dir='ltr'><strong>omniumque</strong></span> <span class='ocrx_word' id='word_1_352' title='bbox 2715 3025 3008 3081; x_wconf 85' lang='lat' dir='ltr'><strong>minister.</strong></span> <span class='ocrx_word' id='word_1_353' title='bbox 3044 3029 3257 3082; x_wconf 86' lang='lat' dir='ltr'><strong>Postea</strong></span> <span class='ocrx_word' id='word_1_354' title='bbox 3306 3045 3441 3084; x_wconf 84' lang='lat' dir='ltr'><strong>vero</strong></span> <span class='ocrx_word' id='word_1_355' title='bbox 3473 3029 3545 3084; x_wconf 89' lang='lat' dir='ltr'><strong>ab</strong></span> <span class='ocrx_word' id='word_1_356' title='bbox 3596 3029 3668 3084; x_wconf 90' lang='lat' dir='ltr'><strong>iis</strong></span> 
     </span>
    </p>
   </div>
   <div class='ocr_carea' id='block_1_59' title="bbox 2025 3115 3664 3186">
    <p class='ocr_par' dir='ltr' id='par_1_59' title="bbox 2025 3115 3664 3186">
     <span class='ocr_line' id='line_1_60' title="bbox 2025 3115 3664 3186; baseline 0.004 -18"><span class='ocrx_word' id='word_1_357' title='bbox 2025 3115 2339 3186; x_wconf 85' lang='lat' dir='ltr'><strong>episcopus</strong></span> <span class='ocrx_word' id='word_1_358' title='bbox 2386 3115 2550 3170; x_wconf 90' lang='lat' dir='ltr'><strong>urbis</strong></span> <span class='ocrx_word' id='word_1_359' title='bbox 2609 3117 2900 3172; x_wconf 88' lang='lat' dir='ltr'><strong>Novarum</strong></span> <span class='ocrx_word' id='word_1_360' title='bbox 2959 3118 3265 3172; x_wconf 88' lang='lat' dir='ltr'><strong>Patrarum</strong></span> <span class='ocrx_word' id='word_1_361' title='bbox 3337 3119 3664 3186; x_wconf 85' lang='lat' dir='ltr'><strong>ordinatus,</strong></span> 
     </span>
    </p>
   </div>
   <div class='ocr_carea' id='block_1_60' title="bbox 266 3199 1914 3274">
    <p class='ocr_par' dir='ltr' id='par_1_60' title="bbox 266 3199 1910 3274">
     <span class='ocr_line' id='line_1_61' title="bbox 266 3199 1910 3274; baseline 0.002 -16"><span class='ocrx_word' id='word_1_362' title='bbox 266 3205 469 3273; x_wconf 65' lang='grc' dir='ltr'>τονηθη</span> <span class='ocrx_word' id='word_1_363' title='bbox 503 3201 802 3264; x_wconf 70' lang='grc' dir='ltr'>ἐπίσκοπος</span> <span class='ocrx_word' id='word_1_364' title='bbox 833 3199 1049 3264; x_wconf 87' lang='grc' dir='ltr'>πόλεως</span> <span class='ocrx_word' id='word_1_365' title='bbox 1081 3203 1227 3258; x_wconf 81' lang='grc' dir='ltr'><strong>Νέων</strong></span> <span class='ocrx_word' id='word_1_366' title='bbox 1262 3207 1510 3274; x_wconf 81' lang='grc' dir='ltr'>Πατρῶν,</span> <span class='ocrx_word' id='word_1_367' title='bbox 1541 3204 1630 3259; x_wconf 77' lang='grc' dir='ltr'><strong>καὶ</strong></span> <span class='ocrx_word' id='word_1_368' title='bbox 1661 3203 1910 3268; x_wconf 77' lang='grc' dir='ltr'>πολλοὺς</span> 
     </span>
    </p>
   </div>
   <div class='ocr_carea' id='block_1_61' title="bbox 2029 3199 3661 3274">
    <p class='ocr_par' dir='ltr' id='par_1_61' title="bbox 2029 3203 3661 3264">
     <span class='ocr_line' id='line_1_62' title="bbox 2029 3203 3661 3264; baseline 0.003 -5"><span class='ocrx_word' id='word_1_369' title='bbox 2029 3203 2244 3259; x_wconf 88' lang='lat' dir='ltr'><strong>multos</strong></span> <span class='ocrx_word' id='word_1_370' title='bbox 2276 3205 2612 3259; x_wconf 72' lang='lat' dir='ltr'><strong>Graecorum</strong></span> <span class='ocrx_word' id='word_1_371' title='bbox 2643 3204 2718 3259; x_wconf 86' lang='lat' dir='ltr'><strong>ad</strong></span> <span class='ocrx_word' id='word_1_372' title='bbox 2741 3205 3057 3260; x_wconf 88' lang='lat' dir='ltr'><strong>Dominum</strong></span> <span class='ocrx_word' id='word_1_373' title='bbox 3089 3206 3358 3262; x_wconf 87' lang='lat' dir='ltr'><strong>doctrina</strong></span> <span class='ocrx_word' id='word_1_374' title='bbox 3383 3225 3490 3264; x_wconf 90' lang='lat' dir='ltr'><strong>sua</strong></span> <span class='ocrx_word' id='word_1_375' title='bbox 3519 3225 3661 3264; x_wconf 83' lang='lat' dir='ltr'><strong>con-</strong></span> 
     </span>
    </p>
   </div>
   <div class='ocr_carea' id='block_1_62' title="bbox 267 3288 1908 3370">
    <p class='ocr_par' dir='ltr' id='par_1_62' title="bbox 267 3288 1908 3370">
     <span class='ocr_line' id='line_1_63' title="bbox 267 3288 1908 3370; baseline 0.001 -23"><span class='ocrx_word' id='word_1_376' title='bbox 267 3290 459 3348; x_wconf 76' lang='grc' dir='ltr'>ἐκτῶν</span> <span class='ocrx_word' id='word_1_377' title='bbox 484 3289 774 3361; x_wconf 72' lang='grc' dir='ltr'>Ἑλλήνων</span> <span class='ocrx_word' id='word_1_378' title='bbox 814 3288 1079 3346; x_wconf 74' lang='grc' dir='ltr'>διδάσκων</span> <span class='ocrx_word' id='word_1_379' title='bbox 1139 3289 1455 3370; x_wconf 71' lang='grc' dir='ltr'>ἐπέστρεφεν</span> <span class='ocrx_word' id='word_1_380' title='bbox 1513 3291 1598 3348; x_wconf 78' lang='grc' dir='ltr'>ἐπὶ</span> <span class='ocrx_word' id='word_1_381' title='bbox 1652 3295 1743 3349; x_wconf 87' lang='grc' dir='ltr'><strong>τὸν</strong></span> <span class='ocrx_word' id='word_1_382' title='bbox 1804 3296 1908 3349; x_wconf 81' lang='grc' dir='ltr'><strong>Κύ-</strong></span> 
     </span>
    </p>
   </div>
   <div class='ocr_carea' id='block_1_63' title="bbox 267 3379 1910 3456">
    <p class='ocr_par' dir='ltr' id='par_1_63' title="bbox 267 3379 1910 3456">
     <span class='ocr_line' id='line_1_64' title="bbox 267 3379 1910 3456; baseline 0.003 -20"><span class='ocrx_word' id='word_1_383' title='bbox 267 3402 399 3456; x_wconf 86' lang='grc' dir='ltr'>ριον.</span> <span class='ocrx_word' id='word_1_384' title='bbox 435 3383 817 3452; x_wconf 72' lang='grc' dir='ltr'>Φθοντςσαντες</span> <span class='ocrx_word' id='word_1_385' title='bbox 845 3379 902 3436; x_wconf 78' lang='grc' dir='ltr'>δὲ</span> <span class='ocrx_word' id='word_1_386' title='bbox 941 3382 994 3436; x_wconf 76' lang='grc' dir='ltr'>οἳ</span> <span class='ocrx_word' id='word_1_387' title='bbox 1051 3379 1328 3452; x_wconf 80' lang='grc' dir='ltr'>Ἰουδαῖοι,</span> <span class='ocrx_word' id='word_1_388' title='bbox 1387 3383 1475 3438; x_wconf 84' lang='grc' dir='ltr'><strong>καὶ</strong></span> <span class='ocrx_word' id='word_1_389' title='bbox 1534 3383 1910 3448; x_wconf 80' lang='grc' dir='ltr'>ἐπισυστάντες</span> 
     </span>
    </p>
   </div>
   <div class='ocr_carea' id='block_1_64' title="bbox 265 3467 1905 3544">
    <p class='ocr_par' dir='ltr' id='par_1_64' title="bbox 265 3467 1905 3544">
     <span class='ocr_line' id='line_1_65' title="bbox 265 3467 1905 3544; baseline 0.002 -20"><span class='ocrx_word' id='word_1_390' title='bbox 265 3469 344 3524; x_wconf 81' lang='grc' dir='ltr'><strong>ἐπ’</strong></span> <span class='ocrx_word' id='word_1_391' title='bbox 369 3469 532 3524; x_wconf 73' lang='grc' dir='ltr'>αὑτὸν</span> <span class='ocrx_word' id='word_1_392' title='bbox 570 3469 703 3541; x_wconf 79' lang='grc' dir='ltr'><strong>μετά</strong></span> <span class='ocrx_word' id='word_1_393' title='bbox 738 3473 846 3524; x_wconf 89' lang='grc' dir='ltr'><strong>τῶν</strong></span> <span class='ocrx_word' id='word_1_394' title='bbox 882 3467 1325 3544; x_wconf 73' lang='grc' dir='ltr'>εἶδωλολατρῶν,</span> <span class='ocrx_word' id='word_1_395' title='bbox 1387 3469 1686 3544; x_wconf 74' lang='grc' dir='ltr'>ἐκράτησας</span> <span class='ocrx_word' id='word_1_396' title='bbox 1744 3473 1905 3528; x_wconf 81' lang='grc' dir='ltr'>αὐτὸν</span> 
     </span>
    </p>
   </div>
   <div class='ocr_carea' id='block_1_65' title="bbox 263 3552 1909 3631">
    <p class='ocr_par' dir='ltr' id='par_1_65' title="bbox 263 3552 1909 3631">
     <span class='ocr_line' id='line_1_66' title="bbox 263 3552 1909 3631; baseline 0.003 -21"><span class='ocrx_word' id='word_1_397' title='bbox 263 3558 352 3612; x_wconf 76' lang='grc' dir='ltr'><strong>καὶ</strong></span> <span class='ocrx_word' id='word_1_398' title='bbox 410 3552 729 3612; x_wconf 71' lang='grc' dir='ltr'>ἐϐασάνισαν</span> <span class='ocrx_word' id='word_1_399' title='bbox 803 3556 1069 3631; x_wconf 64' lang='grc' dir='ltr'>ῒσῖυρῶς,</span> <span class='ocrx_word' id='word_1_400' title='bbox 1128 3558 1181 3611; x_wconf 76' lang='grc' dir='ltr'>οἱ</span> <span class='ocrx_word' id='word_1_401' title='bbox 1241 3558 1335 3631; x_wconf 72' lang='grc' dir='ltr'>μὶν</span> <span class='ocrx_word' id='word_1_402' title='bbox 1398 3557 1680 3629; x_wconf 78' lang='grc' dir='ltr'>τύπτοτις,</span> <span class='ocrx_word' id='word_1_403' title='bbox 1741 3561 1794 3615; x_wconf 73' lang='grc' dir='ltr'>οἱ</span> <span class='ocrx_word' id='word_1_404' title='bbox 1851 3559 1909 3616; x_wconf 82' lang='grc' dir='ltr'>δὶ</span> 
     </span>
    </p>
   </div>
   <div class='ocr_carea' id='block_1_66' title="bbox 267 3640 1910 3720">
    <p class='ocr_par' dir='ltr' id='par_1_66' title="bbox 267 3640 1910 3720">
     <span class='ocr_line' id='line_1_67' title="bbox 267 3640 1910 3720; baseline 0.002 -18"><span class='ocrx_word' id='word_1_405' title='bbox 267 3645 445 3710; x_wconf 79' lang='grc' dir='ltr'>λίθοις</span> <span class='ocrx_word' id='word_1_406' title='bbox 500 3640 564 3701; x_wconf 80' lang='grc' dir='ltr'><strong>τὸ</strong></span> <span class='ocrx_word' id='word_1_407' title='bbox 624 3645 799 3718; x_wconf 80' lang='grc' dir='ltr'>στόμα</span> <span class='ocrx_word' id='word_1_408' title='bbox 853 3640 1250 3720; x_wconf 77' lang='grc' dir='ltr'>συντρίϐοντες,</span> <span class='ocrx_word' id='word_1_409' title='bbox 1310 3645 1472 3702; x_wconf 79' lang='grc' dir='ltr'>ἄλλοι</span> <span class='ocrx_word' id='word_1_410' title='bbox 1532 3645 1718 3718; x_wconf 79' lang='grc' dir='ltr'>ξύλοις</span> <span class='ocrx_word' id='word_1_411' title='bbox 1773 3649 1910 3705; x_wconf 82' lang='grc' dir='ltr'><strong>κατά</strong></span> 
     </span>
    </p>
   </div>
   <div class='ocr_carea' id='block_1_67' title="bbox 265 3733 1909 3812">
    <p class='ocr_par' dir='ltr' id='par_1_67' title="bbox 265 3733 1909 3812">
     <span class='ocr_line' id='line_1_68' title="bbox 265 3733 1909 3812; baseline 0.002 -23"><span class='ocrx_word' id='word_1_412' title='bbox 265 3733 508 3812; x_wconf 73' lang='grc' dir='ltr'>κεφαλήν</span> <span class='ocrx_word' id='word_1_413' title='bbox 577 3733 882 3796; x_wconf 73' lang='grc' dir='ltr'>πταίοντες.</span> <span class='ocrx_word' id='word_1_414' title='bbox 953 3737 1082 3791; x_wconf 83' lang='grc' dir='ltr'>Εἶτα</span> <span class='ocrx_word' id='word_1_415' title='bbox 1153 3735 1400 3810; x_wconf 76' lang='grc' dir='ltr'>μαχαίρᾳ</span> <span class='ocrx_word' id='word_1_416' title='bbox 1475 3735 1777 3811; x_wconf 70' lang='grc' dir='ltr'>ἀπέσφαξαν</span> <span class='ocrx_word' id='word_1_417' title='bbox 1857 3739 1909 3792; x_wconf 75' lang='grc' dir='ltr'>οἱ</span> 
     </span>
    </p>
   </div>
   <div class='ocr_carea' id='block_1_68' title="bbox 267 3819 1908 3902">
    <p class='ocr_par' dir='ltr' id='par_1_68' title="bbox 267 3819 1908 3902">
     <span class='ocr_line' id='line_1_69' title="bbox 267 3819 1908 3902; baseline 0.002 -24"><span class='ocrx_word' id='word_1_418' title='bbox 267 3822 485 3896; x_wconf 72' lang='grc' dir='ltr'>ἄνομοι,</span> <span class='ocrx_word' id='word_1_419' title='bbox 544 3822 635 3878; x_wconf 77' lang='grc' dir='ltr'><strong>καὶ</strong></span> <span class='ocrx_word' id='word_1_420' title='bbox 693 3820 896 3898; x_wconf 79' lang='grc' dir='ltr'>ἄγριοι,</span> <span class='ocrx_word' id='word_1_421' title='bbox 952 3824 1043 3878; x_wconf 78' lang='grc' dir='ltr'><strong>καὶ</strong></span> <span class='ocrx_word' id='word_1_422' title='bbox 1118 3819 1414 3899; x_wconf 75' lang='grc' dir='ltr'>αἱμοϐόροι</span> <span class='ocrx_word' id='word_1_423' title='bbox 1487 3832 1668 3900; x_wconf 81' lang='grc' dir='ltr'>θῆρες,</span> <span class='ocrx_word' id='word_1_424' title='bbox 1727 3825 1908 3902; x_wconf 80' lang='grc' dir='ltr'>ὥσπερ</span> 
     </span>
    </p>
   </div>
   <div class='ocr_carea' id='block_1_69' title="bbox 265 3911 1906 3992">
    <p class='ocr_par' dir='ltr' id='par_1_69' title="bbox 265 3911 1906 3992">
     <span class='ocr_line' id='line_1_70' title="bbox 265 3911 1906 3992; baseline 0.002 -25"><span class='ocrx_word' id='word_1_425' title='bbox 265 3913 412 3987; x_wconf 79' lang='grc' dir='ltr'>κριὸν</span> <span class='ocrx_word' id='word_1_426' title='bbox 446 3911 746 3985; x_wconf 81' lang='grc' dir='ltr'>ἐπίσημον·</span> <span class='ocrx_word' id='word_1_427' title='bbox 805 3911 896 3967; x_wconf 80' lang='grc' dir='ltr'><strong>καὶ</strong></span> <span class='ocrx_word' id='word_1_428' title='bbox 951 3911 1094 3968; x_wconf 74' lang='grc' dir='ltr'>οὕτω</span> <span class='ocrx_word' id='word_1_429' title='bbox 1145 3911 1426 3987; x_wconf 79' lang='grc' dir='ltr'>παρέδωκε</span> <span class='ocrx_word' id='word_1_430' title='bbox 1479 3915 1580 3983; x_wconf 82' lang='grc' dir='ltr'><strong>τήν</strong></span> <span class='ocrx_word' id='word_1_431' title='bbox 1641 3916 1906 3992; x_wconf 87' lang='grc' dir='ltr'>μακαρίαν</span> 
     </span>
    </p>
   </div>
   <div class='ocr_carea' id='block_1_70' title="bbox 268 3998 1905 4079">
    <p class='ocr_par' dir='ltr' id='par_1_70' title="bbox 268 3998 1905 4079">
     <span class='ocr_line' id='line_1_71' title="bbox 268 3998 1905 4079; baseline 0.001 -22"><span class='ocrx_word' id='word_1_432' title='bbox 268 4001 430 4057; x_wconf 76' lang='grc' dir='ltr'>αὑτοῦ</span> <span class='ocrx_word' id='word_1_433' title='bbox 459 4001 647 4076; x_wconf 76' lang='grc' dir='ltr'>ψυχὴν</span> <span class='ocrx_word' id='word_1_434' title='bbox 700 4004 781 4073; x_wconf 84' lang='grc' dir='ltr'><strong>τῷ</strong></span> <span class='ocrx_word' id='word_1_435' title='bbox 837 4000 1040 4075; x_wconf 82' lang='grc' dir='ltr'>Κυρίῳ,</span> <span class='ocrx_word' id='word_1_436' title='bbox 1099 3998 1170 4056; x_wconf 85' lang='grc' dir='ltr'>δι’</span> <span class='ocrx_word' id='word_1_437' title='bbox 1224 4003 1285 4058; x_wconf 75' lang='grc' dir='ltr'>ὃν</span> <span class='ocrx_word' id='word_1_438' title='bbox 1340 4001 1433 4058; x_wconf 80' lang='grc' dir='ltr'><strong>τὸν</strong></span> <span class='ocrx_word' id='word_1_439' title='bbox 1494 4001 1669 4079; x_wconf 89' lang='grc' dir='ltr'>βίαιον</span> <span class='ocrx_word' id='word_1_440' title='bbox 1705 4003 1905 4076; x_wconf 73' lang='grc' dir='ltr'>ὑπέστη</span> 
     </span>
    </p>
   </div>
   <div class='ocr_carea' id='block_1_71' title="bbox 271 4090 512 4155">
    <p class='ocr_par' dir='ltr' id='par_1_71' title="bbox 271 4090 512 4155">
     <span class='ocr_line' id='line_1_72' title="bbox 271 4090 512 4155; baseline 0.008 -11"><span class='ocrx_word' id='word_1_441' title='bbox 271 4090 512 4155; x_wconf 74' lang='grc' dir='ltr'>θάνατον.</span> 
     </span>
    </p>
   </div>
   <div class='ocr_carea' id='block_1_72' title="bbox 360 4194 1800 4276">
    <p class='ocr_par' dir='ltr' id='par_1_72' title="bbox 360 4194 1800 4276">
     <span class='ocr_line' id='line_1_73' title="bbox 360 4194 1800 4276; baseline 0 -22"><span class='ocrx_word' id='word_1_442' title='bbox 360 4197 464 4254; x_wconf 77' lang='grc' dir='ltr'>Καὶ</span> <span class='ocrx_word' id='word_1_443' title='bbox 500 4196 695 4270; x_wconf 76' lang='grc' dir='ltr'>μνήμη</span> <span class='ocrx_word' id='word_1_444' title='bbox 753 4199 853 4251; x_wconf 89' lang='grc' dir='ltr'><strong>τοῦ</strong></span> <span class='ocrx_word' id='word_1_445' title='bbox 884 4194 1036 4252; x_wconf 79' lang='grc' dir='ltr'>ὁσίου</span> <span class='ocrx_word' id='word_1_446' title='bbox 1070 4197 1281 4273; x_wconf 87' lang='grc' dir='ltr'>Πατρὸς</span> <span class='ocrx_word' id='word_1_447' title='bbox 1311 4198 1477 4272; x_wconf 70' lang='grc' dir='ltr'>ἡμῶν</span> <span class='ocrx_word' id='word_1_448' title='bbox 1511 4199 1800 4276; x_wconf 81' lang='grc' dir='ltr'>Ἡσυχίου.</span> 
     </span>
    </p>
   </div>
   <div class='ocr_carea' id='block_1_73' title="bbox 330 4315 1905 4400">
    <p class='ocr_par' dir='ltr' id='par_1_73' title="bbox 330 4315 1905 4400">
     <span class='ocr_line' id='line_1_74' title="bbox 330 4315 1905 4400; baseline 0.005 -26"><span class='ocrx_word' id='word_1_449' title='bbox 330 4317 656 4397; x_wconf 75' lang='grc' dir='ltr'>Ἡσύχιοςό</span> <span class='ocrx_word' id='word_1_450' title='bbox 696 4315 748 4376; x_wconf 76' lang='grc' dir='ltr'>ἔν</span> <span class='ocrx_word' id='word_1_451' title='bbox 803 4319 980 4395; x_wconf 79' lang='grc' dir='ltr'>ἁγίοις</span> <span class='ocrx_word' id='word_1_452' title='bbox 1035 4322 1222 4397; x_wconf 69' lang='grc' dir='ltr'>Πατὴρ</span> <span class='ocrx_word' id='word_1_453' title='bbox 1280 4324 1466 4395; x_wconf 74' lang='grc' dir='ltr'>ἡμῶν,</span> <span class='ocrx_word' id='word_1_454' title='bbox 1533 4325 1754 4400; x_wconf 83' lang='grc' dir='ltr'>ὑπῆρχε</span> <span class='ocrx_word' id='word_1_455' title='bbox 1810 4327 1905 4400; x_wconf 79' lang='grc' dir='ltr'>μὶν</span> 
     </span>
    </p>
   </div>
   <div class='ocr_carea' id='block_1_74' title="bbox 260 4409 1905 4487">
    <p class='ocr_par' dir='ltr' id='par_1_74' title="bbox 260 4409 1905 4487">
     <span class='ocr_line' id='line_1_75' title="bbox 260 4409 1905 4487; baseline 0.003 -21"><span class='ocrx_word' id='word_1_456' title='bbox 260 4417 362 4467; x_wconf 86' lang='grc' dir='ltr'><strong>τῶν</strong></span> <span class='ocrx_word' id='word_1_457' title='bbox 385 4411 788 4484; x_wconf 83' lang='grc' dir='ltr'>Ἰεροσολύμων</span> <span class='ocrx_word' id='word_1_458' title='bbox 849 4413 935 4466; x_wconf 83' lang='grc' dir='ltr'><strong>καὶ</strong></span> <span class='ocrx_word' id='word_1_459' title='bbox 998 4413 1246 4486; x_wconf 68' lang='grc' dir='ltr'>γέννημα</span> <span class='ocrx_word' id='word_1_460' title='bbox 1294 4413 1384 4468; x_wconf 80' lang='grc' dir='ltr'><strong>καὶ</strong></span> <span class='ocrx_word' id='word_1_461' title='bbox 1435 4409 1671 4487; x_wconf 76' lang='grc' dir='ltr'>θρέμμα·</span> <span class='ocrx_word' id='word_1_462' title='bbox 1734 4423 1905 4472; x_wconf 74' lang='grc' dir='ltr'>πᾶσαν</span> 
     </span>
    </p>
   </div>
   <div class='ocr_carea' id='block_1_75' title="bbox 266 4497 1904 4580">
    <p class='ocr_par' dir='ltr' id='par_1_75' title="bbox 266 4497 1904 4580">
     <span class='ocr_line' id='line_1_76' title="bbox 266 4497 1904 4580; baseline 0.004 -25"><span class='ocrx_word' id='word_1_463' title='bbox 266 4497 317 4555; x_wconf 74' lang='grc' dir='ltr'><strong>δί</strong></span> <span class='ocrx_word' id='word_1_464' title='bbox 346 4503 566 4578; x_wconf 76' lang='grc' dir='ltr'>Γραφὴν</span> <span class='ocrx_word' id='word_1_465' title='bbox 599 4499 677 4564; x_wconf 67' lang='grc' dir='ltr'>εἲς</span> <span class='ocrx_word' id='word_1_466' title='bbox 705 4500 870 4575; x_wconf 71' lang='grc' dir='ltr'>ἄκρον</span> <span class='ocrx_word' id='word_1_467' title='bbox 901 4499 1293 4570; x_wconf 78' lang='grc' dir='ltr'>ἐκμελετήσας,</span> <span class='ocrx_word' id='word_1_468' title='bbox 1342 4501 1648 4574; x_wconf 83' lang='grc' dir='ltr'>ἐπλούτησε</span> <span class='ocrx_word' id='word_1_469' title='bbox 1703 4510 1904 4580; x_wconf 87' lang='grc' dir='ltr'>γνῶσιν</span> 
     </span>
    </p>
   </div>
   <div class='ocr_carea' id='block_1_76' title="bbox 266 4588 1909 4668">
    <p class='ocr_par' dir='ltr' id='par_1_76' title="bbox 266 4588 1909 4668">
     <span class='ocr_line' id='line_1_77' title="bbox 266 4588 1909 4668; baseline 0.004 -24"><span class='ocrx_word' id='word_1_470' title='bbox 266 4588 338 4651; x_wconf 80' lang='grc' dir='ltr'>εἲς</span> <span class='ocrx_word' id='word_1_471' title='bbox 365 4591 524 4647; x_wconf 73' lang='grc' dir='ltr'>Θιόν.</span> <span class='ocrx_word' id='word_1_472' title='bbox 559 4589 652 4644; x_wconf 84' lang='grc' dir='ltr'><strong>Διὸ</strong></span> <span class='ocrx_word' id='word_1_473' title='bbox 679 4590 770 4644; x_wconf 88' lang='grc' dir='ltr'><strong>καὶ</strong></span> <span class='ocrx_word' id='word_1_474' title='bbox 817 4590 1204 4665; x_wconf 63' lang='grc' dir='ltr'>ἀναχωρήσας,</span> <span class='ocrx_word' id='word_1_475' title='bbox 1263 4590 1353 4646; x_wconf 82' lang='grc' dir='ltr'>καὶ</span> <span class='ocrx_word' id='word_1_476' title='bbox 1413 4593 1703 4668; x_wconf 73' lang='grc' dir='ltr'>γενόμενος</span> <span class='ocrx_word' id='word_1_477' title='bbox 1737 4616 1909 4668; x_wconf 86' lang='grc' dir='ltr'>μονα-</span> 
     </span>
    </p>
   </div>
   <div class='ocr_carea' id='block_1_77' title="bbox 266 4674 1905 4757">
    <p class='ocr_par' dir='ltr' id='par_1_77' title="bbox 266 4674 1905 4757">
     <span class='ocr_line' id='line_1_78' title="bbox 266 4674 1905 4757; baseline 0.004 -25"><span class='ocrx_word' id='word_1_478' title='bbox 266 4679 382 4755; x_wconf 83' lang='grc' dir='ltr'><strong>χός,</strong></span> <span class='ocrx_word' id='word_1_479' title='bbox 415 4674 682 4752; x_wconf 63' lang='grc' dir='ltr'>διέτριϐεν</span> <span class='ocrx_word' id='word_1_480' title='bbox 741 4677 794 4733; x_wconf 78' lang='grc' dir='ltr'>ἰν</span> <span class='ocrx_word' id='word_1_481' title='bbox 852 4685 970 4742; x_wconf 88' lang='grc' dir='ltr'>ταῖς</span> <span class='ocrx_word' id='word_1_482' title='bbox 1024 4677 1281 4754; x_wconf 75' lang='grc' dir='ltr'>ἐρήμοις,</span> <span class='ocrx_word' id='word_1_483' title='bbox 1328 4681 1710 4756; x_wconf 79' lang='grc' dir='ltr'>ἀπερχόμενος</span> <span class='ocrx_word' id='word_1_484' title='bbox 1767 4685 1905 4757; x_wconf 82' lang='grc' dir='ltr'>πρὸς</span> 
     </span>
    </p>
   </div>
   <div class='ocr_carea' id='block_1_78' title="bbox 263 4765 1908 4843">
    <p class='ocr_par' dir='ltr' id='par_1_78' title="bbox 263 4765 1908 4843">
     <span class='ocr_line' id='line_1_79' title="bbox 263 4765 1908 4843; baseline 0.004 -22"><span class='ocrx_word' id='word_1_485' title='bbox 263 4766 380 4830; x_wconf 70' lang='grc' dir='ltr'>τοὺς</span> <span class='ocrx_word' id='word_1_486' title='bbox 408 4765 523 4821; x_wconf 73' lang='grc' dir='ltr'>ἐκεῖ</span> <span class='ocrx_word' id='word_1_487' title='bbox 552 4765 737 4829; x_wconf 78' lang='grc' dir='ltr'>ὁσίους</span> <span class='ocrx_word' id='word_1_488' title='bbox 783 4769 1040 4840; x_wconf 64' lang='grc' dir='ltr'>πατέρας,</span> <span class='ocrx_word' id='word_1_489' title='bbox 1097 4765 1189 4822; x_wconf 86' lang='grc' dir='ltr'><strong>καὶ</strong></span> <span class='ocrx_word' id='word_1_490' title='bbox 1247 4771 1375 4843; x_wconf 85' lang='grc' dir='ltr'>παρ’</span> <span class='ocrx_word' id='word_1_491' title='bbox 1431 4768 1658 4825; x_wconf 69' lang='grc' dir='ltr'>ἱκάστου</span> <span class='ocrx_word' id='word_1_492' title='bbox 1707 4770 1908 4827; x_wconf 74' lang='grc' dir='ltr'>συλλέ-</span> 
     </span>
    </p>
   </div>
   <div class='ocr_carea' id='block_1_79' title="bbox 259 4855 1899 4932">
    <p class='ocr_par' dir='ltr' id='par_1_79' title="bbox 259 4855 1899 4932">
     <span class='ocr_line' id='line_1_80' title="bbox 259 4855 1899 4932; baseline 0.005 -23"><span class='ocrx_word' id='word_1_493' title='bbox 259 4877 361 4930; x_wconf 84' lang='grc' dir='ltr'><strong>γων</strong></span> <span class='ocrx_word' id='word_1_494' title='bbox 421 4855 490 4910; x_wconf 78' lang='grc' dir='ltr'><strong>τά</strong></span> <span class='ocrx_word' id='word_1_495' title='bbox 542 4855 672 4926; x_wconf 79' lang='grc' dir='ltr'>ἄνθη</span> <span class='ocrx_word' id='word_1_496' title='bbox 733 4857 837 4925; x_wconf 74' lang='grc' dir='ltr'>τῆς</span> <span class='ocrx_word' id='word_1_497' title='bbox 893 4857 1112 4931; x_wconf 78' lang='grc' dir='ltr'>ἀρετῆς,</span> <span class='ocrx_word' id='word_1_498' title='bbox 1172 4856 1246 4918; x_wconf 86' lang='grc' dir='ltr'><strong>ὡς</strong></span> <span class='ocrx_word' id='word_1_499' title='bbox 1285 4855 1587 4930; x_wconf 73' lang='grc' dir='ltr'>φιλόπονος</span> <span class='ocrx_word' id='word_1_500' title='bbox 1647 4859 1899 4932; x_wconf 64' lang='grc' dir='ltr'>μέλισσα.</span> 
     </span>
    </p>
   </div>
   <div class='ocr_carea' id='block_1_80' title="bbox 259 4938 1902 5023">
    <p class='ocr_par' dir='ltr' id='par_1_80' title="bbox 259 4938 1902 5023">
     <span class='ocr_line' id='line_1_81' title="bbox 259 4938 1902 5023; baseline 0.002 -26"><span class='ocrx_word' id='word_1_501' title='bbox 259 4941 404 4997; x_wconf 74' lang='grc' dir='ltr'>Ἐπεὶ</span> <span class='ocrx_word' id='word_1_502' title='bbox 437 4941 539 4997; x_wconf 83' lang='grc' dir='ltr'><strong>οὑκ</strong></span> <span class='ocrx_word' id='word_1_503' title='bbox 583 4941 652 5011; x_wconf 77' lang='grc' dir='ltr'>ἦν</span> <span class='ocrx_word' id='word_1_504' title='bbox 705 4938 928 4998; x_wconf 82' lang='grc' dir='ltr'>δυνατὸν</span> <span class='ocrx_word' id='word_1_505' title='bbox 961 4941 1231 5013; x_wconf 85' lang='grc' dir='ltr'>τοσαύτην</span> <span class='ocrx_word' id='word_1_506' title='bbox 1291 4941 1479 5006; x_wconf 83' lang='grc' dir='ltr'>λαθεῖν</span> <span class='ocrx_word' id='word_1_507' title='bbox 1526 4945 1747 5021; x_wconf 66' lang='grc' dir='ltr'>ἀρετὴν,</span> <span class='ocrx_word' id='word_1_508' title='bbox 1783 4947 1902 5023; x_wconf 82' lang='grc' dir='ltr'>βια-</span> 
     </span>
    </p>
   </div>
   <div class='ocr_carea' id='block_1_81' title="bbox 260 5030 1900 5110">
    <p class='ocr_par' dir='ltr' id='par_1_81' title="bbox 260 5030 1900 5110">
     <span class='ocr_line' id='line_1_82' title="bbox 260 5030 1900 5110; baseline 0.004 -24"><span class='ocrx_word' id='word_1_509' title='bbox 260 5032 397 5094; x_wconf 72' lang='grc' dir='ltr'>σθεὶς</span> <span class='ocrx_word' id='word_1_510' title='bbox 437 5030 584 5106; x_wconf 76' lang='grc' dir='ltr'>παρά</span> <span class='ocrx_word' id='word_1_511' title='bbox 636 5035 734 5086; x_wconf 91' lang='grc' dir='ltr'><strong>τοῦ</strong></span> <span class='ocrx_word' id='word_1_512' title='bbox 781 5032 904 5087; x_wconf 85' lang='grc' dir='ltr'>τότε</span> <span class='ocrx_word' id='word_1_513' title='bbox 954 5031 1258 5107; x_wconf 65' lang='grc' dir='ltr'>ἀρχιερέως</span> <span class='ocrx_word' id='word_1_514' title='bbox 1319 5037 1424 5088; x_wconf 90' lang='grc' dir='ltr'><strong>τῶν</strong></span> <span class='ocrx_word' id='word_1_515' title='bbox 1479 5033 1900 5110; x_wconf 82' lang='grc' dir='ltr'>Ἰεροσολύμων,</span> 
     </span>
    </p>
   </div>
   <div class='ocr_carea' id='block_1_82' title="bbox 252 5115 1901 5198">
    <p class='ocr_par' dir='ltr' id='par_1_82' title="bbox 252 5115 1901 5198">
     <span class='ocr_line' id='line_1_83' title="bbox 252 5115 1901 5198; baseline 0.004 -24"><span class='ocrx_word' id='word_1_516' title='bbox 252 5117 647 5197; x_wconf 62' lang='grc' dir='ltr'>ἐχειροτονήθη</span> <span class='ocrx_word' id='word_1_517' title='bbox 677 5115 1061 5196; x_wconf 73' lang='grc' dir='ltr'>πρεσϐύτερος.</span> <span class='ocrx_word' id='word_1_518' title='bbox 1125 5121 1228 5182; x_wconf 85' lang='grc' dir='ltr'>Καὶ</span> <span class='ocrx_word' id='word_1_519' title='bbox 1285 5123 1614 5193; x_wconf 40' lang='grc' dir='ltr'>προσμένων</span> <span class='ocrx_word' id='word_1_520' title='bbox 1663 5129 1748 5198; x_wconf 74' lang='grc' dir='ltr'>τῷ</span> <span class='ocrx_word' id='word_1_521' title='bbox 1801 5130 1901 5180; x_wconf 87' lang='grc' dir='ltr'><strong>τοῦ</strong></span> 
     </span>
    </p>
   </div>
   <div class='ocr_carea' id='block_1_83' title="bbox 255 5207 1899 5291">
    <p class='ocr_par' dir='ltr' id='par_1_83' title="bbox 255 5207 1899 5291">
     <span class='ocr_line' id='line_1_84' title="bbox 255 5207 1899 5291; baseline 0.003 -26"><span class='ocrx_word' id='word_1_522' title='bbox 255 5210 449 5282; x_wconf 74' lang='grc' dir='ltr'>Κυρίου</span> <span class='ocrx_word' id='word_1_523' title='bbox 471 5211 648 5288; x_wconf 77' lang='grc' dir='ltr'>τάφῳ,</span> <span class='ocrx_word' id='word_1_524' title='bbox 676 5211 767 5264; x_wconf 82' lang='grc' dir='ltr'>καὶ</span> <span class='ocrx_word' id='word_1_525' title='bbox 797 5215 913 5271; x_wconf 88' lang='grc' dir='ltr'>τοῖς</span> <span class='ocrx_word' id='word_1_526' title='bbox 940 5207 1135 5272; x_wconf 83' lang='grc' dir='ltr'>ἂλλοις</span> <span class='ocrx_word' id='word_1_527' title='bbox 1167 5210 1382 5280; x_wconf 84' lang='grc' dir='ltr'>τόποις,</span> <span class='ocrx_word' id='word_1_528' title='bbox 1444 5210 1496 5266; x_wconf 83' lang='grc' dir='ltr'><strong>ἐν</strong></span> <span class='ocrx_word' id='word_1_529' title='bbox 1555 5214 1638 5274; x_wconf 86' lang='grc' dir='ltr'>οἷς</span> <span class='ocrx_word' id='word_1_530' title='bbox 1666 5215 1733 5269; x_wconf 78' lang='grc' dir='ltr'><strong>τά</strong></span> <span class='ocrx_word' id='word_1_531' title='bbox 1767 5215 1899 5291; x_wconf 77' lang='grc' dir='ltr'>ὑπὲρ</span> 
     </span>
    </p>
   </div>
   <div class='ocr_carea' id='block_1_84' title="bbox 253 5297 1897 5374">
    <p class='ocr_par' dir='ltr' id='par_1_84' title="bbox 253 5297 1897 5374">
     <span class='ocr_line' id='line_1_85' title="bbox 253 5297 1897 5374; baseline 0.004 -21"><span class='ocrx_word' id='word_1_532' title='bbox 253 5301 406 5371; x_wconf 70' lang='grc' dir='ltr'>ἡμῶν</span> <span class='ocrx_word' id='word_1_533' title='bbox 436 5299 564 5374; x_wconf 79' lang='grc' dir='ltr'>ἆγια</span> <span class='ocrx_word' id='word_1_534' title='bbox 592 5300 740 5370; x_wconf 85' lang='grc' dir='ltr'>πάθη</span> <span class='ocrx_word' id='word_1_535' title='bbox 807 5297 1088 5371; x_wconf 67' lang='grc' dir='ltr'>ὑπέμεινεν</span> <span class='ocrx_word' id='word_1_536' title='bbox 1152 5301 1182 5354; x_wconf 90' lang='lat'><strong>6</strong></span> <span class='ocrx_word' id='word_1_537' title='bbox 1236 5300 1438 5374; x_wconf 88' lang='grc' dir='ltr'>Κύριος</span> <span class='ocrx_word' id='word_1_538' title='bbox 1470 5303 1631 5373; x_wconf 62' lang='grc' dir='ltr'><strong>⁴ἡμῶν</strong></span> <span class='ocrx_word' id='word_1_539' title='bbox 1686 5304 1897 5374; x_wconf 80' lang='grc' dir='ltr'>Ἰησοῦς</span> 
     </span>
    </p>
   </div>
   <div class='ocr_carea' id='block_1_85' title="bbox 252 5387 1894 5468">
    <p class='ocr_par' dir='ltr' id='par_1_85' title="bbox 252 5387 1894 5468">
     <span class='ocr_line' id='line_1_86' title="bbox 252 5387 1894 5468; baseline 0.004 -25"><span class='ocrx_word' id='word_1_540' title='bbox 252 5391 492 5461; x_wconf 78' lang='grc' dir='ltr'>Χριστὸς,</span> <span class='ocrx_word' id='word_1_541' title='bbox 523 5387 715 5460; x_wconf 75' lang='grc' dir='ltr'>ἤντλει</span> <span class='ocrx_word' id='word_1_542' title='bbox 771 5389 950 5464; x_wconf 71' lang='grc' dir='ltr'>πηγάς</span> <span class='ocrx_word' id='word_1_543' title='bbox 1011 5389 1264 5464; x_wconf 80' lang='grc' dir='ltr'>γνώσεως</span> <span class='ocrx_word' id='word_1_544' title='bbox 1314 5392 1404 5445; x_wconf 82' lang='grc' dir='ltr'>καὶ</span> <span class='ocrx_word' id='word_1_545' title='bbox 1464 5392 1677 5468; x_wconf 72' lang='grc' dir='ltr'>σοφίας.</span> <span class='ocrx_word' id='word_1_546' title='bbox 1738 5396 1894 5454; x_wconf 78' lang='grc' dir='ltr'>’Ὁθεν</span> 
     </span>
    </p>
   </div>
   <div class='ocr_carea' id='block_1_86' title="bbox 254 5477 1896 5560">
    <p class='ocr_par' dir='ltr' id='par_1_86' title="bbox 254 5477 1896 5560">
     <span class='ocr_line' id='line_1_87' title="bbox 254 5477 1896 5560; baseline 0.004 -25"><span class='ocrx_word' id='word_1_547' title='bbox 254 5481 333 5535; x_wconf 81' lang='grc' dir='ltr'><strong>καὶ</strong></span> <span class='ocrx_word' id='word_1_548' title='bbox 367 5485 540 5536; x_wconf 76' lang='grc' dir='ltr'>πᾶσαν</span> <span class='ocrx_word' id='word_1_549' title='bbox 575 5480 792 5559; x_wconf 71' lang='grc' dir='ltr'>Γραφήν</span> <span class='ocrx_word' id='word_1_550' title='bbox 822 5479 1134 5553; x_wconf 62' lang='grc' dir='ltr'>ἡρμήνευσε</span> <span class='ocrx_word' id='word_1_551' title='bbox 1192 5500 1251 5534; x_wconf 88' lang='grc' dir='ltr'><strong>τε</strong></span> <span class='ocrx_word' id='word_1_552' title='bbox 1301 5479 1388 5535; x_wconf 74' lang='grc' dir='ltr'>καὶ</span> <span class='ocrx_word' id='word_1_553' title='bbox 1440 5477 1749 5560; x_wconf 78' lang='grc' dir='ltr'>διεσάφησε,</span> <span class='ocrx_word' id='word_1_554' title='bbox 1805 5485 1896 5541; x_wconf 82' lang='grc' dir='ltr'><strong>καὶ</strong></span> 
     </span>
    </p>
   </div>
   <div class='ocr_carea' id='block_1_87' title="bbox 257 5568 1922 5648">
    <p class='ocr_par' dir='ltr' id='par_1_87' title="bbox 257 5568 1922 5648">
     <span class='ocr_line' id='line_1_88' title="bbox 257 5568 1922 5648; baseline 0.004 -24"><span class='ocrx_word' id='word_1_555' title='bbox 257 5569 322 5632; x_wconf 82' lang='grc' dir='ltr'>εἷς</span> <span class='ocrx_word' id='word_1_556' title='bbox 353 5569 580 5628; x_wconf 79' lang='grc' dir='ltr'>πολλῶν</span> <span class='ocrx_word' id='word_1_557' title='bbox 614 5571 920 5645; x_wconf 78' lang='grc' dir='ltr'>προέθηκεν</span> <span class='ocrx_word' id='word_1_558' title='bbox 961 5568 1250 5646; x_wconf 69' lang='grc' dir='ltr'>ὠφέλειαν.</span> <span class='ocrx_word' id='word_1_559' title='bbox 1299 5571 1569 5635; x_wconf 79' lang='grc' dir='ltr'>Ἐντεῦθεν</span> <span class='ocrx_word' id='word_1_560' title='bbox 1602 5575 1922 5648; x_wconf 60' lang='grc' dir='ltr'>γενόμενος,</span> 
     </span>
    </p>
   </div>
   <div class='ocr_carea' id='block_1_88' title="bbox 253 5655 1896 5738">
    <p class='ocr_par' dir='ltr' id='par_1_88' title="bbox 253 5655 1896 5738">
     <span class='ocr_line' id='line_1_89' title="bbox 253 5655 1896 5738; baseline 0.002 -21"><span class='ocrx_word' id='word_1_561' title='bbox 253 5667 357 5725; x_wconf 60' lang='grc' dir='ltr'>τοῖς</span> <span class='ocrx_word' id='word_1_562' title='bbox 384 5668 512 5718; x_wconf 70' lang='grc' dir='ltr'>πᾶσι</span> <span class='ocrx_word' id='word_1_563' title='bbox 555 5655 921 5738; x_wconf 61' lang='grc' dir='ltr'>περιϐόητος,</span> <span class='ocrx_word' id='word_1_564' title='bbox 953 5659 1038 5713; x_wconf 73' lang='grc' dir='ltr'><strong>γαῖ</strong></span> <span class='ocrx_word' id='word_1_565' title='bbox 1101 5659 1430 5732; x_wconf 66' lang='grc' dir='ltr'>θαυμαστὸς,</span> <span class='ocrx_word' id='word_1_566' title='bbox 1492 5661 1579 5717; x_wconf 64' lang='grc' dir='ltr'><strong>καὶ</strong></span> <span class='ocrx_word' id='word_1_567' title='bbox 1635 5663 1726 5719; x_wconf 81' lang='grc' dir='ltr'>τὸν</span> <span class='ocrx_word' id='word_1_568' title='bbox 1765 5666 1896 5721; x_wconf 78' lang='grc' dir='ltr'>Θεὸν</span> 
     </span>
    </p>
   </div>
   <div class='ocr_carea' id='block_1_89' title="bbox 2014 3293 3663 3368">
    <p class='ocr_par' dir='ltr' id='par_1_89' title="bbox 2014 3293 3663 3368">
     <span class='ocr_line' id='line_1_90' title="bbox 2014 3293 3663 3368; baseline 0.005 -22"><span class='ocrx_word' id='word_1_569' title='bbox 2014 3293 2207 3348; x_wconf 83' lang='lat' dir='ltr'><strong>vertit.</strong></span> <span class='ocrx_word' id='word_1_570' title='bbox 2239 3293 2576 3348; x_wconf 89' lang='lat' dir='ltr'><strong>Invidentes</strong></span> <span class='ocrx_word' id='word_1_571' title='bbox 2593 3299 2792 3349; x_wconf 91' lang='lat' dir='ltr'><strong>autem</strong></span> <span class='ocrx_word' id='word_1_572' title='bbox 2814 3295 3020 3363; x_wconf 80' lang='lat' dir='ltr'><strong>Judaei,</strong></span> <span class='ocrx_word' id='word_1_573' title='bbox 3052 3295 3207 3350; x_wconf 84' lang='lat' dir='ltr'><strong>facta</strong></span> <span class='ocrx_word' id='word_1_574' title='bbox 3235 3297 3296 3350; x_wconf 90' lang='lat' dir='ltr'><strong>in</strong></span> <span class='ocrx_word' id='word_1_575' title='bbox 3321 3298 3516 3368; x_wconf 91' lang='lat' dir='ltr'><strong>ipsum</strong></span> <span class='ocrx_word' id='word_1_576' title='bbox 3542 3315 3663 3354; x_wconf 89' lang='lat' dir='ltr'><strong>una</strong></span> 
     </span>
    </p>
   </div>
   <div class='ocr_carea' id='block_1_90' title="bbox 2014 3381 3689 3466">
    <p class='ocr_par' dir='ltr' id='par_1_90' title="bbox 2014 3381 3689 3466">
     <span class='ocr_line' id='line_1_91' title="bbox 2014 3381 3689 3466; baseline 0.003 -28"><span class='ocrx_word' id='word_1_577' title='bbox 2014 3398 2148 3438; x_wconf 88' lang='lat' dir='ltr'><strong>cum</strong></span> <span class='ocrx_word' id='word_1_578' title='bbox 2182 3381 2512 3437; x_wconf 88' lang='lat' dir='ltr'><strong>idololatris</strong></span> <span class='ocrx_word' id='word_1_579' title='bbox 2533 3384 3501 3456; x_wconf 87' lang='lat' dir='ltr'><strong>conspiratione,comprehensum</strong></span> <span class='ocrx_word' id='word_1_580' title='bbox 3524 3404 3658 3461; x_wconf 87' lang='lat' dir='ltr'><strong>gra-</strong></span> <span class='ocrx_word' id='word_1_581' title='bbox 3681 3458 3689 3466; x_wconf 29' lang='grc' dir='ltr'><strong><em>ν</em></strong></span> 
     </span>
    </p>
   </div>
   <div class='ocr_carea' id='block_1_91' title="bbox 2012 3473 3656 3547">
    <p class='ocr_par' dir='ltr' id='par_1_91' title="bbox 2012 3473 3656 3547">
     <span class='ocr_line' id='line_1_92' title="bbox 2012 3473 3656 3547; baseline 0.004 -21"><span class='ocrx_word' id='word_1_582' title='bbox 2012 3473 2271 3528; x_wconf 81' lang='lat' dir='ltr'><strong>vissimis</strong></span> <span class='ocrx_word' id='word_1_583' title='bbox 2297 3474 2656 3529; x_wconf 83' lang='lat' dir='ltr'><strong>cruciatibus</strong></span> <span class='ocrx_word' id='word_1_584' title='bbox 2673 3476 3083 3542; x_wconf 86' lang='lat' dir='ltr'><strong>vexarunt,alii</strong></span> <span class='ocrx_word' id='word_1_585' title='bbox 3107 3477 3345 3547; x_wconf 89' lang='lat' dir='ltr'><strong>quidem</strong></span> <span class='ocrx_word' id='word_1_586' title='bbox 3371 3495 3505 3533; x_wconf 92' lang='lat' dir='ltr'><strong>eum</strong></span> <span class='ocrx_word' id='word_1_587' title='bbox 3531 3497 3656 3533; x_wconf 85' lang='lat' dir='ltr'><strong>ver-</strong></span> 
     </span>
    </p>
   </div>
   <div class='ocr_carea' id='block_1_92' title="bbox 2013 3562 3654 3640">
    <p class='ocr_par' dir='ltr' id='par_1_92' title="bbox 2013 3562 3654 3640">
     <span class='ocr_line' id='line_1_93' title="bbox 2013 3562 3654 3640; baseline 0.004 -24"><span class='ocrx_word' id='word_1_588' title='bbox 2013 3562 2312 3629; x_wconf 90' lang='lat' dir='ltr'><strong>berantes,</strong></span> <span class='ocrx_word' id='word_1_589' title='bbox 2346 3563 2445 3617; x_wconf 88' lang='lat' dir='ltr'><strong>alii</strong></span> <span class='ocrx_word' id='word_1_590' title='bbox 2471 3564 2627 3618; x_wconf 84' lang='lat' dir='ltr'><strong>saxis</strong></span> <span class='ocrx_word' id='word_1_591' title='bbox 2657 3580 2722 3618; x_wconf 89' lang='lat' dir='ltr'><strong>os</strong></span> <span class='ocrx_word' id='word_1_592' title='bbox 2754 3565 2883 3633; x_wconf 86' lang='lat' dir='ltr'><strong>ejus</strong></span> <span class='ocrx_word' id='word_1_593' title='bbox 2914 3571 3311 3634; x_wconf 83' lang='lat' dir='ltr'><strong>conterentes,</strong></span> <span class='ocrx_word' id='word_1_594' title='bbox 3345 3566 3446 3622; x_wconf 90' lang='lat' dir='ltr'><strong>alii</strong></span> <span class='ocrx_word' id='word_1_595' title='bbox 3480 3569 3654 3640; x_wconf 85' lang='lat' dir='ltr'><strong>lignis</strong></span> 
     </span>
    </p>
   </div>
   <div class='ocr_carea' id='block_1_93' title="bbox 2014 3653 3655 3724">
    <p class='ocr_par' dir='ltr' id='par_1_93' title="bbox 2014 3653 3655 3724">
     <span class='ocr_line' id='line_1_94' title="bbox 2014 3653 3655 3724; baseline 0.002 -16"><span class='ocrx_word' id='word_1_596' title='bbox 2014 3657 2192 3723; x_wconf 90' lang='lat' dir='ltr'><strong>caput</strong></span> <span class='ocrx_word' id='word_1_597' title='bbox 2245 3653 2664 3723; x_wconf 86' lang='lat' dir='ltr'><strong>percutientes.</strong></span> <span class='ocrx_word' id='word_1_598' title='bbox 2700 3654 3019 3719; x_wconf 85' lang='lat' dir='ltr'><strong>Postremo,</strong></span> <span class='ocrx_word' id='word_1_599' title='bbox 3047 3661 3326 3724; x_wconf 88' lang='lat' dir='ltr'><strong>tanquam</strong></span> <span class='ocrx_word' id='word_1_600' title='bbox 3361 3657 3655 3713; x_wconf 87' lang='lat' dir='ltr'><strong>illustrem</strong></span> 
     </span>
    </p>
   </div>
   <div class='ocr_carea' id='block_1_94' title="bbox 2015 3739 3658 3816">
    <p class='ocr_par' dir='ltr' id='par_1_94' title="bbox 2015 3739 3658 3816">
     <span class='ocr_line' id='line_1_95' title="bbox 2015 3739 3658 3816; baseline 0.004 -23"><span class='ocrx_word' id='word_1_601' title='bbox 2015 3740 2282 3804; x_wconf 75' lang='lat' dir='ltr'><strong>arietem,</strong></span> <span class='ocrx_word' id='word_1_602' title='bbox 2317 3739 2486 3794; x_wconf 91' lang='lat' dir='ltr'><strong>illum</strong></span> <span class='ocrx_word' id='word_1_603' title='bbox 2510 3739 3459 3816; x_wconf 69' lang='lat' dir='ltr'><strong>crudeles,impim,sanguinisque</strong></span> <span class='ocrx_word' id='word_1_604' title='bbox 3490 3763 3658 3800; x_wconf 84' lang='lat' dir='ltr'><strong>vora-</strong></span> 
     </span>
    </p>
   </div>
   <div class='ocr_carea' id='block_1_95' title="bbox 2014 3828 3656 3902">
    <p class='ocr_par' dir='ltr' id='par_1_95' title="bbox 2014 3828 3656 3902">
     <span class='ocr_line' id='line_1_96' title="bbox 2014 3828 3656 3902; baseline 0.004 -18"><span class='ocrx_word' id='word_1_605' title='bbox 2014 3844 2112 3884; x_wconf 89' lang='lat' dir='ltr'><strong>ces</strong></span> <span class='ocrx_word' id='word_1_606' title='bbox 2139 3828 2277 3884; x_wconf 66' lang='lat' dir='ltr'><strong>fera:</strong></span> <span class='ocrx_word' id='word_1_607' title='bbox 2307 3829 2502 3901; x_wconf 83' lang='lat' dir='ltr'><strong>gladio</strong></span> <span class='ocrx_word' id='word_1_608' title='bbox 2534 3829 2913 3897; x_wconf 63' lang='lat' dir='ltr'><strong>ceciderunt,</strong></span> <span class='ocrx_word' id='word_1_609' title='bbox 2946 3839 3122 3902; x_wconf 88' lang='lat' dir='ltr'><strong>atque</strong></span> <span class='ocrx_word' id='word_1_610' title='bbox 3152 3833 3234 3888; x_wconf 75' lang='lat' dir='ltr'><strong>ita</strong></span> <span class='ocrx_word' id='word_1_611' title='bbox 3263 3834 3495 3889; x_wconf 87' lang='lat' dir='ltr'><strong>beatam</strong></span> <span class='ocrx_word' id='word_1_612' title='bbox 3519 3836 3656 3890; x_wconf 88' lang='lat' dir='ltr'><strong>ani-</strong></span> 
     </span>
    </p>
   </div>
   <div class='ocr_carea' id='block_1_96' title="bbox 2014 3920 3653 3996">
    <p class='ocr_par' dir='ltr' id='par_1_96' title="bbox 2014 3920 3653 3996">
     <span class='ocr_line' id='line_1_97' title="bbox 2014 3920 3653 3996; baseline 0.006 -24"><span class='ocrx_word' id='word_1_613' title='bbox 2014 3934 2174 3973; x_wconf 90' lang='lat' dir='ltr'><strong>mam</strong></span> <span class='ocrx_word' id='word_1_614' title='bbox 2228 3935 2397 3974; x_wconf 88' lang='lat' dir='ltr'><strong>suam</strong></span> <span class='ocrx_word' id='word_1_615' title='bbox 2453 3920 2702 3975; x_wconf 91' lang='lat' dir='ltr'><strong>Domino</strong></span> <span class='ocrx_word' id='word_1_616' title='bbox 2771 3921 3145 3994; x_wconf 89' lang='lat' dir='ltr'><strong>tradidit,pro</strong></span> <span class='ocrx_word' id='word_1_617' title='bbox 3178 3941 3294 3996; x_wconf 91' lang='lat' dir='ltr'><strong>quo</strong></span> <span class='ocrx_word' id='word_1_618' title='bbox 3334 3925 3653 3982; x_wconf 86' lang='lat' dir='ltr'><strong>violentam</strong></span> 
     </span>
    </p>
   </div>
   <div class='ocr_carea' id='block_1_97' title="bbox 2016 4007 2598 4064">
    <p class='ocr_par' dir='ltr' id='par_1_97' title="bbox 2016 4007 2598 4064">
     <span class='ocr_line' id='line_1_98' title="bbox 2016 4007 2598 4064; baseline 0.003 -2"><span class='ocrx_word' id='word_1_619' title='bbox 2016 4013 2270 4062; x_wconf 88' lang='lat' dir='ltr'><strong>mortem</strong></span> <span class='ocrx_word' id='word_1_620' title='bbox 2291 4007 2598 4064; x_wconf 91' lang='lat' dir='ltr'><strong>sustinuit.</strong></span> 
     </span>
    </p>
   </div>
   <div class='ocr_carea' id='block_1_98' title="bbox 2014 4203 3656 4285">
    <p class='ocr_par' dir='ltr' id='par_1_98' title="bbox 2014 4203 3656 4285">
     <span class='ocr_line' id='line_1_99' title="bbox 2014 4203 3656 4285; baseline 0.005 -23"><span class='ocrx_word' id='word_1_621' title='bbox 2014 4203 2116 4262; x_wconf 71' lang='lat'><strong>88</strong></span> <span class='ocrx_word' id='word_1_622' title='bbox 2139 4208 2210 4261; x_wconf 89' lang='lat' dir='ltr'><strong>Et</strong></span> <span class='ocrx_word' id='word_1_623' title='bbox 2241 4210 2677 4264; x_wconf 82' lang='lat' dir='ltr'><strong>commemoratio</strong></span> <span class='ocrx_word' id='word_1_624' title='bbox 2706 4212 2884 4265; x_wconf 84' lang='lat' dir='ltr'><strong>sancti</strong></span> <span class='ocrx_word' id='word_1_625' title='bbox 2931 4213 3115 4268; x_wconf 81' lang='lat' dir='ltr'><strong>Patris</strong></span> <span class='ocrx_word' id='word_1_626' title='bbox 3174 4213 3354 4270; x_wconf 82' lang='lat' dir='ltr'><strong>nostri</strong></span> <span class='ocrx_word' id='word_1_627' title='bbox 3383 4215 3656 4285; x_wconf 82' lang='lat' dir='ltr'><strong>Hesychii.</strong></span> 
     </span>
    </p>
   </div>
   <div class='ocr_carea' id='block_1_99' title="bbox 2085 4329 3660 4412">
    <p class='ocr_par' dir='ltr' id='par_1_99' title="bbox 2085 4329 3660 4412">
     <span class='ocr_line' id='line_1_100' title="bbox 2085 4329 3660 4412; baseline 0.006 -26"><span class='ocrx_word' id='word_1_628' title='bbox 2085 4329 2334 4387; x_wconf 88' lang='lat' dir='ltr'><strong>Sanctus</strong></span> <span class='ocrx_word' id='word_1_629' title='bbox 2367 4333 2540 4388; x_wconf 83' lang='lat' dir='ltr'><strong>Pater</strong></span> <span class='ocrx_word' id='word_1_630' title='bbox 2567 4339 2772 4390; x_wconf 87' lang='lat' dir='ltr'><strong>noster</strong></span> <span class='ocrx_word' id='word_1_631' title='bbox 2829 4337 3172 4408; x_wconf 85' lang='lat' dir='ltr'><strong>Hesychius,</strong></span> <span class='ocrx_word' id='word_1_632' title='bbox 3238 4339 3660 4412; x_wconf 87' lang='lat' dir='ltr'><strong>Hierosolymis</strong></span> 
     </span>
    </p>
   </div>
   <div class='ocr_carea' id='block_1_100' title="bbox 2015 4420 3659 4494">
    <p class='ocr_par' dir='ltr' id='par_1_100' title="bbox 2015 4420 3659 4494">
     <span class='ocr_line' id='line_1_101' title="bbox 2015 4420 3659 4494; baseline 0.006 -21"><span class='ocrx_word' id='word_1_633' title='bbox 2015 4420 2257 4490; x_wconf 88' lang='lat' dir='ltr'><strong>quidem</strong></span> <span class='ocrx_word' id='word_1_634' title='bbox 2285 4427 2344 4476; x_wconf 89' lang='lat' dir='ltr'><strong>et</strong></span> <span class='ocrx_word' id='word_1_635' title='bbox 2395 4429 2571 4479; x_wconf 90' lang='lat' dir='ltr'><strong>natus</strong></span> <span class='ocrx_word' id='word_1_636' title='bbox 2619 4424 2732 4479; x_wconf 88' lang='lat' dir='ltr'><strong>fuit</strong></span> <span class='ocrx_word' id='word_1_637' title='bbox 2779 4430 2837 4479; x_wconf 87' lang='lat' dir='ltr'><strong>et</strong></span> <span class='ocrx_word' id='word_1_638' title='bbox 2893 4427 3214 4494; x_wconf 88' lang='lat' dir='ltr'><strong>educatus;</strong></span> <span class='ocrx_word' id='word_1_639' title='bbox 3258 4445 3494 4482; x_wconf 89' lang='lat' dir='ltr'><strong>omnem</strong></span> <span class='ocrx_word' id='word_1_640' title='bbox 3524 4447 3659 4484; x_wconf 86' lang='lat' dir='ltr'><strong>vero</strong></span> 
     </span>
    </p>
   </div>
   <div class='ocr_carea' id='block_1_101' title="bbox 2017 4508 3664 4581">
    <p class='ocr_par' dir='ltr' id='par_1_101' title="bbox 2017 4508 3664 4581">
     <span class='ocr_line' id='line_1_102' title="bbox 2017 4508 3664 4581; baseline 0.005 -18"><span class='ocrx_word' id='word_1_641' title='bbox 2017 4508 2380 4581; x_wconf 86' lang='lat' dir='ltr'><strong>Scripturam</strong></span> <span class='ocrx_word' id='word_1_642' title='bbox 2409 4511 2470 4565; x_wconf 90' lang='lat' dir='ltr'><strong>in</strong></span> <span class='ocrx_word' id='word_1_643' title='bbox 2503 4529 2734 4568; x_wconf 88' lang='lat' dir='ltr'><strong>summo</strong></span> <span class='ocrx_word' id='word_1_644' title='bbox 2767 4515 3028 4568; x_wconf 89' lang='lat' dir='ltr'><strong>culmine</strong></span> <span class='ocrx_word' id='word_1_645' title='bbox 3055 4516 3389 4581; x_wconf 85' lang='lat' dir='ltr'><strong>meditatus,</strong></span> <span class='ocrx_word' id='word_1_646' title='bbox 3415 4517 3664 4572; x_wconf 79' lang='lat' dir='ltr'><strong>scientia</strong></span> 
     </span>
    </p>
   </div>
   <div class='ocr_carea' id='block_1_102' title="bbox 2018 4599 3667 4676">
    <p class='ocr_par' dir='ltr' id='par_1_102' title="bbox 2018 4599 3667 4676">
     <span class='ocr_line' id='line_1_103' title="bbox 2018 4599 3667 4676; baseline 0.005 -24"><span class='ocrx_word' id='word_1_647' title='bbox 2018 4615 2150 4668; x_wconf 64' lang='lat' dir='ltr'><strong>quas</strong></span> <span class='ocrx_word' id='word_1_648' title='bbox 2181 4599 2253 4654; x_wconf 90' lang='lat' dir='ltr'><strong>ad</strong></span> <span class='ocrx_word' id='word_1_649' title='bbox 2287 4601 2469 4654; x_wconf 89' lang='lat' dir='ltr'><strong>Deum</strong></span> <span class='ocrx_word' id='word_1_650' title='bbox 2503 4605 3588 4676; x_wconf 86' lang='lat' dir='ltr'><strong>spectat,cumulatusest.Quapropter</strong></span> <span class='ocrx_word' id='word_1_651' title='bbox 3609 4611 3667 4660; x_wconf 87' lang='lat' dir='ltr'><strong>et</strong></span> 
     </span>
    </p>
   </div>
   <div class='ocr_carea' id='block_1_103' title="bbox 2017 4685 3664 4759">
    <p class='ocr_par' dir='ltr' id='par_1_103' title="bbox 2017 4685 3664 4759">
     <span class='ocr_line' id='line_1_104' title="bbox 2017 4685 3664 4759; baseline 0.007 -19"><span class='ocrx_word' id='word_1_652' title='bbox 2017 4685 2442 4759; x_wconf 84' lang='lat' dir='ltr'><strong>Hierosolymis</strong></span> <span class='ocrx_word' id='word_1_653' title='bbox 2476 4690 2778 4754; x_wconf 78' lang='lat' dir='ltr'><strong>secedens.</strong></span> <span class='ocrx_word' id='word_1_654' title='bbox 2797 4697 2855 4746; x_wconf 91' lang='lat' dir='ltr'><strong>et</strong></span> <span class='ocrx_word' id='word_1_655' title='bbox 2883 4693 3212 4747; x_wconf 87' lang='lat' dir='ltr'><strong>monachus</strong></span> <span class='ocrx_word' id='word_1_656' title='bbox 3241 4693 3455 4756; x_wconf 86' lang='lat' dir='ltr'><strong>factus.</strong></span> <span class='ocrx_word' id='word_1_657' title='bbox 3480 4695 3664 4750; x_wconf 84' lang='lat' dir='ltr'><strong>vitam</strong></span> 
     </span>
    </p>
   </div>
   <div class='ocr_carea' id='block_1_104' title="bbox 2018 4778 3661 4858">
    <p class='ocr_par' dir='ltr' id='par_1_104' title="bbox 2018 4778 3661 4858">
     <span class='ocr_line' id='line_1_105' title="bbox 2018 4778 3661 4858; baseline 0.007 -26"><span class='ocrx_word' id='word_1_658' title='bbox 2018 4778 2080 4833; x_wconf 91' lang='lat' dir='ltr'><strong>in</strong></span> <span class='ocrx_word' id='word_1_659' title='bbox 2107 4795 2306 4834; x_wconf 89' lang='lat' dir='ltr'><strong>eremo</strong></span> <span class='ocrx_word' id='word_1_660' title='bbox 2348 4779 2532 4842; x_wconf 88' lang='lat' dir='ltr'><strong>duxit,</strong></span> <span class='ocrx_word' id='word_1_661' title='bbox 2562 4782 2850 4838; x_wconf 87' lang='lat' dir='ltr'><strong>accedens</strong></span> <span class='ocrx_word' id='word_1_662' title='bbox 2880 4784 2952 4837; x_wconf 92' lang='lat' dir='ltr'><strong>ad</strong></span> <span class='ocrx_word' id='word_1_663' title='bbox 3011 4791 3268 4850; x_wconf 87' lang='lat' dir='ltr'><strong>sanctos,</strong></span> <span class='ocrx_word' id='word_1_664' title='bbox 3303 4787 3403 4858; x_wconf 90' lang='lat' dir='ltr'><strong>qui</strong></span> <span class='ocrx_word' id='word_1_665' title='bbox 3437 4787 3661 4844; x_wconf 87' lang='lat' dir='ltr'><strong>ibidem</strong></span> 
     </span>
    </p>
   </div>
   <div class='ocr_carea' id='block_1_105' title="bbox 2016 4868 3653 4949">
    <p class='ocr_par' dir='ltr' id='par_1_105' title="bbox 2016 4868 3653 4949">
     <span class='ocr_line' id='line_1_106' title="bbox 2016 4868 3653 4949; baseline 0.007 -28"><span class='ocrx_word' id='word_1_666' title='bbox 2016 4868 2537 4925; x_wconf 88' lang='lat' dir='ltr'><strong>commorabantur</strong></span> <span class='ocrx_word' id='word_1_667' title='bbox 2573 4873 2796 4939; x_wconf 88' lang='lat' dir='ltr'><strong>Patres,</strong></span> <span class='ocrx_word' id='word_1_668' title='bbox 2831 4879 2890 4928; x_wconf 89' lang='lat' dir='ltr'><strong>et</strong></span> <span class='ocrx_word' id='word_1_669' title='bbox 2927 4873 2998 4929; x_wconf 90' lang='lat' dir='ltr'><strong>ab</strong></span> <span class='ocrx_word' id='word_1_670' title='bbox 3030 4892 3394 4949; x_wconf 90' lang='lat' dir='ltr'><strong>unoquoque</strong></span> <span class='ocrx_word' id='word_1_671' title='bbox 3427 4895 3653 4936; x_wconf 89' lang='lat' dir='ltr'><strong>eorum.</strong></span> 
     </span>
    </p>
   </div>
   <div class='ocr_carea' id='block_1_106' title="bbox 2013 4957 3651 5043">
    <p class='ocr_par' dir='ltr' id='par_1_106' title="bbox 2013 4957 3651 5043">
     <span class='ocr_line' id='line_1_107' title="bbox 2013 4957 3651 5043; baseline 0.009 -31"><span class='ocrx_word' id='word_1_672' title='bbox 2013 4957 2206 5014; x_wconf 83' lang='lat' dir='ltr'><strong>instar</strong></span> <span class='ocrx_word' id='word_1_673' title='bbox 2233 4959 2546 5016; x_wconf 64' lang='lat' dir='ltr'><strong>laboriosas</strong></span> <span class='ocrx_word' id='word_1_674' title='bbox 2594 4963 2744 5034; x_wconf 86' lang='lat' dir='ltr'><strong>apis,</strong></span> <span class='ocrx_word' id='word_1_675' title='bbox 2778 4963 2955 5019; x_wconf 86' lang='lat' dir='ltr'><strong>ﬂores</strong></span> <span class='ocrx_word' id='word_1_676' title='bbox 3015 4966 3295 5023; x_wconf 84' lang='lat' dir='ltr'><strong>virtutum</strong></span> <span class='ocrx_word' id='word_1_677' title='bbox 3344 4969 3651 5043; x_wconf 88' lang='lat' dir='ltr'><strong>colligens.</strong></span> 
     </span>
    </p>
   </div>
   <div class='ocr_carea' id='block_1_107' title="bbox 2013 5047 3657 5125">
    <p class='ocr_par' dir='ltr' id='par_1_107' title="bbox 2013 5047 3657 5125">
     <span class='ocr_line' id='line_1_108' title="bbox 2013 5047 3657 5125; baseline 0.007 -22"><span class='ocrx_word' id='word_1_678' title='bbox 2013 5047 2157 5104; x_wconf 91' lang='lat' dir='ltr'><strong>Cum</strong></span> <span class='ocrx_word' id='word_1_679' title='bbox 2187 5065 2323 5104; x_wconf 86' lang='lat' dir='ltr'><strong>vero</strong></span> <span class='ocrx_word' id='word_1_680' title='bbox 2357 5049 2486 5104; x_wconf 79' lang='lat' dir='ltr'><strong>ﬁeri</strong></span> <span class='ocrx_word' id='word_1_681' title='bbox 2519 5067 2637 5107; x_wconf 91' lang='lat' dir='ltr'><strong>non</strong></span> <span class='ocrx_word' id='word_1_682' title='bbox 2668 5059 2888 5124; x_wconf 90' lang='lat' dir='ltr'><strong>posset,</strong></span> <span class='ocrx_word' id='word_1_683' title='bbox 2921 5059 2987 5109; x_wconf 92' lang='lat' dir='ltr'><strong>ut</strong></span> <span class='ocrx_word' id='word_1_684' title='bbox 3027 5061 3189 5112; x_wconf 89' lang='lat' dir='ltr'><strong>tanta</strong></span> <span class='ocrx_word' id='word_1_685' title='bbox 3219 5057 3400 5114; x_wconf 87' lang='lat' dir='ltr'><strong>virtus</strong></span> <span class='ocrx_word' id='word_1_686' title='bbox 3425 5057 3657 5125; x_wconf 84' lang='lat' dir='ltr'><strong>lateret,</strong></span> 
     </span>
    </p>
   </div>
   <div class='ocr_carea' id='block_1_108' title="bbox 2013 5137 3660 5216">
    <p class='ocr_par' dir='ltr' id='par_1_108' title="bbox 2013 5137 3660 5216">
     <span class='ocr_line' id='line_1_109' title="bbox 2013 5137 3660 5216; baseline 0.009 -27"><span class='ocrx_word' id='word_1_687' title='bbox 2013 5137 2066 5192; x_wconf 84' lang='lat' dir='ltr'><strong>vi</strong></span> <span class='ocrx_word' id='word_1_688' title='bbox 2100 5137 2346 5194; x_wconf 88' lang='lat' dir='ltr'><strong>adactus</strong></span> <span class='ocrx_word' id='word_1_689' title='bbox 2372 5138 2444 5193; x_wconf 90' lang='lat' dir='ltr'><strong>ab</strong></span> <span class='ocrx_word' id='word_1_690' title='bbox 2467 5156 2557 5207; x_wconf 82' lang='lat' dir='ltr'><strong>eo,</strong></span> <span class='ocrx_word' id='word_1_691' title='bbox 2596 5142 2696 5211; x_wconf 90' lang='lat' dir='ltr'><strong>qui</strong></span> <span class='ocrx_word' id='word_1_692' title='bbox 2733 5148 2854 5197; x_wconf 83' lang='lat' dir='ltr'><strong>turn</strong></span> <span class='ocrx_word' id='word_1_693' title='bbox 2889 5144 3430 5216; x_wconf 87' lang='lat' dir='ltr'><strong>Hierosolymorum</strong></span> <span class='ocrx_word' id='word_1_694' title='bbox 3463 5149 3660 5204; x_wconf 82' lang='lat' dir='ltr'><strong>archi-</strong></span> 
     </span>
    </p>
   </div>
   <div class='ocr_carea' id='block_1_109' title="bbox 2011 5225 3661 5301">
    <p class='ocr_par' dir='ltr' id='par_1_109' title="bbox 2011 5225 3661 5301">
     <span class='ocr_line' id='line_1_110' title="bbox 2011 5225 3661 5301; baseline 0.008 -22"><span class='ocrx_word' id='word_1_695' title='bbox 2011 5225 2326 5297; x_wconf 82' lang='lat' dir='ltr'><strong>episcopus</strong></span> <span class='ocrx_word' id='word_1_696' title='bbox 2357 5234 2500 5285; x_wconf 89' lang='lat' dir='ltr'><strong>erat.</strong></span> <span class='ocrx_word' id='word_1_697' title='bbox 2523 5230 2832 5300; x_wconf 85' lang='lat' dir='ltr'><strong>presbyter</strong></span> <span class='ocrx_word' id='word_1_698' title='bbox 2861 5232 3168 5288; x_wconf 85' lang='lat' dir='ltr'><strong>ordinatus</strong></span> <span class='ocrx_word' id='word_1_699' title='bbox 3191 5241 3300 5301; x_wconf 89' lang='lat' dir='ltr'><strong>est,</strong></span> <span class='ocrx_word' id='word_1_700' title='bbox 3329 5235 3390 5291; x_wconf 91' lang='lat' dir='ltr'><strong>in</strong></span> <span class='ocrx_word' id='word_1_701' title='bbox 3426 5237 3661 5294; x_wconf 87' lang='lat' dir='ltr'><strong>Domini</strong></span> 
     </span>
    </p>
   </div>
   <div class='ocr_carea' id='block_1_110' title="bbox 2011 5317 3662 5396">
    <p class='ocr_par' dir='ltr' id='par_1_110' title="bbox 2011 5317 3662 5396">
     <span class='ocr_line' id='line_1_111' title="bbox 2011 5317 3662 5396; baseline 0.008 -29"><span class='ocrx_word' id='word_1_702' title='bbox 2011 5319 2210 5368; x_wconf 88' lang='lat' dir='ltr'><strong>autem</strong></span> <span class='ocrx_word' id='word_1_703' title='bbox 2244 5317 2798 5390; x_wconf 87' lang='lat' dir='ltr'><strong>sepulcro.aliisque</strong></span> <span class='ocrx_word' id='word_1_704' title='bbox 2833 5319 2999 5386; x_wconf 85' lang='lat' dir='ltr'><strong>locis,</strong></span> <span class='ocrx_word' id='word_1_705' title='bbox 3020 5321 3082 5376; x_wconf 89' lang='lat' dir='ltr'><strong>in</strong></span> <span class='ocrx_word' id='word_1_706' title='bbox 3115 5323 3334 5393; x_wconf 91' lang='lat' dir='ltr'><strong>quibus</strong></span> <span class='ocrx_word' id='word_1_707' title='bbox 3355 5342 3462 5396; x_wconf 89' lang='lat' dir='ltr'><strong>pro</strong></span> <span class='ocrx_word' id='word_1_708' title='bbox 3485 5323 3662 5382; x_wconf 89' lang='lat' dir='ltr'><strong>nobis</strong></span> 
     </span>
    </p>
   </div>
   <div class='ocr_carea' id='block_1_111' title="bbox 2011 5402 3663 5484">
    <p class='ocr_par' dir='ltr' id='par_1_111' title="bbox 2011 5402 3663 5484">
     <span class='ocr_line' id='line_1_112' title="bbox 2011 5402 3663 5484; baseline 0.006 -26"><span class='ocrx_word' id='word_1_709' title='bbox 2011 5402 2289 5460; x_wconf 90' lang='lat' dir='ltr'><strong>Dominus</strong></span> <span class='ocrx_word' id='word_1_710' title='bbox 2321 5412 2522 5462; x_wconf 85' lang='lat' dir='ltr'><strong>noster</strong></span> <span class='ocrx_word' id='word_1_711' title='bbox 2545 5409 2712 5463; x_wconf 83' lang='lat' dir='ltr'><strong>Jesus</strong></span> <span class='ocrx_word' id='word_1_712' title='bbox 2744 5409 3011 5466; x_wconf 88' lang='lat' dir='ltr'><strong>Christus</strong></span> <span class='ocrx_word' id='word_1_713' title='bbox 3035 5419 3299 5467; x_wconf 88' lang='lat' dir='ltr'><strong>sanctam</strong></span> <span class='ocrx_word' id='word_1_714' title='bbox 3325 5414 3663 5484; x_wconf 90' lang='lat' dir='ltr'><strong>passionem</strong></span> 
     </span>
    </p>
   </div>
   <div class='ocr_carea' id='block_1_112' title="bbox 2011 5493 3662 5566">
    <p class='ocr_par' dir='ltr' id='par_1_112' title="bbox 2011 5493 3662 5566">
     <span class='ocr_line' id='line_1_113' title="bbox 2011 5493 3662 5566; baseline 0.007 -21"><span class='ocrx_word' id='word_1_715' title='bbox 2011 5493 2316 5554; x_wconf 86' lang='lat' dir='ltr'><strong>sustinuit.</strong></span> <span class='ocrx_word' id='word_1_716' title='bbox 2349 5513 2728 5566; x_wconf 87' lang='lat' dir='ltr'><strong>permanens,</strong></span> <span class='ocrx_word' id='word_1_717' title='bbox 2764 5499 3030 5554; x_wconf 86' lang='lat' dir='ltr'><strong>exhausit</strong></span> <span class='ocrx_word' id='word_1_718' title='bbox 3082 5501 3275 5556; x_wconf 84' lang='lat' dir='ltr'><strong>fontes</strong></span> <span class='ocrx_word' id='word_1_719' title='bbox 3309 5503 3572 5557; x_wconf 75' lang='lat' dir='ltr'><strong>scientia:</strong></span> <span class='ocrx_word' id='word_1_720' title='bbox 3605 5510 3662 5558; x_wconf 88' lang='lat' dir='ltr'><strong>et</strong></span> 
     </span>
    </p>
   </div>
   <div class='ocr_carea' id='block_1_113' title="bbox 2012 5582 3654 5659">
    <p class='ocr_par' dir='ltr' id='par_1_113' title="bbox 2012 5582 3654 5659">
     <span class='ocr_line' id='line_1_114' title="bbox 2012 5582 3654 5659; baseline 0.005 -24"><span class='ocrx_word' id='word_1_721' title='bbox 2012 5582 2319 5652; x_wconf 64' lang='lat' dir='ltr'><strong>sapientiae</strong></span> <span class='ocrx_word' id='word_1_722' title='bbox 2343 5585 2530 5639; x_wconf 89' lang='lat' dir='ltr'><strong>:unde</strong></span> <span class='ocrx_word' id='word_1_723' title='bbox 2561 5591 2621 5640; x_wconf 91' lang='lat' dir='ltr'><strong>et</strong></span> <span class='ocrx_word' id='word_1_724' title='bbox 2649 5603 2886 5641; x_wconf 87' lang='lat' dir='ltr'><strong>omnem</strong></span> <span class='ocrx_word' id='word_1_725' title='bbox 2905 5589 3266 5658; x_wconf 89' lang='lat' dir='ltr'><strong>Scripturam</strong></span> <span class='ocrx_word' id='word_1_726' title='bbox 3298 5591 3654 5659; x_wconf 82' lang='lat' dir='ltr'><strong>interpreta-</strong></span> 
     </span>
    </p>
   </div>
   <div class='ocr_carea' id='block_1_114' title="bbox 2015 5673 3650 5750">
    <p class='ocr_par' dir='ltr' id='par_1_114' title="bbox 2015 5673 3650 5750">
     <span class='ocr_line' id='line_1_115' title="bbox 2015 5673 3650 5750; baseline 0.006 -25"><span class='ocrx_word' id='word_1_727' title='bbox 2015 5674 2107 5726; x_wconf 86' lang='lat' dir='ltr'><strong>tus</strong></span> <span class='ocrx_word' id='word_1_728' title='bbox 2139 5678 2248 5745; x_wconf 85' lang='lat' dir='ltr'><strong>est,</strong></span> <span class='ocrx_word' id='word_1_729' title='bbox 2279 5690 2348 5729; x_wconf 85' lang='lat' dir='ltr'><strong>ac</strong></span> <span class='ocrx_word' id='word_1_730' title='bbox 2376 5673 2635 5732; x_wconf 84' lang='lat' dir='ltr'><strong>dilucide</strong></span> <span class='ocrx_word' id='word_1_731' title='bbox 2663 5677 2954 5750; x_wconf 83' lang='lat' dir='ltr'><strong>exposuit,</strong></span> <span class='ocrx_word' id='word_1_732' title='bbox 2985 5683 3162 5749; x_wconf 82' lang='lat' dir='ltr'><strong>atque</strong></span> <span class='ocrx_word' id='word_1_733' title='bbox 3193 5680 3267 5735; x_wconf 90' lang='lat' dir='ltr'><strong>ad</strong></span> <span class='ocrx_word' id='word_1_734' title='bbox 3323 5680 3650 5736; x_wconf 84' lang='lat' dir='ltr'><strong>multorum</strong></span> 
     </span>
    </p>
   </div>
  </div>
