4134 6302
399 334 514 394 375

1718 334 2161 397 MENOLOGII
2205 333 2413 396 PARS
2454 333 2565 396 111.

3693 326 3813 387 376

399 467 720 524 utilitatem
744 470 1211 542 proposuit.Qua
1240 470 1312 525 de
1343 487 1521 526 causa
1548 470 1741 526 factus
1763 469 2042 524 omnibus

2166 464 2425 529 παντοίως
2496 464 2849 540 (θεραπεύσας,
2923 465 3062 538 πρὸς
3142 461 3302 517 αὐτὸν
3353 457 3622 534 ἀνέδραμε
3675 456 3807 533 χαί-

403 558 833 614 celeberrimus
891 565 949 613 et
992 560 1381 626 admirabilis,
1442 576 1576 614 cum
1618 558 2049 631 perfectissime

403 651 522 704 Deo
556 648 873 714 serviisset,
900 647 1073 703 lmtus
1106 649 1178 702 ad
1211 666 1345 704 eum
1379 649 1655 704 accurrit.

474 739 545 792 Et
573 739 1059 792 commemoratio
1093 739 1279 793 sancti
1298 739 1488 794 Patris
1502 739 1687 793 nostri
1709 738 2050 804 Hilarionis,

403 827 634 883 abbatis
667 826 1011 881 monasterii
1046 827 1378 882 Pelecetes:
1412 845 1647 882 necnon
1678 826 2046 897 Martiniepi-

405 917 568 988 scopi
599 916 1051 970 Arethusiorum
1080 933 1092 970 :
1118 921 1177 970 et
1205 917 1405 989 Cyrilli
1430 918 1691 973 Diaconi.

971 1005 1211 1060 EODEM
1235 1006 1486 1060 MENSE.

938 1094 1040 1148 Die
1075 1095 1355 1150 vicesima
1384 1111 1545 1150 nona

583 1183 871 1240 Certamen
926 1191 1237 1241 sanctorum
1270 1188 1431 1243 J0me
1461 1192 1512 1241 et
1543 1186 1871 1244 Barachisii.

473 1365 811 1436 lmperante
837 1363 1224 1420 Constantino
1243 1367 1448 1438 Magno
1463 1366 1763 1422 erantisti.
1783 1365 2051 1421 Monachi

401 1456 601 1507 autem
633 1468 768 1508 cum
802 1458 1018 1517 essent,
1053 1453 1331 1508 abierunt
1357 1454 1417 1508 in
1449 1453 1749 1509 Persidem
1786 1471 1797 1508 :
1829 1460 1886 1509 et
1915 1471 2050 1509 cum

403 1540 626 1598 ibidem
653 1543 989 1614 reperirent
1017 1560 1226 1599 novem
1258 1550 1494 1600 sanctos
1526 1551 1816 1616 martyres
1829 1544 2052 1600 carceri

398 1629 687 1698 inclusos,
743 1649 846 1687 eos
904 1633 978 1688 ad
1033 1633 1266 1688 fortiter
1294 1633 1640 1689 certandum
1687 1635 2048 1689 animarunt.

400 1721 591 1786 Quare
625 1723 1065 1793 comprehensi,
1087 1728 1146 1778 et
1173 1723 1248 1778 ad
1270 1724 1570 1796 principes
1604 1726 1919 1780 Persarum
1946 1722 2048 1777 ad-

405 1808 567 1865 ducti
599 1816 759 1875 sunt,
790 1827 824 1866 a
856 1811 1072 1882 quibus
1099 1795 1490 1884 adigebantur
1536 1813 1836 1868 Christum
1869 1811 2048 1867 abne-

2166 1806 2402 1877 υερσῶν,
2460 1796 2513 1854 οἵ
2569 1800 2659 1853 καὶ
2715 1795 3122 1869 κατηνάγκασαν

401 1913 561 1970 gare.
595 1899 708 1954 Sed
739 1916 874 1956 cum
897 1900 970 1956 ad
994 1901 1054 1956 id
1076 1901 1416 1957 faciendum
1434 1918 1814 1973 nequaquam
1836 1900 2049 1956 adduci

405 1989 906 2060 possent,primus
928 1992 1105 2046 Jonas
1128 1992 1379 2046 vinculis
1398 1992 1825 2064 constringitur
1839 2007 2051 2046 secun-

405 2074 549 2131 dum
579 2077 770 2149 legem
805 2080 1120 2136 Persarum
1148 2098 1160 2134 :
1197 2080 1391 2136 solent
1421 2081 1578 2136 enim
1612 2083 1828 2147 Persaa,
1863 2079 1910 2135 si
1941 2079 2048 2134 ali-

404 2181 582 2236 quem
614 2168 958 2223 verberibus
990 2171 1290 2240 excepturi
1344 2175 1502 2232 sunt,
1536 2169 1706 2224 illum
1737 2171 1798 2223 in
1833 2175 2048 2223 terram

403 2255 726 2327 deponere,
761 2258 1008 2329 ejusque
1041 2275 1250 2313 manus
1281 2275 1348 2312 ac
1380 2258 1560 2329 pedes
1591 2258 1840 2313 vinculis
1871 2257 2048 2312 alicui

401 2343 564 2416 ligno
586 2345 931 2418 astringere.
965 2347 1071 2401 Ille
1101 2364 1254 2411 vero,
1317 2355 1604 2420 tanquam
1634 2349 1784 2421 lapis
1834 2350 2048 2404 immo-

402 2437 518 2498 tus,
552 2433 754 2506 plagas
787 2436 1032 2507 accepit,
1057 2436 1196 2492 dum
1228 2438 1455 2509 asperis
1480 2438 1654 2510 virgis
1681 2438 2009 2493 caederetur
2033 2454 2044 2490 :

406 2537 586 2593 quem
647 2539 858 2578 sanum
918 2524 1309 2593 invenientes,
1347 2527 1725 2599 projecerunt
1779 2529 1958 2594 foras,
1992 2531 2050 2581 et

400 2611 609 2684 glaciei
623 2621 914 2669 concreta:
931 2615 1033 2670 84
1053 2632 1156 2686 per
1175 2622 1353 2671 totam
1374 2625 1606 2673 noctem
1625 2625 2045 2690 exposuerunt.

403 2702 627 2772 Digitos
686 2702 902 2758 deinde
959 2721 1243 2760 manuum
1303 2723 1372 2761 ac
1431 2707 1649 2778 pedum
1692 2706 2051 2762 abscindunt

403 2789 718 2862 ipsumque
751 2791 814 2846 in
847 2793 1090 2848 cochlea
1137 2811 1568 2865 compressum,
1599 2813 1762 2850 serra
1781 2794 2047 2850 medium

404 2883 626 2946 secant,
661 2885 720 2934 et
772 2880 834 2935 in
894 2881 1086 2936 lacum
1146 2883 1503 2954 projiciunt:
1537 2892 1714 2956 atque
1753 2885 1836 2939 ita
1868 2886 2046 2938 tinem

401 2967 632 3022 vivendi
654 2968 812 3024 fecit.
846 2971 1220 3026 Barachisius
1245 2979 1444 3028 autem
1495 2973 1690 3029 nudus
1713 2991 1819 3045 per
1843 2974 2046 3045 spinas

2155 575 2284 631 ρων.

2225 717 2328 776 Καὶ
2377 719 2571 790 μνήμη
2621 721 2718 771 τοῦ
2777 715 2931 770 ὁσίου
2989 712 3201 788 [ἰατρὸς
3259 713 3422 784 ἡμῶν
3483 709 3806 781 Ἰλαρίωνος

2152 808 2466 883 ἡγουμένου
2545 813 2715 879 μονῆς
2809 811 2910 871 τῆς
2973 801 3308 872 Πελεκητῆς,
3375 800 3464 854 καὶ
3523 797 3800 873 Βιιαρτίνου

2155 892 2452 951 ἐπισκόπου
2483 893 2866 971 Ἀρεθουσίων,
2898 893 2984 948 καὶ
3049 889 3336 966 Κυρίλλου
3378 887 3660 943 Διακόνου.

2696 1004 2874 1058 ΜΗΝΙ
2921 1007 3008 1056 ΤΩ
3063 1001 3268 1057 ΑΥΤΩ.

2924 1109 3022 1164 ΚΘ¹

2296 1204 2563 1272 Ἀθλησις
2595 1205 2702 1256 τῶν
2735 1198 2897 1275 ἁγίων
2951 1199 3128 1268 Ἰωνᾶ,
3152 1197 3241 1250 καὶ
3273 1190 3655 1270 Βαραχησίου.

2222 1352 2349 1408 Ἐπὶ
2379 1357 2476 1419 τῆς,
2507 1347 2656 1424 βασι)
2673 1350 2786 1409 είας
2807 1345 2903 1401 τοῦ
2925 1345 3170 1419 μεγάλου
3201 1337 3606 1396 Κωνσταντίνου
3628 1337 3807 1410 ὑπῆρ-

2154 1464 2259 1520 χον
2293 1444 2468 1498 οὗτοι*
2508 1423 2763 1515 Ῠμοναχοὶ
2817 1435 2874 1492 δὲ
2929 1437 3080 1498 ὅντες
3130 1431 3378 1502 ἀπῆλθον
3413 1428 3499 1520 εἷςΔ
3547 1423 3806 1520 Περσίδα,

2153 1514 2244 1589 καὶ
2275 1532 2327 1588 ἐν
2355 1531 2491 1604 αὐτῇ
2521 1514 2942 1588 κατακλείστους
2971 1523 3214 1599 εὑρόντες
3243 1520 3368 1581 τοὺς
3409 1516 3601 1592 ἁγίους
3658 1514 3809 1572 ἒννὲα

2159 1625 2456 1698 μάρτυρας,
2515 1617 2920 1692 παρεθάρρυνον
2981 1613 3176 1674 αὐτοὺς
3209 1611 3345 1684 πρὸς
3402 1606 3528 1669 τοὺς
3561 1607 3806 1681 ἀγῶνας.

2157 1712 2518 1787 Κρατηθὲντες
2578 1705 2635 1763 δὲ
2689 1706 2945 1782 ἤχθησαν
3000 1703 3141 1777 πρὸς
3182 1699 3311 1761 τοὺς
3369 1699 3638 1772 ἄρχοντας
3692 1698 3803 1749 τῶν

3221 1788 3416 1851 αὐτοὺς
3475 1787 3806 1863 ἀρνήσασθαι

2156 1893 2250 1948 τὸν
2281 1890 2536 1967 Χριστόν.
2569 1889 2669 1946 Καὶ
2734 1887 2811 1959 μή
2869 1883 3197 1950 πεισθέντες,
3254 1878 3555 1967 δεσμεῖταιγ
3585 1880 3810 1952 πρῶτος

2160 1985 2406 2044 ὲΊωνᾶς
2432 1979 2587 2051 νόμῳ
2634 1979 2894 2050 περσικῷ.
2955 1973 3019 2027 Ol
3072 1973 3177 2048 γὰρ
3237 1970 3456 2044 Πέρσαι,
3525 1966 3582 2022 δν
3641 1969 3808 2039 τῦψαι

2163 2067 2586 2146 μὲλλουσιν,εἷ”ς
2639 2072 2742 2140 γῆν
2796 2062 3126 2130 καθίσαντες,
3186 2059 3238 2115 ἐν
3271 2059 3350 2114 ἑνὶ
3407 2056 3553 2146 ξύλῳ
3614 2055 3807 2146 Leipzig

2160 2142 2250 2217 καὶ
2281 2157 2452 2220 πόδας
2499 2153 2898 2227 ἀποδεσμοΰσιν
2968 2150 3149 2206 αὖτοῦ’
3210 2150 3237 2203 ὁ
3298 2146 3355 2202 δὲ
3411 2145 3590 2219 ὣσπερ
3649 2142 3806 2206 λίθος

2159 2249 2410 2318 ἀκίνητος
2445 2243 2655 2320 δέχεται
2703 2244 2800 2304 τὰς
2846 2240 3087 2314 πληγείς.
3145 2241 3347 2292 Τοῦτον
3377 2235 3472 2290 οὖν
3515 2233 3805 2308 τραχείαις

2159 2333 2384 2416 ῥάϐδοις
2423 2335 2683 2408 τύψαντες
2734 2330 2974 2405 ἕσουρον,
3033 2329 3123 2383 καὶ
3175 2325 3398 2403 ἔρριψαν
3456 2320 3557 2394 ἔξω
3618 2322 3670 2377 ἐν
3721 2326 3804 2393 τῷ

2156 2408 2313 2502 πάγῳ
2346 2425 2416 2480 δι’
2445 2425 2583 2494 ὅλης
2612 2429 2711 2491 τῆς
2750 2421 2961 2482 νυκτός.
3023 2420 3160 2474 Εἶτα
3214 2417 3466 2488 τέμνεται
3521 2410 3647 2473 τοὺς
3707 2408 3801 2502 δα-

2154 2500 2388 2578 κτιέλους
2416 2519 2522 2569 τῶν
2557 2517 2780 2587 χειρῶν,
2832 2510 2921 2564 καὶ
2951 2513 3057 2562 τῶν
3117 2503 3324 2569 ποδῶν,
3355 2503 3446 2558 καὶ
3502 2500 3799 2578 κατασφίγ-

2155 2627 2342 2682 γουσιν
2375 2604 2531 2659 αὐτὸν
2567 2601 2617 2657 ἦν
2651 2599 2942 2674 στυρακίῳ·
3005 2597 3114 2651 εἶτα
3171 2593 3422 2666 πρίζουσι
3471 2589 3652 2662 μέσον,
3703 2587 3796 2642 καὶ

2158 2676 2442 2774 ῥίπτουσιν
2513 2693 2588 2754 εἷς
2641 2689 2864 2760 λάκκον,
2905 2687 3029 2752 ἔνθα
3084 2686 3174 2741 καὶ
3219 2683 3530 2751 ἐτελειώθη.
3597 2681 3658 2737 Ὁ
3738 2676 3800 2733 δὲ

2156 2769 2502 2863 θαραχῆσιος
2557 2782 2736 2856 συρεὶς
2763 2778 2969 2855 γυμνὸς
3024 2777 3076 2832 ἐν
3137 2775 3408 2843 ἀκάνθαις,
3465 2770 3555 2826 καὶ
3613 2769 3664 2863 ἐν
3717 2773 3802 2840 τῷ

2157 2859 2430 2948 στυρακίῳ
2492 2870 2737 2947 βληθεὶς,
2784 2868 2875 2924 καὶ
2933 2866 3068 2921 κατᾶ
3123 2869 3220 2919 τοῦ
3274 2864 3547 2940 φάρυγγος
3600 2859 3800 2913 πίσσαν

2161 2967 2463 3043 βράζουσαν
2505 2959 2808 3036 ἐπιχυθεὶς,
2842 2955 3157 3026 ἐτελειώθη.

400 3059 786 3124 tractus,etin
805 3061 1667 3133 cochleamconjectus,cumin
1681 3041 1810 3136 ejus
1826 3041 2028 3136 guttur
2057 3041 2171 3134 pixi
2189 3057 2485 3114 ebulliens
2515 3052 2714 3108 infusa
2743 3054 2913 3118 esset,
2947 3048 3124 3104 vitam
3156 3041 3608 3101 consummavit.

505 3219 591 3275 Et
620 3225 1064 3278 commemoratio
1105 3227 1284 3278 sancti
1341 3227 1535 3280 Acacii
1588 3224 1932 3294 confessoris.

471 3360 720 3418 Sanctus
751 3365 926 3419 Pater
971 3371 1176 3421 noster
1205 3368 1451 3423 Acacius
1483 3368 1788 3424 confessor
1835 3367 2047 3424 Christi

395 3449 536 3505 vixit
568 3451 776 3524 iniquo
805 3454 979 3510 Decio
1005 3455 1506 3526 imperanteﬁum
1533 3463 1731 3512 autem
1751 3457 2047 3513 Christum

398 3540 770 3612 praedicaret.
791 3542 862 3598 ab
896 3543 1225 3600 idololatris
1255 3553 1345 3600 est
1374 3547 1841 3619 comprehensus
1875 3563 1888 3601 :
1923 3547 2049 3600 vin-

400 3636 650 3702 ctusque
682 3633 755 3686 ad
778 3634 1134 3690 Marcianum
1170 3635 1428 3709 regionis
1469 3637 1812 3707 praefectum
1829 3636 2048 3692 adduc-

401 3725 497 3776 tus
530 3722 762 3789 fuit,cui
791 3730 1011 3788 astans,
1047 3741 1267 3782 nomen
1300 3727 1536 3782 Domini
1567 3727 1878 3782 confessus
1911 3731 2000 3782 est
2034 3741 2047 3778 :

401 3811 800 3885 disseruitque
831 3815 903 3869 de
936 3815 1262 3880 divinitate,
1284 3816 1475 3889 deque
1503 3817 1716 3872 Christi
1742 3817 2052 3888 dispensa-

400 3901 650 3968 tione,et
680 3903 751 3958 de
783 3904 1103 3960 Cherubim
1132 3912 1308 3977 atque
1342 3907 1648 3978 Seraphim
1676 3924 1688 3960 :
1714 3908 2050 3962 Grmciirum

403 3995 601 4045 autem
634 3992 765 4047 risit
794 3993 957 4057 deos,
979 4011 1304 4066 eorumque
1329 4012 1590 4051 errorem
1615 3997 1824 4068 arguit.
1862 3997 2050 4061 Quare

403 4079 748 4150 gravissime
774 4081 1048 4145 tortus,in
1075 4099 1373 4138 carcerem
1402 4089 1490 4138 est
1510 4089 1835 4153 coniectus.
1869 4085 2049 4138 Com-

403 4167 698 4221 mentaria
726 4168 966 4222 interim
1000 4170 1072 4224 de
1104 4187 1171 4225 eo
1227 4172 1300 4226 ad
1356 4173 1595 4228 Decium
1628 4174 2051 4243 imperatorem

404 4254 737 4310 Marcianus
770 4258 1120 4324 transmisit,
1176 4260 1276 4329 qui
1339 4261 1657 4320 mandavit.
1691 4267 1757 4316 ut
1812 4267 2050 4315 sanctus

404 4342 628 4414 absque
659 4344 883 4414 injuria
930 4352 988 4400 et
1018 4349 1280 4402 cruciatu
1320 4349 1735 4406 dimitteretur.
1765 4351 1931 4406 Hunc
1988 4350 2050 4404 in

404 4431 648 4488 modum
699 4433 1001 4500 dimissus,
1034 4435 1248 4490 Christi
1299 4438 1573 4510 stigmata
1619 4439 1680 4492 in
1711 4455 1887 4494 carne
1946 4455 2053 4493 sua

406 4521 852 4591 circumferens,
888 4523 1208 4596 pluresque
1241 4527 1608 4582 illuminans.
1643 4533 1701 4582 et
1729 4527 1802 4583 ad
1833 4528 2047 4582 Christi

404 4626 641 4685 gregem
673 4587 989 4675 deducens,
1027 4587 1330 4671 miraculis
1403 4622 1462 4672 et
1513 4615 1801 4672 doctrinis
1832 4617 2048 4688 oppido
2083 4587 2127 4647 D

406 4700 623 4768 clarus,
658 4701 719 4756 in
751 4718 895 4774 pace
917 4704 1226 4776 requievit.

474 4941 546 4995 Et
567 4943 859 4999 memoria
887 4947 1075 5001 sancti
1115 4948 1304 5003 Patris
1335 4950 1523 5005 nostri
1575 4950 1866 5008 Eustathii
1898 4951 2049 5023 epis-

406 5030 536 5104 c0pi
571 5030 876 5102 Bithynia.

953 5124 1194 5180 EODEM
1233 5124 1489 5183 MENSE.

1007 5212 1109 5268 Die
1149 5213 1451 5270 tricesima

398 5316 496 5373 85
533 5315 818 5372 Certamen
873 5321 1053 5374 sancti
1100 5321 1279 5377 Marci
1315 5321 1561 5395 episcopi
1607 5325 2044 5386 Arethusiornm.

476 5494 620 5550 Cum
653 5493 985 5552 Christiana
999 5497 1203 5569 religio
1226 5500 1612 5557 Constantino
1627 5502 1834 5574 Magno
1858 5505 2047 5577 impe-

404 5589 577 5640 rante
611 5599 739 5641 sese
765 5583 883 5640 late
920 5585 1304 5656 ditl'underet,
1334 5591 1560 5648 Marcus
1596 5592 2048 5652 Arethusiorum

409 5673 723 5749 episcopus
755 5686 954 5735 everso
986 5677 1279 5737 idolorum
1293 5680 1430 5738 fano
1453 5680 1765 5742 ecclesiam
1779 5690 2047 5744 c‘dns‘tru-

2231 3203 2328 3258 Καὶ
2355 3202 2547 3275 μνήμη
2587 3202 2682 3254 τοῦ
2723 3197 2883 3272 ἁγίου
2913 3194 3167 3252 Ἀκακίου
3224 3195 3320 3247 τοῦ
3354 3187 3727 3264 ὀμολογητοῦ.

2231 3351 2484 3411 Ἀκάκιος
2516 3351 2544 3404 ὁ
2575 3348 2625 3403 ἐν
2661 3347 2831 3422 ἁγίοις
2863 3347 3049 3419 Πατὴρ
3085 3347 3269 3418 ἡμῶν,
3301 3341 3390 3398 καὶ
3437 3339 3802 3416 ὁμολογητὴς

2156 3446 2254 3499 τοῦ
2302 3444 2560 3517 Χριστοῦ,
2613 3438 2678 3507 ἦν
2738 3436 2822 3492 ἐπὶ
2886 3435 3075 3489 Δεκίου
3132 3438 3228 3488 τοῦ
3269 3433 3588 3507 παρανᾶμου
3642 3431 3803 3506 βασι-

2160 3531 2322 3592 λέωςο
2372 3528 2652 3604 κηρύττων
2716 3523 2773 3580 δὲ
2853 3526 2946 3580 τὸν
3032 3523 3260 3598 Χριστὸν
3324 3522 3596 3598 ἐκρατήθη
3654 3522 3803 3594 παρὰ

2157 3626 2265 3676 τῶν
2298 3617 2740 3688 εἷδωλολατρῶν,
2796 3614 2887 3670 καὶ
2946 3612 3116 3675 δεθεὶς
3173 3614 3468 3689 προσήχθη
3501 3613 3804 3684 Μαρκιανῷ

2157 3715 2237 3782 τῷ
2288 3717 2388 3779 τῆς
2445 3708 2634 3784 χώρας
2687 3706 2899 3776 ὑπάτῳ·
2958 3703 3048 3758 καὶ
3131 3703 3404 3777 παραστάς
3464 3698 3803 3774 ὡμολόγησε

2159 3799 2220 3854 τὸ
2252 3795 2426 3870 ὄνομα
2453 3801 2549 3852 τοῦ
2582 3796 2800 3870 Κυρίου,
2831 3793 2922 3848 καὶ
2955 3791 3205 3863 διεξῆλθε
3259 3791 3383 3866 περὶ
3439 3792 3539 3858 τῆς
3595 3790 3800 3859 θεότη-

2158 3887 2391 3954 τος,καὶ
2423 3885 2669 3958 περὶτῆς
2701 3881 3017 3955 οἰκονομίας
3063 3885 3160 3935 τοῦ
3211 3882 3467 3954 Χριστοῦ,
3525 3878 3616 3933 καὶ
3675 3878 3801 3952 περὶ

2157 3981 2266 4031 τῶν
2322 3969 2621 4048 Χερουϐὶμ,
2678 3971 2768 4026 καὶ
2832 3975 2940 4026 τῶν
3009 3969 3273 4046 Σεραφίμο
3344 3968 3688 4038 ἐστηλίτευσε
3746 3963 3805 4022 δὲ

2159 4065 2249 4120 καὶ
2282 4062 2545 4138 ἐχλεύασε
2574 4063 2660 4117 καὶ
2694 4060 2819 4122 τοὺς
2852 4058 3006 4124 θεοὺς
3035 4063 3142 4113 τῶν
3185 4057 3492 4128 Ἑλλήνων,
3544 4056 3634 4112 καὶ
3699 4059 3802 4124 τήν

2159 4152 2371 4223 πλάνην
2404 4151 2604 4210 αὐτῶν.
2655 4151 2812 4213 ’Όθεν
2875 4147 3213 4225 βασανισθεὶς
3265 4147 3524 4222 ἰσχυρῶς,
3586 4145 3638 4200 ἐν
3699 4168 3807 4223 τρυ-

2161 4241 2302 4316 λακῇ
2355 4238 2730 4308 κατεκλείσθη.
2791 4239 2868 4293 Τά
2925 4235 2983 4292 δὲ
3039 4237 3161 4311 περὶ
3218 4235 3383 4290 αὐτοῦ
3433 4237 3808 4308 ὑπομνήματα

2161 4330 2470 4405 Μαρκιανὸς
2503 4330 2746 4402 ἀνήγαγε
2779 4327 2948 4399 Δεκίῳ
3001 4331 3078 4398 τῷ
3112 4324 3346 4401 βασιλεῖ·
3407 4325 3551 4386 ὅστις
3585 4323 3806 4381 ἒγέλευ-

2160 4439 2244 4473 σεν
2279 4415 2619 4484 ἀπολυθῆναι
2651 4418 2742 4470 τὸν
2794 4415 2942 4488 ἅγιον
2977 4407 3316 4485 ἀνύϐριστον,
3368 4413 3455 4467 καὶ
3513 4412 3801 4485 ἀτιμώρη-

2157 4528 2271 4562 τον.
2309 4506 2413 4562 Καὶ
2463 4505 2640 4567 οὕτως
2701 4504 3018 4568 ἀπολυθεὶς,
3069 4502 3136 4556 τὰ
3191 4501 3459 4574 στίγματα
3510 4505 3607 4557 τοῦ
3666 4505 3802 4576 Χρι-

2157 4599 2284 4651 στοῦ
2340 4591 2646 4673 περιφέρων
2705 4591 2756 4648 ἐν
2815 4596 2882 4664 τῇ
2943 4591 3098 4665 σαρκὶ
3148 4590 3336 4660 αὐτοῦ,
3397 4590 3485 4645 καὶ
3544 4590 3798 4655 πολλοὺς

2157 4687 2564 4763 φωταγωγήσας
2596 4683 2684 4738 καὶ
2724 4681 2939 4758 ἀγαγὼν
2995 4679 3073 4743 εἷς
3101 4680 3200 4747 τὴν
3248 4679 3482 4752 ποίμνην
3512 4683 3609 4735 τοῖ’)
3665 4682 3805 4757 Χρι-

2156 4778 2284 4830 στοῦ
2314 4774 2365 4829 ἐν
2405 4774 2640 4845 θαῦμασι
2696 4772 2784 4827 καί
2865 4767 3158 4845 διδάγμασι
3214 4768 3401 4832 καλῶς
3460 4765 3792 4845 διαπρέψας,

2157 4863 2209 4920 ἐν
2239 4864 2428 4936 εἷ’ρήνῃ
2460 4860 2818 4918 ἀνεπαύσατο.

2229 4953 2332 5010 Καὶ
2390 4953 2579 5024 μνήμη
2636 4949 2734 5005 τοῦ
2785 4948 2934 5004 ὁσίου
2988 4949 3198 5024 Πατρὸς
3243 4948 3402 5021 ἡμῶν
3490 4947 3797 5006 Εὐσταθίου

2157 5039 2456 5097 ἐπισκόπου
2482 5039 2754 5104 Βιθυνίας.

2711 5129 2888 5186 ΜΗΝῙ
2919 5133 3002 5184 ΤΩ
3034 5130 3237 5186 ΑΥΤΩ.

2957 5217 3017 5276 Α,

2229 5325 2496 5398 Ἀθλησις
2521 5329 2618 5382 τοῦ
2651 5325 2810 5401 ἁγίου
2858 5325 3090 5401 Μάρκου
3141 5323 3442 5381 ἐπισκόπου
3473 5326 3731 5400 Ἀρεθου.

2866 5395 2993 5452 σίων
3004 5439 3018 5452 .

2232 5505 2357 5564 Ἐπὶ
2388 5504 2790 5562 Κωνσταντίνου
2846 5507 2942 5560 τοῦ
3001 5503 3240 5578 μεγάλου
3271 5503 3646 5567 πλατύναντος
3700 5511 3800 5560 τοῦ

2159 5598 2609 5671 Χριστιανισμοῦ,
2667 5595 2887 5669 Μάρκος
2947 5594 2978 5647 ὁ
3055 5592 3348 5655 ἐπίσκοπος
3434 5592 3793 5667 Ἀρεθουσίων

2158 5683 2446 5740 domum
2475 5683 2600 5738 ναὸν
2632 5676 2976 5754 καταϐαλὼν,
3011 5681 3298 5752 ὖκκλησίαν
3357 5676 3580 5738 ἔκτισε).
3643 5677 3797 5741 Ἐπεὶ
