  <div class='ocr_page' id='page_1' title='image "/cluster/home/n/w/nwhite01/storage/ocr_20150623/117/mdp.39015038086818/196.png"; bbox 0 0 4134 6302; ppageno 0'>
   <div class='ocr_carea' id='block_1_1' title="bbox 323 357 433 420">
    <p class='ocr_par' dir='ltr' id='par_1_1' title="bbox 323 357 433 420">
     <span class='ocr_line' id='line_1_1' title="bbox 323 357 433 420; baseline -0.018 -1"><span class='ocrx_word' id='word_1_1' title='bbox 323 357 433 420; x_wconf 76' lang='lat'><strong>3&#39;17</strong></span> 
     </span>
    </p>
   </div>
   <div class='ocr_carea' id='block_1_2' title="bbox 1818 357 2200 422">
    <p class='ocr_par' dir='ltr' id='par_1_2' title="bbox 1818 357 2200 422">
     <span class='ocr_line' id='line_1_2' title="bbox 1818 357 2200 422; baseline -0.005 0"><span class='ocrx_word' id='word_1_2' title='bbox 1818 357 2200 422; x_wconf 81' lang='lat' dir='ltr'><strong>MARTIUS.</strong></span> 
     </span>
    </p>
   </div>
   <div class='ocr_carea' id='block_1_3' title="bbox 3615 370 3733 431">
    <p class='ocr_par' dir='ltr' id='par_1_3' title="bbox 3615 370 3733 431">
     <span class='ocr_line' id='line_1_3' title="bbox 3615 370 3733 431; baseline 0.025 -4"><span class='ocrx_word' id='word_1_3' title='bbox 3615 370 3733 431; x_wconf 80' lang='lat'><strong>378</strong></span> 
     </span>
    </p>
   </div>
   <div class='ocr_carea' id='block_1_4' title="bbox 320 487 1950 569">
    <p class='ocr_par' dir='ltr' id='par_1_4' title="bbox 320 487 1950 566">
     <span class='ocr_line' id='line_1_4' title="bbox 320 487 1950 566; baseline 0.001 -19"><span class='ocrx_word' id='word_1_4' title='bbox 320 487 430 547; x_wconf 72' lang='grc' dir='ltr'>δὶὸ</span> <span class='ocrx_word' id='word_1_5' title='bbox 465 491 635 565; x_wconf 88' lang='grc' dir='ltr'>μέγας</span> <span class='ocrx_word' id='word_1_6' title='bbox 696 489 1020 562; x_wconf 69' lang='grc' dir='ltr'>έτελεὺτησε</span> <span class='ocrx_word' id='word_1_7' title='bbox 1077 498 1506 566; x_wconf 84' lang='grc' dir='ltr'>Κωνσταντῖνος,</span> <span class='ocrx_word' id='word_1_8' title='bbox 1562 493 1867 557; x_wconf 80' lang='grc' dir='ltr'>Ἰουλιανὸς</span> <span class='ocrx_word' id='word_1_9' title='bbox 1914 490 1950 548; x_wconf 62' lang='grc' dir='ltr'>δῖ</span> 
     </span>
    </p>
   </div>
   <div class='ocr_carea' id='block_1_5' title="bbox 2061 487 3732 569">
    <p class='ocr_par' dir='ltr' id='par_1_5' title="bbox 2081 493 3732 569">
     <span class='ocr_line' id='line_1_5' title="bbox 2081 493 3732 569; baseline 0.007 -21"><span class='ocrx_word' id='word_1_10' title='bbox 2081 493 2184 548; x_wconf 82' lang='lat' dir='ltr'><strong>xit.</strong></span> <span class='ocrx_word' id='word_1_11' title='bbox 2218 493 2535 567; x_wconf 81' lang='lat' dir='ltr'><strong>Postquam</strong></span> <span class='ocrx_word' id='word_1_12' title='bbox 2567 510 2702 551; x_wconf 90' lang='lat' dir='ltr'><strong>vero</strong></span> <span class='ocrx_word' id='word_1_13' title='bbox 2728 495 2970 569; x_wconf 84' lang='lat' dir='ltr'><strong>Magnus</strong></span> <span class='ocrx_word' id='word_1_14' title='bbox 3002 493 3149 552; x_wconf 90' lang='lat' dir='ltr'><strong>obiit</strong></span> <span class='ocrx_word' id='word_1_15' title='bbox 3187 495 3638 567; x_wconf 80' lang='lat' dir='ltr'><strong>Constantinus,</strong></span> <span class='ocrx_word' id='word_1_16' title='bbox 3672 508 3732 559; x_wconf 89' lang='lat' dir='ltr'><strong>et</strong></span> 
     </span>
    </p>
   </div>
   <div class='ocr_carea' id='block_1_6' title="bbox 319 582 1974 660">
    <p class='ocr_par' dir='ltr' id='par_1_6' title="bbox 319 582 1974 660">
     <span class='ocr_line' id='line_1_6' title="bbox 319 582 1974 660; baseline 0 -22"><span class='ocrx_word' id='word_1_17' title='bbox 319 582 347 638; x_wconf 81' lang='grc' dir='ltr'><strong>ὁ</strong></span> <span class='ocrx_word' id='word_1_18' title='bbox 397 582 770 652; x_wconf 83' lang='grc' dir='ltr'>Ἀποστάτης,</span> <span class='ocrx_word' id='word_1_19' title='bbox 831 584 1183 658; x_wconf 71' lang='grc' dir='ltr'><strong>συγχωρήσει</strong></span> <span class='ocrx_word' id='word_1_20' title='bbox 1271 588 1427 654; x_wconf 80' lang='grc' dir='ltr'>Θεοῦ,</span> <span class='ocrx_word' id='word_1_21' title='bbox 1513 592 1614 655; x_wconf 79' lang='grc' dir='ltr'>τῆς</span> <span class='ocrx_word' id='word_1_22' title='bbox 1694 583 1974 660; x_wconf 74' lang='grc' dir='ltr'>βασιλείας</span> 
     </span>
    </p>
   </div>
   <div class='ocr_carea' id='block_1_7' title="bbox 725 671 1974 749">
    <p class='ocr_par' dir='ltr' id='par_1_7' title="bbox 725 671 1974 749">
     <span class='ocr_line' id='line_1_7' title="bbox 725 671 1974 749; baseline 0.001 -23"><span class='ocrx_word' id='word_1_23' title='bbox 725 671 1193 749; x_wconf 67' lang='grc' dir='ltr'>ἀναοαρῥησαντες</span> <span class='ocrx_word' id='word_1_24' title='bbox 1272 675 1324 728; x_wconf 72' lang='grc' dir='ltr'><strong>οἱ</strong></span> <span class='ocrx_word' id='word_1_25' title='bbox 1403 671 1826 749; x_wconf 78' lang='grc' dir='ltr'>εἰδωλολάτραι,</span> <span class='ocrx_word' id='word_1_26' title='bbox 1884 672 1974 728; x_wconf 91' lang='grc' dir='ltr'><strong>καὶ</strong></span> 
     </span>
    </p>
   </div>
   <div class='ocr_carea' id='block_1_8' title="bbox 325 758 1972 838">
    <p class='ocr_par' dir='ltr' id='par_1_8' title="bbox 325 758 1972 838">
     <span class='ocr_line' id='line_1_8' title="bbox 325 758 1972 838; baseline -0.001 -23"><span class='ocrx_word' id='word_1_27' title='bbox 325 758 394 816; x_wconf 81' lang='grc' dir='ltr'>δι’</span> <span class='ocrx_word' id='word_1_28' title='bbox 452 759 624 835; x_wconf 77' lang='grc' dir='ltr'>ὀργῆς</span> <span class='ocrx_word' id='word_1_29' title='bbox 685 759 907 836; x_wconf 79' lang='grc' dir='ltr'>ἔχοντες</span> <span class='ocrx_word' id='word_1_30' title='bbox 959 762 1051 816; x_wconf 86' lang='grc' dir='ltr'>τὸν</span> <span class='ocrx_word' id='word_1_31' title='bbox 1109 763 1264 837; x_wconf 81' lang='grc' dir='ltr'>ἅγιον</span> <span class='ocrx_word' id='word_1_32' title='bbox 1351 763 1598 838; x_wconf 79' lang='grc' dir='ltr'>Μάρκον,</span> <span class='ocrx_word' id='word_1_33' title='bbox 1676 762 1972 838; x_wconf 75' lang='grc' dir='ltr'>ἐκράτησαν</span> 
     </span>
    </p>
   </div>
   <div class='ocr_carea' id='block_1_9' title="bbox 327 849 1972 928">
    <p class='ocr_par' dir='ltr' id='par_1_9' title="bbox 327 849 1972 928">
     <span class='ocr_line' id='line_1_9' title="bbox 327 849 1972 928; baseline -0.001 -22"><span class='ocrx_word' id='word_1_34' title='bbox 327 850 502 919; x_wconf 76' lang='grc' dir='ltr'>αὑτὸν,</span> <span class='ocrx_word' id='word_1_35' title='bbox 560 849 650 904; x_wconf 75' lang='grc' dir='ltr'><strong>καὶ</strong></span> <span class='ocrx_word' id='word_1_36' title='bbox 712 851 983 926; x_wconf 76' lang='grc' dir='ltr'><strong>σχοινίοις</strong></span> <span class='ocrx_word' id='word_1_37' title='bbox 1032 851 1161 915; x_wconf 79' lang='grc' dir='ltr'>τοὺς</span> <span class='ocrx_word' id='word_1_38' title='bbox 1210 849 1380 914; x_wconf 87' lang='grc' dir='ltr'>πόδας</span> <span class='ocrx_word' id='word_1_39' title='bbox 1449 851 1726 924; x_wconf 75' lang='grc' dir='ltr'><strong>δήσαντες,</strong></span> <span class='ocrx_word' id='word_1_40' title='bbox 1786 850 1972 928; x_wconf 80' lang='grc' dir='ltr'>ἔσυρον</span> 
     </span>
    </p>
   </div>
   <div class='ocr_carea' id='block_1_10' title="bbox 323 936 1970 1018">
    <p class='ocr_par' dir='ltr' id='par_1_10' title="bbox 323 936 1970 1018">
     <span class='ocr_line' id='line_1_10' title="bbox 323 936 1970 1018; baseline 0.001 -24"><span class='ocrx_word' id='word_1_41' title='bbox 323 941 637 1009; x_wconf 76' lang='grc' dir='ltr'><strong>τύπτοντες,</strong></span> <span class='ocrx_word' id='word_1_42' title='bbox 696 940 787 994; x_wconf 79' lang='grc' dir='ltr'><strong>καὶ</strong></span> <span class='ocrx_word' id='word_1_43' title='bbox 842 936 967 995; x_wconf 76' lang='grc' dir='ltr'>τότε</span> <span class='ocrx_word' id='word_1_44' title='bbox 1027 941 1210 1013; x_wconf 89' lang='grc' dir='ltr'>μέλιτι</span> <span class='ocrx_word' id='word_1_45' title='bbox 1266 941 1357 997; x_wconf 80' lang='grc' dir='ltr'><strong>καὶ</strong></span> <span class='ocrx_word' id='word_1_46' title='bbox 1425 943 1578 1016; x_wconf 85' lang='grc' dir='ltr'>γάρῳ</span> <span class='ocrx_word' id='word_1_47' title='bbox 1662 942 1970 1018; x_wconf 72' lang='grc' dir='ltr'><strong>χρίσαντες,</strong></span> 
     </span>
    </p>
   </div>
   <div class='ocr_carea' id='block_1_11' title="bbox 327 1027 1970 1107">
    <p class='ocr_par' dir='ltr' id='par_1_11' title="bbox 327 1027 1970 1107">
     <span class='ocr_line' id='line_1_11' title="bbox 327 1027 1970 1107; baseline 0.002 -25"><span class='ocrx_word' id='word_1_48' title='bbox 327 1027 623 1102; x_wconf 73' lang='grc' dir='ltr'>ἐκρέμασαν</span> <span class='ocrx_word' id='word_1_49' title='bbox 655 1028 708 1084; x_wconf 67' lang='grc' dir='ltr'>ἐν</span> <span class='ocrx_word' id='word_1_50' title='bbox 742 1031 1011 1105; x_wconf 78' lang='grc' dir='ltr'>σχοινίοις</span> <span class='ocrx_word' id='word_1_51' title='bbox 1043 1029 1126 1103; x_wconf 71' lang='grc' dir='ltr'><strong>ἐφ’</strong></span> <span class='ocrx_word' id='word_1_52' title='bbox 1183 1029 1372 1105; x_wconf 74' lang='grc' dir='ltr'>ὕψους,</span> <span class='ocrx_word' id='word_1_53' title='bbox 1433 1032 1621 1107; x_wconf 80' lang='grc' dir='ltr'>θέρους</span> <span class='ocrx_word' id='word_1_54' title='bbox 1675 1028 1826 1094; x_wconf 76' lang='grc' dir='ltr'>ὄντος</span> <span class='ocrx_word' id='word_1_55' title='bbox 1879 1032 1970 1086; x_wconf 79' lang='grc' dir='ltr'><strong>καὶ</strong></span> 
     </span>
    </p>
   </div>
   <div class='ocr_carea' id='block_1_12' title="bbox 322 1116 1970 1196">
    <p class='ocr_par' dir='ltr' id='par_1_12' title="bbox 322 1116 1970 1196">
     <span class='ocr_line' id='line_1_12' title="bbox 322 1116 1970 1196; baseline 0.001 -22"><span class='ocrx_word' id='word_1_56' title='bbox 322 1118 620 1192; x_wconf 76' lang='grc' dir='ltr'>καύματος,</span> <span class='ocrx_word' id='word_1_57' title='bbox 650 1122 786 1194; x_wconf 85' lang='grc' dir='ltr'>πρὸς</span> <span class='ocrx_word' id='word_1_58' title='bbox 852 1121 916 1176; x_wconf 86' lang='grc' dir='ltr'>τὸ</span> <span class='ocrx_word' id='word_1_59' title='bbox 972 1116 1389 1196; x_wconf 77' lang='grc' dir='ltr'>καταϐρωθῆναι</span> <span class='ocrx_word' id='word_1_60' title='bbox 1452 1123 1555 1177; x_wconf 89' lang='grc' dir='ltr'><strong>ὑπὸ</strong></span> <span class='ocrx_word' id='word_1_61' title='bbox 1609 1127 1716 1178; x_wconf 85' lang='grc' dir='ltr'><strong>τῶν</strong></span> <span class='ocrx_word' id='word_1_62' title='bbox 1779 1120 1970 1196; x_wconf 82' lang='grc' dir='ltr'>μελισ-</span> 
     </span>
    </p>
   </div>
   <div class='ocr_carea' id='block_1_13' title="bbox 547 1205 1969 1282">
    <p class='ocr_par' dir='ltr' id='par_1_13' title="bbox 547 1205 1969 1282">
     <span class='ocr_line' id='line_1_13' title="bbox 548 1205 1513 1262; baseline 0 -35"><span class='ocrx_word' id='word_1_63' title='bbox 548 1229 572 1246; x_wconf 52' lang='grc' dir='ltr'>ρ</span> <span class='ocrx_word' id='word_1_64' title='bbox 750 1205 802 1228; x_wconf 54' lang='grc' dir='ltr'>’λ</span> <span class='ocrx_word' id='word_1_65' title='bbox 971 1209 984 1229; x_wconf 72' lang='grc'><strong>,</strong></span> <span class='ocrx_word' id='word_1_66' title='bbox 1034 1211 1047 1226; x_wconf 66' lang='grc'><strong>1</strong></span> <span class='ocrx_word' id='word_1_67' title='bbox 1269 1207 1293 1227; x_wconf 48' lang='grc' dir='ltr'><strong>ἢ</strong></span> <span class='ocrx_word' id='word_1_68' title='bbox 1503 1210 1513 1226; x_wconf 75' lang='grc' dir='ltr'><strong>Ι</strong></span> 
     </span>
     <span class='ocr_line' id='line_1_14' title="bbox 547 1206 1969 1282; baseline 0.003 -20"><span class='ocrx_word' id='word_1_69' title='bbox 547 1247 570 1269; x_wconf 82' lang='grc'><strong>..</strong></span> <span class='ocrx_word' id='word_1_70' title='bbox 721 1223 867 1264; x_wconf 86' lang='grc' dir='ltr'>ειοον</span> <span class='ocrx_word' id='word_1_71' title='bbox 926 1231 1088 1264; x_wconf 87' lang='grc' dir='ltr'>αυτον</span> <span class='ocrx_word' id='word_1_72' title='bbox 1141 1210 1422 1266; x_wconf 81' lang='grc' dir='ltr'>ἀνενοοτον</span> <span class='ocrx_word' id='word_1_73' title='bbox 1482 1213 1630 1280; x_wconf 76' lang='grc' dir='ltr'>ὄντα,</span> <span class='ocrx_word' id='word_1_74' title='bbox 1691 1206 1969 1282; x_wconf 75' lang='grc' dir='ltr'>μεταϐλη-</span> 
     </span>
    </p>
   </div>
   <div class='ocr_carea' id='block_1_14' title="bbox 318 1294 1970 1373">
    <p class='ocr_par' dir='ltr' id='par_1_14' title="bbox 318 1294 1970 1373">
     <span class='ocr_line' id='line_1_15' title="bbox 318 1294 1970 1373; baseline 0.004 -22"><span class='ocrx_word' id='word_1_75' title='bbox 318 1294 493 1360; x_wconf 82' lang='grc' dir='ltr'>θέντες</span> <span class='ocrx_word' id='word_1_76' title='bbox 521 1295 796 1352; x_wconf 79' lang='grc' dir='ltr'>ἀπέλυσαν</span> <span class='ocrx_word' id='word_1_77' title='bbox 835 1304 937 1366; x_wconf 85' lang='grc' dir='ltr'><strong>τῆς</strong></span> <span class='ocrx_word' id='word_1_78' title='bbox 991 1298 1263 1373; x_wconf 85' lang='grc' dir='ltr'>τιμωρίας</span> <span class='ocrx_word' id='word_1_79' title='bbox 1319 1299 1500 1370; x_wconf 78' lang='grc' dir='ltr'>αὑτὸν,</span> <span class='ocrx_word' id='word_1_80' title='bbox 1554 1300 1646 1356; x_wconf 83' lang='grc' dir='ltr'><strong>καὶ</strong></span> <span class='ocrx_word' id='word_1_81' title='bbox 1693 1304 1790 1356; x_wconf 81' lang='grc' dir='ltr'>τοῦ</span> <span class='ocrx_word' id='word_1_82' title='bbox 1849 1299 1970 1357; x_wconf 83' lang='grc' dir='ltr'>λοι-</span> 
     </span>
    </p>
   </div>
   <div class='ocr_carea' id='block_1_15' title="bbox 318 1384 1967 1460">
    <p class='ocr_par' dir='ltr' id='par_1_15' title="bbox 318 1384 1967 1460">
     <span class='ocr_line' id='line_1_16' title="bbox 318 1384 1967 1460; baseline 0.003 -21"><span class='ocrx_word' id='word_1_83' title='bbox 318 1389 425 1440; x_wconf 70' lang='grc' dir='ltr'>ποῦ</span> <span class='ocrx_word' id='word_1_84' title='bbox 456 1388 613 1460; x_wconf 79' lang='grc' dir='ltr'>εἶχον</span> <span class='ocrx_word' id='word_1_85' title='bbox 647 1386 722 1449; x_wconf 84' lang='grc' dir='ltr'><strong>ὡς</strong></span> <span class='ocrx_word' id='word_1_86' title='bbox 753 1384 1104 1456; x_wconf 83' lang='grc' dir='ltr'>διδάσκαλον,</span> <span class='ocrx_word' id='word_1_87' title='bbox 1139 1388 1214 1450; x_wconf 79' lang='grc' dir='ltr'><strong>είς</strong></span> <span class='ocrx_word' id='word_1_88' title='bbox 1260 1393 1440 1460; x_wconf 74' lang='grc' dir='ltr'>θαῦμα</span> <span class='ocrx_word' id='word_1_89' title='bbox 1493 1388 1671 1452; x_wconf 88' lang='grc' dir='ltr'>θέντες</span> <span class='ocrx_word' id='word_1_90' title='bbox 1718 1391 1816 1460; x_wconf 76' lang='grc' dir='ltr'>τήν</span> <span class='ocrx_word' id='word_1_91' title='bbox 1873 1389 1967 1444; x_wconf 80' lang='grc' dir='ltr'>αὑ-</span> 
     </span>
    </p>
   </div>
   <div class='ocr_carea' id='block_1_16' title="bbox 313 1475 1968 1552">
    <p class='ocr_par' dir='ltr' id='par_1_16' title="bbox 313 1475 1968 1552">
     <span class='ocr_line' id='line_1_17' title="bbox 313 1475 1968 1552; baseline 0.003 -24"><span class='ocrx_word' id='word_1_92' title='bbox 313 1479 410 1529; x_wconf 74' lang='grc' dir='ltr'>τοῦ</span> <span class='ocrx_word' id='word_1_93' title='bbox 439 1476 755 1548; x_wconf 74' lang='grc' dir='ltr'>καρτερίαν,</span> <span class='ocrx_word' id='word_1_94' title='bbox 821 1475 911 1530; x_wconf 86' lang='grc' dir='ltr'><strong>καὶ</strong></span> <span class='ocrx_word' id='word_1_95' title='bbox 969 1476 1298 1552; x_wconf 81' lang='grc' dir='ltr'>συγγνώμην</span> <span class='ocrx_word' id='word_1_96' title='bbox 1350 1477 1783 1551; x_wconf 77' lang='grc' dir='ltr'>ἑξαιτησάμενοι.</span> <span class='ocrx_word' id='word_1_97' title='bbox 1832 1481 1968 1535; x_wconf 81' lang='grc' dir='ltr'>Εἶτα</span> 
     </span>
    </p>
   </div>
   <div class='ocr_carea' id='block_1_17' title="bbox 316 1558 1967 1638">
    <p class='ocr_par' dir='ltr' id='par_1_17' title="bbox 316 1558 1967 1638">
     <span class='ocr_line' id='line_1_18' title="bbox 316 1558 1967 1638; baseline 0.002 -18"><span class='ocrx_word' id='word_1_98' title='bbox 316 1558 710 1626; x_wconf 70' lang='grc' dir='ltr'>έπιὸιοὺς,καὶ</span> <span class='ocrx_word' id='word_1_99' title='bbox 739 1565 802 1619; x_wconf 87' lang='grc' dir='ltr'>τὸ</span> <span class='ocrx_word' id='word_1_100' title='bbox 833 1564 1096 1638; x_wconf 71' lang='grc' dir='ltr'>ποίμνιον</span> <span class='ocrx_word' id='word_1_101' title='bbox 1152 1567 1245 1622; x_wconf 86' lang='grc' dir='ltr'>τὸν</span> <span class='ocrx_word' id='word_1_102' title='bbox 1303 1565 1606 1623; x_wconf 81' lang='grc' dir='ltr'>ὑπόλοιπον</span> <span class='ocrx_word' id='word_1_103' title='bbox 1663 1574 1764 1638; x_wconf 83' lang='grc' dir='ltr'>τῆς</span> <span class='ocrx_word' id='word_1_104' title='bbox 1822 1573 1967 1638; x_wconf 80' lang='grc' dir='ltr'><strong>ζωῆς</strong></span> 
     </span>
    </p>
   </div>
   <div class='ocr_carea' id='block_1_18' title="bbox 322 671 640 746">
    <p class='ocr_par' dir='ltr' id='par_1_18' title="bbox 322 671 640 746">
     <span class='ocr_line' id='line_1_19' title="bbox 322 671 640 746; baseline -0.009 -18"><span class='ocrx_word' id='word_1_105' title='bbox 322 671 640 746; x_wconf 69' lang='grc' dir='ltr'>ἰκράτησεν,</span> 
     </span>
    </p>
   </div>
   <div class='ocr_carea' id='block_1_19' title="bbox 323 1207 496 1262">
    <p class='ocr_par' dir='ltr' id='par_1_19' title="bbox 323 1207 496 1262">
     <span class='ocr_line' id='line_1_20' title="bbox 323 1207 496 1262; baseline 0 0"><span class='ocrx_word' id='word_1_106' title='bbox 323 1211 446 1262; x_wconf 81' lang='grc' dir='ltr'><strong>σῶν.</strong></span> <span class='ocrx_word' id='word_1_107' title='bbox 479 1207 496 1227; x_wconf 79' lang='grc'><em>’</em></span> 
     </span>
    </p>
   </div>
   <div class='ocr_carea' id='block_1_20' title="bbox 311 1651 1963 1732">
    <p class='ocr_par' dir='ltr' id='par_1_20' title="bbox 311 1651 1963 1732">
     <span class='ocr_line' id='line_1_21' title="bbox 311 1651 1963 1732; baseline 0.003 -25"><span class='ocrx_word' id='word_1_108' title='bbox 311 1653 460 1724; x_wconf 79' lang='grc' dir='ltr'>αὑτῷ</span> <span class='ocrx_word' id='word_1_109' title='bbox 513 1651 701 1715; x_wconf 84' lang='grc' dir='ltr'>καλῶς</span> <span class='ocrx_word' id='word_1_110' title='bbox 787 1653 992 1725; x_wconf 76' lang='grc' dir='ltr'>ΐθὺνας,</span> <span class='ocrx_word' id='word_1_111' title='bbox 1051 1655 1101 1710; x_wconf 84' lang='grc' dir='ltr'><strong>έν</strong></span> <span class='ocrx_word' id='word_1_112' title='bbox 1165 1657 1450 1731; x_wconf 79' lang='grc' dir='ltr'><strong>βαθυτάτῳ</strong></span> <span class='ocrx_word' id='word_1_113' title='bbox 1504 1658 1650 1732; x_wconf 77' lang='grc' dir='ltr'>γήρᾳ</span> <span class='ocrx_word' id='word_1_114' title='bbox 1733 1656 1963 1712; x_wconf 79' lang='grc' dir='ltr'>ἀνεπαύ-</span> 
     </span>
    </p>
   </div>
   <div class='ocr_carea' id='block_1_21' title="bbox 310 1762 458 1799">
    <p class='ocr_par' dir='ltr' id='par_1_21' title="bbox 310 1762 458 1799">
     <span class='ocr_line' id='line_1_22' title="bbox 310 1762 458 1799; baseline 0.027 -4"><span class='ocrx_word' id='word_1_115' title='bbox 310 1762 458 1799; x_wconf 86' lang='grc' dir='ltr'>σατο.</span> 
     </span>
    </p>
   </div>
   <div class='ocr_carea' id='block_1_22' title="bbox 2079 583 3729 662">
    <p class='ocr_par' dir='ltr' id='par_1_22' title="bbox 2079 583 3729 662">
     <span class='ocr_line' id='line_1_23' title="bbox 2079 583 3729 662; baseline 0.006 -25"><span class='ocrx_word' id='word_1_116' title='bbox 2079 583 2348 640; x_wconf 82' lang='lat' dir='ltr'><strong>Julianus</strong></span> <span class='ocrx_word' id='word_1_117' title='bbox 2370 587 2793 657; x_wconf 79' lang='lat' dir='ltr'><strong>Apostata.Dei</strong></span> <span class='ocrx_word' id='word_1_118' title='bbox 2816 587 3133 657; x_wconf 90' lang='lat' dir='ltr'><strong>permissu,</strong></span> <span class='ocrx_word' id='word_1_119' title='bbox 3167 587 3479 658; x_wconf 89' lang='lat' dir='ltr'><strong>imperium</strong></span> <span class='ocrx_word' id='word_1_120' title='bbox 3519 593 3729 662; x_wconf 78' lang='lat' dir='ltr'><strong>tenuit,</strong></span> 
     </span>
    </p>
   </div>
   <div class='ocr_carea' id='block_1_23' title="bbox 2080 673 3728 742">
    <p class='ocr_par' dir='ltr' id='par_1_23' title="bbox 2080 673 3728 742">
     <span class='ocr_line' id='line_1_24' title="bbox 2080 673 3728 742; baseline 0.005 -15"><span class='ocrx_word' id='word_1_121' title='bbox 2080 673 2540 730; x_wconf 84' lang='lat' dir='ltr'><strong>conﬁdentiores</strong></span> <span class='ocrx_word' id='word_1_122' title='bbox 2560 676 2751 730; x_wconf 79' lang='lat' dir='ltr'><strong>effecti</strong></span> <span class='ocrx_word' id='word_1_123' title='bbox 2768 676 3323 742; x_wconf 73' lang='lat' dir='ltr'><strong>idololatrize,antea</strong></span> <span class='ocrx_word' id='word_1_124' title='bbox 3346 678 3522 733; x_wconf 88' lang='lat' dir='ltr'><strong>etiam</strong></span> <span class='ocrx_word' id='word_1_125' title='bbox 3539 681 3728 736; x_wconf 81' lang='lat' dir='ltr'><strong>Marco</strong></span> 
     </span>
    </p>
   </div>
   <div class='ocr_carea' id='block_1_24' title="bbox 2078 761 3732 839">
    <p class='ocr_par' dir='ltr' id='par_1_24' title="bbox 2078 761 3732 839">
     <span class='ocr_line' id='line_1_25' title="bbox 2078 761 3732 839; baseline 0.005 -23"><span class='ocrx_word' id='word_1_126' title='bbox 2078 761 2525 835; x_wconf 81' lang='lat' dir='ltr'><strong>infensi.ipsnm</strong></span> <span class='ocrx_word' id='word_1_127' title='bbox 2551 764 3162 836; x_wconf 86' lang='lat' dir='ltr'><strong>comprehenderunt:</strong></span> <span class='ocrx_word' id='word_1_128' title='bbox 3186 766 3562 839; x_wconf 82' lang='lat' dir='ltr'><strong>alligatisque</strong></span> <span class='ocrx_word' id='word_1_129' title='bbox 3579 776 3732 825; x_wconf 89' lang='lat' dir='ltr'><strong>reste</strong></span> 
     </span>
    </p>
   </div>
   <div class='ocr_carea' id='block_1_25' title="bbox 2078 851 3731 930">
    <p class='ocr_par' dir='ltr' id='par_1_25' title="bbox 2078 851 3731 930">
     <span class='ocr_line' id='line_1_26' title="bbox 2078 851 3731 930; baseline 0.005 -25"><span class='ocrx_word' id='word_1_130' title='bbox 2078 851 2326 923; x_wconf 88' lang='lat' dir='ltr'><strong>pedibus</strong></span> <span class='ocrx_word' id='word_1_131' title='bbox 2352 855 2653 908; x_wconf 82' lang='lat' dir='ltr'><strong>trahentes</strong></span> <span class='ocrx_word' id='word_1_132' title='bbox 2675 854 3100 909; x_wconf 80' lang='lat' dir='ltr'><strong>verberabant:</strong></span> <span class='ocrx_word' id='word_1_133' title='bbox 3133 871 3270 910; x_wconf 82' lang='lat' dir='ltr'><strong>mox</strong></span> <span class='ocrx_word' id='word_1_134' title='bbox 3300 851 3489 911; x_wconf 80' lang='lat' dir='ltr'><strong>melle</strong></span> <span class='ocrx_word' id='word_1_135' title='bbox 3512 863 3571 911; x_wconf 89' lang='lat' dir='ltr'><strong>et</strong></span> <span class='ocrx_word' id='word_1_136' title='bbox 3593 875 3731 930; x_wconf 85' lang='lat' dir='ltr'><strong>garo</strong></span> 
     </span>
    </p>
   </div>
   <div class='ocr_carea' id='block_1_26' title="bbox 2077 942 3730 1015">
    <p class='ocr_par' dir='ltr' id='par_1_26' title="bbox 2077 942 3730 1015">
     <span class='ocr_line' id='line_1_27' title="bbox 2077 942 3730 1015; baseline 0.005 -20"><span class='ocrx_word' id='word_1_137' title='bbox 2077 942 2765 1014; x_wconf 88' lang='lat' dir='ltr'><strong>unctum,funibusquee</strong></span> <span class='ocrx_word' id='word_1_138' title='bbox 2790 944 3028 998; x_wconf 86' lang='lat' dir='ltr'><strong>sublimi</strong></span> <span class='ocrx_word' id='word_1_139' title='bbox 3059 961 3436 1015; x_wconf 87' lang='lat' dir='ltr'><strong>suspensum,</strong></span> <span class='ocrx_word' id='word_1_140' title='bbox 3471 946 3730 1004; x_wconf 83' lang='lat' dir='ltr'><strong>fervente</strong></span> 
     </span>
    </p>
   </div>
   <div class='ocr_carea' id='block_1_27' title="bbox 2077 1032 3724 1107">
    <p class='ocr_par' dir='ltr' id='par_1_27' title="bbox 2077 1032 3724 1107">
     <span class='ocr_line' id='line_1_28' title="bbox 2077 1032 3724 1107; baseline 0.005 -24"><span class='ocrx_word' id='word_1_141' title='bbox 2077 1036 2279 1085; x_wconf 72' lang='lat' dir='ltr'><strong>testate</strong></span> <span class='ocrx_word' id='word_1_142' title='bbox 2311 1037 2369 1085; x_wconf 91' lang='lat' dir='ltr'><strong>et</strong></span> <span class='ocrx_word' id='word_1_143' title='bbox 2397 1037 2562 1095; x_wconf 66' lang='lat' dir='ltr'><strong>aestu,</strong></span> <span class='ocrx_word' id='word_1_144' title='bbox 2599 1032 2810 1104; x_wconf 86' lang='lat' dir='ltr'><strong>apibus</strong></span> <span class='ocrx_word' id='word_1_145' title='bbox 2851 1033 3250 1088; x_wconf 84' lang='lat' dir='ltr'><strong>devorandum</strong></span> <span class='ocrx_word' id='word_1_146' title='bbox 3305 1043 3724 1107; x_wconf 84' lang='lat' dir='ltr'><strong>exposuerunt.</strong></span> 
     </span>
    </p>
   </div>
   <div class='ocr_carea' id='block_1_28' title="bbox 2075 1120 3721 1193">
    <p class='ocr_par' dir='ltr' id='par_1_28' title="bbox 2075 1120 3721 1193">
     <span class='ocr_line' id='line_1_29' title="bbox 2075 1120 3721 1193; baseline 0.004 -20"><span class='ocrx_word' id='word_1_147' title='bbox 2075 1121 2149 1174; x_wconf 84' lang='lat' dir='ltr'><strong>At</strong></span> <span class='ocrx_word' id='word_1_148' title='bbox 2177 1136 2312 1174; x_wconf 90' lang='lat' dir='ltr'><strong>cum</strong></span> <span class='ocrx_word' id='word_1_149' title='bbox 2357 1120 2873 1193; x_wconf 81' lang='lat' dir='ltr'><strong>inexpugnabilem</strong></span> <span class='ocrx_word' id='word_1_150' title='bbox 2933 1129 2991 1177; x_wconf 91' lang='lat' dir='ltr'><strong>et</strong></span> <span class='ocrx_word' id='word_1_151' title='bbox 3043 1123 3324 1177; x_wconf 89' lang='lat' dir='ltr'><strong>invictum</strong></span> <span class='ocrx_word' id='word_1_152' title='bbox 3383 1132 3721 1193; x_wconf 85' lang='lat' dir='ltr'><strong>cernerent,</strong></span> 
     </span>
    </p>
   </div>
   <div class='ocr_carea' id='block_1_29' title="bbox 2073 1211 3719 1280">
    <p class='ocr_par' dir='ltr' id='par_1_29' title="bbox 2073 1211 3719 1280">
     <span class='ocr_line' id='line_1_30' title="bbox 2073 1211 3719 1280; baseline 0.004 -17"><span class='ocrx_word' id='word_1_153' title='bbox 2073 1214 2300 1264; x_wconf 90' lang='lat' dir='ltr'><strong>mutato</strong></span> <span class='ocrx_word' id='word_1_154' title='bbox 2330 1211 2603 1275; x_wconf 90' lang='lat' dir='ltr'><strong>consilio,</strong></span> <span class='ocrx_word' id='word_1_155' title='bbox 2650 1212 2962 1266; x_wconf 86' lang='lat' dir='ltr'><strong>tormentis</strong></span> <span class='ocrx_word' id='word_1_156' title='bbox 3015 1212 3403 1280; x_wconf 63' lang='lat' dir='ltr'><strong>subtractum,</strong></span> <span class='ocrx_word' id='word_1_157' title='bbox 3468 1213 3719 1270; x_wconf 91' lang='lat' dir='ltr'><strong>liberum</strong></span> 
     </span>
    </p>
   </div>
   <div class='ocr_carea' id='block_1_30' title="bbox 2073 1297 3718 1372">
    <p class='ocr_par' dir='ltr' id='par_1_30' title="bbox 2073 1297 3718 1372">
     <span class='ocr_line' id='line_1_31' title="bbox 2073 1297 3718 1372; baseline 0.005 -21"><span class='ocrx_word' id='word_1_158' title='bbox 2073 1297 2460 1353; x_wconf 89' lang='lat' dir='ltr'><strong>dimiserunt:</strong></span> <span class='ocrx_word' id='word_1_159' title='bbox 2493 1305 2553 1354; x_wconf 92' lang='lat' dir='ltr'><strong>et</strong></span> <span class='ocrx_word' id='word_1_160' title='bbox 2580 1299 2860 1372; x_wconf 88' lang='lat' dir='ltr'><strong>deinceps</strong></span> <span class='ocrx_word' id='word_1_161' title='bbox 2889 1301 3147 1355; x_wconf 84' lang='lat' dir='ltr'><strong>doctoris</strong></span> <span class='ocrx_word' id='word_1_162' title='bbox 3185 1301 3311 1357; x_wconf 89' lang='lat' dir='ltr'><strong>loco</strong></span> <span class='ocrx_word' id='word_1_163' title='bbox 3359 1302 3718 1372; x_wconf 86' lang='lat' dir='ltr'><strong>habuerunt,</strong></span> 
     </span>
    </p>
   </div>
   <div class='ocr_carea' id='block_1_31' title="bbox 2071 1389 3720 1462">
    <p class='ocr_par' dir='ltr' id='par_1_31' title="bbox 2071 1389 3720 1462">
     <span class='ocr_line' id='line_1_32' title="bbox 2071 1389 3720 1462; baseline 0.004 -19"><span class='ocrx_word' id='word_1_164' title='bbox 2071 1389 2426 1444; x_wconf 88' lang='lat' dir='ltr'><strong>miraculum</strong></span> <span class='ocrx_word' id='word_1_165' title='bbox 2449 1390 2578 1460; x_wconf 83' lang='lat' dir='ltr'><strong>ejus</strong></span> <span class='ocrx_word' id='word_1_166' title='bbox 2598 1390 2943 1462; x_wconf 82' lang='lat' dir='ltr'><strong>patientiam</strong></span> <span class='ocrx_word' id='word_1_167' title='bbox 2972 1390 3263 1458; x_wconf 81' lang='lat' dir='ltr'><strong>arbitrati,</strong></span> <span class='ocrx_word' id='word_1_168' title='bbox 3287 1392 3518 1447; x_wconf 84' lang='lat' dir='ltr'><strong>veniam</strong></span> <span class='ocrx_word' id='word_1_169' title='bbox 3541 1394 3720 1449; x_wconf 88' lang='lat' dir='ltr'><strong>etiam</strong></span> 
     </span>
    </p>
   </div>
   <div class='ocr_carea' id='block_1_32' title="bbox 2069 1476 3721 1551">
    <p class='ocr_par' dir='ltr' id='par_1_32' title="bbox 2069 1476 3721 1551">
     <span class='ocr_line' id='line_1_33' title="bbox 2069 1476 3721 1551; baseline 0.004 -21"><span class='ocrx_word' id='word_1_170' title='bbox 2069 1476 2205 1532; x_wconf 84' lang='lat' dir='ltr'><strong>facti</strong></span> <span class='ocrx_word' id='word_1_171' title='bbox 2239 1485 2570 1549; x_wconf 83' lang='lat' dir='ltr'><strong>poscentes.</strong></span> <span class='ocrx_word' id='word_1_172' title='bbox 2602 1484 2747 1534; x_wconf 85' lang='lat' dir='ltr'><strong>Cum</strong></span> <span class='ocrx_word' id='word_1_173' title='bbox 2788 1496 2893 1551; x_wconf 91' lang='lat' dir='ltr'><strong>per</strong></span> <span class='ocrx_word' id='word_1_174' title='bbox 2951 1480 3110 1536; x_wconf 90' lang='lat' dir='ltr'><strong>hunc</strong></span> <span class='ocrx_word' id='word_1_175' title='bbox 3167 1480 3410 1536; x_wconf 90' lang='lat' dir='ltr'><strong>modum</strong></span> <span class='ocrx_word' id='word_1_176' title='bbox 3469 1488 3721 1538; x_wconf 90' lang='lat' dir='ltr'><strong>mortem</strong></span> 
     </span>
    </p>
   </div>
   <div class='ocr_carea' id='block_1_33' title="bbox 2069 1568 3716 1644">
    <p class='ocr_par' dir='ltr' id='par_1_33' title="bbox 2069 1568 3716 1644">
     <span class='ocr_line' id='line_1_34' title="bbox 2069 1568 3716 1644; baseline 0.004 -22"><span class='ocrx_word' id='word_1_177' title='bbox 2069 1568 2369 1632; x_wconf 80' lang='lat' dir='ltr'><strong>evasisset,</strong></span> <span class='ocrx_word' id='word_1_178' title='bbox 2403 1574 2461 1622; x_wconf 90' lang='lat' dir='ltr'><strong>et</strong></span> <span class='ocrx_word' id='word_1_179' title='bbox 2505 1585 2741 1642; x_wconf 80' lang='lat' dir='ltr'><strong>gregem</strong></span> <span class='ocrx_word' id='word_1_180' title='bbox 2793 1569 3024 1640; x_wconf 90' lang='lat' dir='ltr'><strong>reliquo</strong></span> <span class='ocrx_word' id='word_1_181' title='bbox 3077 1570 3206 1623; x_wconf 65' lang='lat' dir='ltr'><strong>vitae</strong></span> <span class='ocrx_word' id='word_1_182' title='bbox 3265 1587 3385 1625; x_wconf 70' lang='lat' dir='ltr'><strong>suae</strong></span> <span class='ocrx_word' id='word_1_183' title='bbox 3444 1576 3716 1644; x_wconf 87' lang='lat' dir='ltr'><strong>tempore</strong></span> 
     </span>
    </p>
   </div>
   <div class='ocr_carea' id='block_1_34' title="bbox 2069 1655 3707 1730">
    <p class='ocr_par' dir='ltr' id='par_1_34' title="bbox 2069 1655 3707 1730">
     <span class='ocr_line' id='line_1_35' title="bbox 2069 1655 3707 1730; baseline 0.003 -19"><span class='ocrx_word' id='word_1_184' title='bbox 2069 1655 2223 1711; x_wconf 88' lang='lat' dir='ltr'><strong>bene</strong></span> <span class='ocrx_word' id='word_1_185' title='bbox 2253 1655 2662 1729; x_wconf 87' lang='lat' dir='ltr'><strong>gubernasset,</strong></span> <span class='ocrx_word' id='word_1_186' title='bbox 2696 1658 2758 1712; x_wconf 92' lang='lat' dir='ltr'><strong>in</strong></span> <span class='ocrx_word' id='word_1_187' title='bbox 2788 1658 3257 1730; x_wconf 81' lang='lat' dir='ltr'><strong>profundissima</strong></span> <span class='ocrx_word' id='word_1_188' title='bbox 3287 1665 3590 1716; x_wconf 87' lang='lat' dir='ltr'><strong>senectute</strong></span> <span class='ocrx_word' id='word_1_189' title='bbox 3621 1677 3707 1717; x_wconf 88' lang='lat' dir='ltr'><strong>re-</strong></span> 
     </span>
    </p>
   </div>
   <div class='ocr_carea' id='block_1_35' title="bbox 2067 1747 2309 1818">
    <p class='ocr_par' dir='ltr' id='par_1_35' title="bbox 2067 1747 2309 1818">
     <span class='ocr_line' id='line_1_36' title="bbox 2067 1747 2309 1818; baseline 0.008 -18"><span class='ocrx_word' id='word_1_190' title='bbox 2067 1747 2309 1818; x_wconf 83' lang='lat' dir='ltr'><strong>quievit.</strong></span> 
     </span>
    </p>
   </div>
   <div class='ocr_carea' id='block_1_36' title="bbox 309 1854 1950 1942">
    <p class='ocr_par' dir='ltr' id='par_1_36' title="bbox 309 1859 1950 1942">
     <span class='ocr_line' id='line_1_37' title="bbox 309 1859 1950 1942; baseline 0.004 -25"><span class='ocrx_word' id='word_1_191' title='bbox 309 1859 409 1917; x_wconf 79' lang='grc' dir='ltr'><strong>Καὶ</strong></span> <span class='ocrx_word' id='word_1_192' title='bbox 469 1859 704 1933; x_wconf 76' lang='grc' dir='ltr'>ἄθλησις</span> <span class='ocrx_word' id='word_1_193' title='bbox 758 1864 1094 1942; x_wconf 44' lang='grc' dir='ltr'>τῶνβγίων</span> <span class='ocrx_word' id='word_1_194' title='bbox 1177 1864 1454 1942; x_wconf 71' lang='grc' dir='ltr'>ῐςυρίλλου</span> <span class='ocrx_word' id='word_1_195' title='bbox 1514 1865 1787 1942; x_wconf 82' lang='grc' dir='ltr'>διακόνου,</span> <span class='ocrx_word' id='word_1_196' title='bbox 1867 1869 1950 1924; x_wconf 65' lang='grc' dir='ltr'><strong>καὶ</strong></span> 
     </span>
    </p>
   </div>
   <div class='ocr_carea' id='block_1_37' title="bbox 2061 1854 3714 1942">
    <p class='ocr_par' dir='ltr' id='par_1_37' title="bbox 2067 1865 3714 1942">
     <span class='ocr_line' id='line_1_38' title="bbox 2067 1865 3714 1942; baseline 0.004 -23"><span class='ocrx_word' id='word_1_197' title='bbox 2067 1865 2133 1920; x_wconf 84' lang='lat' dir='ltr'><strong>Et</strong></span> <span class='ocrx_word' id='word_1_198' title='bbox 2178 1872 2450 1922; x_wconf 76' lang='lat' dir='ltr'><strong>certamen</strong></span> <span class='ocrx_word' id='word_1_199' title='bbox 2494 1873 2808 1942; x_wconf 77' lang='lat' dir='ltr'><strong>sanctorum</strong></span> <span class='ocrx_word' id='word_1_200' title='bbox 2855 1867 3055 1938; x_wconf 74' lang='lat' dir='ltr'><strong>Cyrillt&#39;</strong></span> <span class='ocrx_word' id='word_1_201' title='bbox 3101 1869 3323 1925; x_wconf 79' lang='lat' dir='ltr'><strong>diaconi</strong></span> <span class='ocrx_word' id='word_1_202' title='bbox 3365 1876 3418 1926; x_wconf 80' lang='lat' dir='ltr'><strong>et</strong></span> <span class='ocrx_word' id='word_1_203' title='bbox 3474 1871 3714 1927; x_wconf 81' lang='lat' dir='ltr'><strong>aliorum</strong></span> 
     </span>
    </p>
   </div>
   <div class='ocr_carea' id='block_1_38' title="bbox 894 1935 1369 2011">
    <p class='ocr_par' dir='ltr' id='par_1_38' title="bbox 894 1935 1369 2011">
     <span class='ocr_line' id='line_1_39' title="bbox 894 1935 1369 2011; baseline 0.008 -21"><span class='ocrx_word' id='word_1_204' title='bbox 894 1935 1089 2011; x_wconf 66' lang='grc' dir='ltr'>ἑτέρων</span> <span class='ocrx_word' id='word_1_205' title='bbox 1116 1935 1369 1994; x_wconf 82' lang='grc' dir='ltr'>πολλῶν.</span> 
     </span>
    </p>
   </div>
   <div class='ocr_carea' id='block_1_39' title="bbox 373 2055 1954 2138">
    <p class='ocr_par' dir='ltr' id='par_1_39' title="bbox 373 2055 1954 2138">
     <span class='ocr_line' id='line_1_40' title="bbox 373 2055 1954 2138; baseline 0.004 -25"><span class='ocrx_word' id='word_1_206' title='bbox 373 2055 654 2124; x_wconf 77' lang='grc' dir='ltr'>Κῦριλλος</span> <span class='ocrx_word' id='word_1_207' title='bbox 687 2060 715 2113; x_wconf 83' lang='grc' dir='ltr'>ὁ</span> <span class='ocrx_word' id='word_1_208' title='bbox 749 2056 1000 2125; x_wconf 79' lang='grc' dir='ltr'>διάκονος</span> <span class='ocrx_word' id='word_1_209' title='bbox 1031 2061 1098 2131; x_wconf 78' lang='grc' dir='ltr'>ἦν</span> <span class='ocrx_word' id='word_1_210' title='bbox 1129 2061 1180 2116; x_wconf 82' lang='grc' dir='ltr'>ἐν</span> <span class='ocrx_word' id='word_1_211' title='bbox 1215 2063 1447 2138; x_wconf 67' lang='grc' dir='ltr'>Φοινίκῃ</span> <span class='ocrx_word' id='word_1_212' title='bbox 1474 2068 1543 2138; x_wconf 76' lang='grc' dir='ltr'>τῇ</span> <span class='ocrx_word' id='word_1_213' title='bbox 1603 2063 1782 2120; x_wconf 87' lang='grc' dir='ltr'>πόλει·</span> <span class='ocrx_word' id='word_1_214' title='bbox 1837 2064 1954 2121; x_wconf 71' lang='grc' dir='ltr'>ἐπεὶ</span> 
     </span>
    </p>
   </div>
   <div class='ocr_carea' id='block_1_40' title="bbox 305 2141 1955 2226">
    <p class='ocr_par' dir='ltr' id='par_1_40' title="bbox 305 2141 1955 2226">
     <span class='ocr_line' id='line_1_41' title="bbox 305 2141 1955 2226; baseline 0.005 -26"><span class='ocrx_word' id='word_1_215' title='bbox 305 2141 360 2200; x_wconf 72' lang='grc' dir='ltr'><strong>δί</strong></span> <span class='ocrx_word' id='word_1_216' title='bbox 387 2144 478 2199; x_wconf 83' lang='grc' dir='ltr'><strong>καὶ</strong></span> <span class='ocrx_word' id='word_1_217' title='bbox 511 2145 676 2208; x_wconf 81' lang='grc' dir='ltr'>αὑτὸς</span> <span class='ocrx_word' id='word_1_218' title='bbox 699 2148 832 2203; x_wconf 84' lang='grc' dir='ltr'>κατᾶ</span> <span class='ocrx_word' id='word_1_219' title='bbox 860 2150 954 2204; x_wconf 85' lang='grc' dir='ltr'>τὸν</span> <span class='ocrx_word' id='word_1_220' title='bbox 984 2151 1174 2224; x_wconf 87' lang='grc' dir='ltr'>καιρὸν</span> <span class='ocrx_word' id='word_1_221' title='bbox 1233 2156 1330 2206; x_wconf 75' lang='grc' dir='ltr'>τοῦ</span> <span class='ocrx_word' id='word_1_222' title='bbox 1372 2152 1616 2226; x_wconf 82' lang='grc' dir='ltr'>μεγάλου</span> <span class='ocrx_word' id='word_1_223' title='bbox 1666 2159 1955 2210; x_wconf 79' lang='grc' dir='ltr'>Κώνσταν-</span> 
     </span>
    </p>
   </div>
   <div class='ocr_carea' id='block_1_41' title="bbox 306 2232 1952 2316">
    <p class='ocr_par' dir='ltr' id='par_1_41' title="bbox 306 2232 1952 2316">
     <span class='ocr_line' id='line_1_42' title="bbox 306 2232 1952 2316; baseline 0.005 -28"><span class='ocrx_word' id='word_1_224' title='bbox 306 2233 456 2288; x_wconf 84' lang='grc' dir='ltr'>τίνου</span> <span class='ocrx_word' id='word_1_225' title='bbox 486 2232 678 2290; x_wconf 85' lang='grc' dir='ltr'>πολλὰ</span> <span class='ocrx_word' id='word_1_226' title='bbox 704 2241 812 2292; x_wconf 89' lang='grc' dir='ltr'><strong>τῶν</strong></span> <span class='ocrx_word' id='word_1_227' title='bbox 863 2235 1108 2293; x_wconf 83' lang='grc' dir='ltr'>εἰδώλων</span> <span class='ocrx_word' id='word_1_228' title='bbox 1171 2238 1473 2315; x_wconf 83' lang='grc' dir='ltr'>συνέτριψε,</span> <span class='ocrx_word' id='word_1_229' title='bbox 1523 2242 1812 2316; x_wconf 81' lang='grc' dir='ltr'>κρατηθεὶς</span> <span class='ocrx_word' id='word_1_230' title='bbox 1865 2243 1952 2297; x_wconf 78' lang='grc' dir='ltr'>ἐπὶ</span> 
     </span>
    </p>
   </div>
   <div class='ocr_carea' id='block_1_42' title="bbox 307 2320 1948 2404">
    <p class='ocr_par' dir='ltr' id='par_1_42' title="bbox 307 2320 1948 2404">
     <span class='ocr_line' id='line_1_43' title="bbox 307 2320 1948 2404; baseline 0.005 -26"><span class='ocrx_word' id='word_1_231' title='bbox 307 2320 613 2379; x_wconf 84' lang='grc' dir='ltr'>Ἰουλιανοῦ</span> <span class='ocrx_word' id='word_1_232' title='bbox 645 2325 793 2398; x_wconf 81' lang='grc' dir='ltr'><strong>παρὰ</strong></span> <span class='ocrx_word' id='word_1_233' title='bbox 842 2330 949 2380; x_wconf 88' lang='grc' dir='ltr'><strong>τῶν</strong></span> <span class='ocrx_word' id='word_1_234' title='bbox 1009 2324 1451 2402; x_wconf 81' lang='grc' dir='ltr'>εἰδωλολατρῶν,</span> <span class='ocrx_word' id='word_1_235' title='bbox 1503 2329 1690 2404; x_wconf 78' lang='grc' dir='ltr'>βίαιον</span> <span class='ocrx_word' id='word_1_236' title='bbox 1745 2332 1948 2400; x_wconf 81' lang='grc' dir='ltr'>ὑπέστη</span> 
     </span>
    </p>
   </div>
   <div class='ocr_carea' id='block_1_43' title="bbox 308 2411 1952 2495">
    <p class='ocr_par' dir='ltr' id='par_1_43' title="bbox 308 2411 1952 2495">
     <span class='ocr_line' id='line_1_44' title="bbox 308 2411 1952 2495; baseline 0.006 -30"><span class='ocrx_word' id='word_1_237' title='bbox 308 2411 558 2468; x_wconf 82' lang='grc' dir='ltr'>θάνατον.</span> <span class='ocrx_word' id='word_1_238' title='bbox 618 2413 725 2482; x_wconf 75' lang='grc' dir='ltr'><strong>Τήν</strong></span> <span class='ocrx_word' id='word_1_239' title='bbox 784 2415 888 2489; x_wconf 78' lang='grc' dir='ltr'>γὰρ</span> <span class='ocrx_word' id='word_1_240' title='bbox 943 2414 1180 2490; x_wconf 88' lang='grc' dir='ltr'>γαστέρα</span> <span class='ocrx_word' id='word_1_241' title='bbox 1229 2415 1393 2471; x_wconf 78' lang='grc' dir='ltr'>αὑτοῦ</span> <span class='ocrx_word' id='word_1_242' title='bbox 1435 2415 1835 2495; x_wconf 74' lang='grc' dir='ltr'>διαρῥηξαντες,</span> <span class='ocrx_word' id='word_1_243' title='bbox 1889 2420 1952 2475; x_wconf 88' lang='grc' dir='ltr'>τὸ</span> 
     </span>
    </p>
   </div>
   <div class='ocr_carea' id='block_1_44' title="bbox 309 2499 1950 2580">
    <p class='ocr_par' dir='ltr' id='par_1_44' title="bbox 309 2499 1950 2580">
     <span class='ocr_line' id='line_1_45' title="bbox 309 2499 1950 2580; baseline 0.006 -26"><span class='ocrx_word' id='word_1_244' title='bbox 309 2503 456 2571; x_wconf 73' lang='grc' dir='ltr'>ἧπαρ</span> <span class='ocrx_word' id='word_1_245' title='bbox 489 2499 656 2555; x_wconf 81' lang='grc' dir='ltr'>αὑτοῦ</span> <span class='ocrx_word' id='word_1_246' title='bbox 680 2502 1006 2579; x_wconf 67' lang='grc' dir='ltr'>κατέφαγον,</span> <span class='ocrx_word' id='word_1_247' title='bbox 1047 2504 1136 2559; x_wconf 86' lang='grc' dir='ltr'><strong>καὶ</strong></span> <span class='ocrx_word' id='word_1_248' title='bbox 1184 2509 1280 2560; x_wconf 85' lang='grc' dir='ltr'>τοῦ</span> <span class='ocrx_word' id='word_1_249' title='bbox 1337 2505 1590 2578; x_wconf 84' lang='grc' dir='ltr'>αἳματος,</span> <span class='ocrx_word' id='word_1_250' title='bbox 1649 2509 1722 2569; x_wconf 88' lang='grc' dir='ltr'>ὡς</span> <span class='ocrx_word' id='word_1_251' title='bbox 1772 2509 1950 2580; x_wconf 68' lang='grc' dir='ltr'>κύνες,</span> 
     </span>
    </p>
   </div>
   <div class='ocr_carea' id='block_1_45' title="bbox 310 2589 1950 2668">
    <p class='ocr_par' dir='ltr' id='par_1_45' title="bbox 310 2589 1950 2668">
     <span class='ocr_line' id='line_1_46' title="bbox 310 2589 1950 2668; baseline 0.005 -25"><span class='ocrx_word' id='word_1_252' title='bbox 310 2589 717 2668; x_wconf 66' lang='grc' dir='ltr'>ἆπερρόφησαν,</span> <span class='ocrx_word' id='word_1_253' title='bbox 776 2591 863 2646; x_wconf 82' lang='grc' dir='ltr'><strong>καὶ</strong></span> <span class='ocrx_word' id='word_1_254' title='bbox 921 2594 1226 2668; x_wconf 76' lang='grc' dir='ltr'>παραυτίκα</span> <span class='ocrx_word' id='word_1_255' title='bbox 1274 2591 1462 2650; x_wconf 76' lang='grc' dir='ltr'>ἔπεσον</span> <span class='ocrx_word' id='word_1_256' title='bbox 1502 2597 1553 2650; x_wconf 74' lang='grc' dir='ltr'>οἱ</span> <span class='ocrx_word' id='word_1_257' title='bbox 1584 2593 1802 2662; x_wconf 80' lang='grc' dir='ltr'>ὀδόντες</span> <span class='ocrx_word' id='word_1_258' title='bbox 1854 2599 1950 2652; x_wconf 75' lang='grc' dir='ltr'>αὖ·</span> 
     </span>
    </p>
   </div>
   <div class='ocr_carea' id='block_1_46' title="bbox 306 2679 1950 2763">
    <p class='ocr_par' dir='ltr' id='par_1_46' title="bbox 306 2679 1950 2763">
     <span class='ocr_line' id='line_1_47' title="bbox 306 2679 1950 2763; baseline 0.006 -32"><span class='ocrx_word' id='word_1_259' title='bbox 306 2679 431 2746; x_wconf 85' lang='grc' dir='ltr'>τῶν,</span> <span class='ocrx_word' id='word_1_260' title='bbox 492 2681 584 2733; x_wconf 77' lang='grc' dir='ltr'><strong>καὶ</strong></span> <span class='ocrx_word' id='word_1_261' title='bbox 641 2681 698 2734; x_wconf 81' lang='grc' dir='ltr'>αἱ</span> <span class='ocrx_word' id='word_1_262' title='bbox 756 2680 1004 2754; x_wconf 83' lang='grc' dir='ltr'>γλῶσσαι</span> <span class='ocrx_word' id='word_1_263' title='bbox 1063 2681 1356 2752; x_wconf 81' lang='grc' dir='ltr'>ἐσάπησαν,</span> <span class='ocrx_word' id='word_1_264' title='bbox 1415 2685 1506 2740; x_wconf 84' lang='grc' dir='ltr'><strong>καὶ</strong></span> <span class='ocrx_word' id='word_1_265' title='bbox 1562 2686 1614 2740; x_wconf 73' lang='grc' dir='ltr'>οἱ</span> <span class='ocrx_word' id='word_1_266' title='bbox 1673 2685 1950 2763; x_wconf 69' lang='grc' dir='ltr'>ὀφθαλμοὶ</span> 
     </span>
    </p>
   </div>
   <div class='ocr_carea' id='block_1_47' title="bbox 308 2766 1951 2849">
    <p class='ocr_par' dir='ltr' id='par_1_47' title="bbox 308 2766 1951 2849">
     <span class='ocr_line' id='line_1_48' title="bbox 308 2766 1951 2849; baseline 0.005 -29"><span class='ocrx_word' id='word_1_267' title='bbox 308 2766 710 2842; x_wconf 64' lang='grc' dir='ltr'>ἰτυφλώθτβαν.</span> <span class='ocrx_word' id='word_1_268' title='bbox 746 2770 808 2826; x_wconf 76' lang='grc' dir='ltr'>Ὀ</span> <span class='ocrx_word' id='word_1_269' title='bbox 835 2767 892 2825; x_wconf 73' lang='grc' dir='ltr'>δὲ</span> <span class='ocrx_word' id='word_1_270' title='bbox 944 2768 1152 2844; x_wconf 79' lang='grc' dir='ltr'>μάρτυρ</span> <span class='ocrx_word' id='word_1_271' title='bbox 1204 2771 1513 2834; x_wconf 80' lang='grc' dir='ltr'>τελειωθεὶς</span> <span class='ocrx_word' id='word_1_272' title='bbox 1568 2771 1770 2843; x_wconf 79' lang='grc' dir='ltr'>ἀνῆλθε</span> <span class='ocrx_word' id='word_1_273' title='bbox 1824 2775 1951 2849; x_wconf 87' lang='grc' dir='ltr'>χαί-</span> 
     </span>
    </p>
   </div>
   <div class='ocr_carea' id='block_1_48' title="bbox 323 2855 1951 2940">
    <p class='ocr_par' dir='ltr' id='par_1_48' title="bbox 323 2855 1951 2940">
     <span class='ocr_line' id='line_1_49' title="bbox 323 2855 1951 2940; baseline 0.006 -30"><span class='ocrx_word' id='word_1_274' title='bbox 323 2874 422 2928; x_wconf 86' lang='grc' dir='ltr'><strong>ρων</strong></span> <span class='ocrx_word' id='word_1_275' title='bbox 452 2855 498 2910; x_wconf 76' lang='grc' dir='ltr'>ἐν</span> <span class='ocrx_word' id='word_1_276' title='bbox 528 2863 648 2920; x_wconf 85' lang='grc' dir='ltr'>τοῖς</span> <span class='ocrx_word' id='word_1_277' title='bbox 689 2857 962 2932; x_wconf 78' lang='grc' dir='ltr'>οὐρανοῖς.</span> <span class='ocrx_word' id='word_1_278' title='bbox 1021 2860 1152 2918; x_wconf 83' lang='grc' dir='ltr'>Κατ’</span> <span class='ocrx_word' id='word_1_279' title='bbox 1210 2860 1418 2930; x_wconf 82' lang='grc' dir='ltr'>ἐκείνην</span> <span class='ocrx_word' id='word_1_280' title='bbox 1475 2860 1534 2916; x_wconf 73' lang='grc' dir='ltr'>δὲ</span> <span class='ocrx_word' id='word_1_281' title='bbox 1585 2864 1684 2929; x_wconf 78' lang='grc' dir='ltr'>τήν</span> <span class='ocrx_word' id='word_1_282' title='bbox 1741 2863 1951 2940; x_wconf 81' lang='grc' dir='ltr'>ἡμέραν</span> 
     </span>
    </p>
   </div>
   <div class='ocr_carea' id='block_1_49' title="bbox 321 2945 1950 3026">
    <p class='ocr_par' dir='ltr' id='par_1_49' title="bbox 321 2945 1950 3026">
     <span class='ocr_line' id='line_1_50' title="bbox 321 2945 1950 3026; baseline 0.006 -27"><span class='ocrx_word' id='word_1_283' title='bbox 321 2945 404 2999; x_wconf 74' lang='grc' dir='ltr'><strong>καὶ</strong></span> <span class='ocrx_word' id='word_1_284' title='bbox 433 2945 482 3000; x_wconf 79' lang='grc' dir='ltr'>ἐν</span> <span class='ocrx_word' id='word_1_285' title='bbox 509 2945 819 3003; x_wconf 83' lang='grc' dir='ltr'>Ἀσκάλωνι</span> <span class='ocrx_word' id='word_1_286' title='bbox 849 2952 918 3022; x_wconf 81' lang='grc' dir='ltr'>τῇ</span> <span class='ocrx_word' id='word_1_287' title='bbox 961 2950 1144 3017; x_wconf 86' lang='grc' dir='ltr'>πόλει,</span> <span class='ocrx_word' id='word_1_288' title='bbox 1197 2951 1285 3005; x_wconf 84' lang='grc' dir='ltr'><strong>καὶ</strong></span> <span class='ocrx_word' id='word_1_289' title='bbox 1335 2950 1385 3006; x_wconf 80' lang='grc' dir='ltr'>ἐν</span> <span class='ocrx_word' id='word_1_290' title='bbox 1449 2952 1588 3026; x_wconf 80' lang='grc' dir='ltr'>Γάζῃ</span> <span class='ocrx_word' id='word_1_291' title='bbox 1635 2953 1693 3006; x_wconf 74' lang='grc' dir='ltr'>οἱ</span> <span class='ocrx_word' id='word_1_292' title='bbox 1720 2951 1950 3009; x_wconf 79' lang='grc' dir='ltr'>εἰδωλο-</span> 
     </span>
    </p>
   </div>
   <div class='ocr_carea' id='block_1_50' title="bbox 312 3031 1948 3116">
    <p class='ocr_par' dir='ltr' id='par_1_50' title="bbox 312 3031 1948 3116">
     <span class='ocr_line' id='line_1_51' title="bbox 312 3031 1948 3116; baseline 0.006 -28"><span class='ocrx_word' id='word_1_293' title='bbox 312 3031 496 3108; x_wconf 81' lang='grc' dir='ltr'>λάτραι</span> <span class='ocrx_word' id='word_1_294' title='bbox 534 3038 905 3109; x_wconf 70' lang='grc' dir='ltr'>κρατήσαντες</span> <span class='ocrx_word' id='word_1_295' title='bbox 962 3037 1177 3108; x_wconf 78' lang='grc' dir='ltr'>πλῆθος</span> <span class='ocrx_word' id='word_1_296' title='bbox 1235 3041 1594 3116; x_wconf 82' lang='grc' dir='ltr'>Χριστιανῶν,</span> <span class='ocrx_word' id='word_1_297' title='bbox 1644 3041 1948 3114; x_wconf 82' lang='grc' dir='ltr'>παρθένων,</span> 
     </span>
    </p>
   </div>
   <div class='ocr_carea' id='block_1_51' title="bbox 299 3123 1948 3203">
    <p class='ocr_par' dir='ltr' id='par_1_51' title="bbox 299 3123 1948 3203">
     <span class='ocr_line' id='line_1_52' title="bbox 299 3123 1948 3203; baseline 0.007 -29"><span class='ocrx_word' id='word_1_298' title='bbox 299 3128 586 3195; x_wconf 84' lang='grc' dir='ltr'>γυναικῶν,</span> <span class='ocrx_word' id='word_1_299' title='bbox 620 3123 710 3180; x_wconf 86' lang='grc' dir='ltr'><strong>καὶ</strong></span> <span class='ocrx_word' id='word_1_300' title='bbox 761 3131 1134 3198; x_wconf 87' lang='grc' dir='ltr'>μοναζουσῶν,</span> <span class='ocrx_word' id='word_1_301' title='bbox 1193 3128 1283 3183; x_wconf 80' lang='grc' dir='ltr'><strong>καὶ</strong></span> <span class='ocrx_word' id='word_1_302' title='bbox 1346 3129 1662 3202; x_wconf 76' lang='grc' dir='ltr'>ἱερωμένων</span> <span class='ocrx_word' id='word_1_303' title='bbox 1713 3129 1948 3203; x_wconf 84' lang='grc' dir='ltr'>ἀνδρῶν,</span> 
     </span>
    </p>
   </div>
   <div class='ocr_carea' id='block_1_52' title="bbox 2740 1939 3016 2010">
    <p class='ocr_par' dir='ltr' id='par_1_52' title="bbox 2740 1939 3016 2010">
     <span class='ocr_line' id='line_1_53' title="bbox 2740 1939 3016 2010; baseline 0.004 -17"><span class='ocrx_word' id='word_1_304' title='bbox 2740 1939 3016 2010; x_wconf 82' lang='lat' dir='ltr'><strong>plurium.</strong></span> 
     </span>
    </p>
   </div>
   <div class='ocr_carea' id='block_1_53' title="bbox 2133 2058 3715 2131">
    <p class='ocr_par' dir='ltr' id='par_1_53' title="bbox 2133 2058 3715 2131">
     <span class='ocr_line' id='line_1_54' title="bbox 2133 2058 3715 2131; baseline 0.002 -18"><span class='ocrx_word' id='word_1_305' title='bbox 2133 2058 2388 2131; x_wconf 83' lang='lat' dir='ltr'><strong>Cyrillus</strong></span> <span class='ocrx_word' id='word_1_306' title='bbox 2418 2058 2704 2114; x_wconf 89' lang='lat' dir='ltr'><strong>diaconus</strong></span> <span class='ocrx_word' id='word_1_307' title='bbox 2764 2059 2826 2114; x_wconf 90' lang='lat' dir='ltr'><strong>in</strong></span> <span class='ocrx_word' id='word_1_308' title='bbox 2887 2060 3144 2129; x_wconf 91' lang='lat' dir='ltr'><strong>quadam</strong></span> <span class='ocrx_word' id='word_1_309' title='bbox 3195 2059 3511 2115; x_wconf 67' lang='lat' dir='ltr'><strong>thnicias</strong></span> <span class='ocrx_word' id='word_1_310' title='bbox 3566 2061 3715 2116; x_wconf 86' lang='lat' dir='ltr'><strong>urbe</strong></span> 
     </span>
    </p>
   </div>
   <div class='ocr_carea' id='block_1_54' title="bbox 2059 2143 3713 2220">
    <p class='ocr_par' dir='ltr' id='par_1_54' title="bbox 2059 2143 3713 2220">
     <span class='ocr_line' id='line_1_55' title="bbox 2059 2143 3713 2220; baseline 0.002 -18"><span class='ocrx_word' id='word_1_311' title='bbox 2059 2147 2208 2202; x_wconf 83' lang='lat' dir='ltr'><strong>fuit:</strong></span> <span class='ocrx_word' id='word_1_312' title='bbox 2243 2153 2300 2203; x_wconf 90' lang='lat' dir='ltr'><strong>et</strong></span> <span class='ocrx_word' id='word_1_313' title='bbox 2329 2148 2610 2218; x_wconf 87' lang='lat' dir='ltr'><strong>quoniam</strong></span> <span class='ocrx_word' id='word_1_314' title='bbox 2643 2148 2819 2202; x_wconf 90' lang='lat' dir='ltr'><strong>etiam</strong></span> <span class='ocrx_word' id='word_1_315' title='bbox 2847 2148 2976 2218; x_wconf 92' lang='lat' dir='ltr'><strong>ipse</strong></span> <span class='ocrx_word' id='word_1_316' title='bbox 3025 2154 3291 2220; x_wconf 89' lang='lat' dir='ltr'><strong>tempore</strong></span> <span class='ocrx_word' id='word_1_317' title='bbox 3338 2143 3713 2205; x_wconf 82' lang='lat' dir='ltr'><strong>Constantini</strong></span> 
     </span>
    </p>
   </div>
   <div class='ocr_carea' id='block_1_55' title="bbox 2060 2235 3712 2309">
    <p class='ocr_par' dir='ltr' id='par_1_55' title="bbox 2060 2235 3712 2309">
     <span class='ocr_line' id='line_1_56' title="bbox 2060 2235 3712 2309; baseline 0.002 -19"><span class='ocrx_word' id='word_1_318' title='bbox 2060 2238 2249 2309; x_wconf 86' lang='lat' dir='ltr'><strong>Magni</strong></span> <span class='ocrx_word' id='word_1_319' title='bbox 2282 2237 2468 2291; x_wconf 91' lang='lat' dir='ltr'><strong>multa</strong></span> <span class='ocrx_word' id='word_1_320' title='bbox 2499 2235 2657 2291; x_wconf 89' lang='lat' dir='ltr'><strong>idola</strong></span> <span class='ocrx_word' id='word_1_321' title='bbox 2686 2237 3064 2300; x_wconf 88' lang='lat' dir='ltr'><strong>contriverat,</strong></span> <span class='ocrx_word' id='word_1_322' title='bbox 3097 2243 3302 2309; x_wconf 90' lang='lat' dir='ltr'><strong>captus</strong></span> <span class='ocrx_word' id='word_1_323' title='bbox 3331 2237 3564 2292; x_wconf 87' lang='lat' dir='ltr'><strong>Juliano</strong></span> <span class='ocrx_word' id='word_1_324' title='bbox 3599 2239 3712 2294; x_wconf 85' lang='lat' dir='ltr'><strong>im-</strong></span> 
     </span>
    </p>
   </div>
   <div class='ocr_carea' id='block_1_56' title="bbox 2059 2325 3708 2398">
    <p class='ocr_par' dir='ltr' id='par_1_56' title="bbox 2059 2325 3708 2398">
     <span class='ocr_line' id='line_1_57' title="bbox 2059 2325 3708 2398; baseline 0.001 -17"><span class='ocrx_word' id='word_1_325' title='bbox 2059 2331 2304 2398; x_wconf 88' lang='lat' dir='ltr'><strong>perante</strong></span> <span class='ocrx_word' id='word_1_326' title='bbox 2329 2325 2398 2380; x_wconf 90' lang='lat' dir='ltr'><strong>ab</strong></span> <span class='ocrx_word' id='word_1_327' title='bbox 2422 2325 3101 2384; x_wconf 79' lang='lat' dir='ltr'><strong>idololatris,violentam</strong></span> <span class='ocrx_word' id='word_1_328' title='bbox 3130 2327 3416 2381; x_wconf 85' lang='lat' dir='ltr'><strong>sustinuit</strong></span> <span class='ocrx_word' id='word_1_329' title='bbox 3435 2333 3708 2382; x_wconf 88' lang='lat' dir='ltr'><strong>mortem.</strong></span> 
     </span>
    </p>
   </div>
   <div class='ocr_carea' id='block_1_57' title="bbox 2061 2414 3708 2486">
    <p class='ocr_par' dir='ltr' id='par_1_57' title="bbox 2061 2414 3708 2486">
     <span class='ocr_line' id='line_1_58' title="bbox 2061 2414 3708 2486; baseline 0 -16"><span class='ocrx_word' id='word_1_330' title='bbox 2061 2416 2227 2471; x_wconf 91' lang='lat' dir='ltr'><strong>Secto</strong></span> <span class='ocrx_word' id='word_1_331' title='bbox 2251 2431 2506 2486; x_wconf 87' lang='lat' dir='ltr'><strong>namque</strong></span> <span class='ocrx_word' id='word_1_332' title='bbox 2541 2415 2671 2485; x_wconf 85' lang='lat' dir='ltr'><strong>ejus</strong></span> <span class='ocrx_word' id='word_1_333' title='bbox 2702 2421 2922 2477; x_wconf 87' lang='lat' dir='ltr'><strong>ventre,</strong></span> <span class='ocrx_word' id='word_1_334' title='bbox 2955 2414 3141 2485; x_wconf 92' lang='lat' dir='ltr'><strong>hepar</strong></span> <span class='ocrx_word' id='word_1_335' title='bbox 3178 2421 3476 2483; x_wconf 89' lang='lat' dir='ltr'><strong>vorarunt,</strong></span> <span class='ocrx_word' id='word_1_336' title='bbox 3529 2433 3708 2470; x_wconf 82' lang='lat' dir='ltr'><strong>cruo-</strong></span> 
     </span>
    </p>
   </div>
   <div class='ocr_carea' id='block_1_58' title="bbox 2057 2503 3710 2576">
    <p class='ocr_par' dir='ltr' id='par_1_58' title="bbox 2057 2503 3710 2576">
     <span class='ocr_line' id='line_1_59' title="bbox 2057 2503 3710 2576; baseline 0 -16"><span class='ocrx_word' id='word_1_337' title='bbox 2057 2521 2323 2575; x_wconf 89' lang='lat' dir='ltr'><strong>remque,</strong></span> <span class='ocrx_word' id='word_1_338' title='bbox 2357 2520 2571 2559; x_wconf 90' lang='lat' dir='ltr'><strong>canum</strong></span> <span class='ocrx_word' id='word_1_339' title='bbox 2605 2503 2890 2568; x_wconf 87' lang='lat' dir='ltr'><strong>adinstar,</strong></span> <span class='ocrx_word' id='word_1_340' title='bbox 2924 2504 3285 2559; x_wconf 87' lang='lat' dir='ltr'><strong>hauserunt:</strong></span> <span class='ocrx_word' id='word_1_341' title='bbox 3309 2505 3710 2576; x_wconf 90' lang='lat' dir='ltr'><strong>continuoque</strong></span> 
     </span>
    </p>
   </div>
   <div class='ocr_carea' id='block_1_59' title="bbox 2057 2592 3706 2665">
    <p class='ocr_par' dir='ltr' id='par_1_59' title="bbox 2057 2592 3706 2665">
     <span class='ocr_line' id='line_1_60' title="bbox 2057 2592 3706 2665; baseline 0 -17"><span class='ocrx_word' id='word_1_342' title='bbox 2057 2610 2260 2649; x_wconf 92' lang='lat' dir='ltr'><strong>eorum</strong></span> <span class='ocrx_word' id='word_1_343' title='bbox 2285 2593 2494 2647; x_wconf 90' lang='lat' dir='ltr'><strong>dentes</strong></span> <span class='ocrx_word' id='word_1_344' title='bbox 2515 2592 2992 2658; x_wconf 88' lang='lat' dir='ltr'><strong>conciderunt,et</strong></span> <span class='ocrx_word' id='word_1_345' title='bbox 3013 2593 3228 2665; x_wconf 63' lang='lat' dir='ltr'><strong>linguas</strong></span> <span class='ocrx_word' id='word_1_346' title='bbox 3250 2592 3706 2657; x_wconf 88' lang='lat' dir='ltr'><strong>contabuerunt,</strong></span> 
     </span>
    </p>
   </div>
   <div class='ocr_carea' id='block_1_60' title="bbox 2057 2680 3707 2751">
    <p class='ocr_par' dir='ltr' id='par_1_60' title="bbox 2057 2680 3707 2751">
     <span class='ocr_line' id='line_1_61' title="bbox 2057 2680 3707 2751; baseline 0.001 -16"><span class='ocrx_word' id='word_1_347' title='bbox 2057 2682 2334 2751; x_wconf 87' lang='lat' dir='ltr'><strong>oculique</strong></span> <span class='ocrx_word' id='word_1_348' title='bbox 2364 2680 2564 2734; x_wconf 72' lang='lat' dir='ltr'><strong>caecati</strong></span> <span class='ocrx_word' id='word_1_349' title='bbox 2593 2685 2750 2733; x_wconf 88' lang='lat' dir='ltr'><strong>sunt.</strong></span> <span class='ocrx_word' id='word_1_350' title='bbox 2807 2681 3024 2751; x_wconf 86' lang='lat' dir='ltr'><strong>Martyr</strong></span> <span class='ocrx_word' id='word_1_351' title='bbox 3073 2697 3231 2747; x_wconf 88' lang='lat' dir='ltr'><strong>vero,</strong></span> <span class='ocrx_word' id='word_1_352' title='bbox 3291 2689 3707 2736; x_wconf 89' lang='lat' dir='ltr'><strong>consummato</strong></span> 
     </span>
    </p>
   </div>
   <div class='ocr_carea' id='block_1_61' title="bbox 2055 2767 3708 2835">
    <p class='ocr_par' dir='ltr' id='par_1_61' title="bbox 2055 2767 3708 2835">
     <span class='ocr_line' id='line_1_62' title="bbox 2055 2767 3708 2835; baseline 0 -8"><span class='ocrx_word' id='word_1_353' title='bbox 2055 2769 2469 2835; x_wconf 89' lang='lat' dir='ltr'><strong>certamine,in</strong></span> <span class='ocrx_word' id='word_1_354' title='bbox 2487 2768 2700 2824; x_wconf 68' lang='lat' dir='ltr'><strong>caelum</strong></span> <span class='ocrx_word' id='word_1_355' title='bbox 2722 2767 2895 2822; x_wconf 75' lang='lat' dir='ltr'><strong>laetus</strong></span> <span class='ocrx_word' id='word_1_356' title='bbox 2916 2769 3202 2824; x_wconf 88' lang='lat' dir='ltr'><strong>ascendit.</strong></span> <span class='ocrx_word' id='word_1_357' title='bbox 3238 2769 3349 2825; x_wconf 90' lang='lat' dir='ltr'><strong>Per</strong></span> <span class='ocrx_word' id='word_1_358' title='bbox 3371 2787 3470 2826; x_wconf 93' lang='lat' dir='ltr'><strong>eos</strong></span> <span class='ocrx_word' id='word_1_359' title='bbox 3501 2771 3708 2827; x_wconf 88' lang='lat' dir='ltr'><strong>itidem</strong></span> 
     </span>
    </p>
   </div>
   <div class='ocr_carea' id='block_1_62' title="bbox 2055 2857 3708 2931">
    <p class='ocr_par' dir='ltr' id='par_1_62' title="bbox 2055 2857 3708 2931">
     <span class='ocr_line' id='line_1_63' title="bbox 2055 2857 3708 2931; baseline -0.001 -15"><span class='ocrx_word' id='word_1_360' title='bbox 2055 2861 2254 2916; x_wconf 88' lang='lat' dir='ltr'><strong>diesin</strong></span> <span class='ocrx_word' id='word_1_361' title='bbox 2271 2859 2514 2914; x_wconf 89' lang='lat' dir='ltr'><strong>urbibus</strong></span> <span class='ocrx_word' id='word_1_362' title='bbox 2528 2858 2814 2913; x_wconf 84' lang='lat' dir='ltr'><strong>Ascalone</strong></span> <span class='ocrx_word' id='word_1_363' title='bbox 2836 2863 2893 2912; x_wconf 89' lang='lat' dir='ltr'><strong>et</strong></span> <span class='ocrx_word' id='word_1_364' title='bbox 2907 2859 3054 2912; x_wconf 88' lang='lat' dir='ltr'><strong>Gaza</strong></span> <span class='ocrx_word' id='word_1_365' title='bbox 3067 2857 3393 2914; x_wconf 76' lang='lat' dir='ltr'><strong>idololatraa</strong></span> <span class='ocrx_word' id='word_1_366' title='bbox 3407 2861 3708 2931; x_wconf 77' lang='lat' dir='ltr'><strong>ingentem</strong></span> 
     </span>
    </p>
   </div>
   <div class='ocr_carea' id='block_1_63' title="bbox 2053 2945 3706 3018">
    <p class='ocr_par' dir='ltr' id='par_1_63' title="bbox 2053 2945 3706 3018">
     <span class='ocr_line' id='line_1_64' title="bbox 2053 2945 3706 3018; baseline -0.002 -12"><span class='ocrx_word' id='word_1_367' title='bbox 2053 2945 3706 3018; x_wconf 82' lang='lat' dir='ltr'><strong>Christianorum,virginum.femiuarum,monachorum,</strong></span> 
     </span>
    </p>
   </div>
   <div class='ocr_carea' id='block_1_64' title="bbox 2054 3034 3705 3110">
    <p class='ocr_par' dir='ltr' id='par_1_64' title="bbox 2054 3034 3705 3110">
     <span class='ocr_line' id='line_1_65' title="bbox 2054 3034 3705 3110; baseline -0.001 -16"><span class='ocrx_word' id='word_1_368' title='bbox 2054 3039 2293 3110; x_wconf 90' lang='lat' dir='ltr'><strong>Deoque</strong></span> <span class='ocrx_word' id='word_1_369' title='bbox 2315 3042 2680 3092; x_wconf 87' lang='lat' dir='ltr'><strong>sacratorum</strong></span> <span class='ocrx_word' id='word_1_370' title='bbox 2703 3035 2960 3089; x_wconf 86' lang='lat' dir='ltr'><strong>virorum</strong></span> <span class='ocrx_word' id='word_1_371' title='bbox 2985 3034 3219 3090; x_wconf 88' lang='lat' dir='ltr'><strong>turbam</strong></span> <span class='ocrx_word' id='word_1_372' title='bbox 3250 3043 3564 3107; x_wconf 90' lang='lat' dir='ltr'><strong>ceperunt:</strong></span> <span class='ocrx_word' id='word_1_373' title='bbox 3588 3038 3705 3092; x_wconf 86' lang='lat' dir='ltr'><strong>fer-</strong></span> 
     </span>
    </p>
   </div>
   <div class='ocr_carea' id='block_1_65' title="bbox 2053 3122 3706 3199">
    <p class='ocr_par' dir='ltr' id='par_1_65' title="bbox 2053 3122 3706 3199">
     <span class='ocr_line' id='line_1_66' title="bbox 2053 3122 3706 3199; baseline -0.002 -14"><span class='ocrx_word' id='word_1_374' title='bbox 2053 3144 2240 3199; x_wconf 88' lang='lat' dir='ltr'><strong>roque</strong></span> <span class='ocrx_word' id='word_1_375' title='bbox 2271 3125 2545 3182; x_wconf 90' lang='lat' dir='ltr'><strong>dissectis</strong></span> <span class='ocrx_word' id='word_1_376' title='bbox 2575 3122 2926 3179; x_wconf 90' lang='lat' dir='ltr'><strong>eorumdem</strong></span> <span class='ocrx_word' id='word_1_377' title='bbox 2983 3124 3309 3192; x_wconf 87' lang='lat' dir='ltr'><strong>ventribus,</strong></span> <span class='ocrx_word' id='word_1_378' title='bbox 3360 3125 3706 3197; x_wconf 89' lang='lat' dir='ltr'><strong>hordeoque</strong></span> 
     </span>
    </p>
   </div>
   <div class='ocr_carea' id='block_1_66' title="bbox 299 3212 1950 3294">
    <p class='ocr_par' dir='ltr' id='par_1_66' title="bbox 299 3212 1940 3294">
     <span class='ocr_line' id='line_1_67' title="bbox 299 3212 1940 3294; baseline 0.007 -28"><span class='ocrx_word' id='word_1_379' title='bbox 299 3212 508 3274; x_wconf 74' lang='grc' dir='ltr'>καὶτὰς</span> <span class='ocrx_word' id='word_1_380' title='bbox 540 3213 758 3276; x_wconf 85' lang='grc' dir='ltr'>κοιλίας</span> <span class='ocrx_word' id='word_1_381' title='bbox 787 3214 962 3271; x_wconf 78' lang='grc' dir='ltr'>αὐτῶν</span> <span class='ocrx_word' id='word_1_382' title='bbox 1010 3216 1308 3294; x_wconf 79' lang='grc' dir='ltr'>μαχαίραις</span> <span class='ocrx_word' id='word_1_383' title='bbox 1357 3215 1759 3294; x_wconf 83' lang='grc' dir='ltr'>διασχίσαντες,</span> <span class='ocrx_word' id='word_1_384' title='bbox 1813 3216 1940 3276; x_wconf 78' lang='grc' dir='ltr'><strong>ἔϐα-</strong></span> 
     </span>
    </p>
   </div>
   <div class='ocr_carea' id='block_1_67' title="bbox 2061 3212 3708 3294">
    <p class='ocr_par' dir='ltr' id='par_1_67' title="bbox 2061 3212 3708 3290">
     <span class='ocr_line' id='line_1_68' title="bbox 2061 3212 3708 3290; baseline -0.001 -16"><span class='ocrx_word' id='word_1_385' title='bbox 2061 3217 2333 3290; x_wconf 87' lang='lat' dir='ltr'><strong>oppletis,</strong></span> <span class='ocrx_word' id='word_1_386' title='bbox 2366 3213 2560 3286; x_wconf 86' lang='lat' dir='ltr'><strong>porcis</strong></span> <span class='ocrx_word' id='word_1_387' title='bbox 2590 3212 2881 3269; x_wconf 86' lang='lat' dir='ltr'><strong>vorandos</strong></span> <span class='ocrx_word' id='word_1_388' title='bbox 2912 3213 3312 3285; x_wconf 65' lang='lat' dir='ltr'><strong>praebuerunt.</strong></span> <span class='ocrx_word' id='word_1_389' title='bbox 3346 3216 3418 3269; x_wconf 89' lang='lat' dir='ltr'><strong>Et</strong></span> <span class='ocrx_word' id='word_1_390' title='bbox 3457 3231 3708 3286; x_wconf 87' lang='lat' dir='ltr'><strong>corpora</strong></span> 
     </span>
    </p>
   </div>
   <div class='ocr_carea' id='block_1_68' title="bbox 301 3299 1932 3385">
    <p class='ocr_par' dir='ltr' id='par_1_68' title="bbox 301 3299 1932 3385">
     <span class='ocr_line' id='line_1_69' title="bbox 301 3299 1932 3385; baseline 0.007 -30"><span class='ocrx_word' id='word_1_391' title='bbox 301 3299 390 3355; x_wconf 87' lang='grc' dir='ltr'><strong>λον</strong></span> <span class='ocrx_word' id='word_1_392' title='bbox 419 3303 630 3377; x_wconf 75' lang='grc' dir='ltr'>κριθάς,</span> <span class='ocrx_word' id='word_1_393' title='bbox 661 3302 752 3359; x_wconf 78' lang='grc' dir='ltr'><strong>καὶ</strong></span> <span class='ocrx_word' id='word_1_394' title='bbox 779 3306 1088 3380; x_wconf 84' lang='grc' dir='ltr'>προέθηκαν</span> <span class='ocrx_word' id='word_1_395' title='bbox 1139 3311 1257 3370; x_wconf 87' lang='grc' dir='ltr'>τοῖς</span> <span class='ocrx_word' id='word_1_396' title='bbox 1305 3306 1520 3382; x_wconf 85' lang='grc' dir='ltr'>χοίροις</span> <span class='ocrx_word' id='word_1_397' title='bbox 1569 3308 1648 3371; x_wconf 69' lang='grc' dir='ltr'>εἷς</span> <span class='ocrx_word' id='word_1_398' title='bbox 1708 3311 1932 3385; x_wconf 83' lang='grc' dir='ltr'>βρῶσιν.</span> 
     </span>
    </p>
   </div>
   <div class='ocr_carea' id='block_1_69' title="bbox 299 3391 1934 3475">
    <p class='ocr_par' dir='ltr' id='par_1_69' title="bbox 299 3391 1934 3475">
     <span class='ocr_line' id='line_1_70' title="bbox 299 3391 1934 3475; baseline 0.005 -27"><span class='ocrx_word' id='word_1_399' title='bbox 299 3391 393 3448; x_wconf 81' lang='grc' dir='ltr'>Καὶ</span> <span class='ocrx_word' id='word_1_400' title='bbox 447 3394 515 3448; x_wconf 67' lang='grc' dir='ltr'><strong>τά</strong></span> <span class='ocrx_word' id='word_1_401' title='bbox 575 3393 671 3465; x_wconf 73' lang='grc' dir='ltr'><strong>μέν</strong></span> <span class='ocrx_word' id='word_1_402' title='bbox 719 3395 946 3466; x_wconf 84' lang='grc' dir='ltr'>σώματα</span> <span class='ocrx_word' id='word_1_403' title='bbox 998 3396 1250 3458; x_wconf 68' lang='grc' dir='ltr'>τοιαύτας</span> <span class='ocrx_word' id='word_1_404' title='bbox 1307 3397 1574 3471; x_wconf 73' lang='grc' dir='ltr'>ὑπέμενον</span> <span class='ocrx_word' id='word_1_405' title='bbox 1641 3401 1934 3475; x_wconf 78' lang='grc' dir='ltr'>τιμωρίας,</span> 
     </span>
    </p>
   </div>
   <div class='ocr_carea' id='block_1_70' title="bbox 2049 3303 3705 3381">
    <p class='ocr_par' dir='ltr' id='par_1_70' title="bbox 2049 3303 3705 3381">
     <span class='ocr_line' id='line_1_71' title="bbox 2049 3303 3705 3381; baseline -0.002 -18"><span class='ocrx_word' id='word_1_406' title='bbox 2049 3306 2292 3381; x_wconf 86' lang='lat' dir='ltr'><strong>quidem</strong></span> <span class='ocrx_word' id='word_1_407' title='bbox 2321 3305 2430 3361; x_wconf 91' lang='lat' dir='ltr'><strong>hos</strong></span> <span class='ocrx_word' id='word_1_408' title='bbox 2461 3303 2650 3358; x_wconf 89' lang='lat' dir='ltr'><strong>tulere</strong></span> <span class='ocrx_word' id='word_1_409' title='bbox 2681 3303 2981 3359; x_wconf 88' lang='lat' dir='ltr'><strong>cruciatus</strong></span> <span class='ocrx_word' id='word_1_410' title='bbox 3007 3319 3021 3368; x_wconf 87' lang='lat'><strong>;</strong></span> <span class='ocrx_word' id='word_1_411' title='bbox 3056 3308 3276 3360; x_wconf 65' lang='lat' dir='ltr'><strong>sancta</strong></span> <span class='ocrx_word' id='word_1_412' title='bbox 3322 3321 3456 3361; x_wconf 87' lang='lat' dir='ltr'><strong>vero</strong></span> <span class='ocrx_word' id='word_1_413' title='bbox 3491 3305 3705 3361; x_wconf 66' lang='lat' dir='ltr'><strong>animae</strong></span> 
     </span>
    </p>
   </div>
   <div class='ocr_carea' id='block_1_71' title="bbox 2046 3392 3136 3455">
    <p class='ocr_par' dir='ltr' id='par_1_71' title="bbox 2046 3392 3136 3455">
     <span class='ocr_line' id='line_1_72' title="bbox 2046 3392 3136 3455; baseline -0.006 -1"><span class='ocrx_word' id='word_1_414' title='bbox 2046 3398 2122 3455; x_wconf 82' lang='lat' dir='ltr'><strong>ad</strong></span> <span class='ocrx_word' id='word_1_415' title='bbox 2154 3411 2365 3452; x_wconf 86' lang='lat' dir='ltr'><strong>manus</strong></span> <span class='ocrx_word' id='word_1_416' title='bbox 2393 3393 2498 3450; x_wconf 86' lang='lat' dir='ltr'><strong>Dei</strong></span> <span class='ocrx_word' id='word_1_417' title='bbox 2528 3392 2776 3449; x_wconf 85' lang='lat' dir='ltr'><strong>viventis</strong></span> <span class='ocrx_word' id='word_1_418' title='bbox 2807 3392 3136 3449; x_wconf 86' lang='lat' dir='ltr'><strong>evolarunt.</strong></span> 
     </span>
    </p>
   </div>
   <div class='ocr_carea' id='block_1_72' title="bbox 301 3477 2186 3564">
    <p class='ocr_par' dir='ltr' id='par_1_72' title="bbox 301 3477 2186 3564">
     <span class='ocr_line' id='line_1_73' title="bbox 301 3477 2186 3564; baseline 0.003 -31"><span class='ocrx_word' id='word_1_419' title='bbox 301 3480 350 3533; x_wconf 79' lang='grc' dir='ltr'>αἱ</span> <span class='ocrx_word' id='word_1_420' title='bbox 378 3477 435 3535; x_wconf 71' lang='grc' dir='ltr'><strong>δέ</strong></span> <span class='ocrx_word' id='word_1_421' title='bbox 463 3481 612 3556; x_wconf 61' lang='grc' dir='ltr'>ἅγιαι</span> <span class='ocrx_word' id='word_1_422' title='bbox 643 3482 817 3538; x_wconf 79' lang='grc' dir='ltr'>αὑτῶν</span> <span class='ocrx_word' id='word_1_423' title='bbox 848 3485 1024 3560; x_wconf 80' lang='grc' dir='ltr'>ψυχαὶ</span> <span class='ocrx_word' id='word_1_424' title='bbox 1056 3484 1444 3560; x_wconf 81' lang='grc' dir='ltr'>έναπετέθησαν</span> <span class='ocrx_word' id='word_1_425' title='bbox 1477 3486 1552 3548; x_wconf 83' lang='grc' dir='ltr'>εἰς</span> <span class='ocrx_word' id='word_1_426' title='bbox 1584 3493 1774 3564; x_wconf 86' lang='grc' dir='ltr'>χεῖρας</span> <span class='ocrx_word' id='word_1_427' title='bbox 1801 3493 1934 3545; x_wconf 80' lang='grc' dir='ltr'>Θεοῦ</span> <span class='ocrx_word' id='word_1_428' title='bbox 1968 3491 2186 3558; x_wconf 85' lang='grc' dir='ltr'>ζῶντος.</span> 
     </span>
    </p>
   </div>
   <div class='ocr_carea' id='block_1_73' title="bbox 306 3604 1942 3684">
    <p class='ocr_par' dir='ltr' id='par_1_73' title="bbox 306 3604 1942 3684">
     <span class='ocr_line' id='line_1_74' title="bbox 306 3604 1942 3684; baseline 0.005 -26"><span class='ocrx_word' id='word_1_429' title='bbox 306 3604 395 3658; x_wconf 77' lang='grc' dir='ltr'><strong>Καὶ</strong></span> <span class='ocrx_word' id='word_1_430' title='bbox 432 3607 625 3680; x_wconf 77' lang='grc' dir='ltr'>μνήμη</span> <span class='ocrx_word' id='word_1_431' title='bbox 684 3607 782 3662; x_wconf 81' lang='grc' dir='ltr'>τοῦ</span> <span class='ocrx_word' id='word_1_432' title='bbox 833 3608 984 3664; x_wconf 81' lang='grc' dir='ltr'>ὁσίου</span> <span class='ocrx_word' id='word_1_433' title='bbox 1046 3610 1255 3684; x_wconf 23' lang='grc' dir='ltr'>Πματρὸς</span> <span class='ocrx_word' id='word_1_434' title='bbox 1307 3611 1468 3683; x_wconf 70' lang='grc' dir='ltr'>ἡμῶν</span> <span class='ocrx_word' id='word_1_435' title='bbox 1532 3613 1786 3668; x_wconf 85' lang='grc' dir='ltr'>Ἰωάννου</span> <span class='ocrx_word' id='word_1_436' title='bbox 1845 3617 1942 3667; x_wconf 78' lang='grc' dir='ltr'><strong>τοῦ</strong></span> 
     </span>
    </p>
   </div>
   <div class='ocr_carea' id='block_1_74' title="bbox 903 3679 1337 3754">
    <p class='ocr_par' dir='ltr' id='par_1_74' title="bbox 903 3679 1337 3754">
     <span class='ocr_line' id='line_1_75' title="bbox 903 3679 1337 3754; baseline 0.007 -20"><span class='ocrx_word' id='word_1_437' title='bbox 903 3687 1005 3750; x_wconf 82' lang='grc' dir='ltr'>τῆς</span> <span class='ocrx_word' id='word_1_438' title='bbox 1038 3679 1337 3754; x_wconf 79' lang='grc' dir='ltr'>Κλίμακος.</span> 
     </span>
    </p>
   </div>
   <div class='ocr_carea' id='block_1_75' title="bbox 370 3805 1941 3883">
    <p class='ocr_par' dir='ltr' id='par_1_75' title="bbox 370 3805 1941 3883">
     <span class='ocr_line' id='line_1_76' title="bbox 370 3805 1941 3883; baseline 0.003 -22"><span class='ocrx_word' id='word_1_439' title='bbox 370 3805 429 3861; x_wconf 81' lang='grc' dir='ltr'>Ὀ</span> <span class='ocrx_word' id='word_1_440' title='bbox 482 3805 536 3861; x_wconf 75' lang='grc' dir='ltr'>ἐν</span> <span class='ocrx_word' id='word_1_441' title='bbox 599 3807 774 3883; x_wconf 79' lang='grc' dir='ltr'>ἁγίοις</span> <span class='ocrx_word' id='word_1_442' title='bbox 829 3809 1014 3882; x_wconf 70' lang='grc' dir='ltr'>Πατὴρ</span> <span class='ocrx_word' id='word_1_443' title='bbox 1073 3811 1234 3882; x_wconf 77' lang='grc' dir='ltr'>ἡμῶν</span> <span class='ocrx_word' id='word_1_444' title='bbox 1297 3809 1552 3880; x_wconf 87' lang='grc' dir='ltr'>Ἰωάννης</span> <span class='ocrx_word' id='word_1_445' title='bbox 1587 3811 1615 3866; x_wconf 82' lang='grc' dir='ltr'>ὁ</span> <span class='ocrx_word' id='word_1_446' title='bbox 1653 3817 1753 3880; x_wconf 78' lang='grc' dir='ltr'>τῆς</span> <span class='ocrx_word' id='word_1_447' title='bbox 1813 3810 1941 3871; x_wconf 86' lang='grc' dir='ltr'>Κλί,</span> 
     </span>
    </p>
   </div>
   <div class='ocr_carea' id='block_1_76' title="bbox 310 3893 1939 3975">
    <p class='ocr_par' dir='ltr' id='par_1_76' title="bbox 310 3893 1939 3975">
     <span class='ocr_line' id='line_1_77' title="bbox 310 3893 1939 3975; baseline 0.004 -27"><span class='ocrx_word' id='word_1_448' title='bbox 310 3914 492 3965; x_wconf 87' lang='grc' dir='ltr'>μακος,</span> <span class='ocrx_word' id='word_1_449' title='bbox 524 3893 654 3951; x_wconf 84' lang='grc' dir='ltr'>δέκα</span> <span class='ocrx_word' id='word_1_450' title='bbox 683 3895 736 3968; x_wconf 78' lang='grc' dir='ltr'><strong>ἔξ</strong></span> <span class='ocrx_word' id='word_1_451' title='bbox 768 3899 984 3973; x_wconf 82' lang='grc' dir='ltr'>χρόνων</span> <span class='ocrx_word' id='word_1_452' title='bbox 1035 3900 1322 3975; x_wconf 84' lang='grc' dir='ltr'>ὑπάρχων,</span> <span class='ocrx_word' id='word_1_453' title='bbox 1374 3902 1702 3975; x_wconf 72' lang='grc' dir='ltr'>προσέφερεν</span> <span class='ocrx_word' id='word_1_454' title='bbox 1755 3901 1939 3956; x_wconf 73' lang='grc' dir='ltr'>ἑαυτὸν</span> 
     </span>
    </p>
   </div>
   <div class='ocr_carea' id='block_1_77' title="bbox 302 3985 1938 4064">
    <p class='ocr_par' dir='ltr' id='par_1_77' title="bbox 302 3985 1938 4064">
     <span class='ocr_line' id='line_1_78' title="bbox 302 3985 1938 4064; baseline 0.004 -27"><span class='ocrx_word' id='word_1_455' title='bbox 302 3987 375 4054; x_wconf 81' lang='grc' dir='ltr'>τῷ</span> <span class='ocrx_word' id='word_1_456' title='bbox 405 3990 520 4058; x_wconf 86' lang='grc' dir='ltr'>Θεῷ</span> <span class='ocrx_word' id='word_1_457' title='bbox 551 3991 697 4058; x_wconf 71' lang='grc' dir='ltr'><strong>θῦμα</strong></span> <span class='ocrx_word' id='word_1_458' title='bbox 725 3988 1040 4061; x_wconf 76' lang='grc' dir='ltr'>ἱερώτατον,</span> <span class='ocrx_word' id='word_1_459' title='bbox 1072 3987 1122 4042; x_wconf 79' lang='grc' dir='ltr'><strong>έν</strong></span> <span class='ocrx_word' id='word_1_460' title='bbox 1149 3994 1228 4061; x_wconf 80' lang='grc' dir='ltr'>τῷ</span> <span class='ocrx_word' id='word_1_461' title='bbox 1280 3990 1481 4062; x_wconf 79' lang='grc' dir='ltr'>Σιναίῳ</span> <span class='ocrx_word' id='word_1_462' title='bbox 1510 3985 1623 4064; x_wconf 76' lang='grc' dir='ltr'>ὄρει</span> <span class='ocrx_word' id='word_1_463' title='bbox 1676 3991 1938 4059; x_wconf 86' lang='grc' dir='ltr'>ἀνελθὼν,</span> 
     </span>
    </p>
   </div>
   <div class='ocr_carea' id='block_1_78' title="bbox 303 4074 1942 4154">
    <p class='ocr_par' dir='ltr' id='par_1_78' title="bbox 303 4074 1942 4154">
     <span class='ocr_line' id='line_1_79' title="bbox 303 4074 1942 4154; baseline 0.005 -27"><span class='ocrx_word' id='word_1_464' title='bbox 303 4075 388 4128; x_wconf 83' lang='grc' dir='ltr'><strong>καὶ</strong></span> <span class='ocrx_word' id='word_1_465' title='bbox 417 4077 553 4147; x_wconf 77' lang='grc' dir='ltr'>μετὰ</span> <span class='ocrx_word' id='word_1_466' title='bbox 585 4074 714 4132; x_wconf 76' lang='grc' dir='ltr'>δέκα</span> <span class='ocrx_word' id='word_1_467' title='bbox 743 4077 893 4133; x_wconf 85' lang='grc' dir='ltr'>ἐννέα</span> <span class='ocrx_word' id='word_1_468' title='bbox 925 4080 1160 4154; x_wconf 81' lang='grc' dir='ltr'>χρόνους</span> <span class='ocrx_word' id='word_1_469' title='bbox 1190 4078 1442 4150; x_wconf 75' lang='grc' dir='ltr'>ἐξέδωκεν</span> <span class='ocrx_word' id='word_1_470' title='bbox 1476 4081 1660 4135; x_wconf 73' lang='grc' dir='ltr'>ἑαυτὸν</span> <span class='ocrx_word' id='word_1_471' title='bbox 1719 4079 1774 4136; x_wconf 79' lang='grc' dir='ltr'><strong>έν</strong></span> <span class='ocrx_word' id='word_1_472' title='bbox 1806 4084 1942 4151; x_wconf 79' lang='grc' dir='ltr'>ἡσυ-</span> 
     </span>
    </p>
   </div>
   <div class='ocr_carea' id='block_1_79' title="bbox 305 4162 1938 4244">
    <p class='ocr_par' dir='ltr' id='par_1_79' title="bbox 305 4162 1938 4244">
     <span class='ocr_line' id='line_1_80' title="bbox 305 4162 1938 4244; baseline 0.006 -29"><span class='ocrx_word' id='word_1_473' title='bbox 305 4162 398 4236; x_wconf 75' lang='grc' dir='ltr'><strong>χίᾳ</strong></span> <span class='ocrx_word' id='word_1_474' title='bbox 425 4163 529 4220; x_wconf 79' lang='grc' dir='ltr'><strong>ἀπὸ</strong></span> <span class='ocrx_word' id='word_1_475' title='bbox 560 4165 801 4237; x_wconf 80' lang='grc' dir='ltr'>σημείων</span> <span class='ocrx_word' id='word_1_476' title='bbox 835 4167 987 4222; x_wconf 86' lang='grc' dir='ltr'>πέντε</span> <span class='ocrx_word' id='word_1_477' title='bbox 1014 4171 1112 4222; x_wconf 78' lang='grc' dir='ltr'>τοῦ</span> <span class='ocrx_word' id='word_1_478' title='bbox 1170 4173 1446 4243; x_wconf 79' lang='grc' dir='ltr'>Κυριακοῦ</span> <span class='ocrx_word' id='word_1_479' title='bbox 1494 4169 1859 4244; x_wconf 70' lang='grc' dir='ltr'>μοναστηρίοὺ</span> <span class='ocrx_word' id='word_1_480' title='bbox 1885 4169 1938 4224; x_wconf 82' lang='grc' dir='ltr'><strong>ἐν</strong></span> 
     </span>
    </p>
   </div>
   <div class='ocr_carea' id='block_1_80' title="bbox 305 4252 1940 4330">
    <p class='ocr_par' dir='ltr' id='par_1_80' title="bbox 305 4252 1940 4330">
     <span class='ocr_line' id='line_1_81' title="bbox 305 4252 1940 4330; baseline 0.006 -26"><span class='ocrx_word' id='word_1_481' title='bbox 305 4252 448 4325; x_wconf 83' lang='grc' dir='ltr'>τόπῳ</span> <span class='ocrx_word' id='word_1_482' title='bbox 480 4253 643 4326; x_wconf 82' lang='grc' dir='ltr'>Θολῷ</span> <span class='ocrx_word' id='word_1_483' title='bbox 686 4253 991 4329; x_wconf 60' lang='grc' dir='ltr'>λεγομένῳ</span> <span class='ocrx_word' id='word_1_484' title='bbox 1043 4260 1441 4330; x_wconf 77' lang='grc' dir='ltr'>τεσσαράκοντα</span> <span class='ocrx_word' id='word_1_485' title='bbox 1496 4255 1588 4326; x_wconf 80' lang='grc' dir='ltr'>ἔτη</span> <span class='ocrx_word' id='word_1_486' title='bbox 1639 4256 1940 4329; x_wconf 76' lang='grc' dir='ltr'>πληρώσας</span> 
     </span>
    </p>
   </div>
   <div class='ocr_carea' id='block_1_81' title="bbox 304 4339 1934 4415">
    <p class='ocr_par' dir='ltr' id='par_1_81' title="bbox 304 4339 1934 4415">
     <span class='ocr_line' id='line_1_82' title="bbox 304 4339 1934 4415; baseline 0.004 -20"><span class='ocrx_word' id='word_1_487' title='bbox 304 4339 353 4395; x_wconf 68' lang='grc' dir='ltr'>ἂν</span> <span class='ocrx_word' id='word_1_488' title='bbox 391 4346 467 4412; x_wconf 83' lang='grc' dir='ltr'>τῷ</span> <span class='ocrx_word' id='word_1_489' title='bbox 496 4344 651 4415; x_wconf 77' lang='grc' dir='ltr'>πόθῳ</span> <span class='ocrx_word' id='word_1_490' title='bbox 689 4349 786 4398; x_wconf 76' lang='grc' dir='ltr'>τοῦ</span> <span class='ocrx_word' id='word_1_491' title='bbox 846 4349 1000 4413; x_wconf 74' lang='grc' dir='ltr'>Θεοῦ,</span> <span class='ocrx_word' id='word_1_492' title='bbox 1060 4346 1357 4415; x_wconf 73' lang='grc' dir='ltr'>νηστεύων,</span> <span class='ocrx_word' id='word_1_493' title='bbox 1413 4346 1503 4400; x_wconf 85' lang='grc' dir='ltr'><strong>καὶ</strong></span> <span class='ocrx_word' id='word_1_494' title='bbox 1558 4343 1788 4415; x_wconf 84' lang='grc' dir='ltr'>κλαίων,</span> <span class='ocrx_word' id='word_1_495' title='bbox 1845 4349 1934 4402; x_wconf 87' lang='grc' dir='ltr'><strong>καὶ</strong></span> 
     </span>
    </p>
   </div>
   <div class='ocr_carea' id='block_1_82' title="bbox 303 4430 1939 4507">
    <p class='ocr_par' dir='ltr' id='par_1_82' title="bbox 303 4430 1939 4507">
     <span class='ocr_line' id='line_1_83' title="bbox 303 4430 1939 4507; baseline 0.004 -23"><span class='ocrx_word' id='word_1_496' title='bbox 303 4433 762 4506; x_wconf 74' lang='grc' dir='ltr'>προσευχόμενος·</span> <span class='ocrx_word' id='word_1_497' title='bbox 835 4432 1004 4488; x_wconf 77' lang='grc' dir='ltr'>ὕπνου</span> <span class='ocrx_word' id='word_1_498' title='bbox 1055 4431 1112 4489; x_wconf 69' lang='grc' dir='ltr'><strong>δὲ.</strong></span> <span class='ocrx_word' id='word_1_499' title='bbox 1174 4430 1600 4507; x_wconf 77' lang='grc' dir='ltr'>μετελάμϐανεν,</span> <span class='ocrx_word' id='word_1_500' title='bbox 1659 4435 1783 4490; x_wconf 80' lang='grc' dir='ltr'>ὅσον</span> <span class='ocrx_word' id='word_1_501' title='bbox 1840 4437 1939 4504; x_wconf 75' lang='grc' dir='ltr'>τήν</span> 
     </span>
    </p>
   </div>
   <div class='ocr_carea' id='block_1_83' title="bbox 302 4521 1938 4597">
    <p class='ocr_par' dir='ltr' id='par_1_83' title="bbox 302 4521 1938 4597">
     <span class='ocr_line' id='line_1_84' title="bbox 302 4521 1938 4597; baseline 0.005 -26"><span class='ocrx_word' id='word_1_502' title='bbox 302 4523 391 4572; x_wconf 70' lang='grc' dir='ltr'><strong>τοῦ</strong></span> <span class='ocrx_word' id='word_1_503' title='bbox 420 4524 517 4574; x_wconf 63' lang='lat' dir='ltr'><strong>vox}</strong></span> <span class='ocrx_word' id='word_1_504' title='bbox 549 4521 733 4575; x_wconf 82' lang='grc' dir='ltr'>οὐσίαν</span> <span class='ocrx_word' id='word_1_505' title='bbox 767 4525 833 4594; x_wconf 79' lang='grc' dir='ltr'>τῇ</span> <span class='ocrx_word' id='word_1_506' title='bbox 887 4522 1154 4597; x_wconf 75' lang='grc' dir='ltr'>ἀγρυπνίᾳ</span> <span class='ocrx_word' id='word_1_507' title='bbox 1207 4524 1283 4595; x_wconf 79' lang='grc' dir='ltr'>μὴ</span> <span class='ocrx_word' id='word_1_508' title='bbox 1337 4521 1701 4593; x_wconf 73' lang='grc' dir='ltr'>λυμήνασθαι.</span> <span class='ocrx_word' id='word_1_509' title='bbox 1753 4523 1938 4586; x_wconf 74' lang='grc' dir='ltr'>Οὕτως</span> 
     </span>
    </p>
   </div>
   <div class='ocr_carea' id='block_1_84' title="bbox 303 4610 2014 4710">
    <p class='ocr_par' dir='ltr' id='par_1_84' title="bbox 303 4610 2014 4710">
     <span class='ocr_line' id='line_1_85' title="bbox 303 4610 2014 4710; baseline 0.004 -50"><span class='ocrx_word' id='word_1_510' title='bbox 303 4611 478 4663; x_wconf 82' lang='grc' dir='ltr'>τοίνυν</span> <span class='ocrx_word' id='word_1_511' title='bbox 540 4615 712 4664; x_wconf 70' lang='grc' dir='ltr'>πᾶσαν</span> <span class='ocrx_word' id='word_1_512' title='bbox 771 4610 965 4686; x_wconf 72' lang='grc' dir='ltr'>ἀρετὴν</span> <span class='ocrx_word' id='word_1_513' title='bbox 1027 4610 1340 4684; x_wconf 68' lang='grc' dir='ltr'>ἑξασκήσας,</span> <span class='ocrx_word' id='word_1_514' title='bbox 1395 4611 1485 4666; x_wconf 85' lang='grc' dir='ltr'><strong>καὶ</strong></span> <span class='ocrx_word' id='word_1_515' title='bbox 1542 4610 1726 4674; x_wconf 86' lang='grc' dir='ltr'>καλῶς</span> <span class='ocrx_word' id='word_1_516' title='bbox 1785 4612 1941 4666; x_wconf 80' lang='grc' dir='ltr'>πολι·</span> <span class='ocrx_word' id='word_1_517' title='bbox 1970 4645 2014 4710; x_wconf 81' lang='lat' dir='ltr'><strong>D</strong></span> 
     </span>
    </p>
   </div>
   <div class='ocr_carea' id='block_1_85' title="bbox 299 4697 1940 4777">
    <p class='ocr_par' dir='ltr' id='par_1_85' title="bbox 299 4697 1940 4777">
     <span class='ocr_line' id='line_1_86' title="bbox 299 4697 1940 4777; baseline 0.003 -26"><span class='ocrx_word' id='word_1_518' title='bbox 299 4700 645 4771; x_wconf 75' lang='grc' dir='ltr'>τευαάμενος,</span> <span class='ocrx_word' id='word_1_519' title='bbox 678 4700 764 4754; x_wconf 84' lang='grc' dir='ltr'><strong>καὶ</strong></span> <span class='ocrx_word' id='word_1_520' title='bbox 800 4701 999 4762; x_wconf 85' lang='grc' dir='ltr'>πάντας</span> <span class='ocrx_word' id='word_1_521' title='bbox 1029 4699 1155 4762; x_wconf 70' lang='grc' dir='ltr'>τοὺς</span> <span class='ocrx_word' id='word_1_522' title='bbox 1187 4699 1237 4755; x_wconf 83' lang='grc' dir='ltr'>ἐν</span> <span class='ocrx_word' id='word_1_523' title='bbox 1275 4699 1462 4773; x_wconf 81' lang='grc' dir='ltr'>ἐκείνῳ</span> <span class='ocrx_word' id='word_1_524' title='bbox 1506 4705 1585 4771; x_wconf 77' lang='grc' dir='ltr'>τῷ</span> <span class='ocrx_word' id='word_1_525' title='bbox 1628 4697 1740 4776; x_wconf 81' lang='grc' dir='ltr'>ὅρει</span> <span class='ocrx_word' id='word_1_526' title='bbox 1791 4701 1940 4777; x_wconf 85' lang='grc' dir='ltr'>ἀγω-</span> 
     </span>
    </p>
   </div>
   <div class='ocr_carea' id='block_1_86' title="bbox 295 4786 1938 4867">
    <p class='ocr_par' dir='ltr' id='par_1_86' title="bbox 295 4786 1938 4867">
     <span class='ocr_line' id='line_1_87' title="bbox 295 4786 1938 4867; baseline 0.004 -27"><span class='ocrx_word' id='word_1_527' title='bbox 295 4789 606 4861; x_wconf 83' lang='grc' dir='ltr'>νιζομένους</span> <span class='ocrx_word' id='word_1_528' title='bbox 637 4786 726 4843; x_wconf 76' lang='grc' dir='ltr'><strong>διὰ</strong></span> <span class='ocrx_word' id='word_1_529' title='bbox 752 4789 843 4844; x_wconf 87' lang='grc' dir='ltr'>τὸν</span> <span class='ocrx_word' id='word_1_530' title='bbox 892 4789 1026 4845; x_wconf 77' lang='grc' dir='ltr'>Θοὸν</span> <span class='ocrx_word' id='word_1_531' title='bbox 1083 4791 1358 4867; x_wconf 82' lang='grc' dir='ltr'>μοναχοὺς</span> <span class='ocrx_word' id='word_1_532' title='bbox 1415 4793 1639 4862; x_wconf 74' lang='grc' dir='ltr'>νικήσας</span> <span class='ocrx_word' id='word_1_533' title='bbox 1687 4792 1761 4854; x_wconf 79' lang='grc' dir='ltr'>εἷς</span> <span class='ocrx_word' id='word_1_534' title='bbox 1823 4793 1938 4866; x_wconf 83' lang='grc' dir='ltr'>ἀρε·</span> 
     </span>
    </p>
   </div>
   <div class='ocr_carea' id='block_1_87' title="bbox 290 4879 1938 4957">
    <p class='ocr_par' dir='ltr' id='par_1_87' title="bbox 290 4879 1938 4957">
     <span class='ocr_line' id='line_1_88' title="bbox 290 4879 1938 4957; baseline 0.003 -26"><span class='ocrx_word' id='word_1_535' title='bbox 290 4880 408 4948; x_wconf 77' lang='grc' dir='ltr'>τὴν,</span> <span class='ocrx_word' id='word_1_536' title='bbox 465 4883 556 4933; x_wconf 78' lang='grc' dir='ltr'><strong>καὶ</strong></span> <span class='ocrx_word' id='word_1_537' title='bbox 618 4879 884 4955; x_wconf 82' lang='grc' dir='ltr'>μεγίστων</span> <span class='ocrx_word' id='word_1_538' title='bbox 938 4885 1157 4955; x_wconf 68' lang='grc' dir='ltr'>δωρεῶν</span> <span class='ocrx_word' id='word_1_539' title='bbox 1213 4880 1305 4936; x_wconf 80' lang='grc' dir='ltr'><strong>καὶ</strong></span> <span class='ocrx_word' id='word_1_540' title='bbox 1363 4885 1607 4957; x_wconf 79' lang='grc' dir='ltr'>θεωριῶν</span> <span class='ocrx_word' id='word_1_541' title='bbox 1690 4881 1938 4953; x_wconf 77' lang='grc' dir='ltr'>ἀξιωθεὶς</span> 
     </span>
    </p>
   </div>
   <div class='ocr_carea' id='block_1_88' title="bbox 289 4967 1943 5048">
    <p class='ocr_par' dir='ltr' id='par_1_88' title="bbox 289 4967 1943 5048">
     <span class='ocr_line' id='line_1_89' title="bbox 289 4967 1943 5048; baseline 0.003 -27"><span class='ocrx_word' id='word_1_542' title='bbox 289 4968 430 5037; x_wconf 74' lang='grc' dir='ltr'>παρά</span> <span class='ocrx_word' id='word_1_543' title='bbox 456 4972 553 5022; x_wconf 75' lang='grc' dir='ltr'>τοῦ</span> <span class='ocrx_word' id='word_1_544' title='bbox 574 4971 730 5031; x_wconf 80' lang='grc' dir='ltr'>Θεοῦ,</span> <span class='ocrx_word' id='word_1_545' title='bbox 763 4967 1008 5032; x_wconf 71' lang='grc' dir='ltr'>πολλούς</span> <span class='ocrx_word' id='word_1_546' title='bbox 1055 4990 1115 5024; x_wconf 86' lang='grc' dir='ltr'><strong>τε</strong></span> <span class='ocrx_word' id='word_1_547' title='bbox 1169 4967 1370 5045; x_wconf 88' lang='grc' dir='ltr'>λόγους</span> <span class='ocrx_word' id='word_1_548' title='bbox 1413 4969 1765 5047; x_wconf 78' lang='grc' dir='ltr'>ψυχωφελεῖς</span> <span class='ocrx_word' id='word_1_549' title='bbox 1820 4993 1943 5048; x_wconf 85' lang='grc' dir='ltr'>συγ-</span> 
     </span>
    </p>
   </div>
   <div class='ocr_carea' id='block_1_89' title="bbox 283 5053 1937 5132">
    <p class='ocr_par' dir='ltr' id='par_1_89' title="bbox 283 5053 1937 5132">
     <span class='ocr_line' id='line_1_90' title="bbox 283 5053 1937 5132; baseline 0.002 -22"><span class='ocrx_word' id='word_1_550' title='bbox 283 5058 511 5131; x_wconf 68' lang='grc' dir='ltr'>γράψας,</span> <span class='ocrx_word' id='word_1_551' title='bbox 570 5059 659 5112; x_wconf 77' lang='grc' dir='ltr'><strong>καὶ</strong></span> <span class='ocrx_word' id='word_1_552' title='bbox 724 5053 920 5132; x_wconf 73' lang='grc' dir='ltr'>βίϐλου</span> <span class='ocrx_word' id='word_1_553' title='bbox 969 5059 1201 5126; x_wconf 76' lang='grc' dir='ltr'>συνθεὶς,</span> <span class='ocrx_word' id='word_1_554' title='bbox 1283 5061 1382 5129; x_wconf 73' lang='grc' dir='ltr'>τὴν</span> <span class='ocrx_word' id='word_1_555' title='bbox 1471 5060 1937 5132; x_wconf 87' lang='grc' dir='ltr'>ὑπονομασθεῖσαν</span> 
     </span>
    </p>
   </div>
   <div class='ocr_carea' id='block_1_90' title="bbox 289 5143 1937 5225">
    <p class='ocr_par' dir='ltr' id='par_1_90' title="bbox 289 5143 1937 5225">
     <span class='ocr_line' id='line_1_91' title="bbox 289 5143 1937 5225; baseline 0.001 -24"><span class='ocrx_word' id='word_1_556' title='bbox 289 5146 560 5218; x_wconf 74' lang='grc' dir='ltr'>Κλίμακα,</span> <span class='ocrx_word' id='word_1_557' title='bbox 622 5143 712 5200; x_wconf 76' lang='grc' dir='ltr'>διὰ</span> <span class='ocrx_word' id='word_1_558' title='bbox 762 5147 898 5202; x_wconf 72' lang='grc' dir='ltr'>κατὰ</span> <span class='ocrx_word' id='word_1_559' title='bbox 945 5147 1092 5218; x_wconf 72' lang='grc' dir='ltr'>τάξιν</span> <span class='ocrx_word' id='word_1_560' title='bbox 1175 5151 1283 5203; x_wconf 88' lang='grc' dir='ltr'><strong>τῶν</strong></span> <span class='ocrx_word' id='word_1_561' title='bbox 1369 5149 1571 5225; x_wconf 82' lang='grc' dir='ltr'>ἀρετῶν</span> <span class='ocrx_word' id='word_1_562' title='bbox 1657 5143 1937 5220; x_wconf 78' lang='grc' dir='ltr'>ἀνάϐασιν,</span> 
     </span>
    </p>
   </div>
   <div class='ocr_carea' id='block_1_91' title="bbox 291 5235 661 5305">
    <p class='ocr_par' dir='ltr' id='par_1_91' title="bbox 291 5235 661 5305">
     <span class='ocr_line' id='line_1_92' title="bbox 291 5235 661 5305; baseline 0.005 -15"><span class='ocrx_word' id='word_1_563' title='bbox 291 5235 661 5305; x_wconf 69' lang='grc' dir='ltr'>ἕτελεὺτησεν.</span> 
     </span>
    </p>
   </div>
   <div class='ocr_carea' id='block_1_92' title="bbox 344 5462 1858 5540">
    <p class='ocr_par' dir='ltr' id='par_1_92' title="bbox 344 5462 1858 5540">
     <span class='ocr_line' id='line_1_93' title="bbox 344 5462 1858 5540; baseline 0.003 -21"><span class='ocrx_word' id='word_1_564' title='bbox 344 5465 446 5522; x_wconf 83' lang='grc' dir='ltr'>Καὶ</span> <span class='ocrx_word' id='word_1_565' title='bbox 479 5463 710 5534; x_wconf 75' lang='grc' dir='ltr'>ἄθλησις</span> <span class='ocrx_word' id='word_1_566' title='bbox 737 5466 846 5518; x_wconf 87' lang='grc' dir='ltr'><strong>τῶν</strong></span> <span class='ocrx_word' id='word_1_567' title='bbox 877 5462 1047 5539; x_wconf 75' lang='grc' dir='ltr'>ἁγίων</span> <span class='ocrx_word' id='word_1_568' title='bbox 1075 5463 1363 5539; x_wconf 85' lang='grc' dir='ltr'>τριάκοντα</span> <span class='ocrx_word' id='word_1_569' title='bbox 1393 5465 1858 5540; x_wconf 74' lang='grc' dir='ltr'>ὀκτὼμαρτὺρων.</span> 
     </span>
    </p>
   </div>
   <div class='ocr_carea' id='block_1_93' title="bbox 342 5605 1921 5682">
    <p class='ocr_par' dir='ltr' id='par_1_93' title="bbox 342 5605 1921 5682">
     <span class='ocr_line' id='line_1_94' title="bbox 342 5605 1921 5682; baseline 0 -19"><span class='ocrx_word' id='word_1_570' title='bbox 342 5606 460 5663; x_wconf 77' lang='grc' dir='ltr'><strong>Ἐπὶ</strong></span> <span class='ocrx_word' id='word_1_571' title='bbox 510 5607 614 5676; x_wconf 76' lang='grc' dir='ltr'>τῆς</span> <span class='ocrx_word' id='word_1_572' title='bbox 702 5605 980 5680; x_wconf 82' lang='grc' dir='ltr'>βασιλείας</span> <span class='ocrx_word' id='word_1_573' title='bbox 1039 5609 1136 5661; x_wconf 74' lang='grc' dir='ltr'><strong>τοῦ</strong></span> <span class='ocrx_word' id='word_1_574' title='bbox 1229 5605 1553 5682; x_wconf 81' lang='grc' dir='ltr'>παρανόμου</span> <span class='ocrx_word' id='word_1_575' title='bbox 1613 5607 1921 5665; x_wconf 84' lang='grc' dir='ltr'>Ἰουλιανοῦ</span> 
     </span>
    </p>
   </div>
   <div class='ocr_carea' id='block_1_94' title="bbox 247 5693 1924 5780">
    <p class='ocr_par' dir='ltr' id='par_1_94' title="bbox 247 5693 1924 5780">
     <span class='ocr_line' id='line_1_95' title="bbox 247 5693 1924 5780; baseline -0.001 -28"><span class='ocrx_word' id='word_1_576' title='bbox 247 5693 594 5780; x_wconf 59' lang='grc' dir='ltr'>ἐστράτευον</span> <span class='ocrx_word' id='word_1_577' title='bbox 654 5695 808 5752; x_wconf 71' lang='grc' dir='ltr'>οὗτοι</span> <span class='ocrx_word' id='word_1_578' title='bbox 886 5696 939 5773; x_wconf 70' lang='grc' dir='ltr'>οἳ</span> <span class='ocrx_word' id='word_1_579' title='bbox 1019 5694 1165 5777; x_wconf 64' lang='grc' dir='ltr'>θγιθι</span> <span class='ocrx_word' id='word_1_580' title='bbox 1251 5696 1534 5774; x_wconf 67' lang='grc' dir='ltr'>τριάκοντα</span> <span class='ocrx_word' id='word_1_581' title='bbox 1610 5697 1697 5753; x_wconf 72' lang='grc' dir='ltr'><strong>καὶ</strong></span> 
     </span>
    </p>
   </div>
   <div class='ocr_carea' id='block_1_95' title="bbox 2057 3609 3709 3670">
    <p class='ocr_par' dir='ltr' id='par_1_95' title="bbox 2057 3609 3709 3670">
     <span class='ocr_line' id='line_1_96' title="bbox 2057 3609 3709 3670; baseline -0.002 -2"><span class='ocrx_word' id='word_1_582' title='bbox 2057 3613 2153 3670; x_wconf 73' lang='lat'><strong>86</strong></span> <span class='ocrx_word' id='word_1_583' title='bbox 2183 3613 2253 3667; x_wconf 89' lang='lat' dir='ltr'><strong>Et</strong></span> <span class='ocrx_word' id='word_1_584' title='bbox 2293 3610 2728 3666; x_wconf 79' lang='lat' dir='ltr'><strong>commemoratio</strong></span> <span class='ocrx_word' id='word_1_585' title='bbox 2774 3610 2954 3663; x_wconf 84' lang='lat' dir='ltr'><strong>sancti</strong></span> <span class='ocrx_word' id='word_1_586' title='bbox 3013 3609 3192 3664; x_wconf 82' lang='lat' dir='ltr'><strong>Patris</strong></span> <span class='ocrx_word' id='word_1_587' title='bbox 3249 3611 3425 3666; x_wconf 78' lang='lat' dir='ltr'><strong>nostri</strong></span> <span class='ocrx_word' id='word_1_588' title='bbox 3478 3610 3709 3665; x_wconf 77' lang='lat' dir='ltr'><strong>Joannis</strong></span> 
     </span>
    </p>
   </div>
   <div class='ocr_carea' id='block_1_96' title="bbox 2755 3677 3000 3734">
    <p class='ocr_par' dir='ltr' id='par_1_96' title="bbox 2755 3677 3000 3734">
     <span class='ocr_line' id='line_1_97' title="bbox 2755 3677 3000 3734; baseline -0.008 -1"><span class='ocrx_word' id='word_1_589' title='bbox 2755 3677 3000 3734; x_wconf 80' lang='lat' dir='ltr'><strong>Climaci.</strong></span> 
     </span>
    </p>
   </div>
   <div class='ocr_carea' id='block_1_97' title="bbox 2126 3796 3701 3854">
    <p class='ocr_par' dir='ltr' id='par_1_97' title="bbox 2126 3796 3701 3854">
     <span class='ocr_line' id='line_1_98' title="bbox 2126 3796 3701 3854; baseline -0.001 0"><span class='ocrx_word' id='word_1_590' title='bbox 2126 3799 2379 3854; x_wconf 87' lang='lat' dir='ltr'><strong>Sanctus</strong></span> <span class='ocrx_word' id='word_1_591' title='bbox 2419 3796 2590 3852; x_wconf 87' lang='lat' dir='ltr'><strong>Pater</strong></span> <span class='ocrx_word' id='word_1_592' title='bbox 2644 3801 2848 3852; x_wconf 88' lang='lat' dir='ltr'><strong>noster</strong></span> <span class='ocrx_word' id='word_1_593' title='bbox 2903 3797 3158 3852; x_wconf 83' lang='lat' dir='ltr'><strong>Joannes</strong></span> <span class='ocrx_word' id='word_1_594' title='bbox 3211 3796 3506 3853; x_wconf 88' lang='lat' dir='ltr'><strong>Climacus</strong></span> <span class='ocrx_word' id='word_1_595' title='bbox 3565 3814 3701 3853; x_wconf 91' lang='lat' dir='ltr'><strong>cum</strong></span> 
     </span>
    </p>
   </div>
   <div class='ocr_carea' id='block_1_98' title="bbox 2055 3886 3704 3958">
    <p class='ocr_par' dir='ltr' id='par_1_98' title="bbox 2055 3886 3704 3958">
     <span class='ocr_line' id='line_1_99' title="bbox 2055 3886 3704 3958; baseline -0.001 -15"><span class='ocrx_word' id='word_1_596' title='bbox 2055 3895 2286 3943; x_wconf 88' lang='lat' dir='ltr'><strong>sextum</strong></span> <span class='ocrx_word' id='word_1_597' title='bbox 2311 3887 2607 3942; x_wconf 90' lang='lat' dir='ltr'><strong>decimum</strong></span> <span class='ocrx_word' id='word_1_598' title='bbox 2630 3901 2854 3940; x_wconf 90' lang='lat' dir='ltr'><strong>annum</strong></span> <span class='ocrx_word' id='word_1_599' title='bbox 2881 3891 3100 3958; x_wconf 85' lang='lat' dir='ltr'><strong>ageret,</strong></span> <span class='ocrx_word' id='word_1_600' title='bbox 3132 3886 3401 3942; x_wconf 89' lang='lat' dir='ltr'><strong>ascendit</strong></span> <span class='ocrx_word' id='word_1_601' title='bbox 3428 3889 3490 3941; x_wconf 90' lang='lat' dir='ltr'><strong>in</strong></span> <span class='ocrx_word' id='word_1_602' title='bbox 3533 3903 3704 3942; x_wconf 82' lang='lat' dir='ltr'><strong>mon-</strong></span> 
     </span>
    </p>
   </div>
   <div class='ocr_carea' id='block_1_99' title="bbox 2051 3975 3701 4045">
    <p class='ocr_par' dir='ltr' id='par_1_99' title="bbox 2051 3975 3701 4045">
     <span class='ocr_line' id='line_1_100' title="bbox 2051 3975 3701 4045; baseline 0 -15"><span class='ocrx_word' id='word_1_603' title='bbox 2051 3981 2170 4030; x_wconf 89' lang='lat' dir='ltr'><strong>tem</strong></span> <span class='ocrx_word' id='word_1_604' title='bbox 2196 3976 2422 4042; x_wconf 88' lang='lat' dir='ltr'><strong>Sina,et</strong></span> <span class='ocrx_word' id='word_1_605' title='bbox 2445 3975 2708 4045; x_wconf 90' lang='lat' dir='ltr'><strong>seipsum</strong></span> <span class='ocrx_word' id='word_1_606' title='bbox 2737 3975 2849 4028; x_wconf 92' lang='lat' dir='ltr'><strong>Deo</strong></span> <span class='ocrx_word' id='word_1_607' title='bbox 2875 3975 3320 4030; x_wconf 86' lang='lat' dir='ltr'><strong>sanctissimum</strong></span> <span class='ocrx_word' id='word_1_608' title='bbox 3342 3975 3701 4031; x_wconf 82' lang='lat' dir='ltr'><strong>sacriﬁcium</strong></span> 
     </span>
    </p>
   </div>
   <div class='ocr_carea' id='block_1_100' title="bbox 2051 4062 3702 4136">
    <p class='ocr_par' dir='ltr' id='par_1_100' title="bbox 2051 4062 3702 4136">
     <span class='ocr_line' id='line_1_101' title="bbox 2051 4062 3702 4136; baseline -0.002 -16"><span class='ocrx_word' id='word_1_609' title='bbox 2051 4064 2268 4120; x_wconf 88' lang='lat' dir='ltr'><strong>obtulit</strong></span> <span class='ocrx_word' id='word_1_610' title='bbox 2292 4081 2305 4118; x_wconf 93' lang='lat'><strong>:</strong></span> <span class='ocrx_word' id='word_1_611' title='bbox 2339 4069 2397 4119; x_wconf 91' lang='lat' dir='ltr'><strong>et</strong></span> <span class='ocrx_word' id='word_1_612' title='bbox 2427 4069 2558 4136; x_wconf 91' lang='lat' dir='ltr'><strong>post</strong></span> <span class='ocrx_word' id='word_1_613' title='bbox 2581 4062 2879 4118; x_wconf 88' lang='lat' dir='ltr'><strong>decimum</strong></span> <span class='ocrx_word' id='word_1_614' title='bbox 2899 4079 3123 4118; x_wconf 89' lang='lat' dir='ltr'><strong>nonum</strong></span> <span class='ocrx_word' id='word_1_615' title='bbox 3147 4080 3370 4119; x_wconf 90' lang='lat' dir='ltr'><strong>annum</strong></span> <span class='ocrx_word' id='word_1_616' title='bbox 3394 4064 3702 4120; x_wconf 89' lang='lat' dir='ltr'><strong>solitudini</strong></span> 
     </span>
    </p>
   </div>
   <div class='ocr_carea' id='block_1_101' title="bbox 2051 4153 3700 4224">
    <p class='ocr_par' dir='ltr' id='par_1_101' title="bbox 2051 4153 3700 4224">
     <span class='ocr_line' id='line_1_102' title="bbox 2051 4153 3700 4224; baseline -0.001 -15"><span class='ocrx_word' id='word_1_617' title='bbox 2051 4170 2114 4209; x_wconf 87' lang='lat' dir='ltr'><strong>se</strong></span> <span class='ocrx_word' id='word_1_618' title='bbox 2145 4153 2408 4222; x_wconf 89' lang='lat' dir='ltr'><strong>tradidit,</strong></span> <span class='ocrx_word' id='word_1_619' title='bbox 2443 4154 2652 4224; x_wconf 90' lang='lat' dir='ltr'><strong>quinto</strong></span> <span class='ocrx_word' id='word_1_620' title='bbox 2685 4153 2880 4224; x_wconf 91' lang='lat' dir='ltr'><strong>lapide</strong></span> <span class='ocrx_word' id='word_1_621' title='bbox 2905 4169 2937 4207; x_wconf 90' lang='lat' dir='ltr'><strong>a</strong></span> <span class='ocrx_word' id='word_1_622' title='bbox 2964 4153 3213 4208; x_wconf 89' lang='lat' dir='ltr'><strong>basilica</strong></span> <span class='ocrx_word' id='word_1_623' title='bbox 3236 4154 3606 4221; x_wconf 89' lang='lat' dir='ltr'><strong>monasterii,</strong></span> <span class='ocrx_word' id='word_1_624' title='bbox 3640 4155 3700 4208; x_wconf 90' lang='lat' dir='ltr'><strong>in</strong></span> 
     </span>
    </p>
   </div>
   <div class='ocr_carea' id='block_1_102' title="bbox 2048 4233 3696 4315">
    <p class='ocr_par' dir='ltr' id='par_1_102' title="bbox 2048 4233 3696 4315">
     <span class='ocr_line' id='line_1_103' title="bbox 2048 4233 3696 4315; baseline 0 -19"><span class='ocrx_word' id='word_1_625' title='bbox 2048 4242 2198 4310; x_wconf 91' lang='lat' dir='ltr'><strong>loco,</strong></span> <span class='ocrx_word' id='word_1_626' title='bbox 2234 4243 2328 4297; x_wconf 88' lang='lat' dir='ltr'><strong>cui</strong></span> <span class='ocrx_word' id='word_1_627' title='bbox 2359 4241 2570 4298; x_wconf 88' lang='lat' dir='ltr'><strong>Tholas</strong></span> <span class='ocrx_word' id='word_1_628' title='bbox 2620 4257 2841 4296; x_wconf 89' lang='lat' dir='ltr'><strong>nomen</strong></span> <span class='ocrx_word' id='word_1_629' title='bbox 2885 4241 3015 4296; x_wconf 84' lang='lat' dir='ltr'><strong>fuit.</strong></span> <span class='ocrx_word' id='word_1_630' title='bbox 3066 4233 3464 4315; x_wconf 79' lang='lat' dir='ltr'><strong>Quadraginta</strong></span> <span class='ocrx_word' id='word_1_631' title='bbox 3510 4259 3696 4298; x_wconf 87' lang='lat' dir='ltr'><strong>annos</strong></span> 
     </span>
    </p>
   </div>
   <div class='ocr_carea' id='block_1_103' title="bbox 2050 4330 3695 4404">
    <p class='ocr_par' dir='ltr' id='par_1_103' title="bbox 2050 4330 3695 4404">
     <span class='ocr_line' id='line_1_104' title="bbox 2050 4330 3695 4404; baseline -0.001 -17"><span class='ocrx_word' id='word_1_632' title='bbox 2050 4332 2243 4404; x_wconf 80' lang='lat' dir='ltr'><strong>exegit</strong></span> <span class='ocrx_word' id='word_1_633' title='bbox 2307 4331 2368 4386; x_wconf 92' lang='lat' dir='ltr'><strong>in</strong></span> <span class='ocrx_word' id='word_1_634' title='bbox 2427 4346 2626 4386; x_wconf 85' lang='lat' dir='ltr'><strong>amore</strong></span> <span class='ocrx_word' id='word_1_635' title='bbox 2704 4330 3118 4402; x_wconf 88' lang='lat' dir='ltr'><strong>desiderioque</strong></span> <span class='ocrx_word' id='word_1_636' title='bbox 3201 4333 3493 4388; x_wconf 90' lang='lat' dir='ltr'><strong>serviendi</strong></span> <span class='ocrx_word' id='word_1_637' title='bbox 3579 4333 3695 4386; x_wconf 91' lang='lat' dir='ltr'><strong>Deo</strong></span> 
     </span>
    </p>
   </div>
   <div class='ocr_carea' id='block_1_104' title="bbox 2040 4420 3693 4492">
    <p class='ocr_par' dir='ltr' id='par_1_104' title="bbox 2040 4420 3693 4492">
     <span class='ocr_line' id='line_1_105' title="bbox 2040 4420 3693 4492; baseline -0.001 -16"><span class='ocrx_word' id='word_1_638' title='bbox 2040 4421 2313 4492; x_wconf 79' lang='lat' dir='ltr'><strong>jejuuiis,</strong></span> <span class='ocrx_word' id='word_1_639' title='bbox 2348 4420 2587 4476; x_wconf 87' lang='lat' dir='ltr'><strong>ﬂetibus</strong></span> <span class='ocrx_word' id='word_1_640' title='bbox 2617 4425 2676 4475; x_wconf 88' lang='lat' dir='ltr'><strong>et</strong></span> <span class='ocrx_word' id='word_1_641' title='bbox 2705 4421 3074 4475; x_wconf 88' lang='lat' dir='ltr'><strong>orationibus</strong></span> <span class='ocrx_word' id='word_1_642' title='bbox 3126 4420 3434 4488; x_wconf 88' lang='lat' dir='ltr'><strong>addictus;</strong></span> <span class='ocrx_word' id='word_1_643' title='bbox 3487 4437 3693 4475; x_wconf 91' lang='lat' dir='ltr'><strong>somno</strong></span> 
     </span>
    </p>
   </div>
   <div class='ocr_carea' id='block_1_105' title="bbox 2046 4509 3696 4582">
    <p class='ocr_par' dir='ltr' id='par_1_105' title="bbox 2046 4509 3696 4582">
     <span class='ocr_line' id='line_1_106' title="bbox 2046 4509 3696 4582; baseline -0.001 -17"><span class='ocrx_word' id='word_1_644' title='bbox 2046 4527 2183 4566; x_wconf 86' lang='lat' dir='ltr'><strong>vero</strong></span> <span class='ocrx_word' id='word_1_645' title='bbox 2218 4516 2444 4567; x_wconf 88' lang='lat' dir='ltr'><strong>tantum</strong></span> <span class='ocrx_word' id='word_1_646' title='bbox 2464 4510 2735 4576; x_wconf 89' lang='lat' dir='ltr'><strong>indulsit,</strong></span> <span class='ocrx_word' id='word_1_647' title='bbox 2759 4527 2830 4564; x_wconf 90' lang='lat' dir='ltr'><strong>ne</strong></span> <span class='ocrx_word' id='word_1_648' title='bbox 2857 4510 3158 4582; x_wconf 89' lang='lat' dir='ltr'><strong>pervigilio</strong></span> <span class='ocrx_word' id='word_1_649' title='bbox 3185 4509 3516 4564; x_wconf 87' lang='lat' dir='ltr'><strong>substantia</strong></span> <span class='ocrx_word' id='word_1_650' title='bbox 3531 4526 3696 4564; x_wconf 89' lang='lat' dir='ltr'><strong>men-</strong></span> 
     </span>
    </p>
   </div>
   <div class='ocr_carea' id='block_1_106' title="bbox 2051 4595 3696 4669">
    <p class='ocr_par' dir='ltr' id='par_1_106' title="bbox 2051 4595 3696 4669">
     <span class='ocr_line' id='line_1_107' title="bbox 2051 4595 3696 4669; baseline -0.002 -15"><span class='ocrx_word' id='word_1_651' title='bbox 2051 4600 2126 4654; x_wconf 89' lang='lat' dir='ltr'><strong>tis</strong></span> <span class='ocrx_word' id='word_1_652' title='bbox 2147 4603 2645 4669; x_wconf 90' lang='lat' dir='ltr'><strong>corrumperetur.</strong></span> <span class='ocrx_word' id='word_1_653' title='bbox 2676 4597 2841 4652; x_wconf 82' lang='lat' dir='ltr'><strong>Hunc</strong></span> <span class='ocrx_word' id='word_1_654' title='bbox 2863 4597 2925 4650; x_wconf 91' lang='lat' dir='ltr'><strong>in</strong></span> <span class='ocrx_word' id='word_1_655' title='bbox 2952 4595 3193 4651; x_wconf 90' lang='lat' dir='ltr'><strong>modum</strong></span> <span class='ocrx_word' id='word_1_656' title='bbox 3216 4613 3351 4651; x_wconf 91' lang='lat' dir='ltr'><strong>cum</strong></span> <span class='ocrx_word' id='word_1_657' title='bbox 3374 4597 3510 4651; x_wconf 89' lang='lat' dir='ltr'><strong>sein</strong></span> <span class='ocrx_word' id='word_1_658' title='bbox 3535 4597 3696 4650; x_wconf 90' lang='lat' dir='ltr'><strong>omni</strong></span> 
     </span>
    </p>
   </div>
   <div class='ocr_carea' id='block_1_107' title="bbox 2047 4685 3696 4758">
    <p class='ocr_par' dir='ltr' id='par_1_107' title="bbox 2047 4685 3696 4758">
     <span class='ocr_line' id='line_1_108' title="bbox 2047 4685 3696 4758; baseline -0.001 -19"><span class='ocrx_word' id='word_1_659' title='bbox 2047 4688 2330 4742; x_wconf 89' lang='lat' dir='ltr'><strong>virtutum</strong></span> <span class='ocrx_word' id='word_1_660' title='bbox 2359 4701 2574 4758; x_wconf 88' lang='lat' dir='ltr'><strong>genere</strong></span> <span class='ocrx_word' id='word_1_661' title='bbox 2607 4685 2988 4747; x_wconf 82' lang='lat' dir='ltr'><strong>exercuisset,</strong></span> <span class='ocrx_word' id='word_1_662' title='bbox 3031 4685 3324 4755; x_wconf 88' lang='lat' dir='ltr'><strong>vitamque</strong></span> <span class='ocrx_word' id='word_1_663' title='bbox 3375 4701 3542 4740; x_wconf 86' lang='lat' dir='ltr'><strong>suam</strong></span> <span class='ocrx_word' id='word_1_664' title='bbox 3589 4701 3696 4756; x_wconf 87' lang='lat' dir='ltr'><strong>op-</strong></span> 
     </span>
    </p>
   </div>
   <div class='ocr_carea' id='block_1_108' title="bbox 2047 4773 3694 4847">
    <p class='ocr_par' dir='ltr' id='par_1_108' title="bbox 2047 4773 3694 4847">
     <span class='ocr_line' id='line_1_109' title="bbox 2047 4773 3694 4847; baseline 0.001 -19"><span class='ocrx_word' id='word_1_665' title='bbox 2047 4775 2190 4830; x_wconf 87' lang='lat' dir='ltr'><strong>time</strong></span> <span class='ocrx_word' id='word_1_666' title='bbox 2251 4774 2628 4841; x_wconf 86' lang='lat' dir='ltr'><strong>traduxisset,</strong></span> <span class='ocrx_word' id='word_1_667' title='bbox 2686 4777 2743 4826; x_wconf 90' lang='lat' dir='ltr'><strong>et</strong></span> <span class='ocrx_word' id='word_1_668' title='bbox 2795 4789 3004 4827; x_wconf 90' lang='lat' dir='ltr'><strong>omnes</strong></span> <span class='ocrx_word' id='word_1_669' title='bbox 3072 4773 3416 4841; x_wconf 84' lang='lat' dir='ltr'><strong>monachos,</strong></span> <span class='ocrx_word' id='word_1_670' title='bbox 3474 4775 3577 4847; x_wconf 91' lang='lat' dir='ltr'><strong>qui</strong></span> <span class='ocrx_word' id='word_1_671' title='bbox 3633 4773 3694 4829; x_wconf 90' lang='lat' dir='ltr'><strong>in</strong></span> 
     </span>
    </p>
   </div>
   <div class='ocr_carea' id='block_1_109' title="bbox 2049 4861 3696 4936">
    <p class='ocr_par' dir='ltr' id='par_1_109' title="bbox 2049 4861 3696 4936">
     <span class='ocr_line' id='line_1_110' title="bbox 2049 4861 3696 4936; baseline -0.001 -16"><span class='ocrx_word' id='word_1_672' title='bbox 2049 4869 2248 4920; x_wconf 90' lang='lat' dir='ltr'><strong>monte</strong></span> <span class='ocrx_word' id='word_1_673' title='bbox 2279 4864 2382 4918; x_wconf 92' lang='lat' dir='ltr'><strong>illo</strong></span> <span class='ocrx_word' id='word_1_674' title='bbox 2414 4865 2531 4919; x_wconf 92' lang='lat' dir='ltr'><strong>Deo</strong></span> <span class='ocrx_word' id='word_1_675' title='bbox 2563 4861 2918 4928; x_wconf 82' lang='lat' dir='ltr'><strong>militabant,</strong></span> <span class='ocrx_word' id='word_1_676' title='bbox 2951 4862 3126 4936; x_wconf 86' lang='lat' dir='ltr'><strong>longe</strong></span> <span class='ocrx_word' id='word_1_677' title='bbox 3153 4863 3215 4918; x_wconf 91' lang='lat' dir='ltr'><strong>in</strong></span> <span class='ocrx_word' id='word_1_678' title='bbox 3247 4863 3461 4919; x_wconf 88' lang='lat' dir='ltr'><strong>virtute</strong></span> <span class='ocrx_word' id='word_1_679' title='bbox 3520 4881 3696 4936; x_wconf 85' lang='lat' dir='ltr'><strong>supe-</strong></span> 
     </span>
    </p>
   </div>
   <div class='ocr_carea' id='block_1_110' title="bbox 2045 4950 3693 5024">
    <p class='ocr_par' dir='ltr' id='par_1_110' title="bbox 2045 4950 3693 5024">
     <span class='ocr_line' id='line_1_111' title="bbox 2045 4950 3693 5024; baseline -0.001 -15"><span class='ocrx_word' id='word_1_680' title='bbox 2045 4959 2256 5016; x_wconf 87' lang='lat' dir='ltr'><strong>rasset,</strong></span> <span class='ocrx_word' id='word_1_681' title='bbox 2277 4952 2554 5009; x_wconf 88' lang='lat' dir='ltr'><strong>maximis</strong></span> <span class='ocrx_word' id='word_1_682' title='bbox 2576 4950 2838 5015; x_wconf 89' lang='lat' dir='ltr'><strong>donis,et</strong></span> <span class='ocrx_word' id='word_1_683' title='bbox 2857 4952 3462 5024; x_wconf 88' lang='lat' dir='ltr'><strong>contemplationibus</strong></span> <span class='ocrx_word' id='word_1_684' title='bbox 3492 4970 3693 5008; x_wconf 86' lang='lat' dir='ltr'><strong>rerum</strong></span> 
     </span>
    </p>
   </div>
   <div class='ocr_carea' id='block_1_111' title="bbox 2046 5039 3694 5099">
    <p class='ocr_par' dir='ltr' id='par_1_111' title="bbox 2046 5039 3694 5099">
     <span class='ocr_line' id='line_1_112' title="bbox 2046 5039 3694 5099; baseline 0.001 -2"><span class='ocrx_word' id='word_1_685' title='bbox 2046 5042 2375 5097; x_wconf 91' lang='lat' dir='ltr'><strong>divinarum</strong></span> <span class='ocrx_word' id='word_1_686' title='bbox 2408 5057 2444 5096; x_wconf 87' lang='lat' dir='ltr'><strong>a</strong></span> <span class='ocrx_word' id='word_1_687' title='bbox 2475 5042 2590 5096; x_wconf 90' lang='lat' dir='ltr'><strong>Deo</strong></span> <span class='ocrx_word' id='word_1_688' title='bbox 2621 5039 2953 5096; x_wconf 83' lang='lat' dir='ltr'><strong>illustratus</strong></span> <span class='ocrx_word' id='word_1_689' title='bbox 2985 5047 3091 5096; x_wconf 90' lang='lat' dir='ltr'><strong>est.</strong></span> <span class='ocrx_word' id='word_1_690' title='bbox 3123 5042 3336 5098; x_wconf 89' lang='lat' dir='ltr'><strong>Multos</strong></span> <span class='ocrx_word' id='word_1_691' title='bbox 3388 5059 3694 5099; x_wconf 87' lang='lat' dir='ltr'><strong>sermones</strong></span> 
     </span>
    </p>
   </div>
   <div class='ocr_carea' id='block_1_112' title="bbox 2044 5128 3694 5203">
    <p class='ocr_par' dir='ltr' id='par_1_112' title="bbox 2044 5128 3694 5203">
     <span class='ocr_line' id='line_1_113' title="bbox 2044 5128 3694 5203; baseline 0.002 -19"><span class='ocrx_word' id='word_1_692' title='bbox 2044 5130 2118 5184; x_wconf 86' lang='lat' dir='ltr'><strong>ad</strong></span> <span class='ocrx_word' id='word_1_693' title='bbox 2149 5130 2484 5186; x_wconf 86' lang='lat' dir='ltr'><strong>animarum</strong></span> <span class='ocrx_word' id='word_1_694' title='bbox 2540 5128 2860 5186; x_wconf 74' lang='lat' dir='ltr'><strong>utilitatem</strong></span> <span class='ocrx_word' id='word_1_695' title='bbox 2921 5131 3297 5203; x_wconf 83' lang='lat' dir='ltr'><strong>conscripsit,</strong></span> <span class='ocrx_word' id='word_1_696' title='bbox 3358 5137 3416 5186; x_wconf 88' lang='lat' dir='ltr'><strong>et</strong></span> <span class='ocrx_word' id='word_1_697' title='bbox 3472 5131 3694 5190; x_wconf 89' lang='lat' dir='ltr'><strong>librum</strong></span> 
     </span>
    </p>
   </div>
   <div class='ocr_carea' id='block_1_113' title="bbox 2044 5219 3694 5293">
    <p class='ocr_par' dir='ltr' id='par_1_113' title="bbox 2044 5219 3694 5293">
     <span class='ocr_line' id='line_1_114' title="bbox 2044 5219 3694 5293; baseline 0.001 -17"><span class='ocrx_word' id='word_1_698' title='bbox 2044 5219 2396 5291; x_wconf 89' lang='lat' dir='ltr'><strong>composuit.</strong></span> <span class='ocrx_word' id='word_1_699' title='bbox 2430 5219 2660 5276; x_wconf 88' lang='lat' dir='ltr'><strong>Scalam</strong></span> <span class='ocrx_word' id='word_1_700' title='bbox 2690 5220 3193 5289; x_wconf 82' lang='lat' dir='ltr'><strong>cognominatum,</strong></span> <span class='ocrx_word' id='word_1_701' title='bbox 3223 5222 3381 5293; x_wconf 88' lang='lat' dir='ltr'><strong>quod</strong></span> <span class='ocrx_word' id='word_1_702' title='bbox 3411 5222 3694 5279; x_wconf 87' lang='lat' dir='ltr'><strong>virtutum</strong></span> 
     </span>
    </p>
   </div>
   <div class='ocr_carea' id='block_1_114' title="bbox 2043 5307 3688 5376">
    <p class='ocr_par' dir='ltr' id='par_1_114' title="bbox 2043 5307 3688 5376">
     <span class='ocr_line' id='line_1_115' title="bbox 2043 5307 3688 5376; baseline 0.002 -12"><span class='ocrx_word' id='word_1_703' title='bbox 2043 5324 2355 5366; x_wconf 84' lang='lat' dir='ltr'><strong>ascensum</strong></span> <span class='ocrx_word' id='word_1_704' title='bbox 2378 5325 2449 5364; x_wconf 87' lang='lat' dir='ltr'><strong>ex</strong></span> <span class='ocrx_word' id='word_1_705' title='bbox 2473 5309 2679 5365; x_wconf 89' lang='lat' dir='ltr'><strong>ordine</strong></span> <span class='ocrx_word' id='word_1_706' title='bbox 2703 5307 2915 5376; x_wconf 87' lang='lat' dir='ltr'><strong>tradat,</strong></span> <span class='ocrx_word' id='word_1_707' title='bbox 2930 5326 2999 5366; x_wconf 91' lang='lat' dir='ltr'><strong>ac</strong></span> <span class='ocrx_word' id='word_1_708' title='bbox 3023 5311 3262 5367; x_wconf 88' lang='lat' dir='ltr'><strong>tandem</strong></span> <span class='ocrx_word' id='word_1_709' title='bbox 3282 5311 3458 5368; x_wconf 89' lang='lat' dir='ltr'><strong>vitam</strong></span> <span class='ocrx_word' id='word_1_710' title='bbox 3482 5311 3688 5368; x_wconf 77' lang='lat' dir='ltr'><strong>ﬁnivit.</strong></span> 
     </span>
    </p>
   </div>
   <div class='ocr_carea' id='block_1_115' title="bbox 2121 5471 3598 5544">
    <p class='ocr_par' dir='ltr' id='par_1_115' title="bbox 2121 5471 3598 5544">
     <span class='ocr_line' id='line_1_116' title="bbox 2121 5471 3598 5544; baseline 0.003 -19"><span class='ocrx_word' id='word_1_711' title='bbox 2121 5471 2186 5525; x_wconf 87' lang='lat' dir='ltr'><strong>Et</strong></span> <span class='ocrx_word' id='word_1_712' title='bbox 2214 5475 2485 5526; x_wconf 74' lang='lat' dir='ltr'><strong>certamen</strong></span> <span class='ocrx_word' id='word_1_713' title='bbox 2511 5476 2823 5526; x_wconf 83' lang='lat' dir='ltr'><strong>sanctorum</strong></span> <span class='ocrx_word' id='word_1_714' title='bbox 2856 5471 3092 5544; x_wconf 82' lang='lat' dir='ltr'><strong>triginta</strong></span> <span class='ocrx_word' id='word_1_715' title='bbox 3121 5479 3240 5528; x_wconf 90' lang='lat' dir='ltr'><strong>octo</strong></span> <span class='ocrx_word' id='word_1_716' title='bbox 3269 5479 3598 5543; x_wconf 80' lang='lat' dir='ltr'><strong>martyrum.</strong></span> 
     </span>
    </p>
   </div>
   <div class='ocr_carea' id='block_1_116' title="bbox 2108 5611 3689 5685">
    <p class='ocr_par' dir='ltr' id='par_1_116' title="bbox 2108 5611 3689 5685">
     <span class='ocr_line' id='line_1_117' title="bbox 2108 5611 3689 5685; baseline 0.001 -18"><span class='ocrx_word' id='word_1_717' title='bbox 2108 5613 2443 5685; x_wconf 86' lang='lat' dir='ltr'><strong>lmperante</strong></span> <span class='ocrx_word' id='word_1_718' title='bbox 2471 5611 2654 5685; x_wconf 89' lang='lat' dir='ltr'><strong>impio</strong></span> <span class='ocrx_word' id='word_1_719' title='bbox 2704 5612 3067 5672; x_wconf 86' lang='lat' dir='ltr'><strong>Diocletiano</strong></span> <span class='ocrx_word' id='word_1_720' title='bbox 3113 5613 3450 5672; x_wconf 86' lang='lat' dir='ltr'><strong>militabant</strong></span> <span class='ocrx_word' id='word_1_721' title='bbox 3497 5614 3689 5670; x_wconf 88' lang='lat' dir='ltr'><strong>sancti</strong></span> 
     </span>
    </p>
   </div>
   <div class='ocr_carea' id='block_1_117' title="bbox 2037 5701 3730 5779">
    <p class='ocr_par' dir='ltr' id='par_1_117' title="bbox 2037 5701 3730 5779">
     <span class='ocr_line' id='line_1_118' title="bbox 2037 5701 3730 5779; baseline 0 -21"><span class='ocrx_word' id='word_1_722' title='bbox 2037 5701 2134 5758; x_wconf 77' lang='lat' dir='ltr'><strong>isti</strong></span> <span class='ocrx_word' id='word_1_723' title='bbox 2162 5701 2404 5777; x_wconf 70' lang='lat' dir='ltr'><strong>triginta</strong></span> <span class='ocrx_word' id='word_1_724' title='bbox 2432 5706 2494 5765; x_wconf 79' lang='lat' dir='ltr'><strong>et</strong></span> <span class='ocrx_word' id='word_1_725' title='bbox 2519 5707 2652 5758; x_wconf 76' lang='lat' dir='ltr'><strong>cuto</strong></span> <span class='ocrx_word' id='word_1_726' title='bbox 2683 5708 2971 5778; x_wconf 67' lang='lat' dir='ltr'><strong>martyres</strong></span> <span class='ocrx_word' id='word_1_727' title='bbox 3002 5705 3062 5760; x_wconf 83' lang='lat' dir='ltr'><strong>in</strong></span> <span class='ocrx_word' id='word_1_728' title='bbox 3095 5704 3333 5779; x_wconf 76' lang='lat' dir='ltr'><strong>regione</strong></span> <span class='ocrx_word' id='word_1_729' title='bbox 3391 5701 3684 5778; x_wconf 80' lang='lat' dir='ltr'><strong>Ceppado-</strong></span> <span class='ocrx_word' id='word_1_730' title='bbox 3721 5741 3730 5746; x_wconf 81' lang='grc'><strong>-</strong></span> 
     </span>
    </p>
   </div>
  </div>
