4134 6302
359 326 477 386 379

363 555 578 610 Christi
614 563 937 627 martyrum
974 573 1226 626 pugnam
1254 554 2009 624 intellexissent,quomodo

364 646 591 699 devicto
618 646 855 700 diabolo
915 646 987 699 ob
1046 646 1396 716 praeclarum
1455 650 1755 699 certamen
1812 649 2013 699 essent

364 735 653 798 coronati,
688 735 862 789 etiam
896 734 1007 804 ipsi
1034 734 1155 788 zelo
1189 734 1440 800 incensi,
1474 734 1753 805 projectis
1812 750 2011 789 coram

364 823 618 895 praiside
644 824 846 889 armis,
869 840 1079 891 magna
1100 840 1236 877 voce
1254 824 1553 877 Christum
1577 839 1778 877 verum
1804 824 2011 891 Deum,

369 919 428 967 et
459 930 518 967 se
552 913 712 983 ipsos
741 928 904 965 veros
932 912 1061 981 ejus
1116 929 1312 966 servos
1361 912 1615 967 confessi
1661 918 1818 967 sunt.
1869 914 2015 967 Tum

364 1018 502 1056 vero
536 1001 950 1071 comprehensi
983 1001 1359 1072 vestibusque
1390 1000 1618 1069 nudati,
1650 1002 1798 1057 adeo
1828 1000 2015 1057 carni-

368 1091 477 1145 bus
509 1091 891 1161 percussione
922 1091 1211 1161 virgarum
1264 1098 1405 1146 sunt
1451 1092 1753 1157 excoriali,
1802 1096 1868 1146 ut
1921 1090 2016 1145 vix

367 1184 723 1250 apparerent
778 1179 1099 1234 humanam
1189 1180 1381 1235 adhuc
1465 1180 1722 1251 speciem
1776 1179 2015 1235 habere.

368 1270 589 1324 Deinde
622 1270 845 1340 absque
876 1271 1001 1327 ulla
1030 1271 1101 1326 de
1135 1271 1255 1326 illis
1287 1288 1427 1326 cura
1453 1273 1514 1327 in
1547 1288 1844 1327 carcerem
1876 1287 2020 1325 con-

356 1361 526 1434 jecti,
556 1360 853 1431 pauloque
884 1366 1016 1431 post
1047 1360 1185 1416 inde
1215 1361 1373 1415 foras
1432 1362 1698 1423 extracti.
1743 1361 2021 1416 manibus

368 1455 503 1522 post
524 1455 753 1521 tergum
781 1450 1076 1517 revinctis,
1102 1466 1169 1505 ac
1201 1450 1493 1521 capitibus
1524 1449 1596 1505 ob
1630 1450 1870 1521 alligata
1898 1448 2022 1503 col-

369 1539 521 1595 laria
550 1540 899 1611 aggravatis,
932 1539 1005 1594 ad
1062 1539 1378 1610 prmsidem
1431 1539 1668 1594 adducti
1720 1546 1903 1595 sunt:
1966 1544 2025 1594 et

376 1627 533 1699 quod
567 1633 771 1682 sancto
804 1628 1106 1699 proposito
1140 1645 1245 1683 suo
1304 1643 1588 1699 generose
1638 1628 2021 1696 inhmrerent,

372 1724 550 1787 atque
580 1716 653 1771 ad
685 1716 1005 1787 gloriosam
1063 1733 1167 1788 pro
1210 1716 1439 1771 Christo
1481 1721 1734 1770 mortem
1780 1716 2024 1771 anhela-

373 1811 529 1874 rent,
563 1805 843 1861 mandato
875 1805 1146 1878 praesidis
1177 1812 1317 1860 sunt
1346 1805 1534 1877 capite
1559 1804 1736 1877 plexi.

494 1976 590 2030 87
630 1980 694 2031 Et
722 1978 1162 2031 commemoratio
1190 1978 1367 2031 sancti
1395 1976 1576 2031 Jodad
1596 1974 1903 2046 praphetz.

446 2128 590 2182 Cum
618 2126 955 2193 Jeroboam,
989 2143 1184 2183 servus
1217 2127 1476 2184 Roboam
1509 2127 1615 2182 ﬂlii
1667 2125 2024 2192 Salomonis,

376 2233 495 2272 una
517 2232 650 2271 cum
675 2216 880 2271 decem
906 2217 1179 2271 tribubus
1200 2216 1561 2272 defecisseta
1583 2215 1855 2270 tribubus
1873 2214 2027 2269 Juda

379 2311 436 2362 et
465 2306 797 2376 Benjamin.
829 2322 897 2361 ac
928 2307 1148 2377 rejecto
1181 2308 1297 2361 Deo
1338 2322 1473 2360 vero
1524 2304 1764 2359 fecisset
1811 2303 2025 2358 vitulos

376 2410 609 2459 aureos,
637 2410 855 2463 eosque
880 2411 1013 2450 cum
1046 2395 1321 2449 universo
1344 2394 1563 2465 populo
1587 2411 1692 2448 suo
1716 2393 2023 2457 adoraret;

373 2484 591 2538 missus
614 2489 704 2537 est
724 2483 818 2537 hic
842 2484 1153 2554 propheta,
1178 2489 1245 2537 ut
1265 2499 1400 2538 cum
1424 2499 1492 2537 ex
1513 2488 1676 2553 parte
1713 2482 1809 2536 tiei
1832 2497 2026 2551 repre-

371 2570 859 2626 henderet.Venit
876 2570 1053 2640 igitur
1064 2578 1123 2625 et
1145 2569 1547 2640 reprehendit.
1565 2568 1875 2624 Jeroboam
1890 2584 2025 2622 vero

376 2661 643 2715 extendit
664 2676 928 2726 manum,
954 2666 1018 2715 ut
1044 2677 1179 2715 eum
1199 2659 1566 2726 verberaret;
1589 2658 1694 2713 sed
1721 2658 2030 2729 conspexit

377 2766 507 2806 eam
531 2749 780 2805 aridam.
807 2752 932 2805 Mox
954 2749 1304 2821 pmnitentia
1325 2749 1559 2811 ductus,
1581 2748 1798 2803 meruit
1821 2754 2021 2818 utpro-

374 2840 555 2911 pheta
585 2855 714 2894 eam
748 2845 1003 2894 sanaret.
1038 2838 1203 2904 Quod
1233 2855 1366 2893 cum
1401 2837 1660 2903 fecisset,
1680 2836 2029 2891 adhortatus

376 2933 485 2989 est,
509 2934 575 2982 ut
596 2944 806 2999 panem
842 2927 1208 2983 comederet:
1243 2928 1346 2981 sed
1370 2943 1488 2981 non
1508 2926 1701 2998 potuit
1718 2927 1792 2981 ad
1814 2925 1871 2980 id
1890 2940 2023 2980 eum

376 3018 660 3075 inducere
691 3036 704 3075 :
739 3020 879 3091 quia
908 3024 1037 3074 erat
1064 3019 1214 3073 illud
1244 3036 1280 3074 a
1311 3019 1426 3073 Deo
1458 3018 1801 3072 inhibitum.
1826 3017 2030 3071 Rever-

380 3110 527 3164 tenti
560 3125 693 3164 vero
726 3108 984 3163 occurrit
1014 3109 1065 3163 ei
1098 3107 1340 3179 quidam
1384 3106 1922 3178 pseudopropheta,
1974 3110 2032 3158 et

1682 324 2121 386 MENOLOGII
2163 327 2364 388 PARS
2411 329 2516 390 Ill.

359 480 496 521 cum
523 478 535 518 :
569 464 671 534 qui
702 479 838 520 cum
870 462 1188 536 gloriosam
1220 468 1561 521 sanctorum
1613 462 2004 535 quadraginta

2141 464 2389 539 ιάρτυρες
2448 463 2500 520 ἰν
2560 469 2628 540 τῇ
2688 471 2849 540 χῶρᾳ
2936 463 3332 521 Καππαδόκων.

3640 328 3766 391 380

3417 466 3517 524 Καὶ
3598 465 3765 520 6x06-

2117 573 2302 613 σαντες
2331 554 2429 621 τήν
2463 553 2638 623 καλην
2683 553 2920 610 ἔνστασιν
2977 560 3085 611 τῶν
3148 556 3311 629 ἀγίων
3368 554 3766 629 τεσσαράκοντα

2114 645 2212 695 τοῦ
2243 644 2476 716 Χριστοῦ
2511 646 2816 719 μαρτύρων,
2873 644 2959 700 καὶ
3020 643 3169 706 ὅπως
3218 645 3557 718 ἠγωνίσαντο
3605 646 3768 713 νική-

2119 752 2301 792 σαντες
2332 733 2423 786 τὸν
2484 728 2763 798 διάϐολον,
2822 734 2911 788 καὶ
2969 735 3417 811 στεφανωθέντες,
3478 732 3764 803 ἐζήλωσαν

2118 821 2207 874 καὶ
2265 820 2441 892 αὐτοὶ,
2498 822 2587 876 καὶ
2646 821 2894 897 ῥίψαντες
2954 825 3021 877 τά
3078 821 3223 877 ὅπλα
3311 816 3611 895 ἔμπροσθεν
3667 825 3766 876 τοῦ

2119 909 2415 983 ἡγεμόνος,
2450 910 2659 985 μεγάλῃ
2682 916 2836 989 φωνῇ
2876 913 2967 967 τὸν
3024 913 3117 985 μὲν
3170 911 3401 985 Χριστὸν
3446 912 3575 966 Θεὸν
3623 910 3762 981 ἀλη-

2120 998 2264 1055 θινὸν
2301 999 2693 1075 ὡμολόγησαν,
2727 1000 2948 1063 ἑαυτοὺς
2982 998 3038 1055 δὶ
3063 1000 3288 1070 ἀληθεῖς
3311 998 3543 1061 δούλους
3573 1001 3760 1056 αὐτοῦ.

2123 1091 2256 1145 Τότε
2306 1092 2683 1165 κρατηθέντες,
2735 1090 2825 1146 καὶ
2883 1092 3280 1165 γυμνωθέντες,
3355 1094 3610 1145 τοσοῦτον
3667 1089 3763 1151 τὰς

2126 1179 2324 1254 σάρκας
2376 1180 2769 1250 κατεξάνθησαν
2828 1186 2949 1244 ταῖς
3005 1179 3291 1258 ἰπιφοραῖς
3348 1183 3457 1234 τῶν
3528 1173 3765 1254 ῥάϐδων,

2125 1268 2199 1330 ὦς
2262 1268 2424 1341 μόλις
2481 1269 2978 1343 χαρακτηρίζεσθαι
3044 1269 3345 1344 ἀνθρώπων
3395 1265 3542 1343 ἔχειν
3598 1264 3768 1329 ἰδέας.

2125 1360 2259 1413 Εἶτα
2334 1356 2551 1435 φυλακῇ
2638 1357 3098 1435 ἐναπερῥίφθησαν
3182 1357 3596 1431 ἀνεπιμέλητοι·
3680 1355 3773 1410 καὶ

2131 1447 2264 1519 μετά
2299 1468 2493 1522 μικρον
2553 1445 2894 1511 δλκυσθὲντες
2950 1446 3050 1517 ἔξω
3110 1444 3382 1519 δεδεμένοι
3443 1451 3633 1521 χεῖρας
3692 1445 3773 1506 εἷς

2126 1536 2193 1591 τὰ
2252 1536 2449 1607 ὀπίσω,
2508 1538 2597 1592 καὶ
2653 1537 2748 1599 τὰς
2814 1538 3054 1612 κεφαλὰς
3112 1535 3327 1598 κλοιοῖς
3390 1536 3775 1611 βαρυνόμενοι,

2127 1629 2467 1700 παρέστησαν
2497 1631 2578 1699 τῷ
2636 1625 2887 1701 ἡγεμόνι·
2949 1626 3038 1681 καὶ
3093 1633 3193 1694 τῆς
3248 1623 3423 1693 καλῆς
3482 1623 3781 1687 ἑνστάσεως

2131 1714 2209 1772 ἔτι
2239 1715 2521 1790 ἐχόμενοι,
2553 1717 2641 1770 καὶ
2670 1717 2761 1770 τὸν
2829 1716 2961 1791 ὑπὲρ
3010 1719 3254 1789 Χριστοῦ
3304 1712 3566 1787 διψῶντες
3615 1713 3782 1768 θάνα-

2058 1826 2102 1891 B
2128 1827 2247 1875 τον,
2278 1806 2563 1880 προστάξει
2600 1810 2695 1860 τοῦ
2727 1807 2996 1881 ἡγεμόνος
3025 1803 3552 1880 ἀπεκεφαλίσθησαν.

2344 1965 2449 2022 Καὶ
2487 1968 2680 2040 μνήμη
2712 1970 2809 2021 τοῦ
2838 1968 2997 2042 ἁγίου
3028 1967 3313 2044 προφήτου
3346 1961 3560 2021 Ἰωδάδ.

2204 2127 2335 2184 ιὈτι
2385 2126 2748 2195 ἀπεστάτησεν
2834 2121 3123 2200 Ἰεροϐοὶμ
3182 2126 3210 2181 6
3270 2122 3467 2186 δοῦλος
3541 2118 3786 2194 Ῥοϐοᾶμ

2132 2212 2230 2270 τοῦ
2260 2216 2381 2269 υἱοῦ
2414 2214 2791 2287 Σολομῶντος
2822 2214 2957 2286 μετά
2975 2219 3082 2269 τῶν
3135 2212 3262 2269 δέκα
3305 2211 3517 2291 φυλῶν,
3563 2216 3671 2266 τῶν
3726 2210 3787 2266 ἐκ

2133 2308 2230 2359 τοῦ
2263 2302 2437 2358 Ἰούδα
2464 2303 2555 2358 καὶ
2585 2308 2682 2358 τοῦ
2714 2304 2989 2376 Βενιαμὶν,
3038 2303 3127 2358 καὶ
3179 2305 3440 2372 ἀθετήσας
3488 2304 3578 2357 τὸν
3635 2300 3783 2370 ἀλη-

2135 2394 2281 2458 θινὸν
2314 2394 2468 2461 Θεὸν,
2502 2393 2726 2463 ἐποίησε
2758 2393 2853 2454 τὰς
2885 2398 3091 2468 χρυσᾶς
3123 2390 3411 2464 δαμάλεις,
3460 2392 3551 2446 καὶ
3602 2411 3780 2461 προσ-

2136 2483 2390 2553 εκύνησεν
2424 2483 2586 2544 αὐτάς
2626 2485 2699 2544 ὡς
2733 2484 2889 2547 θεοὺς
2939 2485 3073 2556 μετά
3114 2487 3210 2537 τοῦ
3264 2483 3352 2537 ὑπ’
3404 2481 3569 2537 αὐτοῦ
3620 2481 3782 2549 λαοῦ,

2137 2572 2411 2643 ἀπεστάλη
2471 2572 2627 2633 οὗτος
2675 2572 2702 2626 6
2757 2575 3047 2649 προφήτης
3105 2571 3165 2627 ἐκ
3220 2576 3317 2626 τοῦ
3373 2576 3507 2626 Θεοῦ
3564 2568 3780 2643 ἐλέγξαι

2135 2663 2317 2719 αὐτόν.
2406 2663 2686 2720 Ἀπελθὼν
2769 2665 2858 2718 οὖν
2941 2662 3183 2738 ἤλεγξεν.
3239 2664 3301 2720 Ὀ
3360 2659 3417 2716 δὶ
3489 2657 3787 2736 Ὶεροϐοάμ

2137 2754 2397 2816 ἀπλώσας
2452 2756 2551 2823 τὴν
2612 2758 2773 2827 χεῖρα
2828 2756 2990 2826 τῦψαι
3049 2752 3233 2819 αὐτὸν,
3301 2748 3543 2806 κατεῖδεν
3609 2750 3784 2818 αὐτὴν

2138 2841 2326 2915 ξηρὰν,
2356 2843 2448 2895 καὶ
2481 2842 2879 2914 μεταμεληθεὶς
2909 2841 3110 2913 ἠξίωσε
3138 2840 3229 2895 τὸν
3280 2841 3573 2916 προφήτην
3625 2849 3789 2912 θερα-

2137 2935 2330 2985 πεῦοαι
2359 2930 2551 2999 αὐτὴν,
2600 2930 2691 2985 καὶ
2743 2934 2905 2984 τοῦτο
2954 2931 3256 2999 ποιήσαντα
3305 2926 3640 3004 παρεκάλεσε
3684 2947 3793 3005 φα·-

2138 3026 2255 3095 γεῖν
2285 3017 2469 3095 ἄρτον.
2504 3021 2599 3089 Μὴ
2628 3021 2910 3084 πεισθέντα
2960 3016 3039 3087 δὶ,
3085 3022 3247 3073 τοῦτο
3293 3017 3395 3092 γὰρ
3450 3016 3568 3093 εἶχε
3614 3016 3787 3089 πρόσ-

2136 3112 2285 3181 ταξιν
2317 3110 2465 3183 παρά
2513 3113 2610 3163 τοῦ
2666 3112 2823 3178 Θεοῦ,
2888 3109 3235 3185 ὑπεστρεφεν.
3292 3107 3390 3163 Καὶ
3455 3108 3787 3175 συναντήσας

380 3198 573 3271 coegit
589 3213 724 3254 eum
750 3196 976 3268 ingredi
1001 3197 1063 3251 in
1087 3196 1328 3251 domum
1343 3212 1530 3261 suam,
1552 3202 1611 3250 et
1626 3210 1842 3267 panem
1858 3209 2021 3248 man-

2141 3195 2286 3268 αὐτῷ
2314 3194 2772 3272 ψευδοπροφήτης
2803 3217 2910 3261 τις.
2962 3197 3260 3272 ἠνάγκασεν
3311 3195 3470 3251 αὐτὸν
3522 3194 3789 3256 εἰσελθεῖν

382 3286 876 3356 ducare.Propter
897 3301 1075 3355 quam
1100 3285 1601 3356 trangressionem
1632 3299 1948 3339 occurrens
1982 3283 2034 3337 ei

381 3375 475 3431 leo
499 3376 558 3430 in
582 3375 692 3436 via.
726 3374 943 3429 occidit
972 3390 1127 3429 eum.
1165 3373 1330 3438 Quod
1363 3373 1460 3428 ubi
1489 3372 2031 3444 scivitpseudopro-

377 3466 578 3537 pheta,
611 3464 778 3530 abiit,
812 3471 871 3518 et
897 3470 1167 3534 acceptas
1199 3463 1327 3533 ejus
1358 3463 1641 3533 reiiquias
1672 3462 1960 3534 sepelivit.

450 3555 522 3607 Et
570 3553 1054 3609 commemoratio
1089 3552 1275 3606 sancti
1327 3552 1508 3607 Patris
1558 3552 1745 3608 nostri
1793 3551 2036 3606 Joannis

381 3644 733 3717 patriarcha
768 3642 1334 3714 Hierosolymorum.

936 3928 1177 3984 EODEM
1217 3928 1360 3982 ΜΕΝ
1368 3926 1468 3982 SE.

877 4036 979 4092 Die
1013 4035 1313 4091 tricesima
1341 4034 1553 4106 prima.

390 4181 678 4237 Certamen
728 4185 1045 4235 sanctorum
1090 4183 1401 4247 martyrum
1449 4176 1622 4231 Abdz
1669 4178 1935 4248 episcopi,
1990 4181 2042 4231 et

916 4249 1236 4318 Benjamini
1264 4249 1503 4302 diaconi.

459 4422 564 4479 Hic
592 4419 921 4477 Theodosio
945 4417 1184 4474 Juniore
1205 4417 1535 4487 imperante
1564 4415 1890 4472 ﬂorebatin
1910 4417 2044 4471 Per-

390 4513 535 4569 side.
573 4514 892 4582 Postquam
914 4513 1111 4563 autem
1134 4506 1422 4577 templum
1464 4505 1616 4577 Ignis
1634 4506 1859 4573 evertit,
1881 4522 2039 4560 com-

2144 3285 2219 3348 εἷς
2250 3287 2342 3341 τὸν
2376 3288 2525 3341 οἷκον
2559 3285 2745 3354 αὐτοῦ,
2776 3287 2865 3341 καὶ
2909 3292 3097 3364 φαγεῖν
3157 3289 3339 3359 ἄρτον.
3396 3284 3499 3340 Καὶ
3550 3282 3640 3338 διά
3685 3285 3790 3351 τὴν

2142 3376 2399 3444 τοιαύτην
2477 3370 2779 3450 παράϐασιν
2866 3377 3197 3445 συναντήσας
3255 3374 3402 3445 αὐτῷ
3478 3374 3618 3429 λὶων
3669 3375 3792 3439 καθ’

2144 3460 2292 3530 ὁδὸν,
2326 3461 2652 3517 ἐθανάτωσεν
2702 3463 2884 3518 αὐτόν.
2947 3464 3048 3519 Καὶ
3106 3467 3266 3517 τοῦτο
3316 3463 3496 3534 μαθὼν
3530 3463 3558 3517 6
3588 3458 3791 3535 ψευδο-

2144 3554 2458 3628 προφήτης,
2490 3551 2737 3608 ἀπελθὼν
2769 3554 2857 3608 καὶ
2920 3548 3103 3608 λαϐὼν
3163 3553 3225 3607 τὸ
3284 3551 3537 3625 λείψανον
3599 3550 3789 3623 αὐτοῦ,

2143 3637 2358 3716 ἔθαψεν.

2219 3733 2318 3789 Καὶ
2352 3734 2546 3805 μνήμη
2578 3736 2676 3787 τοῦ
2708 3731 2857 3787 ὁσίου
2903 3730 3115 3807 Ηατρός
3164 3733 3328 3804 ἡμῶν
3387 3730 3638 3788 Ἰωάννου
3686 3750 3793 3785 πα-

2142 3824 2413 3898 τριάρχου
2435 3818 2860 3896 ’1εροσολυμων.

2697 3929 2875 3985 MHNI
2914 3930 3005 3986 ΤΩ
3047 3929 3239 3986 ΑΥΤΩ.

2900 4035 3028 4092 ΛΑ“.

2148 4179 2416 4252 Ἀθλησις
2470 4184 2577 4237 τῶν
2633 4178 2801 4253 ἁγίων
2873 4160 3188 4253 μαρτοξρων-
3247 4173 3420 4235 ’Δϐδᾶ
3472 4176 3797 4249 ἱπισκόπου,

2628 4248 2719 4307 κάὶ
2749 4248 3007 4324 Βενιαμὶν
3036 4248 3311 4306 διακόνου.

2223 4421 2396 4484 Οὗτος
2429 4422 2492 4491 ἦν
2526 4421 2614 4475 ἐπὶ
2644 4427 2745 4485 τῖς
2776 4421 3057 4495 βασιλείας
3109 4417 3401 4476 Θεοδοσίου
3446 4423 3544 4475 τοῦ
3596 4424 3798 4494 μικροῦ

2152 4512 2203 4569 ἰν
2237 4510 2474 4586 ΙΙερσίόι“
2507 4510 2737 4566 καῖἒπεὶ
2790 4508 3050 4564 κατέλυσε
3108 4510 3198 4563 τὸν
3259 4510 3383 4563 ναὸν
3440 4513 3536 4563 τοῦ
3595 4509 3793 4582 Πυρὸς,

390 4564 862 4675 prehensus‘est,
898 4605 955 4652 et
984 4596 1058 4652 ad
1091 4564 1285 4667 regem
1317 4564 1645 4649 adductus:
1694 4595 1794 4665 qui
1848 4564 2027 4667 prime

2147 4564 2441 4677 ἐκρατήθη,
2481 4600 2571 4654 καὶ
2631 4601 2926 4673 προσήχθη
2988 4603 3066 4670 τῷ
3128 4599 3363 4674 βασιλεῖ.
3424 4599 3520 4652 Καὶ
3578 4564 3795 4671 πρῶτον

391 4696 631 4766 quidem
664 4710 876 4763 magna
905 4708 1039 4747 cum
1074 4689 1315 4744 lenitate
1350 4688 1519 4743 illum
1543 4687 1890 4743 adhortatus
1921 4693 2032 4753 est,

389 4789 458 4839 ut
490 4783 775 4853 templum
808 4780 1216 4836 rewdiﬂcaret.
1252 4778 1363 4833 Sed
1402 4794 1534 4833 cum
1571 4778 1620 4832 is
1655 4778 1779 4833 heri
1830 4777 1888 4832 id
1919 4794 2037 4833 non

390 4888 564 4944 posse
597 4870 861 4926 dixisset.
896 4870 1077 4924 misso
1105 4868 1382 4923 mandato
1425 4884 1632 4923 omnes
1674 4867 2039 4923 Christiano-

390 4977 524 5017 rum
557 4959 838 5013 ecclesias
871 4958 1173 5013 destruvit.
1196 4958 1339 5013 Hinc
1372 4972 1507 5012 vero
1544 4956 1777 5012 initium
1812 4957 2041 5028 accepit

391 5049 725 5123 persecutio
757 5047 1035 5103 adversus
1066 5046 1450 5103 Christianos.
1495 5063 1611 5118 qua
1663 5047 1857 5101 omnis
1888 5046 2036 5101 ﬁde-

391 5140 536 5197 lium
562 5145 705 5193 astas
726 5138 900 5194 variis
926 5136 1234 5192 tormentis
1254 5136 1485 5190 sublata
1507 5142 1596 5189 est
1618 5152 1633 5191 :
1652 5153 1905 5207 quorum
1929 5136 2042 5207 pri-

392 5246 525 5287 mus
558 5227 968 5283 sanctissimus
992 5225 1186 5281 Abdas
1203 5224 1396 5297 gladio
1421 5224 1601 5279 vitam
1627 5226 1833 5280 ﬁnivit.
1866 5226 2039 5281 Dein-

391 5320 463 5377 de
498 5336 601 5392 per
624 5335 813 5373 annos
835 5318 1095 5387 integros
1118 5315 1228 5387 trig
1256 5322 1357 5369 nta
1384 5314 1548 5368 multi
1581 5315 1847 5369 claruere
1886 5333 2040 5371 mar-

388 5416 568 5482 tyres,
596 5425 663 5462 ex
693 5407 909 5479 quibus
932 5405 1029 5461 88
1063 5410 1233 5458 erant
1262 5403 1365 5457 viri
1400 5402 1744 5473 locupletes.
1778 5405 1877 5473 qui
1910 5410 2043 5474 post

386 5501 579 5555 varios
611 5499 905 5554 cruciatus
927 5495 1115 5567 capite
1149 5494 1303 5565 plexi
1337 5499 1494 5547 sunt.
1518 5492 1681 5547 Tunc
1705 5493 1881 5548 etiam
1900 5495 2042 5548 Ben-

378 5592 572 5664 jamin
591 5590 897 5645 diaconus.
934 5590 1243 5658 postquam
1273 5582 1471 5655 viginti
1494 5590 1695 5638 acutas
1717 5583 2041 5640 arundines

382 5681 541 5741 inter
557 5696 787 5755 ungues
817 5677 1029 5737 inﬁxae
1055 5674 1407 5751 accepisset,
1433 5673 1738 5748 aliamque
1758 5672 1819 5730 in
1854 5690 2040 5732 mem-
2074 5726 2077 5729 .

2151 4693 2246 4764 μὲν
2283 4690 2415 4763 μετά
2442 4690 2751 4763 πρᾳότητος
2801 4686 3096 4762 παρεκάλει
3157 4685 3316 4742 αὐτὸν
3365 4684 3796 4759 ἀνοικοδομῆσαι

2144 4780 2237 4835 τὸν
2265 4780 2412 4833 ναόν·
2444 4782 2539 4833 τοῦ
2566 4776 2625 4833 δί
2653 4775 2916 4832 ἀδύνατον
2951 4776 3084 4832 εἶναι
3136 4775 3418 4851 λὲγοντος,
3472 4777 3649 4838 πάσας
3698 4777 3797 4839 τὰς

2147 4867 2440 4939 ἐκκλησίας
2497 4871 2602 4922 τῶν
2688 4870 3023 4939 Χριστιανῶν
3105 4864 3428 4927 ἀποστείλας
3510 4865 3795 4925 κατέλυσε.

2148 4959 2250 5013 Καὶ
2313 4952 2574 5018 λαϐόντος
2628 4956 2805 5031 ἀρχήν
2866 4958 2961 5009 τοῦ
3048 4954 3185 5009 κατά
3259 4959 3368 5009 τῶν
3454 4955 3796 5030 Χριστιανῶν

2149 5045 2416 5119 διωγμοῦ,
2453 5052 2593 5101 πᾶσα
2631 5044 2827 5115 ἡλικία
2883 5042 3165 5122 διαφόροις
3222 5045 3517 5117 τιμωρίαις
3568 5043 3797 5119 ἐξεθερί-

2151 5143 2291 5207 ζετο,
2327 5138 2401 5191 ὧν
2424 5141 2642 5211 πρῶτος
2672 5138 2811 5213 ξίφει
2842 5132 3137 5203 ἐτελειώθη
3174 5135 3202 5188 6
3232 5134 3527 5208 ἱερώτατος
3572 5129 3795 5197 Ἀϐδᾶς.

2149 5232 2374 5281 Ἔπειτα
2407 5224 2458 5280 ἐν
2505 5225 2661 5288 ’ὀλοις
2724 5224 3015 5299 τριάκοντα
3071 5219 3209 5277 ἔτεσι
3264 5220 3468 5276 πολλοί
3532 5222 3801 5298 μάρτυρες

2148 5312 2575 5389 ἀπεδείχθησαν,
2605 5313 2653 5386 ἐξ
2687 5313 2760 5368 ὧν
2817 5313 2952 5381 ἦσαν
3016 5307 3203 5384 ἄνδρες
3255 5309 3536 5377 πλούσιοι,
3596 5314 3649 5365 οὶ
3705 5314 3795 5368 καὶ

2153 5406 2287 5477 μετά
2342 5402 2555 5464 πολλάς
2609 5404 2705 5464 τάς
2769 5402 3031 5471 βασάνους
3093 5399 3621 5477 ἀπεκεφάλίσθησαν.
3691 5403 3797 5458 Καὶ

2149 5494 2403 5557 Βενιαμὶν
2436 5493 2463 5548 6
2497 5490 2768 5561 διάκονος,
2802 5490 2860 5554 ὅς
2910 5489 3194 5560 καλάμους
3247 5489 3387 5560 ὀξεῖς
3437 5489 3607 5544 εἷ’κοσι
3659 5490 3796 5544 κατά

2148 5588 2259 5638 τῶν
2290 5582 2503 5658 ὀνύχων
2534 5579 2848 5654 δεξάμενος,
2875 5581 2963 5635 καί
2998 5577 3169 5634 ἄλλον
3218 5578 3464 5650 κάλαμον
3517 5577 3650 5632 κατά
3694 5582 3794 5632 τοῦ

2148 5670 2474 5747 παιδογόνον
2504 5670 2723 5747 μορίου,
2756 5669 2843 5726 καὶ
2873 5663 3075 5748 ῥάϐδον
3104 5673 3338 5747 παχεῖαν
3389 5667 3477 5723 καὶ
3529 5671 3790 5743 τραχεῖαν
