4134 6302
1811 333 2142 396 APRILIS.

3600 343 3728 406 δεῖ

312 459 438 516 κατᾶ
463 464 559 529 τῆς
617 454 816 535 ὕδρας,
879 461 943 518 τὸ
1006 462 1270 538 μακάριον
1327 463 1494 520 αὸτοῢ
1549 463 1763 538 πνεῦμα
1821 485 1947 540 παρ-

2073 464 2246 523 brum
2276 466 2906 541 genitale'immiss‘am,
2938 468 3164 544 virgam
3191 487 3429 546 quoque
3451 489 3715 533 crassam

317 549 472 606 ἑθετο.

650 763 982 860 MHNI
1064 761 1623 865 ΑΠΡΙΛΙΩ.

862 943 954 995 EN
994 941 1088 1007 Ἰᾚ
1129 940 1381 1010 ΗΡΩΤῌ.

495 1053 706 1124 Μνήμη
737 1060 836 1124 τῆς
874 1053 1025 1118 ὀσίας
1057 1055 1274 1130 Μαρίας
1300 1063 1400 1128 τῆς
1431 1058 1755 1133 Αἰγυπτίας.

377 1166 435 1223 Ἥ
468 1167 595 1221 ὁσία
627 1170 814 1241 μήτηρ
844 1171 1004 1242 ἡμῶν
1065 1171 1253 1246 Μαρία
1303 1173 1478 1247 πόρνη
1537 1175 1802 1250 πρότερον
1860 1177 1951 1248 ἦν,

313 1255 522 1318 πολλὰς
550 1259 735 1332 ψυχάς
764 1258 898 1312 νέων
956 1257 1265 1315 ἀπολέσασα
1323 1258 1412 1316 διὰ
1463 1269 1564 1332 τῆς
1613 1265 1748 1320 κατᾶ
1807 1267 1952 1340 μίξιν

314 1341 537 1415 ἡδονῆς,
570 1346 660 1400 ἐπὶ
691 1346 916 1420 χρόνοις
949 1345 1078 1403 δέκα
1107 1349 1241 1405 ἒπτᾶ
1272 1349 1326 1405 έν
1382 1351 1650 1427 Αἰγύπτῳ
1694 1357 1762 1428 τῇ
1811 1377 1951 1431 πορ-

312 1433 423 1505 νείᾳ
467 1435 863 1506 προσμείνασα.
911 1439 1166 1513 Ὕστερον
1215 1437 1415 1495 ἔδωκεν
1465 1441 1660 1511 ὲαυτῆν
1708 1449 1788 1516 τῷ
1836 1449 1952 1518 Θεῷ

313 1523 498 1596 τρόπῳ
540 1524 800 1597 τοιούτῳ.
855 1527 1282 1602 Ἀπερχομένων
1341 1535 1504 1585 τινῶν
1553 1531 1628 1592 εἰς
1667 1533 1736 1588 τά
1781 1534 1952 1609 Ἱερο-

312 1611 543 1685 σόλυμα,
604 1621 976 1689 προσκυνῆσαι
1029 1618 1122 1671 τὸν
1186 1616 1372 1690 τίμιον
1430 1621 1681 1695 σταυρὸν,
1738 1623 1951 1692 ἀπῆλθε

305 1704 389 1756 καὶ
422 1701 584 1772 αὐτήο
617 1704 707 1758 καὶ
741 1704 843 1758 ὑπὸ
897 1703 1136 1780 ἀγγέλου
1191 1707 1499 1763 κωλυθεῖσα
1556 1710 1814 1776 εἰσελθεῖν
1873 1713 1950 1778 εἰς

2069 573 2138 614 ac
2170 558 2456 615 nodosam
2495 560 2555 614 in
2612 560 2793 615 imam
2851 560 3052 616 sedem
3111 563 3423 634 intrusam,
3476 565 3728 624 beatum.

2071 648 2346 720 spiritum
2381 649 2638 706 tradidit.

2411 773 2833 869 MENSE
2909 775 3352 871 APRILI.

2688 948 2806 1004 DIE
2846 949 3088 1005 PRIMA.

2271 1067 2370 1122 89
2397 1069 2660 1123 Memoria
2686 1076 2888 1124 sancta
2919 1071 3107 1124 Maria:
3144 1072 3506 1140 Egyptiacz.

2137 1184 2348 1240 Sancta
2363 1189 2555 1241 mater
2576 1191 2778 1241 nostra
2799 1187 3284 1242 Mariameretrix
3306 1187 3562 1259 primum
3581 1188 3714 1254 fuit,

2062 1273 2282 1328 multas
2306 1274 2593 1346 juvenum
2619 1275 2852 1330 animas
2884 1276 2946 1330 in
2976 1276 3067 1331 via
3087 1275 3403 1346 voluptatis
3433 1276 3710 1347 perdens,

2062 1378 2129 1417 ac
2161 1379 2266 1433 per
2295 1378 2484 1417 annos
2514 1355 2944 1434 septemdecim.
2989 1365 3050 1420 in
3100 1366 3341 1436 )Egypto
3386 1365 3711 1421 nefandum

2062 1451 2152 1506 sui
2205 1453 2469 1522 corporis
2521 1459 2813 1522 quaestum
2899 1454 3228 1510 exercendo
3306 1469 3708 1526 perseverans.

2060 1541 2269 1595 Postea
2298 1557 2433 1596 vero
2464 1542 2719 1612 seipsam
2751 1543 2866 1597 Deo
2908 1542 3073 1598 dedit
3126 1543 3286 1598 hunc
3330 1545 3392 1598 in
3443 1545 3708 1601 modum.

2059 1629 2422 1694 Quibusdam
2459 1631 2865 1705 Hierosolyma
2893 1632 3270 1698 abeuntibus,
3301 1637 3366 1688 ut
3412 1650 3707 1690 veneran-

2057 1716 2193 1772 dam
2214 1734 2450 1774 crucem
2473 1719 2810 1785 adorarent,
2833 1721 2978 1775 abiit
2999 1727 3058 1776 et
3080 1721 3224 1792 ipsa.
3257 1721 3368 1776 Sed
3394 1721 3466 1777 ab
3499 1724 3708 1796 angelo

304 1792 392 1846 τὸν
420 1793 574 1860 ναὸν,
607 1793 696 1847 καὶ
728 1801 1097 1866 προσκυνῆσαι
1129 1795 1190 1850 τὸ
1216 1796 1400 1869 τίμιον
1433 1797 1617 1870 ξύλον,
1667 1799 1940 1874 ἐλυπήθη.

304 1881 396 1905 v_!
482 1880 816 1905 3,__---_,_L_
926 1881 1146 1905 \‘-.\-',
1302 1890 1329 1902 ο
1393 1893 1427 1905 Α
1467 1891 1494 1903 ~
1862 1893 1908 1905 ,Α

2060 1806 2920 1881 prohibitatemplumingredi,
2944 1814 3456 1866 etsacrosanctum
3481 1792 3709 1884 lignum

304 1881 398 1935 Καὶ
481 1880 839 1956 ὑποσχομένη
923 1881 1210 1939 δουλεῦσαι
1263 1890 1341 1958 τῷ
1390 1891 1528 1958 Θεῷ,
1589 1893 1949 1967 συνεχωρήθη

300 1971 395 2038 τὴν
429 1967 668 2026 εἴσοδον.
700 1972 838 2028 Τότε
888 1974 1255 2046 συνταξαμὲνη
1313 1979 1382 2049 τῇ
1440 1978 1710 2048 Θεοτόκῳ,
1769 1977 1948 2037 διεπέ-

2061 1894 2329 1960 adorare,
2362 1897 2710 1952 contristata
2730 1903 2839 1952 est.
2871 1901 3017 1954 Cum
3048 1915 3182 1954 vero
3216 1899 3331 1954 Deo
3362 1916 3423 1955 se
3454 1899 3706 1956 famula-

2056 1990 2252 2040 turam
2311 1985 2750 2057 spopondisset,
2811 1986 3144 2058 ingressum
3211 1987 3486 2042 obtinuit.
3546 1989 3707 2044 Tunc

301 2079 425 2133 ρασε
453 2060 550 2115 τὸν
581 2057 882 2135 Ἰορδάνην,
912 2061 1003 2116 καὶ
1033 2061 1344 2136 ἠγωνίσατο
1397 2063 1450 2120 ἐν
1501 2069 1570 2139 τῇ
1621 2066 1815 2142 ἃρτξμῳ
1860 2068 1947 2126 ἐπὶ

2060 2073 2302 2146 iubente
2336 2075 2585 2147 Deipara
2612 2057 2929 2130 Iordanem
2957 2075 3216 2142 transiit,
3249 2091 3318 2130 ac
3365 2092 3472 2147 per
3517 2091 3706 2132 annos

299 2150 529 2223 χρόνοις
560 2148 956 2222 τεσσαράκοντα
1009 2151 1164 2220 ἑπτὰ,
1225 2151 1436 2225 μηδένα
1489 2159 1598 2210 τῶν
1648 2154 1952 2232 ἀνθρώπων

295 2234 508 2294 ὶδοῦσα.
543 2236 699 2294 Ἀλλ’
731 2239 759 2292 6
800 2239 932 2302 Θεὸς
983 2239 1158 2303 θέλων
1204 2246 1510 2319 φανερῶσαι
1569 2244 1761 2314 αὐτὴν,
1811 2269 1953 2323 παρ-

297 2327 582 2383 εσκεύασεν
617 2323 872 2382 ἀπελθεῖν
901 2329 977 2392 εἶς
1025 2331 1126 2399 τὴν
1177 2330 1384 2406 ἔρημον
1437 2333 1530 2388 τὸν
1580 2334 1728 2391 ὅσιον
1779 2340 1950 2394 Ζωσιε

304 2423 426 2490 μάν,
458 2417 555 2470 τὸν
587 2417 676 2470 καὶ
707 2419 808 2486 τήν
866 2417 1205 2493 ἒξαγόρευσιν
1266 2420 1436 2490 αὐτῆς
1484 2419 1793 2496 δεξάμενον.
1854 2433 1950 2483 Καὶ

301 2505 733 2579 ὑποστρέψαντα,
791 2506 882 2560 καὶ
938 2507 1204 2582 ἀγαγόντα
1257 2511 1360 2576 τήν
1417 2511 1560 2566 θείαν
1643 2516 1948 2586 κοινωνίαν,

301 2593 389 2648 καὶ
439 2595 854 2664 καινωντςσαντα
912 2594 1102 2664 αὐτήν.
1160 2595 1269 2669 (ὅτε
1350 2600 1438 2653 καὶ
1516 2600 1609 2654 τὸν
1670 2601 1948 2676 Ἰορδάνην

307 2680 526 2754 ἐπέρασε
576 2682 760 2736 ἐπάνω
815 2687 926 2737 τῶν
987 2680 1240 2757 ὑδάτων)
1295 2685 1384 2740 καὶ
1455 2687 1674 2762 ὕστερον
1758 2693 1949 2767 νεκράν

316 2768 522 2842 εὗρόν-ια
574 2770 768 2840 αὐτὴν,
825 2771 916 2825 καὶ
974 2773 1037 2826 τὸ
1095 2769 1270 2845 ὄνομα
1325 2773 1494 2845 αὐτῆς
1562 2781 1948 2854 γεγραμμένου

322 2857 392 2918 εἰς
418 2860 668 2931 κέραμον,
718 2860 809 2915 καὶ
868 2864 1111 2935 θάψαντα
1168 2863 1356 2934 αὐτὴν,
1420 2867 1797 2942 βοηθήσαντος
1850 2876 1947 2926 τοῦ

321 2948 545 3012 λέοντος.

855 3067 1036 3126 ΜῙῙΝΙ
1074 3074 1158 3124 ΤΩ
1205 3075 1393 3128 ΑΥΤΩ.

1069 3157 1162 3230 113'.

306 3271 568 3345 Ἀθλησις
650 3277 760 3330 τῶν
849 3275 1392 3401 ἀγίωἈΓμαρτῦρων
1473 3279 1782 3358 ,Ἃπφιανοῦ
1863 3287 1954 3341 καὶ

1064 3364 1264 3401 οεσιου.

1064 3364 1264 3405 οεσιου.

374 3488 673 3565 ’Δπφιανὸς
700 3488 791 3545 καὶ
825 3487 1074 3551 ᾼῑδέσιος
1117 3490 1169 3544 οἱ
1215 3495 1312 3546 τοῦ
1360 3492 1595 3564 Χριστοῦ
1655 3497 1949 3572 μάρτυρες,

318 3574 564 3650 ὑπῆρχον
594 3575 681 3631 ἐπὶ
719 3582 819 3644 τῆς
880 3576 1159 3649 βασιλείας
1217 3578 1579 3650 Μαξιμιανοῦ,
1634 3580 1694 3636 ἐκ
1747 3585 1956 3659 μητρὸς

316 3664 402 3735 μὶν
432 3663 681 3743 ἀδελφοῖ,
727 3663 787 3720 ἐκ
841 3672 942 3734 τῆς
1000 3662 1198 3728 Λυδίας
1250 3665 1307 3722 ὂὶ
1363 3669 1552 3742 χώρας
1612 3670 1950 3744 ὁρμώμενοι.

314 3753 400 3815 Εἷς
433 3757 674 3830 Βηρυτὸν
710 3753 768 3811 δὲ
813 3756 1120 3830 γενόμενοι,
1172 3757 1276 3812 ὑπὸ
1333 3762 1430 3811 τοῦ
1473 3761 1746 3836 μάρτυρος
1797 3766 1950 3833 Παμ-

315 3842 492 3920 φίλου,
525 3844 626 3912 τήν
669 3843 746 3905 εἷς
804 3844 1044 3919 Χριστὸν
1104 3845 1284 3900 πίστιν
1341 3843 1730 3922 ἐδιδάχθησαν.
1789 3851 1950 3908 ’Όθεν

311 3931 682 4005 κρατηθέντες
719 3932 1060 4006 παρέστησαν
1117 3939 1194 4007 τῷ
1252 3941 1353 4004 τῆς
1407 3935 1622 3998 πόλεως
1696 3935 1947 4013 ἄρχοντι.

313 4023 403 4078 Καὶ
436 4024 463 4077 ὁ
496 4023 594 4094 μὲν
652 4023 950 4100 Ἀπφιανὸς
1008 4027 1224 4097 πρῶτον
1283 4023 1516 4098 κηρύξας
1573 4027 1665 4080 τὸν
1719 4028 1948 4101 Χριστὸν

307 4111 601 4188 παῤῥησίᾳ,
632 4109 856 4186 πληγάς
887 4112 1023 4166 κατᾶ
1063 4117 1160 4166 τοῦ
1212 4115 1513 4187 προσώπου
1556 4111 1790 4185 ἐδέξατο.
1841 4115 1946 4174 Καὶ

310 4207 418 4262 τοῖς
449 4206 561 4256 τῶν
601 4205 949 4274 στρατιωτῶν
1009 4203 1168 4255 ποσὶν
1222 4201 1310 4256 ἐπί
1369 4210 1474 4277 γῆς
1531 4205 1732 4274 πεσὼν,
1790 4226 1947 4260 κατε-

310 4295 546 4362 πατήθη,
605 4293 696 4348 καὶ
769 4291 1207 4368 ἐπικρεμασθεὶς,
1271 4293 1330 4349 ἐκ
1381 4299 1489 4348 τῶν
1561 4293 1947 4366 λακτισμάτων

308 4380 519 4454 ὄγχώθη
551 4384 642 4434 καὶ
673 4377 954 4456 διερῥάγη.
1017 4382 1323 4452 Ἐπιμένων
1368 4378 1426 4436 δὲ
1472 4386 1541 4454 τῇ
1586 4382 1663 4444 εἷς
1714 4384 1945 4456 Χριστὸν

306 4469 600 4543 ὁμολογῖᾳ.
631 4468 711 4542 τῷ
743 4470 893 4544 βυθῷ
924 4473 1024 4538 τῆς
1056 4469 1330 4541 θαλάσσης
1362 4470 1718 4548 ὲναπερῥίφη,
1749 4473 1840 4527 καὶ
1894 4473 1946 4529 ἐν

2058 2163 2450 2237 quadraginta
2480 2169 2707 2235 septem
2738 2164 2798 2219 in
2832 2181 3029 2220 eremo
3079 2165 3417 2230 decertavit,
3469 2165 3706 2221 nullum

2055 2268 2324 2324 unquam
2373 2254 2680 2308 hominem
2736 2254 2960 2309 videns.
3024 2255 3239 2309 Volens
3296 2259 3493 2309 autem
3553 2256 3708 2310 Deus

2057 2342 2224 2398 illam
2256 2343 2661 2410 manifestare,
2695 2343 3009 2415 disposuit,
3045 2349 3113 2398 ut
3159 2349 3398 2399 sanctus
3445 2343 3707 2400 Zosimas

2057 2449 2323 2488 eremum
2346 2432 2775 2505 ingrederetur,
2807 2433 2907 2504 qui
2931 2433 3002 2487 ab
3021 2450 3088 2488 ea
3118 2449 3395 2488 arcanam
3428 2432 3499 2488 de
3528 2433 3706 2488 rebus

2057 2522 2180 2576 suis
2193 2523 2595 2577 narrationem
2611 2523 2926 2593 exciperet,
2943 2538 3364 2595 regressusque
3387 2522 3488 2576 40
3509 2521 3631 2592 (qui
3640 2538 3708 2593 p-

2055 2627 2127 2681 pe
2141 2612 2240 2680 qui
2259 2611 2577 2666 .Iordanem
2595 2628 2774 2682 super
2785 2628 2969 2682 aquas
2983 2611 3298 2666 ambulans
3326 2610 3702 2681 trajiciebat),

2056 2701 2314 2757 divinam
2347 2702 2831 2756 communionem
2864 2703 3120 2766 afferret,
3150 2716 3400 2771 eamque
3433 2701 3546 2772 ipsi
3573 2716 3703 2771 por-

2054 2791 2654 2863 rigeret,rursumque
2684 2789 2849 2844 illam
2877 2789 3256 2857 conveniens,
3285 2796 3578 2844 mortuam
3607 2789 3703 2843 in-

2053 2879 2300 2944 veniret,
2359 2894 2424 2933 ac
2482 2879 2611 2948 ejus
2670 2893 2890 2932 nomen
2947 2878 3009 2932 in
3069 2882 3220 2931 testa
3297 2877 3699 2948 conscriptum

2053 2968 2294 3040 legeret,
2325 2968 2635 3039 ipsamque
2664 2966 2976 3038 adjuvante
2999 2965 3174 3020 leone
3203 2965 3502 3037 sepeliret.

2609 3083 2850 3139 EODEM
2879 3083 3131 3138 MENSE.

2679 3173 2781 3229 Die
2815 3171 3095 3229 secunda.

2063 3280 2344 3338 Certamen
2372 3289 2684 3338 sanctorum
2712 3288 3023 3353 martyrum
3051 3280 3340 3353 Apphiani
3376 3285 3428 3336 et
3474 3279 3706 3337 Edesii.

2132 3489 2478 3561 Apphianus
2493 3487 3072 3551 etA-Idesius,Christi
3096 3491 3407 3559 martyres,
3423 3503 3494 3542 ex
3517 3490 3706 3542 matre

2058 3577 2289 3643 fratres,
2324 3579 2676 3634 Maximiano
2727 3579 3058 3648 imperante
3107 3592 3176 3631 ex
3226 3576 3420 3648 Lydia:
3470 3574 3710 3646 regione

2057 3673 2254 3723 ortum
2287 3667 2602 3722 duxerunt.
2634 3667 2777 3721 Cum
2808 3672 3006 3720 autem
3063 3666 3334 3736 Berytum
3383 3664 3705 3728 venissent,

2057 3756 2274 3813 Christi
2325 3757 2504 3812 ﬁdem
2552 3772 2587 3811 a
2617 3755 2944 3827 Pamphylo
2995 3759 3252 3826 martyre
3302 3752 3492 3808 edocti
3540 3756 3701 3807 sunt.

2057 3846 2222 3902 Unde
2253 3845 2689 3918 comprehensi,
2723 3845 2798 3900 ad
2827 3844 3143 3916 praesidem
3168 3843 3420 3900 civitatis
3457 3843 3698 3900 adducti

2055 3937 2314 3994 fuerunt.
2345 3937 2417 3991 Et
2444 3937 2704 4008 primum
2729 3935 2972 4006 quidem
3003 3935 3352 4007 Apphianus
3399 3934 3596 4006 palam
3646 3939 3706 3990 et

2055 4027 2240 4083 libere
2263 4027 2558 4082 Christum
2581 4027 2935 4094 prwdicans,
2958 4025 3020 4080 in
3040 4025 3190 4081 facie
3216 4041 3535 4097 percussus
3565 4025 3700 4090 fuit,

2055 4123 2231 4188 atque
2249 4116 2309 4170 in
2324 4121 2538 4170 terram
2556 4116 2993 4184 corruens,mili
3005 4121 3126 4170 tum
3141 4114 3390 4187 pedibus
3404 4113 3705 4186 proculca-

2055 4213 2149 4263 tus
2163 4207 2552 4280 estzlignoque
2568 4205 3171 4278 suspensus,calcium
3188 4204 3402 4260 ictibus
3415 4204 3704 4259 tumefac-

2053 4303 2148 4353 tus
2169 4297 2280 4352 fuit
2300 4303 2358 4352 et
2383 4296 2704 4367 disruptus.
2738 4297 3101 4350 Permanens
3122 4301 3318 4350 autem
3342 4294 3536 4349 adhuc
3556 4310 3702 4348 con-

2053 4393 2280 4442 stanter
2303 4387 2363 4441 in
2387 4385 2601 4440 Christi
2626 4384 3022 4444 confessione.
3051 4384 3112 4438 in
3139 4384 3497 4456 profundum
3523 4383 3702 4437 maris

2051 4478 2374 4548 projectus,
2408 4475 2488 4529 ibi
2545 4475 2724 4530 vitam
2781 4475 3049 4535 absolvit,
3109 4479 3185 4527 At
3241 4489 3372 4526 vero
3429 4471 3699 4526 {Edesius

305 4561 445 4631 αὐτῷ
483 4557 802 4628 ἐτελειώθη.
861 4559 922 4616 Ὀ
982 4556 1039 4614 δὲ
1093 4557 1350 4623 Λῐδέσιος
1394 4559 1805 4624 καταδικασθεὶς
1859 4583 1944 4616 τι-

2060 4565 2507 4624 condemnatus,
2567 4571 2632 4618 ut
2688 4565 2750 4617 in
2806 4564 2976 4617 aereis
3035 4561 3291 4616 metallis
3347 4559 3702 4614 eﬂ'odiendis

309 4651 598 4724 μωρεῖσθαι
632 4647 683 4702 ἐν
708 4652 824 4709 τοῖς
877 4652 976 4703 τοῦ
1035 4646 1250 4723 χαλκοῦ
1311 4647 1631 4721 μετάλλοις,
1690 4649 1938 4727 ἐπέμφθη

305 4739 377 4801 είς
407 4734 837 4811 Ἀλεξάνδρειαν.
874 4737 973 4793 Καὶ
1008 4737 1064 4792 ἐν
1098 4742 1198 4810 μιᾷ
1226 4734 1357 4792 ἰδὼν
1397 4738 1489 4793 τὸν
1537 4745 1638 4806 τῆς
1687 4738 1943 4812 Ἀλεξαν-

304 4827 475 4901 δρείας
506 4828 769 4902 ἄρχοντα,
800 4825 931 4889 τοὺς
987 4826 1101 4882 ἐκεῖ
1157 4827 1514 4900 Χριστιανοὺς
1567 4832 1939 4902 τιμωροῦντα,

303 4915 520 4992 δραμὼν
553 4915 782 4987 ἔπληξεν
814 4915 972 4971 αὐτὸν
1008 4915 1143 4990 μετά
1173 4912 1398 4991 ῥάϐδου,
1454 4917 1574 4970 ’ὀθεν
1621 4914 1807 4971 πολλὰ
1841 4919 1939 4990 βα⁶

303 5010 583 5072 σανισθεές,
607 5005 696 5061 καί
724 5005 789 5061 τὸ
847 5004 1066 5079 ὕστερον
1121 5003 1173 5061 ἐν
1226 5009 1306 5078 τῷ
1359 5011 1459 5074 τῆς
1519 5005 1796 5077 θαλάσσης
1853 5027 1942 5061 πε-

303 5095 457 5173 λάγει
486 5095 683 5174 ῥιφεὶς,
713 5092 1030 5164 ἐτελειώθη.

411 5213 511 5272 Καὶ
541 5211 773 5281 ἄθλησις
799 5214 898 5266 τοῦ
927 5209 1083 5286 ἁγίου
1117 5209 1390 5285 μάρτυρος
1421 5207 1810 5284 ΙΙολοκάρπου.

365 5323 468 5382 Καὶ
525 5318 683 5381 οὗτος
742 5319 770 5372 6
829 5318 979 5391 ἅγιος
1041 5317 1404 5392 ΙΙολύκαρπος
1463 5318 1492 5372 ὁ
1551 5321 1647 5371 τοῦ
1705 5321 1938 5393 Χριστοῦ

303 5412 503 5487 μάρτυς
559 5408 646 5464 ἰπὶ
702 5414 804 5476 τῆς
863 5405 1145 5484 βασιλείας
1210 5407 1279 5477 ἦν
1334 5410 1433 5461 τοῦ
1489 5403 1781 5468 δυσσεϐοῦς
1846 5407 1936 5461 καὶ

292 5500 610 5574 παρανόμου
697 5497 1058 5567 Μαξιμιανοῦ,
1135 5494 1194 5550 ἰκ
1248 5502 1350 5565 τῆς
1405 5493 1624 5556 πόλεως
1684 5493 1937 5564 Ἀλεξαν-

298 5587 498 5664 δρείας.
541 5584 864 5661 Χριστιανὸς
916 5580 974 5639 δὶ
1031 5579 1130 5657 ὤν,
1185 5583 1272 5638 καὶ
1333 5581 1500 5654 ζῆλον
1557 5577 1702 5658 ἔλων
1761 5580 1936 5638 πολὺν

298 5679 428 5757 πρὸς
485 5676 638 5746 Θεὸν,
695 5673 786 5728 καὶ
846 5675 1062 5748 θεωρῶν
1121 5671 1452 5741 καθεκαστην
1534 5673 1776 5748 ἡμέραν,
1809 5671 1959 5754 τοὺςΙ

2052 4655 2382 4727 puniretur,
2418 4653 2632 4706 missus
2665 4659 2754 4706 est
2783 4649 3230 4706 Alexandriam:
3266 4649 3365 4704 ubi
3389 4665 3522 4703 cum
3556 4664 3699 4719 qua-

2052 4743 2188 4799 dam
2218 4743 2312 4799 die
2344 4741 2510 4796 urbis
2539 4739 2854 4812 praesidem
2885 4739 3127 4793 vidisset
3155 4738 3370 4793 acriter
3424 4738 3487 4792 in
3529 4737 3699 4791 Chri-

2051 4834 2276 4889 stianos
2297 4831 3058 4892 desaavientem,accurrens
3083 4828 3253 4883 illum
3277 4829 3438 4900 virga
3458 4845 3697 4900 percus-

2051 4923 2145 4978 sit.
2195 4921 2359 4978 Unde
2415 4919 2620 4975 multis
2677 4919 2842 4990 prius
2898 4918 3260 4974 cruciatibus
3317 4923 3576 4979 vexatus,
3633 4917 3695 4971 in

2050 5028 2214 5069 mare
2244 5012 2476 5067 demum
2507 5009 2836 5075 demersus,
2868 5009 3216 5080 martyrium
3240 5005 3692 5063 consummavit.

2261 5200 2332 5256 Et
2354 5203 2631 5253 certamen
2656 5195 2838 5253 sancti
2866 5197 3126 5266 martyris
3157 5195 3478 5266 Polycarpi.

2121 5315 2225 5371 Hic
2255 5313 2433 5370 etiam
2492 5318 2734 5369 sanctus
2790 5311 3148 5384 Polycarpus
3204 5309 3419 5366 Christi
3475 5313 3700 5382 martyr

2045 5403 2513 5476 fuit,imperante
2535 5401 2720 5473 impio
2747 5401 3028 5472 etiniquo
3051 5401 3420 5465 Maximiano,
3455 5415 3526 5454 ex
3556 5397 3696 5454 civi-

2047 5500 2166 5551 tate
2197 5493 2573 5550 Alexandria.
2601 5492 2744 5546 Cum
2805 5507 2938 5544 vero
2986 5491 3356 5546 Christianus
3405 5494 3580 5554 esset,
3642 5491 3698 5539 et

2048 5584 2306 5640 maximo
2338 5583 2399 5638 in
2442 5582 2622 5636 Deum
2679 5579 2800 5634 zelo
2861 5578 3154 5650 flagraret,
3201 5577 3540 5646 videretque
3590 5591 3696 5644 per

2049 5672 2314 5746 singulos
2341 5670 2468 5724 dies
2484 5667 2700 5723 Christi
2729 5666 2906 5723 ﬁdem
2940 5666 3293 5721 conﬁtentes
3309 5663 3721 5734 comprehen-d
