  <div class='ocr_page' id='page_1' title='image "/cluster/home/n/w/nwhite01/storage/ocr_20150623/117/mdp.39015038086818/199.png"; bbox 0 0 4158 6310; ppageno 0'>
   <div class='ocr_carea' id='block_1_1' title="bbox 1709 337 2546 402">
    <p class='ocr_par' dir='ltr' id='par_1_1' title="bbox 1709 337 2546 402">
     <span class='ocr_line' id='line_1_1' title="bbox 1709 337 2546 402; baseline 0.001 -3"><span class='ocrx_word' id='word_1_1' title='bbox 1709 337 2141 401; x_wconf 81' lang='lat' dir='ltr'>MENOLOGII</span> <span class='ocrx_word' id='word_1_2' title='bbox 2183 340 2394 402; x_wconf 66' lang='lat' dir='ltr'><strong>PARS</strong></span> <span class='ocrx_word' id='word_1_3' title='bbox 2441 340 2518 400; x_wconf 86' lang='lat' dir='ltr'>lll</span> <span class='ocrx_word' id='word_1_4' title='bbox 2531 385 2546 400; x_wconf 91' lang='lat'>.</span> 
     </span>
    </p>
   </div>
   <div class='ocr_carea' id='block_1_2' title="bbox 3673 347 3793 407">
    <p class='ocr_par' dir='ltr' id='par_1_2' title="bbox 3673 347 3793 407">
     <span class='ocr_line' id='line_1_2' title="bbox 3673 347 3793 407; baseline -0.008 0"><span class='ocrx_word' id='word_1_5' title='bbox 3673 347 3793 407; x_wconf 74' lang='grc'>384</span> 
     </span>
    </p>
   </div>
   <div class='ocr_carea' id='block_1_3' title="bbox 389 471 2026 550">
    <p class='ocr_par' dir='ltr' id='par_1_3' title="bbox 389 471 2026 549">
     <span class='ocr_line' id='line_1_3' title="bbox 389 471 2026 549; baseline -0.002 -18"><span class='ocrx_word' id='word_1_6' title='bbox 389 474 470 539; x_wconf 92' lang='lat' dir='ltr'>di,</span> <span class='ocrx_word' id='word_1_7' title='bbox 504 478 564 530; x_wconf 86' lang='lat' dir='ltr'>et</span> <span class='ocrx_word' id='word_1_8' title='bbox 591 472 1024 545; x_wconf 80' lang='lat' dir='ltr'>multiplicibus</span> <span class='ocrx_word' id='word_1_9' title='bbox 1055 474 1368 532; x_wconf 81' lang='lat' dir='ltr'>tormentis</span> <span class='ocrx_word' id='word_1_10' title='bbox 1399 472 1600 549; x_wconf 78' lang='lat' dir='ltr'>afﬂigi,</span> <span class='ocrx_word' id='word_1_11' title='bbox 1626 490 1745 530; x_wconf 88' lang='lat' dir='ltr'>non</span> <span class='ocrx_word' id='word_1_12' title='bbox 1769 473 1961 546; x_wconf 90' lang='lat' dir='ltr'>potuit</span> <span class='ocrx_word' id='word_1_13' title='bbox 1981 471 2026 529; x_wconf 82' lang='lat' dir='ltr'>id</span> 
     </span>
    </p>
   </div>
   <div class='ocr_carea' id='block_1_4' title="bbox 2140 471 3802 550">
    <p class='ocr_par' dir='ltr' id='par_1_4' title="bbox 2149 471 3802 550">
     <span class='ocr_line' id='line_1_4' title="bbox 2149 471 3802 550; baseline 0.003 -22"><span class='ocrx_word' id='word_1_14' title='bbox 2149 471 2242 528; x_wconf 82' lang='grc' dir='ltr'>τὸν</span> <span class='ocrx_word' id='word_1_15' title='bbox 2297 473 2526 549; x_wconf 78' lang='grc' dir='ltr'>Χριστὸν</span> <span class='ocrx_word' id='word_1_16' title='bbox 2585 472 2994 550; x_wconf 81' lang='grc' dir='ltr'>ὁμολογοῦντας</span> <span class='ocrx_word' id='word_1_17' title='bbox 3051 476 3471 550; x_wconf 72' lang='grc' dir='ltr'>κρατουμένους,</span> <span class='ocrx_word' id='word_1_18' title='bbox 3523 477 3614 532; x_wconf 87' lang='grc' dir='ltr'>καὶ</span> <span class='ocrx_word' id='word_1_19' title='bbox 3682 475 3802 534; x_wconf 85' lang='grc' dir='ltr'>δια-</span> 
     </span>
    </p>
   </div>
   <div class='ocr_carea' id='block_1_5' title="bbox 388 563 2038 636">
    <p class='ocr_par' dir='ltr' id='par_1_5' title="bbox 388 563 2038 636">
     <span class='ocr_line' id='line_1_5' title="bbox 388 563 2038 636; baseline -0.002 -14"><span class='ocrx_word' id='word_1_20' title='bbox 388 564 644 634; x_wconf 72' lang='lat' dir='ltr'>amplius</span> <span class='ocrx_word' id='word_1_21' title='bbox 676 563 958 634; x_wconf 86' lang='lat' dir='ltr'>perferre.</span> <span class='ocrx_word' id='word_1_22' title='bbox 1004 565 1167 619; x_wconf 76' lang='lat' dir='ltr'>Unde</span> <span class='ocrx_word' id='word_1_23' title='bbox 1225 563 1530 619; x_wconf 80' lang='lat' dir='ltr'>sedentem</span> <span class='ocrx_word' id='word_1_24' title='bbox 1589 582 1695 636; x_wconf 92' lang='lat' dir='ltr'>pro</span> <span class='ocrx_word' id='word_1_25' title='bbox 1754 563 2038 618; x_wconf 81' lang='lat' dir='ltr'>tribunali</span> 
     </span>
    </p>
   </div>
   <div class='ocr_carea' id='block_1_6' title="bbox 2151 562 3795 640">
    <p class='ocr_par' dir='ltr' id='par_1_6' title="bbox 2151 562 3795 640">
     <span class='ocr_line' id='line_1_6' title="bbox 2151 562 3795 640; baseline 0.004 -24"><span class='ocrx_word' id='word_1_26' title='bbox 2151 562 2343 638; x_wconf 80' lang='grc' dir='ltr'>φόροις</span> <span class='ocrx_word' id='word_1_27' title='bbox 2427 562 2681 638; x_wconf 78' lang='grc' dir='ltr'>βασάνοις</span> <span class='ocrx_word' id='word_1_28' title='bbox 2764 562 3199 636; x_wconf 67' lang='grc' dir='ltr'>ἐξεταζομένους,</span> <span class='ocrx_word' id='word_1_29' title='bbox 3307 565 3414 640; x_wconf 79' lang='grc' dir='ltr'>οὐχ</span> <span class='ocrx_word' id='word_1_30' title='bbox 3495 566 3795 640; x_wconf 69' lang='grc' dir='ltr'>ὑπέμεινεν·</span> 
     </span>
    </p>
   </div>
   <div class='ocr_carea' id='block_1_7' title="bbox 3307 565 3414 642">
    <p class='ocr_par' dir='ltr' id='par_1_7' title="bbox 3307 565 3414 642">
     <span class='ocr_line' id='line_1_7' title="bbox 3307 565 3414 642; baseline -0.009 -22"><span class='ocrx_word' id='word_1_31' title='bbox 3307 565 3414 642; x_wconf 79' lang='grc' dir='ltr'>οὐχ</span> 
     </span>
    </p>
   </div>
   <div class='ocr_carea' id='block_1_8' title="bbox 387 649 2026 729">
    <p class='ocr_par' dir='ltr' id='par_1_8' title="bbox 387 653 2026 727">
     <span class='ocr_line' id='line_1_8' title="bbox 387 653 2026 727; baseline -0.002 -20"><span class='ocrx_word' id='word_1_32' title='bbox 387 653 704 726; x_wconf 75' lang='lat' dir='ltr'>prmsidem</span> <span class='ocrx_word' id='word_1_33' title='bbox 761 669 1034 721; x_wconf 82' lang='lat' dir='ltr'>cernens,</span> <span class='ocrx_word' id='word_1_34' title='bbox 1095 653 1404 708; x_wconf 88' lang='lat' dir='ltr'>hominum</span> <span class='ocrx_word' id='word_1_35' title='bbox 1460 654 1812 727; x_wconf 87' lang='lat' dir='ltr'>sanguinem</span> <span class='ocrx_word' id='word_1_36' title='bbox 1883 653 2026 708; x_wconf 83' lang='lat' dir='ltr'>velul</span> 
     </span>
    </p>
   </div>
   <div class='ocr_carea' id='block_1_9' title="bbox 2140 649 3794 729">
    <p class='ocr_par' dir='ltr' id='par_1_9' title="bbox 2149 649 3794 729">
     <span class='ocr_line' id='line_1_9' title="bbox 2149 649 3794 729; baseline 0.003 -23"><span class='ocrx_word' id='word_1_37' title='bbox 2149 649 2297 706; x_wconf 71' lang='grc' dir='ltr'>ἀλλὰ</span> <span class='ocrx_word' id='word_1_38' title='bbox 2328 654 2746 727; x_wconf 64' lang='grc' dir='ltr'>προκαθήμενον</span> <span class='ocrx_word' id='word_1_39' title='bbox 2781 654 2870 707; x_wconf 86' lang='grc' dir='ltr'>τὸν</span> <span class='ocrx_word' id='word_1_40' title='bbox 2903 653 3146 729; x_wconf 80' lang='grc' dir='ltr'>ἄρχοντα</span> <span class='ocrx_word' id='word_1_41' title='bbox 3204 651 3360 725; x_wconf 71' lang='grc' dir='ltr'>ἰδὼν,</span> <span class='ocrx_word' id='word_1_42' title='bbox 3418 655 3508 710; x_wconf 82' lang='grc' dir='ltr'>καὶ</span> <span class='ocrx_word' id='word_1_43' title='bbox 3565 657 3633 711; x_wconf 84' lang='grc' dir='ltr'>τά</span> <span class='ocrx_word' id='word_1_44' title='bbox 3686 663 3794 713; x_wconf 84' lang='grc' dir='ltr'>τῶν</span> 
     </span>
    </p>
   </div>
   <div class='ocr_carea' id='block_1_10' title="bbox 387 742 2038 814">
    <p class='ocr_par' dir='ltr' id='par_1_10' title="bbox 387 742 2038 814">
     <span class='ocr_line' id='line_1_10' title="bbox 387 742 2038 814; baseline 0.001 -17"><span class='ocrx_word' id='word_1_45' title='bbox 387 758 572 813; x_wconf 81' lang='lat' dir='ltr'>aquas</span> <span class='ocrx_word' id='word_1_46' title='bbox 597 742 1026 801; x_wconf 82' lang='lat' dir='ltr'>elTundeutem.</span> <span class='ocrx_word' id='word_1_47' title='bbox 1050 759 1250 797; x_wconf 90' lang='lat' dir='ltr'>coram</span> <span class='ocrx_word' id='word_1_48' title='bbox 1283 743 1410 814; x_wconf 91' lang='lat' dir='ltr'>ipso</span> <span class='ocrx_word' id='word_1_49' title='bbox 1433 743 1786 807; x_wconf 84' lang='lat' dir='ltr'>consistens,</span> <span class='ocrx_word' id='word_1_50' title='bbox 1834 743 2038 798; x_wconf 83' lang='lat' dir='ltr'>redar—</span> 
     </span>
    </p>
   </div>
   <div class='ocr_carea' id='block_1_11' title="bbox 386 831 2039 905">
    <p class='ocr_par' dir='ltr' id='par_1_11' title="bbox 386 831 2039 905">
     <span class='ocr_line' id='line_1_11' title="bbox 386 831 2039 905; baseline 0 -19"><span class='ocrx_word' id='word_1_51' title='bbox 386 833 511 905; x_wconf 84' lang='lat' dir='ltr'>guit</span> <span class='ocrx_word' id='word_1_52' title='bbox 533 848 690 896; x_wconf 89' lang='lat' dir='ltr'>enm,</span> <span class='ocrx_word' id='word_1_53' title='bbox 728 831 970 886; x_wconf 89' lang='lat' dir='ltr'>dicens:</span> <span class='ocrx_word' id='word_1_54' title='bbox 1015 832 1164 896; x_wconf 88' lang='lat' dir='ltr'>Quid</span> <span class='ocrx_word' id='word_1_55' title='bbox 1200 833 1277 887; x_wconf 88' lang='lat' dir='ltr'>ita</span> <span class='ocrx_word' id='word_1_56' title='bbox 1327 833 1601 888; x_wconf 66' lang='lat' dir='ltr'>humanae</span> <span class='ocrx_word' id='word_1_57' title='bbox 1632 839 1859 888; x_wconf 69' lang='lat' dir='ltr'>natura:</span> <span class='ocrx_word' id='word_1_58' title='bbox 1891 833 2039 887; x_wconf 87' lang='lat' dir='ltr'>obli-</span> 
     </span>
    </p>
   </div>
   <div class='ocr_carea' id='block_1_12' title="bbox 385 922 2038 995">
    <p class='ocr_par' dir='ltr' id='par_1_12' title="bbox 385 922 2038 995">
     <span class='ocr_line' id='line_1_12' title="bbox 385 922 2038 995; baseline 0.001 -19"><span class='ocrx_word' id='word_1_59' title='bbox 385 922 648 981; x_wconf 81' lang='lat' dir='ltr'>visceris.</span> <span class='ocrx_word' id='word_1_60' title='bbox 684 922 849 976; x_wconf 84' lang='lat' dir='ltr'>canis</span> <span class='ocrx_word' id='word_1_61' title='bbox 882 922 1235 976; x_wconf 75' lang='lat' dir='ltr'>insatiabilis</span> <span class='ocrx_word' id='word_1_62' title='bbox 1257 923 1284 978; x_wconf 77' lang='lat' dir='ltr'>‘I</span> <span class='ocrx_word' id='word_1_63' title='bbox 1313 923 1452 978; x_wconf 89' lang='lat' dir='ltr'>dum</span> <span class='ocrx_word' id='word_1_64' title='bbox 1486 923 1777 990; x_wconf 89' lang='lat' dir='ltr'>homines,</span> <span class='ocrx_word' id='word_1_65' title='bbox 1811 926 1900 979; x_wconf 79' lang='grc'>41</span> <span class='ocrx_word' id='word_1_66' title='bbox 1937 924 2038 995; x_wconf 91' lang='lat' dir='ltr'>qui</span> 
     </span>
    </p>
   </div>
   <div class='ocr_carea' id='block_1_13' title="bbox 387 1010 2038 1086">
    <p class='ocr_par' dir='ltr' id='par_1_13' title="bbox 387 1010 2038 1086">
     <span class='ocr_line' id='line_1_13' title="bbox 387 1010 2038 1086; baseline 0.001 -20"><span class='ocrx_word' id='word_1_67' title='bbox 387 1015 584 1066; x_wconf 82' lang='lat' dir='ltr'>tecum</span> <span class='ocrx_word' id='word_1_68' title='bbox 614 1010 879 1080; x_wconf 85' lang='lat' dir='ltr'>ejusdem</span> <span class='ocrx_word' id='word_1_69' title='bbox 906 1016 1045 1066; x_wconf 91' lang='lat' dir='ltr'>sunt</span> <span class='ocrx_word' id='word_1_70' title='bbox 1065 1018 1602 1083; x_wconf 62' lang='lat' dir='ltr'>naturzeJanquam</span> <span class='ocrx_word' id='word_1_71' title='bbox 1633 1012 2038 1086; x_wconf 69' lang='lat' dir='ltr'>lignagladiis</span> 
     </span>
    </p>
   </div>
   <div class='ocr_carea' id='block_1_14' title="bbox 390 1099 2038 1174">
    <p class='ocr_par' dir='ltr' id='par_1_14' title="bbox 390 1099 2038 1174">
     <span class='ocr_line' id='line_1_14' title="bbox 390 1099 2038 1174; baseline 0 -18"><span class='ocrx_word' id='word_1_72' title='bbox 390 1099 669 1160; x_wconf 86' lang='lat' dir='ltr'>dissecas.</span> <span class='ocrx_word' id='word_1_73' title='bbox 697 1116 764 1154; x_wconf 92' lang='lat' dir='ltr'>eo</span> <span class='ocrx_word' id='word_1_74' title='bbox 788 1100 944 1170; x_wconf 92' lang='lat' dir='ltr'>quod</span> <span class='ocrx_word' id='word_1_75' title='bbox 963 1117 1165 1155; x_wconf 89' lang='lat' dir='ltr'>verum</span> <span class='ocrx_word' id='word_1_76' title='bbox 1190 1103 1374 1156; x_wconf 89' lang='lat' dir='ltr'>Deum</span> <span class='ocrx_word' id='word_1_77' title='bbox 1392 1101 1684 1174; x_wconf 64' lang='lat' dir='ltr'>praedicari</span> <span class='ocrx_word' id='word_1_78' title='bbox 1697 1108 1734 1164; x_wconf 83' lang='grc' dir='ltr'>ι,</span> <span class='ocrx_word' id='word_1_79' title='bbox 1761 1108 1818 1157; x_wconf 92' lang='lat' dir='ltr'>et</span> <span class='ocrx_word' id='word_1_80' title='bbox 1845 1102 2038 1156; x_wconf 89' lang='lat' dir='ltr'>idolo-</span> 
     </span>
    </p>
   </div>
   <div class='ocr_carea' id='block_1_15' title="bbox 387 1189 2037 1262">
    <p class='ocr_par' dir='ltr' id='par_1_15' title="bbox 387 1189 2037 1262">
     <span class='ocr_line' id='line_1_15' title="bbox 387 1189 2037 1262; baseline 0 -18"><span class='ocrx_word' id='word_1_81' title='bbox 387 1206 521 1244; x_wconf 88' lang='lat' dir='ltr'>rum</span> <span class='ocrx_word' id='word_1_82' title='bbox 554 1206 816 1245; x_wconf 90' lang='lat' dir='ltr'>errorem</span> <span class='ocrx_word' id='word_1_83' title='bbox 871 1189 1280 1246; x_wconf 77' lang='lat' dir='ltr'>detestantur:</span> <span class='ocrx_word' id='word_1_84' title='bbox 1331 1197 1397 1246; x_wconf 91' lang='lat' dir='ltr'>ut</span> <span class='ocrx_word' id='word_1_85' title='bbox 1439 1197 1498 1246; x_wconf 90' lang='lat' dir='ltr'>et</span> <span class='ocrx_word' id='word_1_86' title='bbox 1544 1208 1648 1262; x_wconf 87' lang='lat' dir='ltr'>ego</span> <span class='ocrx_word' id='word_1_87' title='bbox 1705 1191 1875 1260; x_wconf 84' lang='lat' dir='ltr'>facio,</span> <span class='ocrx_word' id='word_1_88' title='bbox 1937 1191 2037 1262; x_wconf 89' lang='lat' dir='ltr'>qui</span> 
     </span>
    </p>
   </div>
   <div class='ocr_carea' id='block_1_16' title="bbox 389 1279 2038 1352">
    <p class='ocr_par' dir='ltr' id='par_1_16' title="bbox 389 1279 2038 1352">
     <span class='ocr_line' id='line_1_16' title="bbox 389 1279 2038 1352; baseline 0.001 -18"><span class='ocrx_word' id='word_1_89' title='bbox 389 1295 592 1334; x_wconf 89' lang='lat' dir='ltr'>servus</span> <span class='ocrx_word' id='word_1_90' title='bbox 620 1279 834 1334; x_wconf 81' lang='lat' dir='ltr'>Christi</span> <span class='ocrx_word' id='word_1_91' title='bbox 867 1295 1018 1334; x_wconf 88' lang='lat' dir='ltr'>sum.</span> <span class='ocrx_word' id='word_1_92' title='bbox 1053 1280 1422 1352; x_wconf 82' lang='lat' dir='ltr'>Quapropter</span> <span class='ocrx_word' id='word_1_93' title='bbox 1441 1296 1574 1336; x_wconf 88' lang='lat' dir='ltr'>cum</span> <span class='ocrx_word' id='word_1_94' title='bbox 1606 1281 1668 1335; x_wconf 89' lang='lat' dir='ltr'>in</span> <span class='ocrx_word' id='word_1_95' title='bbox 1701 1281 1848 1335; x_wconf 91' lang='lat' dir='ltr'>iram</span> <span class='ocrx_word' id='word_1_96' title='bbox 1882 1281 2038 1335; x_wconf 82' lang='lat' dir='ltr'>exci-</span> 
     </span>
    </p>
   </div>
   <div class='ocr_carea' id='block_1_17' title="bbox 387 1368 2038 1440">
    <p class='ocr_par' dir='ltr' id='par_1_17' title="bbox 387 1368 2038 1440">
     <span class='ocr_line' id='line_1_17' title="bbox 387 1368 2038 1440; baseline 0.003 -19"><span class='ocrx_word' id='word_1_97' title='bbox 387 1371 570 1422; x_wconf 88' lang='lat' dir='ltr'>tasset</span> <span class='ocrx_word' id='word_1_98' title='bbox 603 1368 938 1439; x_wconf 71' lang='lat' dir='ltr'>praasidem,</span> <span class='ocrx_word' id='word_1_99' title='bbox 971 1371 1460 1440; x_wconf 82' lang='lat' dir='ltr'>comprehensus,</span> <span class='ocrx_word' id='word_1_100' title='bbox 1493 1369 1816 1425; x_wconf 84' lang='lat' dir='ltr'>crudeliter</span> <span class='ocrx_word' id='word_1_101' title='bbox 1835 1386 2038 1426; x_wconf 82' lang='lat' dir='ltr'>excru-</span> 
     </span>
    </p>
   </div>
   <div class='ocr_carea' id='block_1_18' title="bbox 387 1457 2036 1530">
    <p class='ocr_par' dir='ltr' id='par_1_18' title="bbox 387 1457 2036 1530">
     <span class='ocr_line' id='line_1_18' title="bbox 387 1457 2036 1530; baseline 0.001 -17"><span class='ocrx_word' id='word_1_102' title='bbox 387 1457 577 1513; x_wconf 87' lang='lat' dir='ltr'>ciatus</span> <span class='ocrx_word' id='word_1_103' title='bbox 607 1462 729 1512; x_wconf 91' lang='lat' dir='ltr'>est:</span> <span class='ocrx_word' id='word_1_104' title='bbox 764 1459 1182 1528; x_wconf 87' lang='lat' dir='ltr'>Christumque</span> <span class='ocrx_word' id='word_1_105' title='bbox 1211 1476 1401 1530; x_wconf 88' lang='lat' dir='ltr'>usque</span> <span class='ocrx_word' id='word_1_106' title='bbox 1459 1459 1532 1515; x_wconf 87' lang='lat' dir='ltr'>ad</span> <span class='ocrx_word' id='word_1_107' title='bbox 1580 1460 1714 1514; x_wconf 63' lang='lat' dir='ltr'>vita:</span> <span class='ocrx_word' id='word_1_108' title='bbox 1763 1459 1945 1515; x_wconf 83' lang='lat' dir='ltr'>tinem</span> <span class='ocrx_word' id='word_1_109' title='bbox 1973 1459 2036 1516; x_wconf 90' lang='lat' dir='ltr'>in</span> 
     </span>
    </p>
   </div>
   <div class='ocr_carea' id='block_1_19' title="bbox 388 1545 1545 1620">
    <p class='ocr_par' dir='ltr' id='par_1_19' title="bbox 388 1545 1545 1620">
     <span class='ocr_line' id='line_1_19' title="bbox 388 1545 1545 1620; baseline 0.001 -19"><span class='ocrx_word' id='word_1_110' title='bbox 388 1560 490 1601; x_wconf 90' lang='lat' dir='ltr'>ore</span> <span class='ocrx_word' id='word_1_111' title='bbox 518 1545 738 1614; x_wconf 80' lang='lat' dir='ltr'>ferens,</span> <span class='ocrx_word' id='word_1_112' title='bbox 773 1547 962 1620; x_wconf 84' lang='lat' dir='ltr'>capite</span> <span class='ocrx_word' id='word_1_113' title='bbox 994 1547 1382 1603; x_wconf 84' lang='lat' dir='ltr'>obtruncatus</span> <span class='ocrx_word' id='word_1_114' title='bbox 1413 1547 1545 1602; x_wconf 85' lang='lat' dir='ltr'>fuit.</span> 
     </span>
    </p>
   </div>
   <div class='ocr_carea' id='block_1_20' title="bbox 942 1662 1474 1720">
    <p class='ocr_par' dir='ltr' id='par_1_20' title="bbox 942 1662 1474 1720">
     <span class='ocr_line' id='line_1_20' title="bbox 942 1662 1474 1720; baseline -0.006 0"><span class='ocrx_word' id='word_1_115' title='bbox 942 1663 1183 1720; x_wconf 86' lang='lat' dir='ltr'><strong>EODEM</strong></span> <span class='ocrx_word' id='word_1_116' title='bbox 1223 1662 1474 1719; x_wconf 78' lang='lat' dir='ltr'>MENSE.</span> 
     </span>
    </p>
   </div>
   <div class='ocr_carea' id='block_1_21' title="bbox 1054 1761 1366 1816">
    <p class='ocr_par' dir='ltr' id='par_1_21' title="bbox 1054 1761 1366 1816">
     <span class='ocr_line' id='line_1_21' title="bbox 1054 1761 1366 1816; baseline -0.003 0"><span class='ocrx_word' id='word_1_117' title='bbox 1054 1761 1157 1816; x_wconf 93' lang='lat' dir='ltr'>Die</span> <span class='ocrx_word' id='word_1_118' title='bbox 1190 1761 1366 1816; x_wconf 90' lang='lat' dir='ltr'>tertia</span> 
     </span>
    </p>
   </div>
   <div class='ocr_carea' id='block_1_22' title="bbox 2149 740 3795 821">
    <p class='ocr_par' dir='ltr' id='par_1_22' title="bbox 2149 740 3795 821">
     <span class='ocr_line' id='line_1_22' title="bbox 2149 740 3795 821; baseline 0.004 -26"><span class='ocrx_word' id='word_1_119' title='bbox 2149 740 2452 814; x_wconf 85' lang='grc' dir='ltr'>ἀνθρώπων</span> <span class='ocrx_word' id='word_1_120' title='bbox 2511 743 2714 815; x_wconf 85' lang='grc' dir='ltr'>αἳματα</span> <span class='ocrx_word' id='word_1_121' title='bbox 2770 743 2952 818; x_wconf 76' lang='grc' dir='ltr'>ὥσπερ</span> <span class='ocrx_word' id='word_1_122' title='bbox 3008 741 3177 798; x_wconf 73' lang='grc' dir='ltr'>ὕδατα</span> <span class='ocrx_word' id='word_1_123' title='bbox 3234 743 3516 821; x_wconf 67' lang='grc' dir='ltr'>ἐκχέοντα,</span> <span class='ocrx_word' id='word_1_124' title='bbox 3584 749 3795 810; x_wconf 83' lang='grc' dir='ltr'>σταθεὶς</span> 
     </span>
    </p>
   </div>
   <div class='ocr_carea' id='block_1_23' title="bbox 2150 827 3796 906">
    <p class='ocr_par' dir='ltr' id='par_1_23' title="bbox 2150 827 3796 906">
     <span class='ocr_line' id='line_1_23' title="bbox 2150 827 3796 906; baseline 0.005 -22"><span class='ocrx_word' id='word_1_125' title='bbox 2150 827 2229 893; x_wconf 70' lang='grc' dir='ltr'>εἷς</span> <span class='ocrx_word' id='word_1_126' title='bbox 2257 829 2551 905; x_wconf 82' lang='grc' dir='ltr'>πρόσωπον</span> <span class='ocrx_word' id='word_1_127' title='bbox 2596 829 2759 886; x_wconf 84' lang='grc' dir='ltr'>αὐτοὸ</span> <span class='ocrx_word' id='word_1_128' title='bbox 2814 831 3042 906; x_wconf 69' lang='grc' dir='ltr'>ἤλεγξεν</span> <span class='ocrx_word' id='word_1_129' title='bbox 3100 833 3262 888; x_wconf 82' lang='grc' dir='ltr'>αὐτὸν</span> <span class='ocrx_word' id='word_1_130' title='bbox 3323 833 3511 892; x_wconf 77' lang='grc' dir='ltr'>εἰπών.</span> <span class='ocrx_word' id='word_1_131' title='bbox 3571 837 3687 892; x_wconf 86' lang='grc' dir='ltr'>Ἰνα</span> <span class='ocrx_word' id='word_1_132' title='bbox 3741 836 3796 892; x_wconf 92' lang='grc' dir='ltr'>τί</span> 
     </span>
    </p>
   </div>
   <div class='ocr_carea' id='block_1_24' title="bbox 2145 918 3790 1000">
    <p class='ocr_par' dir='ltr' id='par_1_24' title="bbox 2145 918 3790 1000">
     <span class='ocr_line' id='line_1_24' title="bbox 2145 918 3790 1000; baseline 0.003 -28"><span class='ocrx_word' id='word_1_133' title='bbox 2145 922 2404 974; x_wconf 83' lang='grc' dir='ltr'>τοσοῦτον</span> <span class='ocrx_word' id='word_1_134' title='bbox 2461 918 2730 984; x_wconf 77' lang='grc' dir='ltr'>ἐπελάθου</span> <span class='ocrx_word' id='word_1_135' title='bbox 2785 927 2885 989; x_wconf 77' lang='grc' dir='ltr'>τῆς</span> <span class='ocrx_word' id='word_1_136' title='bbox 2945 921 3291 993; x_wconf 80' lang='grc' dir='ltr'>ἀνθρωπίνης</span> <span class='ocrx_word' id='word_1_137' title='bbox 3353 923 3584 1000; x_wconf 69' lang='grc' dir='ltr'>φύσεως,</span> <span class='ocrx_word' id='word_1_138' title='bbox 3644 925 3790 980; x_wconf 86' lang='grc' dir='ltr'>κύων</span> 
     </span>
    </p>
   </div>
   <div class='ocr_carea' id='block_1_25' title="bbox 2149 1007 3793 1090">
    <p class='ocr_par' dir='ltr' id='par_1_25' title="bbox 2149 1007 3793 1090">
     <span class='ocr_line' id='line_1_25' title="bbox 2149 1007 3793 1090; baseline 0.004 -28"><span class='ocrx_word' id='word_1_139' title='bbox 2149 1007 2422 1080; x_wconf 86' lang='grc' dir='ltr'>ἀκόρεστε,</span> <span class='ocrx_word' id='word_1_140' title='bbox 2457 1009 2540 1064; x_wconf 81' lang='grc' dir='ltr'>δτι</span> <span class='ocrx_word' id='word_1_141' title='bbox 2569 1008 2697 1073; x_wconf 74' lang='grc' dir='ltr'>τοὺς</span> <span class='ocrx_word' id='word_1_142' title='bbox 2743 1011 3022 1084; x_wconf 79' lang='grc' dir='ltr'>ὁμογενεῖς</span> <span class='ocrx_word' id='word_1_143' title='bbox 3071 1011 3159 1065; x_wconf 87' lang='grc' dir='ltr'>καὶ</span> <span class='ocrx_word' id='word_1_144' title='bbox 3215 1011 3535 1090; x_wconf 73' lang='grc' dir='ltr'>ὁμοφύλους</span> <span class='ocrx_word' id='word_1_145' title='bbox 3580 1013 3793 1090; x_wconf 84' lang='grc' dir='ltr'>ἀνθρώ-</span> 
     </span>
    </p>
   </div>
   <div class='ocr_carea' id='block_1_26' title="bbox 2147 1088 3790 1169">
    <p class='ocr_par' dir='ltr' id='par_1_26' title="bbox 2147 1088 3790 1169">
     <span class='ocr_line' id='line_1_26' title="bbox 2147 1088 3790 1169; baseline 0.003 -28"><span class='ocrx_word' id='word_1_146' title='bbox 2147 1108 2284 1150; x_wconf 89' lang='grc' dir='ltr'>πους</span> <span class='ocrx_word' id='word_1_147' title='bbox 2337 1089 2702 1151; x_wconf 78' lang='grc' dir='ltr'>κπτακύπτεις</span> <span class='ocrx_word' id='word_1_148' title='bbox 2760 1088 2834 1151; x_wconf 85' lang='grc' dir='ltr'>ὠς</span> <span class='ocrx_word' id='word_1_149' title='bbox 2889 1091 3022 1164; x_wconf 76' lang='grc' dir='ltr'>ξύλα</span> <span class='ocrx_word' id='word_1_150' title='bbox 3077 1096 3193 1153; x_wconf 89' lang='grc' dir='ltr'>τοῖς</span> <span class='ocrx_word' id='word_1_151' title='bbox 3253 1092 3449 1169; x_wconf 72' lang='grc' dir='ltr'>ξίφεσι,</span> <span class='ocrx_word' id='word_1_152' title='bbox 3502 1089 3639 1148; x_wconf 81' lang='grc' dir='ltr'>διότι</span> <span class='ocrx_word' id='word_1_153' title='bbox 3681 1088 3790 1148; x_wconf 67' lang='grc' dir='ltr'>τὸν</span> 
     </span>
    </p>
   </div>
   <div class='ocr_carea' id='block_1_27' title="bbox 2147 1179 3795 1256">
    <p class='ocr_par' dir='ltr' id='par_1_27' title="bbox 2147 1179 3795 1256">
     <span class='ocr_line' id='line_1_27' title="bbox 2147 1179 3795 1256; baseline 0.004 -23"><span class='ocrx_word' id='word_1_154' title='bbox 2147 1179 2410 1250; x_wconf 85' lang='grc' dir='ltr'>ἀληθινὸν</span> <span class='ocrx_word' id='word_1_155' title='bbox 2441 1181 2569 1236; x_wconf 84' lang='grc' dir='ltr'>Θεὸν</span> <span class='ocrx_word' id='word_1_156' title='bbox 2599 1179 2953 1256; x_wconf 79' lang='grc' dir='ltr'>κηρύττουσι,</span> <span class='ocrx_word' id='word_1_157' title='bbox 2992 1182 3083 1236; x_wconf 79' lang='grc' dir='ltr'>καὶ</span> <span class='ocrx_word' id='word_1_158' title='bbox 3137 1183 3236 1250; x_wconf 60' lang='grc' dir='ltr'>τήν</span> <span class='ocrx_word' id='word_1_159' title='bbox 3298 1181 3515 1253; x_wconf 78' lang='grc' dir='ltr'>πλάνην</span> <span class='ocrx_word' id='word_1_160' title='bbox 3567 1188 3674 1239; x_wconf 87' lang='grc' dir='ltr'>τῶν</span> <span class='ocrx_word' id='word_1_161' title='bbox 3723 1184 3795 1239; x_wconf 83' lang='grc' dir='ltr'>εί·</span> 
     </span>
    </p>
   </div>
   <div class='ocr_carea' id='block_1_28' title="bbox 2149 1265 3795 1345">
    <p class='ocr_par' dir='ltr' id='par_1_28' title="bbox 2149 1265 3795 1345">
     <span class='ocr_line' id='line_1_28' title="bbox 2149 1265 3795 1345; baseline 0.002 -22"><span class='ocrx_word' id='word_1_162' title='bbox 2149 1265 2343 1324; x_wconf 86' lang='grc' dir='ltr'>δώλων</span> <span class='ocrx_word' id='word_1_163' title='bbox 2379 1268 2691 1345; x_wconf 69' lang='grc' dir='ltr'>ἐλέγχουσι,</span> <span class='ocrx_word' id='word_1_164' title='bbox 2749 1272 2927 1332; x_wconf 84' lang='grc' dir='ltr'>καθὼς</span> <span class='ocrx_word' id='word_1_165' title='bbox 2984 1270 3074 1326; x_wconf 85' lang='grc' dir='ltr'>καὶ</span> <span class='ocrx_word' id='word_1_166' title='bbox 3132 1270 3243 1345; x_wconf 68' lang='grc' dir='ltr'>ἐγὼ</span> <span class='ocrx_word' id='word_1_167' title='bbox 3302 1268 3502 1334; x_wconf 81' lang='grc' dir='ltr'>δοῦλος</span> <span class='ocrx_word' id='word_1_168' title='bbox 3558 1273 3795 1345; x_wconf 80' lang='grc' dir='ltr'>Χριστοῦ</span> 
     </span>
    </p>
   </div>
   <div class='ocr_carea' id='block_1_29' title="bbox 2150 1357 3796 1437">
    <p class='ocr_par' dir='ltr' id='par_1_29' title="bbox 2150 1357 3796 1437">
     <span class='ocr_line' id='line_1_29' title="bbox 2150 1357 3796 1437; baseline 0.002 -23"><span class='ocrx_word' id='word_1_169' title='bbox 2150 1357 2449 1434; x_wconf 81' lang='grc' dir='ltr'>ὑπάρχων;</span> <span class='ocrx_word' id='word_1_170' title='bbox 2511 1360 2667 1424; x_wconf 82' lang='grc' dir='ltr'>Ὅθεν</span> <span class='ocrx_word' id='word_1_171' title='bbox 2728 1357 2807 1424; x_wconf 75' lang='grc' dir='ltr'>εἷς</span> <span class='ocrx_word' id='word_1_172' title='bbox 2863 1360 3034 1435; x_wconf 75' lang='grc' dir='ltr'>ὀργὴν</span> <span class='ocrx_word' id='word_1_173' title='bbox 3091 1362 3318 1430; x_wconf 85' lang='grc' dir='ltr'>κινήσας</span> <span class='ocrx_word' id='word_1_174' title='bbox 3367 1361 3460 1416; x_wconf 90' lang='grc' dir='ltr'>τὸν</span> <span class='ocrx_word' id='word_1_175' title='bbox 3530 1361 3796 1437; x_wconf 81' lang='grc' dir='ltr'>ἄρχοντα,</span> 
     </span>
    </p>
   </div>
   <div class='ocr_carea' id='block_1_30' title="bbox 2146 1447 3797 1525">
    <p class='ocr_par' dir='ltr' id='par_1_30' title="bbox 2146 1447 3797 1525">
     <span class='ocr_line' id='line_1_30' title="bbox 2146 1447 3797 1525; baseline 0.002 -21"><span class='ocrx_word' id='word_1_176' title='bbox 2146 1447 2434 1524; x_wconf 81' lang='grc' dir='ltr'>κρατηθεὶς</span> <span class='ocrx_word' id='word_1_177' title='bbox 2467 1447 2785 1525; x_wconf 75' lang='grc' dir='ltr'>ἐτιμωρήθη</span> <span class='ocrx_word' id='word_1_178' title='bbox 2820 1448 3086 1524; x_wconf 71' lang='grc' dir='ltr'>ἰσχυρῶς·</span> <span class='ocrx_word' id='word_1_179' title='bbox 3138 1449 3228 1505; x_wconf 84' lang='grc' dir='ltr'>καὶ</span> <span class='ocrx_word' id='word_1_180' title='bbox 3270 1450 3364 1506; x_wconf 87' lang='grc' dir='ltr'>τὸν</span> <span class='ocrx_word' id='word_1_181' title='bbox 3423 1451 3652 1525; x_wconf 86' lang='grc' dir='ltr'>Χριστὸν</span> <span class='ocrx_word' id='word_1_182' title='bbox 3703 1449 3797 1508; x_wconf 73' lang='grc' dir='ltr'>διὰ</span> 
     </span>
    </p>
   </div>
   <div class='ocr_carea' id='block_1_31' title="bbox 2149 1537 3537 1618">
    <p class='ocr_par' dir='ltr' id='par_1_31' title="bbox 2149 1537 3537 1618">
     <span class='ocr_line' id='line_1_31' title="bbox 2149 1537 3537 1618; baseline 0.003 -24"><span class='ocrx_word' id='word_1_183' title='bbox 2149 1538 2420 1612; x_wconf 83' lang='grc' dir='ltr'>στόματος</span> <span class='ocrx_word' id='word_1_184' title='bbox 2451 1540 2626 1614; x_wconf 65' lang='grc' dir='ltr'>ῳέρων</span> <span class='ocrx_word' id='word_1_185' title='bbox 2665 1537 2830 1614; x_wconf 70' lang='grc' dir='ltr'>μέχρι</span> <span class='ocrx_word' id='word_1_186' title='bbox 2867 1538 3088 1610; x_wconf 73' lang='grc' dir='ltr'>τέλους,</span> <span class='ocrx_word' id='word_1_187' title='bbox 3111 1539 3537 1618; x_wconf 72' lang='grc' dir='ltr'>ἀπεκεφαλίσθη.</span> 
     </span>
    </p>
   </div>
   <div class='ocr_carea' id='block_1_32' title="bbox 2695 1657 3241 1715">
    <p class='ocr_par' dir='ltr' id='par_1_32' title="bbox 2695 1657 3241 1715">
     <span class='ocr_line' id='line_1_32' title="bbox 2695 1657 3241 1715; baseline 0.002 -1"><span class='ocrx_word' id='word_1_188' title='bbox 2695 1657 2872 1714; x_wconf 84' lang='lat' dir='ltr'>MHNI</span> <span class='ocrx_word' id='word_1_189' title='bbox 2912 1659 3004 1714; x_wconf 85' lang='grc' dir='ltr'>ΤΩ</span> <span class='ocrx_word' id='word_1_190' title='bbox 3041 1659 3241 1715; x_wconf 78' lang='grc' dir='ltr'>ΑΥΤΩ.</span> 
     </span>
    </p>
   </div>
   <div class='ocr_carea' id='block_1_33' title="bbox 2942 1757 2995 1811">
    <p class='ocr_par' dir='ltr' id='par_1_33' title="bbox 2942 1757 2995 1811">
     <span class='ocr_line' id='line_1_33' title="bbox 2942 1757 2995 1811; baseline 0 -36"><span class='ocrx_word' id='word_1_191' title='bbox 2942 1757 2995 1811; x_wconf 67' lang='grc' dir='ltr'>Γ.</span> 
     </span>
    </p>
   </div>
   <div class='ocr_carea' id='block_1_34' title="bbox 441 1848 2026 1962">
    <p class='ocr_par' dir='ltr' id='par_1_34' title="bbox 441 1873 1969 1952">
     <span class='ocr_line' id='line_1_34' title="bbox 441 1873 1969 1952; baseline 0.006 -24"><span class='ocrx_word' id='word_1_192' title='bbox 441 1873 725 1931; x_wconf 82' lang='lat' dir='ltr'>Certamen</span> <span class='ocrx_word' id='word_1_193' title='bbox 753 1881 956 1932; x_wconf 63' lang='lat' dir='ltr'>saneta:</span> <span class='ocrx_word' id='word_1_194' title='bbox 990 1876 1299 1934; x_wconf 63' lang='lat' dir='ltr'>Theodosia</span> <span class='ocrx_word' id='word_1_195' title='bbox 1333 1879 1578 1948; x_wconf 79' lang='lat' dir='ltr'>Virginis</span> <span class='ocrx_word' id='word_1_196' title='bbox 1609 1885 1661 1934; x_wconf 82' lang='lat' dir='ltr'>et</span> <span class='ocrx_word' id='word_1_197' title='bbox 1685 1882 1969 1952; x_wconf 77' lang='lat' dir='ltr'>martyris.</span> 
     </span>
    </p>
   </div>
   <div class='ocr_carea' id='block_1_35' title="bbox 2140 1848 3795 1962">
    <p class='ocr_par' dir='ltr' id='par_1_35' title="bbox 2144 1871 3795 1962">
     <span class='ocr_line' id='line_1_35' title="bbox 2144 1871 3795 1962; baseline 0.002 -35"><span class='ocrx_word' id='word_1_198' title='bbox 2144 1871 2417 1944; x_wconf 73' lang='grc' dir='ltr'>’Άθλησις</span> <span class='ocrx_word' id='word_1_199' title='bbox 2497 1876 2599 1943; x_wconf 74' lang='grc' dir='ltr'>τῆς</span> <span class='ocrx_word' id='word_1_200' title='bbox 2680 1873 2834 1949; x_wconf 81' lang='grc' dir='ltr'>ἁγίας</span> <span class='ocrx_word' id='word_1_201' title='bbox 2917 1873 3192 1962; x_wconf 35' lang='grc' dir='ltr'>μρὶνρτυρος</span> <span class='ocrx_word' id='word_1_202' title='bbox 3299 1871 3594 1936; x_wconf 86' lang='grc' dir='ltr'>Θεοδοσίας</span> <span class='ocrx_word' id='word_1_203' title='bbox 3687 1881 3795 1945; x_wconf 83' lang='grc' dir='ltr'>τῆς</span> 
     </span>
    </p>
   </div>
   <div class='ocr_carea' id='block_1_36' title="bbox 453 2069 2032 2150">
    <p class='ocr_par' dir='ltr' id='par_1_36' title="bbox 453 2069 2032 2150">
     <span class='ocr_line' id='line_1_36' title="bbox 453 2069 2032 2150; baseline 0.005 -24"><span class='ocrx_word' id='word_1_204' title='bbox 453 2069 786 2127; x_wconf 87' lang='lat' dir='ltr'>Theodosia</span> <span class='ocrx_word' id='word_1_205' title='bbox 813 2071 1030 2128; x_wconf 85' lang='lat' dir='ltr'>Christi</span> <span class='ocrx_word' id='word_1_206' title='bbox 1062 2079 1288 2145; x_wconf 85' lang='lat' dir='ltr'>martyr</span> <span class='ocrx_word' id='word_1_207' title='bbox 1316 2073 1428 2129; x_wconf 85' lang='lat' dir='ltr'>fuit</span> <span class='ocrx_word' id='word_1_208' title='bbox 1480 2091 1551 2131; x_wconf 84' lang='lat' dir='ltr'>ex</span> <span class='ocrx_word' id='word_1_209' title='bbox 1597 2076 1830 2132; x_wconf 85' lang='lat' dir='ltr'>civitate</span> <span class='ocrx_word' id='word_1_210' title='bbox 1877 2077 2032 2150; x_wconf 87' lang='lat' dir='ltr'>Tyri.</span> 
     </span>
    </p>
   </div>
   <div class='ocr_carea' id='block_1_37' title="bbox 382 2157 2032 2222">
    <p class='ocr_par' dir='ltr' id='par_1_37' title="bbox 382 2157 2032 2222">
     <span class='ocr_line' id='line_1_37' title="bbox 382 2157 2032 2222; baseline 0.005 -8"><span class='ocrx_word' id='word_1_211' title='bbox 382 2157 526 2215; x_wconf 88' lang='lat' dir='ltr'>Cum</span> <span class='ocrx_word' id='word_1_212' title='bbox 553 2165 752 2215; x_wconf 89' lang='lat' dir='ltr'>autem</span> <span class='ocrx_word' id='word_1_213' title='bbox 783 2161 1082 2216; x_wconf 89' lang='lat' dir='ltr'>decimum</span> <span class='ocrx_word' id='word_1_214' title='bbox 1113 2169 1386 2218; x_wconf 86' lang='lat' dir='ltr'>octavum</span> <span class='ocrx_word' id='word_1_215' title='bbox 1417 2181 1539 2219; x_wconf 75' lang='lat' dir='ltr'>suae</span> <span class='ocrx_word' id='word_1_216' title='bbox 1571 2165 1761 2220; x_wconf 69' lang='lat' dir='ltr'>aetatis</span> <span class='ocrx_word' id='word_1_217' title='bbox 1804 2182 2032 2222; x_wconf 84' lang='lat' dir='ltr'>annum</span> 
     </span>
    </p>
   </div>
   <div class='ocr_carea' id='block_1_38' title="bbox 381 2251 2034 2326">
    <p class='ocr_par' dir='ltr' id='par_1_38' title="bbox 381 2251 2034 2326">
     <span class='ocr_line' id='line_1_38' title="bbox 381 2251 2034 2326; baseline 0.005 -23"><span class='ocrx_word' id='word_1_218' title='bbox 381 2251 794 2325; x_wconf 22' lang='lat' dir='ltr'>ageretrquod</span> <span class='ocrx_word' id='word_1_219' title='bbox 841 2253 1179 2309; x_wconf 89' lang='lat' dir='ltr'>Christiana</span> <span class='ocrx_word' id='word_1_220' title='bbox 1226 2260 1403 2321; x_wconf 86' lang='lat' dir='ltr'>esset,</span> <span class='ocrx_word' id='word_1_221' title='bbox 1458 2256 1904 2326; x_wconf 73' lang='lat' dir='ltr'>comprehensa,</span> <span class='ocrx_word' id='word_1_222' title='bbox 1958 2257 2034 2312; x_wconf 88' lang='lat' dir='ltr'>ad</span> 
     </span>
    </p>
   </div>
   <div class='ocr_carea' id='block_1_39' title="bbox 380 2337 2029 2418">
    <p class='ocr_par' dir='ltr' id='par_1_39' title="bbox 380 2337 2029 2418">
     <span class='ocr_line' id='line_1_39' title="bbox 380 2337 2029 2418; baseline 0.007 -29"><span class='ocrx_word' id='word_1_223' title='bbox 380 2337 695 2408; x_wconf 67' lang='lat' dir='ltr'>praesidem</span> <span class='ocrx_word' id='word_1_224' title='bbox 745 2339 1076 2395; x_wconf 61' lang='lat' dir='ltr'>Palaestina</span> <span class='ocrx_word' id='word_1_225' title='bbox 1107 2341 1360 2397; x_wconf 88' lang='lat' dir='ltr'>adducta</span> <span class='ocrx_word' id='word_1_226' title='bbox 1386 2341 1528 2398; x_wconf 80' lang='lat' dir='ltr'>fuit:</span> <span class='ocrx_word' id='word_1_227' title='bbox 1562 2349 1621 2397; x_wconf 89' lang='lat' dir='ltr'>et</span> <span class='ocrx_word' id='word_1_228' title='bbox 1649 2345 2029 2418; x_wconf 87' lang='lat' dir='ltr'>interrogata,</span> 
     </span>
    </p>
   </div>
   <div class='ocr_carea' id='block_1_40' title="bbox 379 2425 2033 2504">
    <p class='ocr_par' dir='ltr' id='par_1_40' title="bbox 379 2425 2033 2504">
     <span class='ocr_line' id='line_1_40' title="bbox 379 2425 2033 2504; baseline 0.007 -24"><span class='ocrx_word' id='word_1_229' title='bbox 379 2425 676 2482; x_wconf 89' lang='lat' dir='ltr'>Christum</span> <span class='ocrx_word' id='word_1_230' title='bbox 702 2429 974 2486; x_wconf 82' lang='lat' dir='ltr'>confessa</span> <span class='ocrx_word' id='word_1_231' title='bbox 1006 2437 1112 2486; x_wconf 86' lang='lat' dir='ltr'>est.</span> <span class='ocrx_word' id='word_1_232' title='bbox 1137 2433 1505 2504; x_wconf 88' lang='lat' dir='ltr'>Quapropter</span> <span class='ocrx_word' id='word_1_233' title='bbox 1533 2434 1595 2488; x_wconf 89' lang='lat' dir='ltr'>in</span> <span class='ocrx_word' id='word_1_234' title='bbox 1628 2434 1916 2492; x_wconf 80' lang='lat' dir='ltr'>lateribus</span> <span class='ocrx_word' id='word_1_235' title='bbox 1973 2441 2033 2492; x_wconf 86' lang='lat' dir='ltr'>et</span> 
     </span>
    </p>
   </div>
   <div class='ocr_carea' id='block_1_41' title="bbox 376 2515 2028 2597">
    <p class='ocr_par' dir='ltr' id='par_1_41' title="bbox 376 2515 2028 2597">
     <span class='ocr_line' id='line_1_41' title="bbox 376 2515 2028 2597; baseline 0.007 -28"><span class='ocrx_word' id='word_1_236' title='bbox 376 2515 660 2572; x_wconf 85' lang='lat' dir='ltr'>uberibus</span> <span class='ocrx_word' id='word_1_237' title='bbox 676 2535 958 2588; x_wconf 88' lang='lat' dir='ltr'>percussa</span> <span class='ocrx_word' id='word_1_238' title='bbox 971 2519 1098 2574; x_wconf 79' lang='lat' dir='ltr'>fuit.</span> <span class='ocrx_word' id='word_1_239' title='bbox 1131 2520 1306 2576; x_wconf 88' lang='lat' dir='ltr'>Jussa</span> <span class='ocrx_word' id='word_1_240' title='bbox 1321 2538 1457 2576; x_wconf 82' lang='lat' dir='ltr'>vero</span> <span class='ocrx_word' id='word_1_241' title='bbox 1470 2523 1766 2579; x_wconf 89' lang='lat' dir='ltr'>Christum</span> <span class='ocrx_word' id='word_1_242' title='bbox 1790 2541 2028 2597; x_wconf 82' lang='lat' dir='ltr'>negare,</span> 
     </span>
    </p>
   </div>
   <div class='ocr_carea' id='block_1_42' title="bbox 377 2603 2026 2685">
    <p class='ocr_par' dir='ltr' id='par_1_42' title="bbox 377 2603 2026 2685">
     <span class='ocr_line' id='line_1_42' title="bbox 377 2603 2026 2685; baseline 0.007 -27"><span class='ocrx_word' id='word_1_243' title='bbox 377 2609 436 2659; x_wconf 91' lang='lat' dir='ltr'>et</span> <span class='ocrx_word' id='word_1_244' title='bbox 465 2603 642 2660; x_wconf 90' lang='lat' dir='ltr'>idolis</span> <span class='ocrx_word' id='word_1_245' title='bbox 674 2606 1030 2675; x_wconf 79' lang='lat' dir='ltr'>sacrificare,</span> <span class='ocrx_word' id='word_1_246' title='bbox 1063 2625 1198 2664; x_wconf 91' lang='lat' dir='ltr'>cum</span> <span class='ocrx_word' id='word_1_247' title='bbox 1219 2609 1294 2664; x_wconf 91' lang='lat' dir='ltr'>ad</span> <span class='ocrx_word' id='word_1_248' title='bbox 1326 2610 1384 2665; x_wconf 93' lang='lat' dir='ltr'>id</span> <span class='ocrx_word' id='word_1_249' title='bbox 1406 2611 1640 2667; x_wconf 90' lang='lat' dir='ltr'>suaderi</span> <span class='ocrx_word' id='word_1_250' title='bbox 1667 2630 1786 2668; x_wconf 91' lang='lat' dir='ltr'>non</span> <span class='ocrx_word' id='word_1_251' title='bbox 1809 2620 2026 2685; x_wconf 82' lang='lat' dir='ltr'>posset,</span> 
     </span>
    </p>
   </div>
   <div class='ocr_carea' id='block_1_43' title="bbox 377 2691 2023 2772">
    <p class='ocr_par' dir='ltr' id='par_1_43' title="bbox 377 2691 2023 2772">
     <span class='ocr_line' id='line_1_43' title="bbox 377 2691 2023 2772; baseline 0.007 -25"><span class='ocrx_word' id='word_1_252' title='bbox 377 2691 620 2748; x_wconf 88' lang='lat' dir='ltr'>detrusa</span> <span class='ocrx_word' id='word_1_253' title='bbox 650 2701 741 2749; x_wconf 90' lang='lat' dir='ltr'>est</span> <span class='ocrx_word' id='word_1_254' title='bbox 769 2694 829 2750; x_wconf 93' lang='lat' dir='ltr'>in</span> <span class='ocrx_word' id='word_1_255' title='bbox 856 2711 1155 2752; x_wconf 84' lang='lat' dir='ltr'>carcerem</span> <span class='ocrx_word' id='word_1_256' title='bbox 1185 2715 1198 2752; x_wconf 91' lang='lat'><strong>:</strong></span> <span class='ocrx_word' id='word_1_257' title='bbox 1232 2699 1697 2772; x_wconf 86' lang='lat' dir='ltr'>mandatumque</span> <span class='ocrx_word' id='word_1_258' title='bbox 1736 2701 1848 2758; x_wconf 80' lang='lat' dir='ltr'>fuit</span> <span class='ocrx_word' id='word_1_259' title='bbox 1897 2719 2023 2758; x_wconf 89' lang='lat' dir='ltr'>car-</span> 
     </span>
    </p>
   </div>
   <div class='ocr_carea' id='block_1_44' title="bbox 379 2781 2023 2862">
    <p class='ocr_par' dir='ltr' id='par_1_44' title="bbox 379 2781 2023 2862">
     <span class='ocr_line' id='line_1_44' title="bbox 379 2781 2023 2862; baseline 0.007 -26"><span class='ocrx_word' id='word_1_260' title='bbox 379 2781 532 2836; x_wconf 90' lang='lat' dir='ltr'>ceris</span> <span class='ocrx_word' id='word_1_261' title='bbox 553 2783 804 2843; x_wconf 89' lang='lat' dir='ltr'>custodi.</span> <span class='ocrx_word' id='word_1_262' title='bbox 828 2791 894 2838; x_wconf 93' lang='lat' dir='ltr'>ut</span> <span class='ocrx_word' id='word_1_263' title='bbox 915 2802 1034 2840; x_wconf 91' lang='lat' dir='ltr'>non</span> <span class='ocrx_word' id='word_1_264' title='bbox 1058 2787 1234 2842; x_wconf 92' lang='lat' dir='ltr'>modo</span> <span class='ocrx_word' id='word_1_265' title='bbox 1263 2788 1447 2859; x_wconf 90' lang='lat' dir='ltr'>ipsam</span> <span class='ocrx_word' id='word_1_266' title='bbox 1474 2789 1791 2862; x_wconf 79' lang='lat' dir='ltr'>diligenter</span> <span class='ocrx_word' id='word_1_267' title='bbox 1818 2798 2023 2848; x_wconf 91' lang='lat' dir='ltr'>custo-</span> 
     </span>
    </p>
   </div>
   <div class='ocr_carea' id='block_1_45' title="bbox 379 2868 2021 2949">
    <p class='ocr_par' dir='ltr' id='par_1_45' title="bbox 379 2868 2021 2949">
     <span class='ocr_line' id='line_1_45' title="bbox 379 2868 2021 2949; baseline 0.008 -25"><span class='ocrx_word' id='word_1_268' title='bbox 379 2868 536 2925; x_wconf 87' lang='lat' dir='ltr'>diret</span> <span class='ocrx_word' id='word_1_269' title='bbox 561 2889 575 2936; x_wconf 88' lang='lat'><strong>;</strong></span> <span class='ocrx_word' id='word_1_270' title='bbox 609 2872 712 2928; x_wconf 90' lang='lat' dir='ltr'>sed</span> <span class='ocrx_word' id='word_1_271' title='bbox 744 2875 918 2929; x_wconf 90' lang='lat' dir='ltr'>etiam</span> <span class='ocrx_word' id='word_1_272' title='bbox 944 2891 1018 2930; x_wconf 91' lang='lat' dir='ltr'>ne</span> <span class='ocrx_word' id='word_1_273' title='bbox 1045 2877 1385 2948; x_wconf 89' lang='lat' dir='ltr'>quempiam</span> <span class='ocrx_word' id='word_1_274' title='bbox 1403 2878 1475 2934; x_wconf 85' lang='lat' dir='ltr'>ad</span> <span class='ocrx_word' id='word_1_275' title='bbox 1500 2895 1629 2934; x_wconf 90' lang='lat' dir='ltr'>eam</span> <span class='ocrx_word' id='word_1_276' title='bbox 1647 2880 2021 2949; x_wconf 87' lang='lat' dir='ltr'>visitandam,</span> 
     </span>
    </p>
   </div>
   <div class='ocr_carea' id='block_1_46' title="bbox 372 2959 2019 3040">
    <p class='ocr_par' dir='ltr' id='par_1_46' title="bbox 372 2959 2019 3040">
     <span class='ocr_line' id='line_1_46' title="bbox 372 2959 2019 3040; baseline 0.007 -27"><span class='ocrx_word' id='word_1_277' title='bbox 372 2963 476 3014; x_wconf 87' lang='lat' dir='ltr'>aut</span> <span class='ocrx_word' id='word_1_278' title='bbox 530 2959 731 3016; x_wconf 88' lang='lat' dir='ltr'>cibum</span> <span class='ocrx_word' id='word_1_279' title='bbox 792 2963 843 3016; x_wconf 91' lang='lat' dir='ltr'>ei</span> <span class='ocrx_word' id='word_1_280' title='bbox 901 2964 1274 3020; x_wconf 80' lang='lat' dir='ltr'>aﬂ‘erendum</span> <span class='ocrx_word' id='word_1_281' title='bbox 1333 2967 1562 3038; x_wconf 76' lang='lat' dir='ltr'>ingredi</span> <span class='ocrx_word' id='word_1_282' title='bbox 1632 2970 2019 3040; x_wconf 85' lang='lat' dir='ltr'>permitteret,</span> 
     </span>
    </p>
   </div>
   <div class='ocr_carea' id='block_1_47' title="bbox 372 3051 2023 3128">
    <p class='ocr_par' dir='ltr' id='par_1_47' title="bbox 372 3051 2023 3128">
     <span class='ocr_line' id='line_1_47' title="bbox 372 3051 2023 3128; baseline 0.007 -25"><span class='ocrx_word' id='word_1_283' title='bbox 372 3064 683 3120; x_wconf 75' lang='lat' dir='ltr'>quousque</span> <span class='ocrx_word' id='word_1_284' title='bbox 705 3051 1005 3106; x_wconf 89' lang='lat' dir='ltr'>Christum</span> <span class='ocrx_word' id='word_1_285' title='bbox 1028 3060 1290 3125; x_wconf 81' lang='lat' dir='ltr'>negaret,</span> <span class='ocrx_word' id='word_1_286' title='bbox 1315 3058 1677 3128; x_wconf 89' lang='lat' dir='ltr'>assertisque</span> <span class='ocrx_word' id='word_1_287' title='bbox 1702 3057 1818 3113; x_wconf 88' lang='lat' dir='ltr'>diis</span> <span class='ocrx_word' id='word_1_288' title='bbox 1840 3060 2023 3114; x_wconf 86' lang='lat' dir='ltr'>sacri-</span> 
     </span>
    </p>
   </div>
   <div class='ocr_carea' id='block_1_48' title="bbox 370 3135 2019 3218">
    <p class='ocr_par' dir='ltr' id='par_1_48' title="bbox 370 3135 2019 3218">
     <span class='ocr_line' id='line_1_48' title="bbox 370 3135 2019 3218; baseline 0.008 -27"><span class='ocrx_word' id='word_1_289' title='bbox 370 3135 592 3193; x_wconf 81' lang='lat' dir='ltr'>ficaret.</span> <span class='ocrx_word' id='word_1_290' title='bbox 629 3145 701 3193; x_wconf 85' lang='lat' dir='ltr'>At</span> <span class='ocrx_word' id='word_1_291' title='bbox 729 3140 932 3195; x_wconf 91' lang='lat' dir='ltr'>multis</span> <span class='ocrx_word' id='word_1_292' title='bbox 984 3143 1112 3212; x_wconf 86' lang='lat' dir='ltr'>jam</span> <span class='ocrx_word' id='word_1_293' title='bbox 1171 3143 1380 3200; x_wconf 90' lang='lat' dir='ltr'>diebus</span> <span class='ocrx_word' id='word_1_294' title='bbox 1439 3147 1678 3218; x_wconf 87' lang='lat' dir='ltr'>elapsis,</span> <span class='ocrx_word' id='word_1_295' title='bbox 1723 3164 1753 3203; x_wconf 89' lang='lat' dir='ltr'>e</span> <span class='ocrx_word' id='word_1_296' title='bbox 1783 3165 2019 3204; x_wconf 87' lang='lat' dir='ltr'>carcere</span> 
     </span>
    </p>
   </div>
   <div class='ocr_carea' id='block_1_49' title="bbox 2825 1947 3117 2021">
    <p class='ocr_par' dir='ltr' id='par_1_49' title="bbox 2825 1947 3117 2021">
     <span class='ocr_line' id='line_1_49' title="bbox 2825 1947 3117 2021; baseline 0.017 -23"><span class='ocrx_word' id='word_1_297' title='bbox 2825 1947 3024 2021; x_wconf 77' lang='grc' dir='ltr'>παρθέν</span> <span class='ocrx_word' id='word_1_298' title='bbox 3034 1947 3117 2004; x_wconf 78' lang='grc' dir='ltr'>ου.</span> 
     </span>
    </p>
   </div>
   <div class='ocr_carea' id='block_1_50' title="bbox 2218 2068 3792 2146">
    <p class='ocr_par' dir='ltr' id='par_1_50' title="bbox 2218 2068 3792 2146">
     <span class='ocr_line' id='line_1_50' title="bbox 2218 2068 3792 2146; baseline -0.001 -19"><span class='ocrx_word' id='word_1_299' title='bbox 2218 2068 2538 2142; x_wconf 79' lang='grc' dir='ltr'>Θεοδοσίαὴ</span> <span class='ocrx_word' id='word_1_300' title='bbox 2568 2075 2666 2127; x_wconf 91' lang='grc' dir='ltr'>τοῦ</span> <span class='ocrx_word' id='word_1_301' title='bbox 2693 2075 2938 2146; x_wconf 75' lang='grc' dir='ltr'>Χριστοῦ</span> <span class='ocrx_word' id='word_1_302' title='bbox 2989 2071 3213 2146; x_wconf 75' lang='grc' dir='ltr'>μάρτυς,</span> <span class='ocrx_word' id='word_1_303' title='bbox 3266 2071 3332 2142; x_wconf 80' lang='grc' dir='ltr'>ἦν</span> <span class='ocrx_word' id='word_1_304' title='bbox 3389 2071 3486 2144; x_wconf 72' lang='grc' dir='ltr'>μὶν</span> <span class='ocrx_word' id='word_1_305' title='bbox 3535 2070 3644 2126; x_wconf 78' lang='grc' dir='ltr'>ἀπὸ</span> <span class='ocrx_word' id='word_1_306' title='bbox 3689 2078 3792 2141; x_wconf 87' lang='grc' dir='ltr'>τῆς</span> 
     </span>
    </p>
   </div>
   <div class='ocr_carea' id='block_1_51' title="bbox 2147 2159 3785 2236">
    <p class='ocr_par' dir='ltr' id='par_1_51' title="bbox 2147 2159 3785 2236">
     <span class='ocr_line' id='line_1_51' title="bbox 2147 2159 3785 2236; baseline 0 -20"><span class='ocrx_word' id='word_1_307' title='bbox 2147 2159 2363 2224; x_wconf 85' lang='grc' dir='ltr'>πόλεως</span> <span class='ocrx_word' id='word_1_308' title='bbox 2418 2161 2622 2234; x_wconf 85' lang='grc' dir='ltr'>Τύρου,</span> <span class='ocrx_word' id='word_1_309' title='bbox 2681 2161 2825 2216; x_wconf 81' lang='grc' dir='ltr'>ὀκτὼ</span> <span class='ocrx_word' id='word_1_310' title='bbox 2883 2159 2941 2216; x_wconf 72' lang='grc' dir='ltr'>δὲ</span> <span class='ocrx_word' id='word_1_311' title='bbox 2997 2161 3086 2216; x_wconf 85' lang='grc' dir='ltr'>καὶ</span> <span class='ocrx_word' id='word_1_312' title='bbox 3147 2159 3369 2216; x_wconf 75' lang='grc' dir='ltr'>δὲκατον</span> <span class='ocrx_word' id='word_1_313' title='bbox 3421 2159 3627 2236; x_wconf 77' lang='grc' dir='ltr'>ἄγουσα</span> <span class='ocrx_word' id='word_1_314' title='bbox 3683 2168 3785 2231; x_wconf 76' lang='grc' dir='ltr'>τῆς</span> 
     </span>
    </p>
   </div>
   <div class='ocr_carea' id='block_1_52' title="bbox 2145 2249 3788 2326">
    <p class='ocr_par' dir='ltr' id='par_1_52' title="bbox 2145 2249 3788 2326">
     <span class='ocr_line' id='line_1_52' title="bbox 2145 2249 3788 2326; baseline 0 -20"><span class='ocrx_word' id='word_1_315' title='bbox 2145 2249 2368 2320; x_wconf 73' lang='grc' dir='ltr'>ἡλικίας</span> <span class='ocrx_word' id='word_1_316' title='bbox 2398 2250 2622 2326; x_wconf 86' lang='grc' dir='ltr'>χρόνον·</span> <span class='ocrx_word' id='word_1_317' title='bbox 2658 2249 2773 2306; x_wconf 74' lang='grc' dir='ltr'>ἐπεὶ</span> <span class='ocrx_word' id='word_1_318' title='bbox 2833 2251 3136 2326; x_wconf 81' lang='grc' dir='ltr'>Χριστιανή</span> <span class='ocrx_word' id='word_1_319' title='bbox 3194 2251 3260 2320; x_wconf 83' lang='grc' dir='ltr'>ἦν</span> <span class='ocrx_word' id='word_1_320' title='bbox 3307 2253 3635 2323; x_wconf 72' lang='grc' dir='ltr'>κρατηθεῖσα</span> <span class='ocrx_word' id='word_1_321' title='bbox 3683 2271 3788 2306; x_wconf 85' lang='grc' dir='ltr'>πα·</span> 
     </span>
    </p>
   </div>
   <div class='ocr_carea' id='block_1_53' title="bbox 2146 2337 3792 2416">
    <p class='ocr_par' dir='ltr' id='par_1_53' title="bbox 2146 2337 3792 2416">
     <span class='ocr_line' id='line_1_53' title="bbox 2146 2337 3792 2416; baseline -0.001 -22"><span class='ocrx_word' id='word_1_322' title='bbox 2146 2341 2303 2416; x_wconf 83' lang='grc' dir='ltr'>ρέστη</span> <span class='ocrx_word' id='word_1_323' title='bbox 2357 2345 2438 2411; x_wconf 78' lang='grc' dir='ltr'>τῷ</span> <span class='ocrx_word' id='word_1_324' title='bbox 2493 2346 2594 2406; x_wconf 75' lang='grc' dir='ltr'>τῆς</span> <span class='ocrx_word' id='word_1_325' title='bbox 2655 2341 2844 2414; x_wconf 87' lang='grc' dir='ltr'>χώρας</span> <span class='ocrx_word' id='word_1_326' title='bbox 2919 2339 3286 2408; x_wconf 74' lang='grc' dir='ltr'>Παλαιστίνης</span> <span class='ocrx_word' id='word_1_327' title='bbox 3366 2337 3614 2415; x_wconf 78' lang='grc' dir='ltr'>ἄρχοντι,</span> <span class='ocrx_word' id='word_1_328' title='bbox 3699 2339 3792 2394; x_wconf 82' lang='grc' dir='ltr'>καὶ</span> 
     </span>
    </p>
   </div>
   <div class='ocr_carea' id='block_1_54' title="bbox 2145 2427 3788 2505">
    <p class='ocr_par' dir='ltr' id='par_1_54' title="bbox 2145 2427 3788 2505">
     <span class='ocr_line' id='line_1_54' title="bbox 2145 2427 3788 2505; baseline -0.001 -21"><span class='ocrx_word' id='word_1_329' title='bbox 2145 2427 2480 2502; x_wconf 71' lang='grc' dir='ltr'>ἐρωτηθεῖσα</span> <span class='ocrx_word' id='word_1_330' title='bbox 2519 2427 2849 2502; x_wconf 82' lang='grc' dir='ltr'>ὡμολόγησε</span> <span class='ocrx_word' id='word_1_331' title='bbox 2901 2428 2993 2483; x_wconf 87' lang='grc' dir='ltr'>τὸν</span> <span class='ocrx_word' id='word_1_332' title='bbox 3053 2429 3312 2505; x_wconf 86' lang='grc' dir='ltr'>Χριστόν.</span> <span class='ocrx_word' id='word_1_333' title='bbox 3371 2430 3528 2492; x_wconf 83' lang='grc' dir='ltr'>Ὅθεν</span> <span class='ocrx_word' id='word_1_334' title='bbox 3585 2427 3788 2504; x_wconf 74' lang='grc' dir='ltr'>ἐτύφθη</span> 
     </span>
    </p>
   </div>
   <div class='ocr_carea' id='block_1_55' title="bbox 2141 2515 3786 2590">
    <p class='ocr_par' dir='ltr' id='par_1_55' title="bbox 2141 2515 3786 2590">
     <span class='ocr_line' id='line_1_55' title="bbox 2141 2515 3786 2590; baseline -0.001 -17"><span class='ocrx_word' id='word_1_335' title='bbox 2141 2518 2278 2574; x_wconf 85' lang='grc' dir='ltr'>κατά</span> <span class='ocrx_word' id='word_1_336' title='bbox 2341 2522 2448 2573; x_wconf 88' lang='grc' dir='ltr'>τῶν</span> <span class='ocrx_word' id='word_1_337' title='bbox 2504 2517 2778 2588; x_wconf 79' lang='grc' dir='ltr'>πλευρῶν,</span> <span class='ocrx_word' id='word_1_338' title='bbox 2836 2517 2925 2572; x_wconf 84' lang='grc' dir='ltr'>καὶ</span> <span class='ocrx_word' id='word_1_339' title='bbox 2978 2522 3086 2572; x_wconf 87' lang='grc' dir='ltr'>τῶν</span> <span class='ocrx_word' id='word_1_340' title='bbox 3159 2522 3367 2590; x_wconf 82' lang='grc' dir='ltr'>μαζῶν,</span> <span class='ocrx_word' id='word_1_341' title='bbox 3450 2515 3539 2572; x_wconf 81' lang='grc' dir='ltr'>καί</span> <span class='ocrx_word' id='word_1_342' title='bbox 3612 2537 3786 2586; x_wconf 74' lang='grc' dir='ltr'>κατηο</span> 
     </span>
    </p>
   </div>
   <div class='ocr_carea' id='block_1_56' title="bbox 2141 2605 3788 2681">
    <p class='ocr_par' dir='ltr' id='par_1_56' title="bbox 2141 2605 3788 2681">
     <span class='ocr_line' id='line_1_56' title="bbox 2141 2605 3788 2681; baseline -0.002 -20"><span class='ocrx_word' id='word_1_343' title='bbox 2141 2607 2418 2681; x_wconf 80' lang='grc' dir='ltr'>ναγκάσθη</span> <span class='ocrx_word' id='word_1_344' title='bbox 2469 2607 2800 2679; x_wconf 72' lang='grc' dir='ltr'>ἀρνήσασθαι</span> <span class='ocrx_word' id='word_1_345' title='bbox 2850 2606 2941 2660; x_wconf 85' lang='grc' dir='ltr'>τὸν</span> <span class='ocrx_word' id='word_1_346' title='bbox 2997 2606 3252 2679; x_wconf 86' lang='grc' dir='ltr'>Χριστὸν,</span> <span class='ocrx_word' id='word_1_347' title='bbox 3309 2605 3398 2659; x_wconf 79' lang='grc' dir='ltr'>καὶ</span> <span class='ocrx_word' id='word_1_348' title='bbox 3458 2609 3610 2668; x_wconf 86' lang='grc' dir='ltr'>θῦσαι</span> <span class='ocrx_word' id='word_1_349' title='bbox 3667 2610 3788 2667; x_wconf 81' lang='grc' dir='ltr'>τοῖς</span> 
     </span>
    </p>
   </div>
   <div class='ocr_carea' id='block_1_57' title="bbox 2142 2691 3784 2768">
    <p class='ocr_par' dir='ltr' id='par_1_57' title="bbox 2142 2691 3784 2768">
     <span class='ocr_line' id='line_1_57' title="bbox 2142 2691 3784 2768; baseline -0.002 -16"><span class='ocrx_word' id='word_1_350' title='bbox 2142 2694 2422 2758; x_wconf 80' lang='grc' dir='ltr'>εἰδώλοις.</span> <span class='ocrx_word' id='word_1_351' title='bbox 2457 2698 2543 2766; x_wconf 82' lang='grc' dir='ltr'>Μή</span> <span class='ocrx_word' id='word_1_352' title='bbox 2605 2697 2884 2750; x_wconf 82' lang='grc' dir='ltr'>πεισθεῖσα</span> <span class='ocrx_word' id='word_1_353' title='bbox 2938 2691 3019 2760; x_wconf 72' lang='grc' dir='ltr'>δὲ,</span> <span class='ocrx_word' id='word_1_354' title='bbox 3058 2692 3390 2764; x_wconf 74' lang='grc' dir='ltr'>ἀπεκλείσθη</span> <span class='ocrx_word' id='word_1_355' title='bbox 3444 2693 3496 2749; x_wconf 81' lang='grc' dir='ltr'>ἐν</span> <span class='ocrx_word' id='word_1_356' title='bbox 3553 2697 3622 2767; x_wconf 80' lang='grc' dir='ltr'>τῇ</span> <span class='ocrx_word' id='word_1_357' title='bbox 3681 2715 3784 2768; x_wconf 77' lang='grc' dir='ltr'>φυ-</span> 
     </span>
    </p>
   </div>
   <div class='ocr_carea' id='block_1_58' title="bbox 2141 2781 3782 2861">
    <p class='ocr_par' dir='ltr' id='par_1_58' title="bbox 2141 2781 3782 2861">
     <span class='ocr_line' id='line_1_58' title="bbox 2141 2781 3782 2861; baseline -0.003 -19"><span class='ocrx_word' id='word_1_358' title='bbox 2141 2785 2306 2860; x_wconf 79' lang='grc' dir='ltr'>λακῇ,</span> <span class='ocrx_word' id='word_1_359' title='bbox 2335 2783 2700 2860; x_wconf 71' lang='grc' dir='ltr'>παραγγελίαν</span> <span class='ocrx_word' id='word_1_360' title='bbox 2736 2781 3027 2857; x_wconf 75' lang='grc' dir='ltr'>δεξαμένου</span> <span class='ocrx_word' id='word_1_361' title='bbox 3064 2787 3162 2839; x_wconf 74' lang='grc' dir='ltr'>τοῦ</span> <span class='ocrx_word' id='word_1_362' title='bbox 3211 2781 3650 2861; x_wconf 75' lang='grc' dir='ltr'>δεσμοφύλακος,</span> <span class='ocrx_word' id='word_1_363' title='bbox 3703 2785 3782 2855; x_wconf 80' lang='grc' dir='ltr'><strong>μή</strong></span> 
     </span>
    </p>
   </div>
   <div class='ocr_carea' id='block_1_59' title="bbox 2143 2869 3784 2952">
    <p class='ocr_par' dir='ltr' id='par_1_59' title="bbox 2143 2869 3784 2952">
     <span class='ocr_line' id='line_1_59' title="bbox 2143 2869 3784 2952; baseline -0.002 -22"><span class='ocrx_word' id='word_1_364' title='bbox 2143 2877 2306 2948; x_wconf 80' lang='grc' dir='ltr'>μόνον</span> <span class='ocrx_word' id='word_1_365' title='bbox 2393 2874 2654 2951; x_wconf 59' lang='grc' dir='ltr'>ἀσφαλῶς</span> <span class='ocrx_word' id='word_1_366' title='bbox 2741 2873 3098 2952; x_wconf 73' lang='grc' dir='ltr'>φυλάττεσθαι</span> <span class='ocrx_word' id='word_1_367' title='bbox 3179 2871 3371 2943; x_wconf 75' lang='grc' dir='ltr'>αὐτήν,</span> <span class='ocrx_word' id='word_1_368' title='bbox 3439 2870 3586 2928; x_wconf 89' lang='grc' dir='ltr'>ἀλλά</span> <span class='ocrx_word' id='word_1_369' title='bbox 3641 2869 3784 2943; x_wconf 68' lang='grc' dir='ltr'>μηδὲ</span> 
     </span>
    </p>
   </div>
   <div class='ocr_carea' id='block_1_60' title="bbox 2137 2960 3780 3040">
    <p class='ocr_par' dir='ltr' id='par_1_60' title="bbox 2137 2960 3780 3040">
     <span class='ocr_line' id='line_1_60' title="bbox 2137 2960 3780 3040; baseline -0.002 -20"><span class='ocrx_word' id='word_1_370' title='bbox 2137 2966 2274 3040; x_wconf 81' lang='grc' dir='ltr'>πρὸς</span> <span class='ocrx_word' id='word_1_371' title='bbox 2333 2963 2612 3037; x_wconf 72' lang='grc' dir='ltr'>ἐπίσκεψιν</span> <span class='ocrx_word' id='word_1_372' title='bbox 2667 2962 2834 3033; x_wconf 78' lang='grc' dir='ltr'>αὐτῆς</span> <span class='ocrx_word' id='word_1_373' title='bbox 2895 2961 3230 3036; x_wconf 76' lang='grc' dir='ltr'>είσὲρχεσθαί</span> <span class='ocrx_word' id='word_1_374' title='bbox 3282 2982 3424 3034; x_wconf 83' lang='grc' dir='ltr'>τινα,</span> <span class='ocrx_word' id='word_1_375' title='bbox 3455 2960 3492 3031; x_wconf 78' lang='grc' dir='ltr'>ἤ</span> <span class='ocrx_word' id='word_1_376' title='bbox 3530 2963 3780 3035; x_wconf 82' lang='grc' dir='ltr'>κομίζειν</span> 
     </span>
    </p>
   </div>
   <div class='ocr_carea' id='block_1_61' title="bbox 2136 3050 3784 3128">
    <p class='ocr_par' dir='ltr' id='par_1_61' title="bbox 2136 3050 3784 3128">
     <span class='ocr_line' id='line_1_61' title="bbox 2136 3050 3784 3128; baseline -0.003 -19"><span class='ocrx_word' id='word_1_377' title='bbox 2136 3053 2272 3128; x_wconf 79' lang='grc' dir='ltr'>αὐτῇ</span> <span class='ocrx_word' id='word_1_378' title='bbox 2303 3054 2371 3109; x_wconf 85' lang='grc' dir='ltr'>τά</span> <span class='ocrx_word' id='word_1_379' title='bbox 2399 3053 2534 3128; x_wconf 82' lang='grc' dir='ltr'>πρὸς</span> <span class='ocrx_word' id='word_1_380' title='bbox 2597 3053 2822 3128; x_wconf 89' lang='grc' dir='ltr'>βρῶσιν,</span> <span class='ocrx_word' id='word_1_381' title='bbox 2865 3051 2971 3114; x_wconf 77' lang='grc' dir='ltr'>ἓως</span> <span class='ocrx_word' id='word_1_382' title='bbox 3028 3051 3090 3106; x_wconf 82' lang='grc' dir='ltr'>οὗ</span> <span class='ocrx_word' id='word_1_383' title='bbox 3146 3050 3448 3127; x_wconf 89' lang='grc' dir='ltr'>ἀρνήσηται</span> <span class='ocrx_word' id='word_1_384' title='bbox 3499 3051 3590 3106; x_wconf 88' lang='grc' dir='ltr'>τὸν</span> <span class='ocrx_word' id='word_1_385' title='bbox 3647 3055 3784 3123; x_wconf 76' lang='grc' dir='ltr'>Χρι-</span> 
     </span>
    </p>
   </div>
   <div class='ocr_carea' id='block_1_62' title="bbox 2137 3137 3784 3218">
    <p class='ocr_par' dir='ltr' id='par_1_62' title="bbox 2137 3137 3784 3218">
     <span class='ocr_line' id='line_1_62' title="bbox 2137 3137 3784 3218; baseline -0.002 -20"><span class='ocrx_word' id='word_1_386' title='bbox 2137 3145 2285 3213; x_wconf 90' lang='grc' dir='ltr'>στὸν,</span> <span class='ocrx_word' id='word_1_387' title='bbox 2346 3144 2434 3198; x_wconf 84' lang='grc' dir='ltr'>καὶ</span> <span class='ocrx_word' id='word_1_388' title='bbox 2492 3142 2626 3218; x_wconf 78' lang='grc' dir='ltr'>θύσῃ</span> <span class='ocrx_word' id='word_1_389' title='bbox 2696 3147 2813 3204; x_wconf 86' lang='grc' dir='ltr'>τοῖς</span> <span class='ocrx_word' id='word_1_390' title='bbox 2886 3139 3205 3217; x_wconf 70' lang='grc' dir='ltr'>λεγομένοις</span> <span class='ocrx_word' id='word_1_391' title='bbox 3281 3142 3447 3202; x_wconf 87' lang='grc' dir='ltr'>θεοῖς.</span> <span class='ocrx_word' id='word_1_392' title='bbox 3507 3141 3656 3196; x_wconf 85' lang='grc' dir='ltr'>Μετά</span> <span class='ocrx_word' id='word_1_393' title='bbox 3727 3137 3784 3194; x_wconf 70' lang='grc' dir='ltr'>δὲ</span> 
     </span>
    </p>
   </div>
   <div class='ocr_carea' id='block_1_63' title="bbox 369 3215 2026 3306">
    <p class='ocr_par' dir='ltr' id='par_1_63' title="bbox 369 3225 2016 3302">
     <span class='ocr_line' id='line_1_63' title="bbox 369 3225 2016 3302; baseline 0.009 -23"><span class='ocrx_word' id='word_1_394' title='bbox 369 3225 602 3290; x_wconf 89' lang='lat' dir='ltr'>educta,</span> <span class='ocrx_word' id='word_1_395' title='bbox 627 3245 760 3282; x_wconf 92' lang='lat' dir='ltr'>cum</span> <span class='ocrx_word' id='word_1_396' title='bbox 785 3229 981 3284; x_wconf 89' lang='lat' dir='ltr'>denuo</span> <span class='ocrx_word' id='word_1_397' title='bbox 1001 3231 1250 3302; x_wconf 89' lang='lat' dir='ltr'>impuris</span> <span class='ocrx_word' id='word_1_398' title='bbox 1280 3233 1650 3290; x_wconf 60' lang='lat' dir='ltr'>daemonibus</span> <span class='ocrx_word' id='word_1_399' title='bbox 1683 3237 2016 3294; x_wconf 77' lang='lat' dir='ltr'>sacriﬁcare</span> 
     </span>
    </p>
   </div>
   <div class='ocr_carea' id='block_1_64' title="bbox 2140 3215 3806 3306">
    <p class='ocr_par' dir='ltr' id='par_1_64' title="bbox 2140 3215 3806 3306">
     <span class='ocr_line' id='line_1_64' title="bbox 2140 3215 3806 3306; baseline -0.002 -20"><span class='ocrx_word' id='word_1_400' title='bbox 2140 3229 2364 3287; x_wconf 83' lang='grc' dir='ltr'>ποΑλῶν</span> <span class='ocrx_word' id='word_1_401' title='bbox 2396 3215 2619 3304; x_wconf 80' lang='grc' dir='ltr'>ἡμερῶν</span> <span class='ocrx_word' id='word_1_402' title='bbox 2678 3215 3061 3305; x_wconf 77' lang='grc' dir='ltr'>παύαδρομήν,</span> <span class='ocrx_word' id='word_1_403' title='bbox 3120 3229 3284 3284; x_wconf 72' lang='grc' dir='ltr'>πάλιν</span> <span class='ocrx_word' id='word_1_404' title='bbox 3341 3227 3630 3300; x_wconf 80' lang='grc' dir='ltr'>ἐξελθοῦσα</span> <span class='ocrx_word' id='word_1_405' title='bbox 3682 3236 3806 3306; x_wconf 20' lang='grc' dir='ltr'>τῆς,</span> 
     </span>
    </p>
   </div>
   <div class='ocr_carea' id='block_1_65' title="bbox 367 3317 2019 3396">
    <p class='ocr_par' dir='ltr' id='par_1_65' title="bbox 367 3317 2019 3396">
     <span class='ocr_line' id='line_1_65' title="bbox 367 3317 2019 3396; baseline 0.008 -27"><span class='ocrx_word' id='word_1_406' title='bbox 367 3323 696 3386; x_wconf 80' lang='lat' dir='ltr'>cogeretur,</span> <span class='ocrx_word' id='word_1_407' title='bbox 729 3317 906 3388; x_wconf 89' lang='lat' dir='ltr'>idque</span> <span class='ocrx_word' id='word_1_408' title='bbox 933 3334 1043 3374; x_wconf 90' lang='lat' dir='ltr'>nec</span> <span class='ocrx_word' id='word_1_409' title='bbox 1067 3319 1272 3375; x_wconf 90' lang='lat' dir='ltr'>audire</span> <span class='ocrx_word' id='word_1_410' title='bbox 1304 3323 1762 3395; x_wconf 84' lang='lat' dir='ltr'>vellet.primum</span> <span class='ocrx_word' id='word_1_411' title='bbox 1779 3327 2019 3396; x_wconf 90' lang='lat' dir='ltr'>quidem</span> 
     </span>
    </p>
   </div>
   <div class='ocr_carea' id='block_1_66' title="bbox 367 3402 2020 3487">
    <p class='ocr_par' dir='ltr' id='par_1_66' title="bbox 367 3402 2020 3487">
     <span class='ocr_line' id='line_1_66' title="bbox 367 3402 2020 3487; baseline 0.009 -28"><span class='ocrx_word' id='word_1_412' title='bbox 367 3402 586 3459; x_wconf 79' lang='lat' dir='ltr'>acriter</span> <span class='ocrx_word' id='word_1_413' title='bbox 613 3406 875 3462; x_wconf 89' lang='lat' dir='ltr'>cruciata</span> <span class='ocrx_word' id='word_1_414' title='bbox 897 3414 1023 3463; x_wconf 91' lang='lat' dir='ltr'>est:</span> <span class='ocrx_word' id='word_1_415' title='bbox 1049 3409 1263 3467; x_wconf 91' lang='lat' dir='ltr'>deinde</span> <span class='ocrx_word' id='word_1_416' title='bbox 1290 3411 1350 3468; x_wconf 91' lang='lat' dir='ltr'>in</span> <span class='ocrx_word' id='word_1_417' title='bbox 1374 3429 1536 3470; x_wconf 85' lang='lat' dir='ltr'>mare</span> <span class='ocrx_word' id='word_1_418' title='bbox 1554 3415 2020 3487; x_wconf 88' lang='lat' dir='ltr'>projecta,suum</span> 
     </span>
    </p>
   </div>
   <div class='ocr_carea' id='block_1_67' title="bbox 366 3491 1234 3570">
    <p class='ocr_par' dir='ltr' id='par_1_67' title="bbox 366 3491 1234 3570">
     <span class='ocr_line' id='line_1_67' title="bbox 366 3491 1234 3570; baseline 0.007 -20"><span class='ocrx_word' id='word_1_419' title='bbox 366 3491 618 3550; x_wconf 89' lang='lat' dir='ltr'>Domino</span> <span class='ocrx_word' id='word_1_420' title='bbox 649 3493 909 3553; x_wconf 90' lang='lat' dir='ltr'>reddidit</span> <span class='ocrx_word' id='word_1_421' title='bbox 939 3497 1234 3570; x_wconf 88' lang='lat' dir='ltr'>spiritum.</span> 
     </span>
    </p>
   </div>
   <div class='ocr_carea' id='block_1_68' title="bbox 360 3726 2024 3810">
    <p class='ocr_par' dir='ltr' id='par_1_68' title="bbox 360 3726 2024 3810">
     <span class='ocr_line' id='line_1_68' title="bbox 360 3726 2024 3810; baseline 0.006 -26"><span class='ocrx_word' id='word_1_422' title='bbox 360 3726 434 3784; x_wconf 72' lang='lat' dir='ltr'>Et</span> <span class='ocrx_word' id='word_1_423' title='bbox 460 3733 738 3784; x_wconf 82' lang='lat' dir='ltr'>certamen</span> <span class='ocrx_word' id='word_1_424' title='bbox 768 3737 1087 3788; x_wconf 83' lang='lat' dir='ltr'>sanctarum</span> <span class='ocrx_word' id='word_1_425' title='bbox 1115 3734 1407 3790; x_wconf 82' lang='lat' dir='ltr'>mulierum</span> <span class='ocrx_word' id='word_1_426' title='bbox 1457 3737 1661 3803; x_wconf 79' lang='lat' dir='ltr'>Irenes,</span> <span class='ocrx_word' id='word_1_427' title='bbox 1709 3735 1923 3810; x_wconf 74' lang='lat' dir='ltr'>Agapes</span> <span class='ocrx_word' id='word_1_428' title='bbox 1969 3745 2024 3794; x_wconf 79' lang='lat' dir='ltr'>et</span> 
     </span>
    </p>
   </div>
   <div class='ocr_carea' id='block_1_69' title="bbox 1055 3820 1324 3880">
    <p class='ocr_par' dir='ltr' id='par_1_69' title="bbox 1055 3820 1324 3880">
     <span class='ocr_line' id='line_1_69' title="bbox 1055 3820 1324 3880; baseline 0.019 -5"><span class='ocrx_word' id='word_1_429' title='bbox 1055 3820 1324 3880; x_wconf 61' lang='lat' dir='ltr'>Chionia.</span> 
     </span>
    </p>
   </div>
   <div class='ocr_carea' id='block_1_70' title="bbox 437 3991 2023 4078">
    <p class='ocr_par' dir='ltr' id='par_1_70' title="bbox 437 3991 2023 4078">
     <span class='ocr_line' id='line_1_70' title="bbox 437 3991 2023 4078; baseline 0.009 -30"><span class='ocrx_word' id='word_1_430' title='bbox 437 3991 633 4057; x_wconf 86' lang='lat' dir='ltr'>Irene.</span> <span class='ocrx_word' id='word_1_431' title='bbox 663 4001 882 4066; x_wconf 79' lang='lat' dir='ltr'>Agape,</span> <span class='ocrx_word' id='word_1_432' title='bbox 917 4003 975 4053; x_wconf 92' lang='lat' dir='ltr'>et</span> <span class='ocrx_word' id='word_1_433' title='bbox 1021 3999 1269 4056; x_wconf 92' lang='lat' dir='ltr'>Chionia</span> <span class='ocrx_word' id='word_1_434' title='bbox 1310 4001 1528 4058; x_wconf 89' lang='lat' dir='ltr'>Christi</span> <span class='ocrx_word' id='word_1_435' title='bbox 1576 4009 1866 4078; x_wconf 85' lang='lat' dir='ltr'>martyres</span> <span class='ocrx_word' id='word_1_436' title='bbox 1896 4006 2023 4063; x_wconf 80' lang='lat' dir='ltr'>fue-</span> 
     </span>
    </p>
   </div>
   <div class='ocr_carea' id='block_1_71' title="bbox 373 4083 2024 4156">
    <p class='ocr_par' dir='ltr' id='par_1_71' title="bbox 373 4083 2024 4156">
     <span class='ocr_line' id='line_1_71' title="bbox 373 4083 2024 4156; baseline 0.009 -19"><span class='ocrx_word' id='word_1_437' title='bbox 373 4088 540 4147; x_wconf 88' lang='lat' dir='ltr'>runt,</span> <span class='ocrx_word' id='word_1_438' title='bbox 572 4083 932 4154; x_wconf 81' lang='lat' dir='ltr'>imperatore</span> <span class='ocrx_word' id='word_1_439' title='bbox 955 4089 1328 4156; x_wconf 81' lang='lat' dir='ltr'>Maximiano,</span> <span class='ocrx_word' id='word_1_440' title='bbox 1354 4107 1422 4146; x_wconf 84' lang='lat' dir='ltr'>ex</span> <span class='ocrx_word' id='word_1_441' title='bbox 1453 4093 1686 4149; x_wconf 76' lang='lat' dir='ltr'>civitate</span> <span class='ocrx_word' id='word_1_442' title='bbox 1714 4095 2024 4151; x_wconf 75' lang='lat' dir='ltr'>Thessalo-</span> 
     </span>
    </p>
   </div>
   <div class='ocr_carea' id='block_1_72' title="bbox 379 4169 2024 4255">
    <p class='ocr_par' dir='ltr' id='par_1_72' title="bbox 379 4169 2024 4255">
     <span class='ocr_line' id='line_1_72' title="bbox 379 4169 2024 4255; baseline 0.009 -31"><span class='ocrx_word' id='word_1_443' title='bbox 379 4169 535 4224; x_wconf 82' lang='lat' dir='ltr'>nica.</span> <span class='ocrx_word' id='word_1_444' title='bbox 558 4172 700 4226; x_wconf 83' lang='lat' dir='ltr'>Cum</span> <span class='ocrx_word' id='word_1_445' title='bbox 722 4178 920 4228; x_wconf 90' lang='lat' dir='ltr'>autem</span> <span class='ocrx_word' id='word_1_446' title='bbox 939 4175 1011 4229; x_wconf 93' lang='lat' dir='ltr'>ob</span> <span class='ocrx_word' id='word_1_447' title='bbox 1032 4178 1503 4247; x_wconf 88' lang='lat' dir='ltr'>persecutionem</span> <span class='ocrx_word' id='word_1_448' title='bbox 1519 4183 1720 4238; x_wconf 88' lang='lat' dir='ltr'>omnia</span> <span class='ocrx_word' id='word_1_449' title='bbox 1751 4185 2024 4255; x_wconf 81' lang='lat' dir='ltr'>reliquis-</span> 
     </span>
    </p>
   </div>
   <div class='ocr_carea' id='block_1_73' title="bbox 378 4259 2024 4334">
    <p class='ocr_par' dir='ltr' id='par_1_73' title="bbox 378 4259 2024 4334">
     <span class='ocr_line' id='line_1_73' title="bbox 378 4259 2024 4334; baseline 0.01 -20"><span class='ocrx_word' id='word_1_450' title='bbox 378 4263 530 4322; x_wconf 84' lang='lat' dir='ltr'>sent,</span> <span class='ocrx_word' id='word_1_451' title='bbox 565 4259 626 4315; x_wconf 91' lang='lat' dir='ltr'>in</span> <span class='ocrx_word' id='word_1_452' title='bbox 659 4268 922 4318; x_wconf 89' lang='lat' dir='ltr'>montem</span> <span class='ocrx_word' id='word_1_453' title='bbox 957 4266 1275 4334; x_wconf 88' lang='lat' dir='ltr'>quemdam</span> <span class='ocrx_word' id='word_1_454' title='bbox 1298 4277 1694 4331; x_wconf 87' lang='lat' dir='ltr'>recesserunt.</span> <span class='ocrx_word' id='word_1_455' title='bbox 1720 4278 1779 4326; x_wconf 91' lang='lat' dir='ltr'>et</span> <span class='ocrx_word' id='word_1_456' title='bbox 1803 4273 2024 4330; x_wconf 88' lang='lat' dir='ltr'>ibidem</span> 
     </span>
    </p>
   </div>
   <div class='ocr_carea' id='block_1_74' title="bbox 376 4347 2026 4433">
    <p class='ocr_par' dir='ltr' id='par_1_74' title="bbox 376 4347 2026 4433">
     <span class='ocr_line' id='line_1_74' title="bbox 376 4347 2026 4433; baseline 0.01 -32"><span class='ocrx_word' id='word_1_457' title='bbox 376 4347 639 4418; x_wconf 88' lang='lat' dir='ltr'>quietam</span> <span class='ocrx_word' id='word_1_458' title='bbox 670 4350 846 4406; x_wconf 88' lang='lat' dir='ltr'>vitam</span> <span class='ocrx_word' id='word_1_459' title='bbox 879 4353 1147 4424; x_wconf 83' lang='lat' dir='ltr'>agebant.</span> <span class='ocrx_word' id='word_1_460' title='bbox 1173 4356 1539 4428; x_wconf 82' lang='lat' dir='ltr'>jejunantes.</span> <span class='ocrx_word' id='word_1_461' title='bbox 1574 4376 1642 4415; x_wconf 88' lang='lat' dir='ltr'>ac</span> <span class='ocrx_word' id='word_1_462' title='bbox 1673 4361 1790 4416; x_wconf 91' lang='lat' dir='ltr'>Deo</span> <span class='ocrx_word' id='word_1_463' title='bbox 1822 4378 2026 4433; x_wconf 88' lang='lat' dir='ltr'>preces</span> 
     </span>
    </p>
   </div>
   <div class='ocr_carea' id='block_1_75' title="bbox 374 4439 2025 4524">
    <p class='ocr_par' dir='ltr' id='par_1_75' title="bbox 374 4439 2025 4524">
     <span class='ocr_line' id='line_1_75' title="bbox 374 4439 2025 4524; baseline 0.01 -30"><span class='ocrx_word' id='word_1_464' title='bbox 374 4439 613 4495; x_wconf 87' lang='lat' dir='ltr'>assidue</span> <span class='ocrx_word' id='word_1_465' title='bbox 671 4441 1005 4500; x_wconf 81' lang='lat' dir='ltr'>olTerentes.</span> <span class='ocrx_word' id='word_1_466' title='bbox 1058 4446 1272 4502; x_wconf 86' lang='lat' dir='ltr'>Verum</span> <span class='ocrx_word' id='word_1_467' title='bbox 1331 4449 1575 4505; x_wconf 68' lang='lat' dir='ltr'>detectas</span> <span class='ocrx_word' id='word_1_468' title='bbox 1634 4467 1700 4507; x_wconf 92' lang='lat' dir='ltr'>ac</span> <span class='ocrx_word' id='word_1_469' title='bbox 1757 4469 2025 4524; x_wconf 88' lang='lat' dir='ltr'>compre—</span> 
     </span>
    </p>
   </div>
   <div class='ocr_carea' id='block_1_76' title="bbox 377 4527 2026 4614">
    <p class='ocr_par' dir='ltr' id='par_1_76' title="bbox 377 4527 2026 4614">
     <span class='ocr_line' id='line_1_76' title="bbox 377 4527 2026 4614; baseline 0.01 -32"><span class='ocrx_word' id='word_1_470' title='bbox 377 4527 602 4598; x_wconf 71' lang='lat' dir='ltr'>hensaa,</span> <span class='ocrx_word' id='word_1_471' title='bbox 662 4531 736 4586; x_wconf 90' lang='lat' dir='ltr'>ad</span> <span class='ocrx_word' id='word_1_472' title='bbox 795 4535 1109 4604; x_wconf 65' lang='lat' dir='ltr'>praesidem</span> <span class='ocrx_word' id='word_1_473' title='bbox 1167 4536 1436 4594; x_wconf 63' lang='lat' dir='ltr'>adductas</span> <span class='ocrx_word' id='word_1_474' title='bbox 1501 4539 1788 4597; x_wconf 85' lang='lat' dir='ltr'>fuerunt:</span> <span class='ocrx_word' id='word_1_475' title='bbox 1845 4559 2026 4614; x_wconf 91' lang='lat' dir='ltr'>aquo</span> 
     </span>
    </p>
   </div>
   <div class='ocr_carea' id='block_1_77' title="bbox 2127 3319 3780 3397">
    <p class='ocr_par' dir='ltr' id='par_1_77' title="bbox 2127 3319 3780 3397">
     <span class='ocr_line' id='line_1_77' title="bbox 2127 3319 3780 3397; baseline -0.002 -21"><span class='ocrx_word' id='word_1_476' title='bbox 2127 3321 2398 3397; x_wconf 68' lang='grc' dir='ltr'>ῳυλακῆς,</span> <span class='ocrx_word' id='word_1_477' title='bbox 2451 3321 2542 3376; x_wconf 87' lang='grc' dir='ltr'>καὶ</span> <span class='ocrx_word' id='word_1_478' title='bbox 2600 3321 2986 3394; x_wconf 80' lang='grc' dir='ltr'>ἀναγκασθεῖσα</span> <span class='ocrx_word' id='word_1_479' title='bbox 3066 3323 3224 3382; x_wconf 87' lang='grc' dir='ltr'>θῦσαι</span> <span class='ocrx_word' id='word_1_480' title='bbox 3279 3324 3396 3381; x_wconf 91' lang='grc' dir='ltr'>τοῖς</span> <span class='ocrx_word' id='word_1_481' title='bbox 3451 3319 3780 3394; x_wconf 68' lang='grc' dir='ltr'>ἀκαθάρτοις</span> 
     </span>
    </p>
   </div>
   <div class='ocr_carea' id='block_1_78' title="bbox 2128 3409 3772 3486">
    <p class='ocr_par' dir='ltr' id='par_1_78' title="bbox 2128 3409 3772 3486">
     <span class='ocr_line' id='line_1_78' title="bbox 2128 3409 3772 3486; baseline -0.003 -19"><span class='ocrx_word' id='word_1_482' title='bbox 2128 3409 2373 3485; x_wconf 82' lang='grc' dir='ltr'>δαίμοσι,</span> <span class='ocrx_word' id='word_1_483' title='bbox 2399 3412 2488 3467; x_wconf 80' lang='grc' dir='ltr'>καὶ</span> <span class='ocrx_word' id='word_1_484' title='bbox 2526 3411 2603 3485; x_wconf 80' lang='grc' dir='ltr'>μὴ</span> <span class='ocrx_word' id='word_1_485' title='bbox 2657 3411 3004 3486; x_wconf 67' lang='grc' dir='ltr'>ἀνασχομένη</span> <span class='ocrx_word' id='word_1_486' title='bbox 3056 3411 3280 3464; x_wconf 89' lang='grc' dir='ltr'>ἀκοῦσαι</span> <span class='ocrx_word' id='word_1_487' title='bbox 3326 3414 3509 3479; x_wconf 85' lang='grc' dir='ltr'>τοῦτο,</span> <span class='ocrx_word' id='word_1_488' title='bbox 3568 3409 3772 3482; x_wconf 70' lang='grc' dir='ltr'>ἒτιμωυ</span> 
     </span>
    </p>
   </div>
   <div class='ocr_carea' id='block_1_79' title="bbox 2129 3498 3766 3579">
    <p class='ocr_par' dir='ltr' id='par_1_79' title="bbox 2129 3498 3766 3579">
     <span class='ocr_line' id='line_1_79' title="bbox 2129 3498 3766 3579; baseline 0.006 -1"><span class='ocrx_word' id='word_1_489' title='bbox 2129 3503 2271 3578; x_wconf 76' lang='grc' dir='ltr'>ρήθη</span> <span class='ocrx_word' id='word_1_490' title='bbox 2305 3498 2538 3579; x_wconf 76' lang='grc' dir='ltr'>ἀφειδῶς</span> <span class='ocrx_word' id='word_1_491' title='bbox 2565 3499 2853 3574; x_wconf 64' lang='grc' dir='ltr'>πρότερον,</span> <span class='ocrx_word' id='word_1_492' title='bbox 2887 3499 3001 3554; x_wconf 72' lang='grc' dir='ltr'>εἶτα</span> <span class='ocrx_word' id='word_1_493' title='bbox 3050 3498 3264 3576; x_wconf 66' lang='grc' dir='ltr'>ῥιφεῖσα</span> <span class='ocrx_word' id='word_1_494' title='bbox 3295 3498 3347 3553; x_wconf 74' lang='grc' dir='ltr'>έν</span> <span class='ocrx_word' id='word_1_495' title='bbox 3375 3503 3445 3573; x_wconf 69' lang='grc' dir='ltr'>τῇ</span> <span class='ocrx_word' id='word_1_496' title='bbox 3496 3498 3766 3573; x_wconf 61' lang='grc' dir='ltr'>θαλάσσην</span> 
     </span>
    </p>
   </div>
   <div class='ocr_carea' id='block_1_80' title="bbox 2126 3587 3282 3667">
    <p class='ocr_par' dir='ltr' id='par_1_80' title="bbox 2126 3587 3282 3667">
     <span class='ocr_line' id='line_1_80' title="bbox 2126 3587 3282 3667; baseline -0.001 -20"><span class='ocrx_word' id='word_1_497' title='bbox 2126 3587 2410 3667; x_wconf 65' lang='grc' dir='ltr'>παρέδωκε</span> <span class='ocrx_word' id='word_1_498' title='bbox 2437 3594 2516 3662; x_wconf 81' lang='grc' dir='ltr'>τῷ</span> <span class='ocrx_word' id='word_1_499' title='bbox 2549 3590 2731 3667; x_wconf 79' lang='grc' dir='ltr'>Κυρίῳ</span> <span class='ocrx_word' id='word_1_500' title='bbox 2757 3587 2821 3645; x_wconf 79' lang='grc' dir='ltr'>τὰ</span> <span class='ocrx_word' id='word_1_501' title='bbox 2851 3592 3065 3662; x_wconf 89' lang='grc' dir='ltr'>πνεῦμα</span> <span class='ocrx_word' id='word_1_502' title='bbox 3094 3587 3282 3655; x_wconf 77' lang='grc' dir='ltr'>αότῆς.</span> 
     </span>
    </p>
   </div>
   <div class='ocr_carea' id='block_1_81' title="bbox 2131 3731 3764 3862">
    <p class='ocr_par' dir='ltr' id='par_1_81' title="bbox 2131 3731 3764 3862">
     <span class='ocr_line' id='line_1_81' title="bbox 2131 3731 3764 3862; baseline -0.004 -70"><span class='ocrx_word' id='word_1_503' title='bbox 2131 3734 2230 3792; x_wconf 78' lang='grc' dir='ltr'>Καὶ</span> <span class='ocrx_word' id='word_1_504' title='bbox 2270 3731 2501 3806; x_wconf 75' lang='grc' dir='ltr'>ἄθλησις</span> <span class='ocrx_word' id='word_1_505' title='bbox 2530 3737 2640 3789; x_wconf 88' lang='grc' dir='ltr'>τῶν</span> <span class='ocrx_word' id='word_1_506' title='bbox 2669 3732 3154 3862; x_wconf 34' lang='grc' dir='ltr'>ἁγίωνὶιςὶναιγῶν,</span> <span class='ocrx_word' id='word_1_507' title='bbox 3185 3731 3452 3808; x_wconf 68' lang='grc' dir='ltr'>Εῗρήνης,</span> <span class='ocrx_word' id='word_1_508' title='bbox 3501 3731 3764 3805; x_wconf 81' lang='grc' dir='ltr'>Ἀγάπης,</span> 
     </span>
     <span class='ocr_line' id='line_1_82' title="bbox 2767 3825 3131 3862; baseline 0.008 -2"><span class='ocrx_word' id='word_1_509' title='bbox 2767 3825 2858 3860; x_wconf 86' lang='grc' dir='ltr'>και</span> <span class='ocrx_word' id='word_1_510' title='bbox 2941 3825 3131 3862; x_wconf 78' lang='grc' dir='ltr'>ιονιας.</span> 
     </span>
    </p>
   </div>
   <div class='ocr_carea' id='block_1_82' title="bbox 2767 3825 3131 3868">
    <p class='ocr_par' dir='ltr' id='par_1_82' title="bbox 2767 3825 3131 3868">
     <span class='ocr_line' id='line_1_83' title="bbox 2767 3825 3131 3868; baseline -0.005 -8"><span class='ocrx_word' id='word_1_511' title='bbox 2767 3825 2858 3860; x_wconf 84' lang='grc' dir='ltr'>και</span> <span class='ocrx_word' id='word_1_512' title='bbox 2889 3825 3131 3868; x_wconf 69' lang='grc' dir='ltr'>Λιονιας,</span> 
     </span>
    </p>
   </div>
   <div class='ocr_carea' id='block_1_83' title="bbox 2201 3988 3776 4066">
    <p class='ocr_par' dir='ltr' id='par_1_83' title="bbox 2201 3988 3776 4066">
     <span class='ocr_line' id='line_1_84' title="bbox 2201 3988 3776 4066; baseline -0.004 -16"><span class='ocrx_word' id='word_1_513' title='bbox 2201 3991 2438 4065; x_wconf 78' lang='grc' dir='ltr'>Εἰρήνη,</span> <span class='ocrx_word' id='word_1_514' title='bbox 2497 3990 2735 4066; x_wconf 86' lang='grc' dir='ltr'>Ἀγάπη,</span> <span class='ocrx_word' id='word_1_515' title='bbox 2793 3992 2881 4046; x_wconf 86' lang='grc' dir='ltr'>καὶ</span> <span class='ocrx_word' id='word_1_516' title='bbox 2969 3991 3182 4060; x_wconf 84' lang='grc' dir='ltr'>Χιονια,</span> <span class='ocrx_word' id='word_1_517' title='bbox 3243 3989 3297 4044; x_wconf 75' lang='grc' dir='ltr'>αἱ</span> <span class='ocrx_word' id='word_1_518' title='bbox 3352 3991 3450 4043; x_wconf 88' lang='grc' dir='ltr'>τοῦ</span> <span class='ocrx_word' id='word_1_519' title='bbox 3537 3988 3776 4062; x_wconf 84' lang='grc' dir='ltr'>Χριστόῦ</span> 
     </span>
    </p>
   </div>
   <div class='ocr_carea' id='block_1_84' title="bbox 2134 4077 3774 4158">
    <p class='ocr_par' dir='ltr' id='par_1_84' title="bbox 2134 4077 3774 4158">
     <span class='ocr_line' id='line_1_85' title="bbox 2134 4077 3774 4158; baseline -0.004 -20"><span class='ocrx_word' id='word_1_520' title='bbox 2134 4083 2425 4158; x_wconf 77' lang='grc' dir='ltr'>μάρτυρες,</span> <span class='ocrx_word' id='word_1_521' title='bbox 2487 4083 2735 4158; x_wconf 80' lang='grc' dir='ltr'>ὑπῆρχον</span> <span class='ocrx_word' id='word_1_522' title='bbox 2801 4082 2897 4154; x_wconf 78' lang='grc' dir='ltr'>μὶν</span> <span class='ocrx_word' id='word_1_523' title='bbox 2953 4079 3042 4136; x_wconf 75' lang='grc' dir='ltr'>ἐπὶ</span> <span class='ocrx_word' id='word_1_524' title='bbox 3099 4083 3198 4150; x_wconf 70' lang='grc' dir='ltr'>τῆς</span> <span class='ocrx_word' id='word_1_525' title='bbox 3260 4077 3537 4156; x_wconf 81' lang='grc' dir='ltr'>βασιλείας</span> <span class='ocrx_word' id='word_1_526' title='bbox 3597 4080 3774 4153; x_wconf 82' lang='grc' dir='ltr'>Μαξι-</span> 
     </span>
    </p>
   </div>
   <div class='ocr_carea' id='block_1_85' title="bbox 2134 4165 3778 4245">
    <p class='ocr_par' dir='ltr' id='par_1_85' title="bbox 2134 4165 3778 4245">
     <span class='ocr_line' id='line_1_86' title="bbox 2134 4165 3778 4245; baseline -0.002 -20"><span class='ocrx_word' id='word_1_527' title='bbox 2134 4175 2350 4245; x_wconf 89' lang='grc' dir='ltr'>μιανοῦ,</span> <span class='ocrx_word' id='word_1_528' title='bbox 2407 4170 2466 4226; x_wconf 70' lang='grc' dir='ltr'>ἐκ</span> <span class='ocrx_word' id='word_1_529' title='bbox 2520 4178 2622 4240; x_wconf 76' lang='grc' dir='ltr'>τῆς</span> <span class='ocrx_word' id='word_1_530' title='bbox 2681 4168 2896 4232; x_wconf 86' lang='grc' dir='ltr'>πόλεως</span> <span class='ocrx_word' id='word_1_531' title='bbox 2956 4168 3371 4239; x_wconf 85' lang='grc' dir='ltr'>Θεσσαλονίκης·</span> <span class='ocrx_word' id='word_1_532' title='bbox 3432 4166 3519 4223; x_wconf 85' lang='grc' dir='ltr'>ὃιά</span> <span class='ocrx_word' id='word_1_533' title='bbox 3571 4165 3630 4223; x_wconf 77' lang='grc' dir='ltr'>δὶ</span> <span class='ocrx_word' id='word_1_534' title='bbox 3683 4167 3778 4223; x_wconf 88' lang='grc' dir='ltr'>τὸν</span> 
     </span>
    </p>
   </div>
   <div class='ocr_carea' id='block_1_86' title="bbox 2132 4253 3777 4335">
    <p class='ocr_par' dir='ltr' id='par_1_86' title="bbox 2132 4253 3777 4335">
     <span class='ocr_line' id='line_1_87' title="bbox 2132 4253 3777 4335; baseline -0.005 -18"><span class='ocrx_word' id='word_1_535' title='bbox 2132 4259 2375 4335; x_wconf 84' lang='grc' dir='ltr'>διωγμὸν</span> <span class='ocrx_word' id='word_1_536' title='bbox 2407 4260 2702 4316; x_wconf 81' lang='grc' dir='ltr'>κατέλιπον</span> <span class='ocrx_word' id='word_1_537' title='bbox 2733 4260 2925 4328; x_wconf 76' lang='grc' dir='ltr'>πάντα,</span> <span class='ocrx_word' id='word_1_538' title='bbox 2965 4259 3054 4314; x_wconf 87' lang='grc' dir='ltr'>καὶ</span> <span class='ocrx_word' id='word_1_539' title='bbox 3118 4257 3356 4327; x_wconf 71' lang='grc' dir='ltr'>ἀνῆλθον</span> <span class='ocrx_word' id='word_1_540' title='bbox 3402 4256 3452 4312; x_wconf 81' lang='grc' dir='ltr'>ἐν</span> <span class='ocrx_word' id='word_1_541' title='bbox 3485 4253 3597 4334; x_wconf 77' lang='grc' dir='ltr'>ὅρει</span> <span class='ocrx_word' id='word_1_542' title='bbox 3644 4257 3777 4334; x_wconf 73' lang='grc' dir='ltr'>τινὶ⁹</span> 
     </span>
    </p>
   </div>
   <div class='ocr_carea' id='block_1_87' title="bbox 2131 4347 3779 4426">
    <p class='ocr_par' dir='ltr' id='par_1_87' title="bbox 2131 4347 3779 4426">
     <span class='ocr_line' id='line_1_88' title="bbox 2131 4347 3779 4426; baseline -0.002 -21"><span class='ocrx_word' id='word_1_543' title='bbox 2131 4352 2222 4406; x_wconf 85' lang='grc' dir='ltr'>καὶ</span> <span class='ocrx_word' id='word_1_544' title='bbox 2262 4349 2540 4426; x_wconf 74' lang='grc' dir='ltr'>ἡσύχάζον</span> <span class='ocrx_word' id='word_1_545' title='bbox 2597 4348 2969 4419; x_wconf 74' lang='grc' dir='ltr'>νηστεύουσαι,</span> <span class='ocrx_word' id='word_1_546' title='bbox 3021 4349 3110 4404; x_wconf 83' lang='grc' dir='ltr'>καὶ</span> <span class='ocrx_word' id='word_1_547' title='bbox 3165 4353 3245 4420; x_wconf 73' lang='grc' dir='ltr'>τῷ</span> <span class='ocrx_word' id='word_1_548' title='bbox 3301 4352 3419 4421; x_wconf 86' lang='grc' dir='ltr'>Θεῷ</span> <span class='ocrx_word' id='word_1_549' title='bbox 3477 4347 3779 4422; x_wconf 85' lang='grc' dir='ltr'>προσευχό-</span> 
     </span>
    </p>
   </div>
   <div class='ocr_carea' id='block_1_88' title="bbox 2136 4436 3778 4514">
    <p class='ocr_par' dir='ltr' id='par_1_88' title="bbox 2136 4436 3778 4514">
     <span class='ocr_line' id='line_1_89' title="bbox 2136 4436 3778 4514; baseline -0.003 -21"><span class='ocrx_word' id='word_1_550' title='bbox 2136 4461 2313 4514; x_wconf 82' lang='grc' dir='ltr'>μεναι.</span> <span class='ocrx_word' id='word_1_551' title='bbox 2392 4438 2568 4498; x_wconf 84' lang='grc' dir='ltr'>Ἀλλά</span> <span class='ocrx_word' id='word_1_552' title='bbox 2646 4440 3128 4512; x_wconf 82' lang='grc' dir='ltr'>καταμηνυθεῖσαι,</span> <span class='ocrx_word' id='word_1_553' title='bbox 3210 4436 3607 4511; x_wconf 69' lang='grc' dir='ltr'>ἐκρατήθησαν,</span> <span class='ocrx_word' id='word_1_554' title='bbox 3686 4436 3778 4490; x_wconf 87' lang='grc' dir='ltr'>καὶ</span> 
     </span>
    </p>
   </div>
   <div class='ocr_carea' id='block_1_89' title="bbox 2133 4525 3779 4606">
    <p class='ocr_par' dir='ltr' id='par_1_89' title="bbox 2133 4525 3779 4606">
     <span class='ocr_line' id='line_1_90' title="bbox 2133 4525 3779 4606; baseline -0.004 -22"><span class='ocrx_word' id='word_1_555' title='bbox 2133 4529 2472 4606; x_wconf 70' lang='grc' dir='ltr'>παρέστησαν</span> <span class='ocrx_word' id='word_1_556' title='bbox 2528 4530 2607 4601; x_wconf 85' lang='grc' dir='ltr'>τῷ</span> <span class='ocrx_word' id='word_1_557' title='bbox 2665 4528 2894 4603; x_wconf 73' lang='grc' dir='ltr'>ἄρχοντι</span> <span class='ocrx_word' id='word_1_558' title='bbox 2945 4527 3035 4582; x_wconf 82' lang='grc' dir='ltr'>καὶ</span> <span class='ocrx_word' id='word_1_559' title='bbox 3115 4527 3204 4581; x_wconf 80' lang='grc' dir='ltr'>ὑπ’</span> <span class='ocrx_word' id='word_1_560' title='bbox 3272 4527 3478 4580; x_wconf 78' lang='grc' dir='ltr'>ἐκείνου</span> <span class='ocrx_word' id='word_1_561' title='bbox 3553 4525 3779 4598; x_wconf 88' lang='grc' dir='ltr'>ἀναγκα-</span> 
     </span>
    </p>
   </div>
   <div class='ocr_carea' id='block_1_90' title="bbox 373 4593 2026 4697">
    <p class='ocr_par' dir='ltr' id='par_1_90' title="bbox 373 4593 2020 4697">
     <span class='ocr_line' id='line_1_91' title="bbox 589 4593 2020 4614; baseline 0.006 -16"><span class='ocrx_word' id='word_1_562' title='bbox 589 4593 598 4598; x_wconf 88' lang='grc'>-</span> <span class='ocrx_word' id='word_1_563' title='bbox 797 4593 810 4604; x_wconf 86' lang='grc'>,</span> <span class='ocrx_word' id='word_1_564' title='bbox 1400 4593 1405 4594; x_wconf 39' lang='grc' dir='ltr'>κ</span> <span class='ocrx_word' id='word_1_565' title='bbox 1848 4593 2020 4614; x_wconf 61' lang='grc' dir='ltr'>-ηη</span> 
     </span>
     <span class='ocr_line' id='line_1_92' title="bbox 373 4616 2020 4697; baseline 0.01 -25"><span class='ocrx_word' id='word_1_566' title='bbox 373 4616 672 4674; x_wconf 86' lang='lat' dir='ltr'>Christum</span> <span class='ocrx_word' id='word_1_567' title='bbox 705 4638 920 4695; x_wconf 78' lang='lat' dir='ltr'>negare</span> <span class='ocrx_word' id='word_1_568' title='bbox 941 4625 1148 4695; x_wconf 74' lang='lat' dir='ltr'>jussze,</span> <span class='ocrx_word' id='word_1_569' title='bbox 1184 4627 1428 4683; x_wconf 89' lang='lat' dir='ltr'>minime</span> <span class='ocrx_word' id='word_1_570' title='bbox 1453 4633 2020 4697; x_wconf 81' lang='lat' dir='ltr'>assenseruntQua-</span> 
     </span>
    </p>
   </div>
   <div class='ocr_carea' id='block_1_91' title="bbox 2140 4593 3774 4697">
    <p class='ocr_par' dir='ltr' id='par_1_91' title="bbox 2140 4613 3774 4694">
     <span class='ocr_line' id='line_1_93' title="bbox 2140 4613 3774 4694; baseline -0.003 -19"><span class='ocrx_word' id='word_1_571' title='bbox 2140 4625 2339 4684; x_wconf 86' lang='grc' dir='ltr'>σθεῖσαι</span> <span class='ocrx_word' id='word_1_572' title='bbox 2397 4619 2723 4694; x_wconf 85' lang='grc' dir='ltr'>ἀρνήσασθαι</span> <span class='ocrx_word' id='word_1_573' title='bbox 2803 4619 2894 4673; x_wconf 87' lang='grc' dir='ltr'>τὸν</span> <span class='ocrx_word' id='word_1_574' title='bbox 2967 4616 3220 4691; x_wconf 86' lang='grc' dir='ltr'>Χριστὸν,</span> <span class='ocrx_word' id='word_1_575' title='bbox 3275 4614 3375 4670; x_wconf 75' lang='grc' dir='ltr'>οὐκ</span> <span class='ocrx_word' id='word_1_576' title='bbox 3427 4613 3774 4685; x_wconf 78' lang='grc' dir='ltr'>ἐπείσθησαν.</span> 
     </span>
    </p>
   </div>
   <div class='ocr_carea' id='block_1_92' title="bbox 372 4714 2019 4792">
    <p class='ocr_par' dir='ltr' id='par_1_92' title="bbox 372 4714 2019 4792">
     <span class='ocr_line' id='line_1_94' title="bbox 372 4714 2019 4792; baseline 0.012 -32"><span class='ocrx_word' id='word_1_577' title='bbox 372 4715 614 4779; x_wconf 88' lang='lat' dir='ltr'>propter</span> <span class='ocrx_word' id='word_1_578' title='bbox 636 4714 870 4782; x_wconf 79' lang='lat' dir='ltr'>Agapen</span> <span class='ocrx_word' id='word_1_579' title='bbox 893 4715 1134 4785; x_wconf 88' lang='lat' dir='ltr'>quidem</span> <span class='ocrx_word' id='word_1_580' title='bbox 1166 4721 1225 4772; x_wconf 88' lang='lat' dir='ltr'>et</span> <span class='ocrx_word' id='word_1_581' title='bbox 1251 4717 1560 4774; x_wconf 89' lang='lat' dir='ltr'>Chioniam</span> <span class='ocrx_word' id='word_1_582' title='bbox 1593 4719 1726 4792; x_wconf 84' lang='lat' dir='ltr'>igne</span> <span class='ocrx_word' id='word_1_583' title='bbox 1757 4723 2019 4779; x_wconf 88' lang='lat' dir='ltr'>sustulit.</span> 
     </span>
    </p>
   </div>
   <div class='ocr_carea' id='block_1_93' title="bbox 368 4797 2020 4869">
    <p class='ocr_par' dir='ltr' id='par_1_93' title="bbox 368 4797 2020 4869">
     <span class='ocr_line' id='line_1_95' title="bbox 368 4797 2020 4869; baseline 0.01 -17"><span class='ocrx_word' id='word_1_584' title='bbox 368 4797 712 4853; x_wconf 69' lang='lat' dir='ltr'>42lrenem</span> <span class='ocrx_word' id='word_1_585' title='bbox 745 4817 878 4856; x_wconf 86' lang='lat' dir='ltr'>vero</span> <span class='ocrx_word' id='word_1_586' title='bbox 898 4803 1208 4861; x_wconf 84' lang='lat' dir='ltr'>inveniens</span> <span class='ocrx_word' id='word_1_587' title='bbox 1235 4823 1435 4864; x_wconf 89' lang='lat' dir='ltr'>sacros</span> <span class='ocrx_word' id='word_1_588' title='bbox 1467 4809 1650 4866; x_wconf 89' lang='lat' dir='ltr'>libros</span> <span class='ocrx_word' id='word_1_589' title='bbox 1679 4811 2020 4869; x_wconf 71' lang='lat' dir='ltr'>habentem-</span> 
     </span>
    </p>
   </div>
   <div class='ocr_carea' id='block_1_94' title="bbox 370 4891 2017 4969">
    <p class='ocr_par' dir='ltr' id='par_1_94' title="bbox 370 4891 2017 4969">
     <span class='ocr_line' id='line_1_96' title="bbox 370 4891 2017 4969; baseline 0.011 -30"><span class='ocrx_word' id='word_1_590' title='bbox 370 4902 520 4958; x_wconf 90' lang='lat' dir='ltr'>quos</span> <span class='ocrx_word' id='word_1_591' title='bbox 551 4893 771 4942; x_wconf 73' lang='lat' dir='ltr'>sanctaa</span> <span class='ocrx_word' id='word_1_592' title='bbox 804 4891 1084 4950; x_wconf 89' lang='lat' dir='ltr'>mulieres</span> <span class='ocrx_word' id='word_1_593' title='bbox 1131 4895 1328 4968; x_wconf 80' lang='lat' dir='ltr'>legere</span> <span class='ocrx_word' id='word_1_594' title='bbox 1373 4906 1829 4969; x_wconf 88' lang='lat' dir='ltr'>consueverant,</span> <span class='ocrx_word' id='word_1_595' title='bbox 1879 4901 2017 4957; x_wconf 90' lang='lat' dir='ltr'>illos</span> 
     </span>
    </p>
   </div>
   <div class='ocr_carea' id='block_1_95' title="bbox 371 4972 2023 5062">
    <p class='ocr_par' dir='ltr' id='par_1_95' title="bbox 371 4972 2023 5062">
     <span class='ocr_line' id='line_1_97' title="bbox 371 4972 2023 5062; baseline 0.011 -35"><span class='ocrx_word' id='word_1_596' title='bbox 371 4972 614 5045; x_wconf 88' lang='lat' dir='ltr'>quidem</span> <span class='ocrx_word' id='word_1_597' title='bbox 645 4975 778 5046; x_wconf 84' lang='lat' dir='ltr'>igne</span> <span class='ocrx_word' id='word_1_598' title='bbox 810 4979 1158 5045; x_wconf 87' lang='lat' dir='ltr'>combussit.</span> <span class='ocrx_word' id='word_1_599' title='bbox 1189 4983 1381 5054; x_wconf 87' lang='lat' dir='ltr'>ipsam</span> <span class='ocrx_word' id='word_1_600' title='bbox 1412 5003 1548 5043; x_wconf 84' lang='lat' dir='ltr'>vero</span> <span class='ocrx_word' id='word_1_601' title='bbox 1578 4986 1792 5043; x_wconf 75' lang='lat' dir='ltr'>deferri</span> <span class='ocrx_word' id='word_1_602' title='bbox 1835 4989 2023 5062; x_wconf 87' lang='lat' dir='ltr'>jussit</span> 
     </span>
    </p>
   </div>
   <div class='ocr_carea' id='block_1_96' title="bbox 370 5062 2020 5145">
    <p class='ocr_par' dir='ltr' id='par_1_96' title="bbox 370 5062 2020 5145">
     <span class='ocr_line' id='line_1_98' title="bbox 370 5062 2020 5145; baseline 0.008 -25"><span class='ocrx_word' id='word_1_603' title='bbox 370 5063 434 5120; x_wconf 90' lang='lat' dir='ltr'>in</span> <span class='ocrx_word' id='word_1_604' title='bbox 468 5062 736 5135; x_wconf 87' lang='lat' dir='ltr'>lupanar,</span> <span class='ocrx_word' id='word_1_605' title='bbox 770 5073 836 5121; x_wconf 91' lang='lat' dir='ltr'>ut</span> <span class='ocrx_word' id='word_1_606' title='bbox 863 5067 935 5122; x_wconf 90' lang='lat' dir='ltr'>ab</span> <span class='ocrx_word' id='word_1_607' title='bbox 967 5070 1287 5140; x_wconf 87' lang='lat' dir='ltr'>impudicis</span> <span class='ocrx_word' id='word_1_608' title='bbox 1318 5074 1705 5145; x_wconf 87' lang='lat' dir='ltr'>pollueretur.</span> <span class='ocrx_word' id='word_1_609' title='bbox 1755 5076 1868 5134; x_wconf 90' lang='lat' dir='ltr'>Sed</span> <span class='ocrx_word' id='word_1_610' title='bbox 1920 5078 2020 5134; x_wconf 88' lang='lat' dir='ltr'>Dei</span> 
     </span>
    </p>
   </div>
   <div class='ocr_carea' id='block_1_97' title="bbox 370 5153 2015 5228">
    <p class='ocr_par' dir='ltr' id='par_1_97' title="bbox 370 5153 2015 5228">
     <span class='ocr_line' id='line_1_99' title="bbox 370 5153 2015 5228; baseline 0.011 -21"><span class='ocrx_word' id='word_1_611' title='bbox 370 5153 558 5227; x_wconf 87' lang='lat' dir='ltr'>gratia</span> <span class='ocrx_word' id='word_1_612' title='bbox 585 5161 868 5225; x_wconf 86' lang='lat' dir='ltr'>protecta.</span> <span class='ocrx_word' id='word_1_613' title='bbox 914 5168 1143 5216; x_wconf 80' lang='lat' dir='ltr'>servata</span> <span class='ocrx_word' id='word_1_614' title='bbox 1197 5168 1288 5216; x_wconf 87' lang='lat' dir='ltr'>est</span> <span class='ocrx_word' id='word_1_615' title='bbox 1335 5163 1582 5228; x_wconf 86' lang='lat' dir='ltr'>illibata.</span> <span class='ocrx_word' id='word_1_616' title='bbox 1637 5167 1880 5224; x_wconf 88' lang='lat' dir='ltr'>nemine</span> <span class='ocrx_word' id='word_1_617' title='bbox 1937 5168 2015 5224; x_wconf 89' lang='lat' dir='ltr'>ad</span> 
     </span>
    </p>
   </div>
   <div class='ocr_carea' id='block_1_98' title="bbox 369 5243 2018 5326">
    <p class='ocr_par' dir='ltr' id='par_1_98' title="bbox 369 5243 2018 5326">
     <span class='ocr_line' id='line_1_100' title="bbox 369 5243 2018 5326; baseline 0.008 -27"><span class='ocrx_word' id='word_1_618' title='bbox 369 5259 500 5300; x_wconf 87' lang='lat' dir='ltr'>eam</span> <span class='ocrx_word' id='word_1_619' title='bbox 532 5243 816 5302; x_wconf 83' lang='lat' dir='ltr'>accedere</span> <span class='ocrx_word' id='word_1_620' title='bbox 847 5248 1123 5305; x_wconf 86' lang='lat' dir='ltr'>audente.</span> <span class='ocrx_word' id='word_1_621' title='bbox 1154 5249 1320 5315; x_wconf 90' lang='lat' dir='ltr'>Quod</span> <span class='ocrx_word' id='word_1_622' title='bbox 1350 5268 1481 5308; x_wconf 91' lang='lat' dir='ltr'>cum</span> <span class='ocrx_word' id='word_1_623' title='bbox 1516 5271 1737 5326; x_wconf 75' lang='lat' dir='ltr'>praases</span> <span class='ocrx_word' id='word_1_624' title='bbox 1781 5255 2018 5312; x_wconf 83' lang='lat' dir='ltr'>intelle-</span> 
     </span>
    </p>
   </div>
   <div class='ocr_carea' id='block_1_99' title="bbox 366 5333 2020 5414">
    <p class='ocr_par' dir='ltr' id='par_1_99' title="bbox 366 5333 2020 5414">
     <span class='ocr_line' id='line_1_101' title="bbox 366 5333 2020 5414; baseline 0.007 -23"><span class='ocrx_word' id='word_1_625' title='bbox 366 5333 570 5397; x_wconf 80' lang='lat' dir='ltr'>xisset,</span> <span class='ocrx_word' id='word_1_626' title='bbox 603 5333 798 5390; x_wconf 91' lang='lat' dir='ltr'>denuo</span> <span class='ocrx_word' id='word_1_627' title='bbox 829 5334 994 5392; x_wconf 91' lang='lat' dir='ltr'>illam</span> <span class='ocrx_word' id='word_1_628' title='bbox 1026 5354 1226 5396; x_wconf 88' lang='lat' dir='ltr'>coram</span> <span class='ocrx_word' id='word_1_629' title='bbox 1259 5357 1320 5395; x_wconf 87' lang='lat' dir='ltr'>se</span> <span class='ocrx_word' id='word_1_630' title='bbox 1344 5341 2020 5414; x_wconf 77' lang='lat' dir='ltr'>adducijussit,urgens.</span> 
     </span>
    </p>
   </div>
   <div class='ocr_carea' id='block_1_100' title="bbox 368 5420 2019 5499">
    <p class='ocr_par' dir='ltr' id='par_1_100' title="bbox 368 5420 2019 5499">
     <span class='ocr_line' id='line_1_102' title="bbox 368 5420 2019 5499; baseline 0.007 -23"><span class='ocrx_word' id='word_1_631' title='bbox 368 5425 436 5476; x_wconf 89' lang='lat' dir='ltr'>ut</span> <span class='ocrx_word' id='word_1_632' title='bbox 459 5420 756 5477; x_wconf 89' lang='lat' dir='ltr'>Christum</span> <span class='ocrx_word' id='word_1_633' title='bbox 789 5422 1108 5481; x_wconf 89' lang='lat' dir='ltr'>desereret.</span> <span class='ocrx_word' id='word_1_634' title='bbox 1143 5431 1216 5484; x_wconf 77' lang='lat' dir='ltr'>At</span> <span class='ocrx_word' id='word_1_635' title='bbox 1245 5444 1379 5484; x_wconf 90' lang='lat' dir='ltr'>cum</span> <span class='ocrx_word' id='word_1_636' title='bbox 1413 5429 1471 5484; x_wconf 92' lang='lat' dir='ltr'>id</span> <span class='ocrx_word' id='word_1_637' title='bbox 1494 5429 1685 5486; x_wconf 81' lang='lat' dir='ltr'>facere</span> <span class='ocrx_word' id='word_1_638' title='bbox 1703 5433 2019 5499; x_wconf 84' lang='lat' dir='ltr'>renuisset,</span> 
     </span>
    </p>
   </div>
   <div class='ocr_carea' id='block_1_101' title="bbox 368 5508 2020 5589">
    <p class='ocr_par' dir='ltr' id='par_1_101' title="bbox 368 5508 2020 5589">
     <span class='ocr_line' id='line_1_103' title="bbox 368 5508 2020 5589; baseline 0.007 -25"><span class='ocrx_word' id='word_1_639' title='bbox 368 5508 547 5564; x_wconf 90' lang='lat' dir='ltr'>etiam</span> <span class='ocrx_word' id='word_1_640' title='bbox 581 5510 770 5582; x_wconf 79' lang='lat' dir='ltr'>ipsam</span> <span class='ocrx_word' id='word_1_641' title='bbox 803 5511 921 5585; x_wconf 90' lang='lat' dir='ltr'>igni</span> <span class='ocrx_word' id='word_1_642' title='bbox 954 5514 1216 5573; x_wconf 89' lang='lat' dir='ltr'>tradidit.</span> <span class='ocrx_word' id='word_1_643' title='bbox 1251 5523 1443 5589; x_wconf 79' lang='lat' dir='ltr'>Atque</span> <span class='ocrx_word' id='word_1_644' title='bbox 1471 5519 1553 5574; x_wconf 87' lang='lat' dir='ltr'>ita</span> <span class='ocrx_word' id='word_1_645' title='bbox 1591 5527 2020 5576; x_wconf 61' lang='lat' dir='ltr'>consummatus</span> 
     </span>
    </p>
   </div>
   <div class='ocr_carea' id='block_1_102' title="bbox 366 5599 2021 5683">
    <p class='ocr_par' dir='ltr' id='par_1_102' title="bbox 366 5599 2021 5683">
     <span class='ocr_line' id='line_1_104' title="bbox 366 5599 2021 5683; baseline 0.008 -29"><span class='ocrx_word' id='word_1_646' title='bbox 366 5602 488 5654; x_wconf 86' lang='lat' dir='ltr'>tres</span> <span class='ocrx_word' id='word_1_647' title='bbox 516 5599 732 5661; x_wconf 82' lang='lat' dir='ltr'>Christi</span> <span class='ocrx_word' id='word_1_648' title='bbox 771 5609 1085 5677; x_wconf 77' lang='lat' dir='ltr'>martyres,</span> <span class='ocrx_word' id='word_1_649' title='bbox 1143 5621 1394 5683; x_wconf 77' lang='lat' dir='ltr'>regnum</span> <span class='ocrx_word' id='word_1_650' title='bbox 1449 5608 1732 5669; x_wconf 77' lang='lat' dir='ltr'>ccelorum</span> <span class='ocrx_word' id='word_1_651' title='bbox 1792 5609 2021 5682; x_wconf 60' lang='lat' dir='ltr'>adepta:</span> 
     </span>
    </p>
   </div>
   <div class='ocr_carea' id='block_1_103' title="bbox 367 5693 526 5749">
    <p class='ocr_par' dir='ltr' id='par_1_103' title="bbox 367 5693 526 5749">
     <span class='ocr_line' id='line_1_105' title="bbox 367 5693 526 5749; baseline -0.019 0"><span class='ocrx_word' id='word_1_652' title='bbox 367 5693 526 5749; x_wconf 66' lang='lat' dir='ltr'>sunt.</span> 
     </span>
    </p>
   </div>
   <div class='ocr_carea' id='block_1_104' title="bbox 2129 4703 3770 4783">
    <p class='ocr_par' dir='ltr' id='par_1_104' title="bbox 2129 4703 3770 4783">
     <span class='ocr_line' id='line_1_106' title="bbox 2129 4703 3770 4783; baseline -0.005 -17"><span class='ocrx_word' id='word_1_653' title='bbox 2129 4711 2284 4766; x_wconf 85' lang='grc' dir='ltr'>Ὅθεν</span> <span class='ocrx_word' id='word_1_654' title='bbox 2341 4710 2440 4778; x_wconf 82' lang='grc' dir='ltr'>τήν</span> <span class='ocrx_word' id='word_1_655' title='bbox 2504 4709 2598 4782; x_wconf 76' lang='grc' dir='ltr'>μὶν</span> <span class='ocrx_word' id='word_1_656' title='bbox 2653 4705 2919 4783; x_wconf 69' lang='grc' dir='ltr'>’Λγᾶπην,</span> <span class='ocrx_word' id='word_1_657' title='bbox 2995 4705 3087 4761; x_wconf 84' lang='grc' dir='ltr'>καὶ</span> <span class='ocrx_word' id='word_1_658' title='bbox 3169 4708 3269 4773; x_wconf 74' lang='grc' dir='ltr'>τήν</span> <span class='ocrx_word' id='word_1_659' title='bbox 3350 4705 3572 4763; x_wconf 81' lang='grc' dir='ltr'>Χιονίαν</span> <span class='ocrx_word' id='word_1_660' title='bbox 3640 4703 3770 4778; x_wconf 81' lang='grc' dir='ltr'>πυρὶ</span> 
     </span>
    </p>
   </div>
   <div class='ocr_carea' id='block_1_105' title="bbox 2131 4785 3776 4872">
    <p class='ocr_par' dir='ltr' id='par_1_105' title="bbox 2131 4785 3776 4872">
     <span class='ocr_line' id='line_1_107' title="bbox 2131 4785 3776 4872; baseline -0.005 -18"><span class='ocrx_word' id='word_1_661' title='bbox 2131 4785 2362 4854; x_wconf 76' lang='grc' dir='ltr'>ἀνεῖλεν·</span> <span class='ocrx_word' id='word_1_662' title='bbox 2396 4799 2494 4868; x_wconf 75' lang='grc' dir='ltr'>τὴν</span> <span class='ocrx_word' id='word_1_663' title='bbox 2529 4795 2584 4852; x_wconf 63' lang='lat' dir='ltr'>Si</span> <span class='ocrx_word' id='word_1_664' title='bbox 2615 4796 2856 4872; x_wconf 74' lang='grc' dir='ltr'>Είρήνην</span> <span class='ocrx_word' id='word_1_665' title='bbox 2892 4795 3062 4868; x_wconf 84' lang='grc' dir='ltr'>εὑρὼν</span> <span class='ocrx_word' id='word_1_666' title='bbox 3109 4793 3339 4871; x_wconf 80' lang='grc' dir='ltr'>ἔχουσαν</span> <span class='ocrx_word' id='word_1_667' title='bbox 3389 4793 3509 4868; x_wconf 70' lang='grc' dir='ltr'>ἱερά</span> <span class='ocrx_word' id='word_1_668' title='bbox 3559 4787 3776 4868; x_wconf 80' lang='grc' dir='ltr'>βιϐλία,</span> 
     </span>
    </p>
   </div>
   <div class='ocr_carea' id='block_1_106' title="bbox 2131 4883 3775 4962">
    <p class='ocr_par' dir='ltr' id='par_1_106' title="bbox 2131 4883 3775 4962">
     <span class='ocr_line' id='line_1_108' title="bbox 2131 4883 3775 4962; baseline -0.005 -19"><span class='ocrx_word' id='word_1_669' title='bbox 2131 4888 2185 4944; x_wconf 66' lang='grc' dir='ltr'>ἐν</span> <span class='ocrx_word' id='word_1_670' title='bbox 2218 4890 2299 4950; x_wconf 85' lang='grc' dir='ltr'>οἷς</span> <span class='ocrx_word' id='word_1_671' title='bbox 2339 4886 2697 4962; x_wconf 84' lang='grc' dir='ltr'>ἀνεγίνωσκον</span> <span class='ocrx_word' id='word_1_672' title='bbox 2757 4886 2812 4940; x_wconf 75' lang='grc' dir='ltr'>αἱ</span> <span class='ocrx_word' id='word_1_673' title='bbox 2870 4883 3039 4961; x_wconf 76' lang='grc' dir='ltr'>ἆγιαι,</span> <span class='ocrx_word' id='word_1_674' title='bbox 3097 4883 3272 4940; x_wconf 69' lang='grc' dir='ltr'>ἰκεῖνα</span> <span class='ocrx_word' id='word_1_675' title='bbox 3333 4883 3426 4957; x_wconf 77' lang='grc' dir='ltr'>μὶν</span> <span class='ocrx_word' id='word_1_676' title='bbox 3481 4894 3775 4937; x_wconf 79' lang='grc' dir='ltr'>κατεκαυσε</span> 
     </span>
    </p>
   </div>
   <div class='ocr_carea' id='block_1_107' title="bbox 2129 4969 3778 5053">
    <p class='ocr_par' dir='ltr' id='par_1_107' title="bbox 2129 4969 3778 5053">
     <span class='ocr_line' id='line_1_109' title="bbox 2129 4969 3778 5053; baseline -0.006 -19"><span class='ocrx_word' id='word_1_677' title='bbox 2129 4979 2285 5053; x_wconf 82' lang='grc' dir='ltr'>πυρὶ,</span> <span class='ocrx_word' id='word_1_678' title='bbox 2318 4975 2484 5048; x_wconf 74' lang='grc' dir='ltr'>αὓτὴν</span> <span class='ocrx_word' id='word_1_679' title='bbox 2547 4974 2605 5033; x_wconf 70' lang='grc' dir='ltr'>δὲ</span> <span class='ocrx_word' id='word_1_680' title='bbox 2659 4975 2982 5051; x_wconf 64' lang='grc' dir='ltr'>προσέταξεν</span> <span class='ocrx_word' id='word_1_681' title='bbox 3027 4975 3391 5050; x_wconf 74' lang='grc' dir='ltr'>ἀπενεχθῆναι</span> <span class='ocrx_word' id='word_1_682' title='bbox 3443 4971 3494 5028; x_wconf 76' lang='grc' dir='ltr'>ὲν</span> <span class='ocrx_word' id='word_1_683' title='bbox 3540 4969 3778 5047; x_wconf 84' lang='grc' dir='ltr'>πορνείῳ</span> 
     </span>
    </p>
   </div>
   <div class='ocr_carea' id='block_1_108' title="bbox 2128 5061 3777 5144">
    <p class='ocr_par' dir='ltr' id='par_1_108' title="bbox 2128 5061 3777 5144">
     <span class='ocr_line' id='line_1_110' title="bbox 2128 5061 3777 5144; baseline -0.005 -20"><span class='ocrx_word' id='word_1_684' title='bbox 2128 5067 2265 5144; x_wconf 75' lang='grc' dir='ltr'>πρὸς</span> <span class='ocrx_word' id='word_1_685' title='bbox 2295 5068 2358 5124; x_wconf 81' lang='grc' dir='ltr'>τὸ</span> <span class='ocrx_word' id='word_1_686' title='bbox 2393 5069 2684 5140; x_wconf 70' lang='grc' dir='ltr'>μιανθῆναι</span> <span class='ocrx_word' id='word_1_687' title='bbox 2718 5067 2822 5122; x_wconf 72' lang='grc' dir='ltr'>ὑπὸ</span> <span class='ocrx_word' id='word_1_688' title='bbox 2870 5069 2978 5122; x_wconf 77' lang='grc' dir='ltr'>τῶν</span> <span class='ocrx_word' id='word_1_689' title='bbox 3033 5061 3376 5120; x_wconf 72' lang='grc' dir='ltr'>ἀκολάστων.</span> <span class='ocrx_word' id='word_1_690' title='bbox 3428 5061 3606 5118; x_wconf 83' lang='grc' dir='ltr'>Ἀλλᾶ</span> <span class='ocrx_word' id='word_1_691' title='bbox 3657 5081 3777 5117; x_wconf 82' lang='grc' dir='ltr'>σκε-</span> 
     </span>
    </p>
   </div>
   <div class='ocr_carea' id='block_1_109' title="bbox 2129 5149 3774 5229">
    <p class='ocr_par' dir='ltr' id='par_1_109' title="bbox 2129 5149 3774 5229">
     <span class='ocr_line' id='line_1_111' title="bbox 2129 5149 3774 5229; baseline -0.005 -17"><span class='ocrx_word' id='word_1_692' title='bbox 2129 5163 2392 5222; x_wconf 86' lang='grc' dir='ltr'>πασθεῖσα</span> <span class='ocrx_word' id='word_1_693' title='bbox 2450 5157 2554 5212; x_wconf 82' lang='grc' dir='ltr'>ὑπὸ</span> <span class='ocrx_word' id='word_1_694' title='bbox 2600 5162 2703 5226; x_wconf 77' lang='grc' dir='ltr'>τῆς</span> <span class='ocrx_word' id='word_1_695' title='bbox 2751 5160 2850 5211; x_wconf 92' lang='grc' dir='ltr'>τοῦ</span> <span class='ocrx_word' id='word_1_696' title='bbox 2905 5157 3040 5210; x_wconf 88' lang='grc' dir='ltr'>Θεοῦ</span> <span class='ocrx_word' id='word_1_697' title='bbox 3097 5154 3348 5229; x_wconf 72' lang='grc' dir='ltr'>χάριτος,</span> <span class='ocrx_word' id='word_1_698' title='bbox 3429 5149 3774 5226; x_wconf 73' lang='grc' dir='ltr'>διεφυλάχθη</span> 
     </span>
    </p>
   </div>
   <div class='ocr_carea' id='block_1_110' title="bbox 2129 5239 3772 5320">
    <p class='ocr_par' dir='ltr' id='par_1_110' title="bbox 2129 5239 3772 5320">
     <span class='ocr_line' id='line_1_112' title="bbox 2129 5239 3772 5320; baseline -0.004 -18"><span class='ocrx_word' id='word_1_699' title='bbox 2129 5247 2357 5320; x_wconf 74' lang='grc' dir='ltr'>καθαρὰ,</span> <span class='ocrx_word' id='word_1_700' title='bbox 2419 5242 2650 5318; x_wconf 82' lang='grc' dir='ltr'>μηδενὸς</span> <span class='ocrx_word' id='word_1_701' title='bbox 2709 5243 2846 5310; x_wconf 82' lang='grc' dir='ltr'>αύτῆ</span> <span class='ocrx_word' id='word_1_702' title='bbox 2929 5242 3315 5316; x_wconf 86' lang='grc' dir='ltr'>τολμήσαντος</span> <span class='ocrx_word' id='word_1_703' title='bbox 3396 5239 3772 5316; x_wconf 83' lang='grc' dir='ltr'>προσεγγίσαι.</span> 
     </span>
    </p>
   </div>
   <div class='ocr_carea' id='block_1_111' title="bbox 2130 5329 3777 5410">
    <p class='ocr_par' dir='ltr' id='par_1_111' title="bbox 2130 5329 3777 5410">
     <span class='ocr_line' id='line_1_113' title="bbox 2130 5329 3777 5410; baseline -0.005 -16"><span class='ocrx_word' id='word_1_704' title='bbox 2130 5339 2308 5395; x_wconf 82' lang='grc' dir='ltr'>Τοῦτο</span> <span class='ocrx_word' id='word_1_705' title='bbox 2362 5332 2421 5390; x_wconf 74' lang='grc' dir='ltr'>δὲ</span> <span class='ocrx_word' id='word_1_706' title='bbox 2482 5337 2664 5409; x_wconf 84' lang='grc' dir='ltr'>μαθὼν</span> <span class='ocrx_word' id='word_1_707' title='bbox 2717 5336 2746 5391; x_wconf 79' lang='grc' dir='ltr'><strong>ὁ</strong></span> <span class='ocrx_word' id='word_1_708' title='bbox 2805 5333 3015 5410; x_wconf 75' lang='grc' dir='ltr'>ἄρχων,</span> <span class='ocrx_word' id='word_1_709' title='bbox 3092 5331 3259 5388; x_wconf 80' lang='grc' dir='ltr'>πάλιν</span> <span class='ocrx_word' id='word_1_710' title='bbox 3331 5329 3535 5408; x_wconf 77' lang='grc' dir='ltr'>ἤγαγεν</span> <span class='ocrx_word' id='word_1_711' title='bbox 3610 5329 3777 5399; x_wconf 74' lang='grc' dir='ltr'>αὐτὴν</span> 
     </span>
    </p>
   </div>
   <div class='ocr_carea' id='block_1_112' title="bbox 2130 5418 3772 5500">
    <p class='ocr_par' dir='ltr' id='par_1_112' title="bbox 2130 5418 3772 5500">
     <span class='ocr_line' id='line_1_114' title="bbox 2130 5418 3772 5500; baseline -0.004 -18"><span class='ocrx_word' id='word_1_712' title='bbox 2130 5426 2363 5482; x_wconf 69' lang='grc' dir='ltr'>ὶνώπιον</span> <span class='ocrx_word' id='word_1_713' title='bbox 2392 5425 2579 5494; x_wconf 76' lang='grc' dir='ltr'>αὐτοῦ,</span> <span class='ocrx_word' id='word_1_714' title='bbox 2630 5424 2944 5500; x_wconf 68' lang='grc' dir='ltr'>ἀναγκάζων</span> <span class='ocrx_word' id='word_1_715' title='bbox 2996 5425 3326 5500; x_wconf 87' lang='grc' dir='ltr'>ἀρνήσασθαι</span> <span class='ocrx_word' id='word_1_716' title='bbox 3367 5421 3459 5477; x_wconf 83' lang='grc' dir='ltr'>τὸν</span> <span class='ocrx_word' id='word_1_717' title='bbox 3515 5418 3772 5492; x_wconf 85' lang='grc' dir='ltr'>Χριστόν.</span> 
     </span>
    </p>
   </div>
   <div class='ocr_carea' id='block_1_113' title="bbox 2129 5507 3780 5587">
    <p class='ocr_par' dir='ltr' id='par_1_113' title="bbox 2129 5507 3780 5587">
     <span class='ocr_line' id='line_1_115' title="bbox 2129 5507 3780 5587; baseline -0.005 -17"><span class='ocrx_word' id='word_1_718' title='bbox 2129 5516 2217 5576; x_wconf 86' lang='grc' dir='ltr'>Ὠς</span> <span class='ocrx_word' id='word_1_719' title='bbox 2258 5511 2316 5569; x_wconf 64' lang='lat' dir='ltr'>Si</span> <span class='ocrx_word' id='word_1_720' title='bbox 2357 5514 2457 5570; x_wconf 80' lang='grc' dir='ltr'>οὐκ</span> <span class='ocrx_word' id='word_1_721' title='bbox 2508 5511 2708 5584; x_wconf 79' lang='grc' dir='ltr'>ἔπεισε,</span> <span class='ocrx_word' id='word_1_722' title='bbox 2765 5513 2855 5569; x_wconf 81' lang='grc' dir='ltr'>καὶ</span> <span class='ocrx_word' id='word_1_723' title='bbox 2906 5514 3072 5582; x_wconf 73' lang='grc' dir='ltr'>αὺτὴν</span> <span class='ocrx_word' id='word_1_724' title='bbox 3128 5511 3260 5587; x_wconf 79' lang='grc' dir='ltr'>πυρὶ</span> <span class='ocrx_word' id='word_1_725' title='bbox 3316 5507 3618 5586; x_wconf 65' lang='grc' dir='ltr'>παρέδωκε.</span> <span class='ocrx_word' id='word_1_726' title='bbox 3679 5508 3780 5562; x_wconf 75' lang='grc' dir='ltr'>Καὶ</span> 
     </span>
    </p>
   </div>
   <div class='ocr_carea' id='block_1_114' title="bbox 2130 5597 3776 5678">
    <p class='ocr_par' dir='ltr' id='par_1_114' title="bbox 2130 5597 3776 5678">
     <span class='ocr_line' id='line_1_116' title="bbox 2130 5597 3776 5678; baseline -0.005 -18"><span class='ocrx_word' id='word_1_727' title='bbox 2130 5603 2273 5660; x_wconf 70' lang='grc' dir='ltr'>οὕτω</span> <span class='ocrx_word' id='word_1_728' title='bbox 2303 5602 2675 5662; x_wconf 83' lang='grc' dir='ltr'>τελειωθεῖσαι</span> <span class='ocrx_word' id='word_1_729' title='bbox 2704 5603 2759 5658; x_wconf 75' lang='grc' dir='ltr'>αἱ</span> <span class='ocrx_word' id='word_1_730' title='bbox 2807 5602 2958 5678; x_wconf 74' lang='grc' dir='ltr'>τρεῖς</span> <span class='ocrx_word' id='word_1_731' title='bbox 3010 5597 3287 5659; x_wconf 65' lang='grc' dir='ltr'>ἀπέλαϐον</span> <span class='ocrx_word' id='word_1_732' title='bbox 3341 5597 3618 5676; x_wconf 85' lang='grc' dir='ltr'>βασιλείαν</span> <span class='ocrx_word' id='word_1_733' title='bbox 3669 5598 3776 5658; x_wconf 68' lang='grc' dir='ltr'>ού-</span> 
     </span>
    </p>
   </div>
   <div class='ocr_carea' id='block_1_115' title="bbox 2130 5709 2329 5774">
    <p class='ocr_par' dir='ltr' id='par_1_115' title="bbox 2130 5709 2329 5774">
     <span class='ocr_line' id='line_1_117' title="bbox 2130 5709 2329 5774; baseline 0 -22"><span class='ocrx_word' id='word_1_734' title='bbox 2130 5709 2329 5774; x_wconf 69' lang='grc' dir='ltr'>μενων.</span> 
     </span>
    </p>
   </div>
  </div>
