4158 6310
1833 348 2171 412 APRILIS.

3616 358 3736 424 διο

322 489 422 547 Καὶ
467 489 664 561 μνήμη
697 491 795 542 τοῦ
821 486 973 542 όσίου
1002 486 1212 566 Ηατρᾷς
1254 486 1441 559 ἡμῶν,
1471 485 1563 540 καὶ
1612 483 1967 560 ὁμολογητοῦ

2087 484 2157 544 Et
2185 491 2448 547 memoria
2492 493 2668 548 sancti
2697 490 2881 549 Patris
2934 486 3112 548 ποεινὶ
3158 486 3358 550 Nicetz
3414 497 3736 566 confessoris

1033 566 1076 616 Ν
1088 560 1269 630 ικήτα.

398 693 659 762 Νικήτας.
722 694 749 748 ὑ
810 692 864 749 ἐν
920 691 1096 768 ἁγίοις
1184 693 1372 763 Πατὴρ
1460 693 1622 763 ἡμῶν
1698 691 1788 745 καὶ
1839 692 1976 762 ὁμο-

327 781 572 856 λογητής
655 787 754 836 τοῦ
842 785 1107 856 Χριστοῦ,
1171 782 1420 855 ὑπῆρχεν
1494 784 1563 846 τῆ
1618 782 1971 855 συγχωρήσει

328 875 422 925 τοῦ
479 874 616 925 Θεοῦ
685 869 773 926 ἰπὶ
837 869 1112 945 βασιλείας
1167 874 1275 925 τῶν
1354 868 1775 944 Εἷκονομαχων⁸
1835 869 1973 943 πρό-

328 981 482 1037 τερον
538 961 600 1017 ἐκ
668 962 904 1037 βρέφους
952 963 1091 1017 κατά
1145 962 1244 1030 τήν
1307 957 1536 1029 ἐντολὴν
1593 964 1692 1014 τοῦ
1740 961 1975 1032 Χριστοῦ

331 1049 642 1104 καταλιπὼν
721 1051 926 1126 πατέρα
961 1091 975 1116 ,
1037 1049 1290 1124 μητᾶρα,
1337 1045 1611 1125 ἀδελφοὺς
1647 1089 1662 1112 ,
1716 1045 1972 1125 ἀδελφὰς,

329 1144 623 1213 συγγενεῖς,
677 1137 871 1208 οἰκίαν,
928 1135 1165 1214 πατρίδα
1220 1134 1484 1204 πλοῦτον,
1540 1136 1630 1190 καὶ
1662 1134 1826 1210 αἶ’ρων
1881 1137 1971 1191 τὸν

332 1229 554 1302 σταυρὸν
607 1225 773 1282 αὑτοῦ
850 1226 1151 1302 προθύμως
1185 1268 1199 1294 ,
1258 1224 1347 1280 καὶ
1430 1224 1812 1295 ἀκολουθήσας
1895 1230 1974 1298 τῷ

331 1321 568 1388 Χριστῷ,
619 1318 706 1371 καὶ
755 1316 992 1391 γεγονὼς
1042 1315 1195 1385 ἄξιος
1253 1315 1423 1369 αὑτοῦ
1464 1315 1734 1388 μαθητής.
1769 1312 1973 1369 ’Λπελ-

325 1404 424 1460 θὼν
454 1405 555 1480 γὰρ
589 1403 641 1460 ἒν
692 1408 760 1479 τῇ
818 1407 958 1478 μονῇ
1008 1408 1106 1458 τοῦ
1157 1399 1458 1472 Μηδικίου,
1507 1405 1765 1457 τοσοῦτον
1817 1404 1970 1477 ἡγω-

326 1493 508 1548 νίσατο
565 1494 703 1566 πρὸς
781 1493 999 1567 ἀρετήν,
1061 1493 1137 1555 ὡς
1200 1487 1528 1565 ὑπερϐαλεῖν
1585 1491 1786 1554 πάντας
1843 1491 1972 1554 τοὺς

330 1583 434 1638 ἐκεῖ
487 1581 789 1657 μοναχοῦς.
828 1581 1006 1638 Ἀλλᾶ
1061 1582 1152 1636 καὶ
1207 1585 1304 1636 τοῦ
1363 1579 1702 1656 χαρίσματος
1761 1582 1970 1652 ἠξιώθη

333 1677 435 1726 τῶν
484 1674 799 1745 θαυμάτων·
861 1671 951 1726 καὶ
981 1668 1071 1725 διὰ
1123 1671 1221 1738 τήν
1285 1671 1476 1746 ἀρετήν
1528 1669 1692 1724 αὐτοῦ
1745 1667 1814 1742 τῇ
1869 1689 1970 1722 πα-

333 1761 590 1836 ρακλήσει
674 1764 783 1815 τῶν
875 1765 1134 1834 μοναχῶν
1216 1757 1428 1834 ἐγένετο
1495 1758 1584 1812 καί
1642 1757 1972 1833 ἡγοῦμενης,

330 1851 414 1905 καὶ
456 1849 648 1914 καλῶς
705 1846 1021 1923 δῖεκυϐἐρνα
1056 1849 1120 1904 τὸ
1151 1850 1430 1920 ποίμνιον.

331 1937 507 1994 ἐκάλει
567 1939 732 1993 αὐτὸν
777 1938 914 2012 πρὸς
962 1938 1025 1992 τὸ
1061 1936 1386 2012 μαρτύριον,
1442 1935 1860 1997 ἀποστείλαντες
1921 1937 1973 1989 οἱ

331 2029 706 2103 Εἷκονομαχοι
772 2024 1240 2101 προσεκαλέσαντο
1325 2025 1486 2080 αὑτὸν
1517 2068 1530 2094 ,
1625 2025 1715 2080 καὶ
1806 2045 1972 2094 κατη-

331 2120 596 2190 νάγκαζον
676 2118 1006 2190 ἀρνήσασθαι
1106 2116 1208 2184 τὴν
1290 2118 1398 2170 τῶν
1465 2134 1673 2169 σεπτων
1753 2112 1976 2168 είκόνων

325 2205 716 2282 προσκύνησιν,
749 2203 1022 2260 συνελθεῖν
1054 2201 1112 2259 δὲ
1152 2207 1222 2277 τῇ
1279 2204 1482 2278 αἱρέσει
1542 2203 1744 2259 αὐτῶν.
1797 2204 1887 2267 Ὧς
1918 2199 1976 2258 δὶ

326 2295 419 2350 οὑκ
448 2294 690 2363 ἔπεισαν,
739 2292 999 2368 ἐξορίαις,
1029 2291 1120 2348 καὶ
1169 2290 1382 2365 λιμοῖς,
1425 2291 1518 2346 καὶ
1571 2289 1976 2365 ταλαιπωρίαις

328 2380 721 2456 ὑποϐαλόντες,
755 2382 815 2437 ἀν
823 2381 994 2438 εἶλονῖ

390 2501 488 2554 Καὶ
523 2501 719 2574 μνήμη
743 2501 841 2553 τοῦ
895 2496 1050 2553 ὁσίου
1101 2497 1311 2574 ’ζωσήφ
1368 2500 1466 2552 τοῦ
1523 2500 1761 2568 ποιητοῦ
1789 2501 1899 2552 τῶν

1017 2568 1278 2626 κανόνων.

391 2691 448 2745 Ὀ
532 2687 683 2752 ὅσιος
769 2687 998 2764 Ἰωσήφο
1087 2687 1115 2741 ὁ
1198 2687 1436 2755 ποιητὴς
1517 2689 1625 2740 τῶν
1706 2685 1969 2755 κανόνων,

336 2776 568 2853 ὑπῆρχεν
603 2777 664 2832 ἐκ
691 2783 793 2845 τῆς
830 2775 1102 2843 Σικελίας,
1164 2775 1281 2838 υἱὸς
1330 2775 1660 2844 Πλουτίνου,
1691 2776 1780 2829 καὶ
1813 2775 1976 2850 Ἀγα-

341 2867 456 2934 θης.
490 2863 758 2936 ’Λλούσης
789 2863 847 2920 δὲ
902 2866 1000 2933 τῆς
1031 2863 1234 2919 τούτου
1272 2861 1533 2938 πατρίδος
1589 2864 1692 2918 ὑπὸ
1729 2860 1826 2917 τοῦ
1864 2867 1971 2917 τῶν

337 2955 540 3031 Ἄρρων
571 2950 782 3027 ἔθνους,
839 2951 1009 3022 ἦλθεν
1076 2951 1154 3016 εἰς
1202 2949 1621 3022 Θεσσαλονίκην,
1679 2952 1767 3006 καὶ
1801 2949 1973 3006 ἀπελ-

327 3041 427 3106 θὼν
509 3038 563 3097 ἔν
628 3064 734 3098 τινι
792 3041 1148 3118 μοναστηρίῳ
1184 3084 1198 3108 ,
1283 3040 1369 3096 καὶ
1429 3039 1665 3116 γεγονὼς
1724 3039 1970 3114 μοναχὸς

319 3132 637 3208 ἠγωνίζετο,
698 3131 941 3205 μελετῶν
1002 3131 1091 3187 καὶ
1147 3129 1246 3190 τὰς
1303 3129 1447 3194 θείας
1507 3129 1720 3206 Γραφᾶς
1779 3128 1973 3201 ἐπιμε-

323 3220 452 3283 λῶς·

331 3312 643 3387 Γρηγορίου
697 3314 793 3365 τοῦ
826 3307 1204 3364 Δεκαπολίτου
1255 3306 1331 3369 εἷς
1388 3304 1968 3363 Κωνσταντινοῦπολιν

328 3400 514 3468 ἦλθεν.
598 3398 957 3460 Ἀποσταλεὶς
1031 3395 1089 3452 δὲ
1146 3397 1223 3458 εἷς
1273 3397 1496 3469 Ῥώμην
1556 3393 1646 3450 διὰ
1720 3395 1820 3464 τὴν
1861 3399 1966 3450 τῶν

328 3487 725 3564 Εἱκονομάχων
786 3487 987 3564 α’ίρεσιν
1025 3531 1040 3557 ,
1095 3485 1366 3558 ἐκρατήθη
1426 3484 1572 3560 παρὰ
1623 3488 1730 3538 τῶν
1792 3491 1972 3556 Σαρα-

329 3585 526 3649 κηνῶν,
575 3579 662 3633 καὶ
720 3579 907 3652 ἁχθεὲς
941 3576 1008 3644 εί,
1065 3577 1166 3644 τήν
1229 3577 1473 3650 Κρήτην,
1532 3573 1858 3646 ἀπεκλείσθη
1893 3573 1971 3636 εἷς

333 3666 600 3745 φυλακήν.
660 3667 760 3724 Καὶ
798 3667 932 3738 μετὰ
989 3666 1218 3730 θάνατον
1279 3663 1550 3742 Θεοφίλου
1604 3668 1700 3718 τοῦ
1755 3663 1970 3718 εἶκονο-

333 3757 511 3829 μὰχου
542 3753 832 3815 ἀπολυθεὶς
874 3760 975 3821 τῆς
1032 3752 1298 3829 φυλακῆς,
1332 3756 1401 3824 τῇ
1434 3751 1658 3826 βοηθείᾳ
1683 3755 1778 3805 τοῦ
1810 3749 1969 3824 ἁγίου

334 3842 630 3911 Νικολάου,
689 3844 854 3912 ἦλθεν
911 3841 985 3904 εἰς
1047 3837 1641 3896 Κωνσταντινο·3πολιν·
1701 3841 1787 3895 καὶ
1836 3837 1966 3894 λοι-

329 3932 574 4011 δορηθεὶς
633 3934 895 4008 ἐξωρίσθη
946 3932 1022 3995 εἰς
1082 3933 1362 4007 Χερσῶνα.
1435 3933 1670 3996 Ἐκεῖθεν
1733 3929 1790 3986 δὲ
1839 3931 1968 3986 ἀνα-

331 4024 568 4091 κληθείς,
601 4023 768 4080 πάλιν
813 4021 981 4093 ἦλθεν
1041 4021 1115 4084 εἰς
1169 4023 1232 4076 τὸ
1291 4023 1601 4090 Βυζάντιον,
1658 4019 1745 4075 καὶ
1776 4027 1968 4095 γὲγονε

329 4115 492 4194 φύλαξ
520 4120 630 4171 τῶν
687 4117 848 4190 ἱερῶν
909 4117 1110 4168 σκευῶν
1167 4119 1265 4182 τῆς
1327 4111 1590 4186 Μεγάλης
1648 4110 1962 4183 ἐκκλησίας.

330 4205 646 4280 Χαρίσματα
678 4201 734 4260 δὲ
775 4199 917 4279 ἔχων
952 4202 1012 4258 ἐκ
1041 4205 1196 4271 Θεοῦ,
1255 4199 1505 4262 πολλοὺς
1561 4199 1745 4277 ἁγίους
1775 4201 1964 4257 κανόσι

327 4293 577 4363 τιμήσας,
610 4289 908 4364 ἐκοιμήθη.

867 4406 1044 4461 ΜΠΝΙ
1082 4406 1168 4460 ΤΩ
1206 4405 1409 4462 ΑΥΤΩ.

1118 4493 1170 4547 Δ,

2153 715 2404 772 Sanctus
2435 717 2605 773 Pater
2635 723 2837 774 noster
2866 718 3202 790 Christique
3232 718 3539 775 confessor
3570 722 3736 778 Nice-

2080 809 2171 860 tas
2200 806 2334 873 fuit,
2369 808 2483 862 Deo
2508 808 2590 862 sic
2628 809 3030 878 permittente,
3071 809 3522 865 Ichonomachis
3546 811 3736 882 impe-

2082 894 2236 948 rium
2270 895 2631 950 tenentibus.
2665 899 2734 950 Et
2786 898 3043 968 primum
3094 898 3338 968 quidem
3370 899 3564 954 adhuc
3589 915 3739 971 puer

2073 983 2245 1054 juxta
2273 985 2487 1040 Christi
2521 994 2884 1058 praeceptum
2929 987 3274 1057 relinquens
3332 993 3584 1058 patrem.
3611 1005 3735 1044 ma—

2081 1077 2256 1136 trem.
2286 1073 2519 1134 fratres.
2557 1092 2810 1136 sorores.
2845 1083 3146 1148 cognatos,
3169 1075 3430 1144 domum,
3453 1077 3729 1148 patriam,

2081 1159 2337 1226 divitias,
2371 1178 2439 1216 ac
2463 1160 2680 1217 tollens
2711 1161 2987 1217 alacriter
3009 1179 3246 1218 crucem
3279 1179 3470 1229 suam,
3495 1168 3734 1218 secutus

2083 1255 2172 1304 est
2192 1249 2510 1318 Christum,
2535 1251 2748 1322 dignus
2768 1250 2928 1305 illius
2951 1251 3280 1321 discipulus
3298 1252 3566 1307 effectus.
3587 1252 3736 1306 Cum

2083 1338 2240 1392 enim
2273 1339 2333 1392 in
2364 1340 2794 1394 monasterium
2836 1340 3065 1394 Medicii
3127 1356 3188 1394 se
3246 1339 3593 1410 recepisset,
3620 1340 3736 1395 ibi-

2082 1426 2214 1480 dem
2244 1426 2317 1482 ad
2349 1428 2622 1482 virtutem
2643 1429 2812 1482 enixe
2834 1429 2979 1483 adeo
3011 1427 3340 1488 contendit.
3365 1434 3430 1483 ut
3450 1429 3733 1486 omnibus

2081 1517 2181 1587 qui
2212 1515 2289 1569 ibi
2323 1522 2512 1583 erant,
2549 1518 2858 1572 monachis
2881 1518 3285 1572 antecelleret.
3310 1518 3733 1575 Miraculorum

2082 1605 2258 1660 etiam
2291 1605 2444 1660 dono
2480 1606 2690 1678 dignus
2724 1611 2812 1660 est
2861 1607 3118 1663 habitus.
3179 1607 3261 1662 Ob
3307 1624 3475 1662 suam
3534 1608 3734 1680 itaque

2081 1697 2381 1764 virtutem,
2413 1704 2619 1769 rogatu
2663 1699 3114 1766 monachorum,
3146 1697 3336 1754 factus
3369 1705 3459 1754 est
3495 1699 3737 1754 illorum

2082 1786 2472 1857 hegumenus,
2507 1803 2574 1842 ac
2605 1793 2764 1842 recte
2797 1788 3034 1858 praefuit
3076 1804 3182 1842 suo
3241 1789 3421 1860 gregi.
3456 1788 3567 1843 Sed
3592 1805 3738 1859 quo-

1465 1848 1612 1903 Ἐπεί
1674 1844 1730 1901 δὲ
1785 1847 1967 1920 καιρὸς

2084 1875 2243 1929 niam
2276 1882 2507 1947 tempus
2538 1877 2807 1947 martyrii
2841 1877 2968 1949 ejus
3019 1877 3351 1948 ingruebat,
3387 1878 3737 1949 ablegantur

2079 1963 2151 2017 ab
2175 1964 2582 2019 Iconomachis
2615 1964 2714 2034 qui
2749 1982 2882 2019 cum
2923 1972 3298 2020 accerserent
3347 1982 3414 2020 ac
3462 1967 3736 2036 compel-

2078 2049 2290 2116 lerent,
2323 2065 2358 2104 a
2388 2049 2818 2104 venerabilium
2862 2051 3188 2124 imaginum
3237 2051 3399 2105 cultu
3433 2053 3734 2117 recedere,

2080 2142 2138 2191 et
2166 2154 2300 2192 cum
2333 2138 2595 2209 ipsorum
2629 2139 2840 2193 haeresi
2867 2141 3201 2194 convenire.
3234 2140 3380 2193 Cum
3411 2156 3545 2195 vero
3576 2139 3649 2194 ad
3673 2138 3736 2193 id

2078 2227 2250 2281 illum
2284 2227 2535 2283 suadere
2564 2243 2685 2282 non
2717 2234 2980 2299 possent,
3016 2228 3245 2296 exsilio,
3272 2227 3450 2296 fame,
3483 2228 3739 2299 aliisque

2078 2316 2362 2372 aerumnis
2392 2316 2585 2388 ipsum
2615 2316 3025 2388 subjicientes,
3059 2317 3447 2372 sustulerunt.

2183 2524 2251 2577 Et
2280 2526 2544 2579 memoria
2569 2526 2750 2580 sancti
2777 2522 3005 2595 Iosephi
3033 2539 3304 2578 canonum
3333 2523 3626 2593 scriptoris

2149 2682 2353 2737 Sactus
2382 2685 2597 2755 Joseph
2625 2701 2922 2740 canonum
2957 2685 3230 2756 scriptor,
3263 2684 3376 2738 fuit
3407 2699 3475 2738 ex
3509 2683 3730 2751 Sicilia,

2079 2771 2240 2827 ﬁlius
2271 2773 2492 2827 Plutini
2526 2781 2583 2827 et
2613 2775 2873 2846 Agathaa.
2927 2775 3108 2844 Capta
3155 2780 3354 2828 autem
3382 2773 3511 2844 ejus
3542 2773 3734 2845 patria

2077 2859 2148 2914 ab
2181 2859 2457 2915 Afrorum
2489 2869 2681 2934 gente,
2707 2863 3188 2917 Thessalonicam
3213 2863 3459 2926 venit,et
3496 2863 3732 2934 ingres-

2079 2965 2180 3003 sus
2201 2949 2502 3021 quoddam
2517 2951 3108 3017 monasterium,cum
3129 2950 3206 3005 ibi
3231 2950 3574 3005 monasticae
3601 2951 3733 3006 vita

2079 3055 2140 3093 se
2169 3039 2514 3106 addixisset,
2549 3033 2722 3096 suum
2754 3047 3054 3096 certamen
3088 3041 3350 3105 certavit,
3388 3041 3448 3094 in
3481 3039 3731 3095 medita-

2078 3129 2240 3184 tione
2270 3129 2601 3185 divinarum
2642 3130 3081 3202 Scripturarum
3109 3146 3236 3186 sese
3270 3129 3531 3186 studiose
3564 3146 3731 3185 exer-

547 3218 618 3276 δι’
675 3221 706 3276 ’ὁ
765 3219 1174 3296 χειροτονηθεὶς
1257 3220 1346 3273 καὶ
1399 3213 1780 3294 πρεσϐύτερος,
1841 3216 1967 3290 μετᾶ

2086 3233 2247 3273 cens.
2282 3218 2595 3291 Presbyter
2624 3220 2874 3291 proinde
2906 3219 3240 3286 ordinatus,
3287 3236 3422 3274 cum
3453 3219 3729 3292 Gregorio

2083 3307 2423 3379 Decapolita
2451 3309 3027 3380 Constantinopolim
3060 3309 3236 3363 venit.
3266 3309 3478 3365 Missus
3518 3308 3733 3364 deinde

2083 3397 2329 3451 Romam
2385 3404 2627 3468 propter
2683 3398 2952 3453 hasresim
3005 3397 3574 3463 Iconomachorum,
3635 3397 3736 3452 4³

2083 3487 2550 3558 comprehensus
2573 3505 2607 3543 a
2636 3489 2963 3553 Saracenis,
2998 3488 3263 3559 captivus
3293 3489 3353 3542 in
3379 3489 3610 3543 Cretam
3633 3487 3737 3542 ab-

2083 3575 2295 3630 ductus
2325 3575 2458 3643 fuit,
2491 3583 2548 3631 et
2573 3578 2633 3631 in
2661 3593 2961 3631 carcerem
2985 3576 3282 3631 detrusus.
3317 3578 3454 3630 Post
3484 3583 3737 3630 mortem

2081 3680 2216 3718 vero
2247 3664 2554 3735 Theophili
2594 3665 2968 3719 Iconomachi
2995 3681 3025 3718 e
3058 3681 3294 3718 carcere
3353 3672 3590 3734 ereptus
3621 3680 3730 3734 ope

2083 3753 2270 3807 sancti
2315 3753 2558 3817 Nicolai,
2620 3753 2813 3806 denuo
2873 3751 3450 3822 Constantinopolim
3505 3751 3731 3806 rediit:

2081 3841 2180 3895 ubi
2215 3840 2534 3895 calumniis
2557 3847 2615 3894 et
2645 3841 2924 3895 conviciis
2947 3843 3216 3904 affectus,
3251 3841 3540 3911 relegatus
3560 3846 3650 3894 est
3672 3840 3732 3895 in

2080 3929 2463 3984 Chersonem.
2497 3930 2638 3983 Inde
2669 3937 2866 3984 autem
2927 3935 3259 3995 revocatus,
3295 3945 3496 3982 rursus
3530 3928 3728 3982 Bizan-

2080 4018 2226 4072 tium
2261 4019 2558 4090 profectus
2584 4024 2694 4082 est,
2728 4024 2786 4073 et
2813 4018 3002 4073 factus
3035 4018 3146 4072 fuit
3193 4024 3392 4072 custos
3424 4033 3730 4072 sacrorum

2079 4124 2353 4163 vasorum
2387 4110 2604 4180 Magna:
2630 4108 2916 4163 ecclesiae.
2950 4107 3133 4162 Donis
3160 4123 3294 4162 vero
3329 4107 3429 4162 Dei
3462 4107 3730 4162 illustra-

2079 4201 2195 4265 tus,
2220 4214 2353 4252 cum
2383 4198 2582 4269 plures
2613 4203 2849 4252 sanctos
2898 4197 3249 4268 canonibus,
3311 4213 3415 4252 seu
3472 4195 3732 4267 hymnis,

2077 4285 2448 4353 honorasset,
2483 4303 2553 4342 ex
2583 4287 2692 4342 hac
2722 4287 2838 4342 vita
2879 4285 3154 4342 decessit.

2629 4413 2870 4468 EODEM
2919 4411 3171 4466 MENSE.

2725 4503 2828 4557 Die
2860 4506 3071 4572 quarta

321 4600 580 4671 Ἀθλησις
627 4603 736 4655 τῶν
791 4599 960 4675 ἁγίων
1015 4598 1307 4676 μαρτιὺρων
1375 4596 1754 4676 ’Δγαθόποδος
1790 4643 1804 4670 ,
1861 4598 1954 4655 καὶ

2140 4608 2423 4665 Certamen
2453 4614 2770 4664 sanctorum
2824 4613 3138 4675 martyrum
3185 4601 3574 4674 Agathopodis
3606 4609 3660 4657 et

963 4668 1298 4727 Θεοδοὺλου.

381 4791 713 4863 Ἀγαθόπους
773 4790 802 4844 ὑ
832 4787 1128 4863 ἱερώτατος
1185 4785 1458 4852 διάκονος,
1501 4787 1592 4843 καὶ
1652 4785 1958 4851 Θεόδουλος

318 4874 790 4939 ὑεὺλαϐἑστατος
890 4877 1268 4952 ἀναγνώστης,
1372 4877 1424 4931 οἱ
1522 4880 1621 4932 τοῦ
1722 4878 1958 4954 Χριστοῦ

319 4971 603 5042 μαρτυρες,
666 4969 915 5044 ὑπῆρχον
980 4967 1072 5040 μὲν
1135 4965 1194 5022 ἐκ
1245 4973 1346 5036 τῆς
1419 4964 1635 5029 πόλεως
1688 4967 1962 5024 Θεσσαλο-

314 5057 482 5128 νίκης·
536 5055 625 5113 διὸ.
681 5056 740 5111 δὲ
785 5059 884 5126 τήν
943 5055 1019 5118 είς
1077 5056 1310 5128 Χριστὸν
1365 5055 1542 5111 πίστιν
1601 5055 1959 5130 κρατηθέντες

314 5148 456 5220 παρὰ
512 5152 616 5202 τῶν
675 5145 1118 5222 εἰδωλολατρῶν,
1177 5146 1518 5218 παρέστησαν
1567 5151 1646 5219 τῷ
1695 5155 1794 5218 τῆς
1854 5149 1959 5204 πό-

313 5235 456 5301 λεως
539 5233 766 5313 ἄρχοντι
801 5281 816 5305 ,
892 5235 982 5291 καὶ
1061 5235 1535 5310 κατηναγκάζοντο
1617 5241 1771 5301 θῦσαι
1838 5243 1961 5302 τοῖς

307 5320 590 5386 εἰδώλοις.
628 5324 718 5392 Μὴ
775 5323 1080 5386 πεισθέντες
1130 5319 1210 5387 δὲ,
1260 5320 1692 5394 ἀπεκλείσθησαν
1727 5324 1803 5390 εἷς
1859 5347 1960 5401 φυ-

312 5413 506 5484 λακήν,
535 5414 626 5469 καὶ
657 5417 722 5485 τῇ
753 5412 904 5468 νυκτὶ
948 5411 1125 5487 ἐκείνῃ
1155 5409 1300 5467 εἶδον
1337 5413 1638 5491 ἀμφότεροι
1698 5415 1958 5486 τοιαύτην

305 5503 590 5560 ὀπτασίαν.
651 5501 878 5573 Ἔδοξαν
939 5501 1114 5558 πλοῦν
1175 5497 1454 5573 ἐπιϐῆναι,
1512 5504 1602 5558 καὶ
1661 5503 1871 5574 πλέειν,
1902 5505 1954 5561 ἐν

301 5597 371 5669 τῇ
404 5593 672 5669 θαλάσσῃ·
733 5589 1014 5654 κλύδωνος
1045 5589 1103 5648 δὶ
1162 5588 1401 5671 σφοδροῦ
1457 5592 1769 5669 γεγονότος,
1823 5591 1954 5650 ίδεῖν

300 5684 365 5740 τὸ
420 5681 626 5738 πλοῖον
679 5675 957 5759 συντριϐὶν
986 5725 1002 5754 ,
1060 5680 1148 5736 καὶ
1207 5679 1336 5742 τοὺς
1393 5679 1732 5754 ἐμπλέοντας
1788 5705 1955 5741 κατα-

2756 4677 3052 4732 Theoduli.

2140 4793 2536 4867 Agathopoles
2568 4791 3005 4849 sacratissimus
3038 4789 3345 4853 diaconus,
3376 4793 3435 4844 et
3457 4788 3727 4844 Theodu-

2068 4885 2162 4940 lus
2195 4883 2681 4956 religiosissimus
2730 4882 2937 4944 lector.
2993 4879 3208 4935 Christi
3257 4885 3570 4951 martyres,
3605 4877 3732 4934 fue-

2067 4979 2209 5028 runt
2238 4990 2308 5028 ex
2337 4972 2572 5028 civitate
2593 4970 3032 5026 Thessalonica.
3052 4967 3475 5039 Comprehensi
3501 4983 3636 5022 vero
3659 4966 3733 5022 ob

2069 5065 2283 5120 Christi
2302 5064 2479 5119 {idem
2501 5063 2572 5119 ab
2589 5062 2880 5122 idolatris,
2895 5060 3134 5116 adducti
3155 5059 3378 5114 suntad
3414 5058 3731 5130 praesidem

2071 5153 2342 5209 civitatis.
2376 5159 2435 5208 et
2463 5151 2752 5224 compulsi
2787 5150 2963 5206 idolis
2993 5151 3350 5206 sacrificare.
3385 5148 3550 5214 Quod
3595 5163 3732 5202 cum

2068 5243 2261 5299 facere
2293 5247 2688 5306 recusassent,
2741 5241 2803 5296 in
2836 5256 3137 5296 carcerem
3191 5238 3415 5294 detrusi
3477 5243 3637 5306 sunt,
3670 5237 3734 5292 in

2069 5349 2185 5403 quo
2214 5332 2421 5388 eadem
2444 5337 2617 5388 nocte
2649 5333 2802 5388 hanc
2833 5330 3008 5387 ambo
3041 5329 3336 5385 visionem
3369 5326 3727 5383 habuerunt.

2068 5421 2433 5477 Videbantur
2462 5421 2573 5477 sibi
2614 5437 2824 5477 navem
2885 5417 3310 5476 conscendere.
3370 5421 3428 5471 et
3459 5417 3521 5471 in
3581 5414 3731 5470 mari

2067 5512 2344 5586 navigare
2369 5511 2627 5578 ﬁngenti
2644 5516 2842 5566 autem
2859 5510 3111 5564 excitata
3131 5507 3420 5563 fluctuum
3443 5504 3732 5576 procella,

2068 5602 2390 5656 contritum
2413 5601 2711 5672 navigium
2731 5614 2996 5663 cernere,
3028 5602 3087 5651 et
3108 5596 3450 5666 navigantes
3481 5595 3542 5648 in
3564 5607 3727 5646 mare

2067 5689 2372 5748 demersos
2395 5706 2408 5756 ;
2442 5706 2503 5745 se
2537 5705 2671 5744 vero
2695 5687 2986 5743 duntaxat
3015 5685 3265 5754 sospites
3292 5681 3558 5746 evadere,
3583 5677 3725 5732 etin
