4134 6302
403 344 527 408 .387

1731 340 2164 408 MENOLOGII
2211 341 2410 408 PARS
2456 343 2558 406 III.

400 479 704 547 excelsum
719 476 933 536 collem
946 475 1182 534 deferri.
1202 474 1601 533 Portende-bat
1611 482 1807 534 autem
1820 493 1892 535 ea
1910 476 2044 534 visio

2170 478 2577 549 ποντισθέντας,
2625 479 2848 543 εαυτοὺς
2906 478 2964 538 δὶ
3017 481 3219 555 μόνους
3276 485 3695 559 περισωθέντας,
3727 503 3819 560 καὶ

409 572 533 626 fore
563 578 627 624 ut
657 571 767 640 ipsi
802 571 862 624 in
901 568 1046 624 mari
1101 575 1351 623 mortem
1401 573 1772 639 oppeterent.
1806 568 2066 639 indeque

412 659 590 714 cmlos
617 657 1101 713 conscenderent.
1140 658 1304 710 Mane
1338 671 1595 726 namque
1626 671 1761 709 cum
1789 672 1890 709 eos
1923 672 2062 725 pras-

411 763 504 802 ses
535 764 565 801 e
597 761 832 802 carcere
863 745 1036 801 simul
1099 745 1417 811 eduxisset,
1470 743 1654 814 jussit
1700 745 1858 815 ipsos
1890 742 2064 798 idolis

409 836 763 891 sacrificare.
790 835 934 890 Cum
961 850 1096 888 vero
1121 833 1196 888 ad
1221 833 1280 888 id
1304 831 1502 888 induci
1530 832 1773 887 minime
1799 837 2060 904 possent,

408 923 469 978 in
501 923 863 995 profundum
898 922 1078 977 maris
1111 922 1246 976 illos
1307 921 1567 992 demergi
1599 920 1938 976 mandavit:
1972 926 2061 975 at-

408 1029 522 1083 que
545 1013 628 1068 ita
655 1011 1008 1084 martyrium
1035 1015 1552 1068 consummarunt.

975 1110 1218 1166 EODEM
1241 1108 1491 1165 MENSE.

1068 1199 1171 1254 Die
1199 1198 1407 1270 quinta

409 1303 513 1357 44
543 1300 827 1357 Certamen
856 1305 1066 1358 sanctae
1119 1299 1383 1378 martyris
1439 1296 1772 1355 Pherbuthae
1801 1302 1853 1351 et
1880 1297 2061 1351 socia-

1084 1386 1209 1425 rum
1239 1385 1376 1440 ejus.

480 1478 778 1534 Pherbuta
801 1478 1017 1534 Christi
1051 1481 1296 1548 martyr,
1329 1480 1464 1547 post
1492 1479 1794 1530 certamen
1826 1479 1883 1528 et
1912 1489 2062 1528 mor-

406 1573 522 1624 tem
552 1568 750 1623 fratris
780 1568 874 1622 sui
921 1567 1214 1623 Simeonis
1275 1564 1560 1637 epiSCOpi,
1601 1563 1800 1636 quiete
1831 1563 2051 1636 degens

401 1657 463 1712 in
495 1675 600 1713 suo
632 1656 970 1713 habitaculo
1021 1673 1140 1710 una
1170 1671 1303 1710 cum
1353 1670 1554 1708 sorore
1588 1659 1645 1708 et
1674 1652 1915 1719 ancilla,
1952 1668 2052 1707 eos

400 1747 502 1820 qui
535 1747 608 1802 ad
635 1747 824 1818 ipsam
856 1744 1234 1809 accedebant,
1267 1742 1483 1798 Christi
1537 1741 1714 1797 ﬁdem
1747 1740 2051 1798 edocebat.

2176 567 2251 632 εἷς
2281 564 2408 642 ὄρος
2440 569 2652 644 ὑψηλὸν
2709 569 3052 635 ἀνελθόντας.
3109 571 3345 644 Ἐδήλου
3405 572 3462 629 δὲ
3517 577 3578 631 τὸ
3638 579 3822 652 ὅραμα

2172 659 2271 727 τήν
2333 658 2424 714 διᾶ.
2481 658 2756 729 Θαλάσσης
2812 660 2989 717 αὐτῶν
3059 663 3339 718 τεΛείωσιν
3375 711 3390 736 ,
3444 665 3532 720 καὶ
3579 668 3680 734 τήν
3743 669 3818 731 εἷς

2175 747 2405 821 οὐρανὸν
2452 743 2730 805 ἀναϐασιν.
2768 752 2871 808 Καὶ
2926 753 3030 826 γὰρ
3061 753 3174 824 ἅμα
3203 751 3350 827 πρωί
3414 761 3513 823 τῆς
3570 753 3822 832 φυλακῆς

2173 835 2367 899 αὐτοὺς
2427 836 2694 912 ἐξαγαγὼν
2756 840 2784 894 ὁ
2843 841 3028 916 ἄρχων
3067 885 3081 911 ,
3139 841 3405 915 ἠνάγκαζε
3490 847 3644 908 θῦσαι
3701 851 3822 910 τοῖς

2173 922 2447 988 εἰδώλοις·
2485 928 2563 999 μὴ
2613 929 2926 991 πεισθέντας
2985 928 3063 993 δὲ,
3121 935 3200 1001 τῷ
3259 930 3408 1004 βυθῷ
3457 939 3556 1002 τῆς
3613 932 3822 997 θαλάσ-

2173 1035 2271 1087 σης
2301 1012 2566 1092 ἑνέῤῥιψν
2599 1018 2688 1072 καὶ
2720 1016 2893 1080 οὕτως
2923 1017 3334 1088 ἐτελειώθησαν.

2720 1123 2865 1174 ΜΗΝ
2875 1126 2894 1175 ι
2933 1122 3020 1175 Tt}
3059 1122 3257 1178 ΑΥΤΩ.

2169 1291 2438 1365 ’Δθλησις
2495 1297 2596 1360 τῆς
2656 1294 2810 1370 ἁγίας
2871 1295 3168 1383 μέρτυρός-
3200 1291 3541 1372 Φερϐούθης,
3599 1297 3815 1368 καὶτῆς

2757 1368 3004 1430 συνοδίας
3032 1368 3222 1439 αὐτῆς.

2237 1474 2300 1530 ’Π
2363 1478 2460 1529 τοῦ
2546 1477 2775 1549 Χριστοῦ
2871 1475 3077 1551 μάρτυρ
3163 1470 3452 1549 Φερϐούθη
3515 1478 3651 1551 μετὰ
3706 1479 3810 1548 τήν

2167 1559 2398 1632 ἄθλησιν
2430 1564 2520 1618 καὶ
2566 1564 2846 1621 τελείωσιν
2903 1569 2999 1619 τοῦ
3057 1562 3296 1642 ἀδελφοῦ
3354 1565 3522 1636 αὐτῆς
3581 1567 3813 1638 Συμεὼν

2167 1654 2261 1705 τοῦ
2321 1650 2645 1722 ἐπισκόπου,
2702 1654 2753 1708 ἐν
2815 1653 3078 1726 οἰκήματι
3131 1655 3488 1729 ἡσυχάζουσα
3541 1654 3676 1727 μετᾶ
3705 1657 3807 1724 τῆς

2165 1736 2429 1817 ἀδελφῆς,
2460 1742 2547 1797 καὶ
2579 1748 2678 1811 τῆς
2709 1739 2914 1812 δούλης
2947 1741 3137 1810 αὐτῆς,
3183 1740 3428 1798 ἐδίδασκε
3455 1743 3582 1804 τοὺς
3625 1764 3809 1817 προσ-

398 1836 751 1892 Invidebant
780 1841 977 1890 autem
1000 1833 1208 1901 Judmi,
1233 1832 1290 1887 id
1315 1849 1467 1905 aegre
1489 1831 1747 1886 ferentes
1774 1849 1786 1885 :
1811 1837 1870 1886 et
1889 1848 2044 1887 occa-

2168 1829 2503 1904 ερχομένους
2558 1829 2694 1904 αὐτῇ
2751 1831 2851 1899 τήν
2928 1829 3005 1895 είς
3059 1832 3286 1904 Χριστὸν
3347 1831 3549 1887 πίστιν.
3613 1831 3809 1909 Ἐφθό-

400 1925 630 1980 sionem
661 1925 842 1993 nacti,
893 1924 1157 1995 ipsarum
1207 1922 1428 1977 caedem
1461 1921 1570 1976 hac
1602 1921 1830 1976 ratione
1861 1920 2053 1976 moliti

399 2020 557 2070 sunt.
594 2015 748 2068 Uxor
777 2011 1012 2084 Saporis
1044 2014 1360 2067 Persarum
1403 2011 1557 2082 regis
1586 2009 1818 2064 Judaeos
1852 2016 2055 2081 prote-

394 2102 606 2176 gebat:
640 2119 708 2158 eo
739 2108 937 2158 autem
968 2107 1234 2172 tempore
1283 2099 1524 2154 inﬂrma
1559 2097 1895 2155 valetudine
1927 2104 2052 2153 ute-

395 2191 588 2246 batur.
622 2195 1016 2246 Accesserant
1048 2188 1294 2262 proinde
1323 2187 1508 2243 Judmi
1538 2187 1612 2242 ad
1636 2188 1846 2259 ipsam,
1866 2191 1924 2241 et
1953 2203 2053 2242 ca-

401 2279 679 2335 lumniati
739 2285 880 2334 sunt
909 2285 1165 2344 sanctas,
1199 2278 1326 2332 haec
1373 2277 1641 2331 aientes:
1674 2277 1821 2342 Quia
1849 2292 1883 2331 a
1931 2275 2052 2329 viro

404 2374 505 2423 tuo
541 2368 772 2424 occisus
804 2367 914 2421 fuit
962 2368 1198 2421 Simeon
1259 2367 1594 2437 episcopus,
1654 2363 1786 2419 ideo
1818 2380 2052 2419 sorores

397 2457 586 2530 ipsius
618 2457 861 2529 magicis
882 2456 1108 2511 artibus
1130 2462 1422 2510 conantur
1444 2461 1498 2508 te
1521 2453 1835 2525 perimere.
1871 2454 1925 2508 Si
1947 2469 2050 2508 au-

397 2553 517 2603 tem
549 2548 716 2619 cupis
739 2547 1050 2618 pristinam
1085 2562 1435 2617 recuperare
1457 2543 1876 2609 valetudinem,
1901 2543 2048 2615 jube

397 2653 497 2693 eas
530 2653 634 2708 per
684 2635 950 2692 medium
1002 2635 1307 2701 dissecari,
1356 2639 1414 2689 et
1473 2634 1737 2704 ipsarum
1793 2633 2050 2688 dissecta

393 2725 664 2782 membra
693 2724 978 2796 suspendi
1007 2742 1019 2779 :
1050 2730 1109 2778 tu
1141 2740 1275 2778 vero
1306 2723 1489 2777 transi
1512 2739 1618 2793 per
1638 2722 1899 2777 medium
1925 2721 2050 2776 illo-

393 2831 550 2886 rum.
584 2822 760 2886 atque
796 2814 877 2869 ita
909 2830 1113 2884 sospes
1173 2819 1230 2867 et
1274 2811 1636 2867 incolumnis
1663 2811 1892 2868 evades.
1929 2813 2047 2867 Hoc

391 2903 570 2975 igitur
599 2909 856 2974 peracto,
893 2907 1112 2957 sancta)
1145 2901 1358 2956 Christi
1420 2907 1710 2972 martyres
1763 2899 2046 2955 cmlorum

391 3008 639 3065 regnum
672 2991 901 3063 adepta:
926 2996 1067 3045 sunt
1091 3007 1103 3044 :
1139 2991 1363 3062 Regina
1383 3006 1522 3044 vero
1546 3006 1665 3044 non
1689 2989 1864 3045 modo
1893 2990 2046 3044 sani-

388 3087 570 3138 tatem
600 3099 722 3137 non
752 3082 1158 3154 recuperavit;
1193 3081 1296 3136 sed
1328 3080 1504 3135 etiam
1553 3079 1885 3154 gehennam
1919 3096 2043 3135 sor-

386 3169 494 3226 tita
523 3176 632 3226 est.

951 3240 1192 3295 EODEM
1213 3239 1461 3293 MENSE.

1052 3328 1154 3383 Die
1199 3333 1364 3382 sexta

383 3435 658 3492 Memoria
688 3434 864 3492 sancti
886 3435 1065 3490 Patris
1095 3437 1273 3490 nostri
1319 3434 1574 3502 Eutychii
1631 3435 2034 3506 archiepiscopi

899 3507 1518 3576 Constantinopolitani.

458 3613 705 3669 Sanctus
736 3614 910 3668 Pater
939 3619 1143 3668 noster
1171 3613 1496 3684 Eutychius
1535 3613 1667 3674 fuit.
1701 3612 2032 3684 imperante

380 3703 711 3761 Iustiniano
763 3704 992 3776 Magno,
1035 3719 1103 3758 ex
1148 3703 1386 3775 regione
1447 3701 1711 3774 Phrygias
1772 3709 2030 3758 exortus.

380 3793 668 3848 Praeclare
700 3799 898 3848 autem
925 3792 1209 3847 educatus
1240 3791 1312 3847 ab
1369 3791 1658 3864 Hesychio
1691 3791 2034 3863 presbytero

380 3883 820 3954 thaumaturgo,
852 3882 1039 3954 ipsius
1063 3899 1188 3947 avo,
1224 3888 1282 3936 et
1312 3881 1372 3935 in
1404 3882 1588 3937 sacris
1620 3881 1834 3935 litteris
1877 3881 2034 3936 assi-

385 3971 502 4028 dua
532 3972 919 4028 meditatione
961 3989 1028 4027 ac
1079 3971 1275 4027 studio
1305 3978 1592 4039 versatus,
1624 3970 1696 4026 ab
1755 3971 2033 4042 episcopo

383 4067 652 4116 Amaseaa
713 4068 1023 4132 susceptus
1081 4068 1204 4117 est:
1258 4078 1325 4116 ac
1380 4062 1636 4133 primum
1684 4061 2035 4130 monachus,

383 4148 602 4204 deinde
635 4150 944 4221 presbyter
970 4151 1261 4217 initiatus,
1295 4150 1680 4220 tranquillam
1713 4151 1831 4222 egit
1861 4153 2037 4204 vitam

380 4238 445 4294 in
477 4239 837 4294 monasterio
872 4241 1061 4294 sancti
1082 4239 1295 4293 Meleti.
1321 4240 1535 4305 Quinto
1562 4244 1760 4294 autem
1783 4239 2037 4294 concilio

379 4333 732 4401 congregato
766 4346 800 4383 a
828 4329 1186 4394 Iustiniano,
1218 4344 1353 4382 cum
1405 4329 1738 4399 episcopus.
1769 4331 2036 4383 Amaseaa

379 4421 620 4476 infirma
648 4419 986 4475 valetudine
1039 4419 1423 4484 detineretur,
1482 4419 1700 4474 missus
1757 4419 1870 4473 fuit
1915 4419 2038 4474 vice

380 4507 540 4564 illius
572 4508 916 4580 Eutychius,
952 4507 1052 4578 qui
1085 4507 1146 4560 in
1201 4506 1454 4561 concilio
1513 4507 1595 4562 ita
1643 4505 1942 4572 excelluit,
1976 4513 2041 4562 ut

1985 3237 1994 3243 ·
2063 3211 2112 3278 C

2159 1939 2286 1974 νουν
2321 1916 2380 1974 δὲ
2429 1921 2481 1976 οὶ
2540 1918 2816 1988 Ἰουδαῖοι,
2873 1921 2962 1976 καὶ
3022 1917 3356 1998 διεπρίοντο,
3411 1923 3501 1977 καὶ
3559 1921 3808 1995 εὑρόντες

2160 2009 2428 2087 πρόφασιν
2465 2051 2481 2077 ,
2538 2008 2825 2088 ἐφόνευσαν
2919 2009 3083 2073 αὐτὰς
3165 2011 3355 2087 τρόπῳ
3421 2010 3678 2084 τοιούτῳ.
3737 2013 3807 2069 ἸΙ

2155 2102 2254 2153 τοῦ
2315 2095 2584 2174 βασιλέως
2639 2103 2750 2154 τῶν
2806 2103 3020 2176 Περσῶν
3094 2093 3385 2176 Σαϐωρίου
3440 2111 3576 2176 γυνή
3617 2120 3805 2173 περιε-

2158 2193 2368 2242 ποιεῖτο
2397 2187 2530 2252 τοὺς
2558 2187 2882 2251 Ἰουδαίους.
2943 2187 3094 2246 Ἐπεὶ
3153 2185 3212 2244 δὶ
3269 2189 3404 2244 κατὰ
3460 2189 3551 2244 τὸν
3608 2189 3801 2266 καιρὸν

2158 2274 2362 2330 ἐκεῖνον
2399 2274 2684 2348 ἠσθένησε,
2715 2276 3030 2352 προσῆλθον
3064 2276 3220 2350 αὐτῇ,
3277 2277 3366 2334 καὶ
3417 2271 3673 2333 διέϐαλον
3702 2279 3800 2341 τὰς

2158 2366 2310 2439 ἁγίας
2345 2409 2359 2436 ,
2419 2365 2660 2428 εἰπόντες
2717 2365 2912 2428 οὕτως·
2992 2368 3117 2424 ’Ότι
3202 2364 3292 2422 διὰ
3347 2368 3410 2422 τὸ
3469 2370 3800 2444 φονευθῆναι

2155 2455 2300 2527 παρὰ
2339 2458 2436 2510 τοῦ
2502 2452 2697 2527 ἀνδρός
2757 2476 2852 2509 σου
2906 2457 2998 2510 τὸν
3063 2454 3355 2510 ἐπίσκοπον
3406 2459 3695 2528 Συμεῶνα,
3743 2455 3800 2509 αἱ

2154 2539 2387 2616 ἀδελφαὶ
2416 2543 2584 2598 αὐτοῦ
2613 2542 3028 2620 κατειργάσαντό
3074 2565 3131 2598 σε
3191 2540 3280 2599 διά
3339 2545 3586 2620 μαγείας,
3646 2544 3797 2606 ὅπως

2154 2631 2452 2707 ἀποθάνῃς.
2484 2632 2664 2688 Ἀλλᾶ
2715 2632 2762 2687 εἶ
2821 2631 3010 2708 βούλει
3061 2633 3296 2708 ὑγιᾶναι,
3355 2635 3676 2708 πρόσταξον,
3705 2634 3796 2709 καὶ

2153 2722 2535 2794 σχισθήτωσαν
2592 2720 2778 2795 μέσον,
2835 2721 2925 2776 καὶ
2983 2725 3446 2796 κρεμασθήτωσαν
3478 2722 3542 2777 τὰ
3573 2719 3797 2798 διχοτο-

2155 2813 2380 2882 μηματα
2410 2810 2609 2878 αὐτῶν,
2640 2811 2729 2866 καὶ
2778 2807 2956 2866 δίελθε
3014 2812 3199 2884 μέσον,
3255 2811 3345 2867 καὶ
3405 2812 3656 2888 ὑγιανεῖς.
3694 2813 3795 2869 Καὶ

2148 2897 2345 2953 τούτου
2373 2901 2692 2974 γενομένου,
2725 2900 2781 2954 αἱ
2825 2899 2918 2973 μὲν
2981 2899 3130 2974 ἅγιαι
3181 2895 3457 2954 ἀπέλαϐον
3507 2901 3606 2969 τήν
3644 2901 3798 2976 βασι-

2151 2985 2300 3042 λεῖαν
2358 2993 2462 3042 τῶν
2527 2989 2791 3064 οὐρανῶν
2837 2991 2873 3059 ἡ
2929 2986 2986 3043 δὶ
3050 2989 3341 3063 βασίλισσα
3396 2989 3534 3065 πρὸς
3590 2989 3654 3044 τὸ
3718 2991 3797 3062 μή

2154 3079 2387 3154 ὑγιᾶναι,
2419 3075 2837 3154 ἐκληρονόμησε
2861 3077 2952 3134 καὶ
2979 3079 3080 3148 τήν
3107 3080 3344 3156 γέενναν.

2709 3256 2888 3313 MHNI
2937 3259 3028 3314 ΤΩ
3069 3261 3240 3312 ΔΥῙὬ

2153 3434 2358 3506 Μνήμη
2411 3437 2543 3512 -τοῦ
2622 3432 2680 3489 ἓν
2718 3505 2728 3512 ⁸
2761 3433 2935 3511 ἁγίοις
3028 3435 3240 3510 ΙῙατρὸς
3299 3437 3461 3512 ﬁtth
3515 3435 3798 3512 Εὐτυχίου

2401 3505 2841 3581 ἀρχιεπισκόπου
2901 3505 3542 3565 Κωνσταντινουπὸλεως.

2218 3611 2490 3687 Εὖτῦχιος
2523 3611 2633 3667 ὂέν
2691 3612 2864 3688 ἁγίοις
2920 3613 3101 3689 πατὴρ
3160 3615 3344 3686 ἡμῶν,
3406 3613 3652 3687 ὑπῆρχεν
3705 3611 3795 3667 ἐπὶ

2145 3707 2245 3770 τῆς
2297 3700 2572 3778 βασιλείας
2633 3702 3015 3758 ἰουστινιανοῦ
3073 3705 3168 3756 τοῦ
3220 3701 3466 3776 μεγάλου
3541 3701 3607 3771 ἦν
3641 3699 3701 3756 δὲ
3737 3701 3797 3756 ἐκ

2147 3799 2246 3858 τῆς
2304 3792 2491 3866 χώρας
2578 3792 2823 3866 Φρυγίας
2857 3834 2870 3847 .
2933 3789 3133 3854 Καλῶς
3222 3789 3278 3845 δέ
3327 3791 3647 3867 ἀνατραφεὶς
3691 3792 3796 3846 ὑπὸ

2147 3881 2412 3955 ἸΙσυχίου
2443 3879 2539 3935 τοῦ
2579 3875 2944 3954 πρεσϐυτέρου
3001 3880 3090 3935 καὶ
3150 3879 3590 3956 θαυματουργοῦ,
3649 3881 3795 3936 πάπ-

2148 3991 2254 4024 που
2284 3969 2446 4024 αὖτοῦ
2496 3965 2671 4038 ὄντος,
2729 3967 2818 4024 καὶ
2875 3969 2942 4024 τὰ
2994 3969 3114 4044 ἱερὰ
3167 3971 3466 4045 γράμματα
3495 3970 3572 4034 εἷς
3629 3968 3794 4044 ἄκρον

2151 4057 2566 4132 ἐκμελετήσας,
2649 4057 3010 4136 προσελήφθη
3094 4059 3242 4134 παρᾶ
3312 4062 3410 4114 τοῦ
3489 4058 3794 4114 ἐπισκόπου

2149 4146 2446 4221 ’Δμασείας
2482 4191 2494 4202 .
2579 4145 2682 4202 Καὶ
2741 4147 2981 4222 γεγονὼς
3057 4148 3300 4222 μοναχὸς
3387 4149 3503 4202 εἶτα
3554 4143 3794 4221 πρεσϐύ-

2147 4257 2328 4312 τερος,
2359 4235 2631 4312 ἡσύχαζεν
2690 4233 2742 4290 έν
2801 4239 2867 4310 τῇ
2931 4239 3072 4310 μονῇ
3128 4240 3225 4292 τοῦ
3282 4235 3437 4311 ἁγίου
3496 4235 3792 4295 Μελετίου.

2149 4330 2265 4396 Τῆς
2299 4323 2355 4381 δὲ
2376 4327 2631 4399 πέμπτης
2666 4321 2906 4379 Συνόδου
2936 4326 3082 4402 παρὰ
3124 4322 3504 4382 Ἰουστινιανοῦ
3561 4346 3795 4400 συγκρο-

2147 4415 2402 4486 τηθείσης
2435 4459 2449 4485 ,
2534 4418 2632 4470 τοῦ
2689 4413 2984 4486 Ἀμασείας
3069 4413 3368 4469 ἆπισκόπου
3423 4415 3793 4486 ἀσθενοῦντος,

2151 4503 2427 4575 ἀπεστάλη
2462 4502 2826 4571 ἀντ’έκείνου,
2858 4503 2947 4557 καὶ
2994 4499 3276 4577 διέπρεψεν
3335 4502 3386 4558 ἐν
3443 4508 3512 4576 τῇ
3559 4501 3790 4574 συνόδῳ.

377 4598 715 4669 patriarcha
737 4599 934 4652 Menas
958 4596 1174 4651 dixerit
1199 4613 1211 4650 :
1241 4595 1342 4649 Hic
1370 4596 1484 4650 erit
1506 4611 1673 4650 meus
1705 4611 2034 4663 successor,

2159 4595 2219 4656 bc
2271 4593 2358 4649 καὶ
2422 4592 2512 4647 τὸν
2575 4591 2921 4666 πατριάρχην
2986 4593 3174 4661 Μηνᾶν
3227 4590 3420 4657 εἰπεῖν,
3479 4591 3561 4647 ὅτι
3617 4591 3794 4654 Οὗτός

381 4687 570 4755 Atque
604 4685 685 4738 ita
707 4685 902 4756 reipsa
927 4692 1059 4755 post
1088 4689 1339 4739 mortem
1374 4683 1537 4738 illius
1564 4683 1786 4738 electus
1816 4690 1906 4739 est
1933 4701 2036 4755 pa-

379 4773 659 4827 triarcha.
693 4774 839 4829 Cum
868 4791 1003 4830 vero
1037 4775 1098 4828 in
1141 4773 1345 4830 odium
1388 4773 1763 4845 imperatoris
1794 4773 2038 4828 incidis-

381 4865 490 4926 set,
527 4860 588 4914 in
620 4861 894 4917 exsilium
925 4863 1134 4934 pulsus
1166 4864 1262 4920 45
1326 4863 1456 4920 fuit.
1492 4866 1564 4917 At
1595 4867 1728 4934 post
1783 4869 2038 4918 mortem

376 4951 697 5006 Iustiniani
732 4969 899 5008 suam
956 4954 1181 5026 recepit
1230 4953 1430 5010 sedem
1463 4971 1498 5010 a
1521 4955 1752 5009 Justino
1783 4961 1841 5010 et
1869 4955 2036 5010 Tibe-

373 5037 486 5095 rio.
517 5044 664 5095 Cum
697 5042 1040 5113 autemjam
1067 5042 1253 5097 multa
1273 5049 1566 5114 patrasset
1592 5043 1899 5108 miracula,
1925 5044 2035 5098 im-

376 5134 704 5200 petumque
736 5130 976 5186 lethalis
1007 5147 1074 5186 ac
1113 5147 1340 5202 magum
1374 5133 1729 5203 pestilentia;
1760 5133 2037 5204 precibus

376 5217 766 5285 cohibuisset,
813 5235 1047 5275 necnon
1079 5220 1295 5274 Tiberii
1343 5227 1598 5276 mortem
1643 5222 2034 5292 praedixisset,

375 5307 533 5363 sicut
560 5308 738 5364 etiam
781 5315 956 5364 antea
987 5311 1114 5380 ejus
1173 5310 1491 5380 imperium
1550 5311 1926 5382 praedixerat,
1964 5329 2035 5368 ex

375 5395 488 5452 hac
519 5398 634 5453 vita
663 5398 941 5466 decessit,
973 5399 1035 5453 in
1067 5397 1320 5454 ecclesia
1357 5405 1702 5454 sanctorum
1733 5401 2032 5472 apostolo-

375 5502 513 5541 rum
547 5488 838 5558 sepultus.

374 5576 438 5632 Et
461 5584 738 5633 certamen
767 5583 1085 5634 sanctorum
1112 5583 1329 5632 centum
1360 5582 1412 5633 ct
1431 5575 1788 5647 'quinquagin
1800 5582 1857 5632 ta
1889 5595 2031 5634 mar-

692 5657 880 5722 tyrum
918 5653 978 5704 in
1027 5649 1246 5704 Perside
1294 5655 1702 5705 coronatorum.

444 5739 692 5811 Sapores
723 5738 944 5812 impius
996 5739 1312 5795 Persarum
1369 5755 1473 5794 rex
1530 5739 1594 5796 in
1625 5739 2030 5798 Romanorum

2149 4682 2288 4737 ἐστιν
2344 4682 2372 4735 ὁ
2427 4677 2691 4742 διαδοχάς
2748 4701 2879 4753 μου.
2934 4680 3022 4753 Ἐξ
3082 4679 3144 4733 οὗ
3202 4682 3290 4735 καὶ
3348 4681 3483 4753 μετᾶ
3531 4677 3790 4748 τελευτῆν

2148 4770 2353 4828 έκείτου
2396 4769 2602 4845 γίνεται
2683 4769 3056 4844 πατριάρχης,
3122 4768 3213 4824 καὶ
3272 4768 3650 4845 προσκρούσας
3699 4770 3794 4824 τὸν

2152 4859 2398 4936 βασιλέα,
2432 4858 2744 4934 έξορίζεται.
2806 4859 2956 4915 Μετὰ
3014 4858 3237 4922 θάνατον
3299 4856 3794 4932 δὶἸουστινιανοῦ,

2148 4944 2416 5005 ἀπέλαϐεν
2469 4949 2560 5002 τὸν
2619 4947 2810 5013 θρόνον
2881 4948 3049 5003 αὐτοῦ
3106 4949 3253 5023 παρᾶ
3309 4949 3643 5020 ἰουστίνου,
3702 4949 3795 5004 καὶ

2145 5034 2422 5113 Τιϐερίουο
2482 5036 2572 5092 καὶ
2629 5035 2820 5092 πολλᾶ
2872 5036 3123 5110 θαύματα
3173 5039 3432 5109 ποιήσας,
3488 5038 3579 5093 καὶ
3632 5039 3794 5113 μεγά-

2148 5126 2250 5183 λου
2281 5129 2567 5192 θανατικοῦ
2626 5123 2695 5180 δι’
2748 5123 2914 5195 εὐχῆς
2967 5125 3284 5188 ἀναστείλας
3341 5127 3544 5201 ὁρμὴν,
3575 5126 3664 5182 καὶ
3695 5129 3793 5184 Τι-

2147 5214 2337 5294 ϐερίου
2397 5217 2562 5273 εἰπὼν
2617 5217 2708 5271 τὸν
2767 5217 3038 5287 θάνατον,
3093 5217 3168 5280 ὡς
3230 5218 3319 5272 καὶ
3379 5217 3642 5293 πρότερον
3689 5219 3793 5290 τὴν

2150 5305 2471 5382 βασιλείαν,
2525 5305 2822 5380 ἐκοιμήθη,
2880 5305 3067 5385 ταφεὶς
3125 5305 3178 5363 έν
3237 5312 3354 5369 τοῖς
3416 5307 3587 5384 ἁγίοις
3645 5306 3795 5363 ἀπο-

2146 5397 2384 5460 στόλοις.

2145 5577 2244 5636 Ιίαὶ
2299 5573 2529 5646 ἄθλησις
2610 5577 2718 5630 τῶν
2781 5573 2979 5650 -ῥγίωλν
3068 5575 3148 5650 ρν’
3226 5575 3511 5650 μαρτύρων
3565 5577 3671 5628 τῶν
3733 5573 3786 5628 έν

2630 5643 3296 5722 Περσίδίτελειωθέντών.

2216 5729 2497 5810 Σαὸώριος
2529 5735 2558 5791 ὁ
2585 5728 2848 5804 δυσσεϐὴς
2898 5733 3153 5808 βασιλεὺς
3206 5736 3446 5808 Περσῶν,
3504 5731 3642 5788 κατὰ
3687 5738 3792 5804 τῆς
