4134 6302
291 373 412 437 ω

1817 367 2148 434 APRiLiS.

3600 375 3723 438 σου

304 505 653 580 ἐπικρατείας
711 511 853 564 τῶν·
886 506 1176 580 Ῥωμαίων
1230 505 1600 584 κουρσεύσας,
1658 503 1745 561 ἐπὶ
1805 510 1954 560 Κων-

2086 501 2359 558 iitionem
2389 505 2656 572 tempore
2679 501 3006 558 Constantii
3038 502 3436 562 Remanorum
3461 510 3722 580 impera-

311 595 554 650 σταντίου
647 595 924 671 βασιλέως
1003 596 1292 670 Ῥωμαίων
1366 600 1498 671 (τοῦ
1583 599 1718 652 Θεοῦ
1802 598 1963 649 τοῦτο

315 687 816 760 συγγωρήσαντος,
876 685 966 741 διὰ
1027 687 1150 755 τὴν,
1211 686 1334 742 τότε
1390 689 1699 756 κινηθεῖσαν
1755 684 1960 756 αἳρεσιν

314 779 404 829 τοῦ
437 775 844 853 ματαιόφρονος
875 776 1115 851 Ἀρείου,
1159 779 1258 831 τοῦ
1288 775 1377 830 καὶ
1417 774 1576 830 αὐτὸν
1603 774 1696 828 τὸν
1741 770 1966 848 βασιλέα

317 862 596 926 πείσαντος
653 864 722 918 τά
807 863 977 937 ὅμοια
1033 870 1250 943 φρονεῖν
1285 907 1302 931 ,
1363 863 1466 920 ὑπὸ
1549 856 1816 919 Εύσεὸίου
1862 863 1960 914 τοῦ

322 955 678 1024 πραιποσίτου
733 955 1016 1029 Ἀρειανοῦ
1090 949 1298 1022 ὄντος)
1348 951 1538 1008 πολλὰ
1595 951 1819 1026 κάστρα,
1875 946 1966 1004 καὶ

323 1043 502 1117 χώρας
547 1040 836 1119 ἀφανίσας,
887 1041 1108 1112 πολλὴν
1142 1036 1436 1097 ἀνελάϐετο
1475 1039 1864 1116 αἰχμαλωσίαν
1906 1037 1966 1093 ἐκ

321 1136 421 1187 τῶν
452 1132 824 1202 Χριστιανῶν·
870 1132 944 1186 ὧν
1003 1132 1056 1186 οἱ
1114 1132 1209 1205 μὲν
1263 1130 1596 1208 ἐσφάγησαν,
1630 1130 1682 1184 οἱ
1743 1126 1801 1184 ὃὶ
1831 1128 1969 1182 κατά

321 1221 412 1288 τήν
472 1217 598 1274 ὁδὸν
660 1219 1034 1291 ἐτελεύτησαν,
1097 1220 1317 1275 Ἑκατὸν
1375 1217 1434 1275 δὲ
1487 1218 1578 1274 καὶ
1626 1219 1970 1288 πεντήκοντα

327 1308 475 1382 μόνοι
535 1306 972 1386 περιλειφθέντες
1007 1352 1021 1378 ,
1108 1309 1438 1384 ἀπήχθησαν
1523 1306 1599 1369 εἷς
1685 1303 1962 1382 Περσίδα,

326 1395 595 1470 δεδεμένοι
623 1401 746 1459 ταῖς
791 1397 1036 1466 ἀλύσεσι,
1085 1397 1176 1453 καὶ
1236 1394 1611 1472 παρεδόθησαν
1664 1399 1732 1462 τῆ
1791 1393 1967 1471 φυλα-

323 1486 524 1560 κῇ,καὶ
557 1486 1036 1556 ἐταλαιπωροῦντο
1082 1487 1133 1541 ἐν
1195 1487 1332 1560 αὑτῇ
1387 1485 1475 1541 ἐπὶ
1533 1484 1768 1559 ἡμέραις
1824 1482 1972 1539 πολ-

319 1572 848 1650 λαῖς.Εύκαιρήσας
889 1574 947 1632 δέ
1000 1596 1134 1631 ποτε
1189 1571 1475 1649 Σαϐώριος
1532 1575 1638 1630 ἀπὸ
1693 1577 1801 1629 τῶν
1865 1594 1970 1646 μα-

325 1663 478 1720 ταίων
540 1665 923 1740 πραγμάτων,
970 1665 1060 1720 καὶ
1144 1664 1351 1738 ἀνάψας
1436 1664 1609 1736 πυρὰν
1699 1661 1967 1738 μεγάλην,

317 1754 553 1828 ἐξήγαγε
600 1753 733 1818 τοὺς
789 1755 978 1829 ἆγιους
1034 1760 1135 1824 τῆς
1196 1752 1466 1831 φυλακῆς,
1524 1754 1610 1807 καὶ
1673 1754 1970 1827 ἠναγκασεν

327 1844 654 1938 ἀρνήσασθαι
695 1843 1092 1938 τὸνΑΧριστὸν,
1123 1841 1214 1898 καὶ
1246 1844 1400 1898 θῦσαι
1455 1846 1536 1914 τῷ
1592 1841 1757 1938 πυρί..
1807 1848 1879 1938 εἰς
1911 1837 1969 1894 δὲ
1999 1873 2045 1938 Β

327 1931 422 1987 ούκ
448 1929 682 2000 ἔπεισεν,
710 1927 960 1988 ἐνέϐαλεν
1000 1931 1198 1995 αὐτοὺς
1262 1932 1336 1994 εἰς
1391 1931 1454 1987 τὸ
1509 1934 1638 2007 πῦρ,
1670 1929 1762 1986 καὶ
1794 1925 1966 1992 οὕτως

325 2019 739 2091 ἐτελειώθησαν.

885 2111 1070 2168 MHNI
1096 2115 1180 2166 ΤΩ
1211 2113 1408 2167 ΑΥΤΩ.

1124 2207 1175 2256 Ζ.

323 2293 526 2364 κνήμη
557 2293 657 2345 τοῦ
689 2287 742 2345 ἐν
773 2288 951 2366 ἁγίοις
1001 2290 1212 2366 Πατρὸς
1243 2290 1404 2366 ᾗμῶν
1437 2285 1715 2364 Γεωργίου
1748 2285 1973 2343 ἐπισκο-

907 2381 1014 2416 που
1044 2361 1389 2431 Μιτυλήνης.

392 2475 792 2555 Γεώργισςὸἐν
849 2476 1024 2552 ἁγίοις
1078 2477 1168 2533 καὶ
1214 2476 1488 2555 Θεοφόρος
1542 2477 1726 2551 Πατὴρ
1786 2477 1971 2548 ἡμῶν,

311 2569 352 2624 τό
406 2567 740 2642 θερμότατος
830 2567 1191 2642 ὁμολογητής
1264 2571 1364 2622 τοῦ
1421 2568 1679 2641 Χριστοῦ,
1728 2567 1793 2634 ἧν
1854 2565 1972 2626 υίὸς

325 2657 576 2731 εὐγενῶν,
631 2657 722 2711 καὶ
790 2654 1095 2726 πλουσίων,
1155 2656 1244 2710 καὶ
1308 2650 1546 2711 εὐσεϐῶν
1604 2653 1825 2730 γονέων·
1896 2650 1969 2707 ὧν

324 2747 414 2800 τὸν
445 2748 536 2820 μὲν
595 2746 838 2800 πλοῦτον
899 2747 1155 2820 μισήσας,
1185 2746 1285 2814 τὴν
1343 2741 1400 2798 Si
1456 2739 1726 2799 εὐσέϐειαν
1760 2742 1976 2817 ἀγαπή-

337 2855 449 2904 σας,
472 2835 558 2890 καὶ
609 2832 876 2910 εύγενείας
935 2834 1024 2889 καὶ
1079 2831 1241 2904 δόξης
1297 2835 1714 2908 καταφρονήσας
1762 2828 1853 2885 διὰ
1879 2832 1971 2885 τὸν

337 2923 465 2998 πρὸς
496 2925 726 2994 Χριστὸν
779 2923 968 2992 πόθον,
1018 2922 1272 2988 ἀπελθὼν
1308 2923 1360 2978 ἐν
1429 2920 1808 2997 μοναστηρίῳ,
1865 2918 1973 2997 ἐγέ-

329 3032 442 3067 νετο
471 3012 731 3088 μοναχὸς,
766 3010 819 3067 ἐν
846 3012 893 3085 ᾧ
922 3013 1013 3067 καὶ
1045 3009 1220 3074 ἄλλας
1275 3031 1372 3086 μεν
1401 3011 1616 3073 πολλὰς
1673 3010 1973 3084 κατώρθω-

327 3122 410 3156 σεν
465 3100 697 3176 ἀρετὰς,
757 3099 1041 3175 ἐξαιρέτως
1094 3097 1152 3155 δὲ
1200 3102 1302 3171 τὴν
1363 3099 1765 3173 ἐλεημοσύνην·
1831 3097 1972 3169 ὅλην

323 3191 422 3268 γάρ
462 3191 565 3258 τὴν
613 3191 849 3265 ἡμέραν,
915 3189 1053 3244 κατά
1106 3189 1197 3244 τὸν
1259 3184 1447 3259 Δαϐἰδ,
1511 3189 1675 3244 ἐλεῶν
1729 3189 1816 3244 καὶ
1880 3185 1972 3242 δα-

323 3279 509 3348 νείζων
542 3279 646 3333 οὐκ
687 3277 937 3334 ἐπαύετο.
997 3278 1098 3333 Διά
1150 3282 1311 3333 τοῦτο
1351 3277 1470 3347 οὖν,
1502 3277 1847 3351 παρακλήσει
1875 3275 1973 3332 τοῦ

324 3369 559 3442 κλήρου,
599 3370 698 3437 τῆς
755 3366 809 3423 ἐν
871 3366 1163 3443 Μιτυλήνῃ
1223 3365 1518 3437 ἐκκλησίας
1577 3370 1972 3444 χειροτονεῖται

326 3455 641 3518 ἐπίσκοπος.
673 3462 773 3526 τῆς
805 3453 927 3526 ἴσης
958 3454 1340 3528 ἐλεημοσύνης
1373 3456 1660 3531 ἐχόμενος·
1714 3455 1828 3511 ἐπεὶ
1883 3455 1974 3510 καὶ

329 3546 364 3614 ἡ
391 3550 498 3599 τῶν
533 3545 929 3620 Εἷκονομάχων
961 3544 1164 3619 αἵρεσις
1197 3543 1454 3622 ἀνεφάνη,
1510 3545 1720 3614 ἐκείνης
1755 3547 1849 3618 μὶν
1882 3565 1977 3600 κα·

330 3635 485 3703 τέστη
522 3633 847 3709 ἀντίμαχος,
877 3640 978 3702 τῆς
1007 3631 1065 3688 δὲ
1114 3631 1426 3706 ὁρθοδοξίας
1487 3633 1830 3708 ὑπερμαχος.
1866 3632 1972 3689 Αύ-

332 3723 420 3785 τός
475 3720 533 3777 δὲ
587 3723 682 3783 τὰς
767 3722 962 3784 σεπτας
1023 3721 1233 3784 εἷ’κόνας
1277 3727 1454 3794 τιμῶν
1508 3723 1596 3776 καὶ
1659 3726 1973 3796 προσκυνῶν

330 3811 415 3865 καὶ
443 3811 572 3872 τοὺς
603 3809 808 3871 ἄλλους
853 3809 1145 3881 διδάσκων,
1178 3810 1366 3866 item:
1397 3809 1453 3865 δὲ
1511 3810 1760 3884 θαύματα
1818 3811 1977 3885 ἐργα-

331 3900 574 3972 ζόμενος,
633 3899 882 3975 προέγνω
942 3900 1005 3954 ει⁹
1058 3899 1459 3974 ἀποκαλύψεως
1489 3899 1579 3954 καὶ
1633 3901 1732 3967 τήν
1780 3900 1972 3955 ἑαυτοῦ

329 3988 577 4058 τελευτὴν
616 4033 631 4059 ,
688 3989 912 4065 ἀστέρος
967 3987 1114 4043 θείου
1168 3989 1370 4059 ταύτην
1449 3986 1820 4061 δηλώσαντος·
1881 3987 1972 4044 καὶ

335 4077 469 4132 οὕτω
500 4079 635 4152 πρὸς
668 4077 869 4152 Κύριον
903 4075 1258 4150 ἐξεδήμησεν.

2072 595 2216 650 toris
2249 593 2652 649 incursionem
2685 593 2908 650 faciens
2937 595 3078 665 (Deo
3110 597 3195 652 sic
3225 599 3624 668 permittente.
3653 601 3725 658 ob

2072 685 2385 740 excitatam
2417 684 2691 739 haeresim
2717 683 3056 754 insipientis
3089 686 3230 750 Arii,
3257 687 3358 757 qui
3384 694 3443 742 et
3472 689 3584 759 ipsi
3615 690 3723 746 im-

2070 774 2326 847 peratori
2347 790 2452 846 per
2464 773 2782 828 Eusebium
2800 775 3184 846 praepositum
3203 777 3487 832 Arianum
3513 778 3721 835 eadem

2072 881 2274 920 secum
2306 864 2527 920 sentire
2560 866 2976 936 persuaserat).
3027 865 3334 936 multaque
3373 866 3722 924 subvertens

2072 959 2266 1010 castra
2283 958 2341 1008 et
2367 952 2660 1025 regiones.
2685 951 2887 1022 plures
2913 969 2944 1006 e
2965 953 3316 1009 Christianis
3341 955 3600 1026 captivos
3617 954 3721 1011 ab-

2073 1042 2542 1112 duxitzquorum
2556 1040 2738 1112 aliqui
2756 1041 3013 1113 jugulati
3034 1041 3276 1098 fuerunt
3295 1043 3395 1098 alii
3428 1044 3490 1098 in
3512 1045 3728 1101 itinere

2073 1132 2411 1204 perierunt.
2458 1131 2709 1186 Centum
2747 1147 2882 1186 vero
2919 1137 2977 1186 et
3015 1131 3452 1204 quinquaginta
3493 1136 3718 1190 solum-

2074 1220 2251 1277 modo
2279 1221 2648 1292 superstites,
2680 1219 2741 1275 in
2776 1220 3077 1275 Persidem
3119 1220 3360 1277 fuerunt
3407 1221 3729 1294 deportati,

2075 1311 2301 1366 catenis
2332 1310 2659 1376 constricti,
2694 1316 2750 1364 et
2780 1311 2842 1365 in
2873 1327 3171 1365 carcerem
3214 1312 3489 1382 conjecti,
3523 1312 3726 1384 ibique

2076 1400 2334 1455 assiduis
2367 1399 2652 1455 aerumnis
2681 1415 2788 1471 per
2845 1400 3134 1471 plurimos
3167 1401 3294 1456 dies
3325 1401 3552 1458 alflicti.
3585 1403 3730 1458 Cum

2075 1497 2272 1546 autem
2307 1489 2626 1560 aliquando
2662 1490 2910 1561 Sapores
2936 1507 2971 1545 a
2999 1491 3164 1545 vanis
3189 1492 3441 1562 negotiis
3473 1495 3726 1561 vacaret,

2075 1581 2301 1654 ingenti
2359 1580 2654 1653 lignorum
2712 1585 2870 1634 strue
2921 1596 3192 1645 accensa,
3242 1587 3477 1637 sanctos
3507 1581 3663 1637 viros
3696 1598 3728 1638 e

2076 1683 2310 1724 carcere
2343 1667 2780 1738 eductosjussit
2797 1667 3094 1722 Christum
3116 1669 3431 1742 abnegare,
3455 1675 3515 1726 et
3538 1670 3728 1742 ignem

2077 1757 2344 1813 adorare.
2393 1753 2558 1821 Quod
2581 1772 2716 1810 cum
2774 1755 2969 1812 facere
3023 1763 3422 1826 recusassent,
3473 1758 3633 1829 ipsos
3663 1759 3726 1813 in

2078 1847 2274 1918 ignem
2327 1845 2538 1917 projici
2608 1845 2952 1901 mandavit:
3012 1852 3189 1919 atque
3247 1845 3328 1902 ita
3379 1847 3731 1919 martyrium

2077 1938 2588 1992 consummarunt.

2643 2113 2882 2170 EODEM
2926 2113 3155 2168 MENSE

2711 2203 2813 2258 Die
2845 2203 3098 2275 septima

2077 2293 2348 2352 Memoria
2374 2296 2552 2349 sancti
2602 2295 2782 2350 Patris
2838 2296 3022 2348 nostri
3078 2293 3302 2363 Georgii
3356 2294 3602 2365 episcopi
3631 2295 3732 2349 Mi-

2796 2365 3016 2435 tylenae.

2153 2484 2400 2538 Sanctus
2424 2483 2624 2538 Paster
2644 2488 2848 2538 noster
2863 2483 3166 2556 Georgius,
3187 2481 3385 2538 divino
3399 2483 3644 2538 numine
3666 2498 3735 2538 ac

2083 2572 2295 2643 spiritu
2320 2571 2576 2638 afﬂatus,
2610 2576 2670 2626 et
2724 2571 3084 2628 fortissimus
3139 2572 3356 2629 Christi
3400 2573 3726 2639 confessor,

2084 2661 2244 2715 filius
2274 2662 2385 2715 fuit
2414 2660 2726 2722 nobilium,
2750 2660 2995 2716 divitum
3017 2678 3085 2716 ac
3112 2661 3346 2732 piorum
3377 2668 3690 2734 parentum
3718 2675 3732 2714 :

2083 2766 2336 2820 quorum
2393 2749 2624 2804 divitias
2683 2749 2924 2819 quidem
2982 2749 3117 2803 odio
3176 2751 3422 2808 habens.
3451 2751 3732 2822 pietatem

2082 2854 2217 2892 vero
2248 2838 2637 2909 amplectens.
2688 2845 2865 2908 atque
2906 2838 2978 2892 ob
3028 2839 3244 2893 Christi
3279 2839 3641 2894 desiderium
3674 2843 3734 2894 et

2083 2943 2346 2982 amorem
2380 2926 2750 2982 nobilitatem
2807 2933 2866 2982 et
2919 2927 3169 3000 gloriam
3228 2934 3636 2990 contemnens,
3671 2927 3734 2982 in

2084 3015 2382 3086 quoddam
2409 3017 2833 3072 monasterium
2858 3015 3175 3088 profectus.
3198 3017 3587 3071 monasticam
3603 3016 3738 3070 iniit

2084 3107 2185 3160 46
2219 3107 2395 3161 vitam
2423 3123 2435 3160 :
2479 3106 2578 3161 ubi
2611 3112 2670 3162 et
2696 3106 2844 3161 alias
2876 3105 3117 3176 quidem
3149 3105 3354 3178 plures
3384 3105 3630 3160 virtutes
3651 3105 3736 3160 fe-

2085 3195 2279 3251 liciter
2309 3196 2608 3263 exercuit;
2643 3195 2746 3251 sed
2773 3195 3070 3267 praecipue
3101 3195 3563 3267 eleemosynam.
3595 3196 3738 3250 Tota

2085 3286 2244 3340 enim
2275 3285 2370 3340 die
2393 3286 2565 3356 juxta
2593 3285 2742 3341 illud
2766 3285 3131 3353 Davidicum,
3165 3279 3455 3351 misereri,
3487 3290 3548 3340 et
3571 3301 3732 3340 com-

2087 3374 2328 3429 modare
2368 3391 2489 3430 non
2537 3375 2806 3430 cessavit.
2857 3375 3227 3446 Quapropter
3261 3373 3530 3430 unanimi
3591 3371 3736 3428 cieri

2087 3464 2363 3536 suffragio
2395 3463 2798 3536 Mitylenensis
2829 3464 3094 3518 ecclesias
3131 3463 3443 3535 episcopus
3466 3463 3735 3518 initiatus

2082 3551 2196 3606 fuit
2225 3552 2494 3607 eamdem
2519 3569 2696 3622 quam
2719 3559 2892 3607 antea
2915 3552 3284 3611 exhibuerat.
3317 3553 3378 3606 in
3409 3551 3737 3622 eleemosy-

2083 3641 2177 3695 nis
2199 3641 2409 3696 dandis
2425 3640 2892 3695 misericordiam
2915 3640 3196 3694 retinens.
3220 3642 3363 3693 Cum
3379 3655 3513 3693 vero
3533 3643 3740 3710 postea

2081 3729 2610 3784 Iconomachorum
2633 3728 2875 3783 hmresis
2893 3734 3096 3783 exorta
3113 3728 3340 3792 fuisset,
3361 3728 3490 3795 ejus
3503 3726 3741 3797 quidem

2083 3819 2210 3890 ipse
2243 3818 2664 3872 infestissimus
2695 3817 2884 3871 hostis
2909 3816 3052 3883 fuit;
3103 3815 3442 3870 orthodoxae
3474 3831 3608 3870 vero
3641 3831 3736 3870 re-

2082 3907 2320 3979 ligionis
2353 3914 2754 3979 propugnator
2786 3907 3131 3961 acerrimus.
3166 3907 3297 3977 Ipse
3346 3905 3506 3960 enim
3537 3920 3735 3960 sacras

2081 3996 2371 4069 imagines
2416 3996 2616 4052 colens
2667 4003 2725 4050 et
2749 3996 3027 4062 adorans,
3059 4011 3264 4051 earum
3297 3995 3523 4050 cultum
3554 3994 3734 4050 etiam

2080 4085 2228 4140 alios
2259 4085 2510 4140 edocuit.
2545 4087 2688 4140 Cum
2721 4092 2918 4140 autem
2941 4085 3128 4141 multa
3149 4087 3277 4156 jam
3299 4090 3595 4156 patrasset
3624 4083 3734 4136 mi-

340 4169 534 4224 racula
584 4186 706 4224 suae
737 4168 949 4223 futurae
984 4169 1192 4224 mortis
1223 4185 1292 4224 ex
1323 4168 1703 4238 revelatione,
1731 4175 1791 4224 et
1820 4169 2017 4226 divino
2073 4173 2266 4229 sidere
2322 4175 2489 4230 illam
2538 4180 3055 4246 praemonstrante,
3111 4174 3329 4230 certior
3357 4174 3547 4229 factus
3599 4172 3732 4227 fuit.

345 4259 522 4330 Atque
553 4259 637 4314 ita
668 4259 742 4314 ad
774 4259 1094 4314 Dominum
1138 4258 1429 4332 migravit.

467 4397 569 4456 Καὶ
603 4395 834 4464 ἄθλησις
864 4400 962 4452 τοῦ
986 4397 1148 4472 ἁγίου
1181 4395 1452 4472 μάρτυρος
1483 4396 1847 4456 Καλλιοπίου.

406 4541 741 4605 Καλλιόπιος
775 4543 802 4596 ὁ
839 4543 1046 4615 μάρτυρ
1086 4544 1183 4597 τοῦ
1238 4545 1494 4616 Χριστοῦ,
1557 4541 1646 4597 ἐπὶ
1702 4550 1803 4612 τῆς
1837 4543 1985 4619 βασι-

345 4629 483 4696 λείας
535 4633 754 4707 ὑπῆρχε
803 4635 899 4686 τοῦ
963 4629 1328 4704 Μαξιμιανοῦ,
1389 4629 1448 4685 ἐκ
1479 4637 1577 4700 τῆς
1638 4635 1824 4705 χώρας
1886 4633 1979 4705 μὲν

345 4717 664 4798 Παμφυλίας
701 4763 714 4788 ,
771 4720 889 4783 υἱὸς
942 4717 999 4774 δὲ
1056 4718 1345 4782 Θεοκλείας
1402 4720 1589 4790 τινὸς,
1649 4725 1986 4794 Χριστιανῆς

342 4809 625 4873 πλουσίας.
659 4809 895 4888 Τραφεὲς
926 4807 984 4864 δὲ
1014 4811 1159 4884 παρά
1204 4812 1274 4884 τῇ
1337 4811 1534 4886 μητέρι
1587 4808 1842 4881 εὐσεϐῶς,
1892 4812 1982 4866 καὶ

348 4905 459 4962 ταῖς
515 4899 682 4961 θείαις
759 4897 1126 4972 ἐκμελετήσας
1214 4904 1474 4977 Γραφαῖς,
1561 4897 1810 4975 διωγμοῦ
1867 4899 1984 4956 ἐπι-

343 4990 610 5063 κειμένου,
640 4986 886 5059 ἀπῆλθεν
944 4988 1020 5050 είς
1081 4987 1574 5061 Πομπηϊούπολιν,
1630 4989 1719 5044 καὶ
1777 4989 1986 5053 σταθεὶς

344 5074 648 5152 ἔμπροσθεν
707 5081 806 5132 τοῦ
861 5075 1132 5152 ἡγεμόνος
1189 5075 1442 5148 Μαξίμου
1501 5075 1840 5152 ὡμολόγησέ
1891 5079 1984 5135 τὸν

341 5169 589 5242 Χριστόν.
624 5167 800 5221 Δεθεῖε
833 5167 922 5219 οὖν
951 5167 1044 5227 τάς
1104 5171 1294 5241 χεῖρας
1364 5166 1564 5234 ὀπίσω,
1620 5167 1711 5222 καὶ
1768 5169 1986 5246 τυφθεὶς

343 5254 597 5335 ἀφειδῶς,
629 5251 842 5326 ἐϐλήθη
893 5254 944 5310 ἐν
975 5257 1045 5328 τῇ
1103 5254 1342 5332 φυλακῇ·
1398 5254 1718 5325 συνεισῆλθε
1747 5254 1800 5311 δί
1829 5258 1917 5312 καὶ
1948 5260 1984 5329 ἡ

348 5349 528 5421 μήτηρ
590 5344 792 5413 αὐτοῦ,
851 5345 941 5399 καὶ
1003 5345 1370 5420 ἀπεσπόγγιζε
1415 5346 1482 5399 τὰ
1537 5344 1742 5416 αἵματα
1800 5345 1984 5403 αὐτοῦ.

342 5440 517 5492 Δοῦσα
555 5437 661 5510 γάρ
693 5439 864 5488 παντα
901 5435 991 5489 τὸν
1027 5432 1264 5489 πλοῦτον
1302 5432 1472 5502 αὐτῆς
1524 5439 1641 5496 τοῖς
1709 5442 1986 5509 πτωχοῖς,

342 5523 635 5596 ἠκολούθει
667 5526 747 5596 τῷ
778 5523 903 5594 υἱῷ.
962 5517 1270 5593 Εκϐληθείς
1302 5519 1360 5578 8‘s
1412 5525 1512 5592 τῆς
1569 5521 1842 5599 φυλακῆς,
1889 5546 1990 5582 κα-

332 5613 624 5686 τεδικάσθη
685 5614 1061 5688 σταυρωθῆναι
1098 5655 1114 5681 ,
1177 5613 1276 5668 οὐκ
1332 5611 1386 5668 ἐν
1466 5617 1548 5685 τῷ
1601 5613 1759 5678 πάθει
1821 5616 1987 5689 μόνον

339 5710 612 5764 κοινωνῶν
660 5709 744 5777 τῷ
800 5701 1042 5779 Χριστῷ,
1099 5702 1246 5762 ἀλλά
1298 5703 1388 5760 καὶ
1445 5701 1498 5761 ἐν
1557 5709 1676 5766 ταῖς
1731 5707 1984 5782 ἠμέραις·

2012 4372 2061 4439 D

2304 4407 2372 4461 Et
2407 4412 2680 4462 certamen
2722 4409 2902 4462 sancti
2938 4407 3201 4477 martyris
3240 4404 3521 4473 CalliOpii.

2161 4553 2486 4624 Calliopius
2541 4554 2758 4610 Christi
2806 4558 3031 4624 martyr
3061 4552 3173 4606 fuit
3203 4550 3532 4620 imperante
3563 4546 3738 4602 Maxi-

2091 4642 2292 4698 miano
2316 4659 2384 4696 ex
2399 4642 2636 4714 regione
2658 4644 2796 4696 Pam
2807 4641 3042 4712 phyliaa,
3059 4638 3216 4693 illius
3233 4631 3544 4707 cujusdam
3557 4636 3743 4688 Theo-

2092 4731 2220 4788 cliaa
2243 4731 2590 4786 Christiana;
2622 4746 2688 4784 ac
2717 4729 2933 4783 divitis.
2967 4728 3067 4782 Pie
3099 4734 3158 4781 et
3186 4725 3458 4796 religiose
3489 4741 3524 4778 a
3554 4727 3741 4778 matre

2094 4818 2402 4884 educatus,
2418 4819 2480 4872 in
2493 4817 2734 4873 assidua
2749 4817 3080 4871 divinarum
3103 4815 3541 4886 Scripturarum
3565 4810 3745 4867 medi-

2091 4909 2316 4964 tatione
2340 4913 2608 4962 versatus
2641 4911 2747 4960 est.
2785 4905 3049 4960 Excitata
3077 4910 3276 4959 autem
3306 4901 3752 4983 persecutione,

2093 4996 2527 5069 Pompeipolim
2559 5001 2768 5066 sponte
2794 5010 2900 5050 sua
2920 4993 3230 5049 discessit:
3262 4992 3363 5048 ubi
3395 5007 3594 5047 coram
3625 4991 3748 5045 Ma-

2093 5087 2252 5142 ximo
2284 5085 2535 5157 praeside
2563 5084 2748 5139 libere
2778 5082 3079 5155 professus
3104 5088 3194 5138 est
3211 5082 3529 5137 Christum.
3563 5077 3746 5133 Mani-

2095 5175 2206 5231 bus
2237 5175 2486 5246 proinde
2511 5180 2646 5246 post
2670 5179 2895 5246 tergum
2931 5173 3228 5231 revinctis.
3265 5170 3588 5226 crudeliter
3619 5183 3749 5222 ver-

2096 5264 2358 5332 beratus,
2391 5264 2454 5318 in
2483 5279 2782 5319 carcerem
2821 5263 3130 5334 conjectus
3189 5262 3320 5328 fuit,
3353 5260 3410 5314 in
3445 5275 3623 5330 quem
3657 5257 3752 5311 in-

2097 5369 2299 5426 gressa
2325 5352 2506 5408 etiam
2539 5352 2726 5424 ipsius
2762 5357 2972 5414 mater,
3027 5350 3378 5423 sanguinem
3411 5349 3542 5419 ejus
3572 5362 3754 5418 spon-

2097 5443 2191 5515 gia
2218 5441 2621 5514 abstergebst:
2654 5440 2985 5496 distributis
3017 5441 3176 5495 enim
3210 5439 3266 5492 in
3303 5453 3593 5510 pauperes
3625 5451 3753 5490 orn-

2097 5532 2276 5587 nibus
2307 5533 2432 5586 suis
2458 5531 2700 5594 divitiis,
2733 5536 2936 5586 secuta
2975 5529 3167 5584 fuerat
3222 5527 3431 5582 filium.
3484 5525 3589 5580 Hic
3617 5539 3754 5578 vero

2099 5638 2130 5677 e
2163 5636 2399 5677 carcere
2423 5619 2692 5687 eductus,
2716 5619 3145 5676 condemnatus
3169 5623 3277 5682 est,
3303 5622 3368 5670 ut
3387 5613 3757 5683 crucifigere-

2099 5715 2198 5767 tur
2223 5727 2236 5766 :
2269 5726 2381 5766 nec
2421 5709 2598 5768 modo
2631 5710 2693 5764 in
2724 5708 3001 5782 passione
3031 5712 3092 5763 et
3118 5704 3478 5763 cruciatibus
3509 5716 3754 5758 consors
