4158 6310
412 349 524 412 891

1728 350 2166 413 MENOLOGII
2212 355 2420 417 PARS
2465 355 2573 417 Ill.

3704 364 3825 426 392

407 485 520 541 fuit
549 483 784 551 Christi,
808 482 911 540 sed
938 483 1115 540 etiam
1133 482 1195 539 in
1213 483 1442 555 diebus,
1471 484 1690 556 quibus
1709 501 1921 558 passus
1943 491 2050 543 est.

2167 484 2258 540 καὶ
2315 486 2420 564 γάρ
2477 490 2511 558 ἡ
2574 489 2786 565 μεγάλη
2868 493 3092 567 πέμπτη
3176 495 3266 565 ἦν,
3323 493 3412 552 ὅτε
3469 495 3814 573 ἐσταυρώθη.

418 573 724 646 Siquidem
756 575 964 645 quinta
1012 575 1159 630 feria
1206 574 1450 644 majoris
1500 575 1886 631 hebdomadas
1939 581 2068 632 erat

412 663 560 731 dies,
594 665 654 719 in
686 681 804 735 qua
834 664 1150 719 cruciﬁxus
1169 670 1275 719 est.
1313 665 1470 719 Dans
1491 670 1688 720 autem
1723 671 1914 720 mater
1935 666 2064 737 ejus

408 753 721 809 lictoribus
753 754 1019 824 quinque
1052 769 1331 808 nummos
1360 769 1596 815 aureos,
1631 755 1854 826 rogavit
1904 755 2061 822 illos,

412 860 488 898 ne
540 859 707 913 mque
739 859 805 896 ac
835 842 1102 896 Christus
1142 843 1457 898 cruciﬁxus
1486 843 1618 909 fuit,
1654 843 1844 899 ﬁlium
1889 861 2064 900 suum

408 934 824 1006 cruciﬁgerent
852 932 990 997 ;sed
1022 950 1188 988 verso
1216 933 1494 990 deorsum
1529 935 1740 1006 capite.
1774 937 2067 1008 Atqueita

409 1022 724 1078 cruciﬁxus
756 1022 903 1077 hora
930 1023 1103 1078 tertia
1133 1022 1250 1078 diei
1273 1025 1644 1093 Parasceves,
1677 1025 1922 1081 tradidit
1950 1026 2064 1098 spi-

409 1113 630 1166 ritum:
665 1111 814 1166 etin
846 1127 983 1167 eum
1023 1113 1258 1168 irruens
1315 1113 1520 1184 ipsius-
1560 1121 1770 1184 mater,
1802 1115 2064 1171 animam

412 1200 692 1256 similiter
712 1200 932 1257 emisit.

417 1347 513 1402 47
538 1348 612 1400 Et
629 1351 917 1401 certamen
940 1353 1254 1401 sanctorum
1277 1354 1583 1418 martyrum
1602 1351 1791 1419 Ruﬁni
1817 1347 2062 1416 diaconi,

973 1425 1027 1472 et
1063 1421 1336 1474 sociorum
1388 1423 1505 1491 ejus

484 1534 818 1604 Imperante
841 1532 1024 1604 impio
1059 1532 1380 1590 Maximino
1415 1552 1550 1590 cum
1573 1537 1762 1608 gravis
1783 1537 2065 1592 adversus

411 1621 778 1676 Christianos
799 1623 1131 1692 persecutio
1155 1629 1451 1679 commota
1469 1624 1694 1688 fuisset,
1724 1626 2064 1697 quicunque

409 1710 708 1765 Christum
735 1711 1145 1781 proﬁtebatur,
1171 1714 1639 1784 comprehensus
1667 1715 1739 1771 ab
1762 1715 2061 1772 idolorum

407 1797 754 1860 cultoribus,
773 1803 830 1851 et
855 1798 1057 1853 multis
1082 1801 1394 1855 tormentis
1412 1803 1804 1865 excruciatus,
1821 1802 2060 1858 demum

406 1887 583 1941 morti
616 1887 977 1943 tradebatur.
1013 1892 1088 1942 Eo
1115 1894 1378 1961 tempore
1401 1891 1514 1946 fuit
1545 1898 1785 1947 sanctus
1818 1893 2066 1949 Ruﬁnus

405 1973 691 2029 diaconus
742 1976 1018 2031 Ecclesia:
1076 1979 1314 2045 Christi,
1381 1981 1482 2050 qui
1541 1998 1673 2036 cum
1729 1983 1950 2037 multos
2005 1984 2066 2037 in

404 2062 618 2117 Christi
643 2067 888 2118 nomine
911 2065 1206 2134 edoceret,
1245 2067 1306 2121 in
1341 2069 1580 2124 vincula
1607 2070 1911 2141 conjectus
1934 2071 2064 2140 fuit,

403 2157 463 2206 et
491 2152 554 2206 in
587 2168 885 2207 carcerem
929 2153 1227 2210 detrusus.
1291 2157 1572 2222 Qumdam
1617 2165 1818 2214 autem
1850 2160 2068 2214 mulier

404 2240 760 2310 Christiana,
794 2243 1036 2298 nomine
1068 2245 1350 2315 Aquilina
1373 2263 1508 2301 cum
1531 2248 1724 2318 ipsum
1758 2249 2061 2317 inviseret,

410 2327 690 2383 similiter
718 2330 1153 2401 comprehensa
1179 2333 1328 2388 fuit:
1363 2339 1423 2388 et
1438 2334 1612 2389 ambo
1642 2335 1717 2391 ad
1747 2336 2061 2408 praesidem

397 2416 662 2485 adducti,
692 2419 874 2474 variis
907 2419 1159 2492 subjecti
1193 2428 1332 2476 sunt
1365 2424 1697 2479 tormentis.
1731 2427 1874 2480 Cum
1924 2443 2060 2482 vero

398 2506 575 2577 plura
605 2513 914 2579 patrarent
940 2509 1228 2583 prodigia,
1263 2511 1321 2566 id
1353 2515 1698 2582 effecerunt,
1725 2521 1791 2571 ut
1820 2516 2060 2572 ducenti

401 2595 504 2664 qui
537 2595 788 2651 aderant
817 2597 1060 2666 milites,
1084 2598 1300 2654 Christi
1326 2600 1504 2656 ﬁdem
1533 2603 2057 2674 amplecterentur.

403 2684 771 2756 QuaprOpter
803 2687 863 2740 in
889 2687 1037 2741 iram
1069 2689 1267 2744 statim
1326 2691 1764 2749 excandescens
1816 2711 2058 2765 praises,

389 2771 579 2842 jussit
596 2779 839 2829 cunctos
860 2775 1055 2847 gladio
1075 2778 1283 2833 occidi.
1320 2780 1481 2836 Unde
1499 2781 1740 2838 lictores
1766 2783 1836 2839 ad
1861 2783 2058 2839 locum

399 2863 677 2933 supplicii
720 2881 821 2918 eos
853 2865 1078 2921 vinctos
1111 2867 1508 2937 adduxerunt,
1534 2877 1592 2925 et
1611 2879 1788 2943 caput
1807 2873 2059 2946 singulis

397 2957 804 3023 amputaruut,
829 2953 948 3009 Deo
970 2971 1159 3027 usque
1181 2957 1255 3011 ad
1278 2958 1460 3014 ﬁnem
1481 2960 1700 3032 gratias
1723 2961 2055 3035 agentibus.

952 3150 1195 3206 EODEM
1238 3153 1491 3209 MENSE.

1051 3257 1155 3311 Die
1187 3263 1392 3315 octava.

643 3368 928 3425 Certamen
971 3373 1150 3426 sancti
1177 3376 1439 3444 martyris
1489 3376 1800 3448 Pausilypi.

463 3485 816 3556 Pausilypus
847 3486 1064 3541 Christi
1109 3493 1332 3559 martyr
1363 3489 1474 3544 fuit
1503 3491 1834 3563 imperante
1866 3495 2048 3566 impio

391 3578 450 3627 et
479 3572 682 3644 iniquo
717 3574 995 3631 Adriano.
1035 3577 1274 3632 Delatus
1308 3586 1527 3645 autem,
1563 3583 1720 3652 quod
1754 3583 2050 3640 Christum

391 3661 630 3730 coleret,
662 3669 720 3718 et
750 3665 809 3718 in
836 3665 1022 3735 ipsius
1053 3667 1297 3721 nomine
1331 3668 1620 3736 edoceret,
1657 3673 2048 3743 comprehen-

390 3769 509 3813 sus,
546 3759 603 3806 et
635 3753 694 3806 in
729 3753 960 3808 vincula
994 3757 1319 3826 coniectus.
1360 3758 1433 3812 ad
1489 3760 1906 3831 imperatorem
1941 3763 2048 3818 ad-

389 3841 602 3896 ductus
629 3848 758 3896 est:
794 3848 852 3896 et
883 3849 1019 3898 ante
1051 3845 1220 3899 illum
1271 3853 1454 3906 stans.
1490 3848 1887 3922 interrogatus
1916 3852 2045 3921 fuit,

387 3945 461 3984 an
486 3930 784 3985 Christum
815 3933 996 3986 Deum
1021 3934 1425 3992 conﬁteretur.
1455 3937 1658 3993 Libera
1689 3956 1828 3994 vero
1865 3942 2045 3996 animi

388 4017 815 4087 ﬁduciaipsum
835 4019 1166 4088 praedicans
1191 4038 1391 4076 verum
1418 4025 1626 4090 Deum,
1649 4033 2046 4084 etcreatorem

387 4104 667 4170 universi,
702 4105 956 4159 traditur
996 4109 1256 4177 regionis
1316 4113 1562 4182 Europae
1595 4116 1894 4184 praefecto,
1929 4117 2044 4172 vir-

383 4191 590 4263 gisque
613 4191 760 4246 adeo
788 4193 1055 4260 caaditur,
1087 4201 1152 4249 ut
1193 4203 1471 4253 trecentae
1503 4201 1692 4274 plagae
1724 4205 2048 4260 crudeliter

389 4279 439 4333 ei
462 4278 892 4350 inﬂigerentur.
912 4281 1029 4335 Hoc
1043 4289 1239 4337 autem
1258 4289 1553 4342 tormento
1577 4296 1832 4360 ereptus.
1849 4293 2044 4348 denuo

372 4366 586 4437 jussus
619 4373 710 4422 est
738 4367 1039 4423 Christum
1074 4387 1315 4443 negare,
1367 4379 1426 4427 et
1455 4375 1633 4430 idolis
1684 4380 2040 4436 sacrificare.

383 4453 549 4518 Quod
579 4470 716 4508 cum
746 4453 939 4510 facere
984 4456 1191 4519 nollet,
1252 4458 1504 4515 vinculis
1557 4465 1934 4530 constrictus,
1968 4467 2042 4522 ad

383 4539 583 4597 locum
616 4542 890 4614 supplicii
922 4542 1213 4600 adductus
1245 4552 1354 4614 est,
1386 4553 1450 4602 ut
1481 4549 1560 4604 ibi
1595 4551 1786 4621 capite
1817 4553 2041 4623 plecte-

382 4637 564 4685 retur.
606 4635 668 4686 Αι
701 4631 954 4688 vinculis
986 4633 1048 4688 in
1099 4635 1310 4690 itinere
1359 4636 1635 4709 diruptis,
1659 4640 1857 4707 fugam
1890 4645 2040 4698 arri-

382 4720 530 4789 puit.
565 4725 624 4773 et
653 4736 728 4774 ne
757 4721 953 4792 gladio
984 4724 1227 4794 periret,
1277 4725 1562 4783 liberatus
1593 4735 1700 4785 est.
1731 4734 1872 4786 Cum
1905 4750 2040 4788 vero

385 4808 446 4862 in
480 4807 676 4862 locum
707 4810 1026 4879 quemdam
1050 4815 1354 4880 evasisset,
1379 4816 1458 4870 ibi
1489 4834 1867 4889 permanens,
1901 4824 2044 4878 assi-

385 4895 650 4966 duasque
677 4897 792 4952 Deo
812 4916 1018 4969 preces
1041 4905 1316 4967 offerens,
1341 4905 1522 4961 alacri
1544 4909 1745 4962 animo
1777 4910 2042 4967 functam

388 4987 671 5057 martyrio
705 4989 967 5045 animam
1002 4993 1120 5048 Deo
1153 4995 1430 5065 reddidit,
1479 5015 1761 5056 coronam
1792 5003 2042 5075 adeptus

386 5079 949 5136 immarcescibilem
980 5089 1039 5137 et
1067 5085 1244 5140 vitam
1277 5087 1691 5147 immortalem.

392 5211 491 5267 48
525 5212 592 5266 Et
621 5215 887 5269 memoria
932 5219 1110 5271 sancti
1118 5217 1322 5341 ffatris
1351 5223 1526 5276 nostri
1554 5223 1829 5281 Calestini
1873 5243 2042 5299 papa:

1166 5304 1318 5341 0mm.

1166 5304 1318 5344 omz.

462 5400 713 5456 Sanctus
775 5403 948 5457 Pater
1003 5409 1209 5459 noster
1275 5407 1648 5478 leestinus,
1710 5413 2044 5484 imperante

393 5487 721 5545 Theodosio
757 5489 1020 5558 Juniore,
1053 5491 1116 5546 in
1146 5494 1412 5551 Romana
1444 5497 1696 5554 ecclesia
1725 5499 1950 5572 ﬂoruit,
1981 5507 2044 5562 in

392 5578 666 5634 omnium
726 5579 1010 5635 virtutum
1071 5583 1491 5641 exercitatione
1527 5627 1542 5654 ,
1589 5587 2044 5666 divinarumque

388 5668 829 5743 Scripturarum
862 5673 1248 5732 meditatione
1279 5684 1566 5735 versatus.
1620 5680 1758 5738 Post
1788 5693 2041 5747 mortem

2170 579 2346 632 Δοῦσα
2376 575 2433 633 δὲ
2461 579 2496 648 ἠ
2531 583 2718 656 μήτηρ
2749 580 2913 636 αὐτοῦ
2967 589 3083 646 τοῖς
3141 581 3366 657 δημίοις
3422 587 3581 641 πέντε
3612 588 3810 662 χρυσί-

2168 685 2315 735 νους,
2375 668 2736 741 παρεκάλεσεν
2794 669 3007 738 αὐτοὺς,
3068 676 3144 746 μὴ
3205 673 3413 746 ὁμοίως
3461 681 3543 748 τῷ
3597 679 3814 750 Χριστῷ

2169 759 2475 827 σταυρῶσαι
2505 760 2594 812 τὸν
2629 759 2743 812 υἱὸν
2776 758 2965 830 αὐτῆς,
3003 761 3148 816 ἀλλᾶ
3203 763 3340 816 κατὰ
3395 771 3658 841 κεφαλῆς.
3715 765 3813 822 Καὶ

2171 845 2502 912 σταυρωθεὶτ
2556 845 2672 922 ὥρᾳ
2725 847 2882 922 τρίτῃ
2945 857 3046 919 τῆς
3103 856 3475 925 Ιιαρασκευῆς,
3536 853 3822 929 παρέδωκε

2169 932 2232 987 τὸ
2285 939 2516 1007 πνεῦμα.
2571 938 2665 992 Καὶ
2726 935 3056 994 ἐπιπεσοῦσα
3117 939 3264 1013 αὐτῷ
3306 943 3342 1011 ἡ
3387 943 3571 1018 μήτηρ
3627 944 3820 1014 αὐτοῦ,

2171 1019 2346 1099 ἀφῆκε
2374 1025 2472 1094 τήν
2505 1027 2712 1102 ψυχήν.

2173 1361 2272 1416 Καὶ
2303 1363 2536 1434 ἄθλησις
2564 1369 2672 1422 τῶν
2697 1367 2866 1448 ᾁγίιυν
2902 1369 3507 1448 μαρτιξρων-Ῥουφίνου
3533 1371 3820 1447 διακόνου,

2631 1440 2722 1494 καὶ
2745 1439 2854 1510 ’τῆς
2887 1439 3137 1506 συνοδίας
3161 1442 3346 1501 αὐτοῦ.

2246 1552 2349 1606 Επὶ
2410 1553 2507 1621 τῆς
2571 1554 2846 1628 βασιλείας
2900 1562 2998 1613 τοῦ
3067 1561 3389 1635 παρανόμου
3461 1561 3819 1635 Μαξιμίνου,

2172 1635 2424 1714 διωγμοῦ
2450 1641 2688 1718 μεγάλου
2745 1645 2882 1700 κατά
2918 1650 3026 1701 τῶν
3086 1649 3420 1724 Χριστιανῶν
3481 1650 3818 1724 κινηθέντος,

2169 1733 2272 1792 πᾶς
2303 1727 2450 1792 ὅστις
2476 1731 2566 1786 τὸν
2606 1732 2834 1806 Χριστὸν
2879 1733 3184 1811 ὡμολόγει,
3237 1738 3342 1794 ὑπὸ
3398 1743 3506 1794 τῶν
3568 1737 3822 1796 εἰδώλω-

2173 1815 2385 1888 λατρῶν
2437 1821 2837 1893 κρατούμενος,
2895 1825 2985 1879 καὶ
3039 1824 3280 1889 πολλαῖς
3341 1828 3596 1904 βασάνοις
3653 1839 3819 1894 καθυ-

2176 1901 2616 1982 ποϐαλλόμενος,
2644 1910 2954 1968 τελευταῖον
3007 1914 3215 1988 θανάτῳ
3247 1914 3594 1992 παρεδίδοτο.
3624 1918 3824 1992 Ὑπάρ-

2175 2011 2293 2067 χων
2353 1993 2410 2050 δὲ
2491 1998 2606 2052 κατ’
2686 1996 2890 2056 ἐκεῖνον
2974 2003 3068 2058 τὸν
3153 2006 3342 2079 καιρὸν
3427 2006 3516 2060 καὶ
3575 2007 3603 2061 ὁ
3660 2009 3818 2083 ἅγιος

2174 2082 2461 2159 Ῥουφῖνος
2494 2082 2742 2150 διάκονος
2771 2092 2872 2155 τῆς
2899 2091 2996 2145 τοῦ
3046 2093 3288 2167 Χριστοῦ
3338 2092 3688 2166 Ἐκκλησίας,
3713 2082 3814 2152 καὶ

2173 2171 2421 2236 πολλοὺς
2481 2171 2748 2231 διδάσκων
2808 2177 2895 2233 ἐπὶ
2959 2184 3041 2252 τῷ
3122 2180 3352 2255 ὀνόματι
3422 2187 3518 2239 τοῦ
3571 2187 3816 2260 Χριστοῦ

2171 2257 2442 2349 ἐκρατήθη
2486 2309 2502 2336 ,
2553 2264 2643 2318 καὶ
2702 2265 3030 2338 ἀπεκλείσθη
3090 2268 3166 2333 εἰς
3226 2269 3498 2349 φυλακήν.
3559 2257 3824 2330 ’Δκυλίνα

2173 2345 2230 2403 δέ
2282 2371 2367 2412 τις
2423 2352 2746 2426 Χριπιανή,
2807 2345 3249 2432 ἐπισκεπτομένη
3296 2358 3479 2430 αὐτὸν,
3539 2360 3812 2434 ἐκρατήθη

2166 2437 2255 2493 καὶ
2287 2440 2450 2511 αὐτή.
2491 2441 2594 2498 Καὶ
2649 2443 2950 2521 ἀμφότεροι
3009 2453 3380 2522 παραστάντες
3427 2454 3508 2522 τῷ
3566 2447 3819 2527 ἄρχοντι,

2170 2527 2258 2582 καὶ
2341 2531 2769 2605 τιμωρηθέντες,
2857 2535 2973 2590 εἶτα
3050 2541 3652 2613 θαυματουργήσαντες,
3712 2560 3822 2594 πα-

2171 2618 2492 2691 ρεσκεύασαν
2522 2620 2648 2684 τοὺς
2707 2628 3054 2696 παρεστῶτας
3115 2623 3430 2690 διαλοσίους
3486 2629 3820 2704 στρατιώτας

2169 2711 2449 2762 πιστεῦσαι
2504 2714 2586 2782 τῷ
2641 2713 2872 2786 Χριστῷ,
2940 2716 3046 2769 Καὶ
3105 2715 3406 2790 παραυτίκα
3463 2715 3727 2791 ὀργισθεὶς
3785 2717 3815 2772 ὁ

2169 2794 2378 2870 ἄρχων,
2464 2800 2789 2873 προσέταξεν
2899 2803 3131 2865 ἅπαντας
3222 2806 3467 2882 μαχαίρᾳ
3568 2816 3815 2869 θανατω-

2169 2884 2350 2952 θῆναι.
2412 2886 2515 2942 Καὶ
2571 2885 2829 2959 δήσαντες
2881 2891 3077 2955 αὐτούς
3108 2893 3160 2946 οἱ
3193 2889 3410 2966 δήμιοι,
3463 2893 3668 2969 ἤγαγον
3723 2894 3815 2950 ἐπὶ

2167 2971 2257 3027 τόν
2287 2975 2455 3030 τόπον
2479 2983 2583 3046 τῆς
2642 2978 3001 3043 τελειώσεως’
3053 2979 3142 3037 καὶ
3198 2982 3598 3039 ἆπεκευαλισαν
3630 2985 3805 3040 ἅπαν-

2162 3083 2278 3130 τας,
2312 3062 2769 3140 εὐχαριστοῦντας
2801 3072 2877 3140 τῷ
2907 3074 3025 3142 Θεῷ
3059 3069 3224 3146 μέχρι
3249 3069 3462 3137 τέλους.

2716 3187 2898 3243 MHNI
2936 3189 3026 3265 τᾳ
3063 3193 3263 3269 arm.

2801 3295 3002 3351 ,Ην

2301 3395 2570 3468 ’Ἄθλησις
2608 3401 2706 3452 τοῦ
2752 3398 2912 3474 ἁγίου
2957 3399 3236 3476 μάρτυρος
3284 3403 3662 3462 Παυσιλῦπου.

2231 3484 2578 3548 Παυσίλυπος
2627 3487 2656 3541 ὁ
2703 3490 2799 3542 τοῦ
2847 3493 3092 3564 Χριστοῦ
3142 3491 3372 3566 μάρτυρ,
3429 3493 3673 3568 ὑπῆρχεν
3722 3493 3810 3550 ἐπὶ

2153 3578 2254 3641 τῆς
2291 3571 2571 3648 βασιλείας
2601 3580 2698 3630 τοῦ
2730 3579 3052 3651 παρανόμου
3092 3580 3182 3634 καὶ
3243 3577 3536 3644 δυσσεϐοῦς
3593 3579 3814 3657 Ἀδρια-

2153 3665 2270 3715 νοῦ·
2325 3660 2673 3736 διαγνωσθεὶς
2738 3662 2795 3719 δὲ
2845 3667 2927 3720 ὅτι
2985 3667 3076 3722 τὸν
3139 3671 3377 3738 Χριστὸν
3431 3667 3664 3740 σέϐεται,
3719 3671 3811 3727 καὶ

2157 3747 2398 3808 διδάσκει
2492 3753 2580 3808 ἐπὶ
2630 3759 2709 3826 τῷ
2786 3757 3013 3829 ὀνόματι
3071 3758 3262 3830 αὐτοῦ,
3321 3763 3611 3835 κρατηθεὶς
3671 3783 3816 3837 προ-

2157 3842 2340 3916 σήχθη
2382 3840 2462 3912 τῷ
2519 3842 2752 3918 βασιλεῖ.
2815 3846 2913 3901 Καὶ
2973 3867 3249 3921 παραστας
3298 3848 3466 3922 αὐτῷ,
3521 3851 3814 3924 ἠρωτήθη,

2155 3929 2204 3983 εἴ
2251 3931 2343 3984 τὸν
2433 3932 2664 3990 Χριστὸν
2737 3933 3006 4009 ὁμολογεῖ
3085 3937 3214 3991 Θεόν
3255 3980 3268 3994 .
3353 3940 3455 3994 Καὶ
3531 3941 3812 4016 παρῥησίᾳ

2153 4018 2388 4090 κηρύξας
2418 4017 2578 4073 αὐτὸν
2609 4021 2739 4074 Θεὸν
2787 4020 2994 4092 ἀληθῆ,
3028 4025 3118 4078 καὶ
3176 4028 3415 4097 ποιητήν
3448 4028 3546 4082 τοῦ
3579 4031 3806 4102 παντὸς,

2154 4104 2428 4179 παρεδόθη
2486 4112 2565 4178 τῷ
2622 4115 2722 4177 τῆς
2786 4112 2974 4185 χώρας
3037 4112 3316 4187 Εὐρώπης
3372 4114 3600 4192 ἐπάρχῳ
3635 4162 3650 4187 ,
3710 4121 3804 4175 καὶ

2151 4194 2406 4249 τύπτεται
2448 4190 2672 4270 ῥάϐδοις
2729 4196 2967 4272 ἀφειδῶς
3021 4203 3356 4276 τριακοσίαις
3403 4190 3615 4283 φοραῖς.
3645 4209 3804 4266 Ἀνε-

2155 4280 2356 4344 θεὶςδέ
2398 4290 2500 4352 τῆς
2558 4285 2819 4360 βασάνου,
2875 4287 3044 4344 πάλιν
3098 4280 3425 4367 ἠναγκάσθη-
3471 4280 3803 4371 ἀρνήσασθαι

2150 4374 2242 4426 τὸν
2297 4373 2526 4446 Χριστὸν
2563 4415 2578 4442 ,
2645 4375 2734 4430 καὶ
2795 4381 2951 4441 θῦσαι
3003 4384 3122 4442 τοῖς
3179 4380 3434 4445 εἰδώλοις
3468 4427 3481 4441 .
3560 4385 3664 4442 Καὶ
3728 4389 3807 4460 μή

2150 4461 2409 4528 πεισθεῗς,
2467 4460 2644 4532 ἐδέθη,
2707 4464 2797 4519 καὶ
2847 4466 3088 4542 ἀπήγετο
3147 4469 3225 4532 εἰς
3253 4472 3316 4526 τὸ
3348 4471 3806 4550 ἀποκεφαλισθῆ-

2150 4570 2260 4605 ναι.
2299 4550 2394 4604 Καὶ
2426 4549 2477 4604 ἐν
2506 4555 2572 4624 τῇ
2604 4550 2718 4625 ὁδῷ
2745 4559 2852 4608 τῶν
2909 4553 3123 4629 δεσμῶν
3176 4549 3644 4635 διαρῥηχθέντων,
3677 4564 3802 4619 ἐπε-

2150 4659 2316 4693 τεινεν
2350 4640 2536 4695 ἑαυτὸν
2568 4643 2707 4717 πρὸς
2754 4645 2817 4698 τὸ
2874 4651 3082 4722 φυγεῖν.
3146 4649 3245 4702 Καὶ
3300 4654 3398 4705 τοῦ
3461 4653 3555 4724 μὲν
3615 4653 3801 4730 ξίφους

2148 4725 2451 4802 ἐλυτρώθη·
2485 4727 2561 4791 εἷς
2592 4731 2760 4785 τόπον
2793 4729 2851 4786 δὲ
2896 4754 3018 4788 τινα
3075 4733 3384 4806 διασωθεὶς,
3442 4740 3530 4794 καὶ
3566 4725 3803 4811 σθαθεὶς,

2147 4816 2335 4888 καὶτῷ
2390 4818 2506 4890 Θεῴ
2563 4820 3022 4893 προσευξάμενος,
3083 4822 3328 4880 ἀπέδωκε
3377 4828 3477 4895 τήν
3531 4849 3796 4906 μαρτυρια-

2148 4907 2250 4974 κήν
2284 4905 2448 4960 αὐτοῦ
2477 4909 2662 4982 ψυχήν
2695 4910 3002 4983 προθύμως
3042 4917 3120 4984 τῷ
3151 4918 3288 4986 Θεῷ,
3350 4913 3646 4972 ἀπολαϐὼν
3679 4919 3800 4974 στέ-

2150 5014 2316 5071 φανον
2350 4995 2682 5070 ἀμάραντον,
2712 4998 2803 5052 καὶ
2836 5001 2980 5070 ζωὴν
3012 5000 3336 5080 ἀχώρητον.

2153 5235 2257 5293 Καὶ
2292 5237 2487 5310 μνήμη
2527 5241 2626 5294 τοῦ
2675 5239 2727 5294 ἐν
2759 5239 2966 5321 ἁγίοιςῄ
2995 5246 3206 5321 Π-ατρός
3263 5248 3428 5321 ἡμῶν
3487 5247 3804 5307 Κελεστίνου

2766 5313 2918 5369 πᾶπα
2952 5313 3197 5390 Ῥώμης.

2229 5424 2554 5490 Κελεστῖνος
2591 5431 2620 5485 ὁ
2650 5428 2704 5485 ἐν
2737 5432 2912 5505 ἁγίοις
2953 5437 3139 5509 ΙΙατὴρ
3173 5439 3359 5510 ἡμῶν,
3419 5441 3666 5514 ὑπῆργεν
3717 5439 3806 5496 ἐπὶ

2153 5516 2254 5583 τῆς
2289 5515 2573 5590 βασιλείας
2604 5518 2894 5577 Θεοδοσίου
2921 5527 3019 5578 τοῦ
3080 5532 3301 5602 μικροῦ,
3359 5528 3412 5584 ἐν
3471 5533 3539 5602 τῇ
3573 5529 3808 5602 Ἐκκλη-

2155 5602 2245 5675 σία
2299 5605 2631 5678 Ῥωμαίων,
2689 5613 2861 5665 πᾶσαν
2950 5612 3144 5687 ἆρενὴν
3227 5616 3631 5691 κατωρθώσας,
3715 5614 3808 5672 καί

2155 5697 2330 5749 πᾶσαν
2365 5695 2508 5751 θείαν
2542 5701 2761 5773 Γραφήν
2795 5699 3190 5774 ἐκμελετήσας.
3241 5708 3394 5765 Μετὰ
3433 5707 3492 5764 δὶ
3544 5706 3805 5778 τελευτὴν
