4134 6302
250 349 365 410 393

256 485 358 535 τῶν
449 483 631 560 ἁγίων

265 571 351 626 καὶ
426 574 730 646 Ζωσίμου,

274 663 517 735 Ῥώμης⁸
557 666 894 740 συντρέχων
957 662 1014 719 δὲ
1065 669 1144 737 τῷ
1207 665 1313 739 βίῳ
1365 664 1393 718 6
1442 661 1636 738 λόγος,
1667 659 1946 734 αἰδέσιμον

285 752 460 809 ἐαυτὸν
517 759 638 818 τοῖς
705 759 876 810 πᾶσιν
921 754 1177 833 ἀπέφαινε
1225 756 1316 810 καὶ
1378 753 1704 828 θαυμαστὸν·
1763 753 1855 808 καὶ
1895 751 1946 807 ἐν

289 841 475 905 ἅλλοις
510 844 609 917 μὶν
635 843 908 912 πολλοῖς,
975 844 1260 920 ἐξαιρέτως
1317 841 1376 898 δὲ
1425 843 1476 899 ἐν
1519 847 1587 917 τῇ
1626 847 1735 898 τῶν
1769 840 1946 918 ὀρθῶν

291 929 572 1007 δογμάτων
635 933 1008 1002 ὑποτυπώσει,
1073 934 1161 988 καὶ
1221 929 1472 1005 διαλέξει.
1534 931 1632 987 Καὶ
1689 931 1790 1006 γὰρ
1852 928 1944 984 σὺν

286 1025 360 1092 τῷ
388 1021 523 1096 ἁγίῳ
551 1021 826 1096 Κυρίλλῳ
875 1019 946 1076 δι’
999 1019 1296 1091 ἐπιστολῆς
1329 1019 1668 1094 δογματικῆς
1694 1019 1948 1095 πλήρους

289 1106 619 1181 όρθοδοξίας,
677 1111 739 1178 ἢν
797 1109 1111 1165 ἀπέστειλεν
1173 1109 1233 1164 ἐκ
1291 1110 1520 1182 Ῥώμης
1553 1107 1606 1162 ἐν
1635 1111 1704 1182 τῇ
1738 1104 1945 1179 συνόδῳ

281 1201 346 1272 τῇ
397 1197 451 1253 ἐν
508 1198 740 1276 Ἐφέσῳ,
795 1199 890 1254 τὸν
946 1193 1178 1267 δυσσεϐῆ
1240 1197 1529 1272 Νεστόριον
1579 1194 1820 1266 καθεῖλε,
1850 1194 1942 1250 καὶ

279 1293 376 1356 τῆς
447 1292 559 1342 τῶν
634 1285 938 1361 όρθοδοξων
998 1285 1257 1358 ἐξήλασεν
1315 1285 1626 1358 ἐκκλησίας,
1689 1285 1942 1362 βλασφη-

285 1380 486 1448 μοῦντα
542 1375 621 1440 είς
667 1378 758 1431 τὸν
819 1377 942 1431 Υἱὸν
993 1380 1090 1431 τοῦ
1148 1380 1310 1445 Θεοῦ,
1366 1374 1458 1430 καὶ
1515 1375 1594 1438 εἱς
1648 1376 1746 1442 τήν
1781 1372 1934 1448 ἁγίαν

280 1461 564 1521 Θεοτὸκον.
597 1467 716 1521 Ἔτι
748 1463 805 1520 δὲ
861 1467 953 1520 καὶ
1008 1463 1080 1520 δι’
1134 1463 1322 1520 ἄλλων
1375 1462 1660 1542 δογμάτων
1709 1463 1804 1524 τὰς
1831 1469 1933 1531 τῆς

278 1553 582 1625 ’Δνατολῆς
638 1553 971 1625 Ἐκκλησίας
1046 1557 1144 1620 τῆς
1201 1557 1398 1609 τοῦτου
1469 1551 1652 1625 λύμης
1701 1551 1930 1621 ἠλευθέο

276 1662 464 1717 ρωσεν,
497 1644 591 1698 καὶ
622 1641 871 1706 πολλοὺς
901 1642 1144 1718 φωτίσας
1177 1641 1472 1712 ἐτελειώθη
1506 1639 1558 1696 ἐν
1593 1641 1804 1717 εἰρήνῃ.

828 1771 1009 1827 MHNI
1047 1772 1134 1847 Tn
1173 1774 1374 1846 ΑΥΤῼ.

1074 1863 1127 1913 θ,

413 1964 685 2037 Ἀθλησις
729 1969 830 2020 τοῦ
856 1964 1030 2038 ,ἁγίου
1083 1963 1356 2038 μάρτυρος
1402 1960 1647 2036 Βαδίμου
1688 1965 1785 2016 τοῦ

841 2032 1345 2111 ἀρχιμμανδρίτου.

341 2156 588 2231 Βᾶδιμος
647 2159 676 2212 6
729 2160 881 2221 ὅσιος
969 2159 1186 2233 ὑπῆρχε
1267 2157 1361 2230 μὶν
1446 2155 1506 2211 ἐκ
1581 2161 1682 2226 τῆς
1740 2153 1925 2230 χώρας

270 2251 512 2320 Περσῶν,
576 2246 858 2302 πλουσίων
913 2244 971 2302 δὲ
1022 2249 1226 2321 γονέων
1258 2246 1396 2300 υἱὸν·
1449 2246 1521 2299 ὧν
1565 2242 1926 2314 τελευτησάν-

269 2357 401 2404 των,
461 2338 672 2390 ἅπαντα
726 2337 820 2391 τὸν
879 2335 1119 2392 πλοῦτον
1179 2333 1481 2410 σχορπίσας
1537 2335 1613 2396 εἱς
1669 2332 1796 2395 τοὺς
1827 2330 1926 2388 πέ-

271 2446 457 2494 νητας,
491 2422 746 2480 ἀπελθὼν
807 2423 884 2486 εἲς
945 2426 1324 2498 μοναστήριον,
1393 2422 1600 2498 ἐγένετο
1659 2421 1920 2495 μοναχὸς,

274 2515 386 2569 εἶτα
441 2513 536 2569 καὶ
596 2510 1052 2590 ἀρχιμανδρίτης.
1108 2513 1418 2585 Κημόττων
1448 2509 1507 2566 δὲ
1545 2512 1640 2566 τὸν
1671 2509 1921 2584 Χριστὸν,

273 2600 524 2665 πολλοὺς
572 2601 658 2658 ἐπ’
705 2602 864 2658 αὐτὸν
911 2601 1242 2680 ἐπιστρέφων
1290 2595 1562 2670 ἐϐάπτιζε.
1605 2598 1702 2654 Καὶ
1739 2597 1925 2672 μαθὼν

272 2696 432 2746 τοῦτο
489 2686 796 2767 Σαϐώριος,
844 2689 1178 2753 ὰποστείλας
1245 2690 1534 2762 ἐκράτησεν
1592 2687 1774 2755 αὐτὸν,
1834 2685 1926 2741 σὺν

279 2780 414 2836 ἐπτᾰ
470 2787 738 2855 μαθηταῖς
792 2780 978 2852 αὐτοῦ,
1055 2781 1145 2837 καὶ
1229 2779 1543 2836 ἀπέκλεισεν
1628 2778 1789 2834 αὐτὸν
1846 2776 1922 2839 είς

287 2867 545 2946 φυλακήν.
604 2870 703 2928 Καὶ
766 2869 903 2944 μετᾶ
955 2871 1213 2944 τέσσαρας
1269 2866 1480 2942 ἡμέρας
1534 2866 1854 2943 προσέταξεν
1895 2866 1924 2921 6

291 2953 559 3032 Σαϐώριος
587 2965 709 3022 τοῖς
756 2956 988 3032 δημίοις
1017 2953 1268 3014 ἐκϐαλεῖν
1300 2956 1495 3019 αὐτοὺς
1521 2963 1621 3026 τῆς
1654 2953 1924 3034 φυλακῆς,

280 3046 365 3102 καὶ
421 3047 839 3126 ἀποκεφαλίσαι.
898 3050 1031 3104 Ἕνα
1089 3045 1146 3102 δὲ
1227 3050 1334 3102 τῶν
1410 3043 1649 3118 δημίων,
1705 3048 1924 3120 Νηρσᾶν

278 3136 526 3209 ὀνόματι,
579 3137 844 3212 πρότερον
905 3133 1032 3191 ὅντα
1088 3136 1434 3212 Χριστιανὸν,
1465 3133 1840 3210 ἀρνησάμενον
1869 3129 1926 3187 δὶ

1831 344 2159 409 APRILIS.

741 485 1058 540 ἐπισκόπων
1147 485 1519 556 Ἰννοκεντίου,
1595 479 1933 560 Βονιφατίου,

2057 484 2254 534 autem
2282 483 2620 536 sanctorum
2644 480 3058 553 episcoporum
3087 482 3441 559 Innocentii,
3466 489 3704 550 Bonifa-

811 575 1217 650 προχειρίζεται
1297 573 1480 637 πάπας
1544 579 1643 643 τῆς
1704 570 1952 647 μεγάλης

1955 1845 2003 1908 Β

3587 359 3702 420 394

2053 573 2129 627 cii
2154 578 2212 628 et
2231 573 2468 641 Zosimi,
2493 590 2646 646 papa
2667 590 2894 647 magnae
2928 577 3126 632 Roma
3175 578 3504 636 ordinatur.
3560 585 3704 640 Cum

2051 678 2187 717 vero
2212 661 2374 718 illius
2396 662 2527 718 vitae
2559 664 2735 718 etiam
2768 664 3040 720 doctrina
3067 675 3439 739 congrueret,
3473 678 3702 743 specta-

2052 750 2224 806 bilem
2253 768 2314 806 se
2345 750 2604 807 reddidit
2633 754 2885 820 cunctis,
2921 770 2988 810 ac
3019 755 3355 813 mirabilem
3387 759 3448 814 in
3497 760 3700 817 multis

2051 839 2317 910 quidem,
2351 839 2455 896 sed
2485 842 2782 912 praecipue
2814 842 2877 897 in
2907 849 3206 900 rectorum
3237 847 3578 920 dogmatum
3611 867 3704 906 ex-

2050 929 2365 1000 positione,
2399 946 2468 985 ac
2498 930 2932 987 dissertatione.
2967 933 3194 1006 Quippe
3225 943 3428 992 sancto
3480 938 3698 1010 Cyrillo

2049 1019 2412 1088 connitente,
2445 1036 2553 1090 per
2581 1020 2894 1092 epistolam
2927 1022 3320 1095 dogmaticam
3369 1026 3701 1085 orthodoxa

2046 1106 2290 1162 veritate
2320 1107 2582 1180 plenam,
2615 1126 2794 1180 quam
2826 1127 2895 1165 ex
2926 1111 3071 1168 urbe
3103 1114 3288 1169 Roma
3307 1115 3378 1170 ad
3403 1116 3698 1187 synodum

2045 1195 2405 1266 Ephesinam
2430 1197 2612 1267 misit,
2635 1198 2885 1270 impium
2908 1202 3239 1257 Nestorium
3264 1207 3599 1275 prostravit,
3632 1223 3702 1263 ac

2045 1284 2558 1357 blasphemantem
2593 1287 2653 1342 in
2685 1289 2787 1342 Dei
2822 1288 3034 1344 Filium
3067 1296 3124 1344 et
3153 1291 3215 1346 in
3247 1298 3513 1349 sanctam
3565 1295 3696 1351 Dei-

2042 1391 2269 1446 param,
2304 1392 2375 1430 ex
2406 1375 2869 1432 orthodoxorum
2928 1378 3178 1435 ecclesia
3225 1381 3418 1452 ejecit.
3444 1383 3695 1440 'Deinde

2041 1480 2175 1519 vero
2205 1469 2264 1519 et
2292 1465 2423 1520 aliis
2455 1464 2708 1520 decretis
2739 1467 3068 1524 Orientales
3099 1469 3392 1526 Ecclesias
3421 1471 3530 1528 hac
3586 1490 3690 1544 pe-

2040 1554 2455 1609 stilentissima
2486 1554 2582 1609 lue
2614 1555 2904 1611 liberavit.
2938 1557 3201 1630 Cumque
3233 1559 3496 1616 veritatis
3553 1561 3688 1618 luce

2037 1643 2239 1715 plures
2269 1643 2644 1715 illustrasset,
2680 1645 2741 1700 in
2772 1662 2918 1718 pace
2957 1647 3231 1705 decessit.

2592 1771 2832 1827 EODEM
2871 1773 3119 1829 MENSE.

2713 1861 2816 1916 Die
2856 1878 3015 1918 nona

2089 1966 2377 2022 Certamen
2406 1970 2584 2022 sancti
2614 1971 2878 2040 martyris
2905 1969 3131 2026 Badimi
3157 1970 3629 2030 archimandrite.

2101 2153 2350 2208 Sanctus
2369 2154 2644 2209 Badimus
2661 2155 2774 2210 fuit
2799 2172 2868 2211 ex
2893 2157 3131 2229 regione
3157 2160 3490 2227 Persarum,
3525 2161 3675 2215 divi-

2028 2244 2153 2296 tum
2185 2247 2501 2314 parentum
2535 2243 2713 2311 ﬁlius,
2737 2245 2954 2316 quibus
2976 2247 3094 2302 vita
3112 2248 3351 2314 functis,
3386 2236 3521 2304 cum
3545 2251 3673 2322 jam

2028 2330 2261 2386 divitias
2289 2348 2496 2388 omnes
2517 2333 2580 2388 in
2611 2350 2904 2405 pauperes
2931 2342 3246 2408 erogasset,
3279 2338 3340 2392 in
3374 2344 3673 2394 monaste-

2025 2421 2182 2475 rium
2213 2421 2377 2487 abiit,
2409 2421 2608 2492 ibique
2641 2424 2968 2480 monachus
2998 2424 3187 2481 factus
3219 2431 3328 2495 est,
3369 2427 3583 2483 deinde
3616 2433 3680 2483 et

2027 2511 2513 2568 archimandrita.
2559 2515 2896 2571 Praedicans
2953 2522 3148 2572 autem
3201 2517 3416 2574 Christi
3473 2518 3674 2590 fidem,

2027 2601 2246 2656 multos
2276 2601 2350 2657 ad
2380 2618 2509 2656 eam
2537 2602 2801 2671 adduxit,
2847 2609 2906 2659 et
2951 2604 3280 2677 baptizavit.
3327 2606 3494 2673 Quod
3541 2623 3677 2662 cum

2030 2690 2279 2762 Sapores
2310 2692 2624 2745 Persarum
2649 2708 2753 2746 rex
2784 2693 3200 2762 intellexisset,
3234 2711 3369 2751 eum
3395 2711 3515 2752 una
3544 2712 3678 2751 cum

2032 2783 2258 2850 septem
2283 2778 2471 2850 ipsius
2495 2779 2804 2850 discipulis
2835 2782 3262 2853 comprehendi
3284 2784 3487 2855 jussit,
3535 2791 3596 2840 et
3619 2785 3682 2840 in

2029 2882 2330 2922 carcerem
2357 2865 2612 2922 detrudi.
2640 2873 2719 2922 Ac
2742 2866 2956 2922 deinde
2978 2874 3114 2940 post
3133 2876 3389 2940 quatuor
3409 2870 3538 2926 dies
3562 2875 3681 2927 tor-

2030 2955 2258 3011 toribus
2280 2954 2598 3024 mandavit,
2625 2961 2690 3010 ut
2727 2956 2888 3027 ipsos
2919 2974 2950 3012 e
2980 2974 3216 3014 carcere
3248 2958 3590 3028 educerent,
3622 2965 3682 3014 et

2031 3051 2209 3117 caput
2239 3046 2323 3100 eis
2354 3050 2752 3117 amputarent.
2788 3047 3005 3103 Videns
3062 3053 3260 3103 autem
3305 3053 3546 3104 sanctus
3592 3049 3679 3103 vir

2031 3151 2216 3190 unum
2249 3152 2319 3190 ex
2348 3133 2690 3202 tortoribus,
2744 3136 2985 3190 Nersam
3037 3137 3301 3204 nomine,
3352 3137 3453 3208 qui
3501 3141 3680 3193 antea

272 3228 360 3280 τὸν
392 3209 634 3302 Χριστὸν*
679 3224 770 3281 διὰ
813 3227 905 3282 τὸν
954 3209 1148 3304 φόϐον,
1192 3209 1583 3301 γυμνοῦνταντὸ
1614 3223 1786 3300 ξίφος,
1824 3225 1920 3277 τοῦ

2042 3225 2398 3278 Christianus
2456 3222 2666 3290 fuerat,
2727 3223 2944 3279 deinde
2995 3230 3159 3280 metu
3245 3231 3679 3282 tormentorum

276 3312 674 3392 ἀποκεφαλίσαι
755 3311 971 3382 αὐτοὺς,
1053 3310 1184 3367 ΐδὼν
1239 3313 1267 3366 6
1325 3312 1476 3387 ἅγιος
1531 3309 1620 3365 καὶ
1677 3309 1926 3379 στενάξας

272 3402 572 3459 ἐταλάνισε·
664 3403 753 3458 καὶ
835 3403 1138 3474 ὑπέμνησεν
1221 3399 1380 3456 αὐτὸν
1457 3405 1557 3468 τῆς
1614 3395 1928 3472 μελλούσης

273 3494 484 3568 ἡμέρας
535 3494 639 3562 τήν
691 3489 1072 3547 ἀνταπόδοσιν.
1130 3491 1193 3547 Ὁ
1251 3489 1309 3544 δὲ
1357 3492 1574 3564 Νηρσᾶς
1632 3487 1928 3562 ἀρξάμενος

272 3583 489 3658 τρέμειν
553 3582 659 3636 ἀπὸ
713 3585 810 3637 τοῦ
859 3576 1054 3659 φόϐου,
1114 3576 1318 3634 δέδωκε
1370 3583 1451 3651 τῷ
1512 3578 1652 3653 ἁγίῳ
1707 3575 1926 3650 πληγὰς

272 3673 554 3748 τέσσαρας
633 3670 723 3726 καὶ
800 3669 945 3726 οὕτω
1025 3669 1118 3744 βίᾳ
1189 3665 1380 3742 πολλῃ
1483 3663 1770 3742 παρέδωκε
1863 3661 1927 3718 τὰ

273 3782 402 3817 πνευ
410 3783 508 3835 μα.

351 3974 452 4031 Καὶ
476 3973 711 4045 ἄθλησις
739 3976 845 4028 τῶν
879 3971 1044 4048 ἁγίων
1090 3969 1378 4048 μαρτύρων
1407 3971 1512 4024 τῶν
1549 3967 1601 4023 ἐν
1636 3963 1856 4042 Περσίδι

890 4042 1312 4106 τελειωθέντων.

355 4170 640 4248 Σαϐώριος
695 4173 724 4227 6
777 4176 886 4227 τῶν
937 4173 1162 4245 Περσῶν
1225 4166 1502 4244 βασιλεὺς,
1545 4164 1929 4240 ἐκστρατεύσας

280 4264 414 4319 κατᾶ
465 4269 566 4332 τῆς
619 4265 729 4317 τῶν
782 4259 1064 4332 Ῥωμαίων
1119 4263 1247 4331 γῆς,
1305 4255 1528 4312 κατὰτὸ
1567 4255 1931 4324 πεντηκοστὸν

277 4353 459 4425 τρίτοι
487 4349 608 4414 ἔτος
649 4357 750 4420 τῆς
796 4349 960 4404 αὐτοῦ
1013 4345 1316 4423 βασιλείας,
1367 4351 1457 4399 καὶ
1487 4344 1644 4416 νόμῳ
1677 4341 1928 4416 πολέμου

279 4443 710 4510 πολυάνθρωπον
737 4439 900 4494 πόλιν
959 4436 1124 4505 ἐλὼν,
1174 4435 1302 4496 τοὺς
1352 4432 1402 4488 έν
1454 4433 1590 4507 αὐτῇ
1635 4432 1728 4505 μὲν
1763 4452 1926 4505 στρα-

280 4532 477 4595 τιώτας
532 4528 732 4590 πάντας
790 4525 1064 4605 ἐφόνευσε,
1123 4524 1215 4578 τὸν
1278 4521 1336 4577 δέ
1392 4521 1672 4594 ἀπόλεμον
1727 4519 1925 4596 ὂχλον,

286 4621 398 4674 οἷον
454 4613 736 4694 γέροντας,
808 4619 1083 4690 γυναῖκας,
1142 4608 1350 4679 παιδία,
1415 4610 1503 4664 καὶ
1559 4611 1652 4665 τὸν
1710 4606 1932 4664 ἐπίσκο-

286 4727 386 4762 πον
440 4702 801 4780 Ἡλιόδωρον,
853 4702 945 4758 καὶ
1000 4699 1130 4765 τοὺς
1185 4693 1604 4774 πρεσϐυτέρους,
1662 4697 1753 4753 καὶ
1808 4697 1934 4760 τοὺς

289 4793 593 4864 διακόνους,
653 4793 744 4848 καὶ
801 4793 1002 4853 πάντας
1057 4787 1186 4851 τοὺς
1259 4788 1311 4843 ἐν
1364 4791 1446 4860 τῷ
1501 4785 1698 4862 κλήρῳ
1754 4807 1936 4862 περιε·

289 4887 584 4954 ποιήσατο.
629 4879 863 4938 Μέλλων
923 4880 1014 4934 οὖν
1070 4876 1325 4948 τελευτᾷν
1358 4877 1386 4930 6
1418 4875 1712 4940 ἐπίσκοπος
1746 4875 1936 4932 Ἡλιό-

293 4971 490 5050 δωρος,
591 4971 1002 5048 ἐχειροτόνησεν
1131 4968 1243 5022 ἀντ’
1371 4964 1533 5020 αὐτοῦ
1643 4963 1935 5021 ἐπίσκοπον

294 5049 514 5118 ἐκίτῶν
573 5056 954 5138 πρεσϐυτέρων
1007 5054 1122 5116 ἕνα.
1197 5056 1305 5112 Καὶ
1361 5061 1459 5124 τῆς
1528 5053 1580 5125 ἐξ
1633 5049 1786 5118 ἔθους
1843 5051 1936 5109 δο-

292 5154 540 5228 ξολογίας
598 5150 652 5206 ἐν
716 5153 787 5223 τῇ
846 5145 1110 5218 ἐκκλησίᾳ
1191 5142 1599 5228 ἀναφερομένης
1663 5149 1744 5216 τῷ
1799 5147 1938 5216 Θεῷ,

292 5227 541 5298 ἀπελθών
571 5261 656 5302 τις
681 5243 791 5295 τῶν
847 5240 1087 5312 Περσῶν,
1137 5237 1256 5290 εἷπε
1305 5238 1385 5306 τῷ
1435 5227 1727 5308 Σαϐωρίῳ,
1755 5231 1839 5287 ὅτι
1873 5231 1940 5290 Ol

288 5331 434 5404 παρὰ
490 5334 585 5384 σοῦ
643 5327 1088 5404 συγχωρηθέντες
1170 5326 1264 5397 ζῇν
1345 5319 1682 5395 Χριστιανοὶ,
1739 5317 1832 5376 ἵνα
1889 5321 1941 5393 ἐξ

290 5421 463 5476 αὐτῶν
493 5424 710 5494 πρῶτον
759 5418 1102 5487 ποιήσαντες,
1158 5415 1257 5477 τῆς
1318 5411 1410 5484 μέν
1463 5410 1749 5486 θρησκείας
1781 5412 1940 5484 ἡμῶν

285 5504 876 5586 καταϐλασφημοῦσιν,
930 5510 1032 5573 τῆς
1090 5499 1146 5556 δὲ
1204 5506 1301 5570 σῆς
1363 5498 1607 5570 ἐξουσίας
1662 5519 1943 5577 καταφρο-

287 5604 458 5658 νοῦσι.
514 5599 655 5656 Τότε
712 5593 970 5671 ἀχθέντες
1010 5590 1428 5666 ἠναγκάσθησαν
1466 5595 1837 5664 προσκυνῆσαι
1866 5591 1947 5662 τῷ

289 5687 456 5764 ἡλίῳ·
521 5689 599 5763 μὴ
658 5685 964 5746 πεισθέντες
1010 5678 1088 5751 δὲ,
1138 5678 1370 5742 ’ἅπαντες
1420 5675 1946 5756 ἀπεκεφαλίσθησαν.

571 5809 837 5870 Parnm.
881 5805 1004 5864 Gn.
1046 5789 1290 5860 CX'VII.
1345 5793 1348 5795 λ

2031 3314 2327 3368 Christum
2344 3313 2760 3385 abnegaverat;
2782 3313 3451 3385 hunc,inquam,videns
3475 3331 3678 3372 ensem

2031 3401 2452 3467 denudantem,
2485 3407 2551 3456 ut
2607 3408 2786 3474 caput
2841 3403 2986 3474 ipsis
3043 3403 3438 3472 abscinderet,
3467 3460 3470 3466 ,
3499 3405 3680 3460 colla-

2030 3497 2330 3562 crymatus
2360 3491 2458 3546 49
2511 3496 2619 3559 est,
2675 3497 2733 3545 et
2780 3492 2968 3563 ipsius
3019 3492 3419 3548 calamitatem
3470 3494 3682 3561 doluit,

2030 3581 2203 3651 eique
2235 3585 2511 3635 extremm
2540 3579 2656 3634 diei
2713 3580 3166 3635 retributionem
3215 3581 3276 3635 in
3334 3583 3686 3637 memoriam

2030 3669 2340 3724 revocavit.
2376 3670 2587 3724 Nersas
2617 3685 2751 3722 vero
2783 3686 2903 3740 prae
2937 3670 3147 3724 timore
3180 3669 3476 3740 trepidare
3535 3669 3685 3724 inci-

2031 3757 2224 3830 piens,
2259 3762 2513 3828 quatuor
2540 3757 2787 3812 vulnera
2816 3763 3021 3812 sancto
3046 3757 3169 3813 viro
3215 3757 3472 3814 inﬂixit:
3505 3765 3685 3830 atque

2030 3849 2116 3903 ita
2143 3849 2196 3902 vi
2227 3846 2416 3902 multa
2446 3847 2720 3918 spiritum
2753 3847 2968 3902 emisit.
3073 3878 3076 3879 ν

2033 3978 2101 4030 Et
2130 3981 2411 4030 certamen
2455 3981 2767 4030 sanctorum
2813 3981 3142 4047 martyrum,
3200 3974 3301 4046 qui
3351 3976 3410 4030 in
3465 3976 3688 4032 Perside

2432 4049 2768 4118 martyrium
2799 4056 3269 4104 consummarunt.

2107 4169 2356 4242 Sapores
2388 4171 2703 4225 Persarum
2735 4187 2840 4225 rex
2868 4186 3025 4225 anno
3056 4171 3222 4243 regni
3250 4170 3340 4226 sui
3389 4171 3687 4243 quinqua-

2033 4260 2256 4333 gesimo
2288 4259 2461 4314 tertio
2490 4259 2865 4330 expeditione
2887 4260 2948 4314 in
2972 4261 3373 4316 Romanorum
3397 4260 3685 4316 ditionem

2037 4354 2331 4420 suscepta,
2367 4364 2503 4404 cum
2535 4348 3084 4419 frequentissimam
3115 4349 3324 4404 urbem
3357 4351 3494 4421 jure
3545 4350 3689 4404 belli

2035 4438 2540 4511 cepisset,milites
2561 4455 2772 4494 omnes
2791 4440 2891 4510 qui
2911 4440 2971 4493 in
2988 4455 3056 4494 ea
3076 4438 3459 4507 erant,occidi
3474 4439 3692 4509 jussit;

2039 4534 2278 4601 gentem
2309 4544 2442 4582 vero
2478 4526 2551 4581 ad
2583 4527 2806 4582 bellum
2839 4527 3084 4582 minime
3107 4527 3695 4594 idoneam,nimirum

2044 4633 2240 4681 senes,
2272 4616 2575 4684 mulieres,
2611 4631 2847 4686 pueros,
2897 4615 3281 4670 Heliodorum
3331 4615 3695 4686 episcopum,

2043 4705 2443 4777 presbyteros,
2474 4705 2781 4774 diaconos,
2815 4709 2874 4759 et
2901 4719 3109 4759 omnes
3167 4704 3416 4759 clericos
3467 4704 3700 4760 incolu-

2045 4811 2172 4850 mes
2204 4795 2424 4849 servari
2451 4794 2770 4849 mandavit.
2806 4793 3156 4849 Heliodorus
3211 4799 3411 4848 autem
3468 4794 3702 4866 episco-

2045 4899 2155 4955 pus
2181 4899 2316 4938 cum
2349 4899 2410 4937 se
2439 4884 2621 4937 mortI
2660 4883 2997 4954 proximum
3051 4882 3446 4955 praesentiret,
3491 4885 3553 4938 in
3604 4885 3695 4940 sui

2045 4972 2243 5027 locum
2274 4988 2460 5027 unum
2494 4988 2564 5026 ex
2595 4971 2960 5044 presbyteris
2993 4973 3338 5045 episcopum
3379 4972 3695 5029 ordinavit.

2049 5061 2159 5117 Sed
2191 5078 2325 5117 cum
2357 5061 2428 5116 de
2462 5061 2701 5116 morein
2723 5061 2973 5116 ecclesia
2995 5063 3308 5117 offerretur
3324 5063 3440 5117 Deo
3471 5061 3696 5135 gloriﬁ-

2047 5152 2222 5216 catio,
2257 5150 2464 5206 abiens
2497 5150 2739 5220 quidam
2772 5168 2842 5205 ex
2859 5151 3075 5219 Persis,
3106 5152 3307 5222 Sapori
3335 5151 3459 5207 haec
3481 5168 3698 5207 renun-

2049 5240 2217 5294 tiavit
2248 5256 2261 5293 :
2317 5240 2635 5295 Christiani
2686 5239 2796 5306 illi,
2831 5256 2864 5294 ο
2896 5241 3039 5305 Rex,
3090 5241 3308 5310 quibus
3338 5257 3373 5296 a
3402 5246 3458 5296 te
3507 5241 3700 5295 vivere

2049 5325 2410 5397 permissum
2431 5325 2890 5396 fuit,quemdam
2913 5326 3025 5380 sibi
3045 5326 3374 5397 principem
3392 5327 3702 5399 eligentes,

2051 5418 2316 5469 nostram
2349 5413 2589 5485 quidem
2621 5413 2973 5484 religionem
3005 5413 3359 5485 reprobant;
3406 5420 3564 5470 tuam
3596 5430 3704 5469 au-

2051 5507 2172 5558 tem
2203 5507 2558 5575 potestatem
2601 5509 3014 5560 contemnunt.
3066 5505 3438 5575 Quapropter
3485 5503 3558 5558 ad
3613 5520 3708 5559 re-

2051 5607 2184 5664 gem
2211 5592 2474 5658 adducti,
2497 5592 2652 5665 jussi
2684 5597 2823 5648 sunt
2851 5591 3040 5648 solem
3068 5592 3336 5647 adorare.
3375 5590 3540 5657 Quod
3571 5607 3708 5645 cum

2051 5680 2245 5738 facere
2260 5688 2873 5750 recusassent,omnes
2887 5681 3078 5752 capite
3095 5681 3432 5737 obtruncati
3445 5681 3708 5748 fuerunt,

3344 5795 3421 5857 13
