4134 6302
436 319 553 379 395
1716 315 2148 379 MENOLOGII
2193 316 2401 377 PARS
2445 317 2522 378 II.
3729 323 3851 388 396

437 454 505 508 Et
536 457 812 507 certamen
843 453 1021 506 sancti
1058 455 1322 522 martyris
1369 452 1665 522 Eupsychii
1717 450 2036 510 Caesariensi

2148 446 2294 516 ,Καὶ
2327 447 2560 519 ἄθλησις
2615 451 2712 503 τοῦ
2768 445 2961 578 ἁγίῖίυΩιι
2968 447 3255 578 5:13:90:
3311 449 3594 530 Εύψυχίον
3656 459 3753 512 τοῦ
3789 457 3844 514 έν

2911 542 3174 598 αισαρειᾳ.

504 613 871 684 Eupsychius
903 614 1116 668 Christi
1169 620 1413 686 martyr,
1464 615 1794 686 imperante
1850 614 2036 670 Julian

2261 608 2544 683 Εύψύχιος
2599 611 2627 664 6
2683 613 2780 665 τοῦ
2838 614 3084 684 Χριστοῦ
3151 613 3377 687 μάρτυς,
3445 615 3694 692 ὑπῆρχεν
3752 616 3842 674 ἐπὶ

436 710 725 774 apostata,
759 704 870 760 fuit
900 722 969 759 ex
997 705 1236 778 regione
1268 707 1668 777 Cappadociae.
1715 707 2036 778 Inculpatal

2191 703 2465 779 βασιλείας
2509 709 2606 760 τοῦ
2663 699 2981 780 παραϐάτου
3034 704 3340 764 ἰουλιανοῦ
3387 709 3493 764 ἀπὸ
3523 717 3621 779 τῆς
3652 713 3842 787 χώρας

430 798 630 847 autem
654 795 1187 866 vitam,simplicem
1199 812 1312 866 que
1334 797 1540 867 agendi
1557 796 1843 851 rationem
1856 811 2036 850 assecl

2185 797 2296 848 τῶν
2338 792 2733 851 Καππαδοκῶν.
2793 794 3193 865 Ἀνεπίληπτον
3225 793 3280 854 δὲ
3311 798 3454 872 βίον,
3488 799 3578 853 καὶ
3607 801 3837 876 γνώμην

429 883 1042 945 tus,maximo¢.hristi
1077 885 1372 940 desiderio
1419 892 1478 941 et
1524 903 1725 941 amore
1773 884 2034 958 ﬂagraba

2184 884 2520 955 κεκτημένος
2553 881 2783 954 ἁπλοῦν,
2842 886 2963 958 εἶχε
3017 884 3107 939 καὶ
3161 885 3328 950 πόθον
3385 885 3560 943 πολὺν
3603 889 3680 953 είς
3706 891 3837 964 Χρι-

426 973 574 1026 Cum
605 979 801 1027 autem
835 973 1080 1028 vidisset
1137 974 1434 1030 idolorum
1483 977 1743 1031 cultores
1793 974 2036 1045 templul

2186 972 2330 1030 στόν,
2363 972 2536 1040 Ὁρῶν
2573 970 2629 1026 δὲ
2674 971 2800 1033 τοὺς
2850 969 3258 1048 εἰδωλολάτρας
3312 974 3724 1050 ἀπερχομένους
3757 977 3838 1042 εἰς

423 1060 694 1118 Fortunae
719 1081 952 1120 sacrum
979 1065 1288 1132 adeuntes,
1321 1073 1381 1121 et
1406 1067 1628 1122 ibidem
1650 1067 2076 1143 sacriﬁcantes,

423 1151 485 1204 in
518 1169 696 1222 quam
729 1154 977 1209 credens
1005 1161 1276 1226 apostata
1304 1156 1594 1222 Julianus,
1626 1157 1896 1211 victimas
1927 1169 2077 1225 quo-

424 1240 566 1296 tidie
598 1243 810 1298 oﬂ'erre
841 1250 1269 1300 consueverat:
1328 1246 1450 1301 zelo
1511 1246 1707 1301 divino
1765 1260 2073 1313 accensus,

421 1330 568 1386 alias
596 1348 798 1386 secum
831 1334 1420 1402 Christianos,socios
1442 1333 2073 1404 assumens,templum

419 1420 890 1477 afundamentis
937 1424 1242 1491 subvertit,
1295 1430 1352 1480 ct
1399 1425 1578 1493 idola,
1636 1442 1767 1496 qua:
1825 1424 1884 1478 in
1943 1423 2071 1494 ipso

419 1515 608 1573 erant,
629 1511 924 1565 contrivit.
945 1513 1088 1567 Cum
1111 1520 1307 1568 autem
1333 1515 1458 1570 haec
1483 1515 1750 1569 scivisset
1776 1513 2068 1577 Julianus,

418 1599 1018 1664 vehementeriratus,
1044 1602 1178 1657 illos
1207 1601 2066 1675 omnescomprehendijussit:

421 1695 481 1743 et
509 1689 658 1744 alios
689 1691 930 1761 quidem
963 1709 1031 1746 ex
1063 1693 1209 1763 ipsis
1239 1694 1482 1748 fortuna:
1515 1693 1688 1748 bonis
1719 1692 1978 1757 orbatos,
2011 1694 2070 1745 et

2180 1061 2272 1115 τὸν
2300 1061 2422 1116 ναὸν
2470 1067 2569 1130 τῆς
2616 1059 2922 1136 λεγομένης
2974 1062 3187 1135 Τύχης,
3225 1062 3315 1118 καὶ
3372 1063 3616 1135 θύοντας,
3662 1066 3737 1128 εἷς
3765 1067 3832 1136 ἣν

2180 1149 2446 1205 πιστεύων
2508 1151 2536 1205 6
2590 1146 2908 1224 παραϐάτης
2964 1151 3282 1220 Ἰουλιανὸς,
3341 1154 3526 1216 θυσίας
3556 1156 3676 1220 καθ’
3708 1155 3835 1211 ἐκά-

2179 1257 2311 1308 στην
2359 1237 2706 1314 προσέφερεν,
2755 1237 2907 1310 ζήλῳ
2955 1240 3081 1312 θείῳ
3127 1242 3388 1310 κινηθεὶς,
3431 1243 3520 1296 καὶ
3564 1245 3831 1318 Χρίστια-

2177 1331 2283 1380 νῶν
2366 1347 2529 1381 τινων
2613 1323 3088 1403 προσλαϐόμενος,
3168 1328 3418 1384 ἀπελθὼν
3473 1333 3828 1408 κατέστρεψεν

2177 1414 2335 1470 αὐτὸν
2371 1414 2430 1470 ἐκ
2463 1417 2702 1492 βαθρῶν,
2732 1418 2820 1471 καὶ
2849 1419 2915 1472 τὰ
2964 1417 3014 1472 έν
3066 1418 3213 1491 αύτῳ
3257 1421 3564 1496 συνέτριψεν
3598 1419 3825 1482 εἴδωλα.

2176 1505 2372 1559 Μαθὼν
2408 1503 2465 1560 δὲ
2496 1510 2664 1561 ταῦτα
2712 1508 2740 1560 6
2789 1503 3110 1582 παραϐάτης
3167 1506 3406 1582 ὠργίσθη
3459 1509 3686 1587 σφόδρα,
3734 1512 3827 1567 καὶ

2173 1593 2497 1657 ἀποστείλας
2551 1595 2841 1671 ἐκράτησεν
2912 1596 3166 1658 ἅπαντας·
3245 1598 3335 1652 καὶ
3386 1597 3513 1661 τοὺς
3572 1601 3666 1672 μὲν
3725 1599 3828 1656 ἄλ-

2173 1682 2304 1746 λους
2351 1689 2456 1738 τῶν
2515 1682 2668 1739 ἰδίων
2717 1687 3002 1760 στερήσεις,
3051 1687 3317 1741 κακώσεσι
3367 1687 3650 1751 ποικίλαις
3691 1691 3824 1745 ὑπο-

412 1778 587 1832 variis
605 1779 1228 1836 mrumnisafﬂictosin
1251 1783 1522 1837 exsilium
1544 1782 2036 1852 ejecit;martyren

2169 1767 2377 1843 ϐαλὼν,
2413 1773 2654 1848 ἐξώρισε·
2709 1775 2801 1830 τὸν
2863 1773 2919 1830 δὲ
2979 1776 3224 1852 μάρτυρα
3273 1777 3581 1854 Εύψύχιον,
3628 1780 3702 1842 ὼς
3735 1780 3822 1835 αθέ-

412 1883 547 1922 vero
602 1868 1029 1939 Eupsycbium,
1092 1877 1292 1943 utpote
1379 1872 1700 1944 perpetrati
1785 1869 2064 1924 facinoris

414 1962 738 2028 auctorem,
772 1961 963 2032 primo
996 1962 1236 2033 quidem
1269 1962 1329 2016 in
1361 1978 1660 2017 carcerem
1691 1961 1799 2017 50
1830 1957 2063 2013 detrudi

405 2045 627 2116 jussit;
656 2055 862 2120 postea
887 2068 1021 2106 vero
1053 2068 1082 2106 e
1114 2067 1349 2106 carcere
1381 2050 1684 2112 eductum,
1716 2046 2062 2118 multiplici-

412 2133 524 2190 bus
573 2139 884 2194 tormentis
933 2140 1206 2194 cruciari.
1267 2140 1512 2194 Demum
1576 2154 1709 2193 cum
1763 2136 2062 2191 Christum

414 2239 630 2297 negare
653 2226 858 2298 jussus
889 2229 1234 2300 respuisset,
1266 2229 1454 2300 capite
1488 2231 1793 2282 truncatus
1823 2224 1953 2281 fuit.

970 2339 1208 2394 EODEM
1249 2338 1499 2392 MENSE.

1048 2428 1152 2482 Die
1184 2427 1415 2482 decima

411 2529 696 2586 Certamen
724 2539 1042 2588 sanctorum
1071 2536 1446 2604 quadraginta
1469 2539 1808 2604 martyrum,
1863 2533 2059 2585 Tereu-

831 2605 921 2671 tii,
954 2607 1238 2675 Africani,
1277 2613 1328 2660 et
1357 2605 1616 2660 aliorum.

469 2746 778 2801 Terentius
815 2747 1031 2802 Christi
1059 2753 1284 2820 martyr
1314 2764 1447 2802 cum
1479 2746 1603 2802 suis
1636 2745 1834 2811 sociis,
1867 2745 2058 2815 impe-

401 2840 569 2888 rante
604 2835 799 2904 Decio,
835 2854 907 2892 ex
957 2836 1151 2893 Africa
1196 2837 1324 2892 fuit.
1377 2836 1798 2891 Persecutione
1855 2838 2055 2889 autem

402 2923 674 2984 excitata.
710 2941 844 2981 cum
871 2928 1189 2982 Christiani
1241 2927 1676 2986 occiderentur.
1730 2923 1902 2979 multi
1953 2920 2054 2993 qui

401 3021 599 3090 fugam
620 3027 793 3077 antea
823 3037 941 3091 prae
975 3019 1186 3072 timore
1210 3013 2051 3088 arripuerant,comprehensi,

387 3108 542 3180 jussi
577 3116 716 3164 sunt
737 3109 1068 3163 sacrificare
1093 3106 1268 3161 idolis
1293 3121 1577 3176 :cumque
1597 3120 1718 3158 non
1745 3103 2052 3172 obtempe-

2171 1883 2285 1917 τιον
2333 1863 2625 1938 γενόμενον
2674 1869 2771 1918 τοῦ
2818 1865 3076 1920 τοιούτου
3122 1863 3419 1940 δράματος,
3470 1873 3685 1940 πρῶτον
3721 1871 3816 1942 μὲν

2168 1952 2486 2008 ἀπέκλεισεν
2538 1953 2613 2015 εἷς
2667 1953 2939 2032 φυλακήν·
2988 1949 3173 2010 ἔπειτα
3214 1963 3314 2025 τῆς
3363 1956 3612 2034 φυλακῆς
3656 1955 3815 2014 ἐκϐα-

2171 2042 2306 2108 λὼν,
2337 2043 2425 2097 καὶ
2469 2040 2655 2098 πολλά
2702 2043 3012 2120 βασανίσας,
3070 2045 3158 2100 καὶ
3211 2047 3614 2123 καταναγκάσας
3645 2049 3815 2124 ἀρνή-

2168 2133 2356 2186 σασθαι
2406 2131 2499 2187 τὸν
2554 2133 2806 2208 Χριστὸν,
2856 2135 2947 2188 καί
3013 2135 3089 2207 μὴ
3144 2135 3356 2202 πείσας,
3412 2136 3810 2216 ἀπεκεφάλισεν

2721 2314 2906 2370 ΜΠΝῙ
2943 2319 3026 2369 ΤΩ
3063 2317 3266 2373 ΑΥΤΩ.

2973 2404 3008 2461 1.

2163 2526 2436 2598 ’Ἄθλησις
2461 2532 2570 2608 τῶν
2621 2529 2788 2608 ᾁγίων
2839 2530 3238 2608 τεσσαράκοντα
3289 2530 3594 2608 μαρτύρων,
3629 2535 3821 2608 Τερεν-

2461 2552 2570 2582 των
2621 2552 2788 2602 αγιων
2839 2552 3238 2601 τεσσαρακοντα
3331 2552 3537 2605 αρτυρω

2449 2600 2593 2667 τίου,
2628 2601 2981 2676 Ἀφρικανοῦ,
3013 2603 3103 2656 καὶ
3153 2606 3260 2657 τῶν
3289 2552 3537 2660 λοιπῶν.

2231 2742 2532 2818 Τερέντίου,
2593 2743 2621 2797 6
2673 2739 2770 2796 τοῦ
2828 2747 3066 2816 Χριστοῦ
3131 2744 3337 2817 μάρτυς
3391 2744 3523 2817 μετᾶ
3557 2744 3661 2812 τῆς
3693 2767 3823 2800 συν-

2163 2828 2312 2893 οδίας
2363 2831 2554 2904 αὐτοῦ,
2605 2832 2850 2908 ὑπῆρχεν
2901 2829 2989 2886 έπί
3040 2839 3141 2902 τῆς
3192 2831 3470 2908 βασιλείας
3518 2834 3727 2904 Δεκίου,
3761 2834 3822 2891 ἐκ

2158 2926 2258 2989 τῆς
2305 2920 2492 2995 χώρας
2544 2921 2832 2997 ’Δφρικῆς·
2911 2919 3164 2996 διωγμοῦ
3214 2919 3271 2976 δέ
3339 2924 3675 2994 κινηθέντος,
3724 2924 3816 2979 καὶ

2157 3012 2267 3063 τῶν
2327 3014 2662 3085 Χριστιανῶν
2749 3012 3128 3086 φονευομένων
3193 3009 3397 3066 πολλοὶ
3459 3007 3809 3088 φοϐηθέντες,

2156 3096 2246 3150 καὶ
2351 3098 2766 3171 ἀναγκασθέντες
2849 3100 3023 3168 θῦσαι,
3102 3101 3194 3154 καὶ
3301 3101 3378 3171 μὴ
3487 3101 3808 3170 πεισθέντες,

393 3203 616 3259 rarent,
643 3199 702 3252 in
727 3196 1222 3266 carcerem.jussu
1243 3193 1512 3266 praasidis
1532 3192 1760 3257 Africae,
1790 3189 2036 3260 conjecti

2155 3186 2585 3256 ἀπεκλείσθησαν
2667 3186 2744 3248 εἰς
2828 3187 3076 3265 φυλακήν
3147 3191 3296 3264 παρὰ
3360 3193 3457 3245 τοῦ
3542 3192 3806 3267 ἡγεμόνος

391 3283 651 3341 fuerunt.
687 3285 908 3339 Deinde
939 3301 968 3337 e
1001 3299 1234 3338 carcere
1266 3282 1480 3345 educti,
1518 3281 1712 3336 denuo
1746 3279 2041 3334 Christum

391 3373 666 3428 deserere
696 3373 985 3444 compulsi
1011 3377 1167 3440 sunt,
1189 3371 1577 3442 pluribusque
1602 3368 1916 3424 tormentis
1943 3383 2040 3422 ex-

391 3463 924 3518 cruciati.Primum
950 3463 1110 3517 enim
1133 3462 1266 3517 caesi
1285 3459 2039 3530 sunt.quousqueipsorum

383 3552 611 3609 viscera
659 3555 1164 3626 conspicerentur.
1221 3554 1432 3607 Postea
1462 3549 1660 3621 ignitis
1701 3547 1928 3603 subulis
1976 3548 2038 3601 in

386 3640 606 3697 lumbis
631 3643 1069 3714 perforati,etin
1085 3658 1285 3697 eorum
1299 3640 1543 3694 vulnera
1554 3642 1785 3693 acetum
1801 3652 1934 3691 cum
1950 3651 2036 3690 sa-

382 3728 438 3784 le
471 3731 766 3788 infusum.
802 3734 1091 3797 Quoniam
1117 3748 1252 3787 vero
1284 3729 1558 3802 precibus
1589 3728 1662 3783 ad
1686 3729 1865 3782 “eum
1887 3725 2034 3780 fusis

381 3818 561 3886 idola,
621 3838 754 3877 aras
815 3828 872 3877 et
921 3822 1141 3892 templa
1225 3819 1682 3884 subverterunt;
1743 3833 1845 3872 sex
1901 3816 2031 3885 qui-

384 3907 522 3964 dem
555 3916 613 3964 et
644 3913 884 3983 triginta
915 3929 986 3966 ex
1016 3912 1138 3966 illis
1167 3910 1358 3981 capite
1389 3908 1643 3964 truncati
1675 3912 1846 3974 sunt;
1890 3905 2029 3960 reli-

378 3997 479 4067 qui
519 4015 655 4053 vero
716 4006 992 4069 quatuor,
1052 3999 1328 4054 manibus
1384 3997 1753 4070 pedibusque
1809 3994 2026 4066 ligatis,

376 4086 630 4156 conjecti
664 4093 804 4142 sunt
833 4087 894 4141 in
927 4104 1249 4155 carcerem,
1283 4103 1352 4142 ex
1385 4103 1500 4157 quo
1552 4091 1758 4157 postea
1806 4083 2024 4150 educti,

375 4173 555 4229 etiam
590 4175 704 4246 ipsi
735 4175 1011 4232 decollati
1042 4176 1300 4231 fuerunt.

668 4302 732 4354 Et
762 4302 1027 4356 memoria
1056 4301 1233 4356 sancti
1256 4299 1432 4369 Agabi
1460 4297 1716 4368 apostoli.

438 4424 675 4496 Agabus
706 4424 919 4480 Christi
954 4425 1255 4496 apostolus
1293 4423 1498 4478 multis
1546 4421 1788 4493 quidem
1843 4418 2016 4474 coale-

2155 3275 2444 3352 Ἀφρικῆς.
2479 3278 2609 3332 Εἶτα
2637 3283 2736 3346 τῆς
2783 3277 3031 3354 φυλακῆς
3083 3277 3409 3348 ἐξελθόντες,
3450 3279 3616 3335 πάλιν
3643 3282 3810 3356 ἠναγ-

2151 3362 2376 3432 κάζοντο
2430 3365 2758 3439 ἀρνήσασθαι
2833 3367 2925 3420 τὸν
3005 3367 3261 3440 Χριστὸν,
3344 3369 3598 3442 βασάνοις
3658 3371 3806 3426 πολ-

2152 3454 2276 3518 λαῖς
2334 3453 2726 3528 ἐξεταζόμενοι.
2788 3456 3056 3532 Πρότερον
3119 3459 3225 3533 γὰρ
3297 3458 3623 3535 ἐτύφθησαν,
3695 3457 3804 3524 ἕως

2147 3541 2416 3617 ἐφάνησαν
2500 3546 2568 3600 τὰ
2649 3545 2943 3620 σπλάγχνα
3020 3545 3212 3601 αὐτῶν·
3293 3544 3477 3603 ἔπειτα
3517 3543 3805 3613 σουϐλίοις

2147 3635 2442 3708 πυριυθεῖσι
2475 3635 2543 3688 τὰ
2598 3634 2706 3707 ψύα
2763 3632 3196 3710 διετρυπήθησαν
3254 3637 3343 3690 καὶ
3387 3634 3505 3707 ὅξος
3539 3643 3628 3692 καί
3662 3637 3799 3701 ἅλας

2147 3721 2511 3796 ἐπεγύθησαν.
2573 3723 2721 3780 Ἐπεὶ
2779 3720 2837 3778 δὲ
2883 3724 3328 3798 προσευξάμενοι,
3361 3726 3427 3781 τὰ
3468 3726 3647 3800 ξόανα,
3706 3727 3797 3782 καὶ

2142 3810 2268 3872 τοὺς
2301 3812 2546 3887 βωμοὺς,
2605 3814 2694 3867 καὶ
2749 3812 2878 3874 τοὺς
2933 3813 3095 3876 ναοὺς
3147 3815 3528 3891 κατέστρεψαν,
3585 3819 3637 3872 οἱ
3699 3818 3793 3890 μὲν

2139 3902 2432 3975 τριάκοντα
2485 3900 2540 3972 ἓξ
2594 3903 2732 3981 ξίφει
2801 3902 2896 3964 τὰς
2972 3901 3213 3980 κεφαλὰς
3267 3904 3678 3978 ἀπετμήθησαν,
3741 3908 3792 3962 οἱ

2139 3987 2196 4044 δὲ
2224 3990 2497 4062 τέσσαρες,
2557 3995 2747 4066 χεῖρας
2806 3989 2895 4045 καί
2951 3989 3122 4054 πόδας
3178 3989 3436 4063 δεθέντες,
3484 3989 3794 4066 ἐνεϐλήθη-

2137 4099 2230 4132 σαν
2283 4079 2358 4141 εἰς
2439 4076 2711 4155 φυλακήν,
2793 4078 2882 4133 καὶ
2973 4081 3104 4152 μετὰ
3159 4084 3323 4135 τοῦτα
3376 4080 3491 4147 τῆς
3539 4091 3791 4160 φυλακῆς

2134 4165 2458 4240 ἐξελθόντες,
2492 4165 2995 4244 ἃπεκεφαλίσθησαν
3027 4168 3115 4223 καὶ
3147 4168 3322 4226 αὐτοί.

2309 4295 2412 4351 Καὶ
2451 4295 2644 4368 μνήμη
2675 4297 2770 4349 τοῦ
2803 4294 2954 4369 ἁγίου
2995 4294 3306 4352 ἀποστόλου
3339 4292 3604 4373 Ἀγάϐου.

2201 4416 2446 4494 Ἄγαϐος
2503 4421 2530 4474 ὁ
2585 4425 2681 4474 τοῦ
2740 4422 2974 4493 Χριστοῦ
3029 4421 3356 4490 ἀπόστολος,
3415 4423 3642 4480 πολλῶν
3690 4426 3782 4479 καὶ

365 4513 552 4568 stibus
584 4515 932 4570 muneribus
963 4515 1035 4569 ob
1068 4514 1254 4585 ipsius
1278 4514 1552 4567 virtutem
1585 4529 1650 4565 ac
1681 4511 1960 4565 meritum
1984 4525 2018 4563 a

2148 4509 2315 4566 ίλλων
2368 4509 2584 4584 ἀγαθῶν
2644 4506 2733 4563 διὰ
2787 4511 2885 4578 τήν
2946 4511 3113 4565 αὐτοῦ
3181 4513 3375 4586 ἀρετὴν
3436 4515 3580 4584 παρά
3636 4518 3772 4568 Θεοῦ

362 4605 480 4656 Deo
511 4603 729 4659 ditatus
760 4605 870 4658 fuit
898 4621 911 4670 ;
947 4603 1050 4658 sed
1083 4603 1377 4674 przecipue
1413 4601 1738 4674 prophetici
1770 4598 2016 4670 spiritus

361 4690 584 4745 donum
615 4693 892 4748 obtinuit.
937 4693 1252 4764 Cingulum
1299 4693 1458 4748 enim
1514 4692 1707 4763 magni
1761 4677 2016 4762 apostoli

357 4777 525 4834 Pauli
558 4781 877 4852 accipiens,
905 4782 1127 4853 illoque
1156 4782 1265 4837 sibi
1291 4798 1502 4836 manus
1525 4787 1583 4834 et
1609 4780 1787 4851 pedes
1811 4780 2008 4835 devin-

358 4867 544 4928 ciens.
580 4870 870 4939 praedixit,
906 4871 1106 4925 dicent
1138 4888 1150 4925 :
1186 4873 1318 4926 Hinc
1372 4871 1515 4925 dicit
1571 4869 1821 4939 Spiritus
1872 4886 2011 4923 san-

354 4962 523 5010 ctus:
562 4958 762 5012 Virum
794 4959 986 5026 illum,
1033 4960 1202 5029 cujus
1258 4966 1346 5013 est
1392 4961 1500 5014 hoc
1551 4959 1875 5029 cingulum,
1927 4958 2008 5012 ita

351 5043 623 5116 ligabunt
649 5047 833 5102 Judaei
869 5048 1314 5116 Hierosolymis,
1340 5065 1592 5119 eumque
1626 5048 1876 5120 ﬂagellis
1901 5065 2006 5101 cae-

351 5132 511 5188 dent.
550 5141 738 5204 Atque
769 5136 871 5198 ita,
904 5141 969 5189 ut
999 5136 1374 5206 praadixerat.
1421 5138 1631 5190 evenit.
1667 5141 1808 5191 Cum
1841 5137 2000 5191 enim

349 5228 588 5278 sanctus
621 5224 837 5278 Paulus
879 5224 1285 5296 Hierosolyma
1337 5223 1599 5287 abiisset,
1652 5242 1771 5279 non
1823 5225 1998 5280 modo

345 5311 542 5384 ipsum
573 5313 759 5367 Judaai
793 5313 854 5367 in
889 5313 1121 5367 vincula
1147 5314 1556 5384 conjecerunt,
1609 5314 1710 5367 sed
1760 5320 1818 5368 et
1861 5331 1997 5368 eum

341 5401 611 5456 occidere
635 5402 832 5457 conati
866 5407 1022 5456 sunt.
1059 5403 1126 5456 Et
1154 5401 1281 5455 haec
1312 5402 1553 5472 quidem
1576 5402 1831 5471 primum
1855 5403 1996 5456 vati-

338 5493 570 5550 cinatus
603 5500 710 5552 est.
745 5497 955 5550 Postea
1002 5511 1137 5549 vero
1193 5501 1251 5548 et
1299 5494 1417 5548 alia
1465 5493 1650 5548 multa
1699 5494 1990 5564 praedixit.

335 5583 483 5641 Cum
511 5601 646 5640 vero
677 5591 906 5657 partem
937 5583 1096 5639 orbis
1131 5589 1444 5650 terrarum,
1481 5601 1610 5655 quae
1629 5583 1741 5656 ipsi
1773 5582 1990 5656 obtige-

335 5679 448 5745 rat,
480 5675 577 5732 Μ
615 5674 884 5732 doctrina
913 5680 972 5731 et
1001 5674 1333 5732 innumeris
1360 5673 1665 5731 miraculis
1697 5672 1991 5730 illustras-

2125 4599 2392 4670 ἀξιωθεὶς,
2425 4596 2660 4668 ἐδέξατο.
2694 4599 2782 4653 καὶ
2841 4602 3181 4673 προφητικὸν
3238 4605 3503 4676 χάρισμα.
3539 4601 3636 4655 Καὶ
3671 4602 3773 4679 γὰρ

2124 4689 2224 4756 τήν
2255 4691 2425 4758 ζώνην
2476 4691 2573 4743 τοῦ
2628 4686 2872 4762 μεγάλου
2931 4688 3242 4744 ἀποστόλου
3303 4688 3523 4745 Παύλου
3564 4686 3776 4764 λαϐὼν,

2119 4778 2210 4833 καὶ
2265 4779 2461 4833 έαυτοῦ
2517 4777 2611 4838 τὰς
2663 4782 2852 4852 χεῖρας
2911 4777 3002 4832 καὶ
3056 4778 3185 4844 τοὺς
3246 4777 3417 4841 πόδας
3477 4776 3776 4853 δεσμήσας,

2117 4869 2516 4945 προεφήτευσεν
2577 4866 2760 4920 εἰπών·
2822 4867 2904 4921 ὅτι
2966 4866 3122 4942 Λέγει
3156 4870 3216 4923 τὸ
3261 4873 3479 4942 Πνεῦμα
3525 4873 3622 4925 τοῦ
3670 4873 3774 4927 Ku-

2117 4956 2260 5032 ρίου·
2289 4957 2389 5010 Τὸν
2423 4952 2610 5029 ἄνδρα,
2655 4956 2715 5009 οὗ
2765 4954 2905 5010 ἐστιν
2955 4959 2989 5026 ἡ
3045 4957 3188 5027 ζώνη
3241 4958 3399 5030 αὕτη,
3435 4958 3607 5022 οὕτως
3662 4957 3773 5031 δή·-

2115 5067 2298 5102 σουσιν
2358 5044 2434 5107 εἷς
2491 5043 2855 5117 Ἰερουσαλήμ
2938 5047 2993 5100 οἱ
3082 5043 3359 5116 Ἰουδαῖοι,
3431 5047 3519 5103 καὶ
3577 5071 3776 5122 μαστι-

2109 5137 2398 5210 γώσουσιν.
2491 5133 2585 5188 Καὶ
2697 5135 3077 5211 προφητεύσας
3180 5137 3508 5207 ἠΛήθευσεψ
3599 5139 3772 5195 ἀπελ-

2111 5226 2271 5289 θόντα
2345 5223 2444 5298 γὰρ
2529 5221 2621 5277 τόν
2711 5223 2860 5297 ἅγιον
2950 5221 3163 5279 Παῦλον
3228 5225 3306 5290 εἰς
3381 5227 3771 5302 Ἰερουσαλὴμ,

2109 5314 2170 5370 ού
2234 5314 2395 5387 μόνον
2453 5309 2754 5386 ἐδέσμησαν
2815 5314 2866 5367 οἱ
2925 5311 3204 5383 Ἱουδαίοι,
3265 5313 3413 5370 ἀλλὰ
3453 5316 3543 5372 καὶ
3577 5321 3768 5394 φονεῦ-

2106 5424 2192 5457 σαι
2225 5402 2603 5477 ἐπεχείρησαν.
2665 5402 2768 5457 Καὶ
2825 5407 2995 5457 ταῦτα
3050 5403 3146 5474 μὲν
3205 5403 3488 5478 πρότερον·
3544 5404 3769 5481 ὕστερον

2104 5489 2160 5548 δὲ
2189 5493 2277 5546 καὶ
2309 5490 2452 5546 ἄλλα
2483 5489 2713 5545 πλεῖστα
2743 5490 3145 5569 προφητεύσας,
3176 5494 3268 5549 καὶ
3308 5494 3369 5548 τὸ
3402 5491 3575 5569 λαχὸν
3605 5495 3757 5563 αύτῷ

2104 5583 2268 5658 μέρος
2297 5588 2396 5652 τῆς
2427 5579 2757 5654 οἰκουμένης
2804 5587 2872 5656 τῇ
2924 5580 3251 5656 διδασκαλίᾳ
3297 5583 3483 5656 αὐτοῦ,
3514 5583 3604 5640 καὶ
3633 5588 3761 5648 ταῖς

2099 5671 2345 5746 ἀπείροις
2405 5671 2863 5748 θαυματουργίαις
2919 5671 3186 5752 φωσίσας,
3215 5674 3307 5729 καὶ
3353 5673 3430 5736 είς
3460 5671 3758 5750 έπίγνωσιν
