4134 6302
171 4049 174 4051 λ
272 3996 384 4066 οὗν,
421 3998 710 4072 ἀπήρχετο
739 3997 874 4071 πρὸς
907 3996 1254 4070 Καισάρειαν,
1315 3995 1404 4049 καὶ
1458 3991 1594 4048 κατᾶ
1639 3994 1739 4061 τὴν
1792 3987 1917 4045 ὁδὸν

301 419 407 482 391
1856 409 2192 474 APRILIS.
3596 412 3720 474 398

301 558 392 610 τοῦ
433 552 568 608 Θεοῦ
623 553 692 608 τὸ
751 549 1171 615 καταπιστευθὶν
1214 547 1361 620 αὑτῷ
1408 546 1664 622 ποίμνιον
1711 545 1921 621 ἀγαγὼν

2026 551 2183 616 Lset,
2241 550 2420 618 atque
2475 545 2550 602 ad
2608 545 2709 601 Dei
2770 544 3174 618 cognitionem
3257 543 3552 602 creditum
3609 530 3724 603 sil)1

303 644 390 698 καὶ
441 647 552 697 τῶν
615 640 872 697 εἰδώλων
929 641 1030 709 τήν
1090 639 1377 712 θρησκείαν
1455 631 1780 693 καταϐαλὼν
1864 655 1921 689 κε

2065 651 2299 708 gregem
2335 635 2732 708 perduxisset,
2764 635 3062 692 idolorum
3111 635 3277 693 cultu
3325 635 3606 692 subverso
3653 649 3726 694 ac

307 731 636 806 κιταλύσας,
671 730 725 786 ἐν
760 730 950 807 εἰρήνῃ
980 727 1294 798 ἐτελειώθη.

2065 725 2401 793 deturbato,
2434 725 2496 780 in
2533 741 2678 797 pace
2709 725 2984 781 decessit.

843 844 1027 903 MlINI
1067 845 1160 901 ΤΩ
1199 844 1406 902 ΑΥΤΩ.

2090 858 2093 862 '
2625 843 2866 898 EODEM
2905 842 3157 897 MENSE.

1080 932 1168 990 IA‘
2659 933 2762 988 Die
2793 933 3110 989 undecima

309 1035 571 1107 ’Λθλησις
626 1039 725 1090 τοῦ
812 1031 971 1114 ἁγίου
1051 1030 1446 1114 limati-prope;
1529 1029 1752 1086 ’Λντίπα
1835 1025 1921 1080 ἐπι

2063 1042 2347 1098 Certamen
2405 1044 2771 1114 sacrosancti,
2821 1042 3082 1110 martyris
3163 1041 3390 1111 Antipz
3471 1042 3718 1114 episcopi

839 1103 1044 1160 ἀκόπου
1079 1103 1398 1180 Περγάμων.

2748 1103 3023 1182 Pergami.

376 1248 631 1313 Ἀντίπας
669 1249 835 1304 ὁτῶν
887 1245 1162 1320 δαιμόνων
1221 1242 1541 1314 ἀντίπαλος,
1587 1244 1654 1312 ἦν
1705 1241 1790 1296 ἐπὶ
1840 1244 1919 1296 τῶ

2133 1257 2380 1328 Antipas
2406 1255 2745 1311 dmmonum
2765 1253 3500 1326 adversarius,imperante
3519 1255 3717 1312 Domi-

306 1341 522 1416 χρόνων
577 1334 915 1412 Δομετιανοῦ
972 1340 1069 1392 τοῦ
1121 1333 1391 1411 βασιλέως
1439 1332 1577 1389 κατᾶ
1618 1331 1712 1387 τὸν
1760 1330 1918 1405 καιρὸ

2059 1345 2619 1418 tiano,temporibus
2650 1351 2990 1402 sanctorum
3020 1343 3425 1417 apostolorum
3475 1345 3708 1403 claruit.

299 1433 406 1484 τῶν
435 1427 608 1503 ἁγίων
659 1424 1006 1496 ἀποστόλων,
1049 1426 1139 1480 ὅτε
1183 1425 1275 1478 καὶ
1307 1424 1334 1478 6
1371 1420 1640 1497 Θεολόγος
1689 1417 1914 1488 Ἰωάννη

2056 1436 2296 1507 quando
2330 1417 2393 1490 et
2438 1437 2694 1491 Joannes
2744 1434 3072 1507 Theologus
3130 1435 3192 1489 in
3249 1437 3454 1490 Patmo
3511 1435 3712 1494 insula

300 1517 586 1592 ἐξώρεστος
619 1515 866 1591 ὑπῆρχεν
895 1513 974 1576 εἷς
1018 1515 1238 1586 Πάτμον
1287 1513 1386 1580 τήν
1418 1516 1606 1596 νῆσον.
1654 1507 1921 1583 Ὑπάρχωι

2055 1523 2386 1580 exsulabat.
2426 1525 2571 1580 Cum
2597 1528 2796 1580 autem
2814 1524 3082 1596 Pergami
3105 1523 3418 1595 episcopus
3447 1529 3626 1596 esset,
3650 1529 3710 1582 et

299 1604 356 1662 δὲ
412 1605 710 1668 ἐπίσκοπος
767 1607 1078 1680 Περγάμου,
1111 1606 1248 1659 πάνυ
1293 1604 1468 1678 γέρων
1517 1595 1616 1671 ὥν,
1672 1599 1921 1671 ἐκρατήθῑ

2052 1612 2222 1669 valde
2254 1629 2456 1680 senex,
2489 1595 2956 1684 comprehensus
2986 1612 3101 1667 fuit
3127 1611 3200 1668 ab
3231 1611 3530 1669 idolorum
3574 1595 3706 1669 cul-

296 1695 439 1772 παρᾶ
465 1699 575 1750 τῶν
639 1692 1089 1770 εἷδωλολατρῶν,
1130 1696 1240 1747 τῶν
1299 1689 1570 1765 δαιμόνων
1619 1685 1915 1764 ἐμφανισάν

2055 1700 2529 1772 toribus,quibus
2550 1700 2854 1756 daemones
2875 1705 3296 1773 apparuerant,
3320 1716 3387 1758 ac
3407 1700 3704 1769 dixerant,

294 1806 399 1840 των
431 1785 647 1854 αὑτοῖς,
705 1784 797 1840 καὶ
857 1783 1142 1853 εἰπόντων,
1203 1783 1280 1854 μὴ
1322 1777 1572 1843 δύνασθαι
1626 1778 1719 1832 τὸν
1776 1775 1921 1831 τόποι

2051 1791 2247 1846 locum
2270 1790 2432 1846 dium
2457 1790 2780 1845 inhabitari
2803 1807 2922 1845 non
2943 1805 3119 1861 posse
3141 1795 3383 1862 propter
3400 1791 3700 1862 Antipam.

297 1874 463 1929 οῗκεῖν
498 1871 590 1928 διὰ
619 1874 710 1928 τὸν
746 1873 1025 1928 Ἀντίπαν.
1080 1872 1177 1925 Διὰ
1223 1874 1383 1925 τοῦτο
1434 1866 1624 1943 ἀχθεὶς
1673 1865 1808 1940 πρὸς
1851 1863 1921 1919 τὸε

305 1966 318 1978 ο
461 1965 474 1978 1
684 1964 697 1978 1
1099 1962 1122 1978 Λ
1160 1959 1173 1978 \
1275 1958 1289 1978 ,
1386 1959 1399 1978 1
1514 1968 1591 1978 Αργ
1655 1954 1743 1978 ΑΣ..
1804 1959 1899 1978 ν--

2050 1879 2275 1936 Idcirco
2298 1878 2589 1936 adductus
2611 1879 2685 1935 ad
2710 1879 3047 1951 praesidem,
3069 1879 3274 1950 jussus
3297 1882 3387 1934 est
3404 1873 3701 1935 Christum

295 1965 566 2039 ἡγεμόνα,
607 1964 700 2017 καὶ
757 1959 1209 2035 καταναγκασθεὶς
1265 1958 1597 2034 ἀρνήσασθαι
1652 1954 1744 2008 τὸν
1804 1959 1921 2028 Χρι-

2051 1985 2290 2042 negare,
2320 1975 2381 2025 et
2406 1969 2583 2025 idolis
2615 1969 2969 2024 sacriﬁcare.
3004 1969 3221 2022 Verum
3260 1985 3395 2024 cum
3440 1985 3562 2023 non
3605 1985 3697 2024 as-

295 2055 441 2122 στὸν,
474 2054 564 2108 καὶ
598 2054 752 2107 θῦσαι
782 2056 901 2114 τοῖς
933 2047 1209 2116 εἰδώλοις,
1237 2049 1326 2103 καὶ
1365 2049 1441 2121 μὴ
1496 2045 1753 2112 πεισθεὶς,
1800 2041 1921 2099 ἀλλι

2048 2041 2352 2128 sensisset,
2387 2061 2490 2116 sed
2521 2061 2718 2131 potius
2751 2059 3021 2130 exemplo
3048 2057 3332 2114 refutaret
3360 2058 3695 2116 Graecorum

297 2142 510 2216 μᾶλλον
535 2142 597 2196 ἐκ
641 2138 1078 2217 παραδείγματος
1135 2138 1354 2213 ἐλέγξας
1406 2137 1506 2205 τῆν
1565 2131 1778 2203 πλάνην
1833 2134 1921 2186 τῶε

2046 2165 2328 2218 errorem,
2361 2155 2620 2205 veterem
2647 2148 2889 2219 quidem
2919 2147 3092 2203 illum
3121 2162 3251 2202 esse
3308 2146 3534 2215 dicens,
3589 2149 3694 2205 sed

296 2229 565 2302 εἰδώλων,
601 2231 778 2307 φήσας
804 2228 1036 2305 ἀρχαίαν
1100 2227 1195 2302 μὶν
1238 2225 1404 2294 αὐτὴν
1456 2226 1615 2292 εἶναι,
1663 2222 1834 2291 κακήν

2045 2237 2270 2294 malum
2299 2255 2313 2306 ;
2345 2238 2590 2309 (praises
2620 2251 2879 2308 namque
2910 2235 2964 2291 ei
2995 2235 3315 2307 objecerat,
3357 2237 3693 2294 Graecorum

293 2322 400 2394 (καὶ
457 2320 561 2396 γὰρ
604 2320 633 2373 6
685 2319 907 2391 ἡγεμὼν
965 2321 1126 2372 τοῦτο
1183 2309 1542 2390 προεϐάλετο,
1600 2309 1696 2399 ὅτι.
1739 2307 1921 2384 ἄρχαίι

2043 2307 2393 2399 religionem
2419 2325 2727 2397 antiquam
2758 2340 2908 2390 esse,
2941 2323 3107 2379 illam
3145 2341 3280 2379 vero
3324 2324 3691 2384 Christiano.

297 2410 387 2481 μὲν
443 2405 651 2477 ἔστιν-η
684 2411 792 2462 τῶν
852 2405 1136 2476 Ἑλλήνων
1191 2403 1472 2479 θρησκεία,
1529 2400 1622 2456 νέα
1680 2398 1921 2469 δὲὴτῶε

2044 2398 2178 2472 rum
2211 2433 2421 2474 novam
2454 2433 2466 2471 :
2501 2421 2560 2470 et
2590 2420 2830 2472 sanctus
2858 2414 2946 2470 vir
2976 2414 3392 2486 responderat,
3441 2414 3690 2480 Cainum

291 2500 656 2573 Χριστιανῶν
716 2494 806 2550 καὶ
867 2495 895 2548 ὁ
955 2494 1131 2569 ἅγιος,
1192 2494 1273 2548 ὅτι
1335 2492 1464 2546 Κάϊν
1544 2488 1778 2577 παλαιὸς
1847 2485 1921 2559 μὲε

2044 2521 2280 2577 quoque
2311 2505 2622 2576 antiquum
2656 2521 2808 2569 esse,
2861 2503 2966 2559 sed
3013 2485 3212 2559 tamen
3260 2503 3628 2560 fratricidam
3653 2505 3696 2576 :)

289 2571 528 2660 γέγονεν,
590 2581 736 2639 ἀλλὰ
793 2583 982 2659 φονεὺς
1035 2586 1134 2638 τοῦ
1192 2578 1476 2659 ἀδελφοῦ),
1561 2571 1830 2646 ἐνεϐλήθη
1887 2572 1921 2630 ἐκ

2041 2571 2346 2666 conjectus
2373 2571 2488 2648 fuit
2544 2594 2605 2648 in
2663 2593 2870 2649 bovem
2928 2608 3162 2648 aeneum
3216 2591 3594 2660 candentem,
3639 2571 3699 2650 et

290 2675 476 2750 χαλκῷ
509 2671 602 2751 βοΐ
630 2671 957 2748 πυρωθὲντι,
982 2671 1075 2728 καὶ
1108 2669 1424 2744 ἐτελειώθῃ.

2041 2680 2267 2738 ibidem
2297 2681 2648 2753 martyrium
2681 2681 3140 2737 consummavit.

829 2791 1010 2846 MHNI
1049 2793 1138 2843 ΤΩ
1177 2792 1376 2846 ΔΥΤΩ.

2597 2789 2839 2844 EODEM
2879 2789 3021 2843 MEN
3027 2789 3129 2843 SE.

1066 2879 1140 2934 lB'
2623 2876 2726 2932 Die
2758 2877 3110 2933 duodecima

463 2978 732 3050 ’Δολησις
761 2980 861 3034 τοῦ
892 2978 1049 3054 ἁγίου
1089 2978 1361 3053 μάρτυρος
1383 2975 1752 3050 Ἀρτέμωνος.

2205 2977 2306 3034 52
2338 2975 2626 3034 Certamen
2653 2977 2829 3030 sancti
2855 2977 3120 3045 martyris
3160 2975 3503 3034 Artemonis.

359 3105 634 3181 ’Δρτὲμων
667 3102 820 3161 ὁτοῦ
865 3108 1102 3181 Χριστοῦ
1154 3103 1382 3178 μάρτυς,
1425 3102 1491 3171 ἦν
1544 3098 1632 3155 ἐπὶ
1673 3104 1775 3168 τῆς
1833 3097 1921 3171 βα·

2105 3096 2385 3147 Artemon
2411 3091 2624 3148 Christi
2649 3095 2892 3163 martyr,
2915 3091 3280 3148 Diocletiano
3297 3092 3676 3164 imperatore,

289 3179 494 3257 σιλείας
525 3179 947 3265 Διοκλητιανοῦ,
997 3186 1365 3268 πρεσϐύτερος
1426 3188 1686 3263 ὑπάρχων
1733 3192 1832 3254 τῆς
1873 3184 1921 3240 ἐν

2031 3180 2340 3254 presbyter
2385 3181 2496 3235 fuit
2543 3185 2761 3237 sanctae
2809 3179 3112 3236 Laodiceae
3160 3181 3446 3238 ecclesias.
3505 3185 3674 3239 Anno

281 3283 569 3357 Λαοδικείᾳ
622 3284 780 3358 ἁγίας
837 3281 1150 3353 ἐκκλησίας’
1218 3281 1325 3356 πρὸ
1381 3279 1498 3342 ἑνὸς
1558 3277 1616 3333 δὲ
1674 3278 1919 3332 ἐνιαυτοῦ

2035 3274 2233 3325 autem
2265 3275 2400 3325 ante
2432 3287 2605 3326 suum
2637 3270 2885 3337 obitum,
2919 3271 3254 3326 Graecorum
3307 3269 3512 3327 fanum
3556 3289 3678 3328 una

276 3381 375 3444 τῆς
430 3373 768 3435 τελειώσεως
829 3373 1016 3440 αὑτοῦ,
1076 3370 1334 3435 εἰσελθὼν
1395 3368 1446 3424 ἐν
1500 3371 1579 3438 τῷ
1641 3370 1757 3438 ναῷ
1809 3368 1920 3419 τῶν

2031 3375 2165 3414 cum
2179 3360 2453 3432 episcopo
2469 3377 2574 3414 suo
2589 3359 2847 3414 Sisinnio
2869 3359 3358 3432 ingressus,idola
3369 3359 3674 3418 subvertit.

275 3461 563 3534 Ἑλλήνων
599 3461 737 3536 μετᾶ
769 3460 1038 3517 Σισιννίου
1064 3464 1162 3516 τοῦ
1213 3454 1508 3514 ἐπισκόπου
1549 3455 1716 3512 αὑτοῦ
1765 3455 1921 3508 κατέ-

2027 3447 2293 3519 Cumque
2325 3448 2386 3505 id
2415 3449 2486 3504 ab
2519 3448 2847 3504 idololatris
2877 3465 3098 3520 praises
3118 3448 3377 3520 regionis
3407 3450 3676 3506 rescivis-

275 3556 465 3627 στρεψε
494 3553 564 3606 τὰ
594 3549 819 3610 εἰδωλα.
859 3550 959 3605 Καὶ
994 3551 1181 3623 μαθὼν
1211 3553 1375 3603 τοῦτο
1414 3546 1560 3621 παρὰ
1601 3548 1710 3599 τῶν
1760 3540 1921 3598 εἰδω-

2030 3545 2139 3608 set,
2172 3539 2318 3596 abiit
2372 3539 2446 3594 ad
2504 3539 2848 3610 episcopum
2907 3533 3558 3609 comprehendendum.
3610 3541 3679 3595 At

273 3626 561 3717 λολατρῶν
594 3641 623 3695 6
654 3647 754 3709 τῆς
786 3640 976 3716 χώρας
1010 3636 1222 3715 ἅρχων,
1255 3636 1471 3707 ἀπῆλθε
1513 3641 1778 3710 κρατῆσαι
1825 3631 1918 3688 τὸν

2027 3629 2235 3684 morbo
2266 3632 2592 3698 correptus,
2626 3628 2687 3681 in
2718 3642 2888 3698 grave
2937 3626 3068 3680 vita)
3117 3626 3439 3682 discrimen
3485 3627 3676 3683 addu-

271 3714 587 3797 ἐπίσκοπον,
616 3729 707 3784 καὶ
759 3714 994 3800 νοσήσας
1049 3714 1436 3783 ἐκινδύνευσεν.
1497 3724 1630 3782 Εἶτα
1686 3722 1921 3796 ἐμήνυσε

2027 3723 2156 3773 ctus
2183 3723 2292 3773 est.
2322 3715 2567 3792 Rogavit
2595 3715 2844 3788 proinde
2875 3714 3240 3786 episcopum,
3283 3721 3348 3770 ut
3393 3733 3499 3791 pro
3543 3717 3674 3788 ipso

274 3824 351 3890 τῷ
411 3818 696 3891 ἐπισκόπῳ
750 3816 997 3889 εὔξασθαι
1048 3817 1179 3891 ὑπὲρ
1237 3817 1428 3887 αὑτοῦ,
1504 3813 1594 3869 καὶ
1674 3813 1720 3867 εἰ
1771 3811 1917 3886 τύχῃ

2028 3821 2232 3878 preces
2265 3807 2522 3860 offerret.
2555 3804 2720 3868 Quod
2751 3804 2798 3859 si
2827 3804 3198 3875 contingeret
3225 3799 3420 3876 ipsum
3449 3806 3676 3862 incoluo

2037 3911 2193 3950 mem
2211 3893 2663 3963 reddi,aureum
2697 3891 3079 3947 simulacrum
3104 3909 3166 3948 se
3195 3893 3248 3947 ei
3280 3894 3675 3953 excitaturum

2031 3981 2370 4056 spopondit.
2403 3983 2585 4036 Porro
2643 3979 2957 4035 sanitatem
3015 3981 3286 4053 adeptus,
3346 3982 3672 4040 Cassaream

272 4086 442 4162 εὑρὼν
525 4087 832 4160 Ἀρτὲμονα
913 4080 1279 4160 πρεσϐύτερον
1361 4083 1650 4159 ἐκράτησεν
1732 4080 1915 4135 αὐτόν’

2026 4072 2212 4145 petiit.
2246 4072 2510 4141 Cumque
2533 4070 2594 4124 in
2615 4069 2828 4125 itinere
2848 4072 3225 4126 Artemonem
3257 4072 3671 4145 presbyterum

268 4176 355 4229 καὶ
388 4172 560 4245 δήσας
593 4171 771 4250 ἔσυρε,
798 4174 889 4229 καὶ
927 4172 1216 4249 ἀπαγαγὼν
1279 4171 1354 4234 εἰς
1401 4173 1499 4240 τήν
1545 4169 1730 4237 πόλιν,
1783 4168 1915 4224 ἀπέ-

2026 4160 2367 4228 invenisset,
2401 4176 2534 4215 eum
2567 4159 3038 4230 comprehendit,
3071 4165 3130 4215 et
3155 4159 3418 4218 vinctum
3468 4163 3667 4232 traxit,

267 4261 477 4318 κλεισεν
542 4260 622 4325 εἰς
679 4248 952 4342 φυλακήν.
1009 4248 1146 4318 Εἶτα
1226 4259 1520 4337 ἠνάγκασεν
1587 4260 1915 4336 ἀρνήσασθαι

2026 4249 2388 4319 adduxitque
2419 4248 2493 4303 ad
2516 4248 2840 4316 civitatem,
2861 4252 3038 4319 atque
3062 4249 3124 4303 in
3146 4265 3443 4306 carcerem
3467 4251 3671 4308 detruo

267 4353 355 4406 τὸν
385 4351 646 4426 Χριστόνυ
680 4351 770 4406 καὶ
807 4352 882 4423 μὴ
933 4350 1140 4422 πείσας,
1192 4348 1335 4422 μὲλη
1381 4349 1501 4403 τινὰ
1547 4348 1654 4402 τῶν
1705 4351 1914 4419 σαρκῶν

2026 4337 2120 4392 sit.
2152 4335 2374 4392 Deinde
2401 4340 2649 4390 conatus
2671 4341 2760 4389 est
2781 4335 2834 4390 ei
2864 4335 3245 4406 persuadere,
3278 4343 3345 4392 ut
3371 4338 3671 4394 Christum

272 4424 447 4495 mito?
465 4439 736 4512 ἐκτεμὼν,
789 4437 1038 4508 ὢπτησεν
1097 4436 1150 4493 ἐν
1209 4437 1434 4513 ἐσχάρᾳ.
1497 4436 1593 4490 Καὶ
1650 4436 1772 4490 τότε
1828 4433 1914 4489 ἐκ·

2026 4429 2361 4501 abnegaret.
2393 4426 2506 4481 Sed
2538 4441 2673 4480 cum
2701 4424 2774 4480 ad
2797 4425 2858 4479 id
2878 4425 3049 4480 illum
3072 4425 3355 4481 inducere
3380 4428 3673 4497 nequivis-

270 4534 486 4592 καέντος
549 4523 788 4599 λέϐητος
854 4525 943 4581 ἐπὶ
1009 4531 1088 4599 τῷ
1161 4521 1506 4600 ἐμϐληθῆναι
1584 4523 1767 4593 αὑτὸν,
1824 4521 1913 4578 καὶ

2026 4523 2131 4584 set,
2161 4514 2430 4572 membra
2456 4515 2683 4584 aliquot
2712 4529 2783 4567 ex
2840 4514 2968 4584 ejus
3017 4530 3260 4584 corpore
3303 4515 3582 4583 exsecuit,
3615 4519 3674 4569 et

267 4626 485 4690 καῆναι,
520 4621 658 4693 ῇραν
689 4619 832 4674 ἀετοὶ
869 4616 963 4673 δύο
993 4620 1083 4673 τὸν
1118 4615 1360 4693 ἄρχοντα
1414 4614 1502 4672 καὶ
1552 4610 1805 4671 ἐνέϐαλον
1838 4613 1913 4676 εἰς

2026 4607 2082 4660 in
2113 4603 2396 4659 craticula
2453 4601 2690 4656 assavit.
2746 4601 2957 4655 Postea
2998 4600 3358 4655 inflammari
3414 4600 3670 4657 lebetem

268 4686 612 4763 zﬁrvo'v'v6n6s
653 4709 804 4785 ἅγιος
863 4707 1056 4782 ὀλίγον
1115 4686 1386 4775 ἐπίϐιοὺς,
1447 4706 1497 4760 ἐν
1558 4704 1744 4781 εἰρήνῃ
1801 4703 1909 4758 ἐτε-

2026 4695 2219 4766 iussit,
2250 4693 2311 4747 in
2343 4706 2519 4761 quem
2549 4689 2651 4743 ille
2697 4689 3119 4744 immitteretur
3166 4705 3233 4744 ac
3284 4686 3668 4748 ustularetur.

2023 4786 2091 4837 At
2120 4781 2249 4836 duas
2284 4777 2500 4849 aquilae
2532 4777 2726 4847 ipsum
2757 4776 3076 4847 praesidem
3108 4783 3353 4850 repente
3391 4779 3672 4837 attollen-

2020 4877 2131 4938 tes,
2179 4871 2241 4923 in
2298 4865 2556 4921 lebetem
2616 4864 2970 4936 injecerunt.
3037 4866 3286 4923 Sanctus
3339 4884 3476 4923 vero
3533 4883 3668 4926 cum

2021 4966 2232 5024 parum
2265 4945 2705 5019 supervixisset,
2740 4946 2802 5001 in
2839 4962 2984 5018 pace
3012 4947 3289 5006 decessit.
3587 4973 3589 4976 ‹

276 3907 510 3982 ὑγιείας,
569 3913 783 3983 χρυσῆν
834 3905 1014 3963 εἰκόνα
1071 3907 1387 3975 ἀναστήσειν
1446 3904 1614 3976 αὐτῷ.
1672 3902 1921 3977 Ὑγιάνας

267 4794 495 4868 λειώθη.

813 5066 993 5122 MHNI
1034 5067 1122 5122 ΤΩ
1159 5065 1360 5122 ΑΥΤΩ.

2577 5051 2818 5106 EODEM
2857 5051 3112 5108 MENSE.

1049 5154 1129 5212 ll"
2553 5149 2656 5205 Die
2689 5149 2921 5205 decima
2952 5151 3128 5207 tertia

452 5251 726 5324 Ἅθλησις
755 5255 852 5307 τοῦ
883 5252 1040 5329 ἁγίου
1073 5253 1342 5329 μάρτυρος
1374 5251 1718 5321 Κρίσκεντος,

2289 5252 2572 5308 Certamen
2600 5255 2776 5308 sancti
2805 5253 3104 5311 Crescentis
3131 5255 3416 5328 martyris,

337 5366 578 5442 Κρίσκης
615 5371 643 5425 ὁ
672 5375 769 5425 τνῦ
808 5371 1042 5446 Χριστοῦ
1104 5370 1332 5444 μάρτυς,
1393 5369 1638 5443 ὑπῆρχεν
1698 5365 1760 5422 ἐκ
1806 5373 1909 5437 τῆς

2091 5371 2379 5427 Crescens
2407 5370 2625 5426 Christi
2655 5374 2880 5442 martyr
2919 5370 3033 5428 fuit
3079 5387 3149 5427 ex
3195 5373 3429 5430 civitate
3476 5375 3673 5446 Myrm,

266 5457 481 5524 πόλεως
511 5459 729 5536 Μύρων,
763 5454 1002 5529 εὐλαϐὴς
1054 5456 1126 5513 ὣν
1182 5458 1272 5514 καὶ
1327 5457 1577 5534 γηραιός.
1627 5458 1802 5533 Ὀρῶν
1852 5454 1910 5512 δὲ

2026 5461 2222 5518 minus
2252 5461 2493 5533 pietate,
2527 5477 2705 5532 quam
2748 5465 3053 5518 senectute
3107 5463 3484 5520 venerabilis.
3529 5464 3676 5519 Cum

263 5547 512 5613 πολλοὺς
569 5555 1010 5628 προσκυνοῦντας
1062 5550 1130 5606 τὰ
1184 5547 1409 5621 εἴδωλα,
1496 5546 1754 5612 εἰσελθὼν
1816 5545 1909 5620 μὲ-

2026 5556 2222 5606 autem
2253 5550 2477 5606 multos
2507 5549 2668 5604 idola
2697 5548 2963 5605 colentes
2996 5555 3286 5621 cerneret,
3316 5551 3381 5617 in
3408 5551 3674 5607 medium
3714 5615 3717 5617 _

263 5659 351 5694 σον
408 5640 587 5698 αὐτῶν
652 5640 893 5718 παρῄνει
976 5639 1183 5710 αὐτοῖς,
1273 5637 1576 5708 ἀποστῆναι
1654 5639 1750 5711 μὶν
1805 5643 1908 5708 τῆς

2026 5639 2262 5696 illorum
2292 5639 2590 5712 prosiluit,
2622 5637 2947 5694 adhortans
2973 5639 3130 5707 illos,
3159 5645 3227 5696 ut
3249 5656 3510 5696 errorem
3568 5639 3674 5696 de-

259 5730 493 5803 πλάνης,
527 5730 859 5810 προσελθεῖν
895 5726 953 5784 δὶ
979 5733 1059 5802 τῷ
1114 5733 1362 5806 Χριστῷ,
1411 5727 1502 5784 καὶ
1549 5729 1814 5798 σωθῆναι.
1847 5728 1910 5787 Ὀ

2026 5731 2405 5797 testarentur,
2441 5732 2498 5782 et
2527 5725 2602 5783 ad
2634 5725 2932 5784 Christum
2964 5725 3332 5794 accederent,
3388 5730 3564 5798 atque
3597 5726 3681 5784 ita
