4158 6310
410 401 529 464 399

1735 401 2163 465 MENOLOGII
2205 401 2413 466 PARS
2456 403 2532 467 ll.

3710 422 3833 483 400

411 521 666 609 propria:
694 534 872 593 saluti
934 536 1334 594 consulerent.
1386 538 1509 604 Quo
1564 536 1798 608 cognito
1848 555 2055 610 praeses

2186 532 2242 590 δὲ
2300 535 2527 611 ἡγεμὼν
2586 538 2774 612 μαθὼν
2823 544 3006 612 τοῦτο,
3092 538 3383 618 ἐκράτησεν
3468 545 3656 604 αὐτόν’
3740 552 3835 609 καὶ

416 626 589 682 illum
620 627 1068 699 comprehendi,
1115 633 1174 683 et
1228 645 1428 683 coram
1474 645 1535 684 se
1585 628 1798 684 adduci
1849 629 2069 701 jussit;

415 721 917 790 percontatusque
941 722 1031 772 est
1055 717 1127 772 ab
1153 734 1221 772 eo
1238 734 1444 789 genus,
1462 719 1739 791 patriam,
1772 724 1832 774 et
1851 734 2070 774 nomen

413 805 741 879 ipsius.ll|e
762 822 897 860 vero
920 806 1072 861 nihil
1094 806 1255 861 aliud
1279 807 1699 879 respondebat,
1732 808 1870 875 nisi,
1904 807 2069 862 Chri-

414 895 644 951 stianus
671 911 822 950 sum.
858 896 1083 949 Praases
1114 902 1313 951 autem
1345 896 1495 952 dixit
1524 914 1537 952 :
1572 899 1827 953 Externa
1858 897 2068 953 saltem

413 983 610 1055 specie
642 983 754 1037 diis
788 983 1054 1039 sacrifica
1077 1027 1090 1051 ,
1125 984 1301 1040 corde
1337 1003 1473 1041 vero
1526 992 1586 1042 et
1631 988 1832 1043 animo
1883 988 2067 1042 Deum

410 1078 580 1128 tuum
614 1073 816 1128 adora.
854 1072 1048 1128 Atille
1081 1073 1141 1128 id
1184 1090 1495 1146 respuens,
1548 1092 1880 1148 magnaque
1928 1091 2067 1131 voce

410 1161 707 1217 Christum
730 1162 1059 1230 confessus,
1094 1179 1161 1218 ac
1192 1163 1352 1220 idola
1383 1165 1664 1236 rejiciens
1713 1172 1772 1221 et
1801 1172 2065 1221 contem-

407 1266 580 1319 nens,
611 1250 868 1322 primum
931 1250 1173 1322 quidem
1222 1252 1284 1307 in
1332 1252 1494 1321 ligno
1554 1270 1900 1326 suspensus,
1964 1254 2066 1309 diu

405 1341 781 1412 multumque
813 1341 1075 1413 depexus
1116 1348 1226 1410 est,
1279 1348 1337 1397 et
1382 1342 1609 1399 facibus
1664 1345 1727 1399 in
1780 1343 2065 1399 lateribus

404 1430 723 1487 ustulatus.
760 1431 859 1487 53
918 1432 1141 1488 Deinde
1171 1431 1312 1488 vdro
1345 1449 1375 1488 e
1407 1433 1568 1506 ligno
1600 1434 1927 1506 depositus,
1959 1432 2063 1489 de-

408 1536 529 1577 nuo
578 1520 757 1576 idolis
815 1522 1151 1577 sacrificare
1210 1522 1648 1593 impellebatur.
1707 1523 1871 1589 Quod
1930 1540 2064 1579 cum

409 1610 602 1666 facere
634 1609 1043 1678 detrectasset,
1075 1612 1135 1665 in
1193 1611 1499 1685 ingentem
1560 1612 1715 1685 ignis
1758 1612 2062 1669 fornacem

408 1699 689 1773 injectus,
724 1700 1001 1774 spiritum
1031 1708 1151 1758 Deo
1181 1702 1463 1758 reddidit.

409 1846 475 1900 Et
499 1847 766 1902 memoria
793 1846 985 1901 Sancti
1012 1847 1197 1901 Patris
1244 1848 1423 1902 nostri
1454 1846 1657 1902 Basilii
1699 1848 2057 1917 Confessoris.

478 2068 728 2123 Sanctus
758 2068 932 2123 Pater
961 2072 1163 2123 noster
1192 2066 1444 2123 Basilius
1477 2067 1549 2123 ab
1600 2068 1845 2124 ineunte
1894 2073 2066 2125 astate

409 2158 597 2214 Deum
655 2158 909 2213 dilexit:
973 2174 1331 2229 omnemque
1386 2158 1665 2212 virtutem
1734 2165 2063 2228 assecutus,

411 2246 545 2302 Pari
578 2247 892 2319 episcopus
925 2253 1159 2302 creatus
1209 2247 1341 2314 fuit,
1391 2246 1711 2318 impiorum
1766 2248 2065 2303 iconoma-

411 2337 660 2393 chorum
694 2338 1062 2409 temporibus
1118 2338 1283 2403 Quod
1315 2346 1513 2393 autem
1556 2339 1824 2411 exemplo
1874 2339 2065 2394 sancti

408 2427 575 2483 Pauli
608 2426 790 2481 divini
820 2443 886 2482 ac
918 2427 1114 2499 magni
1147 2427 1397 2499 apostoli
1458 2428 1696 2495 Christi,
1748 2430 2065 2485 convenire

408 2517 705 2573 noluisset
726 2532 861 2572 cum
885 2517 1067 2588 impia
1089 2534 1292 2572 eorum
1319 2518 1552 2585 haeresi,
1573 2518 1673 2589 qui
1700 2519 2065 2575 venerandas

412 2607 648 2664 Domini
674 2608 860 2663 nostri
882 2608 1017 2662 Jesu
1042 2607 1277 2671 Christi.
1294 2608 1909 2664 necnonintemeratas
1937 2610 2064 2681 ejus

412 2697 733 2754 Genitricis
764 2696 1035 2769 gloriosas
1070 2697 1333 2751 Dominaa
1365 2703 1585 2752 nostra;
1618 2698 1884 2769 Deiparaa
1918 2715 2066 2753 sem-

407 2803 633 2860 perque
690 2786 934 2857 virginis
988 2786 1206 2853 Mariaa,
1276 2792 1734 2858 sanctorumque
1792 2788 2063 2844 omnium

408 2875 701 2949 imagines
760 2876 1265 2944 contemnebant;
1318 2882 1377 2931 et
1432 2876 1592 2948 quod
1638 2876 1847 2948 iniquo
1899 2877 2065 2933 volu-

404 2966 553 3023 mini
610 2966 671 3021 in
725 2966 1067 3021 orthodoxa;
1122 2965 1262 3022 fidei
1322 2965 1767 3022 subversionem
1823 2967 2062 3023 condito

407 3055 783 3112 subscribere
814 3061 1168 3124 recusasset,
1203 3061 1387 3111 totam
1418 3056 1596 3111 vitam
1630 3073 1798 3112 suam
1838 3057 1900 3111 in
1930 3073 2063 3128 per-

407 3144 836 3214 secutionibus,
896 3144 1348 3211 tentationibus,
1394 3146 1678 3201 aerumnis
1730 3151 1907 3217 atque
1955 3163 2064 3201 an-

408 3234 620 3305 gustiis
654 3233 934 3299 traduxit,
970 3248 1001 3287 e
1032 3232 1163 3288 loco
1197 3232 1257 3287 in
1289 3233 1486 3289 locum
1517 3251 1753 3305 semper
1779 3234 2059 3290 transmi-

405 3335 583 3392 grans
632 3326 690 3374 et
737 3320 989 3394 fugiens.
1053 3324 1242 3391 Atque
1304 3321 1387 3377 ita
1460 3323 1700 3377 Patrum
1774 3322 2062 3379 institutis

407 3409 739 3479 adhaarens,
774 3415 833 3465 et
861 3426 966 3482 pro
999 3410 1084 3465 eis
1116 3409 1447 3479 decertans,
1481 3416 1658 3482 atque
1697 3411 1769 3467 ab
1823 3412 2061 3467 haereti-

407 3514 611 3554 corum
647 3498 1038 3555 conventibus
1096 3515 1282 3571 usque
1341 3498 1416 3555 ad
1470 3500 1652 3555 finem
1705 3500 2056 3570 abhorrens,

404 3588 677 3661 migravit
704 3588 778 3645 ad
811 3589 1151 3646 Dominum.

512 3751 587 3806 Et
613 3756 890 3807 certamen
918 3748 1098 3807 sancti
1125 3752 1384 3820 martyris
1410 3749 1711 3806 Eleutherii
1738 3752 1934 3807 Persa.

470 3962 847 4019 Eleutherius
931 3962 1147 4018 Christi
1235 3969 1462 4034 martyr
1544 3963 1657 4017 fuit
1723 3980 1753 4018 e
1810 3964 2052 4036 regione

398 4052 659 4108 Persidis
691 4050 999 4106 oriundus.
1052 4053 1198 4107 Cum
1255 4069 1390 4107 vero
1445 4052 1815 4108 Christianus
1872 4058 2047 4120 esset,

400 4145 461 4196 et
516 4141 813 4196 Christum
882 4139 1174 4211 diligeret,
1261 4140 1410 4194 adiit
1488 4146 1759 4194 sanctum
1817 4141 2049 4195 Simeo-

398 4246 539 4286 nem
597 4229 961 4301 episcopum,
1023 4236 1081 4284 et
1136 4229 1208 4284 ab
1268 4229 1370 4283 illo
1429 4228 1746 4300 perfectius
1807 4230 2049 4285 edoctus

400 4324 493 4375 est
528 4319 774 4374 verbum
836 4319 1115 4374 veritatis.
1176 4318 1400 4373 Deinde
1458 4318 1518 4372 in
1579 4317 1820 4373 domum
1880 4336 2048 4374 suam

396 4409 910 4484 regressus.etiam
931 4409 1055 4480 ipse
1082 4408 1231 4464 alios
1253 4406 1325 4463 ad
1350 4424 1410 4463 se
1432 4406 1783 4463 accedentes
1814 4407 2050 4464 edocuit

396 4514 528 4572 quas
540 4499 615 4557 ad
626 4499 841 4555 Christi
856 4497 1364 4571 dispensationem
1383 4496 1711 4568 pertinent:
1736 4514 1851 4569 quo
1877 4503 2046 4569 pacto

391 4590 679 4647 nimirum
710 4607 846 4647 cum
878 4590 1031 4645 Deus
1061 4594 1221 4645 esset
1250 4588 1474 4643 nullius
1520 4586 1810 4661 indigens,
1862 4588 2047 4644 voluit

2090 1924 2139 1990 Β

2177 624 2393 716 ἀγαγὼν
2428 624 2732 704 ἔμπροσθεν
2785 630 2971 700 αὐτοῦ,
3024 634 3277 708 ἠρώτησε
3323 635 3526 712 τύχην,
3571 639 3829 716 πατρίδα,

2175 716 2263 771 xxi
2295 713 2490 791 ὄνομα.
2548 720 2609 776 Ὁ
2655 717 2713 775 δὲ
2763 718 2920 777 οὐδὲν
2969 720 3151 799 ἕτερον
3202 722 3412 800 ἔλεγεν,
3459 729 3519 797 ἦ,
3563 729 3646 785 ὅτι
3683 713 3834 806 ⁷Χρι--

2176 807 2390 896 στιανός
2439 807 2575 881 εἶμι.
2635 810 2696 867 Ὁ
2765 807 2821 865 δὲ
2878 813 3105 887 ἡγεμὼν
3166 808 3291 892 ἔφη·
3351 820 3519 873 Θῦσον
3574 823 3825 896 σχήματι

2180 895 2333 970 μόνῳ
2360 904 2477 986 τοῖς
2512 904 2675 970 θεοῖς,
2707 901 2797 955 καὶ
2847 903 3133 977 προσεκύνει
3181 906 3316 961 κατά
3369 909 3554 983 ψυχήν
3604 916 3682 983 τῷ
3711 918 3828 986 Θεῷ

2177 1005 2294 1044 σου.
2334 987 2395 1044 '0
2436 984 2494 1042 δε
2552 986 2703 1064 ἅγιος
2762 992 2840 1062 μὴ
2896 990 3346 1067 καταδεξάμενος,
3403 996 3547 1053 ἀλλά
3607 984 3820 1078 μεγάλη

2169 1078 2239 1148 τῇ
2298 1080 2455 1154 φωνῇ
2513 1079 2605 1132 τὸν
2683 1081 2915 1153 Χριστὸν
2998 1082 3324 1160 ὁμολογῶν,
3381 1084 3446 1140 τὰ
3502 1083 3559 1142 δὲ
3616 1086 3823 1147 εἴδωλα

2173 1160 2475 1241 διελέγχων
2533 1166 2623 1221 καὶ
2682 1168 2985 1241 ἀτιμάζων,
3040 1176 3263 1246 πρῶτον
3344 1176 3439 1247 μὶν
3506 1176 3592 1231 ἐπὶ
3654 1178 3820 1249 ξύλου

2170 1254 2499 1343 κρεμασθείς
2528 1254 2708 1326 ἐξέσθη
2742 1255 2832 1311 ἐπὶ
2890 1257 3060 1330 πολὺ,
3114 1260 3203 1315 κρῖ
3250 1262 3498 1336 λαμπάσι
3555 1264 3827 1343 κατεφλέ-

2173 1342 2282 1429 χθη
2316 1342 2414 1405 τὰς
2444 1340 2708 1419 πλευράςο
2742 1346 2971 1403 Ἔπειτα
3026 1351 3123 1403 τοῦ
3170 1349 3336 1419 ξύλου
3382 1340 3823 1429 καταϐιϐασθείς,

2167 1428 2332 1485 πάλιν
2363 1432 2696 1507 ἠναγκάζετο
2745 1436 2901 1491 θῦσαι
2949 1442 3067 1499 τοῖς
3126 1436 3402 1503 εἰδώλοις.
3461 1443 3549 1505 Ὧς
3611 1440 3668 1499 δί
3725 1444 3827 1501 οὐκ

2172 1516 2416 1590 ἐπείσθη,
2448 1519 2523 1583 εἷς
2556 1523 2785 1595 κάμινον
2844 1523 3092 1600 μεγάλην
3148 1528 3315 1604 πυρὸς
3367 1524 3693 1603 ἐμϐληθεὶς,
3742 1538 3826 1607 τῷ

2167 1613 2282 1682 Θεῷ
2311 1611 2374 1666 τὸ
2405 1615 2618 1687 πνεῦμα
2650 1611 2951 1690 παρέδωκε.

2167 1842 2267 1897 Καὶ
2303 1844 2497 1916 μνήμη
2527 1848 2625 1899 τοῦ
2684 1843 3010 1939 ἐνηάγίίοιςΧ
3036 1848 3248 1939 Harpe}
3306 1850 3467 1923 ἡμῶν
3529 1851 3820 1911 Βασιλείου

2715 1920 2812 1972 τοῦ
2845 1915 3249 1992 Ὀμολογητοῦ.

2243 2056 2305 2114 Ὀ
2338 2055 2391 2111 ἐν
2421 2056 2597 2132 ἁγίοις
2652 2059 2839 2135 Πατὴρ
2895 2061 3059 2133 ἡμῶν
3113 2061 3422 2136 Βασίλειος,
3473 2064 3533 2120 ἐκ
3584 2066 3818 2146 βρέφους

2170 2145 2263 2200 τὸν
2297 2146 2424 2201 Θεὸν
2475 2146 2785 2222 ἀγαπήσας,
2830 2147 2918 2203 καὶ
2973 2153 3144 2205 πᾶσαν
3205 2151 3401 2227 ἀρετήν
3447 2158 3820 2230 κατορθώσας,

2172 2240 2568 2310 χειροτονεῖται
2600 2236 2805 2313 Παρίου
2835 2236 3133 2304 ἐπίσκοπος
3162 2240 3249 2295 ἐπὶ
3276 2242 3386 2297 τῶν
3445 2246 3656 2318 χρόνων
3707 2251 3817 2304 τῶν

2174 2319 2447 2380 δυσσεϐὦν
2524 2324 2930 2402 εἷκονομάγων.
3015 2330 3203 2392 Ὅστις
3256 2332 3393 2386 κατὰ
3449 2332 3666 2390 Παῦλον
3726 2336 3824 2392 τὸν

2174 2414 2343 2477 θεῖον,
2374 2414 2465 2468 καὶ
2497 2416 2660 2490 μέγαν
2708 2415 3014 2473 ἀπόστολον
3064 2422 3162 2473 τοῦ
3212 2420 3470 2495 Χριστοῦ,
3521 2420 3610 2478 διά
3640 2424 3703 2480 τὸ
3737 2428 3816 2498 μὴ

2171 2504 2456 2572 πεισθῆναι
2518 2503 2791 2568 συνελθεῖν
2846 2509 2913 2580 τῇ
2974 2502 3223 2562 δυσσεϐεῖ
3278 2509 3475 2583 αἱρέσει
3534 2516 3642 2567 τῶν
3696 2515 3823 2570 ἀθε-

2167 2592 2409 2647 τούντων
2462 2593 2563 2661 τὴν
2622 2595 2924 2650 πάνσεπτον
3008 2595 3188 2651 εἲκόνα
3244 2602 3343 2653 τοῦ
3402 2601 3596 2674 Κυρίου
3652 2604 3816 2675 ἡμῶν

2171 2680 2351 2751 Ἰησοῦ
2397 2683 2661 2757 Χριστοῦ,
2719 2682 2809 2737 καὶ
2864 2690 2963 2752 τῆς
3018 2685 3396 2760 παναχράντου
3454 2688 3618 2743 αὐτοῦ
3678 2692 3815 2762 Μη-

2167 2770 2296 2843 τρὸς
2330 2771 2561 2845 Μαρίας,
2592 2777 2691 2841 τῆς
2722 2769 2935 2843 ἐνδόξου
2966 2775 3267 2845 Δεσποίνης
3316 2778 3476 2848 ἡμῶν
3526 2779 3817 2854 Θεοτόκου,

2168 2860 2256 2913 καὶ
2320 2860 2693 2932 ἁειπαρθένου,
2774 2861 2863 2916 καὶ
2921 2863 3132 2918 πάντων
3190 2864 3380 2940 ἁγίων·
3440 2867 3530 2921 καὶ
3589 2869 3666 2942 μή
3728 2880 3819 2934 θε-

2171 2946 2334 3018 λῆσαι
2370 2949 2675 3025 ὑπογράψαι
2736 2950 2812 3013 εἰς
2866 2952 2958 3007 τὸν
3017 2950 3202 3008 ἄδικον
3256 2954 3449 3028 τόμον,
3508 2955 3595 3011 ἐπὶ
3650 2979 3815 3014 κατα-

2171 3034 2325 3092 λύσει
2382 3045 2484 3109 τῆς
2541 3036 2835 3113 ὀρθοδόξου
2892 3040 3146 3113 πίστεως,
3230 3045 3330 3113 τήν
3416 3047 3559 3116 ζωήν
3651 3046 3817 3103 αὐτοῦ

2170 3127 2376 3182 ἅπασαν
2420 3126 2470 3181 ἐν
2526 3125 2815 3204 διωγμοῖς,
2874 3132 2965 3185 καὶ
3022 3138 3368 3207 πειρασμοῖς,
3426 3134 3516 3189 καὶ
3576 3136 3812 3211 θλίψεσι,

2169 3215 2260 3270 καὶ
2294 3217 2684 3293 στενοχωρίαις
2718 3216 2986 3289 διήνυσεν,
3017 3220 3124 3275 ἀπὸ
3153 3221 3324 3277 τόπου
3380 3222 3457 3286 εἰς
3507 3224 3673 3281 τόπον
3717 3228 3815 3290 τάς

2093 3304 2134 3371 C
2177 3301 2521 3377 μεταϐάσεις,
2575 3308 2664 3363 καὶ
2722 3309 2892 3387 φυγάς
2950 3309 3031 3365 ἀεὶ
3104 3311 3451 3385 ποιούμενος·
3527 3315 3618 3370 καὶ
3676 3315 3820 3372 οὕτω

2168 3399 2276 3451 τῶν
2341 3399 2626 3471 Πατρικῶν
2690 3396 2981 3473 δογμάτων
3051 3401 3470 3475 προϊστάμενος,
3546 3406 3636 3459 καὶ
3708 3411 3820 3462 τῶν

2167 3482 2475 3558 κακοδόξων
2506 3488 2602 3549 τάς
2648 3488 2889 3559 συνάξεις
2938 3493 3112 3563 μισῶν
3176 3491 3345 3567 μέχρι
3400 3493 3618 3565 τέλους,
3675 3496 3814 3570 πρὸς

2166 3574 2295 3629 Θεὸν
2337 3572 2487 3647 ἐξεδή
2498 3597 2687 3649 μησεν.

2163 3728 2267 3786 Καὶ
2325 3728 2553 3801 ἄθλησις
2606 3734 2706 3786 τοῦ
2764 3731 2940 3859 ἀγίιίῗἑ
2977 3731 3247 3809 λάρτυρος
3315 3734 3659 3813 Ἐλευθερίου
3714 3743 3816 3794 τοῦ

2945 3824 3094 3859 οσου.

2944 3824 3094 3879 ρσου.

2235 3953 2576 4031 Ἐλευθέριος
2619 3955 2647 4009 ὁ
2677 3959 2773 4010 τοῦ
2802 3956 3037 4029 Χριστοῦ
3068 3955 3273 4031 μάρτυς
3304 3959 3549 4034 ὑπῆρχεν
3595 3959 3655 4015 ἐκ
3705 3970 3806 4033 τῆς

2161 4045 2351 4120 χώρας
2384 4041 2644 4117 Περσίδος
2682 4046 3000 4119 Χριστιανὸς
3048 4042 3105 4100 δὲ
3154 4046 3251 4115 ὥν,
3302 4048 3391 4101 καὶ
3437 4050 3529 4103 τὸν
3578 4052 3810 4126 Χριστὸν

2159 4135 2408 4207 ἀγαπῶν,
2441 4133 2726 4208 ἀπήρχετο
2756 4135 2892 4209 πρὸς
2929 4137 3023 4190 τὸν
3069 4136 3217 4210 ἅγιον
3267 4139 3491 4210 Συμεὼν
3539 4142 3630 4195 τὸν
3681 4140 3809 4197 ἐπί-

2159 4244 2381 4292 σκοπον,
2416 4224 2506 4277 καὶ
2560 4224 2686 4296 παρ’
2740 4223 2903 4279 αὐτοῦ
2959 4223 3289 4301 τελεώτερον
3351 4223 3658 4285 ἐδιδάσκετο
3710 4232 3809 4287 λύ-

2154 4334 2249 4390 γον
2306 4315 2404 4382 τῆς
2466 4311 2745 4383 ἀληθείας·
2805 4313 2894 4368 καὶ
2951 4314 3303 4392 ὑποστρέφων
3358 4316 3434 4380 εἷς
3501 4320 3592 4374 τὸν
3654 4324 3807 4377 οἷκον

2156 4403 2341 4472 αὐτοῦ,
2373 4399 2620 4457 ἐδίδασκε
2648 4402 2737 4457 καὶ
2773 4402 2931 4465 αὐτὸς
2963 4402 3090 4466 τοὺς
3123 4408 3610 4482 προσερχομένους
3660 4410 3810 4484 αύτῷ

2154 4492 2223 4546 τά
2253 4490 2506 4566 περὶτῆς
2542 4489 2866 4565 οἰκονομίας
2905 4496 3003 4546 τοῦ
3053 4498 3313 4562 Χριστοῦ’
3366 4495 3515 4559 ὅπως
3560 4498 3689 4560 Θεὸς
3730 4497 3805 4555 ὢν

2154 4577 2483 4654 ἀπροσδεὴς,
2532 4578 2776 4650 ἠθέλησε
2845 4580 3088 4657 γενέσθαι
3146 4580 3451 4657 ἄνθρωπος,
3516 4586 3601 4639 ἳνα
3650 4587 3800 4661 σώσῃ

390 4678 570 4735 homo
599 4680 749 4747 fieri,
782 4684 850 4735 ut
900 4679 1202 4735 hominem
1257 4678 1529 4746 salvaret,
1578 4693 1688 4733 nec
1746 4679 2049 4749 propriam

2167 4671 2247 4725 τὸν
2272 4667 2580 4744 ἄνθρωπον,
2616 4670 2691 4742 μὴ
2723 4670 2949 4746 τραπεὶς
2998 4671 3097 4740 τήν
3148 4671 3330 4727 οὑσίαν
3383 4675 3517 4746 μετὰ
3554 4675 3652 4743 τήν
3698 4682 3801 4745 τῆς

392 4769 713 4824 essentiam
739 4770 985 4824 mutavit
1005 4768 1543 4841 propterunionem
1565 4784 1700 4823 cum
1713 4767 2048 4822 humanita-

391 4859 486 4923 te;
521 4856 625 4911 sed
659 4863 814 4913 totus
861 4875 1225 4929 permanens
1278 4859 1455 4925 Deus,
1508 4864 1663 4913 totus
1704 4857 1895 4912 factus
1954 4864 2045 4913 est

391 4944 591 5002 homo.
620 4948 765 5002 Cum
794 4946 973 5018 igitur
992 4948 1074 5003 ita
1090 4947 1331 5003 doceret
1370 4951 1610 5001 sanctus
1642 4945 2037 5011 Eleutherius,

391 5038 450 5089 et
482 5034 702 5090 multos
748 5053 820 5092 ex
876 5035 1220 5091 infidelibus
1278 5040 1668 5098 converteret,
1726 5052 1794 5090 ac
1846 5035 2041 5106 bapti-

390 5128 567 5191 zaret,
599 5124 795 5179 Persis
826 5124 1107 5189 innotuit,
1158 5123 1258 5194 qui
1308 5123 1504 5195 ignem
1552 5122 1898 5191 adorabant,
1948 5129 2038 5178 at-

392 5228 508 5282 que
529 5211 601 5266 ab
626 5211 719 5267 his
741 5212 1127 5267 denuntiatus
1153 5217 1241 5266 est
1255 5211 1620 5283 regi.Captus
1642 5211 1892 5283 proinde
1906 5210 2035 5277 fuit,

387 5306 447 5354 et
474 5299 547 5354 ad
574 5317 771 5372 regem
803 5299 1139 5355 adductus:
1193 5300 1295 5355 54
1347 5299 1448 5369 qui
1492 5316 1625 5353 cum
1677 5316 1811 5355 eum
1863 5300 2039 5355 inter-

379 5395 665 5461 rogaSset.
700 5394 877 5459 atque
901 5388 1029 5459 ejus
1060 5388 1453 5443 constantiam
1482 5389 1867 5458 cognovisset.
1916 5395 2033 5445 tra-

378 5476 531 5531 didit
560 5478 755 5548 ipsum
788 5477 1089 5549 Magorum
1120 5474 1511 5546 principibus,
1548 5475 1840 5529 mandans
1887 5477 2028 5538 illis,

375 5572 442 5620 ut
480 5567 532 5621 ei
579 5567 1009 5638 persuaderent
1050 5564 1283 5620 Christo
1334 5563 1697 5618 renuntiare.
1752 5564 1843 5618 Illi
1893 5582 2028 5620 vero

2150 4758 2575 4833 ἀνθρωπὸτητος
2628 4754 2845 4827 ἕνωσιν,
2933 4757 3081 4814 ἀλλά
3144 4758 3278 4823 ὃλος
3326 4763 3455 4825 Θεὸς
3515 4759 3607 4833 ὢν,
3669 4762 3802 4827 ὅλος

2150 4848 2445 4923 γενόμενος
2504 4845 2813 4922 ἄνθρωπος.
2875 4845 3149 4903 Διδάσκων
3211 4847 3270 4904 δὲ
3322 4852 3349 4905 ὁ
3409 4852 3561 4926 ἅγιος
3620 4853 3807 4910 Ἐλευ-
3884 4916 3887 4919 Α

2152 4936 2328 5011 θέριος
2361 4935 2554 5003 οὕτως,
2584 4936 2673 4990 καὶ
2706 4935 2953 4999 πολλοὺς
3002 4941 3110 4992 τῶν
3158 4936 3398 4994 ἀπίστων
3448 4938 3806 5020 ἐπιστρέφων,

2148 5028 2238 5082 καί
2323 5025 2622 5101 βαπτίζων,
2706 5024 2951 5100 ἐγνώσθη
3036 5028 3182 5102 παρὰ
3238 5032 3345 5082 τῶν
3441 5030 3805 5104 πυρολατρῶν

2148 5120 2389 5191 Περσῶν.
2446 5114 2549 5171 Καὶ
2614 5116 3012 5188 καταμηνυθεὶς
3070 5120 3150 5187 τῷ
3213 5116 3447 5191 βασιλεῖ.
3506 5117 3803 5195 ἐκρατήθη,

2146 5207 2237 5260 καὶ
2268 5206 2505 5280 παρέστη
2540 5205 2709 5277 αὐτῷ.
2753 5204 2810 5257 Ὀ
2863 5202 2920 5259 δὶ
2980 5204 3236 5280 βασιλεὺς
3285 5204 3563 5280 ἐρωτήσας
3613 5208 3800 5278 αὑτὸν,

2144 5299 2232 5353 καὶ
2296 5296 2426 5353 ἰδὼν
2485 5296 2647 5351 αὐτοῦ
2701 5296 2764 5351 τὸ
2824 5296 3175 5369 ἀμετάθετον,
3258 5298 3567 5373 παρέδωκεν
3637 5300 3800 5356 αὐτὸν

2144 5393 2259 5450 τοῖς
2283 5387 2644 5462 ἀρχιμάγοις,
2706 5384 3077 5461 παραγγείλας
3123 5386 3337 5454 αὐτοῖς,
3404 5392 3584 5442 πεῖσαι
3635 5387 3799 5444 αὐτὸν

2146 5476 2477 5550 ἀρνήσασθαι
2506 5474 2598 5528 τὸν
2644 5473 2895 5546 Χριστόν
2952 5473 3003 5527 οἱ
3056 5470 3112 5527 δὲ
3156 5471 3344 5528 πολλά
3390 5474 3798 5551 βασανίσαντες,

2141 5565 2230 5619 καὶ
2264 5565 2341 5636 μή
2372 5562 2675 5627 πείσαντες,
2709 5560 3106 5638 ἀπεκεφάλισαν
3138 5561 3325 5619 αὐτόν.

368 5655 645 5729 plurimis
715 5657 911 5730 ipsum
953 5656 1262 5712 tormentis
1311 5654 1740 5722 excruciantes,
1790 5670 1926 5711 cum
1978 5672 2012 5711 a
2061 5656 2292 5713 Christo
2342 5660 2605 5711 avertere
2662 5669 2783 5709 non
2840 5653 3125 5725 valerent,
3183 5658 3362 5726 caput
3417 5654 3468 5710 ei
3530 5661 3801 5729 amputa-

371 5752 535 5806 runt.
