4158 6310
356 309 462 372 λοι

426 632 700 705 Ἀθλησις
728 636 827 688 τοῦ
881 631 1038 708 ἁγίου
1094 632 1501 709 ἱερομάρτυρος
1560 634 1813 709 Συμεὼν,
1854 634 1946 689 καὶ

889 704 991 776 τῆς
1019 704 1271 768 συνοδίας
1296 704 1481 763 αὐτοῦ.

434 812 666 886 Συμεὼν
722 814 750 869 ὁ
810 818 909 869 τοῦ
962 815 1199 885 Χριστοῦ
1257 815 1590 891 ίερομάρτυρ
1649 814 1898 890 ὑπῆρχεν
1930 811 2021 868 ἐπὶ

365 906 462 969 τῆς
496 901 779 974 βασιλείας
814 897 1105 979 Σαϐωρίου
1135 902 1232 959 τοῦ
1264 908 1481 978 Περσῶν
1543 901 1835 979 βασιλέως·
1872 904 2018 979 ὁρῶν

370 990 425 1047 δὶ
450 992 515 1047 τὰ
553 993 853 1066 παράνομα
910 990 1038 1069 ἔργα
1094 996 1203 1047 τῶν
1266 997 1511 1068 Περσῶν,
1570 993 1660 1047 καὶ
1723 994 1800 1065 μὴ
1843 991 2019 1069 φέρων

370 1081 545 1136 αὐτῶν
577 1081 675 1142 τὰς
701 1079 986 1157 ἐπιταγὰς,
1045 1076 1244 1157 ἔγραψε
1303 1086 1383 1153 τῷ
1443 1080 1680 1158 βασιλεῖ,
1713 1080 1795 1136 δτι
1828 1083 2023 1153 Ἡμεῖς

370 1168 557 1225 δοῦλοι
594 1172 777 1240 Ἰησοῦ
807 1172 1043 1244 Χριστοῦ
1101 1175 1196 1225 τοῦ
1255 1175 1387 1226 Θεοῦ
1441 1172 1602 1244 ἡμῶν
1663 1170 2023 1247 ὑπάρχοντες,

372 1260 641 1337 ὑπόφοροι
703 1261 859 1333 ὑμῶν
914 1262 1048 1315 εἶναι
1107 1260 1207 1315 οὐκ
1262 1260 1592 1336 ἀνεχόμεθα.
1654 1260 1804 1316 Ποίει
1843 1261 1934 1315 οὗν
1994 1258 2025 1314 δ

377 1349 588 1424 βούλει.
675 1348 1135 1412 Ἀποστείλαντος
1192 1350 1282 1405 οὗν
1341 1354 1437 1405 τοῦ
1522 1349 1813 1426 βασιλέως,
1868 1345 2019 1424 ἤχθη

369 1436 589 1512 δέσμιος
626 1439 759 1512 μετᾶ
786 1444 897 1495 τῶν
925 1438 1017 1494 σὺν
1052 1440 1219 1512 αὐτῷ.
1256 1438 1359 1496 Καὶ
1391 1438 1668 1511 εἰσελθὼν,
1728 1439 1790 1493 οὺ
1847 1457 2021 1510 προσ⁹

374 1528 648 1599 εκύνησεν,
702 1530 777 1591 ὡς
833 1528 1119 1605 πρότερον,
1179 1528 1362 1585 αὐτόν·
1423 1528 1512 1584 καὶ
1562 1528 1876 1603 ἐρωτηθεὶς,
1936 1525 2026 1582 διὰ

366 1617 418 1671 τί
476 1617 538 1672 ού
588 1617 1017 1693 προσεκύνησεν,
1081 1621 1250 1674 εἶπεν·
1325 1621 1454 1674 ’Ότε
1540 1620 1694 1693 εἶχον
1779 1616 2022 1692 εἰρήνην,

372 1707 593 1764 ἰποίουν
649 1712 831 1763 τοῦτο·
894 1706 983 1762 ὅτε
1050 1705 1108 1762 δὲ
1215 1705 1437 1781 δέσμιος
1500 1707 1902 1784 παρεγενόμην,
1960 1705 2022 1761 οὐ

1898 313 2241 378 APRILIS.

903 443 1090 503 MHNI
1260 447 1456 526 Απᾳ.
2042 447 2099 518 Α

3644 321 3773 385 402

2638 544 2741 600 Die
2781 544 3016 601 decima
3045 549 3260 617 quarta

2128 650 2414 708 Certamen
2443 657 2779 710 sacrosancti
2806 656 3068 736 martyris
3106 655 3395 721 Simeonis,
3423 660 3477 709 et
3505 655 3774 710 sociorum

2881 742 3020 796 ejus.

2202 832 2441 889 Simeon
2498 840 2909 891 sacrosanctus
2966 836 3182 892 Christi
3250 840 3495 908 martyr,
3554 836 3773 906 Sapore

2130 923 2442 979 Persarum
2473 941 2719 997 regnum
2755 926 3405 993 tenente,claruit.Cum
3429 929 3627 981 autem
3658 926 3772 981 im-

2130 1013 2228 1084 pia
2258 1015 2573 1069 Persarum
2603 1014 3352 1083 facinoraintueretur,nec
3384 1015 3624 1070 illorum
3639 1032 3777 1071 one-

2131 1105 2485 1176 raperferre
2516 1105 2773 1176 amplius
2831 1110 3053 1176 posset,
3115 1106 3233 1178 regi
3293 1104 3376 1159 ita
3428 1105 3773 1177 rescripsit:

2132 1196 2246 1250 Nos
2278 1194 2427 1249 servi
2462 1211 2665 1249 sumus
2693 1196 2829 1250 Jesu
2860 1195 3075 1249 Christi
3107 1195 3210 1249 Dei
3268 1194 3479 1261 nostri,
3530 1210 3649 1249 non
3682 1211 3776 1249 su-

2132 1286 2422 1339 stinemus
2470 1284 2644 1339 vestri
2677 1299 2807 1338 esse
2857 1283 3190 1355 vectigales.
3251 1283 3363 1339 Fac
3420 1299 3555 1356 ergo
3616 1284 3773 1355 quod

2130 1373 2233 1428 vis.
2268 1374 2518 1429 lubente
2564 1375 2761 1444 itaque
2821 1389 2975 1444 rege,
3034 1373 3264 1428 vinctus
3325 1372 3617 1429 adductus
3664 1372 3778 1429 fuit

2132 1481 2329 1523 coram
2386 1465 2515 1535 ipso
2572 1479 2693 1518 una
2748 1478 2883 1518 cum
2942 1463 3117 1517 sociis
3169 1463 3311 1519 suis.
3366 1463 3632 1535 Cumque
3690 1464 3777 1518 in-

2131 1572 2369 1629 gressus
2398 1554 2629 1620 fuisset,
2658 1552 2734 1617 ei,
2768 1557 2941 1623 prout
2971 1557 3147 1607 antea
3171 1559 3577 1619 consueverat,
3598 1568 3775 1609 vene-

2132 1646 2381 1706 rationis
2411 1644 2645 1716 signum
2675 1657 3054 1712 nequaquam
3121 1641 3408 1697 exhibuit.
3442 1643 3773 1715 Interroga-

2135 1745 2230 1794 tus
2278 1740 2496 1801 autem,
2556 1749 2662 1789 cur
2716 1733 2775 1788 id
2832 1733 3151 1799 omisisset,
3200 1731 3511 1804 respondit
3543 1749 3556 1787 :
3585 1750 3598 1787 :
3631 1734 3777 1789 Cum

375 1800 679 1873 προσκυνῶ.
716 1798 1108 1872 Ἐξερχόμενον
1164 1794 1220 1851 δὲ
1267 1795 1425 1851 αὐτὰν
1485 1796 1623 1872 πρὸς
1673 1796 1737 1851 τὸ
1762 1793 2024 1851 ἃποκλει-

2146 1843 2337 1901 pacem
2367 1822 2678 1886 habebam,
2724 1838 2922 1893 regem
2982 1821 3252 1876 venerari
3301 1837 3773 1890 consueveram;

374 1892 569 1955 σθῆναι
596 1885 672 1947 είς
703 1884 977 1962 φυλακὴν,
1011 1884 1144 1941 ῗδών
1194 1907 1276 1948 τις
1334 1885 1730 1961 πραιπώσιτος,
1765 1886 1794 1940 ὁ
1826 1886 2020 1962 πρότε-

374 1995 468 2049 ρον
556 1969 631 2029 ὥν
714 1975 1071 2047 Χριστιανὸς,
1183 1974 1401 2051 ὕστερον
1491 1973 1548 2029 δὲ
1630 1973 2021 2050 ἀρνησάμενος,

373 2061 666 2136 ἠϐουλήθη
698 2064 1048 2133 ἀσπάζεσθαιο
1082 2065 1169 2119 καὶ
1206 2066 1281 2137 μὴ
1351 2061 1735 2139 προσδεχθεὶς,
1784 2062 1908 2142 ἔφη·
1958 2063 2023 2121 Εἰ

376 2155 624 2227 Συμεὼν,
662 2152 947 2228 ἄνθρωπος
981 2151 1080 2221 ὢν,
1129 2153 1445 2228 ἀπεστράφη
1509 2175 1595 2226 με,
1631 2158 1748 2215 πῶς
1807 2155 1834 2208 ὁ
1891 2156 2022 2227 Χρι-

372 2243 496 2305 στὸς
530 2243 805 2318 ἀγαπήσει
843 2263 932 2316 με,
964 2242 1022 2296 ὅν
1053 2244 1381 2317 ἠρνησάμην
1414 2260 1427 2311 ;
1489 2242 1587 2296 Καὶ
1646 2240 1809 2317 γνοὺς
1863 2246 2025 2298 τοῦτο

374 2336 402 2391 ὁ
436 2335 718 2412 βασιλεὺς,
751 2334 1142 2411 ἀπεκεφάλισεν
1190 2334 1347 2390 αὐτόν
1400 2355 1460 2388 τε
1505 2333 1594 2388 καὶ
1654 2334 1744 2389 τὸν
1801 2332 2026 2390 ἐπίσκο-

371 2448 467 2482 πον
502 2426 595 2480 σὺν
628 2430 746 2487 τοῖς
776 2419 1183 2501 πρεσϐυτέροις,
1217 2424 1307 2479 καὶ
1338 2421 1636 2496 διακόνοις,
1699 2421 1791 2478 καὶ
1821 2423 2023 2498 ἐτὲροις

372 2514 553 2572 ὶκατὸν
578 2514 936 2584 πεντήκοντα.

458 2846 545 2903 Καὶ
572 2843 809 2915 ἄθλησις
840 2847 937 2898 τοῦ
965 2840 1421 2916 ἁγίουλμάρτυρος
1457 2842 1657 2913 Φασὶκ,
1712 2842 1801 2897 καὶ
1855 2848 1955 2911 τῆς

786 2913 1049 2991 θυγατρὸς
1082 2913 1246 2969 αὐτοῦ
1294 2913 1616 2987 ἀσκητρίας.

448 3041 614 3104 Οὗτος
644 3040 673 3094 ὁ
710 3040 938 3115 μάρτυς,
996 3035 1086 3093 ὅτε
1142 3037 1603 3115 ἆπεκεφαλίζοντο
1662 3036 1875 3113 οἱπερὶ
1932 3037 2025 3091 τὸν

388 3129 536 3205 ἅγιον
600 3128 827 3201 Συμεὼν
883 3126 1031 3201 ἆγιοι
1088 3129 1379 3202 μάρτυρες,
1436 3125 1718 3200 παρεστὼς
1750 3127 1835 3181 καὶ
1891 3127 2024 3180 θεω-

2133 1916 2370 1989 quando
2402 1918 2601 1970 autem
2633 1912 2842 1967 vinctis
2872 1912 3107 1977 accedo,
3143 1912 3339 1983 ipsum
3369 1911 3625 1982 amplius
3656 1927 3778 1967 non

2133 2006 2596 2061 veneror.Porro
2624 2018 2759 2058 cum
2791 2018 2927 2057 eum
2957 2001 3097 2056 inde
3127 2002 3528 2074 egredientem
3556 2000 3773 2056 vidisse

2135 2094 2378 2168 quidam
2417 2093 2791 2164 praepositus,
2826 2092 2925 2162 qui
2958 2098 3134 2146 antea
3162 2091 3535 2147 Christianus
3564 2090 3778 2155 fuerat,

2136 2186 2238 2242 sed
2268 2191 2475 2257 postea
2503 2200 2537 2239 a
2566 2184 2797 2239 Christo
2828 2182 3159 2247 defecerat;
3191 2187 3439 2238 conatus
3465 2186 3557 2236 est
3581 2182 3780 2251 ipsum

2135 2276 2433 2348 amplecti.
2468 2273 2580 2329 Sed
2611 2290 2647 2328 a
2677 2273 2950 2327 Simeone
2981 2271 3415 2343 repulsus,ait:
3450 2270 3506 2325 Si
3540 2270 3781 2324 Simeon

2135 2368 2314 2423 homo
2348 2381 2483 2420 cum
2511 2364 2605 2429 sit,
2668 2379 2759 2417 me
2819 2362 3089 2434 despicit,
3150 2360 3446 2432 quomodo
3485 2359 3781 2423 Christus,

2135 2471 2315 2527 quem
2339 2453 2665 2526 negavi,me
2698 2451 2947 2523 recipiet
2970 2467 3038 2506 ac
3069 2450 3273 2522 diliget
3292 2448 3449 2504 ?Hoc
3470 2453 3773 2519 comperto

2134 2562 2237 2601 rex
2268 2546 2461 2616 ipsum
2493 2540 3205 2615 praapositum,simulque
3234 2540 3780 2611 episcopum,pres-

2134 2634 2396 2707 byteros,
2429 2632 2729 2697 diaconos,
2758 2631 3026 2702 aliosque
3074 2635 3313 2685 centum
3370 2635 3431 2685 et
3481 2630 3780 2701 quinqua-

2134 2724 2299 2797 ginta
2327 2720 2518 2793 capite
2557 2721 2899 2775 obtruncari
2931 2719 3249 2776 mandavit.

2135 2858 2233 2917 55
2295 2860 2366 2913 Et
2422 2864 2696 2912 certamen
2753 2855 2935 2911 sancti
2991 2857 3252 2923 martyris
3302 2855 3522 2922 Phasic,
3555 2853 3783 2925 ejusque

2645 2928 2773 2999 ﬁliae
2800 2925 3262 2983 sanctimonialis.

2208 3046 2313 3101 Hic
2344 3048 2589 3116 martyr,
2628 3060 2760 3100 cum
2819 3043 3003 3099 sancti
3062 3048 3354 3116 martyres
3385 3042 3560 3109 sociif
3589 3040 3781 3097 sancti

2142 3134 2433 3190 Simeonis
2463 3133 2922 3198 decollarentur,
2948 3149 3152 3188 eorum
3189 3132 3470 3204 martyrio
3493 3148 3779 3203 praesens,

385 3188 515 3293 ρῶν,
548 3188 805 3271 ἶδὼνιὲνα
835 3188 1197 3288 πρεσϐύτερον
1232 3188 1526 3287 μέλλοντα¹
1546 3213 1892 3287 ἐκτέμνεσθαι
1923 3214 2021 3280 τήν

2146 3224 2459 3296 quemdam
2491 3240 2561 3277 ex
2591 3223 2675 3277 eis
2707 3223 3138 3294 presbyterum,
3174 3222 3315 3277 dum
3360 3227 3539 3293 caput
3592 3221 3645 3275 ei
3678 3220 3782 3275 ob-

382 3307 648 3383 κεφαΛήν,
679 3299 1008 3381 φοϐηθέντα,
1039 3303 1128 3359 καὶ
1160 3303 1532 3375 τρομάσαντα,
1559 3297 1660 3380 ἔφη
1706 3303 1873 3375 αὐτῷ·
1934 3302 2026 3370 Μὴ

386 3391 578 3473 φοϐοῦ,
608 3395 899 3467 κάμμυσον
934 3390 1063 3456 τοὺς
1120 3390 1441 3469 ὀφθαλμούς
1498 3412 1617 3461 σου,
1676 3392 1763 3446 καὶ
1811 3392 1840 3447 ὁ
1892 3394 2030 3466 Χρι-

390 3487 516 3547 στὸς
573 3483 796 3561 φωτίσει
856 3503 935 3539 σε.
990 3483 1148 3540 Ὅθεν
1208 3479 1549 3557 διαγνωθεὶς,
1606 3482 1689 3537 ’ὁτι
1771 3482 1839 3536 τὰ
1891 3486 2030 3556 Χρι-

390 3578 620 3630 στιανῶν
653 3577 861 3651 φρονεῖ,
918 3573 1159 3643 παρὲστη
1217 3574 1295 3642 τῷ
1355 3568 1589 3646 βασιλεῖ’
1649 3570 1737 3625 καὶ
1820 3568 2031 3643 ἐρωτη-

388 3664 523 3731 θεὶς,
547 3662 637 3718 καὶ
670 3659 1025 3735 ὁμολογήσας
1059 3661 1121 3715 τὸ
1150 3656 1326 3732 ὄνομα
1374 3663 1472 3714 τοῦ
1502 3662 1759 3734 Χριστοῦ,
1813 3662 2030 3735 πρῶτον

394 3753 489 3826 μὲν
541 3750 757 3823 Ξτμήθη
816 3750 916 3818 τὴν
976 3748 1250 3823 γλῶσσαν·
1313 3750 1431 3803 εἶτα
1486 3744 1730 3822 ἐκδαρεὶς
1786 3746 2035 3817 ἀνηλεῶς

389 3842 525 3897 δΑου
554 3844 653 3896 τοῦ
686 3839 940 3911 σώματος
994 3837 1059 3892 τὸ
1118 3834 1314 3910 δέρμα,
1371 3833 1619 3891 ἀπέδωκε
1671 3836 1771 3904 τὴν
1828 3837 2033 3910 ψυχήν.

388 3932 523 4006 Εἶχε
581 3927 641 3984 Si
692 3928 781 3983 καὶ
833 3928 1099 4002 θυγατέρα
1158 3927 1511 4000 Χριπιανήν,
1568 3925 1886 3996 ἀσκήτριαν,
1945 3924 2034 3978 καὶ

389 4019 606 4093 ἀγαγὼν
665 4016 833 4084 αὐτὴν
917 4016 945 4070 ὁ
1006 4014 1285 4090 βασιλεὺς,
1342 4015 1745 4088 κατηνάγκαζεν
1794 4014 2035 4088 ἀρνήσα-

394 4120 512 4173 σθαι
546 4109 645 4181 μὶν
674 4106 769 4161 τὸν
800 4106 1055 4180 Χριστὸν,
1116 4106 1272 4159 θῦσαι
1330 4101 1387 4159 δὲ
1441 4107 1523 4176 τῷ
1582 4100 1754 4175 ἡλίῳ,
1812 4103 1900 4157 καὶ
1958 4106 2038 4173 τῷ

394 4198 543 4273 πυρί.
602 4198 692 4258 Ὠς
752 4193 810 4250 δὲ
884 4194 983 4251 οὐκ
1058 4192 1261 4263 ἔπεισε,
1322 4194 1539 4267 πρῶτον
1602 4192 1696 4265 μὲν
1752 4191 2041 4266 γυμνώσας

395 4289 587 4357 αὐτὴν,
640 4281 829 4357 ἔτυψεν
914 4280 1177 4356 ἀφειδῶς,
1255 4281 1346 4337 καὶ
1404 4279 1655 4355 λαμπάσι
1721 4278 2036 4358 κατέφλεξεο

396 4377 483 4433 καὶ
540 4375 819 4452 κρεμάσας
877 4368 1020 4444 ἔξεσε
1078 4371 1212 4445 μετὰ
1268 4368 1508 4446 σιδηρῶν
1565 4369 1805 4445 ὀνύχων
1860 4368 2044 4425 ἔπειτα

399 4467 535 4541 ξίφει
564 4466 665 4535 τήν
693 4463 842 4539 ἱερὰν
873 4461 1040 4532 αὐτῆς
1067 4459 1309 4539 κεφαλὴν
1328 4459 1613 4533 ἀπέτεμεν.

469 4679 565 4736 Καὶ
596 4680 831 4750 ἄθλησις
883 4680 991 4732 τῶν
1040 4674 1209 4761 ἁγίων
1265 4672 1466 4800 χιλίων
1516 4634 1825 4749 μάρτιύρων,
1882 4669 1974 4728 και

898 4748 1058 4800 Ἀζὰτ
1098 4767 1194 4800 του
1252 4766 1277 4800 ε
1316 4764 1544 4800 νουγου.

898 4748 1058 4818 Ἀζᾶτ
1088 4745 1194 4801 τοῦ
1252 4745 1544 4820 εὖνούχου.

476 4879 588 4947 Τῆς
616 4869 1008 4948 σωτηριώδους
1040 4872 1234 4946 ἑορτῆς
1266 4867 1559 4939 ἐπιστάσης
1586 4874 1687 4938 τῆς
1744 4865 1901 4944 ἁγίας
1954 4866 2048 4923 καὶ

412 4964 652 5043 μεγάλης
738 4967 1114 5037 Παρασκευῆς,
1195 4960 1465 5031 ἑώρταζον
1532 4958 1619 5015 καὶ
1700 4956 1752 5012 ἐν
1825 4954 2047 5033 Ηερσίδι

405 5053 764 5130 Χριστιανοὶ,
846 5051 935 5106 καὶ
1011 5047 1370 5123 ἒδοξολόγουν
1446 5046 1894 5124 εὐχαριστοῦντες
1971 5052 2051 5120 τῷ

403 5147 650 5220 Χριστῷ,
681 5146 761 5213 τῷ
790 5138 859 5197 δι’
890 5142 1038 5213 ἡμᾶς
1078 5138 1434 5212 ὑπομείναντι
1466 5138 1534 5191 τὰ
1580 5139 1826 5211 σωτήρια
1880 5135 2048 5208 πάθη.

405 5234 780 5311 Κῳτηθὲντος
808 5229 900 5285 οῦν
928 5232 1026 5285 τοῦ
1077 5229 1239 5303 ἁγίου
1297 5227 1527 5299 Συμεὼν
1585 5229 1682 5281 τοῦ
1729 5225 2051 5296 ἰπισκόπου,

402 5324 491 5379 καὶ
521 5316 907 5393 ἀναιρεθέντος,
968 5316 1057 5373 καὶ
1120 5317 1234 5390 μετ’
1290 5314 1499 5371 ἐκείνου
1541 5316 1907 5392 φονευθέντων
1963 5315 2054 5371 καὶ

405 5412 590 5468 ἄλλων
636 5408 868 5465 πολλῶν
927 5405 1036 5480 (καὶ
1091 5405 1193 5482 γὰρ
1250 5403 1357 5459 ἀπὸ
1411 5410 1511 5473 τῆς
1576 5401 1816 5478 μεγάλης
1874 5408 2055 5480 Ιῐαρα-

404 5508 600 5571 σκευῆς
637 5499 806 5574 μέχρι
840 5494 1070 5566 δεκάτης
1100 5494 1334 5568 ἡμέρας,
1388 5496 1490 5554 πᾶς
1546 5492 1869 5568 Χριστιανὸς
1925 5513 2056 5568 κρα.

405 5589 669 5662 τούμενος
703 5584 1025 5664 ἐφονεύετο),
1056 5582 1428 5656 ἐκρατήθησαν
1456 5578 1548 5635 καὶ
1594 5579 1745 5635 οὗτοι
1779 5580 1830 5634 οἱ
1890 5581 2056 5654 ἅγιοι,

406 5680 497 5738 καὶ
529 5678 649 5755 μετ’
681 5676 857 5734 αὐτῶν
889 5673 1048 5747 Ἀζὰτ
1081 5673 1110 5729 ὁ
1135 5670 1422 5748 εὐνοῦχος,
1480 5667 1745 5734 πλούσιος
1802 5669 1897 5744 μὲν
1955 5666 2053 5743 ὥν,

2136 3313 2535 3369 truncandum
2568 3313 3062 3381 esset,timentem
3076 3328 3143 3367 ac
3166 3311 3562 3383 trepidantem
3575 3310 3779 3366 adver-

2136 3409 2290 3471 tens,
2323 3402 2435 3475 ipsi
2470 3403 2592 3457 ait:
2624 3404 2703 3457 Ne
2738 3403 2968 3468 timeas,
3002 3400 3211 3457 claude
3253 3400 3455 3456 oculos
3508 3405 3663 3467 tuos,
3721 3404 3781 3454 et

2136 3494 2402 3549 Christus
2433 3498 2488 3548 te
2510 3491 3063 3547 illuminabit.Unde
3090 3492 3439 3546 Christianas
3471 3489 3781 3563 religionis

2138 3581 2367 3639 assecla
2395 3581 2684 3653 cognitus,
2717 3580 3006 3635 adductus
3039 3585 3128 3634 est
3156 3596 3357 3635 coram
3410 3596 3583 3652 rege:
3618 3583 3678 3633 et
3707 3577 3780 3634 ab

2138 3672 2268 3743 ipso
2299 3672 2858 3741 interrogatus,cum
2891 3668 3103 3723 Christi
3137 3684 3359 3723 nomen
3373 3667 3681 3724 confessus
3700 3684 3786 3722 es-

2142 3760 2517 3831 set,primum
2532 3757 2771 3828 quidem
2785 3757 2838 3810 ei
2869 3755 3132 3811 abscissa
3162 3756 3275 3812 fuit
3304 3757 3507 3826 lingua
3531 3775 3545 3814 :
3569 3756 3787 3811 deinde

2142 3849 2322 3905 totius
2377 3848 2640 3918 corporis
2666 3845 2821 3917 pelle
2870 3845 3191 3900 crudeliter
3211 3845 3492 3912 detracta,
3525 3846 3788 3902 animam

2143 3938 2362 3995 emisit.
2395 3936 2603 3991 Filiam
2635 3938 2833 3991 autem
2865 3933 3121 3990 habebat
3149 3934 3545 3991 Christianam
3568 3935 3789 3991 sancti-

2143 4028 2489 4093 monialem,
2524 4042 2701 4098 quam
2732 4041 2933 4080 coram
2978 4041 3042 4080 se
3090 4025 3407 4081 adductam
3449 4025 3633 4096 jussit
3689 4042 3793 4081 rex

2145 4119 2375 4177 Christo
2403 4117 2769 4181 renuntiare,
2799 4115 3040 4187 Solique
3071 4120 3250 4187 atque
3283 4115 3406 4187 lgui
3431 4115 3788 4171 sacrificare.

2148 4211 2291 4265 Cum
2306 4226 2439 4265 vero
2471 4208 2575 4263 illa
2603 4207 2676 4263 ad
2707 4206 2766 4262 id
2799 4207 3034 4263 suaderi
3060 4224 3180 4262 non
3202 4207 3792 4279 pateretur,primum

2148 4300 2390 4373 quidem
2422 4315 2552 4355 eam
2565 4296 3518 4363 denudarimandavit,crudeliter
3542 4295 3798 4369 ﬂagellis

2150 4390 2319 4453 caadi,
2348 4389 2696 4459 facibusque
2733 4388 2903 4443 aduri
2938 4405 2950 4443 :
2986 4386 3201 4441 deinde
3234 4384 3540 4456 suspendi,
3572 4402 3641 4440 ac
3671 4384 3793 4438 fer-

2149 4482 2270 4540 reis
2297 4478 2632 4552 unguiculis
2662 4477 2939 4533 dilaniari
2991 4495 3004 4531 :
3058 4490 3286 4530 sacram
3312 4473 3553 4528 demum
3605 4472 3801 4543 ipsius

2073 4558 2119 4622 D
2152 4572 2440 4631 cervicem
2462 4585 2603 4626 ense
2633 4567 2924 4624 abscindi.

2155 4688 2226 4741 Et
2281 4684 2553 4735 certamen
2618 4681 2931 4731 sanctorum
2985 4671 3135 4728 mille
3189 4678 3501 4743 martyrum
3558 4679 3611 4727 et
3668 4672 3802 4728 Azat

2865 4744 3119 4799 eunuchi.

2229 4863 2653 4918 Recurrentem
2685 4858 2905 4911 sanctas
2936 4858 2996 4909 et
3018 4867 3248 4926 magnae
3276 4852 3627 4908 Parasceves
3642 4849 3803 4907 salu-

2161 4958 2348 5008 tarem
2378 4947 2755 5005 festivitatem
2786 4943 2965 4998 etiam
2996 4943 3036 4997 ii
3068 4940 3409 5008 Christiani,
3442 4940 3545 5013 qui
3575 4941 3637 4997 in
3669 4942 3805 4997 Per-

2162 5041 2288 5100 side
2319 5042 2506 5106 erant,
2541 5033 2943 5103 celebrabant,
2990 5036 3167 5103 atque
3214 5030 3472 5103 gloriosa
3526 5030 3807 5088 recorda-

2163 5133 2327 5190 tione
2357 5126 2705 5185 recolebant
2735 5141 2749 5192 ;
2782 5124 3013 5181 Christo
3071 5123 3291 5195 gratias
3350 5126 3611 5195 agentes,
3645 5122 3807 5194 quod

2162 5225 2408 5295 propter
2456 5221 2725 5273 nostram
2779 5213 3033 5270 salutem
3091 5212 3215 5285 pati
3272 5209 3553 5284 dignatus
3608 5209 3808 5269 fuerit.

2163 5308 2605 5383 Comprehensa
2654 5311 2855 5362 autem
2912 5308 2971 5359 et
3018 5302 3215 5359 occiso
3274 5307 3479 5358 sancto
3537 5302 3816 5360 Simeone

2166 5402 2465 5473 episcopo,
2500 5404 2560 5452 et
2589 5397 2724 5453 aliis
2783 5394 2961 5449 etiam
3010 5391 3287 5463 plurimis
3343 5408 3479 5448 cum
3538 5408 3606 5445 eo
3658 5392 3785 5448 inte

2167 5489 2414 5561 remptis
2460 5486 2555 5558 (ab
2600 5486 2727 5557 ipso
2787 5481 3085 5554 siquidem
3159 5496 3385 5552 magum
3464 5486 3817 5536 Parasceves

2169 5582 2265 5637 die
2300 5594 2405 5650 per
2436 5576 2641 5632 decem
2673 5589 2861 5643 usque
2919 5575 3243 5640 sequentes
3287 5569 3416 5623 dies
3469 5567 3815 5639 quicunque

2168 5663 2830 5744 comprehendobantur
2885 5657 3224 5728 Christiani,
3255 5654 3717 5730 occidebantur),
3750 5655 3813 5716 hi
