4134 6302
285 402 400 462 405

1837 403 2174 468 APRILIS.

3599 410 3720 470 406

293 533 499 591 έκείνου
531 533 798 606 θάνατον,
843 535 931 590 καὶ
962 535 1061 605 τὴν
1118 533 1254 610 πρὸς
1311 533 1505 610 Κύριον
1550 535 1711 607 ἡμῶν
1743 535 1935 604 Ἰησοῦε

2072 543 2130 594 et
2150 540 2222 596 ad
2252 543 2452 600 Jesum
2483 543 2780 600 Christum
2840 543 3161 598 Deminum
3208 545 3479 596 nostrum
3511 558 3581 597 ex
3603 542 3716 598 hac

299 624 526 700 Χριστὸν
581 621 888 696 ἐκδημίαν,
940 624 1029 679 καὶ
1090 624 1241 679 αὐτοὶ
1292 625 1390 688 τὰς
1443 624 1588 698 ἱερὰς
1648 623 1820 680 αὐτῶν
1865 646 1953 680 κε-

303 714 468 791 φαλὰς
503 714 609 768 ὑπὸ
660 714 922 790 Νέρωνος
978 718 1074 769 τοῦ
1129 715 1480 792 παράφρονος
1538 713 1952 786 ἀπετμήθησαν.

299 808 468 859 Ταῦτα
498 803 601 878 γὰρ
656 804 685 857 ὁ
718 804 1117 878 τρισμακάριος
1171 803 1260 858 καὶ
1317 797 1616 863 πανόλϐιος
1673 803 1950 878 Δωρόθεος

297 893 348 950 ἐν
395 894 589 966 Ῥώμῃ
651 893 933 968 γεγονὼς,
993 891 1082 947 διὰ
1157 893 1473 966 Ῥωμαϊκῆς
1553 888 1839 948 διαλέκτου
1897 891 1948 947 ἐν

298 983 663 1053 Ὑπομνήσεσι
697 981 1090 1037 καταλέλοιπε⁶
1123 980 1212 1038 καὶ
1246 981 1308 1037 ού
1343 982 1508 1055 μόνον
1541 981 1665 1057 περὶ
1718 981 1948 1052 τούτων,

297 1070 556 1128 ἀλλ“’“
705 1070 970 1126 ⁸’λ
1082 1075 1108 1087 ”
1225 1073 1239 1092 ’
1389 1070 1455 1126 όλ
1679 1068 1864 1126 ὶ”λλ

409 1092 557 1126 αιιαι
591 1091 721 1142 περι
768 1092 877 1126 των
979 1092 1150 1126 οιπων
1214 1092 1386 1126 αποστ
1461 1092 1557 1140 ων,
1610 1092 1677 1125 κα
1758 1093 1790 1126 α
1872 1091 1945 1126 ων

293 1161 520 1218 πολλῶν
556 1165 753 1237 ἁγίων,
786 1161 932 1218 ἀλλὰ
961 1162 1050 1217 καὶ
1082 1162 1206 1234 περὶ
1257 1166 1366 1218 τῶν
1426 1163 1591 1238 ἱερῶν
1651 1167 1947 1240 προφητῶν

294 1252 603 1326 ἱστόρησεν’
632 1250 840 1325 ἐγένετο
873 1253 976 1327 γάρ
1032 1253 1060 1306 ὁ
1117 1252 1269 1328 ἅγιος
1331 1249 1399 1307 δι’
1458 1253 1679 1330 εὐφυίαν
1724 1251 1946 1323 πολλὴν

292 1341 646 1416 πολυμαθὴς,
678 1344 766 1398 καὶ
791 1341 1133 1412 πολυῖστωρ,
1168 1342 1242 1404 ὡς
1273 1341 1446 1405 ἄλλος
1479 1364 1585 1406 τις.

361 1531 460 1589 Καὶ
494 1529 867 1626 ἄθλησιςητῶν
895 1530 1062 1606 ἁγίων
1101 1531 1388 1626 μαρτύρων
1419 1533 1719 1626 γΙυναικῶν,
1752 1534 1866 1590 Βα-

686 1602 957 1674 σιλίσσης,
1030 1602 1118 1659 καὶ
1177 1602 1548 1668 Ἀναστασίας.

364 1722 666 1778 Βασῖλισσα
723 1721 811 1777 καὶ
865 1721 1202 1794 Ἀναστασία,
1261 1723 1316 1778 αἱ
1373 1727 1471 1778 τοῦ
1528 1723 1769 1796 Χριστοῦ
1804 1725 1944 1798 μάρ-

291 1831 470 1885 τυρες,
504 1813 760 1888 ὑπῆρχον
799 1813 893 1885 μὲν
951 1812 1057 1867 ἀπὸ
1113 1815 1210 1882 τῆς
1274 1811 1518 1889 μεγάλης
1546 1813 1763 1878 πόλεως
1792 1814 1939 1870 Ῥώ-

2071 631 2187 686 vita
2219 635 2557 702 transitum,
2586 635 2762 689 etiam
2805 633 3114 704 ipsi,jussu
3146 631 3441 686 dementis
3473 633 3717 686 Neronis

2069 722 2252 776 sacris
2311 723 2606 794 capitibus
2663 723 3000 778 obtruncati
3055 722 3316 776 fuerunt.
3355 721 3487 774 Haec
3517 725 3716 775 autem

2068 811 2270 867 omnia
2292 813 2726 879 sanctissimus,
2755 829 2821 867 ac
2852 811 3234 867 beatissimus
3263 810 3350 864 vir
3382 809 3716 866 Dorotheus

2064 899 2263 956 Romae
2293 904 2760 968 natus,Romano
2789 902 3070 956 idiomate
3103 900 3163 954 in
3188 900 3311 955 suis
3343 905 3712 955 commenta-

2064 990 2170 1046 riis
2203 993 2678 1066 scriptareliquit
2701 1011 2714 1048 :
2739 1010 2849 1049 nec
2877 993 3052 1048 modo
3077 991 3148 1046 de
3181 992 3406 1062 his,sed
3440 993 3618 1048 etiam
3638 991 3710 1047 de

2063 1083 2310 1156 reliquis
2340 1084 2645 1156 apostolis,
2680 1090 2740 1139 et
2764 1084 2899 1140 aliis
2929 1083 3199 1155 pluribus
3231 1083 3474 1150 sanctis,
3499 1082 3709 1136 simul-

2063 1191 2178 1245 que
2200 1174 2272 1230 de
2304 1176 2487 1230 sacris
2520 1175 2824 1248 praphetis
2854 1174 3166 1229 historiam
3197 1173 3568 1244 conscripsit.
3603 1173 3708 1227 Hic

2061 1264 2357 1335 siquidem
2376 1271 2616 1320 sanctus
2639 1265 2711 1320 ob
2723 1263 3206 1336 multamingenii
3239 1263 3329 1318 sui
3357 1262 3706 1318 felicitatem

2059 1354 2377 1424 multiplici
2408 1356 2680 1412 doctrina
2711 1360 2769 1410 et
2815 1354 3146 1410 eruditione
3192 1353 3497 1424 quibusvis
3529 1352 3703 1425 longe

2056 1443 2353 1513 praestitit.

2055 1561 2126 1616 Et
2179 1566 2452 1615 certamen
2498 1567 2811 1616 sanctarum
2867 1567 3176 1629 martyrum
3231 1559 3522 1614 mulierum
3579 1559 3693 1613 Ba-

2551 1633 2761 1701 silissw,
2792 1639 2842 1686 et
2874 1634 3200 1688 Anastasiae.

2125 1748 2423 1815 Basilissa,
2457 1753 2517 1803 et
2543 1749 2853 1805 Anastasia
2883 1749 3098 1803 Christi
3131 1754 3424 1821 martyres
3452 1749 3693 1806 fuerunt

2055 1855 2125 1894 ex
2157 1855 2372 1910 magna
2402 1838 2546 1894 urbe
2577 1839 3022 1901 Homa,nobiles
3053 1839 3126 1894 ad
3157 1839 3454 1900 divites.et
3473 1847 3700 1896 sancto-

299 1923 431 1975 μης,
465 1902 729 1976 εὐγενεῖς,
752 1902 841 1957 καὶ
872 1901 1154 1972 πλούσιαι,
1191 1904 1486 1977 μαθήτριαι
1520 1900 1577 1958 δὲ
1605 1907 1712 1957 τῶν
1767 1904 1935 1978 ἁγίων

2052 1945 2180 1984 rum
2211 1928 2611 1999 apostolorum
2644 1929 3121 1999 discipulw.Post
3140 1929 3352 1984 horum
3381 1946 3514 1984 vero
3535 1947 3692 1985 mor-

287 1989 639 2047 ἀποστόλων.
676 1993 823 2046 Μετά
854 1989 911 2045 δὲ
938 1990 1199 2060 τελευτὴν
1252 1991 1485 2061 τούτων,
1515 1991 1580 2046 τὰ
1633 1992 1792 2064 τίμια
1845 1991 1940 2048 αύ-

281 2085 391 2135 τῶν
453 2077 690 2153 λείψανα
770 2078 1096 2153 ἀνελόμεναι
1163 2081 1354 2144 νυκτὸς
1437 2080 1525 2136 καὶ
1588 2079 1938 2154 κηδεύσασαι,

281 2166 726 2242 διεγνώσθησαν,
785 2170 874 2224 καὶ
937 2170 1387 2243 κατεμηνύθησαν
1471 2171 1564 2226 καὶ
1622 2169 1776 2225 αὗται
1860 2176 1939 2244 τῷ

279 2253 554 2326 δυσσεϐεῖ,
645 2258 735 2313 καὶ
791 2260 1097 2337 παράφρονι
1175 2260 1411 2336 Νέρωνι,
1471 2260 1544 2321 ὡς
1601 2260 1934 2334 Χριστιαναί.

278 2348 340 2406 Ὁ
403 2345 462 2403 δε
513 2348 822 2423 παραυτίκα
877 2349 1203 2411 ἀποστείλας
1259 2348 1548 2424 ἐκράτησεν
1607 2350 1795 2422 αὐτὰς,
1847 2351 1934 2406 καὶ

276 2437 480 2514 ἤγαγεν
532 2439 772 2495 ἐνώτιον
830 2439 993 2495 αὐτοῦ
1051 2438 1338 2513 δεδεμένας
1393 2441 1637 2511 ἁλύσεσι,
1694 2441 1784 2496 καὶ
1841 2463 1940 2497 κα-

277 2531 618 2605 τηνάγκασεν
653 2531 987 2605 ἀρνήσασθαι
1018 2531 1109 2586 τὸν
1169 2533 1423 2607 Χριστόν.
1485 2534 1576 2600 Μή
1635 2531 1819 2595 πείσας
1880 2531 1938 2587 δὲ

283 2619 468 2690 αὐτὰς,
527 2621 655 2675 τότε
716 2620 810 2691 μὲν
871 2619 1183 2675 ἀπέκλεισεν
1244 2621 1319 2683 εἷς
1371 2620 1642 2694 φυλακήν·
1716 2620 1933 2694 ὕστερον

287 2708 346 2765 δὶ
375 2713 625 2788 φυλακῆς
660 2706 935 2780 ἐκϐαλὼν,
982 2711 1363 2788 ἐτιμωρήσατο
1422 2713 1582 2774 αὐτὰς
1639 2710 1932 2791 διαφόρως.

293 2801 400 2856 Καὶ
454 2801 544 2875 γὰρ
632 2800 763 2863 τοὺς
825 2800 1060 2876 μαστοὺς
1145 2802 1320 2857 αὑτῶν
1382 2802 1611 2874 ἐξέτεμε,
1677 2804 1766 2857 καὶ
1837 2805 1934 2865 τὰς

302 2886 540 2963 γλώσσας
572 2891 846 2963 ἀπέκοψε,
877 2892 966 2944 καὶ
1006 2893 1282 2965 κρεμάσας
1340 2890 1504 2962 ἔξεσε,
1562 2891 1654 2946 καὶ
1688 2889 1935 2964 λαμπάσι

299 2979 596 3052 κατέφλεξε,
654 2981 746 3036 καὶ
794 2978 958 3042 τέλος
1017 2981 1314 3057 μαχαίραις
1359 2981 1455 3044 τὰς
1509 2981 1698 3056 τιμίας
1753 2982 1932 3038 αὐτῶν

288 3068 514 3143 ἀπέτεμε
545 3069 810 3148 κεφαλάς.

813 3198 992 3256 ΜΗΝΙ
1049 3199 1142 3254 TD
1204 3199 1396 3253 ΑΥΤΩ.

1051 3295 1142 3364 1ζ’.

349 3381 624 3454 Ἀθλησις
655 3387 753 3438 τοῦ
786 3382 946 3458 ἁγίου
983 3385 1264 3458 μάρτυρος
1298 3382 1611 3456 Λεονίδους,
1642 3387 1732 3440 καὶ
1762 3390 1864 3452 τῆς

878 3454 1129 3520 συνοδίας
1154 3454 1340 3512 αὐτοῦ.

355 3563 521 3620 Οὗτοι
554 3563 608 3617 οἱ
665 3562 813 3636 ἅγιοι
868 3563 1120 3638 ὑπῆρχον
1165 3562 1223 3618 έκ
1252 3569 1351 3632 τῆς
1392 3563 1584 3638 χώρας
1639 3562 1932 3627 Ἑλλάδος’

286 3653 375 3706 καὶ
408 3653 434 3705 ὁ
471 3653 566 3724 μὲν
599 3649 862 3722 Λεονίδης
891 3650 942 3706 ἐν
969 3656 1038 3725 τῇ
1085 3653 1248 3726 ἑορτῇ
1302 3659 1404 3721 τῆς
1437 3653 1807 3714 Ἀναστάσεως
1835 3657 1934 3708 τοῦ

292 3739 490 3813 Κυρίου
539 3743 703 3811 ἡμῶν
762 3740 944 3807 Ἰησοῦ
1002 3745 1268 3814 Χριστοῦ,
1330 3741 1463 3813 μετᾶ
1519 3738 1737 3797 πολλοῦ
1799 3739 1934 3796 λαοῦ

291 3828 518 3903 ψάλλων
569 3829 620 3884 ἐν
679 3834 748 3904 τῇ
807 3827 1094 3902 ἐκκλησίᾳ,
1150 3831 1239 3884 καὶ
1299 3831 1590 3902 ἑορτάζων,
1659 3829 1927 3906 ἐκρατήθη

292 3921 390 3976 ὑπὸ
415 3925 528 3976 τῶν
556 3917 1000 3996 είδωλολατρῶν,
1042 3920 1133 3976 καὶ
1194 3918 1366 3985 δεθεὶς
1415 3918 1567 3995 ἤχθη
1627 3922 1703 3983 εἷς
1734 3923 1934 3992 Κόριν-

291 4020 399 4074 θον.
427 4011 495 4068 Οἱ
547 4007 605 4064 δὲ
662 4007 854 4065 λοιποὶ
910 4007 1097 4081 ἅνδρες
1149 4029 1208 4065 τε
1291 4010 1380 4064 καὶ
1438 4016 1704 4086 γυναῖκες,
1765 4009 1934 4073 ἄλλος

289 4097 596 4175 ἀλλαχόθεν
653 4094 826 4166 ὄντες,
883 4099 1228 4173 παρέστησαν
1285 4103 1364 4170 τῷ
1430 4107 1530 4168 τῆς
1591 4100 1780 4174 χώρας
1838 4099 1934 4174 ἂρ-

287 4188 461 4244 χοντι·
500 4186 900 4264 συλληφθέντες
930 4187 1023 4242 καὶ
1083 4186 1237 4241 αὐτοὶ
1299 4184 1536 4260 δέσμιοι,
1599 4185 1931 4251 συνδεθέντες

287 4282 362 4348 τῷ
447 4277 586 4353 ἁγίῳ
670 4273 926 4350 Λεονίδῃ,
1013 4274 1445 4345 ἀπεκλείσθησαν
1530 4275 1607 4338 εἷς
1661 4275 1928 4350 φυλακήν.

289 4367 412 4421 Εἶτα
458 4373 558 4434 τῆς
619 4364 869 4442 φυλακῆς
924 4359 1304 4434 ἐκϐληθέντες,
1355 4365 1698 4440 παρέστησαν
1767 4364 1928 4420 πάλιν

285 4459 358 4526 τῷ
401 4462 503 4525 τῆς
551 4454 815 4521 Κορίνθου
872 4453 1124 4528 ἃρχοντι,
1182 4454 1269 4508 καὶ
1332 4457 1804 4528 κατηναγκάζοντο
1835 4455 1929 4527 ἀρ-

286 4548 544 4614 νήσασθαι
578 4544 672 4617 μὶν
701 4543 794 4598 τὸν
853 4543 1110 4618 Χριστὸν,
1152 4544 1304 4596 θῦσαι
1367 4539 1425 4596 δὲ
1479 4548 1596 4604 τοῖς
1653 4541 1928 4606 εἰδώλοις.

2051 2024 2331 2078 tem.cum
2361 2017 2727 2072 venerandas
2758 2034 2963 2072 eorum
2989 2018 3276 2088 reliquias
3297 2023 3471 2073 nocte
3496 2023 3691 2073 sustu-

2046 2105 2277 2176 lissent,
2305 2113 2482 2177 atque
2515 2112 2846 2173 curassent,
2878 2106 3125 2162 detectae
3161 2107 3420 2174 fuerunt,
3473 2113 3532 2162 et
3569 2113 3695 2163 tan-

2047 2213 2227 2268 quam
2268 2195 2617 2250 Christianae
2677 2196 3038 2251 denuntiatae
3093 2197 3275 2268 impio
3326 2201 3384 2252 et
3422 2197 3688 2253 dementi

2048 2285 2265 2341 Neroni
2299 2286 2441 2355 :qui
2473 2284 2632 2340 illico
2692 2301 2790 2340 eas
2849 2285 3296 2356 comprehendi,
3354 2291 3413 2339 et
3468 2287 3694 2342 catenis

2047 2375 2272 2430 vinctas
2306 2390 2507 2429 coram
2540 2391 2603 2429 se
2634 2373 2848 2430 adduci
2878 2374 3424 2444 mandavit,easque
3457 2375 3699 2446 impulit

2045 2465 2346 2519 Christum
2379 2464 2773 2537 abnegare.At
2797 2481 2933 2520 cum
2948 2464 3007 2518 id
3029 2464 3173 2535 ipsis
3189 2464 3548 2534 persuadere
3569 2481 3691 2520 non

2046 2553 2346 2620 valuisset,
2370 2554 2671 2624 praecepit,
2696 2558 2761 2608 ut
2790 2554 2850 2608 in
2884 2569 3182 2608 carcerem
3214 2552 3689 2608 detruderentur.

2044 2644 2256 2697 Postea
2284 2661 2418 2698 vero
2453 2660 2483 2696 e
2514 2659 2752 2698 carcere
2811 2643 3074 2701 eductas.
3110 2642 3538 2713 multiplicibus
3571 2649 3689 2698 tor-

2044 2730 2261 2785 mentis
2292 2731 2668 2785 excruciavit.
2694 2732 2837 2784 Nam
2872 2729 3128 2800 primum
3161 2745 3366 2783 earum
3387 2729 3568 2786 ubera
3591 2747 3690 2786 ex-

2045 2820 2232 2876 scindi
2267 2828 2325 2876 et
2352 2821 2584 2893 linguas
2613 2821 2904 2891 amputari
2933 2837 2946 2874 :
2982 2819 3196 2874 deinde
3249 2837 3570 2891 suspensas
3596 2821 3686 2876 di-

2043 2911 2276 2981 laniari,
2333 2919 2392 2967 et
2439 2912 2667 2968 facibus
2722 2911 2892 2966 aduri
2929 2928 2941 2965 :
2975 2927 3041 2965 ac
3071 2911 3314 2965 demum
3351 2912 3688 2967 veneranda

2045 3018 2249 3059 earum
2279 3002 2472 3074 capita
2500 3002 2742 3058 ensibus
2772 3000 3116 3056 obtruncari
3139 2999 3344 3071 jussit.

2603 3209 2843 3264 EODEM
2883 3207 3133 3262 MENSE.

2578 3314 2680 3370 Die
2710 3314 2941 3369 decima
2963 3319 3146 3369 sexta.

2044 3405 2144 3463 58
2178 3407 2468 3462 Certamen
2494 3409 2674 3462 sancti
2716 3407 2974 3488 martyris
3029 3407 3301 3472 Leonidis,
3335 3411 3386 3460 et
3412 3406 3685 3461 sociorum

2799 3494 2934 3543 ems.

2115 3585 2183 3639 Hi
2215 3585 2402 3640 sancti
2431 3589 2721 3657 martyres
2761 3600 2828 3639 ex
2861 3585 3096 3640 Graeciaa
3151 3585 3390 3656 regione
3420 3585 3682 3641 fuerunt.

2043 3675 2125 3729 Ac
2157 3673 2446 3730 Leonides
2476 3673 2717 3743 quidem
2750 3691 2885 3729 cum
2917 3673 2978 3727 in
3008 3673 3157 3728 festo
3209 3674 3682 3729 Resurrectionis

2042 3762 2278 3818 Domini
2309 3764 2496 3818 nostri
2526 3763 2887 3818 JesuChristi
2911 3779 3109 3818 coram
3137 3762 3435 3834 frequenti
3467 3764 3685 3834 populo

2041 3852 2104 3906 in
2137 3851 2387 3907 ecclesia
2416 3851 2718 3922 psalleret,
2749 3851 3086 3922 festumque
3137 3857 3354 3922 ageret,
3409 3869 3678 3923 compre-

2043 3940 2266 3995 hensus
2295 3940 2406 3994 fuit
2435 3939 2504 3994 ab
2538 3939 2889 4003 idololatris,
2923 3945 2982 3993 et
3036 3940 3270 3994 vinctus
3329 3940 3680 3996 Corinthum

2043 4029 2352 4084 adductus.
2385 4028 2620 4098 Reliqui
2651 4045 2785 4082 vero
2818 4027 2924 4082 viri
2957 4045 3023 4083 ac
3058 4029 3469 4100 mulieres,qui
3502 4047 3572 4085 ex
3589 4030 3680 4085 di-

2041 4118 2226 4174 versis
2258 4118 2402 4172 locis
2431 4118 2941 4188 erant,provinciae
2965 4117 3203 4189 praesidi
3227 4117 3408 4173 oblati
3423 4119 3681 4174 fuerunt.

2043 4209 2149 4274 Qui
2182 4207 2360 4262 simul
2393 4207 2644 4262 vinculis
2675 4208 3003 4273 constricti,
3065 4214 3121 4262 et
3181 4214 3382 4262 sancto
3444 4209 3685 4264 Leonidi

2043 4298 2330 4369 adjuncti,
2362 4298 2423 4352 in
2457 4314 2755 4352 carcerem
2789 4297 3013 4352 detrusi
3047 4303 3203 4352 sunt.
3240 4297 3464 4352 Deinde
3495 4315 3524 4352 e
3557 4316 3685 4354 car-

2042 4405 2173 4444 cere
2205 4387 2422 4449 educti,
2485 4387 2698 4442 iterum
2749 4387 3012 4441 Corinthi
3074 4387 3308 4457 prassidi
3371 4389 3683 4442 sistuntur.

2042 4478 2306 4548 Cumque
2334 4477 2404 4531 ab
2433 4493 2500 4530 eo
2534 4476 2985 4546 impellerentur
3014 4477 3310 4531 Christum
3362 4493 3596 4547 negare,
3631 4482 3689 4532 et

2041 4566 2218 4620 idolis
2252 4565 2606 4629 sacriﬁcare,
2628 4582 2737 4620 nec
2765 4565 2837 4619 ad
2870 4565 2927 4618 id
2950 4565 3148 4618 induci
3180 4570 3440 4634 possent,
3478 4566 3686 4618 Leoni-

287 4635 428 4692 Ἐπεὶ
462 4632 522 4688 δὲ
550 4633 650 4688 οὐκ
679 4632 1028 4702 ἐπείσθησαν,
1090 4634 1118 4687 ὁ
1171 4633 1266 4706 μὲν
1313 4630 1576 4703 Λεονίδης
1606 4632 1928 4706 κρεμασθεὶς

2052 4656 2142 4711 ies
2166 4655 2407 4726 quidem
2432 4655 2590 4726 ligno
2605 4653 3549 4724 suspensus,crudeliterdepexus
3573 4659 3682 4722 est,

286 4721 368 4778 ἰπὶ
398 4721 586 4796 ξύλου,
619 4720 804 4793 ἐξέσθη
851 4719 1106 4799 ἀφειδῶς,
1165 4722 1255 4776 καὶ
1314 4719 1564 4793 λαμπάσι
1621 4721 1717 4784 τὰς
1747 4722 1923 4776 πλευ-

289 4813 378 4887 ρὰς
429 4807 803 4890 κατεφλέχθη.
891 4813 1024 4866 Εἶτα
1079 4812 1177 4864 τοῦ
1255 4808 1421 4883 ξύλου
1480 4803 1925 4879 καταϐιϐασοεῖς,

292 4901 418 4972 μετὰ
444 4904 552 4955 τῶν
586 4899 678 4954 σὺν
711 4898 860 4971 αύτῷ
915 4897 1079 4974 ἁγίων
1137 4902 1217 4971 τῷ
1283 4897 1436 4974 βυθῷ
1492 4897 1594 4965 τῆς
1650 4898 1926 4969 θαλάσσης

290 4987 552 5068 ἀπερρίφη
563 5034 579 5059 ,

457 5096 565 5155 Καὶ
593 5093 829 5167 ἄθλησις
857 5101 959 5165 τῆς
989 5093 1146 5169 ἁγίας
1181 5092 1457 5168 μάρτυρος
1487 5093 1747 5169 Εἰρήνης.

357 5206 452 5262 Καὶ
502 5208 536 5276 ἡ
596 5204 720 5281 άγία
796 5205 1000 5278 μάρτυς
1056 5200 1294 5279 Είρήνη,
1339 5201 1477 5258 κατὰ
1531 5203 1623 5257 τὸν
1680 5206 1930 5258 τοιοῦτον

284 5298 464 5370 καιρὸν
486 5299 584 5350 τοῦ
613 5294 770 5370 ἁγίου
801 5292 1016 5367 Πάσχα,
1050 5290 1102 5346 ἐν
1162 5294 1230 5365 τῇ
1290 5291 1430 5365 αὐτῇ
1479 5289 1662 5367 χώρᾳ,
1694 5289 1746 5346 ἐν
1807 5289 1930 5365 ἰδίῳ

289 5383 575 5460 εύκτηρίῳ,
664 5381 800 5456 μετὰ
853 5385 958 5436 τῶν
1030 5380 1154 5436 τότε
1238 5384 1578 5455 Χριστιανῶν
1637 5380 1730 5436 τὸν
1793 5382 1927 5438 Θεὸν

287 5470 652 5549 δοξολογοῦσα
683 5515 697 5541 ,
766 5469 1112 5543 κατεμηνύθη
1174 5473 1254 5541 τῷ
1311 5467 1539 5544 ἃρχοντι
1595 5470 1742 5542 παρὰ
1820 5473 1929 5524 τῶν

290 5558 552 5619 δυσσεὸῶν
627 5558 1054 5633 εἰδωλολατρῶν
1084 5578 1097 5591 ο
1187 5557 1278 5614 καὶ
1361 5559 1692 5632 κρατηθεῖσα
1774 5557 1924 5633 ἢχθη

286 5649 679 5727 δεδεμένη,καῖ
736 5647 981 5722 παρέστη
1045 5646 1210 5720 αὐτῷ.
1255 5648 1350 5702 Καὶ
1394 5646 1746 5723 ἐρωτηθεῖσα,
1782 5647 1930 5721 ὡμου

285 5741 474 5822 λόγησε
501 5745 596 5801 τὸν
629 5738 864 5817 Χριστὸν
894 5735 1192 5814 παρῥησίᾳ,
1251 5737 1379 5792 Θεὸν
1447 5735 1610 5791 αὐτὸν
1663 5735 1926 5807 ἀληθινὸν

2037 4743 2386 4813 facibusque
2435 4743 2495 4795 in
2527 4741 2812 4796 lateribus
2845 4740 3164 4804 ustulatus,
3198 4741 3412 4796 deinde
3444 4759 3474 4796 e
3523 4742 3684 4814 ligno

2038 4831 2363 4902 depositus,
2392 4847 2514 4884 una
2540 4846 2675 4884 cum
2708 4830 2927 4884 sanctis
2960 4829 3136 4884 sociis
3169 4830 3292 4886 suis
3322 4830 3382 4884 in
3435 4830 3684 4902 profun-

2039 4919 2180 4974 dum
2212 4919 2394 4973 maris
2435 4917 2742 4973 demersus
2771 4917 2903 4974 fuit.

2277 5098 2345 5152 Et
2373 5102 2646 5152 certamen
2675 5102 2884 5154 sancta:
2932 5099 3193 5168 martyris
3240 5100 3439 5154 Irenes.

2111 5203 2325 5260 Sancta
2349 5221 2586 5275 quoque
2617 5209 2843 5277 martyr
2881 5206 3048 5260 lrene
3102 5206 3308 5262 eodem
3364 5210 3552 5264 sancti
3583 5212 3688 5265 Pa-

2040 5292 2261 5349 schatis
2295 5297 2580 5364 tempore,
2606 5299 2665 5348 et
2694 5294 2756 5348 in
2784 5293 2989 5350 eadem
3013 5295 3418 5367 regione,cum
3452 5298 3512 5352 in
3543 5316 3686 5371 pro—

2039 5383 2185 5454 priaa
2217 5383 2429 5436 domus
2461 5383 2718 5438 oratorio
2741 5399 2861 5438 una
2883 5400 3015 5438 cum
3051 5384 3155 5454 eis,
3189 5386 3289 5456 qui
3314 5392 3454 5441 tunc
3485 5403 3689 5444 secum

2041 5472 2587 5540 erant,Christianis
2605 5473 2788 5528 Deum
2811 5473 3482 5546 gloriﬁcaret,abimpiis
3506 5476 3691 5534 idolo-

2038 5559 2208 5616 latris
2239 5561 2311 5616 ad
2341 5561 2657 5632 praesidem
2680 5563 2876 5616 delata
2907 5563 3683 5634 est.Comprehensaigitur,

2038 5651 2408 5721 vinculisque
2439 5652 2781 5716 constricta,
2815 5668 3013 5706 coram
3044 5651 3171 5722 ipso
3203 5651 3470 5706 sistitur:
3504 5659 3684 5724 atque

2038 5739 2417 5812 interrogata,
2452 5739 2777 5796 confidenti
2808 5740 3005 5795 animo
3066 5739 3361 5794 Christum
3411 5741 3683 5800 confessa
