4134 6302
385 408 505 469 407

1669 404 2108 470 MENOLOGII
2150 405 2374 468 PARS.
2407 407 2511 468 ΙΙΙ.

3683 402 3805 464 408

390 545 500 609 est,
536 553 740 596 verum
782 543 968 598 Deum
1024 541 1220 616 ipsum
1278 543 1682 617 promulgans,
1735 542 2037 614 totiusque

2176 538 2549 618 ίνακηρόξασα,
2599 539 2689 595 καὶ
2743 539 2946 615 Κύριον
3003 541 3101 594 τοῦ
3159 537 3356 600 παντὸς
3415 537 3650 610 κόσμου,
3711 534 3802 591 καὶ

391 637 684 688 terrarum
717 633 876 688 orbis
901 635 1313 703 Dominum,et
1341 652 1541 690 rerum
1574 633 1843 689 omnium
1875 633 2040 704 opiﬁ-

392 729 910 790 cem,servatorem
940 740 1008 779 ac
1037 724 1472 796 redemptorem
1505 724 1838 790 hominum,
1863 728 2040 793 atque

391 812 689 868 idolorum
721 813 1305 868 eversorem.ldcirco
1337 813 1589 886 ﬂagellis
1620 830 1793 880 caasa,
1828 813 1889 867 in
1911 828 2040 867 car-

394 917 591 958 cerem
623 901 1221 973 conjicitur,praaside
1252 902 1314 956 in
1345 902 1599 974 publicae
1613 919 1769 957 curae
1791 901 2044 974 negotiis

395 993 853 1064 occupato.Cum
870 998 1067 1047 autem
1096 993 1148 1048 ei
1180 999 1386 1064 postea
1409 993 1484 1048 ad
1513 992 1573 1047 id
1602 993 1789 1047 otium
1811 991 2040 1056 fuisset,

396 1099 427 1137 e
459 1098 696 1138 carcere
717 1082 934 1136 iterum
966 1082 1199 1147 educta,
1231 1099 1432 1138 coram
1466 1082 1675 1138 eodem
1707 1081 2042 1138 adducitur.

395 1171 467 1226 Et
491 1170 761 1244 pluribus
791 1171 1031 1241 quidem
1065 1177 1287 1238 vexata,
1324 1170 1646 1227 crudeliter
1695 1174 2043 1242 torquetur:

397 1276 536 1314 nam
568 1260 770 1331 lingua
802 1260 855 1314 ei
884 1259 1348 1328 exscinditur,et
1378 1260 1587 1316 dentes
1609 1259 1963 1326 evelluntur,
1992 1262 2050 1312 et

398 1353 577 1421 caput
606 1349 848 1404 demum
878 1349 1071 1422 gladio
1107 1355 1473 1420 amputatur.

576 1465 677 1523 50
709 1468 779 1522 Et
808 1473 1078 1522 certamen
1107 1467 1286 1522 sancti
1309 1466 1577 1535 martyris
1606 1464 1868 1520 Adriani.

474 1645 769 1701 Adrianus
800 1660 1038 1715 quoque
1066 1643 1278 1699 Christi
1311 1648 1536 1713 martyr
1566 1658 1635 1697 ex
1666 1641 1788 1697 illis
1809 1641 2050 1713 fuit,qui

406 1752 475 1791 eo
505 1740 771 1806 tempore
798 1732 1233 1804 comprehensi,
1263 1733 1325 1786 in
1365 1731 1626 1786 diversos
1648 1747 1917 1786 carceres
1947 1730 2048 1785 de-

406 1824 557 1880 trusi
578 1822 842 1878 fuerunt;
868 1822 1127 1876 Eductus
1161 1827 1359 1877 autem
1381 1838 1410 1875 e
1433 1836 1689 1888 carcere,
1713 1836 1848 1875 cum
1871 1821 2054 1874 sacri-

2148 629 2490 708 δημιουργὸν
2570 635 2678 686 τῶν
2732 629 2982 685 ἀπάντων
3072 635 3312 703 σωτῆρα,
3367 626 3458 682 καὶ
3512 627 3802 701 λυτρωτὴν

2147 727 2255 778 τῶν
2287 721 2615 797 ἀνθρώπων,
2673 721 2764 774 καὶ
2822 717 3136 788 καταλῦτην
3167 721 3273 772 τῶν
3335 715 3604 773 εἰδώλων.
3634 719 3797 781 ’Ὀθεν

2148 816 2409 889 τυφθεῖσα
2441 808 2770 879 ἀπεκλείσθη
2802 808 2879 872 είς
2929 808 3203 883 φυλακὴν,
3253 803 3674 878 ἀσχολουμένου
3703 810 3801 861 τοῦ

2151 901 2420 975 ἄρχοντος
2455 898 2532 955 εἷς
2565 896 2832 970 δημοσίας
2877 894 3186 974 φροντίδας.
3248 895 3691 969 Εὐκαιρήσαντος
3743 892 3802 950 δὲ

2153 990 2336 1060 αὐτοῦ,
2421 987 2586 1044 πάλιν
2667 982 2993 1056 ἐκϐληθεῖσα
3049 990 3149 1052 τῆς
3209 984 3479 1063 φυλακῆς,
3557 984 3796 1058 παρέστη

2153 1080 2321 1151 αὐτῷ.
2375 1078 2477 1136 Καὶ
2533 1080 2949 1151 ἀναγκασθεῖσα,
3012 1071 3332 1144 ἑϐασανίσθη
3387 1073 3649 1149 ἰσχυρῶς·
3707 1074 3801 1127 καὶ

2155 1170 2255 1245 γὰρ
2288 1171 2388 1237 τήν
2417 1165 2664 1244 γλῶτταν
2720 1166 2972 1239 ἐξεκόπη,
3026 1165 3118 1219 καὶ
3170 1163 3298 1226 τεὺς
3337 1161 3562 1225 ἄδόντας
3595 1161 3800 1239 ἐξερρι-

2156 1259 2330 1328 ζώθη,
2353 1257 2443 1312 καὶ
2471 1256 2629 1312 τέλον
2655 1256 2794 1334 ξίφει
2827 1256 2926 1324 τὴν
2968 1251 3212 1330 κεφαλὴν
3246 1253 3559 1326 ἀπετμήθη.

2299 1454 2400 1509 Καὶ
2433 1451 2664 1524 ἄθλησις
2706 1454 2802 1506 τοῦ
2833 1452 2994 1525 ἁγίου
3027 1452 3300 1526 μάρτυρος
3357 1446 3660 1524 Ἀδριανοῦ.

2233 1616 2331 1674 Καὶ
2377 1617 2404 1670 6
2435 1616 2640 1690 μάρτυς
2671 1619 2767 1670 τοῦ
2802 1617 3041 1689 Χριστοῦ
3089 1608 3375 1686 Ἀδριανὸς
3433 1612 3510 1671 εἷς
3570 1608 3636 1678 ἦν
3696 1607 3810 1665 τῶν

2156 1707 2282 1764 τότε
2332 1707 2733 1777 κρατηθέντων,
2792 1703 2882 1759 καὶ
2967 1700 3251 1779 διαφόροις
3308 1697 3578 1778 φυλακαῖς
3628 1719 3806 1773 παρα-

2160 1797 2540 1876 πεμφθέντων·
2600 1797 2688 1850 καὶ
2751 1788 3042 1864 ἐκϐληθεὶς
3099 1797 3201 1859 τῆς
3258 1787 3529 1866 φυλακῆς,
3615 1788 3807 1852 θυσίας

412 1913 614 1968 ﬁcium
639 1911 806 1966 falsis
839 1911 953 1965 diis
983 1911 1483 1982 ﬂeret,Graacique
1498 1925 1706 1965 omnes
1731 1925 1931 1964 errore
1953 1908 2058 1964 ab-

2176 1885 2586 1959 Ξπιτελουμένης
2624 1888 2744 1946 τοῖς
2795 1879 3176 1956 ψευδωνύμως
3233 1880 3401 1950 Θεοῖς,
3453 1877 3543 1933 καὶ
3591 1880 3804 1932 πάντων

410 2000 572 2056 ducti
607 2000 1032 2066 sacriﬁcarent,
1067 2000 1244 2054 etiam
1278 2000 1404 2071 ipse
1437 1999 1510 2054 ad
1556 2015 1720 2054 aram
1777 1997 2059 2053 accedere

411 2090 662 2162 cogitur,
695 2106 761 2145 ac
794 2090 969 2144 thura
999 2088 1259 2144 adolere.
1311 2089 1526 2143 Verum
1584 2104 1706 2143 non
1764 2086 1939 2142 modo
1998 2085 2058 2140 id

410 2178 606 2236 facere
637 2178 966 2245 recusavit;
1000 2177 1103 2232 sed
1135 2194 1270 2232 cum
1302 2183 1580 2232 strenuus
1611 2182 1768 2232 esset
1797 2192 1864 2232 ac
1881 2191 2057 2248 gene~

413 2270 677 2337 rosus,in
701 2286 863 2325 aram
895 2269 1150 2333 insiluit,
1182 2285 1432 2339 eamque
1466 2269 1691 2337 evertit,
1727 2273 1786 2322 et
1814 2267 2060 2339 imposi-

417 2364 507 2414 tas
539 2357 837 2430 superilla
865 2359 1134 2412 victimas
1155 2357 1734 2429 disjecit,ignemque
1757 2356 2056 2428 dispersit.

415 2449 558 2502 Cum
590 2445 1166 2518 proindepraasidem
1190 2446 1251 2500 in
1282 2446 1430 2500 iram
1463 2445 2063 2509 excitasset,etidolo-

414 2537 723 2604 latrarum,
758 2536 858 2606 qui
887 2535 970 2589 ibi
1014 2535 1280 2600 aderant,
1340 2536 1608 2590 animum
1669 2534 2058 2607 accendisset,

415 2626 905 2696 comprehensus,
937 2624 1260 2680 crudeliter
1289 2641 1478 2679 census
1506 2625 1655 2679 fuit:
1690 2625 1842 2679 alius
1870 2625 2058 2696 siqui-

415 2713 552 2768 dem
573 2713 732 2786 virga
763 2714 959 2784 ipsum
1017 2713 1333 2785 percussit,
1385 2713 1538 2767 alius
1573 2713 1771 2785 lapide
1802 2730 1868 2768 os
1927 2713 2059 2784 ejus

415 2803 707 2869 contrivit,
727 2801 879 2858 alius
911 2803 1106 2874 ipsum
1128 2802 1189 2856 in
1222 2802 1415 2873 capite
1449 2801 1681 2857 cecidit.
1722 2803 1969 2858 Demum
1996 2803 2059 2858 in

414 2907 762 2946 succensam
819 2891 1126 2946 ardentem
1158 2890 1461 2946 fornacem
1516 2907 1650 2947 eum
1700 2891 2055 2964 injecerunt.

410 2981 602 3050 Atque
633 2979 716 3034 ita
744 2995 913 3034 suam
939 2984 1208 3035 sanctam
1258 2979 1521 3036 animam
1554 2980 1804 3036 Domino
1873 2980 2054 3036 tradi-

410 3067 516 3123 dit.

959 3167 1200 3222 EODEM
1238 3168 1488 3224 MENSE.

910 3255 1014 3312 Die
1045 3255 1274 3312 decima
1303 3257 1557 3328 septima

663 3365 948 3419 Certamen
975 3365 1152 3419 sancti
1180 3364 1442 3434 martyris
1474 3367 1808 3422 Ardaliom’s.

485 3507 617 3564 Fuit
635 3508 753 3576 hic,
778 3507 1112 3578 imperante
1142 3508 1516 3578 Maximiano,
1550 3509 1853 3565 mimicam
1873 3515 2062 3565 artem

413 3615 717 3655 exercens.
777 3599 1009 3655 Placuit
1060 3605 1260 3656 autem
1293 3600 1367 3666 ei,
1403 3601 1559 3654 inter
1616 3599 1766 3655 alios
1799 3600 2064 3655 scenicos

418 3689 778 3757 ludos,hunc
810 3689 988 3745 etiam
1004 3689 1505 3744 exhibere.Finxit
1521 3707 1582 3745 se
1603 3697 1923 3762 martyrem
1939 3705 2066 3744 esse

422 3796 530 3852 pro
561 3779 792 3834 Christo
813 3779 1239 3834 decertantem.
1274 3778 1537 3850 Cumque
1570 3780 1632 3834 in
1664 3796 1842 3834 scena
1866 3780 1937 3834 ab
1971 3796 2064 3845 eo,

425 3870 526 3940 qui
557 3885 875 3940 personam
908 3869 1142 3940 tyranni
1176 3869 1702 3940 repraesentabant,
1738 3869 2068 3940 suspende-

424 3966 590 4014 retur
619 3975 686 4013 ac
715 3958 1390 4029 depecteretur,ipsique
1423 3975 1456 4013 a
1480 3959 2071 4030 spectatoribus,ejus

427 4048 824 4103 constantiam
855 4046 1916 4118 collaudantibus,plauderetur,voce
1946 4065 2072 4102 ma-

427 4152 542 4208 gna
573 4135 941 4203 exclamavit,
993 4141 1048 4189 et
1104 4134 1342 4188 silentio
1376 4135 1598 4191 indicto
1652 4153 1971 4192 conversus
2000 4136 2073 4192 ad

428 4223 716 4298 p0pulum
750 4223 933 4278 dixit:
968 4225 1048 4277 Ne
1078 4223 1452 4278 arbitremini
1483 4240 1577 4279 me
1622 4225 1851 4280 ludicra
1879 4242 2074 4297 agere,

431 4313 536 4370 sed
558 4313 618 4367 in
643 4312 886 4368 veritate
911 4329 1018 4383 pro
1049 4311 1380 4366 Christiano
1409 4329 1502 4366 me
1517 4313 1726 4368 habete
1757 4330 1770 4368 :
1799 4330 1903 4386 ego
1919 4315 2078 4368 enim

429 4402 801 4460 Christianus
815 4403 1134 4456 sum.Tunc
1161 4416 1377 4472 praises
1406 4400 1556 4456 facie
1586 4403 2078 4474 immutatus,pri-

429 4509 595 4551 mum
628 4491 870 4564 quidem
899 4491 1098 4562 ipsum
1130 4489 1404 4546 hortatus
1438 4495 1547 4558 est,
1599 4497 1665 4546 ut
1721 4493 2078 4546 sententiam

429 4587 707 4647 mutaret,
741 4597 815 4635 ne
839 4585 1074 4651 turpem
1105 4584 1357 4634 mortem
1389 4578 1600 4636 obiret.
1636 4582 1780 4634 Cum
1812 4597 1944 4636 vero
1975 4581 2078 4636 ille

2164 1982 2274 2034 τῶν
2331 1975 2766 2047 πεπλανημένων
2825 1969 3114 2040 Ἐλλήνων
3175 1969 3436 2037 θυόντων,
3476 1968 3812 2043 ἠναγκάζετο

2165 2067 2255 2124 καὶ
2288 2066 2446 2127 αὐτὸς
2475 2069 2556 2137 τῷ
2591 2064 2767 2138 βωμῷ
2793 2058 3136 2136 προσελθεῖν,
3194 2057 3284 2112 καὶ
3333 2052 3637 2113 λιϐανωτὸν
3689 2055 3815 2111 ἐπι-

2167 2161 2344 2222 θῦσαι.
2377 2153 2554 2214 Αὐτὸς
2583 2149 2642 2206 δὲ
2672 2150 2734 2207 οὐ
2771 2150 2936 2224 μόνον
2967 2148 3066 2203 οὐκ
3094 2146 3316 2217 ἐπείσθη
3369 2149 3530 2200 τοῦτο
3562 2151 3815 2217 ποιῆσαι,

2165 2244 2294 2302 ἀλλ’
2324 2241 2572 2318 ἀνδρεῖος
2605 2238 2704 2309 ὢν,
2734 2239 2825 2294 καὶ
2881 2242 3148 2314 γενναῖος,
3207 2233 3432 2310 δραμὼν
3490 2235 3820 2310 κατέστρεψε

2164 2337 2254 2390 τὸν
2294 2333 2505 2409 βωμὸν,
2538 2331 2628 2385 καὶ
2657 2329 2752 2390 τὰς
2779 2324 3121 2401 ἐπικειμένας
3175 2324 3260 2380 ἐπ’
3317 2323 3463 2396 αὖτῷ
3499 2323 3680 2387 θυσίας
3713 2322 3819 2396 ἐξέ-

2168 2445 2283 2502 χεε,
2315 2424 2402 2479 καὶ
2435 2425 2499 2477 τὸ
2538 2425 2644 2496 πῦρ
2676 2417 3071 2494 διεσκόρπισεν·
3134 2415 3211 2478 είς
3246 2414 3414 2491 όργὴν
3443 2415 3535 2502 οῦν
3590 2415 3819 2502 κινήσας

2164 2500 2256 2571 τὸν
2316 2515 2580 2588 ἄρχοντα,
2640 2509 2729 2564 καὶ
2782 2513 2890 2562 τῶν
2977 2505 3342 2580 παρεστώτων
3394 2500 3815 2574 εἶ’δωλολατρῶν

2165 2603 2367 2678 ἆνᾶψας
2404 2602 2466 2656 τὸ
2522 2604 2650 2674 πῦρ,
2707 2597 2995 2672 κρατηθεὶς
3069 2593 3383 2666 ὲμαστίζετο
3437 2588 3688 2668 ἀφειδῶς.
3752 2591 3816 2647 Ὁ

2169 2677 2400 2768 μὲνγὰρ
2435 2685 2621 2769 ῥάϐδῳ
2651 2687 2916 2757 ἔπληττεν
2940 2684 3121 2752 αὐτὸν,
3152 2684 3179 2737 6
3351 2682 3491 2753 λίθῳ
3542 2678 3606 2769 τὸ
3636 2677 3816 2769 στόμα

2165 2764 2498 2855 συνέτριψεν,
2531 2777 2701 2839 ἄλλος
2761 2774 2899 2830 κατὰ
2953 2771 3197 2850 κεφαλῆς
3256 2764 3467 2855 ἔτυπτε.
3502 2766 3601 2825 Καὶ
3652 2765 3816 2828 τέλος

2165 2854 2458 2946 ἀνάψαντες
2514 2869 2741 2940 κάμινον
2832 2861 3100 2938 μεγάλην,
3160 2854 3414 2916 ἐνέϐαλον
3475 2856 3633 2913 αὐτὸν
3683 2856 3814 2911 ἐκεῖ·

2161 2963 2254 3018 καὶ
2311 2959 2460 3016 οὕτω
2525 2952 2809 3032 παρέδωκε
2866 2953 2964 3021 τήν
3021 2949 3172 3026 ἁγίαν
3244 2950 3410 3005 αὐτοῦ
3469 2947 3654 3023 ψυχὴν
3733 2949 3819 3019 τῷ

2162 3051 2375 3128 Κυρίῳ.

2717 3134 2898 3190 MHNI
2935 3136 3024 3208 Τῼ
3063 3131 3266 3209 arro-

2278 3337 2543 3405 ἈθΑησις
2599 3333 2698 3386 τοῦ
2728 3327 2914 3402 ,ἁγίου
2975 3327 3249 3402 μάρτυρος
3309 3321 3707 3399 ’Δρδαλίωνος.

2243 3501 2414 3561 Οὗτος
2436 3496 2523 3552 ἐπὶ
2553 3501 2653 3564 τῆς
2716 3491 2992 3569 βασιλείας
3049 3490 3117 3560 ἦν
3172 3491 3537 3562 Μαξιμιανοῦ,
3595 3488 3663 3543 τὰ
3723 3508 3821 3560 μι-

2176 3590 2435 3666 μολόγων
2483 3589 2678 3642 ποιῶν’
2712 3580 2890 3655 ἔδοξεν
2952 3581 3044 3636 οῦν
3101 3579 3272 3652 αὐτῷ,
3323 3579 3459 3652 μετὰ
3487 3582 3595 3633 τῶν
3626 3574 3816 3632 ἄλλων

2172 3678 2437 3754 παιγνίων
2469 3721 2484 3747 ,
2571 3675 2660 3730 καὶ
2743 3677 2910 3728 τοῦτο
2989 3676 3240 3739 ποιῆσαι.
3300 3669 3524 3728 Ἑαυτὸν
3593 3667 3824 3738 ἐποίησε

2177 3771 2442 3846 μάρτυρα,
2529 3762 2929 3841 ἀγωνιζόμενον
3007 3760 3138 3835 ὑπὲρ
3195 3763 3292 3814 τοῦ
3379 3756 3637 3846 Χριστοῦ·
3706 3777 3831 3831 κρε-

2181 3845 2401 3934 μασθεῖς
2435 3854 2493 3910 δὲ
2544 3852 2691 3928 παρᾶ
2742 3855 2839 3906 τοῦ
2898 3848 3058 3919 δῆθεν
3142 3846 3435 3924 τυράννου,
3487 3845 3684 3920 ἐξέετο.
3741 3847 3832 3908 Ὠς

2178 3949 2268 4003 οῦν
2304 3947 2386 4002 ἐπ’
2430 3944 2588 3999 αὐτὸν
2645 3940 2841 4016 κρότος
2902 3939 3048 4014 παρά
3103 3942 3209 3992 τῶν
3269 3938 3473 3991 θεατῶν
3527 3936 3618 4006 ἧν,
3677 3935 3832 3990 ἐπαι-

2177 4036 2412 4092 νούντων
2483 4032 2646 4088 αὐτοῦ
2703 4033 2801 4100 τήν
2861 4027 3178 4103 καρτερίαν,
3230 4025 3484 4101 ἀνέκραξε
3527 4023 3686 4100 μέγα,
3741 4026 3836 4080 καὶ

2182 4128 2336 4202 σιγὴν
2369 4124 2617 4200 γενέσθαι
2645 4119 3081 4195 παρασκευάσας,
3146 4116 3261 4171 εἶπε
3289 4115 3425 4188 πρὸς
3483 4115 3575 4170 τὸν
3631 4111 3835 4188 δῆμον,

2184 4201 2267 4272 ὅτι
2329 4215 2405 4287 μὴ
2459 4210 2708 4284 νομίζετέ
2770 4229 2837 4282 με
2903 4207 3152 4283 παίγνιον
3225 4209 3506 4259 ποιοῦντω
3594 4203 3721 4260 ἀλλ’
3779 4201 3836 4260 έν

2185 4303 2419 4374 ἀληθείᾳ
2475 4299 2798 4375 Χριστιανὸν
2861 4290 3291 4368 ὑπολαμϐάνετε.
3353 4295 3494 4370 Ἐγὼ
3559 4295 3660 4371 γὰρ
3708 4296 3837 4368 Χρι.

2187 4391 2396 4453 στιανός
2430 4390 2564 4463 εἶμι.
2599 4387 2732 4443 Τότε
2763 4387 2790 4440 6
2822 4384 3009 4460 ἅρχων
3044 4382 3375 4446 ἀλλοιωθεὶς
3418 4382 3480 4437 τὸ
3511 4383 3830 4456 πρόσωπον,

2187 4486 2404 4557 πρῶτον
2433 4479 2528 4551 μὲν
2559 4476 2853 4551 παρῄνεσεν
2907 4473 3051 4544 αὖτῷ
3113 4475 3418 4545 μεταθεῖναι
3447 4473 3544 4539 τὴν
3575 4473 3828 4546 γνώμην,

2189 4570 2278 4626 καὶ
2315 4569 2390 4643 μή
2441 4571 2622 4628 κακῶς
2678 4565 2989 4619 ἀποθανεῖν’
3053 4563 3081 4618 ὁ
3143 4559 3198 4617 δὲ
3247 4563 3322 4634 μὴ
3381 4559 3642 4626 πεισθεὶς,
3701 4558 3829 4614 ἀλλ’

429 4689 551 4729 non
582 4650 992 4739 assentiretur,
1010 4669 1114 4724 sed
1143 4669 1203 4723 in
1236 4669 1452 4724 Christi
1487 4668 1603 4724 ﬁde
1636 4686 1824 4740 usque
1853 4671 1928 4726 ad
1949 4671 2062 4726 obi-

2184 4659 2445 4734 ἐμμείνας
2473 4660 2543 4730 τῇ
2599 4654 2674 4716 εἷς
2733 4652 2967 4729 Χριστὸν
3000 4651 3176 4707 πίστει
3227 4652 3392 4726 μέχρι
3426 4651 3674 4718 θανάτου,
3725 4671 3832 4704 πυ-

431 4769 558 4817 tum
590 4761 905 4831 persistere
933 4775 995 4813 se
1012 4758 1164 4813 velle
1182 4757 1760 4828 afﬁrmaretjngenti
1779 4759 2076 4831 lignorum

432 4855 594 4906 strue
626 4864 894 4915 accensa,
928 4848 990 4902 in
1023 4848 1182 4903 illius
1215 4847 1478 4902 medium
1510 4849 1788 4920 injectus,
1831 4849 2077 4920 hujusce

431 4939 566 4995 vitai
599 4938 778 4993 finem
806 4936 976 4992 laatus
999 4937 1670 5010 accepit,tempestivum
1703 4938 1916 4994 vulnus
1947 4938 2077 4994 dia-

430 5027 569 5083 bolo
601 5026 894 5100 inﬂigens.

433 5117 534 5173 60
562 5118 634 5173 Et
666 5116 927 5172 memoria
955 5116 1132 5170 sancti
1179 5117 1362 5240 Igatris
1408 5118 1589 5172 nostri
1646 5118 1883 5188 Agapeti
1911 5134 2079 5190 papae

1244 5201 1398 5240 0mm.

1244 5201 1378 5242 ama:
1385 5227 1398 5240 .

505 5307 753 5363 Sanctus
778 5307 950 5359 Pater
969 5307 1174 5359 noster
1204 5304 1859 5376 Agapetus,Justiniano
1879 5307 2076 5379 impe-

435 5402 626 5459 rante,
678 5395 740 5450 in
772 5398 965 5449 vetere
1009 5395 1195 5448 Roma
1245 5397 1444 5458 natus,
1499 5399 1740 5465 prapter
1787 5395 2077 5468 religiosae

432 5487 565 5542 vitas
599 5483 1051 5541 exercitationes
1083 5487 1142 5537 et
1193 5481 1454 5552 reliquas
1485 5482 1728 5537 virtutes
1755 5483 1828 5537 ad
1862 5486 2079 5539 summi

433 5575 814 5650 pontificatus
863 5573 1210 5645 dignitatem
1267 5570 1556 5626 ascendit.
1616 5571 1748 5625 Fuit
1791 5577 1990 5626 autem
2023 5577 2081 5627 et

435 5665 610 5720 editis
640 5661 946 5719 miraculis
977 5662 1188 5716 clarus.
1228 5661 1372 5715 Cum
1433 5660 1593 5716 enim
1653 5660 1976 5732 aliquando
2010 5678 2079 5718 ex

433 5756 578 5811 urbe
608 5757 788 5810 Roma
819 5767 1110 5824 egressus,
1144 5750 1715 5824 Constantinopolim
1750 5751 2073 5825 navigaret,

2188 4754 2285 4823 ρᾶς
2305 4743 2633 4823 ἀναφθείσης
2671 4741 2941 4816 μεγάλης,
2973 4740 3024 4796 ἐν
3087 4742 3235 4813 μέσῳ
3297 4739 3544 4814 βληθεὶς,
3573 4741 3634 4794 τὸ
3675 4737 3837 4804 τέλος

2184 4839 2284 4906 τῆς
2317 4835 2600 4911 παρούσης
2633 4837 2778 4902 ζωῆς
2803 4832 3014 4907 χαίρων
3048 4826 3282 4901 ἐδέξατο,
3314 4830 3529 4905 καιρίαν
3581 4826 3707 4894 δοὺς
3756 4835 3837 4903 τῷ

2188 4922 2435 4998 διαϐόλῳ
2459 4921 2708 4998 πληγήν,

2190 5105 2289 5161 Καὶ
2353 5105 2546 5178 μνήμη
2604 5107 2706 5157 τοῦ
2763 5099 2815 5156 έν
2851 5100 3290 5178 *ἁγίοις-Πατρὸς
3319 5103 3480 5174 ἡμῶν
3514 5101 3837 5177 Ἀγαπητοῦ

2792 5171 2946 5228 πάπα
2972 5171 3219 5244 Ῥώμης.

2263 5301 2572 5376 Ἀγαπητὸς
2604 5297 2631 5353 6
2663 5299 2717 5354 ἐν
2765 5298 2938 5373 ἁγίοις
2999 5297 3184 5370 Πατὴρ
3238 5299 3424 5371 ἡμῶν,
3472 5298 3540 5366 ἦν
3596 5299 3693 5372 μὶν
3749 5299 3841 5355 ἐπὶ

2189 5399 2290 5461 τῆς
2355 5389 2630 5468 βασιλείας
2688 5385 3105 5457 Ἰουστινιανοῦ,
3162 5387 3220 5444 ἐκ
3276 5395 3376 5458 τῆς
3435 5386 3674 5452 παλαιᾶς
3713 5393 3846 5449 Ῥώ-

2191 5501 2321 5554 μης·
2361 5478 2429 5536 δι’
2471 5481 2752 5550 ἀπκήσεως
2781 5476 2836 5533 δέ
2867 5479 2958 5532 καὶ
3003 5476 3210 5547 λοιπῆς
3239 5477 3437 5554 ἀρετῆς
3486 5477 3566 5540 εἷς
3620 5479 3684 5535 τὸ
3739 5486 3842 5550 τῆς

2188 5570 2608 5646 ἀρχιερωσύνης
2668 5569 2946 5642 προῆλθεν
2999 5565 3232 5638 ἀξίωμα.
3313 5566 3554 5642 Ὑπῆρχε
3634 5565 3691 5622 δὲ
3747 5571 3840 5622 καί

2190 5658 2622 5734 θαυματουργός.
2655 5657 2918 5731 Ἐξελθὼν
2969 5656 3074 5732 γάρ
3130 5675 3266 5710 ποτε
3324 5654 3381 5711 ἐκ
3433 5661 3530 5725 τῆς
3588 5657 3836 5730 Ῥώμης,

2188 5750 2275 5804 καὶ
2330 5749 2464 5823 πρὸς
2547 5749 2644 5817 τὴν
2703 5741 3270 5802 Κωνσταντινούπολιν
3358 5744 3564 5818 πλέων,
3625 5746 3714 5802 ἐπὶ
3767 5752 3830 5802 τὸ
