4134 6302
262 416 379 479 409

1813 421 2150 485 APRILIS.

3577 428 3701 492 MO

270 544 401 604 ἰδεῖν
433 551 531 605 τὸν
570 552 835 627 βασιλέα,
866 552 999 610 κατὰ
1045 555 1145 623 τήν
1195 552 1440 614 Ἐλλάδα
1482 556 1794 633 γενόμενος,
1844 554 1932 609 καὶ

2048 572 2117 613 ac
2143 556 2204 613 in
2222 558 2502 616 Graeciam
2524 561 2800 625 venisset,
2820 559 3020 632 ibique
3045 561 3350 617 hominem
3371 562 3691 633 quemdam

277 639 446 715 εὑρὼν
509 639 835 717 ἄνθρωπον,
891 641 1093 698 ἄλαλον
1144 639 1271 699 ὅντα
1324 644 1415 700 καὶ
1471 644 1748 716 ἀκίνητον,
1806 664 1940 719 κρα-

278 732 447 799 τήσας
477 733 582 795 τῆς
626 735 846 807 χειρὸς,
907 732 1030 804 ὑγιῆ
1080 730 1353 803 ἐποίησεν.
1406 732 1582 789 Ἀλλὰ
1626 733 1717 788 καὶ
1765 732 1815 787 ἐν
1869 735 1939 806 τῇ

283 818 488 894 Χρυσὶᾳ
516 820 820 895 γενόμενος
844 821 1042 896 πόρτῃ,
1112 823 1204 877 καὶ
1253 822 1495 898 ἐντυχὼν
1543 820 1736 899 τυφλῷ
1783 823 1943 876 καθεσ-

296 910 531 983 ζομὲνῳ,
593 904 876 965 ἐπιϐαλὼν
935 910 1083 982 αὐτῷ
1132 912 1233 980 τὴν
1308 917 1492 987 χεῖρα,
1537 915 1637 967 τοῦ
1720 909 1939 987 βλέπειν

290 998 605 1073 ἐχαρίσατο.
642 1000 802 1057 Οὕτω
859 996 916 1054 δὲ
966 998 1182 1075 γέγονεν
1237 998 1518 1073 αἰδέσιμος
1570 1004 1652 1073 τῷ
1704 998 1939 1076 βασιλεῖ,

293 1086 382 1140 καὶ
412 1091 480 1160 τῇ
514 1084 836 1161 συγκλήτῳ,
864 1087 938 1148 ὡς
972 1086 1062 1141 καὶ
1094 1088 1353 1161 Ἀνθιμον
1383 1090 1478 1143 τὸν
1533 1090 1944 1162 Τραπεζοῦντος

295 1175 621 1246 ἐπίσκοπον,
682 1181 863 1238 κακῶς
921 1171 1182 1232 ἐπιϐάντα
1236 1181 1317 1250 τῷ
1374 1177 1552 1252 θρόνῳ
1608 1184 1939 1232 Κωνσταντι-

292 1264 631 1334 νουπόλεως,
666 1267 755 1320 καὶ
812 1266 911 1335 τὴν
970 1263 1171 1339 αἳρεσιν
1232 1263 1429 1342 ἔχοντα
1483 1271 1580 1322 τοῦ
1635 1265 1940 1341 Εὐτυχοῦς,

291 1351 561 1426 ἐκδιῶξαι,
592 1354 684 1409 καὶ
742 1352 849 1410 ἄντ’
907 1352 1115 1410 ἐκείνου
1173 1358 1562 1431 χειροτονῆσαι
1616 1354 1707 1409 τὸν
1766 1354 1939 1428 ἁγιώ-

285 1464 441 1498 τατον
475 1444 689 1513 Μηνᾶν.
746 1446 878 1500 Εἶτα
920 1445 1158 1514 νοσήσας
1207 1441 1572 1515 ἐτελεύτησεν,
1629 1443 1717 1498 καὶ
1779 1442 1932 1513 ἐτὲθη

288 1531 341 1588 ἐν
366 1535 443 1606 τῷ
470 1538 588 1607 ναῷ
614 1538 723 1590 τῶν
754 1534 923 1609 ἁγίων
950 1533 1306 1591 ἀποστόλων.

610 1729 713 1787 Καὶ
750 1751 944 1803 μνημη
972 1732 1071 1798 τῆς
1102 1728 1257 1805 ἁγίας
1287 1728 1605 1800 Ἀνθούσης.

360 1846 415 1901 Ἣ
452 1844 573 1900 ὁσία
616 1847 885 1909 Ἀνθοῦσα
941 1846 1128 1920 γέγονε
1188 1845 1283 1918 μὶν
1345 1846 1587 1921 θυγάτηρ
1650 1852 1940 1902 Κωνστανο

2048 653 2278 703 mutum
2313 654 2371 703 et
2398 667 2519 720 prae
2550 650 2899 705 infirmitate
2935 649 3305 705 immobilem
3355 650 3701 721 invenisset,
3772 704 3775 707 .

2048 754 2230 793 manu
2259 739 2719 811 apprehensum,
2768 740 3132 795 incolumem
3166 739 3444 795 reddidit.
3478 740 3703 796 Deinde

2050 843 2184 882 cum
2219 834 2473 884 Auream
2505 834 2737 901 portam
2779 829 3026 895 subiret,
3060 835 3118 883 et
3147 830 3211 884 in
3243 846 3466 885 caecum
3493 846 3706 900 quem-

2050 916 2185 972 dam
2218 918 2298 972 ibi
2353 918 2659 973 sedentem
2710 919 3037 984 incidisset,
3073 935 3253 974 manu
3294 919 3347 974 ei
3400 920 3703 990 imposita,

2051 1007 2237 1062 visum
2270 1008 2383 1079 ipsi
2407 1008 2685 1063 restituit.
2712 1006 2877 1063 Unde
2899 1007 3055 1079 apud
3086 1008 3504 1079 imperatorem
3538 1013 3597 1063 et
3621 1024 3709 1063 se-

2050 1102 2255 1150 natum
2287 1096 2433 1152 adeo
2466 1096 2820 1152 venerabilis
2851 1097 2981 1163 fuit,
3014 1102 3079 1151 ut
3109 1103 3163 1151 et
3193 1096 3539 1152 Anthimum
3570 1098 3703 1152 Tra-

2049 1184 2316 1255 pezuntis
2366 1187 2733 1257 episcopum.
2779 1185 3432 1257 Constantinopolitano
3487 1186 3702 1241 throno

2050 1274 2453 1342 incubantem,
2483 1292 2550 1330 ac
2576 1275 2941 1346 Eutychiana
2961 1276 3171 1330 haeresi
3195 1275 3489 1330 imbutum
3515 1275 3706 1346 ejece-

2050 1364 2147 1429 rit,
2182 1370 2240 1418 et
2270 1364 2432 1420 illius
2464 1365 2594 1420 loco
2629 1366 3070 1421 sanctissimum
3129 1368 3357 1421 Menam
3390 1365 3704 1421 ordinave-

2050 1453 2146 1507 rit.
2192 1455 2461 1509 Posthaec
2500 1454 2847 1510 inﬁrmitate
2879 1462 3209 1528 correptus,
3239 1472 3308 1512 ex
3338 1473 3405 1512 ac
3454 1458 3571 1512 vita
3596 1458 3703 1512 de-

2050 1543 2249 1612 cessit,
2284 1547 2342 1597 et
2372 1544 2433 1599 in
2479 1544 2697 1615 templo
2750 1549 3091 1600 sanctorum
3147 1547 3564 1616 Apostolorum
3604 1562 3699 1601 se-

2049 1632 2251 1702 pultus
2276 1632 2407 1690 fuit.

2409 1744 2475 1795 Et
2512 1744 2778 1797 memoria
2805 1748 3009 1797 sanctae
3057 1743 3342 1799 Anthusm.

2122 1848 2333 1904 Sancta
2362 1849 2628 1903 Anthusa
2650 1849 2774 1905 filia
2795 1849 2907 1903 fuit
2932 1849 3306 1905 Constantini
3338 1848 3646 1916 (:aballini,
3670 1866 3705 1905 a

289 1932 437 1988 τίνου
464 1937 563 1988 τοῦ
594 1929 960 1989 Καϐαλλίνου*
1020 1934 1111 1988 ὑπ’
1167 1934 1376 1989 ἐκείνου
1435 1931 1492 1989 δὶ
1550 1935 1932 2009 ἀναγκασθεῖσα

2049 1953 2165 2008 quo
2189 1938 2359 2009 jussa
2389 1938 2623 1994 cuidam
2637 1940 2756 1994 viro
2772 1938 3016 2006 nubere,
3040 1955 3159 1993 non
3182 1938 3457 1994 assensit.
3482 1940 3697 1993 Verum

292 2024 648 2096 συζευχθῆναι
685 2019 861 2097 ἀνδρὶ,
922 2024 1025 2077 οὐκ
1078 2022 1323 2091 ἐπείσθη·
1380 2021 1524 2079 ἀλλὰ
1584 2025 1720 2097 μετᾶ
1761 2023 1943 2079 τελευ-

288 2112 385 2180 τὴν
443 2113 617 2167 αὐτοῦ
695 2113 924 2181 εὑροῦσα
1007 2108 1209 2183 ἄδειαν,
1294 2112 1468 2166 πάντα
1539 2114 1630 2167 τὸν
1700 2111 1935 2168 πλοῦτον

290 2201 456 2269 αὐτῆς
505 2198 901 2272 διεσκόρπισεν,
957 2202 1050 2256 τὸν
1115 2201 1209 2279 μὲν
1271 2198 1437 2257 δοῦσα
1501 2207 1618 2263 τοῖς
1668 2208 1938 2278 πτωχοῖς,

288 2291 377 2345 τὸν
412 2288 471 2344 δὶ
500 2295 861 2366 παρασχοῦσα
916 2288 993 2351 εἷς
1049 2288 1355 2361 ἐκκλησιῶν
1413 2289 1503 2345 καὶ
1556 2291 1938 2365 μοναστηρίων

289 2377 735 2452 οἱκοδομὰς,τὸν
786 2377 845 2435 δὲ
904 2380 981 2442 είς
1044 2379 1243 2455 ἀγορὰν
1301 2378 1701 2454 αἰχμαλώτων,
1757 2381 1825 2435 τὰ
1880 2379 1938 2435 δὲ

295 2473 476 2545 χρυσᾶ
506 2469 701 2541 ἱμάτια
755 2469 927 2537 αὐτῆς
983 2468 1059 2531 εἷς
1115 2466 1513 2541 καλλωπισμὸν
1571 2473 1675 2523 τῶν
1734 2467 1937 2541 ἐκκλη-

286 2562 441 2613 σιῶν.
476 2558 675 2631 Γέγονε
726 2553 784 2612 δὲ
834 2556 923 2611 καὶ
981 2554 1209 2612 πολλῶν
1270 2557 1519 2633 ὀρφανῶν
1580 2560 1786 2632 μήτηρ·
1845 2557 1936 2613 καὶ

285 2648 386 2721 γὰρ
416 2647 485 2701 τὰ.
540 2644 876 2721 ῥιπτούμενα
932 2643 1127 2701 παιδία
1182 2647 1510 2721 συνάγουσα,
1558 2645 1811 2725 ἀνέτρεφε
1843 2647 1932 2701 καὶ

293 2733 554 2791 ἐπαίδευεο
608 2734 699 2789 γαὶ
754 2735 821 2789 τὰ
884 2736 980 2808 μὶν
1036 2740 1117 2807 τῷ
1172 2740 1291 2806 Θεῷ
1346 2736 1694 2809 παρέπεμπεν
1750 2735 1934 2790 τελευ-

295 2825 540 2893 τήσαντα,
597 2822 668 2878 τὰ
725 2819 783 2877 Si
842 2824 1017 2892 ζῶντα
1075 2822 1149 2885 είς
1205 2828 1549 2898 γηροκομεῦι
1626 2825 1933 2880 κατέταττε.

308 2911 568 2975 Πολλάκις
596 2910 655 2967 δὲ
684 2911 1149 2986 παρακαλουμένη
1208 2912 1354 2989 παρὰ
1397 2919 1497 2983 τῆς
1549 2908 1934 2982 εὐσεϐεστάτης

294 3001 675 3077 Εἲρήνης,καῖ
730 3006 834 3058 τοῦ
891 3003 1014 3057 υἱοῦ
1072 3002 1242 3072 αὐτῆς
1299 3002 1729 3072 Κωνσταντίνου,
1791 3024 1936 3075 συμ-

292 3085 597 3145 ϐασιλεύειν
662 3090 871 3161 αὐτοῖς,
926 3090 1026 3145 οὐκ
1107 3090 1352 3161 ἐπείσθη·
1438 3088 1587 3145 ἀλλὰ
1662 3090 1929 3167 γενομένη

290 3181 513 3254 μοναχή
547 3179 695 3253 παρὰ
720 3183 818 3234 τοῦ
848 3177 1006 3253 ἁγίου
1059 3179 1353 3253 Ταρασίου,
1407 3178 1459 3234 ἐν
1507 3182 1577 3252 τῇ
1638 3183 1781 3254 μονῇ
1828 3187 1929 3250 τῆς

284 3267 581 3341 Εὐμενίας,
611 3268 749 3343 πρὸς
780 3266 972 3342 Κύριον
1001 3264 1151 3338 ἐξεδή
1164 3288 1358 3340 μησεν.

820 3377 1001 3434 nam
1038 3381 1123 3454 τᾳ
1168 3378 1369 3455 arra.

1061 3477 1149 3530 IH’

400 3576 522 3646 Μνή
536 3596 611 3649 μη
643 3578 740 3629 τοῦ
770 3572 822 3629 ἐν
856 3573 1031 3649 ἁγίοις
1064 3576 1260 3647 Κοσμᾶ
1296 3577 1394 3629 τοῦ
1427 3573 1807 3650 ὁμολογητοῦ.

361 3694 577 3763 Κοσμᾶς
637 3690 665 3745 6
723 3691 1027 3765 ἁγιώτατος
1084 3690 1352 3765 ἱεράρχης
1428 3690 1518 3744 καὶ
1576 3690 1930 3767 ὁμολογητής

285 3784 382 3834 τοῦ
437 3783 692 3855 Χριστοῦ,
751 3780 939 3855 γέγονε
998 3779 1092 3850 μὶν
1152 3777 1212 3833 ἐκ
1280 3778 1928 3841 Κωνσταντινουπόλεωςο

287 3870 346 3925 ἐκ
400 3872 633 3947 βρέφους
688 3867 746 3925 δέ
800 3870 891 3925 τὸν
980 3870 1107 3925 Θεὸν
1190 3868 1495 3944 ὰγαπήσας,
1590 3869 1767 3946 ἀφῆκε
1835 3871 1929 3924 τὸν

285 3962 513 4034 κόσμον,
565 3960 655 4014 καὶ
724 3958 971 4014 ἀπελθὼν
1031 3957 1238 4034 ἐγένετο
1324 3959 1590 4033 μοναχός.
1673 3960 1774 4015 Καὶ
1860 3957 1932 4013 δι’

288 4051 564 4121 ἀσκήσεως
595 4047 688 4103 καὶ
720 4047 924 4116 λοιπῆς
978 4047 1173 4119 ἀρετῆς
1233 4047 1419 4102 ἑαυτὸν
1473 4047 1789 4121 ἐκκαθάρας,
1837 4048 1928 4104 καὶ

288 4143 418 4195 Θεοῦ
446 4137 740 4215 γενόμενος
769 4138 1219 4209 κατοικητήριον,
1251 4134 1644 4211 ἐχειροτονήθη
1694 4134 1926 4207 Χαλκη-

287 4227 441 4291 δόνος
498 4227 819 4298 ἐπίσκοπος,
870 4224 1005 4280 κατὰ
1057 4227 1149 4280 τὸν
1208 4226 1397 4299 καιρὸν
1464 4230 1572 4280 τῶν
1654 4220 1923 4280 δυσσεϐὢν

287 4318 688 4392 εἰκονομάχων,
750 4315 871 4370 ὅθεν
929 4315 1020 4369 καὶ
1076 4312 1323 4376 πολλοὺς
1380 4314 1589 4391 ἀγῶνας
1637 4311 1924 4386 ἐνεδείξατο

289 4408 418 4482 ὑπὲρ
474 4413 575 4475 τῆς
632 4401 929 4480 ὀρθοδόξου
988 4402 1243 4463 πίστεως.
1306 4402 1764 4476 Ἀναγκαζόμενος
1818 4404 1923 4481 γὰρ

289 4497 385 4551 ὑπὸ
440 4499 549 4550 τῶν
607 4492 951 4570 κρατούντων
1008 4491 1349 4561 ἀρνήσασθαι
1400 4492 1500 4560 τὴν
1558 4492 1921 4565 προσκύνησιν

283 4590 383 4641 τῶν
416 4584 589 4659 ἁγίων
616 4583 706 4638 καὶ
739 4586 971 4651 σεπτῶν,
1023 4579 1267 4647 εἰκόνων,
1316 4580 1406 4635 καὶ
1456 4581 1532 4652 μὴ
1581 4580 1922 4653 πειθόμενος,

288 4642 584 4747 ὶξωρίζέτο,
669 4670 759 4725 καὶ
844 4668 1135 4731 πλείστους
1224 4668 1478 4741 ὑπέμεινε
1567 4670 1921 4746 πειρασμούς.
1956 4642 2000 4706 ί)

287 4764 376 4817 Καὶ
458 4760 624 4817 πάλιν
714 4756 1182 4832 ἀνακαλούμενος,
1254 4758 1344 4813 καὶ
1424 4758 1749 4833 βιαζόμενος
1798 4781 1925 4814 συν..

287 4855 459 4917 θέσθαι
589 4850 791 4925 αίρέσει
842 4848 1039 4917 αὐτῶν,
1089 4848 1181 4903 καὶ
1238 4845 1380 4920 μηδὶ
1436 4847 1771 4921 ἀνεχόμενος
1820 4851 1922 4905 αὖ-

286 4947 384 4997 τῶν
442 4942 688 5007 ἀκοῦσαι,
750 4939 970 5012 μυρίαις
1023 4941 1330 5011 συμφοραῖς
1386 4934 1753 5011 περιέπιπτεν,
1810 4938 1925 5011 ἅμα

287 5031 357 5105 τῷ
407 5032 543 5104 ὁσίῳ
595 5029 885 5103 Αὐξεντίῳ,
949 5029 1067 5102 μεθ’
1124 5027 1185 5081 οὗ
1268 5027 1356 5082 καὶ
1443 5026 1757 5101 ἠγωνίζετοο
1833 5028 1921 5084 καὶ

291 5119 422 5175 οὕτω
464 5116 879 5193 πειραζόμενος,
942 5114 1032 5170 καὶ
1084 5118 1250 5169 νικῶν
1302 5113 1441 5190 πρὸς
1494 5113 1692 5190 Κύριον
1750 5111 1923 5186 ἐξεδή.

293 5229 471 5282 μησεν.

292 5416 381 5470 Καὶ
412 5418 604 5489 μνήμη
653 5415 753 5469 τοῦ
810 5409 961 5489 ὁσίου
1016 5410 1271 5489 Ἰωάννου
1333 5409 1577 5489 μαθητοῦ
1622 5410 1720 5463 τοῦ
1766 5406 1921 5484 ἁγίου

671 5481 985 5559 Γρηγορίου
1006 5484 1103 5536 τοῦ
1134 5479 1529 5538 Δεκαπολίτου.

355 5586 607 5656 Ἰωάννης
667 5583 694 5638 ὁ
755 5581 807 5635 ἐν
868 5581 1043 5654 ἁγίοις
1100 5579 1285 5652 Πατὴρ
1342 5580 1527 5651 ἡμῶν,
1588 5574 1639 5647 ἐξ
1694 5573 1918 5632 ἁπαλῶν

290 5676 491 5753 ὀνυχων
548 5674 638 5730 τὸν
698 5672 904 5742 κόσμον
984 5668 1237 5740 μισήσας,
1316 5666 1405 5722 καὶ
1482 5665 1711 5739 Χριστὸν
1792 5667 1917 5740 ἀγα.

282 5766 470 5839 πήσας,
501 5758 756 5824 ἀπελθὼν
787 5756 921 5831 πρὸς
968 5756 1057 5811 τὸν
1111 5754 1278 5832 μέγαν
1326 5754 1631 5829 Γρηγόριον
1687 5753 1778 5809 τὸν
1823 5760 1921 5809 Δε-

2050 2031 2186 2097 post
2216 2027 2378 2082 illius
2409 2028 2636 2083 obitum
2668 2028 3003 2083 libertatem
3047 2028 3278 2099 adepta,
3324 2034 3460 2083 su'as
3490 2042 3700 2081 omnes

2051 2116 2282 2171 divitias
2314 2116 2653 2171 distribuit:
2686 2116 2833 2172 alias
2883 2116 3177 2187 siquidem
3204 2115 3564 2187 pauperibus
3611 2115 3700 2170 di-

2053 2205 2291 2276 spersit,
2324 2205 2470 2260 alias
2503 2206 2563 2260 in
2591 2206 2977 2261 ecclesiarum
3011 2204 3539 2274 cmnobiorumque
3564 2220 3701 2259 con-

2052 2294 2442 2350 structionem
2466 2292 2775 2365 impendit.
2802 2293 2949 2347 alias
2982 2294 3045 2347 in
3077 2293 3441 2363 captivorum
3472 2290 3701 2344 redem-

2050 2384 2274 2438 tionem
2331 2382 2612 2455 erogavit,
2671 2387 2863 2437 vestes
2918 2398 3052 2435 vero
3105 2396 3336 2446 aureas,
3370 2396 3517 2450 quas
3572 2380 3703 2451 ipsa

2046 2473 2322 2540 habebat,
2355 2474 2416 2527 in
2474 2473 2861 2528 ecclesiarum
2914 2476 3335 2526 ornamentum
3388 2469 3693 2525 convertit.

2046 2564 2178 2619 Fuit
2204 2564 2450 2634 insuper
2478 2563 2741 2633 plurium
2785 2563 3189 2634 orphanorum
3220 2565 3446 2615 mater:
3500 2559 3699 2630 proje-

2044 2656 2168 2705 ctos
2200 2651 2361 2704 enim
2410 2650 2666 2704 infantes
2697 2650 3005 2721 colligens,
3040 2666 3142 2704 eos
3199 2646 3489 2702 educabat
3518 2652 3577 2700 et
3604 2646 3690 2699 in-

2045 2738 2344 2806 struebat;
2378 2753 2445 2792 ac
2470 2738 2606 2792 illos
2654 2738 2915 2808 quidem,
2969 2738 3068 2808 qui
3115 2736 3543 2801 moriebantur,
3572 2736 3688 2790 Deo

2042 2826 2536 2891 commendabat;
2596 2843 2695 2880 eos
2725 2843 2880 2896 vero,
2932 2827 3032 2896 qui
3065 2825 3352 2892 vivebant,
3384 2824 3447 2879 in
3477 2840 3690 2879 senum

2042 2918 2307 2990 hospicio
2329 2917 2675 2973 collocabat.
2698 2917 2922 2988 Saepius
2948 2921 3147 2971 autem
3164 2920 3367 2970 vocata
3396 2931 3429 2969 a
3458 2914 3691 2986 religio-

2044 3010 2279 3064 sissima
2318 3011 2485 3064 Irene
2520 3049 2534 3078 ,
2567 3009 2813 3080 ejusque
2873 3007 2996 3062 filio
3036 3006 3443 3073 Constantino,
3474 3009 3541 3059 ut
3569 3020 3689 3060 una

2041 3116 2176 3155 cum
2199 3099 2344 3170 ipsis
2363 3099 2703 3170 imperaret,
2737 3102 3078 3153 constanter
3104 3095 3412 3150 recusavit.
3438 3095 3687 3149 Demum

2041 3187 2511 3243 sanctimonialis
2539 3188 2693 3243 facta
2723 3203 2757 3242 a
2784 3192 2988 3241 sancto
3010 3185 3266 3255 Tarasio,
3295 3184 3357 3238 in
3387 3187 3687 3240 monaste-

1962 3286 2006 3353 ο
2045 3277 2133 3331 rio
2166 3277 2465 3334 Eumenim
2498 3277 2768 3348 migravit
2787 3275 2857 3331 ad
2884 3276 3220 3339 Dominum,

2596 3382 2839 3438 EODEM
2881 3382 3131 3439 MENSE.

2554 3482 2657 3536 Die
2695 3480 2926 3536 decima
2964 3486 3167 3536 octava

2252 3581 2342 3634 6|
2383 3578 2647 3635 Memoria
2673 3578 2853 3633 sancti
2878 3578 3079 3645 Cosme
3122 3577 3465 3645 confessoris.

2108 3698 2348 3752 Cosmas
2380 3696 2790 3751 sanctissimus
2829 3694 3091 3767 pontifex
3118 3700 3176 3750 et
3204 3694 3418 3749 Christi
3451 3693 3683 3748 confes-

2038 3803 2136 3842 sor
2167 3802 2236 3840 ex
2268 3784 2411 3839 urbe
2442 3783 3098 3853 Constantinopolitana
3128 3788 3323 3837 ortum
3355 3781 3541 3837 duxit.
3594 3780 3679 3835 Ab

2036 3875 2280 3949 ineunte
2302 3890 2435 3928 vero
2466 3878 2636 3928 aetate
2669 3873 2852 3927 Deum
2870 3887 3071 3926 amore
3101 3875 3470 3943 prosecutus,
3502 3886 3680 3925 mun-

2035 3964 2175 4019 dum
2206 3963 2468 4034 reliquit,
2489 3967 2546 4017 et
2567 3962 2770 4017 abiens
2800 3962 3128 4016 monachus
3146 3961 3335 4016 factus
3366 3966 3473 4016 est.
3504 3963 3679 4015 Cum-

2035 4070 2149 4124 que
2181 4053 2444 4124 seipsum
2474 4051 2767 4123 religiosis
2789 4050 3309 4106 exercitationibus
3340 4066 3407 4105 ac
3428 4049 3676 4121 reliquis

2033 4143 2346 4198 virtutibus
2403 4146 2804 4213 expurgasset,
2854 4141 3076 4212 Deique
3127 4139 3498 4196 domicilium
3551 4156 3678 4195 eva-

2034 4234 2241 4299 sisset,
2281 4231 2756 4287 Chacedonensis
2819 4230 3129 4301 episcopus
3179 4230 3487 4285 ordinatus
3541 4228 3675 4297 fuit,

2032 4320 2355 4392 impiorum
2386 4321 2906 4376 iconomachorum
2942 4325 3206 4392 tempore
3241 4362 3253 4374 .
3288 4320 3509 4375 Idcirco
3539 4336 3674 4392 pro-

2031 4416 2163 4483 pter
2192 4410 2579 4466 orthodoxam
2613 4409 2791 4465 ﬁdem
2820 4410 2992 4482 plura
3022 4410 3303 4465 sustinuit
3329 4409 3676 4465 certamina.

2030 4500 2327 4572 Impulsus
2351 4500 2510 4555 enim
2532 4498 2603 4554 ab
2627 4499 2720 4565 iis,
2749 4499 2849 4570 qui
2882 4505 3020 4554 tunc
3046 4515 3246 4553 rerum
3278 4497 3674 4568 potiebantur,

2031 4589 2323 4663 abnegare
2352 4589 2575 4645 cultum
2605 4604 2903 4644 sacrarum
2935 4593 2994 4642 et
3023 4586 3446 4643 venerabilium
3477 4585 3679 4657 imagi-

2034 4698 2200 4747 num,
2242 4697 2377 4735 cum
2435 4681 2509 4735 ad
2566 4680 2626 4734 id
2672 4679 2872 4733 induci
2930 4681 3224 4749 nequiret,
3287 4677 3348 4732 in
3402 4676 3676 4732 exsilium

2034 4770 2258 4841 ejectus
2288 4768 2419 4835 fuit,
2452 4773 2510 4822 et
2534 4768 2823 4839 plurimas
2854 4767 3098 4839 pertulit
3143 4766 3529 4821 calamitates.
3562 4766 3676 4821 Sed

2032 4859 2104 4914 ab
2129 4857 2337 4913 exsilio
2374 4862 2700 4923 revocatus,
2751 4861 2809 4911 et
2856 4856 3196 4928 compulsus
3228 4872 3432 4911 eorum
3465 4856 3676 4911 haaresi

2032 4946 2394 5014 consentire,
2420 4962 2556 5001 cum
2586 4947 2747 5018 ipsos
2794 4962 2987 5016 neque
3017 4945 3223 5000 audire
3245 4945 3441 5013 vellet,
3474 4945 3677 5000 multi-

2035 5036 2291 5110 plicibus
2321 5035 2604 5091 aerumnis
2646 5035 2947 5107 subjectus
2980 5034 3092 5089 fuit
3135 5051 3256 5090 una
3307 5051 3439 5090 cum
3472 5040 3675 5091 sancto

2032 5126 2348 5192 Auxentio,
2382 5141 2518 5181 cum
2550 5141 2668 5197 quo
2693 5124 2901 5181 eadem
2933 5124 3148 5180 subivit
3194 5124 3541 5181 certamina.
3574 5130 3674 5182 At-

2033 5230 2147 5288 que
2180 5215 2264 5271 ita
2290 5218 2549 5271 tentatus
2570 5229 2637 5270 ac
2668 5214 3064 5287 triumphans,
3096 5214 3367 5287 migravit
3385 5213 3459 5270 ad
3485 5213 3677 5270 Domi-

2031 5322 2196 5363 num.

2029 5423 2098 5478 Et
2126 5422 2390 5477 memoria
2414 5422 2596 5477 sancti
2623 5421 2853 5475 Joannis
2911 5419 3172 5491 discipuli
3215 5422 3395 5476 sancti
3422 5420 3678 5490 Gregorii

2668 5492 3002 5562 Decapolita:
3020 5533 3034 5548 .

2104 5582 2353 5637 Sanctus
2382 5582 2556 5636 Pater
2584 5586 2789 5635 noster
2805 5581 3024 5635 Jannes
3046 5580 3314 5635 ateneris
3338 5578 3674 5649 unguiculis

2031 5669 2319 5725 mundum
2352 5668 2486 5725 odio
2520 5668 2764 5724 habuit:
2798 5674 2857 5722 et
2910 5668 3205 5722 Christum
3265 5682 3466 5721 amore
3514 5680 3673 5721 com-

2026 5759 2258 5833 plexus,
2289 5757 2360 5813 ad
2382 5773 2662 5830 magnum
2687 5757 3028 5828 Gregorium
3060 5756 3461 5828 Decapolitam
3482 5768 3675 5809 acces-
