4158 6310
414 388 530 449 411

1741 384 2170 448 MENOLOGII
2213 387 2418 450 PARS
2463 389 2568 451 Ill.

3710 398 3834 465 “2

416 521 515 587 sit,
551 524 608 575 et
637 518 709 576 ab
741 534 809 574 eo
867 518 1198 575 monachus
1255 518 1466 588 factus,
1523 518 1737 574 exinde
1791 535 1909 573 una
1937 535 2074 574 cum

2188 517 2508 608 καπολίτην,
2538 521 2629 577 καὶ
2657 523 2949 599 γενόμενος
3011 528 3100 582 ὑπ’
3149 527 3359 584 ἐκείνου
3409 532 3681 608 μοναχὸς,
3730 538 3830 592 τοῦ

416 612 544 684 ipso
573 611 704 665 vitas
766 610 1093 664 certamina
1151 608 1453 674 sustinuit,
1518 608 1579 663 in
1640 608 1918 664 omnibus
1952 609 2069 663 Deo

415 701 765 756 inserviens.
800 700 995 769 Usquo
1027 697 1174 752 adeo
1219 703 1416 753 autem
1439 698 1500 752 in
1533 698 1872 753 obedientia
1904 698 2068 752 cele-

412 789 559 855 bris,
595 789 655 842 in
687 788 1053 859 subjectione
1104 786 1460 858 obsequens,
1514 793 1572 842 et
1609 787 1683 842 ad
1736 786 2074 843 ministeria

417 893 786 951 quaecunque
819 875 1229 946 paratissimus
1247 876 1376 944 fuit,
1405 881 1470 931 ut
1491 893 1741 949 magnus
1761 877 2070 949 Gregorius

417 968 488 1024 de
519 967 647 1038 ipso
679 965 935 1021 maxime
979 965 1282 1033 gauderet,
1339 968 1642 1038 Deumque
1691 965 2068 1039 gloriﬁcaret.

411 1059 553 1112 Post
580 1060 834 1110 mortem
867 1071 1000 1109 vero
1061 1056 1249 1109 sancti
1308 1056 1571 1127 Gregorii
1632 1056 1940 1127 ipsiusque
1998 1055 2070 1110 ad

411 1143 599 1197 Deum
630 1141 968 1208 transitum,
998 1140 1145 1196 abiit
1175 1142 1236 1196 in
1260 1143 1564 1214 regionem
1597 1142 1984 1215 longinquam
2017 1147 2075 1197 et

414 1229 800 1302 incognitam,
835 1229 936 1300 qui
980 1234 1040 1284 et
1097 1229 1384 1285 Dominus
1441 1232 1820 1304 peregrinum
1853 1235 2072 1302 egerat,

412 1324 588 1390 atque
620 1318 780 1390 apud
811 1323 1130 1374 extraneos
1160 1318 1320 1374 furat
1349 1325 1547 1387 natus,
1582 1325 1642 1374 et
1670 1320 1860 1375 multa
1891 1320 2070 1375 susti-

411 1409 562 1464 nuit.
597 1407 819 1463 Eeinde
843 1425 1012 1464 sacra
1042 1408 1173 1464 loca
1195 1413 1427 1481 petens,
1461 1409 1522 1464 in
1552 1409 1710 1465 beati
1737 1409 2073 1464 Charitonis

413 1497 644 1552 [auram
677 1513 739 1552 se
756 1498 1000 1569 recepit,
1024 1497 1227 1569 ibique
1253 1498 1516 1570 seipsum
1545 1497 1819 1570 pluribus
1840 1499 2072 1553 virtutis

417 1586 942 1642 exercitationibus
964 1587 1209 1642 addixit.
1231 1589 1420 1659 Atque
1444 1588 1526 1643 ita
1555 1604 1692 1643 cum
1714 1593 1874 1643 recte
1905 1587 2077 1643 vixis-

418 1681 529 1744 set,
561 1677 623 1731 in
647 1693 792 1748 pace
826 1675 900 1731 ad
934 1678 1118 1732 Deum
1149 1677 1331 1748 pacis,
1388 1693 1566 1748 quem
1609 1677 1880 1748 impense
1911 1693 2073 1732 ama-

415 1771 599 1832 verat,
634 1766 958 1839 emigravit.

422 1875 523 1932 62
554 1876 628 1929 Et
660 1880 930 1929 certamen
987 1875 1164 1929 sancti
1218 1875 1482 1956 martyris
1526 1872 1786 1943 Victoris,
1819 1879 1870 1929 et
1898 1876 2072 1931 socio-

2188 1880 2288 1937 Καὶ
2319 1879 2547 1953 ἄθλησις
2575 1889 2671 1940 τοῦ
2702 1886 2857 1964 ἁγίου

1090 1961 1219 2000 rum
1254 1945 1392 2015 ejus.

487 2052 567 2108 Eo
601 2056 889 2124 tempore,
922 2068 1038 2124 quo
1071 2052 1292 2123 impius
1315 2052 1640 2124 imperator
1670 2051 2077 2108 Diocletianus

416 2143 737 2201 maximam
769 2142 936 2198 illam
969 2147 1026 2196 et
1055 2142 1407 2198 honribilem
1452 2143 1933 2215 persecutionem
1973 2143 2079 2197 ad—

414 2249 618 2288 versus
640 2232 1008 2287 Christianos
1040 2232 1333 2299 excitavit,
1366 2237 1425 2287 et
1454 2233 1921 2306 comprehensus
1947 2248 2076 2286 san-

417 2325 548 2376 ctus
605 2321 1050 2391 multorumque
1113 2321 1510 2376 certaminum
1564 2320 1780 2376 Christi
1855 2326 2080 2392 martyr

418 2411 698 2483 Georgius
727 2409 1164 2482 multiplicibus
1227 2409 1533 2481 subjectus
1581 2408 1694 2463 fuit
1741 2410 2075 2478 tormentis,

416 2499 695 2570 ipsosque
727 2498 883 2552 inter
913 2497 1212 2552 cruciatus
1246 2496 1421 2570 longe
1449 2496 1824 2552 admirabilia
1867 2497 2076 2552 huma-

415 2589 629 2658 nisque
656 2586 878 2642 viribus
908 2587 1140 2657 majora
1163 2585 1349 2641 edidit
1375 2584 1642 2658 prodigia
1665 2603 1679 2653 ;
1699 2585 1861 2640 multi
1889 2603 1956 2641 ea
1973 2585 2080 2640 mi.

415 2677 619 2733 racula
639 2674 924 2742 videntes,
946 2677 1008 2730 in
1031 2676 1350 2730 Dominum
1374 2675 1787 2731 crediderunt:
1817 2680 1874 2730 et
1897 2691 1965 2730 ex
1986 2675 2079 2730 his

414 2767 518 2823 alii
549 2765 792 2837 quidem
822 2765 982 2820 illico
1015 2765 1207 2838 capite
1240 2765 1575 2820 obtruncati
1629 2771 1790 2828 sunt,
1825 2764 1915 2819 vel
1944 2765 2077 2838 igne

415 2855 660 2912 cremati
689 2874 711 2920 ;
743 2854 843 2910 alii
874 2871 1009 2909 vero
1058 2855 1121 2909 in
1179 2869 1448 2909 carceres
1505 2853 1753 2922 detrusi,
1787 2859 1855 2909 ut
1875 2859 2080 2926 postea

412 2949 854 3016 torquerentur.
887 2945 1048 2999 Inter
1088 2943 1197 2998 hos
1240 2942 1482 2998 fuerunt
1512 2943 1701 2998 sancti
1736 2943 1833 2998 isti
1863 2943 2077 2998 Christi

412 3039 704 3107 martyres
754 3034 972 3098 Victor,
1032 3032 1398 3103 Acindynus,
1460 3031 1715 3099 Zoticus,
1782 3033 1980 3086 Zenon
2022 3036 2081 3086 et

415 3121 763 3176 Severianus
793 3136 806 3173 :
841 3121 1100 3191 quicum
1133 3125 1404 3174 sanctum
1429 3121 1742 3192 Georgium
1776 3125 1917 3174 rotae
1939 3118 2075 3173 alli-

411 3216 634 3283 gatum,
667 3225 778 3264 nec
808 3208 933 3263 ullo
994 3209 1169 3264 modo
1219 3208 1430 3263 lassum
1489 3209 1794 3276 vidissent,
1857 3208 2069 3262 Christi

410 3259 590 3354 ﬁdem
621 3259 880 3367 amplexi
911 3301 1067 3352 sunt.
1105 3296 1558 3352 Excandescens
1605 3259 1807 3366 itaque
1841 3296 2069 3352 Diocle-
2100 3259 2143 3327 Ο

405 3387 604 3442 tianus
631 3387 896 3458 primum
921 3386 1058 3441 illos
1088 3386 1336 3441 diversis
1368 3385 1676 3458 suppliciis
1701 3385 1962 3458 torqueri
1977 3386 2071 3457 ju-

409 3476 546 3532 bet:
581 3492 836 3548 cumque
869 3476 1047 3531 idolis
1079 3476 1415 3532 sacrificare
1439 3480 1836 3546 recusassent,
1870 3475 2068 3531 decol-

412 3565 518 3622 lati
553 3571 712 3622 sunt.

634 3657 701 3711 Et
746 3657 1012 3712 memoria
1037 3657 1217 3712 sancti
1247 3653 1464 3725 Georgii
1510 3657 1855 3724 confessoris.

487 3844 734 3900 Sanctus
766 3860 1003 3915 quoque
1035 3843 1341 3899 confessor
1371 3843 1589 3899 Christi
1623 3843 1906 3916 Georgius
1923 3847 2074 3899 tem-

419 3933 1201 4006 poribusiconomachorum
1219 3933 1452 3990 claruit.
1468 3934 1536 3986 Et
1551 3933 1812 4004 primum
1834 3933 2077 4004 quidem

421 4021 494 4077 ab
528 4021 781 4077 infantia
810 4024 996 4078 Deum
1027 4037 1228 4077 amore
1261 4027 1634 4094 prosecutus,
1662 4028 1722 4078 et
1749 4022 2077 4078 monachus

425 4109 619 4164 factus
649 4116 892 4180 prOpter
914 4109 1131 4164 multos
1162 4110 1420 4177 labores,
1455 4115 1514 4164 et
1565 4111 1912 4178 certamina,
1945 4128 2076 4182 (Ῑιιιθ

427 4198 731 4265 sustinuit,
764 4198 1015 4268 Spiritus
1063 4198 1250 4254 sancti
1302 4198 1590 4270 templum
1621 4201 1820 4255 evasit.
1855 4199 2079 4255 Deinde

429 4285 744 4357 episcopus
775 4286 1100 4341 Antiochiae
1124 4286 1452 4354 ordinatus,
1485 4287 1778 4343 creditum
1809 4287 1924 4342 sibi
1955 4304 2081 4359 gre-

423 4391 558 4448 gem
589 4381 748 4430 recte
776 4375 1414 4448 gubernavitPosthasc
1448 4375 1601 4432 malo
1631 4376 1854 4432 diaboli
1884 4376 2080 4432 consi-

425 4465 504 4520 lio
543 4465 788 4520 haaresis
845 4465 1369 4520 iconomachorum
1431 4467 1694 4535 emersit,
1757 4472 1814 4521 et
1871 4482 2080 4522 omnes

428 4554 689 4625 episcopi
723 4570 829 4626 per
885 4554 1167 4626 epistolas
1225 4554 1298 4610 ab
1359 4555 1718 4626 imperatore
1775 4559 2079 4614 convocati

425 4643 686 4713 fuerunt,
707 4650 772 4699 ut
792 4646 1232 4716 quamprimum
1255 4644 1830 4716 Constantinopolim
1847 4644 2075 4700 advenii

2188 4683 2295 4718 των
2349 4662 2776 4737 παρεκελεύοντο
2826 4663 2915 4721 διὰ
2969 4669 3174 4744 τάχους
3229 4671 3297 4740 τὴ

427 4739 581 4788 rent.
614 4737 875 4788 Accessit
903 4735 1151 4806 proinde
1175 4741 1230 4791 et
1247 4736 1394 4806 ipse,
1425 4735 1661 4808 regibus
1687 4733 1928 4790 obedire
1951 4740 2076 4790 stu-

427 4823 594 4890 dens,
643 4824 815 4894 juxta
870 4827 1058 4880 sancti
1117 4825 1283 4881 Pauli
1340 4831 1722 4898 praaceptum.
1757 4827 1831 4880 At
1867 4825 2074 4897 jussus

426 4928 728 4968 sacrarum
784 4913 1106 4987 imaginum
1143 4916 1370 4972 cultum
1402 4916 1703 4988 abjurare,
1759 4933 1892 4972 cum
1953 4932 2074 4970 non

423 5000 799 5067 assensisset,
833 5003 894 5058 in
927 5005 1203 5059 exsilium
1255 5005 1465 5076 pulsus
1498 5010 1607 5071 est,
1643 5006 1704 5060 in
1738 5022 1856 5077 quo
1887 5005 2074 5076 pluri-

421 5090 536 5144 mis
567 5106 672 5161 pro
692 5089 1021 5148 orthodoxa
1050 5092 1166 5148 ﬁde
1197 5093 1505 5149 aaruminis
1536 5095 1824 5163 toleratis,
1850 5094 1911 5149 in
1933 5109 2076 5166 pace

425 5179 666 5250 quievit.

987 5342 1227 5397 EODEM
1257 5343 1508 5399 MENSE.

956 5431 1060 5484 Die
1110 5429 1340 5485 decima
1388 5447 1549 5486 nona

419 5536 521 5592 68
551 5537 835 5591 Certamen
864 5539 1045 5593 sancti
1074 5540 1331 5619 mrrtyris
1380 5537 1784 5610 Christophori,
1821 5545 1872 5595 et
1899 5539 2076 5596 socio-

1100 5626 1229 5665 rum
1258 5625 1398 5680 ejus.

496 5736 564 5792 Hi
596 5753 831 5810 quoque
865 5742 982 5796 tres
1014 5738 1222 5796 eadem
1255 5737 1372 5811 die,
1401 5754 1520 5812 qua
1549 5739 1725 5798 variis
1758 5740 2072 5799 tormentis

2188 605 2388 664 λοιποῦ
2412 617 2573 681 συνῆν
2621 612 2767 685 αὐτῷ
2825 616 3248 690 ἀγωνιζόμενος,
3306 619 3397 675 καὶ
3455 619 3506 675 ἐν
3559 626 3688 678 πᾶσι
3739 625 3834 682 τὸν

2183 697 2314 752 Θεὸν
2347 700 2676 774 θεραπεύων.
2710 702 2864 759 Οὕτω
2922 703 2980 760 δὲ
3033 707 3245 782 γὲγονεν
3305 709 3382 774 εἷς
3442 712 3686 781 ὑπακοήν
3735 735 3839 770 πει

2185 782 2471 863 ριϐόητος,
2503 790 2591 846 καὶ
2633 792 2710 856 εἰς
2767 794 3044 870 ὑποταγὴν
3102 800 3405 872 πειθήνιος,
3460 804 3548 856 καί
3611 803 3836 878 ἕτοιμό-

2181 895 2343 965 τατος
2377 879 2732 952 θεραπευτής,
2767 883 2842 945 ὡς
2874 905 2964 939 και
3015 886 3105 941 τὸν
3171 887 3336 962 μέγαν
3395 891 3695 965 Γρηγόριον
3751 893 3838 949 ἐπ’

2185 963 2331 1037 αὐτῷ
2363 967 2598 1042 χαίρειν,
2650 972 2739 1026 καὶ
2787 973 2880 1027 τὸν
2934 975 3062 1030 θεὸν
3103 973 3363 1047 δοξάζειν.
3427 963 3588 1036 Mercii
3630 978 3687 1036 δὲ
3731 984 3834 1052 τήν

2181 1053 2465 1110 τελείωσιν
2494 1063 2593 1113 τοῦ
2624 1061 2784 1130 ἁηίου
2843 1064 3166 1139 Γρηγορίου,
3217 1066 3306 1121 καὶ
3362 1069 3460 1137 τὴν
3518 1069 3656 1142 πρὸς
3703 1072 3837 1128 Θεὸν

2184 1144 2353 1198 αὐτοῦ
2415 1144 2704 1221 ἐκδημίαν,
2766 1149 3008 1221 ἀπῆλθεν
3087 1153 3166 1216 εἷς
3246 1157 3433 1231 χώραν
3512 1157 3665 1229 ξένην
3746 1161 3843 1217 καὶ

2185 1231 2481 1309 ἄγνωστον,
2543 1234 2633 1293 διὰ
2687 1240 2778 1294 τὸν
2838 1241 3209 1312 ξενιτεύσαντα
3295 1243 3514 1322 Κύριον,
3573 1248 3663 1303 καὶ
3747 1248 3838 1306 ἐπὶ

2184 1323 2356 1393 ξὲνοις
2412 1327 2692 1402 τεχθέντα,
2743 1329 2831 1384 καὶ
2909 1331 3228 1405 ἠγωνίζετο.
3300 1337 3434 1392 Εἶτα
3506 1334 3831 1396 καταλαϐὼν

2181 1411 2308 1476 τοὺς
2342 1414 2535 1488 ἁγίους
2564 1416 2788 1492 τόπους,
2839 1419 3080 1490 ἀπῆλθεν
3138 1421 3215 1484 είς
3271 1425 3370 1493 τήν
3425 1429 3523 1480 τοῦ
3563 1427 3837 1503 μακαρίου

2183 1502 2501 1577 Χαρίτωνος
2535 1505 2760 1581 λαῦραν,
2793 1509 2886 1564 καὶ
2915 1507 3184 1567 ἐπέδωκεν
3241 1513 3428 1569 ἑαυτὸν
3479 1515 3556 1578 εἷς
3602 1502 3834 1584 πλείους

2184 1592 2398 1668 ἀγῶνας
2429 1595 2642 1670 ἀρετῆς.
2675 1598 2780 1654 Καὶ
2815 1597 2956 1655 οὕτω
3013 1601 3196 1665 καλῶς
3261 1604 3482 1677 βιώσας,
3538 1604 3590 1660 ἐν
3642 1606 3836 1686 εἶ’ρήνῃ

2183 1683 2318 1755 πρὸς
2344 1683 2435 1738 τὸν
2465 1691 2566 1753 τῆς
2595 1685 2840 1762 εἰρήνης,
2887 1689 2944 1744 ’ὸν
2996 1688 3201 1754 ὁλικῶς
3258 1693 3564 1768 ἠγάπησεν,
3611 1683 3837 1754 ἀναλύει

2183 1771 2335 1828 Θεόν.

2910 1887 3183 2015 ἓιάρτυρος
3238 1890 3536 1968 Βίκτωρος,
3587 1893 3675 1950 καί
3723 1902 3831 1966 τῆς

2947 1960 3024 2015 iac
3059 1961 3245 2015 αὐτοῦ.

2777 1961 3024 2023 συνοδίας
3059 1961 3245 2019 αὐτοῦ.

2253 2053 2405 2109 Κατὰ
2457 2054 2548 2110 τὸν
2607 2058 2815 2134 καιρὸν,
2874 2059 2965 2116 ὅτε
3039 2060 3431 2132 Διοκλητιανὸς
3480 2065 3509 2120 6
3569 2062 3835 2139 δυσσεϐὴς

2188 2139 2443 2218 βασιλεὺς
2497 2145 2588 2199 τὸν
2679 2147 2847 2223 μέγαν
2931 2147 3134 2204 ἐκεῖνον
3227 2151 3316 2207 καὶ
3397 2152 3836 2231 φρικωδὲστατον

2185 2227 2434 2304 διωγμὸν
2464 2233 2600 2288 κατά
2640 2239 2748 2290 τῶν
2805 2237 3137 2312 Χριστιανῶν
3197 2238 3434 2312 ἐκίνησε,
3491 2247 3582 2298 καί
3635 2265 3842 2320 κρατηο

2185 2320 2297 2382 θεὶς
2353 2321 2381 2375 6
2442 2323 2591 2408 ἅγιος
2651 2325 2740 2379 καὶ
2803 2323 3113 2392 πολύαθλος
3176 2328 3385 2404 μάρτυς
3445 2336 3540 2386 τοῦ
3599 2333 3839 2408 Χριστοῦ

2182 2409 2456 2485 Γεώργιος
2511 2406 2876 2484 ἐϐασανίζετο,
2936 2416 3026 2470 καὶ
3092 2419 3515 2492 βασανιζόμενος
3597 2406 3839 2496 ἐθαυμα-

2183 2497 2522 2573 τούργειτᾶς
2572 2501 2910 2577 παραδόξους
2963 2505 3164 2570 ἐκείνας
3217 2508 3306 2562 καὶ
3361 2509 3490 2584 ὑπὲρ
3543 2507 3831 2586 ἄνθρωπον

2184 2586 2640 2666 θαυματουργίας,
2695 2591 2900 2648 πολλοὶ
2957 2592 3236 2650 ἐπίστευον
3296 2596 3383 2652 ἐπὶ
3451 2599 3542 2653 τὸν
3602 2601 3833 2674 Κύριον,

2181 2675 2250 2732 τὰ
2280 2677 2527 2748 θαύματα
2578 2679 2889 2756 βλέποντες.
2940 2683 3040 2739 Καὶ
3091 2685 3143 2739 οἱ
3189 2685 3282 2758 μὲν
3341 2687 3641 2762 παραυτίκα
3697 2689 3834 2746 ἀπε-

2181 2766 2561 2843 κεφαλίζοντο,
2601 2771 2636 2839 ἢ
2679 2768 2948 2838 ἐκαίοντο,
3011 2774 3061 2828 οἱ
3119 2771 3176 2828 δὲ
3228 2773 3492 2849 φυλακαῖς
3549 2779 3840 2854 παρεπέμ-

2182 2877 2351 2912 ποντο
2385 2857 2471 2912 ἐπὶ
2502 2859 2565 2913 τὸ
2612 2862 3000 2935 τιμωρηθῆναι
3055 2862 3294 2940 ὕστερονο
3337 2865 3388 2936 ἐξ
3437 2867 3510 2920 ῶν
3553 2867 3689 2937 ἦσαν
3738 2869 3834 2925 καὶ

2184 2945 2333 3033 οὗτοι
2365 2947 2416 3001 οἱ
2449 2948 2596 3019 ἅγιοι
2627 2954 2722 3004 τοῦ
2755 2955 2994 3024 Χριστοῦ
3027 2953 3320 3028 μάρτυρες,
3349 2953 3586 3033 Σίκτωρ,
3645 2959 3834 3015 Ἀκίν-

2183 3032 2364 3120 δυνος,
2431 3038 2692 3108 Ζωτικὸς,
2753 3041 2967 3110 Ζήνων,
3039 3041 3130 3096 καὶ
3207 3032 3561 3120 Σεϐηριανόςο
3631 3049 3830 3112 οἳτινες

2184 3119 2505 3212 Ῐδόντεςῗτὸν
2539 3126 2692 3212 ἅγιον
2745 3129 3014 3205 Γεώργιον
3068 3119 3431 3205 προσδεθέντα
3484 3139 3564 3208 τῷ
3609 3141 3826 3212 τραχῷ,

2181 3211 2271 3266 καὶ
2308 3211 2477 3286 μηδὲν
2518 3211 2860 3288 ἀδικηθέντα,
2922 3217 3232 3276 ἐπίστευσαν
3280 3226 3358 3294 τῷ
3418 3225 3666 3298 Χριστῷ.
3725 3211 3828 3281 limi

2185 3300 2532 3376 ὀργισθέντος
2581 3303 2995 3376 Διοκλητιανοῦ,
3061 3307 3479 3386 ἐτιμωρήθησαν
3553 3310 3832 3391 διαφόρως

2178 3391 2460 3464 πρότερον.
2503 3394 2590 3447 καὶ
2657 3394 2733 3467 μή
2792 3396 3096 3460 πεισθέντες
3156 3400 3311 3454 θῦσαι
3369 3406 3485 3465 τοῖς
3545 3400 3826 3476 εἰδώλοις,

2180 3478 2456 3559 ἆπεκεφαλ
2467 3480 2708 3553 ίσθησαν.

2183 3667 2286 3726 Καὶ
2374 3670 2568 3743 μνήμη
2652 3674 2748 3726 τοῦ
2833 3671 2985 3728 ὁσίου
3047 3674 3345 3760 υΓιωργίου
3425 3681 3524 3734 τοῦ
3614 3679 3830 3754 ὁμολο-

2906 3765 3097 3819 γητου.

2255 3855 2354 3911 Καὶ
2386 3857 2415 3912 6
2445 3855 2596 3920 ὅσιος
2644 3859 2918 3935 Γεώργιος
2948 3860 2976 3914 ὁ
3005 3859 3362 3938 ὁμολογητῆς
3411 3869 3510 3921 τοῦ
3557 3870 3827 3940 Χριστοῦ,

2185 3945 2273 4002 ἐπὶ
2326 3951 2406 4018 τῷ
2465 3947 2653 4023 χρόνῳ
2697 3951 2763 4018 ἦν
2818 3955 2929 4006 τῶν
2986 3951 3391 4029 είκονομάχων,
3445 3956 3707 4033 πρότερον
3772 3959 3833 4015 ἐκ

2188 4033 2420 4113 βρέφους
2453 4039 2542 4093 τὸν
2571 4039 2699 4094 Θεὸν
2731 4039 3037 4114 ἀγαπήσας,
3077 4043 3166 4097 καὶ
3227 4045 3468 4120 μοναχὸς
3513 4046 3830 4122 γενόμενος,

2184 4126 2275 4181 καὶ
2305 4123 2394 4180 διὰ
2421 4125 2624 4195 πόνων,
2651 4127 2740 4182 καὶ
2771 4129 2994 4204 ἀγώνων
3045 4131 3296 4202 πολλῶν,
3355 4135 3482 4199 ναὸς
3528 4140 3626 4190 τοῦ
3675 4137 3834 4212 ἁγίου

2186 4213 2499 4287 Πνεύματος
2526 4216 2840 4292 γενόμενος.
2892 4221 3030 4275 Εἶτα
3086 4220 3173 4274 καὶ
3236 4219 3534 4285 ἐπίσκοπος
3590 4244 3841 4299 χειροτο-

2185 4302 2368 4372 νηθεὶς
2397 4305 2754 4380 Ἀντιοχείας,
2788 4306 2875 4362 καί
2905 4307 3092 4374 καλῶς
3142 4309 3325 4374 ἱθύνας
3371 4313 3436 4367 τὸ
3484 4312 3833 4386 ἐμπιστευθὶν

2188 4393 2340 4482 αὐτῶ
2396 4397 2679 4468 ποίμνιον,
2737 4396 2854 4452 ἐπεὶ
2915 4395 2974 4453 δὲ
3021 4402 3091 4473 τῇ
3150 4405 3246 4456 τοῦ
3305 4398 3570 4459 διαϐόλου
3622 4411 3838 4482 πονηρᾷ

2189 4478 2503 4557 συμϐουλῇ,
2534 4487 2568 4554 ἠ
2598 4490 2705 4540 τῶν
2742 4486 3140 4565 Εἰκονομάχων
3187 4489 3391 4565 αἵρεσις
3446 4491 3693 4564 ἐκινήθη,
3743 4478 3836 4551 καὶ

2190 4572 2383 4635 πάντες
2415 4575 2467 4628 οἱ
2498 4573 2783 4631 ἐπίσκοποι
2821 4577 2925 4632 ὑπὸ
2971 4578 3068 4633 τοῦ
3117 4579 3390 4654 βασιλέως
3425 4579 3528 4636 ’διὰ
3571 4586 3833 4656 γραμμά-

3304 4692 3330 4722 ν
3389 4673 3831 4727 Κωνσταντινού-

2182 4750 2346 4806 πολιν
2431 4747 2780 4823 καταλαϐεῖν,
2867 4757 3184 4831 παρεγένετο
3268 4759 3358 4814 καὶ
3423 4761 3610 4828 αὐτὸς,
3669 4758 3831 4826 εἰδὼς

2188 4839 2495 4916 βασιλεῦσιν
2530 4841 2939 4916 ὑποτάσσεσθαι,
2991 4845 3128 4901 κατὰ
3182 4847 3282 4917 τὴν
3327 4851 3422 4904 τοῦ
3468 4849 3627 4925 ἁγίου
3679 4851 3832 4908 Παύ-

2187 4926 2289 4984 λου
2320 4929 2566 5000 ἐντολήν·
2627 4931 2718 4986 καὶ
2773 4932 3124 5008 ἀναγκασθεὶς
3177 4935 3506 5013 ἀρνήσασθαι
3561 4940 3661 5008 τὴν
3721 4945 3828 4997 τῶν

2187 5021 2353 5095 ἁγίων
2436 5021 2659 5077 εἰκόνων
2743 5024 3129 5098 προσκύνησιν,
3207 5025 3298 5082 καὶ
3383 5029 3461 5102 μή
3571 5031 3832 5102 πεισθεὶς,

2185 5109 2471 5184 ἐξωρίσθη
2518 5113 2606 5167 καὶ
2669 5111 2723 5168 ἐν
2779 5117 2849 5187 τῇ
2911 5115 3086 5187 ἐξερίᾳ
3157 5113 3407 5180 πολλοὺς
3492 5119 3836 5194 πειρασμοὺς

2189 5199 2484 5273 ὑπομείνας
2524 5203 2656 5278 ὑπὲρ
2711 5209 2814 5273 τῆς
2872 5201 3167 5279 ὀρθοδόξου
3224 5205 3479 5281 πίστεως,
3537 5206 3590 5264 ἐν
3644 5209 3837 5287 εἰρήνῃ

2187 5288 2542 5350 ἀνεπαύσατο.

2739 5364 2922 5422 MHNI
2961 5371 3050 5444 τᾳ
3091 5369 3276 5446 iri-9.

2969 5453 3048 5511 18‘

2182 5547 2453 5620 ’Ἃθλησις
2482 5554 2580 5606 τοῦ
2610 5552 2766 5626 ὰγίου
2801 5552 3527 5644 μάρτυρος-Χριστοφόρου,
3578 5558 3667 5612 καὶ
3721 5563 3831 5616 τῶν

2859 5643 2951 5679 συν
2982 5643 3150 5698 αυτῳ.

2254 5736 2359 5800 Καὶ
2390 5736 2542 5796 οὗτοι
2586 5737 2638 5796 οἱ
2675 5743 2822 5815 τρεῖς
2867 5741 2983 5798 κατ’
3031 5739 3239 5815 ἐκείνην
3291 5743 3392 5815 τὴν
3447 5738 3686 5826 ἡμέραν,
3735 5743 3826 5803 ὅτι
