4134 6302
228 373 352 436 M3

1788 375 2126 440 APRILIS.

3565 380 3690 441 414

242 509 271 565 ὂ
324 507 783 585 μεγαλομάρτυρ
843 511 1116 586 Γιώργιος
1178 505 1543 581 ἐϐασανίζετο,
1601 509 1894 584 παρίσταντ

2038 511 2334 568 cruciatus
2363 511 2477 568 fuit
2515 527 2763 587 magnus
2821 511 3038 568 Christi
3097 514 3323 585 martyr
3377 508 3660 586 Georgius

242 603 322 672 ti'p
347 597 596 675 βασιλεῖ,
663 598 971 678 δορυφόροι
1029 596 1194 663 ὄντες·
1256 599 1345 654 καὶ
1404 597 1608 663 ίδόντες
1663 601 1732 654 τὰ
1788 598 1920 663 θαύ-

260 709 418 762 ματα,
477 687 740 764 ῥίψαντες
803 688 866 744 ού
930 689 1094 760 μόνον
1143 688 1210 744 τὰ
1267 687 1433 758 ὅπλα,
1487 686 1634 743 ἀλλὰ
1683 689 1769 742 καὶ
1823 688 1918 749 τὰς

257 777 426 847 ζώνας
505 777 722 848 αὐτῶν,
815 776 1111 848 ἐστάθησαν
1196 771 1504 852 ἔμπροσθεν
1586 777 1773 846 αὐτοῦ,
1830 777 1919 832 καὶ

255 865 632 942 ὡμολόγησαν
691 867 788 922 τὸν
849 867 1106 941 Χριστόν.
1187 867 1288 924 Καὶ
1373 867 1746 943 κρατηθέντες,
1827 865 1918 920 καὶ

255 954 482 1010 ἁλύσεσι
545 953 814 1026 δεθέντες,
875 955 1301 1025 ἀπεκλείσθησαν
1361 956 1439 1018 εἷς
1503 954 1773 1035 φυλακήν⁸
1828 955 1916 1010 καὶ

253 1045 345 1124 ἐπὶ
400 1051 473 1122 τῇ
533 1047 722 1122 αῧριον
799 1055 902 1117 τῆς
982 1053 1232 1124 φυλακῆς
1282 1045 1607 1118 ἐξελθόντες,
1663 1045 1915 1121 ἤχθησαν

245 1122 493 1199 δέσμιοι,
553 1127 643 1182 καὶ
703 1122 1045 1201 παρέστησαν
1099 1125 1331 1182 ἐνώπιον
1389 1128 1576 1182 αὐτοῦ’
1624 1127 1716 1181 καὶ
1745 1146 1915 1196 κατη-

244 1214 634 1292 ναγκᾶσθησαν
691 1221 914 1293 πρῶτον
985 1217 1080 1289 μὶν
1142 1214 1232 1272 διὰ
1283 1221 1393 1272 τῶν
1449 1215 1688 1272 ἀπειλῶν
1748 1215 1916 1290 ἀρνή-

248 1307 448 1360 σασθαι
504 1307 599 1361 τὸν
659 1307 915 1382 Χριστὸν
950 1305 1137 1362 ἔπειτα
1167 1305 1226 1361 δὶ
1251 1303 1340 1360 διὰ
1373 1306 1606 1382 μετρίων
1644 1306 1911 1381 βασάνων.

246 1403 322 1457 Ως
358 1393 418 1450 δὲ
445 1396 548 1464 τὴν
603 1397 832 1472 γνώμην
897 1397 1049 1471 εἶχον
1110 1395 1436 1468 ἀμετάθετον
1486 1396 1623 1470 πρὸς
1661 1395 1910 1469 Χριστὸν,

245 1485 649 1561 κρεμασθέντες
707 1485 1020 1556 έξέσθησαν,
1073 1487 1163 1540 καὶ
1222 1485 1317 1547 τὰς
1374 1485 1613 1560 πλευρὰς
1663 1483 1909 1558 λαμπάσι

246 1573 730 1650 κατεφλέχθησαν·
793 1575 909 1630 εἷτα
964 1575 1042 1638 είς
1118 1573 1365 1652 φυλακήν
1431 1571 1905 1642 κατεκλείσθησαν.

247 1662 355 1719 Καὶ
419 1663 558 1734 μετὰ
612 1667 782 1718 ταῦτα
851 1670 953 1732 τῆς
1007 1661 1258 1740 φυλακῆς
1309 1657 1684 1731 ἐκϐληθέντες,
1741 1659 1906 1716 πάλιν

247 1753 674 1826 ἠναγκάσθησαν
731 1753 1063 1827 ἂρνήσασθαι
1123 1754 1220 1824 μὲν
1290 1752 1380 1807 τὸν
1441 1751 1693 1825 Χριστὸν,
1753 1752 1906 1805 θῦσαι

2033 601 2305 657 astabant
2335 601 2697 673 imperatori,
2732 602 2931 657 hastas
2966 601 3242 656 ferentes.
3280 606 3353 655 At
3377 618 3512 656 cum
3536 620 3681 673 pro-

2033 690 2189 764 digia
2219 691 2322 746 illa
2349 691 2655 758 vidissent,
2678 708 2798 746 non
2832 690 3005 746 modo
3037 692 3240 754 armis,
3263 690 3366 745 sed
3397 695 3455 746 et
3484 691 3684 764 cingu-

2031 779 2105 834 lis
2139 781 2260 835 suis
2287 781 2411 852 proj
2425 781 2588 847 ectis,
2609 786 2746 836 ante
2766 781 2961 852 ipsum
2993 781 3414 851 imperatorem
3440 785 3678 849 stetere,

2030 869 2328 924 Christum
2354 871 2719 941 profitentes.
2753 869 3178 940 Comprehensi
3201 867 3470 940 proinde,
3507 874 3564 923 et
3585 885 3680 924 ca-

2029 957 2185 1012 tenis
2227 958 2551 1025 constricti,
2579 958 2640 1012 in
2672 974 2969 1013 carcerem
2998 957 3221 1012 detrusi
3278 957 3536 1011 fuerunt.
3571 958 3678 1012 Se-

2032 1047 2236 1118 quenti
2268 1064 2404 1102 vero
2427 1047 2524 1102 die
2548 1064 2578 1101 e
2601 1063 2835 1102 carcere
2866 1046 3083 1110 educti,
3111 1052 3168 1102 et
3196 1046 3447 1101 vinculis
3475 1046 3679 1102 onusti

2031 1150 2228 1190 coram
2260 1134 2468 1190 eodem
2509 1136 2867 1207 imperatore
2917 1135 3222 1191 constituti
3253 1141 3425 1191 sunt:
3459 1151 3525 1190 ac
3556 1135 3677 1207 pri-

2017 1223 2191 1280 mum
2224 1225 2462 1298 quidem
2497 1226 2697 1293 minis,
2732 1226 2950 1282 deinde
2982 1225 3158 1280 etiam
3190 1225 3528 1280 mitioribus
3550 1229 3675 1280 tor-

2027 1315 2245 1370 mentis
2277 1315 2572 1370 Christum
2596 1315 2869 1370 deserere
2900 1314 3191 1386 compulsi
3215 1319 3371 1370 sunt.
3397 1313 3508 1370 Sed
3537 1330 3674 1370 cum

2026 1403 2385 1458 immutabili
2417 1404 2478 1458 in
2512 1404 2809 1459 Christum
2851 1404 3048 1459 animo
3091 1404 3498 1476 persisterent,
3543 1419 3672 1459 sus-

2023 1493 2542 1565 pensidepexique
2573 1494 2832 1562 fuerunt,
2892 1493 3237 1564 facibusque
3291 1493 3352 1548 in
3381 1492 3671 1549 lateribus

2024 1581 2290 1650 ustulati,
2314 1598 2382 1637 ac
2412 1582 2626 1637 deinde
2656 1583 2717 1638 in
2766 1599 3063 1638 carcerem
3121 1583 3337 1638 iterum
3392 1581 3669 1654 conjecti.

2022 1672 2289 1727 Posthaac
2316 1688 2346 1726 e
2370 1688 2604 1727 carcere
2633 1671 2849 1743 educti,
2873 1672 3066 1726 denuo
3092 1671 3389 1728 Christum
3416 1671 3676 1744 abnega-

2021 1777 2106 1828 re,
2133 1765 2192 1815 et
2219 1759 2395 1815 idolis
2426 1760 2756 1816 sacriﬁcare
2783 1761 2937 1832 jussi
2969 1766 3125 1815 sunt.
3160 1760 3436 1816 Nolentes
3467 1766 3669 1816 autem

248 1839 307 1896 δὲ
352 1844 470 1902 τοῖς
531 1837 810 1903 εἰδώλοις.
871 1841 968 1895 Καὶ
1032 1841 1107 1914 μή
1165 1841 1467 1904 πεισθέντες
1495 1840 1626 1913 πυρὶ
1657 1837 1897 1894 ἐτελειώ-

2019 1849 2449 1921 obtemperare,
2475 1849 2535 1904 in
2567 1849 2764 1922 ignem
2791 1849 3016 1922 injecti,
3041 1850 3220 1906 finem
3252 1849 3481 1905 vivendi
3511 1848 3669 1905 face-

249 1940 440 1999 θησαν.

799 2019 952 2075 MIlN
959 2019 980 2075 Ι
1017 2020 1111 2075 ΤΩ
1149 2020 1354 2076 ΑΥΤΩ.

1054 2109 1094 2162 Ι(

348 2195 472 2264 Μνή
485 2215 565 2268 μη
603 2198 703 2250 τοῦ
753 2193 904 2250 ὁσίου
953 2196 1161 2270 Πατρὸς
1193 2197 1355 2268 ἡμῶν
1389 2191 1675 2270 Θεοδώρου
1700 2198 1799 2250 τοῦ

949 2270 1204 2342 Τριχινᾶ.

307 2385 596 2462 ῥεόδωρος
654 2387 683 2440 ὁ
741 2387 793 2441 ἐν
829 2385 1004 2462 ἁγίοις
1059 2388 1249 2462 Πατὴρ
1309 2389 1491 2460 ἡμῶν,
1525 2385 1903 2457 ὁέπικληθεῖς

236 2458 531 2551 Τρίχινᾶς,
585 2475 654 2544 ἦν
711 2458 1364 2539 Κωνσταντινουπόλεως
1399 2476 1489 2530 καὶ
1545 2477 1785 2552 γέννημα
1815 2477 1904 2531 καὶ

236 2565 481 2639 θρέμμα.
550 2562 840 2620 Πλουσίων
903 2561 960 2619 δὲ
1012 2565 1217 2639 γονέων
1281 2563 1545 2639 ὑπάρχων
1579 2564 1714 2632 υἱὸς,
1748 2561 1902 2618 κατέ-

237 2652 370 2709 λιπε
399 2653 491 2708 καὶ
521 2659 703 2729 γονεῖς
746 2652 838 2708 καὶ
885 2653 1125 2709 πλοῦτον
1175 2653 1266 2709 καὶ
1316 2651 1495 2726 δόξαν,
1526 2654 1616 2708 καὶ
1649 2651 1900 2717 ἀπελθὼν

240 2740 294 2796 έν
327 2747 398 2816 τῇ
432 2745 569 2814 μονῇ
598 2746 668 2816 τῇ
729 2739 801 2797 δι’
857 2741 1014 2797 αὐτὸν
1067 2742 1382 2818 καλουμένῃ
1411 2746 1662 2818 Τριχινᾶ,
1696 2739 1901 2817 ἐγένετο

249 2831 517 2905 μοναχός⁸
568 2831 660 2886 καὶ
713 2830 954 2906 τοσαύτῃ
1013 2831 1407 2908 σκληραγωγίᾳ
1457 2829 1644 2886 ἑαυτὸν
1701 2824 1902 2884 ὑπέϐα-

249 2919 365 2988 λεν,
398 2918 526 2976 ὥστε
553 2920 744 2996 νεκρὸς
799 2920 1077 2997 φαίνεσθαι
1128 2925 1246 2983 τοῖς
1304 2926 1457 2975 πᾶσιο
1518 2916 1587 2974 δι’
1633 2919 1771 2990 ὅλης
1797 2920 1898 2994 γὰρ

241 3009 428 3070 νυκτὸς
481 3010 570 3064 καὶ
631 3009 848 3085 ἡμέρας
901 3013 980 3081 τῷ
1027 3007 1202 3086 κρύει,
1232 3008 1323 3065 καί
1367 3013 1448 3081 τῷ
1477 3012 1698 3083 παγετῷ
1726 3027 1896 3082 προσ.

236 3095 514 3170 παλαίων,
601 3099 794 3154 ἳστατο
881 3098 1352 3174 προσευχόμενος,
1411 3094 1465 3154 έν
1529 3092 1697 3171 μόνον
1770 3097 1899 3171 ἱμά-

227 3207 350 3242 τιον
392 3181 896 3263 περιϐεϐλημένος,
952 3193 1169 3242 κακεῖνο
1225 3185 1502 3262 τρίχινον,
1559 3185 1650 3242 καὶ
1709 3182 1893 3258 ἁδρόν⁶

228 3273 316 3330 διὰ
344 3280 509 3331 τοῦτο
539 3277 645 3351 γὰρ
694 3275 782 3331 καὶ
839 3280 1098 3352 Τριχινᾶς
1156 3275 1544 3349 ἐπωνομάσθη.
1577 3277 1680 3332 Ἦν
1712 3271 1770 3330 δὲ
1801 3275 1892 3328 καὶ

225 3363 583 3431 άνυπόδετος,
632 3366 722 3420 καὶ
769 3366 869 3433 τήν
929 3364 1172 3443 κεφαλήν
1224 3365 1368 3440 εἶχεν
1429 3363 1890 3438 ἀπερικάλυπτον,

222 3454 310 3508 καὶ
344 3452 608 3509 ἅσκεποψ
671 3453 789 3508 ὅθεν
847 3453 936 3508 καὶ
996 3454 1132 3508 κατὰ
1193 3450 1469 3526 δαιμόνων
1523 3446 1707 3508 λαϐών
1741 3451 1893 3521 ἐξου-

227 3541 589 3609 σίαν,πολλᾶ
649 3541 900 3615 θαύματα
951 3540 1200 3612 ἐποίησε,
1259 3542 1350 3597 καὶ
1406 3541 1554 3597 τέλει
1589 3541 1712 3616 βίου
1746 3557 1892 3615 χρη-

229 3633 466 3704 σάμενος
537 3635 636 3688 τοῦ
722 3633 1153 3705 θαυματουργεῇ
1241 3631 1344 3686 οὐκ
1398 3628 1690 3696 ἐπαύσατο,
1747 3627 1892 3683 ἀλλὰ

229 3721 463 3795 παρέχει
497 3719 703 3792 ἰάματα
730 3723 860 3774 πᾶσι
891 3725 1010 3782 τοῖς
1039 3719 1510 3795 προσερχομένοις
1542 3717 1708 3790 αὐτῷ.

2013 1944 2172 1995 runt.

2563 2027 2816 2084 EODEM
2857 2028 3109 2084 MENSE.

2618 2117 2720 2172 Die
2752 2117 2869 2174 τίοι
2881 2117 3033 2173 sima

2013 2205 2277 2263 Memoria
2304 2209 2483 2262 sancti
2513 2208 2700 2262 Patris
2726 2212 2912 2287 nostri
2935 2207 3222 2287 Theodori,
3250 2209 3348 2278 qui
3381 2207 3667 2263 Trichinas

2559 2285 2978 2347 cognominatus
2999 2285 3098 2334 est.

2012 2377 2260 2432 Sanctus
2338 2379 2513 2432 Pater
2585 2382 2790 2432 noster
2844 2377 3207 2444 Theodorus,
3273 2382 3666 2449 cognomento

2013 2466 2345 2534 Trichinas,
2377 2467 2487 2521 hoc
2517 2471 2623 2534 est,
2657 2467 2912 2534 Pilosus,
2942 2466 3455 2538 Constantinopoli
3488 2471 3664 2523 natus

2014 2561 2074 2609 et
2094 2556 2376 2611 educatus
2417 2555 2546 2610 fuit.
2603 2560 2744 2610 Cum
2803 2560 3002 2610 autem
3051 2555 3295 2610 divitum
3351 2561 3664 2626 parentum

2014 2643 2174 2698 filius
2218 2650 2395 2713 esset,
2427 2644 2565 2698 illos
2594 2661 2717 2699 una
2745 2661 2879 2700 cum
2911 2644 3130 2700 divitiis
3161 2649 3219 2700 et
3268 2644 3457 2717 gloria
3487 2645 3665 2700 relin-

2011 2749 2224 2804 quens,
2271 2733 2332 2788 in
2360 2735 2787 2789 monasterium
2841 2749 2903 2788 se
2966 2734 3210 2805 recepit,
3243 2733 3402 2804 quod
3431 2733 3503 2788 ab
3535 2734 3664 2806 ipso

2010 2821 2302 2876 Trichina
2335 2838 2554 2877 nomen
2585 2821 2814 2888 habuit,
2844 2821 3044 2891 ibique
3072 2824 3460 2878 monasticam
3483 2824 3661 2878 vitam

2010 2910 2289 2982 suscepit.
2323 2910 2661 2965 Austeritati
2696 2925 3031 2979 verousque
3063 2909 3209 2964 adeo
3237 2926 3299 2964 se
3332 2911 3527 2980 ipsum
3559 2910 3660 2966 ad-

2008 2998 2174 3065 dixit,
2203 3004 2269 3054 ut
2305 3015 2486 3071 prope
2520 3003 2787 3055 mortuus
2809 2999 3038 3054 cunctis
3069 2997 3383 3054 videretur.
3408 2999 3662 3054 Cunctas

2015 3088 2177 3144 enim
2199 3093 2404 3144 noctes
2437 3087 2684 3160 diesque
2714 3087 2916 3160 frigori
2948 3092 3007 3142 et
3025 3086 3233 3160 glaciei
3266 3086 3649 3155 obluctando,

2004 3177 2344 3250 standoque
2367 3178 2524 3232 inter
2552 3193 2758 3249 preces
2779 3176 3162 3248 transigebat,
3185 3177 3362 3232 unica
3381 3181 3540 3232 veste
3572 3177 3663 3231 in-

1931 3229 1974 3294 Ο
2004 3247 2207 3331 dutus,
2268 3282 2455 3337 eaque
2513 3267 2757 3333 rustica,
2796 3266 2899 3320 64
2930 3271 2988 3319 et
3043 3281 3114 3320 ex
3162 3264 3301 3336 pilis
3332 3270 3608 3320 contexta
3645 3281 3657 3320 :

2002 3361 2179 3426 atque
2213 3356 2433 3410 idcirco
2490 3356 2818 3422 Trichinas,
2873 3354 2932 3408 id
2989 3361 3076 3409 est
3134 3355 3388 3420 Pilosus,
3420 3359 3658 3410 vocatus

1999 3444 2132 3502 fuit.
2164 3445 2345 3500 Nudis
2369 3445 2613 3516 insuper
2637 3444 2888 3516 pedibus
2917 3443 3141 3515 absque
3174 3444 3390 3500 calceis
3420 3445 3658 3500 incede-

2002 3533 2125 3598 bat,
2157 3549 2350 3604 neque
2383 3538 2561 3605 caput
2610 3533 2732 3588 ullo
2789 3538 3128 3605 tegumento
3169 3538 3441 3604 opertum
3473 3533 3658 3588 habe-

2003 3621 2124 3678 bat.
2157 3623 2524 3693 Quapropter
2581 3621 2758 3675 etiam
2816 3621 2878 3674 in
2936 3619 3239 3675 daamones
3296 3625 3656 3692 potestatem

1999 3712 2249 3784 accepit,
2284 3718 2342 3766 et
2362 3712 2620 3782 plurima
2649 3711 2898 3782 patravit
2954 3710 3271 3778 miracula;
3323 3711 3442 3766 imo
3476 3713 3653 3768 etiam

229 3786 515 3882 post-sua
546 3786 679 3866 vita:
711 3812 895 3868 finem
925 3786 1193 3884 prodigia
1212 3786 1400 3868 ede-re
1429 3827 1550 3866 non
1577 3786 1845 3874 cessavit,
1870 3803 1974 3862 sed
2005 3802 2198 3859 adhuc
2227 3802 2568 3857 curationes
2597 3800 2822 3871 praabet
2848 3786 3125 3856 omnibus
3147 3799 3220 3854 ad
3252 3801 3448 3872 ipsum
3479 3817 3652 3857 acce-

233 3900 532 3956 dentibus.

231 4033 328 4089 Καὶ
367 4034 564 4106 μνῦμη
598 4037 695 4089 τοῦ
738 4034 889 4090 ὁσίου
941 4034 1148 4164 [largos
1202 4037 1363 4108 ἡμῶν
1410 4031 1763 4092 ’Δναστασίου
1791 4034 1890 4087 τοῦ

897 4112 1030 4162 Σινᾶ
1083 4126 1232 4164 ρους.

945 4127 1030 4162 ινα
1047 4126 1232 4182 ορους.

305 4230 679 4301 ’Δναστίσιος,
713 4233 742 4286 ὁ
795 4233 1067 4304 Θεοφόρος
1121 4233 1308 4306 Πατήρ
1357 4233 1540 4305 ἡμῶν,
1570 4230 1890 4286 καταλιπὼν

237 4319 464 4392 κόσμαν,
515 4320 606 4374 καὶ
663 4319 732 4375 τὰ
787 4319 841 4376 ἐν
899 4321 1114 4394 κόσμῳ,
1171 4322 1258 4376 καὶ
1318 4321 1410 4376 τὸν
1469 4322 1695 4396 σταυρὸν
1727 4319 1892 4374 αὐτοῦ

1996 4026 2072 4082 Et
2094 4025 2354 4080 memoria
2388 4023 2572 4079 sancti
2621 4024 2804 4080 Patris
2853 4025 3033 4079 nostri
3080 4024 3366 4080 Anastasii
3393 4023 3649 4082 Sinaitae.

2071 4232 2244 4286 Pater
2273 4235 2475 4286 noster
2504 4231 2855 4286 Anastasius
2885 4229 3104 4285 divino
3123 4214 3355 4302 'Spiritu
3390 4229 3648 4298 afﬂatus,

2002 4319 2293 4377 mundum
2318 4325 2375 4374 et
2404 4319 2605 4374 omnia
2660 4337 2792 4390 quas
2849 4319 2910 4374 in
2969 4336 3036 4374 eo
3095 4325 3252 4386 sunt,
3303 4320 3650 4390 relinquens

237 4404 547 4476 ἀναλαϐὼν,
576 4411 712 4464 κατᾶ
740 4410 840 4478 τήν
873 4408 1100 4478 ἐντολήν
1149 4411 1249 4478 τήν
1297 4407 1349 4464 έν
1379 4413 1458 4481 τῷ
1489 4410 1619 4482 ἱερῷ
1655 4407 1893 4483 Εὐαγγε-

2010 4426 2292 4481 suamque
2319 4425 2557 4464 crucem
2583 4408 2821 4471 tollens,
2835 4408 3480 4480 juxtasacriEvangelii
3496 4427 3649 4480 prm-

233 4493 331 4570 λίῳ
361 4496 717 4568 ἠκολούθησε
747 4497 1047 4570 προθύμως
1090 4500 1170 4568 τῷ
1220 4501 1457 4573 Χριστῷ,
1501 4497 1591 4551 καὶ
1633 4495 1884 4561 ἀπελθὼν

230 4590 439 4664 ἐγένετο
507 4587 751 4662 μοναχὸς
811 4585 862 4641 ἐν
926 4585 1300 4661 μοναστηρίῳ.
1343 4587 1656 4659 Ἐπιθυμῶν
1709 4583 1766 4641 δὶ
1799 4607 1886 4658 μει

237 4677 400 4747 ζόνων
431 4675 680 4750 ἀγώνων,
710 4675 802 4730 καὶ
859 4673 1118 4737 πλείονος
1172 4675 1393 4751 ἀρετῆς,
1456 4675 1778 4750 παρεγένετο
1809 4674 1886 4737 είς

236 4763 616 4840 Ἱεροσόλυμα,
655 4763 748 4818 καὶ
799 4764 1182 4836 προσκυνήσας
1242 4761 1319 4826 εἷς
1370 4761 1499 4827 τοὺς
1552 4761 1764 4838 ἁγίους,
1795 4762 1885 4817 καὶ

235 4850 563 4926 σεϐασμίους
589 4853 817 4917 τόπους,
869 4851 1113 4921 ἀπῆλθεν
1172 4851 1252 4914 εἷς
1306 4853 1372 4907 τὸ
1423 4857 1558 4907 Σινᾶ
1613 4849 1762 4926 ὄροςο
1793 4853 1882 4907 καὶ

235 4943 396 5018 ιύρὼν
445 4941 560 4997 ἐκεῖ
609 4942 946 5014 μονάζοντας
989 4940 1194 5016 ἁγίους,
1243 4937 1422 5014 ἔμεινε
1470 4943 1595 5015 παρ’
1639 4941 1884 5012 ἐκείνοις,

241 5031 676 5103 ὓποταττόμενος
758 5030 970 5098 αύτοῖς,
1051 5029 1140 5085 καὶ
1214 5027 1487 5085 δουλεύων
1562 5030 1882 5106 προθύμως.

242 5121 334 5176 Διᾶ
388 5117 447 5175 δὶ
521 5119 622 5188 τὴν
700 5115 1198 5196 ταπεινοφροσύνην
1282 5116 1447 5174 αὐτοῦ
1502 5116 1734 5189 ἐδέξατο,
1791 5119 1880 5174 καὶ

242 5211 485 5285 χάρισμα
538 5208 820 5282 γνώσεως,
873 5206 964 5261 καὶ
1022 5208 1219 5284 σοφίας
1271 5207 1516 5278 πολλῆς.
1567 5209 1655 5281 Ἐξ
1703 5209 1765 5263 οὗ
1795 5209 1884 5263 καὶ

243 5299 387 5374 βίους
437 5294 692 5367 Πατέρων
751 5294 1122 5372 συνεγράψατο
1177 5296 1365 5372 ἁγίων,
1397 5299 1488 5352 καὶ
1530 5297 1881 5376 ψυχωφελεῖς

237 5386 425 5463 λόγους
457 5385 708 5447 πολλοὺς
741 5385 1050 5454 συνέθηκεν,
1082 5385 1133 5459 ἐξ
1164 5385 1240 5441 ὧν
1291 5387 1343 5441 οὶ
1388 5385 1611 5450 πλείους
1639 5387 1882 5460 εὑρισκό-

239 5498 396 5550 μενοι,
455 5474 774 5551 πρόκεινται
854 5477 973 5536 τοῖς
1050 5473 1412 5551 φιλομαθέσιν
1473 5475 1550 5538 εἷς
1605 5477 1878 5548 σωτηρίαν

1999 4504 2256 4569 ceptum,
2309 4497 2489 4552 alacri
2549 4498 2749 4552 animo
2811 4503 3048 4552 secutus
3107 4502 3197 4551 est
3242 4497 3562 4562 Christum,
3589 4501 3647 4550 et

1996 4587 2204 4641 abiens
2217 4587 2290 4641 ad
2317 4585 2612 4656 quoddam
2632 4585 3083 4649 monasterium,
3109 4583 3329 4638 ibidem
3351 4582 3540 4637 factus
3558 4589 3647 4638 est

1995 4675 2342 4730 monachus.
2363 4674 2619 4742 Cupiens
2649 4678 2847 4727 autem
2864 4673 3094 4742 majora
3108 4671 3308 4726 subire
3321 4672 3650 4728 certamina

1995 4769 2055 4818 et
2113 4763 2524 4834 perfectiorem
2586 4761 2836 4832 adipisci
2881 4762 3181 4827 virtutem,
3244 4760 3654 4833 Hierosolyma

1993 4853 2183 4925 petiit.
2206 4853 2470 4922 Cumque
2487 4855 2693 4905 sancta
2714 4867 2781 4904 ac
2811 4849 3148 4905 veneranda
3166 4850 3297 4905 loca
3321 4849 3648 4920 adorasset,

1993 4941 2142 4998 abiit
2190 4941 2252 4996 in
2296 4944 2563 4996 montem
2629 4938 2788 4992 Sinai
2825 4955 2837 4992 :
2892 4938 2992 4994 ubi
3038 4955 3171 4995 cum
3226 4946 3462 4996 sanctos
3492 4941 3646 4997 viros

1993 5027 2720 5086 invenissetmonasticam
2736 5026 2912 5083 vitam
2927 5033 3290 5097 exercentes,
3305 5029 3461 5100 apud
3482 5029 3644 5102 ipsos

1993 5118 2344 5191 permansit,
2376 5115 2663 5173 obediens
2694 5117 2800 5172 eis.
2829 5121 2886 5171 et
2916 5122 3188 5189 prompto
3219 5117 3420 5174 animo
3451 5119 3644 5174 inser-

1991 5207 2178 5263 viens.
2229 5205 2314 5264 0b
2347 5205 2437 5260 sui
2468 5220 2603 5260 vero
2651 5205 2837 5260 animi
2895 5205 3320 5262 demissionem
3353 5207 3584 5279 accepit
3609 5221 3646 5262 a

1994 5298 2114 5353 Deo
2144 5295 2372 5351 donum
2393 5294 2657 5350 scientias
2677 5299 2735 5349 et
2756 5294 3104 5366 multiplicis
3126 5296 3454 5367 sapientiaa.
3475 5296 3642 5353 Unde

1992 5391 2052 5442 et
2073 5390 2414 5442 sanctorum
2445 5386 2688 5440 Patrum
2719 5385 2868 5440 vitas
2925 5386 3300 5456 conscripsit,
3335 5392 3394 5442 et
3423 5385 3642 5441 multos

1991 5475 2066 5532 ad
2077 5491 2414 5532 animarum
2432 5474 2764 5546 profectum
2785 5490 3095 5530 sermones
3115 5475 3477 5546 composuit:
3501 5491 3644 5546 quo-

230 5569 406 5644 ψυχῶν
466 5564 558 5622 καὶ
634 5560 928 5640 ὠφέλειαν·
1009 5564 1102 5617 καὶ
1185 5583 1320 5636 μετα
1401 5569 1572 5620 ταῦτα
1627 5569 1710 5638 τῷ
1762 5565 1879 5638 Θεῷ

2010 5581 2122 5621 'um
2143 5565 2345 5636 plures
2376 5563 2594 5619 deinde
2624 5563 2867 5634 reperti,
2892 5563 3164 5618 discendi
3195 5563 3476 5619 studiosis
3507 5582 3641 5635 pro-

233 5656 600 5728 εὖαρεστήσας,
628 5649 688 5706 ἐν
724 5650 917 5727 εἷ’ρήνη
950 5647 1267 5723 ἐτελειώθη.

1865 5706 1882 5728 ,
1987 5653 2164 5726 positi
2217 5652 2445 5708 suntin
2478 5652 2814 5706 animarum
2875 5652 3127 5706 salutem
3185 5658 3244 5705 et
3290 5652 3632 5708 utilitatem.

1987 5740 2124 5798 Post
2153 5742 2279 5798 hac
2309 5743 2428 5797 Deo
2459 5740 2702 5811 placens
2732 5744 2791 5796 et
2820 5745 3040 5812 gratus,
3073 5739 3134 5794 in
3177 5754 3322 5811 pace
3378 5739 3636 5796 decessit
