4158 6310
447 401 564 460 415

1009 530 1251 587 EODEM
1288 531 1539 588 MENSE.

950 620 1053 675 Die
1084 621 1369 676 vicesima
1412 622 1608 693 prima

452 730 736 787 Certamen
765 734 965 783 sanctae
1014 730 1271 797 martyris
1322 728 1667 786 Alexandrea
1713 728 2102 784 imheratricis.

521 925 858 980 Alexandra
884 925 1099 979 Christi
1134 930 1378 995 martyr,
1409 940 1560 979 uxor
1606 924 1721 979 fuit
1758 922 2107 979 Diocletiani

454 1014 850 1085 imperatoris.
874 1014 1136 1085 Cumque
1150 1015 1330 1068 etiam
1352 1014 1480 1083 ipsa
1494 1019 1764 1067 sanctum
1795 1012 2109 1084 Georgium

453 1102 699 1157 vidisset
739 1103 1052 1157 tormentis
1113 1103 1457 1169 excruciari,
1512 1101 1711 1156 hastili
1764 1102 1991 1157 scilicet
2046 1100 2108 1154 in

454 1198 659 1246 ventre
688 1208 1057 1263 percussum,
1092 1209 1203 1246 nec
1246 1199 1445 1247 tamen
1487 1192 1610 1247 ullo
1652 1192 1826 1246 modo
1860 1191 2108 1255 lassum;

459 1280 675 1337 deinde
701 1286 844 1335 rotae
876 1297 946 1334 ex
977 1280 1165 1335 acutis
1195 1281 1370 1335 ferris
1401 1281 1744 1352 compositas
1777 1279 2107 1349 alligatum,

460 1375 519 1425 et
546 1370 768 1425 auxilio
800 1369 1057 1440 desuper
1101 1369 1369 1424 immisso
1428 1369 1677 1425 vinculis
1731 1367 2065 1423 exsolutum
2097 1382 2109 1419 :

461 1475 709 1529 corpore
732 1458 981 1528 insuper
1004 1458 1063 1511 in
1095 1458 1284 1513 frusta
1306 1458 1587 1521 dissecto,
1621 1456 1817 1511 denuo
1833 1454 2117 1525 sospitem

458 1547 783 1614 redditum,
818 1552 876 1602 et
909 1563 1107 1602 coram
1135 1548 1518 1618 imperatore,
1552 1546 1655 1617 qui
1684 1545 1860 1599 idolis
1892 1542 2120 1598 sacriﬁ-

463 1636 967 1707 cabat,intrepide
995 1638 1445 1703 consistentem,
1466 1641 1708 1706 tamque
1733 1632 1992 1688 mirabili
2015 1631 2111 1688 σε

464 1725 802 1797 spectaculo
824 1725 1026 1796 plures
1048 1724 1122 1779 ad
1148 1725 1365 1780 Christi
1390 1724 1566 1779 ﬁdem
1591 1726 1952 1790 evocantem,
1973 1736 2117 1791 quo-

463 1831 598 1869 rum
624 1813 808 1884 aliqui
836 1818 1000 1868 extra
1027 1814 1325 1868 civitatem
1354 1812 1630 1868 decollati
1662 1815 1819 1879 sunt,
1853 1809 1953 1865 alii
1984 1824 2119 1862 vero

463 1904 527 1958 in
560 1919 857 1958 carcerem
880 1902 1126 1957 detrusi.
1152 1902 1297 1956 Cum
1319 1902 1467 1969 haec,
1493 1903 1757 1973 inquam,
1782 1897 2119 1954 Alexandra
2148 1887 2193 1951 Β

461 1994 723 2060 vidisset,
757 1992 989 2063 imperii
1022 1992 1273 2064 gloriam
1311 1992 1620 2061 abjiciens,
1656 1990 1832 2045 etiam
1868 1988 1997 2059 ipsa
2054 1987 2117 2041 in

461 2085 759 2140 Christum
783 2082 1053 2147 credidit,
1082 2088 1139 2137 et
1155 2099 1355 2137 coram
1378 2083 1737 2152 imperatore
1762 2096 1823 2133 se
1844 2076 2117 2132 Christia-

461 2189 599 2228 nam
634 2188 762 2226 esse
795 2169 1066 2225 confessa
1106 2176 1213 2224 est.
1259 2169 1509 2223 lubente
1545 2169 1723 2240 igitur
1752 2164 2116 2221 Diocletiano

463 2261 526 2316 in
557 2276 855 2315 carcerem
878 2259 1150 2329 conjecta
1176 2259 1306 2313 fuit.
1335 2257 1559 2313 Deinde
1582 2273 1717 2311 vero
1739 2256 1859 2310 lata
1880 2259 2119 2307 senten-

466 2350 566 2415 tia,
599 2353 665 2402 ut
689 2347 869 2402 simul
900 2348 1181 2418 Georgius
1225 2352 1285 2401 et
1313 2345 1652 2401 Alexandra
1691 2342 1984 2416 capitibus
2014 2340 2119 2396 ob-

462 2442 904 2501 truncarentur,
939 2452 1076 2490 cum
1126 2434 1187 2490 id
1244 2436 1372 2507 ipsa
1424 2434 1752 2503 didicisset,
1787 2436 1850 2490 in
1881 2449 2119 2490 carcere

460 2543 666 2599 preces
697 2526 772 2581 ad
801 2526 984 2580 Deum
1010 2524 1288 2594 fundens,
1321 2524 1583 2580 animam
1616 2523 1879 2578 tradidit.

671 2644 739 2699 Et
783 2644 1046 2697 memoria
1083 2644 1259 2696 sancti
1300 2641 1588 2712 propheta
1632 2640 1896 2696 Michaeg.

537 2752 839 2808 Gloriosus
870 2767 937 2806 ac
967 2766 1218 2822 magnus
1236 2749 1527 2821 propheta
1544 2748 1838 2815 Michaaas,
1870 2762 2026 2803 unus
2050 2762 2122 2801 ex

465 2842 765 2899 sexdecim
825 2840 1153 2912 prophetis,
1212 2838 1325 2894 fuit
1356 2855 1425 2894 ex
1450 2837 1608 2893 tribu
1640 2837 1942 2909 Ephraim.
1975 2836 2121 2891 Cum

462 2937 663 2988 autem
692 2946 891 3003 regem
922 2928 1123 2985 Achab
1156 2928 1538 3000 redargueret
1567 2926 1640 2982 ob
1671 2927 1845 2999 plura
1867 2942 1934 2981 ac
1967 2924 2123 2980 mul-

462 3021 688 3093 tiplicia
717 3020 846 3090 ejus
879 3019 1124 3086 scelera,
1159 3016 1295 3073 odio
1327 3016 1570 3088 quidem
1621 3015 1693 3070 ab
1727 3032 1795 3071 eo
1850 3014 2112 3084 habitus,

466 3112 569 3167 sed
601 3110 851 3165 minime
883 3108 1229 3163 interfectus
1265 3111 1373 3171 est,
1408 3123 1476 3161 eo
1509 3105 1667 3177 quod
1698 3123 1800 3161 rex
1832 3107 2017 3161 Deum
2048 3105 2125 3160 ti-

1770 398 2202 462 MENOLOGII
2243 398 2450 461 PARS
2494 399 2605 460 ΙΙΙ.

2134 539 2187 605 Α

3750 393 3869 456 416

2768 527 2949 587 ΜΗΝΙ
2981 533 3068 584 ΤΩ
3100 530 3296 585 ΑΥΤΩ.

2986 617 3095 674 KA'

2323 727 2593 799 ’Ἂθλησις
2642 733 2742 797 τῆς
2789 724 2945 801 ἁγίας
2978 726 3249 801 μάρτυρος
3274 719 3633 797 ’Δλεξάνδρας
3661 728 3763 791 τῆς

2869 797 3214 873 βασιλίσσης.

2291 918 2687 997 Ἀλεξάνδρα-ἦ
2747 925 2844 975 τοῦ
2897 918 3138 995 Χριστοῦ
3200 920 3427 993 μάρτυς,
3484 916 3701 993 ὑπῆρχε
3732 918 3869 992 γυνή

2219 1011 2615 1082 Διοκλητιανοῦ
2664 1015 2763 1067 τοῦ
2818 1009 3115 1080 Βασιλέως,
3156 1010 3241 1064 καὶ
3276 1006 3464 1064 ἰδοῦσα
3493 1007 3582 1063 καὶ
3607 1007 3744 1075 αὖτή
3775 1007 3867 1063 τὸν

2220 1100 2369 1175 ἅγιον
2417 1101 2683 1176 Γεώργιον
2742 1099 3182 1173 τιμωρούμενον,
3245 1097 3379 1171 μετὰ
3431 1100 3527 1151 τοῦ
3583 1095 3873 1170 κονταρίου

2219 1189 2355 1243 κατᾶ
2381 1195 2481 1259 τῆς
2510 1189 2739 1265 γαστρὸς
2784 1186 3085 1264 πληγέντα,
3143 1187 3231 1241 καὶ
3295 1187 3371 1259 μὴ
3436 1180 3725 1260 βλαϐέντα,
3759 1185 3878 1240 εἶτα

2222 1276 2273 1331 ἐν
2318 1278 2510 1353 τροχῷ
2567 1274 2709 1347 ὀξέσι
2769 1274 3021 1349 σιδήροις
3073 1274 3432 1349 διημοσμένῳ
3488 1272 3875 1348 προσδεθέντα,

2221 1365 2312 1421 καὶ
2369 1367 2507 1421 κατὰ
2556 1371 2652 1421 τοῦ
2707 1369 3058 1442 κατῶφεροῦς
3114 1363 3472 1433 ἀπολυθέντα,
3502 1362 3591 1417 καὶ
3620 1362 3683 1416 τὸ
3716 1365 3876 1433 σῶμα

2224 1456 2299 1518 εἷς
2327 1454 2516 1511 πολλὰ
2543 1454 2976 1529 κατατμηθέντα,
3026 1454 3116 1509 καὶ
3165 1452 3328 1508 πάλιν
3364 1453 3490 1526 ὑγιῆ
3522 1453 3876 1523 καταστάντα,

2224 1546 2314 1600 καὶ
2345 1545 2736 1621 ἐμφανισθέντα
2786 1549 2865 1615 τῷ
2928 1543 3143 1618 βασιλεῖ
3200 1542 3376 1597 θύοντι
3425 1548 3549 1603 τοῖς
3593 1538 3874 1610 εἰδώλοις,

2225 1636 2426 1707 καὶτῷ
2464 1632 2751 1709 παραδόξῳ
2811 1635 3039 1707 θεάματι
3096 1632 3343 1694 πολλοὺς
3398 1631 3882 1706 παρασκευάσαντα

2228 1728 2451 1796 Χριστῷ
2479 1728 2783 1792 πιστεῦσαι,
2840 1724 3037 1785 οἳτινες
3091 1724 3178 1778 καὶ
3241 1720 3747 1795 ἀπεκεφαλίσθησαν
3777 1718 3880 1791 ἔξω

2226 1816 2324 1881 τῆς
2373 1811 2613 1882 πόλεως,
2673 1814 2727 1867 οἱ
2785 1810 2845 1867 δὲ
2898 1813 2987 1867 καὶ
3044 1810 3472 1880 ἀπεκλείσθησαν
3505 1809 3555 1863 ὲν
3585 1808 3880 1887 φυλακαῖς·

2221 1901 2599 1958 καταλιποῦσα
2641 1904 2739 1970 τήν
2797 1899 2953 1971 δόξαν
2999 1902 3096 1970 τῆς
3152 1900 3449 1975 βασιλείας,
3481 1898 3759 1954 ἐπίστευσε
3790 1900 3883 1954 καὶ

2222 1992 2357 2061 αὐτὴ
2407 1996 2488 2063 τῷ
2538 1995 2778 2066 Χριστῷ,
2836 1989 2926 2045 καὶ
2986 1989 3351 2065 ὡμολόγησεν
3392 1987 3619 2043 ἐνώπιον
3650 1992 3748 2042 τοῦ
3782 1988 3886 2064 βα-

2223 2082 2420 2145 σιλέως
2476 2082 2673 2150 ἑαυτὴν
2723 2082 3071 2154 Χριστιανήν.
3127 2079 3417 2149 Προστᾶξει
3471 2080 3559 2134 οὖν
3613 2083 3710 2134 τοῦ
3756 2086 3881 2133 Διο-

2220 2170 2521 2241 κλητιανοῦ
2578 2168 2851 2245 παρεδόθη
2923 2174 2991 2242 τῇ
3068 2168 3309 2245 φυλακῇ·
3372 2172 3460 2223 xui
3525 2169 3659 2241 μετὰ
3712 2172 3885 2223 ταῦτα

2221 2280 2522 2335 γενομενης
2582 2257 2905 2335 ἀποφάσεως
2964 2262 3062 2313 τοῦ
3137 2256 3642 2331 ἀποκεφαλισθῆναι
3701 2259 3885 2327 Γεώρ-

2222 2371 2341 2424 γιον
2373 2349 2463 2403 καὶ
2507 2346 2893 2422 Ἀλεξάνδραν,
2949 2352 3111 2403 τοῦτο
3173 2351 3439 2421 μαθοῦσα,
3474 2346 3525 2402 ἐν
3556 2350 3624 2420 τῇ
3659 2345 3882 2422 φυλακῇ

2221 2439 2311 2494 καὶ
2341 2443 2419 2510 τῷ
2452 2442 2568 2509 Θεῷ
2599 2434 2886 2509 εὐξαμένη,
2916 2436 3199 2512 παρέδωκε
3226 2437 3325 2505 τὴν
3358 2436 3565 2511 ψυχὴν.

2404 2642 2503 2698 Καὶ
2538 2643 2733 2715 μνήμη
2764 2645 2863 2697 τοῦ
2902 2640 3059 2716 ἁγίου
3108 2643 3394 2717 προφήτου
3427 2640 3697 2715 Μιχαίου.

2295 2754 2351 2808 Ὁ
2383 2748 2594 2824 ἔνδοξος
2640 2750 2729 2804 καὶ
2791 2750 2957 2824 μέγας
3015 2749 3306 2822 προφήτης
3360 2745 3602 2820 Μιχαίας
3659 2745 3885 2823 ὑπῆρχε

2230 2843 2325 2917 μὶν
2362 2844 2437 2903 εἷς
2463 2844 2572 2895 τῶν
2633 2836 2760 2894 δέκα
2814 2835 2869 2910 ἓξ
2929 2842 3256 2915 Προφητῶν,
3286 2837 3353 2906 ἦν
3388 2833 3445 2891 δὲ
3474 2834 3533 2891 ἐκ
3562 2841 3663 2905 τῆς
3690 2841 3882 2911 γενεᾶς

2224 2929 2483 3010 Ἐφραΐμο
2567 2926 2871 3003 διελέγχων
2931 2924 2989 2982 δὲ
3068 2929 3159 2982 τὸν
3237 2924 3463 3002 βασιλέα
3515 2919 3730 3001 Ἀχαὰϐ
3789 2924 3879 2980 ἐπὶ

2223 3019 2489 3088 πολλαῖς,
2546 3017 2636 3073 xui
2696 3014 2980 3094 διαφόροις
3037 3015 3426 3091 παρανομίαις,
3481 3013 3721 3087 ἐμισεῖτο
3783 3015 3880 3086 μὶν

2224 3108 2352 3184 παρ’
2385 3108 2576 3162 αὐτοῦ·
2609 3105 2713 3159 οὐκ
2761 3102 3044 3179 ἐφονεύετο
3094 3101 3172 3174 δὲ,
3222 3098 3569 3181 φοϐουμένου
3597 3103 3691 3157 τὸν
3724 3100 3878 3172 Θεὸν,

466 3205 676 3263 meret,
725 3214 793 3252 ac
846 3198 1153 3269 prOpbetse
1200 3196 1477 3250 virtutem
1530 3200 1852 3250 reveretur.
1911 3194 2119 3250 Adhuc

2233 3198 2315 3254 xui
2371 3194 2697 3269 αἰδουμένου
2754 3195 2853 3263 τήν
2911 3195 3106 3266 ἀρετὴν
3162 3215 3259 3248 του
3317 3195 3625 3270 προφήτου.
3683 3192 3878 3265 Ὅμως

466 3244 676 3263 ...νηη
726 3244 792 3252 νη
848 3244 1150 3269 pur"-..
1214 3244 1477 3250 .-η-η-..
1531 3244 1852 3250 _-.-_--__-
1911 3244 2115 3250 --ηπ

464 3294 667 3343 tamen
700 3291 863 3341 metu
884 3285 1217 3357 perculsus,
1236 3300 1299 3338 se
1321 3284 1601 3349 subdixit,
1633 3300 1701 3339 ac
1722 3284 1821 3338 diu
1849 3284 1913 3338 in
1944 3299 2114 3338 mon-

2233 3244 2294 3343 ἔέ
2317 3244 2659 3362 satis;
2675 3244 3004 3360 est;
3019 3244 3134 3338 ’ξεῖ
3176 3244 3457 3359 Serpit;
3475 3244 3563 3338 ἑξ
3578 3244 3699 3343 τοῖς
3716 3244 3883 3356 se:

464 3376 623 3431 tibus
648 3378 1048 3429 commoratus
1073 3377 1186 3437 est,
1217 3388 1292 3427 ne
1324 3371 1531 3426 crebro
1554 3371 1827 3443 praabens
1850 3387 1979 3426 sese
1998 3371 2121 3443 regi

469 3463 975 3536 conspiciendum,
1012 3477 1267 3533 eumque
1302 3459 1686 3534 redarguens,
1721 3460 1796 3516 ad
1827 3476 1995 3515 suam
2017 3477 2125 3515 ca-

471 3553 607 3609 dem
637 3551 1097 3626 perpetrandam
1153 3550 1316 3606 illius
1355 3551 1621 3605 animum
1649 3549 1949 3606 excitaret.
1984 3551 2125 3605 Post

474 3649 726 3700 mortem
782 3658 919 3697 vero
950 3640 1173 3708 Achab,
1202 3657 1336 3695 cum
1370 3639 1557 3712 ipsius
1588 3639 1778 3695 filium
1820 3640 2016 3695 Joram
2048 3638 2122 3695 ob

474 3732 701 3789 similes
723 3731 1074 3802 iniquitates
1108 3746 1275 3801 asque
1308 3729 1663 3801 increparet,
1698 3745 1808 3784 nec
1856 3728 1957 3783 ille
1987 3744 2126 3800 pro-

475 3823 667 3894 phetae
702 3820 1175 3893 objurgationem
1206 3835 1378 3890 (equo
1412 3818 1611 3873 animo
1642 3817 1933 3889 perferret
1962 3833 2122 3872 com-

473 3912 803 3984 prehensus
834 3910 964 3970 fuit.
998 3911 1136 3964 etin
1169 3925 1469 3964 carcerem
1503 3908 1814 3963 detrusus:
1848 3907 1947 3963 ubi
1989 3924 2123 3963 cum

472 4002 647 4070 longo
682 4000 967 4071 temporis
1005 3998 1314 4054 intervallo
1344 3999 1794 4069 permansisset,
1827 4014 2124 4053 mrumnas

474 4107 542 4145 ac
573 4089 878 4143 molestias
910 4087 1197 4159 plurimas
1228 4092 1570 4141 constanter
1608 4087 1872 4158 pertulit.
1900 4086 2122 4142 Deinde

477 4195 507 4233 e
538 4193 773 4231 carcere
805 4175 1074 4241 eductus,
1107 4175 1178 4229 de
1218 4181 1519 4245 praerupta
1545 4192 1690 4247 rupe
1740 4192 2003 4247 praeceps
2027 4192 2127 4231 ac-

475 4272 571 4321 tus
595 4271 685 4320 est
703 4281 739 4320 a
767 4263 1074 4319 lictoribus
1109 4282 1122 4320 :
1159 4268 1216 4318 et
1245 4279 1381 4318 cum
1408 4264 1673 4319 animam
1704 4265 1822 4320 Deo
1845 4265 2127 4320 tradidis-

479 4361 589 4421 set,
622 4354 892 4427 sepultus
924 4351 1052 4407 fuit.

476 4468 545 4524 Et
568 4470 833 4523 memoria
871 4467 1047 4523 sancti
1096 4461 1434 4591 litauimliatni
1461 4464 1826 4548 patriarchae
1856 4466 2125 4522 Constan-

1140 4551 1303 4591 ιηουο
1333 4554 1347 4590 ι
1377 4552 1491 4590 am'

1140 4551 1491 4606 mopoutam-

551 4658 939 4714 Maximianus
969 4655 1185 4712 Christi
1227 4654 1490 4726 pontifex
1536 4671 1607 4711 ex
1653 4654 1901 4726 antiqua
1945 4655 2130 4711 Roma

482 4766 683 4805 orsum
714 4748 901 4812 duxit,
925 4747 1171 4804 divitum
1192 4763 1260 4803 ac
1290 4748 1579 4803 nobilium
1609 4753 1923 4819 parentum
1944 4747 2123 4816 ﬁlius,

481 4839 627 4894 Cum
656 4844 855 4895 autem
882 4839 955 4894 ob
978 4839 1278 4911 negotium
1302 4839 1600 4909 quoddam
1623 4841 1807 4896 Roma
1827 4838 2129 4895 discessis-

481 4932 589 4994 set,
641 4928 1213 4999 ConstantinOpolim
1269 4930 1465 4983 venit:
1507 4928 1609 4984 ubi
1661 4935 1904 5002 prapter
1960 4944 2127 4984 suam

478 5016 694 5073 bonam
726 5015 1011 5077 indolem.
1028 5016 1487 5087 etmultipiicem
1501 5017 1853 5087 doctrinam,
1876 5035 1986 5075 nec
2007 5034 2126 5074 non

481 5111 746 5163 exactam
776 5106 907 5161 vitae
939 5105 1329 5170 rectudinem,
1367 5112 1587 5162 sanctas
1629 5108 2128 5180 Constantinopo-

478 5195 682 5252 litanae
713 5193 979 5251 ecclesia;
1008 5193 1318 5266 presbyter
1341 5193 1610 5250 initiatus
1665 5194 1779 5251 fuit
1800 5211 1837 5251 a
1866 5195 2125 5253 Sisinnio

478 5286 866 5345 celeberrimo
889 5284 1225 5355 patriarcha
1249 5301 1260 5336 :
1286 5285 1456 5355 cujus
1478 5285 1835 5357 probitatem
1854 5286 1913 5341 in
1931 5304 2026 5344 om
2037 5286 2126 5342 ni-

479 5378 591 5434 bus
623 5375 799 5448 plane
826 5372 1139 5428 virtutibus
1192 5373 1552 5443 exprimens,
1610 5374 1673 5429 in
1731 5391 1799 5429 eo
1852 5376 2125 5432 instituto

481 5464 839 5538 perduravit,
872 5462 1060 5516 donec
1082 5461 1397 5516 damnatus
1416 5461 1531 5517 fuit
1551 5463 1653 5518 80
1676 5464 1979 5519 Nestorius
2008 5465 2127 5520 hm-

480 5555 721 5619 reticus,
755 5552 857 5623 qui
891 5550 1266 5605 sanctissimo
1323 5550 1582 5605 Sisinnio
1632 5559 2016 5607 successerat.
2060 5555 2133 5608 At

481 5650 617 5719 post
637 5642 823 5714 ipsius
838 5638 1100 5695 haeretici
1115 5639 1364 5694 Nestorii
1384 5639 1817 5711 depositionem
1832 5641 2130 5697 Maximia-

484 5750 596 5794 nus
626 5738 911 5805 tanquam
939 5729 1132 5787 ﬁdelis
1174 5733 1231 5785 et
1259 5729 1642 5803 orthodoxus,
1684 5732 1987 5791 communi
2019 5732 2134 5790 im-

2225 3378 2289 3432 τὸ
2320 3375 2575 3432 πλεῖστον
2612 3381 2709 3432 τοῦ
2752 3375 2979 3451 χρόνου,
3025 3374 3118 3429 ἳνα
3171 3374 3248 3446 μὴ
3306 3376 3523 3447 συχνῶς
3549 3376 3628 3444 τῷ
3664 3370 3887 3446 βασιλεῖ

2230 3466 2681 3543 ἰμφανιζόμενος,
2712 3466 2800 3520 καὶ
2855 3461 3182 3539 διελέγχων,
3228 3462 3364 3536 πρὸς
3395 3462 3557 3538 φόνον
3589 3460 3755 3516 αὐτοῦ
3784 3461 3882 3515 τὸν

2232 3557 2403 3629 θυμὸς
2431 3553 2763 3631 καθοπλίσῃ.
2796 3554 2946 3611 Μετᾶ
2994 3551 3051 3608 δὲ
3102 3549 3365 3620 τελευτὴν
3396 3545 3624 3627 Ἀχαᾶ6,
3658 3549 3883 3625 ἐλέγξας

2229 3646 2323 3701 τὸν
2353 3645 2470 3700 υἱὸν
2501 3644 2665 3700 αὐτοῦ
2696 3645 2902 3720 Ἰωρὰμ
2934 3643 3020 3699 ἐπὶ
3066 3647 3183 3704 ταῖς
3238 3643 3459 3714 ὁμοίαις
3491 3641 3883 3716 παρανομίαις,

2236 3735 2312 3807 μή
2371 3733 2735 3807 ὑπομείναντα
2790 3733 2880 3786 τὸν
2942 3728 3201 3806 ἔλεγχον,
3264 3728 3559 3802 ἐκρατήθη.
3617 3728 3712 3783 Καὶ
3743 3727 3887 3783 ἀπο-

2231 3820 2499 3886 κλεισθεὶς
2556 3821 2633 3885 εἰς
2686 3820 2958 3896 φυλακὴν,
3011 3820 3099 3874 xui
3162 3817 3440 3891 διαμείνας
3489 3818 3713 3871 ἐνταῦθα
3744 3817 3886 3892 χρό-

2231 3933 2323 3966 νον
2382 3910 2469 3966 ἐπὶ
2524 3910 2745 3985 συχνὸν,
2806 3907 3231 3983 ἐταλαιπωρήθη
3300 3906 3518 3967 ἱκανῶς.
3597 3906 3729 3962 Εἶτα
3783 3911 3888 3973 τῆς

2233 3998 2482 4079 φυλακῆς
2533 3994 2841 4069 ἐκϐληθεὶς,
2896 3995 3087 4073 ὲῤῥίφη
3149 3997 3286 4051 κατὰ
3339 3999 3436 4050 τοῦ
3492 3997 3742 4068 κρημνοῦ
3778 3994 3886 4049 ὑπὸ

2232 4094 2341 4145 τῶν
2398 4087 2636 4163 δημίων,
2692 4086 2783 4143 καὶ
2858 4082 3132 4162 παραδοὺς
3202 4085 3302 4153 τὴν
3365 4084 3552 4159 ψυχὴν
3611 4086 3689 4155 τῷ
3744 4085 3885 4155 Θεῷ,

2232 4177 2399 4254 ἐτάφη
2410 4221 2424 4235 .

2341 4465 2448 4524 Καὶ
2481 4466 2669 4539 μνήμη
2722 4468 2820 4520 τοῦ
2863 4461 3015 4538 ἁγίου
3065 4461 3411 4539 Μαξιμιανοῦ
3438 4461 3779 4538 πατριάρχου

2732 4535 3016 4591 Κωνσταντ
3027 4535 3355 4597 ινουπόλεως
3370 4578 3382 4591 .

2306 4662 2645 4736 Μαξιμιανὸς
2688 4660 2716 4715 ὁ
2764 4662 2861 4714 τοῦ
2918 4661 3154 4733 Χριστοῦ
3210 4659 3500 4733 ἱεράρχης,
3557 4652 3757 4732 ἐγένετο
3791 4658 3888 4728 μὶν

2237 4752 2296 4809 ἔκ
2318 4758 2420 4821 τῆς
2452 4749 2689 4812 παλαιᾶς
2748 4749 2988 4821 Ῥώμης,
3045 4748 3159 4810 υἱὸς
3214 4749 3494 4803 πλουσίων
3535 4747 3625 4802 καὶ
3656 4748 3887 4821 εὐγενῶν

2234 4840 2461 4918 γονέων·
2538 4840 2675 4895 κατὰ
2728 4859 2850 4894 τινα
2900 4834 2957 4893 δὶ
3033 4835 3223 4913 χρείαν
3277 4843 3377 4907 τῆν
3433 4838 3653 4911 Ῥώμην
3714 4837 3892 4914 ἀφεὶς,

2237 4929 2313 4992 εἷς
2363 4925 2939 4986 Κωνσταντινούπολιν
2991 4924 3337 5001 παρεγένετο,
3385 4926 3476 4981 xui
3525 4922 3597 4979 δι’
3642 4923 3892 5003 εὐφυΐαν,

2234 5020 2323 5075 καὶ
2356 5016 2756 5092 πολυμάθειαν,
2814 5015 2904 5072 καὶ
2955 5016 3054 5086 τὴν
3111 5019 3212 5071 τοῦ
3268 5014 3389 5091 βίου
3430 5014 3767 5085 κατάστασιν,
3799 5016 3888 5071 καὶ

2235 5103 2537 5183 ἀκρίϐειαν,
2597 5101 2965 5181 πρεσϐύτερος
3016 5104 3408 5180 ἐχειροτονήθη
3465 5111 3566 5174 τῆς
3617 5103 3670 5159 ἐν
3732 5111 3892 5161 Κων-

2234 5194 2680 5253 σταντινουπόλει
2732 5193 3027 5264 ἐκκλησίας
3082 5193 3240 5269 ἁγίας
3294 5194 3442 5267 παρὰ
3494 5193 3769 5249 Σισιννίου
3798 5198 3895 5249 τοῦ

2237 5285 2494 5361 ἀοιδίμου
2551 5285 2916 5362 πατριάρχου.
2998 5282 3098 5339 Καὶ
3164 5284 3266 5353 τὴν
3325 5280 3560 5356 δοκιμὴν
3617 5283 3783 5339 αὐτοῦ
3839 5283 3893 5341 ἐν

2237 5380 2436 5441 πάσαις
2491 5375 2706 5449 ἀρεταῖς
2785 5372 3190 5446 ἐπιδειξάμενος
3260 5370 3515 5445 διήρκεσε
3572 5372 3740 5449 μέχρι
3794 5381 3899 5445 τῆς

2236 5477 2603 5539 καθαιρεσεως
2652 5463 2949 5536 Νεστορίου
2992 5467 3090 5518 τοῦ
3136 5462 3416 5536 αἱρετικοῦ
3461 5467 3559 5518 τοῦ
3600 5463 3693 5519 τὸν
3724 5463 3897 5538 ἁγιώ-

2238 5576 2399 5612 τατον
2434 5556 2704 5611 Σισίννιον
2766 5551 3170 5625 διαδεξαμένου.
3230 5552 3333 5608 Καὶ
3395 5552 3529 5627 μετᾶ
3576 5553 3676 5622 τὴν
3706 5552 3901 5616 καθαί-

2241 5665 2387 5721 ρεσιν
2445 5643 2611 5700 αὐτοῦ
2668 5647 2766 5699 τοῦ
2846 5641 3120 5718 αἱρετικοῦ
3199 5641 3517 5713 Νεστορίου,
3798 5646 3899 5697 τοῦ

2246 5731 2536 5813 βασιλέως,
2594 5732 2684 5790 καὶ
2741 5735 2839 5790 τοῦ
2897 5730 3129 5809 κλήρου,
3183 5728 3273 5787 καὶ
3328 5733 3427 5787 τοῦ
3484 5728 3623 5789 λαοῦ
3669 5732 3899 5808 παντὸς,
