4158 6310
271 376 384 436 417

1825 371 2156 434 APRILIB.

3555 369 3676 431 418

269 506 343 612 ῶς
372 505 564 568 πιστὸς
617 503 711 562 καὶ
736 503 1085 612 Αὄρθόδοεος,
1145 506 1494 585 πατριάρχης
1522 505 1914 612 προεχειρίσθη

2039 503 2594 577 peratoris,cleri.ac
2625 501 2807 558 totius
2827 498 3032 573 populi
3055 499 3355 573 suffragio,
3387 502 3674 560 Constan-

2039 595 2065 612 ι-
2237 594 2367 612 ν
2496 593 2802 612 ,
2840 591 3054 612 Αιηιη,
3075 590 3180 612 tu.
3210 591 3344 612 n___
3368 607 3496 612 __-_-
3520 598 3666 612 ﬂ-.-

267 594 931 661 Κωνσταντινουπόλεωςο
991 597 1081 652 καὶ
1131 597 1318 653 καλῶν
1373 597 1463 653 καὶ
1547 589 1784 652 θῦσεὸῶν
1851 592 1914 649 τὰ

263 691 362 742 τοῦ
384 688 623 762 Χριστοῦ
683 685 940 760 ποίμνιον
996 686 1414 760 ποιμάνας,καὶ
1470 687 1573 756 τὴν
1621 682 1912 754 ἐκκλησίαν

265 773 414 838 ἐκτὸς
493 773 810 832 σκανδάλων
895 774 1230 852 διατηρήσας
1267 821 1282 848 ,
1334 777 1425 833 καὶ
1483 776 1759 851 κρατήσας
1819 771 1912 844 ἔτη

265 861 378 937 δύο,
404 866 494 920 καὶ
523 871 699 939 μῆνας
717 860 895 936 πέντε,
928 864 983 922 ἐν
1023 866 1220 942 εἱρήνῃ
1249 863 1607 924 ἀνεπαύσατο.

264 1068 366 1127 Καὶ
397 1070 630 1143 ἄθλησις
657 1073 754 1126 τοῦ
801 1068 985 1162 ἁγίουἱ
1019 1070 1297 1164 μάρτυρος
1348 1072 1618 1128 Ἰσαακίου
1675 1073 1766 1128 καὶ
1799 1079 1911 1130 τῶν

937 1163 1032 1198 συν
1070 1163 1237 1216 αυτῳ.

332 1247 401 1306 Οἱ
429 1251 580 1322 τρεῖς
611 1243 764 1302 οῦτοι
794 1248 940 1324 ἅγιοι
972 1246 1240 1324 μάρτυρες
1268 1247 1554 1319 Ὶσαάκιος,
1590 1246 1910 1319 Ἀπολλὼν,

265 1335 350 1391 καὶ
407 1332 706 1409 Κοδρᾶτος,
766 1337 1088 1411 θεράποντες
1145 1337 1397 1412 ὑπῆρχον
1455 1343 1556 1406 τῆς
1591 1336 1913 1414 βασιλίσσης

267 1422 642 1500 Ἀλεξάνδρας·
727 1426 819 1480 καὶ
883 1423 1090 1488 ἰδόντες
1173 1425 1346 1495 αὐτὴν
1429 1429 1911 1503 καταφρονήσασαν

267 1511 423 1585 δόξης
500 1514 863 1591 προσκαίρου,
936 1515 1028 1571 καὶ
1112 1514 1391 1592 βασιλείας
1475 1523 1738 1593 φθαρτῆς,
1823 1518 1910 1572 καὶ

269 1601 536 1678 βασιλέως
590 1605 812 1673 θνητοῦ,
873 1603 966 1659 καὶ
1019 1601 1481 1679 προσδραμοῦσαν
1536 1609 1616 1677 τῷ
1671 1605 1912 1678 Χριστῷ,

263 1693 348 1748 καὶ
405 1693 766 1748 πιστεύσασαν
827 1692 902 1757 ὡς
953 1693 1200 1766 ἀθανάτῳ
1249 1693 1342 1749 καὶ
1399 1692 1609 1767 αἰωνίῳ
1675 1693 1912 1770 βασιλεῖ,

262 1783 346 1838 καὶ
406 1779 478 1837 δι’
537 1779 697 1837 αὐτὸν
757 1783 1044 1850 θανοῦσαν,
1091 1781 1436 1853 ἐπίστευσαν,
1467 1782 1558 1838 καὶ
1620 1783 1772 1839 αὐτοὶ
1833 1789 1914 1857 τῷ

265 1873 502 1945 Χριστῷ,
534 1873 622 1928 καὶ
658 1871 1163 1950 παρῤησιασάμενοι
1218 1870 1455 1948 ἤλεγξαν
1524 1874 1616 1929 τὸν
1663 1875 1914 1949 βασιλέα,

265 1963 580 2038 παράνομον
613 1962 778 2018 αὐτὸν
830 1963 1221 2034 εἷποντες,καὶ
1283 1961 1433 2036 ὠμὸν
1494 1965 1583 2019 καὶ
1643 1963 1916 2042 θηριώδη,

267 2051 338 2113 ὡς
399 2049 543 2124 μηδὶ
592 2052 692 2120 τήν
751 2051 951 2108 οἰκείαν
998 2057 1249 2128 γυναῖκα,
1318 2054 1435 2124 μεθ’
1475 2052 1544 2122 ἧς
1603 2051 1917 2127 ἐτέκνωσεν,

269 2137 585 2210 ἐλεήσαντα.
640 2141 779 2196 Τότε
835 2139 1112 2217 ὀργισθεὶς
1161 2142 1190 2196 ὁ
1277 2138 1561 2216 βασιλεὺς,
1624 2143 1921 2218 προσέταξε

266 2233 377 2290 τοῖς
405 2225 636 2302 δημίοις
661 2237 928 2306 κρατῆσαι
989 2229 1211 2303 αὐτοὺς,
1243 2230 1336 2286 καὶ
1385 2232 1455 2303 τῇ
1488 2229 1705 2308 φυλακῇ
1740 2254 1920 2307 παρα-

271 2313 471 2373 δοῦναι.
504 2319 608 2375 Καὶ
665 2317 862 2375 τούτου
919 2321 1236 2396 γενομένου,
1296 2320 1464 2384 αὐτὸς
1519 2317 1590 2375 δι’
1643 2321 1781 2391 ὅλης
1821 2329 1923 2390 τῆς

269 2406 454 2468 νυκτὸς
483 2403 848 2482 διελογίξετο,
879 2413 997 2471 πῶς
1053 2406 1117 2464 ἄν
1182 2406 1428 2474 διάθοιτο
1482 2411 1550 2466 τὰ
1597 2411 1714 2466 κατ’
1745 2411 1921 2466 αὐτῶν

273 2493 534 2570 (ὠργίσθη
593 2495 696 2570 γὰρ
754 2495 1056 2573 μεγάλως),
1125 2497 1218 2552 καὶ
1269 2501 1339 2572 τῇ
1382 2497 1643 2576 ἐπαύριον
1702 2499 1923 2574 ἀγαγὼν

281 2584 464 2648 αὐτοὺς
493 2585 729 2641 ἐνώπιον
763 2586 953 2657 αὐτοῦ,
1006 2589 1094 2643 καὶ
1154 2590 1558 2664 καταναγκάσας
1591 2590 1924 2664 ἀρνήσασθαι

274 2673 360 2729 τὸν
391 2675 642 2750 Χριστὸν,
671 2675 765 2730 καὶ
801 2666 878 2750 μή
901 2675 1111 2746 πείσας,
1141 2678 1563 2757 ἀπεκεφάλισεν.

810 2901 987 2958 nam
1041 2905 1127 2979 τᾳ
1186 2903 1386 2981 Αγτᾳ.

1044 2990 1168 3045 KB‘.

345 3097 562 3169 Μμήμη
594 3100 699 3151 τοῦ
731 3094 785 3152 ἐν
817 3097 998 3174 ἁγίοις
1023 3097 1411 3175 Πατρὸςὴμῶν
1443 3095 1728 3175 Θεοδώρου
1759 3103 1856 3155 τοῦ

947 3171 1276 3228 Σικαιώτου.

358 3269 640 3348 Θεόδωρος
705 3276 734 3330 ὁ
821 3279 918 3330 τοῦ
979 3280 1220 3352 Χριστοῦ
1281 3276 1574 3354 ἱεράρχης,
1631 3275 1727 3332 καί
1785 3279 1949 3353 μέγας

285 3363 722 3438 θαυματουργὲκ,
760 3363 977 3440 ὑπῆρχε
1009 3367 1103 3437 μὲν
1162 3364 1223 3420 ἐκ
1279 3372 1382 3435 τῆς
1431 3365 1684 3422 Γαλατῶν
1717 3366 1926 3440 χώρας,

287 3449 386 3504 ἀπὸ
441 3451 662 3526 χωρίου
721 3450 778 3507 δὲ
835 3458 1109 3522 Σικαιοῦς,
1164 3453 1252 3510 ἐπὶ
1309 3461 1408 3525 τῆς
1469 3453 1750 3531 βασιλείας
1792 3457 1928 3512 Ἰου-

287 3544 556 3595 στινιανοῦ
606 3545 705 3596 τοῦ
755 3540 1014 3598 παλαιοῦ·
1071 3541 1325 3620 ἐγεννήθη
1387 3541 1444 3598 δέ
1502 3543 1554 3599 ἐν
1595 3542 1929 3620 πανδοχείῳ,

283 3633 382 3696 τῆς
417 3629 630 3704 μητρὸς
682 3630 851 3685 αὐτοῦ
908 3633 1138 3707 Μαρίας,
1197 3629 1286 3686 διὰ
1341 3629 1582 3696 κάλλους
1640 3637 1737 3688 τοῦ
1792 3654 1934 3709 προ-

287 3716 472 3771 σώπου
572 3717 764 3786 αὐτῆς,
856 3719 1297 3794 ἐπισπασαμένης
1381 3721 1518 3796 πρὸς
1592 3723 1691 3791 τὴν
1768 3720 1933 3776 αὐτοῦ

285 3805 540 3880 γέννησιν
575 3813 790 3881 Κοσμᾶν
851 3831 973 3866 τινα
1021 3815 1130 3866 τῶν
1195 3810 1492 3887 βασιλικῶν
1538 3809 1930 3886 ταχυδρόμων⁹

283 3891 405 3963 ἥτις
437 3897 529 3951 καὶ
564 3895 703 3953 εἱδεν
752 3898 804 3953 ἐν
865 3899 1084 3972 ὀνείρῳ,
1143 3901 1340 3976 ἀστέρα
1395 3899 1672 3956 κατελθεῖν
1725 3900 1784 3955 ἐκ
1836 3904 1934 3956 τοῦ

281 3985 544 4060 οὐρανοῦ,
577 3986 666 4042 καὶ
715 3994 897 4044 πεσεῖν
957 3988 1045 4044 ἐπὶ
1102 3990 1200 4058 τήν
1238 3989 1452 4045 κοιλίαν
1487 3989 1670 4060 αὐτῆς·
1731 3987 1934 4058 ἐδήλου

281 4071 342 4130 δὶ
405 4075 435 4130 ὁ
497 4075 670 4148 ἀστὴρ
726 4076 825 4146 τὴν
889 4076 965 4139 εἷς
1022 4076 1242 4152 ὕστερον
1297 4079 1495 4154 ἀρετὴν
1563 4081 1661 4133 τοῦ
1719 4075 1933 4140 παιδός·

277 4167 549 4218 τοσοῦτον
583 4164 682 4239 γὰρ
716 4163 776 4218 ἐκ
831 4165 1064 4243 βρέφους
1125 4166 1334 4242 ἐγένετο
1391 4166 1657 4239 ἐνάρετος,
1716 4167 1790 4230 ὡς
1844 4165 1934 4221 καὶ

278 4249 375 4304 τὸν
411 4249 566 4326 ἅγιον
602 4251 873 4326 Γιώργιον
927 4249 1086 4329 φίλον
1146 4254 1467 4322 κτήσασθαι,
1522 4256 1764 4331 φανερῶς
1807 4250 1937 4308 συλ-

282 4336 567 4394 λαλοῦντα
615 4336 762 4411 αὖτῷ
835 4341 925 4394 καὶ
977 4336 1420 4414 συμϐαδίζοντα,
1489 4342 1579 4397 καὶ
1633 4340 1938 4417 ὁδηγοῦντα

280 4426 448 4482 αὐτὸν
511 4427 650 4501 πρὸς
708 4433 811 4483 πᾶν
869 4429 1086 4504 ἀγαθόν’
1122 4429 1171 4503 ἐξ
1231 4431 1292 4485 οὗ
1323 4430 1410 4486 καὶ
1451 4431 1518 4486 τὰ
1578 4433 1745 4505 μυρία
1775 4430 1937 4501 ἐκτή-

283 4537 418 4572 σατο
449 4518 718 4590 θαύματα.
781 4519 1078 4593 Γενόμενος
1136 4517 1193 4576 δὲ
1226 4521 1490 4596 μοναχὸς,
1539 4519 1934 4596 ἐχειροτονήθη

281 4604 377 4660 καὶ
460 4603 764 4668 ἐπίσκοπος
851 4607 1450 4676 Ἀναστασιουπόλεως,

282 4692 477 4749 πολλὰ
505 4696 753 4770 θαύματα
807 4692 1136 4772 περιϐόητος
1193 4697 1396 4776 φανεὶς,
1453 4697 1544 4752 καὶ
1631 4696 1934 4771 βασιλεῦσι,

282 4783 488 4855 καὶτῷ
533 4784 728 4858 κόσμῳ
783 4785 964 4857 παντὶ,
1026 4785 1078 4840 ἐν
1141 4785 1328 4862 εἰρήνῃ
1377 4785 1517 4860 πρὸς
1571 4785 1766 4862 Κύριον
1821 4780 1934 4858 ἔξε-

285 4868 353 4943 δή
367 4893 558 4944 μησεν.

400 5088 497 5145 Καὶ
549 5091 745 5162 μνήμη
777 5086 874 5145 τοῦ
924 5089 1081 5166 ἁγίου
1139 5088 1448 5146 ἀποστόλου
1502 5089 1820 5161 Ναθαναήλ.

358 5203 658 5274 Ναθαναήλ
690 5207 718 5261 ὁ
746 5211 842 5262 τοῦ
864 5211 1098 5280 Χριστοῦ
1130 5206 1290 5283 φίλος
1320 5207 1410 5262 καὶ
1469 5205 1801 5276 ἀπόστολος,
1863 5208 1930 5277 ἦν

289 5293 387 5364 μὶν
419 5294 524 5349 άπὸ
562 5295 955 5358 Κανᾶπόλεως
999 5303 1099 5366 τῆς
1134 5295 1451 5366 Γαλιλαίας,
1483 5293 1606 5360 ἔνθα
1646 5297 1674 5350 ὁ
1705 5297 1937 5367 Χριστὸς

282 5380 372 5436 καὶ
404 5384 533 5445 Θεὸς
564 5386 728 5456 ἡμῶν
785 5384 1012 5455 κληθεὶς
1068 5387 1146 5447 εἷς
1203 5391 1384 5460 γάμον
1438 5386 1574 5458 μετὰ
1624 5391 1721 5454 τῆς
1763 5406 1932 5440 πανα-

284 5472 527 5545 χράντου
556 5471 724 5528 αὐτοῦ
759 5474 1004 5548 Μητρὸς,
1033 5473 1122 5528 καὶ
1153 5477 1263 5528 τῶν
1299 5475 1460 5549 ἱερῶν
1527 5475 1807 5547 μαθητῶν,
1871 5476 1935 5530 τὸ

284 5566 500 5632 πρῶτον
532 5564 714 5635 θαῦμα
741 5561 990 5634 ἐποίησε,
1019 5563 1082 5618 τὸ
1129 5560 1275 5636 ὕδωρ
1308 5563 1385 5624 εἰς
1416 5565 1561 5619 οἶνον
1585 5559 1932 5637 μεταϐαλών.

285 5646 664 5725 Προσεδέχετο
724 5647 782 5705 δὲ
837 5651 926 5706 καὶ
982 5648 1144 5715 αὐτὸς
1197 5651 1296 5718 τὴν
1354 5650 1648 5726 παρουσίαν
1679 5654 1776 5706 τοῦ
1801 5651 1933 5726 Χρι-

285 5740 434 5811 στοῦ,
480 5739 559 5802 ὡς
614 5741 966 5815 νομομαθὴς,
1011 5742 1112 5796 τοῦ
1168 5740 1294 5817 παρ’
1342 5737 1562 5796 ἐκείνων
1633 5737 1933 5817 λεγομένου

1609 4607 1625 4662 ὶ
1706 4605 1795 4663 διὰ
1868 4607 1926 4662 τὰ

1533 4629 1625 4663 και
1706 4629 1795 4663 οια
1868 4629 1936 4662 τα
1965 4647 1999 4656 —

2027 594 2456 666 tinopolitanus
2478 593 2813 666 patriarcha
2834 591 3057 647 electus
3073 590 3351 646 fuit.Cum
3368 607 3503 645 vero
3520 598 3676 648 recte

2028 699 2094 739 ac
2123 685 2398 758 religiose
2419 699 2655 756 gregem
2689 680 2904 737 Christi
2950 680 3360 752 gubernasset,
3394 685 3453 734 et
3473 681 3672 736 Eccle-

2028 773 2177 828 siam
2208 789 2243 828 a
2269 772 2566 828 scandalis
2598 777 2785 826 tutam
2819 774 3129 835 servasset,
3165 768 3338 839 eique
3359 785 3467 841 per
3487 785 3676 824 annos

2027 861 2198 930 duos,
2232 868 2291 918 et
2339 878 2576 917 menses
2608 861 2872 933 quinque
2923 858 3280 932 prmfuisset,
3313 859 3375 913 in
3407 874 3552 929 pace
3583 874 3675 914 re-

2027 951 2268 1022 quievit.

2097 1081 2169 1134 Et
2197 1085 2472 1133 certamen
2501 1079 2678 1133 sancti
2705 1074 2971 1158 martyris
2999 1076 3221 1142 Isaacii,
3252 1080 3305 1128 et
3332 1072 3604 1129 sociorum

2781 1163 2917 1218 ejus.

2098 1249 2166 1303 Hi
2207 1254 2326 1304 tres
2357 1249 2546 1303 sancti
2579 1252 2868 1318 martyres
2898 1247 3180 1316 Isaacius,
3204 1243 3438 1317 Apollo,
3471 1249 3530 1300 et
3559 1245 3674 1300 Co-

2025 1336 2231 1394 dratus
2278 1337 2485 1393 famuli
2544 1337 2787 1392 fuerunt
2834 1334 3180 1390 Alexandria
3230 1334 3674 1406 imperatricis:

2025 1444 2202 1498 quam
2235 1444 2369 1482 cum
2397 1427 2684 1482 vidissent
2721 1425 2946 1482 caduca
2975 1425 3154 1497 hujus
3186 1424 3289 1479 tevi
3311 1423 3519 1496 gloria,
3543 1440 3677 1478 cor-

2023 1516 2289 1588 ruptibili
2311 1515 2652 1588 imperio,et
2670 1514 2905 1570 mortali
2930 1515 3289 1586 imperatore
3312 1512 3674 1585 contemptis,

2024 1606 2099 1662 ad
2113 1607 2409 1662 Christum
2427 1605 2940 1676 accurrere,eique
2961 1602 3578 1675 tanquamimmortali
3596 1607 3678 1658 at-

2026 1711 2140 1767 que
2163 1700 2384 1750 interno
2411 1693 2551 1768 Regi
2582 1693 2916 1760 credere,et
2945 1711 3049 1765 pro
3083 1710 3150 1749 eo
3174 1698 3428 1748 mortem
3451 1691 3673 1759 subire;

2024 1787 2205 1842 etiam
2236 1785 2350 1857 ipsi
2381 1785 2597 1840 Christi
2623 1783 2801 1838 fidem
2824 1783 3082 1855 amplexi
3117 1787 3286 1838 sunt:
3323 1787 3381 1836 et
3419 1781 3678 1837 maxima

2025 1875 2304 1931 libertate
2334 1874 2672 1946 loquentes,
2690 1874 3111 1945 imperatorem
3134 1873 3539 1943 increparunt,
3566 1871 3679 1926 im-

2027 1965 2527 2038 pium.crudelem
2559 1982 2627 2021 ac
2657 1965 2849 2020 ferum
2877 1965 3074 2036 ipsum
3098 1963 3489 2036 appellantes,
3519 1961 3679 2034 quod

2026 2057 2304 2128 conjugio
2339 2055 2449 2111 sibi
2475 2055 2701 2127 junctus
2733 2054 3028 2122 mulieris,
3059 2070 3129 2109 ex
3161 2070 3278 2124 qua
3310 2052 3488 2108 etiam
3524 2051 3678 2106 libe-

2026 2163 2126 2201 ros
2157 2151 2523 2217 susceperat,
2554 2144 2835 2199 misertus
2883 2160 3004 2198 non
3035 2149 3210 2199 esset.
3244 2142 3409 2198 Unde
3441 2142 3501 2196 in
3528 2139 3679 2196 iram

2029 2235 2316 2290 excitatus
2365 2235 2690 2306 imperator
2741 2233 3053 2288 lictoribus
3106 2232 3406 2304 praacepit,
3462 2236 3531 2286 ut
3576 2246 3679 2285 eos

2028 2323 2701 2396 comprehenderent.ac
2734 2323 2795 2376 in
2819 2338 3118 2378 carcerem
3145 2322 3532 2393 conjicerent.
3556 2321 3680 2384 Quo

2029 2419 2291 2485 peracto,
2329 2418 2451 2468 tota
2476 2417 2648 2467 nocte
2673 2412 2798 2483 ipse
2822 2411 3148 2483 imperator
3177 2409 3492 2480 cogitabat,
3527 2425 3679 2479 quo-

2029 2503 2206 2558 modo
2231 2519 2334 2558 eos
2365 2503 2736 2557 interimeret
2760 2519 2771 2554 :
2797 2501 3045 2572 (ingenti
3067 2501 3229 2556 enim
3260 2499 3459 2554 furore
3481 2498 3685 2553 adver-

2033 2610 2132 2649 sus
2164 2591 2300 2646 illos
2319 2608 2608 2647 accensus
2628 2595 2752 2646 erat
2778 2590 2818 2660 :)
2848 2590 3100 2661 ideoque
3135 2588 3409 2660 sequenti
3441 2587 3536 2642 die
3581 2603 3683 2642 eos

2031 2697 2232 2736 coram
2265 2696 2325 2735 se
2357 2679 2570 2735 adduci
2593 2679 2865 2751 jussit,et
2879 2685 2946 2734 ut
2973 2679 3272 2734 Christum
3296 2679 3680 2750 abnegarent,

2031 2770 2390 2842 compellere
2435 2774 2685 2824 conatus
2717 2773 2825 2823 est.
2860 2768 2971 2824 Sed
3005 2785 3140 2823 cum
3173 2767 3233 2822 id
3264 2767 3410 2839 ipsis
3431 2765 3682 2822 suadere

2032 2875 2155 2916 non
2184 2857 2489 2924 valuisset,
2513 2857 2705 2928 capite
2728 2871 2828 2911 eos
2858 2855 3037 2928 plecti
3070 2855 3388 2912 mandavit.

2597 2945 2838 3000 EODEM
2864 2945 3116 3000 MENSE.

2513 3035 2618 3091 Die
2647 3035 2930 3090 vicesima
2975 3033 3237 3089 secunda

2034 3129 2129 3184 01
2167 3127 2432 3184 Memoria
2455 3127 2634 3182 sancti
2673 3126 2858 3180 Patris
2887 3123 3066 3180 nostri
3109 3123 3380 3180 Theodori
3405 3121 3678 3178 Sicwotae.

2096 3279 2439 3334 Theodorus
2471 3276 2686 3333 Christi
2723 3276 3011 3349 pontifex,
3040 3293 3107 3331 ac
3129 3289 3376 3346 magnus
3409 3273 3678 3326 thauma-

2039 3373 2444 3442 turgus,natus
2467 3371 2553 3422 est
2584 3367 2645 3422 in
2669 3367 2905 3437 regione
2931 3364 3169 3420 Galatiaa
3202 3363 3263 3418 in
3292 3360 3507 3434 oppido
3525 3357 3684 3431 quod

2041 3459 2266 3514 Sicaaon
2295 3457 2651 3530 appellatur,
2681 3455 3012 3511 Justiniano
3044 3453 3281 3508 seniore
3331 3452 3682 3522 imperante.

2041 3549 2284 3604 Genitus
2314 3564 2449 3603 vero
2480 3547 2593 3602 fuit
2622 3547 2683 3600 in
2708 3546 2954 3601 taberna
2983 3543 3329 3608 diversoria,
3361 3541 3464 3596 ubi
3498 3545 3689 3594 mater

2041 3638 2227 3709 ipsius
2257 3637 2436 3692 Maria
2465 3635 2681 3692 eximia
2709 3635 2829 3689 oris
2859 3633 2949 3688 sui
2972 3630 3416 3704 pulchritudine
3457 3627 3527 3684 ad
3552 3643 3687 3682 eum

2042 3725 2512 3798 progignendum
2539 3727 2859 3779 attraxerat
2879 3722 3068 3776 virum
3093 3719 3410 3792 quemdam
3444 3716 3686 3771 nomine

2041 3819 2336 3880 Cosmam,
2369 3816 2470 3887 qui
2503 3815 2658 3870 inter
2688 3813 3066 3886 imperatoris
3098 3827 3370 3866 cursores
3423 3806 3688 3878 adscrip-

2042 3913 2137 3963 tus
2171 3912 2315 3962 erat.
2353 3905 2568 3960 Eadem
2589 3920 2764 3976 porro
2797 3903 2928 3975 ejus
2959 3907 3151 3958 mater
3177 3900 3321 3956 vidit
3351 3898 3414 3954 in
3462 3895 3689 3952 somnis

2042 3996 2206 4052 sidus
2237 4012 2268 4051 e
2299 3993 2445 4050 ccelo
2477 3992 2694 4058 delabi,
2741 3998 2920 4063 atque
2953 3992 3014 4047 in
3077 4007 3251 4046 suum
3284 3989 3481 4044 sinum
3529 3984 3689 4040 deci-

2044 4085 2183 4141 dere
2209 4101 2222 4138 :
2244 4083 2402 4156 quod
2425 4099 2565 4139 sane
2599 4081 3036 4138 sidusfuturam
3057 4081 3223 4152 pueri
3247 4078 3523 4132 virtutem
3538 4090 3692 4148 prm-

2042 4172 2540 4231 nuntiabat.Adco
2565 4172 2724 4228 enim
2755 4171 2880 4242 ipse
2893 4172 2965 4226 ab
2989 4171 3234 4225 ineunte
3265 4173 3436 4223 mtate
3463 4165 3693 4222 virtutis

2044 4266 2342 4322 stodiosus
2372 4270 2549 4336 atque
2575 4279 2783 4320 amans
2815 4261 2945 4330 fuit,
2977 4267 3044 4316 ut
3075 4265 3348 4316 sanctum
3379 4259 3694 4332 Georgium

2045 4357 2303 4412 amicum
2353 4354 2466 4410 sibi
2499 4353 2948 4426 comparaverit,
2985 4352 3082 4422 qui
3140 4356 3199 4406 et
3227 4350 3425 4422 palam
3457 4364 3591 4404 cum
3625 4363 3693 4402 eo

2044 4445 2325 4517 colloqui,
2359 4449 2418 4499 et
2461 4443 2806 4514 frequenter
2831 4441 3172 4504 convenire,
3208 4445 3386 4510 atque
3417 4437 3492 4492 ad
3518 4451 3695 4491 omne

2043 4553 2193 4608 opus
2223 4535 2450 4590 bonum
2490 4532 2687 4604 ipsum
2719 4531 3043 4603 perducere
3084 4531 3492 4584 consueverat.
3531 4523 3696 4579 Unde

2042 4627 2360 4681 innumera
2390 4621 2575 4678 edidit
2604 4620 2913 4677 miracula.
2941 4620 3084 4674 Cum
3132 4634 3268 4674 vero
3301 4613 3697 4674 monasticam

2041 4715 2222 4770 vitam
2247 4710 2952 4782 suscepisset,episc0pus
2982 4700 3701 4777 Anastasiopolisordina-

2044 4808 2140 4859 tus
2167 4801 2536 4856 est.Demum
2567 4814 2702 4853 cum
2728 4795 2885 4868 apud
2917 4797 3327 4866 imperatores,
3363 4810 3430 4849 ac
3455 4792 3696 4848 univer-

2045 4908 2178 4949 sum
2228 4896 2522 4946 terrarum
2569 4885 2775 4942 orbem
2819 4884 3094 4958 plurimis
3145 4883 3320 4939 editis
3387 4881 3695 4938 miraculis

2045 4979 2296 5037 celebris
2327 4976 2628 5041 evasisset,
2662 4976 2724 5030 in
2750 4991 2894 5046 pace
2927 4973 3001 5029 ad
3028 4972 3348 5028 Dominum
3399 4970 3690 5044 migravit.

2221 5088 2286 5144 Et
2316 5086 2582 5140 memoria
2610 5082 2790 5139 sancti
2844 5080 3082 5152 apostoli
3131 5080 3512 5136 Nathanaelis.

2117 5192 2443 5251 Nathanael
2465 5191 2678 5246 Christi
2709 5189 2938 5245 amicus
2965 5194 3024 5243 et
3043 5187 3350 5259 apostolus
3369 5187 3482 5241 fuit
3502 5203 3571 5242 ex
3585 5188 3692 5242 Ca-

2045 5306 2124 5345 na
2153 5287 2384 5342 civitate
2433 5283 2710 5351 Galilzeaa,
2744 5281 2845 5336 ubi
2876 5281 3146 5336 Christus
3177 5281 3332 5334 Deus
3389 5284 3594 5334 noster
3622 5277 3698 5332 ad

2045 5379 2286 5449 nuptias
2307 5378 2547 5428 vocatus
2568 5389 2688 5427 una
2705 5389 2838 5427 cum
2857 5371 3212 5426 intemerata
3237 5370 3366 5441 ejus
3379 5368 3696 5435 Genitrice,

2047 5473 2106 5523 et
2136 5463 2319 5522 sacris
2378 5461 2709 5532 discipulis,
2760 5460 3020 5532 primum
3074 5459 3262 5514 edidit
3314 5456 3694 5524 miraculum,

2045 5572 2262 5629 aquam
2292 5553 2354 5608 in
2387 5551 2589 5606 vinum
2614 5548 3380 5618 convertens.Exspectabat
3409 5553 3608 5600 autem
3640 5549 3700 5598 et

2044 5649 2196 5721 ipse,
2229 5641 2387 5714 quod
2416 5640 2563 5712 legis
2594 5638 2822 5710 peritus
2881 5642 3059 5700 esset,
3117 5635 3436 5689 adventum
3466 5631 3683 5686 Christi

2046 5737 2150 5810 qui
2207 5730 2365 5808 apud
2417 5731 2580 5802 ipsos
2630 5727 2872 5784 Messias
2933 5723 3261 5780 dicebatur.
3310 5724 3499 5786 Quare
3561 5734 3698 5774 eum
