  <div class='ocr_page' id='page_1' title='image "/cluster/home/n/w/nwhite01/storage/ocr_20150623/117/mdp.39015038086818/217.png"; bbox 0 0 4134 6302; ppageno 0'>
   <div class='ocr_carea' id='block_1_1' title="bbox 431 384 554 445">
    <p class='ocr_par' dir='ltr' id='par_1_1' title="bbox 431 384 554 445">
     <span class='ocr_line' id='line_1_1' title="bbox 431 384 554 445; baseline 0.033 -3"><span class='ocrx_word' id='word_1_1' title='bbox 431 384 554 445; x_wconf 70' lang='grc'>419</span> 
     </span>
    </p>
   </div>
   <div class='ocr_carea' id='block_1_2' title="bbox 1768 377 2595 442">
    <p class='ocr_par' dir='ltr' id='par_1_2' title="bbox 1768 377 2595 442">
     <span class='ocr_line' id='line_1_2' title="bbox 1768 377 2595 442; baseline 0 0"><span class='ocrx_word' id='word_1_2' title='bbox 1768 377 2200 442; x_wconf 80' lang='lat' dir='ltr'>MENOLOGII</span> <span class='ocrx_word' id='word_1_3' title='bbox 2245 379 2440 440; x_wconf 86' lang='lat' dir='ltr'>PARS</span> <span class='ocrx_word' id='word_1_4' title='bbox 2485 379 2595 442; x_wconf 82' lang='grc' dir='ltr'>ΙΙΙ.</span> 
     </span>
    </p>
   </div>
   <div class='ocr_carea' id='block_1_3' title="bbox 3732 387 3856 448">
    <p class='ocr_par' dir='ltr' id='par_1_3' title="bbox 3732 387 3856 448">
     <span class='ocr_line' id='line_1_3' title="bbox 3732 387 3856 448; baseline 0.024 -3"><span class='ocrx_word' id='word_1_5' title='bbox 3732 387 3856 448; x_wconf 73' lang='grc'>420</span> 
     </span>
    </p>
   </div>
   <div class='ocr_carea' id='block_1_4' title="bbox 436 511 2066 590">
    <p class='ocr_par' dir='ltr' id='par_1_4' title="bbox 436 514 2065 590">
     <span class='ocr_line' id='line_1_4' title="bbox 436 514 2065 590; baseline -0.002 -18"><span class='ocrx_word' id='word_1_6' title='bbox 436 519 499 574; x_wconf 91' lang='lat' dir='ltr'>in</span> <span class='ocrx_word' id='word_1_7' title='bbox 531 533 666 574; x_wconf 90' lang='lat' dir='ltr'>eum</span> <span class='ocrx_word' id='word_1_8' title='bbox 699 515 1008 572; x_wconf 78' lang='lat' dir='ltr'>incidisset</span> <span class='ocrx_word' id='word_1_9' title='bbox 1057 514 1370 589; x_wconf 87' lang='lat' dir='ltr'>Philippus</span> <span class='ocrx_word' id='word_1_10' title='bbox 1423 516 1750 589; x_wconf 80' lang='lat' dir='ltr'>apostolus,</span> <span class='ocrx_word' id='word_1_11' title='bbox 1807 517 1910 590; x_wconf 86' lang='lat' dir='ltr'>qui</span> <span class='ocrx_word' id='word_1_12' title='bbox 1966 531 2065 570; x_wconf 90' lang='lat' dir='ltr'>era</span> 
     </span>
    </p>
   </div>
   <div class='ocr_carea' id='block_1_5' title="bbox 2184 511 3850 590">
    <p class='ocr_par' dir='ltr' id='par_1_5' title="bbox 2204 511 3850 589">
     <span class='ocr_line' id='line_1_5' title="bbox 2204 511 3850 589; baseline 0.004 -19"><span class='ocrx_word' id='word_1_13' title='bbox 2204 512 2428 570; x_wconf 78' lang='grc' dir='ltr'>Μεσσία.</span> <span class='ocrx_word' id='word_1_14' title='bbox 2462 511 2651 589; x_wconf 79' lang='grc' dir='ltr'>Εὖρὼν</span> <span class='ocrx_word' id='word_1_15' title='bbox 2695 513 2786 570; x_wconf 84' lang='grc' dir='ltr'>οὗν</span> <span class='ocrx_word' id='word_1_16' title='bbox 2845 512 3002 570; x_wconf 76' lang='grc' dir='ltr'>αὐτὸν</span> <span class='ocrx_word' id='word_1_17' title='bbox 3061 513 3400 579; x_wconf 78' lang='grc' dir='ltr'>Φίλιπποςὸ</span> <span class='ocrx_word' id='word_1_18' title='bbox 3457 516 3764 582; x_wconf 77' lang='grc' dir='ltr'>ἀπόστολος</span> <span class='ocrx_word' id='word_1_19' title='bbox 3817 523 3850 577; x_wconf 86' lang='lat'>6</span> 
     </span>
    </p>
   </div>
   <div class='ocr_carea' id='block_1_6' title="bbox 436 605 2085 679">
    <p class='ocr_par' dir='ltr' id='par_1_6' title="bbox 436 605 2085 679">
     <span class='ocr_line' id='line_1_6' title="bbox 436 605 2085 679; baseline -0.002 -16"><span class='ocrx_word' id='word_1_20' title='bbox 436 625 471 663; x_wconf 92' lang='lat' dir='ltr'>a</span> <span class='ocrx_word' id='word_1_21' title='bbox 485 607 798 662; x_wconf 89' lang='lat' dir='ltr'>Bethsaida</span> <span class='ocrx_word' id='word_1_22' title='bbox 813 607 1044 661; x_wconf 79' lang='lat' dir='ltr'>civitate</span> <span class='ocrx_word' id='word_1_23' title='bbox 1064 613 1403 662; x_wconf 90' lang='lat' dir='ltr'>sanctorum</span> <span class='ocrx_word' id='word_1_24' title='bbox 1416 607 1822 679; x_wconf 86' lang='lat' dir='ltr'>apostolorum</span> <span class='ocrx_word' id='word_1_25' title='bbox 1836 605 2085 661; x_wconf 71' lang='lat' dir='ltr'>Andreas</span> 
     </span>
    </p>
   </div>
   <div class='ocr_carea' id='block_1_7' title="bbox 435 695 2086 768">
    <p class='ocr_par' dir='ltr' id='par_1_7' title="bbox 435 695 2086 768">
     <span class='ocr_line' id='line_1_7' title="bbox 435 695 2086 768; baseline -0.001 -16"><span class='ocrx_word' id='word_1_26' title='bbox 435 703 496 752; x_wconf 90' lang='lat' dir='ltr'>et</span> <span class='ocrx_word' id='word_1_27' title='bbox 525 697 1005 767; x_wconf 90' lang='lat' dir='ltr'>Petri,sciretque</span> <span class='ocrx_word' id='word_1_28' title='bbox 1032 695 1248 750; x_wconf 80' lang='lat' dir='ltr'>Christi</span> <span class='ocrx_word' id='word_1_29' title='bbox 1269 696 1585 752; x_wconf 76' lang='lat' dir='ltr'>adventum</span> <span class='ocrx_word' id='word_1_30' title='bbox 1609 697 1678 751; x_wconf 90' lang='lat' dir='ltr'>ab</span> <span class='ocrx_word' id='word_1_31' title='bbox 1698 698 1827 768; x_wconf 89' lang='lat' dir='ltr'>ipso</span> <span class='ocrx_word' id='word_1_32' title='bbox 1842 712 2086 766; x_wconf 80' lang='lat' dir='ltr'>exspec-</span> 
     </span>
    </p>
   </div>
   <div class='ocr_carea' id='block_1_8' title="bbox 437 784 2084 853">
    <p class='ocr_par' dir='ltr' id='par_1_8' title="bbox 437 784 2084 853">
     <span class='ocr_line' id='line_1_8' title="bbox 437 784 2084 853; baseline -0.001 -13"><span class='ocrx_word' id='word_1_33' title='bbox 437 786 573 853; x_wconf 90' lang='lat' dir='ltr'>tari,</span> <span class='ocrx_word' id='word_1_34' title='bbox 631 802 864 841; x_wconf 90' lang='lat' dir='ltr'>summa</span> <span class='ocrx_word' id='word_1_35' title='bbox 895 802 1030 840; x_wconf 91' lang='lat' dir='ltr'>cum</span> <span class='ocrx_word' id='word_1_36' title='bbox 1088 784 1297 840; x_wconf 68' lang='lat' dir='ltr'>laetitia</span> <span class='ocrx_word' id='word_1_37' title='bbox 1352 786 1435 840; x_wconf 90' lang='lat' dir='ltr'>ait</span> <span class='ocrx_word' id='word_1_38' title='bbox 1487 785 1619 840; x_wconf 91' lang='lat' dir='ltr'>illi:</span> <span class='ocrx_word' id='word_1_39' title='bbox 1652 787 1695 842; x_wconf 91' lang='grc' dir='ltr'>Ο</span> <span class='ocrx_word' id='word_1_40' title='bbox 1736 785 2084 852; x_wconf 89' lang='lat' dir='ltr'>Nathanael,</span> 
     </span>
    </p>
   </div>
   <div class='ocr_carea' id='block_1_9' title="bbox 434 874 2084 947">
    <p class='ocr_par' dir='ltr' id='par_1_9' title="bbox 434 874 2084 947">
     <span class='ocr_line' id='line_1_9' title="bbox 434 874 2084 947; baseline 0 -17"><span class='ocrx_word' id='word_1_41' title='bbox 434 892 613 946; x_wconf 88' lang='lat' dir='ltr'>quem</span> <span class='ocrx_word' id='word_1_42' title='bbox 643 875 882 947; x_wconf 82' lang='lat' dir='ltr'>scripsit</span> <span class='ocrx_word' id='word_1_43' title='bbox 913 876 1137 946; x_wconf 84' lang='lat' dir='ltr'>Moyses</span> <span class='ocrx_word' id='word_1_44' title='bbox 1169 875 1229 929; x_wconf 87' lang='lat' dir='ltr'>in</span> <span class='ocrx_word' id='word_1_45' title='bbox 1270 874 1422 947; x_wconf 90' lang='lat' dir='ltr'>lege,</span> <span class='ocrx_word' id='word_1_46' title='bbox 1478 881 1537 930; x_wconf 91' lang='lat' dir='ltr'>et</span> <span class='ocrx_word' id='word_1_47' title='bbox 1565 875 1891 947; x_wconf 60' lang='lat' dir='ltr'>prophetas,</span> <span class='ocrx_word' id='word_1_48' title='bbox 1924 876 2084 930; x_wconf 88' lang='lat' dir='ltr'>inve-</span> 
     </span>
    </p>
   </div>
   <div class='ocr_carea' id='block_1_10' title="bbox 433 964 2082 1036">
    <p class='ocr_par' dir='ltr' id='par_1_10' title="bbox 433 964 2082 1036">
     <span class='ocr_line' id='line_1_10' title="bbox 433 964 2082 1036; baseline 0.001 -18"><span class='ocrx_word' id='word_1_49' title='bbox 433 965 637 1020; x_wconf 89' lang='lat' dir='ltr'>nimus</span> <span class='ocrx_word' id='word_1_50' title='bbox 655 965 855 1019; x_wconf 84' lang='lat' dir='ltr'>Jesum</span> <span class='ocrx_word' id='word_1_51' title='bbox 872 964 1062 1018; x_wconf 86' lang='lat' dir='ltr'>filium</span> <span class='ocrx_word' id='word_1_52' title='bbox 1084 965 1338 1034; x_wconf 83' lang='lat' dir='ltr'>Josepha</span> <span class='ocrx_word' id='word_1_53' title='bbox 1359 965 1846 1020; x_wconf 82' lang='lat' dir='ltr'>Nazaret.Abiens</span> <span class='ocrx_word' id='word_1_54' title='bbox 1860 965 2082 1036; x_wconf 82' lang='lat' dir='ltr'>itaque,</span> 
     </span>
    </p>
   </div>
   <div class='ocr_carea' id='block_1_11' title="bbox 434 1050 2084 1122">
    <p class='ocr_par' dir='ltr' id='par_1_11' title="bbox 434 1050 2084 1122">
     <span class='ocr_line' id='line_1_11' title="bbox 434 1050 2084 1122; baseline 0.001 -16"><span class='ocrx_word' id='word_1_55' title='bbox 434 1068 569 1106; x_wconf 91' lang='lat' dir='ltr'>cum</span> <span class='ocrx_word' id='word_1_56' title='bbox 603 1051 903 1107; x_wconf 86' lang='lat' dir='ltr'>Christum</span> <span class='ocrx_word' id='word_1_57' title='bbox 934 1050 1416 1122; x_wconf 86' lang='lat' dir='ltr'>vidisset,illique</span> <span class='ocrx_word' id='word_1_58' title='bbox 1446 1051 1818 1121; x_wconf 85' lang='lat' dir='ltr'>credidisset,</span> <span class='ocrx_word' id='word_1_59' title='bbox 1845 1058 2084 1108; x_wconf 86' lang='lat' dir='ltr'>secutus</span> 
     </span>
    </p>
   </div>
   <div class='ocr_carea' id='block_1_12' title="bbox 435 1140 2078 1214">
    <p class='ocr_par' dir='ltr' id='par_1_12' title="bbox 435 1140 2078 1214">
     <span class='ocr_line' id='line_1_12' title="bbox 435 1140 2078 1214; baseline -0.001 -17"><span class='ocrx_word' id='word_1_60' title='bbox 435 1146 525 1197; x_wconf 90' lang='lat' dir='ltr'>est</span> <span class='ocrx_word' id='word_1_61' title='bbox 555 1158 712 1196; x_wconf 89' lang='lat' dir='ltr'>eum.</span> <span class='ocrx_word' id='word_1_62' title='bbox 742 1143 884 1196; x_wconf 87' lang='lat' dir='ltr'>Post</span> <span class='ocrx_word' id='word_1_63' title='bbox 911 1140 1074 1195; x_wconf 90' lang='lat' dir='ltr'>illius</span> <span class='ocrx_word' id='word_1_64' title='bbox 1096 1157 1232 1196; x_wconf 88' lang='lat' dir='ltr'>vero</span> <span class='ocrx_word' id='word_1_65' title='bbox 1290 1142 1631 1213; x_wconf 85' lang='lat' dir='ltr'>passionem</span> <span class='ocrx_word' id='word_1_66' title='bbox 1662 1149 1839 1214; x_wconf 91' lang='lat' dir='ltr'>atque</span> <span class='ocrx_word' id='word_1_67' title='bbox 1869 1159 2078 1198; x_wconf 87' lang='lat' dir='ltr'>ascen-</span> 
     </span>
    </p>
   </div>
   <div class='ocr_carea' id='block_1_13' title="bbox 435 1229 2079 1304">
    <p class='ocr_par' dir='ltr' id='par_1_13' title="bbox 435 1229 2079 1304">
     <span class='ocr_line' id='line_1_13' title="bbox 435 1229 2079 1304; baseline 0.001 -19"><span class='ocrx_word' id='word_1_68' title='bbox 435 1230 684 1299; x_wconf 88' lang='lat' dir='ltr'>sionem,</span> <span class='ocrx_word' id='word_1_69' title='bbox 736 1229 1068 1301; x_wconf 80' lang='lat' dir='ltr'>praedicans</span> <span class='ocrx_word' id='word_1_70' title='bbox 1117 1229 1316 1301; x_wconf 88' lang='lat' dir='ltr'>ipsum</span> <span class='ocrx_word' id='word_1_71' title='bbox 1376 1231 1563 1286; x_wconf 89' lang='lat' dir='ltr'>Deum</span> <span class='ocrx_word' id='word_1_72' title='bbox 1607 1247 1757 1299; x_wconf 86' lang='lat' dir='ltr'>esse,</span> <span class='ocrx_word' id='word_1_73' title='bbox 1816 1231 1878 1286; x_wconf 91' lang='lat' dir='ltr'>in</span> <span class='ocrx_word' id='word_1_74' title='bbox 1933 1247 2079 1304; x_wconf 86' lang='lat' dir='ltr'>pace</span> 
     </span>
    </p>
   </div>
   <div class='ocr_carea' id='block_1_14' title="bbox 435 1319 708 1377">
    <p class='ocr_par' dir='ltr' id='par_1_14' title="bbox 435 1319 708 1377">
     <span class='ocr_line' id='line_1_14' title="bbox 435 1319 708 1377; baseline 0 -1"><span class='ocrx_word' id='word_1_75' title='bbox 435 1319 708 1377; x_wconf 84' lang='lat' dir='ltr'>decessit.</span> 
     </span>
    </p>
   </div>
   <div class='ocr_carea' id='block_1_15' title="bbox 987 1411 1510 1467">
    <p class='ocr_par' dir='ltr' id='par_1_15' title="bbox 987 1411 1510 1467">
     <span class='ocr_line' id='line_1_15' title="bbox 987 1411 1510 1467; baseline 0.002 -2"><span class='ocrx_word' id='word_1_76' title='bbox 987 1411 1228 1467; x_wconf 83' lang='lat' dir='ltr'><strong>EODEM</strong></span> <span class='ocrx_word' id='word_1_77' title='bbox 1258 1411 1510 1466; x_wconf 80' lang='lat' dir='ltr'>MENSE.</span> 
     </span>
    </p>
   </div>
   <div class='ocr_carea' id='block_1_16' title="bbox 941 1500 1568 1556">
    <p class='ocr_par' dir='ltr' id='par_1_16' title="bbox 941 1500 1568 1556">
     <span class='ocr_line' id='line_1_16' title="bbox 941 1500 1568 1556; baseline 0 0"><span class='ocrx_word' id='word_1_78' title='bbox 941 1500 1045 1556; x_wconf 82' lang='lat' dir='ltr'>Die</span> <span class='ocrx_word' id='word_1_79' title='bbox 1071 1500 1352 1556; x_wconf 88' lang='lat' dir='ltr'>vicesima</span> <span class='ocrx_word' id='word_1_80' title='bbox 1395 1501 1568 1556; x_wconf 87' lang='lat' dir='ltr'>tertia</span> 
     </span>
    </p>
   </div>
   <div class='ocr_carea' id='block_1_17' title="bbox 499 1608 2002 1678">
    <p class='ocr_par' dir='ltr' id='par_1_17' title="bbox 499 1608 2002 1678">
     <span class='ocr_line' id='line_1_17' title="bbox 499 1608 2002 1678; baseline 0 -14"><span class='ocrx_word' id='word_1_81' title='bbox 499 1608 598 1664; x_wconf 76' lang='lat'>68</span> <span class='ocrx_word' id='word_1_82' title='bbox 633 1608 914 1664; x_wconf 83' lang='lat' dir='ltr'>Certamen</span> <span class='ocrx_word' id='word_1_83' title='bbox 969 1611 1145 1664; x_wconf 81' lang='lat' dir='ltr'>sancti</span> <span class='ocrx_word' id='word_1_84' title='bbox 1199 1611 1394 1678; x_wconf 84' lang='lat' dir='ltr'>magni</span> <span class='ocrx_word' id='word_1_85' title='bbox 1441 1610 1706 1678; x_wconf 80' lang='lat' dir='ltr'>martyris</span> <span class='ocrx_word' id='word_1_86' title='bbox 1756 1609 2002 1678; x_wconf 76' lang='lat' dir='ltr'>Georgii.</span> 
     </span>
    </p>
   </div>
   <div class='ocr_carea' id='block_1_18' title="bbox 506 1713 2078 1788">
    <p class='ocr_par' dir='ltr' id='par_1_18' title="bbox 506 1713 2078 1788">
     <span class='ocr_line' id='line_1_18' title="bbox 506 1713 2078 1788; baseline 0 -18"><span class='ocrx_word' id='word_1_87' title='bbox 506 1715 788 1788; x_wconf 76' lang='lat' dir='ltr'>Georgius</span> <span class='ocrx_word' id='word_1_88' title='bbox 810 1714 1024 1769; x_wconf 89' lang='lat' dir='ltr'>Christi</span> <span class='ocrx_word' id='word_1_89' title='bbox 1070 1719 1296 1786; x_wconf 81' lang='lat' dir='ltr'>martyr</span> <span class='ocrx_word' id='word_1_90' title='bbox 1325 1713 1438 1768; x_wconf 87' lang='lat' dir='ltr'>fuit</span> <span class='ocrx_word' id='word_1_91' title='bbox 1491 1714 1822 1786; x_wconf 88' lang='lat' dir='ltr'>imperante</span> <span class='ocrx_word' id='word_1_92' title='bbox 1856 1714 2078 1772; x_wconf 88' lang='lat' dir='ltr'>Diocle-</span> 
     </span>
    </p>
   </div>
   <div class='ocr_carea' id='block_1_19' title="bbox 2197 601 3848 682">
    <p class='ocr_par' dir='ltr' id='par_1_19' title="bbox 2197 601 3848 682">
     <span class='ocr_line' id='line_1_19' title="bbox 2197 601 3848 682; baseline 0.005 -26"><span class='ocrx_word' id='word_1_93' title='bbox 2197 601 2304 656; x_wconf 89' lang='grc' dir='ltr'>ἀπὸ</span> <span class='ocrx_word' id='word_1_94' title='bbox 2328 602 2628 674; x_wconf 80' lang='grc' dir='ltr'>Βηθσαϊδὰ,</span> <span class='ocrx_word' id='word_1_95' title='bbox 2688 603 2749 659; x_wconf 82' lang='grc' dir='ltr'>ἐκ</span> <span class='ocrx_word' id='word_1_96' title='bbox 2799 611 2901 673; x_wconf 87' lang='grc' dir='ltr'>τῆς</span> <span class='ocrx_word' id='word_1_97' title='bbox 2946 604 3163 668; x_wconf 82' lang='grc' dir='ltr'>πόλεως</span> <span class='ocrx_word' id='word_1_98' title='bbox 3220 611 3328 660; x_wconf 80' lang='grc' dir='ltr'>τῶν</span> <span class='ocrx_word' id='word_1_99' title='bbox 3387 606 3556 682; x_wconf 80' lang='grc' dir='ltr'>ἁγίων</span> <span class='ocrx_word' id='word_1_100' title='bbox 3606 607 3848 665; x_wconf 86' lang='grc' dir='ltr'>ἀποστό-</span> 
     </span>
    </p>
   </div>
   <div class='ocr_carea' id='block_1_20' title="bbox 2198 689 3842 774">
    <p class='ocr_par' dir='ltr' id='par_1_20' title="bbox 2198 689 3842 774">
     <span class='ocr_line' id='line_1_20' title="bbox 2198 689 3842 774; baseline 0.004 -27"><span class='ocrx_word' id='word_1_101' title='bbox 2198 689 2310 747; x_wconf 92' lang='grc' dir='ltr'>λων</span> <span class='ocrx_word' id='word_1_102' title='bbox 2347 690 2606 768; x_wconf 85' lang='grc' dir='ltr'>Ἀνδρέου</span> <span class='ocrx_word' id='word_1_103' title='bbox 2627 692 2717 748; x_wconf 83' lang='grc' dir='ltr'>καὶ</span> <span class='ocrx_word' id='word_1_104' title='bbox 2774 695 3001 770; x_wconf 71' lang='grc' dir='ltr'>Πέτρου,</span> <span class='ocrx_word' id='word_1_105' title='bbox 3058 695 3132 756; x_wconf 85' lang='grc' dir='ltr'>ὡς</span> <span class='ocrx_word' id='word_1_106' title='bbox 3197 695 3476 772; x_wconf 78' lang='grc' dir='ltr'>γινώσκων</span> <span class='ocrx_word' id='word_1_107' title='bbox 3538 696 3620 752; x_wconf 78' lang='grc' dir='ltr'>ὅτι</span> <span class='ocrx_word' id='word_1_108' title='bbox 3673 719 3842 774; x_wconf 88' lang='grc' dir='ltr'>προσ-</span> 
     </span>
    </p>
   </div>
   <div class='ocr_carea' id='block_1_21' title="bbox 2198 778 3844 864">
    <p class='ocr_par' dir='ltr' id='par_1_21' title="bbox 2198 778 3844 864">
     <span class='ocr_line' id='line_1_21' title="bbox 2198 778 3844 864; baseline 0.006 -30"><span class='ocrx_word' id='word_1_109' title='bbox 2198 778 2416 856; x_wconf 75' lang='grc' dir='ltr'>δέχεται</span> <span class='ocrx_word' id='word_1_110' title='bbox 2447 783 2547 851; x_wconf 76' lang='grc' dir='ltr'>τήν</span> <span class='ocrx_word' id='word_1_111' title='bbox 2597 782 2895 859; x_wconf 81' lang='grc' dir='ltr'>παρουσίαν</span> <span class='ocrx_word' id='word_1_112' title='bbox 2948 787 3045 838; x_wconf 84' lang='grc' dir='ltr'>τοῦ</span> <span class='ocrx_word' id='word_1_113' title='bbox 3094 786 3356 858; x_wconf 85' lang='grc' dir='ltr'>Χριστοῦ,</span> <span class='ocrx_word' id='word_1_114' title='bbox 3417 785 3552 858; x_wconf 85' lang='grc' dir='ltr'>μετᾶ</span> <span class='ocrx_word' id='word_1_115' title='bbox 3607 807 3844 864; x_wconf 84' lang='grc' dir='ltr'>περιχα-</span> 
     </span>
    </p>
   </div>
   <div class='ocr_carea' id='block_1_22' title="bbox 2195 871 3850 950">
    <p class='ocr_par' dir='ltr' id='par_1_22' title="bbox 2195 871 3850 950">
     <span class='ocr_line' id='line_1_22' title="bbox 2195 871 3850 950; baseline 0.004 -26"><span class='ocrx_word' id='word_1_116' title='bbox 2195 871 2343 944; x_wconf 87' lang='grc' dir='ltr'>ρείας</span> <span class='ocrx_word' id='word_1_117' title='bbox 2375 873 2526 926; x_wconf 82' lang='grc' dir='ltr'>εἴπεν</span> <span class='ocrx_word' id='word_1_118' title='bbox 2553 871 2723 944; x_wconf 80' lang='grc' dir='ltr'>αὐτῷ·</span> <span class='ocrx_word' id='word_1_119' title='bbox 2756 873 2824 927; x_wconf 85' lang='grc' dir='ltr'><strong>Ὦ</strong></span> <span class='ocrx_word' id='word_1_120' title='bbox 2880 871 3202 943; x_wconf 74' lang='grc' dir='ltr'>Ναθαναήλ,</span> <span class='ocrx_word' id='word_1_121' title='bbox 3261 872 3318 928; x_wconf 69' lang='grc' dir='ltr'>ὅν</span> <span class='ocrx_word' id='word_1_122' title='bbox 3381 871 3579 950; x_wconf 76' lang='grc' dir='ltr'>ἔγραψε</span> <span class='ocrx_word' id='word_1_123' title='bbox 3632 877 3850 948; x_wconf 83' lang='grc' dir='ltr'>Μωσῆς</span> 
     </span>
    </p>
   </div>
   <div class='ocr_carea' id='block_1_23' title="bbox 2191 958 3842 1040">
    <p class='ocr_par' dir='ltr' id='par_1_23' title="bbox 2191 958 3842 1040">
     <span class='ocr_line' id='line_1_23' title="bbox 2191 958 3842 1040; baseline 0.005 -26"><span class='ocrx_word' id='word_1_124' title='bbox 2191 958 2242 1014; x_wconf 80' lang='grc' dir='ltr'>ἐν</span> <span class='ocrx_word' id='word_1_125' title='bbox 2293 965 2374 1033; x_wconf 81' lang='grc' dir='ltr'>τῷ</span> <span class='ocrx_word' id='word_1_126' title='bbox 2403 962 2576 1036; x_wconf 83' lang='grc' dir='ltr'>νόμῳ,</span> <span class='ocrx_word' id='word_1_127' title='bbox 2635 961 2724 1017; x_wconf 81' lang='grc' dir='ltr'>καὶ</span> <span class='ocrx_word' id='word_1_128' title='bbox 2783 961 2834 1016; x_wconf 79' lang='grc' dir='ltr'>οἶ</span> <span class='ocrx_word' id='word_1_129' title='bbox 2896 967 3200 1040; x_wconf 77' lang='grc' dir='ltr'>προφῆται,</span> <span class='ocrx_word' id='word_1_130' title='bbox 3260 963 3565 1039; x_wconf 71' lang='grc' dir='ltr'>εὑρήκαμεν</span> <span class='ocrx_word' id='word_1_131' title='bbox 3633 966 3842 1037; x_wconf 79' lang='grc' dir='ltr'>Ἰησοῦν</span> 
     </span>
    </p>
   </div>
   <div class='ocr_carea' id='block_1_24' title="bbox 2187 1046 3838 1126">
    <p class='ocr_par' dir='ltr' id='par_1_24' title="bbox 2187 1046 3838 1126">
     <span class='ocr_line' id='line_1_24' title="bbox 2187 1046 3838 1126; baseline 0.006 -26"><span class='ocrx_word' id='word_1_132' title='bbox 2187 1046 2279 1101; x_wconf 85' lang='grc' dir='ltr'>τὸν</span> <span class='ocrx_word' id='word_1_133' title='bbox 2329 1047 2445 1104; x_wconf 79' lang='grc' dir='ltr'>υἱὸν</span> <span class='ocrx_word' id='word_1_134' title='bbox 2503 1050 2710 1126; x_wconf 78' lang='grc' dir='ltr'>Ἰωσήφ</span> <span class='ocrx_word' id='word_1_135' title='bbox 2765 1050 2857 1106; x_wconf 87' lang='grc' dir='ltr'>τὸν</span> <span class='ocrx_word' id='word_1_136' title='bbox 2918 1049 3024 1105; x_wconf 82' lang='grc' dir='ltr'>ἀπὸ</span> <span class='ocrx_word' id='word_1_137' title='bbox 3081 1051 3345 1126; x_wconf 77' lang='grc' dir='ltr'>Ναξαρὲτ.</span> <span class='ocrx_word' id='word_1_138' title='bbox 3401 1051 3683 1108; x_wconf 85' lang='grc' dir='ltr'>Ἀπελθὼν</span> <span class='ocrx_word' id='word_1_139' title='bbox 3744 1051 3838 1110; x_wconf 78' lang='grc' dir='ltr'>οὖν</span> 
     </span>
    </p>
   </div>
   <div class='ocr_carea' id='block_1_25' title="bbox 2187 1134 3840 1212">
    <p class='ocr_par' dir='ltr' id='par_1_25' title="bbox 2187 1134 3840 1212">
     <span class='ocr_line' id='line_1_25' title="bbox 2187 1134 3840 1212; baseline 0.004 -22"><span class='ocrx_word' id='word_1_140' title='bbox 2187 1135 2277 1190; x_wconf 86' lang='grc' dir='ltr'>καὶ</span> <span class='ocrx_word' id='word_1_141' title='bbox 2309 1134 2440 1191; x_wconf 72' lang='grc' dir='ltr'>ἱδὼν</span> <span class='ocrx_word' id='word_1_142' title='bbox 2484 1138 2576 1192; x_wconf 89' lang='grc' dir='ltr'>τὸν</span> <span class='ocrx_word' id='word_1_143' title='bbox 2636 1140 2887 1212; x_wconf 80' lang='grc' dir='ltr'>Χριστὸν,</span> <span class='ocrx_word' id='word_1_144' title='bbox 2943 1141 3036 1194; x_wconf 80' lang='grc' dir='ltr'>καὶ</span> <span class='ocrx_word' id='word_1_145' title='bbox 3074 1139 3364 1201; x_wconf 75' lang='grc' dir='ltr'>πιστεύσας</span> <span class='ocrx_word' id='word_1_146' title='bbox 3394 1139 3562 1212; x_wconf 72' lang='grc' dir='ltr'>αὐτῷ,</span> <span class='ocrx_word' id='word_1_147' title='bbox 3593 1140 3840 1212; x_wconf 79' lang='grc' dir='ltr'>ἠκολού-</span> 
     </span>
    </p>
   </div>
   <div class='ocr_carea' id='block_1_26' title="bbox 2188 1225 3836 1305">
    <p class='ocr_par' dir='ltr' id='par_1_26' title="bbox 2188 1225 3836 1305">
     <span class='ocr_line' id='line_1_26' title="bbox 2188 1225 3836 1305; baseline 0.004 -26"><span class='ocrx_word' id='word_1_148' title='bbox 2188 1235 2266 1288; x_wconf 90' lang='grc' dir='ltr'>θει</span> <span class='ocrx_word' id='word_1_149' title='bbox 2307 1225 2480 1298; x_wconf 82' lang='grc' dir='ltr'>αὐτῷ.</span> <span class='ocrx_word' id='word_1_150' title='bbox 2513 1226 2615 1284; x_wconf 83' lang='grc' dir='ltr'>Καὶ</span> <span class='ocrx_word' id='word_1_151' title='bbox 2650 1228 2785 1300; x_wconf 83' lang='grc' dir='ltr'>μετὰ</span> <span class='ocrx_word' id='word_1_152' title='bbox 2812 1228 2874 1283; x_wconf 86' lang='grc' dir='ltr'>τὸ</span> <span class='ocrx_word' id='word_1_153' title='bbox 2890 1229 3063 1292; x_wconf 91' lang='grc' dir='ltr'>πάθος</span> <span class='ocrx_word' id='word_1_154' title='bbox 3091 1227 3256 1284; x_wconf 84' lang='grc' dir='ltr'>αὐτοῦ</span> <span class='ocrx_word' id='word_1_155' title='bbox 3286 1227 3376 1283; x_wconf 85' lang='grc' dir='ltr'>καὶ</span> <span class='ocrx_word' id='word_1_156' title='bbox 3406 1229 3506 1298; x_wconf 81' lang='grc' dir='ltr'>τήν</span> <span class='ocrx_word' id='word_1_157' title='bbox 3533 1228 3836 1305; x_wconf 79' lang='grc' dir='ltr'>ἀνάληψιν,</span> 
     </span>
    </p>
   </div>
   <div class='ocr_carea' id='block_1_27' title="bbox 2184 1315 3601 1395">
    <p class='ocr_par' dir='ltr' id='par_1_27' title="bbox 2184 1315 3601 1395">
     <span class='ocr_line' id='line_1_27' title="bbox 2184 1315 3601 1395; baseline 0.005 -25"><span class='ocrx_word' id='word_1_158' title='bbox 2184 1315 2472 1390; x_wconf 80' lang='grc' dir='ltr'>κηρύττων</span> <span class='ocrx_word' id='word_1_159' title='bbox 2497 1315 2659 1374; x_wconf 80' lang='grc' dir='ltr'>αὐτὸν</span> <span class='ocrx_word' id='word_1_160' title='bbox 2691 1317 2764 1380; x_wconf 86' lang='grc' dir='ltr'>ὡς</span> <span class='ocrx_word' id='word_1_161' title='bbox 2797 1317 2949 1387; x_wconf 81' lang='grc' dir='ltr'>Θεὸν,</span> <span class='ocrx_word' id='word_1_162' title='bbox 2978 1317 3031 1372; x_wconf 80' lang='grc' dir='ltr'>ἐν</span> <span class='ocrx_word' id='word_1_163' title='bbox 3059 1319 3252 1395; x_wconf 74' lang='grc' dir='ltr'>εἱρήνῃ</span> <span class='ocrx_word' id='word_1_164' title='bbox 3283 1316 3601 1390; x_wconf 78' lang='grc' dir='ltr'>ἐτελειώθη.</span> 
     </span>
    </p>
   </div>
   <div class='ocr_carea' id='block_1_28' title="bbox 2738 1427 3276 1504">
    <p class='ocr_par' dir='ltr' id='par_1_28' title="bbox 2738 1427 3276 1504">
     <span class='ocr_line' id='line_1_28' title="bbox 2738 1427 3276 1504; baseline -0.002 -21"><span class='ocrx_word' id='word_1_165' title='bbox 2738 1427 2918 1483; x_wconf 84' lang='lat' dir='ltr'>MHNI</span> <span class='ocrx_word' id='word_1_166' title='bbox 2957 1429 3044 1504; x_wconf 69' lang='lat' dir='ltr'><strong>T9</strong></span> <span class='ocrx_word' id='word_1_167' title='bbox 3079 1429 3276 1501; x_wconf 70' lang='lat' dir='ltr'>Arro.</span> 
     </span>
    </p>
   </div>
   <div class='ocr_carea' id='block_1_29' title="bbox 2256 1516 3757 1681">
    <p class='ocr_par' dir='ltr' id='par_1_29' title="bbox 2256 1516 3757 1681">
     <span class='ocr_line' id='line_1_29' title="bbox 2256 1516 3757 1681; baseline 0.001 -21"><span class='ocrx_word' id='word_1_168' title='bbox 2256 1603 2528 1672; x_wconf 80' lang='grc' dir='ltr'>’Δθλησις</span> <span class='ocrx_word' id='word_1_169' title='bbox 2563 1607 2661 1658; x_wconf 90' lang='grc' dir='ltr'>τοῦ</span> <span class='ocrx_word' id='word_1_170' title='bbox 2717 1601 2876 1678; x_wconf 80' lang='grc' dir='ltr'>ἁγίου</span> <span class='ocrx_word' id='word_1_171' title='bbox 2937 1516 3430 1679; x_wconf 43' lang='grc' dir='ltr'>ἔξαλομάρτυρος</span> <span class='ocrx_word' id='word_1_172' title='bbox 3460 1605 3757 1681; x_wconf 87' lang='grc' dir='ltr'>Γεωργίου.</span> 
     </span>
    </p>
   </div>
   <div class='ocr_carea' id='block_1_30' title="bbox 2258 1706 3834 1786">
    <p class='ocr_par' dir='ltr' id='par_1_30' title="bbox 2258 1706 3834 1786">
     <span class='ocr_line' id='line_1_30' title="bbox 2258 1706 3834 1786; baseline 0.001 -23"><span class='ocrx_word' id='word_1_173' title='bbox 2258 1709 2535 1783; x_wconf 86' lang='grc' dir='ltr'>Γεώργιος</span> <span class='ocrx_word' id='word_1_174' title='bbox 2597 1711 2626 1764; x_wconf 88' lang='lat'>6</span> <span class='ocrx_word' id='word_1_175' title='bbox 2696 1713 2792 1764; x_wconf 85' lang='grc' dir='ltr'>τοῦ</span> <span class='ocrx_word' id='word_1_176' title='bbox 2846 1711 3080 1783; x_wconf 79' lang='grc' dir='ltr'>Χριστοῦ</span> <span class='ocrx_word' id='word_1_177' title='bbox 3141 1706 3368 1782; x_wconf 81' lang='grc' dir='ltr'>μᾶρτυς,</span> <span class='ocrx_word' id='word_1_178' title='bbox 3423 1710 3642 1786; x_wconf 75' lang='grc' dir='ltr'>ὑπῆρχε</span> <span class='ocrx_word' id='word_1_179' title='bbox 3731 1711 3834 1783; x_wconf 77' lang='grc' dir='ltr'>μὶν</span> 
     </span>
    </p>
   </div>
   <div class='ocr_carea' id='block_1_31' title="bbox 429 1797 2066 1875">
    <p class='ocr_par' dir='ltr' id='par_1_31' title="bbox 429 1801 2066 1875">
     <span class='ocr_line' id='line_1_31' title="bbox 429 1801 2066 1875; baseline 0.001 -18"><span class='ocrx_word' id='word_1_180' title='bbox 429 1803 593 1857; x_wconf 88' lang='lat' dir='ltr'>tiano</span> <span class='ocrx_word' id='word_1_181' title='bbox 626 1819 695 1857; x_wconf 87' lang='lat' dir='ltr'>ex</span> <span class='ocrx_word' id='word_1_182' title='bbox 737 1802 973 1875; x_wconf 79' lang='lat' dir='ltr'>regione</span> <span class='ocrx_word' id='word_1_183' title='bbox 1005 1801 1410 1873; x_wconf 71' lang='lat' dir='ltr'>Cappadociaa,</span> <span class='ocrx_word' id='word_1_184' title='bbox 1442 1801 1661 1856; x_wconf 84' lang='lat' dir='ltr'>illustri</span> <span class='ocrx_word' id='word_1_185' title='bbox 1709 1818 1947 1873; x_wconf 87' lang='lat' dir='ltr'>genere,</span> <span class='ocrx_word' id='word_1_186' title='bbox 2008 1819 2066 1858; x_wconf 89' lang='lat' dir='ltr'>ac</span> 
     </span>
    </p>
   </div>
   <div class='ocr_carea' id='block_1_32' title="bbox 2184 1797 3841 1875">
    <p class='ocr_par' dir='ltr' id='par_1_32' title="bbox 2184 1797 3841 1874">
     <span class='ocr_line' id='line_1_32' title="bbox 2184 1797 3841 1874; baseline 0.001 -21"><span class='ocrx_word' id='word_1_187' title='bbox 2184 1797 2275 1853; x_wconf 75' lang='grc' dir='ltr'>ἐπὶ</span> <span class='ocrx_word' id='word_1_188' title='bbox 2307 1797 2698 1868; x_wconf 85' lang='grc' dir='ltr'>Διοκλητιανοῦ</span> <span class='ocrx_word' id='word_1_189' title='bbox 2755 1803 2852 1853; x_wconf 88' lang='grc' dir='ltr'>τοῦ</span> <span class='ocrx_word' id='word_1_190' title='bbox 2906 1797 3195 1871; x_wconf 65' lang='grc' dir='ltr'>βασιλέως,</span> <span class='ocrx_word' id='word_1_191' title='bbox 3256 1797 3315 1853; x_wconf 74' lang='grc' dir='ltr'>ἐκ</span> <span class='ocrx_word' id='word_1_192' title='bbox 3363 1805 3464 1867; x_wconf 85' lang='grc' dir='ltr'>τῆς</span> <span class='ocrx_word' id='word_1_193' title='bbox 3524 1799 3714 1874; x_wconf 78' lang='grc' dir='ltr'>χώρας</span> <span class='ocrx_word' id='word_1_194' title='bbox 3777 1797 3841 1856; x_wconf 69' lang='grc' dir='ltr'>δὶ</span> 
     </span>
    </p>
   </div>
   <div class='ocr_carea' id='block_1_33' title="bbox 428 1881 2066 1963">
    <p class='ocr_par' dir='ltr' id='par_1_33' title="bbox 428 1891 2066 1963">
     <span class='ocr_line' id='line_1_33' title="bbox 428 1891 2066 1963; baseline 0 -17"><span class='ocrx_word' id='word_1_195' title='bbox 428 1891 713 1963; x_wconf 71' lang='lat' dir='ltr'>dignitate</span> <span class='ocrx_word' id='word_1_196' title='bbox 760 1905 978 1944; x_wconf 91' lang='lat' dir='ltr'>comes.</span> <span class='ocrx_word' id='word_1_197' title='bbox 1034 1891 1453 1945; x_wconf 87' lang='lat' dir='ltr'>Persecutione</span> <span class='ocrx_word' id='word_1_198' title='bbox 1525 1897 1724 1946; x_wconf 89' lang='lat' dir='ltr'>autem</span> <span class='ocrx_word' id='word_1_199' title='bbox 1793 1891 2066 1946; x_wconf 77' lang='lat' dir='ltr'>adversus</span> 
     </span>
    </p>
   </div>
   <div class='ocr_carea' id='block_1_34' title="bbox 2184 1881 3839 1963">
    <p class='ocr_par' dir='ltr' id='par_1_34' title="bbox 2192 1881 3839 1960">
     <span class='ocr_line' id='line_1_34' title="bbox 2192 1881 3839 1960; baseline 0 -20"><span class='ocrx_word' id='word_1_200' title='bbox 2192 1883 2611 1951; x_wconf 79' lang='grc' dir='ltr'>Καππαδοκίας,</span> <span class='ocrx_word' id='word_1_201' title='bbox 2669 1881 2859 1960; x_wconf 72' lang='grc' dir='ltr'>γένους</span> <span class='ocrx_word' id='word_1_202' title='bbox 2936 1883 3174 1957; x_wconf 68' lang='grc' dir='ltr'>ἐνδόξου,</span> <span class='ocrx_word' id='word_1_203' title='bbox 3231 1886 3412 1956; x_wconf 64' lang='grc' dir='ltr'>κότὶης</span> <span class='ocrx_word' id='word_1_204' title='bbox 3487 1888 3587 1956; x_wconf 80' lang='grc' dir='ltr'>τὴν</span> <span class='ocrx_word' id='word_1_205' title='bbox 3663 1886 3839 1958; x_wconf 78' lang='grc' dir='ltr'>ἀξίαν.</span> 
     </span>
    </p>
   </div>
   <div class='ocr_carea' id='block_1_35' title="bbox 432 1969 2066 2052">
    <p class='ocr_par' dir='ltr' id='par_1_35' title="bbox 432 1978 2066 2052">
     <span class='ocr_line' id='line_1_35' title="bbox 432 1978 2066 2052; baseline -0.001 -17"><span class='ocrx_word' id='word_1_206' title='bbox 432 1979 800 2035; x_wconf 88' lang='lat' dir='ltr'>Christianos</span> <span class='ocrx_word' id='word_1_207' title='bbox 815 1978 1229 2048; x_wconf 82' lang='lat' dir='ltr'>excitata,cum</span> <span class='ocrx_word' id='word_1_208' title='bbox 1261 1978 1348 2032; x_wconf 89' lang='lat' dir='ltr'>illi</span> <span class='ocrx_word' id='word_1_209' title='bbox 1365 1979 1573 2034; x_wconf 89' lang='lat' dir='ltr'>diebus</span> <span class='ocrx_word' id='word_1_210' title='bbox 1593 1979 1841 2052; x_wconf 83' lang='lat' dir='ltr'>singulis</span> <span class='ocrx_word' id='word_1_211' title='bbox 1861 1986 2066 2034; x_wconf 90' lang='lat' dir='ltr'>macta-</span> 
     </span>
    </p>
   </div>
   <div class='ocr_carea' id='block_1_36' title="bbox 2184 1969 3843 2052">
    <p class='ocr_par' dir='ltr' id='par_1_36' title="bbox 2191 1969 3843 2050">
     <span class='ocr_line' id='line_1_36' title="bbox 2191 1969 3843 2050; baseline 0.001 -20"><span class='ocrx_word' id='word_1_212' title='bbox 2191 1978 2450 2050; x_wconf 90' lang='grc' dir='ltr'>Διωγμοῦ</span> <span class='ocrx_word' id='word_1_213' title='bbox 2483 1972 2540 2030; x_wconf 73' lang='grc' dir='ltr'>δὲ</span> <span class='ocrx_word' id='word_1_214' title='bbox 2570 1969 2748 2044; x_wconf 69' lang='grc' dir='ltr'>ὄντος,</span> <span class='ocrx_word' id='word_1_215' title='bbox 2780 1973 2870 2029; x_wconf 87' lang='grc' dir='ltr'>καὶ</span> <span class='ocrx_word' id='word_1_216' title='bbox 2923 1978 3034 2029; x_wconf 82' lang='grc' dir='ltr'>τῶν</span> <span class='ocrx_word' id='word_1_217' title='bbox 3088 1976 3425 2048; x_wconf 79' lang='grc' dir='ltr'>Χριστιανῶν</span> <span class='ocrx_word' id='word_1_218' title='bbox 3457 1977 3578 2039; x_wconf 88' lang='grc' dir='ltr'>καθ’</span> <span class='ocrx_word' id='word_1_219' title='bbox 3605 1974 3843 2047; x_wconf 78' lang='grc' dir='ltr'>ἑκάστην</span> 
     </span>
    </p>
   </div>
   <div class='ocr_carea' id='block_1_37' title="bbox 427 2067 2088 2139">
    <p class='ocr_par' dir='ltr' id='par_1_37' title="bbox 427 2067 2088 2139">
     <span class='ocr_line' id='line_1_37' title="bbox 427 2067 2088 2139; baseline 0.001 -17"><span class='ocrx_word' id='word_1_220' title='bbox 427 2067 793 2138; x_wconf 90' lang='lat' dir='ltr'>rentur,ipse</span> <span class='ocrx_word' id='word_1_221' title='bbox 811 2083 1009 2121; x_wconf 89' lang='lat' dir='ltr'>coram</span> <span class='ocrx_word' id='word_1_222' title='bbox 1035 2072 1286 2138; x_wconf 85' lang='lat' dir='ltr'>tyranno</span> <span class='ocrx_word' id='word_1_223' title='bbox 1312 2067 1607 2139; x_wconf 89' lang='lat' dir='ltr'>intrepide</span> <span class='ocrx_word' id='word_1_224' title='bbox 1633 2084 1695 2123; x_wconf 92' lang='lat' dir='ltr'>se</span> <span class='ocrx_word' id='word_1_225' title='bbox 1713 2068 2088 2135; x_wconf 86' lang='lat' dir='ltr'>sistens,eum</span> 
     </span>
    </p>
   </div>
   <div class='ocr_carea' id='block_1_38' title="bbox 427 2158 2083 2231">
    <p class='ocr_par' dir='ltr' id='par_1_38' title="bbox 427 2158 2083 2231">
     <span class='ocr_line' id='line_1_38' title="bbox 427 2158 2083 2231; baseline 0.001 -18"><span class='ocrx_word' id='word_1_226' title='bbox 427 2159 746 2231; x_wconf 81' lang='lat' dir='ltr'>redarguit.</span> <span class='ocrx_word' id='word_1_227' title='bbox 810 2158 1034 2213; x_wconf 91' lang='lat' dir='ltr'>Idcirco</span> <span class='ocrx_word' id='word_1_228' title='bbox 1067 2158 1268 2213; x_wconf 87' lang='lat' dir='ltr'>hastili</span> <span class='ocrx_word' id='word_1_229' title='bbox 1301 2159 1363 2213; x_wconf 92' lang='lat' dir='ltr'>in</span> <span class='ocrx_word' id='word_1_230' title='bbox 1422 2165 1622 2214; x_wconf 88' lang='lat' dir='ltr'>ventre</span> <span class='ocrx_word' id='word_1_231' title='bbox 1654 2176 1991 2230; x_wconf 90' lang='lat' dir='ltr'>percussus,</span> <span class='ocrx_word' id='word_1_232' title='bbox 2025 2164 2083 2214; x_wconf 91' lang='lat' dir='ltr'>et</span> 
     </span>
    </p>
   </div>
   <div class='ocr_carea' id='block_1_39' title="bbox 424 2247 2081 2318">
    <p class='ocr_par' dir='ltr' id='par_1_39' title="bbox 424 2247 2081 2318">
     <span class='ocr_line' id='line_1_39' title="bbox 424 2247 2081 2318; baseline 0.001 -17"><span class='ocrx_word' id='word_1_233' title='bbox 424 2253 569 2302; x_wconf 77' lang='lat' dir='ltr'>rotaa</span> <span class='ocrx_word' id='word_1_234' title='bbox 592 2247 781 2302; x_wconf 89' lang='lat' dir='ltr'>acutis</span> <span class='ocrx_word' id='word_1_235' title='bbox 799 2247 1062 2316; x_wconf 86' lang='lat' dir='ltr'>undique</span> <span class='ocrx_word' id='word_1_236' title='bbox 1086 2247 1294 2301; x_wconf 88' lang='lat' dir='ltr'>ferreis</span> <span class='ocrx_word' id='word_1_237' title='bbox 1310 2247 1718 2318; x_wconf 67' lang='lat' dir='ltr'>circumseptaa</span> <span class='ocrx_word' id='word_1_238' title='bbox 1736 2247 2081 2318; x_wconf 81' lang='lat' dir='ltr'>cuspidibus</span> 
     </span>
    </p>
   </div>
   <div class='ocr_carea' id='block_1_40' title="bbox 427 2334 2080 2409">
    <p class='ocr_par' dir='ltr' id='par_1_40' title="bbox 427 2334 2080 2409">
     <span class='ocr_line' id='line_1_40' title="bbox 427 2334 2080 2409; baseline 0.001 -18"><span class='ocrx_word' id='word_1_239' title='bbox 427 2335 728 2409; x_wconf 87' lang='lat' dir='ltr'>alligatus,</span> <span class='ocrx_word' id='word_1_240' title='bbox 759 2351 1014 2407; x_wconf 90' lang='lat' dir='ltr'>superne</span> <span class='ocrx_word' id='word_1_241' title='bbox 1047 2334 1351 2389; x_wconf 81' lang='lat' dir='ltr'>exsolutus</span> <span class='ocrx_word' id='word_1_242' title='bbox 1382 2336 1513 2390; x_wconf 92' lang='lat' dir='ltr'>fuit.</span> <span class='ocrx_word' id='word_1_243' title='bbox 1562 2337 1784 2391; x_wconf 90' lang='lat' dir='ltr'>Deinde</span> <span class='ocrx_word' id='word_1_244' title='bbox 1809 2337 1868 2391; x_wconf 92' lang='lat' dir='ltr'>in</span> <span class='ocrx_word' id='word_1_245' title='bbox 1890 2336 2080 2392; x_wconf 87' lang='lat' dir='ltr'>frusta</span> 
     </span>
    </p>
   </div>
   <div class='ocr_carea' id='block_1_41' title="bbox 425 2424 2079 2498">
    <p class='ocr_par' dir='ltr' id='par_1_41' title="bbox 425 2424 2079 2498">
     <span class='ocr_line' id='line_1_41' title="bbox 425 2424 2079 2498; baseline 0 -19"><span class='ocrx_word' id='word_1_246' title='bbox 425 2425 964 2490; x_wconf 88' lang='lat' dir='ltr'>dissectus,iterum</span> <span class='ocrx_word' id='word_1_247' title='bbox 998 2424 1317 2478; x_wconf 90' lang='lat' dir='ltr'>incolumis</span> <span class='ocrx_word' id='word_1_248' title='bbox 1341 2424 1550 2478; x_wconf 85' lang='lat' dir='ltr'>evasit:</span> <span class='ocrx_word' id='word_1_249' title='bbox 1577 2431 1753 2495; x_wconf 91' lang='lat' dir='ltr'>atque</span> <span class='ocrx_word' id='word_1_250' title='bbox 1777 2425 2079 2498; x_wconf 88' lang='lat' dir='ltr'>insperato</span> 
     </span>
    </p>
   </div>
   <div class='ocr_carea' id='block_1_42' title="bbox 428 2514 2076 2586">
    <p class='ocr_par' dir='ltr' id='par_1_42' title="bbox 428 2514 2076 2586">
     <span class='ocr_line' id='line_1_42' title="bbox 428 2514 2076 2586; baseline 0.002 -18"><span class='ocrx_word' id='word_1_251' title='bbox 428 2515 852 2586; x_wconf 87' lang='lat' dir='ltr'>imperatorem</span> <span class='ocrx_word' id='word_1_252' title='bbox 886 2515 1270 2579; x_wconf 89' lang='lat' dir='ltr'>conveniens,</span> <span class='ocrx_word' id='word_1_253' title='bbox 1302 2514 1524 2570; x_wconf 90' lang='lat' dir='ltr'>multos</span> <span class='ocrx_word' id='word_1_254' title='bbox 1555 2515 1629 2570; x_wconf 91' lang='lat' dir='ltr'>ad</span> <span class='ocrx_word' id='word_1_255' title='bbox 1659 2515 1874 2570; x_wconf 87' lang='lat' dir='ltr'>Christi</span> <span class='ocrx_word' id='word_1_256' title='bbox 1898 2517 2076 2572; x_wconf 81' lang='lat' dir='ltr'>[idem</span> 
     </span>
    </p>
   </div>
   <div class='ocr_carea' id='block_1_43' title="bbox 427 2602 2076 2676">
    <p class='ocr_par' dir='ltr' id='par_1_43' title="bbox 427 2602 2076 2676">
     <span class='ocr_line' id='line_1_43' title="bbox 427 2602 2076 2676; baseline 0 -16"><span class='ocrx_word' id='word_1_257' title='bbox 427 2603 904 2676; x_wconf 87' lang='lat' dir='ltr'>amplectendam</span> <span class='ocrx_word' id='word_1_258' title='bbox 946 2602 1200 2658; x_wconf 79' lang='lat' dir='ltr'>induxit.</span> <span class='ocrx_word' id='word_1_259' title='bbox 1234 2603 1500 2658; x_wconf 74' lang='lat' dir='ltr'>Posthmc</span> <span class='ocrx_word' id='word_1_260' title='bbox 1540 2603 1714 2659; x_wconf 89' lang='lat' dir='ltr'>variis</span> <span class='ocrx_word' id='word_1_261' title='bbox 1766 2606 2076 2660; x_wconf 88' lang='lat' dir='ltr'>tormentis</span> 
     </span>
    </p>
   </div>
   <div class='ocr_carea' id='block_1_44' title="bbox 424 2691 2072 2766">
    <p class='ocr_par' dir='ltr' id='par_1_44' title="bbox 424 2691 2072 2766">
     <span class='ocr_line' id='line_1_44' title="bbox 424 2691 2072 2766; baseline 0.002 -19"><span class='ocrx_word' id='word_1_262' title='bbox 424 2694 643 2749; x_wconf 88' lang='lat' dir='ltr'>iterum</span> <span class='ocrx_word' id='word_1_263' title='bbox 677 2693 1066 2759; x_wconf 82' lang='lat' dir='ltr'>excruciatus,</span> <span class='ocrx_word' id='word_1_264' title='bbox 1092 2692 1424 2764; x_wconf 83' lang='lat' dir='ltr'>Magnentio</span> <span class='ocrx_word' id='word_1_265' title='bbox 1450 2691 1682 2766; x_wconf 89' lang='lat' dir='ltr'>signum</span> <span class='ocrx_word' id='word_1_266' title='bbox 1715 2693 1956 2765; x_wconf 88' lang='lat' dir='ltr'>aliquod</span> <span class='ocrx_word' id='word_1_267' title='bbox 1976 2712 2072 2750; x_wconf 84' lang='lat' dir='ltr'>ex-</span> 
     </span>
    </p>
   </div>
   <div class='ocr_carea' id='block_1_45' title="bbox 421 2779 2074 2854">
    <p class='ocr_par' dir='ltr' id='par_1_45' title="bbox 421 2779 2074 2854">
     <span class='ocr_line' id='line_1_45' title="bbox 421 2779 2074 2854; baseline 0.001 -16"><span class='ocrx_word' id='word_1_268' title='bbox 421 2788 727 2854; x_wconf 87' lang='lat' dir='ltr'>poscente,</span> <span class='ocrx_word' id='word_1_269' title='bbox 762 2782 951 2836; x_wconf 90' lang='lat' dir='ltr'>virum</span> <span class='ocrx_word' id='word_1_270' title='bbox 975 2779 1315 2852; x_wconf 88' lang='lat' dir='ltr'>quemdam,</span> <span class='ocrx_word' id='word_1_271' title='bbox 1349 2782 1450 2852; x_wconf 91' lang='lat' dir='ltr'>qui</span> <span class='ocrx_word' id='word_1_272' title='bbox 1483 2781 1654 2854; x_wconf 89' lang='lat' dir='ltr'>longe</span> <span class='ocrx_word' id='word_1_273' title='bbox 1696 2789 1872 2840; x_wconf 85' lang='lat' dir='ltr'>antea</span> <span class='ocrx_word' id='word_1_274' title='bbox 1901 2801 2074 2840; x_wconf 90' lang='lat' dir='ltr'>mor-</span> 
     </span>
    </p>
   </div>
   <div class='ocr_carea' id='block_1_46' title="bbox 419 2869 2072 2939">
    <p class='ocr_par' dir='ltr' id='par_1_46' title="bbox 419 2869 2072 2939">
     <span class='ocr_line' id='line_1_46' title="bbox 419 2869 2072 2939; baseline 0.001 -13"><span class='ocrx_word' id='word_1_275' title='bbox 419 2875 559 2926; x_wconf 88' lang='lat' dir='ltr'>tuus</span> <span class='ocrx_word' id='word_1_276' title='bbox 615 2871 829 2939; x_wconf 85' lang='lat' dir='ltr'>fuerat,</span> <span class='ocrx_word' id='word_1_277' title='bbox 881 2869 955 2925; x_wconf 92' lang='lat' dir='ltr'>ad</span> <span class='ocrx_word' id='word_1_278' title='bbox 1003 2869 1180 2925; x_wconf 90' lang='lat' dir='ltr'>vitam</span> <span class='ocrx_word' id='word_1_279' title='bbox 1230 2871 1536 2926; x_wconf 83' lang='lat' dir='ltr'>revocavit.</span> <span class='ocrx_word' id='word_1_280' title='bbox 1599 2869 1768 2927; x_wconf 89' lang='lat' dir='ltr'>Unde</span> <span class='ocrx_word' id='word_1_281' title='bbox 1791 2872 2072 2928; x_wconf 90' lang='lat' dir='ltr'>similiter</span> 
     </span>
    </p>
   </div>
   <div class='ocr_carea' id='block_1_47' title="bbox 415 2958 2070 3032">
    <p class='ocr_par' dir='ltr' id='par_1_47' title="bbox 415 2958 2070 3032">
     <span class='ocr_line' id='line_1_47' title="bbox 415 2958 2070 3032; baseline 0.002 -19"><span class='ocrx_word' id='word_1_282' title='bbox 415 2960 620 3031; x_wconf 90' lang='lat' dir='ltr'>plures</span> <span class='ocrx_word' id='word_1_283' title='bbox 643 2960 874 3014; x_wconf 91' lang='lat' dir='ltr'>Christo</span> <span class='ocrx_word' id='word_1_284' title='bbox 919 2975 1138 3014; x_wconf 90' lang='lat' dir='ltr'>nomen</span> <span class='ocrx_word' id='word_1_285' title='bbox 1181 2958 1493 3028; x_wconf 90' lang='lat' dir='ltr'>dederunt,</span> <span class='ocrx_word' id='word_1_286' title='bbox 1551 2961 1708 3016; x_wconf 89' lang='lat' dir='ltr'>inter</span> <span class='ocrx_word' id='word_1_287' title='bbox 1751 2978 1903 3032; x_wconf 90' lang='lat' dir='ltr'>quos</span> <span class='ocrx_word' id='word_1_288' title='bbox 1957 2962 2070 3018; x_wconf 90' lang='lat' dir='ltr'>fuit</span> 
     </span>
    </p>
   </div>
   <div class='ocr_carea' id='block_1_48' title="bbox 2187 2063 3846 2141">
    <p class='ocr_par' dir='ltr' id='par_1_48' title="bbox 2187 2063 3846 2141">
     <span class='ocr_line' id='line_1_48' title="bbox 2187 2063 3846 2141; baseline 0.001 -23"><span class='ocrx_word' id='word_1_289' title='bbox 2187 2064 2399 2140; x_wconf 78' lang='grc' dir='ltr'>ήμὲραν</span> <span class='ocrx_word' id='word_1_290' title='bbox 2490 2064 2892 2141; x_wconf 75' lang='grc' dir='ltr'>φονευομένων,</span> <span class='ocrx_word' id='word_1_291' title='bbox 2959 2063 3120 2126; x_wconf 80' lang='grc' dir='ltr'>αὐτὸς</span> <span class='ocrx_word' id='word_1_292' title='bbox 3197 2063 3405 2125; x_wconf 84' lang='grc' dir='ltr'>σταθεὶς</span> <span class='ocrx_word' id='word_1_293' title='bbox 3463 2063 3692 2118; x_wconf 73' lang='grc' dir='ltr'>ἐνώπιον</span> <span class='ocrx_word' id='word_1_294' title='bbox 3741 2067 3846 2119; x_wconf 89' lang='grc' dir='ltr'>τοῦ</span> 
     </span>
    </p>
   </div>
   <div class='ocr_carea' id='block_1_49' title="bbox 2185 2151 3845 2228">
    <p class='ocr_par' dir='ltr' id='par_1_49' title="bbox 2185 2151 3845 2228">
     <span class='ocr_line' id='line_1_49' title="bbox 2185 2151 3845 2228; baseline 0 -20"><span class='ocrx_word' id='word_1_295' title='bbox 2185 2155 2469 2226; x_wconf 84' lang='grc' dir='ltr'>τυράννου,</span> <span class='ocrx_word' id='word_1_296' title='bbox 2501 2151 2725 2227; x_wconf 77' lang='grc' dir='ltr'>ἤλεγξεν</span> <span class='ocrx_word' id='word_1_297' title='bbox 2760 2152 2941 2208; x_wconf 78' lang='grc' dir='ltr'>αὐτόν.</span> <span class='ocrx_word' id='word_1_298' title='bbox 2975 2154 3074 2208; x_wconf 81' lang='grc' dir='ltr'>Διά</span> <span class='ocrx_word' id='word_1_299' title='bbox 3098 2157 3260 2208; x_wconf 89' lang='grc' dir='ltr'>τοῦτο</span> <span class='ocrx_word' id='word_1_300' title='bbox 3295 2153 3430 2228; x_wconf 79' lang='grc' dir='ltr'>μετὰ</span> <span class='ocrx_word' id='word_1_301' title='bbox 3484 2157 3582 2208; x_wconf 87' lang='grc' dir='ltr'>τοῦ</span> <span class='ocrx_word' id='word_1_302' title='bbox 3638 2173 3845 2208; x_wconf 89' lang='grc' dir='ltr'>κοντα-</span> 
     </span>
    </p>
   </div>
   <div class='ocr_carea' id='block_1_50' title="bbox 2189 2239 3851 2318">
    <p class='ocr_par' dir='ltr' id='par_1_50' title="bbox 2189 2239 3851 2318">
     <span class='ocr_line' id='line_1_50' title="bbox 2189 2239 3851 2318; baseline -0.001 -21"><span class='ocrx_word' id='word_1_303' title='bbox 2189 2242 2305 2318; x_wconf 87' lang='grc' dir='ltr'>ρίου</span> <span class='ocrx_word' id='word_1_304' title='bbox 2333 2242 2433 2311; x_wconf 81' lang='grc' dir='ltr'>τήν</span> <span class='ocrx_word' id='word_1_305' title='bbox 2461 2243 2692 2318; x_wconf 75' lang='grc' dir='ltr'>γαστέρα</span> <span class='ocrx_word' id='word_1_306' title='bbox 2745 2239 3106 2315; x_wconf 73' lang='grc' dir='ltr'>διατέμνεται,</span> <span class='ocrx_word' id='word_1_307' title='bbox 3164 2242 3253 2297; x_wconf 86' lang='grc' dir='ltr'>καὶ</span> <span class='ocrx_word' id='word_1_308' title='bbox 3310 2240 3362 2298; x_wconf 72' lang='grc' dir='ltr'>ἓν</span> <span class='ocrx_word' id='word_1_309' title='bbox 3420 2247 3611 2318; x_wconf 82' lang='grc' dir='ltr'>τροχῷ</span> <span class='ocrx_word' id='word_1_310' title='bbox 3669 2239 3851 2308; x_wconf 74' lang='grc' dir='ltr'>δεθεὶς</span> 
     </span>
    </p>
   </div>
   <div class='ocr_carea' id='block_1_51' title="bbox 2184 2328 3840 2408">
    <p class='ocr_par' dir='ltr' id='par_1_51' title="bbox 2184 2328 3840 2408">
     <span class='ocr_line' id='line_1_51' title="bbox 2184 2328 3840 2408; baseline 0.002 -23"><span class='ocrx_word' id='word_1_311' title='bbox 2184 2333 2444 2395; x_wconf 75' lang='grc' dir='ltr'>πάντοθεν</span> <span class='ocrx_word' id='word_1_312' title='bbox 2505 2329 2690 2405; x_wconf 83' lang='grc' dir='ltr'>ἔχοντι</span> <span class='ocrx_word' id='word_1_313' title='bbox 2748 2328 2948 2406; x_wconf 80' lang='grc' dir='ltr'>σιδηρᾶ</span> <span class='ocrx_word' id='word_1_314' title='bbox 2991 2331 3309 2405; x_wconf 70' lang='grc' dir='ltr'>ἠκονημένα</span> <span class='ocrx_word' id='word_1_315' title='bbox 3364 2331 3840 2408; x_wconf 82' lang='grc' dir='ltr'>προσηρμοσμένα</span> 
     </span>
    </p>
   </div>
   <div class='ocr_carea' id='block_1_52' title="bbox 2183 2419 3846 2495">
    <p class='ocr_par' dir='ltr' id='par_1_52' title="bbox 2183 2419 3846 2495">
     <span class='ocr_line' id='line_1_52' title="bbox 2183 2419 3846 2495; baseline 0 -21"><span class='ocrx_word' id='word_1_316' title='bbox 2183 2420 2320 2474; x_wconf 80' lang='grc' dir='ltr'>κατά</span> <span class='ocrx_word' id='word_1_317' title='bbox 2382 2423 2479 2474; x_wconf 90' lang='grc' dir='ltr'>τοῦ</span> <span class='ocrx_word' id='word_1_318' title='bbox 2553 2423 2906 2495; x_wconf 84' lang='grc' dir='ltr'>κατωφεροῦς</span> <span class='ocrx_word' id='word_1_319' title='bbox 2989 2419 3257 2490; x_wconf 78' lang='grc' dir='ltr'>ἀπελύθη,</span> <span class='ocrx_word' id='word_1_320' title='bbox 3332 2420 3424 2474; x_wconf 79' lang='grc' dir='ltr'>καὶ</span> <span class='ocrx_word' id='word_1_321' title='bbox 3508 2421 3846 2485; x_wconf 82' lang='grc' dir='ltr'>κατακοπείς</span> 
     </span>
    </p>
   </div>
   <div class='ocr_carea' id='block_1_53' title="bbox 2183 2505 3835 2583">
    <p class='ocr_par' dir='ltr' id='par_1_53' title="bbox 2183 2505 3835 2583">
     <span class='ocr_line' id='line_1_53' title="bbox 2183 2505 3835 2583; baseline 0.001 -22"><span class='ocrx_word' id='word_1_322' title='bbox 2183 2505 2349 2562; x_wconf 86' lang='grc' dir='ltr'>πάλιν</span> <span class='ocrx_word' id='word_1_323' title='bbox 2388 2507 2590 2583; x_wconf 82' lang='grc' dir='ltr'>ὑγίανε,</span> <span class='ocrx_word' id='word_1_324' title='bbox 2622 2506 2712 2562; x_wconf 83' lang='grc' dir='ltr'>καὶ</span> <span class='ocrx_word' id='word_1_325' title='bbox 2755 2507 3104 2583; x_wconf 76' lang='grc' dir='ltr'>ἐμφανισθεὶς</span> <span class='ocrx_word' id='word_1_326' title='bbox 3159 2507 3499 2570; x_wconf 71' lang='grc' dir='ltr'>ἀνελπίστως</span> <span class='ocrx_word' id='word_1_327' title='bbox 3555 2508 3634 2581; x_wconf 82' lang='grc' dir='ltr'>τῷ</span> <span class='ocrx_word' id='word_1_328' title='bbox 3675 2509 3835 2583; x_wconf 87' lang='grc' dir='ltr'>βασι-</span> 
     </span>
    </p>
   </div>
   <div class='ocr_carea' id='block_1_54' title="bbox 2185 2594 3838 2671">
    <p class='ocr_par' dir='ltr' id='par_1_54' title="bbox 2185 2594 3838 2671">
     <span class='ocr_line' id='line_1_54' title="bbox 2185 2594 3838 2671; baseline -0.001 -19"><span class='ocrx_word' id='word_1_329' title='bbox 2185 2595 2292 2667; x_wconf 82' lang='grc' dir='ltr'>λεῖ,</span> <span class='ocrx_word' id='word_1_330' title='bbox 2323 2595 2573 2658; x_wconf 84' lang='grc' dir='ltr'>πολλοὺς</span> <span class='ocrx_word' id='word_1_331' title='bbox 2603 2594 2783 2652; x_wconf 78' lang='grc' dir='ltr'>ἔπεισε</span> <span class='ocrx_word' id='word_1_332' title='bbox 2837 2600 3117 2652; x_wconf 89' lang='grc' dir='ltr'>πιστεῦσαι</span> <span class='ocrx_word' id='word_1_333' title='bbox 3166 2601 3245 2668; x_wconf 84' lang='grc' dir='ltr'>τῷ</span> <span class='ocrx_word' id='word_1_334' title='bbox 3293 2601 3530 2671; x_wconf 79' lang='grc' dir='ltr'>Χριστῷ.</span> <span class='ocrx_word' id='word_1_335' title='bbox 3564 2600 3665 2652; x_wconf 81' lang='grc' dir='ltr'>Καὶ</span> <span class='ocrx_word' id='word_1_336' title='bbox 3726 2598 3838 2651; x_wconf 76' lang='grc' dir='ltr'>πά-</span> 
     </span>
    </p>
   </div>
   <div class='ocr_carea' id='block_1_55' title="bbox 2182 2683 3833 2764">
    <p class='ocr_par' dir='ltr' id='par_1_55' title="bbox 2182 2683 3833 2764">
     <span class='ocr_line' id='line_1_55' title="bbox 2182 2683 3833 2764; baseline 0 -22"><span class='ocrx_word' id='word_1_337' title='bbox 2182 2685 2268 2742; x_wconf 92' lang='grc' dir='ltr'>λιν</span> <span class='ocrx_word' id='word_1_338' title='bbox 2297 2686 2633 2763; x_wconf 81' lang='grc' dir='ltr'>τιμωρηθεὶς</span> <span class='ocrx_word' id='word_1_339' title='bbox 2691 2683 2989 2764; x_wconf 79' lang='grc' dir='ltr'>διαφόρως,</span> <span class='ocrx_word' id='word_1_340' title='bbox 3045 2689 3144 2741; x_wconf 91' lang='grc' dir='ltr'>τοῦ</span> <span class='ocrx_word' id='word_1_341' title='bbox 3203 2685 3543 2764; x_wconf 78' lang='grc' dir='ltr'>Μαγνεντίου</span> <span class='ocrx_word' id='word_1_342' title='bbox 3600 2690 3833 2760; x_wconf 83' lang='grc' dir='ltr'>σημεῖον</span> 
     </span>
    </p>
   </div>
   <div class='ocr_carea' id='block_1_56' title="bbox 2178 2771 3842 2850">
    <p class='ocr_par' dir='ltr' id='par_1_56' title="bbox 2178 2771 3842 2850">
     <span class='ocr_line' id='line_1_56' title="bbox 2178 2771 3842 2850; baseline 0.001 -21"><span class='ocrx_word' id='word_1_343' title='bbox 2178 2772 2609 2846; x_wconf 80' lang='grc' dir='ltr'>ἐπιζητήσαντος</span> <span class='ocrx_word' id='word_1_344' title='bbox 2645 2818 2660 2844; x_wconf 92' lang='grc'>,</span> <span class='ocrx_word' id='word_1_345' title='bbox 2717 2771 2978 2844; x_wconf 83' lang='grc' dir='ltr'>ἀνέστησε</span> <span class='ocrx_word' id='word_1_346' title='bbox 3034 2776 3220 2849; x_wconf 83' lang='grc' dir='ltr'>νεκρὸν</span> <span class='ocrx_word' id='word_1_347' title='bbox 3282 2775 3390 2850; x_wconf 83' lang='grc' dir='ltr'>πρὸ</span> <span class='ocrx_word' id='word_1_348' title='bbox 3471 2773 3689 2830; x_wconf 86' lang='grc' dir='ltr'>πολλοῦ</span> <span class='ocrx_word' id='word_1_349' title='bbox 3742 2797 3842 2831; x_wconf 81' lang='grc' dir='ltr'>τε·-</span> 
     </span>
    </p>
   </div>
   <div class='ocr_carea' id='block_1_57' title="bbox 2179 2863 3831 2935">
    <p class='ocr_par' dir='ltr' id='par_1_57' title="bbox 2179 2863 3831 2935">
     <span class='ocr_line' id='line_1_57' title="bbox 2179 2863 3831 2935; baseline 0 -17"><span class='ocrx_word' id='word_1_350' title='bbox 2179 2863 2436 2935; x_wconf 86' lang='grc' dir='ltr'>θνηκότα,</span> <span class='ocrx_word' id='word_1_351' title='bbox 2469 2867 2558 2920; x_wconf 83' lang='grc' dir='ltr'>καὶ</span> <span class='ocrx_word' id='word_1_352' title='bbox 2585 2863 2750 2919; x_wconf 89' lang='grc' dir='ltr'>πάλιν</span> <span class='ocrx_word' id='word_1_353' title='bbox 2807 2864 3129 2920; x_wconf 70' lang='grc' dir='ltr'>ξπίστευσαν</span> <span class='ocrx_word' id='word_1_354' title='bbox 3175 2863 3404 2934; x_wconf 77' lang='grc' dir='ltr'>πολλοὶ,</span> <span class='ocrx_word' id='word_1_355' title='bbox 3437 2863 3490 2920; x_wconf 83' lang='grc' dir='ltr'>ἐν</span> <span class='ocrx_word' id='word_1_356' title='bbox 3522 2867 3607 2927; x_wconf 85' lang='grc' dir='ltr'>οἷς</span> <span class='ocrx_word' id='word_1_357' title='bbox 3631 2865 3698 2933; x_wconf 81' lang='grc' dir='ltr'>ἦν</span> <span class='ocrx_word' id='word_1_358' title='bbox 3735 2864 3831 2919; x_wconf 77' lang='grc' dir='ltr'>καὶ</span> 
     </span>
    </p>
   </div>
   <div class='ocr_carea' id='block_1_58' title="bbox 2174 2952 3830 3030">
    <p class='ocr_par' dir='ltr' id='par_1_58' title="bbox 2174 2952 3830 3030">
     <span class='ocr_line' id='line_1_58' title="bbox 2174 2952 3830 3030; baseline 0 -22"><span class='ocrx_word' id='word_1_359' title='bbox 2174 2953 2493 3028; x_wconf 76' lang='grc' dir='ltr'>Γλυκέριος,</span> <span class='ocrx_word' id='word_1_360' title='bbox 2527 2954 2589 3008; x_wconf 83' lang='grc' dir='ltr'>οὗ</span> <span class='ocrx_word' id='word_1_361' title='bbox 2617 2955 2710 3009; x_wconf 87' lang='grc' dir='ltr'>τὸν</span> <span class='ocrx_word' id='word_1_362' title='bbox 2740 2954 2868 3030; x_wconf 87' lang='grc' dir='ltr'>βοῦν</span> <span class='ocrx_word' id='word_1_363' title='bbox 2915 2953 3144 3009; x_wconf 82' lang='grc' dir='ltr'>θανόντα</span> <span class='ocrx_word' id='word_1_364' title='bbox 3202 2955 3230 3009; x_wconf 97' lang='lat'>6</span> <span class='ocrx_word' id='word_1_365' title='bbox 3282 2955 3432 3028; x_wconf 70' lang='grc' dir='ltr'>ἅγιος</span> <span class='ocrx_word' id='word_1_366' title='bbox 3461 2953 3706 3029; x_wconf 66' lang='grc' dir='ltr'>⁴ἤγειρεν,</span> <span class='ocrx_word' id='word_1_367' title='bbox 3765 2952 3830 3015; x_wconf 78' lang='grc' dir='ltr'>ὅς</span> 
     </span>
    </p>
   </div>
   <div class='ocr_carea' id='block_1_59' title="bbox 415 3041 2066 3120">
    <p class='ocr_par' dir='ltr' id='par_1_59' title="bbox 415 3047 2065 3120">
     <span class='ocr_line' id='line_1_59' title="bbox 415 3047 2065 3120; baseline 0.002 -18"><span class='ocrx_word' id='word_1_368' title='bbox 415 3048 658 3119; x_wconf 89' lang='lat' dir='ltr'>quidam</span> <span class='ocrx_word' id='word_1_369' title='bbox 689 3049 928 3103; x_wconf 90' lang='lat' dir='ltr'>nomine</span> <span class='ocrx_word' id='word_1_370' title='bbox 957 3047 1283 3120; x_wconf 87' lang='lat' dir='ltr'>Glycerius,</span> <span class='ocrx_word' id='word_1_371' title='bbox 1317 3049 1490 3120; x_wconf 87' lang='lat' dir='ltr'>cujus</span> <span class='ocrx_word' id='word_1_372' title='bbox 1521 3055 1823 3104; x_wconf 87' lang='lat' dir='ltr'>mortuum</span> <span class='ocrx_word' id='word_1_373' title='bbox 1854 3050 2065 3106; x_wconf 90' lang='lat' dir='ltr'>bovem</span> 
     </span>
    </p>
   </div>
   <div class='ocr_carea' id='block_1_60' title="bbox 2184 3041 3838 3120">
    <p class='ocr_par' dir='ltr' id='par_1_60' title="bbox 2184 3041 3838 3120">
     <span class='ocr_line' id='line_1_60' title="bbox 2184 3041 3838 3120; baseline 0.001 -23"><span class='ocrx_word' id='word_1_374' title='bbox 2184 3043 2261 3097; x_wconf 82' lang='grc' dir='ltr'>ιιαὶ</span> <span class='ocrx_word' id='word_1_375' title='bbox 2289 3043 2718 3114; x_wconf 61' lang='grc' dir='ltr'>ἀπεκεφαλίσθψ</span> <span class='ocrx_word' id='word_1_376' title='bbox 2745 3043 3116 3119; x_wconf 77' lang='grc' dir='ltr'>καταστρέψας</span> <span class='ocrx_word' id='word_1_377' title='bbox 3147 3042 3205 3100; x_wconf 73' lang='grc' dir='ltr'>δὶ</span> <span class='ocrx_word' id='word_1_378' title='bbox 3270 3041 3362 3100; x_wconf 78' lang='grc' dir='ltr'>διὰ</span> <span class='ocrx_word' id='word_1_379' title='bbox 3391 3043 3707 3120; x_wconf 79' lang='grc' dir='ltr'>πρόσευχῆς</span> <span class='ocrx_word' id='word_1_380' title='bbox 3766 3042 3838 3099; x_wconf 74' lang='grc' dir='ltr'>τὰ</span> 
     </span>
    </p>
   </div>
   <div class='ocr_carea' id='block_1_61' title="bbox 411 3129 2066 3211">
    <p class='ocr_par' dir='ltr' id='par_1_61' title="bbox 411 3135 2065 3211">
     <span class='ocr_line' id='line_1_61' title="bbox 411 3135 2065 3211; baseline 0.002 -20"><span class='ocrx_word' id='word_1_381' title='bbox 411 3143 651 3193; x_wconf 88' lang='lat' dir='ltr'>sanctus</span> <span class='ocrx_word' id='word_1_382' title='bbox 677 3137 957 3208; x_wconf 83' lang='lat' dir='ltr'>Georgius</span> <span class='ocrx_word' id='word_1_383' title='bbox 987 3137 1118 3190; x_wconf 60' lang='lat' dir='ltr'>vita;</span> <span class='ocrx_word' id='word_1_384' title='bbox 1143 3135 1486 3191; x_wconf 84' lang='lat' dir='ltr'>restituerat</span> <span class='ocrx_word' id='word_1_385' title='bbox 1527 3137 1630 3206; x_wconf 91' lang='lat' dir='ltr'>qui</span> <span class='ocrx_word' id='word_1_386' title='bbox 1666 3139 1845 3193; x_wconf 90' lang='lat' dir='ltr'>etiam</span> <span class='ocrx_word' id='word_1_387' title='bbox 1875 3141 2065 3211; x_wconf 87' lang='lat' dir='ltr'>capite</span> 
     </span>
    </p>
   </div>
   <div class='ocr_carea' id='block_1_62' title="bbox 2184 3129 3314 3211">
    <p class='ocr_par' dir='ltr' id='par_1_62' title="bbox 2184 3129 3314 3209">
     <span class='ocr_line' id='line_1_62' title="bbox 2184 3129 3314 3209; baseline 0.003 -24"><span class='ocrx_word' id='word_1_388' title='bbox 2184 3129 2395 3204; x_wconf 72' lang='grc' dir='ltr'>ιῒδωλα,</span> <span class='ocrx_word' id='word_1_389' title='bbox 2430 3131 2567 3208; x_wconf 81' lang='grc' dir='ltr'>ξίφει</span> <span class='ocrx_word' id='word_1_390' title='bbox 2597 3132 2698 3200; x_wconf 82' lang='grc' dir='ltr'>τήν</span> <span class='ocrx_word' id='word_1_391' title='bbox 2727 3132 2972 3209; x_wconf 73' lang='grc' dir='ltr'>κεφαλὴν</span> <span class='ocrx_word' id='word_1_392' title='bbox 3003 3133 3314 3207; x_wconf 81' lang='grc' dir='ltr'>ἀπετμήθη.</span> 
     </span>
    </p>
   </div>
   <div class='ocr_carea' id='block_1_63' title="bbox 408 3229 2138 3320">
    <p class='ocr_par' dir='ltr' id='par_1_63' title="bbox 408 3229 2138 3320">
     <span class='ocr_line' id='line_1_63' title="bbox 408 3229 2138 3320; baseline 0.002 -36"><span class='ocrx_word' id='word_1_393' title='bbox 408 3230 618 3300; x_wconf 80' lang='lat' dir='ltr'>plexus</span> <span class='ocrx_word' id='word_1_394' title='bbox 653 3233 761 3285; x_wconf 87' lang='lat' dir='ltr'>est.</span> <span class='ocrx_word' id='word_1_395' title='bbox 786 3229 906 3300; x_wconf 90' lang='lat' dir='ltr'>Ipsi</span> <span class='ocrx_word' id='word_1_396' title='bbox 937 3244 1072 3282; x_wconf 86' lang='lat' dir='ltr'>vero</span> <span class='ocrx_word' id='word_1_397' title='bbox 1101 3234 1306 3283; x_wconf 89' lang='lat' dir='ltr'>sancto</span> <span class='ocrx_word' id='word_1_398' title='bbox 1331 3230 1736 3302; x_wconf 84' lang='lat' dir='ltr'>Georgio,cum</span> <span class='ocrx_word' id='word_1_399' title='bbox 1759 3230 2066 3304; x_wconf 90' lang='lat' dir='ltr'>idolapre-</span> <span class='ocrx_word' id='word_1_400' title='bbox 2093 3255 2138 3320; x_wconf 70' lang='grc' dir='ltr'>ρ</span> 
     </span>
    </p>
   </div>
   <div class='ocr_carea' id='block_1_64' title="bbox 403 3319 2054 3394">
    <p class='ocr_par' dir='ltr' id='par_1_64' title="bbox 403 3319 2054 3394">
     <span class='ocr_line' id='line_1_64' title="bbox 403 3319 2054 3394; baseline 0.002 -18"><span class='ocrx_word' id='word_1_401' title='bbox 403 3321 572 3377; x_wconf 89' lang='lat' dir='ltr'>cibus</span> <span class='ocrx_word' id='word_1_402' title='bbox 604 3321 1008 3386; x_wconf 88' lang='lat' dir='ltr'>subvertisset,</span> <span class='ocrx_word' id='word_1_403' title='bbox 1043 3319 1240 3391; x_wconf 86' lang='lat' dir='ltr'>gladio</span> <span class='ocrx_word' id='word_1_404' title='bbox 1299 3327 1478 3392; x_wconf 90' lang='lat' dir='ltr'>caput</span> <span class='ocrx_word' id='word_1_405' title='bbox 1505 3327 1877 3394; x_wconf 88' lang='lat' dir='ltr'>amputatum</span> <span class='ocrx_word' id='word_1_406' title='bbox 1919 3324 2054 3380; x_wconf 87' lang='lat' dir='ltr'>fuit.</span> 
     </span>
    </p>
   </div>
   <div class='ocr_carea' id='block_1_65' title="bbox 973 3430 1489 3486">
    <p class='ocr_par' dir='ltr' id='par_1_65' title="bbox 973 3430 1489 3486">
     <span class='ocr_line' id='line_1_65' title="bbox 973 3430 1489 3486; baseline 0.004 -2"><span class='ocrx_word' id='word_1_407' title='bbox 973 3430 1214 3484; x_wconf 85' lang='lat' dir='ltr'><strong>EODEM</strong></span> <span class='ocrx_word' id='word_1_408' title='bbox 1237 3430 1489 3486; x_wconf 83' lang='lat' dir='ltr'>MENSE.</span> 
     </span>
    </p>
   </div>
   <div class='ocr_carea' id='block_1_66' title="bbox 903 3517 1556 3589">
    <p class='ocr_par' dir='ltr' id='par_1_66' title="bbox 903 3517 1556 3589">
     <span class='ocr_line' id='line_1_66' title="bbox 903 3517 1556 3589; baseline 0.003 -17"><span class='ocrx_word' id='word_1_409' title='bbox 903 3517 1006 3573; x_wconf 90' lang='lat' dir='ltr'>Die</span> <span class='ocrx_word' id='word_1_410' title='bbox 1037 3517 1322 3573; x_wconf 88' lang='lat' dir='ltr'>vicesima</span> <span class='ocrx_word' id='word_1_411' title='bbox 1343 3523 1556 3589; x_wconf 89' lang='lat' dir='ltr'>quarta</span> 
     </span>
    </p>
   </div>
   <div class='ocr_carea' id='block_1_67' title="bbox 397 3627 2052 3751">
    <p class='ocr_par' dir='ltr' id='par_1_67' title="bbox 397 3627 2052 3751">
     <span class='ocr_line' id='line_1_67' title="bbox 397 3627 2052 3751; baseline 0.001 -69"><span class='ocrx_word' id='word_1_412' title='bbox 397 3627 681 3683; x_wconf 82' lang='lat' dir='ltr'>Certamen</span> <span class='ocrx_word' id='word_1_413' title='bbox 721 3631 1033 3682; x_wconf 83' lang='lat' dir='ltr'>sanctorum</span> <span class='ocrx_word' id='word_1_414' title='bbox 1062 3631 1373 3751; x_wconf 57' lang='lat' dir='ltr'>martis/rum</span> <span class='ocrx_word' id='word_1_415' title='bbox 1419 3627 1718 3681; x_wconf 81' lang='lat' dir='ltr'>Pasicratis</span> <span class='ocrx_word' id='word_1_416' title='bbox 1749 3633 1805 3682; x_wconf 80' lang='lat' dir='ltr'>et</span> <span class='ocrx_word' id='word_1_417' title='bbox 1847 3629 2052 3684; x_wconf 84' lang='lat' dir='ltr'>Valen-</span> 
     </span>
     <span class='ocr_line' id='line_1_68' title="bbox 1209 3714 1308 3751; baseline 0 0"><span class='ocrx_word' id='word_1_418' title='bbox 1209 3714 1308 3751; x_wconf 83' lang='grc' dir='ltr'>ιηι.</span> 
     </span>
    </p>
   </div>
   <div class='ocr_carea' id='block_1_68' title="bbox 1209 3714 1308 3752">
    <p class='ocr_par' dir='ltr' id='par_1_68' title="bbox 1209 3714 1308 3752">
     <span class='ocr_line' id='line_1_69' title="bbox 1209 3714 1308 3752; baseline -0.01 0"><span class='ocrx_word' id='word_1_419' title='bbox 1209 3714 1308 3752; x_wconf 82' lang='grc' dir='ltr'>ιηι.</span> 
     </span>
    </p>
   </div>
   <div class='ocr_carea' id='block_1_69' title="bbox 462 3803 2051 3877">
    <p class='ocr_par' dir='ltr' id='par_1_69' title="bbox 462 3803 2051 3877">
     <span class='ocr_line' id='line_1_70' title="bbox 462 3803 2051 3877; baseline 0.002 -18"><span class='ocrx_word' id='word_1_420' title='bbox 462 3806 746 3877; x_wconf 80' lang='lat' dir='ltr'>Martyres</span> <span class='ocrx_word' id='word_1_421' title='bbox 777 3803 992 3859; x_wconf 90' lang='lat' dir='ltr'>Christi</span> <span class='ocrx_word' id='word_1_422' title='bbox 1025 3803 1356 3859; x_wconf 90' lang='lat' dir='ltr'>Pasicrates</span> <span class='ocrx_word' id='word_1_423' title='bbox 1372 3803 1791 3860; x_wconf 87' lang='lat' dir='ltr'>etValentinus</span> <span class='ocrx_word' id='word_1_424' title='bbox 1809 3805 2051 3862; x_wconf 86' lang='lat' dir='ltr'>fuerunt</span> 
     </span>
    </p>
   </div>
   <div class='ocr_carea' id='block_1_70' title="bbox 393 3895 2044 3968">
    <p class='ocr_par' dir='ltr' id='par_1_70' title="bbox 393 3895 2044 3968">
     <span class='ocr_line' id='line_1_71' title="bbox 393 3895 2044 3968; baseline 0 -15"><span class='ocrx_word' id='word_1_425' title='bbox 393 3914 464 3953; x_wconf 87' lang='lat' dir='ltr'>ex</span> <span class='ocrx_word' id='word_1_426' title='bbox 495 3897 726 3953; x_wconf 86' lang='lat' dir='ltr'>civitate</span> <span class='ocrx_word' id='word_1_427' title='bbox 751 3895 1063 3952; x_wconf 89' lang='lat' dir='ltr'>Dorostolo</span> <span class='ocrx_word' id='word_1_428' title='bbox 1086 3895 1147 3949; x_wconf 91' lang='lat' dir='ltr'>in</span> <span class='ocrx_word' id='word_1_429' title='bbox 1170 3895 1761 3964; x_wconf 87' lang='lat' dir='ltr'>Macedonia,milites</span> <span class='ocrx_word' id='word_1_430' title='bbox 1781 3899 2044 3968; x_wconf 90' lang='lat' dir='ltr'>quidem,</span> 
     </span>
    </p>
   </div>
   <div class='ocr_carea' id='block_1_71' title="bbox 393 3986 2044 4047">
    <p class='ocr_par' dir='ltr' id='par_1_71' title="bbox 393 3986 2044 4047">
     <span class='ocr_line' id='line_1_72' title="bbox 393 3986 2044 4047; baseline 0.001 -2"><span class='ocrx_word' id='word_1_431' title='bbox 393 3989 498 4045; x_wconf 92' lang='lat' dir='ltr'>sed</span> <span class='ocrx_word' id='word_1_432' title='bbox 519 3994 719 4044; x_wconf 88' lang='lat' dir='ltr'>tamen</span> <span class='ocrx_word' id='word_1_433' title='bbox 740 3986 1254 4043; x_wconf 88' lang='lat' dir='ltr'>Christiani.Unde</span> <span class='ocrx_word' id='word_1_434' title='bbox 1269 4004 1401 4043; x_wconf 91' lang='lat' dir='ltr'>cum</span> <span class='ocrx_word' id='word_1_435' title='bbox 1425 3987 1695 4043; x_wconf 88' lang='lat' dir='ltr'>viderent</span> <span class='ocrx_word' id='word_1_436' title='bbox 1710 3989 1781 4043; x_wconf 88' lang='lat' dir='ltr'>ab</span> <span class='ocrx_word' id='word_1_437' title='bbox 1797 3989 2044 4047; x_wconf 90' lang='lat' dir='ltr'>idolola-</span> 
     </span>
    </p>
   </div>
   <div class='ocr_carea' id='block_1_72' title="bbox 392 4076 2044 4149">
    <p class='ocr_par' dir='ltr' id='par_1_72' title="bbox 392 4076 2044 4149">
     <span class='ocr_line' id='line_1_73' title="bbox 392 4076 2044 4149; baseline 0.001 -16"><span class='ocrx_word' id='word_1_438' title='bbox 392 4079 500 4133; x_wconf 90' lang='lat' dir='ltr'>tris</span> <span class='ocrx_word' id='word_1_439' title='bbox 529 4077 761 4149; x_wconf 90' lang='lat' dir='ltr'>lapides</span> <span class='ocrx_word' id='word_1_440' title='bbox 793 4078 994 4132; x_wconf 83' lang='lat' dir='ltr'>animo</span> <span class='ocrx_word' id='word_1_441' title='bbox 1027 4082 1299 4132; x_wconf 89' lang='lat' dir='ltr'>carentes</span> <span class='ocrx_word' id='word_1_442' title='bbox 1331 4076 1588 4144; x_wconf 88' lang='lat' dir='ltr'>adorari,</span> <span class='ocrx_word' id='word_1_443' title='bbox 1621 4077 1743 4132; x_wconf 89' lang='lat' dir='ltr'>zelo</span> <span class='ocrx_word' id='word_1_444' title='bbox 1767 4081 2044 4135; x_wconf 87' lang='lat' dir='ltr'>commoti</span> 
     </span>
    </p>
   </div>
   <div class='ocr_carea' id='block_1_73' title="bbox 2717 3457 3248 3515">
    <p class='ocr_par' dir='ltr' id='par_1_73' title="bbox 2717 3457 3248 3515">
     <span class='ocr_line' id='line_1_74' title="bbox 2717 3457 3248 3515; baseline -0.006 0"><span class='ocrx_word' id='word_1_445' title='bbox 2717 3457 2899 3515; x_wconf 83' lang='lat' dir='ltr'><strong>MHNI</strong></span> <span class='ocrx_word' id='word_1_446' title='bbox 2930 3458 3017 3512; x_wconf 85' lang='grc' dir='ltr'>ΤΩ</span> <span class='ocrx_word' id='word_1_447' title='bbox 3046 3458 3248 3514; x_wconf 82' lang='grc' dir='ltr'>ΑΥΤΩ.</span> 
     </span>
    </p>
   </div>
   <div class='ocr_carea' id='block_1_74' title="bbox 2922 3545 3037 3601">
    <p class='ocr_par' dir='ltr' id='par_1_74' title="bbox 2922 3545 3037 3601">
     <span class='ocr_line' id='line_1_75' title="bbox 2922 3545 3037 3601; baseline 0.017 -2"><span class='ocrx_word' id='word_1_448' title='bbox 2922 3545 3037 3601; x_wconf 63' lang='grc' dir='ltr'>ΚΝ.</span> 
     </span>
    </p>
   </div>
   <div class='ocr_carea' id='block_1_75' title="bbox 2229 3640 3740 3716">
    <p class='ocr_par' dir='ltr' id='par_1_75' title="bbox 2229 3640 3740 3716">
     <span class='ocr_line' id='line_1_76' title="bbox 2229 3640 3740 3716; baseline -0.002 -18"><span class='ocrx_word' id='word_1_449' title='bbox 2229 3641 2494 3712; x_wconf 79' lang='grc' dir='ltr'>Ἃθλησις</span> <span class='ocrx_word' id='word_1_450' title='bbox 2524 3643 2633 3696; x_wconf 82' lang='grc' dir='ltr'>τῶν</span> <span class='ocrx_word' id='word_1_451' title='bbox 2694 3640 2868 3716; x_wconf 70' lang='grc' dir='ltr'>ἁγίων</span> <span class='ocrx_word' id='word_1_452' title='bbox 2909 3641 3196 3716; x_wconf 86' lang='grc' dir='ltr'>μαρτύρων</span> <span class='ocrx_word' id='word_1_453' title='bbox 3229 3640 3600 3715; x_wconf 81' lang='grc' dir='ltr'>Πασικράτους</span> <span class='ocrx_word' id='word_1_454' title='bbox 3649 3643 3740 3696; x_wconf 84' lang='grc' dir='ltr'>καὶ</span> 
     </span>
    </p>
   </div>
   <div class='ocr_carea' id='block_1_76' title="bbox 2772 3660 3122 3770">
    <p class='ocr_par' dir='ltr' id='par_1_76' title="bbox 2772 3660 3122 3770">
     <span class='ocr_line' id='line_1_77' title="bbox 2772 3660 3122 3770; baseline -0.003 0"><span class='ocrx_word' id='word_1_455' title='bbox 2772 3660 2885 3770; x_wconf 47' lang='lat' dir='ltr'>id?)</span> <span class='ocrx_word' id='word_1_456' title='bbox 2893 3660 3122 3769; x_wconf 45' lang='lat'>53:00:.</span> 
     </span>
    </p>
   </div>
   <div class='ocr_carea' id='block_1_77' title="bbox 2229 3817 3811 3897">
    <p class='ocr_par' dir='ltr' id='par_1_77' title="bbox 2229 3817 3811 3897">
     <span class='ocr_line' id='line_1_78' title="bbox 2229 3817 3811 3897; baseline -0.003 -19"><span class='ocrx_word' id='word_1_457' title='bbox 2229 3821 2297 3878; x_wconf 84' lang='grc' dir='ltr'>Οί</span> <span class='ocrx_word' id='word_1_458' title='bbox 2348 3824 2446 3876; x_wconf 90' lang='grc' dir='ltr'>τοῦ</span> <span class='ocrx_word' id='word_1_459' title='bbox 2506 3823 2742 3897; x_wconf 82' lang='grc' dir='ltr'>Χριστοῦ</span> <span class='ocrx_word' id='word_1_460' title='bbox 2803 3822 3070 3897; x_wconf 81' lang='grc' dir='ltr'>μάρτυρες</span> <span class='ocrx_word' id='word_1_461' title='bbox 3124 3817 3468 3894; x_wconf 87' lang='grc' dir='ltr'>Πασικράτης</span> <span class='ocrx_word' id='word_1_462' title='bbox 3547 3819 3638 3874; x_wconf 82' lang='grc' dir='ltr'>καὶ</span> <span class='ocrx_word' id='word_1_463' title='bbox 3697 3822 3811 3877; x_wconf 81' lang='grc' dir='ltr'>Βα-</span> 
     </span>
    </p>
   </div>
   <div class='ocr_carea' id='block_1_78' title="bbox 2156 3906 3808 3986">
    <p class='ocr_par' dir='ltr' id='par_1_78' title="bbox 2156 3906 3808 3986">
     <span class='ocr_line' id='line_1_79' title="bbox 2156 3906 3808 3986; baseline -0.001 -21"><span class='ocrx_word' id='word_1_464' title='bbox 2156 3909 2399 3972; x_wconf 85' lang='grc' dir='ltr'>λεντῖνος</span> <span class='ocrx_word' id='word_1_465' title='bbox 2433 3911 2686 3986; x_wconf 81' lang='grc' dir='ltr'>ὑπῆρχον</span> <span class='ocrx_word' id='word_1_466' title='bbox 2742 3908 2800 3965; x_wconf 83' lang='grc' dir='ltr'>ἐκ</span> <span class='ocrx_word' id='word_1_467' title='bbox 2853 3916 2954 3980; x_wconf 80' lang='grc' dir='ltr'>τῆς</span> <span class='ocrx_word' id='word_1_468' title='bbox 3010 3907 3230 3972; x_wconf 87' lang='grc' dir='ltr'>πόλεως</span> <span class='ocrx_word' id='word_1_469' title='bbox 3286 3906 3646 3984; x_wconf 87' lang='grc' dir='ltr'>Δωροστόλου</span> <span class='ocrx_word' id='word_1_470' title='bbox 3701 3915 3808 3979; x_wconf 85' lang='grc' dir='ltr'>τῆς</span> 
     </span>
    </p>
   </div>
   <div class='ocr_carea' id='block_1_79' title="bbox 2157 3992 3406 4073">
    <p class='ocr_par' dir='ltr' id='par_1_79' title="bbox 2157 3992 3406 4073">
     <span class='ocr_line' id='line_1_80' title="bbox 2157 3992 3406 4073; baseline 0 -21"><span class='ocrx_word' id='word_1_471' title='bbox 2157 3995 2564 4065; x_wconf 83' lang='grc' dir='ltr'>Καππαδοκίας,</span> <span class='ocrx_word' id='word_1_472' title='bbox 2648 4001 2972 4073; x_wconf 83' lang='grc' dir='ltr'>στρατιῶται</span> <span class='ocrx_word' id='word_1_473' title='bbox 3035 3997 3130 4070; x_wconf 78' lang='grc' dir='ltr'>μὶν</span> <span class='ocrx_word' id='word_1_474' title='bbox 3218 3992 3406 4066; x_wconf 81' lang='grc' dir='ltr'>ὅντες,</span> 
     </span>
    </p>
   </div>
   <div class='ocr_carea' id='block_1_80' title="bbox 2157 4078 3816 4163">
    <p class='ocr_par' dir='ltr' id='par_1_80' title="bbox 2157 4078 3816 4163">
     <span class='ocr_line' id='line_1_81' title="bbox 2157 4078 3816 4163; baseline -0.002 -21"><span class='ocrx_word' id='word_1_475' title='bbox 2157 4078 2233 4145; x_wconf 75' lang='grc' dir='ltr'>δέ.</span> <span class='ocrx_word' id='word_1_476' title='bbox 2267 4089 2606 4162; x_wconf 87' lang='grc' dir='ltr'>Θεωροῦντες</span> <span class='ocrx_word' id='word_1_477' title='bbox 2636 4085 2726 4141; x_wconf 81' lang='grc' dir='ltr'>οὗν</span> <span class='ocrx_word' id='word_1_478' title='bbox 2781 4086 2910 4149; x_wconf 77' lang='grc' dir='ltr'>τοὺς</span> <span class='ocrx_word' id='word_1_479' title='bbox 2963 4083 3372 4163; x_wconf 80' lang='grc' dir='ltr'>είδωλολάτρας</span> <span class='ocrx_word' id='word_1_480' title='bbox 3435 4084 3614 4150; x_wconf 87' lang='grc' dir='ltr'>λίθοις</span> <span class='ocrx_word' id='word_1_481' title='bbox 3642 4105 3816 4161; x_wconf 81' lang='grc' dir='ltr'>προσ-</span> 
     </span>
    </p>
   </div>
   <div class='ocr_carea' id='block_1_81' title="bbox 3491 3997 3812 4071">
    <p class='ocr_par' dir='ltr' id='par_1_81' title="bbox 3491 3997 3812 4071">
     <span class='ocr_line' id='line_1_82' title="bbox 3491 3997 3812 4071; baseline -0.003 -19"><span class='ocrx_word' id='word_1_482' title='bbox 3491 3997 3812 4071; x_wconf 88' lang='grc' dir='ltr'>Χριστιανοῖ</span> 
     </span>
    </p>
   </div>
   <div class='ocr_carea' id='block_1_82' title="bbox 390 4164 2066 4251">
    <p class='ocr_par' dir='ltr' id='par_1_82' title="bbox 390 4164 2048 4238">
     <span class='ocr_line' id='line_1_83' title="bbox 390 4164 2048 4238; baseline 0.001 -17"><span class='ocrx_word' id='word_1_483' title='bbox 390 4167 588 4238; x_wconf 88' lang='lat' dir='ltr'>palam</span> <span class='ocrx_word' id='word_1_484' title='bbox 621 4183 688 4221; x_wconf 90' lang='lat' dir='ltr'>ac</span> <span class='ocrx_word' id='word_1_485' title='bbox 720 4165 905 4219; x_wconf 90' lang='lat' dir='ltr'>libere</span> <span class='ocrx_word' id='word_1_486' title='bbox 927 4165 1222 4219; x_wconf 89' lang='lat' dir='ltr'>Christum</span> <span class='ocrx_word' id='word_1_487' title='bbox 1247 4164 1442 4220; x_wconf 89' lang='lat' dir='ltr'>solum</span> <span class='ocrx_word' id='word_1_488' title='bbox 1486 4166 1668 4220; x_wconf 90' lang='lat' dir='ltr'>Deum</span> <span class='ocrx_word' id='word_1_489' title='bbox 1700 4182 1851 4233; x_wconf 88' lang='lat' dir='ltr'>esse,</span> <span class='ocrx_word' id='word_1_490' title='bbox 1886 4167 2048 4224; x_wconf 90' lang='lat' dir='ltr'>idola</span> 
     </span>
    </p>
   </div>
   <div class='ocr_carea' id='block_1_83' title="bbox 2184 4164 3810 4251">
    <p class='ocr_par' dir='ltr' id='par_1_83' title="bbox 2184 4172 3810 4251">
     <span class='ocr_line' id='line_1_84' title="bbox 2184 4172 3810 4251; baseline 0.001 -22"><span class='ocrx_word' id='word_1_491' title='bbox 2184 4180 2446 4238; x_wconf 69' lang='lat' dir='ltr'>,uvoiivmc</span> <span class='ocrx_word' id='word_1_492' title='bbox 2498 4175 2770 4250; x_wconf 78' lang='grc' dir='ltr'>ἀψύχοις,</span> <span class='ocrx_word' id='word_1_493' title='bbox 2829 4174 3112 4246; x_wconf 73' lang='grc' dir='ltr'>ἐζήλωσαν</span> <span class='ocrx_word' id='word_1_494' title='bbox 3145 4218 3160 4244; x_wconf 90' lang='grc'>,</span> <span class='ocrx_word' id='word_1_495' title='bbox 3233 4174 3322 4229; x_wconf 78' lang='grc' dir='ltr'>καὶ</span> <span class='ocrx_word' id='word_1_496' title='bbox 3380 4172 3660 4251; x_wconf 81' lang='grc' dir='ltr'>παρῤησίᾳ</span> <span class='ocrx_word' id='word_1_497' title='bbox 3715 4176 3810 4230; x_wconf 87' lang='grc' dir='ltr'>τὸν</span> 
     </span>
    </p>
   </div>
   <div class='ocr_carea' id='block_1_84' title="bbox 388 4253 2040 4324">
    <p class='ocr_par' dir='ltr' id='par_1_84' title="bbox 388 4253 2040 4324">
     <span class='ocr_line' id='line_1_85' title="bbox 388 4253 2040 4324; baseline 0.002 -16"><span class='ocrx_word' id='word_1_498' title='bbox 388 4271 527 4308; x_wconf 83' lang='lat' dir='ltr'>vero</span> <span class='ocrx_word' id='word_1_499' title='bbox 551 4271 646 4309; x_wconf 92' lang='lat' dir='ltr'>res</span> <span class='ocrx_word' id='word_1_500' title='bbox 682 4269 810 4308; x_wconf 91' lang='lat' dir='ltr'>esse</span> <span class='ocrx_word' id='word_1_501' title='bbox 843 4253 1038 4308; x_wconf 89' lang='lat' dir='ltr'>omnis</span> <span class='ocrx_word' id='word_1_502' title='bbox 1063 4268 1275 4307; x_wconf 89' lang='lat' dir='ltr'>sensus</span> <span class='ocrx_word' id='word_1_503' title='bbox 1298 4255 1850 4324; x_wconf 83' lang='lat' dir='ltr'>expertes,professi</span> <span class='ocrx_word' id='word_1_504' title='bbox 1884 4263 2040 4312; x_wconf 90' lang='lat' dir='ltr'>sunt.</span> 
     </span>
    </p>
   </div>
   <div class='ocr_carea' id='block_1_85' title="bbox 391 4345 2041 4418">
    <p class='ocr_par' dir='ltr' id='par_1_85' title="bbox 391 4345 2041 4418">
     <span class='ocr_line' id='line_1_86' title="bbox 391 4345 2041 4418; baseline 0.001 -16"><span class='ocrx_word' id='word_1_505' title='bbox 391 4346 818 4418; x_wconf 88' lang='lat' dir='ltr'>Comprehensi</span> <span class='ocrx_word' id='word_1_506' title='bbox 851 4345 1123 4418; x_wconf 86' lang='lat' dir='ltr'>proinde,</span> <span class='ocrx_word' id='word_1_507' title='bbox 1147 4361 1345 4400; x_wconf 87' lang='lat' dir='ltr'>coram</span> <span class='ocrx_word' id='word_1_508' title='bbox 1377 4346 1628 4416; x_wconf 77' lang='lat' dir='ltr'>praeside</span> <span class='ocrx_word' id='word_1_509' title='bbox 1651 4346 1888 4402; x_wconf 87' lang='lat' dir='ltr'>adducti</span> <span class='ocrx_word' id='word_1_510' title='bbox 1913 4347 2041 4404; x_wconf 84' lang='lat' dir='ltr'>fue-</span> 
     </span>
    </p>
   </div>
   <div class='ocr_carea' id='block_1_86' title="bbox 387 4433 2037 4506">
    <p class='ocr_par' dir='ltr' id='par_1_86' title="bbox 387 4433 2037 4506">
     <span class='ocr_line' id='line_1_87' title="bbox 387 4433 2037 4506; baseline 0.001 -16"><span class='ocrx_word' id='word_1_511' title='bbox 387 4440 566 4491; x_wconf 90' lang='lat' dir='ltr'>runt:</span> <span class='ocrx_word' id='word_1_512' title='bbox 601 4435 880 4505; x_wconf 90' lang='lat' dir='ltr'>idoloque</span> <span class='ocrx_word' id='word_1_513' title='bbox 913 4433 1206 4506; x_wconf 86' lang='lat' dir='ltr'>Apollinis</span> <span class='ocrx_word' id='word_1_514' title='bbox 1233 4434 1318 4488; x_wconf 90' lang='lat' dir='ltr'>eis</span> <span class='ocrx_word' id='word_1_515' title='bbox 1350 4433 1715 4500; x_wconf 86' lang='lat' dir='ltr'>exhibito,ut</span> <span class='ocrx_word' id='word_1_516' title='bbox 1746 4434 1831 4488; x_wconf 90' lang='lat' dir='ltr'>illi</span> <span class='ocrx_word' id='word_1_517' title='bbox 1858 4438 2037 4491; x_wconf 88' lang='lat' dir='ltr'>sacri-</span> 
     </span>
    </p>
   </div>
   <div class='ocr_carea' id='block_1_87' title="bbox 390 4521 2037 4594">
    <p class='ocr_par' dir='ltr' id='par_1_87' title="bbox 390 4521 2037 4594">
     <span class='ocr_line' id='line_1_88' title="bbox 390 4521 2037 4594; baseline 0.001 -15"><span class='ocrx_word' id='word_1_518' title='bbox 390 4525 660 4592; x_wconf 88' lang='lat' dir='ltr'>ﬁcarent,</span> <span class='ocrx_word' id='word_1_519' title='bbox 723 4539 970 4579; x_wconf 90' lang='lat' dir='ltr'>currens</span> <span class='ocrx_word' id='word_1_520' title='bbox 1004 4523 1334 4578; x_wconf 77' lang='lat' dir='ltr'>Pasicrates</span> <span class='ocrx_word' id='word_1_521' title='bbox 1381 4522 1442 4576; x_wconf 90' lang='lat' dir='ltr'>in</span> <span class='ocrx_word' id='word_1_522' title='bbox 1475 4521 1622 4577; x_wconf 91' lang='lat' dir='ltr'>illud</span> <span class='ocrx_word' id='word_1_523' title='bbox 1655 4524 1906 4594; x_wconf 88' lang='lat' dir='ltr'>exspuit.</span> <span class='ocrx_word' id='word_1_524' title='bbox 1964 4529 2037 4581; x_wconf 83' lang='lat' dir='ltr'>At</span> 
     </span>
    </p>
   </div>
   <div class='ocr_carea' id='block_1_88' title="bbox 2150 4260 3809 4339">
    <p class='ocr_par' dir='ltr' id='par_1_88' title="bbox 2150 4260 3809 4339">
     <span class='ocr_line' id='line_1_89' title="bbox 2150 4260 3809 4339; baseline -0.002 -17"><span class='ocrx_word' id='word_1_525' title='bbox 2150 4267 2380 4337; x_wconf 86' lang='grc' dir='ltr'>Χριστὸν</span> <span class='ocrx_word' id='word_1_526' title='bbox 2414 4265 2545 4320; x_wconf 85' lang='grc' dir='ltr'>Θεὸν</span> <span class='ocrx_word' id='word_1_527' title='bbox 2580 4266 2713 4320; x_wconf 75' lang='grc' dir='ltr'>εἶναι</span> <span class='ocrx_word' id='word_1_528' title='bbox 2749 4264 3127 4339; x_wconf 74' lang='grc' dir='ltr'>ὡμαλόγησαν</span> <span class='ocrx_word' id='word_1_529' title='bbox 3187 4264 3374 4338; x_wconf 90' lang='grc' dir='ltr'>μόνον,</span> <span class='ocrx_word' id='word_1_530' title='bbox 3432 4262 3500 4319; x_wconf 86' lang='grc' dir='ltr'><strong>τᾶ</strong></span> <span class='ocrx_word' id='word_1_531' title='bbox 3557 4260 3614 4318; x_wconf 72' lang='grc' dir='ltr'>δὲ</span> <span class='ocrx_word' id='word_1_532' title='bbox 3644 4261 3809 4318; x_wconf 80' lang='grc' dir='ltr'>εἷ’δω-</span> 
     </span>
    </p>
   </div>
   <div class='ocr_carea' id='block_1_89' title="bbox 2151 4349 3806 4430">
    <p class='ocr_par' dir='ltr' id='par_1_89' title="bbox 2151 4349 3806 4430">
     <span class='ocr_line' id='line_1_90' title="bbox 2151 4349 3806 4430; baseline -0.002 -20"><span class='ocrx_word' id='word_1_533' title='bbox 2151 4354 2221 4410; x_wconf 92' lang='grc' dir='ltr'>λα</span> <span class='ocrx_word' id='word_1_534' title='bbox 2270 4356 2485 4430; x_wconf 72' lang='grc' dir='ltr'>ἄψυχον</span> <span class='ocrx_word' id='word_1_535' title='bbox 2541 4353 2702 4426; x_wconf 79' lang='grc' dir='ltr'>ὕλην.</span> <span class='ocrx_word' id='word_1_536' title='bbox 2768 4355 3144 4429; x_wconf 79' lang='grc' dir='ltr'>Κρατηθέντες</span> <span class='ocrx_word' id='word_1_537' title='bbox 3202 4351 3295 4407; x_wconf 78' lang='grc' dir='ltr'>οῦν</span> <span class='ocrx_word' id='word_1_538' title='bbox 3348 4349 3603 4428; x_wconf 78' lang='grc' dir='ltr'>ἤχθησαν</span> <span class='ocrx_word' id='word_1_539' title='bbox 3663 4353 3806 4428; x_wconf 85' lang='grc' dir='ltr'>πρὸς</span> 
     </span>
    </p>
   </div>
   <div class='ocr_carea' id='block_1_90' title="bbox 2145 4437 3806 4518">
    <p class='ocr_par' dir='ltr' id='par_1_90' title="bbox 2145 4437 3806 4518">
     <span class='ocr_line' id='line_1_91' title="bbox 2145 4437 3806 4518; baseline -0.002 -19"><span class='ocrx_word' id='word_1_540' title='bbox 2145 4444 2237 4499; x_wconf 86' lang='grc' dir='ltr'>τὸν</span> <span class='ocrx_word' id='word_1_541' title='bbox 2297 4445 2584 4518; x_wconf 77' lang='grc' dir='ltr'>ἡγεμόνα,</span> <span class='ocrx_word' id='word_1_542' title='bbox 2637 4443 2728 4499; x_wconf 82' lang='grc' dir='ltr'>καὶ</span> <span class='ocrx_word' id='word_1_543' title='bbox 2789 4439 3210 4518; x_wconf 78' lang='grc' dir='ltr'>ὑποδειχθέντος</span> <span class='ocrx_word' id='word_1_544' title='bbox 3261 4445 3358 4496; x_wconf 86' lang='grc' dir='ltr'>τοῦ</span> <span class='ocrx_word' id='word_1_545' title='bbox 3417 4437 3649 4496; x_wconf 69' lang='grc' dir='ltr'>εἰδώλου</span> <span class='ocrx_word' id='word_1_546' title='bbox 3707 4446 3806 4496; x_wconf 84' lang='grc' dir='ltr'>τοῦ</span> 
     </span>
    </p>
   </div>
   <div class='ocr_carea' id='block_1_91' title="bbox 2147 4528 3801 4604">
    <p class='ocr_par' dir='ltr' id='par_1_91' title="bbox 2147 4528 3801 4604">
     <span class='ocr_line' id='line_1_92' title="bbox 2147 4528 3801 4604; baseline -0.006 -14"><span class='ocrx_word' id='word_1_547' title='bbox 2147 4531 2528 4602; x_wconf 80' lang='grc' dir='ltr'>’Δπόλλωνος,</span> <span class='ocrx_word' id='word_1_548' title='bbox 2583 4529 2676 4586; x_wconf 69' lang='grc' dir='ltr'>’ἕνα</span> <span class='ocrx_word' id='word_1_549' title='bbox 2761 4531 2986 4602; x_wconf 87' lang='grc' dir='ltr'>θύσωσι,</span> <span class='ocrx_word' id='word_1_550' title='bbox 3070 4529 3295 4604; x_wconf 85' lang='grc' dir='ltr'>δραμὼν</span> <span class='ocrx_word' id='word_1_551' title='bbox 3366 4531 3393 4585; x_wconf 91' lang='lat'>6</span> <span class='ocrx_word' id='word_1_552' title='bbox 3454 4528 3801 4602; x_wconf 82' lang='grc' dir='ltr'>Πασικράτης</span> 
     </span>
    </p>
   </div>
   <div class='ocr_carea' id='block_1_92' title="bbox 390 4612 2066 4692">
    <p class='ocr_par' dir='ltr' id='par_1_92' title="bbox 390 4612 2039 4688">
     <span class='ocr_line' id='line_1_93' title="bbox 390 4612 2039 4688; baseline 0 -18"><span class='ocrx_word' id='word_1_553' title='bbox 390 4615 683 4671; x_wconf 90' lang='lat' dir='ltr'>accedens</span> <span class='ocrx_word' id='word_1_554' title='bbox 715 4615 813 4670; x_wconf 74' lang='lat'>69</span> <span class='ocrx_word' id='word_1_555' title='bbox 838 4613 910 4669; x_wconf 91' lang='lat' dir='ltr'>ad</span> <span class='ocrx_word' id='word_1_556' title='bbox 943 4612 1218 4668; x_wconf 91' lang='lat' dir='ltr'>eumdem</span> <span class='ocrx_word' id='word_1_557' title='bbox 1233 4613 1596 4668; x_wconf 90' lang='lat' dir='ltr'>Pasicratem</span> <span class='ocrx_word' id='word_1_558' title='bbox 1629 4613 1818 4684; x_wconf 84' lang='lat' dir='ltr'>ipsius</span> <span class='ocrx_word' id='word_1_559' title='bbox 1838 4614 2039 4688; x_wconf 86' lang='lat' dir='ltr'>frater,</span> 
     </span>
    </p>
   </div>
   <div class='ocr_carea' id='block_1_93' title="bbox 2184 4612 3796 4692">
    <p class='ocr_par' dir='ltr' id='par_1_93' title="bbox 2184 4617 3796 4692">
     <span class='ocr_line' id='line_1_94' title="bbox 2184 4617 3796 4692; baseline -0.004 -16"><span class='ocrx_word' id='word_1_560' title='bbox 2184 4622 2430 4676; x_wconf 82' lang='grc' dir='ltr'>νέπτυσεν</span> <span class='ocrx_word' id='word_1_561' title='bbox 2465 4621 2540 4683; x_wconf 78' lang='grc' dir='ltr'>εἷς</span> <span class='ocrx_word' id='word_1_562' title='bbox 2593 4617 2775 4678; x_wconf 76' lang='grc' dir='ltr'>αὐτόν.</span> <span class='ocrx_word' id='word_1_563' title='bbox 2812 4622 2913 4677; x_wconf 77' lang='grc' dir='ltr'>Καὶ</span> <span class='ocrx_word' id='word_1_564' title='bbox 2969 4620 3286 4692; x_wconf 84' lang='grc' dir='ltr'>προσελθὼν</span> <span class='ocrx_word' id='word_1_565' title='bbox 3344 4619 3493 4690; x_wconf 84' lang='grc' dir='ltr'>αύτῷ</span> <span class='ocrx_word' id='word_1_566' title='bbox 3547 4621 3626 4690; x_wconf 77' lang='grc' dir='ltr'>τῷ</span> <span class='ocrx_word' id='word_1_567' title='bbox 3682 4622 3796 4670; x_wconf 76' lang='grc' dir='ltr'>Πα-</span> 
     </span>
    </p>
   </div>
   <div class='ocr_carea' id='block_1_94' title="bbox 388 4702 2066 4791">
    <p class='ocr_par' dir='ltr' id='par_1_94' title="bbox 388 4705 2043 4779">
     <span class='ocr_line' id='line_1_95' title="bbox 388 4705 2043 4779; baseline 0.002 -17"><span class='ocrx_word' id='word_1_568' title='bbox 388 4708 680 4779; x_wconf 88' lang='lat' dir='ltr'>quipaulo</span> <span class='ocrx_word' id='word_1_569' title='bbox 712 4713 850 4762; x_wconf 92' lang='lat' dir='ltr'>ante</span> <span class='ocrx_word' id='word_1_570' title='bbox 874 4711 1308 4762; x_wconf 87' lang='lat' dir='ltr'>tormentorum</span> <span class='ocrx_word' id='word_1_571' title='bbox 1326 4711 1486 4760; x_wconf 91' lang='lat' dir='ltr'>metu</span> <span class='ocrx_word' id='word_1_572' title='bbox 1511 4722 1544 4760; x_wconf 90' lang='lat' dir='ltr'>a</span> <span class='ocrx_word' id='word_1_573' title='bbox 1565 4705 1796 4761; x_wconf 87' lang='lat' dir='ltr'>Christo</span> <span class='ocrx_word' id='word_1_574' title='bbox 1819 4706 2043 4764; x_wconf 83' lang='lat' dir='ltr'>defece-</span> 
     </span>
    </p>
   </div>
   <div class='ocr_carea' id='block_1_95' title="bbox 2184 4702 3804 4791">
    <p class='ocr_par' dir='ltr' id='par_1_95' title="bbox 2190 4702 3804 4791">
     <span class='ocr_line' id='line_1_96' title="bbox 2190 4702 3804 4791; baseline -0.004 -23"><span class='ocrx_word' id='word_1_575' title='bbox 2190 4714 2393 4789; x_wconf 88' lang='grc' dir='ltr'>ικράτει</span> <span class='ocrx_word' id='word_1_576' title='bbox 2424 4714 2450 4767; x_wconf 84' lang='lat'>6</span> <span class='ocrx_word' id='word_1_577' title='bbox 2485 4709 2718 4791; x_wconf 83' lang='grc' dir='ltr'>ἀδελφὸς</span> <span class='ocrx_word' id='word_1_578' title='bbox 2776 4712 2961 4783; x_wconf 80' lang='grc' dir='ltr'>αὐτοῦ,</span> <span class='ocrx_word' id='word_1_579' title='bbox 3021 4713 3049 4766; x_wconf 91' lang='lat'>6</span> <span class='ocrx_word' id='word_1_580' title='bbox 3106 4711 3212 4784; x_wconf 84' lang='grc' dir='ltr'>πρὸ</span> <span class='ocrx_word' id='word_1_581' title='bbox 3273 4711 3471 4786; x_wconf 86' lang='grc' dir='ltr'>μικροῦ</span> <span class='ocrx_word' id='word_1_582' title='bbox 3514 4705 3603 4764; x_wconf 69' lang='grc' dir='ltr'>διὸ⁴</span> <span class='ocrx_word' id='word_1_583' title='bbox 3632 4702 3804 4786; x_wconf 73' lang='grc' dir='ltr'>φόϐον</span> 
     </span>
    </p>
   </div>
   <div class='ocr_carea' id='block_1_96' title="bbox 386 4796 2066 4877">
    <p class='ocr_par' dir='ltr' id='par_1_96' title="bbox 386 4799 2041 4871">
     <span class='ocr_line' id='line_1_97' title="bbox 386 4799 2041 4871; baseline 0.002 -17"><span class='ocrx_word' id='word_1_584' title='bbox 386 4805 500 4869; x_wconf 90' lang='lat' dir='ltr'>rat,</span> <span class='ocrx_word' id='word_1_585' title='bbox 532 4801 585 4854; x_wconf 90' lang='lat' dir='ltr'>ei</span> <span class='ocrx_word' id='word_1_586' title='bbox 618 4800 868 4855; x_wconf 91' lang='lat' dir='ltr'>suadere</span> <span class='ocrx_word' id='word_1_587' title='bbox 899 4800 1250 4868; x_wconf 88' lang='lat' dir='ltr'>conabatur,</span> <span class='ocrx_word' id='word_1_588' title='bbox 1282 4805 1349 4854; x_wconf 94' lang='lat' dir='ltr'>ut</span> <span class='ocrx_word' id='word_1_589' title='bbox 1404 4799 1699 4869; x_wconf 89' lang='lat' dir='ltr'>adoraret,</span> <span class='ocrx_word' id='word_1_590' title='bbox 1736 4805 1913 4871; x_wconf 89' lang='lat' dir='ltr'>atque</span> <span class='ocrx_word' id='word_1_591' title='bbox 1959 4803 2041 4859; x_wconf 90' lang='lat' dir='ltr'>ita</span> 
     </span>
    </p>
   </div>
   <div class='ocr_carea' id='block_1_97' title="bbox 2184 4796 3804 4877">
    <p class='ocr_par' dir='ltr' id='par_1_97' title="bbox 2184 4796 3804 4877">
     <span class='ocr_line' id='line_1_98' title="bbox 2184 4796 3804 4877; baseline -0.004 -19"><span class='ocrx_word' id='word_1_592' title='bbox 2184 4803 2241 4858; x_wconf 86' lang='grc' dir='ltr'>ὸν</span> <span class='ocrx_word' id='word_1_593' title='bbox 2299 4801 2530 4877; x_wconf 85' lang='grc' dir='ltr'>Χριστὸν</span> <span class='ocrx_word' id='word_1_594' title='bbox 2588 4801 2990 4875; x_wconf 87' lang='grc' dir='ltr'>ἀρνησάμενος,</span> <span class='ocrx_word' id='word_1_595' title='bbox 3053 4796 3410 4855; x_wconf 78' lang='grc' dir='ltr'>συνεϐούλευε</span> <span class='ocrx_word' id='word_1_596' title='bbox 3467 4803 3646 4868; x_wconf 87' lang='grc' dir='ltr'>θῦσαι,</span> <span class='ocrx_word' id='word_1_597' title='bbox 3709 4797 3804 4853; x_wconf 83' lang='grc' dir='ltr'>καὶ</span> 
     </span>
    </p>
   </div>
   <div class='ocr_carea' id='block_1_98' title="bbox 391 4883 2066 4966">
    <p class='ocr_par' dir='ltr' id='par_1_98' title="bbox 391 4892 2038 4964">
     <span class='ocr_line' id='line_1_99' title="bbox 391 4892 2038 4964; baseline 0.002 -17"><span class='ocrx_word' id='word_1_598' title='bbox 391 4898 694 4948; x_wconf 89' lang='lat' dir='ltr'>tormenta</span> <span class='ocrx_word' id='word_1_599' title='bbox 725 4893 988 4949; x_wconf 88' lang='lat' dir='ltr'>evitaret.</span> <span class='ocrx_word' id='word_1_600' title='bbox 1030 4893 1137 4948; x_wconf 90' lang='lat' dir='ltr'>llle</span> <span class='ocrx_word' id='word_1_601' title='bbox 1187 4909 1323 4948; x_wconf 85' lang='lat' dir='ltr'>vero</span> <span class='ocrx_word' id='word_1_602' title='bbox 1381 4892 1625 4948; x_wconf 86' lang='lat' dir='ltr'>fratrem</span> <span class='ocrx_word' id='word_1_603' title='bbox 1658 4892 1898 4964; x_wconf 91' lang='lat' dir='ltr'>repulit,</span> <span class='ocrx_word' id='word_1_604' title='bbox 1933 4912 2038 4951; x_wconf 91' lang='lat' dir='ltr'>sua</span> 
     </span>
    </p>
   </div>
   <div class='ocr_carea' id='block_1_99' title="bbox 2184 4883 3804 4966">
    <p class='ocr_par' dir='ltr' id='par_1_99' title="bbox 2185 4883 3804 4966">
     <span class='ocr_line' id='line_1_100' title="bbox 2185 4883 3804 4966; baseline -0.003 -20"><span class='ocrx_word' id='word_1_605' title='bbox 2185 4889 2543 4966; x_wconf 80' lang='grc' dir='ltr'>παλλαγῆναι</span> <span class='ocrx_word' id='word_1_606' title='bbox 2601 4894 2712 4945; x_wconf 82' lang='grc' dir='ltr'>τῶν</span> <span class='ocrx_word' id='word_1_607' title='bbox 2779 4891 3047 4966; x_wconf 88' lang='grc' dir='ltr'>βασανων.</span> <span class='ocrx_word' id='word_1_608' title='bbox 3078 4890 3140 4947; x_wconf 90' lang='grc' dir='ltr'>Ὁ</span> <span class='ocrx_word' id='word_1_609' title='bbox 3169 4887 3226 4944; x_wconf 73' lang='grc' dir='ltr'>δὲ</span> <span class='ocrx_word' id='word_1_610' title='bbox 3251 4887 3508 4943; x_wconf 81' lang='grc' dir='ltr'>ἀπώσατο</span> <span class='ocrx_word' id='word_1_611' title='bbox 3541 4883 3804 4964; x_wconf 83' lang='grc' dir='ltr'>ἀδελφὸν,</span> 
     </span>
    </p>
   </div>
   <div class='ocr_carea' id='block_1_100' title="bbox 388 4977 2066 5054">
    <p class='ocr_par' dir='ltr' id='par_1_100' title="bbox 388 4979 2037 5054">
     <span class='ocr_line' id='line_1_101' title="bbox 388 4979 2037 5054; baseline 0.002 -19"><span class='ocrx_word' id='word_1_612' title='bbox 388 4981 743 5051; x_wconf 88' lang='lat' dir='ltr'>cognatione</span> <span class='ocrx_word' id='word_1_613' title='bbox 772 4997 906 5034; x_wconf 90' lang='lat' dir='ltr'>eum</span> <span class='ocrx_word' id='word_1_614' title='bbox 939 4979 1250 5052; x_wconf 87' lang='lat' dir='ltr'>indignum</span> <span class='ocrx_word' id='word_1_615' title='bbox 1281 4979 1611 5051; x_wconf 88' lang='lat' dir='ltr'>appellans.</span> <span class='ocrx_word' id='word_1_616' title='bbox 1642 4981 2037 5054; x_wconf 87' lang='lat' dir='ltr'>Interrogatus</span> 
     </span>
    </p>
   </div>
   <div class='ocr_carea' id='block_1_101' title="bbox 2184 4977 3806 5054">
    <p class='ocr_par' dir='ltr' id='par_1_101' title="bbox 2184 4977 3806 5054">
     <span class='ocr_line' id='line_1_102' title="bbox 2184 4977 3806 5054; baseline -0.002 -19"><span class='ocrx_word' id='word_1_617' title='bbox 2184 4981 2364 5051; x_wconf 81' lang='grc' dir='ltr'>νάξιον</span> <span class='ocrx_word' id='word_1_618' title='bbox 2401 4979 2558 5035; x_wconf 74' lang='grc' dir='ltr'>αὐτὸν</span> <span class='ocrx_word' id='word_1_619' title='bbox 2594 4979 2762 5035; x_wconf 82' lang='grc' dir='ltr'>εἰπὼν</span> <span class='ocrx_word' id='word_1_620' title='bbox 2787 4986 2889 5049; x_wconf 82' lang='grc' dir='ltr'>τῆς</span> <span class='ocrx_word' id='word_1_621' title='bbox 2910 4979 3076 5034; x_wconf 82' lang='grc' dir='ltr'>αὐτοῦ</span> <span class='ocrx_word' id='word_1_622' title='bbox 3108 4977 3432 5054; x_wconf 84' lang='grc' dir='ltr'>συγγενείας.</span> <span class='ocrx_word' id='word_1_623' title='bbox 3461 4978 3806 5054; x_wconf 79' lang='grc' dir='ltr'>Ἐρωτηθέν-</span> 
     </span>
    </p>
   </div>
   <div class='ocr_carea' id='block_1_102' title="bbox 385 5065 2066 5144">
    <p class='ocr_par' dir='ltr' id='par_1_102' title="bbox 385 5068 2035 5138">
     <span class='ocr_line' id='line_1_103' title="bbox 385 5068 2035 5138; baseline 0.001 -13"><span class='ocrx_word' id='word_1_624' title='bbox 385 5068 601 5125; x_wconf 90' lang='lat' dir='ltr'>deinde</span> <span class='ocrx_word' id='word_1_625' title='bbox 626 5074 867 5124; x_wconf 89' lang='lat' dir='ltr'>sanctus</span> <span class='ocrx_word' id='word_1_626' title='bbox 891 5069 1263 5138; x_wconf 87' lang='lat' dir='ltr'>Valentinus,</span> <span class='ocrx_word' id='word_1_627' title='bbox 1299 5069 1505 5124; x_wconf 87' lang='lat' dir='ltr'>eadem</span> <span class='ocrx_word' id='word_1_628' title='bbox 1557 5086 1694 5124; x_wconf 91' lang='lat' dir='ltr'>cum</span> <span class='ocrx_word' id='word_1_629' title='bbox 1736 5071 2035 5127; x_wconf 90' lang='lat' dir='ltr'>Pasicrate</span> 
     </span>
    </p>
   </div>
   <div class='ocr_carea' id='block_1_103' title="bbox 2184 5065 3801 5144">
    <p class='ocr_par' dir='ltr' id='par_1_103' title="bbox 2184 5065 3801 5144">
     <span class='ocr_line' id='line_1_104' title="bbox 2184 5065 3801 5144; baseline -0.002 -19"><span class='ocrx_word' id='word_1_630' title='bbox 2184 5091 2238 5132; x_wconf 85' lang='grc' dir='ltr'>ος</span> <span class='ocrx_word' id='word_1_631' title='bbox 2271 5066 2329 5124; x_wconf 73' lang='grc' dir='ltr'>δὲ</span> <span class='ocrx_word' id='word_1_632' title='bbox 2357 5072 2454 5124; x_wconf 89' lang='grc' dir='ltr'>τοῦ</span> <span class='ocrx_word' id='word_1_633' title='bbox 2486 5067 2647 5144; x_wconf 73' lang='grc' dir='ltr'>ἁγίου</span> <span class='ocrx_word' id='word_1_634' title='bbox 2679 5066 3034 5138; x_wconf 87' lang='grc' dir='ltr'>Βαλεντίνου,</span> <span class='ocrx_word' id='word_1_635' title='bbox 3059 5065 3146 5124; x_wconf 74' lang='grc' dir='ltr'>καὶ</span> <span class='ocrx_word' id='word_1_636' title='bbox 3173 5068 3241 5123; x_wconf 80' lang='grc' dir='ltr'>τὰ</span> <span class='ocrx_word' id='word_1_637' title='bbox 3271 5065 3440 5140; x_wconf 74' lang='grc' dir='ltr'>ὅμοια</span> <span class='ocrx_word' id='word_1_638' title='bbox 3469 5071 3688 5144; x_wconf 87' lang='grc' dir='ltr'>φρονεῖν</span> <span class='ocrx_word' id='word_1_639' title='bbox 3718 5070 3801 5139; x_wconf 78' lang='grc' dir='ltr'>τῷ</span> 
     </span>
    </p>
   </div>
   <div class='ocr_carea' id='block_1_104' title="bbox 384 5155 2066 5238">
    <p class='ocr_par' dir='ltr' id='par_1_104' title="bbox 384 5156 2034 5229">
     <span class='ocr_line' id='line_1_105' title="bbox 384 5156 2034 5229; baseline 0.002 -15"><span class='ocrx_word' id='word_1_640' title='bbox 384 5158 606 5214; x_wconf 86' lang='lat' dir='ltr'>sentire</span> <span class='ocrx_word' id='word_1_641' title='bbox 639 5175 700 5214; x_wconf 89' lang='lat' dir='ltr'>se</span> <span class='ocrx_word' id='word_1_642' title='bbox 732 5157 1074 5228; x_wconf 88' lang='lat' dir='ltr'>respondit:</span> <span class='ocrx_word' id='word_1_643' title='bbox 1101 5174 1168 5213; x_wconf 90' lang='lat' dir='ltr'>ac</span> <span class='ocrx_word' id='word_1_644' title='bbox 1186 5156 1435 5229; x_wconf 88' lang='lat' dir='ltr'>proinde</span> <span class='ocrx_word' id='word_1_645' title='bbox 1456 5157 1631 5214; x_wconf 88' lang='lat' dir='ltr'>ambo</span> <span class='ocrx_word' id='word_1_646' title='bbox 1655 5175 2034 5217; x_wconf 88' lang='lat' dir='ltr'>summacum</span> 
     </span>
    </p>
   </div>
   <div class='ocr_carea' id='block_1_105' title="bbox 2184 5155 3806 5238">
    <p class='ocr_par' dir='ltr' id='par_1_105' title="bbox 2184 5155 3806 5238">
     <span class='ocr_line' id='line_1_106' title="bbox 2184 5155 3806 5238; baseline -0.001 -25"><span class='ocrx_word' id='word_1_647' title='bbox 2184 5161 2468 5233; x_wconf 69' lang='lat' dir='ltr'>lactxpattn</span> <span class='ocrx_word' id='word_1_648' title='bbox 2525 5157 2796 5228; x_wconf 75' lang='grc' dir='ltr'>εἰπόντος,</span> <span class='ocrx_word' id='word_1_649' title='bbox 2874 5157 3177 5238; x_wconf 84' lang='grc' dir='ltr'>ἀμφότεροι</span> <span class='ocrx_word' id='word_1_650' title='bbox 3235 5157 3330 5220; x_wconf 78' lang='grc' dir='ltr'>τὰς</span> <span class='ocrx_word' id='word_1_651' title='bbox 3387 5155 3574 5230; x_wconf 89' lang='grc' dir='ltr'>τιμίας</span> <span class='ocrx_word' id='word_1_652' title='bbox 3627 5155 3806 5212; x_wconf 83' lang='grc' dir='ltr'>αὐτῶν</span> 
     </span>
    </p>
   </div>
   <div class='ocr_carea' id='block_1_106' title="bbox 381 5245 2066 5328">
    <p class='ocr_par' dir='ltr' id='par_1_106' title="bbox 381 5245 2036 5323">
     <span class='ocr_line' id='line_1_107' title="bbox 381 5245 2036 5323; baseline 0.003 -21"><span class='ocrx_word' id='word_1_653' title='bbox 381 5247 590 5302; x_wconf 71' lang='lat' dir='ltr'>lzetitia</span> <span class='ocrx_word' id='word_1_654' title='bbox 617 5247 895 5318; x_wconf 89' lang='lat' dir='ltr'>pretiosis</span> <span class='ocrx_word' id='word_1_655' title='bbox 927 5245 1219 5318; x_wconf 88' lang='lat' dir='ltr'>capitibus</span> <span class='ocrx_word' id='word_1_656' title='bbox 1277 5246 1432 5317; x_wconf 83' lang='lat' dir='ltr'>plexi</span> <span class='ocrx_word' id='word_1_657' title='bbox 1458 5253 1618 5312; x_wconf 90' lang='lat' dir='ltr'>sunt,</span> <span class='ocrx_word' id='word_1_658' title='bbox 1652 5265 1787 5305; x_wconf 90' lang='lat' dir='ltr'>cum</span> <span class='ocrx_word' id='word_1_659' title='bbox 1819 5255 1877 5305; x_wconf 92' lang='lat' dir='ltr'>et</span> <span class='ocrx_word' id='word_1_660' title='bbox 1906 5251 2036 5323; x_wconf 86' lang='lat' dir='ltr'>ipsa</span> 
     </span>
    </p>
   </div>
   <div class='ocr_carea' id='block_1_107' title="bbox 2184 5245 3807 5328">
    <p class='ocr_par' dir='ltr' id='par_1_107' title="bbox 2184 5247 3807 5328">
     <span class='ocr_line' id='line_1_108' title="bbox 2184 5247 3807 5328; baseline -0.001 -23"><span class='ocrx_word' id='word_1_661' title='bbox 2184 5248 2380 5328; x_wconf 78' lang='grc' dir='ltr'>εφαλᾶς</span> <span class='ocrx_word' id='word_1_662' title='bbox 2410 5249 2699 5325; x_wconf 83' lang='grc' dir='ltr'>χαίροντες</span> <span class='ocrx_word' id='word_1_663' title='bbox 2759 5250 3172 5326; x_wconf 69' lang='grc' dir='ltr'>ἀπετμήθησαν,</span> <span class='ocrx_word' id='word_1_664' title='bbox 3229 5253 3331 5316; x_wconf 80' lang='grc' dir='ltr'>τῆς</span> <span class='ocrx_word' id='word_1_665' title='bbox 3389 5247 3598 5324; x_wconf 83' lang='grc' dir='ltr'>μητρὸς</span> <span class='ocrx_word' id='word_1_666' title='bbox 3632 5250 3807 5306; x_wconf 86' lang='grc' dir='ltr'>Πασι-</span> 
     </span>
    </p>
   </div>
   <div class='ocr_carea' id='block_1_108' title="bbox 378 5332 2066 5415">
    <p class='ocr_par' dir='ltr' id='par_1_108' title="bbox 378 5332 2034 5404">
     <span class='ocr_line' id='line_1_109' title="bbox 378 5332 2034 5404; baseline 0.001 -13"><span class='ocrx_word' id='word_1_667' title='bbox 378 5335 694 5391; x_wconf 89' lang='lat' dir='ltr'>Pasicratis</span> <span class='ocrx_word' id='word_1_668' title='bbox 727 5339 918 5389; x_wconf 90' lang='lat' dir='ltr'>mater</span> <span class='ocrx_word' id='word_1_669' title='bbox 949 5349 1212 5404; x_wconf 81' lang='lat' dir='ltr'>praesens</span> <span class='ocrx_word' id='word_1_670' title='bbox 1244 5339 1420 5397; x_wconf 89' lang='lat' dir='ltr'>esset,</span> <span class='ocrx_word' id='word_1_671' title='bbox 1452 5332 1762 5404; x_wconf 79' lang='lat' dir='ltr'>filiumque</span> <span class='ocrx_word' id='word_1_672' title='bbox 1785 5335 1859 5391; x_wconf 89' lang='lat' dir='ltr'>ad</span> <span class='ocrx_word' id='word_1_673' title='bbox 1882 5353 2034 5394; x_wconf 90' lang='lat' dir='ltr'>mar-</span> 
     </span>
    </p>
   </div>
   <div class='ocr_carea' id='block_1_109' title="bbox 2184 5332 3806 5415">
    <p class='ocr_par' dir='ltr' id='par_1_109' title="bbox 2184 5337 3806 5415">
     <span class='ocr_line' id='line_1_110' title="bbox 2184 5337 3806 5415; baseline 0.001 -22"><span class='ocrx_word' id='word_1_674' title='bbox 2184 5339 2372 5412; x_wconf 84' lang='grc' dir='ltr'>ράτους</span> <span class='ocrx_word' id='word_1_675' title='bbox 2404 5337 2693 5415; x_wconf 89' lang='grc' dir='ltr'>παρούσης</span> <span class='ocrx_word' id='word_1_676' title='bbox 2743 5341 2835 5396; x_wconf 86' lang='grc' dir='ltr'>καὶ</span> <span class='ocrx_word' id='word_1_677' title='bbox 2895 5340 3424 5415; x_wconf 89' lang='grc' dir='ltr'>προθυμοποιούσης</span> <span class='ocrx_word' id='word_1_678' title='bbox 3479 5339 3642 5395; x_wconf 79' lang='grc' dir='ltr'>αὐτὸν</span> <span class='ocrx_word' id='word_1_679' title='bbox 3664 5339 3806 5415; x_wconf 86' lang='grc' dir='ltr'>πρὸς</span> 
     </span>
    </p>
   </div>
   <div class='ocr_carea' id='block_1_110' title="bbox 378 5421 2066 5504">
    <p class='ocr_par' dir='ltr' id='par_1_110' title="bbox 378 5421 1782 5496">
     <span class='ocr_line' id='line_1_111' title="bbox 378 5421 1782 5496; baseline 0.001 -17"><span class='ocrx_word' id='word_1_680' title='bbox 378 5423 603 5496; x_wconf 84' lang='lat' dir='ltr'>tyrium</span> <span class='ocrx_word' id='word_1_681' title='bbox 637 5422 914 5479; x_wconf 90' lang='lat' dir='ltr'>alacriter</span> <span class='ocrx_word' id='word_1_682' title='bbox 942 5421 1317 5477; x_wconf 89' lang='lat' dir='ltr'>subeundum</span> <span class='ocrx_word' id='word_1_683' title='bbox 1345 5421 1782 5481; x_wconf 89' lang='lat' dir='ltr'>adhortaretur.</span> 
     </span>
    </p>
   </div>
   <div class='ocr_carea' id='block_1_111' title="bbox 2184 5421 2557 5504">
    <p class='ocr_par' dir='ltr' id='par_1_111' title="bbox 2184 5427 2557 5504">
     <span class='ocr_line' id='line_1_112' title="bbox 2184 5427 2557 5504; baseline 0.011 -22"><span class='ocrx_word' id='word_1_684' title='bbox 2184 5427 2201 5482; x_wconf 71' lang='grc'><strong>5</strong></span> <span class='ocrx_word' id='word_1_685' title='bbox 2237 5427 2557 5504; x_wconf 89' lang='grc' dir='ltr'>μαρτύριον.</span> 
     </span>
    </p>
   </div>
   <div class='ocr_carea' id='block_1_112' title="bbox 444 5529 1959 5610">
    <p class='ocr_par' dir='ltr' id='par_1_112' title="bbox 444 5529 1959 5610">
     <span class='ocr_line' id='line_1_113' title="bbox 444 5529 1959 5610; baseline 0.002 -23"><span class='ocrx_word' id='word_1_686' title='bbox 444 5532 512 5587; x_wconf 82' lang='lat' dir='ltr'>Et</span> <span class='ocrx_word' id='word_1_687' title='bbox 538 5537 809 5587; x_wconf 78' lang='lat' dir='ltr'>certamen</span> <span class='ocrx_word' id='word_1_688' title='bbox 838 5531 1016 5585; x_wconf 79' lang='lat' dir='ltr'>sancti</span> <span class='ocrx_word' id='word_1_689' title='bbox 1046 5530 1316 5610; x_wconf 66' lang='lat' dir='ltr'>martyris</span> <span class='ocrx_word' id='word_1_690' title='bbox 1338 5529 1581 5599; x_wconf 78' lang='lat' dir='ltr'>Eusebii,</span> <span class='ocrx_word' id='word_1_691' title='bbox 1616 5535 1667 5584; x_wconf 80' lang='lat' dir='ltr'>et</span> <span class='ocrx_word' id='word_1_692' title='bbox 1687 5533 1959 5590; x_wconf 81' lang='lat' dir='ltr'>sociorum</span> 
     </span>
    </p>
   </div>
   <div class='ocr_carea' id='block_1_113' title="bbox 1123 5617 1263 5671">
    <p class='ocr_par' dir='ltr' id='par_1_113' title="bbox 1123 5617 1263 5671">
     <span class='ocr_line' id='line_1_114' title="bbox 1123 5617 1263 5671; baseline 0.007 -14"><span class='ocrx_word' id='word_1_693' title='bbox 1123 5617 1263 5671; x_wconf 66' lang='lat' dir='ltr'>ejus.</span> 
     </span>
    </p>
   </div>
   <div class='ocr_carea' id='block_1_114' title="bbox 443 5700 2025 5781">
    <p class='ocr_par' dir='ltr' id='par_1_114' title="bbox 443 5700 2025 5781">
     <span class='ocr_line' id='line_1_115' title="bbox 443 5700 2025 5781; baseline 0.003 -21"><span class='ocrx_word' id='word_1_694' title='bbox 443 5704 584 5761; x_wconf 92' lang='lat' dir='ltr'>Post</span> <span class='ocrx_word' id='word_1_695' title='bbox 637 5707 893 5761; x_wconf 91' lang='lat' dir='ltr'>mortem</span> <span class='ocrx_word' id='word_1_696' title='bbox 943 5701 1131 5758; x_wconf 90' lang='lat' dir='ltr'>sancti</span> <span class='ocrx_word' id='word_1_697' title='bbox 1191 5701 1390 5774; x_wconf 86' lang='lat' dir='ltr'>magni</span> <span class='ocrx_word' id='word_1_698' title='bbox 1449 5700 1728 5772; x_wconf 80' lang='lat' dir='ltr'>martyris</span> <span class='ocrx_word' id='word_1_699' title='bbox 1772 5702 2025 5781; x_wconf 87' lang='lat' dir='ltr'>Georgii,</span> 
     </span>
    </p>
   </div>
   <div class='ocr_carea' id='block_1_115' title="bbox 2210 5541 3726 5624">
    <p class='ocr_par' dir='ltr' id='par_1_115' title="bbox 2210 5541 3726 5624">
     <span class='ocr_line' id='line_1_116' title="bbox 2210 5541 3726 5624; baseline -0.001 -26"><span class='ocrx_word' id='word_1_700' title='bbox 2210 5545 2311 5599; x_wconf 79' lang='grc' dir='ltr'>Καὶ</span> <span class='ocrx_word' id='word_1_701' title='bbox 2344 5544 2576 5617; x_wconf 80' lang='grc' dir='ltr'>ἄθλησις</span> <span class='ocrx_word' id='word_1_702' title='bbox 2632 5551 2729 5602; x_wconf 88' lang='grc' dir='ltr'>τοῦ</span> <span class='ocrx_word' id='word_1_703' title='bbox 2775 5547 3262 5624; x_wconf 28' lang='grc' dir='ltr'>ἁγίου-,μάρτῇυρος</span> <span class='ocrx_word' id='word_1_704' title='bbox 3310 5541 3600 5615; x_wconf 76' lang='grc' dir='ltr'>Εὖσεϐίου,</span> <span class='ocrx_word' id='word_1_705' title='bbox 3633 5544 3726 5599; x_wconf 87' lang='grc' dir='ltr'>καὶ</span> 
     </span>
    </p>
   </div>
   <div class='ocr_carea' id='block_1_116' title="bbox 2659 5617 3267 5689">
    <p class='ocr_par' dir='ltr' id='par_1_116' title="bbox 2659 5617 3267 5689">
     <span class='ocr_line' id='line_1_117' title="bbox 2659 5617 3267 5689; baseline 0.007 -15"><span class='ocrx_word' id='word_1_706' title='bbox 2659 5625 2759 5689; x_wconf 83' lang='grc' dir='ltr'>τῆς</span> <span class='ocrx_word' id='word_1_707' title='bbox 2801 5617 3048 5683; x_wconf 78' lang='grc' dir='ltr'>συνοδίας</span> <span class='ocrx_word' id='word_1_708' title='bbox 3068 5617 3267 5679; x_wconf 77' lang='grc' dir='ltr'>ἀύτοῦ.</span> 
     </span>
    </p>
   </div>
   <div class='ocr_carea' id='block_1_117' title="bbox 2211 5713 3799 5796">
    <p class='ocr_par' dir='ltr' id='par_1_117' title="bbox 2211 5713 3799 5796">
     <span class='ocr_line' id='line_1_118' title="bbox 2211 5713 3799 5796; baseline -0.004 -23"><span class='ocrx_word' id='word_1_709' title='bbox 2211 5713 2368 5773; x_wconf 81' lang='grc' dir='ltr'>Μετὰ</span> <span class='ocrx_word' id='word_1_710' title='bbox 2394 5713 2659 5788; x_wconf 80' lang='grc' dir='ltr'>τελευτὴν</span> <span class='ocrx_word' id='word_1_711' title='bbox 2717 5721 2816 5774; x_wconf 89' lang='grc' dir='ltr'>τοῦ</span> <span class='ocrx_word' id='word_1_712' title='bbox 2873 5717 3033 5795; x_wconf 79' lang='grc' dir='ltr'>ἁγίου</span> <span class='ocrx_word' id='word_1_713' title='bbox 3075 5716 3563 5796; x_wconf 85' lang='grc' dir='ltr'>μεγαλομάρτυρος</span> <span class='ocrx_word' id='word_1_714' title='bbox 3613 5719 3799 5789; x_wconf 67' lang='grc' dir='ltr'>Γεωρ-</span> 
     </span>
    </p>
   </div>
  </div>
