4158 6310
288 339 400 400 431

1843 301 2183 400 Apnms.

3573 349 3693 408 429
3730 367 3742 386 '

293 474 414 550 γίου
502 469 824 549 προσέταξεν
919 472 947 528 ὁ
1005 470 1398 544 Διοκλητιανὸς
1476 475 1574 528 τοῦ
1651 470 1927 528 πανταχοῦ

2047 473 2330 546 prmcepit
2361 473 2863 544 Diocletianus,ut
2892 476 3230 548 omnes,qui
3260 477 3484 550 ubique
3508 483 3698 537 terra-

294 559 710 636 εὑρισκομένους
793 560 1168 636 Χριστιανοὺς,
1227 561 1316 616 καί
1385 559 1623 634 μάλιστα
1675 559 1802 621 τοὺς
1861 555 1928 612 δι’

289 648 444 704 αὐτὸν
505 652 581 712 εἰς
638 649 880 724 φυλακὰς
939 649 1417 715 ἀποκλεισθέντας,
1448 645 1484 718 ἤ
1543 647 1766 710 θύοντας
1817 652 1934 708 τοῖς

285 735 664 812 ψευδωνόμοις
697 744 839 803 θεοῖς
872 738 1238 810 ἀπολυθῆναι,
1281 738 1372 793 καὶ
1406 733 1700 811 διατρίϐειν
1736 736 1789 796 ἐν
1816 743 1934 802 τοῖς

286 834 470 900 ζῶσιν,
502 828 539 900 ἢ
573 831 650 904 μή
681 835 844 885 τοῦτο
888 833 1182 892 ποιοῦντας
1243 828 1487 904 ἰσχυρῶς
1525 827 1931 903 βασανίζεσθαι,

281 919 374 974 καὶ
454 918 766 978 τελευταῖον
824 922 893 994 τῇ
975 923 1072 974 τοῦ
1157 919 1388 984 θανάτου
1472 919 1930 993 παραπέμπεσθαι

285 1011 476 1086 ψήφῳ.
512 1008 660 1064 Ἐπεὶ
692 1007 750 1064 δὲ
804 1008 894 1064 καὶ
953 1008 1102 1064 οὗτοι
1163 1009 1216 1062 οἱ
1295 1009 1442 1084 ἅγιοι
1520 1009 1586 1062 τά
1638 1007 1784 1082 παρὰ
1838 1011 1935 1062 τοῦ

287 1097 778 1174 μεγαλομάρτυρος
835 1097 1106 1176 Γεωργίου
1165 1097 1431 1173 γεγονότα
1498 1096 1749 1170 θαύματα
1810 1107 1932 1161 θεα-

278 1188 527 1260 σάμενοι,
603 1186 692 1242 καὶ
777 1189 996 1260 Χριστῷ
1093 1186 1494 1255 πιστεύσαντες,
1556 1185 1633 1250 εἰς
1683 1185 1934 1263 φυλακὴν

276 1277 731 1347 ἀπεκλείσθησαν
779 1278 866 1331 καὶ
919 1282 1019 1347 τῆς
1065 1275 1312 1354 φυλακῆς
1345 1273 1678 1350 ἐξελθόντες,
1710 1277 1797 1331 καὶ
1857 1280 1936 1348 τῷ

273 1367 523 1442 τυράννῳ
553 1366 940 1441 παραστάντες,
998 1365 1366 1441 ἠναγκάζοντο
1426 1366 1758 1440 ἀρνήσασθαι
1830 1365 1928 1438 μὶν

277 1456 367 1511 τὸν
397 1455 660 1529 Χριστὸν,
694 1457 847 1510 θῦσαι
881 1451 938 1509 δὲ
983 1459 1106 1515 τοῖς
1153 1451 1429 1516 εἰδώλοις⁶
1481 1452 1570 1508 καὶ
1632 1453 1731 1508 οὐκ
1787 1451 1934 1510 ἐπεί-

283 1546 514 1616 σθησανο
572 1549 791 1620 πρῶτον
870 1545 970 1617 μὲν
1022 1544 1397 1620 γυμνωθέντες
1464 1543 1772 1616 ἐξέσθησαν,
1829 1539 1934 1607 ἕως

280 1635 332 1689 αἰ
362 1634 565 1708 σάρκες
595 1632 771 1688 αὐτῶν
817 1633 903 1688 ἐπὶ
960 1635 1059 1703 τὴν
1117 1639 1219 1708 γῆν
1267 1631 1645 1708 κατέρῥευσαν.
1707 1634 1935 1688 Ἔπειτα

277 1724 675 1798 κρεμασθέντες
759 1723 1062 1800 ἐτύφθησαν
1144 1719 1401 1800 ἀφειδῶς,
1463 1720 1660 1796 μέχρις
1723 1722 1784 1776 οὗ
1866 1721 1934 1777 τά

2043 581 2170 620 rum
2202 566 2520 622 Christiani
2563 567 3009 635 invenirentur,
3044 583 3110 622 ac
3142 568 3474 638 praesertim
3497 569 3558 636 ii,
3593 572 3694 641 qui

2043 664 2288 730 propter
2317 661 2510 732 ipsum
2543 666 2820 716 sanctum
2851 660 3166 732 Georgium
3205 660 3266 714 in
3299 677 3565 716 carceres
3595 663 3695 717 de-

2045 753 2193 808 trusi
2230 752 2486 818 fuerant,
2520 754 2612 809 vel
2643 755 2812 810 falsis
2838 753 2952 809 diis
2987 753 3412 819 sacriﬁcantes,
3442 771 3472 810 e
3502 755 3699 810 vincu-

2044 840 2120 896 lis
2151 842 2640 908 liberarentur,et
2670 844 3000 898 incolumes
3024 842 3468 898 dimitterentur
3490 844 3698 911 ;aut,si

2045 931 2106 986 id
2119 938 2402 1004 praestare
2420 931 3116 999 recusarent,crudeliter
3126 932 3384 1004 primum
3405 934 3699 989 excrucia-

2046 1027 2350 1090 rentur,ac
2371 1022 2613 1078 demum
2634 1022 2842 1078 mortis
2855 1037 3029 1094 pcena
3060 1021 3699 1077 damnarentur.ldcir—

2047 1129 2115 1169 co
2147 1111 2208 1168 hi
2239 1113 2429 1169 sancti
2461 1113 2590 1182 viri,
2624 1113 2724 1185 qui
2756 1129 2891 1168 cum
2923 1111 3080 1167 edita
3108 1128 3143 1167 a
3200 1128 3408 1184 magno
3439 1118 3698 1184 martyre

2049 1203 2292 1277 Georgio
2309 1204 2599 1261 miracula
2614 1204 2986 1271 vidissent,et
3009 1203 3070 1258 in
3091 1202 3386 1258 Christum
3408 1221 3462 1258 cr
3475 1203 3696 1258 edidis-

2046 1297 2199 1358 sent,
2227 1294 2290 1348 in
2321 1310 2621 1350 carcerem
2652 1293 2908 1365 conjecti
2965 1293 3221 1360 fuerant,
3278 1292 3415 1347 inde
3449 1293 3692 1365 egressi,

2032 1386 2103 1436 et
2132 1398 2331 1438 coram
2367 1387 2615 1454 tyranno
2641 1381 2903 1450 adducti,
2930 1381 3243 1453 jussisunt
3265 1382 3561 1437 Christum
3585 1382 3690 1437 ab-

2043 1487 2283 1544 negare,
2317 1477 2375 1527 et
2403 1472 2580 1528 idolis
2611 1472 2968 1527 sacriﬁcare.
3001 1471 3146 1526 Cum
3178 1487 3315 1526 vero
3338 1487 3458 1526 non
3481 1488 3690 1528 assen-

2047 1561 2284 1628 sissent,
2337 1562 2594 1633 primum
2628 1561 2867 1633 quidem
2919 1559 3224 1628 denudati,
3259 1559 3470 1633 depexi
3531 1567 3691 1632 sunt,

2043 1666 2235 1721 usque
2267 1650 2406 1706 dum
2439 1668 2643 1706 eorum
2677 1665 2884 1706 carnes
2916 1651 2978 1705 in
3010 1650 3259 1705 humum
3301 1649 3645 1706 difﬂuerent
3679 1667 3692 1705 :

2047 1741 2262 1798 deinde
2296 1743 2880 1814 suspensi,atrociter
2902 1742 3189 1798 verberati
3216 1747 3692 1814 sunt,quousque

277 1813 579 1890 σπλάγχνα
608 1813 782 1868 αὐτῶν
817 1811 1010 1886 ἔξωθεν
1066 1811 1424 1890 ἀνεφάνησαν·
1476 1811 1564 1866 καὶ
1629 1809 1784 1873 τέλος
1836 1811 1927 1874 τάς

2047 1848 2252 1888 eorum
2282 1832 2568 1889 intestina
2594 1837 2988 1904 apparerent:
3018 1848 3086 1886 ac
3117 1831 3360 1888 demum
3393 1833 3578 1888 sacris
3593 1848 3688 1888 ca-

280 1904 434 1980 ἱεράς
467 1903 643 1967 αὐτῶν
681 1903 920 1981 κεφαλὰς
954 1904 1369 1977 ἀπετμήθησαν.

383 2027 492 2085 Καὶ
565 2029 758 2101 μνήμη
804 2034 903 2098 τῆς
957 2025 1109 2090 ὁσίας
1165 2023 1448 2113 ’βλισάϐετ
1477 2032 1578 2096 τῆς
1611 2036 1824 2100 θαυμα-

975 2119 1228 2176 τουργου.

339 2239 405 2294 Ἡ
468 2236 592 2293 ὁσία
645 2236 736 2293 καὶ
820 2238 1235 2313 θαυματουργὸς
1296 2231 1603 2306 Ἐλισάὸετ,
1686 2235 1746 2291 ἐκ
1804 2235 1932 2313 βρέ-

277 2348 414 2390 φους
446 2332 558 2382 τῶν
590 2327 755 2402 ἁγίων
798 2326 1052 2402 Πατέρων
1104 2332 1223 2388 ταῖς
1273 2323 1650 2387 διδασκαλίαις
1696 2346 1929 2380 κατακο-

275 2415 622 2486 λουθήσασα,
683 2421 802 2480 τοῖς
860 2413 919 2470 δὲ
964 2419 1067 2481 τῆς
1125 2417 1404 2486 ἀσκήσεως
1479 2410 1669 2476 πόνοις
1735 2416 1929 2484 ἑαυτὴν

277 2501 557 2574 ἐξέδωκεν·
613 2501 665 2572 ἐξ
728 2503 789 2556 οὗ
839 2504 927 2558 καὶ
996 2502 1160 2578 χάριν
1219 2498 1464 2558 λαϐοῦσα
1517 2506 1626 2557 τῶν
1660 2501 1927 2575 ἰαμάτων,

279 2597 512 2649 παντοῖα
553 2591 834 2667 θεραπεύει
891 2595 1202 2664 νοσήματα.
1243 2593 1377 2667 Εἶχε
1446 2590 1503 2646 δὲ
1532 2594 1932 2665 κατορθώματα

281 2680 491 2738 πολλά·
523 2686 764 2757 πτωχῶν
791 2684 892 2758 γάρ
924 2680 1249 2756 προΐστατο,
1283 2684 1486 2756 χήραις
1547 2677 1776 2752 ἐῦοήθη,
1837 2683 1928 2755 ὀρ·

286 2777 477 2847 φανοῖς
532 2770 865 2846 ἐπεχορήγει
920 2772 1148 2848 τροφὰς,
1233 2768 1630 2843 ἀδικουμένους
1689 2770 1748 2826 ἐκ
1818 2775 1925 2824 τῶν

289 2856 614 2914 ἀδικούντων
645 2859 839 2921 αὐτοὺς
869 2859 1108 2935 ἐρῥύετο.
1142 2861 1240 2916 Ἢν
1301 2857 1359 2913 δὲ
1413 2859 1586 2914 πάντα
1639 2860 1733 2915 τὸν
1790 2859 1931 2935 χρό-

291 2969 376 3003 νον
413 2951 742 3024 μονοχίτων,
772 2947 1270 3025 ταλαιπωρουμένη
1306 2947 1410 3003 ὑπὸ
1439 2951 1535 3003 τοῦ
1597 2947 1819 3023 κρύους,
1883 2946 1932 3002 εἷ’

281 3037 366 3093 καὶ
416 3043 496 3110 τῷ
551 3038 677 3112 θείῳ
733 3037 997 3094 ἐθάλπετο
1057 3037 1352 3110 Ιῐνεύματι·
1405 3038 1469 3092 τὸ
1523 3035 1582 3092 δὲ
1637 3041 1797 3110 σῶμα
1840 3034 1931 3092 διὰ

275 3128 478 3189 παντὸς
502 3127 600 3183 τοῦ
635 3127 760 3203 βίου
793 3127 963 3197 αὐτῆς
989 3124 1142 3181 ὕδατι
1176 3125 1274 3181 οὐκ
1303 3122 1549 3182 ἔπλυνεν·
1606 3124 1754 3181 ἀλλά
1811 3127 1922 3197 καὶ,

274 3217 346 3279 ὡς
379 3218 408 3272 ὁ
446 3217 616 3291 μέγας
637 3189 876 3286 Μωσῆς,
909 3189 1312 3292 τεσσαράκοντα
1355 3212 1565 3290 ἡμέρας
1620 3189 1922 3287 ἐνήστευσε,
1964 3189 2007 3257 C

273 3306 347 3378 μὴ
405 3303 717 3381 γευσαμένη
770 3304 834 3360 τὸ
919 3302 1171 3359 σύνολον⁶
1229 3303 1318 3358 καὶ
1378 3303 1466 3358 ἐπὶ
1530 3303 1705 3374 τρισὶν
1759 3301 1924 3374 ἓτεσι,

263 3399 379 3456 τοῖς
430 3393 528 3467 μὲν
580 3398 804 3463 νοητοῖς
864 3391 1178 3470 ὀφθαλμοῖς
1231 3393 1323 3447 τὸν
1387 3391 1439 3447 ἐν
1483 3393 1739 3466 οὐρανοῖς
1794 3392 1921 3447 Θεὸν

260 3477 485 3551 ἔϐλεπε,
516 3487 637 3544 τοῖς
667 3479 725 3536 δὲ
780 3487 1123 3555 σωματικοῖς
1179 3483 1270 3537 τὸν
1333 3481 1558 3551 οὐρανὸν
1616 3482 1714 3536 οὐκ
1769 3479 1912 3536 ἐθεά-

261 3593 414 3630 σατο.
455 3571 660 3646 Ἀρτου
695 3569 756 3624 οῦ
823 3565 1137 3642 μετέλαϐενο
1199 3569 1386 3625 ἐλαίου
1435 3570 1571 3624 ποτε
1619 3569 1718 3624 οὐκ
1773 3568 1924 3644 ἐγεύ-

262 3681 416 3717 σατο.
456 3658 612 3714 Οὕτω
653 3656 712 3713 δέ
747 3661 991 3734 βιώσασα
1016 3658 1108 3713 καὶ
1153 3660 1322 3733 μυρία
1376 3661 1924 3733 θαυματουργήσασα,

254 3748 562 3818 ἐτελείωθη
599 3747 654 3803 ἐν
688 3747 895 3825 Κυρίῳ.

848 3979 998 4032 MHN
1006 3979 1028 4030 Ι
1055 3978 1138 4029 ’ῙῺ
1159 3974 1357 4033 ΑΥΤΩ.

1035 4085 1140 4140 η,

332 4204 402 4256 νΑ
418 4195 623 4270 θλησις
644 4200 743 4254 τοῦ
801 4194 964 4274 ἁγίου
982 4195 1306 4328 ὕποστόλου
1349 4194 1440 4252 καί
1473 4193 1859 4272 εὖαγγελιστου

455 4290 458 4294 ’
1037 4288 1229 4328 αρκου.

455 4290 458 4294 '
982 4288 1229 4342 ωαρκου.

339 4409 577 4484 Μάρκος
643 4409 672 4465 ὁ
729 4411 826 4465 τοῦ
881 4408 1120 4483 Χριστοῦ
1179 4410 1324 4471 θεῖος
1405 4403 1732 4474 ἀποστολος,
1797 4407 1932 4480 μετά

265 4500 366 4568 τὴν
401 4498 684 4572 ἀνάληψιν
709 4502 808 4554 τοῦ
862 4495 1062 4572 Κυρίου
1097 4498 1258 4568 ἡμῶν
1319 4497 1500 4564 Ἰησοῦ
1558 4498 1819 4570 Χριστοῦ,
1879 4494 1932 4551 ἐν

2043 1920 2264 1992 pitibus
2291 1921 2628 1978 obtruncati
2651 1922 2911 1978 fuerunt.

2115 2045 2154 2099 7
2165 2045 2215 2099 0
2243 2046 2314 2100 Et
2343 2045 2610 2100 memoria
2635 2050 2840 2100 sancta
2877 2042 3119 2098 Elisabet
3171 2041 3613 2112 Thaumaturgw.

2113 2258 2327 2314 Sancta
2357 2262 2415 2313 et
2435 2257 2854 2330 thaumaturga
2883 2255 3145 2312 Elisabet
3174 2255 3246 2311 ab
3277 2255 3405 2328 ipsa
3435 2255 3689 2311 infantia

2041 2352 2382 2402 sanctorum
2439 2348 2681 2402 Patrum
2741 2345 3030 2401 doctrinis
3087 2343 3389 2410 obsecuta,
3429 2345 3687 2417 seipsam

2039 2436 2332 2511 religiosae
2365 2436 2808 2492 exercitationis
2846 2434 3153 2491 laboribus
3215 2433 3461 2492 addixit.
3523 2435 3686 2491 Unde

2039 2526 2288 2598 gratiam
2319 2525 2691 2581 curationum
2744 2525 2977 2596 adepta,
3012 2525 3425 2596 cujuscunque
3451 2525 3688 2596 generis

2041 2619 2275 2670 morbos
2307 2614 2756 2670 sanabatPlura
2785 2619 2984 2668 autem
3011 2613 3129 2668 alia
3159 2613 3441 2684 praeclare
3463 2613 3646 2685 gessit
3673 2629 3687 2668 :

2038 2705 2398 2778 pauperibus
2430 2706 2592 2760 enim
2621 2709 2838 2777 praesto
2865 2704 2978 2758 fuit
3007 2720 3019 2758 :
3051 2704 3257 2759 viduas
3295 2704 3555 2774 adjuvit:
3591 2721 3688 2758 or-

2036 2796 2251 2867 phanis
2283 2794 2568 2850 alimenta
2598 2793 3109 2849 subministravit:
3144 2810 3246 2848 eos
3283 2793 3385 2863 qui
3434 2793 3688 2864 injurias

2036 2883 2435 2956 patiebantur,
2485 2883 2556 2938 ab
2601 2899 2808 2938 eorum
2863 2880 3320 2953 oppressoribus
3390 2881 3682 2936 liberavit.

2037 2975 2250 3040 Quovis
2281 2973 2459 3030 etiam
2491 2973 2632 3028 anni
2689 2977 2954 3044 tempore
3013 2987 3133 3026 una
3191 2970 3479 3025 duntaxat
3525 2975 3687 3025 veste

2037 3063 2266 3132 induta,
2290 3064 2524 3136 frigoris
2555 3063 2811 3135 rigorem
2834 3059 3138 3127 sustinuit,
3191 3059 3300 3114 etsi
3333 3058 3530 3114 divino
3553 3058 3685 3130 Spi-

2035 3152 2154 3207 ritu
2211 3152 2492 3208 fervebat.
2551 3153 2694 3206 Toto
2752 3151 2885 3204 vitae
2962 3149 3152 3220 spatio
3217 3165 3432 3219 corpus
3510 3165 3684 3203 suum

2039 3258 2194 3312 aqua
2215 3257 2521 3313 nunquam
2542 3239 2764 3296 abluit:
2798 3243 2967 3304 ac,ut
2997 3236 3139 3292 olim
3172 3241 3420 3308 magnus
3453 3237 3681 3308 Moyses

2033 3329 2673 3402 fecerat,quadraginta
2702 3327 2908 3383 diebus
2932 3327 3218 3399 jejunans
3239 3324 3311 3381 ab
3335 3325 3686 3397 omnipror-

2036 3437 2135 3475 sus
2156 3421 2286 3475 cibo
2315 3421 2620 3476 abstinuit.
2653 3419 2852 3474 Trium
2903 3433 3200 3472 annorum
3219 3415 3474 3471 decursu
3499 3416 3685 3470 Deum

2036 3509 2275 3581 quidem
2308 3511 2528 3564 mentis
2550 3509 2674 3564 acie
2703 3508 2765 3562 in
2789 3507 2933 3562 caelo
2994 3507 3210 3560 intuita
3241 3509 3347 3572 est,
3409 3507 3678 3576 corporis

2036 3615 2172 3653 vero
2205 3599 2394 3653 oculis
2426 3597 2634 3653 cmlum
2663 3614 2785 3652 non
2808 3595 3053 3667 aspexit.
3080 3597 3238 3649 Pane
3267 3610 3386 3647 non
3407 3593 3680 3647 vesceba-

2036 3693 2131 3742 tur
2156 3687 2506 3757 :aliquando
2521 3687 2700 3740 etiam
2731 3701 2806 3739 ne
2833 3685 3032 3739 oleum
3056 3682 3294 3754 quidem
3309 3680 3679 3753 degustabat.

2033 3778 2178 3834 Cum
2209 3782 2407 3831 autem
2440 3776 2524 3831 sic
2551 3775 2886 3841 vixisset,ac
2916 3774 3232 3827 innumera
3254 3769 3542 3824 miracula
3561 3769 3686 3824 edi-

2033 3865 2236 3934 disset,
2273 3864 2633 3921 obdormivit
2667 3864 2729 3918 in
2765 3863 3033 3918 Domino.

2589 3989 2832 4044 EODEM
2872 3987 3015 4041 MEN
3022 3986 3122 4040 SE.

2541 4097 2642 4152 Die
2663 4096 2946 4152 vicesima
2975 4095 3187 4166 quinta

2142 4293 2422 4350 Certamen
2445 4295 2621 4349 sancti
2649 4293 2884 4365 apostoli
2916 4299 2966 4347 et
2995 4289 3337 4361 evangelista
3378 4290 3573 4344 Marci.

2105 4415 2591 4482 Marcus,divinus
2624 4415 2836 4470 Christi
2868 4412 3196 4486 apostolus,
3227 4413 3361 4482 post
3382 4408 3682 4463 ascensio-

2034 4519 2173 4559 nem
2203 4505 2439 4560 Domini
2470 4504 2656 4559 nostri
2686 4505 2822 4560 Jesu
2877 4501 3117 4567 Christi,
3176 4499 3236 4552 in
3269 4503 3390 4552 tota
3419 4499 3683 4568 rEgypto,

267 4590 416 4663 πάσῃ
448 4591 515 4661 τῇ
555 4586 833 4663 Αἰγύπτῳ,
889 4585 982 4641 καὶ
1043 4581 1246 4660 Λιϐύῃ,
1298 4584 1387 4638 καὶ
1419 4583 1773 4655 Πενταπόλει,
1835 4584 1921 4640 ἐπὶ

2041 4592 2233 4663 Libya,
2268 4599 2327 4648 et
2367 4593 2699 4664 Pentapoli,
2755 4593 3087 4662 imperante
3139 4587 3368 4641 Tiberio
3430 4585 3683 4650 Cmsare,

265 4684 364 4747 τῆς
402 4674 689 4754 βασιλείας
745 4670 1001 4751 Τιϐερίου
1035 4673 1323 4748 Καίσαρος,
1379 4673 1470 4727 τὸν
1530 4678 1627 4728 τοῦ
1685 4676 1925 4748 Χριστοῦ

269 4765 503 4841 ἐκήρυξε
535 4764 719 4839 λόγον.
771 4763 1150 4839 Συνεγράψατο
1211 4758 1268 4816 δὲ
1321 4760 1412 4816 καὶ
1467 4762 1529 4816 τὸ
1586 4763 1702 4817 κατ’
1761 4763 1922 4819 αὐτὸν

272 4856 432 4931 ἅγιον
463 4854 819 4931 Εὖαγγέλιον,
880 4855 1086 4926 Πέτρου
1141 4855 1238 4906 τοῦ
1293 4852 1589 4929 κορυφαίου
1617 4857 1724 4908 τῶν
1785 4855 1926 4909 ἀπο-

271 4940 490 5000 στόλων
537 4941 940 5019 ἐξηγησαμένου
996 4940 1164 5012 αὐτῷ.
1224 4941 1640 5015 Χειροτονηθεὶς
1695 4939 1752 4998 δὲ
1804 4942 1925 4997 ἐπί-

269 5053 478 5094 σκοπος
563 5029 988 5107 Ἀλεξανδρείας,
1047 5029 1266 5103 ἐκόσμει
1351 5029 1447 5091 τάς
1532 5034 1629 5084 τοῦ
1683 5034 1925 5108 Χριστοῦ

263 5121 624 5194 Ἐκκλησίας,
709 5123 1048 5198 χειροτονῶν
1123 5118 1457 5175 ἐπισκόπους
1545 5121 1680 5176 κατά
1747 5128 1921 5177 πᾶσαν

267 5211 538 5287 ἐπαρχίαν
621 5209 921 5287 Αἰγύπτου,
983 5210 1071 5264 καὶ
1131 5207 1368 5280 αὐξάνων
1427 5207 1520 5262 τὸν
1583 5205 1748 5284 λόγον
1822 5219 1924 5281 τῆς

264 5301 527 5357 πίστεως.
591 5301 679 5358 Ἐν
750 5303 848 5372 μιᾷ
905 5295 964 5354 δὲ
1006 5302 1114 5352 τῶν
1173 5299 1397 5371 ἡμερῶν
1451 5293 1718 5352 διδάσκων
1779 5305 1924 5376 παρά

261 5392 364 5460 τήν
455 5387 749 5458 θάλασσαν,
822 5382 1190 5458 ἐπεϐουλεύθη
1279 5387 1426 5460 παρά
1481 5391 1592 5442 τῶν
1678 5386 1918 5446 εἰδωλο-

266 5476 514 5550 λατρῶν,
571 5478 662 5535 καὶ
719 5477 991 5552 σχοινίοις
1051 5473 1221 5538 δεθείς
1281 5474 1521 5547 ἐσύρετο.
1576 5477 1678 5533 Καὶ
1711 5479 1766 5532 αἰ
1828 5481 1924 5553 μὲν

262 5572 462 5644 σάρκες
524 5567 688 5624 αὐτοῦ
744 5564 949 5643 [λίθοις
1023 5564 1469 5642 κατερῥάγησαν]ο
1526 5566 1589 5621 τὸ
1671 5565 1728 5622 δὲ
1785 5569 1924 5643 αἷμα

261 5657 431 5714 αὐτοῦ
460 5652 757 5734 κατέϐρεχε
794 5657 892 5727 τὴν
944 5661 1070 5732 γῆν,
1129 5657 1258 5712 Εἶτα
1296 5653 1490 5733 ἆῤῥίφῃ
1551 5655 1606 5710 ἐν
1669 5655 1913 5735 φυλακῇ·

2034 4681 2277 4737 verbum
2301 4682 2514 4736 Christi
2544 4678 3161 4753 prmdicavitﬁcripsit
3181 4677 3359 4731 etiam
3382 4677 3682 4739 sanctum,

2035 4771 2194 4842 quod
2219 4771 2347 4842 ejus
2369 4787 2589 4825 nomen
2614 4767 3280 4840 praefert,Evangelium,
3305 4766 3477 4818 Petro
3510 4777 3686 4832 apos-

2034 4860 2290 4915 tolorum
2321 4859 2590 4931 principe
2620 4857 2770 4913 illud
2810 4859 2861 4912 ei
2895 4857 3174 4912 dictante.
3202 4853 3520 4910 Ordinatus
3544 4867 3680 4906 vero

2033 4949 2406 5005 Alexandria:
2439 4949 2771 5020 episcopus,
2815 4947 3032 5003 Christi
3090 4945 3382 5001 Ecclesias
3430 4943 3690 5009 ornavit,

2034 5040 2405 5095 constituens
2445 5055 2550 5110 per
2569 5039 2904 5093 universam
2929 5037 3155 5109 Egypti
3182 5033 3544 5106 provinciam
3567 5032 3688 5103 epi-

2035 5146 2266 5201 scopos,
2327 5134 2386 5184 et
2425 5128 2566 5184 ﬁdei
2615 5128 2858 5183 verbum
2917 5142 3270 5198 propagans.
3305 5127 3451 5179 Cum
3486 5127 3687 5177 autem

2035 5218 2290 5290 quadam
2318 5217 2411 5273 die
2434 5219 2606 5290 juxta
2631 5235 2792 5274 mare
2824 5216 3076 5290 populos
3100 5211 3688 5270 edoceret.insidiose

2035 5307 2106 5362 ab
2134 5307 2431 5362 idolorum
2453 5307 2783 5363 cultoribus
2816 5307 3114 5369 detentus,
3166 5309 3224 5360 et
3253 5301 3496 5357 funibus
3542 5316 3686 5355 con-

2035 5396 2296 5464 strictus,
2331 5402 2597 5468 raptatus
2629 5395 2775 5452 adeo
2801 5397 2930 5464 fuit,
2982 5400 3050 5450 ut
3096 5408 3304 5449 carnes
3364 5391 3492 5461 ejus
3525 5388 3683 5443 saxis

2032 5485 2118 5540 illi
2129 5503 2205 5540 sua
2227 5485 2724 5553 lacerarentur,et
2739 5487 2977 5559 sanguis
2993 5485 3122 5556 ejus
3141 5489 3374 5537 terrarm
3393 5477 3684 5548 irrigaret;

2032 5575 2337 5647 conjectus
2359 5575 2570 5631 deinde
2594 5575 2706 5630 fuit
2726 5575 2787 5630 in
2809 5588 3131 5642 carcerem,
3155 5572 3244 5626 τι
3275 5567 3376 5623 ubi
3401 5563 3686 5647 Dominus

2031 5662 2117 5718 illi
2132 5663 2739 5736 apparens,cmlorum
2765 5677 3014 5736 regnum
3031 5660 3082 5715 ei
3102 5646 3685 5730 promisit.Sequenti
