4134 6302
409 337 420 356 ·
446 316 566 376 423

1766 307 2193 373 MENOLOGII
2239 311 2438 376 PARS
2480 313 2588 376 111.

3727 323 3848 384 424

449 451 543 506 die
576 465 606 504 e
638 462 876 505 carcere
908 444 1361 517 eductus,atque
1391 445 1608 502 iterum
1628 445 2064 518 raptatus,spiri

2214 445 2337 504 ἔνθα
2411 450 2596 528 φανεὶς
2660 448 2806 524 αύτῷ
2863 451 2892 508 6
2952 451 3176 528 Κύριος,
3239 452 3516 528 βασιλείαν
3579 454 3852 532 ὑπέσχετο

444 545 570 595 tum
606 541 720 594 Deo
753 536 1030 595 reddidit.

620 755 694 810 Et
715 759 990 809 certamen
1021 753 1199 808 sancti
1250 752 1513 822 martyris
1551 750 1707 808 Saba
1739 747 1912 804 ducis.

514 931 692 988 Sabas
723 931 936 987 Christi
970 929 1553 1001 martyr.imperante
1579 927 1901 983 Aureliano
1923 926 2091 982 ducis

443 1021 704 1076 militum
733 1037 979 1076 munere
1011 1021 1072 1074 in
1101 1019 1248 1075 urbe
1280 1021 1465 1075 Roma
1519 1018 1898 1090 fungebatur.
1945 1018 2089 1072 Cum

437 1118 636 1167 autem
665 1127 881 1183 genere
915 1109 1156 1181 quidem
1189 1108 1923 1180 Gotthusesset,religione
1948 1123 2087 1162 vero

438 1199 829 1268 Christianus,
852 1205 1089 1254 sanctos
1119 1199 1342 1254 carceri
1366 1197 1631 1253 inclusos
1661 1197 1940 1262 invisere,
1973 1194 2089 1249 eis-

439 1306 554 1361 que
576 1288 856 1346 famulari
886 1286 1383 1344 consueverat.0b
1416 1285 1660 1342 illibatae
1687 1286 1932 1356 insuper
1957 1283 2087 1338 vitm

434 1381 730 1441 tenorem,
761 1393 828 1432 ac
851 1375 1158 1447 religiosas
1191 1373 1667 1440 exercitationes,
1701 1388 1769 1427 ex
1827 1369 2087 1426 obsessis

433 1464 746 1520 hominum
777 1463 1124 1537 corporibus
1145 1463 1334 1519 malos
1353 1461 1598 1534 spiritus
1613 1458 2085 1532 ejiciebat.Dela-

431 1558 526 1609 tus
558 1559 755 1609 autem
789 1559 847 1608 et
875 1553 1550 1623 comprehensus,atque
1573 1549 2084 1620 adimperatorem

429 1641 742 1714 adductus,
794 1641 1062 1697 balteum
1131 1640 1476 1708 militarem,
1540 1656 1657 1710 quo
1713 1636 2083 1710 cingebatur,

427 1749 631 1788 coram
661 1748 728 1786 eo
760 1731 1102 1803 projecit,et
1133 1729 1437 1785 Christum
1466 1727 1777 1784 confessus
1809 1730 1916 1781 est.
1943 1726 2079 1780 Sus-

2209 539 2473 615 ούρανῶν·
2509 539 2598 594 καὶ
2630 538 2716 594 ἐπὶ
2749 544 2818 615 τῇ
2869 538 3054 615 αὔριον
3088 539 3336 620 φυλακῆς
3395 539 3704 619 ἐκϐληθεὶς,
3761 547 3850 602 καὶ

2197 628 2527 705 συρόμενος,
2549 633 2630 703 τῷ
2668 634 2785 703 Θεῷ
2811 630 2876 685 τὸ
2914 634 3128 704 πνεῦμα
3157 630 3489 708 παρέδωκεν.

2307 736 2414 794 Καὶ
2482 734 2715 810 ἄθλησις
2769 741 2867 794 τοῦ
2919 737 3090 815 ἁγίου-
3132 738 3405 815 μάρτυρος
3467 735 3616 797 Σάόα
3642 744 3740 797 τοῦ

2817 808 3215 886 στρατηλάτουζ

2271 912 2451 980 Σάϐας
2485 918 2512 973 6
2542 922 2640 973 τοῦ
2671 919 2902 994 Χριστοῦ
2933 919 3138 996 μάρτυς
3166 921 3234 990 ἧν
3268 918 3354 976 ἐπὶ
3399 927 3501 991 τῆς
3567 918 3848 996 βασιλείας

2195 1004 2576 1081 Δύρηλιανοῦ,
2630 1009 2732 1076 τήν
2781 1011 2877 1063 τοῦ
2934 1007 3312 1084 στρατηλάτου
3368 1009 3584 1084 ἐπέχων
3639 1011 3843 1084 ἀρχὴν,

2195 1095 2252 1151 ἐν
2275 1101 2556 1172 Ῥώμῃτῇ
2600 1096 2784 1155 πόλει.
2844 1099 3089 1174 Ὑπῆρχε
3139 1100 3234 1173 μὲν
3287 1099 3349 1156 τὸ
3404 1102 3558 1176 γένος
3613 1100 3840 1165 Γύτθος.

2195 1189 2517 1263 Χριστιανὸς
2575 1186 2634 1244 δέ
2694 1186 2792 1262 ὢν,
2859 1189 3213 1246 ἐπεσκέπτετο
3269 1189 3397 1252 τοὺς
3447 1189 3500 1246 ἐν
3574 1189 3848 1270 φυλακαῖς

2196 1277 2404 1353 ἁγίους,
2437 1277 2525 1333 καὶ
2555 1277 2893 1354 ἐθεράπευεν·
2957 1279 3105 1336 ἀλλὰ
3157 1281 3247 1335 καὶ
3308 1279 3434 1356 βίου
3487 1279 3843 1354 καθαρότητι,

2191 1367 2282 1423 καὶ
2313 1367 2539 1439 ἀσκήσει
2585 1368 2652 1424 τά
2713 1369 2927 1442 πονηρά
2982 1369 3088 1424 ἀπὸ
3143 1373 3251 1424 τῶν
3307 1370 3607 1444 ἀνθρώπων
3642 1367 3845 1443 ἐφυγά-

2193 1457 2312 1514 δευε
2357 1458 2660 1533 πνεύματα.
2719 1453 3048 1530 Διαϐληθεὶς
3108 1457 3165 1516 δὲ
3221 1460 3492 1536 ἐκρατήθη
3535 1461 3624 1516 καὶ
3679 1457 3840 1536 ἤχθη

2192 1549 2330 1625 πρὸς
2379 1550 2470 1605 τὸν
2503 1546 2774 1625 .βασιλέα.
2835 1549 2934 1603 Καὶ
2983 1547 3285 1622 ἔμπροσθεν
3320 1549 3485 1605 αὐτοῦ
3518 1548 3679 1626 ῥίψας
3735 1550 3844 1620 τὴν

2193 1636 2577 1715 περικειμένην
2635 1637 2783 1709 αὐτῷ
2843 1638 3044 1709 ζωνήν,
3101 1637 3438 1711 ὡμολόγησε
3462 1639 3556 1694 τὸν
3584 1637 3844 1715 Χριστόν.

2194 1727 2527 1804 Κρεμασθεὶς
2586 1725 2676 1782 οῦν
2737 1725 2949 1798 ἐξέσθη,
2995 1726 3086 1783 καὶ
3145 1726 3423 1802 λαμπάσιν
3474 1727 3626 1800 ἐκᾴη·
3656 1727 3706 1801 ἐξ
3757 1728 3838 1784 ὧν

429 1837 653 1893 pensus
682 1802 862 1893 igitur
883 1818 1016 1885 fuit,
1049 1824 1108 1873 et
1137 1817 1483 1886 dilaniatus,
1509 1822 1569 1873 et
1591 1815 1823 1872 facibus
1853 1814 2072 1871 ustula-

2191 1802 2512 1894 παραδόξως
2570 1815 2783 1885 σωθεὶς,
2843 1813 3042 1892 ἄνδρας
3095 1811 3475 1890 ἐϐδομήκοντα
3543 1818 3682 1892 πρὸς
3735 1818 3842 1887 τήν

427 1912 543 1962 tus.
577 1909 659 1962 Ex
689 1907 906 1978 quibus
936 1907 1253 1962 tormentis
1284 1922 1420 1961 cum
1457 1905 1813 1961 miraculose
1871 1919 2077 1976 sospes

427 2002 604 2068 atque
631 1995 950 2051 incolumis
989 1997 1293 2063 evasisset,
1356 1995 1516 2050 viros
1577 1993 1952 2066 septuaginta
2003 1991 2077 2047 ad

426 2086 644 2142 Christi
675 2085 851 2140 ﬁdem
881 2085 1157 2150 evocavit,
1203 2085 1302 2156 qui
1335 2100 1544 2139 omnes
1575 2084 1736 2138 illico
1759 2083 1950 2153 capite
1972 2081 2075 2136 ob-

428 2173 687 2231 truncati
717 2174 979 2229 fuerunt.
1014 2174 1282 2228 Posthaac
1332 2172 1394 2227 in
1446 2189 1744 2228 carcerem
1767 2172 2075 2241 conjectus

428 2269 536 2328 est,
569 2263 669 2318 ubi
699 2280 834 2318 cum
866 2262 1134 2317 Christus
1186 2262 1274 2316 illi
1317 2261 1711 2333 apparuisset,
1745 2261 1917 2332 longe
1940 2259 2074 2331 plus

424 2353 655 2408 roboris
679 2353 730 2407 ei
762 2351 1342 2407 concessit.Eductus
1373 2351 1608 2406 daemon
1631 2367 1662 2404 e
1685 2351 2075 2421 carcereJus-

425 2457 644 2512 susque
675 2441 970 2496 Christum
1001 2439 1293 2512 abnegare
1344 2456 1411 2494 ac
1478 2440 1652 2495 idolis
1712 2439 2071 2505 sacrificare,

426 2549 563 2590 cum
595 2532 655 2588 id
684 2533 880 2588 facere
939 2531 1148 2598 nollet,
1200 2546 1434 2587 sacrum
1483 2529 1616 2602 ejus
1671 2535 1849 2602 caput
1875 2528 2072 2600 gladio

430 2621 760 2678 abscissum
789 2621 922 2678 fuit.

976 2709 1214 2765 EODEM
1264 2708 1514 2764 MENSE.

957 2799 1057 2854 Die
1085 2797 1361 2854 vicesima
1398 2801 1563 2852 sexta

428 2910 527 2966 72
556 2907 836 2964 Certamen
874 2907 1209 3033 sacrosanzti
1263 2905 1532 2974 martyris
1589 2903 1797 2961 Basilei
1826 2902 2070 2977 episcopi

1163 2993 1356 3033 masew

1163 2993 1356 3033 masew

490 3088 916 3144 Sacrosanctus
954 3091 1178 3158 martyr
1237 3084 1523 3154 Basileus,
1557 3085 1889 3156 imperante
1920 3084 2065 3140 Lici-

2189 1905 2266 1968 εἷς
2324 1907 2554 1982 Χριστὸν
2611 1904 2791 1960 πίστιν
2849 1903 3231 1976 ἐξεκαλέσατο,
3262 1905 3462 1968 οῚτινες
3525 1904 3840 1981 παραυτίκα

2185 1997 2281 2059 τὰς
2362 1993 2600 2073 κεφαλὰς
2675 1994 3107 2066 ἀπετμήθησαν.
3185 1994 3319 2052 Εἶτα
3394 1993 3670 2072 παρεδόθη
3757 1999 3835 2070 τῇ

2187 2084 2430 2164 φυλακῇ,
2478 2080 2601 2148 ἔνθα
2648 2085 2736 2138 καὶ
2791 2083 3067 2158 ἐπιφανεὶς
3122 2083 3268 2156 αύτῷ
3317 2085 3346 2139 6
3402 2086 3632 2160 Χριστϐς
3665 2083 3832 2158 ἰσχὺν

2187 2173 2480 2251 ἐχαρίσατο
2504 2172 2750 2229 πλείονα·
2782 2174 2871 2228 καὶ
2923 2180 3023 2243 τῆς
3085 2171 3334 2252 φυλακῆς
3364 2168 3672 2245 ἐκϐληθεὶς,
3738 2173 3836 2228 καὶ

2185 2265 2333 2326 αὗθις
2387 2262 2841 2338 καταναγκασθεὶς
2899 2264 3227 2337 ἀρνήσασθαι
3285 2264 3377 2318 τὸν
3437 2263 3691 2338 Χριστὸν,
3734 2263 3832 2317 καὶ

2185 2359 2341 2410 θῦσαι
2367 2361 2484 2419 τοῖς
2513 2351 2792 2421 εἰδώλοις,
2822 2353 2914 2409 καὶ
2947 2354 3024 2426 μὴ
3082 2353 3339 2426 πεισθεὶς,
3381 2352 3516 2430 ξίφει
3547 2354 3646 2422 τήν
3677 2352 3832 2428 ἱερὰν

2181 2447 2347 2501 αὐτοῦ
2377 2443 2617 2516 κεφαλὴν
2647 2444 2960 2517 ἀπετμήθη.

2740 2727 2924 2784 ΜΗΝῙ
2951 2728 3038 2883 TC?
3068 2728 3264 2784 ΑΥΤΩ.

2926 2819 2975 2870 Κ
3028 2858 3042 2871 .

2926 2819 3042 2871 KC.

2179 2907 2450 2979 ,Αθλησις
2475 2909 2572 2962 τοῦ
2602 2903 2757 2979 ἁγίου
2785 2903 3182 3048 ἱερὲμιῗὶιέιῖρές
3212 2898 3491 2964 Βασιλέως
3526 2899 3828 2957 ἐπισκόπου

2251 3085 2519 3148 Βασιλεὺς
2549 3085 2577 3139 6
2636 3084 2992 3158 ἱερομάρτυρ,
3028 3083 3272 3157 ὑπῆρχεν
3298 3080 3384 3137 ἐπὶ
3416 3089 3514 3152 τῆς
3549 3081 3830 3157 βασιλείας

422 3177 545 3244 nio,
606 3177 920 3249 episcopus
977 3175 1090 3228 fuit
1138 3176 1423 3229 Amasene.
1471 3175 1814 3244 Martyrium
1868 3178 2065 3228 autem

2185 3175 2484 3233 Λικιννίου.
2536 3172 2863 3235 Ἐπίσκοπος
2919 3169 2976 3227 δὲ
3021 3172 3090 3240 ἦν
3148 3171 3465 3243 Ἀμασείας,
3499 3171 3821 3247 ἐμαρτύρη-

422 3265 604 3320 subiit
633 3265 792 3319 hunc
823 3264 883 3318 in
917 3263 1174 3317 modum.
1197 3261 1430 3317 Ancilla
1456 3261 1728 3334 quaedam
1760 3262 1959 3316 uxoris
1978 3261 2070 3315 Li-

419 3354 583 3422 cinii,
617 3370 747 3425 qum
775 3352 1070 3424 Glaphyra
1100 3350 1428 3414 dicebatur,
1491 3357 1556 3406 ut
1605 3351 1909 3422 pudicitiae
1942 3357 2070 3406 stu-

417 3443 514 3499 dio
547 3443 929 3499 concubitum
966 3441 1155 3513 ipsius
1181 3439 1711 3505 evitaret,dominaa
1744 3457 1864 3495 sum
1886 3439 2074 3495 consi-

418 3533 500 3587 lio
553 3549 690 3588 cum
748 3530 974 3603 ingenti
1049 3546 1435 3584 nummorum
1485 3529 1656 3601 copia
1723 3528 1951 3584 occulte
2009 3529 2071 3583 in

417 3619 746 3676 Orientales
778 3619 981 3690 plagas
1002 3616 1262 3689 aufugit:
1299 3621 1358 3670 et
1387 3633 1522 3672 cum
1547 3619 1858 3672 Amaseam
1881 3615 2070 3671 venis-

419 3708 610 3774 set,ab
633 3707 911 3780 episcopo
933 3706 1160 3761 Basileo
1177 3711 1458 3776 tanquam
1474 3705 2073 3776 Christianaexcepta

415 3797 550 3853 fuit.
584 3796 730 3853 Cum
753 3802 953 3851 autem
975 3795 1032 3850 id
1061 3795 1395 3850 rescivisset
1428 3795 1708 3862 Licinius,
1733 3794 1941 3850 ambos
1973 3811 2072 3849 co-

418 3903 549 3942 ram
580 3903 642 3941 se
667 3886 879 3942 adduci
912 3883 1230 3940 mandavit.
1286 3884 1398 3939 Sed
1434 3884 1751 3955 Glaphyra,
1786 3901 1916 3955 quae
1941 3885 2071 3956 jam

421 3977 541 4032 fato
575 3975 1052 4038 concesserat,ab
1076 3975 1262 4047 ipsius
1277 3975 1552 4030 manibus
1575 3975 2070 4047 eﬂ‘ugit.Basileus

415 4080 554 4118 vero
587 4064 899 4134 episcopus
956 4063 1188 4117 vinctus
1249 4061 1659 4117 Nicomediam
1705 4061 2067 4118 adducitur:

425 4167 679 4222 cumque
710 4151 1129 4222 imperatorem
1163 4150 1582 4223 redarguisset,
1611 4151 1802 4221 capite
1834 4150 2073 4206 obtrun-

419 4246 588 4296 catus
613 4245 724 4308 est,
754 4239 892 4294 etin
949 4255 1112 4294 mare
1167 4240 1490 4309 projectus,
1549 4239 1796 4294 seorsim
1828 4239 2071 4310 quidem

416 4346 633 4402 corpus
661 4327 1068 4401 ejus,seorsim
1095 4331 1371 4399 caput.At
1386 4329 1486 4382 Dei
1501 4328 1870 4398 providentia
1884 4330 2073 4400 ipsius

418 4437 634 4492 corpus
662 4419 840 4491 capiti
892 4418 1278 4490 conjunctum
1314 4423 1424 4482 est,
1459 4418 1753 4488 undisque
1787 4434 2070 4489 superna-

2181 3289 2238 3323 σε
2286 3265 2344 3322 δέ
2394 3265 2584 3341 τρόπῳ
2637 3262 2890 3335 τοιούτῳ.
2921 3259 3103 3334 Δούλη
3154 3283 3239 3324 τις
3282 3268 3384 3332 τῆς
3441 3261 3694 3337 γυναικὸς
3727 3273 3824 3316 Λι-

2178 3357 2407 3426 κιννίου,
2438 3353 2699 3432 Γλαφύρα
2726 3353 3069 3426 καλουμένη,
3131 3351 3403 3430 φεύγουσα
3457 3353 3557 3421 τὴν
3618 3351 3828 3408 ἐκείνου

2182 3447 2323 3521 μίξιν
2352 3444 2440 3501 διὰ
2471 3443 2849 3522 σωφροσύνην,
2881 3447 2948 3517 τῇ
3003 3440 3180 3519 βουλῇ
3227 3449 3326 3511 τῆς
3379 3443 3571 3509 κυρίας
3631 3443 3827 3512 αὐτῆς,

2183 3537 2316 3610 μετὰ
2346 3533 2651 3611 χρημάτων
2681 3530 2934 3602 πολλῶν,
2965 3531 3143 3608 κρύφα
3196 3532 3334 3605 πρὸς
3389 3531 3455 3587 τὰ
3504 3539 3604 3601 τῆς
3662 3534 3828 3588 Ἀνα-

2175 3623 2350 3689 τολῆς
2384 3624 2525 3698 μέρη
2571 3622 2813 3697 ἐξέφυγε,
2875 3615 3258 3676 καταλαϐοῦσα
3285 3621 3386 3689 τήν
3442 3619 3604 3676 πόλιν
3654 3621 3831 3693 Ἀμά-

2178 3734 2346 3784 σειαν,
2405 3711 2498 3767 καὶ
2561 3707 2927 3785 ὑποδεχθεῖσα
3010 3709 3086 3771 ὡς
3165 3710 3456 3782 Χριστιανή
3527 3710 3674 3783 παρά
3727 3713 3829 3763 τοῦ

2176 3789 2474 3858 ἐπισκόπου
2527 3797 2830 3861 Βασιλέως.
2893 3800 3090 3863 Μαθὼν
3147 3799 3207 3854 τὶ
3277 3803 3440 3854 τοῦτο
3524 3798 3826 3871 Λικίννιος,

2174 3893 2264 3946 καὶ
2341 3887 2690 3957 ἀποστείλας,
2777 3887 3117 3965 ἀμφοτέρους
3205 3883 3480 3942 ἐκέλευσεν
3559 3888 3821 3962 ἀχθῆναι.

2175 3979 2332 4038 Ἀλλ’
2361 3982 2395 4049 ἠ
2433 3979 2526 4052 μὶν
2560 3975 2818 4052 Γλαφύρα
2872 3973 2980 4046 ἤδη
3030 3973 3419 4048 τελευτήσασα,
3452 3975 3672 4050 ἐξέφυγε
3725 3976 3825 4038 τὰς

2175 4075 2366 4146 χεῖρας
2448 4066 2631 4122 αὐτοῦ·
2691 4067 2719 4120 ὁ
2775 4063 2833 4120 δέ
2912 4063 3206 4126 ἐπίσκοπος
3277 4062 3539 4126 Βασιλεὺς
3597 4064 3825 4138 δέσμιος

2174 4157 2366 4234 ἀχθεὶς
2413 4156 2490 4220 εἷς
2548 4152 2951 4228 Νικομήδειαν,
3010 4155 3099 4210 καὶ
3145 4154 3238 4209 τὸν
3293 4153 3520 4229 βασιλέα
3573 4151 3823 4229 ἐλέγξας,

2175 4244 2607 4322 ἀπεκεφαλίσθη,
2665 4243 2755 4298 καὶ
2814 4241 3009 4320 ἐρρίφη
3071 4242 3124 4298 ἐν
3181 4245 3252 4316 τῇ
3328 4239 3594 4316 θαλάσσῃ,
3645 4241 3824 4316 χωρὶς

2179 4339 2273 4410 μὶν
2304 4337 2367 4391 τὸ
2391 4339 2550 4408 σῶμα
2580 4333 2795 4403 αὐτοῦς,
2830 4333 3007 4407 χωρὶς
3031 4329 3089 4388 δὶ
3136 4335 3170 4401 ἠ
3203 4330 3437 4409 κεφαλή.
3472 4331 3706 4408 Προνοίᾳ
3764 4328 3827 4385 δὲ

2176 4429 2309 4482 Θεοῦ
2339 4422 2764 4500 προσεκοίιλήθη
2824 4424 2887 4477 τὸ
2932 4425 3094 4494 σῶμα
3138 4424 3209 4494 τῇ
3270 4419 3506 4497 κεφαλῇ,
3538 4421 3627 4474 καὶ
3689 4419 3822 4474 ἀνα·

417 4511 644 4580 tans,in
686 4510 901 4581 Sinope
954 4508 1100 4564 urbe
1153 4508 1458 4563 inventum
1514 4507 1644 4575 fuit,
1704 4525 1772 4564 ac
1852 4507 2066 4564 deinde

2185 4514 2409 4570 πλεῦσαν
2435 4512 2497 4567 τὸ
2530 4509 2724 4590 ῥεῦμα,
2757 4508 2948 4585 εὑρέθη
2982 4507 3034 4564 ἐν
3081 4507 3322 4583 Σινώπῃ,
3382 4508 3492 4564 εἶτα
3548 4507 3701 4573 ἐτέθη
3763 4505 3818 4562 ἐν

411 4603 679 4657 Amaseae
711 4598 1066 4671 depositum.

697 4708 765 4762 Et
785 4713 1060 4762 certamen
1090 4707 1268 4761 sancti
1285 4707 1548 4774 martyris
1571 4705 1774 4761 Publii.

488 4831 736 4884 Sanctus
766 4829 862 4884 hic
911 4829 1128 4886 Christi
1161 4835 1388 4901 martyr
1417 4827 1661 4884 Publius
1697 4829 1868 4885 miles
1924 4830 2060 4904 fuit,

417 4917 627 4972 Licinii
657 4917 1031 4988 imperatoris
1065 4918 1251 4988 copiis
1309 4917 1665 4989 adscriptus,
1699 4925 1757 4972 et
1797 4918 1869 4974 ab
1932 4920 2061 4991 ipso

412 5007 740 5079 plurimum
763 5007 1015 5062 dilectus
1046 5006 1204 5078 quod
1237 5008 1296 5060 in
1325 5006 1530 5062 multis
1561 5006 1702 5062 belli
1733 5009 2060 5064 occasioni-

411 5094 525 5151 bus
558 5113 619 5151 se
652 5101 892 5150 strenue
923 5112 990 5150 ac
1019 5095 1252 5150 fortiter
1281 5095 1564 5167 gessisset
1589 5096 1832 5161 Quando
1864 5103 2061 5154 autem

413 5197 826 5248 sacrosanctus
858 5196 1080 5262 martyr
1096 5191 1362 5246 Basileus
1381 5207 1449 5246 ex
1463 5190 1606 5246 urbe
1635 5194 1885 5249 Amasea
1900 5196 2064 5251 vinc-

412 5287 508 5336 tus
538 5299 738 5336 coram
769 5281 993 5336 Licinio
1025 5280 1313 5336 adductus
1345 5286 1454 5347 est,
1490 5297 1746 5351 eumque
1775 5299 2060 5354 generose

409 5371 732 5442 redarguit,
765 5387 832 5426 ac
867 5371 1240 5441 impurorum
1271 5369 1611 5423 daemonum
1643 5369 2059 5442 deceptionem

411 5460 760 5525 detestatus,
793 5476 925 5531 quae
957 5464 1226 5530 spectant
1272 5457 1346 5512 ad
1404 5458 1910 5529 dispensationem
1941 5469 2060 5523 veri

407 5549 513 5606 Dei
535 5555 593 5605 et
632 5547 947 5604 Salvatoris
977 5547 1166 5602 nostri
1231 5547 1366 5602 Jesu
1416 5546 1655 5615 Christi,
1715 5554 2057 5625 enarravit;

405 5638 654 5698 militari
685 5637 904 5708 balteo,
937 5655 1055 5710 quo
1103 5643 1230 5693 erat
1259 5636 1636 5709 praecinctus,
1671 5641 1847 5709 atque
1877 5643 2060 5701 armis

404 5724 710 5800 projectis,
744 5742 806 5784 se
837 5725 1237 5783 Christianum
1295 5740 1425 5781 esse
1458 5724 1764 5797 professus
1821 5735 1932 5801 est,
1991 5750 2061 5791 ac

2167 4602 2456 4661 Ἀμασεία.

2285 4624 2398 4659 ασει
2442 4647 2456 4659 .

2240 4626 2278 4677 μ
2332 4624 2438 4766 Καζὶ
2466 4705 2692 4779 ἄθλησις
2722 4707 2819 4764 τοῦ
2867 4705 3025 4782 ἁγίου
3069 4706 3338 4782 μάρτυρος
3369 4703 3673 4763 Ηουπλίου.

2246 4844 2595 4920 Στρατιώτης
2624 4843 2690 4912 ἦν
2723 4843 2880 4906 οὗτος
2907 4843 2936 4897 ὁ
2990 4842 3140 4916 ἅγιος
3201 4839 3406 4916 μάρτυς
3462 4844 3558 4897 τοῦ
3579 4843 3819 4917 Χριστοῦ

2171 4934 2474 5003 Πούπλιος,
2508 4933 2934 5009 στρατευόμενος
2984 4933 3088 4987 ὑπὸ
3134 4937 3216 5004 τῷ
3258 4932 3474 5008 βασιλεῖ
3530 4931 3815 5005 Λικιννίῳ,

2169 5023 2259 5079 καὶ
2323 5023 2685 5098 ἀγαπώμενος
2743 5023 2829 5078 ὑπ’
2889 5021 3120 5092 ἐκείνου,
3199 5019 3290 5077 διὰ
3328 5022 3392 5077 τὸ
3447 5019 3720 5084 πολλάκις
3760 5021 3813 5075 ἐν

2169 5112 2405 5175 πολλοῖς
2453 5110 2858 5188 ἀνδραγαθῆσαι
2943 5109 3235 5186 πολέμοις.
3293 5112 3421 5168 Ὀτε
3477 5108 3536 5166 δὲ
3592 5109 3816 5184 δέσμιος

2168 5201 2321 5273 ἤχθη
2379 5201 2428 5273 ιε
2492 5201 2758 5275 Ἀμασίας
2819 5202 2846 5256 ὁ
2906 5201 3066 5277 ἅγιος
3133 5199 3467 5277 ἱιερομεὶρτυρ
3529 5200 3818 5271 Βασιλεδεν

2168 5294 2258 5348 καὶ
2307 5295 2516 5356 σταθεὶς
2575 5290 2880 5368 ἔμπροσθεν
2937 5297 3035 5348 τοῦ
3096 5291 3398 5362 Λιγιννίου,
3453 5288 3664 5370 ἔλεγξεν
3725 5291 3819 5348 ἂν·

2170 5381 2364 5458 δρείως
2421 5381 2582 5437 αὐτόν
2633 5402 2692 5436 τε
2747 5383 2840 5436 καὶ
2895 5383 2996 5451 τήν
3055 5383 3272 5452 πλάνην
3328 5386 3436 5438 τῶν
3496 5381 3816 5456 ἀκαθάρτων

2170 5469 2465 5545 δαιμόνων,
2538 5471 2630 5526 καὶ
2714 5468 2965 5542 διεξῆλθε
3019 5471 3087 5527 τὰ
3141 5473 3267 5547 περὶ
3337 5479 3437 5541 τῆς
3495 5465 3856 5545 οἷ’κονομίας

2166 5565 2264 5616 τοῦ
2294 5559 2559 5631 ἀληθινοῦ
2607 5564 2740 5616 Θεοῦ
2791 5560 2882 5616 καὶ
2937 5566 3196 5638 Σωτῆρος
3253 5565 3414 5636 ἡμῶν
3448 5562 3630 5632 Ἰησοῦ
3687 5563 3820 5633 Χρι-

2165 5648 2314 5720 στοῦ,
2362 5648 2521 5726 ῥίψας
2575 5648 2642 5705 τὰ
2695 5647 2840 5706 ὅπλα
2896 5648 2986 5705 καὶ
3042 5652 3143 5722 τήν
3201 5651 3396 5721 ζώνην,
3441 5649 3509 5718 ἦν
3567 5643 3816 5723 περιεϐέ-

2165 5733 2370 5810 ϐλητο,
2442 5735 2802 5813 ὡμολόγησεν
2862 5738 3048 5795 ἐαυτὸν
3131 5739 3490 5815 Χριστιανὸν,
3551 5735 3641 5793 καὶ
3718 5739 3818 5792 τοῦ
