4158 6310
281 343 386 406 ιεε

1758 333 2094 395 APRILIS.

3554 347 3680 407 4‘26

295 471 598 550 ἐπουρανίου
629 477 762 530 Θεοῦ
819 469 1014 529 δοῦλον
1071 470 1162 528 καί⁹
1218 471 1577 546 στρατιώτην.
1619 466 1920 543 Ὀργισθεῖς

2048 465 2298 522 οωιεεῐίε
2329 468 2592 524 numinis
2628 485 2858 526 servum
2888 476 2948 527 et
2975 472 3245 530 militem.
3279 476 3344 530 In
3368 475 3517 532 iram
3547 496 3689 550 pro-

298 567 378 622 οὖν
421 567 449 622 ὁ
483 562 753 640 βασιλεὺς,
802 564 894 618 καὶ
951 560 1265 626 ἀλλοιώσας
1320 561 1384 616 τὸ
1435 558 1727 634 πρόσωπον
1761 556 1924 613 αὐτοῦ

295 660 364 728 τῷ
389 653 578 727 πολλῷ
612 657 791 725 θυμῷ,
833 656 1049 728 πρῶτον
1113 652 1205 724 μὲν
1267 648 1356 706 διὰ
1408 647 1699 710 κολακείας
1729 645 1922 702 ἐσπούο

295 745 432 816 δαζεν
481 746 774 817 μεταθῆναι
828 741 986 798 αὐτὸν
1035 745 1136 816 τῇς
1190 739 1447 811 τοιαύτης
1478 739 1728 814 γνώμηςο
1763 737 1836 798 ὡς
1870 731 1927 790 δέ

293 837 382 892 ούκ
410 832 631 904 ἔπεισεν,
683 832 925 909 ἰσχυρῶς
980 830 1290 908 βασανίσας,
1345 829 1594 906 μαχαίρᾳ
1637 829 1737 897 τὴν
1764 847 1926 904 κεφα-

291 923 386 996 λήν
415 924 574 980 αὐτοῦ
606 923 893 998 ἀπέτεμεν.

825 1030 1005 1088 ΜΠΝῙ
1044 1030 1133 1088 ΤΩ
1171 1030 1376 1088 ΔΥΤΩ.

1060 1125 1153 1177 KZ’

381 1223 498 1294 Mihi
510 1243 588 1296 μη
618 1224 727 1278 τῶν
768 1220 936 1296 ἁγίων
979 1218 1304 1296 ᾅποστόλων
1339 1216 1700 1294 Σωσιπάτρου
1729 1214 1821 1270 καὶ

934 1303 936 1305 ’
975 1294 1229 1354 Ἰἀσωνος

347 1409 550 1477 Ἰάσων,
605 1409 693 1462 καὶ
776 1406 1136 1483 Σωσίπατρος
1211 1401 1465 1482 γεγόνασι
1533 1406 1628 1478 μέν
1689 1400 1929 1476 μαθηταὶ

285 1495 490 1554 Παύλου
549 1499 649 1552 τοῦ
709 1495 1040 1552 ἀποστόλου·
1096 1497 1162 1565 ἦν
1225 1495 1344 1569 μὶν,
1394 1493 1423 1549 ὃ
1479 1495 1571 1566 μὶν
1607 1491 1790 1548 Ἰάσων
1823 1489 1929 1546 ἀπὸ

283 1590 484 1657 Ταρσοῦ
528 1593 630 1655 τῆς
690 1583 962 1655 Κιλικίας,
1014 1587 1082 1654 ἧς
1129 1584 1220 1639 καὶ
1278 1580 1572 1645 ἐπίσκοπος
1630 1580 1864 1657 ἐγένετο·
1901 1579 1930 1634 ὁ

282 1675 332 1732 δὲ
357 1677 719 1748 Σωσίπατρος
775 1673 836 1730 ἐκ
897 1677 1122 1745 Νατρῶν
1180 1679 1281 1743 τῆς
1339 1673 1592 1748 Ἀχαῒας,
1637 1669 1928 1748 γενόμενος

280 1765 361 1822 καὶ
417 1765 585 1826 αὐτὸς
635 1762 928 1825 ἐπίσκοπος
985 1762 1234 1820 Ἰκονίου.
1291 1761 1413 1818 Ἐπὶ
1471 1759 1696 1837 χρόνοις
1738 1756 1795 1814 δέ
1822 1780 1930 1814 τισι

2033 556 2172 612 inde
2190 557 2394 613 excitaI
2406 574 2477 613 us
2490 559 2910 631 imperator,ac
2926 561 3076 618 facie
3091 565 3386 637 extemplo
3401 572 3687 636 mutatus,

2033 646 2293 720 primum
2325 648 2566 719 quidem
2606 649 2777 705 illum
2842 650 3149 709 blanditiis
3207 654 3278 709 ab
3340 656 3684 727 hujusmodi

2040 737 2258 792 mentis
2289 739 2587 794 sententia
2618 755 2890 796 amovere
2919 749 3168 799 conatus
3199 749 3325 799 est:
3359 749 3420 800 at
3459 763 3595 801 cum
3627 746 3687 802 id

2033 827 2269 898 assequi
2300 827 2593 898 nequiret;
2631 830 2728 885 73
2765 831 3104 902 {crudeliter
3151 849 3284 890 eum
3337 837 3686 909 excruciari,

2035 920 2212 988 atque
2244 932 2385 973 ense
2417 917 2657 974 demum
2690 927 2868 992 caput
2894 923 2944 976 ei
2971 925 3268 996 amputari
3299 926 3618 984 mandavit.

2593 1027 2833 1083 EODEM
2872 1030 3125 1086 MENSE.

2515 1115 2621 1170 Die
2649 1115 2930 1175 vicesima
2957 1121 3211 1193 septima

2034 1213 2302 1268 Memoria
2347 1219 2659 1286 sancton
2703 1220 3076 1303 apostolorum
3145 1221 3422 1295 Sosipatri
3489 1229 3541 1280 et
3593 1227 3692 1280 Ja-

2772 1305 2935 1344 ςοηιδ.

2106 1401 2304 1469 lason;
2339 1407 2397 1458 et
2445 1403 2745 1475 Sosipater
2802 1406 3080 1480 discipuli
3136 1409 3379 1467 fuerunt
3435 1413 3690 1484 apostoli

2035 1489 2299 1545 PauliEt
2324 1492 2500 1546 Jason
2550 1493 2790 1564 quidem
2836 1503 3010 1552 natus
3038 1504 3127 1553 est
3157 1501 3317 1555 Tarsi
3373 1502 3432 1556 in
3464 1503 3687 1567 Cilicia,

2037 1580 2207 1651 cujus
2238 1580 2417 1636 etiam
2436 1581 2694 1638 civitatis
2727 1585 3045 1657 episcopus
3066 1587 3206 1642 fuit:
3233 1589 3533 1662 Sosipater
3552 1609 3686 1649 vero

2037 1669 2227 1724 Patris
2258 1669 2318 1724 in
2353 1671 2571 1726 Achaia
2601 1679 2798 1741 natus,
2832 1675 3146 1748 episcopus
3174 1677 3285 1732 fuit
3310 1680 3494 1734 lconii
3543 1681 3688 1737 Cum

2038 1763 2235 1813 autem
2266 1776 2372 1830 per
2397 1759 2625 1832 aliquot
2654 1778 2843 1817 annos
2876 1765 3160 1820 ecclesias
3192 1783 3328 1822 suas
3368 1768 3694 1839 gubernas-

280 1854 364 1916 τὰς
417 1853 631 1909 ἑαυτῶν
686 1851 980 1923 ἐκκλησίας
1037 1847 1484 1928 κυϐερνήσαντες,
1548 1847 1793 1919 ἀπῆλθον
1855 1847 1929 1910 εἷς

2048 1852 2191 1915 sent,
2216 1847 2277 1903 in
2301 1848 2681 1905 Occidentem
2710 1851 3006 1922 abierunt,
3039 1860 3104 1909 ut
3133 1855 3365 1927 aliquos
3389 1857 3690 1929 juvarent.

279 1945 366 2011 τὴν
423 1943 592 2000 Δύσιν
650 1942 932 2021 ὠφελῆσαι
989 1943 1155 2004 τινάς.
1216 1940 1315 1997 Καὶ
1375 1936 1770 2001 καταλαϐόντες
1825 1939 1924 2008 τήν

279 2039 426 2102 νῆσον
475 2031 778 2107 Κερκύρων
821 2030 1098 2102 κτίζουσιν
1154 2028 1447 2101 ἐκκλησίαν
1499 2027 1577 2092 εἰς
1621 2023 1796 2101 ὄνομα
1830 2031 1926 2081 τοῦ

280 2124 424 2199 ἁγίου
477 2123 956 2200 πρωτομπὶρτυρος
1021 2121 1313 2190 Στεφάνου.
1375 2119 1474 2175 Καὶ
1533 2119 1716 2192 μαθὼν
1765 2122 1927 2174 τοῦτο

279 2212 627 2286 Κερκυλῖνος,
675 2213 836 2282 ὁτῆς
894 2213 1064 2281 νήσου
1129 2207 1405 2286 βασιλεὺς,
1463 2207 1778 2264 ἀπέκλεισεν
1833 2206 1930 2262 αύ-

280 2302 392 2365 τοὺς
422 2301 506 2367 είς
555 2299 827 2379 φυλακήν
888 2294 1014 2355 ἔνθα
1069 2296 1274 2360 ἰδόντες
1312 2297 1509 2360 αὐτοὺς
1567 2297 1702 2353 έπτᾶ
1731 2295 1928 2372 λῃσταὶ

283 2390 761 2463 ἀποκεκλεισμένοι
848 2384 1020 2457 ὄντες,
1124 2387 1437 2443 ἐπίστευσαν
1523 2391 1602 2460 τῷ
1686 2388 1929 2461 Χριστῷ,

288 2479 478 2553 ὁμοίως
543 2477 602 2536 δέ
658 2478 747 2534 καὶ
805 2479 834 2534 ὁ
891 2476 1238 2557 δεσμοφύλαξ
1295 2477 1614 2541 ’Λντώνιος,
1666 2473 1813 2537 ὅστις
1841 2474 1931 2530 καὶ

287 2568 698 2648 ἇπεκεφαλίστη.
758 2568 858 2624 Καὶ
917 2564 1276 2630 κατελθόντος
1335 2568 1504 2637 πυρὸς
1555 2564 1614 2621 ἐκ
1640 2569 1737 2621 τοῦ
1770 2563 1932 2635 ούρα-

285 2664 390 2728 νοῦ,
417 2661 504 2715 καὶ
540 2658 972 2720 κατακαύσαντος
1013 2656 1141 2721 τοὺς
1171 2655 1266 2712 δύο
1325 2655 1477 2717 υἱοὺς
1507 2660 1603 2711 τοῦ
1637 2654 1932 2731 βασιλέως,

287 2748 371 2800 καὶ
393 2751 487 2815 τὴν
519 2752 746 2823 γυναῖκα
779 2745 964 2813 αὐτοῦ,
998 2743 1346 2817 ἀπελύθησαν
1381 2746 1438 2800 οἱ
1469 2747 1636 2820 ἅγιοι,
1668 2745 1758 2800 καὶ
1790 2745 1933 2803 πολ-

293 2832 421 2900 λοὺς
449 2837 822 2914 ὠφελήσαντες
875 2834 1094 2907 ὕστερον
1157 2833 1207 2891 ἐν
1265 2834 1457 2911 είρήνῃ
1518 2831 1935 2904 ἐτελειώθησαν.

422 2944 524 3004 Καὶ
555 2943 784 3016 ἄθλησις
832 2950 934 3014 τῆς
982 2943 1136 3021 ἁγίας
1186 2940 1460 3019 μᾶρτυρος
1501 2942 1792 3018 Κερκύρας.

356 3051 496 3108 Μετὰ
551 3052 615 3106 τὸ
699 3049 1028 3119 τελευτῆσαι
1120 3048 1224 3106 ὑπὸ
1299 3053 1396 3106 τοῦ
1455 3050 1716 3125 οὐρανίου
1770 3049 1944 3124 πυρὸς

283 3138 400 3202 τοὺς
455 3139 613 3202 υἱοὺς
695 3138 1031 3214 Κερκυλίνου
1114 3142 1211 3194 τοῦ
1299 3137 1592 3214 βασιλέως,
1681 3139 1769 3194 καὶ
1841 3139 1942 3207 τὴν

283 3234 503 3302 γυναῖκα
580 3229 771 3298 αύτοῦ,
849 3229 938 3284 καὶ
1044 3227 1386 3298 ἀπολυθῆναι
1488 3227 1614 3290 τοὺς

280 3315 570 3391 ἐκράτησεν
631 3317 824 3378 αὐτοὺς
885 3319 1188 3394 Καρπιανὸς
1275 3318 1303 3374 ὁ
1386 3323 1485 3388 τῆς
1549 3318 1716 3388 νήσου
1771 3313 1936 3394 ἔπαρ-

279 3427 394 3484 χος,
452 3409 552 3463 καὶ
609 3406 867 3482 ἐτιμώρει
929 3406 1220 3480 προστάξει
1277 3410 1375 3462 τοῦ
1436 3405 1728 3481 βασιλέως.
1793 3412 1935 3482 Προ-

277 3493 556 3550 κύπτουσα
615 3493 673 3550 δέ
723 3495 828 3550 απὸ
911 3499 1010 3564 τῆς
1094 3491 1315 3567 θυρίδος
1376 3494 1618 3567 Κερκύρα
1677 3497 1713 3564 ἡ
1774 3493 1938 3550 αὐτοῦ

279 3583 546 3660 θυγάτηρ,
575 3584 666 3639 καὶ
697 3587 977 3658 θεωροῦσα
1021 3581 1154 3645 τοὺς
1218 3580 1408 3658 ἁγίους
1455 3583 1936 3658 βασανιζομένους,

277 3671 576 3728 ἐπίστευσε.
663 3673 764 3729 Καὶ
839 3674 1168 3748 Χριπιανὴν
1255 3672 1447 3740 ἑαυτὴν
1526 3673 1937 3748 ὁμολογήσασα,

276 3765 517 3838 παρέστη
583 3759 820 3818 ἐνώπιον
872 3765 968 3818 τοῦ
1026 3761 1231 3835 πατρὸς
1290 3762 1480 3830 αὐτῆς.
1545 3761 1646 3818 Καὶ
1704 3761 1937 3836 ἀναγκα-

277 3855 456 3909 σθεῐσα
487 3854 828 3928 ἀρνήσασθαι
885 3852 978 3907 τὸν
1043 3853 1298 3928 Χριστὸν,
1356 3854 1447 3908 καὶ
1516 3853 1594 3926 μὴ
1639 3859 1938 3925 πεισθεῖσα,

277 3939 556 3998 ἐκδίδοται
587 3942 676 3996 καὶ
709 3941 844 4010 αύτή
874 3945 954 4014 τῷ
1005 3941 1257 4018 ἐπάρχῳ.
1315 3942 1372 3998 ’0
1417 3939 1476 3997 δέ
1505 3939 1746 4018 ἔπαρχος
1774 3942 1942 4018 παρέ-

275 4027 441 4087 δωκεν
475 4030 656 4100 αὐτὴν
688 4029 912 4094 Λίθίοπί
944 4052 1076 4098 τινι,
1108 4030 1185 4094 είς
1235 4032 1298 4088 τὸ
1356 4029 1716 4110 διαφθαρῆναι
1747 4032 1938 4103 αὐτήν.

276 4121 578 4196 Προστάξει
638 4118 696 4176 δέ
751 4124 884 4178 Θεοῦ
943 4117 1140 4196 ἄρκτος
1198 4122 1362 4186 ποθὲν
1420 4120 1672 4188 ἐλθοῦσα,
1701 4122 1942 4178 ἐκώλυσε

273 4213 359 4267 τὸν
415 4210 667 4268 Λέθίοπα
719 4215 815 4267 τοῦ
896 4210 1356 4288 ἐπιχειρήματος,
1411 4213 1498 4268 καὶ
1561 4211 1791 4291 ἐφύλαξε
1842 4215 1941 4284 τὴν

275 4302 547 4370 παρθένον
580 4297 929 4375 ἀδιάφθορον·
992 4298 1120 4357 ἰδὼν
1181 4302 1273 4356 οὗν
1329 4302 1392 4358 τὸ
1449 4301 1938 4377 θαῦμαὸΛίθίοψ,

273 4387 357 4442 καὶ
413 4387 740 4458 πιστεύσας,
828 4389 1127 4467 μαχαίραις
1208 4389 1506 4460 κατεκόπη.
1574 4391 1636 4448 Ἦ
1698 4389 1757 4446 δὲ
1813 4391 1942 4467 ἁγία

275 4478 524 4550 Κερκύρα
609 4479 997 4552 κρεμασθεῖσα,
1093 4479 1183 4536 καὶ
1283 4480 1762 4551 ὑποκαπνισθεῖσα,
1848 4481 1938 4536 καὶ

269 4565 607 4638 τοξευθεῖαα,
637 4568 728 4621 καὶ
762 4563 1216 4639 λιθοϐοληθεῖσα,
1247 4567 1565 4640 ἐτελειώθη.

272 4690 369 4744 Καὶ
400 4689 647 4759 ἄθλησις
672 4694 771 4745 τοῦ
813 4689 972 4766 ἁγίου
1008 4691 1299 4766 Δμάρτυρος
1347 4691 1695 4766 Σατορνίνου,
1723 4695 1938 4762 καὶτῆς

874 4759 1121 4826 συνοδίας
1153 4759 1338 4822 αύτοῦ.

341 4867 514 4923 Οὗτοι
573 4868 625 4923 οἱ
685 4870 831 4944 ἅγιοι
891 4870 1147 4947 ὑπῆρχον
1220 4872 1272 4926 οἱ
1327 4870 1704 4935 πιστεύσαντες
1760 4872 1812 4928 έν
1867 4876 1938 4948 τῇ

272 4953 502 5030 φυλακῇ
535 4961 616 5028 τῷ
647 4958 865 5030 Χριστῷ
925 4956 1014 5014 δια
1066 4966 1168 5028 τῆς
1224 4957 1579 5023 ,διδασκαλίας
1636 4964 1744 5016 τῶν
1772 4962 1938 5038 ἁγίων

271 5041 626 5098 ἀποστόλων·
670 5044 931 5107 Ἰάσωνος
958 5046 1050 5102 καὶ
1103 5048 1484 5117 Σωσιπάτρου,
1535 5049 1668 5103 ἑπτα
1697 5046 1938 5123 λῄσταρο

270 5147 391 5204 χοι,
461 5132 602 5204 μετᾶ
653 5133 744 5188 καὶ
799 5138 908 5189 τῶν
967 5136 1362 5191 πιστευσάντων
1414 5135 1630 5205 ὕστερον
1690 5138 1794 5192 ὑπὸ
1839 5145 1940 5207 τῆς

273 5219 434 5294 ἁγίας
498 5220 790 5298 Κερκύραςο
849 5224 938 5278 καὶ
1000 5225 1136 5297 μετά
1188 5224 1446 5296 τελευτὴν
1506 5225 1673 5295 αὐτῆς
1723 5222 1936 5299 ἐκϐλη-

273 5307 454 5372 θέντες
488 5316 590 5379 τῆς
653 5310 900 5388 φυλακῆς
959 5314 1012 5368 οἱ
1067 5314 1219 5379 δπτδι,
1277 5316 1367 5370 καὶ
1426 5313 1679 5390 ἀχθέντες
1707 5314 1809 5387 ἔξω
1838 5325 1939 5387 τῆς

272 5395 522 5465 πόλεως,
557 5394 930 5472 ἐνεϐλήθησαν
989 5402 1065 5466 εἰς
1126 5399 1360 5472 λέϐητας
1420 5406 1687 5480 γέμοντας
1718 5406 1935 5478 πίσσης,

275 5485 363 5539 καὶ
423 5492 627 5559 κηροῦ,
682 5489 770 5544 καὶ
830 5489 1040 5560 ἐλαίου,
1095 5491 1185 5548 καὶ
1249 5493 1540 5568 βράζοντες
1612 5492 1939 5566 ἐτελειώθη-

276 5594 395 5633 σαν.
433 5577 510 5634 Οἱ
556 5575 612 5633 δέ
670 5581 1118 5657 καταλειφθέντες
1173 5579 1426 5661 ἀδελφοὶ,
1481 5582 1558 5646 εἷς
1609 5583 1854 5655 νησίδιόν
1885 5608 1939 5642 τι

280 5661 642 5739 ἀπελθόντες,
670 5668 1056 5747 προσηύχοντο
1112 5675 1192 5743 τῷ
1249 5677 1385 5746 Θεῷ.
1418 5673 1521 5730 Καὶ
1566 5673 1749 5746 μαθὼν
1776 5680 1938 5731 τοῦτο

618 5787 882 5850 Panos.
927 5790 1039 5852 Gn.
1085 5790 1325 5857 CXVII.

1967 4595 2014 4660 D

2036 1937 2300 2008 Cumque
2342 1938 2402 1993 in
2451 1940 2763 2012 Corcyram
2814 1943 3073 1999 insulam
3130 1947 3452 2011 venissent,
3503 1948 3692 2004 sancti

2035 2025 2319 2097 Stephani
2377 2031 2828 2102 protomartyris
2881 2033 3125 2090 nomine
3179 2035 3492 2091 ecclesiam
3557 2053 3694 2094 con-

2036 2119 2396 2171 struxerunt.
2431 2117 2564 2172 Haec
2605 2135 2739 2174 cum
2791 2120 3138 2193 Cercylinus
3187 2123 3398 2179 insulae
3453 2126 3692 2199 regulus

2036 2203 2451 2274 intellexisset,
2479 2208 2697 2280 conjici
2729 2209 2890 2281 ipsos
2912 2212 3098 2283 jussit
3130 2213 3191 2268 in
3224 2230 3522 2269 carcerem
3550 2233 3562 2270 :
3596 2215 3700 2274 ubi

2036 2310 2171 2350 cum
2205 2311 2305 2350 eos
2334 2295 2623 2352 vidissent
2653 2304 2880 2370 septem
2913 2300 3196 2369 latrones,
3220 2304 3321 2374 qui
3352 2303 3574 2360 ibidem
3608 2305 3702 2360 in-

2037 2383 2187 2440 clusi
2221 2390 2410 2452 erant,
2443 2386 2502 2441 in
2536 2387 2834 2444 Christum
2866 2391 3287 2447 crediderunt:
3332 2394 3610 2450 similiter
3643 2399 3703 2451 et

2039 2473 2294 2529 carceris
2325 2481 2524 2531 custos
2555 2478 2870 2545 Antonius,
2906 2480 3008 2550 qui
3058 2480 3306 2552 proinde
3353 2483 3545 2552 capite
3593 2481 3702 2538 ob-

2043 2566 2351 2618 truncatus
2385 2563 2512 2620 fuit.
2547 2565 2814 2622 Posthmc
2845 2583 2978 2622 cum
3010 2568 3165 2640 ignis
3195 2586 3225 2623 e
3249 2569 3394 2625 coelo
3418 2571 3696 2642 delapsus

2041 2649 2189 2706 duos
2220 2652 2407 2724 reguli
2442 2653 2597 2707 filios
2646 2654 2896 2727 ejusque
2945 2673 3191 2713 uxorem
3242 2659 3690 2728 combussisset,

2040 2740 2292 2796 vinculis
2320 2741 2498 2797 soluti
2520 2741 2765 2798 fuerunt
2794 2746 2980 2800 sancti
3013 2747 3119 2801 viri
3147 2764 3160 2801 :
3193 2749 3294 2818 qui
3327 2765 3462 2804 cum
3493 2750 3698 2806 multis

2042 2829 2427 2903 profuissent,
2469 2831 2711 2889 demum
2743 2834 2804 2889 in
2835 2851 2979 2906 pace
3011 2835 3417 2893 decesserunt.

2276 2938 2342 2992 Et
2371 2944 2642 2993 certamen
2666 2945 2866 2995 sancta
2894 2943 3154 3010 martyris
3187 2941 3456 3014 Cercyraz.

2115 3045 2437 3115 Postquam
2469 3045 2711 3116 delapso
2743 3063 2773 3101 e
2805 3047 2950 3103 caelo
2982 3049 3117 3121 igne
3166 3049 3461 3123 Cercylini
3505 3053 3697 3125 reguli

2046 3132 2158 3190 ﬁlii
2181 3139 2242 3190 et
2260 3135 2475 3205 conqu
2498 3136 2836 3206 periissent,
2869 3154 2938 3193 ac
2955 3137 3185 3211 praefati
3209 3141 3397 3196 sancti
3429 3140 3537 3196 viri
3569 3141 3697 3198 vin-

1727 3227 1932 3302 ἁγίους,
1973 3215 2016 3283 C
2046 3221 2198 3278 culis
2230 3222 2407 3278 soluti
2436 3223 2711 3291 fuissent,
2746 3242 2848 3281 eos
2889 3229 3344 3300 comprehendit
3372 3231 3699 3302 Carpianus

2047 3311 2261 3368 insula)
2291 3329 2534 3384 prases,
2561 3331 2630 3370 ac
2659 3315 2847 3388 reguli
2869 3317 3047 3388 jussu
3077 3320 3392 3375 tormentis
3424 3320 3695 3392 subjecit.

2047 3402 2191 3457 Cum
2221 3409 2420 3466 autem
2449 3419 2521 3458 ex
2550 3402 2813 3461 fenestra
2843 3408 3208 3479 prospiceret
3235 3411 3484 3482 Cercyra
3512 3410 3702 3482 ipsius

2049 3492 2192 3558 ﬁlia,
2227 3498 2580 3564 sanctosque
2613 3495 2974 3552 cruciatibus
2997 3499 3190 3553 vexari
3216 3499 3461 3564 videret,
3487 3500 3704 3555 Christi

2049 3581 2229 3638 ﬁdem
2251 3581 2525 3654 amplexa
2545 3589 2653 3648 est,
2678 3600 2860 3654 seque
2888 3585 3286 3642 Christianam
3303 3588 3703 3658 professa,co-

2049 3686 2177 3727 ram
2208 3675 2375 3743 patre
2407 3687 2513 3727 suo
2542 3671 2766 3728 astitit:
2799 3689 2835 3729 a
2860 3691 2976 3745 quo
3003 3675 3176 3745 jussa
3199 3676 3501 3732 Christum
3523 3677 3698 3733 abne-

2048 3776 2208 3834 gare,
2241 3776 2377 3817 cum
2409 3777 2529 3817 non
2560 3762 2939 3830 assensiseet,
2972 3763 3190 3819 tradita
3219 3765 3398 3820 etiam
3429 3766 3559 3837 ipsa
3587 3766 3701 3822 fuit

2049 3849 2310 3924 praesidi.
2342 3854 2419 3905 At
2446 3866 2669 3922 praeses
2699 3867 2832 3907 eam
2866 3851 3032 3907 dedit
3060 3854 3296 3910 cuidam
3325 3855 3604 3929 Ethiopi,
3636 3862 3703 3912 ut

2050 3939 2244 4011 ipsam
2275 3944 2704 4011 corrumperet.
2738 3940 2842 3996 Dei
2873 3947 3073 3997 autem
3103 3948 3251 3999 nutu
3292 3960 3432 4000 ursa
3461 3944 3702 4001 aliunde

2052 4029 2498 4101 superveniens,
2529 4029 2602 4085 ab
2632 4034 2924 4086 attentato
2951 4032 3177 4088 scelere
3201 4033 3531 4106 EthiOpem
3561 4051 3702 4106 pro-

2051 4119 2264 4188 hibuit,
2299 4124 2358 4174 et
2397 4119 2684 4195 virginem
2725 4120 3132 4193 incorruptam
3185 4122 3518 4179 custodivit.
3578 4126 3702 4189 Quo

2049 4210 2176 4265 viso
2209 4208 2497 4281 prodigio,
2535 4209 2634 4264 74
2665 4225 2799 4265 cum
2831 4210 3100 4283 Ethiops
3132 4211 3235 4266 ille
3265 4211 3480 4268 Christi
3525 4213 3704 4270 fidem

2051 4299 2432 4372 suscepisset,
2455 4315 2598 4354 ense
2625 4297 3012 4355 obtruncatus
3039 4300 3170 4356 fuit.
3203 4306 3279 4356 At
3307 4307 3509 4358 sancta
3563 4307 3702 4360 Cer-

2049 4407 2189 4462 cyra
2217 4389 2479 4462 primum
2506 4405 2816 4460 suspensa,
2849 4395 2908 4446 et
2938 4391 3153 4446 emisso
3186 4389 3346 4446 fumo
3384 4410 3454 4447 ex
3485 4409 3704 4463 suppo-

2050 4481 2163 4538 sito
2185 4481 2323 4553 igne
2343 4478 2774 4544 cruciata,dein
2796 4480 3024 4552 sagittis
3049 4481 3352 4549 transﬁxa,
3368 4497 3436 4535 ac
3461 4480 3701 4536 demum

2048 4569 2346 4642 lapidibus
2378 4569 2612 4637 obruta,
2643 4569 2997 4640 martyrium
3019 4571 3467 4625 consummavit.

2048 4698 2113 4752 Et
2141 4703 2412 4752 certamen
2469 4698 2646 4750 sancti
2689 4697 2950 4777 martyris
2999 4697 3290 4751 Saturnini
3337 4703 3385 4751 et
3430 4695 3702 4752 sociorum

2798 4783 2935 4836 ejus.

2122 4874 2192 4931 Hi
2220 4873 2409 4930 sancti
2433 4876 2661 4944 septem
2676 4872 2981 4928 latronum
3004 4873 3308 4945 principes
3328 4873 3701 4948 fuerunt,qui

2051 4963 2113 5019 in
2160 4978 2395 5019 carcere
2425 4961 2499 5017 ob
2531 4960 2867 5018 doctrinam
2910 4967 3250 5017 sanctorum
3299 4963 3702 5035 apostolorum

2049 5053 2283 5109 Jasonis
2313 5056 2372 5107 et
2401 5050 2686 5123 Sosipatri
2717 5051 2945 5106 Christo
3006 5067 3225 5107 nomen
3275 5052 3585 5120 dederunt,
3633 5071 3701 5111 ac

2049 5159 2171 5200 una
2191 5157 2325 5197 cum
2349 5141 2443 5207 iis,
2469 5140 2568 5211 qui
2593 5144 2800 5212 postea
2814 5141 3209 5197 Christianam
3229 5142 3579 5215 religionem
3597 5161 3704 5216 per

2050 5236 2318 5288 sanctam
2346 5231 2657 5301 Cercyram
2689 5230 2944 5302 amplexi
2977 5236 3134 5296 sunt,
3166 5237 3300 5302 post
3339 5233 3516 5304 hujus
3569 5233 3699 5288 obi-

2049 5326 2175 5377 tum
2209 5337 2241 5376 θ
2270 5336 2506 5376 carcere
2558 5318 2777 5386 educti,
2825 5319 2939 5392 ipsi
2973 5320 3214 5391 quidem
3264 5329 3492 5393 septem
3537 5329 3702 5379 extra

2048 5411 2344 5467 civitatem
2375 5408 2638 5478 abducti,
2666 5409 2729 5466 in
2785 5409 3011 5466 lebetes
3063 5410 3216 5482 pice,
3269 5427 3406 5467 cera
3449 5412 3700 5482 oleoque

2050 5501 2310 5573 repletos
2331 5505 2508 5572 atque
2537 5498 2942 5556 effervefactos
2960 5500 3542 5573 injecti,martyrium
3566 5518 3702 5557 con-

2051 5596 2444 5649 summarunt.
2479 5590 2712 5661 Reliqui
2740 5606 2875 5646 vero
2905 5589 3117 5645 fratres
3148 5589 3208 5643 in
3241 5592 3560 5660 quamdam
3573 5605 3702 5659 par-

2051 5697 2182 5738 vam
2211 5680 2471 5738 insulam
2501 5678 2816 5750 deportati,
2848 5678 3062 5734 divinis
3091 5678 3368 5747 precibus
3415 5677 3700 5736 vacabant

3385 5793 3459 5852 14-
