4134 6302
463 333 582 392 ιε’]

1702 323 2144 388 MENOLOGII
2191 321 2389 384 PARS
2433 318 2544 382 III.

3759 324 3886 385 ΕΒ

466 467 612 522 Cum
641 479 779 520 vero
811 462 874 520 id
903 462 1144 536 regulus
1173 461 1454 528 scivisset,
1490 476 1814 517 conscenso
1865 457 2113 532 navigio,

2231 453 2260 508 6
2296 450 2572 528 βασιλεὺς,
2604 449 2696 506 καὶ
2743 445 2918 525 έμόάς
2965 448 3044 514 εἷς
3100 447 3321 522 πλοῖον,
3349 452 3440 508 καὶ
3497 450 3886 529 ἀπερχόμενος

468 556 542 611 ad
564 554 700 610 illos
723 552 1156 609 interimendos
1182 569 1528 624 properans,
1547 552 1608 606 in
1627 566 1788 606 mare
1812 549 2120 605 demersus

465 644 599 698 fuit.
633 643 800 698 Alius
832 648 1030 697 autem
1061 641 1322 709 regulus,
1367 641 1466 713 qui
1499 646 1632 713 post
1661 641 1856 712 ipsum
1905 637 2119 693 insulas

467 733 800 788 dominium
822 731 1168 799 obtinuit,in
1191 729 1544 786 candentem
1563 730 1864 785 fornacem
1885 732 2120 784 sanctos

467 822 634 892 injici
665 820 987 878 mandavit.
1019 827 1093 875 At
1125 836 1259 876 cum
1283 836 1382 874 eos
1401 819 1538 874 inde
1563 818 1895 874 incolumes
1925 832 2119 890 egres-

469 929 566 968 sos
595 910 859 977 vidisset,
888 909 1118 964 Christo
1151 908 1423 976 credidit,
1457 914 1683 964 mutato
1732 907 1976 962 nomine
2015 905 2118 960 Se-

467 998 780 1056 bastianus
813 1003 1190 1068 nuncupatus
1217 1013 1229 1051 :
1264 1003 1324 1051 et
1349 996 1559 1052 exinde
1583 996 1886 1051 Christum
1903 993 2121 1066 prsidi—

470 1089 622 1144 cavit
646 1103 764 1143 una
793 1103 928 1142 cum
961 1087 1180 1142 sanctis
1210 1085 1535 1157 apostolis:
1569 1101 1705 1140 cum
1738 1083 1953 1155 quibus
2009 1082 2122 1136 vita

467 1180 627 1232 recte
657 1179 975 1242 transacta,
1004 1174 1065 1228 in
1097 1189 1242 1245 pace
1274 1172 1550 1229 decessit.

1024 1281 1266 1336 EODEM
1306 1278 1558 1334 MENSE.

964 1369 1069 1424 Die
1099 1368 1379 1424 vicesima
1407 1373 1609 1422 octava

471 1476 564 1534 75
606 1475 887 1532 Certamen
943 1478 1119 1531 sancti
1174 1473 1437 1555 martyris
1491 1473 1685 1538 Dadae,
1747 1477 1798 1527 et
1851 1474 2120 1528 sociorum

1219 1562 1359 1616 ejus.

540 1656 820 1724 Martyres
841 1652 1053 1708 Christi
1073 1651 1283 1721 Dadas,
1304 1651 1610 1718 Maximus,
1635 1655 1695 1706 et
1716 1649 2119 1716 Quintilianus

470 1761 540 1798 ex
569 1743 714 1798 urbe
773 1741 1082 1798 Dorostolo
1139 1741 1200 1796 in
1249 1741 1590 1796 Macedonia
1635 1740 1898 1806 fuerunt,
1944 1739 2120 1794 Maxi-

2233 545 2485 620 φονεῦσαι
2541 538 2756 609 αὐτοὺς,
2815 539 3226 611 κατεποντίσθη·
3287 541 3378 596 καὶ
3441 546 3711 615 κρατήσας
3765 539 3886 599 ἔτε-

2231 651 2323 704 ρος
2353 628 2608 706 βασιλεὺς
2665 633 2767 696 τῆς
2829 633 3018 700 νήσου,
3073 626 3318 685 ἐνέϐαλεν
3375 631 3502 694 τοὺς
3559 633 3748 706 ἁγίους
3801 632 3886 696 εἲς

2231 719 2482 793 κάμινον,
2541 719 2629 773 καὶ
2693 715 2824 773 ἰδὼν
2879 718 3071 781 αὐτοὺς
3148 720 3316 796 ὑγιεῖς
3375 719 3712 792 ἐξελθόντας,
3765 719 3892 776 ἐτεί-

2231 828 2415 864 στευσε
2462 811 2542 879 τῷ
2598 809 2838 883 Χριστῷ,
2901 809 3328 880 μετονομασθεὶς
3380 805 3762 876 Σεϐαστιανὸς,
3791 811 3891 866 καὶ

2229 892 2289 951 ἔκ
2342 916 2468 951 τοτε
2516 895 2608 950 τὸν
2686 895 2920 969 Χριστὸν
3000 894 3288 970 ἐκήρυττεν
3369 898 3480 970 ἅμα
3538 902 3655 962 τοῖς
3710 898 3894 972 ἁγίοις

2231 984 2585 1046 ἀποστόλοις³
2617 986 2734 1057 μεθ’
2783 985 2856 1039 ὧν
2905 982 3092 1047 καλῶς
3154 986 3359 1059 βιώσας
3419 985 3472 1041 ἐν
3532 985 3742 1061 εἰρήνῃ,
3775 986 3893 1042 ἐτε-

2229 1069 2462 1143 λειώθη.

2777 1270 2960 1328 ΜΠΝΙ
3005 1272 3098 1327 ΤΩ
3135 1275 3333 1329 ΔΥΤΩ.

3001 1359 3108 1416 ΚΗ’

2970 1464 3200 1556 άρτυρος
3260 1463 3423 1536 Δάδα,
3457 1467 3547 1522 καὶ
3575 1474 3677 1538 τῆς
3709 1485 3888 1524 συνο-

2230 1463 2504 1535 ¹Ἀθλησις
2549 1469 2651 1520 τοῦ
2709 1466 2866 1540 ἁγίου

2887 1534 3015 1601 δίας
3035 1534 3223 1594 αὐτοῦ.

2302 1645 2364 1698 Οἱ
2417 1649 2516 1700 τοῦ
2569 1647 2810 1721 Χριστοῦ
2878 1647 3144 1722 μάρτυρες
3203 1644 3398 1715 Δάδας,
3457 1646 3735 1721 Μάξιμος,
3792 1650 3895 1705 καὶ

2229 1730 2595 1801 Κιντιλιανὸς,
2634 1734 2885 1808 ὑπῆρχον
2950 1735 3044 1807 μέν
3098 1734 3187 1789 ἐπὶ
3242 1741 3342 1804 τῆς
3401 1734 3676 1808 βασιλείας
3712 1741 3891 1810 Magi.-

468 1833 668 1888 miano
700 1832 1078 1902 imperatore,
1113 1836 1170 1884 et
1197 1829 1516 1901 Tarquinio
1550 1828 1818 1884 consule.
1852 1830 1922 1883 Et
1950 1829 2113 1884 Maxi-

2231 1826 2446 1894 μιανοῦ,
2492 1822 2584 1876 καὶ
2640 1820 2938 1897 Ταρκυΐνου
2998 1823 3225 1892 ὑπάτου,
3288 1823 3348 1878 ἐκ
3400 1831 3502 1895 τῆς
3552 1825 3769 1888 πόλεως
3825 1824 3898 1883 δὲ

466 1937 602 1978 mus
633 1920 873 1992 quidem
909 1919 1303 1975 sanctissimas
1335 1919 1439 1973 Dei
1476 1918 1744 1974 ecclesia:
1772 1917 1958 1973 lector
1985 1916 2118 1983 fuit,

473 2010 804 2064 divinarum
863 2009 1301 2079 Scripturarum
1361 2008 1621 2079 optimus
1689 2006 2003 2078 interpres,
2065 2012 2124 2061 et

469 2100 532 2154 in
556 2097 773 2154 Christi
797 2097 1040 2152 nomine
1063 2095 1303 2150 docens.
1320 2095 1508 2151 Dadas
1533 2112 1686 2160 vero,
1721 2101 1778 2149 et
1805 2095 2119 2160 Quintilia-

466 2204 581 2242 nus
613 2192 782 2240 erant
813 2187 941 2256 ejus
967 2185 1266 2256 discipuli,
1301 2191 1358 2239 et
1385 2184 1582 2239 amici.
1617 2185 1962 2239 Denuntiati
1986 2201 2120 2255 pro~

465 2275 608 2330 inde
639 2275 892 2330 civitatis
924 2275 1187 2345 praesidi,
1221 2279 1278 2328 et
1307 2273 1743 2344 comprehensi,
1776 2289 1974 2329 coram
1991 2274 2118 2346 ipso

468 2363 708 2419 adducti
750 2363 1033 2418 fuerunt:
1068 2369 1246 2434 atque
1305 2361 1376 2418 ab
1436 2377 1503 2417 eo
1563 2363 1931 2434 interrogati,
1985 2379 2120 2418 cum

468 2454 765 2509 Christum
797 2453 982 2508 libere
1013 2452 1268 2507 confessi
1296 2452 1568 2520 fuissent,
1601 2454 1662 2508 in
1694 2468 1992 2508 carcerem
2014 2453 2119 2508 de-

468 2543 614 2597 trusi
649 2547 824 2596 sunt:
877 2559 948 2597 ex
1005 2557 1122 2612 quo
1172 2541 1388 2596 deinde
1436 2541 1653 2610 educti,
1708 2547 1885 2612 atque
1943 2541 2121 2598 idolis

471 2631 807 2686 sacriﬁcare
829 2630 1148 2701 jussi,cum
1173 2635 1517 2685 constanter
1536 2629 2118 2702 respuissent,denu-

473 2718 593 2774 dati
627 2720 907 2791 primum,
943 2723 1000 2773 et
1029 2735 1206 2790 super
1239 2719 1487 2774 humum
1517 2719 1844 2785 extensi,ex
1868 2726 2121 2792 quatuor

471 2808 741 2882 partibus
771 2808 958 2881 ligati,
989 2808 1122 2863 cassi
1157 2814 1332 2862 sunt:
1367 2824 1433 2863 ac
1487 2808 1727 2864 demum
1775 2809 1966 2881 capite
2016 2809 2118 2864 ob-

477 2897 756 2952 truncati.
790 2898 1007 2952 Eorum
1037 2897 1308 2968 reliquis)
1336 2896 1474 2952 inde
1498 2898 1800 2953 translata
1830 2897 2117 2954 Constan-

465 2985 714 3058 tinopoli
743 2986 1026 3058 depositae
1057 2985 1320 3043 fuerunt.

2227 1911 2586 1986 Δωροστόλου
2640 1915 2741 1983 τῆς
2799 1910 3155 1977 Μακεδονίας.
3229 1915 3335 1971 Καὶ
3389 1916 3418 1971 ὁ
3477 1916 3570 1988 μὲν
3634 1917 3894 1991 Μάξιμος

2226 2001 2576 2076 ἀναγνώστης
2633 2002 2702 2071 ἦν
2761 2009 2862 2072 τῆς
2923 2004 3232 2078 ἁγιωτάτης
3278 2007 3376 2059 τοῦ
3425 2009 3558 2059 Θεοῦ
3591 2004 3897 2075 ἐκκλησίας

2223 2089 2407 2153 καλῶς
2462 2090 2778 2164 ἑρμηνεύων
2836 2091 2932 2154 τὰς
2998 2092 3144 2154 θείας
3201 2094 3436 2170 Γραφάς,
3493 2097 3581 2148 καὶ
3616 2092 3898 2151 διδάσκων

2227 2176 2313 2233 ἐπὶ
2344 2183 2422 2252 τῷ
2453 2178 2679 2252 ὀνόματι
2721 2184 2819 2235 τοῦ
2875 2185 3140 2256 Χριστοῦ
3201 2182 3230 2236 6
3290 2181 3347 2236 δὲ
3403 2179 3598 2252 Δαδας,
3629 2185 3716 2238 καὶ
3755 2187 3894 2241 Κιν-

2223 2264 2469 2329 τιλιανὸς
2501 2268 2636 2338 ἦσαν
2669 2269 2836 2324 αὑτοῦ
2879 2270 3119 2342 μαθηταὶ
3177 2271 3268 2325 καί
3325 2270 3508 2347 φίλοι.
3549 2273 3892 2346 Καταμηνυ-

2226 2355 2404 2419 θέντες
2462 2354 2519 2411 δὲ
2572 2362 2652 2430 τῷ
2701 2364 2802 2427 τῆς
2862 2358 3080 2422 πόλεως
3136 2357 3387 2435 ἄρχοντι,
3444 2360 3534 2415 καὶ
3581 2361 3896 2436 κρατηθέν-

2223 2465 2333 2512 τες,
2430 2446 2772 2521 παρέστησαν
2879 2446 3046 2519 αὐτῷ·
3135 2448 3225 2502 καὶ
3326 2447 3713 2522 ἐρωτηθέντες,
3790 2451 3883 2506 καὶ

2223 2534 2316 2588 τὸν
2393 2534 2624 2610 Χριστὸν
2697 2534 2980 2612 παρῥησίᾳ
3064 2533 3535 2612 ὁμολογήσαντες,
3612 2541 3886 2594 ἀπεκλεί-

2226 2623 2424 2693 σθησαν
2463 2622 2540 2686 είς
2569 2621 2845 2702 φυλακήν.
2889 2625 3026 2681 Εἶτα
3072 2631 3172 2694 τῆς
3223 2625 3471 2702 φυλακῆς
3503 2619 3884 2702 ἐκϐληθέντες,

2224 2712 2310 2766 καὶ
2370 2716 2891 2789 καταναγκασθέντες
2945 2715 3098 2769 θῦσαι
3155 2721 3272 2778 τοῖς
3331 2713 3608 2786 εἰδώλοις,
3649 2718 3742 2772 καῖ
3801 2722 3881 2792 μὴ

2223 2802 2546 2870 πεισθέντες,
2603 2801 3002 2877 γυμνωθέντες,
3074 2802 3163 2857 καὶ
3241 2800 3579 2868 άπλωθέντες
3634 2805 3723 2860 ἐπὶ
3778 2809 3880 2876 τήν

2221 2896 2348 2964 γῆν,
2448 2889 2508 2944 ἐκ
2600 2893 2875 2966 τεσσάρων
2977 2888 3274 2965 δεδεμένοι,
3369 2891 3690 2971 ἐτυφθησαν·
3770 2900 3887 2952 εἶτα

2223 2978 2750 3055 ἀπεκεφαλίσθησαν·
2834 2979 2909 3034 ὧν
2993 2981 3061 3035 τὰ
3127 2979 3355 3054 λείψανα
3420 2980 3882 3055 ἀποκομισθέντα,

2222 3063 2478 3137 ἐτέθησαν
2511 3067 2563 3122 ἐν
2601 3068 3192 3126 ΚωνσταντινουπόΛει.

461 3171 530 3224 Et
559 3174 834 3224 certamen
876 3170 1055 3224 sancti
1109 3169 1372 3239 martyris
1429 3171 1679 3236 Zenonis,
1739 3176 1792 3224 et
1845 3172 2113 3226 sociorum

2227 3171 2333 3228 Καὶ
2364 3171 2597 3244 ἄθλησις
2651 3173 2747 3229 τοῦ
2801 3173 3290 3264 ἀγίουΜμάρτυρος
3340 3179 3614 3249 Ζήνωνος,
3663 3177 3750 3232 καὶ
3779 3182 3881 3243 τῆς

1217 3254 1355 3306 ejus.

534 3347 730 3400 Zenon
752 3343 969 3400 Christi
999 3348 1244 3416 martyr,
1268 3361 1390 3400 una
1413 3361 1548 3400 cum
1591 3346 1811 3402 sanctis
1841 3347 2113 3416 Eusebio,

464 3435 684 3501 Neone,
716 3438 774 3487 et
796 3432 1027 3501 Vitalio,
1059 3434 1173 3489 fuit
1197 3451 1268 3490 ex
1293 3435 1560 3505 Corcyraa
1586 3435 1802 3492 insula.
1837 3437 2115 3492 lnstructi

463 3527 662 3579 autem
691 3539 727 3577 a
769 3523 990 3578 sanctis
1037 3523 1335 3594 Apostolis
1390 3525 1622 3591 Jasone,
1685 3530 1743 3581 et
1791 3525 2111 3596 Sosipatro,

463 3611 693 3667 Christo
719 3610 1122 3666 crediderunt.
1151 3611 1338 3667 Delati
1361 3613 1541 3685 igitur
1561 3612 1718 3684 apud
1739 3614 2114 3685 Cercylinum

463 3699 676 3756 insula)
709 3700 1006 3774 regulum,
1041 3706 1099 3756 et
1128 3701 1568 3773 comprehensi,
1592 3702 1984 3775 gravibusque
2007 3720 2111 3759 ca-

460 3790 614 3845 tenis
648 3790 720 3846 ab
755 3789 1089 3846 idololatris
1123 3792 1450 3855 constricti,
1484 3808 1684 3848 coram
1713 3793 1842 3864 ipso
1874 3792 2112 3849 adducti

460 3883 618 3934 sunt.
647 3880 788 3934 Cum
820 3895 955 3934 vero
987 3879 1059 3934 ab
1088 3896 1155 3934 eo
1205 3880 1574 3954 interrogati,
1633 3882 1932 3936 Christum
1972 3899 2113 3954 pro-

457 3966 600 4022 fessi
629 3973 846 4033 essent,
880 3967 1142 4022 vestibus
1173 3969 1433 4038 primum
1461 3969 1767 4036 denudati,
1822 3986 1889 4026 ac
1937 3987 2115 4043 super

458 4055 708 4109 humum
739 4054 988 4119 extensi,
1013 4055 1376 4126 funibusque
1419 4058 1697 4112 manibus
1745 4075 1814 4114 ac
1862 4058 2112 4129 pedibus

458 4141 709 4214 alligati,
739 4158 845 4213 per
878 4142 1078 4212 plures
1105 4143 1282 4198 horas
1301 4145 1478 4216 virgis
1508 4146 1645 4200 caesi
1677 4152 1838 4212 sunt,
1862 4153 1928 4202 ut
1951 4164 2114 4220 coge-

461 4235 672 4285 rentur
699 4229 999 4284 Christum
1048 4229 1360 4304 abnegare,
1406 4237 1466 4286 et
1519 4232 1696 4288 idolis
1755 4235 2107 4290 sacrificare.

461 4317 570 4374 Sed
601 4333 735 4374 cum
767 4317 827 4373 id
853 4323 1197 4373 constanter
1243 4327 1645 4385 recusassent,
1702 4338 1770 4377 ac
1818 4339 1892 4378 ne
1943 4324 2110 4378 verbo

456 4407 698 4479 qui-lem
723 4407 1042 4462 dmmoniis
1067 4408 1405 4463 sacrificare
1427 4411 1959 4477 consensissent,in
1979 4429 2108 4468 car-

455 4513 653 4554 cerem
671 4514 853 4570 prope
868 4498 1085 4553 mortui
1105 4497 1329 4553 detrusi
1354 4499 1865 4556 t'uerunt.Demum
1887 4501 2108 4575 ingenti

457 4588 861 4659 ignisfornace
879 4594 1216 4656 accensa,et
1235 4605 1470 4645 carcere
1493 4589 1709 4658 educti,
1725 4591 1786 4646 in
1814 4592 1910 4646 70
1943 4592 2109 4650 illam

455 4677 660 4748 injecti
691 4683 867 4735 sunt:
900 4684 1078 4750 atque
1109 4679 1192 4734 ita
1221 4678 1452 4736 vivendi
1481 4678 1664 4736 ﬁnem
1691 4680 1982 4738 fecerunt.

453 4890 518 4946 Et
545 4895 811 4949 memoria
845 4895 1025 4949 sancti
1073 4897 1260 4952 Patris
1312 4897 1491 4954 nostri
1545 4899 1854 4954 Memnonis
1912 4898 2105 4957 Thau-

1142 4970 1404 5038 maturgi.

524 5070 774 5127 Sanctus
805 5074 977 5129 Pater
1028 5079 1231 5130 noster
1296 5078 1570 5134 Memnon
1628 5078 2100 5153 Thaumaturgus

455 5175 590 5214 cum
611 5159 738 5215 hac
759 5163 948 5218 sancti
966 5164 1261 5237 Evangelii
1291 5165 1470 5222 verba
1499 5165 1766 5223 audisset
1791 5185 1804 5223 :
1841 5169 1951 5234 Qui
1984 5185 2105 5225 non

449 5247 763 5320 reliquerit
789 5256 1039 5322 patrem,
1073 5253 1164 5307 vel
1197 5259 1468 5320 matrem,
1501 5254 1591 5308 vel
1620 5254 1853 5324 fratres,
1888 5256 1977 5312 vel
2011 5275 2102 5314 so-

450 5354 638 5404 rores,
669 5338 759 5395 vel
789 5339 1018 5408 domos,
1052 5342 1141 5396 vel
1169 5358 1361 5414 agros,
1395 5359 1514 5398 non
1547 5348 1744 5414 potest
1772 5361 1940 5401 meus
1973 5364 2102 5402 esse

449 5426 778 5500 discipulus
813 5445 826 5484 :
859 5429 1037 5486 corde
1067 5436 1483 5503 compunctus,
1532 5431 1756 5487 relictis
1800 5435 2100 5503 omnibus,

450 5523 687 5574 secutus
717 5523 810 5573 est
859 5518 1180 5577 Christum.
1229 5524 1422 5592 Atque
1474 5521 1556 5576 ita
1606 5521 1889 5578 virtutum
1940 5539 2101 5579 exer-

446 5607 833 5664 citationibus
862 5609 1190 5678 contendit,
1224 5615 1290 5667 ut
1317 5611 1706 5684 purissimum
1723 5610 1899 5684 plane
1917 5612 2102 5669 domi-

447 5697 672 5767 cilium,
706 5715 771 5754 ac
804 5698 1221 5770 dignissimum
1250 5701 1500 5772 Spiritus
1555 5701 1740 5754 sancti
1793 5701 2095 5758 habitacu-

2819 3252 3068 3308 συνοδίας
3099 3252 3286 3303 αὑτοῦ.

2297 3353 2504 3425 Ζήνων,
2563 3355 2591 3408 6
2645 3352 2744 3409 τοῦ
2798 3357 3033 3430 Χριστοῦ
3114 3355 3462 3430 μάρτυς,ἅμα
3527 3363 3646 3422 τοῖς
3700 3359 3882 3435 ἁγίοις

2223 3435 2522 3515 Εὑσεϐείῳ,
2553 3442 2755 3512 Νέωνι,
2811 3444 2901 3498 καὶ
2955 3443 3216 3518 Βιταλίῳ,
3277 3445 3529 3522 ὑπῆρχον
3566 3447 3659 3521 μὲν
3695 3447 3754 3502 έκ
3779 3455 3883 3518 τῆς

2222 3531 2393 3600 νήσου
2448 3530 2747 3606 Κερκύρας·
2808 3533 3230 3607 κατηχισθέντες
3291 3531 3347 3589 δὲ
3410 3536 3514 3590 ὑπὸ
3570 3540 3676 3590 τῶν
3709 3538 3879 3611 ἁγίων

2224 3617 2545 3674 ἀποστόλων
2610 3619 2883 3692 Ἰάσωνος,
2962 3622 3049 3677 καὶ
3127 3622 3507 3694 Σωσιπάτρου,
3564 3624 3879 3681 ἐπίστευσαν

2221 3713 2301 3782 τῷ
2360 3713 2600 3787 Χριστῷ·
2653 3712 2745 3766 καὶ
2826 3708 3216 3783 διαϐληθέντες
3271 3712 3590 3790 Κερκυλίνῳ
3644 3721 3724 3785 τῷ
3779 3724 3882 3787 τῆς

2221 3801 2392 3868 νήσου
2454 3800 2690 3875 βασιλεῖ,
2750 3801 3143 3874 ἐκρατήθησανο
3207 3802 3297 3857 καὶ
3355 3801 3591 3867 δεθέντες
3636 3805 3738 3860 ὑπὸ
3767 3811 3878 3862 τῶν

2223 3885 2642 3964 είδωλολατρῶν
2703 3890 2926 3946 ἁλύσεσι
3009 3891 3273 3966 βαρείαις,
3344 3894 3685 3968 παρέστησαν
3745 3893 3886 3951 ἐνώ-

2223 3997 2346 4032 πιον
2407 3976 2593 4035 αὐτοῦ.
2655 3979 2761 4034 Καὶ
2843 3977 3227 4054 ἐρωτηθέντες,
3281 3980 3372 4036 καὶ
3439 3983 3885 4060 ὁμολογήσαντες

2221 4067 2311 4120 τὸν
2368 4068 2622 4141 Χριστὸν,
2684 4070 3060 4144 γυμνωθέντες
3118 4075 3227 4126 τῶν
3283 4071 3514 4143 ἱματίων
3558 4073 3885 4146 αὐτῶν,καὶ

2229 4155 2317 4210 ἐπὶ
2374 4157 2474 4226 τήν
2530 4163 2631 4232 γῆν
2692 4157 3058 4229 ἀπλωθέντες,
3118 4161 3208 4214 καὶ
3267 4157 3497 4224 δεθέντες
3550 4162 3739 4238 χείρας
3791 4163 3884 4218 καὶ

2221 4241 2394 4308 πόδας
2449 4244 2742 4320 σχοινίοις,
2799 4245 3100 4324 ἐτύφθησαν
3159 4243 3402 4324 ῥάϐδοις.
3461 4252 3586 4308 Ἐπὶ
3639 4249 3881 4315 πολλαῖς

2220 4352 2278 4386 τε
2352 4331 2520 4407 ὥραις
2594 4339 3114 4412 καταναγκασθέντες
3189 4337 3520 4409 ἀρνήσασθαι
3617 4342 3712 4414 μὶν
3788 4345 3883 4398 τὸν

2220 4423 2472 4494 Χριστὸν,
2507 4425 2663 4479 θῦσαι
2722 4423 2781 4481 δέ
2834 4431 2952 4488 τοῖς
3009 4423 3287 4495 εἰδώλοις,
3349 4429 3427 4500 μή
3487 4429 3791 4494 πεισθέντες
3821 4429 3884 4487 δί

2143 4553 2188 4619 D
2225 4509 2367 4584 μηδέ
2400 4514 2567 4589 μέχρι
2601 4513 2771 4590 λόγου
2821 4519 2976 4579 θῦσαι
3032 4521 3150 4578 τοῖς
3206 4514 3479 4590 δαίμοσιν,
3512 4515 3877 4589 ἀπεκλείσθη-

2218 4622 2311 4656 σαν
2373 4601 2450 4666 είς
2497 4601 2771 4680 φυλακήν,
2852 4604 2982 4660 ὡσεὶ
3065 4605 3272 4680 νεκροί.
3361 4605 3457 4661 Καὶ
3511 4606 3644 4679 μετά
3697 4611 3869 4662 ταῦτα

2217 4688 2452 4763 καμίνου
2487 4691 2730 4768 μεγάλης
2789 4693 3137 4770 ἀναφθείσης,
3202 4700 3304 4763 τῆς
3362 4694 3611 4772 φυλακῆς
3661 4689 3877 4766 ἐκϐλη-

2216 4779 2416 4848 θέντες,
2446 4780 2535 4835 καὶ
2569 4779 2621 4834 ἐν
2655 4782 2793 4856 αὑτῇ
2818 4779 3208 4854 ἐμϐληθέντες,
3240 4783 3661 4854 ἐτελειώθησαν.

2216 4887 2315 4941 Καὶ
2378 4888 2572 4960 μνήμη
2621 4893 2722 4943 τοῦ
2779 4888 2932 4944 ὁσίου
2992 4889 3203 4964 Πατρὸς
3247 4891 3408 4963 ἡμῶν
3461 4890 3746 4963 Μέμνονος
3777 4898 3878 4947 τοῦ

2817 4966 3260 5038 Θαυματουργοῦ.

2285 5065 2542 5139 Μέμνων,
2574 5069 2603 5124 6
2633 5067 2686 5124 έν
2731 5069 2907 5144 ἁγίοις
2962 5071 3148 5145 Πατὴρ
3196 5073 3382 5142 ἡμῶν,
3433 5070 3462 5124 6
3515 5077 3875 5146 Θαυματουρ-

2213 5156 2330 5230 γὸς,
2361 5156 2597 5220 ἀκούσας
2640 5163 2740 5213 τοῦ
2799 5160 2951 5234 ἁγίου
2990 5159 3330 5234 Εὑαγγελίου
3363 5159 3646 5234 λέγοντος·
3683 5164 3876 5225 ’Όστις

2217 5255 2314 5308 οὐκ
2343 5253 2521 5328 ἀφῆκε
2549 5258 2778 5330 πατέρα,
2835 5257 2870 5327 ἢ
2937 5255 3168 5332 μητέρα,
3225 5257 3261 5327 ἢ
3323 5256 3616 5333 ἀδελφοὺς,
3653 5262 3687 5328 ἢ
3720 5258 3883 5316 ἀδελ-

2212 5344 2338 5416 φὰς,
2371 5345 2406 5413 ἦ
2441 5346 2642 5414 οἱκίας,
2675 5347 2709 5416 ἢ
2739 5347 2960 5422 ἀγροὺς,
3020 5346 3081 5402 οὑ
3137 5345 3360 5403 δύναταί
3395 5369 3500 5420 μου
3532 5349 3660 5403 εἶναι
3697 5361 3876 5421 μαθη-

2208 5433 2329 5501 τής·
2388 5433 2479 5488 καὶ
2539 5437 2852 5511 κατανυγεὶς
2903 5437 3001 5504 τήν
3061 5439 3268 5512 ψυχὴν,
3328 5435 3646 5492 καταλιπὼν
3677 5441 3873 5507 πάντα,

2209 5522 2565 5593 ἠκολούθησε
2594 5531 2673 5599 τῷ
2703 5529 2941 5602 Χριστῷο
2999 5528 3089 5582 καὶ
3152 5529 3327 5589 οὕτως
3383 5529 3699 5602 ἠγωνίσατο
3734 5532 3872 5600 πρὸς

2207 5612 2423 5685 ἀρετὴν,
2483 5615 2558 5677 ὡς
2623 5615 2845 5690 δοχεῖυν
2923 5618 3184 5692 καθαρὸν,
3267 5617 3355 5671 καὶ
3439 5617 3867 5693 κατοικητήρίον

2208 5702 2352 5771 ἄξιον
2437 5700 2674 5777 γενέσθαι
2762 5708 2859 5758 τοῦ
2943 5705 3098 5779 ἁγίου
3158 5705 3492 5778 Πνεῦματος.
3573 5707 3871 5778 ’Υποταξας
