4134 6302
275 366 378 427 429

1814 350 2142 415 APRILIS.

3568 360 3687 420 430

275 498 363 573 γάρ
392 496 494 563 τὴν
520 493 700 569 σάρκα
749 496 832 565 τῷ
887 490 1151 563 πνεύματι
1207 487 1297 545 διὰ
1351 486 1571 556 πολλῆς
1618 484 1929 560 ἐγκρατείας

2060 505 2164 546 um
2191 492 2457 547 evaserit.
2480 494 2625 548 Cum
2644 493 2865 548 etenim
2888 508 3127 549 carnem
3141 509 3248 564 per
3263 495 3692 551 continentiam

278 587 358 642 καὶ
411 584 825 652 ταπεινώσεως,
886 585 977 636 καί
1052 580 1238 633 παθῶν
1309 578 1596 653 κυριεύσας
1667 578 1774 629 τῶν
1831 579 1931 641 τῆς

281 667 468 742 σαρκὸς
497 667 651 738 ὁμοῦ
680 662 772 717 καὶ
818 668 919 731 τῆς
975 664 1185 735 ψυχῆς,
1243 656 1456 734 ἐγένετο
1510 655 1600 711 καὶ
1669 653 1932 727 μοναζόν-

278 780 381 819 των
428 756 703 831 ἀρχηγὸς,
758 754 847 808 καὶ
914 753 1031 828 βίον
1087 752 1253 820 ζήσας
1304 748 1620 824 ίσάγγελον,
1669 747 1758 800 καὶ
1788 744 1934 820 παρὰ

282 852 410 906 Θεοῦ
438 848 535 915 τὴν
581 850 692 899 τῶν
754 844 1043 915 θαυμάτων
1099 840 1390 895 ἐπλούτισε
1436 838 1622 914 χάριν.
1673 836 1775 893 Καὶ
1829 834 1930 909 γὰρ

284 941 420 1009 παθη
480 937 679 992 ἀνίατα
763 933 1103 1009 ἐθεράπευσε,
1192 929 1283 984 καὶ
1370 929 1607 1005 ῥείθροις
1686 924 1930 1002 δακρύων

284 1030 376 1097 τήν
426 1029 618 1103 ψυχήν
670 1022 1042 1097 ἀποκαθάρας,
1102 1016 1270 1075 ὕδατα
1326 1017 1379 1074 ἐν
1439 1019 1589 1093 ξηρῷ
1631 1015 1785 1088 τόπῳ
1842 1012 1931 1069 διὰ

282 1122 593 1191 προσευχῆς
622 1107 923 1169 ἀναϐλύσαι
967 1108 1354 1183 παρεσκεύασε,
1407 1109 1499 1162 καὶ
1552 1104 1698 1162 ἄλλα
1745 1103 1932 1160 πολλά

285 1205 527 1279 θαύματα
556 1202 807 1272 τελέσας,
841 1198 892 1255 ἐν
922 1198 1115 1275 εἰρήνῃ
1148 1196 1473 1266 ἐτελειώθη.

834 1390 1019 1449 MHNI
1072 1392 1157 1443 T0
1197 1387 1395 1445 ΑΥΤΩ.

288 1574 494 1647 Μνήμη
554 1574 654 1626 τοῦ
711 1567 869 1645 ἁγίου
915 1478 1249 1647 ᾕάποάίτὲλρυ
1326 1563 1599 1637 Σίμωνος,
1674 1561 1733 1623 ’ὸς
1812 1558 1934 1615 ἐπε-

879 1640 1062 1710 κλήθη
1097 1634 1327 1695 Ἰούδας.

358 1760 543 1833 Σίμων
580 1759 609 1813 δ
660 1760 759 1813 τοῦ
815 1757 1052 1833 Χριστοῦ
1110 1754 1279 1827 μέγας
1330 1749 1661 1819 ἀπόστολος,
1719 1748 1937 1822 ὑπῆρχε

2042 580 2346 651 animique
2378 581 2803 638 demissionem
2836 581 3071 653 spiritui
3103 581 3478 652 subjecisset,
3529 589 3587 637 et
3630 583 3693 638 in

2042 689 2249 729 omnes
2271 675 2468 730 carnis
2490 675 2794 746 animique
2807 674 3383 745 aﬁectusimperium
3402 674 3696 733 obtinuis-

2042 768 2153 829 set,
2179 764 2606 819 monachorum
2628 781 2849 835 praeses
2871 764 3061 819 factus
3085 770 3174 819 est
3194 765 3521 835 :vitamque
3540 781 3690 836 pene

2042 852 2365 924 angelicam
2386 853 2698 909 traducens
2722 854 2898 909 etiam
2919 854 3342 909 miraculorum
3358 854 3512 908 dono
3526 871 3561 909 a
3575 855 3690 910 Deo

2041 939 2261 996 ditatus
2291 940 2421 998 fuit.
2456 942 2685 997 Morbos
2717 943 2872 997 enim
2928 960 3170 1014 prorsus
3220 942 3690 999 immedicabiles

2043 1031 2299 1098 curavit;
2323 1031 2564 1087 demum
2586 1050 2720 1087 cum
2742 1033 3004 1088 animam
3027 1032 3423 1104 lacrymarum
3446 1032 3688 1089 fluentis

2042 1120 2359 1191 expiasset,
2391 1138 2460 1177 ex
2491 1121 2655 1177 arido
2705 1127 2764 1177 et
2807 1122 2961 1177 sicco
3010 1122 3138 1177 loco
3180 1137 3364 1192 aquas
3414 1120 3688 1191 precibus

2041 1208 2339 1281 proﬂuere
2368 1210 2545 1266 fecit:
2578 1211 2831 1282 aliisque
2863 1211 3137 1282 plurimis
3168 1210 3471 1267 miraculis
3493 1215 3689 1282 patra-

2043 1299 2140 1365 tis,
2174 1298 2236 1354 in
2266 1315 2411 1371 pace
2450 1299 2826 1357 obdormivit.

2598 1402 2838 1457 EODEM
2879 1401 3130 1457 MENSE.

2569 1490 2674 1545 Die
2703 1491 2983 1545 vicesima
3010 1506 3171 1546 nona

2046 1581 2311 1634 Memoria
2391 1579 2567 1634 sancti
2648 1579 2885 1705 apostoli
2963 1580 3219 1645 Simonis,

2810 1668 2844 1705 α
2880 1668 2951 1705 ae.

2810 1668 2951 1707 uade.

3312 1579 3689 1648 cognominati

2119 1758 2321 1813 Simon
2350 1774 2601 1831 magnus
2656 1759 2871 1814 Christi
2909 1759 3211 1829 apostolus
3258 1758 3371 1813 fuit
3418 1774 3488 1813 ex
3536 1759 3692 1812 Cana

296 1850 383 1924 μὶν
418 1848 525 1903 ἀπὸ
554 1849 705 1904 Κανᾶ
750 1852 851 1914 τῆς
906 1843 1221 1913 Γαλιλαίας,
1269 1838 1396 1905 ἔνθα
1434 1841 1463 1895 ὁ
1516 1837 1717 1911 Κύριος
1772 1840 1935 1910 ἡμῶν

2060 1848 2322 1913 Galilaaaa,
2356 1849 2456 1903 ubi
2485 1849 2767 1904 Dominus
2799 1865 2866 1903 ac
2897 1850 3052 1904 Deus
3082 1854 3285 1903 noster
3333 1848 3407 1903 ad
3454 1847 3691 1919 nuptias

290 1940 376 1996 καὶ
432 1941 561 2000 Θεὸς
620 1934 848 2006 κληθεὶς
905 1935 982 1997 είς
1037 1935 1236 2009 γάμον,
1307 1932 1445 2006 μετά
1498 1937 1596 1999 τῆς
1662 1928 1936 2004 ἀχράντου

291 2029 513 2104 Μητρὸς
565 2024 732 2082 αὐτοῦ
788 2025 877 2079 καὶ
936 2027 1044 2078 τῶν
1091 2023 1370 2094 μαθητῶν,
1422 2018 1707 2092 λείψαντος
1757 2015 1936 2086 οἷ’νου,

285 2122 380 2174 τοῦ
447 2118 882 2189 θαυματουργεῖν
969 2111 1287 2186 ἀρξάμενος,
1376 2105 1465 2163 διὰ
1542 2105 1936 2182 παρακλήσεως

285 2214 381 2276 τῆς
414 2206 665 2280 Μητρὸς,
690 2203 754 2258 τὸ
786 2199 934 2277 ὕδωρ
988 2200 1064 2261 είς
1114 2200 1261 2253 οἶνον
1318 2190 1636 2271 μετέϐαλεν.
1693 2196 1937 2269 Ἐγένετο

286 2295 341 2353 δὲ
370 2297 539 2352 αὐτοῦ
602 2293 873 2367 μαθητὴς,
923 2289 1015 2347 καὶ
1068 2293 1165 2345 τοῦ
1220 2290 1576 2363 κηρύγματος
1637 2283 1935 2360 ὑπηρέτης·

284 2386 468 2454 καὶῆν
503 2384 774 2458 μετὰτῶν
826 2378 1038 2435 λοιπῶν
1090 2377 1440 2441 ἀποστόλων,
1492 2376 1811 2440 ἀκολουθῶν
1860 2379 1939 2447 τῷ

286 2479 524 2551 Χριστῷ,
554 2471 777 2540 καὶτῆς
828 2471 951 2545 παρ’
1007 2467 1173 2523 αὐτοῦ
1222 2463 1573 2527 διδασκαλίας
1623 2463 1939 2522 ἀπολαύων.

287 2566 437 2623 Μετᾶ
467 2561 529 2619 δέ
568 2563 671 2631 τὴν
732 2558 1007 2633 ἀνάληψιν
1067 2556 1230 2612 αὐτοῦ
1284 2555 1373 2610 καὶ
1425 2555 1524 2623 τὴν
1583 2554 1657 2616 εἷς
1715 2553 1941 2630 οὐρανὸν

292 2648 571 2720 ἀνάϐασιν,
624 2647 875 2713 ἀπελθὼν
937 2646 1012 2708 εἷς
1067 2647 1166 2715 τὴν
1245 2643 1409 2699 πόλιν
1491 2641 1775 2711 Ἔδεσσαν,
1849 2640 1942 2697 καὶ

292 2741 537 2803 πολλοὺς
580 2735 798 2811 διδάξας
856 2741 963 2792 τῶν
1025 2732 1449 2807 εἰδωλολατρῶν
1495 2732 1585 2786 τὸν
1637 2732 1797 2805 λόγον
1827 2737 1945 2799 Δτῆς

303 2829 576 2900 ἀληθείας,
605 2828 931 2900 ἐπέστρεψεν
987 2823 1075 2880 ἐπὶ
1133 2824 1226 2878 τὸν
1289 2823 1509 2896 Κύριον·
1569 2820 1724 2878 Μετὰ
1776 2823 1946 2874 ταῦτα

309 2918 364 2976 δὶ
400 2918 849 2995 παραγενόμενος,
908 2914 998 2972 καὶ
1053 2915 1128 2977 είς
1189 2910 1635 2985 Μεσοποταμίαν,
1685 2909 1946 2984 ἐκήρυττε

302 3009 568 3085 παῤῥησίᾳ
595 3006 659 3063 τὸ
690 3003 867 3079 ὄνομα
909 3008 1007 3060 τοῦ
1057 3002 1279 3080 Κυρίου·
1328 3002 1419 3056 καὶ
1474 3000 1641 3057 πάλιν
1690 2996 1941 3054 ἀπελθῶν

294 3099 369 3159 εἰς
405 3095 687 3167 Ἔδεσσαν,
744 3095 833 3151 καὶ
891 3091 1080 3149 πολλὰ
1136 3091 1386 3165 θαύματα
1439 3088 1807 3165 ἐργασάμενος
1867 3087 1943 3149 είς

293 3186 445 3259 δόξαν
476 3189 633 3254 Θεοῦ,
662 3184 713 3241 ἐν
749 3182 945 3259 εΐρήνῃ
976 3179 1297 3249 ἐτελειώθη.

291 3305 389 3363 Καὶ
421 3302 658 3373 ἄθλησις
700 3306 808 3357 τῶν
865 3299 1041 3375 -ᾁγίων
1097 3300 1141 3375 θ’
1192 3298 1489 3375 ,μαρτύριον
1546 3300 1655 3375 τῶν
1695 3294 1768 3375 μέν
1826 3297 1938 3353 Κυ-

500 3367 654 3449 ζίκῳ,
687 3367 996 3447 Θεογνίδόυ,
1028 3372 1115 3426 καὶ
1146 3367 1247 3440 τῆς
1275 3367 1528 3431 συνοδίας
1559 3369 1746 3424 αὐτοῦ.

364 3476 435 3534 Οἱ
469 3475 620 3549 ἅγιοι
656 3474 924 3546 μάρτυρες
970 3475 1068 3526 τοῦ
1116 3471 1354 3545 Χριστοῦ
1402 3468 1643 3544 Θεόγνις,
1692 3467 1943 3544 Ῥοῦφος,

295 3564 673 3637 Ἀντίπατρος,
728 3560 1003 3636 Εὖτυχής,
1063 3560 1354 3634 Ἀρτεμᾶς,
1422 3558 1659 3632 Μάγνος,
1744 3553 1942 3610 Θεόδο-

294 3674 410 3722 τος,
443 3649 775 3723 Θαυμάσιος,
806 3650 894 3703 καὶ
929 3646 1230 3719 Φιλήμων,
1264 3647 1516 3722 ὑπῆρχον
1573 3646 1666 3719 μὶν
1720 3644 1780 3699 ἐκ
1825 3641 1935 3697 δια-

297 3742 480 3820 φόρων
538 3739 742 3808 τόπων,
835 3737 1303 3811 συναθροισθέντες
1370 3732 1427 3790 δὲ
1484 3734 1535 3789 ἐν
1601 3733 1820 3805 Κυζίκῳ
1875 3734 1945 3805 τῇ

291 3829 454 3886 πόλει
480 3829 619 3884 κατὰ
645 3829 736 3883 τὸν
769 3828 955 3902 καιρὸν
988 3829 1083 3880 τοῦ
1111 3822 1385 3899 διωγμοῦ,
1436 3822 1523 3877 καί
1572 3822 1663 3877 τὸν
1717 3820 1947 3897 Χριστὸν

292 3920 673 3994 κηρόττοντες,
707 3916 1082 3991 ἐκρατήθησαν
1135 3913 1282 3987 παρά
1334 3916 1442 3967 τῶν
1500 3909 1946 3984 εἶδωλολατρῶν,

292 4009 381 4063 καὶ
411 4004 786 4082 παρεδόθησαν
816 4009 898 4075 τῷ
926 4010 1025 4073 τῆς
1080 4004 1294 4064 πόλεως
1352 3998 1600 4077 ἄρχοντι·
1652 3998 1741 4053 καὶ
1792 3996 1946 4069 δεξά-

297 4118 452 4172 μενοι
509 4097 736 4172 πρώτην
811 4093 1102 4169 ἐρωτησιν,
1182 4091 1273 4147 καὶ
1355 4090 1642 4168 τυφθέντες
1725 4089 1947 4157 ἱκανῶς,

295 4187 759 4261 παρεπέμφθησαν
847 4182 1085 4260 φυλακῇ.
1167 4182 1262 4236 Καὶ
1356 4180 1490 4253 μετά
1594 4182 1760 4233 ταῦνα
1853 4183 1952 4246 τῆς

300 4276 549 4354 φυλακῆς
607 4268 989 4343 ἐκϐληθέντες,
1050 4272 1425 4345 ἠναγκάζοντο
1476 4267 1805 4341 ἀρνήσασθαι
1854 4269 1948 4339 μὲν

300 4367 386 4420 τὸν
420 4363 675 4439 Χριστὸν⁹
705 4366 860 4426 θῦσαι
911 4358 969 4415 δὲ
1024 4364 1142 4423 τοῖς
1190 4356 1466 4421 εἰδώλοις.
1502 4358 1568 4414 Ol.
1601 4354 1656 4411 δὲ
1707 4358 1783 4429 μὴ
1831 4376 1952 4410 πει-

304 4450 709 4522 σθέντες,ἀλλά
735 4457 833 4520 τῆς
884 4450 1097 4519 πλάνης
1154 4448 1242 4503 καὶ
1300 4441 1663 4519 ματαιότητος
1715 4449 1822 4500 τῶν
1874 4444 1952 4499 εί-

306 4539 497 4598 δώλων
540 4540 993 4604 καταπτύσαντες,
1052 4537 1142 4592 καὶ
1200 4540 1296 4590 τοῦ
1354 4535 1625 4611 ἃρχοντος
1676 4553 1951 4611 καταφρο-

2045 1943 2283 1993 vocatus
2304 1954 2424 1993 una
2451 1954 2585 1993 cum
2612 1939 2965 1993 intemerata
2995 1938 3123 2008 ejus
3154 1936 3469 2003 Genitrice,
3504 1952 3570 1990 ac
3601 1934 3692 1990 di-

2048 2027 2631 2098 scipulis,deﬁciente
2655 2028 2813 2091 vino,
2838 2027 3142 2083 miraculis
3163 2026 3399 2080 initium
3423 2025 3691 2088 daturus,

2049 2117 2317 2189 ejusdem
2350 2134 2469 2172 suas
2498 2117 2812 2171 Genitricis
2842 2121 3070 2189 rogatu,
3116 2132 3332 2187 aquam
3388 2115 3448 2168 in
3489 2114 3693 2167 vinum

2048 2208 2568 2263 convertit.Factus
2593 2212 2682 2261 est
2700 2206 2899 2277 itaque
2918 2207 3118 2261 Simon
3142 2206 3329 2277 ipsius
3345 2204 3695 2277 discipulus,

2048 2314 2117 2353 ac
2142 2296 2585 2369 pradicationis
2627 2296 2939 2351 minister:
2990 2300 3049 2350 et
3093 2311 3213 2349 una
3259 2310 3393 2349 cum
3451 2293 3700 2364 reliquis

2048 2387 2334 2458 apostolis
2352 2386 2650 2443 Christum
2676 2401 2952 2455 sequens,
2986 2384 3150 2439 illius
3171 2384 3455 2439 doctrinae
3481 2383 3698 2455 pabulo

2049 2476 2481 2549 perfruebatur.
2513 2479 2589 2531 At
2616 2480 2751 2545 post
2770 2475 2900 2546 ejus
2922 2489 3117 2529 assum
3130 2473 3392 2545 ptionem
3415 2478 3473 2527 et
3491 2489 3703 2529 ascen-

2050 2566 2277 2622 sionem
2309 2565 2371 2620 in
2402 2564 2637 2629 coelum,
2670 2563 2946 2618 Edessam
2981 2562 3170 2633 petiit,
3204 2562 3303 2617 ubi
3326 2579 3461 2618 cum
3484 2562 3702 2619 multos

2051 2671 2122 2710 ex
2151 2654 2484 2709 idololatris
2514 2651 2759 2707 verbum
2789 2652 3051 2707 veritatis
3084 2652 3439 2717 edocuisset;
3470 2651 3607 2706 illos
3624 2651 3698 2705 ad

2052 2743 2368 2799 Dominum
2390 2741 2843 2797 convertit.Post
2862 2740 2987 2794 haec
3004 2745 3201 2794 autem
3218 2741 3698 2811 MeSOpotamiam

2051 2847 2392 2905 peragrans,
2427 2830 2612 2885 libere
2642 2828 2858 2883 Christi
2888 2844 3105 2884 nomen
3134 2828 3510 2884 annuntiavit
3544 2845 3557 2881 :
3589 2830 3700 2883 ite-

2052 2936 2304 2993 rumque
2338 2922 2427 2975 77
2466 2918 2747 2974 Edessam
2804 2933 3128 2989 regressus,
3185 2933 3319 2972 cum
3377 2916 3565 2971 multa
3622 2916 3697 2972 ad

2054 3013 2157 3070 Dei
2186 3011 2436 3086 gloriam
2465 3008 2757 3066 miracula
2786 3007 3087 3075 edidisset,
3113 3008 3177 3063 in
3205 3023 3349 3079 pace
3381 3006 3659 3064 decessit.

2052 3315 2119 3369 Et
2174 3316 2446 3367 certamen
2498 3314 2812 3365 sanctorum
2860 3324 3051 3364 novem
3117 3313 3426 3381 martyrum
3502 3307 3705 3378 Cyzici,

2441 3381 2771 3450 Theognidis
2799 3387 2851 3435 et
2879 3382 3147 3435 sociorum
3176 3380 3312 3449 ejus.

2130 3482 2327 3538 Sancti
2375 3481 2591 3537 Christi
2650 3485 2938 3552 martyres
2983 3480 3293 3552 Theognis,
3340 3479 3545 3544 Rufus,
3593 3481 3705 3535 An-

2055 3574 2288 3644 tipater,
2338 3570 2653 3641 Eutyches,
2701 3571 2990 3635 Artemas,
3036 3571 3298 3639 Magnus,
3346 3568 3703 3635 Theodotus,

2054 3660 2462 3724 Thaumasius,
2496 3663 2555 3712 et
2582 3657 2918 3723 Philemon,
2963 3673 3032 3711 ex
3064 3656 3308 3709 diversis
3361 3656 3701 3727 regionibus

2059 3754 2252 3805 ortnm
2282 3748 2539 3802 duxere:
2574 3745 2755 3801 simul
2784 3750 2981 3800 autem
3013 3761 3081 3799 eo
3115 3750 3403 3814 tempore,
3427 3760 3542 3813 quo
3565 3760 3704 3815 per—

2059 3837 2281 3894 secutio
2299 3834 2551 3890 excitata
2571 3832 2851 3898 fuerat,in
2873 3832 3018 3886 urbe
3041 3831 3244 3903 Cyzico
3264 3836 3706 3886 convenerunt:

2058 3926 2159 3982 ubi
2190 3924 2489 3980 Christum
2520 3920 2936 3994 praedicantes,
2977 3920 3391 3991 comprehensi
3444 3925 3583 3974 sunt
3634 3920 3706 3976 ab

2060 4014 2479 4075 idololatris,et
2499 4012 2573 4067 ad
2600 4010 2855 4067 civitatis
2874 4010 3188 4082 praesidem
3207 4010 3466 4065 adducti.
3494 4014 3573 4065 Ac
3596 4010 3711 4081 pri-

2059 4117 2218 4157 mam
2241 4100 2635 4171 quaestionem
2659 4098 3003 4165 subeuntes,
3030 4096 3353 4152 crudeliter
3386 4096 3544 4161 caesi,
3572 4101 3631 4152 et
3652 4098 3714 4152 in

2060 4206 2359 4248 carcerem
2389 4188 2617 4244 detrusi
2648 4188 2907 4243 fuerunt.
2941 4188 3154 4243 Postea
3183 4203 3213 4241 e
3237 4202 3471 4241 carcere
3496 4187 3713 4256 educti,

2062 4280 2358 4336 Christum
2390 4278 2680 4351 abnegare
2705 4278 2861 4350 jussi
2889 4281 3047 4343 sunt,
3074 4282 3131 4331 et
3158 4275 3335 4331 idolis
3357 4277 3712 4332 sacrificare.

2061 4371 2206 4425 Cum
2237 4384 2370 4424 vero
2413 4384 2535 4423 non
2596 4366 2968 4434 assensisset,
3026 4365 3127 4419 sed
3178 4366 3376 4437 potius
3418 4364 3715 4419 idolorum

2060 4457 2472 4529 deceptionem
2501 4471 2837 4526 vanumque
2868 4454 3092 4509 cultum
3136 4453 3563 4523 despexissent,
3616 4452 3714 4522 ip-

2064 4562 2314 4617 sumque
2337 4545 2651 4617 praesidem
2676 4543 3194 4613 contempsissent,
3216 4542 3398 4595 sacris
3421 4540 3715 4609 capitibus

304 4634 577 4701 νήσαντες,
636 4628 735 4691 τάς
794 4629 943 4703 ἱεράς
1003 4626 1177 4681 αὐτῶν
1237 4599 1476 4701 κεφαλάς
1534 4599 1944 4696 ἀπετμήθησαν·

2065 4635 2343 4691 abscissis
2374 4633 2721 4703 martyrium
2753 4633 3264 4686 consummarunt.
3300 4628 3543 4682 Illorum
3576 4628 3717 4682 reli-

306 4720 371 4775 τά
397 4717 457 4775 δὶ
485 4718 715 4793 λείψανα
754 4716 927 4772 αὐτῶν
994 4710 1347 4788 μετατεθέντα
1404 4712 1455 4767 ὲν
1517 4712 1758 4785 Κυζίκῳ,
1812 4708 1955 4765 πολ-

308 4806 404 4870 λὰς
436 4808 604 4870 ΐάσεις
632 4805 944 4862 ἐπιτελοῦσι
974 4804 1052 4867 εἷς
1087 4801 1241 4877 δόξαν
1275 4805 1537 4876 Χριστοῦ.

861 4905 1013 4962 ΜΗΝ
1022 4905 1043 4959 Ι
1083 4908 1166 4958 ΤΩ
1204 4904 1400 4960 ΑΥΤΩ.

1107 4999 1152 5049 Λ

314 5083 574 5156 Ἀθλησις
627 5088 725 5139 τοῦ
786 5082 940 5158 ἁγίου
999 5080 1309 5158 ἀποστόλου
1383 5074 1648 5139 Ἰακώϐου
1720 5076 1960 5157 ἀδελφοῦ

964 5158 1062 5210 τοῦ
1094 5152 1313 5228 Κυρίου.

382 5251 667 5324 Ἰάκωϐος,
721 5258 750 5311 ὁ
812 5259 978 5331 μέγας
1034 5251 1361 5324 ἀπόστολος,
1420 5251 1537 5313 υἱὸς
1605 5252 1811 5328 Ἰωσὴφ
1864 5254 1962 5304 τοῦ

316 5350 657 5420 Μνήστορος,
692 5344 926 5423 ἀδελφὸς
971 5342 1028 5400 δὶ
1078 5344 1215 5400 κατᾶ
1269 5346 1438 5416 σάρκα
1478 5346 1575 5397 τοῦ
1622 5342 1842 5416 Κυρίου,
1878 5342 1966 5418 ὑφ’

315 5439 377 5493 ού
435 5439 525 5493 καὶ
584 5436 980 5513 ἐχειροτονήθη
1041 5437 1255 5507 πρῶνος
1308 5432 1601 5493 ἐπίσκοπος
1657 5428 1964 5503 Ἰεροσολύ-

319 5547 451 5600 μων·
489 5526 756 5602 ύπάρχων
812 5521 869 5579 δὲ
919 5518 1158 5591 εὐλαϐὴς
1216 5522 1307 5578 καὶ
1359 5521 1652 5596 ἐγκρατὴς,
1711 5519 1967 5591 ἐλεήμων

315 5617 401 5671 καὶ
461 5615 776 5689 συμπαθὴς,
836 5610 1115 5682 ἐπεκλήθη
1204 5610 1439 5671 Δίκαιος.
1496 5607 1655 5670 Τίνες
1713 5608 1826 5675 οῦν,
1884 5609 1959 5663 ὠν

318 5708 488 5786 ἦρχεν
547 5704 771 5766 Ἀνανὸς
832 5704 860 5757 ὁ
914 5700 1088 5777 ἱερεὺς
1143 5704 1251 5755 τῶν
1307 5696 1606 5772 Ἰουδαίων,
1659 5704 1761 5770 τῆς
1826 5699 1960 5755 κατὰ

2066 4724 2219 4795 quia:
2250 4723 2312 4777 in
2344 4721 2489 4776 urbe
2519 4720 2720 4791 Cyzico
2751 4718 3056 4789 depositaa,
3107 4716 3325 4771 multas
3378 4716 3717 4772 curationes

2069 4811 2143 4868 ad
2169 4810 2385 4866 Christi
2414 4809 2665 4883 gloriam
2696 4807 2985 4862 tribuunt.

2628 4906 2869 4962 EODEM
2914 4904 3164 4961 MENSE.

2676 4994 2780 5051 Die
2812 4994 3117 5050 tricesima

2171 5097 2461 5154 Certamen
2490 5094 2673 5151 sancti
2704 5094 2939 5165 apostoli
2962 5094 3153 5150 Jacobi
3179 5094 3375 5162 fratris
3406 5093 3642 5148 Domini.

2143 5249 2395 5307 Jacobus
2444 5264 2697 5321 magnus
2745 5247 3070 5321 apostolus,
3124 5246 3284 5302 ﬁlius
3332 5245 3446 5299 fuit
3485 5245 3725 5317 Iosephi

2078 5340 2307 5413 Sponsi,
2342 5338 2525 5394 frater
2549 5342 2747 5393 autem
2782 5337 3014 5392 Domini
3046 5336 3371 5391 secundum
3406 5350 3667 5392 carnem.
3696 5349 3731 5388 a

2078 5447 2195 5502 quo
2228 5434 2287 5484 et
2314 5429 2541 5501 primus
2574 5426 3115 5497 Hierosolymorum
3149 5426 3461 5497 episcopus
3491 5423 3728 5478 ordina-

2088 5526 2184 5575 tus
2213 5524 2318 5574 est.
2354 5519 2496 5571 Cum
2528 5533 2663 5571 vero
2694 5516 2828 5587 pius
2857 5520 3099 5581 esset,et
3119 5514 3452 5577 continens,
3477 5526 3589 5565 nec
3610 5526 3729 5565 non

2082 5608 2444 5671 misericors,
2477 5612 2537 5661 et
2564 5606 2898 5668 miserator,
2930 5602 3381 5674 cognominatus
3403 5606 3492 5653 est
3511 5599 3729 5651 Justus.

2084 5699 2232 5757 Hinc
2252 5695 2549 5766 nonnulli,
2574 5708 2828 5767 quorum
2845 5699 3086 5748 Ananus
3105 5690 3441 5746 Iudaeorum
3459 5684 3734 5740 sacerdos
