4134 6302
394 376 509 439 431

1673 352 2101 418 MENOLOGII
2142 351 2351 416 PARS
2394 350 2499 415 III.

3685 348 3808 410 λος

408 510 528 565 dux
558 509 705 571 erat,
725 500 996 570 consilio,
1021 498 1180 572 quod
1192 497 1472 553 adversus
1493 491 1743 549 Paulum
1768 488 2046 554 inierant,

2166 481 2387 541 Παύλου
2417 478 2717 553 ἐπιϐουλῆς
2772 481 3166 558 ἀποτυχόντες,
3226 478 3429 536 ἐκείνου
3472 479 3610 555 πρὸς
3667 479 3809 537 Ῥώ-

394 594 669 654 frustrati
721 592 962 664 (quippe
993 590 1095 661 qui
1152 590 1400 643 Romam
1457 582 1756 657 profectus
1812 577 2050 648 fuerat),

399 690 639 759 paratas
670 680 919 737 insidias
949 678 1230 733 adversus
1276 674 1557 732 Jacobum
1604 670 1699 726 78
1744 670 2052 724 converte-

402 757 567 830 runt.
629 773 772 825 Cum
831 768 1010 840 igitur
1066 767 1262 838 ipsum
1344 757 1961 833 comprehendissent,
2019 770 2053 809 a

403 862 635 918 Christo
668 874 803 914 eum
836 861 1097 912 avertere
1149 854 1344 909 conati
1396 856 1552 907 sunt.
1602 845 1826 904 Deinde
1875 859 2054 915 supra

400 949 611 1022 templi
644 945 1031 1021 pinnaculum
1060 945 1258 1016 ipsum
1292 941 1662 997 deferentes:
1708 936 1807 991 Dic
1857 931 2053 1000 nobis,

398 1039 700 1112 inquiunt,
737 1036 891 1092 elata
921 1051 1080 1099 voce,
1114 1050 1147 1089 o
1167 1032 1352 1104 juste,
1382 1029 1685 1102 quodnam
1716 1030 1807 1080 est
1834 1022 2055 1112 ostium

397 1109 577 1186 Jes'u‘:
603 1126 710 1181 llle
742 1142 878 1180 vero
911 1124 1029 1179 ait:
1064 1121 1215 1188 Quid
1246 1137 1340 1177 me
1372 1120 1443 1174 de
1472 1120 1609 1174 Jesu
1630 1110 2006 1184 interrogatis
2030 1109 2058 1165 ‘2

400 1223 531 1292 Ipse
572 1217 733 1273 enim
760 1220 869 1282 est,
902 1214 1005 1286 qui
1032 1213 1094 1268 in
1124 1211 1287 1268 oculis
1319 1209 1486 1265 sedet
1510 1207 1584 1263 ad
1614 1206 1916 1262 dexteram
1946 1202 2057 1255 Pa-

402 1316 529 1381 tris,
557 1319 616 1369 et
640 1314 855 1368 iterum
876 1314 1160 1365 venturus
1192 1312 1281 1362 est
1298 1305 1569 1379 judicare
1600 1299 1892 1358 mundum
1922 1294 2059 1351 uni-

401 1418 636 1459 versum
666 1401 729 1455 in
752 1398 1006 1472 justitia.
1041 1400 1223 1454 Porro
1254 1395 1341 1451 illi
1375 1410 1508 1450 cum
1559 1393 1686 1447 haec
1728 1387 2056 1445 audissent,

402 1492 849 1549 exclamarunt:
883 1488 1020 1555 heu,
1054 1486 1191 1553 heu,
1225 1485 1402 1541 etiam
1451 1484 1650 1539 Justus
1698 1476 1951 1534 erravit:
1985 1472 2055 1529 il-

2166 595 2272 647 μην
2334 574 2686 643 ἀπελθόντος,
2767 572 3055 648 τρέπονται
3131 571 3266 625 κατᾶ
3338 574 3436 625 τοῦ
3518 565 3804 626 Ἰακώϐου.

2161 663 2259 719 Καὶ
2338 665 2700 737 κρατήσαντες
2774 661 2958 729 αὐτὸν,
3070 662 3374 735 ἠνάγκαζον
3478 660 3806 733 ἀρνήσασθαι

2159 755 2252 809 τὸν
2284 752 2537 827 Χριστόν·
2600 751 2692 806 καὶ
2758 750 3047 827 ἀγαγόντες
3107 749 3193 805 έπὶ
3246 750 3308 803 τὸ
3362 748 3662 823 πτερύγιον
3711 752 3810 803 τοῦ

2162 843 2334 918 ἱεροῦ,
2366 840 2552 916 ἔλεγον
2585 841 2752 912 αὐτῷ.
2786 841 2920 898 Εἶπε
2968 842 3129 912 ἡμῖν,
3183 836 3377 905 δίκαιε,
3433 840 3642 912 μεγάλῃ
3694 859 3812 914 φω-

2162 933 2249 1002 νῇ’
2285 931 2371 991 τίς
2419 931 2560 985 ἐστιν
2592 932 2627 999 ὴ
2660 928 2794 1005 θύρα
2844 934 2940 984 τοῦ
3000 931 3217 998 ’1ησοῦ;
3274 927 3334 985 '0
3393 923 3451 980 δε
3509 928 3677 980 εἶπεν·
3739 926 3810 984 Τί

2169 1041 2235 1093 με
2266 1020 2501 1092 ἐρωτᾶτε
2530 1019 2653 1092 περὶ
2683 1022 2780 1073 τοῦ
2821 1019 3002 1085 ἰησοῦ
3029 1042 3044 1084 ς
3098 1014 3276 1076 Αὐτός
3325 1014 3469 1070 ἐστιν
3503 1014 3531 1069 ὁ
3561 1013 3613 1069 ἐν
3645 1014 3808 1087 ούρα-

2163 1115 2280 1173 νοῖς
2307 1110 2617 1181 καθήμενος
2649 1107 2709 1162 ἐκ
2754 1104 2937 1177 δεξιῶν
2991 1109 3087 1160 τοῦ
3146 1106 3377 1177 Πατρὸς,
3434 1105 3523 1158 καὶ
3585 1102 3805 1176 μέλλων

2166 1194 2419 1273 ἔρχεσθαι
2472 1201 2655 1269 κρῖναι
2682 1197 2783 1266 τὴν
2832 1190 3160 1267 οἰκουμένην
3210 1192 3261 1247 ἐν
3310 1190 3647 1266 δικαιοσύνῃ.
3706 1195 3809 1249 Καὶ

2167 1287 2425 1357 είπόντες,
2487 1288 2573 1351 Ὠ,
2633 1286 2722 1339 καὶ
2781 1287 2809 1339 ὁ
2868 1282 3078 1344 δίκαιος
3135 1280 3502 1353 πεπλάνηται⁹
3562 1280 3809 1357 ἔρριψαν,

2167 1376 2326 1432 αὐτὸν
2382 1374 2489 1429 ἀπὸ
2544 1377 2641 1428 τοῦ
2700 1375 2849 1449 ἱεροῦ
2927 1392 3096 1429 κατω.
3176 1371 3279 1428 Καὶ
3352 1365 3429 1424 ἔτι
3486 1370 3808 1443 ἐμπνέοντα,

2167 1466 2378 1539 πλήξας
2410 1464 2491 1525 τίς
2520 1462 2752 1541 κναφεὺς
2782 1460 2951 1534 ξύλῳ,
2980 1460 3275 1515 ἀπέκτεινε.

397 1582 645 1654 lumque
678 1596 748 1635 ex
779 1577 986 1650 templi
1006 1550 1277 1633 culmine
1317 1574 1597 1629 deorsum
1650 1567 2016 1642 praecipitem
2074 1563 2357 1634 egerunt:
2407 1571 2663 1627 cumque
2722 1555 2982 1610 animam
3034 1550 3230 1607 adhuc
3285 1555 3503 1624 ageret,
3566 1551 3812 1625 quidam

396 1671 543 1727 fullo
575 1670 734 1743 ligno
766 1684 904 1725 eum
934 1666 1271 1739 percutiens
1299 1661 1619 1720 interemit.

796 1801 1219 1897 MENSE
1297 1796 1641 1891 MAIO.

1055 1973 1160 2029 Die
1198 1972 1391 2043 prima

663 2074 935 2129 Domitio
966 2074 1141 2129 sancti
1167 2070 1452 2125 Hieremiaz
1478 2065 1793 2138 propheta.

481 2218 576 2273 79
600 2214 1179 2283 Hieremias,electus
1195 2212 1294 2269 Dei
1309 2211 1617 2283 propheta.
1632 2208 1745 2263 fuit
1766 2223 1836 2263 ex
1855 2205 2056 2260 Judma

406 2309 682 2380 regione:
716 2312 776 2362 et
804 2304 993 2360 multa
1019 2304 1261 2375 quidem
1292 2302 1642 2357 vaticinatus
1673 2303 1782 2359 est,
1814 2312 2058 2369 praeser-

405 2398 514 2451 tim
562 2413 699 2451 vero
758 2393 1301 2464 Hierosolymorum
1345 2388 1859 2462 expugnationem.
1894 2387 2054 2450 Qua-

405 2490 648 2558 propter
679 2489 890 2539 Arcam
921 2482 1089 2554 legis,
1121 2486 1181 2536 et
1221 2496 1387 2535 sacra
1439 2478 1659 2544 omnia,
1702 2493 1833 2548 quaa
1882 2475 1944 2530 in
1988 2490 2059 2530 ea

406 2579 594 2641 erant,
627 2572 947 2643 accipiens,
982 2571 1043 2625 in
1075 2574 1243 2641 petra
1271 2567 1602 2632 abscondit,
1635 2566 1772 2621 illos
1803 2565 1903 2636 qui
1924 2563 2058 2619 ade-

404 2667 556 2729 rant,
592 2663 675 2716 sic
706 2661 1038 2716 allocutus:
1071 2659 1334 2731 Migravit
1362 2658 1649 2713 Dominus
1692 2672 1761 2710 ex
1809 2654 1948 2709 Sina
1994 2653 2055 2707 in

410 2751 645 2819 coelum,
671 2767 737 2806 ac
758 2766 966 2805 rursus
988 2748 1180 2804 veniet
1210 2749 1271 2802 in
1304 2748 1442 2802 Sina
1469 2764 1603 2801 cum
1626 2749 1944 2817 potestate;
1979 2742 2056 2797 si-

405 2856 698 2913 gnumque
720 2839 883 2894 vobis
905 2839 1017 2893 erit
1036 2838 1323 2893 adventus
1353 2837 1561 2907 ipsius,
1586 2835 1823 2906 quando
1853 2838 2057 2905 gentes

407 2945 618 2984 omnes
649 2928 877 3001 lignum
906 2927 1258 2982 adorabunt.
1286 2927 1424 2991 Quae
1448 2940 1583 2981 cum
1602 2924 1869 2990 dixisset,
1896 2922 2057 2977 illico

408 3034 587 3090 super
617 3035 746 3074 eam
779 3024 1031 3090 petram,
1082 3017 1144 3072 in
1203 3033 1321 3087 qua
1378 3023 1589 3071 Arcam
1646 3012 2056 3079 absconderat,

2081 1750 2129 1815 B

2593 1810 2917 1906 MHNI
3014 1806 3383 1914 ΜΑΙΩ.

2761 1956 2852 2011 ’Ev
2886 1956 2953 2018 τῆ
2984 1953 3201 2029 πρώτῃ.

2325 2057 2391 2115 Ἣ
2420 2053 2679 2129 κοίμησις
2702 2056 2799 2108 τοῦ
2831 2050 2986 2126 ἁγίου
3015 2052 3301 2130 προφήτου
3330 2052 3626 2126 Ἱερεμίου.

2230 2214 2521 2288 Ἱερεμίας,
2552 2213 2580 2267 ὁ
2613 2209 2869 2273 ἐκλεκτὸς
2896 2210 3189 2286 προφήτης
3214 2212 3313 2263 τοῦ
3363 2205 3526 2278 Θεοῦ,
3557 2208 3808 2284 ὑπῆρχεν

2160 2303 2220 2359 ἐκ
2273 2310 2373 2372 τῆς
2431 2298 2693 2362 Ἰουδαίας
2750 2301 2961 2376 χώρας·
3017 2300 3388 2374 προεφήτευσε
3442 2298 3500 2354 δὶ
3544 2299 3632 2353 καὶ
3692 2295 3813 2354 ἓτε-

2160 2414 2230 2468 ρα
2263 2395 2359 2466 μέν
2390 2391 2599 2459 πολλὰ,
2632 2390 2710 2446 ἔτι
2744 2388 2802 2445 δί
2847 2392 2935 2445 καὶ
2984 2391 3105 2463 περὶ
3155 2397 3255 2459 τῆς
3301 2390 3560 2451 ἁλώσεως
3606 2393 3813 2462 Ἰερου-

2162 2482 2354 2555 σαλήμ
2403 2482 2499 2537 Διὸ
2526 2479 2617 2535 καὶ
2658 2475 2822 2537 ἔλαϐε
2871 2480 2972 2547 τὴν
3018 2474 3254 2534 κιϐωτὸν
3312 2483 3409 2533 τοῦ
3464 2480 3660 2551 νόμου,
3718 2480 3810 2534 καὶ

2161 2572 2225 2626 τὰ
2280 2571 2333 2627 ἐν
2397 2570 2531 2643 αὐτῇ
2587 2571 2710 2643 ἅγιιο
2758 2570 2957 2636 πάντα,
3008 2567 3100 2622 καὶ
3184 2568 3393 2642 κρύψας
3450 2567 3525 2630 εἷς
3584 2569 3807 2641 πέτραν,

2172 2658 2212 2682 ⁷ν
2382 2665 2404 2676 υ
2698 2662 2723 2674 ν
2903 2660 2915 2679 ἲ
3376 2657 3389 2676 θ
3786 2658 3803 2677 ς

2162 2680 2281 2716 ειπε
2314 2681 2432 2723 τοις
2485 2679 2844 2734 παρεστωσιν.
2920 2654 3258 2730 Απεδήμησε
3316 2659 3515 2731 Κύριος
3569 2656 3626 2711 ἐκ
3676 2664 3813 2713 Σινα

2162 2750 2239 2812 εἰς
2279 2751 2370 2806 τὸν
2436 2749 2686 2825 οὐρανὸν,
2743 2749 2837 2803 καὶ
2895 2745 3063 2802 πάλιν
3118 2746 3391 2802 ἐλεύσεται
3448 2746 3499 2802 ἐν
3566 2747 3695 2802 Σινᾶ
3754 2747 3813 2803 ἐν

2162 2838 2408 2913 δυνάμει·
2471 2839 2559 2893 καὶ
2617 2843 2845 2910 σημεῖον
2905 2838 3029 2909 ὑμῖν
3117 2835 3264 2892 ἔσται
3338 2843 3439 2905 τῆς
3513 2838 3817 2910 παρουσίας

2162 2928 2349 2993 αὐτοῦ,
2408 2927 2533 2983 ὅταν
2591 2926 2749 2998 ξύλον
2827 2927 3244 2997 προσκυνήσωσι
3298 2925 3471 2980 πάντα
3535 2927 3602 2981 τὰ
3657 2920 3812 2996 ἔθνη,

2161 3017 2410 3093 Ἐγένετο
2442 3014 2501 3071 δὲ
2530 3015 2582 3071 ὲν
2633 3019 2702 3089 τῇ
2728 3050 2732 3053 Α
2754 3013 2944 3089 πέτρᾳ,
2996 3014 3048 3070 ἐν
3146 3012 3347 3089 ἔκρυψε
3398 3016 3498 3083 τὴν
3551 3010 3814 3089 κιϐωτὸν,

406 3108 597 3162 nubes
628 3107 923 3178 apparuit,
958 3108 1153 3162 locum
1187 3106 1358 3160 illum
1389 3122 1577 3176 usque
1607 3104 1668 3157 in
1701 3107 2053 3174 prementem

2167 3106 2241 3166 ὡς
2273 3104 2471 3182 νεφέλη
2516 3103 2806 3172 σκιάζουσα
2854 3102 2945 3157 τὸν
3009 3102 3175 3157 τόπον
3232 3099 3339 3164 ἕως
3394 3105 3492 3171 τῆς
3546 3105 3812 3176 σήμερον·

407 3192 567 3248 diem
588 3194 973 3249 obumbrans.
1005 3195 1212 3249 Plures
1234 3194 1447 3249 deinde
1470 3209 1766 3249 aerumnas
1788 3210 1821 3249 a
1839 3192 2057 3248 Judwis

409 3283 677 3351 sustulit,
704 3284 863 3354 quod
888 3300 1089 3339 eorum
1110 3284 1453 3355 iniquitates
1484 3284 1884 3356 redargueret.
1916 3283 2059 3336 Cum

407 3387 547 3425 vero
583 3370 643 3424 in
674 3373 984 3444 [Egyptum
1015 3372 1281 3439 abiisset,
1312 3372 1587 3443 praedixit
1608 3372 1827 3438 fore,ut
1855 3387 2057 3425 eorum

410 3458 729 3514 simulacra
758 3466 1238 3527 concuterentur,
1298 3466 1357 3515 et
1395 3460 1778 3516 conciderent
1818 3464 2060 3531 propter

408 3546 765 3602 Salvatorem
799 3566 1049 3620 puerum
1082 3566 1153 3604 ex
1187 3549 1416 3622 Virgine
1448 3549 1509 3604 in
1541 3549 1771 3604 stabulo
1820 3550 1922 3605 80
1952 3564 2060 3604 na—

406 3634 715 3691 sciturum.
753 3644 835 3692 Ac
866 3636 1105 3694 demum
1136 3654 1269 3693 cum
1293 3639 1354 3693 in
1383 3638 1527 3694 urbe
1550 3639 1774 3712 Egypti
1801 3639 2059 3712 Taphnis

404 3724 663 3796 degeret,
686 3725 988 3799 lapidibus
1015 3743 1049 3782 a
1068 3727 1288 3800 populo
1311 3727 1581 3795 obrutus,
1603 3746 1633 3783 e
1654 3729 1770 3783 vita
1782 3728 2058 3797 decessit,

403 3829 585 3890 prope
621 3817 865 3873 domum
896 3818 1223 3873 Pharaonis
1256 3819 1546 3891 sepultus.

692 3979 763 4032 Et
792 3983 1067 4031 certamen
1095 3979 1273 4032 sancti
1300 3982 1563 4051 martyris
1601 3980 1772 4035 Batz.

480 4120 727 4175 Sanctus
748 4123 975 4189 martyr
1002 4120 1173 4175 Batas
1207 4136 1275 4174 ex
1305 4120 1544 4192 regione
1576 4122 1828 4178 Persidis
1854 4123 2054 4178 oriun-

410 4208 545 4277 dus,
570 4208 750 4264 ﬁdem
781 4208 996 4264 Christi
1027 4226 1061 4265 a
1090 4210 1436 4281 parentibus
1467 4211 1709 4267 edoctus
1748 4219 1857 4270 est.
1912 4215 2053 4270 Cum

406 4315 543 4354 vero
566 4297 938 4370 trigesimum
961 4299 1152 4355 astatis
1179 4316 1298 4354 suae
1324 4316 1548 4356 annum
1580 4306 1798 4372 ageret,
1832 4303 2056 4359 relictis

400 4393 587 4459 patre,
620 4393 830 4457 matre,
865 4404 1067 4456 uxore,
1101 4389 1327 4453 liberis,
1362 4390 1711 4446 etomnibus
1735 4391 1950 4463 quibus
1972 4392 2053 4447 af-

2167 3189 2527 3261 Ἒϐασανίσθη
2586 3189 2643 3245 δὲ
2700 3190 2889 3247 πολλὰ
2948 3190 3051 3246 ὑπὸ
3110 3195 3217 3246 τῶν
3295 3189 3594 3263 Ἰουδαίων,
3672 3189 3815 3246 διότι

2162 3280 2401 3357 ἤλεγχεν
2436 3280 2631 3342 αὐτοὺς
2660 3280 2750 3336 ἐπὶ
2804 3286 2922 3341 ταῖς
2974 3279 3229 3353 ἆνομίαις
3284 3281 3482 3336 αὐτῶν.
3531 3280 3815 3345 Ἀπελθὼν

2163 3372 2239 3433 εἰς
2289 3372 2591 3445 Α’ἰγυπτον,
2650 3371 3052 3441 προεφήτευσεν
3113 3370 3197 3425 ὅτι
3260 3366 3341 3424 δεῖ
3413 3376 3685 3438 σεισθῆναι
3746 3372 3815 3424 τὰ

2164 3457 2370 3515 εἶ’δωλα
2397 3458 2575 3514 αὐτῶν
2627 3458 2717 3513 καὶ
2771 3462 3067 3529 συμπεσεῖν
3129 3455 3217 3513 διδ.
3270 3464 3533 3534 Σωτῖρος
3590 3454 3810 3513 παιδίου

2163 3546 2223 3603 ἐκ
2278 3547 2551 3619 Παρθένου
2614 3544 3087 3622 γεννηθησομένου
3146 3544 3197 3599 ἐν
3249 3546 3439 3622 φάτνῃ·
3515 3540 3814 3616 Γενόμενος

2162 3634 2221 3692 δὲ
2249 3634 2303 3692 ἐν
2332 3637 2574 3712 Τάφναις
2602 3634 2763 3690 πόλει
2790 3641 2892 3703 τῆς
2943 3632 3248 3710 Αἲγύπτου,
3295 3633 3386 3689 καὶ
3436 3631 3615 3698 λίθοις
3670 3634 3813 3709 βλη-

2162 3725 2272 3789 θεὶς
2332 3725 2436 3780 ὑπὸ
2472 3728 2572 3779 τοῦ
2606 3722 2763 3795 λαοῦ,
2809 3723 3060 3791 ἀπέθανε,
3118 3722 3209 3777 καὶ
3266 3721 3436 3796 ἐτάφη
3498 3722 3657 3799 ἐγγὺς
3713 3727 3814 3778 τοῦ

2162 3813 2314 3869 οἷ’κου
2347 3814 2572 3889 Φαραώ.

2422 3965 2525 4023 Καὶ
2557 3963 2788 4036 ἄθλησις
2818 3967 2915 4020 τοῦ
2950 3962 3354 4040 ὀσιομάρτυρος
3386 3966 3551 4023 Βατᾶ.

2230 4110 2292 4166 Ὀ
2322 4110 2477 4183 ἅγιος
2508 4112 2682 4169 Βατᾶς
2730 4108 2797 4177 ἦν
2848 4108 2942 4181 μὶν
3004 4106 3063 4162 ἐκ
3117 4114 3220 4176 τῆς
3280 4108 3468 4183 χώρας
3524 4105 3809 4185 Περσίδος,

2160 4197 2219 4254 ἐκ
2250 4194 2536 4273 προγόνων
2568 4198 2668 4266 τήν
2717 4196 2793 4258 εἰς
2851 4196 3080 4273 Χριστὸν
3138 4195 3318 4251 πίστιν
3383 4196 3596 4270 μαθών.
3649 4202 3815 4273 Τρια-

2157 4287 2449 4355 κονταετὴς
2480 4282 2538 4340 δὲ
2596 4284 2909 4361 γενόμενος,
2968 4284 3285 4341 καταλιπὼν
3343 4288 3567 4362 πατέρα,
3621 4292 3815 4361 γυναῖ-

2157 4397 2247 4446 κα,
2279 4374 2459 4444 τέκνα,
2502 4374 2593 4429 καὶ
2650 4376 2820 4430 πάντα
2871 4375 2962 4429 τὸν
3020 4372 3260 4430 πλοῦτον
3312 4375 3498 4444 αὒτεῦ,
3554 4374 3807 4432 ἀπελθὼν

405 4477 629 4535 ﬂuebat
653 4477 898 4546 divitiis,
940 4478 1104 4545 abiit,
1167 4484 1225 4534 et
1269 4478 1665 4535 monasticum
1711 4480 2050 4536 institutum

2163 4465 2364 4539 ἐγένετο
2426 4465 2693 4540 μοναχός.
2753 4465 2855 4523 Καὶ
2913 4465 3153 4534 ἀσκήσας
3206 4469 3414 4546 καλῶς,
3494 4463 3807 4538 ἐπεθύμησε

402 4568 697 4640 suscepit:
731 4568 791 4623 in
838 4585 953 4640 quo
1009 4586 1144 4624 cum
1202 4569 1423 4640 optime
1484 4584 1613 4625 sese
1670 4570 2048 4640 exercuisset,

400 4659 684 4730 martyrio
706 4658 885 4714 vitam
906 4658 1077 4713 ﬁnire
1110 4659 1421 4731 exOptavit.
1457 4660 1609 4715 Mota
1637 4660 1816 4732 igitur
1846 4661 2053 4717 adver-

402 4762 501 4801 sus
524 4746 887 4802 Lhristianos
912 4749 1341 4819 persecutione,
1367 4765 1501 4804 cum
1532 4749 1765 4820 reliqui,
1790 4750 1889 4822 qui
1917 4767 2051 4807 cum

402 4834 529 4906 ipso
563 4838 1053 4894 erantmonachi.
1118 4855 1186 4893 ex
1242 4838 1605 4895 monasterio
1663 4838 2048 4914 aufugissent,

402 4923 529 4992 ipse
562 4924 721 4978 solus
754 4927 1121 4995 permansit:
1154 4928 1254 4984 ubi
1285 4929 1772 5000 comprehensus,
1814 4930 2050 5001 praesidi

403 5009 618 5064 Nisibis
648 5012 915 5077 traditur,
959 5014 1030 5068 ab
1076 5032 1263 5086 eoque
1315 5018 1695 5088 compellitur
1750 5018 2049 5074 Christum

400 5098 713 5172 abnegare,
749 5102 1052 5173 solemque
1086 5110 1144 5158 et
1172 5105 1371 5176 ignem
1402 5105 1667 5163 adorare.
1715 5108 1879 5173 Quod
1911 5124 2046 5164 cum

398 5188 500 5242 ille
528 5189 718 5243 facere
753 5190 1129 5250 detractaret.
1191 5210 1543 5265 summaque
1587 5196 1771 5250 animi
1831 5197 2047 5252 ﬁducia

394 5273 691 5329 Christum
725 5278 1122 5346 proﬁteretur,
1156 5295 1191 5333 a
1224 5278 1430 5334 decem
1462 5282 1820 5338 satellitibus
1855 5285 2044 5339 ambas

394 5364 523 5435 ejus
553 5380 766 5421 manus
809 5373 1066 5422 extensa)
1116 5374 1277 5436 sunt,
1328 5369 1682 5441 humeriqne
1732 5388 1801 5427 ex
1859 5374 2046 5429 nimia

390 5452 675 5509 violentia
697 5454 971 5528 disrupti.
1005 5456 1228 5512 Deinde
1252 5474 1391 5513 cum
1419 5464 1614 5531 partes
1636 5461 1923 5531 genitales
1954 5464 2042 5518 fu-

388 5542 565 5599 nibus
591 5551 791 5600 essent
812 5553 971 5602 arcte
1006 5547 1361 5615 constrictae,
1395 5554 1662 5621 raptatus
1703 5556 1811 5617 est,
1844 5550 2046 5625 virgis-

391 5650 505 5705 que
534 5650 873 5705 percussus.
908 5642 1154 5693 Demum
1175 5638 1238 5693 in
1260 5638 1536 5694 omnibus
1559 5640 1824 5709 corporis
1854 5656 2040 5696 mem-

390 5724 515 5779 bris
546 5727 763 5782 acriter
793 5744 1002 5785 caesus.
1034 5730 1228 5800 gladio
1262 5732 1437 5788 vitam
1475 5732 1682 5787 finivit.

2159 4554 2402 4610 καὶτοῦ
2472 4551 2560 4609 διὰ
2641 4552 2941 4629 μαρτυρίου
3024 4544 3407 4622 τελειωθῆναι.
3489 4556 3809 4623 Κινηθέντος

2161 4645 2253 4700 οὗν
2310 4641 2558 4719 διωγμοῦ
2614 4643 2751 4697 κατὰ
2805 4646 2915 4697 τῶν
2973 4644 3333 4717 Χριστιανῶν,
3415 4643 3506 4698 καὶ
3588 4643 3802 4699 πάντων

2160 4738 2267 4788 τῶν
2301 4731 2392 4787 σὺν
2425 4731 2571 4800 αύτῷ
2605 4735 2861 4807 μοναχῶν
2895 4731 2954 4785 ἐκ
2989 4738 3089 4801 τῆς
3140 4739 3311 4805 μονῆς
3364 4732 3663 4809 φυγόντων,
3711 4732 3807 4787 αὖ·

2159 4824 2253 4883 τός
2312 4818 2475 4893 μόνος
2532 4821 2833 4891 ὑπέμεινεν.
2893 4821 3061 4883 Ἔνθα
3134 4822 3448 4896 κρατηθεὶς,
3528 4819 3804 4895 παρεδόθη

2156 4914 2236 4983 τῷ
2293 4908 2513 4984 ἄρχοντι
2574 4903 2862 4971 Νισίϐεως.
2937 4908 3032 4964 Καὶ
3100 4913 3227 4985 παρ’
3303 4909 3509 4965 ἐκείνου
3576 4911 3805 4984 ἀναγκα-

2159 5000 2304 5065 σθεὶς
2337 5000 2663 5070 ἀρνήσασθαι
2727 5000 2821 5072 μέν
2877 4998 2967 5054 τὸν
3009 5000 3267 5073 Χριστὸν,
3325 5008 3697 5072 προσκυνῆσαι
3749 4998 3809 5056 δέ

2154 5094 2235 5162 τῷ
2264 5087 2433 5157 ἡλίῳ,
2464 5087 2553 5143 καὶ
2583 5092 2664 5160 τῷ
2692 5086 2845 5159 πυρὶ,
2888 5086 2989 5142 οὐκ
3037 5089 3284 5157 ἐπείσθη,
3336 5087 3480 5143 ἀλλὰ
3530 5088 3809 5164 παῤῥησίᾳ

2154 5180 2247 5233 τὸν
2282 5179 2505 5252 Χριστὸν
2538 5174 2839 5250 ὡμολόγει.
2889 5177 3162 5241 Ἐκταθεὶς
3187 5175 3279 5232 οὖν
3323 5178 3425 5231 ὑπὸ
3474 5174 3599 5232 δέκα
3637 5199 3805 5252 στρα-

2153 5272 2363 5322 τιωτῶν
2395 5265 2445 5336 ἐξ
2488 5266 2753 5340 ἑκατέρων
2802 5269 2909 5320 τῶν
2973 5270 3202 5340 χειρῶν,
3258 5265 3363 5320 ἀπὸ
3429 5273 3529 5335 τῆς
3582 5266 3805 5335 πολλῆς

2158 5356 2278 5431 βίας
2310 5353 2623 5429 ἐξηρθρώθη
2674 5353 2802 5415 τοὺς
2852 5349 3061 5427 ὤμους.
3118 5354 3244 5411 Εἶτα
3301 5352 3470 5417 δεθεὶς
3530 5353 3636 5409 ἀπὸ
3691 5361 3801 5410 τῶν

2155 5443 2541 5521 σπερμογόνων
2615 5443 2821 5518 μορίων
2877 5443 3147 5518 σχοινίοις
3216 5443 3458 5518 ἐσύρετο,
3538 5442 3808 5519 ῥοπάλοις

2149 5535 2509 5607 τυπτόμενος,
2542 5531 2633 5586 καὶ
2671 5531 2803 5604 μετᾶ
2829 5536 2999 5587 ταῦτα
3043 5533 3263 5611 τυφθεὶς
3313 5533 3486 5590 πάντη
3532 5533 3598 5588 τὰ
3647 5533 3793 5605 μέλη

2150 5632 2249 5683 τοῦ
2279 5628 2553 5697 σώματος,
2590 5622 2827 5697 μαγαίρᾳ
2855 5620 3171 5692 ἐτελειώθη.
