  <div class='ocr_page' id='page_1' title='image "/cluster/home/n/w/nwhite01/storage/ocr_20150623/117/mdp.39015038086818/224.png"; bbox 0 0 4134 6302; ppageno 0'>
   <div class='ocr_carea' id='block_1_1' title="bbox 257 369 371 429">
    <p class='ocr_par' dir='ltr' id='par_1_1' title="bbox 257 369 371 429">
     <span class='ocr_line' id='line_1_1' title="bbox 257 369 371 429; baseline 0.018 -2"><span class='ocrx_word' id='word_1_1' title='bbox 257 369 371 429; x_wconf 68' lang='grc'>433</span> 
     </span>
    </p>
   </div>
   <div class='ocr_carea' id='block_1_2' title="bbox 845 506 1392 564">
    <p class='ocr_par' dir='ltr' id='par_1_2' title="bbox 845 506 1392 564">
     <span class='ocr_line' id='line_1_2' title="bbox 845 506 1392 564; baseline -0.002 0"><span class='ocrx_word' id='word_1_2' title='bbox 845 506 1029 564; x_wconf 75' lang='lat' dir='ltr'>MHNI</span> <span class='ocrx_word' id='word_1_3' title='bbox 1066 509 1149 562; x_wconf 83' lang='grc' dir='ltr'>ΤΩ</span> <span class='ocrx_word' id='word_1_4' title='bbox 1188 507 1392 563; x_wconf 81' lang='grc' dir='ltr'>ΔΥΤΩ.</span> 
     </span>
    </p>
   </div>
   <div class='ocr_carea' id='block_1_3' title="bbox 1088 599 1140 652">
    <p class='ocr_par' dir='ltr' id='par_1_3' title="bbox 1088 599 1140 652">
     <span class='ocr_line' id='line_1_3' title="bbox 1088 599 1140 652; baseline 0 -34"><span class='ocrx_word' id='word_1_5' title='bbox 1088 599 1140 652; x_wconf 71' lang='grc' dir='ltr'>Β,</span> 
     </span>
    </p>
   </div>
   <div class='ocr_carea' id='block_1_4' title="bbox 272 704 1941 786">
    <p class='ocr_par' dir='ltr' id='par_1_4' title="bbox 272 704 1941 786">
     <span class='ocr_line' id='line_1_4' title="bbox 272 704 1941 786; baseline 0.002 -25"><span class='ocrx_word' id='word_1_6' title='bbox 272 704 544 778; x_wconf 77' lang='grc' dir='ltr'>’Δθλησις</span> <span class='ocrx_word' id='word_1_7' title='bbox 572 713 694 764; x_wconf 87' lang='grc' dir='ltr'>τῶν</span> <span class='ocrx_word' id='word_1_8' title='bbox 726 710 895 785; x_wconf 76' lang='grc' dir='ltr'>ἁγίων</span> <span class='ocrx_word' id='word_1_9' title='bbox 950 712 1256 786; x_wconf 59' lang='grc' dir='ltr'>μαρτύρωνΔ</span> <span class='ocrx_word' id='word_1_10' title='bbox 1287 710 1573 786; x_wconf 81' lang='grc' dir='ltr'>Ἑσπέρου,</span> <span class='ocrx_word' id='word_1_11' title='bbox 1623 709 1802 779; x_wconf 81' lang='grc' dir='ltr'>Ζωῆς,</span> <span class='ocrx_word' id='word_1_12' title='bbox 1851 709 1941 765; x_wconf 83' lang='grc' dir='ltr'>καὶ</span> 
     </span>
    </p>
   </div>
   <div class='ocr_carea' id='block_1_5' title="bbox 833 782 1396 839">
    <p class='ocr_par' dir='ltr' id='par_1_5' title="bbox 833 782 1396 839">
     <span class='ocr_line' id='line_1_5' title="bbox 833 782 1396 839; baseline 0.004 -3"><span class='ocrx_word' id='word_1_13' title='bbox 833 786 941 837; x_wconf 87' lang='grc' dir='ltr'>τῶν</span> <span class='ocrx_word' id='word_1_14' title='bbox 952 782 1168 839; x_wconf 75' lang='grc' dir='ltr'>τέκνων</span> <span class='ocrx_word' id='word_1_15' title='bbox 1201 782 1396 838; x_wconf 81' lang='grc' dir='ltr'>αὐτῶν.</span> 
     </span>
    </p>
   </div>
   <div class='ocr_carea' id='block_1_6' title="bbox 350 897 1941 974">
    <p class='ocr_par' dir='ltr' id='par_1_6' title="bbox 350 897 1941 974">
     <span class='ocr_line' id='line_1_6' title="bbox 350 897 1941 974; baseline -0.003 -17"><span class='ocrx_word' id='word_1_16' title='bbox 350 900 649 973; x_wconf 78' lang='grc' dir='ltr'>Ἕσπερος,</span> <span class='ocrx_word' id='word_1_17' title='bbox 683 900 777 956; x_wconf 89' lang='grc' dir='ltr'>καὶ</span> <span class='ocrx_word' id='word_1_18' title='bbox 834 903 957 970; x_wconf 83' lang='grc' dir='ltr'>Ζωή</span> <span class='ocrx_word' id='word_1_19' title='bbox 1023 902 1156 974; x_wconf 81' lang='grc' dir='ltr'>μετᾶ</span> <span class='ocrx_word' id='word_1_20' title='bbox 1210 906 1317 956; x_wconf 86' lang='grc' dir='ltr'>τῶν</span> <span class='ocrx_word' id='word_1_21' title='bbox 1372 899 1568 954; x_wconf 76' lang='grc' dir='ltr'>τέκνων</span> <span class='ocrx_word' id='word_1_22' title='bbox 1631 897 1830 966; x_wconf 77' lang='grc' dir='ltr'>αὐτῶν,</span> <span class='ocrx_word' id='word_1_23' title='bbox 1890 898 1941 953; x_wconf 79' lang='grc' dir='ltr'>οἱ</span> 
     </span>
    </p>
   </div>
   <div class='ocr_carea' id='block_1_7' title="bbox 294 986 1941 1067">
    <p class='ocr_par' dir='ltr' id='par_1_7' title="bbox 294 986 1941 1067">
     <span class='ocr_line' id='line_1_7' title="bbox 294 986 1941 1067; baseline -0.001 -25"><span class='ocrx_word' id='word_1_24' title='bbox 294 986 427 1064; x_wconf 76' lang='grc' dir='ltr'>ἅγιοι</span> <span class='ocrx_word' id='word_1_25' title='bbox 488 988 788 1065; x_wconf 79' lang='grc' dir='ltr'>μάρτυρες,</span> <span class='ocrx_word' id='word_1_26' title='bbox 849 990 1100 1067; x_wconf 82' lang='grc' dir='ltr'>ὑπῆρχον</span> <span class='ocrx_word' id='word_1_27' title='bbox 1162 991 1257 1063; x_wconf 76' lang='grc' dir='ltr'>μὲν</span> <span class='ocrx_word' id='word_1_28' title='bbox 1325 986 1412 1045; x_wconf 77' lang='grc' dir='ltr'>ἐπί</span> <span class='ocrx_word' id='word_1_29' title='bbox 1488 986 1588 1063; x_wconf 74' lang='grc' dir='ltr'>τῇς</span> <span class='ocrx_word' id='word_1_30' title='bbox 1663 986 1941 1055; x_wconf 73' lang='grc' dir='ltr'>βασιλείας</span> 
     </span>
    </p>
   </div>
   <div class='ocr_carea' id='block_1_8' title="bbox 298 1074 1939 1155">
    <p class='ocr_par' dir='ltr' id='par_1_8' title="bbox 298 1074 1939 1155">
     <span class='ocr_line' id='line_1_8' title="bbox 298 1074 1939 1155; baseline -0.001 -22"><span class='ocrx_word' id='word_1_31' title='bbox 298 1076 602 1153; x_wconf 77' lang='grc' dir='ltr'>Ἀδριανοῦ,</span> <span class='ocrx_word' id='word_1_32' title='bbox 637 1077 699 1134; x_wconf 73' lang='grc' dir='ltr'>ἐκ</span> <span class='ocrx_word' id='word_1_33' title='bbox 728 1085 827 1148; x_wconf 79' lang='grc' dir='ltr'>τῆς</span> <span class='ocrx_word' id='word_1_34' title='bbox 874 1078 1062 1155; x_wconf 82' lang='grc' dir='ltr'>χώρας</span> <span class='ocrx_word' id='word_1_35' title='bbox 1110 1078 1371 1146; x_wconf 86' lang='grc' dir='ltr'>Ἰταλίας,</span> <span class='ocrx_word' id='word_1_36' title='bbox 1426 1074 1615 1133; x_wconf 79' lang='grc' dir='ltr'>δοῦλοι</span> <span class='ocrx_word' id='word_1_37' title='bbox 1670 1074 1726 1132; x_wconf 67' lang='grc' dir='ltr'>δὲ</span> <span class='ocrx_word' id='word_1_38' title='bbox 1767 1076 1939 1132; x_wconf 86' lang='grc' dir='ltr'>πλου-</span> 
     </span>
    </p>
   </div>
   <div class='ocr_carea' id='block_1_9' title="bbox 295 1166 1938 1246">
    <p class='ocr_par' dir='ltr' id='par_1_9' title="bbox 295 1166 1938 1246">
     <span class='ocr_line' id='line_1_9' title="bbox 295 1166 1938 1246; baseline -0.001 -26"><span class='ocrx_word' id='word_1_39' title='bbox 295 1167 408 1222; x_wconf 81' lang='grc' dir='ltr'>σίου</span> <span class='ocrx_word' id='word_1_40' title='bbox 435 1188 607 1229; x_wconf 88' lang='grc' dir='ltr'>τινος.</span> <span class='ocrx_word' id='word_1_41' title='bbox 668 1169 1088 1246; x_wconf 72' lang='grc' dir='ltr'>Ἀνατραφέντες</span> <span class='ocrx_word' id='word_1_42' title='bbox 1145 1166 1238 1223; x_wconf 74' lang='grc' dir='ltr'>οὖν</span> <span class='ocrx_word' id='word_1_43' title='bbox 1295 1170 1694 1242; x_wconf 79' lang='grc' dir='ltr'>Χριστιανικῶς</span> <span class='ocrx_word' id='word_1_44' title='bbox 1739 1170 1938 1241; x_wconf 84' lang='grc' dir='ltr'>Κυρια-</span> 
     </span>
    </p>
   </div>
   <div class='ocr_carea' id='block_1_10' title="bbox 292 1252 1939 1332">
    <p class='ocr_par' dir='ltr' id='par_1_10' title="bbox 292 1252 1939 1332">
     <span class='ocr_line' id='line_1_10' title="bbox 292 1252 1939 1332; baseline -0.002 -22"><span class='ocrx_word' id='word_1_45' title='bbox 292 1256 383 1318; x_wconf 82' lang='grc' dir='ltr'>κὸς</span> <span class='ocrx_word' id='word_1_46' title='bbox 418 1256 505 1311; x_wconf 81' lang='grc' dir='ltr'>καὶ</span> <span class='ocrx_word' id='word_1_47' title='bbox 537 1253 847 1321; x_wconf 87' lang='grc' dir='ltr'>Θεόδουλος</span> <span class='ocrx_word' id='word_1_48' title='bbox 895 1257 999 1311; x_wconf 85' lang='grc' dir='ltr'>ὑπο</span> <span class='ocrx_word' id='word_1_49' title='bbox 1053 1261 1162 1312; x_wconf 90' lang='grc' dir='ltr'>τῶν</span> <span class='ocrx_word' id='word_1_50' title='bbox 1218 1254 1418 1332; x_wconf 90' lang='grc' dir='ltr'>γονέων</span> <span class='ocrx_word' id='word_1_51' title='bbox 1474 1254 1668 1322; x_wconf 80' lang='grc' dir='ltr'>αὐτῶν,</span> <span class='ocrx_word' id='word_1_52' title='bbox 1731 1252 1782 1307; x_wconf 79' lang='grc' dir='ltr'>ἐν</span> <span class='ocrx_word' id='word_1_53' title='bbox 1841 1258 1939 1327; x_wconf 80' lang='grc' dir='ltr'>μιᾷ</span> 
     </span>
    </p>
   </div>
   <div class='ocr_carea' id='block_1_11' title="bbox 291 1340 1940 1419">
    <p class='ocr_par' dir='ltr' id='par_1_11' title="bbox 291 1340 1940 1419">
     <span class='ocr_line' id='line_1_11' title="bbox 291 1340 1940 1419; baseline -0.002 -18"><span class='ocrx_word' id='word_1_54' title='bbox 291 1347 444 1401; x_wconf 76' lang='grc' dir='ltr'>εἷπον</span> <span class='ocrx_word' id='word_1_55' title='bbox 477 1346 690 1409; x_wconf 79' lang='grc' dir='ltr'>αὐτοῖς’</span> <span class='ocrx_word' id='word_1_56' title='bbox 726 1346 822 1401; x_wconf 84' lang='grc' dir='ltr'>Διά</span> <span class='ocrx_word' id='word_1_57' title='bbox 873 1348 927 1402; x_wconf 89' lang='grc' dir='ltr'>τί</span> <span class='ocrx_word' id='word_1_58' title='bbox 980 1345 1313 1419; x_wconf 84' lang='grc' dir='ltr'>δουλεύομεν</span> <span class='ocrx_word' id='word_1_59' title='bbox 1372 1350 1490 1408; x_wconf 87' lang='grc' dir='ltr'>τοῖς</span> <span class='ocrx_word' id='word_1_60' title='bbox 1542 1340 1758 1399; x_wconf 74' lang='grc' dir='ltr'>ἀσεϐέσι</span> <span class='ocrx_word' id='word_1_61' title='bbox 1808 1343 1940 1399; x_wconf 87' lang='grc' dir='ltr'>τού-</span> 
     </span>
    </p>
   </div>
   <div class='ocr_carea' id='block_1_12' title="bbox 286 1433 1937 1511">
    <p class='ocr_par' dir='ltr' id='par_1_12' title="bbox 286 1433 1937 1511">
     <span class='ocr_line' id='line_1_12' title="bbox 286 1433 1937 1511; baseline -0.001 -22"><span class='ocrx_word' id='word_1_62' title='bbox 286 1456 423 1504; x_wconf 78' lang='grc' dir='ltr'>τοις,</span> <span class='ocrx_word' id='word_1_63' title='bbox 482 1436 573 1490; x_wconf 79' lang='grc' dir='ltr'>καὶ</span> <span class='ocrx_word' id='word_1_64' title='bbox 631 1435 692 1490; x_wconf 86' lang='grc' dir='ltr'>ού</span> <span class='ocrx_word' id='word_1_65' title='bbox 747 1440 825 1508; x_wconf 82' lang='grc' dir='ltr'>τῷ</span> <span class='ocrx_word' id='word_1_66' title='bbox 883 1438 1135 1511; x_wconf 83' lang='grc' dir='ltr'>Χριστῷ;</span> <span class='ocrx_word' id='word_1_67' title='bbox 1208 1438 1425 1509; x_wconf 82' lang='grc' dir='ltr'>μήποτε</span> <span class='ocrx_word' id='word_1_68' title='bbox 1501 1433 1937 1506; x_wconf 87' lang='grc' dir='ltr'>συναπολώμεθα</span> 
     </span>
    </p>
   </div>
   <div class='ocr_carea' id='block_1_13' title="bbox 291 1520 1933 1599">
    <p class='ocr_par' dir='ltr' id='par_1_13' title="bbox 291 1520 1933 1599">
     <span class='ocr_line' id='line_1_13' title="bbox 291 1520 1933 1599; baseline -0.002 -20"><span class='ocrx_word' id='word_1_69' title='bbox 291 1523 497 1587; x_wconf 72' lang='grc' dir='ltr'>αὐτοῖς.</span> <span class='ocrx_word' id='word_1_70' title='bbox 556 1524 776 1582; x_wconf 80' lang='grc' dir='ltr'>Τούτων</span> <span class='ocrx_word' id='word_1_71' title='bbox 839 1523 1109 1580; x_wconf 82' lang='grc' dir='ltr'>ἀκούσασα</span> <span class='ocrx_word' id='word_1_72' title='bbox 1159 1527 1194 1595; x_wconf 76' lang='grc' dir='ltr'>ἡ</span> <span class='ocrx_word' id='word_1_73' title='bbox 1253 1527 1461 1599; x_wconf 68' lang='grc' dir='ltr'>μήτηρ,</span> <span class='ocrx_word' id='word_1_74' title='bbox 1522 1523 1686 1579; x_wconf 66' lang='grc' dir='ltr'>εἶπεν*</span> <span class='ocrx_word' id='word_1_75' title='bbox 1756 1520 1933 1580; x_wconf 79' lang='grc' dir='ltr'>’Δντί-</span> 
     </span>
    </p>
   </div>
   <div class='ocr_carea' id='block_1_14' title="bbox 293 1611 1937 1689">
    <p class='ocr_par' dir='ltr' id='par_1_14' title="bbox 293 1611 1937 1689">
     <span class='ocr_line' id='line_1_14' title="bbox 293 1611 1937 1689; baseline -0.001 -21"><span class='ocrx_word' id='word_1_76' title='bbox 293 1633 453 1683; x_wconf 87' lang='grc' dir='ltr'>στητε</span> <span class='ocrx_word' id='word_1_77' title='bbox 479 1618 561 1686; x_wconf 78' lang='grc' dir='ltr'>τῷ</span> <span class='ocrx_word' id='word_1_78' title='bbox 591 1613 921 1689; x_wconf 82' lang='grc' dir='ltr'>ἀγοράσαντι</span> <span class='ocrx_word' id='word_1_79' title='bbox 980 1616 1140 1687; x_wconf 82' lang='grc' dir='ltr'>ἡμῶν</span> <span class='ocrx_word' id='word_1_80' title='bbox 1182 1615 1250 1668; x_wconf 84' lang='grc' dir='ltr'>τὰ</span> <span class='ocrx_word' id='word_1_81' title='bbox 1292 1613 1539 1685; x_wconf 87' lang='grc' dir='ltr'>σώματα,</span> <span class='ocrx_word' id='word_1_82' title='bbox 1586 1611 1676 1667; x_wconf 87' lang='grc' dir='ltr'>καὶ</span> <span class='ocrx_word' id='word_1_83' title='bbox 1730 1631 1937 1687; x_wconf 90' lang='grc' dir='ltr'>μαρτυ-</span> 
     </span>
    </p>
   </div>
   <div class='ocr_carea' id='block_1_15' title="bbox 290 1697 1932 1777">
    <p class='ocr_par' dir='ltr' id='par_1_15' title="bbox 290 1697 1932 1777">
     <span class='ocr_line' id='line_1_15' title="bbox 290 1697 1932 1777; baseline -0.001 -21"><span class='ocrx_word' id='word_1_84' title='bbox 290 1704 533 1775; x_wconf 74' lang='grc' dir='ltr'>ρήσομεν</span> <span class='ocrx_word' id='word_1_85' title='bbox 568 1702 701 1776; x_wconf 71' lang='grc' dir='ltr'>ὑπὲρ</span> <span class='ocrx_word' id='word_1_86' title='bbox 757 1705 1013 1777; x_wconf 83' lang='grc' dir='ltr'>Χριστοῦ.</span> <span class='ocrx_word' id='word_1_87' title='bbox 1063 1703 1203 1762; x_wconf 85' lang='grc' dir='ltr'>Τότε</span> <span class='ocrx_word' id='word_1_88' title='bbox 1245 1700 1569 1763; x_wconf 79' lang='grc' dir='ltr'>ἀπελθόντες</span> <span class='ocrx_word' id='word_1_89' title='bbox 1620 1701 1672 1757; x_wconf 74' lang='grc' dir='ltr'>οἱ</span> <span class='ocrx_word' id='word_1_90' title='bbox 1721 1697 1932 1770; x_wconf 85' lang='grc' dir='ltr'>παῖδες,</span> 
     </span>
    </p>
   </div>
   <div class='ocr_carea' id='block_1_16' title="bbox 291 1791 1933 1867">
    <p class='ocr_par' dir='ltr' id='par_1_16' title="bbox 291 1791 1933 1867">
     <span class='ocr_line' id='line_1_16' title="bbox 291 1791 1933 1867; baseline -0.002 -20"><span class='ocrx_word' id='word_1_91' title='bbox 291 1791 440 1847; x_wconf 83' lang='grc' dir='ltr'>εἶπον</span> <span class='ocrx_word' id='word_1_92' title='bbox 486 1813 569 1865; x_wconf 86' lang='grc' dir='ltr'>τῳ</span> <span class='ocrx_word' id='word_1_93' title='bbox 624 1793 798 1867; x_wconf 86' lang='grc' dir='ltr'>κυρίῳ</span> <span class='ocrx_word' id='word_1_94' title='bbox 855 1794 1079 1848; x_wconf 76' lang='grc' dir='ltr'>έαυτῶν·</span> <span class='ocrx_word' id='word_1_95' title='bbox 1141 1793 1288 1848; x_wconf 86' lang='grc' dir='ltr'>Ἐπεὶ</span> <span class='ocrx_word' id='word_1_96' title='bbox 1342 1796 1449 1847; x_wconf 90' lang='grc' dir='ltr'>τῶν</span> <span class='ocrx_word' id='word_1_97' title='bbox 1512 1792 1604 1864; x_wconf 77' lang='grc' dir='ltr'>μὶν</span> <span class='ocrx_word' id='word_1_98' title='bbox 1666 1791 1933 1863; x_wconf 79' lang='grc' dir='ltr'>σωμάτων</span> 
     </span>
    </p>
   </div>
   <div class='ocr_carea' id='block_1_17' title="bbox 1851 372 2115 437">
    <p class='ocr_par' dir='ltr' id='par_1_17' title="bbox 1851 372 2115 437">
     <span class='ocr_line' id='line_1_17' title="bbox 1851 372 2115 437; baseline -0.011 -2"><span class='ocrx_word' id='word_1_99' title='bbox 1851 372 2115 437; x_wconf 83' lang='lat' dir='ltr'>MAIUS.</span> 
     </span>
    </p>
   </div>
   <div class='ocr_carea' id='block_1_18' title="bbox 1979 513 2033 578">
    <p class='ocr_par' dir='ltr' id='par_1_18' title="bbox 1979 513 2033 578">
     <span class='ocr_line' id='line_1_18' title="bbox 1979 513 2033 578; baseline 0 0"><span class='ocrx_word' id='word_1_100' title='bbox 1979 513 2033 578; x_wconf 81' lang='grc' dir='ltr'>Α</span> 
     </span>
    </p>
   </div>
   <div class='ocr_carea' id='block_1_19' title="bbox 3585 382 3704 440">
    <p class='ocr_par' dir='ltr' id='par_1_19' title="bbox 3585 382 3704 440">
     <span class='ocr_line' id='line_1_19' title="bbox 3585 382 3704 440; baseline 0 0"><span class='ocrx_word' id='word_1_101' title='bbox 3585 382 3704 440; x_wconf 72' lang='grc'>434</span> 
     </span>
    </p>
   </div>
   <div class='ocr_carea' id='block_1_20' title="bbox 2621 509 3145 566">
    <p class='ocr_par' dir='ltr' id='par_1_20' title="bbox 2621 509 3145 566">
     <span class='ocr_line' id='line_1_20' title="bbox 2621 509 3145 566; baseline -0.002 -2"><span class='ocrx_word' id='word_1_102' title='bbox 2621 509 2862 566; x_wconf 82' lang='lat' dir='ltr'><strong>EODEM</strong></span> <span class='ocrx_word' id='word_1_103' title='bbox 2892 509 3145 566; x_wconf 81' lang='lat' dir='ltr'><strong>MENSE.</strong></span> 
     </span>
    </p>
   </div>
   <div class='ocr_carea' id='block_1_21' title="bbox 2678 598 3078 654">
    <p class='ocr_par' dir='ltr' id='par_1_21' title="bbox 2678 598 3078 654">
     <span class='ocr_line' id='line_1_21' title="bbox 2678 598 3078 654; baseline 0.005 -2"><span class='ocrx_word' id='word_1_104' title='bbox 2678 598 2781 653; x_wconf 89' lang='lat' dir='ltr'>Die</span> <span class='ocrx_word' id='word_1_105' title='bbox 2814 598 3078 654; x_wconf 87' lang='lat' dir='ltr'>secunda</span> 
     </span>
    </p>
   </div>
   <div class='ocr_carea' id='block_1_22' title="bbox 2054 698 3707 774">
    <p class='ocr_par' dir='ltr' id='par_1_22' title="bbox 2054 698 3707 774">
     <span class='ocr_line' id='line_1_22' title="bbox 2054 698 3707 774; baseline 0.004 -19"><span class='ocrx_word' id='word_1_106' title='bbox 2054 698 2346 755; x_wconf 78' lang='lat' dir='ltr'>Certamen</span> <span class='ocrx_word' id='word_1_107' title='bbox 2396 712 2707 757; x_wconf 76' lang='lat' dir='ltr'>sanctorum</span> <span class='ocrx_word' id='word_1_108' title='bbox 2788 710 3098 774; x_wconf 84' lang='lat' dir='ltr'>martyrum</span> <span class='ocrx_word' id='word_1_109' title='bbox 3173 703 3419 773; x_wconf 81' lang='lat' dir='ltr'>Hesperi,</span> <span class='ocrx_word' id='word_1_110' title='bbox 3476 706 3599 761; x_wconf 79' lang='lat' dir='ltr'>Zoes</span> <span class='ocrx_word' id='word_1_111' title='bbox 3656 712 3707 762; x_wconf 79' lang='lat' dir='ltr'>et</span> 
     </span>
    </p>
   </div>
   <div class='ocr_carea' id='block_1_23' title="bbox 2741 794 3003 863">
    <p class='ocr_par' dir='ltr' id='par_1_23' title="bbox 2741 794 3003 863">
     <span class='ocr_line' id='line_1_23' title="bbox 2741 794 3003 863; baseline 0 -16"><span class='ocrx_word' id='word_1_112' title='bbox 2741 794 3003 863; x_wconf 80' lang='lat' dir='ltr'>ﬁliorum.</span> 
     </span>
    </p>
   </div>
   <div class='ocr_carea' id='block_1_24' title="bbox 2121 898 3700 973">
    <p class='ocr_par' dir='ltr' id='par_1_24' title="bbox 2121 898 3700 973">
     <span class='ocr_line' id='line_1_24' title="bbox 2121 898 3700 973; baseline 0.003 -19"><span class='ocrx_word' id='word_1_113' title='bbox 2121 898 2317 955; x_wconf 80' lang='lat' dir='ltr'>Sancti</span> <span class='ocrx_word' id='word_1_114' title='bbox 2348 906 2639 973; x_wconf 82' lang='lat' dir='ltr'>martyres</span> <span class='ocrx_word' id='word_1_115' title='bbox 2670 902 2985 973; x_wconf 88' lang='lat' dir='ltr'>Hesperus,</span> <span class='ocrx_word' id='word_1_116' title='bbox 3020 903 3207 957; x_wconf 89' lang='lat' dir='ltr'>etZoe</span> <span class='ocrx_word' id='word_1_117' title='bbox 3239 918 3373 958; x_wconf 89' lang='lat' dir='ltr'>cum</span> <span class='ocrx_word' id='word_1_118' title='bbox 3408 902 3567 969; x_wconf 76' lang='lat' dir='ltr'>(iliis,</span> <span class='ocrx_word' id='word_1_119' title='bbox 3592 903 3700 960; x_wconf 85' lang='lat' dir='ltr'>im-</span> 
     </span>
    </p>
   </div>
   <div class='ocr_carea' id='block_1_25' title="bbox 2049 990 3703 1064">
    <p class='ocr_par' dir='ltr' id='par_1_25' title="bbox 2049 990 3703 1064">
     <span class='ocr_line' id='line_1_25' title="bbox 2049 990 3703 1064; baseline 0.005 -24"><span class='ocrx_word' id='word_1_120' title='bbox 2049 994 2293 1057; x_wconf 90' lang='lat' dir='ltr'>perante</span> <span class='ocrx_word' id='word_1_121' title='bbox 2324 990 2605 1059; x_wconf 84' lang='lat' dir='ltr'>Adriano,</span> <span class='ocrx_word' id='word_1_122' title='bbox 2626 998 2796 1047; x_wconf 88' lang='lat' dir='ltr'>erant</span> <span class='ocrx_word' id='word_1_123' title='bbox 2824 1008 2893 1047; x_wconf 87' lang='lat' dir='ltr'>ex</span> <span class='ocrx_word' id='word_1_124' title='bbox 2924 992 3160 1064; x_wconf 79' lang='lat' dir='ltr'>regione</span> <span class='ocrx_word' id='word_1_125' title='bbox 3184 991 3387 1054; x_wconf 78' lang='lat' dir='ltr'>Italiae,</span> <span class='ocrx_word' id='word_1_126' title='bbox 3422 993 3571 1047; x_wconf 83' lang='lat' dir='ltr'>servi</span> <span class='ocrx_word' id='word_1_127' title='bbox 3595 1009 3703 1049; x_wconf 92' lang='lat' dir='ltr'>cu-</span> 
     </span>
    </p>
   </div>
   <div class='ocr_carea' id='block_1_26' title="bbox 2040 1076 3699 1152">
    <p class='ocr_par' dir='ltr' id='par_1_26' title="bbox 2040 1076 3699 1152">
     <span class='ocr_line' id='line_1_26' title="bbox 2040 1076 3699 1152; baseline 0.003 -21"><span class='ocrx_word' id='word_1_128' title='bbox 2040 1076 2282 1147; x_wconf 90' lang='lat' dir='ltr'>jusdam</span> <span class='ocrx_word' id='word_1_129' title='bbox 2312 1078 2533 1135; x_wconf 78' lang='lat' dir='ltr'>divitis.</span> <span class='ocrx_word' id='word_1_130' title='bbox 2565 1081 2711 1135; x_wconf 90' lang='lat' dir='ltr'>Cum</span> <span class='ocrx_word' id='word_1_131' title='bbox 2741 1087 2940 1136; x_wconf 89' lang='lat' dir='ltr'>autem</span> <span class='ocrx_word' id='word_1_132' title='bbox 2961 1081 3258 1152; x_wconf 85' lang='lat' dir='ltr'>Cyriacus,</span> <span class='ocrx_word' id='word_1_133' title='bbox 3284 1087 3340 1136; x_wconf 87' lang='lat' dir='ltr'>et</span> <span class='ocrx_word' id='word_1_134' title='bbox 3360 1081 3699 1137; x_wconf 89' lang='lat' dir='ltr'>Theodulus</span> 
     </span>
    </p>
   </div>
   <div class='ocr_carea' id='block_1_27' title="bbox 2049 1168 3686 1238">
    <p class='ocr_par' dir='ltr' id='par_1_27' title="bbox 2049 1168 3686 1238">
     <span class='ocr_line' id='line_1_27' title="bbox 2049 1168 3686 1238; baseline 0.003 -18"><span class='ocrx_word' id='word_1_135' title='bbox 2049 1181 2083 1220; x_wconf 90' lang='lat' dir='ltr'>a</span> <span class='ocrx_word' id='word_1_136' title='bbox 2110 1168 2456 1237; x_wconf 86' lang='lat' dir='ltr'>parentibus</span> <span class='ocrx_word' id='word_1_137' title='bbox 2509 1169 2631 1224; x_wconf 87' lang='lat' dir='ltr'>suis</span> <span class='ocrx_word' id='word_1_138' title='bbox 2684 1170 3015 1225; x_wconf 84' lang='lat' dir='ltr'>Christiane</span> <span class='ocrx_word' id='word_1_139' title='bbox 3043 1170 3274 1225; x_wconf 87' lang='lat' dir='ltr'>educati</span> <span class='ocrx_word' id='word_1_140' title='bbox 3306 1176 3526 1238; x_wconf 88' lang='lat' dir='ltr'>essent,</span> <span class='ocrx_word' id='word_1_141' title='bbox 3590 1170 3686 1226; x_wconf 92' lang='lat' dir='ltr'>die</span> 
     </span>
    </p>
   </div>
   <div class='ocr_carea' id='block_1_28' title="bbox 2048 1255 3689 1330">
    <p class='ocr_par' dir='ltr' id='par_1_28' title="bbox 2048 1255 3689 1330">
     <span class='ocr_line' id='line_1_28' title="bbox 2048 1255 3689 1330; baseline 0.004 -21"><span class='ocrx_word' id='word_1_142' title='bbox 2048 1255 2304 1326; x_wconf 90' lang='lat' dir='ltr'>quadam</span> <span class='ocrx_word' id='word_1_143' title='bbox 2337 1258 2613 1313; x_wconf 86' lang='lat' dir='ltr'>dixerunt</span> <span class='ocrx_word' id='word_1_144' title='bbox 2635 1260 2721 1313; x_wconf 91' lang='lat' dir='ltr'>eis</span> <span class='ocrx_word' id='word_1_145' title='bbox 2746 1276 2759 1313; x_wconf 89' lang='lat'>:</span> <span class='ocrx_word' id='word_1_146' title='bbox 2783 1260 2972 1324; x_wconf 81' lang='lat' dir='ltr'>Quare</span> <span class='ocrx_word' id='word_1_147' title='bbox 2995 1262 3283 1315; x_wconf 90' lang='lat' dir='ltr'>servimus</span> <span class='ocrx_word' id='word_1_148' title='bbox 3313 1261 3513 1330; x_wconf 88' lang='lat' dir='ltr'>impiis</span> <span class='ocrx_word' id='word_1_149' title='bbox 3536 1261 3689 1328; x_wconf 87' lang='lat' dir='ltr'>istis,</span> 
     </span>
    </p>
   </div>
   <div class='ocr_carea' id='block_1_29' title="bbox 2048 1346 3697 1418">
    <p class='ocr_par' dir='ltr' id='par_1_29' title="bbox 2048 1346 3697 1418">
     <span class='ocr_line' id='line_1_29' title="bbox 2048 1346 3697 1418; baseline 0.003 -20"><span class='ocrx_word' id='word_1_150' title='bbox 2048 1348 2105 1398; x_wconf 90' lang='lat' dir='ltr'>et</span> <span class='ocrx_word' id='word_1_151' title='bbox 2135 1360 2255 1399; x_wconf 92' lang='lat' dir='ltr'>non</span> <span class='ocrx_word' id='word_1_152' title='bbox 2281 1346 2476 1417; x_wconf 87' lang='lat' dir='ltr'>potius</span> <span class='ocrx_word' id='word_1_153' title='bbox 2502 1347 2755 1414; x_wconf 86' lang='lat' dir='ltr'>Christo,</span> <span class='ocrx_word' id='word_1_154' title='bbox 2782 1364 2857 1401; x_wconf 92' lang='lat' dir='ltr'>ne</span> <span class='ocrx_word' id='word_1_155' title='bbox 2888 1363 3201 1418; x_wconf 86' lang='lat' dir='ltr'>pereamus</span> <span class='ocrx_word' id='word_1_156' title='bbox 3221 1364 3356 1403; x_wconf 90' lang='lat' dir='ltr'>cum</span> <span class='ocrx_word' id='word_1_157' title='bbox 3386 1348 3506 1403; x_wconf 89' lang='lat' dir='ltr'>illis</span> <span class='ocrx_word' id='word_1_158' title='bbox 3528 1348 3556 1403; x_wconf 74' lang='lat' dir='ltr'>‘I</span> <span class='ocrx_word' id='word_1_159' title='bbox 3584 1350 3697 1403; x_wconf 85' lang='lat' dir='ltr'>Au-</span> 
     </span>
    </p>
   </div>
   <div class='ocr_carea' id='block_1_30' title="bbox 2046 1432 3694 1509">
    <p class='ocr_par' dir='ltr' id='par_1_30' title="bbox 2046 1432 3694 1509">
     <span class='ocr_line' id='line_1_30' title="bbox 2046 1432 3694 1509; baseline 0.004 -22"><span class='ocrx_word' id='word_1_160' title='bbox 2046 1432 2216 1488; x_wconf 91' lang='lat' dir='ltr'>diens</span> <span class='ocrx_word' id='word_1_161' title='bbox 2248 1434 2373 1489; x_wconf 69' lang='lat' dir='ltr'>haec</span> <span class='ocrx_word' id='word_1_162' title='bbox 2410 1440 2601 1491; x_wconf 90' lang='lat' dir='ltr'>mater</span> <span class='ocrx_word' id='word_1_163' title='bbox 2631 1435 2920 1507; x_wconf 89' lang='lat' dir='ltr'>ipsorum,</span> <span class='ocrx_word' id='word_1_164' title='bbox 2955 1437 3141 1493; x_wconf 80' lang='lat' dir='ltr'>dixit:</span> <span class='ocrx_word' id='word_1_165' title='bbox 3176 1437 3450 1492; x_wconf 86' lang='lat' dir='ltr'>Resistite</span> <span class='ocrx_word' id='word_1_166' title='bbox 3482 1439 3557 1502; x_wconf 87' lang='lat' dir='ltr'>ei,</span> <span class='ocrx_word' id='word_1_167' title='bbox 3591 1440 3694 1509; x_wconf 89' lang='lat' dir='ltr'>qui</span> 
     </span>
    </p>
   </div>
   <div class='ocr_carea' id='block_1_31' title="bbox 2046 1523 3692 1599">
    <p class='ocr_par' dir='ltr' id='par_1_31' title="bbox 2046 1523 3692 1599">
     <span class='ocr_line' id='line_1_31' title="bbox 2046 1523 3692 1599; baseline 0.003 -22"><span class='ocrx_word' id='word_1_168' title='bbox 2046 1523 2191 1577; x_wconf 90' lang='lat' dir='ltr'>emit</span> <span class='ocrx_word' id='word_1_169' title='bbox 2219 1540 2468 1596; x_wconf 89' lang='lat' dir='ltr'>corpora</span> <span class='ocrx_word' id='word_1_170' title='bbox 2496 1532 2720 1591; x_wconf 86' lang='lat' dir='ltr'>nostra,</span> <span class='ocrx_word' id='word_1_171' title='bbox 2781 1532 2839 1581; x_wconf 93' lang='lat' dir='ltr'>et</span> <span class='ocrx_word' id='word_1_172' title='bbox 2886 1526 3236 1599; x_wconf 85' lang='lat' dir='ltr'>martyrium</span> <span class='ocrx_word' id='word_1_173' title='bbox 3294 1543 3402 1599; x_wconf 91' lang='lat' dir='ltr'>pro</span> <span class='ocrx_word' id='word_1_174' title='bbox 3460 1526 3692 1584; x_wconf 84' lang='lat' dir='ltr'>Christo</span> 
     </span>
    </p>
   </div>
   <div class='ocr_carea' id='block_1_32' title="bbox 2045 1612 3692 1687">
    <p class='ocr_par' dir='ltr' id='par_1_32' title="bbox 2045 1612 3692 1687">
     <span class='ocr_line' id='line_1_32' title="bbox 2045 1612 3692 1687; baseline 0.004 -21"><span class='ocrx_word' id='word_1_175' title='bbox 2045 1612 2489 1670; x_wconf 83' lang='lat' dir='ltr'>sustinebimus.</span> <span class='ocrx_word' id='word_1_176' title='bbox 2523 1616 2684 1670; x_wconf 88' lang='lat' dir='ltr'>Tunc</span> <span class='ocrx_word' id='word_1_177' title='bbox 2740 1615 3025 1671; x_wconf 89' lang='lat' dir='ltr'>abeuntes</span> <span class='ocrx_word' id='word_1_178' title='bbox 3077 1616 3266 1687; x_wconf 90' lang='lat' dir='ltr'>pueri,</span> <span class='ocrx_word' id='word_1_179' title='bbox 3314 1615 3554 1672; x_wconf 91' lang='lat' dir='ltr'>domino</span> <span class='ocrx_word' id='word_1_180' title='bbox 3587 1633 3692 1672; x_wconf 93' lang='lat' dir='ltr'>suo</span> 
     </span>
    </p>
   </div>
   <div class='ocr_carea' id='block_1_33' title="bbox 2043 1700 3693 1778">
    <p class='ocr_par' dir='ltr' id='par_1_33' title="bbox 2043 1700 3693 1778">
     <span class='ocr_line' id='line_1_33' title="bbox 2043 1700 3693 1778; baseline 0.004 -23"><span class='ocrx_word' id='word_1_181' title='bbox 2043 1700 2355 1757; x_wconf 90' lang='lat' dir='ltr'>dixerunt:</span> <span class='ocrx_word' id='word_1_182' title='bbox 2379 1704 2638 1775; x_wconf 86' lang='lat' dir='ltr'>Corpora</span> <span class='ocrx_word' id='word_1_183' title='bbox 2663 1704 2903 1775; x_wconf 89' lang='lat' dir='ltr'>quidem</span> <span class='ocrx_word' id='word_1_184' title='bbox 2926 1711 3131 1761; x_wconf 88' lang='lat' dir='ltr'>nostra</span> <span class='ocrx_word' id='word_1_185' title='bbox 3153 1712 3266 1760; x_wconf 69' lang='lat' dir='ltr'>tum</span> <span class='ocrx_word' id='word_1_186' title='bbox 3291 1704 3693 1778; x_wconf 86' lang='lat' dir='ltr'>subjiciuntur</span> 
     </span>
    </p>
   </div>
   <div class='ocr_carea' id='block_1_34' title="bbox 2041 1792 3693 1862">
    <p class='ocr_par' dir='ltr' id='par_1_34' title="bbox 2041 1792 3693 1862">
     <span class='ocr_line' id='line_1_34' title="bbox 2041 1792 3693 1862; baseline 0.003 -17"><span class='ocrx_word' id='word_1_187' title='bbox 2041 1792 2355 1862; x_wconf 83' lang='lat' dir='ltr'>potestati;</span> <span class='ocrx_word' id='word_1_188' title='bbox 2386 1793 2722 1849; x_wconf 90' lang='lat' dir='ltr'>animarum</span> <span class='ocrx_word' id='word_1_189' title='bbox 2749 1810 2885 1850; x_wconf 85' lang='lat' dir='ltr'>vero</span> <span class='ocrx_word' id='word_1_190' title='bbox 2918 1801 3256 1850; x_wconf 90' lang='lat' dir='ltr'>nostrarum</span> <span class='ocrx_word' id='word_1_191' title='bbox 3292 1794 3571 1850; x_wconf 89' lang='lat' dir='ltr'>dominus</span> <span class='ocrx_word' id='word_1_192' title='bbox 3603 1801 3693 1851; x_wconf 90' lang='lat' dir='ltr'>est</span> 
     </span>
    </p>
   </div>
   <div class='ocr_carea' id='block_1_35' title="bbox 289 1876 1927 1957">
    <p class='ocr_par' dir='ltr' id='par_1_35' title="bbox 289 1878 1927 1957">
     <span class='ocr_line' id='line_1_35' title="bbox 289 1878 1927 1957; baseline 0 -23"><span class='ocrx_word' id='word_1_193' title='bbox 289 1883 447 1953; x_wconf 81' lang='grc' dir='ltr'>ἡμῶν</span> <span class='ocrx_word' id='word_1_194' title='bbox 509 1881 703 1956; x_wconf 86' lang='grc' dir='ltr'>κύριος</span> <span class='ocrx_word' id='word_1_195' title='bbox 762 1883 1052 1957; x_wconf 78' lang='grc' dir='ltr'>ὑπάρχεις,</span> <span class='ocrx_word' id='word_1_196' title='bbox 1105 1886 1213 1937; x_wconf 87' lang='grc' dir='ltr'>τῶν</span> <span class='ocrx_word' id='word_1_197' title='bbox 1258 1878 1316 1936; x_wconf 75' lang='grc' dir='ltr'>δὶ</span> <span class='ocrx_word' id='word_1_198' title='bbox 1370 1884 1564 1955; x_wconf 85' lang='grc' dir='ltr'>ψυχῶν</span> <span class='ocrx_word' id='word_1_199' title='bbox 1597 1880 1626 1935; x_wconf 81' lang='grc' dir='ltr'>ὁ</span> <span class='ocrx_word' id='word_1_200' title='bbox 1659 1878 1927 1945; x_wconf 85' lang='grc' dir='ltr'>Δεσπότης</span> 
     </span>
    </p>
   </div>
   <div class='ocr_carea' id='block_1_36' title="bbox 2040 1876 3686 1957">
    <p class='ocr_par' dir='ltr' id='par_1_36' title="bbox 2040 1881 3686 1955">
     <span class='ocr_line' id='line_1_36' title="bbox 2040 1881 3686 1955; baseline 0.002 -20"><span class='ocrx_word' id='word_1_201' title='bbox 2040 1881 2204 1937; x_wconf 84' lang='lat' dir='ltr'>Jesus</span> <span class='ocrx_word' id='word_1_202' title='bbox 2231 1882 2522 1949; x_wconf 88' lang='lat' dir='ltr'>Christus,</span> <span class='ocrx_word' id='word_1_203' title='bbox 2582 1884 2684 1955; x_wconf 88' lang='lat' dir='ltr'>qui</span> <span class='ocrx_word' id='word_1_204' title='bbox 2738 1885 3007 1939; x_wconf 90' lang='lat' dir='ltr'>omnium</span> <span class='ocrx_word' id='word_1_205' title='bbox 3065 1884 3424 1940; x_wconf 82' lang='lat' dir='ltr'>dominatur.</span> <span class='ocrx_word' id='word_1_206' title='bbox 3458 1885 3686 1939; x_wconf 81' lang='lat' dir='ltr'>Amodo</span> 
     </span>
    </p>
   </div>
   <div class='ocr_carea' id='block_1_37' title="bbox 285 1967 1931 2046">
    <p class='ocr_par' dir='ltr' id='par_1_37' title="bbox 285 1967 1931 2046">
     <span class='ocr_line' id='line_1_37' title="bbox 285 1967 1931 2046; baseline -0.003 -19"><span class='ocrx_word' id='word_1_207' title='bbox 285 1971 500 2039; x_wconf 76' lang='grc' dir='ltr'>Ἰησοῦς</span> <span class='ocrx_word' id='word_1_208' title='bbox 549 1970 808 2044; x_wconf 81' lang='grc' dir='ltr'>Χριστὸς,</span> <span class='ocrx_word' id='word_1_209' title='bbox 836 1971 864 2025; x_wconf 86' lang='grc' dir='ltr'>ὁ</span> <span class='ocrx_word' id='word_1_210' title='bbox 892 1973 1107 2026; x_wconf 85' lang='grc' dir='ltr'>πάντων</span> <span class='ocrx_word' id='word_1_211' title='bbox 1157 1970 1379 2046; x_wconf 83' lang='grc' dir='ltr'>Κύριος·</span> <span class='ocrx_word' id='word_1_212' title='bbox 1423 1970 1528 2024; x_wconf 85' lang='grc' dir='ltr'>ἀπὸ</span> <span class='ocrx_word' id='word_1_213' title='bbox 1574 1972 1671 2024; x_wconf 79' lang='grc' dir='ltr'>τοῦ</span> <span class='ocrx_word' id='word_1_214' title='bbox 1721 1972 1814 2023; x_wconf 81' lang='grc' dir='ltr'>νῦν</span> <span class='ocrx_word' id='word_1_215' title='bbox 1870 1967 1931 2023; x_wconf 85' lang='grc' dir='ltr'>οὐ</span> 
     </span>
    </p>
   </div>
   <div class='ocr_carea' id='block_1_38' title="bbox 280 2056 1931 2134">
    <p class='ocr_par' dir='ltr' id='par_1_38' title="bbox 280 2056 1931 2134">
     <span class='ocr_line' id='line_1_38' title="bbox 280 2056 1931 2134; baseline 0 -21"><span class='ocrx_word' id='word_1_216' title='bbox 280 2059 384 2127; x_wconf 84' lang='grc' dir='ltr'>σοὶ,</span> <span class='ocrx_word' id='word_1_217' title='bbox 435 2058 565 2115; x_wconf 86' lang='grc' dir='ltr'>ἀλλ’</span> <span class='ocrx_word' id='word_1_218' title='bbox 623 2058 815 2132; x_wconf 81' lang='grc' dir='ltr'>ἐκείνῳ</span> <span class='ocrx_word' id='word_1_219' title='bbox 874 2057 1259 2133; x_wconf 87' lang='grc' dir='ltr'>δουλεύσομεν.</span> <span class='ocrx_word' id='word_1_220' title='bbox 1341 2057 1669 2134; x_wconf 82' lang='grc' dir='ltr'>Ἐκπλαγεὶς</span> <span class='ocrx_word' id='word_1_221' title='bbox 1752 2056 1843 2113; x_wconf 75' lang='grc' dir='ltr'>οὖν</span> <span class='ocrx_word' id='word_1_222' title='bbox 1903 2059 1931 2113; x_wconf 87' lang='grc' dir='ltr'>ὁ</span> 
     </span>
    </p>
   </div>
   <div class='ocr_carea' id='block_1_39' title="bbox 276 2144 1932 2224">
    <p class='ocr_par' dir='ltr' id='par_1_39' title="bbox 276 2144 1932 2224">
     <span class='ocr_line' id='line_1_39' title="bbox 276 2144 1932 2224; baseline -0.001 -22"><span class='ocrx_word' id='word_1_223' title='bbox 276 2148 465 2224; x_wconf 83' lang='grc' dir='ltr'>κύριος</span> <span class='ocrx_word' id='word_1_224' title='bbox 498 2146 703 2218; x_wconf 82' lang='grc' dir='ltr'>αὐτῶν,</span> <span class='ocrx_word' id='word_1_225' title='bbox 736 2149 859 2204; x_wconf 92' lang='grc' dir='ltr'>τότε</span> <span class='ocrx_word' id='word_1_226' title='bbox 892 2149 987 2223; x_wconf 75' lang='grc' dir='ltr'>μὶν</span> <span class='ocrx_word' id='word_1_227' title='bbox 1034 2144 1270 2223; x_wconf 75' lang='grc' dir='ltr'>ἔπεμψεν</span> <span class='ocrx_word' id='word_1_228' title='bbox 1310 2146 1505 2211; x_wconf 77' lang='grc' dir='ltr'>αὐτοὺς</span> <span class='ocrx_word' id='word_1_229' title='bbox 1550 2148 1688 2224; x_wconf 88' lang='grc' dir='ltr'>πρὸς</span> <span class='ocrx_word' id='word_1_230' title='bbox 1733 2149 1932 2204; x_wconf 83' lang='grc' dir='ltr'>Ἕσπε-</span> 
     </span>
    </p>
   </div>
   <div class='ocr_carea' id='block_1_40' title="bbox 280 2234 1928 2312">
    <p class='ocr_par' dir='ltr' id='par_1_40' title="bbox 280 2234 1928 2312">
     <span class='ocr_line' id='line_1_40' title="bbox 280 2234 1928 2312; baseline 0.001 -22"><span class='ocrx_word' id='word_1_231' title='bbox 280 2258 369 2310; x_wconf 78' lang='grc' dir='ltr'>ρον</span> <span class='ocrx_word' id='word_1_232' title='bbox 398 2238 491 2291; x_wconf 83' lang='grc' dir='ltr'>τὸν</span> <span class='ocrx_word' id='word_1_233' title='bbox 528 2237 734 2312; x_wconf 77' lang='grc' dir='ltr'>πατέρα</span> <span class='ocrx_word' id='word_1_234' title='bbox 763 2236 963 2309; x_wconf 81' lang='grc' dir='ltr'>αὐτῶν,</span> <span class='ocrx_word' id='word_1_235' title='bbox 996 2234 1124 2293; x_wconf 73' lang='grc' dir='ltr'>ὄντα</span> <span class='ocrx_word' id='word_1_236' title='bbox 1174 2236 1225 2292; x_wconf 79' lang='grc' dir='ltr'>ἐν</span> <span class='ocrx_word' id='word_1_237' title='bbox 1274 2241 1343 2311; x_wconf 77' lang='grc' dir='ltr'>τῇ</span> <span class='ocrx_word' id='word_1_238' title='bbox 1393 2236 1552 2292; x_wconf 83' lang='grc' dir='ltr'>πόλει</span> <span class='ocrx_word' id='word_1_239' title='bbox 1602 2235 1928 2308; x_wconf 87' lang='grc' dir='ltr'>Τριτωνίου.</span> 
     </span>
    </p>
   </div>
   <div class='ocr_carea' id='block_1_41' title="bbox 281 2322 1929 2402">
    <p class='ocr_par' dir='ltr' id='par_1_41' title="bbox 281 2322 1929 2402">
     <span class='ocr_line' id='line_1_41' title="bbox 281 2322 1929 2402; baseline -0.001 -21"><span class='ocrx_word' id='word_1_240' title='bbox 281 2322 503 2401; x_wconf 67' lang='grc' dir='ltr'>ὕστερον</span> <span class='ocrx_word' id='word_1_241' title='bbox 539 2323 598 2381; x_wconf 65' lang='grc' dir='ltr'>δὲ</span> <span class='ocrx_word' id='word_1_242' title='bbox 629 2326 841 2402; x_wconf 82' lang='grc' dir='ltr'>ἀγαγὼν</span> <span class='ocrx_word' id='word_1_243' title='bbox 871 2327 966 2381; x_wconf 87' lang='grc' dir='ltr'>τόν</span> <span class='ocrx_word' id='word_1_244' title='bbox 1004 2346 1063 2381; x_wconf 89' lang='grc' dir='ltr'>τε</span> <span class='ocrx_word' id='word_1_245' title='bbox 1128 2327 1354 2401; x_wconf 82' lang='grc' dir='ltr'>πατέρα,</span> <span class='ocrx_word' id='word_1_246' title='bbox 1405 2323 1494 2380; x_wconf 78' lang='grc' dir='ltr'>καὶ</span> <span class='ocrx_word' id='word_1_247' title='bbox 1540 2325 1641 2393; x_wconf 73' lang='grc' dir='ltr'>τὴν</span> <span class='ocrx_word' id='word_1_248' title='bbox 1700 2325 1929 2400; x_wconf 81' lang='grc' dir='ltr'>μητέρα,</span> 
     </span>
    </p>
   </div>
   <div class='ocr_carea' id='block_1_42' title="bbox 276 2408 1926 2494">
    <p class='ocr_par' dir='ltr' id='par_1_42' title="bbox 276 2408 1926 2494">
     <span class='ocr_line' id='line_1_42' title="bbox 276 2408 1926 2494; baseline -0.001 -24"><span class='ocrx_word' id='word_1_249' title='bbox 276 2417 362 2471; x_wconf 79' lang='grc' dir='ltr'>καὶ</span> <span class='ocrx_word' id='word_1_250' title='bbox 401 2415 717 2492; x_wconf 76' lang='grc' dir='ltr'>βασανίσας,</span> <span class='ocrx_word' id='word_1_251' title='bbox 747 2414 907 2479; x_wconf 87' lang='grc' dir='ltr'>τέλος</span> <span class='ocrx_word' id='word_1_252' title='bbox 932 2419 1165 2494; x_wconf 75' lang='grc' dir='ltr'>φοῦρνον</span> <span class='ocrx_word' id='word_1_253' title='bbox 1195 2414 1475 2486; x_wconf 76' lang='grc' dir='ltr'>ἐκκαύσας,</span> <span class='ocrx_word' id='word_1_254' title='bbox 1528 2414 1618 2469; x_wconf 79' lang='grc' dir='ltr'>καὶ</span> <span class='ocrx_word' id='word_1_255' title='bbox 1669 2408 1926 2488; x_wconf 79' lang='grc' dir='ltr'>ἐμϐαλὼν</span> 
     </span>
    </p>
   </div>
   <div class='ocr_carea' id='block_1_43' title="bbox 274 2502 1035 2577">
    <p class='ocr_par' dir='ltr' id='par_1_43' title="bbox 274 2502 1035 2577">
     <span class='ocr_line' id='line_1_43' title="bbox 274 2502 1035 2577; baseline 0.003 -17"><span class='ocrx_word' id='word_1_256' title='bbox 274 2506 489 2577; x_wconf 74' lang='grc' dir='ltr'>αὐτοὺς,</span> <span class='ocrx_word' id='word_1_257' title='bbox 522 2505 577 2561; x_wconf 78' lang='grc' dir='ltr'>ἐν</span> <span class='ocrx_word' id='word_1_258' title='bbox 608 2505 760 2577; x_wconf 82' lang='grc' dir='ltr'>αύτῷ</span> <span class='ocrx_word' id='word_1_259' title='bbox 790 2502 1035 2564; x_wconf 73' lang='grc' dir='ltr'>ἔκαυσεν.</span> 
     </span>
    </p>
   </div>
   <div class='ocr_carea' id='block_1_44' title="bbox 274 2632 1922 2721">
    <p class='ocr_par' dir='ltr' id='par_1_44' title="bbox 274 2632 1922 2721">
     <span class='ocr_line' id='line_1_44' title="bbox 274 2632 1922 2721; baseline -0.001 -33"><span class='ocrx_word' id='word_1_260' title='bbox 274 2635 370 2689; x_wconf 77' lang='grc' dir='ltr'>Καὶ</span> <span class='ocrx_word' id='word_1_261' title='bbox 426 2633 863 2721; x_wconf 38' lang='grc' dir='ltr'>κοίμησιςιτοῐχ</span> <span class='ocrx_word' id='word_1_262' title='bbox 900 2633 952 2688; x_wconf 72' lang='grc' dir='ltr'>ἐν</span> <span class='ocrx_word' id='word_1_263' title='bbox 1011 2632 1451 2721; x_wconf 41' lang='grc' dir='ltr'>ἀγίοιςιρατρξς</span> <span class='ocrx_word' id='word_1_264' title='bbox 1500 2634 1670 2721; x_wconf 54' lang='grc' dir='ltr'>’ἡμῶν</span> <span class='ocrx_word' id='word_1_265' title='bbox 1757 2632 1922 2689; x_wconf 72' lang='grc' dir='ltr'>Ἀθα-</span> 
     </span>
    </p>
   </div>
   <div class='ocr_carea' id='block_1_45' title="bbox 600 2702 1596 2778">
    <p class='ocr_par' dir='ltr' id='par_1_45' title="bbox 600 2702 1596 2778">
     <span class='ocr_line' id='line_1_45' title="bbox 600 2702 1596 2778; baseline 0 -19"><span class='ocrx_word' id='word_1_266' title='bbox 600 2706 813 2777; x_wconf 86' lang='grc' dir='ltr'>νασίου,</span> <span class='ocrx_word' id='word_1_267' title='bbox 846 2702 1145 2761; x_wconf 80' lang='grc' dir='ltr'>ἐπισκόπου</span> <span class='ocrx_word' id='word_1_268' title='bbox 1170 2702 1596 2778; x_wconf 77' lang='grc' dir='ltr'>Ἀλεξανδρείας.</span> 
     </span>
    </p>
   </div>
   <div class='ocr_carea' id='block_1_46' title="bbox 354 2811 1925 2892">
    <p class='ocr_par' dir='ltr' id='par_1_46' title="bbox 354 2811 1925 2892">
     <span class='ocr_line' id='line_1_46' title="bbox 354 2811 1925 2892; baseline 0.003 -22"><span class='ocrx_word' id='word_1_269' title='bbox 354 2815 743 2883; x_wconf 73' lang='grc' dir='ltr'>’Λθανᾶσιος,ὁ</span> <span class='ocrx_word' id='word_1_270' title='bbox 774 2815 825 2870; x_wconf 80' lang='grc' dir='ltr'>ἐν</span> <span class='ocrx_word' id='word_1_271' title='bbox 858 2814 1031 2892; x_wconf 80' lang='grc' dir='ltr'>ἁγίοις</span> <span class='ocrx_word' id='word_1_272' title='bbox 1087 2816 1271 2889; x_wconf 72' lang='grc' dir='ltr'>(Ιατήρ</span> <span class='ocrx_word' id='word_1_273' title='bbox 1324 2814 1506 2887; x_wconf 75' lang='grc' dir='ltr'>ἡμῶν,</span> <span class='ocrx_word' id='word_1_274' title='bbox 1565 2812 1632 2883; x_wconf 83' lang='grc' dir='ltr'>ἦν</span> <span class='ocrx_word' id='word_1_275' title='bbox 1682 2811 1769 2867; x_wconf 78' lang='grc' dir='ltr'>ἐπὶ</span> <span class='ocrx_word' id='word_1_276' title='bbox 1826 2818 1925 2883; x_wconf 88' lang='grc' dir='ltr'>τῆς</span> 
     </span>
    </p>
   </div>
   <div class='ocr_carea' id='block_1_47' title="bbox 297 2899 1926 2979">
    <p class='ocr_par' dir='ltr' id='par_1_47' title="bbox 297 2899 1926 2979">
     <span class='ocr_line' id='line_1_47' title="bbox 297 2899 1926 2979; baseline -0.001 -22"><span class='ocrx_word' id='word_1_277' title='bbox 297 2902 566 2977; x_wconf 72' lang='grc' dir='ltr'>βασθλείας</span> <span class='ocrx_word' id='word_1_278' title='bbox 600 2904 1009 2960; x_wconf 81' lang='grc' dir='ltr'>Κωνσταντίνου</span> <span class='ocrx_word' id='word_1_279' title='bbox 1039 2909 1136 2959; x_wconf 82' lang='grc' dir='ltr'>τοῦ</span> <span class='ocrx_word' id='word_1_280' title='bbox 1188 2900 1454 2979; x_wconf 76' lang='grc' dir='ltr'>μεγάλου,</span> <span class='ocrx_word' id='word_1_281' title='bbox 1503 2899 1596 2956; x_wconf 57' lang='grc' dir='ltr'>καἲ</span> <span class='ocrx_word' id='word_1_282' title='bbox 1639 2902 1926 2958; x_wconf 87' lang='grc' dir='ltr'>Κωνσταν-</span> 
     </span>
    </p>
   </div>
   <div class='ocr_carea' id='block_1_48' title="bbox 288 2989 1925 3067">
    <p class='ocr_par' dir='ltr' id='par_1_48' title="bbox 288 2989 1925 3067">
     <span class='ocr_line' id='line_1_48' title="bbox 288 2989 1925 3067; baseline -0.001 -21"><span class='ocrx_word' id='word_1_283' title='bbox 288 2993 400 3047; x_wconf 66' lang='grc' dir='ltr'>τίον</span> <span class='ocrx_word' id='word_1_284' title='bbox 431 2994 548 3049; x_wconf 82' lang='grc' dir='ltr'>υἱοῦ</span> <span class='ocrx_word' id='word_1_285' title='bbox 581 2994 771 3065; x_wconf 77' lang='grc' dir='ltr'>αὐτοῦ,</span> <span class='ocrx_word' id='word_1_286' title='bbox 822 2993 880 3049; x_wconf 85' lang='grc' dir='ltr'>ἐκ</span> <span class='ocrx_word' id='word_1_287' title='bbox 915 3001 1018 3058; x_wconf 68' lang='grc' dir='ltr'>τῆς</span> <span class='ocrx_word' id='word_1_288' title='bbox 1064 2992 1283 3055; x_wconf 84' lang='grc' dir='ltr'>πόλεως</span> <span class='ocrx_word' id='word_1_289' title='bbox 1319 2989 1749 3067; x_wconf 81' lang='grc' dir='ltr'>Ἀλεξανδρείας,</span> <span class='ocrx_word' id='word_1_290' title='bbox 1796 3011 1925 3046; x_wconf 87' lang='grc' dir='ltr'>παι-</span> 
     </span>
    </p>
   </div>
   <div class='ocr_carea' id='block_1_49' title="bbox 278 3080 1924 3159">
    <p class='ocr_par' dir='ltr' id='par_1_49' title="bbox 278 3080 1924 3159">
     <span class='ocr_line' id='line_1_49' title="bbox 278 3080 1924 3159; baseline 0 -22"><span class='ocrx_word' id='word_1_291' title='bbox 278 3081 425 3147; x_wconf 81' lang='grc' dir='ltr'>δόθεν</span> <span class='ocrx_word' id='word_1_292' title='bbox 472 3084 564 3138; x_wconf 80' lang='grc' dir='ltr'>τὸν</span> <span class='ocrx_word' id='word_1_293' title='bbox 625 3085 756 3140; x_wconf 80' lang='grc' dir='ltr'>Θεὸν</span> <span class='ocrx_word' id='word_1_294' title='bbox 812 3085 1058 3159; x_wconf 80' lang='grc' dir='ltr'>ἀγαπῶν,</span> <span class='ocrx_word' id='word_1_295' title='bbox 1125 3084 1214 3139; x_wconf 81' lang='grc' dir='ltr'>καὶ</span> <span class='ocrx_word' id='word_1_296' title='bbox 1288 3089 1390 3152; x_wconf 84' lang='grc' dir='ltr'>τῆς</span> <span class='ocrx_word' id='word_1_297' title='bbox 1468 3080 1924 3152; x_wconf 77' lang='grc' dir='ltr'>ἐκκλησιαστικῆς</span> 
     </span>
    </p>
   </div>
   <div class='ocr_carea' id='block_1_50' title="bbox 274 3165 1926 3247">
    <p class='ocr_par' dir='ltr' id='par_1_50' title="bbox 274 3165 1926 3247">
     <span class='ocr_line' id='line_1_50' title="bbox 274 3165 1926 3247; baseline -0.01 -7"><span class='ocrx_word' id='word_1_298' title='bbox 274 3174 474 3241; x_wconf 64' lang='grc' dir='ltr'>τάξεως</span> <span class='ocrx_word' id='word_1_299' title='bbox 504 3172 978 3245; x_wconf 71' lang='grc' dir='ltr'>ἀντιποιούμενος.</span> <span class='ocrx_word' id='word_1_300' title='bbox 1012 3172 1116 3229; x_wconf 83' lang='grc' dir='ltr'>Καὶ</span> <span class='ocrx_word' id='word_1_301' title='bbox 1169 3171 1271 3247; x_wconf 76' lang='grc' dir='ltr'>γὰρ</span> <span class='ocrx_word' id='word_1_302' title='bbox 1328 3168 1543 3226; x_wconf 87' lang='grc' dir='ltr'>παιδίον</span> <span class='ocrx_word' id='word_1_303' title='bbox 1599 3165 1698 3236; x_wconf 79' lang='grc' dir='ltr'>ὥν,</span> <span class='ocrx_word' id='word_1_304' title='bbox 1750 3190 1926 3243; x_wconf 87' lang='grc' dir='ltr'>παρα-</span> 
     </span>
    </p>
   </div>
   <div class='ocr_carea' id='block_1_51' title="bbox 276 3255 1926 3335">
    <p class='ocr_par' dir='ltr' id='par_1_51' title="bbox 276 3255 1926 3335">
     <span class='ocr_line' id='line_1_51' title="bbox 276 3255 1926 3335; baseline 0.001 -22"><span class='ocrx_word' id='word_1_305' title='bbox 276 3255 460 3314; x_wconf 82' lang='grc' dir='ltr'>λαϐὼν</span> <span class='ocrx_word' id='word_1_306' title='bbox 518 3260 650 3324; x_wconf 74' lang='grc' dir='ltr'>τοὺς</span> <span class='ocrx_word' id='word_1_307' title='bbox 706 3260 1127 3330; x_wconf 79' lang='grc' dir='ltr'>συνηλικιώτας,</span> <span class='ocrx_word' id='word_1_308' title='bbox 1188 3258 1276 3314; x_wconf 79' lang='grc' dir='ltr'>ἐπὶ</span> <span class='ocrx_word' id='word_1_309' title='bbox 1356 3259 1447 3315; x_wconf 83' lang='grc' dir='ltr'>τὸν</span> <span class='ocrx_word' id='word_1_310' title='bbox 1524 3256 1771 3335; x_wconf 73' lang='grc' dir='ltr'>αἲγιαλὸν</span> <span class='ocrx_word' id='word_1_311' title='bbox 1825 3265 1926 3328; x_wconf 79' lang='grc' dir='ltr'>τῆς</span> 
     </span>
    </p>
   </div>
   <div class='ocr_carea' id='block_1_52' title="bbox 274 3345 1927 3425">
    <p class='ocr_par' dir='ltr' id='par_1_52' title="bbox 274 3345 1927 3425">
     <span class='ocr_line' id='line_1_52' title="bbox 274 3345 1927 3425; baseline 0 -22"><span class='ocrx_word' id='word_1_312' title='bbox 274 3347 554 3419; x_wconf 77' lang='grc' dir='ltr'>θαλάσσης</span> <span class='ocrx_word' id='word_1_313' title='bbox 585 3349 929 3425; x_wconf 87' lang='grc' dir='ltr'>παρεγένετο.</span> <span class='ocrx_word' id='word_1_314' title='bbox 976 3350 1072 3405; x_wconf 79' lang='grc' dir='ltr'>Καὶ</span> <span class='ocrx_word' id='word_1_315' title='bbox 1124 3349 1198 3409; x_wconf 84' lang='grc' dir='ltr'>ὡς</span> <span class='ocrx_word' id='word_1_316' title='bbox 1244 3347 1297 3403; x_wconf 80' lang='grc' dir='ltr'>έν</span> <span class='ocrx_word' id='word_1_317' title='bbox 1343 3345 1536 3419; x_wconf 86' lang='grc' dir='ltr'>παιδιᾷ</span> <span class='ocrx_word' id='word_1_318' title='bbox 1582 3347 1927 3423; x_wconf 80' lang='grc' dir='ltr'>σχηματίσας</span> 
     </span>
    </p>
   </div>
   <div class='ocr_carea' id='block_1_53' title="bbox 273 3436 1926 3513">
    <p class='ocr_par' dir='ltr' id='par_1_53' title="bbox 273 3436 1926 3513">
     <span class='ocr_line' id='line_1_53' title="bbox 273 3436 1926 3513; baseline -0.002 -20"><span class='ocrx_word' id='word_1_319' title='bbox 273 3437 461 3493; x_wconf 66' lang='grc' dir='ltr'>ἑαυτὸν</span> <span class='ocrx_word' id='word_1_320' title='bbox 495 3439 816 3510; x_wconf 76' lang='grc' dir='ltr'>ἐπίσκοπον,</span> <span class='ocrx_word' id='word_1_321' title='bbox 865 3438 958 3495; x_wconf 85' lang='grc' dir='ltr'>καὶ</span> <span class='ocrx_word' id='word_1_322' title='bbox 1004 3438 1064 3495; x_wconf 79' lang='grc' dir='ltr'>ἐκ</span> <span class='ocrx_word' id='word_1_323' title='bbox 1117 3442 1225 3494; x_wconf 87' lang='grc' dir='ltr'>τῶν</span> <span class='ocrx_word' id='word_1_324' title='bbox 1285 3436 1376 3492; x_wconf 79' lang='grc' dir='ltr'>σὺν</span> <span class='ocrx_word' id='word_1_325' title='bbox 1434 3436 1580 3511; x_wconf 76' lang='grc' dir='ltr'>αὐτῷ</span> <span class='ocrx_word' id='word_1_326' title='bbox 1637 3455 1926 3513; x_wconf 87' lang='grc' dir='ltr'>προχειρι-</span> 
     </span>
    </p>
   </div>
   <div class='ocr_carea' id='block_1_54' title="bbox 274 3520 1927 3603">
    <p class='ocr_par' dir='ltr' id='par_1_54' title="bbox 274 3520 1927 3603">
     <span class='ocr_line' id='line_1_54' title="bbox 274 3520 1927 3603; baseline -0.001 -21"><span class='ocrx_word' id='word_1_327' title='bbox 274 3532 507 3601; x_wconf 79' lang='grc' dir='ltr'>σαμενος</span> <span class='ocrx_word' id='word_1_328' title='bbox 568 3523 970 3603; x_wconf 78' lang='grc' dir='ltr'>πρεσϐυτέρους</span> <span class='ocrx_word' id='word_1_329' title='bbox 1022 3527 1113 3584; x_wconf 82' lang='grc' dir='ltr'>καὶ</span> <span class='ocrx_word' id='word_1_330' title='bbox 1172 3524 1473 3597; x_wconf 86' lang='grc' dir='ltr'>διακόνους,</span> <span class='ocrx_word' id='word_1_331' title='bbox 1548 3520 1802 3582; x_wconf 74' lang='grc' dir='ltr'>ἐϐάπτισε</span> <span class='ocrx_word' id='word_1_332' title='bbox 1859 3525 1927 3581; x_wconf 85' lang='grc' dir='ltr'>τά</span> 
     </span>
    </p>
   </div>
   <div class='ocr_carea' id='block_1_55' title="bbox 274 3612 1927 3687">
    <p class='ocr_par' dir='ltr' id='par_1_55' title="bbox 274 3612 1927 3687">
     <span class='ocr_line' id='line_1_55' title="bbox 274 3612 1927 3687; baseline 0 -16"><span class='ocrx_word' id='word_1_333' title='bbox 274 3615 450 3673; x_wconf 80' lang='grc' dir='ltr'>λοιπὰ</span> <span class='ocrx_word' id='word_1_334' title='bbox 472 3615 668 3673; x_wconf 87' lang='grc' dir='ltr'>παιδία</span> <span class='ocrx_word' id='word_1_335' title='bbox 715 3622 823 3673; x_wconf 91' lang='grc' dir='ltr'>τῶν</span> <span class='ocrx_word' id='word_1_336' title='bbox 884 3616 1166 3687; x_wconf 71' lang='grc' dir='ltr'>Ἑλλήνων</span> <span class='ocrx_word' id='word_1_337' title='bbox 1217 3614 1307 3671; x_wconf 77' lang='grc' dir='ltr'>καὶ</span> <span class='ocrx_word' id='word_1_338' title='bbox 1358 3620 1467 3671; x_wconf 88' lang='grc' dir='ltr'>τῶν</span> <span class='ocrx_word' id='word_1_339' title='bbox 1516 3612 1793 3672; x_wconf 78' lang='grc' dir='ltr'>Ἰουδαίων</span> <span class='ocrx_word' id='word_1_340' title='bbox 1844 3619 1927 3687; x_wconf 83' lang='grc' dir='ltr'>τῷ</span> 
     </span>
    </p>
   </div>
   <div class='ocr_carea' id='block_1_56' title="bbox 268 3703 1926 3781">
    <p class='ocr_par' dir='ltr' id='par_1_56' title="bbox 268 3703 1926 3781">
     <span class='ocr_line' id='line_1_56' title="bbox 268 3703 1926 3781; baseline -0.001 -20"><span class='ocrx_word' id='word_1_341' title='bbox 268 3712 368 3775; x_wconf 80' lang='grc' dir='ltr'>τῆς</span> <span class='ocrx_word' id='word_1_342' title='bbox 396 3706 678 3778; x_wconf 75' lang='grc' dir='ltr'>θαλάσσης</span> <span class='ocrx_word' id='word_1_343' title='bbox 710 3705 883 3763; x_wconf 75' lang='grc' dir='ltr'>ὕδατι.</span> <span class='ocrx_word' id='word_1_344' title='bbox 932 3710 1162 3781; x_wconf 86' lang='grc' dir='ltr'>Θεωρῶν</span> <span class='ocrx_word' id='word_1_345' title='bbox 1218 3703 1277 3761; x_wconf 75' lang='grc' dir='ltr'>δὶ</span> <span class='ocrx_word' id='word_1_346' title='bbox 1320 3709 1486 3761; x_wconf 79' lang='grc' dir='ltr'>ταῦτα</span> <span class='ocrx_word' id='word_1_347' title='bbox 1536 3703 1737 3769; x_wconf 71' lang='grc' dir='ltr'>ἄνωθεν</span> <span class='ocrx_word' id='word_1_348' title='bbox 1771 3705 1799 3761; x_wconf 83' lang='grc' dir='ltr'>ὁ</span> <span class='ocrx_word' id='word_1_349' title='bbox 1825 3711 1926 3774; x_wconf 82' lang='grc' dir='ltr'>τῆς</span> 
     </span>
    </p>
   </div>
   <div class='ocr_carea' id='block_1_57' title="bbox 270 3791 1922 3873">
    <p class='ocr_par' dir='ltr' id='par_1_57' title="bbox 270 3791 1922 3873">
     <span class='ocr_line' id='line_1_57' title="bbox 270 3791 1922 3873; baseline -0.002 -23"><span class='ocrx_word' id='word_1_350' title='bbox 270 3793 686 3873; x_wconf 76' lang='grc' dir='ltr'>Ἀλεξανδρείας</span> <span class='ocrx_word' id='word_1_351' title='bbox 768 3795 1060 3858; x_wconf 73' lang='grc' dir='ltr'>ἐπίσκοπος</span> <span class='ocrx_word' id='word_1_352' title='bbox 1144 3791 1519 3868; x_wconf 79' lang='grc' dir='ltr'>Ἀλέξανδρος,</span> <span class='ocrx_word' id='word_1_353' title='bbox 1603 3792 1922 3865; x_wconf 76' lang='grc' dir='ltr'>ἐθαύμαζενο</span> 
     </span>
    </p>
   </div>
   <div class='ocr_carea' id='block_1_58' title="bbox 271 3880 1928 3961">
    <p class='ocr_par' dir='ltr' id='par_1_58' title="bbox 271 3880 1928 3961">
     <span class='ocr_line' id='line_1_58' title="bbox 271 3880 1928 3961; baseline -0.001 -23"><span class='ocrx_word' id='word_1_354' title='bbox 271 3885 358 3939; x_wconf 83' lang='grc' dir='ltr'>καί</span> <span class='ocrx_word' id='word_1_355' title='bbox 391 3885 551 3961; x_wconf 84' lang='grc' dir='ltr'>γνοὺς</span> <span class='ocrx_word' id='word_1_356' title='bbox 578 3890 657 3958; x_wconf 80' lang='grc' dir='ltr'>τῷ</span> <span class='ocrx_word' id='word_1_357' title='bbox 682 3885 949 3957; x_wconf 87' lang='grc' dir='ltr'>πνεύματι</span> <span class='ocrx_word' id='word_1_358' title='bbox 992 3884 1065 3947; x_wconf 84' lang='grc' dir='ltr'>ὡς</span> <span class='ocrx_word' id='word_1_359' title='bbox 1120 3882 1438 3957; x_wconf 85' lang='grc' dir='ltr'>μελλόντων</span> <span class='ocrx_word' id='word_1_360' title='bbox 1488 3880 1590 3938; x_wconf 75' lang='grc' dir='ltr'>εἶσὶ</span> <span class='ocrx_word' id='word_1_361' title='bbox 1638 3883 1706 3936; x_wconf 72' lang='grc' dir='ltr'>τὰ</span> <span class='ocrx_word' id='word_1_362' title='bbox 1754 3901 1928 3956; x_wconf 89' lang='grc' dir='ltr'>πρατ-</span> 
     </span>
    </p>
   </div>
   <div class='ocr_carea' id='block_1_59' title="bbox 271 3969 1927 4051">
    <p class='ocr_par' dir='ltr' id='par_1_59' title="bbox 271 3969 1927 4051">
     <span class='ocr_line' id='line_1_59' title="bbox 271 3969 1927 4051; baseline -0.001 -25"><span class='ocrx_word' id='word_1_363' title='bbox 271 3973 475 4046; x_wconf 87' lang='grc' dir='ltr'>τόμενα</span> <span class='ocrx_word' id='word_1_364' title='bbox 535 3974 967 4051; x_wconf 82' lang='grc' dir='ltr'>προμηνύματα,</span> <span class='ocrx_word' id='word_1_365' title='bbox 1024 3972 1149 4035; x_wconf 81' lang='grc' dir='ltr'>τοὺς</span> <span class='ocrx_word' id='word_1_366' title='bbox 1226 3975 1320 4047; x_wconf 80' lang='grc' dir='ltr'>μὲν</span> <span class='ocrx_word' id='word_1_367' title='bbox 1395 3969 1594 4034; x_wconf 86' lang='grc' dir='ltr'>παῖδας</span> <span class='ocrx_word' id='word_1_368' title='bbox 1663 3975 1743 4043; x_wconf 83' lang='grc' dir='ltr'>τῷ</span> <span class='ocrx_word' id='word_1_369' title='bbox 1797 3971 1927 4045; x_wconf 82' lang='grc' dir='ltr'>θείῳ</span> 
     </span>
    </p>
   </div>
   <div class='ocr_carea' id='block_1_60' title="bbox 278 4057 1926 4140">
    <p class='ocr_par' dir='ltr' id='par_1_60' title="bbox 278 4057 1926 4140">
     <span class='ocr_line' id='line_1_60' title="bbox 278 4057 1926 4140; baseline -0.001 -23"><span class='ocrx_word' id='word_1_370' title='bbox 278 4063 433 4136; x_wconf 70' lang='grc' dir='ltr'>μύρῳ</span> <span class='ocrx_word' id='word_1_371' title='bbox 498 4063 787 4140; x_wconf 74' lang='grc' dir='ltr'>ἐπίχρίσας</span> <span class='ocrx_word' id='word_1_372' title='bbox 858 4061 1193 4119; x_wconf 68' lang='grc' dir='ltr'>ἐτελείωσεψ</span> <span class='ocrx_word' id='word_1_373' title='bbox 1271 4063 1589 4126; x_wconf 84' lang='grc' dir='ltr'>Ἀθανάσιος</span> <span class='ocrx_word' id='word_1_374' title='bbox 1664 4057 1723 4115; x_wconf 77' lang='grc' dir='ltr'>δὶ</span> <span class='ocrx_word' id='word_1_375' title='bbox 1798 4061 1926 4137; x_wconf 89' lang='grc' dir='ltr'>παρ’</span> 
     </span>
    </p>
   </div>
   <div class='ocr_carea' id='block_1_61' title="bbox 277 4151 1923 4230">
    <p class='ocr_par' dir='ltr' id='par_1_61' title="bbox 277 4151 1923 4230">
     <span class='ocr_line' id='line_1_61' title="bbox 277 4151 1923 4230; baseline -0.001 -23"><span class='ocrx_word' id='word_1_376' title='bbox 277 4153 438 4209; x_wconf 76' lang='grc' dir='ltr'>αὐτοῦ</span> <span class='ocrx_word' id='word_1_377' title='bbox 495 4154 924 4230; x_wconf 86' lang='grc' dir='ltr'>γραμματισθιὶς</span> <span class='ocrx_word' id='word_1_378' title='bbox 971 4156 1255 4230; x_wconf 85' lang='grc' dir='ltr'>πρότερον,</span> <span class='ocrx_word' id='word_1_379' title='bbox 1312 4151 1402 4209; x_wconf 84' lang='grc' dir='ltr'>καὶ</span> <span class='ocrx_word' id='word_1_380' title='bbox 1454 4152 1742 4228; x_wconf 87' lang='grc' dir='ltr'>γενόμενος</span> <span class='ocrx_word' id='word_1_381' title='bbox 1796 4152 1923 4207; x_wconf 81' lang='grc' dir='ltr'>ἀνα-</span> 
     </span>
    </p>
   </div>
   <div class='ocr_carea' id='block_1_62' title="bbox 278 4240 1924 4320">
    <p class='ocr_par' dir='ltr' id='par_1_62' title="bbox 278 4240 1924 4320">
     <span class='ocr_line' id='line_1_62' title="bbox 278 4240 1924 4320; baseline 0.001 -20"><span class='ocrx_word' id='word_1_382' title='bbox 278 4248 551 4320; x_wconf 82' lang='grc' dir='ltr'>γνώστης,</span> <span class='ocrx_word' id='word_1_383' title='bbox 594 4244 815 4318; x_wconf 77' lang='grc' dir='ltr'>ὕστερον</span> <span class='ocrx_word' id='word_1_384' title='bbox 868 4242 1259 4319; x_wconf 77' lang='grc' dir='ltr'>προεχειρίσθη</span> <span class='ocrx_word' id='word_1_385' title='bbox 1316 4242 1406 4298; x_wconf 82' lang='grc' dir='ltr'>καὶ</span> <span class='ocrx_word' id='word_1_386' title='bbox 1463 4240 1784 4305; x_wconf 73' lang='grc' dir='ltr'>ἰπίσκοποςο</span> <span class='ocrx_word' id='word_1_387' title='bbox 1832 4248 1924 4301; x_wconf 81' lang='grc' dir='ltr'>καὶ</span> 
     </span>
    </p>
   </div>
   <div class='ocr_carea' id='block_1_63' title="bbox 277 4328 1922 4410">
    <p class='ocr_par' dir='ltr' id='par_1_63' title="bbox 277 4328 1922 4410">
     <span class='ocr_line' id='line_1_63' title="bbox 277 4328 1922 4410; baseline 0.001 -20"><span class='ocrx_word' id='word_1_388' title='bbox 277 4334 459 4391; x_wconf 72' lang='grc' dir='ltr'>πολλὰ</span> <span class='ocrx_word' id='word_1_389' title='bbox 488 4334 619 4410; x_wconf 74' lang='grc' dir='ltr'>ὑπὲρ</span> <span class='ocrx_word' id='word_1_390' title='bbox 656 4341 761 4404; x_wconf 80' lang='grc' dir='ltr'>τῆς</span> <span class='ocrx_word' id='word_1_391' title='bbox 810 4328 1080 4395; x_wconf 71' lang='grc' dir='ltr'>εὐσεϐείας</span> <span class='ocrx_word' id='word_1_392' title='bbox 1129 4331 1556 4407; x_wconf 81' lang='grc' dir='ltr'>ἀγωνισάμενος,</span> <span class='ocrx_word' id='word_1_393' title='bbox 1604 4330 1922 4404; x_wconf 74' lang='grc' dir='ltr'>ὶτελειώθη.</span> 
     </span>
    </p>
   </div>
   <div class='ocr_carea' id='block_1_64' title="bbox 830 4446 1366 4502">
    <p class='ocr_par' dir='ltr' id='par_1_64' title="bbox 830 4446 1366 4502">
     <span class='ocr_line' id='line_1_64' title="bbox 830 4446 1366 4502; baseline -0.002 0"><span class='ocrx_word' id='word_1_394' title='bbox 830 4446 1014 4502; x_wconf 84' lang='grc' dir='ltr'>ΜΙΙΝΙ</span> <span class='ocrx_word' id='word_1_395' title='bbox 1051 4448 1135 4498; x_wconf 90' lang='grc' dir='ltr'>ΤΩ</span> <span class='ocrx_word' id='word_1_396' title='bbox 1173 4447 1366 4501; x_wconf 83' lang='grc' dir='ltr'>ΑΥΤΩ.</span> 
     </span>
    </p>
   </div>
   <div class='ocr_carea' id='block_1_65' title="bbox 1070 4550 1121 4600">
    <p class='ocr_par' dir='ltr' id='par_1_65' title="bbox 1070 4550 1121 4600">
     <span class='ocr_line' id='line_1_65' title="bbox 1070 4550 1121 4600; baseline 0 -30"><span class='ocrx_word' id='word_1_397' title='bbox 1070 4550 1121 4600; x_wconf 70' lang='grc' dir='ltr'>Γ,</span> 
     </span>
    </p>
   </div>
   <div class='ocr_carea' id='block_1_66' title="bbox 278 4644 1921 4772">
    <p class='ocr_par' dir='ltr' id='par_1_66' title="bbox 278 4644 1921 4772">
     <span class='ocr_line' id='line_1_66' title="bbox 278 4644 1921 4772; baseline -0.002 -66"><span class='ocrx_word' id='word_1_398' title='bbox 278 4647 540 4719; x_wconf 69' lang='grc' dir='ltr'>¹¹Αθλησις</span> <span class='ocrx_word' id='word_1_399' title='bbox 624 4650 735 4702; x_wconf 91' lang='grc' dir='ltr'>τῶν</span> <span class='ocrx_word' id='word_1_400' title='bbox 818 4644 1024 4772; x_wconf 75' lang='grc' dir='ltr'>ἁγίωνΜ</span> <span class='ocrx_word' id='word_1_401' title='bbox 1075 4644 1380 4737; x_wconf 50' lang='grc' dir='ltr'>’μαρτύρων</span> <span class='ocrx_word' id='word_1_402' title='bbox 1484 4646 1753 4720; x_wconf 87' lang='grc' dir='ltr'>Τιμοθέου</span> <span class='ocrx_word' id='word_1_403' title='bbox 1832 4647 1921 4702; x_wconf 84' lang='grc' dir='ltr'>καὶ</span> 
     </span>
     <span class='ocr_line' id='line_1_67' title="bbox 640 4736 1217 4772; baseline 0.003 -2"><span class='ocrx_word' id='word_1_404' title='bbox 640 4742 643 4743; x_wconf 51' lang='grc' dir='ltr'>ν</span> <span class='ocrx_word' id='word_1_405' title='bbox 1030 4736 1217 4772; x_wconf 79' lang='grc' dir='ltr'>αυρας.</span> 
     </span>
    </p>
   </div>
   <div class='ocr_carea' id='block_1_67' title="bbox 640 4736 1217 4792">
    <p class='ocr_par' dir='ltr' id='par_1_67' title="bbox 640 4736 1217 4792">
     <span class='ocr_line' id='line_1_68' title="bbox 640 4736 1217 4792; baseline 0.002 -20"><span class='ocrx_word' id='word_1_406' title='bbox 640 4742 643 4743; x_wconf 67' lang='grc'><strong><em>⁷</em></strong></span> <span class='ocrx_word' id='word_1_407' title='bbox 974 4736 1217 4792; x_wconf 74' lang='grc' dir='ltr'>Μαυρας.</span> 
     </span>
    </p>
   </div>
   <div class='ocr_carea' id='block_1_68' title="bbox 345 4824 1920 4901">
    <p class='ocr_par' dir='ltr' id='par_1_68' title="bbox 345 4824 1920 4901">
     <span class='ocr_line' id='line_1_69' title="bbox 345 4824 1920 4901; baseline -0.001 -19"><span class='ocrx_word' id='word_1_408' title='bbox 345 4828 631 4899; x_wconf 83' lang='grc' dir='ltr'>Τιμόθεος,</span> <span class='ocrx_word' id='word_1_409' title='bbox 666 4826 819 4881; x_wconf 77' lang='grc' dir='ltr'>ὁτοῦ</span> <span class='ocrx_word' id='word_1_410' title='bbox 874 4826 1114 4901; x_wconf 73' lang='grc' dir='ltr'>Χριστοῦ</span> <span class='ocrx_word' id='word_1_411' title='bbox 1142 4824 1365 4899; x_wconf 76' lang='grc' dir='ltr'>μάρτυς,</span> <span class='ocrx_word' id='word_1_412' title='bbox 1420 4825 1486 4893; x_wconf 78' lang='grc' dir='ltr'>ἦν</span> <span class='ocrx_word' id='word_1_413' title='bbox 1533 4824 1626 4899; x_wconf 71' lang='grc' dir='ltr'>μὶν</span> <span class='ocrx_word' id='word_1_414' title='bbox 1683 4826 1920 4901; x_wconf 82' lang='grc' dir='ltr'>ἀναγνώ-</span> 
     </span>
    </p>
   </div>
   <div class='ocr_carea' id='block_1_69' title="bbox 282 4910 1921 4989">
    <p class='ocr_par' dir='ltr' id='par_1_69' title="bbox 282 4910 1921 4989">
     <span class='ocr_line' id='line_1_70' title="bbox 282 4910 1921 4989; baseline 0 -19"><span class='ocrx_word' id='word_1_415' title='bbox 282 4935 406 4985; x_wconf 87' lang='grc' dir='ltr'>στης</span> <span class='ocrx_word' id='word_1_416' title='bbox 439 4922 539 4985; x_wconf 80' lang='grc' dir='ltr'>τῆς</span> <span class='ocrx_word' id='word_1_417' title='bbox 583 4914 886 4989; x_wconf 69' lang='grc' dir='ltr'>ἁγιωτάτης</span> <span class='ocrx_word' id='word_1_418' title='bbox 940 4917 1037 4969; x_wconf 76' lang='grc' dir='ltr'>τοῦ</span> <span class='ocrx_word' id='word_1_419' title='bbox 1090 4917 1224 4969; x_wconf 76' lang='grc' dir='ltr'>Θεοῦ</span> <span class='ocrx_word' id='word_1_420' title='bbox 1276 4910 1591 4983; x_wconf 79' lang='grc' dir='ltr'>ἐκκλησίας·</span> <span class='ocrx_word' id='word_1_421' title='bbox 1649 4914 1806 4987; x_wconf 90' lang='grc' dir='ltr'>νόμῳ</span> <span class='ocrx_word' id='word_1_422' title='bbox 1864 4912 1921 4970; x_wconf 69' lang='grc' dir='ltr'>δὶ</span> 
     </span>
    </p>
   </div>
   <div class='ocr_carea' id='block_1_70' title="bbox 278 4997 1920 5079">
    <p class='ocr_par' dir='ltr' id='par_1_70' title="bbox 278 4997 1920 5079">
     <span class='ocr_line' id='line_1_71' title="bbox 278 4997 1920 5079; baseline 0.001 -21"><span class='ocrx_word' id='word_1_423' title='bbox 278 5004 451 5078; x_wconf 66' lang='grc' dir='ltr'>γάμου</span> <span class='ocrx_word' id='word_1_424' title='bbox 515 5006 619 5074; x_wconf 75' lang='grc' dir='ltr'>τὴν</span> <span class='ocrx_word' id='word_1_425' title='bbox 679 5006 904 5079; x_wconf 83' lang='grc' dir='ltr'>Μαῦραν</span> <span class='ocrx_word' id='word_1_426' title='bbox 957 5002 1034 5065; x_wconf 78' lang='grc' dir='ltr'>εἱς</span> <span class='ocrx_word' id='word_1_427' title='bbox 1113 5006 1341 5078; x_wconf 84' lang='grc' dir='ltr'>γυναῖκα</span> <span class='ocrx_word' id='word_1_428' title='bbox 1417 4997 1626 5074; x_wconf 84' lang='grc' dir='ltr'>λαϐὼν,</span> <span class='ocrx_word' id='word_1_429' title='bbox 1697 5006 1920 5078; x_wconf 79' lang='grc' dir='ltr'>ἡμερῶν</span> 
     </span>
    </p>
   </div>
   <div class='ocr_carea' id='block_1_71' title="bbox 284 5093 1918 5171">
    <p class='ocr_par' dir='ltr' id='par_1_71' title="bbox 284 5093 1918 5171">
     <span class='ocr_line' id='line_1_72' title="bbox 284 5093 1918 5171; baseline 0 -22"><span class='ocrx_word' id='word_1_430' title='bbox 284 5094 445 5151; x_wconf 86' lang='grc' dir='ltr'>ε”κοσι</span> <span class='ocrx_word' id='word_1_431' title='bbox 483 5098 559 5169; x_wconf 80' lang='grc' dir='ltr'>μή</span> <span class='ocrx_word' id='word_1_432' title='bbox 592 5093 1007 5171; x_wconf 80' lang='grc' dir='ltr'>παρελθουσῶν,</span> <span class='ocrx_word' id='word_1_433' title='bbox 1044 5094 1314 5170; x_wconf 69' lang='grc' dir='ltr'>ἐκρατήθη</span> <span class='ocrx_word' id='word_1_434' title='bbox 1347 5095 1493 5167; x_wconf 81' lang='grc' dir='ltr'>παρὰ</span> <span class='ocrx_word' id='word_1_435' title='bbox 1530 5098 1634 5149; x_wconf 84' lang='grc' dir='ltr'>τῶν</span> <span class='ocrx_word' id='word_1_436' title='bbox 1690 5094 1918 5150; x_wconf 72' lang='grc' dir='ltr'>εἰδωλο-</span> 
     </span>
    </p>
   </div>
   <div class='ocr_carea' id='block_1_72' title="bbox 280 5182 1918 5260">
    <p class='ocr_par' dir='ltr' id='par_1_72' title="bbox 280 5182 1918 5260">
     <span class='ocr_line' id='line_1_73' title="bbox 280 5182 1918 5260; baseline 0 -21"><span class='ocrx_word' id='word_1_437' title='bbox 280 5182 511 5260; x_wconf 83' lang='grc' dir='ltr'>λατρῶν·</span> <span class='ocrx_word' id='word_1_438' title='bbox 559 5187 648 5241; x_wconf 86' lang='grc' dir='ltr'>καὶ</span> <span class='ocrx_word' id='word_1_439' title='bbox 690 5182 882 5252; x_wconf 81' lang='grc' dir='ltr'>δεθεὶς,</span> <span class='ocrx_word' id='word_1_440' title='bbox 929 5184 1082 5259; x_wconf 79' lang='grc' dir='ltr'>ἢχθη</span> <span class='ocrx_word' id='word_1_441' title='bbox 1126 5183 1267 5259; x_wconf 84' lang='grc' dir='ltr'>πρὸς</span> <span class='ocrx_word' id='word_1_442' title='bbox 1315 5182 1593 5260; x_wconf 77' lang='grc' dir='ltr'>Ἀῥριανὸν</span> <span class='ocrx_word' id='word_1_443' title='bbox 1650 5183 1742 5240; x_wconf 87' lang='grc' dir='ltr'>τὸν</span> <span class='ocrx_word' id='word_1_444' title='bbox 1790 5185 1918 5258; x_wconf 79' lang='grc' dir='ltr'>ἠγε-</span> 
     </span>
    </p>
   </div>
   <div class='ocr_carea' id='block_1_73' title="bbox 281 5268 1917 5348">
    <p class='ocr_par' dir='ltr' id='par_1_73' title="bbox 281 5268 1917 5348">
     <span class='ocr_line' id='line_1_74' title="bbox 281 5268 1917 5348; baseline 0.001 -21"><span class='ocrx_word' id='word_1_445' title='bbox 281 5274 413 5347; x_wconf 84' lang='grc' dir='ltr'>μόνα</span> <span class='ocrx_word' id='word_1_446' title='bbox 470 5269 765 5345; x_wconf 79' lang='grc' dir='ltr'>Θηϐαΐδος,</span> <span class='ocrx_word' id='word_1_447' title='bbox 822 5274 912 5329; x_wconf 86' lang='grc' dir='ltr'>καὶ</span> <span class='ocrx_word' id='word_1_448' title='bbox 965 5268 1242 5346; x_wconf 77' lang='grc' dir='ltr'>παρεδόθη</span> <span class='ocrx_word' id='word_1_449' title='bbox 1323 5271 1488 5343; x_wconf 82' lang='grc' dir='ltr'>αὐτῷ.</span> <span class='ocrx_word' id='word_1_450' title='bbox 1567 5272 1701 5328; x_wconf 91' lang='grc' dir='ltr'>Τότε</span> <span class='ocrx_word' id='word_1_451' title='bbox 1771 5270 1917 5348; x_wconf 77' lang='grc' dir='ltr'>λέγει</span> 
     </span>
    </p>
   </div>
   <div class='ocr_carea' id='block_1_74' title="bbox 274 5356 1917 5437">
    <p class='ocr_par' dir='ltr' id='par_1_74' title="bbox 274 5356 1917 5437">
     <span class='ocr_line' id='line_1_75' title="bbox 274 5356 1917 5437; baseline -0.001 -20"><span class='ocrx_word' id='word_1_452' title='bbox 274 5362 435 5435; x_wconf 76' lang='grc' dir='ltr'>αὐτῷ’</span> <span class='ocrx_word' id='word_1_453' title='bbox 496 5365 637 5436; x_wconf 71' lang='grc' dir='ltr'>Φέρε</span> <span class='ocrx_word' id='word_1_454' title='bbox 692 5364 786 5424; x_wconf 75' lang='grc' dir='ltr'>τὰς</span> <span class='ocrx_word' id='word_1_455' title='bbox 845 5356 1075 5437; x_wconf 76' lang='grc' dir='ltr'>βίϐλους</span> <span class='ocrx_word' id='word_1_456' title='bbox 1136 5380 1255 5429; x_wconf 87' lang='grc' dir='ltr'>σου,</span> <span class='ocrx_word' id='word_1_457' title='bbox 1312 5360 1403 5414; x_wconf 86' lang='grc' dir='ltr'>καὶ</span> <span class='ocrx_word' id='word_1_458' title='bbox 1474 5363 1676 5416; x_wconf 81' lang='grc' dir='ltr'>καῦσον</span> <span class='ocrx_word' id='word_1_459' title='bbox 1754 5361 1917 5425; x_wconf 78' lang='grc' dir='ltr'>αὐτὸς</span> 
     </span>
    </p>
   </div>
   <div class='ocr_carea' id='block_1_75' title="bbox 277 5447 1918 5527">
    <p class='ocr_par' dir='ltr' id='par_1_75' title="bbox 277 5447 1918 5527">
     <span class='ocr_line' id='line_1_76' title="bbox 277 5447 1918 5527; baseline 0 -20"><span class='ocrx_word' id='word_1_460' title='bbox 277 5449 577 5527; x_wconf 72' lang='grc' dir='ltr'>ἔμπροσθέν</span> <span class='ocrx_word' id='word_1_461' title='bbox 614 5472 740 5525; x_wconf 89' lang='grc' dir='ltr'>μου.</span> <span class='ocrx_word' id='word_1_462' title='bbox 782 5453 888 5505; x_wconf 84' lang='grc' dir='ltr'><strong>Τοῦ</strong></span> <span class='ocrx_word' id='word_1_463' title='bbox 938 5447 995 5504; x_wconf 71' lang='grc' dir='ltr'>δὲ</span> <span class='ocrx_word' id='word_1_464' title='bbox 1053 5448 1209 5523; x_wconf 80' lang='grc' dir='ltr'>ἁγίου</span> <span class='ocrx_word' id='word_1_465' title='bbox 1261 5448 1338 5521; x_wconf 84' lang='grc' dir='ltr'>μή</span> <span class='ocrx_word' id='word_1_466' title='bbox 1397 5447 1705 5513; x_wconf 77' lang='grc' dir='ltr'>πεισθέντος</span> <span class='ocrx_word' id='word_1_467' title='bbox 1756 5454 1918 5507; x_wconf 78' lang='grc' dir='ltr'>τοῦτο</span> 
     </span>
    </p>
   </div>
   <div class='ocr_carea' id='block_1_76' title="bbox 274 5532 1918 5616">
    <p class='ocr_par' dir='ltr' id='par_1_76' title="bbox 274 5532 1918 5616">
     <span class='ocr_line' id='line_1_77' title="bbox 274 5532 1918 5616; baseline -0.002 -17"><span class='ocrx_word' id='word_1_468' title='bbox 274 5551 520 5613; x_wconf 77' lang='grc' dir='ltr'>ποιῆσαι,</span> <span class='ocrx_word' id='word_1_469' title='bbox 577 5539 771 5616; x_wconf 81' lang='grc' dir='ltr'>σίδηρα</span> <span class='ocrx_word' id='word_1_470' title='bbox 827 5537 1192 5615; x_wconf 81' lang='grc' dir='ltr'>πεπυρωμένα</span> <span class='ocrx_word' id='word_1_471' title='bbox 1239 5532 1489 5594; x_wconf 70' lang='grc' dir='ltr'>ἰνόϐαλεν</span> <span class='ocrx_word' id='word_1_472' title='bbox 1540 5538 1617 5602; x_wconf 70' lang='grc' dir='ltr'>εἷς</span> <span class='ocrx_word' id='word_1_473' title='bbox 1678 5540 1747 5595; x_wconf 72' lang='grc' dir='ltr'>τα</span> <span class='ocrx_word' id='word_1_474' title='bbox 1802 5540 1918 5597; x_wconf 82' lang='grc' dir='ltr'>ὦτα</span> 
     </span>
    </p>
   </div>
   <div class='ocr_carea' id='block_1_77' title="bbox 275 5626 1916 5706">
    <p class='ocr_par' dir='ltr' id='par_1_77' title="bbox 275 5626 1916 5706">
     <span class='ocr_line' id='line_1_78' title="bbox 275 5626 1916 5706; baseline -0.001 -17"><span class='ocrx_word' id='word_1_475' title='bbox 275 5633 451 5689; x_wconf 71' lang='grc' dir='ltr'>αὐτοῦ·</span> <span class='ocrx_word' id='word_1_476' title='bbox 509 5632 603 5688; x_wconf 79' lang='grc' dir='ltr'>καὶ</span> <span class='ocrx_word' id='word_1_477' title='bbox 676 5629 978 5704; x_wconf 86' lang='grc' dir='ltr'>παραυτίκα</span> <span class='ocrx_word' id='word_1_478' title='bbox 1052 5630 1108 5684; x_wconf 76' lang='grc' dir='ltr'>αἱ</span> <span class='ocrx_word' id='word_1_479' title='bbox 1180 5632 1288 5684; x_wconf 86' lang='grc' dir='ltr'>τῶν</span> <span class='ocrx_word' id='word_1_480' title='bbox 1367 5626 1663 5706; x_wconf 75' lang='grc' dir='ltr'>ὀφθαλμῶν</span> <span class='ocrx_word' id='word_1_481' title='bbox 1753 5629 1916 5687; x_wconf 75' lang='grc' dir='ltr'>αὐτοῦ</span> 
     </span>
    </p>
   </div>
   <div class='ocr_carea' id='block_1_78' title="bbox 274 5714 1913 5799">
    <p class='ocr_par' dir='ltr' id='par_1_78' title="bbox 274 5714 1913 5799">
     <span class='ocr_line' id='line_1_79' title="bbox 274 5714 1913 5799; baseline -0.002 -20"><span class='ocrx_word' id='word_1_482' title='bbox 274 5719 425 5799; x_wconf 78' lang='grc' dir='ltr'>κόραι</span> <span class='ocrx_word' id='word_1_483' title='bbox 485 5720 757 5795; x_wconf 68' lang='grc' dir='ltr'>ἕξέπεσον.</span> <span class='ocrx_word' id='word_1_484' title='bbox 816 5719 942 5777; x_wconf 77' lang='grc' dir='ltr'>Εἶτα</span> <span class='ocrx_word' id='word_1_485' title='bbox 1007 5714 1281 5792; x_wconf 82' lang='grc' dir='ltr'>δεσμεῖται</span> <span class='ocrx_word' id='word_1_486' title='bbox 1338 5716 1426 5774; x_wconf 68' lang='grc' dir='ltr'>ἃπὶ</span> <span class='ocrx_word' id='word_1_487' title='bbox 1502 5719 1710 5794; x_wconf 80' lang='grc' dir='ltr'>τροχοῦ</span> <span class='ocrx_word' id='word_1_488' title='bbox 1784 5718 1913 5784; x_wconf 80' lang='grc' dir='ltr'>τοὺς</span> 
     </span>
    </p>
   </div>
   <div class='ocr_carea' id='block_1_79' title="bbox 2040 1970 3688 2045">
    <p class='ocr_par' dir='ltr' id='par_1_79' title="bbox 2040 1970 3688 2045">
     <span class='ocr_line' id='line_1_80' title="bbox 2040 1970 3688 2045; baseline 0.003 -21"><span class='ocrx_word' id='word_1_489' title='bbox 2040 1986 2162 2025; x_wconf 90' lang='lat' dir='ltr'>non</span> <span class='ocrx_word' id='word_1_490' title='bbox 2191 1970 2319 2036; x_wconf 83' lang='lat' dir='ltr'>tibi,</span> <span class='ocrx_word' id='word_1_491' title='bbox 2343 1972 2447 2028; x_wconf 88' lang='lat' dir='ltr'>sed</span> <span class='ocrx_word' id='word_1_492' title='bbox 2477 1972 2567 2027; x_wconf 89' lang='lat' dir='ltr'>illi</span> <span class='ocrx_word' id='word_1_493' title='bbox 2597 1974 2940 2030; x_wconf 88' lang='lat' dir='ltr'>serviemus.</span> <span class='ocrx_word' id='word_1_494' title='bbox 2989 1973 3426 2045; x_wconf 87' lang='lat' dir='ltr'>Obstupeseens</span> <span class='ocrx_word' id='word_1_495' title='bbox 3457 1974 3531 2030; x_wconf 89' lang='lat' dir='ltr'>ad</span> <span class='ocrx_word' id='word_1_496' title='bbox 3559 1974 3688 2029; x_wconf 80' lang='lat' dir='ltr'>haec</span> 
     </span>
    </p>
   </div>
   <div class='ocr_carea' id='block_1_80' title="bbox 2040 2059 3682 2136">
    <p class='ocr_par' dir='ltr' id='par_1_80' title="bbox 2040 2059 3682 2136">
     <span class='ocr_line' id='line_1_81' title="bbox 2040 2059 3682 2136; baseline 0.003 -21"><span class='ocrx_word' id='word_1_497' title='bbox 2040 2059 2321 2117; x_wconf 91' lang='lat' dir='ltr'>dominus</span> <span class='ocrx_word' id='word_1_498' title='bbox 2350 2062 2611 2129; x_wconf 88' lang='lat' dir='ltr'>illorum,</span> <span class='ocrx_word' id='word_1_499' title='bbox 2641 2069 2781 2120; x_wconf 83' lang='lat' dir='ltr'>tunc</span> <span class='ocrx_word' id='word_1_500' title='bbox 2812 2064 3053 2136; x_wconf 90' lang='lat' dir='ltr'>quidem</span> <span class='ocrx_word' id='word_1_501' title='bbox 3093 2064 3230 2120; x_wconf 90' lang='lat' dir='ltr'>illos</span> <span class='ocrx_word' id='word_1_502' title='bbox 3259 2062 3334 2120; x_wconf 89' lang='lat' dir='ltr'>ad</span> <span class='ocrx_word' id='word_1_503' title='bbox 3356 2064 3682 2136; x_wconf 89' lang='lat' dir='ltr'>Hesperum</span> 
     </span>
    </p>
   </div>
   <div class='ocr_carea' id='block_1_81' title="bbox 2040 2152 3683 2221">
    <p class='ocr_par' dir='ltr' id='par_1_81' title="bbox 2040 2152 3683 2221">
     <span class='ocr_line' id='line_1_82' title="bbox 2040 2152 3683 2221; baseline 0.004 -17"><span class='ocrx_word' id='word_1_504' title='bbox 2040 2156 2269 2221; x_wconf 86' lang='lat' dir='ltr'>patrem</span> <span class='ocrx_word' id='word_1_505' title='bbox 2322 2152 2488 2207; x_wconf 89' lang='lat' dir='ltr'>misit</span> <span class='ocrx_word' id='word_1_506' title='bbox 2520 2194 2534 2220; x_wconf 92' lang='lat'>,</span> <span class='ocrx_word' id='word_1_507' title='bbox 2576 2153 2670 2208; x_wconf 80' lang='lat'>8|</span> <span class='ocrx_word' id='word_1_508' title='bbox 2710 2154 2771 2208; x_wconf 91' lang='lat' dir='ltr'>in</span> <span class='ocrx_word' id='word_1_509' title='bbox 2819 2153 3079 2208; x_wconf 87' lang='lat' dir='ltr'>Tritonio</span> <span class='ocrx_word' id='word_1_510' title='bbox 3122 2153 3268 2208; x_wconf 85' lang='lat' dir='ltr'>urbe</span> <span class='ocrx_word' id='word_1_511' title='bbox 3305 2159 3683 2210; x_wconf 84' lang='lat' dir='ltr'>versantem:</span> 
     </span>
    </p>
   </div>
   <div class='ocr_carea' id='block_1_82' title="bbox 2037 2244 3689 2314">
    <p class='ocr_par' dir='ltr' id='par_1_82' title="bbox 2037 2244 3689 2314">
     <span class='ocr_line' id='line_1_83' title="bbox 2037 2244 3689 2314; baseline 0.002 -20"><span class='ocrx_word' id='word_1_512' title='bbox 2037 2244 2246 2310; x_wconf 88' lang='lat' dir='ltr'>postea</span> <span class='ocrx_word' id='word_1_513' title='bbox 2260 2256 2398 2295; x_wconf 87' lang='lat' dir='ltr'>vero</span> <span class='ocrx_word' id='word_1_514' title='bbox 2421 2246 2650 2313; x_wconf 89' lang='lat' dir='ltr'>patrem</span> <span class='ocrx_word' id='word_1_515' title='bbox 2673 2247 3045 2314; x_wconf 87' lang='lat' dir='ltr'>matremque</span> <span class='ocrx_word' id='word_1_516' title='bbox 3068 2258 3399 2311; x_wconf 86' lang='lat' dir='ltr'>accersens,</span> <span class='ocrx_word' id='word_1_517' title='bbox 3424 2244 3689 2313; x_wconf 88' lang='lat' dir='ltr'>torqueri</span> 
     </span>
    </p>
   </div>
   <div class='ocr_carea' id='block_1_83' title="bbox 2039 2327 3689 2405">
    <p class='ocr_par' dir='ltr' id='par_1_83' title="bbox 2039 2327 3689 2405">
     <span class='ocr_line' id='line_1_84' title="bbox 2039 2327 3689 2405; baseline 0.003 -24"><span class='ocrx_word' id='word_1_518' title='bbox 2039 2327 2173 2384; x_wconf 90' lang='lat' dir='ltr'>illos</span> <span class='ocrx_word' id='word_1_519' title='bbox 2186 2329 2402 2400; x_wconf 88' lang='lat' dir='ltr'>jussit:</span> <span class='ocrx_word' id='word_1_520' title='bbox 2429 2329 2669 2386; x_wconf 91' lang='lat' dir='ltr'>demum</span> <span class='ocrx_word' id='word_1_521' title='bbox 2701 2332 2762 2386; x_wconf 91' lang='lat' dir='ltr'>in</span> <span class='ocrx_word' id='word_1_522' title='bbox 2790 2330 3093 2387; x_wconf 82' lang='lat' dir='ltr'>fornacem</span> <span class='ocrx_word' id='word_1_523' title='bbox 3123 2347 3437 2388; x_wconf 87' lang='lat' dir='ltr'>accensam</span> <span class='ocrx_word' id='word_1_524' title='bbox 3460 2331 3689 2405; x_wconf 88' lang='lat' dir='ltr'>injecit,</span> 
     </span>
    </p>
   </div>
   <div class='ocr_carea' id='block_1_84' title="bbox 2037 2416 2794 2491">
    <p class='ocr_par' dir='ltr' id='par_1_84' title="bbox 2037 2416 2794 2491">
     <span class='ocr_line' id='line_1_85' title="bbox 2037 2416 2794 2491; baseline 0.007 -18"><span class='ocrx_word' id='word_1_525' title='bbox 2037 2416 2417 2491; x_wconf 84' lang='lat' dir='ltr'>ﬂammisque</span> <span class='ocrx_word' id='word_1_526' title='bbox 2447 2420 2794 2478; x_wconf 89' lang='lat' dir='ltr'>combussit.</span> 
     </span>
    </p>
   </div>
   <div class='ocr_carea' id='block_1_85' title="bbox 2034 2636 3689 2711">
    <p class='ocr_par' dir='ltr' id='par_1_85' title="bbox 2034 2636 3689 2711">
     <span class='ocr_line' id='line_1_86' title="bbox 2034 2636 3689 2711; baseline 0.001 -20"><span class='ocrx_word' id='word_1_527' title='bbox 2034 2636 2106 2691; x_wconf 85' lang='lat' dir='ltr'><strong>Et</strong></span> <span class='ocrx_word' id='word_1_528' title='bbox 2136 2637 2399 2692; x_wconf 81' lang='lat' dir='ltr'>dormitio</span> <span class='ocrx_word' id='word_1_529' title='bbox 2427 2640 2607 2693; x_wconf 78' lang='lat' dir='ltr'>sancti</span> <span class='ocrx_word' id='word_1_530' title='bbox 2628 2639 2811 2711; x_wconf 74' lang='lat' dir='ltr'>Patris</span> <span class='ocrx_word' id='word_1_531' title='bbox 2865 2640 3040 2711; x_wconf 79' lang='lat' dir='ltr'>nostri</span> <span class='ocrx_word' id='word_1_532' title='bbox 3096 2639 3411 2706; x_wconf 80' lang='lat' dir='ltr'>Athanasii,</span> <span class='ocrx_word' id='word_1_533' title='bbox 3444 2637 3689 2711; x_wconf 79' lang='lat' dir='ltr'>episcOpi</span> 
     </span>
    </p>
   </div>
   <div class='ocr_carea' id='block_1_86' title="bbox 2664 2709 3052 2764">
    <p class='ocr_par' dir='ltr' id='par_1_86' title="bbox 2664 2709 3052 2764">
     <span class='ocr_line' id='line_1_87' title="bbox 2664 2709 3052 2764; baseline 0.003 -1"><span class='ocrx_word' id='word_1_534' title='bbox 2664 2711 2700 2763; x_wconf 87' lang='lat' dir='ltr'><strong><em>A</em></strong></span> <span class='ocrx_word' id='word_1_535' title='bbox 2714 2709 3014 2764; x_wconf 72' lang='lat' dir='ltr'>Iexandriaz</span> <span class='ocrx_word' id='word_1_536' title='bbox 3037 2750 3052 2764; x_wconf 91' lang='lat'>.</span> 
     </span>
    </p>
   </div>
   <div class='ocr_carea' id='block_1_87' title="bbox 2105 2813 3681 2873">
    <p class='ocr_par' dir='ltr' id='par_1_87' title="bbox 2105 2813 3681 2873">
     <span class='ocr_line' id='line_1_88' title="bbox 2105 2813 3681 2873; baseline 0.003 -6"><span class='ocrx_word' id='word_1_537' title='bbox 2105 2813 2351 2870; x_wconf 85' lang='lat' dir='ltr'>Sanctus</span> <span class='ocrx_word' id='word_1_538' title='bbox 2382 2816 2555 2869; x_wconf 91' lang='lat' dir='ltr'>Pater</span> <span class='ocrx_word' id='word_1_539' title='bbox 2574 2820 2777 2869; x_wconf 89' lang='lat' dir='ltr'>noster</span> <span class='ocrx_word' id='word_1_540' title='bbox 2799 2816 3160 2870; x_wconf 87' lang='lat' dir='ltr'>Athanasius</span> <span class='ocrx_word' id='word_1_541' title='bbox 3187 2832 3257 2871; x_wconf 93' lang='lat' dir='ltr'>ex</span> <span class='ocrx_word' id='word_1_542' title='bbox 3270 2817 3414 2872; x_wconf 92' lang='lat' dir='ltr'>urbe</span> <span class='ocrx_word' id='word_1_543' title='bbox 3428 2817 3681 2873; x_wconf 84' lang='lat' dir='ltr'>Alexan-</span> 
     </span>
    </p>
   </div>
   <div class='ocr_carea' id='block_1_88' title="bbox 2033 2901 3683 2979">
    <p class='ocr_par' dir='ltr' id='par_1_88' title="bbox 2033 2901 3683 2979">
     <span class='ocr_line' id='line_1_89' title="bbox 2033 2901 3683 2979; baseline 0.003 -23"><span class='ocrx_word' id='word_1_544' title='bbox 2033 2901 2162 2957; x_wconf 91' lang='lat' dir='ltr'>dria</span> <span class='ocrx_word' id='word_1_545' title='bbox 2192 2902 2502 2970; x_wconf 90' lang='lat' dir='ltr'>oriundus,</span> <span class='ocrx_word' id='word_1_546' title='bbox 2548 2903 2980 2974; x_wconf 89' lang='lat' dir='ltr'>imperantibus</span> <span class='ocrx_word' id='word_1_547' title='bbox 3033 2905 3420 2959; x_wconf 87' lang='lat' dir='ltr'>Constantino</span> <span class='ocrx_word' id='word_1_548' title='bbox 3452 2908 3683 2979; x_wconf 79' lang='lat' dir='ltr'>Magno,</span> 
     </span>
    </p>
   </div>
   <div class='ocr_carea' id='block_1_89' title="bbox 2033 2990 3679 3065">
    <p class='ocr_par' dir='ltr' id='par_1_89' title="bbox 2033 2990 3679 3065">
     <span class='ocr_line' id='line_1_90' title="bbox 2033 2990 3679 3065; baseline 0.004 -21"><span class='ocrx_word' id='word_1_549' title='bbox 2033 2990 2280 3062; x_wconf 88' lang='lat' dir='ltr'>ejusque</span> <span class='ocrx_word' id='word_1_550' title='bbox 2306 2991 2429 3047; x_wconf 78' lang='lat' dir='ltr'>ﬁlio</span> <span class='ocrx_word' id='word_1_551' title='bbox 2460 2993 2805 3048; x_wconf 85' lang='lat' dir='ltr'>Constantio</span> <span class='ocrx_word' id='word_1_552' title='bbox 2838 2992 3051 3049; x_wconf 84' lang='lat' dir='ltr'>ﬂorait.</span> <span class='ocrx_word' id='word_1_553' title='bbox 3080 2997 3126 3048; x_wconf 83' lang='grc' dir='ltr'><strong>Α</strong></span> <span class='ocrx_word' id='word_1_554' title='bbox 3158 3010 3340 3065; x_wconf 89' lang='lat' dir='ltr'>puero</span> <span class='ocrx_word' id='word_1_555' title='bbox 3372 2996 3558 3049; x_wconf 90' lang='lat' dir='ltr'>Deum</span> <span class='ocrx_word' id='word_1_556' title='bbox 3592 2995 3679 3050; x_wconf 88' lang='lat' dir='ltr'>di-</span> 
     </span>
    </p>
   </div>
   <div class='ocr_carea' id='block_1_90' title="bbox 2031 3078 3678 3152">
    <p class='ocr_par' dir='ltr' id='par_1_90' title="bbox 2031 3078 3678 3152">
     <span class='ocr_line' id='line_1_91' title="bbox 2031 3078 3678 3152; baseline 0.002 -18"><span class='ocrx_word' id='word_1_557' title='bbox 2031 3078 2194 3148; x_wconf 89' lang='lat' dir='ltr'>lexit,</span> <span class='ocrx_word' id='word_1_558' title='bbox 2246 3080 2635 3152; x_wconf 90' lang='lat' dir='ltr'>ordinemque</span> <span class='ocrx_word' id='word_1_559' title='bbox 2678 3081 3145 3137; x_wconf 88' lang='lat' dir='ltr'>ecclesiasticum</span> <span class='ocrx_word' id='word_1_560' title='bbox 3177 3083 3397 3138; x_wconf 90' lang='lat' dir='ltr'>imitari</span> <span class='ocrx_word' id='word_1_561' title='bbox 3431 3084 3678 3139; x_wconf 90' lang='lat' dir='ltr'>studuit.</span> 
     </span>
    </p>
   </div>
   <div class='ocr_carea' id='block_1_91' title="bbox 2034 3170 3680 3240">
    <p class='ocr_par' dir='ltr' id='par_1_91' title="bbox 2034 3170 3680 3240">
     <span class='ocr_line' id='line_1_92' title="bbox 2034 3170 3680 3240; baseline 0.003 -17"><span class='ocrx_word' id='word_1_562' title='bbox 2034 3170 2178 3224; x_wconf 85' lang='lat' dir='ltr'>Nam</span> <span class='ocrx_word' id='word_1_563' title='bbox 2194 3186 2341 3240; x_wconf 88' lang='lat' dir='ltr'>puer</span> <span class='ocrx_word' id='word_1_564' title='bbox 2370 3187 2502 3225; x_wconf 89' lang='lat' dir='ltr'>cum</span> <span class='ocrx_word' id='word_1_565' title='bbox 2518 3176 2694 3235; x_wconf 88' lang='lat' dir='ltr'>esset,</span> <span class='ocrx_word' id='word_1_566' title='bbox 2726 3177 3057 3227; x_wconf 65' lang='lat' dir='ltr'>coaetaneos</span> <span class='ocrx_word' id='word_1_567' title='bbox 3080 3188 3415 3237; x_wconf 86' lang='lat' dir='ltr'>assumens,</span> <span class='ocrx_word' id='word_1_568' title='bbox 3445 3172 3680 3229; x_wconf 89' lang='lat' dir='ltr'>additus</span> 
     </span>
    </p>
   </div>
   <div class='ocr_carea' id='block_1_92' title="bbox 2034 3258 3681 3333">
    <p class='ocr_par' dir='ltr' id='par_1_92' title="bbox 2034 3258 3681 3333">
     <span class='ocr_line' id='line_1_93' title="bbox 2034 3258 3681 3333; baseline 0.002 -20"><span class='ocrx_word' id='word_1_569' title='bbox 2034 3258 2216 3313; x_wconf 91' lang='lat' dir='ltr'>maris</span> <span class='ocrx_word' id='word_1_570' title='bbox 2233 3259 2502 3326; x_wconf 89' lang='lat' dir='ltr'>accessit,</span> <span class='ocrx_word' id='word_1_571' title='bbox 2526 3275 2593 3315; x_wconf 87' lang='lat' dir='ltr'>ac</span> <span class='ocrx_word' id='word_1_572' title='bbox 2613 3260 2789 3314; x_wconf 88' lang='lat' dir='ltr'>veluti</span> <span class='ocrx_word' id='word_1_573' title='bbox 2822 3260 3133 3332; x_wconf 88' lang='lat' dir='ltr'>pueriliter</span> <span class='ocrx_word' id='word_1_574' title='bbox 3162 3260 3425 3333; x_wconf 88' lang='lat' dir='ltr'>seipsum</span> <span class='ocrx_word' id='word_1_575' title='bbox 3457 3261 3681 3333; x_wconf 89' lang='lat' dir='ltr'>episco-</span> 
     </span>
    </p>
   </div>
   <div class='ocr_carea' id='block_1_93' title="bbox 2032 3347 3681 3421">
    <p class='ocr_par' dir='ltr' id='par_1_93' title="bbox 2032 3347 3681 3421">
     <span class='ocr_line' id='line_1_94' title="bbox 2032 3347 3681 3421; baseline 0.002 -18"><span class='ocrx_word' id='word_1_576' title='bbox 2032 3362 2175 3418; x_wconf 90' lang='lat' dir='ltr'>pum</span> <span class='ocrx_word' id='word_1_577' title='bbox 2236 3347 2551 3414; x_wconf 87' lang='lat' dir='ltr'>simulans,</span> <span class='ocrx_word' id='word_1_578' title='bbox 2597 3349 2771 3405; x_wconf 84' lang='lat' dir='ltr'>exiis</span> <span class='ocrx_word' id='word_1_579' title='bbox 2804 3349 2906 3420; x_wconf 90' lang='lat' dir='ltr'>qui</span> <span class='ocrx_word' id='word_1_580' title='bbox 2962 3366 3098 3406; x_wconf 91' lang='lat' dir='ltr'>cum</span> <span class='ocrx_word' id='word_1_581' title='bbox 3148 3350 3277 3421; x_wconf 87' lang='lat' dir='ltr'>ipso</span> <span class='ocrx_word' id='word_1_582' title='bbox 3309 3356 3497 3415; x_wconf 90' lang='lat' dir='ltr'>erant,</span> <span class='ocrx_word' id='word_1_583' title='bbox 3530 3351 3681 3406; x_wconf 90' lang='lat' dir='ltr'>alios</span> 
     </span>
    </p>
   </div>
   <div class='ocr_carea' id='block_1_94' title="bbox 2032 3435 3686 3511">
    <p class='ocr_par' dir='ltr' id='par_1_94' title="bbox 2032 3435 3686 3511">
     <span class='ocr_line' id='line_1_95' title="bbox 2032 3435 3686 3511; baseline 0.002 -20"><span class='ocrx_word' id='word_1_584' title='bbox 2032 3435 2271 3506; x_wconf 87' lang='lat' dir='ltr'>quidem</span> <span class='ocrx_word' id='word_1_585' title='bbox 2298 3437 2676 3509; x_wconf 85' lang='lat' dir='ltr'>presbyteros</span> <span class='ocrx_word' id='word_1_586' title='bbox 2700 3443 2757 3493; x_wconf 91' lang='lat' dir='ltr'>et</span> <span class='ocrx_word' id='word_1_587' title='bbox 2774 3438 3057 3494; x_wconf 90' lang='lat' dir='ltr'>diaconos</span> <span class='ocrx_word' id='word_1_588' title='bbox 3070 3437 3364 3494; x_wconf 87' lang='lat' dir='ltr'>ordinavit</span> <span class='ocrx_word' id='word_1_589' title='bbox 3388 3456 3400 3507; x_wconf 92' lang='lat'><strong>;</strong></span> <span class='ocrx_word' id='word_1_590' title='bbox 3421 3439 3686 3511; x_wconf 89' lang='lat' dir='ltr'>reliquos</span> 
     </span>
    </p>
   </div>
   <div class='ocr_carea' id='block_1_95' title="bbox 2032 3526 3685 3599">
    <p class='ocr_par' dir='ltr' id='par_1_95' title="bbox 2032 3526 3685 3599">
     <span class='ocr_line' id='line_1_96' title="bbox 2032 3526 3685 3599; baseline 0.002 -19"><span class='ocrx_word' id='word_1_591' title='bbox 2032 3540 2171 3581; x_wconf 80' lang='lat' dir='ltr'>vero</span> <span class='ocrx_word' id='word_1_592' title='bbox 2203 3526 2540 3583; x_wconf 76' lang='lat' dir='ltr'>Graecorum</span> <span class='ocrx_word' id='word_1_593' title='bbox 2569 3526 3030 3599; x_wconf 72' lang='lat' dir='ltr'>Judmorumque</span> <span class='ocrx_word' id='word_1_594' title='bbox 3069 3544 3288 3599; x_wconf 88' lang='lat' dir='ltr'>pueros</span> <span class='ocrx_word' id='word_1_595' title='bbox 3319 3545 3474 3599; x_wconf 88' lang='lat' dir='ltr'>aqua</span> <span class='ocrx_word' id='word_1_596' title='bbox 3500 3530 3685 3584; x_wconf 87' lang='lat' dir='ltr'>maris</span> 
     </span>
    </p>
   </div>
   <div class='ocr_carea' id='block_1_96' title="bbox 2030 3613 3680 3688">
    <p class='ocr_par' dir='ltr' id='par_1_96' title="bbox 2030 3613 3680 3688">
     <span class='ocr_line' id='line_1_97' title="bbox 2030 3613 3680 3688; baseline 0.002 -19"><span class='ocrx_word' id='word_1_597' title='bbox 2030 3613 2363 3685; x_wconf 83' lang='lat' dir='ltr'>baptizavit.</span> <span class='ocrx_word' id='word_1_598' title='bbox 2398 3615 2532 3670; x_wconf 76' lang='lat' dir='ltr'>Haac</span> <span class='ocrx_word' id='word_1_599' title='bbox 2564 3615 2899 3671; x_wconf 82' lang='lat' dir='ltr'>Alexander</span> <span class='ocrx_word' id='word_1_600' title='bbox 2938 3615 3306 3672; x_wconf 66' lang='lat' dir='ltr'>Alexandriae</span> <span class='ocrx_word' id='word_1_601' title='bbox 3366 3618 3680 3688; x_wconf 84' lang='lat' dir='ltr'>episcopus</span> 
     </span>
    </p>
   </div>
   <div class='ocr_carea' id='block_1_97' title="bbox 2032 3702 3679 3776">
    <p class='ocr_par' dir='ltr' id='par_1_97' title="bbox 2032 3702 3679 3776">
     <span class='ocr_line' id='line_1_98' title="bbox 2032 3702 3679 3776; baseline 0.002 -19"><span class='ocrx_word' id='word_1_602' title='bbox 2032 3702 2266 3758; x_wconf 88' lang='lat' dir='ltr'>eminus</span> <span class='ocrx_word' id='word_1_603' title='bbox 2287 3702 2743 3775; x_wconf 88' lang='lat' dir='ltr'>contemplatus,</span> <span class='ocrx_word' id='word_1_604' title='bbox 2765 3703 3073 3775; x_wconf 89' lang='lat' dir='ltr'>obstupuit</span> <span class='ocrx_word' id='word_1_605' title='bbox 3094 3705 3335 3776; x_wconf 89' lang='lat' dir='ltr'>:spiritu</span> <span class='ocrx_word' id='word_1_606' title='bbox 3358 3710 3557 3761; x_wconf 89' lang='lat' dir='ltr'>autem</span> <span class='ocrx_word' id='word_1_607' title='bbox 3582 3723 3679 3761; x_wconf 90' lang='lat' dir='ltr'>co-</span> 
     </span>
    </p>
   </div>
   <div class='ocr_carea' id='block_1_98' title="bbox 2032 3793 3679 3867">
    <p class='ocr_par' dir='ltr' id='par_1_98' title="bbox 2032 3793 3679 3867">
     <span class='ocr_line' id='line_1_99' title="bbox 2032 3793 3679 3867; baseline 0.001 -18"><span class='ocrx_word' id='word_1_608' title='bbox 2032 3808 2343 3866; x_wconf 81' lang='lat' dir='ltr'>gnescens,</span> <span class='ocrx_word' id='word_1_609' title='bbox 2375 3810 2445 3850; x_wconf 87' lang='lat' dir='ltr'>ea</span> <span class='ocrx_word' id='word_1_610' title='bbox 2474 3811 2605 3865; x_wconf 63' lang='lat' dir='ltr'>quas</span> <span class='ocrx_word' id='word_1_611' title='bbox 2625 3793 2782 3850; x_wconf 86' lang='lat' dir='ltr'>facta</span> <span class='ocrx_word' id='word_1_612' title='bbox 2799 3799 2988 3863; x_wconf 88' lang='lat' dir='ltr'>erant,</span> <span class='ocrx_word' id='word_1_613' title='bbox 3011 3793 3346 3850; x_wconf 80' lang='lat' dir='ltr'>futurorum</span> <span class='ocrx_word' id='word_1_614' title='bbox 3370 3811 3498 3850; x_wconf 89' lang='lat' dir='ltr'>esse</span> <span class='ocrx_word' id='word_1_615' title='bbox 3528 3812 3679 3867; x_wconf 85' lang='lat' dir='ltr'>prae-</span> 
     </span>
    </p>
   </div>
   <div class='ocr_carea' id='block_1_99' title="bbox 2033 3881 3677 3957">
    <p class='ocr_par' dir='ltr' id='par_1_99' title="bbox 2033 3881 3677 3957">
     <span class='ocr_line' id='line_1_100' title="bbox 2033 3881 3677 3957; baseline 0 -18"><span class='ocrx_word' id='word_1_616' title='bbox 2033 3883 2212 3955; x_wconf 81' lang='lat' dir='ltr'>sagia,</span> <span class='ocrx_word' id='word_1_617' title='bbox 2244 3898 2460 3954; x_wconf 87' lang='lat' dir='ltr'>pueros</span> <span class='ocrx_word' id='word_1_618' title='bbox 2503 3881 2744 3954; x_wconf 90' lang='lat' dir='ltr'>quidem</span> <span class='ocrx_word' id='word_1_619' title='bbox 2801 3882 2997 3939; x_wconf 83' lang='lat' dir='ltr'>divino</span> <span class='ocrx_word' id='word_1_620' title='bbox 3045 3882 3374 3940; x_wconf 89' lang='lat' dir='ltr'>Chrismate</span> <span class='ocrx_word' id='word_1_621' title='bbox 3422 3900 3677 3957; x_wconf 81' lang='lat' dir='ltr'>ungens,</span> 
     </span>
    </p>
   </div>
   <div class='ocr_carea' id='block_1_100' title="bbox 2031 3970 3679 4045">
    <p class='ocr_par' dir='ltr' id='par_1_100' title="bbox 2031 3970 3679 4045">
     <span class='ocr_line' id='line_1_101' title="bbox 2031 3970 3679 4045; baseline 0.001 -18"><span class='ocrx_word' id='word_1_622' title='bbox 2031 3971 2297 4044; x_wconf 82' lang='lat' dir='ltr'>perfecit.</span> <span class='ocrx_word' id='word_1_623' title='bbox 2329 3970 2683 4028; x_wconf 76' lang='lat' dir='ltr'>Athanasius</span> <span class='ocrx_word' id='word_1_624' title='bbox 2704 3974 2904 4028; x_wconf 85' lang='lat' dir='ltr'>autem</span> <span class='ocrx_word' id='word_1_625' title='bbox 2928 3971 3145 4028; x_wconf 88' lang='lat' dir='ltr'>litteris</span> <span class='ocrx_word' id='word_1_626' title='bbox 3174 3973 3432 4045; x_wconf 88' lang='lat' dir='ltr'>primum</span> <span class='ocrx_word' id='word_1_627' title='bbox 3454 3972 3527 4028; x_wconf 85' lang='lat' dir='ltr'>ab</span> <span class='ocrx_word' id='word_1_628' title='bbox 3549 3973 3679 4045; x_wconf 83' lang='lat' dir='ltr'>ipso</span> 
     </span>
    </p>
   </div>
   <div class='ocr_carea' id='block_1_101' title="bbox 2032 4052 3684 4135">
    <p class='ocr_par' dir='ltr' id='par_1_101' title="bbox 2032 4052 3684 4135">
     <span class='ocr_line' id='line_1_102' title="bbox 2032 4052 3684 4135; baseline 0.002 -19"><span class='ocrx_word' id='word_1_629' title='bbox 2032 4061 2355 4116; x_wconf 85' lang='lat' dir='ltr'>instructus</span> <span class='ocrx_word' id='word_1_630' title='bbox 2386 4066 2512 4117; x_wconf 87' lang='lat' dir='ltr'>est:</span> <span class='ocrx_word' id='word_1_631' title='bbox 2544 4078 2681 4117; x_wconf 86' lang='lat' dir='ltr'>mox</span> <span class='ocrx_word' id='word_1_632' title='bbox 2708 4060 2895 4117; x_wconf 84' lang='lat' dir='ltr'>lector</span> <span class='ocrx_word' id='word_1_633' title='bbox 2923 4061 3112 4118; x_wconf 88' lang='lat' dir='ltr'>factus</span> <span class='ocrx_word' id='word_1_634' title='bbox 3137 4078 3151 4117; x_wconf 93' lang='lat'>:</span> <span class='ocrx_word' id='word_1_635' title='bbox 3185 4052 3427 4118; x_wconf 89' lang='lat' dir='ltr'>demum</span> <span class='ocrx_word' id='word_1_636' title='bbox 3458 4064 3684 4135; x_wconf 85' lang='lat' dir='ltr'>episco-</span> 
     </span>
    </p>
   </div>
   <div class='ocr_carea' id='block_1_102' title="bbox 2032 4150 3681 4225">
    <p class='ocr_par' dir='ltr' id='par_1_102' title="bbox 2032 4150 3681 4225">
     <span class='ocr_line' id='line_1_103' title="bbox 2032 4150 3681 4225; baseline 0.002 -20"><span class='ocrx_word' id='word_1_637' title='bbox 2032 4166 2142 4222; x_wconf 87' lang='lat' dir='ltr'>pus</span> <span class='ocrx_word' id='word_1_638' title='bbox 2167 4150 2497 4208; x_wconf 89' lang='lat' dir='ltr'>ordinatus.</span> <span class='ocrx_word' id='word_1_639' title='bbox 2529 4154 2673 4207; x_wconf 90' lang='lat' dir='ltr'>Cum</span> <span class='ocrx_word' id='word_1_640' title='bbox 2711 4156 2911 4207; x_wconf 87' lang='lat' dir='ltr'>autem</span> <span class='ocrx_word' id='word_1_641' title='bbox 2967 4151 3160 4209; x_wconf 86' lang='lat' dir='ltr'>multa</span> <span class='ocrx_word' id='word_1_642' title='bbox 3189 4153 3517 4209; x_wconf 85' lang='lat' dir='ltr'>certamina</span> <span class='ocrx_word' id='word_1_643' title='bbox 3544 4169 3681 4225; x_wconf 84' lang='lat' dir='ltr'>pro-</span> 
     </span>
    </p>
   </div>
   <div class='ocr_carea' id='block_1_103' title="bbox 2032 4239 3038 4311">
    <p class='ocr_par' dir='ltr' id='par_1_103' title="bbox 2032 4239 3038 4311">
     <span class='ocr_line' id='line_1_104' title="bbox 2032 4239 3038 4311; baseline 0.004 -16"><span class='ocrx_word' id='word_1_644' title='bbox 2032 4239 2253 4311; x_wconf 87' lang='lat' dir='ltr'>pietate</span> <span class='ocrx_word' id='word_1_645' title='bbox 2281 4240 2580 4311; x_wconf 87' lang='lat' dir='ltr'>subiisset,</span> <span class='ocrx_word' id='word_1_646' title='bbox 2614 4240 2791 4297; x_wconf 84' lang='lat' dir='ltr'>vitam</span> <span class='ocrx_word' id='word_1_647' title='bbox 2830 4241 3038 4299; x_wconf 84' lang='lat' dir='ltr'>ﬁnivit.</span> 
     </span>
    </p>
   </div>
   <div class='ocr_carea' id='block_1_104' title="bbox 2598 4437 3109 4495">
    <p class='ocr_par' dir='ltr' id='par_1_104' title="bbox 2598 4437 3109 4495">
     <span class='ocr_line' id='line_1_105' title="bbox 2598 4437 3109 4495; baseline -0.002 -2"><span class='ocrx_word' id='word_1_648' title='bbox 2598 4438 2839 4495; x_wconf 86' lang='lat' dir='ltr'><strong>EODEM</strong></span> <span class='ocrx_word' id='word_1_649' title='bbox 2878 4439 3021 4493; x_wconf 79' lang='grc' dir='ltr'>ΜΕΝ</span> <span class='ocrx_word' id='word_1_650' title='bbox 3030 4437 3109 4492; x_wconf 89' lang='lat' dir='ltr'><strong>SE</strong></span> 
     </span>
    </p>
   </div>
   <div class='ocr_carea' id='block_1_105' title="bbox 2707 4536 3006 4591">
    <p class='ocr_par' dir='ltr' id='par_1_105' title="bbox 2707 4536 3006 4591">
     <span class='ocr_line' id='line_1_106' title="bbox 2707 4536 3006 4591; baseline 0.007 -2"><span class='ocrx_word' id='word_1_651' title='bbox 2707 4536 2808 4591; x_wconf 91' lang='lat' dir='ltr'>Die</span> <span class='ocrx_word' id='word_1_652' title='bbox 2832 4536 3006 4591; x_wconf 87' lang='lat' dir='ltr'>tertia</span> 
     </span>
    </p>
   </div>
   <div class='ocr_carea' id='block_1_106' title="bbox 2033 4630 3672 4702">
    <p class='ocr_par' dir='ltr' id='par_1_106' title="bbox 2033 4630 3672 4702">
     <span class='ocr_line' id='line_1_107' title="bbox 2033 4630 3672 4702; baseline 0.001 -14"><span class='ocrx_word' id='word_1_653' title='bbox 2033 4632 2314 4689; x_wconf 83' lang='lat' dir='ltr'>Certamen</span> <span class='ocrx_word' id='word_1_654' title='bbox 2339 4639 2656 4688; x_wconf 83' lang='lat' dir='ltr'>sanctorum</span> <span class='ocrx_word' id='word_1_655' title='bbox 2711 4640 3017 4702; x_wconf 83' lang='lat' dir='ltr'>martyrum</span> <span class='ocrx_word' id='word_1_656' title='bbox 3050 4630 3321 4687; x_wconf 79' lang='lat' dir='ltr'>Timothei</span> <span class='ocrx_word' id='word_1_657' title='bbox 3363 4638 3415 4687; x_wconf 85' lang='lat' dir='ltr'>et</span> <span class='ocrx_word' id='word_1_658' title='bbox 3437 4636 3672 4691; x_wconf 69' lang='lat' dir='ltr'>Maurae.</span> 
     </span>
    </p>
   </div>
   <div class='ocr_carea' id='block_1_107' title="bbox 2101 4830 3671 4902">
    <p class='ocr_par' dir='ltr' id='par_1_107' title="bbox 2101 4830 3671 4902">
     <span class='ocr_line' id='line_1_108' title="bbox 2101 4830 3671 4902; baseline 0.003 -16"><span class='ocrx_word' id='word_1_659' title='bbox 2101 4830 2443 4886; x_wconf 87' lang='lat' dir='ltr'>Timotheus</span> <span class='ocrx_word' id='word_1_660' title='bbox 2475 4831 2689 4886; x_wconf 89' lang='lat' dir='ltr'>Christi</span> <span class='ocrx_word' id='word_1_661' title='bbox 2721 4835 2966 4902; x_wconf 87' lang='lat' dir='ltr'>martyr,</span> <span class='ocrx_word' id='word_1_662' title='bbox 3000 4830 3391 4887; x_wconf 83' lang='lat' dir='ltr'>sanctissimae</span> <span class='ocrx_word' id='word_1_663' title='bbox 3433 4833 3533 4889; x_wconf 91' lang='lat' dir='ltr'>Dei</span> <span class='ocrx_word' id='word_1_664' title='bbox 3567 4851 3671 4891; x_wconf 93' lang='lat' dir='ltr'>ec-</span> 
     </span>
    </p>
   </div>
   <div class='ocr_carea' id='block_1_108' title="bbox 2030 4918 3674 4993">
    <p class='ocr_par' dir='ltr' id='par_1_108' title="bbox 2030 4918 3674 4993">
     <span class='ocr_line' id='line_1_109' title="bbox 2030 4918 3674 4993; baseline 0.004 -19"><span class='ocrx_word' id='word_1_665' title='bbox 2030 4919 2227 4975; x_wconf 59' lang='lat' dir='ltr'>clesias</span> <span class='ocrx_word' id='word_1_666' title='bbox 2254 4918 2440 4974; x_wconf 90' lang='lat' dir='ltr'>lector</span> <span class='ocrx_word' id='word_1_667' title='bbox 2467 4920 2596 4974; x_wconf 88' lang='lat' dir='ltr'>fuit.</span> <span class='ocrx_word' id='word_1_668' title='bbox 2632 4923 2773 4974; x_wconf 89' lang='lat' dir='ltr'>Cum</span> <span class='ocrx_word' id='word_1_669' title='bbox 2805 4925 3003 4975; x_wconf 86' lang='lat' dir='ltr'>autem</span> <span class='ocrx_word' id='word_1_670' title='bbox 3061 4920 3319 4993; x_wconf 83' lang='lat' dir='ltr'>conjugii</span> <span class='ocrx_word' id='word_1_671' title='bbox 3352 4921 3479 4993; x_wconf 80' lang='lat' dir='ltr'>lege</span> <span class='ocrx_word' id='word_1_672' title='bbox 3511 4924 3674 4980; x_wconf 86' lang='lat' dir='ltr'>Mau-</span> 
     </span>
    </p>
   </div>
   <div class='ocr_carea' id='block_1_109' title="bbox 2029 5010 3677 5082">
    <p class='ocr_par' dir='ltr' id='par_1_109' title="bbox 2029 5010 3677 5082">
     <span class='ocr_line' id='line_1_110' title="bbox 2029 5010 3677 5082; baseline 0.004 -18"><span class='ocrx_word' id='word_1_673' title='bbox 2029 5026 2157 5065; x_wconf 88' lang='lat' dir='ltr'>ram</span> <span class='ocrx_word' id='word_1_674' title='bbox 2188 5011 2517 5076; x_wconf 85' lang='lat' dir='ltr'>accepisset</span> <span class='ocrx_word' id='word_1_675' title='bbox 2569 5010 2631 5065; x_wconf 91' lang='lat' dir='ltr'>in</span> <span class='ocrx_word' id='word_1_676' title='bbox 2664 5027 2929 5078; x_wconf 88' lang='lat' dir='ltr'>uxorem,</span> <span class='ocrx_word' id='word_1_677' title='bbox 2960 5011 3057 5065; x_wconf 86' lang='lat' dir='ltr'>vix</span> <span class='ocrx_word' id='word_1_678' title='bbox 3089 5010 3308 5082; x_wconf 86' lang='lat' dir='ltr'>elapsis</span> <span class='ocrx_word' id='word_1_679' title='bbox 3357 5012 3566 5070; x_wconf 84' lang='lat' dir='ltr'>diebus</span> <span class='ocrx_word' id='word_1_680' title='bbox 3597 5016 3677 5070; x_wconf 85' lang='lat' dir='ltr'>vi-</span> 
     </span>
    </p>
   </div>
   <div class='ocr_carea' id='block_1_110' title="bbox 2028 5098 3678 5171">
    <p class='ocr_par' dir='ltr' id='par_1_110' title="bbox 2028 5098 3678 5171">
     <span class='ocr_line' id='line_1_111' title="bbox 2028 5098 3678 5171; baseline 0.007 -20"><span class='ocrx_word' id='word_1_681' title='bbox 2028 5098 2198 5171; x_wconf 82' lang='lat' dir='ltr'>ginti,</span> <span class='ocrx_word' id='word_1_682' title='bbox 2232 5100 2697 5170; x_wconf 89' lang='lat' dir='ltr'>comprehensus</span> <span class='ocrx_word' id='word_1_683' title='bbox 2729 5106 2818 5155; x_wconf 89' lang='lat' dir='ltr'>est</span> <span class='ocrx_word' id='word_1_684' title='bbox 2847 5100 2919 5155; x_wconf 91' lang='lat' dir='ltr'>ab</span> <span class='ocrx_word' id='word_1_685' title='bbox 2961 5099 3312 5167; x_wconf 89' lang='lat' dir='ltr'>idololatris,</span> <span class='ocrx_word' id='word_1_686' title='bbox 3337 5107 3392 5157; x_wconf 87' lang='lat' dir='ltr'>et</span> <span class='ocrx_word' id='word_1_687' title='bbox 3422 5103 3678 5169; x_wconf 82' lang='lat' dir='ltr'>vinctus.</span> 
     </span>
    </p>
   </div>
   <div class='ocr_carea' id='block_1_111' title="bbox 2029 5186 3671 5266">
    <p class='ocr_par' dir='ltr' id='par_1_111' title="bbox 2029 5186 3671 5266">
     <span class='ocr_line' id='line_1_112' title="bbox 2029 5186 3671 5266; baseline 0.005 -23"><span class='ocrx_word' id='word_1_688' title='bbox 2029 5186 2102 5244; x_wconf 88' lang='lat' dir='ltr'>ad</span> <span class='ocrx_word' id='word_1_689' title='bbox 2133 5188 2446 5243; x_wconf 87' lang='lat' dir='ltr'>Arrianum</span> <span class='ocrx_word' id='word_1_690' title='bbox 2469 5188 2784 5245; x_wconf 88' lang='lat' dir='ltr'>Thebaidis</span> <span class='ocrx_word' id='word_1_691' title='bbox 2811 5189 3126 5261; x_wconf 69' lang='lat' dir='ltr'>praesidem</span> <span class='ocrx_word' id='word_1_692' title='bbox 3154 5189 3463 5257; x_wconf 80' lang='lat' dir='ltr'>adductus,</span> <span class='ocrx_word' id='word_1_693' title='bbox 3497 5194 3671 5266; x_wconf 88' lang='lat' dir='ltr'>eique</span> 
     </span>
    </p>
   </div>
   <div class='ocr_carea' id='block_1_112' title="bbox 2028 5276 3667 5354">
    <p class='ocr_par' dir='ltr' id='par_1_112' title="bbox 2028 5276 3667 5354">
     <span class='ocr_line' id='line_1_113' title="bbox 2028 5276 3667 5354; baseline 0.005 -23"><span class='ocrx_word' id='word_1_694' title='bbox 2028 5276 2319 5332; x_wconf 88' lang='lat' dir='ltr'>traditus:</span> <span class='ocrx_word' id='word_1_695' title='bbox 2355 5279 2454 5349; x_wconf 88' lang='lat' dir='ltr'>qui</span> <span class='ocrx_word' id='word_1_696' title='bbox 2486 5279 2570 5333; x_wconf 90' lang='lat' dir='ltr'>ait</span> <span class='ocrx_word' id='word_1_697' title='bbox 2601 5279 2683 5333; x_wconf 92' lang='lat' dir='ltr'>ei:</span> <span class='ocrx_word' id='word_1_698' title='bbox 2717 5280 2877 5334; x_wconf 79' lang='lat' dir='ltr'>Aﬂ‘er</span> <span class='ocrx_word' id='word_1_699' title='bbox 2919 5279 3103 5334; x_wconf 88' lang='lat' dir='ltr'>libros</span> <span class='ocrx_word' id='word_1_700' title='bbox 3134 5284 3283 5335; x_wconf 80' lang='lat' dir='ltr'>tuos.</span> <span class='ocrx_word' id='word_1_701' title='bbox 3319 5296 3537 5354; x_wconf 88' lang='lat' dir='ltr'>eosque</span> <span class='ocrx_word' id='word_1_702' title='bbox 3570 5301 3667 5340; x_wconf 84' lang='lat' dir='ltr'>co-</span> 
     </span>
    </p>
   </div>
   <div class='ocr_carea' id='block_1_113' title="bbox 2027 5368 3671 5431">
    <p class='ocr_par' dir='ltr' id='par_1_113' title="bbox 2027 5368 3671 5431">
     <span class='ocr_line' id='line_1_114' title="bbox 2027 5368 3671 5431; baseline 0.004 -8"><span class='ocrx_word' id='word_1_703' title='bbox 2027 5383 2153 5424; x_wconf 87' lang='lat' dir='ltr'>ram</span> <span class='ocrx_word' id='word_1_704' title='bbox 2187 5384 2282 5423; x_wconf 92' lang='lat' dir='ltr'>me</span> <span class='ocrx_word' id='word_1_705' title='bbox 2314 5368 2616 5425; x_wconf 89' lang='lat' dir='ltr'>combure.</span> <span class='ocrx_word' id='word_1_706' title='bbox 2653 5370 2795 5426; x_wconf 91' lang='lat' dir='ltr'>Cum</span> <span class='ocrx_word' id='word_1_707' title='bbox 2834 5376 3029 5425; x_wconf 89' lang='lat' dir='ltr'>autem</span> <span class='ocrx_word' id='word_1_708' title='bbox 3062 5376 3305 5426; x_wconf 89' lang='lat' dir='ltr'>sanctus</span> <span class='ocrx_word' id='word_1_709' title='bbox 3360 5371 3417 5426; x_wconf 87' lang='lat' dir='ltr'>id</span> <span class='ocrx_word' id='word_1_710' title='bbox 3477 5373 3671 5431; x_wconf 86' lang='lat' dir='ltr'>facere</span> 
     </span>
    </p>
   </div>
   <div class='ocr_carea' id='block_1_114' title="bbox 2028 5458 3672 5531">
    <p class='ocr_par' dir='ltr' id='par_1_114' title="bbox 2028 5458 3672 5531">
     <span class='ocr_line' id='line_1_115' title="bbox 2028 5458 3672 5531; baseline 0.005 -19"><span class='ocrx_word' id='word_1_711' title='bbox 2028 5463 2327 5524; x_wconf 85' lang='lat' dir='ltr'>renueret,</span> <span class='ocrx_word' id='word_1_712' title='bbox 2361 5458 2753 5513; x_wconf 85' lang='lat' dir='ltr'>candentibus</span> <span class='ocrx_word' id='word_1_713' title='bbox 2775 5459 3016 5515; x_wconf 88' lang='lat' dir='ltr'>laminis</span> <span class='ocrx_word' id='word_1_714' title='bbox 3038 5458 3244 5514; x_wconf 85' lang='lat' dir='ltr'>ferreis</span> <span class='ocrx_word' id='word_1_715' title='bbox 3266 5461 3327 5514; x_wconf 91' lang='lat' dir='ltr'>in</span> <span class='ocrx_word' id='word_1_716' title='bbox 3346 5463 3477 5531; x_wconf 87' lang='lat' dir='ltr'>ejus</span> <span class='ocrx_word' id='word_1_717' title='bbox 3499 5480 3672 5520; x_wconf 79' lang='lat' dir='ltr'>aures</span> 
     </span>
    </p>
   </div>
   <div class='ocr_carea' id='block_1_115' title="bbox 2025 5546 3667 5623">
    <p class='ocr_par' dir='ltr' id='par_1_115' title="bbox 2025 5546 3667 5623">
     <span class='ocr_line' id='line_1_116' title="bbox 2025 5546 3667 5623; baseline 0.005 -22"><span class='ocrx_word' id='word_1_718' title='bbox 2025 5546 2333 5613; x_wconf 88' lang='lat' dir='ltr'>immissis,</span> <span class='ocrx_word' id='word_1_719' title='bbox 2357 5548 2554 5603; x_wconf 85' lang='lat' dir='ltr'>statim</span> <span class='ocrx_word' id='word_1_720' title='bbox 2579 5546 2926 5603; x_wconf 87' lang='lat' dir='ltr'>exciderunt</span> <span class='ocrx_word' id='word_1_721' title='bbox 2942 5547 3181 5619; x_wconf 78' lang='lat' dir='ltr'>pupillae</span> <span class='ocrx_word' id='word_1_722' title='bbox 3196 5548 3502 5605; x_wconf 90' lang='lat' dir='ltr'>oculorum</span> <span class='ocrx_word' id='word_1_723' title='bbox 3518 5553 3667 5623; x_wconf 86' lang='lat' dir='ltr'>ejus.</span> 
     </span>
    </p>
   </div>
   <div class='ocr_carea' id='block_1_116' title="bbox 2026 5634 3666 5709">
    <p class='ocr_par' dir='ltr' id='par_1_116' title="bbox 2026 5634 3666 5709">
     <span class='ocr_line' id='line_1_117' title="bbox 2026 5634 3666 5709; baseline 0.002 -18"><span class='ocrx_word' id='word_1_724' title='bbox 2026 5634 2249 5691; x_wconf 91' lang='lat' dir='ltr'>Deinde</span> <span class='ocrx_word' id='word_1_725' title='bbox 2280 5641 2424 5691; x_wconf 76' lang='lat' dir='ltr'>rotaa</span> <span class='ocrx_word' id='word_1_726' title='bbox 2458 5652 2564 5707; x_wconf 90' lang='lat' dir='ltr'>per</span> <span class='ocrx_word' id='word_1_727' title='bbox 2619 5636 2770 5691; x_wconf 86' lang='lat' dir='ltr'>talos</span> <span class='ocrx_word' id='word_1_728' title='bbox 2832 5636 3127 5708; x_wconf 80' lang='lat' dir='ltr'>alligatur,</span> <span class='ocrx_word' id='word_1_729' title='bbox 3185 5636 3286 5691; x_wconf 76' lang='lat'><strong>82</strong></span> <span class='ocrx_word' id='word_1_730' title='bbox 3320 5637 3666 5709; x_wconf 81' lang='lat' dir='ltr'>lignumque</span> 
     </span>
    </p>
   </div>
   <div class='ocr_carea' id='block_1_117' title="bbox 2025 5723 3662 5799">
    <p class='ocr_par' dir='ltr' id='par_1_117' title="bbox 2025 5723 3662 5799">
     <span class='ocr_line' id='line_1_118' title="bbox 2025 5723 3662 5799; baseline 0.001 -17"><span class='ocrx_word' id='word_1_731' title='bbox 2025 5724 2113 5782; x_wconf 82' lang='lat' dir='ltr'>ori</span> <span class='ocrx_word' id='word_1_732' title='bbox 2143 5724 2272 5797; x_wconf 86' lang='lat' dir='ltr'>ejus</span> <span class='ocrx_word' id='word_1_733' title='bbox 2301 5724 2664 5795; x_wconf 87' lang='lat' dir='ltr'>imponitur:</span> <span class='ocrx_word' id='word_1_734' title='bbox 2718 5730 2778 5781; x_wconf 89' lang='lat' dir='ltr'>et</span> <span class='ocrx_word' id='word_1_735' title='bbox 2805 5740 2945 5781; x_wconf 85' lang='lat' dir='ltr'>saxo</span> <span class='ocrx_word' id='word_1_736' title='bbox 2994 5723 3069 5780; x_wconf 90' lang='lat' dir='ltr'>ad</span> <span class='ocrx_word' id='word_1_737' title='bbox 3124 5724 3345 5781; x_wconf 92' lang='lat' dir='ltr'>collum</span> <span class='ocrx_word' id='word_1_738' title='bbox 3401 5726 3662 5799; x_wconf 79' lang='lat' dir='ltr'>alligato,</span> 
     </span>
    </p>
   </div>
  </div>
