4158 6310
377 384 496 444 435
1659 381 2049 443 MENOLOG]

2161 381 2342 443 lARS
2385 380 2493 441 ΙΙΙ.
3669 378 3792 441 436

382 517 617 572 inverso
644 517 835 588 capite
866 517 1268 588 suspenditur.
1303 516 1566 585 Cumque
1596 515 1749 568 nihil
1781 515 1835 569 ei
1879 531 2026 585 prae-

2161 509 2519 588 ὶστραγάλους
2551 511 2741 582 αὐτοῦ,
2771 511 2861 566 καὶ
2891 510 3050 584 ξῦλον
3083 505 3352 583 ἐμϐάλλει
3387 508 3463 572 εἷς
3493 508 3557 564 τὸ
3612 510 3792 581 στόμα

388 623 483 661 ses
509 605 868 677 persuadere
899 606 1210 677 potuisset,
1239 604 1522 676 praecepit
1541 604 1776 676 conjugi
1811 604 1939 675 ejus
1968 609 2035 657 ut

2161 601 2319 656 ιύτοῦ⁹
2373 603 2462 656 καὶ
2521 599 2672 656 λίθον
2731 605 2810 671 τῷ
2865 600 3138 676 τραχήλῳ
3206 599 3370 655 αὐτοῦ
3443 595 3788 675 προσδήσας,

390 695 730 750 hortaretur
776 711 910 749 eum
971 694 1224 750 deﬁcere
1251 709 1283 747 a
1311 693 1562 748 Christo.
1597 695 1671 746 At
1722 691 1826 746 illa
1857 691 2037 764 elegit

2161 689 2405 763 κρέμασε
2433 691 2569 746 κατᾶ
2621 688 2890 768 κεφαλῆς.
2949 689 3037 752 Ὠς
3086 686 3142 744 δὲ
3192 688 3289 744 οὐκ
3336 687 3543 754 ἔπειθεν
3601 689 3794 758 αὐτὸν,

385 785 584 855 potius
618 784 968 855 martyrium
1005 783 1147 854 pati.
1180 784 1370 846 Quare
1412 782 1581 836 evelli
1606 782 1790 853 jussit
1837 783 2034 837 crines

2161 779 2286 852 \éyst
2315 783 2383 852 τῇ
2428 774 2643 852 συμόίῳ
2685 779 2872 846 αὐτοῦ,
2929 777 3245 850 παραίνεσαι
3293 777 3443 848 αὐτῷ
3490 776 3795 845 ἀποστῆναι

385 873 596 944 capitis
627 873 776 943 ejus,
812 889 877 926 ac
899 872 1141 926 demum
1164 878 1483 942 utrumque
1505 871 1579 926 ad
1605 871 1891 942 parietem
1915 871 2037 926 cla-

388 963 473 1016 vis
495 962 709 1032 conﬁgi
744 976 757 1015 :
789 960 892 1015 ubi
923 977 1133 1016 novem
1167 960 1398 1015 dierum
1431 960 1620 1032 spatio
1651 975 2037 1031 perseveran-

386 1057 474 1106 tes
500 1051 679 1105 vitam
712 1055 1225 1106 consummarunt.

387 1351 451 1405 Et
479 1351 739 1405 memoria
775 1351 952 1405 sancti
981 1351 1164 1405 Patris
1192 1350 1364 1405 nostri
1419 1350 1571 1404 Petri
1617 1349 2034 1419 Thaumaturgi.

460 1530 708 1585 Sanctus
740 1532 912 1584 Pater
941 1535 1145 1584 noster
1200 1533 1405 1585 Petrus
1462 1527 2038 1601 Constantinopolim

388 1619 641 1689 patriam
673 1620 899 1685 habuit,
933 1620 1166 1690 piorum
1199 1623 1518 1690 parentum
1553 1618 1736 1686 filius,
1769 1618 1870 1689 qui
1906 1622 2037 1673 tan-

393 1706 527 1762 dem
559 1709 836 1764 monachi
866 1708 1004 1763 facti
1039 1713 1193 1763 sunt.
1227 1708 1319 1762 Sic
1351 1713 1550 1762 autem
1591 1708 1652 1762 in
1693 1709 1907 1762 virtute
1938 1705 2040 1761 de-

392 1799 655 1864 certavit,
685 1803 750 1852 ut
775 1814 896 1853 non
942 1799 1018 1852 sit
1043 1797 1218 1852 facile
1247 1796 1564 1868 explicatu.
1597 1799 1722 1852 Non
1754 1797 1916 1852 enim
1947 1811 2040 1850 so-

2138 871 2235 922 τοῦ
2293 870 2544 944 Χριστοῦ.
2601 869 2664 924 Ἡ
2725 865 2781 922 δὲ
2841 865 3054 940 μᾶλλον
3113 865 3204 920 καὶ
3290 866 3428 935 αὐτῆ
3505 864 3793 940 ᾖρετίσατο

2145 966 2508 1033 μαρτυρῆσαι.
2554 960 2714 1016 Ὅθεν
2761 958 3039 1013 ἀνασπῶσι
3084 958 3180 1019 τὰς
3239 957 3434 1031 τρίχας
3484 963 3585 1026 τῆς
3627 977 3795 1034 κειρα-

2143 1046 2249 1118 λῆς
2279 1047 2468 1113 αὐτῆς.
2498 1049 2604 1104 Καὶ
2657 1047 2792 1122 μετὰ
2836 1051 3005 1102 ταῦτα
3050 1044 3502 1122 προσηλωθέντες
3549 1046 3796 1120 ἀμφότε-

2145 1157 2230 1212 ροι
2258 1136 2462 1213 τοίχῳ,
2523 1136 2611 1194 ἐπὶ
2669 1135 2820 1192 ἐννέα
2876 1137 3112 1212 ἡμέραις
3168 1137 3618 1211 καρτερήσαντας,
3677 1133 3794 1190 ἐτε-

2144 1225 2475 1297 λειώθησαν.

2144 1353 2247 1409 Καὶ
2307 1354 2499 1427 μνήμη
2555 1357 2653 1408 τοῦ
2711 1352 2864 1408 ὁσίου
2923 1353 3143 1428 Πατρὸς
3192 1353 3353 1426 ἡμῶν
3414 1350 3618 1424 Πέτρου
3691 1353 3794 1405 τοῦ

2738 1427 3162 1499 Θαυματουργοῢ
3179 1467 3192 1480 .

2223 1541 2446 1618 Πέτρος,
2479 1542 2508 1596 ό
2541 1541 2594 1597 ἐν
2623 1539 2798 1618 ἁγίοις
2845 1542 3036 1617 Πατὴρ
3085 1543 3271 1614 ἡμῶν,
3322 1541 3541 1618 ὑπῆρχε
3591 1541 3683 1614 μὲν
3739 1537 3804 1593 ἐκ

2147 1631 2799 1701 Κωνσταντινουπόλεως,
2881 1631 3084 1705 γονέων
3171 1625 3417 1685 εύλαϐὦν
3486 1629 3627 1697 υἱὸς,
3683 1633 3797 1684 τῶν

2147 1717 2368 1799 ὕστερον
2445 1723 2748 1796 γεγονότων
2825 1719 2915 1774 καὶ
2996 1723 3279 1794 μοναχῶν.
3359 1719 3460 1775 Καὶ
3537 1721 3801 1774 τοσοῦτον

2146 1810 2456 1886 ἠγωνίσατο
2511 1809 2586 1872 είς
2639 1808 2862 1883 ἀρετὴν,
2920 1809 3046 1863 ὅσον
3107 1804 3205 1863 οὔκ
3265 1806 3407 1863 ἐστιν
3467 1806 3658 1865 εἰπεῖν.
3718 1807 3803 1865 Ού

395 1888 521 1944 lum
552 1890 614 1944 in
633 1889 842 1960 vigiliis
865 1894 921 1943 et
946 1887 1434 1943 meditationibus
1457 1904 1759 1943 sacrarum
1782 1886 2040 1959 Scriptu-

2161 1901 2317 1971 μόνον
2349 1899 2453 1975 γὰρ
2483 1897 2750 1975 ἀγρυπνίᾳ
2799 1897 2889 1953 καὶ
2945 1895 3147 1971 μελέτῃ
3197 1901 3307 1951 τῶν
3366 1895 3521 1951 θείων
3574 1901 3806 1974 Γραφῶν

394 1994 595 2033 rarum
629 1978 947 2050 superabat
974 1994 1202 2045 omnes,
1235 1977 1338 2032 sed
1387 1983 1444 2032 et
1481 1977 1863 2048 eleemosyna
1893 1982 1950 2032 et
1979 1976 2042 2031 in

395 2082 687 2138 pauperes
713 2067 1248 2124 commiseratione.
1279 2067 1425 2122 Hinc
1442 2072 1680 2123 coactus
1698 2066 1828 2122 ﬁeri
1845 2066 2044 2121 Corin-

397 2155 482 2210 thi
515 2157 1018 2230 archiepiscopus,
1040 2161 1282 2229 propter
1302 2156 1486 2212 animi
1517 2155 2043 2222 demissionem,ac

396 2245 750 2302 modestiam
785 2246 999 2302 adduci
1029 2263 1150 2301 non
1179 2247 1389 2318 potuit,
1423 2251 1489 2301 ut
1518 2246 1901 2302 consentiret.
1937 2245 2044 2299 Or-

395 2333 597 2389 dinato
621 2335 801 2406 igitur
829 2335 1009 2391 fratre
1053 2335 1180 2406 ejus
1238 2334 1446 2402 Paulo,
1495 2339 1732 2391 secutus
1764 2351 1900 2389 eum
1933 2337 2041 2389 est.

391 2423 673 2478 Precibus
729 2431 926 2479 autem
985 2425 1329 2493 Argivorum
1360 2469 1377 2493 ,
1435 2431 1815 2480 consecratus
1875 2423 2044 2495 Argis

399 2512 731 2584 episcOpus,
767 2513 912 2569 adeo
946 2513 1342 2585 eleemosynis
1381 2513 1672 2582 incubuit,
1699 2518 1765 2568 ut
1795 2512 2044 2586 singulis

389 2601 602 2657 diebus
649 2602 802 2658 nihil
861 2603 921 2658 in
953 2619 1111 2675 penu
1145 2605 1274 2675 ejus
1306 2603 1566 2675 reperire
1623 2609 1799 2672 esset,
1830 2608 2047 2674 praeter

394 2693 680 2759 tunicam,
714 2710 893 2764 quam
925 2693 1166 2766 gerebat
1199 2711 1211 2748 :
1245 2710 1356 2750 nec
1385 2693 1576 2748 ullum
1607 2691 1680 2748 ad
1712 2707 1774 2748 se
1805 2692 2044 2748 venien-

393 2787 511 2835 tem
565 2798 886 2854 pauperem
939 2782 1284 2855 repellebat.
1320 2783 1484 2838 Unde
1543 2782 1748 2838 multis
1799 2781 2046 2854 patratis

393 2871 725 2943 miraculis,
753 2889 889 2929 cum
921 2873 1038 2929 Deo
1064 2873 1384 2940 serviisset,
1417 2873 1478 2928 in
1496 2889 1638 2946 pace
1673 2872 1947 2929 decessit.

957 3071 1200 3128 EODEM
1238 3071 1492 3128 MENSE.

1049 3160 1152 3214 Die
1184 3166 1396 3231 quarta

610 3248 710 3304 83
743 3249 1026 3304 Certamen
1053 3251 1231 3303 sancti
1263 3249 1478 3304 Silvani
1520 3247 1826 3318 martyris.,

471 3364 718 3418 Sanctus
759 3363 976 3418 Christi
1033 3368 1261 3435 martyr
1290 3363 1580 3432 Silvanus,
1637 3363 1752 3419 fuit
1806 3379 1877 3419 ex
1935 3363 2044 3419 Ga-

397 3467 650 3508 zaeorum
681 3451 943 3523 regione,
976 3453 1236 3523 primum
1295 3452 1535 3524 quidem
1593 3453 1787 3517 miles,
1841 3459 2048 3525 postea

398 3559 536 3597 vero
561 3541 850 3597 abdicatis
905 3557 1011 3612 pro
1071 3542 1302 3598 Christo
1359 3542 1583 3598 terreni
1627 3543 1780 3616 regis
1813 3543 2045 3612 castris,

399 3631 675 3688 militiam
707 3630 963 3686 ccelestis
1021 3632 1176 3704 regis
1206 3631 1422 3688 Christi
1456 3633 1716 3705 suscepit
1769 3633 1960 3699 Quare
1992 3637 2051 3687 et

403 3721 731 3777 sacerdotio
748 3719 959 3794 dignus
980 3721 1240 3789 habitus,
1264 3722 1524 3794 primum
1547 3722 1877 3795 presbyter,
1910 3721 2050 3777 dein

403 3811 714 3883 episcopus
745 3811 1054 3868 ordinatus
1083 3816 1192 3867 est.
1222 3812 1365 3866 Cum
1396 3829 1532 3868 vero
1574 3813 1906 3867 commissae
1939 3811 2050 3866 sibi

403 3900 669 3955 ecclesiae
697 3901 969 3973 regimini
987 3901 1626 3966 assidueincumberet,
1655 3907 1714 3956 et
1743 3901 1962 3957 multos
1985 3917 2053 3957 ea

407 3989 622 4044 Graecis
679 4006 786 4044 sua
837 3989 1106 4044 doctrina
1161 3989 1236 4044 ad
1287 3991 1605 4045 Dominum
1662 3997 2050 4059 converteret,

406 4078 868 4148 comprehensus
911 4079 982 4132 ab
1014 4078 1302 4146 idolatris,
1359 4084 1419 4132 et
1463 4095 1664 4134 coram
1693 4080 2053 4135 Cwsareensi

404 4166 624 4238 populo
643 4167 703 4220 in
719 4165 982 4222 medium
1001 4165 1342 4237 productus,
1369 4167 1691 4222 crudeliter
1719 4185 1909 4223 caesus
1930 4174 2050 4222 est:

407 4254 619 4310 deinde
651 4270 998 4325 suspensus,
1027 4256 1396 4327 graviterque
1423 4255 1766 4324 dilaniatus,
1799 4257 1875 4312 ad
1920 4257 2055 4312 aaris

407 4343 652 4399 metalla
681 4342 1015 4398 eITodienda
1058 4344 1405 4400 damnatur:
1441 4345 1544 4400 ubi
1576 4361 1714 4400 cum
1743 4345 1944 4417 plures
1977 4363 2051 4401 ae-

409 4450 654 4490 rumnas
701 4434 1102 4501 sustinuisset,
1135 4450 1202 4489 ac
1232 4433 1529 4489 Christum
1560 4450 1681 4490 non
1711 4435 1887 4490 modo
1919 4451 2056 4506 pro-

409 4523 563 4579 ﬁteri
597 4540 718 4579 non
749 4529 1027 4591 cessaret,
1062 4540 1262 4579 verum
1294 4524 1473 4579 etiam
1511 4524 1664 4589 aliis,
1719 4531 1776 4579 et
1799 4525 2058 4579 maxime

407 4613 500 4680 iis,
537 4615 637 4685 qui
670 4630 804 4669 cum
830 4614 960 4684 ipso
989 4620 1176 4679 erant,
1209 4630 1412 4670 verum
1437 4615 1619 4669 Deum
1649 4614 2049 4683 annuntiaret,

2165 4624 2531 4695 παυσάμενος,
2589 4619 2737 4678 ἀλλὰ
2793 4623 2880 4678 καὶ
2943 4620 3167 4693 ἄλλοις,
3225 4621 3316 4677 καὶ

408 4720 530 4759 una
559 4721 696 4759 cum
726 4705 860 4759 aliis
891 4703 1282 4777 quadraginta
1305 4705 1682 4776 martyribus,
1707 4705 1807 4776 qui
1825 4705 1896 4760 ab
1928 4705 2056 4776 ipso

412 4793 602 4847 edocti
631 4794 886 4860 fuerant,
921 4793 1110 4866 capite
1140 4793 1526 4850 obtruncatus
1555 4794 1687 4850 fuit.

414 5017 481 5071 Et
510 5021 781 5072 ccrtamen
807 5017 1146 5140 sacrosanfti
1174 5019 1432 5099 martyris
1462 5016 1702 5086 Olbiani,
1735 5023 1788 5072 et
1817 5018 2059 5088 discipu-

1091 5103 1246 5140 orum
1274 5103 1410 5140 eius.

1091 5103 1246 5142 orum
1274 5103 1410 5157 ejus.

485 5201 792 5269 Olbianus,
839 5202 1071 5258 divinus
1111 5209 1529 5276 sacromartyr,
1578 5207 1890 5278 episcopus
1927 5206 2059 5274 fuit,

415 5293 768 5348 Maximiano
792 5292 1142 5363 imperante,
1167 5299 1343 5363 atque
1364 5293 1591 5348 .Eliano
1614 5297 1766 5350 Asiae
1788 5295 2062 5368 praeside.

417 5384 562 5438 Cum
587 5387 782 5436 autem
814 5381 1057 5451 quidam
1114 5380 1412 5437 idolorum
1471 5384 1769 5452 sacerdos,
1819 5388 2063 5442 nomine

419 5469 799 5543 Agrippinus.
834 5468 1190 5523 sacrificium
1220 5469 1436 5524 Iunoni
1485 5471 1745 5538 oﬂ‘erret,
1795 5487 2063 5543 compre-

421 5559 646 5614 hensus
669 5564 726 5613 et
756 5557 903 5628 ipse,
955 5556 1301 5629 adigebatur
1344 5559 1680 5614 sacriﬁcare
1723 5565 1899 5630 atque
1949 5576 2065 5616 arte

423 5649 562 5704 thus
581 5647 838 5703 adolere.
871 5647 1085 5701 Verum
1110 5646 1209 5702 ille
1232 5647 1436 5703 multis
1449 5649 1817 5721 argumentis
1835 5649 2066 5721 piisque

428 5739 805 5798 sermonibus
835 5738 1232 5796 Christianam
1261 5740 1504 5812 quidem
1535 5740 1715 5798 fidem
1746 5741 2021 5798 exaltavit
2053 5785 2067 5811 ,

2152 1989 2353 2046 πάντας
2385 1988 2648 2058 ἐνίκησεν,
2681 1984 2826 2042 ἀλλὰ
2854 1983 2946 2041 καί
2987 1984 3352 2058 ἐλεημοσύνᾳ,
3405 1985 3495 2040 καὶ
3541 1987 3610 2058 τῇ
3659 1985 3804 2060 πρὸς

2144 2077 2272 2142 τοὺς
2327 2076 2561 2148 πένητας
2618 2077 2944 2151 συμπαθείᾳ.
3007 2077 3092 2149 Ἐξ
3155 2073 3218 2130 οὗ
3293 2074 3383 2130 καὶ
3453 2095 3799 2150 καταναγκα-

2149 2168 2294 2232 σθείς
2407 2168 2645 2244 γενέσθαι
2752 2164 3020 2241 Κυρίνθου
3133 2164 3585 2241 ἆρχιεπίσκοπος,
3699 2163 3802 2220 ούκ

2147 2255 2388 2326 ἐπείσθη,
2422 2253 2512 2310 διὰ
2555 2253 2882 2311 ταπείνωσιν
2924 2254 3014 2310 καὶ
3072 2249 3378 2310 εὐλάϐειαν.
3439 2253 3543 2310 Καὶ
3606 2272 3800 2329 χειρο-

2145 2344 2428 2416 τονηθέντι
2486 2344 2691 2418 Παύλῳ
2746 2349 2828 2418 τῷ
2884 2342 3106 2422 ἀδελφῷ
3168 2344 3357 2415 αὐτοῦ,
3433 2341 3800 2419 συγκατῆλθε·

2146 2434 2237 2490 καὶ
2267 2433 2614 2510 παρακλήσει
2652 2437 2760 2488 τῶν
2789 2437 2804 2459 ²
2826 2435 3076 2509 Αργειων
3127 2433 3522 2508 ἐχειροτονήθη
3569 2435 3807 2508 Ἄργους

2149 2522 2464 2585 ἐπίσκοπος.
2499 2523 2600 2580 Καὶ
2659 2521 2833 2584 οὕτως
2893 2520 3219 2578 ἐσπούδασεν
3275 2521 3351 2584 εἷς
3398 2520 3804 2594 ἐλεημοσύνην,

2149 2613 2226 2674 ὧς
2286 2609 2459 2686 μηδὲν
2519 2613 2637 2666 καθ’
2699 2611 2926 2682 ἑκάστην
2983 2617 3289 2688 συγχωρεῖν
3354 2609 3688 2686 εὑρίσκεσθαι
3746 2609 3803 2664 ἐν

2146 2707 2228 2774 τῷ
2257 2698 2467 2774 κελλίῳ
2496 2701 2683 2772 αὐτοῦ,
2713 2702 2862 2771 πλὴν
2889 2705 2988 2756 τοῦ
3037 2706 3292 2777 χιτῶνος,
3343 2701 3403 2756 ὅν
3456 2700 3658 2778 ἐφόρει,
3707 2698 3803 2754 καὶ

2154 2788 2295 2865 μηδὲ
2326 2789 2533 2845 ἐκείνου
2565 2786 2870 2870 φείδεσθαι,
2902 2795 3136 2868 πτωχυῦ
3176 2788 3590 2864 προσελθόντος.
3641 2795 3808 2853 ’Ὅθεν

2149 2879 2336 2938 πολλᾶ
2369 2881 2617 2954 θαύματα
2648 2882 2904 2952 ποιήσας,
2961 2881 3053 2936 καὶ
3111 2881 3203 2936 τὸν
3263 2880 3392 2937 Θεὸν
3454 2877 3809 2956 θεραπεύσας,

2150 2969 2206 3026 ἐτ
2233 2969 2426 3046 εἰρήνῃ
2459 2967 2776 3040 ἐτελειώθη.

2703 3061 2882 3118 MHNI
2920 3065 3004 3116 ΤΩ
3044 3061 3244 3119 ΔΥΤΩ.

2941 3151 2995 3206 Δ.

2367 3250 2638 3324 Ἀθλησις
2668 3255 2766 3308 τοῦ
2794 3251 2955 3328 ἁγίου
2990 3253 3264 3327 μάρτυρος
3296 3243 3591 3308 Σιλϐανοῦ.

2227 3363 2520 3440 Σιλϐανὸς,
2555 3371 2584 3425 ὁ
2625 3375 2724 3427 τοῦ
2772 3374 3012 3445 Χριστοῦ
3066 3369 3420 3445 ἱερομάρτυς,
3473 3369 3540 3439 ἦν
3597 3369 3692 3441 μὲν
3743 3365 3806 3422 ἐκ

2152 3463 2252 3526 τῆς
2283 3463 2390 3514 τῶν
2450 3459 2694 3529 Γαζαίων
2756 3461 2966 3536 χώρας,
3028 3459 3367 3536 στρατιώτης
3427 3455 3484 3514 δὲ
3541 3458 3808 3534 πρότερον

2157 3547 2442 3625 ὑπάρχων,
2475 3548 2696 3621 ὕστερον
2731 3547 2822 3604 διὰ
2851 3550 3081 3625 Χριστὸν
3126 3548 3444 3605 καταλιπὼν
3495 3549 3587 3604 τὸν
3636 3566 3812 3622 στρα-

2154 3639 2398 3704 τεύεσθαι
2427 3642 2509 3712 τῷ
2537 3636 2722 3712 Τηίνῳ
2777 3639 3017 3714 βασιλεῖ,
3071 3637 3398 3712 ἐστρατεύθη
3446 3640 3526 3710 τῷ
3575 3634 3820 3710 ἐπουρα-

2157 3727 2260 3792 νίῳ
2294 3728 2512 3804 βασιλεῖ
2541 3729 2791 3803 Χριστῷ.
2833 3728 2929 3782 Διὸ
2959 3727 3050 3783 καὶ
3084 3726 3388 3802 ἱερωσύνης
3438 3729 3820 3796 καταζιοῦται,

2157 3818 2449 3892 γενόμενος
2482 3812 2867 3892 πρεσϐύτερος,
2918 3818 3034 3872 εἶτα
3091 3815 3410 3878 ἐπίσκοπος.
3458 3817 3546 3872 Ἐν
3593 3817 3665 3887 τῇ
3714 3819 3818 3871 τοῦ

2159 3908 2395 3982 Χριστοό
2452 3905 2511 3962 δὲ
2563 3907 2978 3982 προσκαρτερῶν
3041 3904 3325 3977 ἐκκλησίᾳ,
3385 3903 3476 3960 καὶ
3560 3903 3817 3967 πολλοὺς

2159 4001 2268 4050 τῶν
2296 3994 2583 4066 Ἑλλήνων
2637 3993 2726 4050 διὸ.
2770 4003 2870 4065 τῆς
2911 3993 3271 4056 διδασκαλίας
3333 3993 3498 4049 αὐτοῦ
3553 3993 3814 4066 ἐπιστρὲ-

2163 4107 2276 4162 φων
2301 4084 2388 4138 ἐπὶ
2435 4085 2526 4139 τὸν
2577 4084 2800 4159 Κύριον,
2861 4084 3135 4158 ἐκρατήθη
3200 4083 3304 4139 ὑπὸ
3347 4087 3454 4138 τῶν
3508 4080 3819 4138 εἰδωλολα-

2160 4178 2326 4247 τρῶν.
2361 4173 2456 4228 Καὶ
2488 4173 2677 4249 ἀχθεὶς
2729 4173 2804 4236 εἷς
2857 4177 3017 4246 μέσον
3068 4177 3165 4228 τοῦ
3223 4170 3405 4245 δήμου
3453 4175 3560 4227 τῶν
3619 4179 3822 4226 Καισα-

2165 4263 2325 4338 ρέων,
2379 4261 2580 4341 ἐτύφθη
2641 4259 2901 4338 ἀφειδῶς.
2984 4263 3118 4320 Εἶτα
3200 4261 3545 4338 κρεμασθεὶς,
3632 4260 3820 4333 ἐξέσθη

2165 4350 2426 4426 ἰσχυρῶς·
2459 4352 2549 4406 καὶ
2595 4352 2729 4425 μετά
2771 4356 2942 4407 ταῦτα
2999 4351 3053 4407 ἐν
3114 4357 3232 4414 τοῖς
3285 4356 3384 4406 τοῦ
3445 4349 3659 4426 χαλκοῦ
3724 4369 3824 4424 με·

2164 4438 2394 4502 τάλλοις
2456 4439 2746 4515 χαλκεύειν
2804 4437 3185 4511 κατεδικάσθη.
3257 4441 3344 4497 Ἐν
3426 4441 3509 4503 οἷς
3587 4437 3825 4494 πλεῖστα

2164 4532 2524 4605 τιμωρηθεὶς,
2555 4532 2646 4587 καὶ
2675 4532 2766 4586 τὸν
2797 4533 3035 4606 Χριστὸν
3079 4530 3141 4587 ού
3197 4531 3360 4605 μόνον
3406 4529 3701 4605 ὁμολογεῖν
3740 4532 3821 4604 μή

3401 4621 3644 4696 μάλιστα
3697 4627 3821 4685 τοῖς

2172 4712 2309 4786 μετά
2336 4712 2500 4767 αὐτοῦ
2531 4713 2650 4767 οὖσι
2689 4713 2817 4768 Θεὸν
2869 4711 3153 4788 κηρύττων
3203 4711 3497 4782 ἀληθινὸν,
3547 4714 3683 4786 μετᾶ
3730 4713 3830 4768 καὶ

2168 4800 2356 4857 ἄλλων
2405 4801 2802 4876 τεσσαράκοντα
2861 4804 3150 4877 μαρτύρων
3208 4805 3319 4856 τῶν
3363 4801 3452 4856 ὑπ’
3513 4801 3679 4856 αὐτοῦ
3737 4798 3831 4856 δι-

2170 4887 2504 4966 δαχθέντων,
2537 4889 2674 4969 ξίφει
2705 4892 2804 4960 τήν
2838 4889 3079 4964 κεφαλὴν
3112 4889 3428 4964 ἀπετμήθη.

2169 5016 2269 5070 Καὶ
2298 5013 2532 5086 ἄθλησις
2572 5019 2670 5071 τοῦ
2719 5015 2875 5090 ἁγίου
2908 5016 3324 5090 κίεροςιάρτυρος
3373 5011 3686 5087 Ὀλόιανοῦ,
3735 5019 3826 5073 καὶ

2682 5087 2791 5142 τῶν
2824 5089 2928 5160 μαθ
2940 5087 3081 5158 ητῶν
3113 5087 3298 5144 αύτοῦ.

2245 5201 2552 5274 Ὀλϐιανὸς,
2601 5207 2629 5261 ὁ
2682 5211 2825 5271 θεῖος
2877 5208 3228 5282 ἱερομάρτυς,
3281 5205 3572 5270 ἐπίσκοπος
3617 5208 3687 5277 ἦν
3737 5207 3830 5264 ἐπὶ

2171 5297 2512 5368 Μαξιμιανοῦ
2543 5298 2638 5349 τοῦ
2673 5293 2970 5370 βασιλέως,
3011 5293 3446 5370 ἡγεμονεύοντος
3490 5298 3586 5364 τῆς
3641 5296 3829 5360 Ἀσίας

2173 5383 2460 5441 Αἷλιανοῦ.
2514 5385 2880 5459 Ἀγριππίνου
2939 5383 2996 5440 δέ
3047 5405 3194 5448 τινος
3253 5384 3441 5461 ἱερέως
3501 5386 3658 5448 δντος
3711 5391 3822 5442 τῶν

2179 5471 2450 5542 εἰδώλων,
2511 5472 2695 5528 θυσίαν
2755 5472 3137 5536 ἐπιτελοῦντος
3189 5476 3259 5548 τῇ
3318 5476 3482 5550 Ἥρᾳ,
3540 5477 3837 5550 κρατηθεὶς

2173 5561 2505 5638 ἠναγκάζετο
2563 5565 2743 5631 θῦσαι,
2829 5561 2918 5618 καὶ
2997 5557 3298 5617 λιϐκνωτὸν
3385 5557 3664 5619 ἐπιϐαλεῖν
3750 5568 3832 5637 τῷ

2181 5653 2378 5728 βωμῷ.
2409 5652 2470 5709 Ὁ
2502 5648 2560 5706 δὲ
2588 5650 2826 5714 πολλαῖς
2859 5651 3150 5716 ἀντιθέσεσι
3203 5652 3294 5706 καὶ
3345 5651 3536 5728 λόγοις
3585 5649 3824 5710 εὐσεϐέσι

2178 5741 2276 5809 τὴν
2312 5742 2407 5814 μὲν
2437 5742 2573 5796 κατὰ
2620 5740 2854 5814 Χριστὸν
2901 5740 3084 5797 πίστιν
3131 5740 3371 5816 ἐξυμνῶν
3420 5741 3507 5797 καὶ
3568 5740 3830 5815 ἐπαινῶν,
