4158 6310
324 322 442 382 437
1892 327 1926 386 Il

2042 327 2161 388 US.
3612 333 3732 394 438

322 447 416 515 τὴν
449 445 506 504 δὲ
531 452 642 504 τῶν
672 447 918 505 εἰδώλων
951 454 1240 525 θρησκείαν
1287 453 1548 524 κακίζων,
1595 457 1684 510 καὶ
1737 451 1926 512 διαϐάλ

2042 507 2054 526 ι
2085 463 2142 513 et
2191 458 2583 529 collaudavit;
2646 460 3130 532 superstitionem
3180 465 3378 517 autem
3433 461 3730 520 idolorum

323 533 456 604 λων,
492 543 711 613 πρῶτον
745 541 838 612 μὲν
871 536 1151 603 σουϐλίοις
1198 546 1614 617 πεπυρωμένοις
1656 546 1724 600 τὰ
1770 544 1926 601 σπλά·

2079 547 2304 604 cultum
2336 550 2651 622 depressit,
2685 556 2744 604 et
2771 549 3093 606 damnavit.
3129 552 3498 623 Quapropter
3531 553 3729 624 ignitis

323 645 425 701 χνα
465 627 558 682 καὶ
612 629 682 684 τά
737 630 847 704 ψύα
898 627 1212 689 διακαίεται.
1273 633 1402 689 Εἶτα
1456 629 1678 708 ῥάϐδοις
1735 633 1926 707 ἀφειδᾶ

2077 638 2333 707 primum
2368 640 2598 694 subulis
2620 640 2843 694 viscera
2873 641 3022 711 ejus.
3049 646 3106 694 et
3137 640 3325 694 lumbi
3358 640 3725 696 aduruntur:

319 715 595 788 τύπτεται,
653 717 744 772 καὶ
800 721 868 790 τῇ
917 717 1133 797 φυλακῇ
1210 720 1589 796 παραδίδοται.
1650 719 1926 794 Ἐκϐληθε

2074 727 2250 799 virgis
2307 728 2522 783 deinde
2573 728 2894 784 crudeliter
2940 728 3306 791 verberatus,
3336 731 3398 784 in
3431 745 3728 785 carcerem

322 801 377 859 δέ
413 807 546 878 μετά
573 811 736 861 τοῦτο
786 809 884 875 τῆς
931 807 1206 884 φυλακῆς,
1260 811 1351 864 καὶ
1397 811 1562 866 πάλιν
1612 811 1926 885 ἀναγκασθεῖ

2073 815 2446 871 detruditur:
2483 823 2689 889 postea
2736 834 2871 873 vero
2932 835 3002 873 ex
3061 834 3298 874 carcere
3357 819 3627 883 eductus,
3659 835 3728 876 ac

321 893 646 969 ἀρνήσασθαι
679 897 774 969 μὲν
805 897 898 952 τὸν
927 899 1178 972 Χριστὸν,
1213 903 1366 964 θῦσαι
1398 897 1456 956 δε
1513 907 1631 964 τοῖς
1684 899 1926 957 εἲδώλοιι

2071 903 2265 959 denuo
2298 906 2642 978 compulsus
2673 907 2968 962 Christum
2994 906 3308 980 abnegare.
3342 913 3402 963 et
3431 907 3608 962 idolis
3641 925 3728 964 sa-

320 984 406 1038 καὶ
442 987 520 1056 μή
565 985 824 1056 πεισθεὶς,
878 987 1012 1061 μετά
1055 992 1163 1043 τῶν
1218 994 1476 1062 μαθητῶν
1521 989 1685 1046 αὐτοῦ
1724 992 1823 1059 τὴν
1876 987 1925 1046 δι

2069 995 2358 1064 criﬁcare,
2391 1014 2526 1052 cum
2559 997 2620 1052 id
2644 997 2836 1053 facere
2866 1004 3221 1064 recusasset,
3247 1015 3366 1055 una
3387 1014 3522 1054 cum
3552 999 3726 1054 disci-

317 1073 482 1149 πυρὸς
542 1073 813 1142 ἀπόφασιν
873 1073 1110 1152 δέχεται.
1174 1079 1268 1134 Καὶ
1330 1078 1658 1158 ἀναφθείσης
1728 1078 1926 1152 καμίνο

2066 1084 2225 1155 pulis
2256 1086 2380 1141 suis
2421 1086 2494 1141 ad
2553 1089 2750 1159 ignem
2804 1087 3120 1144 damnatus
3168 1094 3295 1144 est:
3355 1104 3422 1144 ac
3469 1088 3719 1160 proinde

315 1166 610 1252 καιομένης
665 1165 910 1241 μεγάλης
963 1165 1192 1243 σφόδρα,
1249 1169 1383 1243 μετᾶ
1433 1169 1610 1225 αὐτῶν
1656 1166 1922 1244 ἐμϐληθεῖ

2064 1174 2287 1246 ingenti
2311 1175 2550 1232 fornace
2581 1193 2851 1246 accensa,
2887 1193 3006 1234 una
3037 1194 3174 1235 cum
3195 1178 3317 1235 illis
3337 1178 3400 1234 in
3422 1193 3553 1234 eam
3579 1194 3713 1252 pro-

311 1250 360 1306 ἐν
390 1250 550 1326 αὐτῇ,
584 1252 900 1326 ἐτελειώθη.

2054 1263 2274 1333 jectus,
2295 1265 2475 1321 vitam
2507 1266 2716 1322 ﬁnivit.

2063 1378 2164 1434 84
2192 1383 2265 1435 Et
2292 1384 2559 1437 memoria
2586 1385 2763 1437 sancti
2813 1385 3131 1453 Nicephori,
3194 1385 3485 1454 hegumeni
3518 1400 3712 1441 mona-

310 1371 403 1426 Καὶ
450 1370 681 1442 ἄθλησις
735 1377 834 1428 τοῦ
874 1373 1056 1452 fatos
1100 1375 1439 1452 Ntxncpdpou,
1489 1376 1804 1452 ἡγουμένου
1852 1385 1952 1450 τῆς

2671 1457 2827 1510 sterii
2860 1456 3100 1510 Medicii.

805 1448 905 1500 τοῦ
932 1443 1209 1516 Μηδικίου
1228 1443 1439 1520 ’μονῆςᾲ

374 1557 433 1613 Ὁ
464 1555 615 1620 ὅσιος
639 1557 959 1634 Νικηφόρος
993 1559 1236 1633 ὑπῆρχεν
1288 1560 1382 1631 μὲν
1438 1560 1526 1616 ἐπὶ
1577 1567 1686 1617 τῶν
1737 1563 1950 1638 χρόνων

305 1646 409 1700 τῶν
468 1645 890 1723 Εἰκονομάχωψ
955 1647 1014 1702 ἐκ
1099 1647 1328 1726 βρέφους
1410 1647 1466 1704 δὲ
1538 1654 1787 1722 ποθήσας
1855 1655 1944 1709 τὸν

305 1736 554 1807 Χριστὸν,
583 1739 671 1794 καὶ
725 1739 866 1812 ὁρῶν
925 1740 1023 1807 τήν
1078 1738 1282 1812 αἳρεσιν
1340 1738 1732 1814 αὐξανομένην,
1789 1764 1948 1798 κατα.

2131 1560 2377 1614 Sanctus
2409 1561 2772 1632 Nicephorus
2804 1563 2946 1617 vixit
2993 1563 3357 1634 temporibus
3400 1565 3706 1619 Iconoma-

2056 1646 2324 1701 chorum.
2357 1650 2404 1702 Α
2435 1649 2689 1719 pueritia
2718 1666 2854 1704 cum
2905 1650 3122 1705 Christi
3174 1665 3376 1706 amore
3407 1650 3702 1722 ﬂagraret,

2054 1733 2449 1807 haeresimque
2478 1737 2648 1793 valde
2661 1737 2974 1794 adauctam
2990 1739 3236 1805 videret,
3252 1739 3460 1794 relicto
3477 1739 3697 1794 mundo

306 1823 479 1882 λιπὼν
511 1828 604 1882 τὸν
635 1829 864 1901 κόσμον,
895 1829 986 1884 καὶ
1033 1827 1100 1884 τὰ
1149 1827 1202 1883 ἐν
1250 1829 1464 1903 κόσμῳ,
1509 1831 1600 1886 καὶ
1644 1833 1926 1907 γενόμενος

2053 1829 2112 1878 et
2150 1825 2424 1880 omnibus
2456 1843 2587 1898 quin
2610 1828 2672 1882 in
2702 1844 2770 1882 eo
2804 1833 2961 1892 sunt,
2994 1829 3328 1884 monachus
3352 1828 3566 1892 factus.
3597 1845 3698 1883 se-

305 1917 565 1992 μοναχὸς,
599 1915 844 1987 ἀπῆλθεν
875 1916 929 1973 ἐν
960 1923 1077 1980 τοῖς
1108 1912 1272 1991 ὄρεσι,
1316 1921 1406 1973 καί
1456 1918 1721 1995 ἡσύχαζε,
1770 1942 1940 1997 προσ-

301 2011 488 2081 ευχαῖς
519 2007 612 2061 καὶ
659 2008 930 2080 νηστείαις
984 2007 1297 2083 σχολάζων,
1355 2008 1445 2062 καὶ
1498 2013 1616 2081 Θεῷ
1665 2009 1796 2085 ὑπὲρ
1843 2014 1944 2081 τῆς

301 2094 688 2169 οἶκουμενικῆς
743 2096 1116 2160 καταστάσεως
1161 2096 1634 2173 προσευχόμενος.
1686 2097 1942 2172 Γαληνη-

298 2185 460 2254 σάσης
518 2181 577 2239 δὲ
631 2186 824 2260 μικρὸν
877 2191 976 2254 τῆς
1038 2185 1318 2260 αἱρέσεως,
1373 2184 1562 2260 πολλῇ
1595 2187 1937 2261 παρακλήσει

296 2270 398 2320 τῶν
461 2272 724 2342 μονα-χῶν
780 2269 1015 2342 προέστη
1074 2277 1174 2338 τῆς
1220 2275 1318 2325 τοῦ
1393 2269 1665 2342 Μηδικίου
1745 2284 1936 2348 μονῆς.

297 2353 452 2416 Αὖθις
486 2353 546 2411 δὲ
597 2361 766 2411 κακοῦ
823 2357 1328 2432 ἀναρῥιπισθέντος,
1385 2359 1472 2414 καὶ
1527 2364 1630 2426 τῆς
1683 2363 1939 2432 αἱρέσεως

294 2442 390 2498 ὑπὸ
443 2445 682 2509 Λέοντος
735 2450 833 2501 τοῦ
891 2443 1179 2509 δυσσεϐοῦς
1244 2447 1516 2524 βασιλέως
1593 2451 1939 2523 αὐξηθείσης,

293 2532 540 2603 ἐξωσθεὶς
571 2542 675 2604 τῆς
722 2535 964 2609 ποίμνης
1011 2537 1084 2600 ὡς
1143 2539 1527 2612 προσκυνητής
1579 2542 1685 2593 τῶν
1740 2541 1936 2596 πανσέ-

299 2644 439 2679 πτων
492 2623 739 2693 εῗκόνων,
796 2626 885 2680 καὶ
940 2632 1060 2690 ταῖς
1143 2631 1250 2682 τῶν
1328 2628 1496 2702 ἁγίων
1572 2634 1931 2703 πατριαρχῶν

302 2711 539 2776 ἐντολαῖς
578 2714 866 2788 ἑπόμενος,
925 2720 1145 2790 πικραῖς
1199 2715 1428 2790 ἐξορίαις
1475 2712 1935 2790 καθυποϐληθείς,

307 2802 357 2858 ἐν
408 2807 775 2880 σκοτεινοτάτῃ
822 2804 1040 2884 φυλακῇ
1100 2805 1454 2878 ἀπεκλείσθη.
1508 2808 1678 2864 Ἔνθα
1723 2807 1812 2862 καὶ
1862 2809 1936 2872 ὡς

309 2897 506 2969 στερεὸς
536 2896 776 2968 Ξιθλητής
810 2899 909 2967 τὴν
941 2897 1289 2974 ψυχόλεθρον
1323 2896 1534 2969 ἀπάτην
1584 2893 1932 2973 καταϐαλὼν,

303 2984 426 3056 πρὸς
452 2985 704 3060 Χριστὸν,
737 2984 795 3040 δν
820 2983 1104 3058 ἐπόθησεν,
1129 2983 1279 3058 ἐξεδή
1293 3006 1484 3059 μησεν.

288 3102 384 3158 Καὶ
427 3114 623 3178 μνήμη
678 3107 777 3159 τοῦ
834 3104 989 3159 ὁσίου
1049 3103 1289 3179 Πατρὸς,
1324 3105 1486 3178 ἡμῶν
1538 3102 1780 3179 Ἱλαρίου
1834 3107 1932 3160 τοῦ

877 3178 1330 3250 Θαυματουργοῦ.

341 3286 578 3360 Ἶλάριος
610 3290 639 3343 ὁ
683 3289 1130 3364 Θαυματουργὸς,
1181 3287 1241 3343 ἐκ
1294 3292 1489 3364 νεαρᾶς
1545 3289 1769 3358 ἠΛικίας
1821 3311 1928 3364 μο-

275 3378 442 3453 ναχὸς
473 3379 797 3453 γενόμενος,
845 3379 936 3434 καὶ
991 3380 1086 3434 τὸν
1147 3379 1373 3454 σταυρὸν
1420 3379 1589 3434 αὐτοῦ
1634 3377 1718 3434 ἐπ’
1763 3376 1930 3452 ὣμων

275 3467 569 3539 ἀράμενος,
603 3471 683 3541 τῷ
715 3467 1076 3543 σταυρωθέντι
1133 3464 1204 3522 δι’
1251 3469 1401 3540 ἡμᾶς
1457 3466 1700 3542 Δεσπότῃ
1759 3488 1927 3538 κατη-

269 3555 631 3627 κολούθησεν·
664 3556 752 3612 καὶ
806 3558 874 3612 τὰ
925 3556 1069 3627 πάθη
1125 3563 1226 3626 τῆς
1275 3556 1472 3631 σαρκὸς
1534 3557 1800 3628 ὑποτάξας
1858 3554 1926 3612 δι’

2051 1913 2229 1968 cessit
2257 1915 2319 1969 in
2349 1921 2602 1982 montes,
2648 1917 2883 1988 egitque
2912 1918 3093 1972 vitam
3125 1917 3531 1989 tranquillam,
3566 1933 3699 1973 ora-

2052 2004 2313 2059 tionibus
2342 2021 2409 2061 ac
2441 2007 2694 2078 jejuniis
2752 2024 2983 2074 vacans,
3045 2024 3080 2064 a
3137 2010 3254 2064 Deo
3304 2025 3410 2080 pro
3461 2006 3702 2079 publica

2049 2094 2257 2150 mundi
2275 2095 2471 2166 quiete
2495 2113 2700 2168 preces
2717 2099 2993 2153 offerens.
3021 2098 3241 2154 Deinde
3262 2098 3465 2154 sedata
3494 2096 3701 2169 paulu-

2049 2183 2174 2239 lum
2191 2185 2422 2252 haaresi,
2439 2187 2747 2242 monachis
2765 2188 2933 2242 enixe
2949 2189 3313 2260 rogantibus,
3335 2187 3698 2243 monasterio

2049 2273 2279 2329 Medicii
2313 2275 2567 2345 praefuit.
2603 2277 2816 2331 Verum
2849 2293 2920 2332 ea
2949 2276 3045 2331 lue
3076 2277 3292 2332 iterum
3345 2275 3701 2332 recurudes-

2050 2369 2241 2424 cente,
2267 2369 2443 2434 atque
2466 2364 2703 2432 hmresi,
2733 2366 2942 2421 Leonis
2964 2365 3132 2437 impii
3164 2367 3540 2438 imperatoris
3561 2371 3705 2420 tem-

2047 2450 2315 2521 poribus,
2345 2453 2497 2508 vires
2527 2460 2888 2523 resumente,
2912 2471 2947 2510 a
2975 2470 3150 2527 grege
3174 2473 3279 2510 suo
3308 2454 3588 2526 expulsus
3613 2460 3704 2510 est

2047 2544 2329 2610 tanquam
2363 2541 2836 2598 venerandarum
2867 2544 3192 2616 imaginum
3225 2544 3436 2611 cultor,
3471 2549 3530 2600 et
3561 2559 3700 2599 san-

2046 2632 2276 2683 ctorum
2309 2631 2780 2701 patriarcharum
2806 2633 3118 2704 praeceptis
3148 2633 3450 2689 inhaerens
3476 2650 3488 2688 :
3522 2649 3695 2688 acer-

2043 2715 2254 2788 bisque
2295 2720 2576 2775 aerumnis
2608 2721 2932 2792 subjectus,
2966 2722 3028 2776 in
3079 2723 3458 2778 tenebrosum
3491 2740 3692 2779 carce-

2044 2823 2170 2861 rem
2203 2805 2575 2862 detruditur:
2609 2808 2708 2864 ubi
2742 2815 3024 2880 tanquam
3067 2810 3428 2866 fortissimus
3467 2811 3692 2868 athleta

2043 2912 2177 2952 cum
2219 2897 2622 2968 perniciosum
2678 2899 2894 2952 animae
2926 2899 3157 2954 illatum
3195 2916 3457 2955 errorem
3487 2900 3689 2955 detur-

2041 2983 2261 3052 basset,
2294 2984 2366 3040 ad
2397 2986 2715 3059 Christum,
2740 3005 2917 3059 quem
2944 2995 3262 3060 optaverat,
3288 2989 3612 3061 emigravit.

2041 3103 2112 3158 Et
2156 3104 2424 3158 memoria
2476 3106 2657 3159 sancti
2706 3107 2894 3160 Patris
2947 3108 3122 3162 nostri
3169 3105 3379 3162 Hilarii
3409 3105 3686 3162 Thauma-

2781 3179 2950 3247 turgi.

2110 3280 2368 3338 Hilarius
2425 3283 2914 3353 Thaumaturgus,
2977 3284 3038 3340 in
3069 3285 3261 3356 primo
3315 3284 3506 3341 astatis
3538 3287 3684 3341 ﬂore

2036 3371 2367 3427 monachus
2395 3371 2608 3440 factus,
2640 3388 2995 3445 crucemque
3019 3389 3189 3429 suam
3207 3390 3384 3446 super
3402 3373 3686 3431 humeros

2035 3458 2331 3532 bajulans,
2363 3461 2714 3518 cruciﬁxum
2755 3479 2861 3534 pro
2892 3462 3064 3517 nobis
3095 3463 3413 3518 Dominum
3446 3469 3683 3520 secutus

2034 3554 2142 3606 est.
2176 3551 2320 3605 Cum
2353 3556 2552 3606 autem
2584 3551 2778 3606 carnis
2796 3551 3140 3607 affectiones
3158 3553 3528 3608 continentia
3553 3552 3686 3608 sub-

272 3642 614 3720 ἐγκρατείας,
647 3645 700 3700 ἐν
731 3647 927 3708 πάσαις
961 3647 1176 3721 ἀρεταῖς
1204 3645 1331 3707 τοὺς
1387 3645 1666 3720 μοναχοὺς
1724 3648 1926 3709 πάντας

2042 3637 2293 3706 iecisset,
2326 3639 2388 3693 in
2440 3639 2719 3694 omnibus
2749 3640 3061 3695 virtutibus
3113 3641 3437 3696 monachos
3467 3657 3681 3696 omnes

269 3731 540 3803 ἐνίκησεν.
604 3736 690 3790 Ἐν
769 3734 1161 3807 σκοτεινοτάτῳ
1242 3733 1343 3810 γὰρ
1427 3733 1658 3807 οἰκίσκῳ
1736 3735 1922 3790 ἑαυτὸν

269 3822 632 3892 ἀποκλείσας,
687 3823 777 3879 καὶ
834 3822 935 3896 ἔξω
1011 3817 1248 3899 θορύϐου
1331 3822 1526 3885 παντὸς
1612 3823 1922 3899 γενόμενος,

269 3911 635 3986 ἐλαμπρύνθη
693 3917 763 3987 τῇ
820 3913 1063 3986 ἀπαθείᾳ.
1131 3914 1226 3968 Διὸ
1280 3913 1370 3968 καὶ
1448 3921 1548 3983 τῆς
1629 3914 1926 3988 ἱερωσύνης

267 4003 611 4074 κατηξιώθη,
643 4001 733 4057 καί
783 4007 881 4058 τοῦ
940 4003 1191 4076 θαύματα
1248 3999 1540 4058 ἐπιτελεῖν·
1603 4004 1764 4073 ζώοις
1821 4005 1922 4081 γὰρ

266 4088 501 4164 ἐπετίμα
554 4087 997 4148 καταϐλάπτουσι
1052 4093 1120 4147 τά
1176 4092 1426 4167 φυόμενα
1473 4091 1772 4166 σπέρματα,
1832 4093 1922 4148 καὶ

269 4179 567 4236 ἀπεδίωκεν
600 4181 732 4236 αὐτὰ
762 4180 822 4236 ἐκ
867 4185 964 4236 τοῦ
1022 4181 1217 4256 ἀγροῦ,
1273 4179 1363 4236 καὶ
1421 4182 1607 4256 πηγὴν
1667 4181 1922 4257 χαλάζης

271 4267 334 4326 δι’
369 4273 544 4346 εὐχῆς
577 4270 872 4341 ἀνέστειλε,
905 4272 994 4328 καὶ
1053 4279 1157 4346 γῆν
1209 4269 1452 4346 διψῶσαν
1509 4268 1743 4346 ὄμϐροις
1793 4272 1920 4329 ἐπό-

268 4380 396 4415 τισε·
432 4360 524 4415 καὶ
571 4360 696 4437 ῥοῦν
750 4363 1042 4433 ποτάμιον,
1087 4361 1161 4423 ὡς
1192 4363 1220 4416 ὁ
1249 4363 1538 4437 προφήτης
1586 4361 1918 4432 Ἐλισσαῖος,

269 4443 570 4523 διέρῥηξεν,
627 4448 718 4502 καί
770 4448 935 4524 ξηρὰν
993 4453 1155 4523 χεῖρα
1211 4447 1506 4521 ἀνθρώπου
1563 4448 1771 4520 ἰάσατο,
1828 4451 1917 4506 καὶ

267 4535 458 4612 τυφλῷ
513 4536 575 4591 τὸ
638 4535 856 4611 βλέπειν
918 4536 1234 4613 ἐχαρίσατο,
1288 4536 1376 4592 καὶ
1431 4535 1587 4614 ἕτερα
1666 4540 1912 4612 θαύματα

274 4625 503 4683 πλεῖστα
533 4629 790 4700 ποιήσας,
823 4626 875 4682 ἐν
909 4626 1101 4704 εἷ’ρήνῃ
1133 4627 1270 4702 πρὸς
1299 4626 1494 4702 Κύριον
1523 4625 1672 4702 ἐξεδή
1684 4651 1873 4703 μησεν.

811 4817 985 4873 ΜΗΝΙ
1021 4821 1111 4873 ΤΩ
1151 4819 1342 4873 ΑΥΤΩ.

1061 4909 1116 4960 Ε,

499 4994 772 5068 1Ἀθλησις
801 5004 902 5068 τῆς
929 4997 1082 5073 ἁγίας
1117 4995 1386 5074 μάρτυρος
1418 4998 1680 5075 Εἰρήνης.

338 5122 572 5196 Εἰρήνη,
604 5125 638 5192 ἡ
669 5127 765 5176 τοῦ
815 5124 1051 5197 Χριστοῦ
1114 5124 1338 5198 μάρτυς,
1394 5123 1465 5192 ἦν
1522 5123 1762 5200 θυγάτηρ
1813 5133 1911 5182 Δι-

268 5212 468 5266 κιννίου
523 5209 865 5286 βασιλίσκου’
929 5207 1202 5287 εὔμορφος
1259 5209 1318 5266 δὲ
1375 5211 1723 5287 ὑπάρχουσά,
1784 5211 1913 5268 ἀπε-

267 5297 488 5369 κλείσθη
520 5301 666 5371 παρά
712 5303 808 5353 τοῦ
857 5301 1062 5374 πατρὸς
1116 5299 1286 5364 αὐτῆς
1345 5299 1398 5354 ἐν
1449 5300 1639 5376 πύργῳ
1691 5300 1910 5376 ὑψηλῷ,

272 5382 318 5456 ἔξ
349 5388 477 5444 ἐτῶν
509 5388 658 5455 οὖσα,
716 5389 848 5462 μετᾶ
906 5387 1170 5444 δοτλίδων
1231 5385 1359 5444 δέκα
1411 5389 1500 5444 καὶ
1549 5394 1737 5464 τριῶνο
1783 5390 1834 5444 ἐν
1867 5390 1913 5464 ᾦ

273 5474 528 5555 ἐδιδάχθη
565 5479 666 5534 ὑπὸ
724 5483 819 5534 οοῦ
877 5480 1022 5534 θείου
1076 5479 1318 5553 ἀγγέλου
1369 5480 1436 5534 τὰ
1495 5481 1767 5556 μυστήρια
1817 5486 1912 5536 τοῦ

279 5571 423 5624 Θεοῦ.
455 5569 557 5625 Καὶ
592 5569 726 5637 μετὰ
780 5569 996 5643 μικρὸν,
1047 5569 1301 5632 ἐλθόντος
1348 5569 1620 5641 Τιμοθέου
1669 5572 1912 5644 μαθητοῦ

277 5658 462 5732 τοῦγίο
485 5659 552 5713 ἁυ
580 5656 892 5714 ἀποστόλου
920 5655 1165 5728 Παύλου,
1197 5653 1489 5729 ἐϐαπτίσθη
1546 5659 1634 5714 ὑπ’
1686 5659 1912 5720 ἐκείνού.

2032 3727 2349 3798 superavit.
2390 3728 2535 3784 Nam
2586 3728 2650 3782 in
2708 3727 2961 3783 obscura
3015 3728 3379 3785 domuncula
3417 3730 3680 3801 seipsum

2031 3815 2365 3882 includens,
2398 3821 2457 3870 et
2485 3816 2691 3888 procul
2728 3816 2800 3872 ab
2833 3817 2995 3872 omni
3030 3817 3280 3888 strepitu
3326 3817 3538 3886 factus,
3565 3819 3678 3874 im-

2029 3904 2420 3978 perturbabili
2437 3904 2635 3959 animo
2653 3904 2885 3961 claruit.
2909 3905 3306 3970 Quamobrem
3328 3912 3387 3961 et
3406 3906 3674 3962 sacerdo-

2029 3994 2108 4048 tio
2158 3994 2370 4066 dignus
2409 3993 2541 4062 fuit,
2601 3999 2661 4049 et
2713 3995 3002 4050 miracula
3052 3995 3321 4066 patravit.
3375 3996 3677 4052 Animalia

2029 4083 2211 4151 enim,
2235 4099 2366 4154 quas
2398 4083 2780 4139 nascentibus
2803 4084 3130 4140 seminibus
3158 4084 3475 4151 nocebant,
3497 4086 3682 4141 incre-

2027 4173 2203 4243 pavit,
2236 4188 2423 4243 eaque
2454 4189 2522 4227 ex
2554 4189 2691 4245 agro
2723 4173 2978 4245 repulit:
3013 4180 3072 4229 et
3101 4173 3324 4229 fontem
3367 4175 3675 4247 grandinis

2026 4261 2176 4317 fusis
2207 4261 2482 4333 precibus
2513 4263 2834 4334 repressit:
2892 4263 3192 4318 sitientem
3220 4270 3438 4318 terram
3471 4265 3679 4320 imbri-

2028 4349 2140 4406 bus
2167 4350 2432 4425 irrigavit
2459 4369 2472 4408 :
2507 4350 2752 4417 ﬂuenta,
2785 4353 2976 4408 instar
3001 4353 3197 4407 Eliszei
3228 4354 3552 4424 prophetia,
3587 4354 3676 4408 di-

2027 4441 2226 4511 rupit:
2271 4439 2497 4496 aridam
2553 4441 2865 4513 cujusdam
2919 4435 3167 4497 manum
3225 4442 3490 4497 curavit:
3523 4459 3677 4497 caeco

2028 4528 2219 4584 visum
2250 4529 2547 4584 restituit:
2581 4529 2825 4585 claudos
2865 4529 3168 4584 ambulare
3221 4529 3395 4584 fecit:
3424 4546 3677 4601 cumque

2027 4617 2287 4690 plurima
2316 4617 2434 4673 alia
2479 4617 2769 4674 miracula
2823 4623 3242 4690 perpetrasset,
3304 4618 3366 4672 in
3423 4634 3567 4690 pace
3600 4620 3675 4674 ad

2023 4707 2341 4762 Dominum
2371 4706 2661 4777 migravit.

2577 4815 2818 4870 EODEM
2857 4816 3001 4871 MEN
3007 4815 3110 4871 SE.

2680 4904 2784 4958 Die
2812 4904 3022 4974 quinta

2239 4993 2336 5051 85
2397 4993 2683 5048 Certamen
2711 5000 2914 5050 sancta
2943 4995 3126 5051 Irenes
3171 4996 3454 5066 martyris.

2095 5110 2262 5166 Irene
2314 5109 2528 5165 Christi
2578 5116 2824 5182 martyr,
2885 5109 3010 5167 {illa
3058 5110 3172 5166 fuit
3226 5110 3432 5167 Licinii
3463 5115 3676 5185 reguli.

2024 5198 2168 5253 Cum
2200 5204 2399 5254 autem
2430 5199 2889 5267 essetformosa,
2912 5216 2947 5256 a
2974 5205 3141 5273 patre
3173 5215 3278 5255 suo
3307 5199 3538 5257 inclusa
3561 5201 3674 5258 fuit

2024 5312 2159 5352 cum
2204 5296 2490 5353 tredecim
2549 5297 2785 5354 ancillis
2835 5298 2899 5354 in
2957 5299 3192 5356 excelsa
3221 5299 3390 5369 turri,
3444 5305 3677 5356 sextum

2023 5395 2214 5451 aetatis
2245 5412 2469 5452 annum
2499 5411 2699 5468 agens.
2729 5396 2813 5451 Ibi
2844 5413 2878 5452 a
2907 5396 3104 5453 divino
3147 5397 3357 5469 angelo
3387 5399 3671 5468 mysteria

2022 5483 2125 5539 Dei
2156 5484 2384 5553 edocta,
2412 5502 2532 5540 non
2582 5485 2682 5541 diu
2714 5492 2901 5557 posta
2925 5486 3250 5541 Timothan
3280 5487 3468 5540 sancti
3502 5488 3670 5542 Pauli

2022 5576 2275 5646 apostoli
2308 5576 2620 5647 discipulo,
2653 5576 2754 5646 qui
2785 5576 2928 5630 illuc
2957 5575 3295 5639 advenerat,
3326 5575 3438 5629 fuit
3478 5574 3669 5646 bapti-

2025 5668 2167 5719 zata.
2201 5663 2366 5722 Idola
2403 5680 2560 5734 vero,
2595 5680 2728 5736 quae
2784 5669 2952 5734 pater
2997 5663 3108 5719 sibi
3159 5661 3423 5729 dederat,
3456 5668 3521 5716 ut
3567 5662 3670 5717 illa
