4134 6302
378 315 496 375 4-39

1699 318 2123 378 MENOLOGII
2171 322 2319 382 PAR
2334 323 2372 384 S
2415 326 2524 384 IIl.

3656 329 3774 388 440

389 449 684 514 adoraret,
717 450 1009 514 contrivit,
1043 467 1110 507 ac
1142 451 1419 507 deorsum
1451 451 1720 524 projecit.
1755 451 2040 517 Quocirca

2181 455 2240 509 ,αὶ
2295 456 2623 533 συντρίψασα
2679 458 2745 514 τὰ
2789 456 2996 514 εἴδωλα
3024 459 3058 514 ἅ
3094 454 3292 514 ἔδωκεν
3348 458 3484 532 αὐτῇ
3535 460 3564 514 6
3611 460 3796 535 πατὴρ

390 546 559 612 pater
589 542 796 612 iratus,
830 558 960 597 eam
1001 542 1182 597 feroci
1226 557 1375 613 equo
1405 542 1689 615 alligavit,
1716 547 1782 597 ut
1818 542 1901 595 ita
1945 541 2038 595 in-

388 630 778 686 terﬁceretur.
798 633 871 686 At
891 632 994 686 illa
1007 631 1239 687 nullum
1263 631 1399 687 inde
1427 631 1854 687 detrimentum
1868 645 2042 702 passa

388 725 545 774 esset
567 736 583 785 ;
604 725 772 791 pater
791 737 926 776 vero
957 720 1205 787 interiit,
1238 736 1390 792 equo
1423 737 1666 776 manum
1688 720 1816 792 ejus
1840 735 2044 774 morsu

394 809 703 864 avellente.
755 811 899 864 Tum
932 811 1101 864 lrene
1158 809 1306 865 fusis
1361 809 1435 865 ad
1500 811 1685 864 Deum
1744 806 2044 881 precibus,

390 898 586 969 ipsum
630 899 701 954 ad
762 900 942 954 vitam
994 900 1317 955 revocavit:
1379 916 1562 970 quare
1619 898 1872 954 credidit
1925 898 2043 951 Deo

393 1002 527 1041 cum
553 1003 755 1054 uxore,
781 994 840 1042 et
867 988 1000 1043 aliis
1032 988 1270 1043 circiter
1293 989 1479 1043 tribus
1501 988 1786 1043 millibus.
1822 987 2043 1042 Rursus

393 1083 587 1132 autem
635 1079 1066 1150 comprehensa
1093 1079 1268 1150 jussu
1299 1079 1635 1151 Ampeliani
1668 1076 1961 1150 praesidis,
1992 1079 2050 1128 et

397 1167 828 1238 multiplicibus
861 1170 1172 1224 tormentis
1198 1170 1551 1235 excruciata,
1584 1183 1719 1223 cum
1751 1166 2050 1221 Christum

398 1255 687 1329 abuegare
720 1262 1076 1325 recusasset,
1108 1257 1305 1330 gladio
1337 1257 1706 1324 obtruncata,
1735 1261 1794 1310 et
1819 1253 2052 1327 sepulta

395 1343 526 1399 fuit.

969 1550 1211 1608 EODEM
1241 1551 1491 1607 MENSE.

1079 1642 1181 1698 Die
1217 1647 1382 1697 sexta

411 1749 674 1805 Memoria
701 1749 803 1804 Job
831 1750 998 1817 Justi,
1021 1755 1080 1804 et
1107 1749 1403 1804 multorum
1435 1747 1796 1803 certaminum
1812 1745 2056 1800 victoris.

484 1876 697 1930 Beatus
727 1874 830 1931 Job
869 1879 995 1930 erat
1025 1891 1093 1929 ex
1143 1875 1380 1946 regione
1432 1870 1739 1936 Ausitidis,
1765 1887 1896 1942 quas
1954 1869 2068 1924 sita

352 1953 354 1956 ’
424 1970 512 2020 est
541 1965 601 2020 in
657 1964 875 2020 ﬁnibus
915 1963 1154 2033 Iudaeae,
1214 1969 1272 2019 et
1325 1962 1578 2032 Arabiaa,
1613 1959 1772 2016 illius
1807 1959 2070 2014 ﬁliorum

423 2055 592 2121 Esau,
626 2055 708 2109 ita
737 2061 803 2108 ut
823 2054 898 2109 sit
927 2054 1169 2124 quintus
1192 2052 1265 2107 ab
1299 2051 1616 2107 Abraham.
1641 2053 1831 2105 Antea
1852 2062 2071 2102 nomen

424 2144 476 2197 ei
507 2144 902 2198 fueratloam.
938 2141 1316 2213 Prophetavit
1344 2147 1542 2196 autem
1589 2155 1777 2195 annos
1833 2137 2074 2210 triginta

425 2233 710 2303 quinque,
729 2232 1064 2301 Christique
1079 2230 1554 2286 incarnationem
1574 2227 1879 2300 praecessit
1899 2225 2072 2280 annis

422 2321 586 2376 mille
606 2321 921 2394 nongentis
946 2320 1149 2392 viginti
1169 2320 1452 2390 quinque.
1489 2318 1654 2372 Hunc
1678 2318 1780 2371 Dei
1813 2315 2073 2371 testimo-

421 2408 521 2462 nio
542 2409 773 2478 justum
795 2407 1181 2478 appellatum,
1218 2405 1496 2478 expetivit
1521 2405 1815 2472 diabolus,
1835 2411 1896 2459 ut
1929 2401 2076 2457 al'ﬂi-

425 2501 606 2567 geret.
641 2498 784 2550 Cum
815 2502 1014 2550 autem
1046 2496 1199 2549 Deus
1230 2495 1407 2548 vellet
1436 2493 1604 2549 illum
1635 2491 2072 2564 magis’glorio-

423 2601 553 2639 sum
585 2585 854 2650 reddere,
883 2584 1128 2639 tradidit
1149 2599 1283 2638 eum
1305 2582 1541 2639 diabolo
1570 2598 1582 2636 :
1608 2581 1709 2653 qui
1740 2597 1863 2635 non
1896 2579 2072 2636 modo

424 2689 559 2728 eum
589 2673 968 2729 facultatibus
990 2690 1057 2729 ac
1089 2672 1189 2728 86
1221 2673 1425 2726 liberis
1449 2671 1752 2743 spoliavit;
1773 2669 1876 2726 sed
1908 2677 1965 2724 et
1986 2669 2072 2740 ip-

425 2778 557 2817 sum
589 2762 812 2817 morbis
843 2763 1212 2834 aggrediens,
1245 2761 1587 2816 vulneribus
1618 2773 1685 2814 ac
1725 2759 1912 2831 plagis
1962 2772 2074 2812 un-

426 2851 604 2922 dique
626 2853 1107 2922 circumseptum,
1133 2851 1195 2904 in
1227 2851 1668 2921 sterquilinium
1691 2848 1928 2920 deJecit.
1963 2847 2072 2901 Ve-

423 2958 556 2996 rum
589 2947 828 2997 sanctus
857 2958 994 2997 cum
1042 2957 1251 2995 omnes
1280 2941 1640 2994 tentationes
1673 2938 2073 3007 sustinuisset,

428 3039 487 3087 et
516 3033 577 3086 in
604 3032 881 3087 omnibus
915 3032 1027 3086 Deo
1058 3031 1275 3103 gratias
1306 3031 1543 3103 egisset,
1575 3028 1878 3083 diabolum
1912 3043 2076 3081 sum-

423 3139 521 3178 mo
553 3122 767 3178 decore
800 3123 1015 3176 atl'ecit.
1059 3123 1282 3176 Rursus
1340 3121 1520 3192 igitur
1571 3119 1753 3190 duplo
1813 3121 2073 3188 majores

422 3213 656 3268 divitias
687 3227 866 3282 super
892 3218 1108 3264 terram
1158 3214 1484 3275 assecutus,
1519 3213 1576 3263 et
1620 3222 1866 3262 uxorem
1917 3205 2071 3261 acci-
2108 3199 2154 3264 C
2184 3199 2320 3304 ἐὼν,

418 3303 612 3373 piens,
643 3316 710 3356 ac
740 3301 962 3354 liberos
990 3313 1331 3370 procreans,
1374 3313 1509 3352 cum
1539 3295 1612 3351 de
1641 3311 1806 3350 more
1838 3300 2070 3368 gratum

420 3406 483 3446 se
515 3391 633 3446 Deo
665 3389 1051 3457 exhibuisset,
1084 3386 1318 3442 vivendi
1351 3387 1531 3441 finem
1562 3386 1725 3442 fecit.

595 3536 661 3590 Et
689 3536 950 3590 memoria
981 3535 1160 3590 sancti
1188 3533 1372 3588 Patris
1401 3532 1580 3589 nostri
1601 3529 1891 3588 Pachonii.

495 3682 745 3738 Sanctus
774 3683 947 3736 Pater
975 3685 1178 3736 noster
1225 3678 1579 3746 Pachonius,
1641 3673 2077 3750 persecutionis

427 3778 692 3844 tempore
720 3771 1210 3842 comprehensus,
1233 3768 1294 3823 in
1318 3783 1616 3824 carcerem
1641 3766 1917 3822 detrusus
1942 3765 2074 3823 fuit.

427 3863 571 3918 Cum
603 3869 801 3917 autem
833 3861 1099 3915 nondum
1131 3858 1402 3913 initiatus
1436 3864 1614 3924 esset,
1636 3873 1747 3912 nec
1767 3856 1920 3910 bene
1943 3854 2078 3926 dog-

426 3970 524 4007 ma
556 3951 693 4006 ﬁdei
724 3955 1123 4024 cognosceret,
1157 3949 1379 4021 rogavit
1403 3949 1610 4013 Deum,
1632 3955 1698 4002 ut
1725 3964 1784 4001 se
1817 3947 2074 4001 doceret.

427 4043 730 4097 Accedens
761 4041 940 4111 igitur
970 4039 1216 4110 angelus
1272 4039 1398 4101 Dei,
1431 4039 1594 4092 omni
1633 4038 1803 4091 illum
1834 4036 2077 4090 veritate

425 4129 723 4184 instruxii.
749 4131 891 4181 Cum
909 4145 1043 4182 vero
1062 4127 1398 4198 persecutio
1413 4134 1726 4193 cessasset,
1749 4125 2079 4181 solitariam

423 4218 600 4272 vitam
633 4217 940 4288 amplexus
968 4232 981 4270 :
1013 4217 1189 4286 atque
1216 4218 1277 4270 in
1315 4216 1529 4271 virtute
1572 4216 1843 4287 profecit,
1878 4222 1942 4269 ut
1971 4229 2078 4271 an-

423 4309 540 4382 geli
573 4307 868 4377 colloquio
899 4306 1113 4377 dignus
1134 4305 1331 4371 fuerit,
1366 4312 1424 4358 et
1453 4306 1526 4359 ab
1551 4306 1654 4359 illo
1677 4304 1949 4358 ordinem
1981 4305 2078 4359 ha-

421 4400 730 4468 bitumque
763 4395 1193 4450 monachorum
1220 4393 1514 4448 didicerit.
1539 4395 1621 4448 Ex
1640 4393 1744 4448 illo
1779 4393 1940 4448 enim
1968 4393 2081 4447 for-

424 4496 652 4546 matum
692 4493 782 4542 est
830 4485 1163 4558 angelicum
1198 4483 1477 4538 solitariae
1535 4484 1667 4538 vitas
1714 4482 2074 4537 institutum.

2095 1827 2143 1892 B

2153 543 2322 614 αὐτῆς
2373 553 2714 622 προσκυνεῖν,
2773 543 2959 625 ἔρριψε
3016 546 3184 605 κάτω.
3243 549 3376 606 Τότε
3448 549 3798 624 ὀργισθέντος

2154 637 2251 688 τοῦ
2281 637 2484 710 πατρὸς
2544 636 2735 710 αὐτῆς,
2795 635 3095 713 προσεδέθη
3146 639 3303 711 ἳππῳ
3364 637 3532 714 ἀγρίῳ
3588 638 3675 694 ἐπὶ
3728 640 3794 695 τὸ

2157 731 2501 800 φονευθῆναι.
2564 727 2667 784 Καὶ
2727 727 2862 797 αὐτή
2925 730 3020 801 μὲν
3097 726 3249 782 οὸδέν
3324 724 3590 798 ἠδικήθη·
3651 728 3679 781 6
3737 725 3799 783 δὶ

2156 817 2337 890 πατὴρ
2397 815 2562 886 αὐτῆς
2619 818 2871 885 ἀπέθανε,
2943 822 3040 872 τοῦ
3112 815 3288 872 ’ίππου
3364 813 3621 880 δακόντος
3694 818 3796 886 τήν

2159 910 2322 979 χεῖρα
2365 904 2528 960 αὐτοῦ
2575 905 2665 961 καὶ
2724 907 3123 980 ἀποκόψαντος”
3182 909 3217 976 ἡ
3279 903 3336 960 δὲ
3391 907 3798 982 προσευξαμένη

2158 994 2444 1065 ἀνέστησεν
2479 994 2664 1051 αὐτόν.
2698 997 2838 1054 Τότε
2868 995 3143 1052 ἐπίστευσε
3190 995 3279 1050 καὶ
3328 994 3488 1058 αὐτὸς
3536 1001 3615 1068 τῷ
3660 1000 3802 1068 Θεῷ,

2160 1085 2250 1139 καὶ
2281 1086 2316 1153 ἡ
2349 1086 2486 1158 γυνή
2541 1085 2734 1156 αὐτοῦ,
2784 1087 2875 1141 καὶ
2938 1085 3102 1142 ἄλλοι
3151 1085 3277 1141 ὡσεὶ
3337 1081 3586 1159 χιλιάδες
3633 1088 3803 1160 τρεῖς.

2163 1174 2262 1226 Καὶ
2319 1173 2484 1229 πάλιν
2539 1177 2869 1249 κρατηθεῖσα
2924 1177 2959 1244 ἡ
3018 1175 3144 1249 ἁγία
3217 1174 3363 1250 παρὰ
3438 1171 3812 1246 Ἀμπελιανοῦ

2159 1266 2259 1317 τοῦ
2317 1259 2610 1338 ἡγεμὸνος,
2667 1263 2756 1318 καὶ
2823 1263 3010 1320 πολλὰ
3079 1264 3482 1337 τιμωρηθεῖσα,
3558 1261 3649 1316 καὶ
3729 1262 3811 1335 μὴ

2165 1357 2443 1416 πεισθεῖσα
2472 1353 2802 1429 ἀρνήσασθαι
2831 1354 2922 1408 τὸν
2955 1353 3210 1429 Χριστὸν,
3253 1352 3389 1431 ξίφει
3438 1349 3814 1423 τελειωθεῖσα,

2166 1439 2359 1516 ἐτάφη.

2713 1559 2896 1617 ΜΗΝΙ
2933 1563 3017 1614 ΤΩ
3054 1560 3253 1617 ΑΥΤΩ.

2375 1755 2585 1829 Μνήμη
2616 1759 2712 1811 τοῦ
2739 1753 2950 1812 δικαίου
2975 1649 3069 1811 Sal
3098 1751 3415 1810 πολυάθλου
3446 1747 3596 1811 Ἰὼϐ.

2251 1885 2375 1948 Ἰὼϐ
2407 1891 2435 1946 6
2466 1889 2732 1966 μακάριος
2761 1890 3005 1967 ὑπῆρχεν
3037 1889 3096 1945 ἐκ
3131 1896 3232 1960 τῆς
3282 1884 3573 1952 Αὖσίτιδος
3625 1885 3822 1962 χώρας

2173 1983 2280 2034 τῶν
2342 1979 2504 2054 ὁρίων
2571 1978 2858 2052 Ἰουδαίας,
2934 1980 3024 2035 καὶ
3097 1974 3380 2057 Ἀραϐίας,
3463 1980 3570 2033 τῶν
3651 1976 3828 2033 Ἡσαῦ

2177 2070 2309 2124 υἱῶν
2341 2070 2481 2140 υἱὸς,
2512 2070 2586 2132 ὡς
2608 2071 2740 2125 εἶναι
2772 2072 3020 2145 πέμπτον
3056 2071 3160 2126 ἀπὸ
3185 2065 3456 2145 ’Δόραάμ.
3483 2073 3829 2144 Προϋπῆρχε

2178 2155 2235 2212 δὲ
2266 2157 2412 2232 αὐτῷ
2460 2155 2634 2233 ὄνομα
2682 2160 2870 2227 Ἰωάμ·
2921 2161 3008 2216 καὶ
3069 2167 3466 2236 προεφήτευσεν
3519 2155 3610 2228 ἔτη
3666 2161 3830 2230 τρια-

2175 2269 2336 2303 κοντα
2391 2249 2479 2303 καὶ
2538 2251 2718 2319 πέντε,
2793 2243 3090 2323 προλαϐὼν
3175 2249 3440 2323 σάρκωσιν
3526 2248 3623 2301 τοῦ
3682 2249 3829 2320 Κρι-

2179 2341 2327 2407 στοῦ,
2389 2335 2478 2409 ἔτη
2543 2338 2702 2414 χίλια
2766 2337 3040 2394 ἐννακόσια
3119 2337 3287 2394 εἷ’κοσι
3363 2339 3536 2393 πέντε.
3614 2339 3826 2392 Τοῦτον

2183 2427 2591 2504 μαρτυρηθέντα
2625 2429 2728 2484 ὑπὸ
2778 2432 2911 2484 Θεοῦ
2964 2427 3191 2496 δίκαιον,
3244 2428 3540 2502 ἐξῃτήσατο
3573 2426 3600 2480 6
3633 2419 3833 2481 διάϐο-

2180 2515 2278 2581 λος
2307 2523 2692 2592 τιμωρεῖσθαι.
2726 2516 2829 2575 Καί
2862 2517 3036 2583 θέλων
3069 2519 3096 2573 ὁ
3127 2518 3253 2580 Θεὸς
3289 2517 3377 2573 ἐπὶ
3425 2515 3618 2572 πλεῖον
3665 2513 3834 2587 δοξά-

2178 2628 2288 2678 σαι,
2320 2604 2630 2682 παρέδωκεν
2691 2607 2849 2662 αὐτὸν
2910 2611 2992 2680 τῷ
3049 2601 3324 2680 διαϐόλῳ.
3363 2607 3424 2664 Ὀ
3455 2604 3512 2660 εὶ
3560 2598 3830 2666 διάϐολος

2183 2696 2246 2751 οὗ
2279 2697 2441 2770 μόνον
2474 2696 2753 2772 ἐγύμνωσε
2781 2704 2880 2766 τῆς
2920 2696 3257 2772 περιουσίας,
3307 2694 3392 2753 καῖ
3439 2700 3545 2752 τῶν
3594 2698 3827 2750 τέκνων·

2181 2785 2326 2841 ἀλλά
2357 2789 2443 2842 καὶ
2481 2786 2639 2842 αὐτὸν
2672 2785 2907 2858 πλήξας,
2938 2785 3026 2841 ἐπὶ
3056 2793 3155 2856 τῆς
3184 2788 3414 2861 κοπρίας
3471 2785 3835 2858 ἡλκωμένου,

2179 2879 2269 2933 καὶ
2320 2877 2652 2954 τραυματίαν
2716 2870 2955 2952 ἕρῥιψεν.
3003 2874 3160 2934 Ἀλλ’
3192 2876 3418 2952 ὁᾶγιος,
3476 2877 3646 2930 πάντα
3702 2894 3838 2928 πειο

2183 2969 2389 3044 ρασμὸν
2441 2967 2757 3040 ὑπομείνας,
2808 2967 2900 3022 καὶ
2942 2963 3019 3028 εἷς
3073 2969 3246 3023 πάντα
3297 2965 3693 3041 εὐχαριστήσας
3747 2968 3840 3037 τῷ

2181 3060 2318 3128 Θεῷ,
2351 3055 2664 3132 κατῄσχυνε
2690 3056 2782 3110 τὸν
2836 3049 3118 3112 διάϐολον.
3167 3055 3266 3111 Καὶ
3313 3055 3478 3112 πάλιν
3529 3053 3836 3113 ἀπολαϐὼν

2183 3146 2271 3202 επὶ
2301 3151 2400 3210 τῆς
2429 3153 2530 3222 γῆς
2562 3143 2790 3200 διπλοῦν
2839 3146 2932 3201 τὸν
2978 3143 3240 3214 πλοῦτον,
3301 3145 3390 3201 καὶ
3447 3152 3675 3222 γυναῖκα
3724 3147 3836 3203 λα-

2351 3237 2439 3290 καὶ
2465 3232 2891 3307 παιδοποιήσας,
2922 3234 3011 3291 καὶ
3040 3239 3120 3308 τῷ
3177 3239 3294 3310 Θεῷ
3345 3239 3595 3308 συνήθως
3638 3237 3838 3314 εὐαρε-

2177 3326 2400 3397 στήσας,
2431 3323 2749 3396 ἐτελειώθη.

2283 3533 2382 3588 Καὶ
2416 3533 2610 3607 μνήμη
2641 3534 2738 3587 τοῦ
2770 3530 2921 3587 ὁσίου
2949 3532 3157 3610 [ἰατρὸς
3188 3532 3351 3607 ἡμῶν
3381 3532 3714 3610 Παχωμίου.

2248 3683 2576 3758 Παχώμιος,
2610 3681 2638 3737 6
2670 3679 2721 3736 ἐν
2755 3680 2928 3756 ἁγίοις
2961 3682 3151 3755 Πατὴρ
3184 3683 3365 3754 ἡμῶν,
3417 3683 3712 3758 κρατηθεὶς
3767 3681 3827 3736 ἐν

2177 3775 2256 3844 τῷ
2313 3775 2488 3845 καιρῷ
2535 3774 2635 3828 τοῦ
2693 3769 2966 3847 διωγμοῦ,
3025 3769 3356 3841 ἀπεκλείσθη
3418 3771 3496 3834 είς
3551 3769 3832 3851 φυλακήν·

2179 3859 2380 3930 ἀτελὴς
2409 3858 2465 3915 δὶ
2501 3858 2598 3931 ὢν,
2629 3858 2719 3914 καὶ
2753 3861 2831 3933 μὴ
2872 3861 3155 3935 γινώσκων
3183 3859 3368 3924 καλῶς
3392 3862 3454 3916 τὸ
3483 3868 3586 3932 τῆς
3601 3861 3844 3926 πίστεως

2182 3946 2384 4023 δόγμα,
2418 3948 2713 4017 παρεκάλει
2743 3950 2835 4002 τὸν
2867 3949 2994 4002 Θεὸν
3029 3945 3235 4021 διδάξαι
3291 3947 3472 4004 αὐτόν’
3521 3949 3606 4005 καὶ
3659 3947 3836 4004 ἐλθὼν

2184 4037 2412 4115 ἄγγελος
2445 4041 2601 4105 Θεοῦ,
2653 4034 2889 4106 ἐδίδαξεν
2953 4036 3115 4092 αὐτὸν
3167 4041 3339 4092 πᾶσαν
3387 4038 3486 4106 τήν
3546 4038 3833 4108 ἀλήθειαν.

2182 4129 2536 4201 Παυσαμὲνου
2569 4123 2626 4181 δὲ
2672 4129 2769 4181 τοῦ
2825 4123 3093 4201 διωγμοῦ,
3154 4132 3254 4196 τῆς
3313 4127 3559 4203 φυλακῆς
3619 4125 3832 4182 ἀπολυέ-

2184 4217 2316 4286 θεῖς,
2371 4215 2609 4285 ἀπῆλθεν
2669 4214 2720 4269 ἐν
2778 4221 2898 4278 ταῖς
2959 4215 3216 4290 ἐρήμοις,
3275 4215 3366 4270 καὶ
3424 4216 3687 4292 ἠσύχαξε,
3743 4215 3835 4270 καὶ

2180 4308 2442 4361 τοσοῦτον
2478 4305 2669 4380 ὑψώθη
2701 4305 2840 4374 πρὸς
2892 4303 3112 4380 ἀρετήν,
3166 4305 3240 4367 ὡς
3301 4304 3540 4380 ἀγγέλου
3595 4306 3834 4376 ἀξιωθῆ-

2181 4417 2266 4452 ναι
2301 4396 2548 4470 ὁμιλίας,
2596 4396 2688 4452 καὶ
2746 4396 2874 4471 παρ’
2933 4395 3139 4450 ἐκείνου
3202 4397 3387 4468 μαθεῖν
3444 4395 3574 4460 τοὺς
3629 4397 3838 4459 τύπους

2179 4486 2270 4541 καὶ
2301 4487 2364 4541 τὸ
2393 4492 2590 4562 σχῆμα
2639 4489 2751 4540 τῶν
2814 4489 3094 4560 μοναχῶν.
3154 4486 3244 4554 Ἐξ
3301 4484 3506 4540 ἐκείνου
3555 4484 3653 4559 γὰρ
3714 4484 3832 4538 ἐτυ-

428 4583 566 4637 Post
595 4581 720 4635 haec
751 4577 925 4651 plura
954 4575 1029 4630 ad
1064 4575 1161 4630 Uei
1193 4573 1432 4630 laudem
1465 4574 1827 4629 monasteria
1857 4572 2066 4627 excita-

2191 4576 2349 4647 πώθη
2382 4575 2444 4630 τὸ
2476 4574 2762 4650 ἀγγελικὸν
2792 4570 3115 4648 ἐπάγγελμα
3167 4579 3266 4642 τῆς
3323 4570 3616 4646 μοναδικῆς
3665 4569 3833 4626 πολι-

428 4673 541 4726 vit:
573 4685 830 4741 cumque
861 4665 1150 4722 miracula
1180 4669 1492 4737 patrasset,
1526 4665 1765 4735 Deoque
1788 4678 1974 4733 usque
2006 4660 2080 4717 ad

433 4768 800 4818 senectutem
837 4758 899 4811 in
931 4756 1209 4812 omnibus
1236 4755 1555 4822 serviisset,
1586 4754 1851 4826 gaudens
1883 4753 1956 4808 ad
1986 4752 2080 4823 ip-

433 4867 566 4906 sum
598 4847 888 4921 migravit,
922 4853 1210 4901 aeternum
1241 4843 1303 4898 in
1355 4843 1518 4899 caelis
1573 4859 1844 4912 regnum,
1869 4842 2079 4897 vitam-

433 4955 547 5012 que
580 4937 1006 5010 sempiternam
1028 4952 1096 4989 ac
1129 4935 1246 4989 fine
1279 4940 1581 4988 carentem
1611 4938 1987 4988 consecutus.

993 5103 1236 5160 EODEM
1266 5101 1516 5158 MENSE.

1064 5193 1168 5248 Die
1202 5191 1456 5262 septima

430 5310 525 5368 81
563 5306 824 5364 Memoria
870 5298 1022 5370 signi
1052 5297 1251 5366 crucis,
1309 5296 1459 5367 quod
1515 5298 1575 5351 in
1614 5299 1740 5355 ccelo
1793 5302 2078 5371 apparuit.

505 5484 848 5547 Constantio
879 5476 1250 5538 Constantini
1275 5474 1466 5547 Magni
1493 5474 1616 5530 filio
1639 5476 1989 5550 imperante,
2013 5497 2082 5538 ac

440 5577 657 5653 cyriuo
687 5569 1234 5642 Hierosolymorum
1273 5563 1741 5637 archiepiscopo,
1774 5566 1836 5621 in
1870 5567 2080 5626 diebus

441 5675 656 5730 sancta
697 5664 1102 5730 Pentecostes,
1134 5656 1281 5712 hora
1337 5654 1453 5711 diei
1507 5654 1680 5713 tertia
1735 5659 1970 5731 aparuit
1998 5661 2081 5718 si-

2188 4666 2356 4727 τείας.
2387 4666 2538 4721 Μετά
2580 4668 2747 4718 ταῦτα
2805 4658 2862 4717 δὲ
2927 4660 3113 4717 πολλά
3169 4664 3504 4735 μονασττςρια
3555 4660 3831 4738 ἀνεγείρας

2191 4755 2265 4818 εἷς
2298 4757 2432 4810 Θεοῦ
2463 4751 2806 4827 δοξολογίαν,
2847 4749 2936 4806 καὶ
2987 4749 3233 4824 θαύματα
3289 4754 3547 4822 ποιήσας.
3599 4751 3687 4806 καὶ
3738 4752 3832 4806 τὸν

2187 4845 2314 4899 Θεὸν
2350 4842 2515 4917 μέχρι
2545 4844 2730 4916 γήρως
2783 4837 3114 4914 θεραπεύσας
3141 4839 3194 4894 ἐν
3228 4845 3380 4910 πᾶσι,
3435 4840 3645 4916 χαίρων
3695 4841 3832 4912 πρὸς

2187 4931 2349 4986 αὐτὸν
2383 4928 2734 5003 ἐξεδήμησεν,
2791 4923 3091 4982 ἀπολαϐὼν
3141 4926 3194 4983 ἐν
3247 4929 3506 5004 οὐρανοῖς
3557 4927 3834 5002 βασιλείαν

2189 5018 2411 5074 αἰώνιον
2437 5019 2528 5073 καὶ
2561 5019 2705 5088 ζωήν
2733 5014 2908 5071 ἀΐδιον
2937 5017 3027 5071 καὶ
3060 5015 3442 5088 ἀτελεύτητον.

2732 5116 2915 5173 ΜΗΝΙ
2956 5123 2998 5173 Τ
3001 5124 3044 5171 Ω
3083 5121 3284 5176 ΑΥΤΩ.

2989 5209 3038 5260 ἲ

2190 5309 2416 5382 Μμήμη
2473 5308 2573 5362 τοῦ
2649 5302 2703 5360 ἐν
2781 5301 2998 5380 οὐρανῷ
3081 5303 3335 5390 φανέντος
3424 5303 3655 5378 σημείου
3737 5305 3836 5360 τοῦ

2882 5395 3134 5432 σταυρου.

2882 5394 3134 5449 σταυροῦ.

2261 5478 2385 5538 Ἐπὶ
2459 5475 2840 5534 Κωνσταντίου
2895 5479 2994 5531 τοῦ
3056 5474 3344 5551 βασιλέως,
3401 5479 3499 5531 τοῦ
3554 5476 3674 5531 υἱοῦ
3729 5479 3831 5531 τοῦ

2190 5570 2452 5648 Μεγάλου
2515 5568 2934 5638 Κωνσταντίνου,
2991 5567 3081 5621 καὶ
3139 5566 3420 5642 Κυρίλλου
3471 5568 3826 5644 ἀρχιεπισκό-

2187 5682 2284 5718 του
2336 5657 2753 5737 Ἱεροσολύμων,
2786 5655 2837 5713 ἒν
2870 5660 2991 5719 ταῖς
3049 5654 3283 5733 ἡμέραις
3336 5659 3436 5724 τῆς
3489 5656 3645 5734 ἁγίας
3696 5662 3827 5715 nu.
