4134 6302
319 303 434 368 ut

1909 309 2168 377 MAIUS.

3609 325 3729 386 M2

325 442 616 507 τηκοστῆς,
679 435 798 509 ὣρᾳ
847 435 1004 511 τρίτῃ
1052 442 1153 506 τῆς
1209 435 1442 510 ἡμέρας,
1494 435 1664 512 ἐφάνη
1725 437 1754 492 ὁ
1810 439 1957 495 τύπος

2091 463 2272 520 gnum
2303 453 2654 510 veneranda;
2685 455 3042 525 viriﬂcmque
3101 454 3314 520 crucis,
3349 469 3420 510 ex
3485 455 3616 513 luce
3665 456 3728 512 in

323 530 418 582 τοῦ
472 525 664 598 τιμίου
748 525 841 581 ναὶ
917 528 1190 595 ζωοποιοῢ
1271 529 1526 601 σταυροῦ,
1595 525 1858 591 συνεστὼς
1920 529 1979 585 ἐκ

327 615 506 694 φωτὸς
569 615 622 671 ἐν
681 618 764 687 τῷ
818 615 1055 689 οὐρανῷ,
1116 615 1355 687 ὁρῶντος
1402 615 1602 678 παντὸς
1658 619 1756 672 τοῦ
1814 614 1974 688 λαοῦ,

335 705 465 778 ὑπὲρ
526 703 640 759 ἀνω
686 709 788 760 τοῦ
811 704 965 778 ἁγίου
1013 703 1263 780 Γολγοθᾶ
1330 704 1705 776 ἐκτεταμένος.
1766 701 1890 761 ἔνθα
1945 707 1973 762 6

329 793 532 867 Κύριος
606 797 769 866 ἡμῶν
850 795 1067 862 Ἰησοῦς
1147 795 1378 868 Χριστὸς
1458 793 1798 869 ἐσταυρώθη,
1881 795 1974 850 καὶ

332 878 538 952 διήκων
574 885 743 958 μέχρι
772 887 869 937 τοῦ
901 881 1056 958 ἁγίου
1088 881 1267 957 ὅρους,
1292 887 1402 938 τῶν
1435 883 1688 950 Ἐλαιῶν,
1723 883 1872 946 ὅστις
1901 887 1970 959 τῇ

328 969 817 1047 λαμπρότητιτῶν
881 976 1254 1048 μαρμαρυγῶν
1303 973 1398 1034 τάς
1455 973 1691 1043 ἡλιακὰς
1750 975 1969 1038 ἀκτῖνας

331 1061 657 1137 ἂπέκρυψεν.
718 1061 876 1126 Ὅθεν
934 1067 1079 1116 πᾶσα
1152 1060 1349 1132 ἡλικία
1432 1065 1539 1116 τῶν
1616 1065 1967 1138 Χριστιανῶν,

324 1151 454 1205 νέων
485 1171 546 1205 τε
575 1150 666 1205 καὶ
696 1151 990 1226 γερόντων,
1037 1150 1129 1205 σὺν
1189 1149 1411 1221 νηπίοις
1464 1151 1552 1206 καὶ
1613 1152 1970 1224 θηλάζουσιν,

325 1240 396 1304 είς
420 1243 519 1311 τὴν
554 1241 709 1317 ἁγίαν
758 1245 854 1296 τοῦ
906 1245 1040 1297 Θεοῦ
1080 1241 1372 1312 ἐκκλησίαν
1421 1236 1706 1298 κατέλαϐε·
1759 1241 1850 1297 καὶ
1918 1241 1970 1297 ἐν

332 1331 548 1406 ἀμέτρῳ
579 1335 725 1407 χαρᾷ
777 1327 930 1404 δόξαν
990 1330 1080 1386 καὶ
1141 1331 1515 1407 εὐχαριστείαν
1569 1333 1704 1406 μετά
1760 1338 1966 1406 θερμῆς

327 1423 659 1492 κατανύξεως
711 1425 790 1494 τῷ
846 1425 964 1494 Θεῷ
1021 1421 1322 1495 ἀνέπεμψεν
1383 1420 1470 1476 ἐπὶ
1523 1425 1602 1493 τῷ
1677 1418 1968 1498 παραδόξῳ

327 1509 579 1583 θαύματι.
613 1509 960 1583 Ηερίτούτου
993 1507 1050 1564 δε
1103 1509 1192 1565 καὶ
1252 1511 1280 1566 6
1311 1511 1462 1586 ἅγιος
1493 1507 1774 1584 Κύριλλος
1829 1509 1966 1586 πρὸς

329 1599 700 1656 Κωνστάντιον
751 1597 1005 1676 ἔγραψεν,
1087 1597 1453 1676 ἐπιστηρίζων
1528 1599 1688 1657 αὐτὸν
1770 1599 1824 1656 ἐν
1897 1601 1968 1674 τῇ

323 1685 598 1764 όρθοδόξῳ
629 1690 828 1747 πίστει.

458 1805 561 1863 Καὶ
621 1805 856 1878 ἄθλησις
911 1809 1010 1863 τοῦ
1041 1805 1200 1882 ἁγίου
1235 1806 1506 1884 μάρτυρος
1533 1805 1814 1863 Ἀκακίου.

382 2012 642 2076 Ἀκάκιος
677 2013 704 2068 ὁ
757 2017 858 2068 τοῦ
909 2015 1146 2086 Χριστοῦ
1211 2014 1441 2090 μάρτυς,
1464 2014 1530 2082 ἦν
1566 2010 1652 2068 ἐπὶ
1686 2011 1962 2084 Μαξιμια-

315 2105 409 2157 νοῦ
436 2099 538 2157 τοῦ
573 2102 843 2177 βασιλέως
876 2102 936 2158 ἐκ
963 2110 1064 2173 τῆς
1109 2104 1299 2178 χώρας
1358 2100 1769 2172 Καππαδοκίας,
1800 2122 1966 2172 στρα-

303 2193 598 2264 τευόμενος
630 2191 682 2246 ἐν
710 2190 789 2265 τῷ
833 2195 1068 2270 τάγματι
1123 2198 1232 2248 τῶν
1286 2191 1532 2268 σχολῶν.
1598 2190 1962 2268 Διαγνωσθεῗς

313 2279 390 2348 δὲ,
440 2283 525 2338 δτι
586 2283 910 2357 Χριστιανός
967 2282 1130 2351 ἐστιν,
1189 2281 1460 2356 ἐκρατήθη
1519 2282 1608 2338 καὶ
1664 2282 1959 2357 προσήχθη

311 2376 389 2443 τῷ
407 2379 509 2441 τῆς
543 2373 732 2448 χώρας
765 2369 1018 2448 ἄρχοντι,
1048 2372 1137 2428 καὶ
1171 2370 1524 2449 ὁμολογήσας
1556 2373 1646 2428 τὸν
1705 2372 1961 2447 Χριστὸν,

314 2458 514 2537 ἐτῦφθη
551 2459 821 2536 σφοδρῶς.
857 2461 988 2518 Εἶτα
1017 2461 1430 2539 παραπεμφθεὶς
1486 2461 1652 2536 ἐτέρῳ
1710 2458 1958 2536 ἄρχοντι,

312 2551 398 2605 καὶ
436 2548 709 2616 συνδεθεὶς
736 2551 829 2607 καὶ
881 2551 1078 2614 ἄλλοις
1135 2550 1372 2615 πολλοῖς
1417 2548 1748 2626 δεσμώταις,
1803 2547 1960 2625 ἤχθη

312 2639 386 2702 εἷς
411 2641 474 2695 τὸ
507 2642 825 2710 Βυζάντιον*
882 2642 971 2697 καὶ
1027 2639 1226 2706 δειναῖς
1285 2642 1500 2714 μάστιξι
1561 2641 1650 2698 καὶ
1684 2635 1959 2716 στρεϐλώ-

312 2748 421 2784 σεσι
493 2730 841 2801 καταξανθεὶς
925 2729 1055 2786 ὅλον
1114 2732 1176 2786 τὸ
1254 2739 1433 2804 σῶμα,
1493 2729 1818 2800 ἀπεκλείσθη
1882 2729 1959 2794 είς

317 2821 586 2895 φυλακήν·
650 2819 775 2877 ἔνθα
836 2821 1144 2884 ἐπιστάντες
1207 2824 1342 2877 θεῖοι
1403 2820 1630 2896 ἃγγελοι
1689 2820 1960 2880 ἀπεκατέω

321 2931 513 2980 στησαν
545 2910 705 2966 αὐτὸν
743 2910 890 2988 ὑγιῆ·
923 2910 1013 2966 καὶ
1046 2909 1247 2974 ἰδόντες
1307 2908 1464 2966 αὐτὸν
1525 2910 1580 2978 οἱ
1629 2909 1684 2966 ἐν
1739 2912 1809 2984 τῇ
1858 2932 1959 2985 φυ-

328 2996 461 3073 λακῇ
543 3000 742 3063 πάντες
801 2999 943 3056 οὕτω
998 3001 1214 3076 ταχέως
1262 3000 1588 3075 ὑγιάναντα,
1645 2998 1958 3057 ἐπίστευσαν

317 3090 402 3144 καί
431 3088 581 3145 αὐτοὶ
642 3093 725 3163 τῷ
782 3087 1027 3162 Χριστῷ,
1084 3089 1176 3146 καὶ
1236 3089 1765 3166 ἂπεκεφαλίσθησαν.
1830 3089 1960 3147 Εἶτα

1987 1796 2044 1888 Β,

2092 537 2238 594 ccelo
2260 549 2655 614 compactum,
2686 544 2918 600 vidente
2949 544 3221 598 universo
3270 541 3510 614 populo.
3553 560 3733 614 super

2090 635 2360 686 sanctum
2387 639 2644 690 montem
2668 633 3292 707 Golgothaextensum.
3323 630 3422 685 ubi
3449 632 3732 688 Dominus

2089 724 2294 774 noster
2320 721 2488 778 Jesus
2519 723 2783 779 Lhristus
2814 723 2876 779 in
2898 739 3133 779 crucem
3165 729 3331 779 actus
3360 723 3559 780 i‘uit.et
3586 741 3727 795 pro-

2085 807 2302 865 cedens
2323 828 2511 884 usque
2550 813 2622 869 ad
2655 822 2926 870 sanctum
2984 820 3247 869 montem
3280 813 3509 879 Oliveti,
3551 814 3634 869 ita
3661 820 3731 870 ut

2086 897 2421 968 splendoris
2451 903 2542 957 sui
2569 902 2838 958 claritate
2869 903 3067 958 radios
3099 903 3242 958 solis
3274 907 3514 974 tegeret.
3576 903 3730 967 Qua-

2093 986 2356 1044 mobrem
2387 991 2581 1046 omnis
2613 992 2803 1069 aetatis
2825 991 3423 1062 Christianijuvenes
3455 997 3513 1045 et
3535 1007 3731 1060 senes,

2093 1077 2262 1147 pueri
2294 1085 2353 1133 et
2381 1078 2690 1155 lactentes,
2723 1081 2783 1136 in
2815 1088 3078 1136 sanctam
3113 1081 3216 1136 Dei
3247 1081 3557 1136 ecclesiam
3594 1098 3729 1137 con-

2091 1173 2418 1222 venerunt:
2448 1176 2508 1244 et
2531 1169 2868 1226 incredibili
2898 1169 3110 1244 gaudio
3168 1169 3410 1242 perfusi,
3469 1170 3724 1242 gloriam

2085 1255 2528 1329 gratiarumque
2559 1260 2856 1316 actionem
2899 1275 3034 1316 cum
3082 1259 3517 1314 ferventissima
3560 1275 3724 1315 com-

2084 1345 2405 1414 punctione
2435 1346 2554 1402 Deo
2587 1347 2927 1404 extulerunt
2957 1364 3059 1418 pro
3083 1347 3373 1419 stupendo
3391 1347 3680 1404 miraculo
3707 1357 3721 1395 τ

2079 1430 2150 1486 de
2165 1449 2280 1503 quo
2304 1440 2362 1490 et
2392 1442 2631 1490 sanctus
2649 1436 2901 1508 Cyrillus
2921 1437 2995 1492 ad
3025 1437 3436 1492 Constantium
3460 1437 3720 1510 scripsit,

2079 1519 2144 1575 in
2175 1519 2293 1579 ﬁde
2324 1523 2655 1582 orthodoxa
2683 1524 2854 1582 illum
2877 1526 3262 1583 confirmans.

2322 1833 2396 1888 Et
2422 1839 2694 1890 certamen
2721 1836 2900 1891 sancti
2926 1836 3185 1905 martyris
3213 1835 3430 1891 Acacii.

2145 2019 2394 2076 Aeacius
2425 2020 2639 2078 Christi
2663 2027 2887 2096 martyr
2913 2023 3045 2090 fuit,
3078 2022 3429 2080 Maximiano
3452 2023 3708 2094 impera-

2076 2111 2227 2173 tore.
2260 2123 2329 2163 ex
2358 2109 2600 2182 regione
2629 2112 3316 2184 Cappadociae,militiam
3341 2128 3624 2169 exercens
3650 2111 3715 2168 in

2075 2197 2422 2256 Scholarum
2453 2202 3002 2274 cohorte.Cognitus
3027 2210 3227 2258 autem
3246 2202 3717 2269 utChristianus,

2078 2285 2547 2360 comprehensus
2577 2289 2707 2350 fuit.
2726 2295 2783 2345 et
2809 2289 3099 2346 adductus
3129 2289 3207 2346 ad
3232 2289 3489 2362 regionis
3513 2289 3719 2360 praesi-

2073 2373 2207 2430 dem
2245 2392 2258 2429 :
2291 2393 2358 2432 ac
2398 2377 2697 2433 Christum
2750 2381 3076 2447 confessus,
3133 2378 3386 2453 graviter
3450 2375 3714 2434 caeditur.

2076 2463 2301 2520 Deinde
2326 2465 2400 2522 ad
2425 2466 2607 2524 alium
2631 2467 2945 2539 praasidem
2969 2469 3208 2536 missus,
3243 2485 3310 2524 ac
3339 2467 3568 2523 vinctus
3598 2483 3719 2524 una

2072 2570 2205 2611 cum
2237 2555 2372 2612 aliis
2403 2559 2646 2635 captivis
2679 2559 3013 2630 B3zantium
3028 2558 3343 2615 adducitur
3363 2575 3376 2612 :
3399 2557 3719 2631 ﬂagrisque

2075 2645 2417 2702 crudelibus
2449 2654 2507 2702 et
2537 2648 2819 2703 tortuosis
2851 2648 3029 2720 lignis
3075 2655 3195 2703 toto
3229 2665 3474 2720 corpore
3502 2664 3712 2714 caesus,

2072 2731 2134 2786 in
2167 2749 2463 2789 carcerem
2497 2723 2850 2791 detruditur.
2875 2736 2982 2792 Ubi
3010 2745 3389 2793 accurrentes
3419 2735 3718 2794 divinian-

2080 2821 2218 2894 geli,
2250 2823 2611 2880 incolumem
2643 2825 2838 2896 ipsum
2869 2824 3280 2882 reddiderunt.
3339 2827 3483 2881 Cum
3513 2819 3714 2881 autem

2069 2927 2298 2980 omnes,
2332 2914 2434 2985 qui
2482 2914 2543 2969 in
2595 2931 2829 2970 carcere
2887 2921 3075 2982 erant,
3129 2931 3262 2970 eum
3299 2921 3416 2971 tam
3464 2921 3713 2986 repente

2070 3002 2311 3060 sanitati
2343 3004 2682 3062 restitutum
2711 3006 3146 3078 conspicerent,
3203 3007 3265 3060 in
3323 3005 3618 3060 Christum
3657 3010 3717 3060 et

2073 3089 2185 3164 ipsi
2243 3093 2645 3156 crediderunt.
2705 3112 2773 3152 ac
2818 3094 3068 3168 proinde
3127 3095 3319 3166 capite
3372 3094 3714 3150 obtruncati

306 3186 404 3248 τῆς
467 3178 718 3256 φυλακῆς
777 3173 1089 3250 ἐκϐληθεὶς,
1172 3179 1262 3234 καὶ
1319 3180 1731 3257 παραπενμφθεὶς
1788 3177 1957 3254 ὶτέρῳ

2076 3188 2230 3238 sunt.
2258 3169 2481 3240 Deinde
2511 3183 2758 3240 Aeacius
2784 3201 2813 3241 e
2845 3201 3080 3241 carcere
3129 3184 3395 3246 eductus.
3429 3190 3604 3255 atque
3635 3182 3710 3238 ad

308 3265 558 3344 ἂρχοντι,
594 3269 683 3324 καὶ
745 3267 910 3324 πάλιν
956 3266 1319 3342 τιμωρηθεὶς,
1369 3265 1800 3346 ἀπεκεφαλίσθη·
1861 3268 1953 3324 καί

305 3358 563 3429 κατετέθη
598 3359 662 3414 τὸ
719 3355 976 3434 λείψανον
1037 3356 1202 3413 αὐτοῦ
1258 3356 1314 3413 ἐν
1369 3359 1524 3432 τόπῳ
1575 3357 1953 3437 ἐπιλεγομένῳ

305 3451 480 3523 Σταυρ
491 3448 579 3523 ίῳ.

858 3548 1041 3608 ΜΗΝΙ
1079 3549 1168 3606 ΤΩ
1204 3551 1400 3607 ΑΥΤΩ.

371 3739 584 3812 Μνήμη
615 3743 714 3795 τοῦ
745 3737 899 3816 ἁγίου
923 3647 1186 3816 ,Ἰωάννῐάυ
1217 3740 1316 3793 τοῦ
1356 3735 1633 3813 Θεολόγου
1663 3737 1751 3794 ἐπὶ
1779 3744 1880 3810 τῆς

912 3809 1067 3886 ἁγίας
1120 3809 1345 3872 κόνεως.

372 3923 435 3980 Ὁ
493 3919 876 3999 φιλάνθρωπος
931 3917 1022 3973 καὶ
1096 3918 1404 3992 πανάγαθος
1457 3917 1586 3981 Θεὸς
1650 3920 1834 3992 ὴμῶν,
1887 3920 1950 3975 οὗ

307 4010 466 4083 μόνον
497 4009 624 4072 τοὺς
690 4009 822 4084 ὑπὲρ
873 4006 1034 4062 αὐτὸν
1064 4008 1517 4085 ἀγωνισαμένους
1546 4008 1732 4082 ἁγίους
1789 4007 1952 4064 αὐτοῦ

306 4102 552 4176 μαθητάς
581 4098 672 4158 καὶ
719 4096 1088 4166 ἀποστόλους,
1147 4101 1432 4176 προφήτας
1484 4118 1543 4153 τε
1597 4097 1687 4153 καὶ
1748 4098 1949 4174 μάρτυ-

307 4210 417 4265 ρας,
449 4191 540 4246 καὶ
595 4190 798 4251 πάντας
859 4189 986 4250 τοὺς
1047 4187 1500 4258 εὐαρεστήσαντας
1556 4187 1722 4260 αὐτῷ,
1785 4189 1950 4263 βασι-

309 4278 456 4342 λείας
490 4279 756 4354 οὐρανῶν,
814 4278 902 4333 καὶ
961 4281 1066 4333 τῶν
1127 4276 1360 4333 αἰωνίων
1415 4278 1646 4348 ἠξίωσεν
1705 4277 1941 4351 ἀγαθῶνο

306 4364 566 4424 ἀλλὰκαὶ
595 4366 724 4427 τοὺς
755 4363 982 4434 τόπους,
1023 4363 1076 4418 ἐν
1133 4363 1216 4426 οἷς
1266 4363 1376 4436 ἤδη
1435 4361 1680 4441 ἔτριψαν,
1735 4363 1770 4434 ἢ
1829 4363 1950 4421 ἐτάο

305 4477 500 4535 φησαν,
532 4453 768 4529 πλήρεις
805 4453 1049 4530 χαρίτων
1107 4451 1424 4525 ἀποδείξας,
1480 4453 1717 4518 πολλοῖς
1778 4453 1950 4530 ἐλάμ-

2066 3271 2253 3328 alium
2282 3273 2596 3345 praesidem
2617 3274 3290 3347 remissus.rursumque
3314 3274 3712 3344 excruciatus,

2065 3361 2256 3433 capite
2287 3363 2674 3421 obtruncatus
2698 3363 2811 3420 fuit
2841 3381 2856 3420 :
2885 3371 2943 3420 et
2999 3364 3242 3437 reliquae
3302 3364 3490 3436 ipsius
3519 3363 3714 3436 depo-

2065 3452 2192 3516 sitae
2221 3451 2464 3522 fuerunt
2493 3453 2556 3510 in
2585 3453 2714 3510 loco
2742 3453 2844 3524 qui
2867 3453 3163 3512 Staurium
3191 3453 3427 3510 dicitur.

2613 3551 2854 3608 EODEM
2876 3552 3129 3608 MENSE.

2695 3641 2799 3695 Die
2825 3646 3026 3696 octava

2133 3734 2233 3792 88
2255 3738 2521 3812 Memoria
2534 3739 2712 3796 sancti
2729 3737 2962 3823 Joannis
3002 3737 3262 3808 Theologi
3291 3736 3358 3795 ob
3388 3743 3638 3820 sanctum

2735 3825 2992 3866 emerem.

2131 3914 2643 3972 Clementissimus
2696 3920 2755 3972 et
2810 3916 3068 3987 optimus
3126 3915 3282 3972 Deus
3322 3921 3526 3971 noster
3581 3933 3704 3973 non

2059 4003 2236 4060 modo
2259 4021 2382 4071 eos,
2409 4004 2510 4077 qui
2541 4022 2646 4076 pro
2679 4004 2808 4076 ipso
2839 4004 3239 4073 decertarunt,
3287 4011 3524 4062 sanctos
3556 4023 3697 4062 suos

2060 4093 2383 4166 discipulos
2415 4099 2473 4150 et
2501 4093 2824 4166 apostolos,
2857 4094 3176 4166 prophetas
3198 4112 3434 4168 quoque
3457 4111 3524 4150 ac
3547 4112 3706 4151 mar-

2059 4187 2242 4255 tyres,
2273 4183 2724 4255 universosque.
2753 4183 2853 4256 qui
2885 4183 2996 4240 sibi
3045 4184 3345 4257 placuere,
3377 4201 3558 4258 regno
3591 4202 3708 4241 cce-

2057 4271 2195 4328 lesti
2217 4271 2508 4345 bonisque
2536 4272 2916 4346 sempiternis
2935 4272 3142 4346 dignos
3157 4275 3380 4342 effecit;
3401 4273 3504 4331 sed
3526 4275 3704 4331 etiam

2059 4360 2210 4429 loca,
2243 4363 2305 4418 in
2329 4361 2545 4434 quibus
2573 4363 2786 4418 versati
2817 4369 3084 4431 sunt,aut
3111 4363 3348 4434 sepulti.
3381 4364 3704 4435 gratiarum

2058 4451 2239 4523 plena
2267 4453 2612 4520 ostendens,
2640 4452 2845 4508 multis
2891 4469 2960 4508 ea
3004 4452 3310 4508 miraculis
3359 4451 3696 4507 illustravit.

304 4534 467 4620 πρυνε
509 4546 768 4620 θαύμασι.
828 4543 933 4600 Καὶ
987 4546 1090 4620 γὰρ
1153 4544 1183 4612 ὁ
1232 4545 1425 4620 τάφος,
1484 4541 1536 4598 ἐν
1591 4541 1637 4618 ᾧ
1693 4545 1721 4600 ὁ
1783 4546 1949 4622 μέγας

2076 4534 2292 4617 Etenim
2326 4541 2689 4620 sepulcrum,
2718 4543 2781 4596 in
2833 4557 2948 4613 quo
3008 4558 3259 4612 magnus
3312 4541 3615 4611 apostolus
3646 4545 3705 4595 et

307 4632 646 4696 Ἀπόστολος
729 4634 819 4690 καὶ
907 4631 1298 4709 εὐαγγελιστὴς
1388 4634 1643 4704 Ἰωάννης
1724 4633 1948 4707 μέλλων

312 4730 662 4797 μετατεθῆναι
730 4723 920 4801 ἐτάφη,
971 4723 1122 4777 κόνιν
1201 4721 1376 4798 ἁγίαν,
1433 4719 1500 4790 ἤν
1575 4722 1627 4776 οἱ
1685 4720 1950 4799 ἐγχώριοι

309 4814 488 4868 Μάννα
519 4813 1041 4889 προσαγορεύουσιν,
1073 4809 1337 4866 ἐπινεύσει
1399 4811 1716 4885 Πνεύματος
1764 4813 1947 4888 ἁγίου,

307 4903 436 4957 κατᾶ
463 4904 564 4971 τήν
588 4899 790 4977 ὀγδόην
824 4902 1034 4974 ἡμέραν
1091 4903 1189 4956 τοῦ
1255 4899 1433 4956 Maian
1487 4901 1660 4973 μηνὸς
1716 4898 1946 4974 ἐτησίως

308 4988 554 5064 ἐξαίφνης
584 4988 832 5064 ἁναὸρῦει
879 4991 966 5046 καὶ
1023 4986 1366 5045 ἀναδίδωσιν·
1401 4986 1468 5059 ἤν
1528 4989 1581 5044 οἱ
1637 4992 1944 5067 προσερχό-

312 5101 456 5151 μενοι
524 5074 914 5152 λαμϐάνοντες,
982 5078 1226 5153 Χρῶνται
1311 5078 1450 5152 αὖτῇ
1525 5077 1601 5141 εἷς
1674 5079 1942 5136 παντοίων

307 5170 486 5224 παθῶν
515 5167 923 5242 ἀπολύτρωσιν,
981 5165 1059 5230 είς
1103 5172 1388 5242 θεραπείαν
1419 5169 1638 5243 ψυχῶν,
1670 5168 1744 5231 εἷς
1775 5168 1940 5244 ῥῶσιν

307 5259 594 5331 σωμάτων,
627 5257 756 5320 Θεὸν
785 5254 1229 5331 δοξολογοῦντες,
1289 5255 1377 5311 καὶ
1435 5256 1527 5330 τὸν
1554 5255 1726 5313 αὐτοῦ
1783 5258 1940 5336 θερά-

306 5367 469 5404 ποντα
498 5346 768 5421 Θεολὸγον
795 5344 1159 5421 γεραίροντες.

369 5464 468 5520 Καὶ
503 5465 699 5538 μνήμη
755 5465 852 5517 τοῦ
909 5459 1072 5539 ὁσίου⁸
1105 5459 1318 5539 Πατρὸς
1371 5463 1534 5534 ἡμῶν
1585 5463 1868 5539 Ἀρσενίου

901 5536 1002 5588 τοῦ
1022 5535 1073 5590 Μ
1079 5533 1200 5610 εγάλ
1214 5533 1295 5590 ου.

371 5652 671 5727 Ἀρσένιος,
706 5650 734 5702 6
781 5647 833 5704 ἐν
891 5647 1068 5724 ἁγίοις
1125 5648 1313 5723 Πατὴρ
1371 5650 1553 5726 ἡμῶν,
1596 5651 1662 5722 ἦν
1725 5651 1820 5727 μὶν
1877 5651 1937 5708 ἐκ

2063 4630 2420 4703 evangelista
2438 4631 2715 4693 Joannes,
2751 4629 2926 4701 paulo
2958 4636 3090 4702 post
3120 4627 3696 4690 transferendus.de-

2058 4720 2287 4791 positus
2317 4719 2726 4776 fuit.sanctum
2749 4719 3217 4790 cinerem,quem
3252 4717 3462 4774 incolae
3486 4719 3700 4774 Manna

2059 4808 2382 4880 appellant,
2415 4807 2633 4879 Spiritu
2665 4814 2866 4863 sancto
2898 4815 3218 4868 annuente.
3243 4814 3443 4862 octavo
3475 4807 3698 4864 mensis

2059 4897 2191 4952 Maii
2221 4897 2318 4952 die
2349 4895 2669 4968 quotannis
2699 4897 2995 4968 extemplo
3030 4896 3266 4956 emittit.
3301 4903 3655 4969 emanatque
3681 4913 3695 4952 :

2057 5001 2233 5056 quem
2257 4985 2357 5055 qui
2379 4983 3072 5056 acceduntaccipientes.
3094 4985 3156 5040 in
3179 4985 3544 5040 curationem
3570 4984 3700 5040 uui-

2054 5091 2356 5130 versorum
2389 5073 2750 5144 morborum,
2783 5075 2845 5130 in
2901 5075 3241 5132 animarum
3272 5077 3606 5138 sanitatem.
3642 5081 3702 5131 et

2053 5169 2115 5223 in
2146 5175 2460 5237 corporum
2490 5164 2783 5220 medelam
2817 5182 2885 5221 eo
2922 5172 3194 5228 utuntur,
3227 5165 3410 5222 Deum
3453 5165 3697 5221 laudan-

2052 5260 2163 5325 tes,
2193 5257 2440 5333 ejusque
2471 5271 2704 5312 servum
2733 5255 3093 5330 Theologum
3114 5261 3487 5312 venerantes.

2125 5471 2190 5525 Et
2217 5472 2481 5526 memoria
2511 5470 2691 5528 sancti
2720 5471 2904 5528 Patris
2946 5472 3128 5529 nostri
3153 5474 3380 5530 Arseniz’
3407 5474 3619 5546 Magni.

2123 5658 2369 5716 Sanctus
2399 5658 2575 5716 Pater
2620 5665 2826 5718 noster
2866 5662 3175 5732 menius,
3203 5661 3318 5718 fuit
3371 5677 3443 5718 ex
3492 5668 3688 5718 vetere
