4158 6310
407 350 527 412 443

1689 347 2120 412 MENOLOGII
2163 351 2366 416 PARS
2409 357 2541 420 IIII.

3708 371 3832 431 444

409 485 614 550 Roma,
649 483 1041 538 sanctissimas
1072 483 1173 538 Dei
1205 481 1471 537 ecclesiae
1492 481 2047 554 diaconus.Propter

2164 488 2260 556 τῆς
2285 488 2523 552 παλαιᾶς
2583 489 2827 562 Ῥώμης,
2887 489 3137 556 διάκονος
3193 499 3296 563 τῆς
3353 496 3665 570 ἁγιωτάτης
3714 507 3814 558 τοῦ

412 591 579 630 suam
614 580 808 630 autem
836 574 1143 629 scientiam
1169 578 1345 642 atque
1372 572 1615 626 virtutes
1639 570 1904 628 delectus
1926 579 2060 630 esta

413 663 740 718 Theodosio
767 665 968 734 Magno
989 663 1369 733 imperatore,
1388 667 1455 715 ut
1482 660 1637 716 ﬁlios
1667 661 1855 732 ipsius
1876 665 2059 718 Arca-

412 752 574 808 dium
611 759 668 808 et
699 754 1019 807 Honorium
1044 768 1162 806 non
1193 751 1404 806 litteris
1421 756 1676 813 tantum,
1711 751 1816 806 sed
1848 758 1906 806 et
1936 751 2050 805 vir-

413 841 641 896 tutibus
663 842 974 897 imbueret.
1001 841 1104 897 Sic
1125 857 1270 896 vero
1301 841 1372 896 ab
1418 841 1776 911 imperatore
1795 841 2053 896 honora-

409 930 678 994 hatur.ut
699 933 882 986 Pater
911 931 1334 1002 imperatorum
1368 930 1683 986 diceretur.
1719 931 1932 985 Verum
1955 931 2056 986 ille

407 1021 614 1075 turbas
641 1019 776 1074 odio
809 1019 1475 1090 habens,terrarumque
1507 1020 1924 1091 imperatorem
1957 1019 2047 1074 fu-

405 1110 777 1182 giens.vitam
810 1109 1136 1164 solitariam
1163 1108 2053 1181 amavit,Regemqueccelestem

409 1199 667 1270 Optavit;
703 1215 877 1270 quem
910 1198 1172 1270 rogabat,
1207 1204 1270 1252 ut
1301 1214 1362 1253 se
1421 1198 1481 1252 in
1532 1198 1684 1252 viam
1741 1198 2044 1268 dirigeret,
2081 1237 2086 1245 ι

405 1288 701 1358 quomodo
733 1288 943 1343 salvari
975 1287 1236 1342 deberet.
1272 1289 1486 1343 Vocem
1544 1287 1724 1360 igitur
1771 1287 1993 1342 audivit
2024 1301 2054 1341 e

402 1378 549 1433 cwlo
582 1377 694 1432 sibi
730 1384 817 1433 ter
843 1378 1138 1433 dicentem
1173 1395 1186 1432 :
1219 1378 1452 1442 Arseni,
1487 1377 1618 1450 fuge
1658 1377 1954 1441 homines,
1988 1382 2046 1432 et

403 1467 724 1532 salvaberis
779 1469 849 1521 Et
879 1467 1078 1522 statim
1131 1467 1371 1522 mutatis
1418 1465 1698 1528 vestibus.
1741 1469 2047 1538 assumpto

399 1557 677 1628 pauperis
709 1556 934 1621 habitu,
970 1557 1029 1611 in
1051 1557 1357 1629 Egyptum
1383 1556 2043 1628 profectus,solitariam

397 1646 576 1701 vitam
611 1647 872 1718 suscepit
900 1663 912 1700 :
944 1662 1198 1717 cumque
1231 1653 1535 1712 certasset,
1569 1652 1634 1700 ut
1664 1661 1838 1701 nemo
1869 1645 2043 1713 alius,

396 1738 459 1792 in
487 1737 784 1810 profunda
815 1743 1127 1794 senectute
1157 1737 1230 1793 ad
1262 1738 1448 1794 Deum
1481 1736 1770 1809 migravit.

957 1954 1197 2012 EODEM
1242 1953 1495 2010 MENSE.

1087 2045 1189 2100 Die
1225 2059 1386 2100 nona

615 2133 716 2190 89
765 2135 1056 2192 Certamen
1105 2136 1283 2191 sancti
1329 2135 1488 2190 Isaia
1527 2131 1839 2204 prophetas.

472 2242 654 2298 Isaias
688 2258 938 2315 magnus
971 2242 1072 2297 Dei
1099 2242 1390 2314 propheta
1445 2239 1770 2296 Jerusalem
1801 2238 2056 2310 patriam

400 2333 609 2388 habuit
642 2350 656 2400 ;
689 2333 1015 2388 avunculus
1045 2338 1245 2388 autem
1302 2331 1414 2386 fuit
1449 2332 1714 2386 Manasse
1763 2330 1918 2403 regis
1950 2329 2056 2383 filii

398 2423 658 2478 Ezechim
693 2439 705 2476 :
743 2439 922 2493 quem
956 2438 1091 2477 cum
1119 2428 1362 2494 propter
1411 2420 1761 2491 iniquitates
1792 2435 1929 2475 suas
1958 2434 2058 2473 re-

403 2511 760 2584 darguisset,
795 2527 961 2567 serra
1008 2512 1069 2566 in
1119 2511 1268 2567 duas
1317 2517 1516 2583 partes
1575 2515 1792 2577 sectus,
1825 2507 2054 2564 vivendi

403 2601 586 2658 linem
619 2601 777 2670 fecit,
811 2602 1200 2674 sepultusque
1256 2601 1369 2656 fuit
1416 2602 1590 2672 juxta
1644 2616 1852 2672 aquas,
1908 2615 2055 2670 quas

399 2691 676 2748 Ezechias
734 2708 836 2748 rex
885 2691 1248 2764 perdiderat,
1311 2698 1548 2764 aggesta
1600 2696 1757 2746 terra
1813 2697 2056 2762 propter

399 2781 698 2836 inimicos.
736 2782 890 2836 Deus
940 2787 1137 2836 autem
1172 2781 1404 2854 signum
1440 2779 1611 2834 Silom
1643 2778 1784 2835 fecit
1814 2784 2056 2850 propter

398 2871 923 2944 prophetam.Cum
949 2875 1106 2927 enim
1132 2877 1450 2942 antequam
1481 2876 1834 2932 moreretur,
1870 2869 2052 2925 sitiis-

399 2966 508 3028 set,
543 2961 752 3022 oravit,
787 2967 852 3016 ut
883 2977 1038 3032 aqua
1070 2961 1386 3016 scaturiret
1421 2977 1433 3014 :
1466 2967 1526 3016 et
1553 2961 1753 3015 statim
1786 2959 1967 3015 missa
1996 2959 2050 3015 ei

398 3048 511 3104 fuit
538 3067 608 3105 ex
640 3067 708 3106 eo
765 3065 958 3121 aqua:
1020 3066 1088 3105 ac
1148 3057 1462 3120 propterea
1513 3049 1668 3104 Siloe
1725 3065 2051 3121 cognomen

402 3137 628 3204 habuit,
664 3141 775 3195 hoc
803 3145 915 3205 est,
964 3140 1202 3194 missus.
1254 3139 1324 3193 Et
1369 3138 1509 3193 olim
1565 3137 1810 3208 quidem
1869 3154 2049 3194 sacra)

2159 579 2299 630 Θεοῦ
2343 577 2656 649 ἐκκλησίας·
2714 577 2804 636 διά
2865 579 2922 636 δὲ
2969 583 3068 650 τήν
3123 588 3322 658 γνῶσιν
3373 586 3540 641 αὐτοῦ
3571 587 3659 642 καὶ
3711 591 3810 659 τήν

2165 667 2382 742 ἀρετῆν,
2439 669 2660 746 ἐξελέγη
2713 673 2860 747 παρά
2905 677 3002 728 τοῦ
3062 674 3320 750 Μεγάλου
3365 674 3658 734 Θεοδοσίου
3713 686 3812 736 τοῦ

2170 756 2438 832 βασιλέως
2489 758 2576 814 ἐπὶ
2633 761 2695 816 τὸ
2729 759 2998 818 διδάσκειν
3045 763 3112 818 τά
3168 762 3362 820 παιδία
3419 767 3608 838 αὐτοῦ,
3661 769 3818 826 τόντε

2165 845 2451 922 Ἀρκάδιον
2509 849 2598 905 καὶ
2653 851 2746 905 τὸν
2796 851 3091 928 Ὀνώριον,
3158 854 3219 910 οὐ
3281 855 3446 929 μόνον
3491 878 3815 934 γραμματα,

2163 934 2307 992 ἀλλὰ
2335 938 2423 992 καὶ
2457 939 2675 1014 ἀρετήν.
2705 940 2864 998 Οὕτω
2925 939 2982 997 δὲ
3039 941 3262 1016 ἐτιμᾶτο
3321 945 3469 1021 παρά
3527 950 3623 1000 τοῦ
3659 948 3817 1023 βασι-

2163 1025 2326 1096 λέως,
2358 1030 2435 1092 ὡς
2487 1031 2578 1085 καὶ
2638 1029 3064 1110 Βασιλεοπάτωρ
3121 1033 3424 1093 καλεῖσθαι.
3459 1037 3619 1093 Ἀλλ’
3669 1037 3814 1094 ἐκεῖ-

2160 1138 2275 1188 νος,
2305 1118 2434 1181 τοὺς
2491 1115 2759 1195 θορύϐους
2820 1127 3019 1195 μισῶν,
3075 1123 3166 1178 καὶ
3223 1126 3314 1180 τὸν
3373 1127 3519 1181 κάτω
3581 1125 3813 1203 βασιλέα

2159 1207 2662 1286 ἀποστρεφόμενος,
2691 1212 2791 1280 τήν
2854 1209 2912 1266 δὲ
2972 1213 3208 1289 ἡσυχίαν
3266 1214 3509 1291 ἀγαπῶν,
3567 1216 3657 1272 καὶ
3713 1218 3810 1274 τὸν

2161 1295 2274 1351 ἂνω
2303 1296 2536 1353 Βασιλέα
2587 1304 2792 1370 ποθῶν,
2851 1301 3148 1375 παρεκάλει
3199 1303 3360 1359 αὐτὸν
3417 1302 3690 1381 ὁδηγῆσαι
3724 1308 3804 1372 εἷς

2161 1383 2309 1456 ὁδὸν,
2341 1386 2492 1450 ὅπως
2525 1386 2609 1444 δεῖ
2654 1391 2916 1461 σωθῆναιο
2975 1393 3142 1462 ἦλθεν
3202 1394 3294 1449 οὗν
3333 1393 3481 1468 αὐτῷ
3533 1399 3688 1472 φωνή
3749 1400 3813 1456 ἐκ

2159 1480 2254 1532 τοῦ
2311 1478 2568 1553 οὐρανοῦ,
2629 1481 2862 1557 λέγουσα
2918 1478 2978 1537 ἐκ
3041 1481 3248 1557 τρίτουσ
3329 1484 3588 1560 Ἀρσένιε,
3647 1493 3811 1566 φεῦγε

2159 1565 2288 1631 τοὺς
2343 1567 2689 1640 ἀνθρώπους,
2776 1571 2866 1626 καὶ
2949 1571 3148 1642 σώζου.
3238 1574 3334 1628 Καὶ
3390 1575 3693 1650 παραυτίκα
3741 1565 3811 1634 τὰ

2161 1655 2354 1729 ἱμάτια
2394 1654 2658 1728 ἀλλάξας,
2704 1658 2794 1714 καὶ
2827 1680 3065 1735 φορεσας
3123 1663 3378 1739 πενιχρά,
3427 1663 3670 1734 ἀπῆλθεν
3732 1667 3812 1732 εἷς

2214 1743 2238 1786 Υ
2573 1747 2585 1788 ἶ
2691 1747 2716 1788 'I
3006 1751 3021 1770 \
3095 1751 3108 1770 9
3303 1753 3314 1771 1
3529 1755 3544 1776 ι
3665 1757 3678 1777 9
3756 1755 3769 1775 \

2160 1756 2467 1820 Α.γυπτον,
2497 1768 2588 1802 κα.
2614 1749 2880 1824 ἡσυχαζε.
2919 1752 3023 1808 Και
3084 1771 3485 1828 αγωνισαμενος
3513 1776 3588 1818 ως
3619 1754 3805 1820 ουδεις

2161 1831 2358 1906 ἄλλος,
2391 1834 2443 1891 iv
2475 1836 2630 1913 βαθεῖ
2655 1841 2801 1915 γήρᾳ
2831 1842 2968 1914 πρὸς
3001 1840 3132 1896 Θεὸν
3165 1839 3521 1918 ἰξεδήμησεν.

2714 1955 2891 2012 ΜΗΝΙ
2927 1957 3019 2013 ΤΩ
3055 1959 3254 2017 ΑΥΤΩ.

2965 2052 3021 2103 Θ.

2339 2131 2618 2204 ’Δθλησις
2674 2130 2773 2189 τοῦ
2829 2135 2984 2209 ἁγίου
3041 2139 3330 2216 προφήτου
3384 2137 3631 2197 Ἡσαΐου.

2233 2238 2474 2309 Ἡσαΐας,
2511 2239 2539 2296 ὁ
2568 2246 2666 2298 τοῦ
2697 2247 2831 2299 Θεοῦ
2891 2245 3060 2320 μὲγας
3116 2249 3430 2326 προφήτης,
3492 2247 3559 2316 ἤν
3594 2250 3691 2323 μὶν
3753 2249 3806 2324 ἐξ

2163 2327 2552 2405 Ἰερουσαλὴμ,
2607 2337 2754 2396 θεῖος
2813 2329 2870 2388 δὶ
2921 2335 3137 2411 ὑπῆρχε
3187 2339 3286 2392 τοῦ
3345 2336 3612 2412 βασιλέως
3671 2341 3802 2398 Ma-

2162 2423 2330 2484 νασσῆ
2391 2419 2512 2475 υἱοῦ
2567 2420 2829 2492 Ἐζεκίου.
2880 2423 3166 2501 Ἐλέγχων
3218 2423 3274 2482 δὶ
3329 2426 3487 2483 αὐτὸν
3546 2428 3633 2484 ἐπὶ
3687 2435 3809 2492 ταῖς

2162 2509 2418 2582 ἀνομίαις
2451 2509 2636 2579 αὐτοῦ,
2671 2510 2898 2586 ἐσχίσθη
2957 2513 3034 2576 είς
3087 2511 3182 2570 δύο
3241 2515 3374 2588 μετᾶ
3430 2517 3676 2590 πρίονος·
3705 2519 3798 2573 καὶ

2158 2595 2508 2668 τελευτήσας,
2566 2596 2734 2678 ἐτάφη
2794 2597 3030 2672 πλησίον
3085 2605 3192 2658 τῶν
3236 2601 3466 2675 ὑδάτων,
3491 2606 3622 2680 ἅπερ
3655 2603 3805 2660 ἀπώ-

2161 2683 2313 2742 λεσεν
2370 2686 2622 2757 Ἐζεκίας
2681 2689 2709 2743 ὁ
2771 2688 3047 2762 βασιλεὺς,
3132 2693 3458 2768 καταχώσας
3517 2693 3652 2749 αὐτὲι⁵
3708 2691 3804 2750 διὰ

2160 2774 2288 2839 τοὺς
2321 2773 2655 2850 πολεμίους·
2687 2798 2777 2832 και
2811 2780 2838 2834 ὁ
2871 2779 3000 2842 Θεὸς
3042 2780 3106 2836 τὸ
3163 2787 3392 2855 σημεῖον
3439 2786 3540 2837 τοῦ
3571 2783 3811 2858 Σιλωάμ

2162 2864 2388 2937 ἐποίησε
2420 2863 2511 2922 διὰ
2537 2867 2628 2922 τὸν
2661 2870 2980 2946 προφήτην·
3018 2866 3087 2925 δι’
3120 2871 3200 2926 δτι
3232 2872 3340 2945 πρὸ
3388 2876 3484 2927 τοῦ
3515 2871 3801 2928 ἀποθανεῖν

2161 2952 2394 3029 διψήσας
2445 2952 2646 3028 ηὔξατο
2704 2963 2880 3012 ποιεῖν
2955 2960 3168 3033 [πιεῖν.]
3216 2957 3384 3036 ὕδωρ,
3431 2961 3521 3016 καὶ
3605 2960 3806 3026 εὖθέως

2157 3043 2438 3118 ἀπεστάλη
2469 3046 2618 3119 αὐτῷ
2647 3045 2696 3120 ἐξ
2727 3046 2894 3102 αὐτοῦ
2923 3045 3092 3123 ὕδωρ·
3127 3049 3224 3104 Διᾶ
3265 3054 3426 3105 τοῦτο
3458 3049 3666 3123 ὲκλήθη
3703 3057 3798 3106 Σι-

2160 3131 2348 3207 λωάμ,
2382 3133 2414 3190 ὅ
2469 3135 2823 3210 δρμηνεύεται
2881 3135 3311 3211 ἀπεσταλμένος.
3365 3137 3470 3194 Καὶ
3517 3140 3640 3195 τότε
3700 3141 3796 3212 μὶν

401 3228 706 3298 propheta
754 3227 1025 3298 reliquiae
1050 3228 1391 3298 jacuerunt,
1425 3232 1489 3281 ut
1521 3226 1855 3298 perhibent,
1881 3232 2047 3298 Juxta

2160 3219 2331 3278 ἔκειτο
2361 3224 2424 3279 τὸ
2454 3224 2602 3292 ἱερὸν
2642 3223 2896 3300 λείψανον
2932 3229 3030 3281 τοῦ
3087 3229 3376 3302 προφήτου
3431 3226 3689 3298 πλησίον,
3721 3228 3799 3291 ὡς

401 3329 587 3385 aquas
619 3315 794 3376 Siloe,
831 3321 890 3370 et
919 3314 1075 3386 apud
1105 3315 1446 3387 sepulcrum
1478 3313 1661 3369 David
1699 3320 1758 3368 et
1786 3313 2052 3370 Salomo-

400 3402 493 3457 nis
525 3419 751 3476 regum.
785 3403 1049 3459 Tandem
1093 3420 1228 3459 vero
1283 3402 1862 3476 Constantinopolim
1888 3409 2050 3460 tran-

397 3491 584 3558 slatas,
609 3493 784 3564 juxta
817 3493 1177 3550 Blachernas
1227 3493 1508 3566 deposita
1568 3497 1708 3549 sunt
1736 3493 1798 3548 in
1829 3494 2053 3567 templo

398 3583 587 3638 sancti
629 3584 906 3657 martyris
937 3584 1260 3641 Laurentii.

536 3770 603 3827 Et
632 3778 907 3828 certamen
950 3775 1128 3829 sancti
1175 3775 1440 3844 martyris
1500 3771 1904 3845 Christophori,

476 3878 554 3934 De
583 3878 695 3935 hoc
727 3886 934 3937 sancto
967 3881 1240 3952 quaedam
1281 3881 1583 3937 mirabilia
1638 3897 1706 3937 ac
1758 3881 2051 3954 stupenda

399 3967 556 4038 apud
587 3970 912 4025 nonnullos
945 3970 1354 4040 perhibentur,
1389 3970 1544 4042 quod
1579 3971 1808 4026 scilicet
1836 3971 2050 4027 faciem

398 4056 562 4110 canis
589 4057 847 4125 primum
887 4057 1184 4124 habuerit,
1239 4057 1629 4129 hominesque
1661 4059 2046 4128 devoraverit,

397 4158 465 4197 ac
493 4143 733 4199 tandem
767 4161 902 4200 cum
935 4145 996 4199 in
1030 4147 1330 4202 Christum
1363 4147 1735 4213 credidisset,
1786 4149 2044 4204 formam

389 4232 723 4286 mutaverit.
763 4235 975 4288 Verum
1005 4251 1130 4290 non
1175 4236 1257 4288 ita
1286 4251 1380 4290 res
1438 4251 1500 4288 se
1534 4235 1744 4290 habuit
1774 4253 1786 4289 :
1814 4235 1917 4290 sed
1965 4238 2046 4292 sic

392 4321 564 4376 illum
595 4322 778 4394 aliqui
812 4324 995 4379 fuisse
1033 4325 1314 4395 suspicati
1348 4330 1508 4382 sunt.
1541 4324 1700 4395 quod
1731 4326 2042 4381 ethenicus

391 4417 569 4480 esset,
603 4420 662 4467 et
689 4413 874 4477 ferox,
909 4430 978 4470 ac
1011 4413 1315 4470 terribilis.
1351 4415 1481 4469 Fuit
1512 4420 1711 4469 tamen
1745 4415 2046 4470 Decioim-

395 4506 662 4572 perante,
696 4509 755 4558 et
775 4519 808 4558 a
840 4502 1055 4557 comite
1080 4503 1140 4558 in
1168 4503 1371 4574 przelio
1393 4502 1879 4574 comprehensus,
1904 4519 2037 4559 cum

2160 3308 2395 3384 εἴρηται,
2453 3317 2562 3369 τῶν
2605 3310 2814 3369 ὑδάτων
2859 3319 2957 3370 τοῦ
3015 3312 3274 3391 Σιλωάμ,
3331 3316 3422 3372 καὶ
3477 3322 3574 3374 τοῦ
3626 3319 3802 3397 τάφου

2157 3405 2266 3456 τῶν
2322 3401 2588 3477 βασιλέων
2643 3400 2804 3459 Δαυίδ
2858 3405 2951 3460 καὶ
3011 3404 3402 3480 Σολομῶντος,
3459 3406 3681 3484 ὕστερον
3741 3406 3806 3464 δὲ

2163 3492 2560 3566 μετακομισθὲν
2591 3490 2643 3547 iv
2676 3495 3277 3567 Κωνσταντινουπόλει,
3335 3495 3590 3565 κατετίθη
3647 3495 3799 3568 πληο

2159 3579 2273 3636 σίον
2325 3580 2678 3657 Βλαχερνῶν,
2734 3581 2788 3637 iv
2841 3586 2921 3656 τῷ
2975 3584 3089 3657 ναῷ
3144 3581 3241 3639 τοῦ
3310 3585 3461 3661 ἁγίου
3521 3589 3802 3664 μάρτυρος

2159 3669 2509 3747 Δαυρεντίου.

2262 3770 2360 3826 Καὶ
2390 3767 2620 3841 ἃθλησις
2646 3775 2744 3827 τοῦ
2774 3772 2932 3848 ἁγίου
2976 3774 3252 3850 μάρτυρος
3284 3774 3687 3853 Χριστοφόρου.

2226 3878 2356 3953 Περὶ
2411 3878 2608 3935 τούτου
2659 3884 2758 3935 τοῦ
2816 3880 2974 3954 ἁγίου
3026 3878 3278 3956 λίγονταί
3308 3903 3430 3937 τινα
3458 3883 3603 3959 παρά
3629 3904 3796 3940 τινων

2151 3966 2431 4042 τερατώδη
2489 3968 2580 4024 καὶ
2627 3967 2929 4044 παράδοξα,
2995 3970 3077 4026 ὅτι
3135 3991 3194 4027 τε
3249 3974 3679 4048 κυνοπρόσωπος
3727 3977 3796 4045 ἦν

2151 4057 2438 4132 πρότερον,
2488 4058 2577 4112 καὶ
2639 4058 2956 4134 ἀνθρώπους
3005 4055 3213 4129 ἤσθιεν,
3273 4058 3493 4132 ὕστερον
3552 4057 3609 4115 δε
3662 4062 3801 4134 μετὰ

2149 4145 2212 4200 τὸ
2271 4149 2552 4201 πιστεῦσαι
2599 4151 2678 4218 τῷ
2761 4149 2982 4222 Χριστῷ
3040 4150 3466 4225 μετεμορφώθη.
3515 4149 3631 4208 Οὐκ
3679 4148 3794 4206 ἔστι

2150 4230 2207 4288 δὲ
2246 4237 2430 4288 τοῦτο·
2486 4232 2632 4290 ἀ).λά
2681 4255 2829 4298 τινες
2873 4235 3036 4290 αὐτὸν
3097 4235 3271 4300 οὕτως
3320 4237 3646 4308 ὑπενόησαν,
3704 4236 3800 4294 διά

2147 4323 2208 4377 τὸ
2235 4321 2443 4387 ὲθνικὸν
2501 4325 2637 4379 εἶναι
2689 4324 2780 4380 καὶ
2857 4325 3042 4400 ἃγριον
3092 4325 3182 4380 καὶ
3241 4321 3496 4404 φοϐερόνο
3526 4329 3682 4400 ὅμως
3735 4324 3794 4383 δὲ

2147 4411 2213 4480 ἧν
2245 4410 2333 4467 ἐπὶ
2361 4419 2463 4482 τῆς
2499 4412 2775 4488 βασιλείας
2835 4414 3047 4481 Δεκίου,
3085 4413 3174 4469 καὶ
3229 4414 3518 4490 κρατηθεὶς
3584 4415 3635 4471 ἐν
3691 4437 3796 4472 πο-

2147 4500 2304 4574 λὲμῳ
2361 4502 2510 4578 παρά
2562 4506 2661 4558 τοῦ
2711 4501 2980 4576 κόμητος,
3061 4505 3137 4577 μή
3198 4500 3494 4578 δυνάμενος
3548 4502 3789 4567 λαλῆσαι

393 4593 590 4650 ϐπωοθ
623 4595 787 4667 loqui
821 4612 934 4666 neq
951 4595 1327 4662 uiret,Deum
1353 4594 1610 4667 rogavit:
1647 4600 1706 4650 et
1739 4594 1956 4650 missus
1987 4596 2039 4651 ei

2160 4593 2448 4665 Γραικιστῖ,
2496 4588 2698 4664 ηὔξατο
2769 4596 2849 4661 τῷ
2936 4595 3073 4664 Θεῷ,
3155 4593 3246 4648 καί
3308 4593 3583 4664 ἀπεστάλη
3643 4593 3794 4666 αὗτῷ

386 4682 502 4738 fuit
530 4686 797 4755 angelus,
831 4685 1110 4755 inquiens
1141 4701 1154 4739 :
1214 4683 1559 4739 Confortare
1597 4700 1609 4738 :
1671 4690 2040 4756 tangensque

387 4771 546 4827 labia
598 4774 747 4844 ejus,
807 4774 965 4839 fecit,
1021 4779 1088 4828 ut
1142 4773 1338 4830 Graace
1401 4774 1763 4845 loqueretur.
1819 4773 2035 4830 Urbem

387 4860 586 4930 itaque
669 4861 996 4934 ingressus,
1047 4862 1346 4919 Christum
1435 4862 1815 4934 prmdicabat.
1878 4863 2036 4918 Missi

387 4956 587 5005 autem
620 4951 928 5018 satellites,
963 4953 1545 5024 comprehenderunt
1567 4969 1721 5008 eum.
1748 4952 1861 5008 Sed
1900 4970 2036 5008 cum

390 5039 550 5110 virga
580 5039 766 5109 ipsius
791 5042 1595 5112 germinasset.crediderunt
1625 5044 1685 5097 in
1717 5043 2034 5110 Christum,

389 5134 448 5182 et
478 5144 597 5182 una
624 5145 758 5182 cum
791 5129 919 5200 ipso
950 5130 1222 5201 baptizati
1256 5137 1396 5186 sunt
1426 5131 1760 5186 Antiochiae
1783 5138 2035 5187 asancto

388 5216 731 5288 Babyla,ubi
765 5225 823 5272 et
843 5218 1024 5272 ChriS'
1040 5219 1299 5288 ophorus
1318 5219 1651 5290 appellatus
1675 5220 1807 5274 fuit.
1824 5221 2036 5276 Postea

389 5305 464 5362 ad
497 5307 915 5375 imperatorem
944 5305 1252 5369 adductus,
1288 5307 1547 5378 primum
1575 5309 1815 5379 quidem
1848 5309 2032 5382 pluri-

385 5395 499 5450 mis
531 5395 891 5450 cruciatibus
933 5394 1267 5466 suincitur,
1320 5413 1387 5452 ac
1419 5396 1659 5453 tandem
1698 5399 1890 5470 capite
1927 5398 2034 5454 ob-

387 5489 716 5542 truncatur.

381 5593 485 5650 90
514 5595 584 5649 Et
613 5600 886 5651 certamen
916 5600 1237 5723 sanctGorugt
1286 5601 1592 5680 martyrum
1639 5595 1954 5666 Epimachi,
1979 5604 2032 5652 et

1112 5681 1175 5720 or
1218 5683 1352 5722 tam.

1112 5681 1352 5722 oratam.

459 5776 835 5852 Epimachus,
868 5780 927 5830 et
958 5773 1288 5832 Gordianus
1310 5773 1522 5833 Christi
1549 5781 1842 5847 martyres
1865 5781 2034 5833 erant

2150 4678 2405 4754 ἂγγελος.
2437 4679 2636 4756 λέγων·
2668 4677 2977 4756 ’Δνδρίζοψ
3037 4681 3126 4736 καὶ
3181 4681 3457 4755 ἁψάμενος
3504 4686 3614 4738 τῶν
3671 4699 3796 4758 χει-

2144 4765 2285 4823 λέων
2345 4769 2530 4836 αὐτοῦ,
2614 4769 2866 4840 ἐποίησεν
2940 4771 3104 4826 αὐτὸν
3167 4767 3407 4841 λαλῆσαι
3489 4771 3790 4846 Γραικιστί.

2145 4856 2422 4914 Εἰσελθὼν
2471 4857 2561 4914 οὖν
2616 4857 2668 4913 ἐν
2724 4863 2793 4932 τῇ
2851 4857 3033 4930 πόλει,
3091 4859 3353 4934 ἐκήρυττε
3410 4861 3502 4916 τὸν
3532 4862 3793 4934 Χριστόν.

2145 4945 2608 5004 Ἀποστὲλλονται
2641 4945 2736 5003 οὗν
2795 4949 3121 5022 στρατιώται
3180 4956 3446 5022 κρατῆσαι
3477 4950 3658 5004 αὐτόν.
3692 4954 3794 5006 Καὶ

2143 5042 2245 5105 τῆς
2318 5031 2522 5112 ῥάϐδου
2603 5038 2776 5093 αὐτοῦ
2860 5037 3262 5113 βλαστησάσης,
3349 5038 3662 5094 ἐπίστευσαν
3713 5044 3795 5112 τῷ

2147 5126 2386 5201 Χριστῷ,
2417 5126 2507 5180 καὶ
2540 5125 2633 5180 σὺν
2663 5125 2812 5198 αὖτῷ
2872 5126 3221 5202 βαπτίζονται
3255 5126 3310 5182 ἐν
3339 5129 3654 5204 Ἀντιοχείᾳ
3686 5129 3791 5184 ὑπὸ

2143 5218 2241 5269 τοῦ
2270 5213 2429 5290 ἁγίου
2462 5209 2704 5285 Βαὸὖλα,
2736 5213 2858 5270 ἔνθα
2913 5215 3002 5270 καὶ
3060 5217 3440 5294 Χριστοφόρος
3471 5217 3792 5291 ὠνομάσθη.

2145 5305 2276 5361 Εἶτα
2306 5305 2642 5380 προσαχθεὶς
2678 5309 2756 5378 τῷ
2820 5302 3055 5380 βασιλεῖ,
3103 5305 3192 5360 καὶ
3219 5306 3410 5363 πολλά
3442 5307 3787 5384 βασανισθεὶς

2143 5393 2432 5470 πρότερον,
2461 5393 2683 5471 ὕστερον
2707 5394 3138 5473 ἁπεκεφαΑίσθη.

2213 5589 2318 5646 Καὶ
2346 5586 2577 5660 ἄθλησις
2604 5593 2711 5645 τῶν
2747 5587 3236 5716 ἁγῐίωνδμαρτύρων
3271 5591 3586 5666 Ἐπιμάχου
3619 5591 3708 5648 καὶ

2849 5681 2910 5716 00
2953 5681 3120 5716 ιανου.

2849 5681 3030 5738 οροιαν
3040 5681 3120 5716 ου.

2213 5769 2522 5844 Ἐπίμαχος
2580 5769 2670 5824 καὶ
2725 5765 3044 5844 Γορδιανὸς,
3105 5769 3156 5823 οἱ
3212 5772 3308 5823 τοῦ
3361 5769 3596 5844 Χριστοῦ
3647 5772 3786 5845 μάρ-
