4134 6302
283 376 397 435 M5

1865 379 2131 442 MAIUS.

3574 386 3695 449 446

288 524 457 580 τυρες,
491 504 757 582 ὑπηρχον
801 508 859 563 ἐκ
886 514 989 577 τῆς
1049 507 1298 581 μεγάλης
1358 507 1449 562 καὶ
1507 506 1745 571 παλαιες
1800 509 1932 564 Ῥώ-

2054 528 2124 567 ex
2144 527 2359 584 magna
2416 518 2475 566 et
2527 515 2771 584 antiqua
2804 516 3005 569 Roma.
3038 512 3185 568 Cum
3219 530 3350 570 vero
3390 516 3687 575 Christum

292 612 416 665 μης·
453 591 545 648 διὰ
576 591 637 650 δὲ
676 597 741 651 τὸ
782 598 875 651 τὸν
935 598 1167 669 Χριστὸν
1219 597 1537 672 ὁμολογεῖν,
1590 598 1942 671 κρατηθέντες

294 684 395 738 ὑπὸ
423 689 529 739 τῶν
565 684 1010 762 εἰδωλολατρῶν,
1060 686 1441 758 παρεδόθησαν
1480 687 1560 762 τῷ
1604 696 1704 758 τῆς
1755 693 1943 765 χώρας

287 774 536 849 ἐπάρχῳ·
597 778 690 829 καὶ
735 778 1262 851 καταναγκασθέντες
1320 779 1647 852 ἀρνήσασθαι
1709 780 1801 851 μὶν
1849 780 1939 833 τὸν

293 866 555 938 Χριστὸν,
589 867 744 920 θῦσαι
798 864 855 921 δὲ
905 871 1024 928 τοῖς
1077 864 1356 937 εἶδώλοις,
1410 867 1500 922 καὶ
1563 869 1639 941 μή
1696 864 1938 922 πεισθέν-

287 973 391 1021 τες,
477 953 785 1031 ἐτυὸιρθησαν
866 954 1135 1031 σφοδρῶς·
1194 957 1285 1011 καὶ
1357 958 1773 1031 κρεμασθέντες,
1831 956 1943 1030 ἐξέ-

293 1044 491 1110 σθησαν
558 1045 695 1115 μετά
755 1042 995 1120 σιδηρῶν
1048 1044 1283 1120 ὀνύχων.
1351 1045 1485 1102 Εἶτα
1539 1046 1644 1101 ἀπὸ
1694 1050 1801 1101 τῶν
1850 1045 1939 1117 ξύ-

289 1130 398 1186 λων
474 1128 992 1205 καταϐιϐασθέντες,
1049 1134 1487 1204 ἀπεκλείσθησαν
1545 1135 1621 1197 εἷς
1674 1135 1939 1213 φυλακὴν,

291 1216 551 1284 λαϐόντες
611 1224 801 1292 καιρὸν
848 1224 1206 1297 προθεσμίας·
1266 1224 1417 1285 ὅπως
1478 1222 1941 1297 μεταμεληθέντες

293 1313 551 1380 ζήσωσιν.
614 1313 682 1369 Οἱ
741 1309 799 1367 δὲ
854 1313 943 1367 καὶ
1027 1311 1080 1367 ἒν
1155 1317 1225 1387 τῇ
1283 1312 1500 1388 φυλακῇ
1585 1310 1755 1383 ὄντες,
1844 1313 1943 1370 οὐκ

289 1398 552 1469 ἐπάυοντο
582 1404 681 1455 τοῦ
711 1400 1133 1478 προσεύχεσθαι,
1165 1402 1254 1456 καὶ
1289 1403 1632 1477 εὐχαριστεῖν
1665 1407 1744 1475 τῷ
1801 1407 1939 1475 Θεῷ,

288 1486 368 1542 ὅτι
429 1489 846 1559 κατηξιώθησαν
911 1490 1044 1563 ὑπὲρ
1102 1490 1272 1544 αὐτοῦ
1334 1491 1714 1564 ἀγωνίζεσθαι.
1794 1491 1941 1546 Μετά

289 1575 346 1631 δέ
398 1599 553 1639 τινας
603 1581 816 1653 ἡμέρας
874 1581 1043 1634 πάλιν
1100 1575 1457 1650 ἐκϐληθέντες
1510 1587 1609 1649 τῆς
1666 1578 1936 1653 φυλακῆς,

288 1667 373 1721 καὶ
405 1666 646 1729 πολλαῖς
705 1668 796 1723 καὶ
856 1666 1141 1745 διαφόροις
1204 1670 1459 1745 βασάνοις
1509 1665 1939 1742 ὑποϐληθέντες,

289 1756 425 1833 ξίφει
449 1758 547 1820 τάς
580 1757 728 1831 ἱεράς
761 1758 935 1813 αὐτῶν
965 1757 1205 1837 κεφαλάς
1238 1760 1652 1832 ἀπετμήθησαν.

288 1877 385 1932 Καὶ
417 1877 649 1949 ἄθλησις
672 1882 769 1933 τοῦ
819 1878 980 1952 ἁγίου

870 1947 1131 2012 συνοδίας
1153 1947 1338 2005 αὐτοῦ·

349 2062 649 2140 Κοδρᾶτος,
712 2067 740 2121 6
818 2071 919 2121 τοῦ
975 2068 1211 2144 Χριστοῦ
1270 2067 1497 2143 μάρτυς,
1552 2068 1799 2145 ὑπῆρχεν
1843 2068 1931 2125 ἰπὶ

277 2159 379 2220 τῆς
423 2153 706 2228 βασιλείας
758 2154 947 2211 Δεκίου
1004 2156 1094 2211 καὶ
1141 2155 1542 2229 Οὐαλεριανοῦ,
1571 2155 1624 2212 ἐν
1680 2164 1937 2231 Νικομη-

278 2238 393 2313 δείᾳ
420 2247 489 2317 τῇ
541 2243 723 2298 πόλει·
787 2242 875 2299 διὰ
934 2241 991 2300 δὲ
1040 2246 1140 2314 τήν
1201 2245 1277 2307 εἷς
1334 2247 1569 2321 Χριστὸν
1627 2244 1933 2321 ὁμολογίαν

279 2333 570 2403 κρατηθεὶς
632 2334 737 2388 ὑπὸ
792 2339 899 2389 τῶν
977 2332 1289 2406 Ἑλλήνων,
1346 2336 1479 2408 μετά
1530 2342 1630 2405 τῆς
1691 2335 1934 2399 συνοδίας

279 2424 468 2493 αὐτοῦ,
530 2422 687 2495 ἤχθη
744 2422 967 2499 δέσμιος
1022 2427 1112 2481 καὶ
1196 2423 1471 2503 παρεδόθη
1526 2431 1607 2499 τῷ
1676 2435 1778 2496 τῆς
1832 2428 1935 2483 πό-

280 2511 421 2575 λεως
495 2514 810 2587 ἀνθυπάτῳ·
873 2514 964 2570 καὶ
1034 2514 1354 2591 ἐρωτηθεὶς,
1413 2514 1752 2592 ὡμολόγησε
1797 2516 1934 2592 παρ-

277 2601 439 2679 ρησίᾳ
469 2603 560 2657 τὸν
596 2606 853 2679 Χριστόν.
915 2604 1222 2667 ’Δπλωθείς
1280 2605 1371 2659 οὗν
1430 2609 1567 2660 κατά
1622 2613 1751 2681 γῆν,
1810 2605 1928 2660 ἐτύ-

282 2694 385 2763 φθη
458 2693 776 2767 βουνεόροις
838 2694 1054 2769 ξηροῖς·
1136 2695 1224 2749 καὶ
1307 2695 1553 2766 αἱμάτων
1634 2692 1935 2770 πληρώσας

282 2783 381 2848 τὴν
412 2787 539 2857 γῆν,
571 2786 653 2840 τῶ
704 2780 1070 2856 δεσμωτηρίῳ
1103 2780 1398 2855 παρεδόθη.
1439 2785 1569 2840 Εἶτα
1595 2782 1671 2845 εἷς
1704 2783 1931 2840 Νίκαιαν

292 2869 480 2945 ἀχθεὶς
533 2872 681 2945 παρά
736 2874 833 2927 τοῦ
890 2872 1215 2940 ἀνθυπάτου,
1277 2871 1621 2946 ἐτιμωρήθη.
1654 2873 1821 2936 Τινάς
1879 2870 1937 2928 δέ

292 2954 618 3036 φοϐηθέντας
676 2962 771 3023 τάς
830 2959 1110 3032 κολάσεις,
1183 2960 1555 3037 βουλομένους
1614 2965 1788 3033 θῦσαι,
1846 2963 1937 3017 τὸν

288 3041 453 3125 φόϐον
511 3054 647 3105 Θεοῦ
711 3050 1053 3123 ὑπομνήσας,
1085 3048 1381 3127 ἐστήριξεν·
1447 3049 1538 3115 οὕς
1573 3050 1649 3113 είς
1701 3055 1806 3125 πῦρ
1838 3049 1935 3125 ἒμ-

284 3133 468 3194 ϐαλὼν
514 3141 542 3195 6
604 3139 908 3203 ἀνθύπατος
965 3137 1207 3198 ἔκαυσεν.
1267 3142 1329 3198 Ὁ
1389 3137 1445 3196 δὲ
1502 3138 1779 3217 Κοδρᾶτος
1831 3143 1936 3197 ἀπὸ

2046 602 2494 673 proﬁterentur.
2523 603 2938 675 comprehensi
2968 603 3041 659 ab
3073 604 3403 660 idololatris
3435 614 3593 664 sunt.
3635 616 3694 663 et

2052 693 2311 765 regionis
2334 693 2578 765 pmsidi
2611 693 2832 760 traditi,
2866 693 2936 747 ab
2988 709 3175 765 eoque
3207 695 3499 766 compulsi
3532 709 3543 744 ι
3573 696 3697 751 hri-

2053 788 2208 837 stum
2239 783 2619 856 abnegare,et
2646 782 2822 838 idolis
2850 783 3209 838 sacriﬁcare.
3232 785 3447 839 Verum
3469 801 3604 839 cum
3637 785 3697 840 id

2057 888 2117 926 se
2150 872 2408 928 facturos
2438 880 2742 945 negarent.
2789 874 3069 926 atrociter
3090 879 3237 927 sunt
3260 874 3399 928 nasi
3436 891 3449 927 :
3476 874 3697 929 deinde

2055 963 2116 1017 in
2150 961 2471 1033 equuleum
2502 962 2772 1032 suspensi
2805 968 2865 1017 et
2896 962 3100 1015 ferreis
3132 962 3369 1033 ungulis
3398 962 3692 1020 dilaniati.

2052 1053 2181 1106 Mox
2212 1068 2243 1106 e
2273 1052 2450 1123 lignis
2510 1050 2783 1121 depositi,
2824 1051 2887 1105 in
2932 1066 3227 1105 carcerem
3272 1050 3694 1120 detruduntur,

2052 1147 2269 1196 statuto
2302 1141 2389 1196 eis
2418 1146 2705 1211 tempore,
2764 1157 2881 1211 quo
2933 1141 2980 1195 si
3034 1140 3472 1211 resipiscerent,
3504 1141 3695 1196 vivere

2049 1238 2314 1302 possent.
2350 1231 2436 1287 llli
2470 1248 2605 1286 vero
2639 1233 2700 1286 in
2722 1247 2957 1286 carcere
2988 1231 3553 1302 detenti,nunquam
3576 1233 3692 1287 Deo

2049 1337 2257 1393 preces
2289 1322 2523 1384 oﬂ'erre.
2546 1322 2722 1392 eique
2750 1322 2968 1393 gratias
2998 1337 3169 1393 agere
3200 1322 3690 1386 cessarunt.Quo-

2051 1410 2208 1465 circa
2235 1409 2397 1481 digni
2455 1410 2641 1466 habiti
2694 1416 2835 1465 sunt
2887 1417 3186 1465 certamen
3228 1417 3468 1482 propter
3496 1410 3692 1481 ipsum

2051 1498 2270 1554 subire.
2305 1501 2445 1554 Post
2474 1499 2703 1570 aliquot
2732 1506 2931 1555 autem
2966 1499 3093 1554 dies
3145 1498 3340 1553 denuo
3372 1514 3403 1552 e
3455 1514 3689 1552 carcere

2050 1587 2267 1649 educti.
2299 1594 2357 1644 et
2412 1588 2687 1660 plurimis
2734 1588 3097 1659 diversisque
3128 1587 3379 1659 subjecti
3411 1587 3688 1643 cruciati-

2048 1675 2179 1745 bus,
2201 1676 2396 1750 gladio
2427 1677 2786 1735 obtruncati.

1086 1878 1314 1957 άρτυρος
1350 1865 1657 1955 Κόδράτου,
1687 1879 1777 1933 καὶ
1833 1880 1932 1946 τῆς

2049 1886 2114 1942 Et
2142 1892 2415 1943 certamen
2472 1889 2651 1943 sancti
2691 1886 2957 1957 martyris
3014 1884 3262 1954 Codrati,
3321 1891 3373 1941 et
3414 1885 3686 1941 sociarum

2805 1960 2941 2029 ejus.

2113 2075 2400 2134 Codratus
2430 2078 2646 2134 Christi
2679 2084 2905 2149 martyr
2928 2075 3497 2150 fuit,imperantibus
3512 2075 3688 2131 Decio

2044 2171 2104 2220 et
2134 2167 2462 2237 Valeriano,
2498 2169 2557 2223 in
2598 2168 2745 2223 urbe
2776 2167 3137 2224 Nicomedia.
3170 2167 3418 2237 Propter
3471 2162 3688 2219 Christi

2046 2264 2241 2312 autem
2274 2258 2707 2313 confessionem
2764 2256 2836 2312 ab
2897 2256 3149 2311 ethnicis
3198 2253 3688 2326 comprehensus,

2044 2365 2163 2406 una
2187 2364 2319 2403 cum
2354 2348 2529 2403 sociis
2557 2347 2791 2403 vinctus
2838 2345 3175 2411 adducitur,
3207 2348 3265 2399 et
3295 2343 3527 2399 sistitur
3556 2340 3692 2396 civi-

2045 2439 2183 2495 tatis
2212 2437 2554 2509 proconsuli
2599 2443 2860 2508 Cumque
2891 2436 3289 2508 interrogatus
3317 2430 3686 2497 esset,libere

2043 2527 2342 2582 Christum
2374 2528 2677 2599 professus
2706 2528 3011 2590 estQuare
3043 2525 3103 2579 in
3137 2530 3352 2579 terram
3385 2528 3685 2582 extensus.

2045 2617 2229 2673 aridis
2286 2617 2466 2673 boum
2517 2618 2713 2672 nervis
2769 2616 3017 2672 caeditur
3077 2633 3090 2669 :
3143 2629 3395 2685 cumque
3438 2613 3687 2667 humum

2045 2707 2332 2778 sanguine
2382 2724 2487 2761 suo
2536 2708 2859 2775 irrigasset,
2920 2706 2980 2760 in
3018 2720 3316 2760 carcerem
3349 2701 3687 2773 conjicitur.

2044 2794 2267 2851 Deinde
2325 2798 2575 2852 Nicaeam
2632 2813 2667 2851 a
2720 2794 3075 2866 proconsule
3132 2793 3442 2858 abductus,
3496 2791 3690 2846 denuo

2045 2886 2357 2941 tormentis
2385 2886 2677 2956 sujicitur.
2726 2885 2870 2939 Cum
2900 2898 3035 2939 vero
3085 2881 3359 2936 nonnulli
3393 2884 3690 2934 tormenta

2045 2975 2532 3035 extimescerent.
2584 2980 2761 3044 atque
2820 2971 2997 3027 idolis
3053 2970 3388 3026 sacrificare
3444 2968 3685 3035 vellent,

2043 3064 2319 3121 timorem
2349 3064 2450 3120 Dei
2482 3064 2544 3118 in
2570 3069 2828 3119 mentem
2861 3062 2934 3117 iis
2989 3076 3290 3124 revocans,
3322 3057 3692 3113 conﬁrmavit

2046 3166 2147 3207 eos
2173 3168 2186 3206 :
2218 3169 2368 3224 quos
2397 3146 3159 3223 proconsulﬂammistradi
3178 3145 3379 3218 jussit.
3400 3144 3688 3199 Codratus

280 3226 500 3290 πόλεως
559 3228 638 3291 εἷς
688 3228 853 3285 πόλιν
917 3230 1313 3306 περιαγόμενος
1344 3229 1432 3284 καὶ
1473 3230 1644 3293 πάσας
1671 3235 1790 3293 τοῖς
1849 3228 1932 3285 ατί-

2050 3246 2248 3297 autem
2284 3258 2353 3297 ex
2385 3240 2533 3297 urbe
2566 3240 2627 3295 in
2658 3240 2868 3295 urbem
2901 3235 3363 3296 circumductus.
3426 3249 3560 3289 cum
3589 3248 3687 3288 eas

286 3338 414 3391 μασι
444 3319 817 3395 καθαγιάζων,
870 3320 969 3389 τὴν
1029 3319 1402 3396 Ἐρμοῦπολιν
1432 3315 1775 3395 καταλαϐὼν,
1832 3322 1933 3391 τὴν

285 3408 532 3486 κεφαλὴν
569 3410 859 3484 ἀπετμήθη
871 3455 884 3469 .

836 3511 1016 3568 ΜΗΝΙ
1055 3511 1146 3567 ΤΩ
1183 3510 1385 3568 ΛΥΤΩ.

490 3704 760 3778 Ἀθλησις
786 3710 885 3762 τοῦ
916 3618 1386 3781 ἀγίουιμάρτυρος
1416 3703 1707 3780 ’ῐΙσυχίου.

348 3868 635 3944 Ἥσύχιος,
667 3869 695 3921 6
727 3870 823 3922 τοῦ
878 3870 1124 3940 Χριστοῦ
1179 3866 1405 3941 μάρτυς,
1432 3866 1499 3934 ἦν
1538 3866 1632 3938 μὲν
1667 3864 1756 3921 ἐπὶ
1808 3869 1925 3923 Ma.

282 3959 529 4032 ξιμιανοῦ
559 3962 655 4014 τοῦ
691 3956 979 4034 βασιλέως·
1015 3962 1231 4033 πρῶτος
1283 3960 1381 4010 τοῦ
1435 3954 1705 4011 παλατίου
1764 3955 1926 4032 ὑπείρ-

286 4066 427 4122 χων,
463 4047 554 4102 καὶ
586 4049 685 4116 την
718 4047 863 4117 ἀξίαν
902 4047 1217 4122 μάγιστρος·
1253 4044 1305 4100 ἐν
1349 4046 1661 4120 Ἀντιοχείᾳ
1719 4043 1774 4100 δὲ
1805 4043 1922 4101 δια-

284 4132 482 4211 τρίϐων
544 4140 573 4192 ὁ
644 4136 1001 4209 Μαξιμιανὸς,
1086 4135 1379 4209 προσέταξε
1463 4136 1785 4211 Χριστιανὸν
1847 4136 1923 4209 μὴ

289 4227 685 4298 στρατεύεσθαι·
737 4223 883 4280 ἀ)λά
925 4224 1052 4289 τοῦς
1113 4223 1483 4301 βουλομένους
1516 4225 1754 4300 Χριστὸν
1788 4226 1926 4298 ὁμο-

288 4314 490 4391 λογεῖν,
527 4313 686 4370 λῦσαι
728 4316 823 4377 τάς
878 4315 1069 4385 ζώνας,
1100 4316 1186 4370 καὶ
1251 4312 1569 4371 ἰδιωτεύειν,
1630 4315 1727 4369 Καὶ
1780 4312 1924 4371 πολ-

287 4401 392 4459 λῶν
426 4406 711 4477 ἑλομένων
769 4404 860 4459 τὸν
919 4401 1107 4473 ἄδοξον
1163 4402 1375 4476 μᾶλλον
1430 4403 1569 4478 βίον,
1626 4405 1661 4473 ἢ
1720 4404 1820 4472 τήν
1872 4402 1925 4459 ἐν

287 4494 517 4566 ἀπολείᾳ
539 4497 731 4567 τιμήν,
764 4495 839 4555 εἷς
870 4492 1077 4548 τούτων
1110 4492 1299 4568 γέγονε
1346 4492 1437 4547 καὶ
1474 4493 1502 4547 6
1563 4493 1732 4568 μέγας
1763 4492 1924 4549 Ἦσύ-

294 4600 436 4658 χιος.
470 4584 573 4640 Καὶ
627 4587 789 4637 τοῦτο
830 4581 994 4657 γνοὺς
1053 4582 1080 4635 6
1135 4578 1413 4657 βασιλεὺς,
1471 4577 1705 4654 ἐξέδυσεν
1766 4580 1921 4637 αὐτὸν

287 4672 349 4726 τά
369 4670 648 4741 πολυτελῆ
683 4673 895 4745 ἱμάτια,
949 4671 1039 4726 καὶ
1097 4667 1317 4733 ἐνδόσας
1346 4664 1607 4725 κολόϐιον
1657 4671 1925 4746 τρίχινον,

296 4763 557 4833 μετὰτῶν
590 4765 859 4837 γυναικῶν
914 4758 1193 4833 κατέκρινε
1250 4757 1573 4837 συνδιάγειν.
1635 4759 1738 4815 Καὶ
1796 4759 1929 4833 μετά

289 4871 433 4914 τινας
509 4846 724 4926 ἡμέρας
779 4849 1294 4924 προσκαλεσάμενος
1367 4850 1553 4919 αὐτὸν,
1613 4845 1736 4926 ἔφη·
1797 4848 1931 4905 Εἰπέ

308 4962 419 5011 μοι.
471 4940 723 5015 Ἡσύχιε,
780 4939 823 4995 εἷ
885 4940 984 4994 οὐκ
1037 4938 1273 5014 αἰσχύνῃ
1331 4938 1382 4993 ἐν
1465 4937 1657 5011 ἀτιμίᾳ
1711 4936 1933 5012 τοιαύτῃ

296 5026 490 5103 διάγειν
528 5048 541 5087 :
573 5030 635 5086 Ὀ
668 5026 725 5082 δὲ
755 5027 921 5084 εἶπεν·
980 5029 1046 5085 Ἣ
1103 5028 1246 5099 παρά
1299 5031 1395 5081 σοῦ
1429 5028 1568 5100 τιμή
1600 5025 1930 5101 πρόσκαιρός

294 5116 421 5174 ἐστι.
456 5118 596 5175 Τότε
628 5117 777 5171 λίθον
843 5117 1073 5190 μυλικὸν
1133 5113 1446 5189 προσδήσας
1503 5114 1666 5171 αὐτοῦ
1697 5120 1776 5188 τῷ
1803 5136 1930 5190 τρα-

297 5207 517 5281 mss
553 5206 827 5284 βασιλεὺς,
860 5205 1075 5281 ἔρριψεν
1136 5203 1187 5260 ἐν
1244 5208 1323 5274 τῷ
1378 5207 1623 5281 Ὀρώντιι
1671 5208 1929 5279 ποταμῷ»

292 5293 410 5361 ἔνθα
436 5296 614 5351 καὶτὸ
652 5293 912 5368 μακάριον
974 5292 1185 5367 ἐδέξατο
1240 5291 1425 5369 τέλος,
1484 5290 1779 5353 ἀπολαϐὼν
1836 5296 1929 5372 βα-

284 5385 485 5442 σιλείαν
526 5385 787 5460 οὐρανῶν,

289 5533 385 5591 Καὶ
435 5535 629 5607 μνήμη
688 5535 784 5586 τοῦ
837 5531 989 5607 ὁσίου
1041 5532 1259 5607 βαττὸς
1318 5534 1476 5606 ἡμῶν
1505 5532 1775 5590 Ἡσυχίου
1830 5535 1927 5588 τοῦ

927 5603 1304 5677 ὁμολογητοῦ.

358 5720 533 5783 Οὗτος
572 5721 796 5794 ὑπῆρχε
854 5720 947 5792 μὶν
1002 5718 1060 5775 ἐκ
1116 5727 1216 5790 τῆς
1261 5720 1451 5796 χώρας
1502 5725 1612 5777 τῶν
1646 5724 1928 5799 ’Δρμενια-

2047 3347 2257 3388 omnes
2287 3332 2574 3405 sanguine
2606 3346 2713 3387 suo
2745 3326 3419 3392 consecrasset,tandem
3451 3325 3690 3380 Hermo-

2040 3420 2227 3493 polim
2257 3420 2438 3490 venit,
2471 3420 2674 3493 ibique
2706 3420 2899 3491 capite
2930 3417 3318 3474 obtruncatus
3344 3413 3471 3470 fuit.

2597 3526 2837 3584 EODEM
2865 3526 3008 3579 ΜΕΝ
3015 3523 3115 3579 SE.

2687 3615 2789 3670 Die
2820 3613 3053 3668 decima

2249 3705 2345 3761 9|
2387 3703 2674 3760 Certamen
2697 3704 2875 3759 sancti
2903 3699 3160 3770 Hesychii
3193 3697 3472 3768 martyris.

2109 3870 2434 3943 Hesychius
2462 3868 2677 3925 Christi
2708 3872 2934 3939 martyr
2963 3866 3096 3931 fuit.
3119 3867 3676 3938 Maximianoimpe-

2040 3970 2255 4029 ratore,
2289 3962 2516 4033 primus
2547 3961 2608 4015 in
2657 3960 2897 4033 palatio,
2939 3976 3007 4016 ac
3037 3960 3322 4033 dignitate
3374 3959 3677 4031 magister.

2033 4054 2178 4110 Cum
2211 4058 2410 4108 autem
2442 4051 2830 4107 Maximianus
2861 4050 3187 4106 Antiochia
3239 4049 3497 4122 degeret,
3527 4065 3678 4119 prai-

2036 4145 2212 4217 cepit.
2246 4162 2323 4201 ne
2349 4143 2670 4200 Christiani
2702 4142 3049 4206 militarent,
3086 4142 3197 4198 sed
3248 4141 3349 4213 qui
3380 4140 3677 4195 Christum

2039 4234 2304 4307 proﬁteri
2369 4234 2608 4302 vellent,
2660 4232 2961 4306 cingulum
3018 4231 3333 4294 solverent,
3389 4230 3687 4299 vitamque

2034 4324 2323 4396 privatam
2356 4321 2789 4397 agerent.Multi
2823 4322 3001 4394 igitur
3022 4321 3334 4394 ingloriam
3360 4320 3539 4375 vitam
3571 4316 3684 4372 sibi

2033 4418 2233 4490 potius
2255 4418 2581 4491 elegerunt,
2633 4433 2812 4488 quam
2870 4417 2932 4471 in
2986 4416 3318 4487 perditione
3372 4413 3683 4467 honorem.

2039 4507 2122 4562 Ex
2152 4524 2405 4579 quorum
2457 4522 2705 4562 numero
2760 4506 2874 4561 fuit
2931 4509 2991 4559 et
3046 4518 3296 4575 magnus
3327 4499 3676 4571 Hesychius.

1958 4629 2004 4694 D
2036 4594 2201 4660 Quod
2232 4595 2330 4651 ubi
2364 4596 2687 4667 imperator
2717 4592 3202 4659 intellexit,exuit
3230 4604 3365 4687 eum
3400 4586 3675 4687 pretiosis

2041 4684 2324 4751 vestibus,
2358 4690 2417 4739 et
2445 4683 2675 4739 oolobio
2708 4682 2945 4737 cilicino
3006 4682 3279 4735 indutum
3328 4676 3514 4748 jussit
3560 4691 3682 4732 una

2043 4791 2176 4830 cum
2210 4773 2561 4829 mulieribus
2592 4774 2821 4846 degere.
2856 4774 2996 4826 Post
3044 4769 3273 4840 aliquot
3328 4773 3525 4823 autem
3557 4765 3683 4821 dies

2042 4863 2213 4919 illum
2246 4879 2597 4919 accersens:
2631 4864 2855 4927 Nonne,
2891 4860 3105 4931 inquit,
3138 4858 3321 4931 pudet
3374 4864 3451 4923 te,
3502 4857 3682 4927 Hesy-

2046 4951 2161 5019 chi,
2221 4950 2284 5005 in
2332 4951 2434 5007 tali
2494 4950 2820 5023 ignominia
2875 4947 3094 5004 versari
3144 4946 3171 5001 ‘I
3236 4950 3309 5000 At
3365 4945 3488 5013 ille,
3535 4951 3671 4999 tuus

2044 5042 2255 5108 honor,
2284 5042 2569 5111 reposuit,
2602 5041 2675 5097 ad
2702 5047 2934 5111 tempus
2982 5038 3174 5093 durat.
3198 5038 3342 5092 Tum
3373 5052 3509 5091 vero
3569 5034 3681 5089 im~

2042 5137 2280 5203 perator
2308 5131 2595 5187 molarem
2626 5130 2884 5201 lapidem
2915 5129 2989 5184 ad
3019 5127 3241 5184 collum
3273 5127 3402 5198 ejus
3431 5124 3683 5197 alligari,

2042 5219 2358 5291 ipsumque
2390 5221 2452 5275 in
2482 5221 2763 5277 Orontem
2811 5219 3056 5274 ﬂuvium
3114 5216 3323 5289 projici
3347 5215 3550 5287 jussit,
3583 5213 3685 5268 ubi

2043 5315 2103 5364 et
2130 5308 2369 5366 beatum
2402 5310 2585 5367 finem
2611 5308 2858 5381 accepit,
2910 5324 3160 5380 regnum
3217 5306 3500 5363 cwlorum
3547 5302 3685 5359 ade-

2040 5404 2197 5473 ptus.

2108 5548 2181 5602 Et
2207 5549 2474 5603 memoria
2502 5548 2679 5603 sancti
2713 5544 2897 5630 Patris
2912 5545 3088 5601 nostri
3114 5542 3376 5614 Ilesychii
3404 5542 3611 5609 confes-

2787 5633 2943 5674 801⁸18.

2114 5723 2219 5781 Hic
2248 5724 2360 5781 fuit
2390 5741 2460 5781 ex
2491 5725 2730 5800 regione
2763 5723 3274 5780 Armeniacorum.
3308 5719 3564 5790 Cupiens
3581 5730 3688 5771 au-
