4158 6310
402 354 521 413 447

1699 351 2123 419 MENOLOGII
2167 351 2367 419 PARS
2404 356 2485 420 ΙΙΙ
2497 405 2510 420 .

3682 360 3810 421 “8

401 490 521 543 tem
552 488 879 543 monachus
914 488 1369 561 ﬁeri,vitamque
1400 489 1789 562 tranquillam
1804 489 2041 557 ducere,

2155 499 2288 550 κῶν·
2325 493 2619 570 βουληθεὶς
2649 490 2706 549 δὲ
2741 495 2984 571 γενέσθαι
3039 493 3280 569 μοναχὸς
3337 494 3426 549 καὶ
3482 493 3804 568 ἡσυχάσεις,

403 574 466 631 in
499 577 799 633 maritima
830 579 961 634 loca
989 578 1316 636 descendit.
1350 578 1495 635 Cum
1537 585 1736 635 autem
1768 580 1831 633 in
1881 594 2054 634 mon-

402 669 523 719 tem
556 666 854 721 excelsum
889 675 1176 740 pergeret,
1195 669 1497 725 daemones
1524 670 1774 742 ingressi
1809 668 1871 724 in
1901 668 2051 724 duos

2158 585 2466 658 κατήρχετο
2524 583 2612 637 ἐπὶ
2663 584 2731 639 τὰ
2808 584 2944 657 πρὸς
2995 582 3266 638 θάλασσαν
3335 582 3493 657 μέρη
3541 583 3626 637 Ἐν
3681 576 3800 655 ὄρει

2161 671 2217 728 δὲ
2252 675 2449 746 ὑψηλῷ
2494 672 2810 739 ἀπελθόντι,
2868 671 3124 745 δαίμονες
3181 671 3518 731 εἴσελθόντες
3576 668 3652 733 εἷς
3703 667 3802 724 δύο

403 754 558 810 viros
586 757 893 816 Joannem.
928 759 1175 822 scilicet,
1210 768 1268 815 et
1294 761 1678 830 Hilarionem,
1712 764 2043 823 effecere,ul

2158 762 2477 837 ἀνθρώπους
2536 763 2792 834 Ἰωάννην
2860 762 2951 817 καὶ
3005 761 3313 837 Ἰλαρίωνα,
3398 759 3799 835 παρεσκεύασαν

406 853 786 901 occurrerent
805 846 881 910 ei.
915 854 973 902 et
1002 849 1440 923 interrogarent
1469 869 1627 920 eum,
1660 870 1777 925 quo
1841 855 2051 911 abiret.

404 932 483 987 Eo
512 950 647 989 vero
680 934 873 990 locum
896 936 1264 1011 designante,
1290 941 1476 1009 aiunt,
1499 942 1669 998 illum
1698 944 1842 1000 feris
1861 946 2050 1002 latro-

403 1023 699 1096 nibusque
731 1026 974 1097 plenum
1005 1045 1154 1084 esse.
1195 1037 1264 1084 At
1293 1030 1394 1085 ille
1430 1049 1443 1085 :
1481 1034 1597 1105 Ego
1648 1050 1801 1101 vero,
1832 1035 2050 1106 inquit,

406 1110 584 1184 digna
615 1115 821 1171 mortis
851 1116 1111 1174 facinora
1135 1122 1487 1191 perpetravi,
1513 1124 1839 1196 mortisque
1858 1125 2051 1182 vitan-

406 1200 495 1257 das
520 1221 698 1260 causa
727 1206 843 1261 huc
866 1208 1037 1264 venio
1083 1210 1185 1264 Cui
1209 1213 1646 1282 responderunt
1669 1230 1682 1267 :
1720 1218 1866 1270 Cum
1890 1232 2052 1271 mor-

403 1296 523 1348 tem
555 1294 627 1350 ab
659 1296 1007 1354 hominibus
1039 1299 1145 1354 tibi
1179 1300 1568 1367 inﬂigendam
1592 1304 1824 1374 timeas,
1858 1307 2053 1363 aferis

405 1381 571 1438 illam
603 1401 723 1439 non
755 1385 976 1442 times?
1004 1389 1165 1445 Tunc
1187 1389 1525 1447 daemonum
1574 1392 1843 1451 fraudem
1886 1396 2051 1452 dete-

403 1487 569 1544 gens,
591 1474 844 1530 formato
876 1477 1070 1532 crucis
1102 1479 1293 1550 signo,
1326 1497 1426 1537 eos
1458 1499 1530 1537 ex
1559 1482 1680 1539 illis
1708 1485 2054 1543 hominibus

407 1561 602 1633 ejecit.
642 1565 768 1635 lpse
798 1582 934 1621 vero
966 1566 1027 1621 in
1052 1584 1208 1635 eum,
1244 1586 1419 1640 quem
1471 1579 1792 1643 optaverat,
1857 1576 2053 1633 locum

403 1651 721 1720 profectus,
756 1655 1083 1711 oratorium
1107 1660 1414 1723 exstruxit,
1466 1662 1671 1734 ibique
1724 1664 2055 1723 solitariam

401 1739 580 1793 vitam
614 1742 1024 1813 egit,assiduas
1056 1746 1128 1801 ad
1151 1748 1335 1803 Deum
1358 1766 1562 1820 preces
1584 1753 1928 1821 l'undens,et
1947 1756 2052 1812 ad-

402 1828 695 1884 mirabilis
743 1831 806 1886 in
863 1834 1145 1890 virtutum
1200 1839 1721 1897 exercitationibus
1776 1846 2041 1903 eﬁ‘ectus.

2161 854 2483 923 ἀπαντῆσαι,
2566 851 2657 909 καὶ
2713 852 2985 929 ἐρωτῆσαι
3073 850 3254 923 αὐτὸν,
3328 847 3434 906 ποῦ
3490 849 3802 924 πορεύεταιο

2159 944 2246 997 καὶ
2285 944 2565 1015 μαθόντες,
2598 944 2775 1013 εἷπον,
2829 944 3020 1015 Γέμειν
3078 941 3168 996 τὸν
3220 941 3390 996 τόπον
3446 938 3651 1014 θηρίων
3708 937 3805 993 καὶ

2160 1034 2394 1109 λῃστῶν.
2457 1033 2519 1093 Ὁ
2573 1029 2631 1088 δὲ
2688 1033 2851 1088 εἶπεν·
2917 1032 3060 1107 Ἐγὼ
3118 1030 3347 1096 θανάτου
3403 1030 3522 1100 ἄξια
3578 1026 3804 1104 ἔπραξα,

2158 1123 2249 1180 καὶ
2280 1123 2490 1198 φεύγων
2522 1123 2616 1178 τὸν
2667 1123 2891 1186 θάνατον
2946 1120 3284 1198 ἀπέρχομαι.
3317 1120 3419 1177 Καὶ
3481 1120 3806 1191 ἀποκριθέν-

2157 1234 2246 1275 τες
2279 1213 2450 1269 εἶπον·
2482 1215 2605 1269 Τῶν
2638 1211 2938 1283 ἀνθρώπων
2990 1209 3085 1266 τὸν
3118 1212 3342 1275 θάνατον
3376 1203 3539 1286 φοϐῇ,
3569 1208 3659 1262 καὶ
3691 1211 3803 1263 τῶν

2161 1302 2368 1379 θηρίων
2391 1301 2452 1356 οὐ
2479 1295 2626 1378 φοϐῇ
2660 1320 2674 1371 ;
2712 1300 2849 1358 Τότε
2876 1298 3037 1377 γνοὺς
3085 1301 3185 1368 τήν
3211 1302 3321 1354 τῶν
3373 1295 3651 1370 δαιμόνων
3683 1294 3807 1352 έπί-

2161 1404 2326 1460 θεσιν,
2362 1397 2663 1466 σφραγίσας
2700 1389 2898 1446 αὐτοὺς
2952 1387 3166 1461 ἐδίωξεν
3228 1387 3287 1443 ἐκ
3341 1392 3447 1443 τῶν
3483 1386 3804 1461 ἀνθρώπων.

2157 1482 2329 1545 Αὐτὸς
2363 1479 2419 1537 δὲ
2447 1480 2701 1545 ἀπελθὼν
2732 1480 2782 1535 ἐν
2813 1483 2893 1552 τῷ
2942 1479 3115 1552 τόπῳ,
3175 1477 3312 1533 ὅπου
3341 1471 3657 1547 ἠϐουλήθη,
3712 1475 3805 1530 καὶ

2157 1574 2346 1636 κτίσας
2375 1572 2660 1647 εὐκτήριον
2703 1570 2976 1641 ἡσύχαζεν
3035 1568 3167 1636 ἐκεῖ,
3219 1568 3666 1642 προσευχόμενος
3728 1569 3810 1637 τῷ

2159 1668 2297 1736 Θεῷ,
2331 1663 2420 1717 καὶ
2446 1662 2753 1735 θαυμαστὸς
2782 1660 3075 1735 γενόμενος
3137 1658 3213 1722 sic
3241 1656 3458 1730 ἀρετήν·
3491 1657 3582 1711 καὶ
3616 1654 3811 1711 πολλὰ

2158 1752 2405 1826 θαύματα
2450 1753 2707 1821 ποιήσας,
2760 1748 3098 1819 ἐτελεύτησε.
3129 1747 3207 1803 Τὸ
3251 1744 3309 1802 δὶ
3350 1746 3603 1821 λείψανον
3634 1744 3807 1799 αὐτοῦ

2158 1842 2513 1915 ἀνακομισθὲν
2550 1839 2601 1895 έν
2636 1838 2875 1912 Ἀμασίᾳ
2900 1842 2970 1912 τῇ
3001 1837 3161 1893 πόλει

394 1917 659 1989 Cumque
671 1921 858 1975 multa
871 1923 1158 1980 miracula
1168 1931 2191 2014 perpetrasset,viveredesiit,Ipsius
2204 1945 2396 1996 autem
2413 1933 2681 2004 reliquim
2702 1931 2765 1987 in
2778 1930 2987 1987 urbem
3004 1933 3316 1985 Amaseam
3329 1925 3628 1985 translata:
3645 1929 3807 1981 sunt.

468 2062 570 2118 92
590 2064 663 2118 Et
690 2071 965 2121 certamen
992 2070 1173 2125 sancti
1208 2070 1448 2129 Simonis
1478 2074 1679 2134 Zelotz
1699 2082 1957 2149 apostoli.

468 2243 669 2299 Simon
709 2260 957 2319 magnus
989 2248 1202 2305 Christi
1238 2252 1560 2323 apostolus,
1607 2255 1834 2314 Zelotes
1884 2276 2036 2317 nun-

396 2339 667 2403 cupatus,
688 2350 820 2390 cum
856 2336 916 2390 in
948 2340 1247 2395 caenaculo
1270 2357 1389 2397 una
1419 2359 1553 2399 cum
1573 2348 1794 2403 sanctis
1808 2357 2038 2422 aposto-

396 2418 470 2475 lis
490 2428 663 2482 esset.
684 2423 1098 2497 visibilemque
1121 2428 1371 2499 Spiritus
1403 2418 1889 2503 operationemin
1912 2456 2042 2511 spe-

397 2509 485 2564 cie
542 2510 832 2567 columbaa
892 2521 951 2568 et
1006 2516 1069 2570 in
1125 2516 1344 2589 linguis
1417 2522 1606 2593 igneis
1659 2509 2042 2598 suscepisset,

397 2601 554 2653 totus
577 2600 785 2673 igneus
818 2604 1084 2669 effectus,
1121 2605 1436 2680 divinoque
1466 2610 1589 2666 zelo
1614 2613 2042 2685 repletus,om-

396 2703 536 2742 nem
567 2691 808 2760 quidem
841 2693 1086 2750 deorum
1119 2696 1380 2767 plurium
1431 2715 1718 2767 errorem,
1750 2705 1910 2761 velut
1937 2706 2042 2763 fua-

397 2781 755 2844 num,libere
786 2786 1084 2853 incendit;
1111 2796 1328 2847 terram
1347 2809 1484 2849 vero
1508 2812 1691 2867 prope
1706 2799 2041 2855 universam

393 2876 939 2941 percurrens,illam
969 2878 1253 2936 doctrinae
1276 2885 2041 2961 sermonibuspietatisque

392 2958 621 3018 lumine
652 2964 967 3022 illustravit
997 2968 1666 3044 illuminavitque.Unde
1700 2984 1758 3031 et
1786 2958 2042 3035 recte‘ac

392 3066 525 3105 vere
555 3053 768 3109 Zelotaa
814 3066 1273 3129 cognomentum
1322 3064 1570 3135 accepit,
1626 3071 1686 3120 et
1742 3066 2041 3138 duplicem

395 3140 787 3198 confessionis
819 3161 1100 3201 coronam
1135 3148 1384 3220 adeptus
1420 3157 1527 3206 est.
1569 3154 1715 3209 Nam
1763 3156 2039 3210 Maurita-

394 3228 578 3293 niam,
610 3235 911 3302 totamque
978 3235 1253 3291 Afrorum
1305 3240 1630 3311 regionem.
1693 3247 1750 3296 et
1799 3243 2040 3315 Libyam

395 3317 730 3373 universam
762 3325 1111 3394 peragravit,
1137 3332 1195 3380 et
1224 3326 1423 3398 plures
1455 3329 1789 3386 infidelium
1820 3333 1893 3387 ad
1925 3334 2040 3389 Do-

2076 2034 2124 2101 B

2223 2083 2325 2143 Καὶ
2357 2079 2589 2149 ἄθλησις
2632 2082 2728 2134 τοῦ
2786 2071 3293 2220 ἐτῖἓστόλου
3326 2071 3579 2146 Σίμωνος
3627 2073 3729 2127 τοῦ

2225 2283 2440 2356 Σίμων,
2490 2280 2518 2336 ό
2553 2278 2717 2356 μέγας
2748 2273 3056 2338 ἀπόστολος
3111 2276 3210 2329 τοῦ
3240 2274 3498 2347 Χριστοῦ,
3533 2271 3561 2325 ὁ
3597 2268 3798 2325 έπιλε-

2152 2371 2389 2450 γόμενος
2464 2367 2754 2439 Ζηλωτὴς,
2841 2364 2976 2440 μετᾶ
3031 2369 3140 2419 τῶν
3224 2361 3393 2437 ἁγίων
3476 2358 3801 2450 ἀποστόλων

2156 2448 2420 2535 ὐπάρχων
2477 2457 2530 2513 ἐν
2584 2461 2664 2529 τῷ
2718 2454 2971 2531 ὑπερῴῳ,
3029 2452 3121 2508 καὶ
3182 2452 3281 2520 τὴν
3361 2448 3648 2525 ὁρωμένην
3700 2451 3800 2503 τοῦ

2154 2551 2471 2623 Πνεύματος
2506 2546 2771 2623 ἐνέργειαν
2825 2544 2877 2599 έν
2938 2541 3068 2599 ε’ἶὸει
3121 2544 3438 2617 περιστερᾶς
3493 2538 3583 2595 καὶ
3635 2538 3801 2615 πυρί-

2151 2661 2270 2703 ναις
2296 2638 2577 2716 γλώσσαις
2639 2633 3056 2707 ὑποδεξάμενος,
3111 2632 3243 2695 ὅλος
3295 2630 3592 2706 πυρίπνους
3635 2628 3815 2704 γέγο-’

2154 2750 2261 2786 νενο
2313 2729 2401 2784 καὶ
2465 2727 2613 2783 θείου
2659 2724 2831 2795 ζήλου
2889 2720 3181 2793 πλησθεὶς,
3230 2721 3331 2789 τὴν
3392 2720 3484 2793 μὶν
3528 2716 3799 2773 πολύθεον

2150 2819 2364 2889 πλάνην
2398 2823 2568 2872 πᾶσαν
2630 2814 2705 2876 ὡς
2766 2813 2967 2888 χόρτον
3026 2806 3314 2888 κατέφλεξε
3371 2812 3438 2882 τῇ
3494 2805 3795 2883 παῤῥησίᾳο

2147 2908 2246 2976 τὴν
2283 2903 2341 2961 δὲ
2368 2911 2470 2981 γῆν
2494 2903 2631 2973 ὅλην
2680 2897 2876 2976 σχεδὸν
2930 2895 3269 2974 διαδραμὼν,
3304 2899 3384 2967 τῷ
3416 2891 3799 2981 ,διδασκαλικῷ

2154 2995 2306 3072 Λόγῳ
2362 2980 2528 3050 αὐτοῦ
2584 2991 2673 3047 καὶ
2730 2994 2809 3061 τῷ
2867 2990 3052 3067 φέγγει
3104 2994 3205 3056 τῆς
3277 2980 3549 3047 εὐσεϐείας
3618 2980 3792 3056 ἐλάμ-

2148 3090 2316 3161 πρυνέ
2370 3104 2429 3139 τε
2485 3081 2575 3138 καὶ
2632 3079 3081 3156 κατεφρώντισεν.
3138 3076 3297 3134 Ὅθεν
3356 3074 3541 3135 καλῶς
3598 3092 3657 3127 τε
3696 3074 3787 3127 καί

2148 3159 2518 3243 καταλλήλως
2580 3170 2679 3239 τὴν
2731 3168 2832 3223 τοῦ
2890 3166 3154 3237 Ζηλωτοῦ
3211 3162 3500 3234 ἐπίκλησιν
3547 3159 3782 3234 ἐδέξατο,

2147 3265 2236 3320 καὶ
2270 3261 2500 3318 διπλοῦν
2521 3262 2584 3316 τὸ
2612 3259 2803 3337 στέφος
2859 3264 2960 3327 τῆς
3019 3254 3318 3332 ὁμολογίας
3351 3247 3535 3311 ἔλαϐε.
3576 3255 3795 3327 Μαυρι-

2147 3353 2331 3409 τανίαν
2363 3354 2489 3427 γὰρ,
2524 3349 2615 3405 καὶ
2680 3349 2779 3416 τὴν
2830 3351 2939 3403 τῶν
2989 3347 3213 3422 ΙἈφρων
3271 3344 3483 3420 χώραν,
3542 3342 3633 3398 καὶ
3690 3344 3796 3411 τήν

394 3406 625 3461 minum
657 3411 978 3465 convertit:
1012 3429 1079 3469 ac
1109 3414 1349 3471 demum
1397 3418 1458 3472 in
1515 3419 1879 3477 Britanniam
1910 3439 2039 3495 pro-

2154 3405 2597 3512 At6'3‘qv.5t'1|tacav
2631 3436 2885 3503 διελθὼν,
2935 3436 3024 3492 καὶ
3074 3433 3323 3497 πολλοὺς
3378 3438 3487 3489 τῶν
3546 3430 3791 3487 ἀπίστων

390 3495 601 3551 fectus.
635 3500 798 3556 cruci
829 3500 1044 3560 afﬁxus
1074 3504 1222 3560 fuit:
1254 3512 1431 3579 atque
1478 3507 1563 3565 ita
1610 3509 1884 3583 spiritum
1920 3513 2034 3570 Deo

391 3584 654 3643 tradidit.

464 3813 535 3870 Et
564 3823 837 3875 certamen
864 3823 1046 3879 sancti
1065 3822 1283 3907 Alphei
1301 3828 1583 3903 martyris,
1614 3834 1667 3884 et
1694 3829 1967 3905 sociorum

1140 3912 1275 3967 ejus.

468 4046 768 4118 Alphaaus,
800 4052 1317 4125 Philadelphus,et
1345 4058 1612 4130 Cyrinus,
1642 4060 1856 4115 Christi
1882 4076 2039 4116 mar-

397 4140 577 4204 tyres,
611 4144 781 4192 erant
803 4140 1041 4196 oriundi
1075 4159 1141 4198 ex
1174 4145 1413 4218 regione
1443 4148 1649 4211 Italian,
1686 4149 1918 4205 nobiles
1972 4165 2040 4205 ac

398 4222 626 4283 divites.
659 4225 765 4281 ﬁlii
793 4228 983 4283 Vitalii
1017 4232 1283 4301 ejusdem
1316 4234 1574 4306 regionis
1599 4238 2039 4307 praafecti.Cum

395 4326 530 4366 vero
549 4329 582 4367 a
604 4314 862 4384 quodam
893 4317 1173 4374 Onesimo
1204 4321 1539 4378 Christiano
1573 4324 1855 4395 pietatem
1879 4325 2038 4379 didi-

399 4400 706 4469 cissent,et
725 4403 999 4475 baptizati
1017 4408 1594 4475 fuissent,Christum
1618 4413 2038 4484 praedicabant.

398 4489 477 4544 Eo
510 4498 710 4547 autem
762 4500 1050 4567 tempore,
1110 4499 1387 4570 praefecto
1445 4516 1579 4556 cum
1642 4502 2042 4573 imperatoriis

396 4577 611 4637 litteris
639 4581 710 4638 ab
732 4584 879 4640 urbe
917 4587 1100 4642 Roma
1146 4587 1209 4643 in
1269 4589 1443 4645 istam
1491 4590 1676 4646 Italiaa
1736 4592 2040 4665 regionem

395 4671 731 4736 amandato,
768 4681 832 4728 ut
851 4675 1219 4733 Christianos
1247 4695 1455 4735 omnes
1486 4681 1841 4738 occidendos
1863 4699 2037 4739 cura-

2144 3532 2469 3606 έπιστρέψας
2520 3528 2609 3585 ἐπὶ
2656 3529 2748 3583 τὸν
2809 3526 3035 3602 Κύριον,
3093 3524 3314 3599 ὕστερον
3380 3521 3430 3578 έν
3492 3520 3792 3597 Βρεττανίᾳ

2141 3622 2457 3697 γενόμενος,
2513 3619 2604 3675 καὶ
2685 3621 2764 3689 τῷ
2847 3619 3063 3692 σταυρῷ
3128 3611 3482 3688 προσπαγεὶς,
3564 3616 3681 3685 Θεῷ
3728 3619 3795 3667 τὸ

2144 3715 2358 3786 πνεῦμα
2377 3710 2439 3765 τὸ
2470 3709 2663 3765 έαυτοῦ
2693 3708 2979 3783 παρέθετο.

2145 3856 2246 3911 Καὶ
2304 3853 2537 3925 ἄθλησις
2582 3855 2680 3908 τοῦ
2736 3850 2916 3928 ἁγίου.
2961 3849 3235 3928 μάρτυρος
3268 3847 3528 3928 ’Δλφείου
3569 3847 3794 3919 καὶτῆς
3848 3872 3855 3873 ί

2731 3919 2983 3985 συνοδίας
3013 3919 3204 3982 αὐτοῦ.

2216 4059 2498 4139 Ἀλφειὸς,
2532 4056 2905 4137 Φιλάδελφος,
2964 4056 3053 4114 καὶ
3113 4056 3371 4135 Κυρίνος,
3406 4057 3457 4112 οἳ
3508 4061 3605 4113 τοῦ
3663 4057 3793 4134 Χρι-

2147 4154 2273 4207 στοῦ
2332 4149 2620 4224 μάρτυρες,
2684 4149 2939 4224 ὑπῆρχον
3000 4146 3059 4203 έκ
3112 4155 3212 4217 τῆς
3274 4148 3464 4223 χώρας
3527 4147 3783 4219 Ἰταλίας,

2147 4241 2379 4315 εὐγενεῖς
2406 4238 2498 4294 καὶ
2530 4236 2809 4305 πλούσιοι,
2869 4238 2976 4293 υἱοὶ
3038 4238 3301 4293 Βιταλίου
3359 4237 3633 4312 ἄρχοντος
3686 4240 3790 4303 τῆς

2148 4331 2355 4405 χώρας.
2390 4328 2668 4393 Μαθόντες
2723 4324 2781 4382 δὲ
2817 4328 2917 4397 τὴν
2979 4321 3250 4382 εὐσέϐειαν
3307 4327 3453 4402 παρᾶ
3482 4326 3786 4401 Ὀνησίμου

2143 4420 2291 4481 τινὸς
2352 4420 2700 4494 Χριπιανοῦ,
2758 4416 2847 4472 καὶ
2910 4416 3288 4492 βαπτισθέντες
3357 4416 3650 4492 ἐκήρυττον
3700 4419 3795 4474 τὸν

2146 4508 2403 4582 Χριστόν.
2437 4507 2566 4564 Κατ’
2623 4504 2825 4561 ἐκεῖνον
2888 4501 2945 4560 δὲ
2999 4506 3092 4561 τὸν
3147 4507 3334 4580 καιρὸν
3390 4505 3793 4570 ἀποσταλέντος

2148 4599 2417 4672 ἄρχοντος
2475 4596 2579 4651 ἀπὸ
2650 4596 2874 4666 Ῥώμης
2960 4597 3096 4669 μετὰ
3175 4594 3511 4671 γραμμάτων
3574 4594 3790 4669 βασιλι-

2147 4690 2253 4741 κῶν
2288 4685 2341 4740 έν
2391 4688 2461 4758 τῇ
2510 4687 2672 4761 χώρᾳ
2730 4682 2984 4753 Ἰταλίας,
3045 4684 3131 4740 ἐπὶ
3186 4686 3244 4739 τὸ
3300 4688 3612 4763 φονεύεσθαι
3662 4685 3793 4749 τοὺς

395 4766 523 4825 ret;
555 4761 628 4815 ad
652 4763 781 4831 ejus
813 4766 1076 4821 notitiam
1102 4767 1199 4822 isti
1228 4768 1495 4835 delati,et
1524 4771 2035 4843 comprehensi.ac

2154 4774 2524 4849 Χριστιανοὺς,
2569 4773 2993 4850 διαγνωσθέντες
3051 4774 3199 4829 οὗτοι
3258 4775 3347 4829 καὶ
3404 4776 3789 4849 κρατηθέντες,

394 4848 646 4904 vinculis
668 4854 992 4921 constricti,
1028 4858 1270 4913 Romam
1321 4860 1486 4915 missi
1520 4868 1679 4929 sunt,
1733 4878 1853 4918 una
1902 4881 2037 4921 cum

397 4938 694 5001 Onesimo,
719 4948 778 4994 et
804 4943 1067 5009 Erasmo,
1110 4948 1362 5019 aliisque
1393 4950 1531 5004 viris
1563 4953 2035 5023 quattuordecim,

394 5025 468 5080 ad
505 5026 840 5084 Licinium:
889 5049 923 5087 a
979 5051 1095 5104 quo
1155 5039 1353 5092 traditi
1415 5040 1680 5095 Diomedi
1736 5043 2038 5113 praefecto,

395 5115 674 5171 Puteolos
702 5119 1175 5179 abducuntur.Et
1194 5127 1509 5182 Onesimus
1521 5129 1763 5199 quidem
1782 5134 2037 5187 maximo

397 5204 470 5258 ad
502 5212 707 5275 pectus
750 5212 1210 5282 superimposita
1241 5214 1458 5284 lapide,
1493 5218 1768 5287 spiritum
1819 5222 2035 5277 emisit.

395 5292 673 5350 Erasmus
705 5312 841 5351 vero
871 5315 1005 5353 cum
1037 5300 1284 5370 reliquis
1341 5305 1789 5374 quatuordecim
1847 5311 2040 5381 capite

393 5381 603 5454 plexus
651 5384 781 5440 fuit.
830 5389 904 5441 At
946 5387 1211 5458 praedicti
1268 5396 1386 5446 tres
1436 5392 1498 5447 in
1556 5393 1816 5452 Siciliam
1844 5400 2038 5471 missi,

388 5469 611 5529 ibidem
635 5474 931 5531 interfecti
955 5483 1110 5535 sunt.

2149 4864 2362 4938 δέσμιοι
2390 4865 2857 4942 παρεπέμφθησαν
2894 4864 2969 4927 εἷς
3000 4865 3225 4937 Ῥώμην
3252 4866 3363 4936 ἅμα
3395 4864 3795 4940 Ὀνησίμῳ,καὶ

2150 4956 2428 5029 Ἑράσμῳ,
2460 4954 2550 5009 καὶ
2583 4954 2789 5029 ἑτέροις
2819 4951 3042 5028 ἀνδράσι
3077 4952 3202 5008 δέκα
3233 4952 3321 5008 καί
3351 4959 3601 5028 τέσσαρσι
3652 4956 3795 5029 πρὸς

2147 5046 2443 5101 Λικίννιον.
2480 5045 2578 5101 Καὶ
2617 5046 2706 5099 ὑπ’
2739 5044 2941 5100 ἐκείνου
2980 5042 3370 5117 παραδοθέντες
3402 5044 3665 5118 Διομήδει
3713 5051 3795 5119 τῷ

2145 5133 2397 5208 ἡγεμόνι,
2432 5133 2483 5189 έν
2517 5132 2810 5197 Ποτιόλοις
2841 5134 3190 5205 ἀπήχθησαν.
3251 5134 3354 5191 Καὶ
3413 5136 3441 5190 ὁ
3504 5135 3598 5208 μὲν
3628 5137 3795 5207 Ὀνή-

2148 5243 2312 5295 σιμος
2385 5222 2541 5288 λίθον
2603 5224 2765 5299 μέγαν
2815 5224 2954 5279 κατὰ
3006 5227 3106 5279 τοῦ
3181 5225 3414 5294 στήθους
3468 5222 3794 5296 δεξάμενος,

2146 5310 2322 5384 ἀφῆκε
2352 5312 2414 5368 τὸ
2444 5316 2677 5385 πνεῦμα·
2738 5314 2766 5367 ὁ
2821 5311 2878 5367 δὲ
2935 5314 3216 5389 Ἐρασμος
3274 5315 3410 5386 μετᾶ
3439 5318 3544 5368 τῶν
3578 5312 3792 5369 λοιπῶν

2150 5396 2548 5475 δεκατεσσάρων
2582 5399 3008 5479 ἆπεκεφαλίσθηο
3051 5401 3102 5456 οἱ
3145 5401 3202 5457 δὶ
3249 5408 3398 5478 τρεῖς
3456 5401 3509 5459 έν
3567 5403 3797 5478 Σικελίᾳ

2148 5492 2499 5566 πεμφθέντες,
2533 5491 2888 5568 ἀνῃρέθησαν.
