4134 6302
251 343 378 409 διο

1844 371 2114 437 MAIUS.
3582 396 3706 457 450

864 489 1043 550 MHNI
1071 494 1162 551 T0
1193 497 1383 555 ΑΥΤΩ.

2617 519 2857 574 EODEM
2898 519 3148 575 MENSE.

348 662 408 681 ..η
450 663 464 681 .
524 665 537 681 .
884 675 910 681 _
1084 586 1180 681 {ut
2647 609 2749 663 Die
2780 609 3116 665 undecima.

365 664 409 722 Η
440 663 759 737 ἀνάμνησις
816 675 915 727 τοῦ
968 675 1244 801 γενὲξιιίου
1289 683 1389 747 τῆς
1421 684 1869 737 Κωνσταντινου-

1007 765 1047 799 π
1123 766 1243 809 εως.

2163 695 2264 752 98
2297 697 2756 753 Commemoratio
2784 698 2997 754 natalis
3029 700 3601 775 Constantinopoleos.

361 864 487 953 ’ΪΟτε
513 866 616 934 τὴν
648 871 750 921 τοῦ
795 867 1057 938 Βύζαντος
1109 871 1273 927 πόλιν
1309 876 1336 930 ὁ
1367 877 1548 953 Μέγας
1579 876 1631 933 ἐν
1669 877 1945 953 βασιλεῦσι

296 951 386 1005 καὶ
463 952 997 1024 Χριστιανικώτατος
1085 951 1484 1027 Κωνσταντῖνος
1563 951 1771 1037 λαϐὼν,
1857 969 1945 1023 καὶ

292 1040 479 1103 κτίσας
509 1043 710 1116 πολλῷ
746 1046 981 1118 μείζονα,
1041 1050 1129 1104 καὶ
1180 1050 1258 1113 εὶς
1311 1054 1373 1108 τὸ
1431 1055 1597 1110 αὐτοῦ
1645 1052 1816 1128 ὄνομα
1844 1058 1943 1126 τὴν

290 1128 488 1198 κλῆσιν
516 1132 688 1201 αὐτῆς
741 1136 1099 1209 μεταμείψας,
1156 1139 1271 1194 ἀντὶ
1332 1143 1625 1211 Βυζαντίου
1656 1148 1943 1201 Κωνσταν-

288 1218 605 1274 τινούπολιν
663 1220 931 1295 ὠνόμασε,
977 1228 1113 1297 μετά
1160 1229 1225 1283 τὸ
1275 1231 1682 1306 συμπληρῶσαι
1724 1235 1787 1289 τὸ
1834 1241 1945 1290 τεῖ·

288 1326 413 1398 χος,
444 1309 532 1363 καὶ
562 1310 657 1372 τάς
692 1311 743 1365 ἐν
776 1313 927 1385 αὖτῷ
984 1314 1250 1385 οἰκήσεις,
1308 1320 1399 1374 καὶ
1429 1322 1526 1383 τάς
1556 1322 1707 1398 ἱεράς
1740 1322 1942 1395 ἐκκλη-

289 1395 425 1464 σίας,
500 1398 713 1463 ἀναθεὶς
786 1402 987 1470 ταύτην
1063 1408 1132 1478 τῇ
1238 1395 1620 1483 ὑπεριενδόεῳ⁷
1681 1412 1944 1485 Δεσποίνῃ

289 1487 760 1578 ἠμῶνᾲθεοτόκῳ
817 1490 907 1544 καὶ
967 1492 1331 1569 Ἀειπαρθένῳ
1387 1498 1587 1573 Μαρίᾳ,
1637 1501 1941 1578 κατεξαίρε-

288 1594 381 1628 τον
432 1576 773 1664 εὐχαριστῶν
831 1578 947 1651 ἅμα
1002 1586 1079 1653 τῷ
1137 1584 1427 1658 ἁγιωτάτῳ
1467 1588 1809 1664 πατριάρχῃ,
1851 1576 1941 1646 καὶ

284 1666 364 1732 τῷ
414 1660 637 1751 κλήρῳ,
691 1664 780 1720 καὶ
837 1671 917 1739 τῷ
965 1673 1103 1741 Λαῷ,
1157 1669 1473 1738 λιτανεύσας
1517 1660 1832 1746 ἀνῆλθεντέν
1863 1682 1942 1751 τῷ

287 1752 466 1839 φόρῳ,
497 1750 549 1807 ἰν
582 1751 628 1826 ᾧ
659 1754 758 1823 τὴν
791 1756 956 1811 αὐτοῦ
1003 1759 1212 1831 στήλην
1264 1762 1318 1816 οἱ
1367 1762 1590 1820 πολῖται
1621 1765 1938 1839 ἀνέστησαν,

2127 874 2270 928 Cum
2301 874 2596 930 maximus
2626 874 3051 947 imperatorum
3083 885 3143 933 et
3165 880 3706 941 Christianissimus

2056 962 2483 1021 Constantinus
2513 967 2719 1021 urbem
2772 968 3029 1039 Byzantii
3080 972 3422 1042 accepisset,
3459 991 3710 1047 eamque

2054 1054 2242 1110 multo
2276 1048 2584 1124 majOrem,
2618 1072 2794 1126 quam
2828 1064 2972 1117 erat.
2998 1058 3373 1128 aedificasset,
3408 1063 3712 1133 imposito-

2056 1162 2170 1218 que
2201 1146 2439 1217 proprio
2473 1145 2713 1200 nomine
2754 1162 2860 1217 pro
2907 1146 3179 1217 Byzantio
3212 1151 3708 1222 Constantinopo-

2053 1235 2159 1289 lim
2190 1235 2567 1306 appellasset,
2589 1240 2903 1305 postquam
2937 1238 3153 1290 mienia
3182 1235 3448 1302 absolvit,
3478 1246 3706 1295 exstru-

2054 1331 2264 1397 ctaque
2319 1325 2382 1379 in
2439 1324 2513 1378 iis
2571 1322 2841 1389 nidificia,
2902 1329 2961 1377 et
3009 1340 3206 1380 sacras
3237 1327 3537 1388 ecclesias.
3570 1345 3702 1384 eam

2052 1414 2344 1470 dedicavit
2393 1413 2837 1486 gloriosissimas
2887 1413 3150 1469 Domina;
3190 1422 3408 1471 nostrae
3438 1417 3703 1489 Deiparaa

2052 1518 2403 1576 semperque
2434 1502 2643 1571 virgini
2686 1501 2898 1563 Marias,
2950 1502 3166 1575 gratias
3226 1521 3405 1575 supra
3459 1506 3703 1563 modum

2052 1598 2352 1663 agenszet
2413 1607 2534 1647 una
2594 1606 2731 1646 cum
2791 1591 3168 1645 sanctissimo
3228 1594 3587 1663 patriarcha,
3646 1600 3705 1650 et

2051 1683 2304 1749 clero,ac
2325 1680 2541 1753 populo
2561 1679 2992 1751 supplicatione
3014 1679 3394 1741 facta,reddit
3412 1682 3485 1737 ad
3507 1682 3702 1740 forum

2049 1772 2112 1826 in
2144 1786 2260 1842 quo
2282 1770 2439 1825 cives
2461 1769 2802 1824 columnam
2826 1768 3013 1840 ipsius
3047 1776 3383 1833 erexerunt,
3412 1772 3476 1827 in
3507 1773 3700 1844 capite

286 1838 553 1940 φέρουσαν
606 1840 734 1940 τοὺς
792 1843 985 1911 ἁγίους
1039 1849 1136 1901 τοῦ
1193 1849 1433 1925 Χριστοῦ
1478 1850 1569 1906 καὶ
1606 1857 1745 1908 Θεοῦ
1776 1856 1921 1928 ἡμῶε

2054 1865 2291 1916 sanctos
2321 1858 2535 1914 Christi
2566 1858 2669 1913 Dei
2702 1858 2889 1912 nostri
2920 1858 3115 1912 clavos
3144 1857 3477 1926 ferentem;
3530 1838 3596 1916 in
3615 1862 3703 1917 in-

280 1927 456 1996 ἤλους
485 1928 539 1984 ἐν
596 1934 667 2004 τῇ
727 1934 960 2009 κεφαλῇ’,
1019 1934 1081 1989 οὗ
1138 1937 1374 2002 κάτωθεν
1414 1944 1619 1996 κεῖνται
1648 1942 1701 1997 οἱ
1732 1939 1943 1998 δώδεκα

2048 1958 2188 2015 ﬁmo
2223 1965 2353 2005 vero
2384 1948 2515 2004 loco
2545 1947 2860 2003 duodecim
2891 1947 3177 2018 cophinos
3206 1946 3697 2021 fragmentorum,

281 2018 505 2092 κόφινοι
560 2023 669 2074 τῶν
730 2025 1195 2097 περισσευσάντων
1253 2025 1582 2103 κλασμάτων
1640 2034 1749 2086 τῶν
1786 2034 1921 2089 πέντι

2043 2062 2175 2117 quae
2206 2060 2277 2099 ex
2308 2040 2574 2112 quinque
2605 2036 2857 2109 panibus
2880 2018 3323 2107 superaverant,
3353 2038 3694 2096 habentem.

283 2107 484 2181 ἄρτων.
548 2109 655 2199 Ἐκ,
697 2130 824 2199 τοτε
882 2111 975 2167 οὗν
1033 2111 1488 2191 παραλαϐοῦσαή
1522 2122 1777 2192 συνήθεια
1825 2122 1942 2199 ἑορ-

276 2199 426 2266 τάξει
458 2199 531 2273 [ν]
562 2198 764 2271 ταύτην
792 2196 898 2264 ἕως
927 2206 1025 2259 τοῦ
1050 2208 1163 2264 νῦν.

446 2431 547 2488 Καὶ
579 2429 809 2505 ἄθλησις
855 2439 957 2490 τοῦ
1006 2437 1164 2512 ἁγίου
1198 2438 1471 2515 μάρτυρος
1499 2442 1750 2502 Μωκίου.

332 2548 586 2620 Μώκιος,
617 2550 645 2605 ὁ
674 2555 773 2607 τοῦ
829 2553 1067 2625 Χριστοῦ
1124 2556 1473 2632 ἱερομάρτυς,
1514 2559 1581 2628 ἦν
1618 2561 1713 2634 μὶν
1743 2560 1804 2618 ἐκ
1828 2569 1928 2634 τῆς

264 2637 486 2699 πόλεως
547 2639 861 2710 Βυζαντίου,
923 2642 1040 2705 υἱὸς
1099 2646 1440 2719 Χριστιανῶν
1501 2648 1789 2723 Εὐφράτου
1836 2652 1927 2706 καὶ

266 2726 589 2797 Εὐσταθίας,
671 2729 1009 2803 ὁρμωμένων
1069 2731 1128 2787 ἐκ
1201 2742 1300 2803 τῆς
1391 2736 1627 2801 παλαιᾶς
1680 2740 1925 2813 Ῥώμης.

271 2815 560 2892 ’Υπάρχων
596 2814 654 2872 δὶ
698 2814 1085 2893 πρεσϐύτερος,
1142 2824 1241 2892 τῆς
1295 2829 1394 2880 τοῦ
1453 2829 1690 2899 Χριστοῦ
1720 2826 1924 2900 ἐκκλη-

275 2903 412 2974 σίας,
470 2906 827 2982 παρήγγελλε
884 2913 1043 2964 πᾶσιν
1102 2912 1398 2989 ἀπέχεσθαι
1461 2915 1555 2987 μὶν
1611 2920 1717 2971 τῶν
1762 2915 1923 2973 εἰδώ-

274 2990 407 3063 λων,
461 2999 621 3068 τιμᾷν
679 2995 738 3053 δὲ
790 2998 880 3053 τὸν
941 3002 1197 3072 Χριστὸν,
1254 3002 1344 3057 καὶ
1404 2998 1577 3059 σέϐειν
1634 3005 1792 3061 αὐτὸν
1848 3007 1922 3070 ὡς

272 3083 399 3136 Θεὸν
430 3082 600 3154 ὅλων,
632 3085 722 3139 καὶ
764 3086 989 3162 Κύριον.
1035 3090 1127 3145 Ἐν
1179 3095 1279 3162 μιᾷ
1324 3089 1383 3147 δὲ
1425 3094 1610 3156 θυσίας
1642 3093 1922 3152 ἐπιτελου-

270 3168 438 3242 μένης
500 3174 646 3247 παρᾶ
700 3180 797 3230 τοῦ
854 3175 1151 3252 ἄρχοντος,
1207 3180 1297 3235 καὶ
1350 3186 1447 3237 τοῦ
1506 3180 1643 3239 λαοῦ
1676 3186 1918 3256 θύοντος,

2040 2137 2122 2191 Ex
2182 2132 2286 2188 illo
2345 2130 2523 2203 igitur
2578 2132 2847 2197 tempore
2901 2126 3161 2182 obtinuit
3216 2128 3606 2196 consuetudo,
3634 2134 3701 2186 ut

2037 2225 2165 2282 haac
2206 2220 2492 2278 festivitas
2532 2216 2935 2273 celebraretur
2979 2232 3169 2287 usque
3215 2217 3278 2274 in
3331 2224 3691 2290 presentem

2039 2314 2219 2369 diem.

2318 2444 2384 2499 Et
2412 2447 2688 2498 certamen
2716 2441 2892 2495 sancti
2919 2440 3084 2496 Mocii
3122 2442 3403 2511 martyris.

2107 2571 2332 2627 Mocius
2364 2582 2532 2623 sacer
2560 2565 2774 2621 Christi
2816 2569 3060 2636 martyr,
3110 2580 3179 2619 ex
3226 2563 3373 2619 urbe
3421 2563 3695 2636 Byzantio

2033 2666 2378 2734 prognatus,
2413 2657 2574 2712 filius
2602 2655 2716 2710 fuit
2738 2654 3020 2725 Euphrati
3045 2661 3103 2709 et
3124 2654 3444 2709 Eustathiaa
3476 2670 3692 2725 paren-

2031 2756 2156 2805 tum
2188 2747 2683 2807 Christianorum,
2720 2744 2820 2815 qui
2852 2759 2921 2798 ex
2954 2749 3146 2798 vetere
3177 2744 3361 2798 Roma
3393 2743 3686 2811 originem

2031 2840 2345 2896 ducebant.
2377 2838 2523 2892 Cum
2554 2852 2688 2890 vero
2713 2840 2870 2889 esset
2899 2834 3164 2889 ecclesiae
3191 2835 3407 2889 Christi
3439 2835 3685 2906 presby-

2030 2935 2137 2994 ter,
2172 2932 2416 2984 cunctos
2440 2923 2807 2990 hortabatur,
2841 2927 2903 2976 ut
2933 2922 3005 2977 ab
3039 2920 3214 2976 idolis
3241 2922 3685 2978 recederentac

2030 3019 2329 3074 Christum
2375 3019 2821 3079 venerarentur,
2873 3026 3126 3082 eumque
3158 3016 3226 3065 ut
3257 3012 3440 3066 Deum
3472 3027 3540 3065 ac
3572 3012 3687 3066 Do-

2030 3110 2260 3165 minum
2290 3107 2700 3164 universorum
2750 3104 3033 3159 colerent.
3068 3102 3329 3167 Quadam
3358 3110 3556 3158 autem
3589 3103 3684 3159 die

2030 3216 2165 3256 cum
2196 3216 2231 3255 a
2258 3197 2510 3270 praaside
2541 3202 2600 3251 et
2636 3197 2854 3267 populo
2888 3193 3259 3249 sacriﬁcante
3289 3193 3539 3247 victimas
3571 3192 3685 3249 im-

267 3260 393 3351 θείῳ
452 3260 609 3336 ζήλῳ
665 3265 929 3351 κίνηθεὶς,
973 3263 1211 3351 ,δραμὼν
1275 3270 1528 3346 ἀνέτρεψε
1577 3275 1669 3330 τὸν
1707 3276 1917 3351 βωμὸν,

2035 3288 2419 3351 metarentur,
2469 3286 2671 3341 leiDO
2706 3283 2849 3349 .2810
2898 3290 3112 3341 motus.
3169 3299 3486 3338 accurrens
3518 3299 3680 3339 aram

263 3349 351 3403 καὶ
403 3351 473 3405 τά
527 3352 742 3424 θύματά
801 3350 1164 3431 διεσκόρπισε.
1219 3360 1522 3433 Κρατηθεὶς
1576 3362 1665 3417 οὗν
1709 3349 1917 3438 -ἐτιμωσ

264 3440 434 3512 ρήθη,
508 3439 598 3494 καὶ
671 3436 972 3515 ἐμϐληθεὶς
1045 3445 1121 3508 είς
1179 3451 1309 3522 πῦρ,
1369 3450 1548 3524 ὡρᾶτο
1610 3450 1769 3525 μέσον
1802 3436 1919 3525 τῆς

262 3525 631 3618 φλογὸς-’μετᾶ
660 3534 828 3606 τριῶν
859 3532 1212 3605 ψαλλόντων,
1243 3535 1334 3591 καὶ
1385 3542 1482 3593 τοῦ
1513 3538 1628 3602 ένὸς
1658 3542 1720 3596 τὸ
1750 3543 1917 3618 πρόσ-

259 3634 406 3670 ωπον
471 3612 717 3690 ἔλαμπεν
802 3620 935 3698 ὑπὲρ
1020 3622 1112 3678 τὸν
1189 3623 1365 3693 ἣλιον.
1440 3628 1544 3684 Καὶ
1601 3628 1762 3693 αὐτὸς
1794 3612 1919 3705 ”μὶν

258 3703 482 3805 ἆξηλθεν
520 3707 705 3805 ὑγιής,
757 3710 792 3778 ἦ
845 3707 901 3764 δὲ
954 3708 1089 3805 φλὸξ
1143 3706 1334 3805 ἔκαυσε
1385 3714 1515 3779 τοὺς
1547 3703 1919 3805 παρεστῶτας,

260 3795 347 3849 καὶ
408 3796 504 3851 τὸν
558 3795 828 3877 ἄρχοντα.
876 3800 1044 3857 νΕίτα
1118 3801 1386 3876 πέμπεται
1463 3805 1537 3868 εἷς
1594 3795 1914 3882 Ἡράκλειαν

260 3886 356 3976 τῆς
415 3885 649 3976 Θρᾴκης·
710 3884 833 3944 ἔνθα
884 3890 983 3959 τήν
1040 3891 1285 3969 κεφαλὴν
1333 3893 1673 3968 ἀποτμηθεὶς
1723 3896 1914 3976 έτάφη.

261 3973 516 4060 Ὕστερον
583 3972 642 4031 δὶ
706 3977 895 4040 κτίσάς
961 3979 1088 4034 ναὸν
1155 3982 1183 4035 ὁ
1253 3978 1422 4057 μέγας
1488 3972 1913 4060 Κωνσταντῖν-ος,

262 4059 434 4139 ἤγαγε
461 4064 524 4120 τὸ
555 4062 805 4141 λείψανον
839 4067 1026 4137 αὐτοῦ,
1060 4068 1149 4124 καὶ
1176 4070 1403 4135 ἀπέθετο
1429 4069 1480 4127 ἐν
1516 4072 1683 4147 αὐτῷ.

362 4374 469 4433 Καὶ
499 4345 733 4448 ἄθλησις
759 4376 856 4434 τοῖ’)
895 4378 1056 4454 ἁγίου
1090 4379 1363 4455 μάρτυρος
1393 4382 1802 4459 Διοσκορίδους.

331 4518 707 4595 Διοσκορίδης,
768 4522 795 4577 ὁ
851 4527 947 4578 τοῦ
1002 4526 1242 4599 Χριστοῦ
1304 4526 1531 4598 μάρτυς,
1564 4527 1781 4606 ὑπῆρχε
1813 4531 1907 4603 μὶν

2029 3378 2336 3442 subvertit,
2369 3382 2427 3432 et
2460 3374 2723 3431 victimas
2754 3373 3051 3446 dispersit.
3076 3373 3265 3438 Quare
3297 3371 3688 3444 comprehen-

2028 3483 2150 3527 sus,
2182 3465 2493 3521 tormentis
2537 3462 2869 3533 subjicitur,
2905 3468 3081 3532 atque
3122 3461 3379 3517 ﬂammis
3408 3459 3679 3515 traditur.

2029 3556 2244 3610 Verum
2274 3554 2336 3609 in
2369 3552 2565 3609 medio
2598 3551 2852 3607 flammae
2883 3551 3043 3605 visus
3066 3555 3157 3605 est
3176 3566 3297 3605 una
3317 3566 3453 3605 cum
3484 3549 3671 3603 tribus

2025 3644 2164 3700 viris
2195 3641 2607 3716 psallentibus,
2630 3657 2700 3696 ex
2722 3639 2935 3711 quibus
2965 3640 3068 3693 uni
3094 3657 3213 3711 prae
3236 3639 3467 3694 caeteris
3498 3638 3676 3694 facies

2030 3735 2153 3792 sole
2177 3732 2546 3806 splendidior
2576 3729 2885 3786 emicabat.
2915 3733 2992 3785 Ac
3023 3730 3149 3800 ipse
3173 3728 3413 3801 quidem
3447 3728 3680 3783 incolu-

2028 3823 2143 3880 mis
2175 3822 2395 3888 evasit;
2423 3821 2667 3877 tlamma
2694 3835 2828 3875 vero
2862 3835 2983 3885 eos,
3017 3818 3117 3889 qui
3151 3818 3376 3872 circum
3407 3816 3677 3884 aderant,

2027 3929 2093 3968 ac
2126 3911 2307 3967 simul
2340 3909 2657 3983 praesidem
2690 3907 3079 3980 consumpsit.
3106 3906 3325 3962 Deinde
3353 3907 3571 3961 missus
3594 3910 3683 3963 est

2021 4002 2085 4058 in
2107 4000 2471 4064 Heracleam,
2496 3999 2703 4055 urbem
2726 3997 3007 4058 Thraciae.
3026 3996 3125 4052 ubi
3150 3997 3340 4068 capite
3368 4002 3680 4052 truncatus

2022 4096 2132 4157 est,
2166 4096 2224 4149 et
2243 4088 2530 4161 sepultus.
2570 4090 2876 4144 Postremo
2926 4103 3060 4142 cum
3109 4085 3531 4142 Constantinus
3562 4086 3677 4140 Ma-

2020 4194 2170 4253 gnus
2201 4177 2492 4249 templum
2534 4175 2905 4241 aediﬁcasset,
2958 4190 3156 4231 sacras
3209 4174 3339 4247 ejus
3389 4171 3677 4245 reliquias

2021 4267 2247 4334 intulit,
2277 4273 2454 4339 atque
2485 4265 2707 4322 ibidem
2739 4264 3035 4337 deposuit.

2158 4400 2263 4455 94
2289 4402 2359 4456 Et
2386 4406 2659 4457 certamen
2686 4401 2863 4456 sancti
2893 4398 3220 4455 Dioscoridis
3248 4397 3528 4465 martyris.

2091 4543 2460 4600 Dioscorides
2491 4516 2707 4600 Christi
2740 4515 2964 4614 martyr
2995 4546 3120 4596 erat
3141 4557 3212 4595 ex
3233 4539 3377 4593 urbe
3405 4538 3672 4608 Smyrna.

260 4602 314 4660 lx
363 4607 463 4675 τῆς
523 4610 846 4681 Σμυρναίων
904 4610 1142 4674 πόλεως·
1204 4613 1522 4687 Χριστιανὸς
1566 4613 1623 4672 δὶ
1779 4618 1900 4691 ἐκή-

2035 4633 2167 4690 Ξιιω
2196 4649 2331 4687 vero
2362 4632 2732 4688 Christianus
2764 4637 2942 4688 esset.
2976 4630 3272 4685 Christum
3301 4627 3486 4682 libere
3521 4643 3674 4696 pra)-

261 4713 410 4768 ρυττε
476 4697 747 4775 οαῤῥησίᾳ
800 4700 890 4755 τὸν
950 4701 1204 4775 Χριστὸν,
1261 4701 1351 4757 καὶ
1408 4701 1681 4761 ἐδίδασκεν
1716 4707 1909 4782 ἐπὶτῴ

263 4783 485 4857 ὀνόματι
515 4787 683 4842 αὐτοῦ
711 4790 913 4852 πάντας
942 4788 1070 4851 τοὺς
1102 4793 1580 4867 προσερχομένους
1611 4795 1781 4868 αὗτῷ-
1819 4800 1908 4853 καὶ

260 4871 499 4936 πολλοὺς
528 4880 634 4930 τῶν
700 4876 936 4932 ἀπίστων
996 4875 1329 4956 έπιστρέφων
1362 4880 1468 4935 ἀπὸ
1498 4889 1597 4951 τῆς
1629 4905 1904 4959 πατροπα-

264 4959 488 5035 ραδότου
519 4965 735 5035 πλάνης
767 4966 963 5035 αὐτῶν,
998 4962 1269 5041 έϐἐίπτιξε.
1303 4971 1601 5045 Κρατηθεὶς
1634 4971 1729 5027 οὖν
1761 4979 1907 5049 παρὰ

258 5055 359 5104 τῶν
393 5050 841 5129 εἰδωλολάτρῶν,
906 5057 982 5129 μὴ
1041 5057 1315 5133 φερόντων
1373 5058 1587 5115 ἀκούειν
1632 5063 1907 5138 παρρησῖᾳ

257 5140 346 5194 τὸν
395 5143 635 5216 Χριστὸν
689 5146 1115 5219 κηρυττόμενον,
1166 5145 1541 5222 ἱμαστιγώθη.
1575 5150 1706 5207 Εἶτα
1736 5150 1905 5217 δεθεὶς

256 5229 526 5303 παρεδόθη
604 5238 685 5306 τῷ
759 5236 1013 5310 ἄρχοντι.
1071 5235 1174 5293 Καὶ
1233 5235 1525 5309 ἐρωτηθεὶς
1593 5239 1684 5296 ὁπ’
1765 5243 1900 5301 ἐκεί-

252 5340 362 5381 νου.
420 5322 511 5376 καὶ
564 5324 885 5395 Χριστιανὸν
962 5325 1147 5381 ἑαυτὸν
1234 5326 1606 5402 ὁμολογησας,
1670 5332 1900 5406 βασανι-

252 5408 389 5472 σθεὶς
446 5412 808 5489 παρεπέμφθη
896 5413 1140 5487 φυλακῇ,
1208 5414 1296 5470 ἐπὶ
1371 5416 1609 5480 πολλαῖς
1664 5422 1901 5497 ἡμέραις

248 5501 630 5576 κακουχηθεὶς,
671 5502 723 5557 ἓν
781 5501 938 5575 αὐτῇ⁶
999 5503 1111 5559 εἶτα
1163 5510 1262 5573 τῆς
1321 5503 1568 5583 φυλακῆς
1609 5504 1901 5581 ἐκϐληθεὶς

248 5585 409 5644 πάλιν
464 5591 780 5664 ἠναγκάσθη
838 5592 930 5653 τὸν
989 5592 1221 5664 Χριστὸν
1281 5594 1636 5667 ἀρνήσασθαν
1694 5601 1894 5675 καὶμὴ

253 5677 500 5747 πεισθεὶς,
535 5678 719 5749 ἐξέσοοη
781 5680 1119 5752 κοεματθείς.
1183 5682 1283 5741 Καὶ
1360 5680 1636 5755 ἐπιμένων
1694 5693 1762 5761 τῇ
1821 5690 1897 5753 εἷς

2018 4720 2272 4785 dicabat,
2301 4726 2480 4793 atque
2506 4737 2732 4786 omnes,
2759 4720 2860 4791 qui
2883 4718 2956 4773 ad
2990 4718 3187 4789 ipsum
3218 4714 3671 4777 accedebant,in

2016 4811 2260 4866 nomine
2291 4811 2419 4879 ejus
2449 4808 2758 4869 edocebat,
2791 4808 3130 4878 multosque
3158 4822 3230 4861 ex
3260 4803 3604 4861 infidelibus
3635 4820 3670 4859 a

2015 4902 2205 4973 patrio
2238 4916 2457 4964 errore,
2486 4916 2663 4970 quem
2694 4915 2729 4953 a
2764 4898 3087 4968 majoribus
3118 4896 3401 4952 traditum
3436 4911 3674 4965 accepe-

2016 4998 2171 5059 rant,
2198 5009 2301 5047 avo
2322 5007 2471 5057 :ans,
2505 4989 2838 5063 baptizabat
2881 4989 3354 5060 Comprehensus
3390 4986 3569 5060 igitur
3600 4984 3672 5040 ab

2016 5080 2369 5143 idololatris,
2393 5079 2495 5151 qui
2517 5078 2814 5135 Christum
2840 5084 2959 5133 tam
2988 5078 3174 5133 libere
3208 5074 3518 5149 praedicari
3548 5089 3670 5129 non

2013 5170 2305 5229 ferebant.
2334 5166 2534 5239 ﬂagris
2574 5185 2761 5223 caesus
2816 5167 2945 5223 fuit.
2982 5165 3203 5221 Deinde
3234 5166 3488 5228 vinctus,
3519 5180 3670 5236 prm-

2012 5257 2123 5316 sidi
2175 5262 2265 5312 est
2308 5256 2593 5312 traditus:
2645 5262 2821 5328 atque
2870 5256 2942 5312 ab
2997 5257 3109 5312 hoc
3153 5256 3570 5326 interrogatus.
3602 5268 3670 5307 ac

2012 5363 2141 5403 sese
2172 5345 2577 5402 Christianum
2619 5346 2939 5418 professus,
2990 5345 3261 5418 pluribus
3302 5350 3493 5400 tortus
3534 5358 3669 5398 cru-

2010 5435 2282 5503 ciatibus,
2316 5435 2590 5491 detrusus
2623 5435 2733 5490 fuit
2759 5436 2821 5491 in
2853 5452 3170 5491 carcerem.
3200 5434 3300 5489 ubi
3328 5450 3436 5508 per
3466 5432 3669 5504 plures

2008 5524 2137 5581 dies
2179 5540 2383 5598 graves
2430 5540 2730 5580 arumuas
2774 5525 3077 5581 sustinuit.
3120 5526 3332 5580 Postea
3362 5539 3392 5577 e
3432 5536 3667 5578 carcere

2008 5615 2280 5682 eductus,
2299 5615 2517 5671 iterum
2543 5616 2887 5688 compulsus
2911 5621 3003 5673 est
3024 5615 3322 5671 Christum
3344 5613 3659 5681 abnegarey:

2010 5702 2170 5775 quod
2200 5720 2333 5761 cum
2356 5705 2551 5761 facere
2582 5712 2939 5775 recusasset,
2962 5720 3286 5777 suspensus
3318 5708 3428 5769 est,
3451 5705 3509 5759 et
3534 5698 3662 5756 diro
