4158 6310
444 359 556 417 451

1742 342 2169 405 MENOLOGII
2216 342 2306 401 PA
2325 340 2414 401 RS
2458 343 2565 403 ΙΙΙ.

3751 351 3872 413 652

449 492 791 548 dilaniatus.
826 490 971 543 Cum
1020 484 1278 557 denique
1336 484 1397 538 in
1455 480 1672 538 Christi
1726 478 2087 535 confessione

2214 473 2451 547 Χριστὸν
2505 474 2802 551 ὁμολογίᾳ,
2859 476 3145 552 προστάξει
3224 481 3320 533 τοῦ
3406 479 3675 556 ἄρχοντος
3732 483 3869 561 ἀνῃ-

450 585 730 635 constans
761 576 1127 649 persisteret,
1176 570 1449 644 praesidis
1493 571 1669 642 jussu
1708 568 2101 638 interemptus

450 669 580 723 fu”.
1002 752 1242 808 EODEM
1285 750 1536 805 MENSE.

1017 842 1120 897 Die
1159 839 1530 895 duodecima.

448 940 711 995 Memoria
759 934 940 990 sancti
992 932 1174 988 Patris
1225 931 1401 985 nostri
1455 928 1782 1000 Epiphanii,
1859 926 2103 997 episcopi

1189 1002 1379 1073 Cypri.

519 1127 766 1183 Sanctus
797 1127 971 1181 Pater
999 1128 1204 1179 noster
1222 1119 1587 1193 Epiphanius
1609 1122 1736 1173 erat
1756 1133 1826 1172 ex
1856 1115 2099 1187 regione

444 1217 785 1280 thnicim,
842 1214 1060 1270 Judzeis
1117 1211 1462 1286 parentibus
1512 1215 1708 1264 natus.
1740 1206 1856 1261 Sed
1886 1205 2008 1260 illis
2037 1203 2099 1259 in

445 1308 610 1380 Legis
632 1306 793 1362 cultu
819 1302 1325 1376 permanantibus,
1346 1301 1474 1371 ipse
1490 1299 1563 1354 ad
1580 1297 1877 1353 Christum
1896 1311 2094 1350 accur-

440 1413 601 1461 rens,
662 1395 989 1467 baptizatus
1050 1398 1157 1456 est,
1218 1396 1277 1446 et
1330 1388 1725 1445 monasticum
1762 1384 2099 1441 institutum

446 1485 725 1557 suscepit.
756 1483 977 1539 Deinde
998 1481 1171 1554 Cypri
1194 1480 1522 1551 Episcopus
1544 1475 1885 1532 ordinatur:
1919 1481 2097 1546 atque

442 1575 526 1631 ita
555 1577 671 1631 Deo
705 1573 963 1640 servivit,
1000 1576 1066 1627 ut
1096 1576 1154 1625 et
1198 1568 1487 1625 miracula
1530 1572 1764 1639 patrare
1789 1564 2094 1621 meruerit.

444 1666 597 1720 Cum
619 1669 821 1719 autem
851 1678 957 1734 pro
990 1660 1105 1715 fide
1156 1658 1485 1714 orthodoxa
1514 1656 1863 1720 decertaret,
1896 1653 2097 1725 plures

446 1769 743 1808 mrumnas
775 1751 847 1806 ab
879 1748 1263 1806 heterodoxis
1313 1745 1633 1803 sustinuit:
1692 1750 1753 1800 et
1788 1743 2096 1798 veritatem

2213 564 2366 639 ρὲθη.

2757 748 2940 807 ΜΗΝΙ
2980 749 3071 805 ΤΩ
3110 751 3309 808 ΛΥΤΩ.

3017 844 3084 894 B‘.

2986 840 3084 897 IB‘.

2281 927 2490 998 Μνήμη
2547 930 2643 981 τοῦ
2690 925 2760 1008 ἐν.
2784 926 2961 1008 ἁγίοις
3012 928 3223 1008 ΙΙατρὸς
3251 930 3411 1001 ἡμῶν
3444 932 3791 1008 Ἐπιφανίου,

2743 998 3039 1055 ἐπισκόπου
3080 998 3323 1074 Κύπρου.

2282 1115 2617 1193 Ἐπιφάνιος.
2674 1115 2703 1170 6
2760 1114 2812 1171 ἐν
2867 1116 3042 1190 ἁγίοις
3099 1118 3285 1192 Πατήρ
3340 1120 3618 1190 ήμῶν,ἦν
3670 1121 3765 1193 μὶν
3803 1120 3866 1177 ἐκ

2205 1211 2306 1273 τῆς
2358 1207 2547 1281 χώρας
2605 1206 2890 1275 Φοινίκης,
2951 1208 3065 1269 υἱὸς
3125 1205 3422 1265 Ἰουδαίων.
3460 1208 3615 1265 Ἀλλ’
3641 1209 3864 1266 ἐκείνων

2206 1289 2671 1365 ἐναπομεινάντων
2728 1296 2798 1366 τῇ
2851 1297 2947 1347 τοῦ
3004 1294 3178 1366 νόμου
3236 1293 3482 1368 λατρείᾳ,
3535 1294 3694 1358 αὐτὸς
3727 1297 3867 1371 πρὸς

2203 1383 2295 1438 τὸν
2329 1386 2561 1457 Χριστὸν
2608 1381 2861 1459 ἔδραμεν,
2914 1386 3001 1441 καὶ
3068 1387 3403 1461 βαπτισθεὶς,
3457 1390 3644 1465 γὲγονε
3689 1409 3865 1461 μονα-

2208 1472 2332 1548 χός.
2392 1473 2523 1531 Εἶτα
2587 1472 2984 1550 ἐχειροτονήθη
3070 1476 3160 1531 καὶ
3235 1475 3530 1539 ἰπίσκοπος
3608 1476 3861 1552 Κύπρου’

2203 1564 2293 1618 καὶ
2353 1564 2527 1627 οὕτως
2585 1564 2906 1640 ἐθεράπευσε
2959 1566 3049 1621 τὸν
3117 1566 3272 1633 Θεὸν,
3331 1566 3405 1628 ὡς
3460 1567 3548 1620 καὶ
3610 1568 3863 1641 θαύματα

2206 1658 2383 1707 ποιεῖν
2445 1654 2763 1727 ἀξιωθῆναι.
2821 1654 3256 1729 Ἀγωνιζόμενος
3311 1652 3369 1710 δὶ
3429 1655 3559 1731 ὑπὲρ
3615 1663 3717 1725 τῆς
3764 1656 3865 1730 ὀρ-

2207 1738 2432 1813 θοδόξου
2484 1742 2719 1805 πίστεως
2778 1742 3025 1804 πολλοὺς
3081 1743 3417 1818 πειρασμοὸς
3475 1745 3580 1800 ὑπὸ
3621 1749 3728 1800 τῶν
3761 1767 3867 1800 κα-

444 1842 685 1913 quidem
748 1839 1123 1896 sermonibus
1201 1836 1713 1897 corroboraturus,
1786 1831 2087 1891 hereticos

2212 1829 2449 1902 κοόόξων
2486 1834 2711 1903 ὑπέστη·
2771 1834 2860 1889 καὶ
2915 1837 3016 1903 την
3072 1832 3331 1904 ἀλήθειαν
3389 1836 3484 1906 μὶν
3529 1833 3579 1890 ἐν
3611 1840 3730 1897 τοῖς
3762 1834 3867 1891 λόε-

441 1949 576 1987 vero
610 1948 680 1986 ex
710 1930 961 1987 ecclesia
992 1929 1327 1989 abacturus.
1361 1922 1941 1995 Constantinopolim
1985 1921 2097 1978 mi-

439 2025 645 2097 gravit.
683 2023 936 2078 Adactus
969 2026 1168 2077 autem
1199 2019 1271 2075 ab
1302 2018 1566 2074 Eudoxia
1604 2015 1811 2073 exsilio
1840 2015 2094 2086 Chryso-

443 2114 619 2169 stomi
652 2129 713 2168 se
746 2110 1138 2171 subscribere.
1171 2108 1384 2164 adduci
1416 2106 1704 2178 nequivit,
1748 2111 1815 2160 ut
1843 2104 1905 2159 id
1933 2104 2095 2159 face-

439 2210 548 2261 ret.
582 2208 725 2259 Cum
752 2218 891 2257 vero
921 2201 1022 2256 illa
1044 2200 1532 2262 comminaretur,
1556 2196 1671 2251 nisi
1694 2196 1820 2266 ipse
1850 2195 2091 2262 faceret,

441 2310 503 2350 se
534 2292 830 2347 idolorum
863 2289 1084 2360 templa
1103 2294 1461 2359 aperturam,
1486 2283 1830 2356 persuaderi
1862 2298 1925 2339 se
1955 2300 2086 2355 pas-

436 2398 558 2447 sus,
584 2379 953 2451 subscripsit.
978 2376 1144 2442 Quod
1168 2376 1266 2431 ubi
1298 2376 1753 2447 Chrysostomus
1775 2372 2087 2435 intellexit,

438 2469 567 2526 hac
597 2468 669 2524 ad
702 2470 798 2525 οδ
862 2468 1056 2539 ipsum
1116 2465 1388 2537 scripsit:
1444 2462 1758 2535 Epiphani,
1807 2462 2090 2535 quoniam

439 2560 648 2616 exsilio
685 2575 814 2614 meo
837 2556 1214 2618 consensisti,
1237 2557 1298 2611 in
1324 2555 1537 2610 throno
1563 2559 1661 2608 tuo
1683 2569 1803 2608 non
1831 2552 2087 2608 sedebis.

436 2651 546 2706 llle
566 2666 703 2704 vero
731 2647 1100 2718 rescrispsit:
1125 2645 1362 2701 Athleta
1383 2645 1659 2704 Joannes,
1687 2641 2017 2701 verberare.
2034 2647 2093 2696 et

437 2740 885 2795 vince.Demum
932 2735 994 2791 in
1042 2735 1298 2808 Cyprum
1339 2733 1643 2807 navigans,
1676 2732 1855 2788 vitam
1888 2732 1950 2787 in
1982 2747 2085 2786 na-

433 2829 585 2903 vigio
618 2826 829 2884 ﬁnivit.

428 2947 499 3003 Et
517 2944 782 3002 memoria
806 2942 990 3000 sancti
1019 2943 1201 2999 Patris
1248 2942 1425 2997 nostri
1461 2940 1721 2997 Germani
1746 2938 2087 3011 patriarchae

956 3012 1571 3083 Constantinopolitani.

497 3137 746 3192 Sanctus
803 3136 978 3190 Pater
1060 3137 1264 3188 noster
1337 3131 1685 3196 Germanus,
1754 3130 2086 3201 imperante

2210 1943 2331 1998 γοις
2382 1922 2670 1998 κρατύνας,
2726 1922 2858 1986 τοὺς
2924 1921 2981 1980 δὶ
3054 1924 3357 1999 αίρετικοὺς
3411 1931 3510 1993 τῆς
3568 1923 3871 1993 ἐκκλησίας

2204 2012 2511 2083 ἀπελάσας,
2580 2010 2901 2085 ἐπεδήμησε
2982 2012 3071 2068 καί
3135 2017 3205 2087 τῇ
3268 2012 3871 2075 Κωνσταντινουπόλει,

2205 2100 2303 2158 Καὶ
2359 2102 2819 2176 καταναγκασθιίς
2886 2103 2990 2158 ὑπὸ
3069 2123 3168 2172 της
3226 2101 3485 2174 Εὐδοξίας
3543 2103 3864 2178 ὑπογράψαι

2203 2190 2280 2253 εἷς
2337 2192 2436 2261 τήν
2497 2189 2704 2265 ἐξορίαν
2784 2196 2884 2247 τοῦ
2962 2193 3376 2266 Χρυσοστόμου,
3453 2193 3553 2247 οὐκ
3609 2192 3862 2263 ἐπείσθη,

2199 2279 2571 2351 Ἀπειλούσης
2603 2278 2661 2336 ὃὶ
2704 2280 2893 2352 αὐτῆς,
2953 2281 3027 2343 ὡς
3087 2283 3134 2336 εἱ
3194 2282 3271 2351 μὴ
3329 2286 3489 2337 τοῦτο
3520 2284 3761 2352 ποιήσει,
3793 2283 3867 2337 τὰ

2201 2366 2405 2424 ε’ίδωλα
2462 2369 2709 2441 ἀνοίξειν,
2769 2371 3003 2432 πεισθεὶς
3065 2371 3359 2446 ὑπέγραψε.
3424 2372 3525 2427 Καὶ
3588 2371 3774 2443 μαθὼν
3834 2372 3867 2427 ὁ

2202 2458 2597 2532 Χρυσόστομος
2649 2463 2835 2524 τοῦτο,
2894 2453 3094 2535 ἔγραψε
3152 2462 3287 2532 πρὸς
3332 2458 3514 2514 αὐτόν’
3546 2463 3859 2538 Ἐπιφάνιε,

2198 2546 2314 2602 ἐπεὶ
2345 2548 2640 2622 συνῄνεσας
2689 2547 2765 2609 είς
2820 2548 2917 2615 τήν
2980 2548 3186 2623 ἐξορίαν
3242 2570 3369 2621 μου,
3426 2549 3491 2604 οὗ
3526 2551 3600 2622 μή
3631 2549 3859 2624 καθίσῃς

2200 2637 2289 2693 ἐπὶ
2344 2642 2442 2693 τοῦ
2497 2639 2692 2711 θρόνου
2751 2658 2868 2692 σου.
2942 2638 3003 2696 Ὀ
3063 2636 3121 2693 δὲ
3202 2636 3547 2713 ἀντέγραψεν,
3606 2638 3861 2709 Ἀθλητὰ

2196 2730 2451 2798 Ἰωάννη,
2504 2726 2691 2798 παίου,
2748 2727 2839 2783 καὶ
2898 2728 3040 2788 νίκα.
3100 2729 3231 2786 Εἶτα
3284 2726 3466 2784 πλέων
3528 2727 3603 2791 εἷς
3636 2729 3859 2802 Κύπρον

2199 2815 2547 2889 ἐτελεύτησεν
2574 2818 2626 2874 ἰν
2653 2822 2731 2890 τῷ
2760 2817 2961 2891 πλοίῳ.

2268 2933 2373 2992 Καὶ
2404 2935 2595 3007 μνήμη
2626 2937 2724 3009 τοῦ
2752 2932 2805 2988 ὲν
2839 2932 3017 3009 ἁγίοις
3064 2933 3272 3005 Πατρὸς
3308 2936 3471 3009 ἡμῶν
3500 2939 3782 3007 Γερμανοῦ

2502 3007 2848 3080 πατριάρχου
2882 3007 3532 3068 Κωνσταντινουπόλεως.

2267 3123 2541 3201 Γερμανὸς
2593 3124 2621 3179 6
2678 3123 2729 3179 ἰν
2791 3124 2968 3200 ἁγίοις
3024 3126 3208 3199 Πατήρ
3257 3126 3444 3197 ἡμῶν,
3477 3124 3721 3199 ὑπῆρχεν
3753 3122 3845 3179 ἐπὶ

425 3225 722 3287 Heraclio,
751 3224 865 3278 fuit
919 3223 1079 3277 filius
1133 3220 1448 3276 Iustiniani
1504 3218 1765 3284 Patricii,
1796 3235 1975 3290 quem
2006 3218 2079 3273 ob

2201 3222 2289 3284 τῆς
2349 3212 2626 3290 βασιλείας
2680 3211 3029 3287 Ἡρακλείου,
3107 3214 3222 3271 υἱὸς
3282 3216 3671 3272 Ἰουστινιανοῦ
3728 3215 3843 3272 Πα-

428 3313 715 3369 invidiam
749 3311 1000 3366 Heraclii
1034 3310 1193 3364 filius
1231 3308 1468 3375 occidit,
1500 3310 1816 3381 ipsumque
1847 3308 2085 3363 Germa-

429 3418 575 3458 num
606 3401 947 3456 eunuchum
997 3399 1127 3455 fieri
1176 3398 1423 3463 curavit,
1457 3414 1525 3454 ac
1556 3399 1775 3469 Magnae
1807 3397 2086 3453 Ecclesia

427 3490 586 3546 clero
619 3488 901 3562 praefecit.
940 3489 1047 3544 Ille
1090 3504 1225 3543 vero
1280 3488 1540 3559 primum
1574 3486 1814 3558 quidem
1848 3503 1909 3542 se
1941 3486 2086 3541 divi-

430 3596 643 3637 narum
675 3578 1115 3650 Scripturarum
1156 3576 1526 3633 meditationi
1576 3574 1821 3642 addixit,
1855 3580 1914 3631 et
1942 3575 2086 3630 reli-

422 3670 601 3743 giosas
636 3667 1074 3735 exercitationi,
1134 3683 1203 3722 ac
1258 3666 1490 3722 ceteris
1538 3664 1854 3721 virtutibus
1879 3666 2080 3736 acqui-

420 3757 628 3813 rendis
695 3774 825 3812 sese
884 3763 1073 3813 totum
1130 3755 1444 3829 impendit.
1505 3756 1716 3810 Postea
1773 3755 2084 3827 episcopus

424 3848 718 3920 Cyzicena
748 3847 1015 3903 ecclesiae
1047 3846 1355 3903 ordinatus
1388 3850 1493 3900 est.
1534 3844 1751 3900 Deinde
1783 3861 1853 3899 ex
1884 3845 2084 3915 Cyzico

425 3938 773 3997 translatus.
806 3937 882 3991 ad
913 3936 1254 3992 cathedram
1278 3934 1823 4006 Constantinopolis
1852 3941 2085 3989 evectus

421 4024 556 4090 fuit,
588 4026 923 4095 patriarcha
952 4025 1165 4079 factus.
1212 4023 1295 4079 lbi
1341 4038 1449 4078 sua
1499 4022 1771 4077 doctrina
1796 4023 2082 4093 populum

425 4112 805 4172 illuminavit,
838 4118 1016 4182 atque
1048 4111 1261 4167 altiora
1283 4110 1616 4166 divinarum
1646 4110 2083 4182 Scripturarum

422 4217 645 4256 arcana
672 4200 966 4271 exposuit,
1026 4206 1083 4255 et
1139 4216 1326 4270 usque
1385 4199 1458 4254 ad
1509 4199 1827 4270 imperium
1874 4200 2082 4255 Leonis

420 4288 667 4346 Isaurici
730 4288 1069 4359 perstituit:
1134 4303 1313 4358 quem
1373 4304 1507 4342 cum
1563 4304 1761 4343 sacras
1790 4288 2081 4357 imagines

422 4383 795 4435 aversantem
851 4376 1113 4439 vidisset,
1176 4392 1434 4446 eumque
1483 4392 1676 4448 neque
1730 4376 2080 4445 rationibus,

422 4484 618 4540 neque
645 4465 1164 4523 adhortationibus
1185 4464 1258 4521 ab
1284 4466 1495 4521 haeresi
1518 4481 1765 4521 avocare
1792 4467 2083 4536 potuisset

2189 3302 2428 3381 τρικίου·
2490 3302 2547 3359 6'v
2609 3300 2699 3358 διὰ
2751 3303 2947 3378 φθόνον
3008 3305 3035 3360 6
3095 3309 3193 3360 τοῦ
3249 3303 3577 3379 Ἡρακλείου
3603 3306 3721 3369 υἱὸς
3752 3326 3853 3382 φο-

2191 3395 2399 3459 νεύσας,
2430 3396 2620 3449 τοῦτον
2674 3392 2982 3469 εύνούχισε,
3036 3393 3125 3449 καὶ
3176 3399 3257 3467 τῷ
3304 3393 3500 3469 κλήρῳ
3541 3401 3641 3463 τῆς
3670 3395 3852 3469 Μεγά-

2193 3483 2300 3555 λης
2358 3482 2687 3555 Ἢκκλησίας
2746 3485 3013 3558 ἀνέταξεν.
3072 3487 3134 3543 Ὁ
3194 3484 3251 3541 δὲ
3304 3491 3520 3560 πρῶτον
3583 3486 3677 3559 μὶν
3728 3485 3849 3541 ἑπι-

2194 3571 2320 3636 δοὺς
2367 3574 2551 3629 ὶαυτὸν
2610 3577 2680 3647 τῇ
2742 3573 2942 3648 μελέτῃ
2992 3579 3099 3630 τῶν
3160 3574 3317 3629 θείων
3366 3579 3615 3649 Γραφῶν,
3657 3575 3747 3629 καὶ
3778 3578 3848 3649 τῇ

2194 3664 2416 3733 ἀσκήσει
2492 3663 2581 3718 καὶ
2658 3662 2831 3736 λοιπῇ
2909 3662 3098 3738 ἀρετῇ.
3158 3664 3376 3738 ὕστερον
3447 3665 3845 3740 ἐχειροτονήθη

2192 3753 2487 3814 ὶπίσκοπος
2548 3759 2647 3821 τῆς
2705 3751 2756 3807 ἦν
2815 3753 3027 3826 Κυζίκῳ
3086 3753 3401 3821 ἐκκλησίας.
3462 3755 3597 3811 Ἀπὸ
3650 3752 3707 3810 δὲ
3748 3761 3851 3824 τῆς

2193 3845 2428 3916 Κυζίκου
2469 3845 2771 3918 μετατιθεὶς
2828 3846 2915 3901 ἐπὶ
2965 3848 3066 3916 τὴν
3120 3845 3380 3921 καθέδραν
3424 3854 3523 3916 τῆς
3558 3853 3853 3904 Κωνσταν-

2188 3931 2560 3997 τινουπὸλεως
2634 3934 2876 4011 ἀνήχθη,
2953 3938 3300 4011 πατριάρχης
3365 3936 3678 4011 γενόμενος.
3741 3937 3848 3995 Καὶ

2188 4028 2257 4097 τῇ
2287 4021 2608 4095 διδασκαλίᾳ
2636 4026 2801 4079 αὐτοῦ
2856 4024 2946 4080 τὸν
3000 4023 3132 4080 λαὸν
3190 4025 3451 4101 φωτίσας,
3504 4026 3593 4080 καὶ
3645 4026 3714 4080 τὰ
3746 4026 3850 4102 βα-

2193 4114 2390 4190 θύτερα
2441 4118 2548 4168 τῶν
2620 4114 2777 4168 θείων
2863 4119 3087 4192 Γραφῶν
3170 4114 3505 4188 ἑρμηνεύων,
3593 4113 3852 4190 διήρκεσε

2194 4206 2359 4282 μέχρι
2402 4211 2504 4272 τῆς
2537 4206 2816 4282 βασιλείας
2874 4206 3103 4269 Λέοντος
3166 4211 3262 4262 τοῦ
3323 4207 3588 4280 Ἰσαύρου,
3622 4206 3679 4262 δν
3716 4205 3849 4263 ἰδὼν

2187 4296 2283 4359 τὰς
2336 4296 2478 4358 θείας
2540 4291 2750 4360 εἰκόνας
2806 4296 3306 4373 ἀποστρεφόμενον,
3356 4296 3445 4350 καὶ
3481 4300 3622 4368 μήτε
3654 4295 3855 4372 λόγοις

2192 4387 2331 4458 μήτε
2386 4385 2731 4459 παραινέσεσι
2792 4384 3037 4455 δυνηθεὶς
3098 4392 3279 4441 πεῖσαι
3337 4385 3496 4441 αὐτὸν
3542 4387 3850 4455 ἀποστῆναι

2185 4481 2289 4544 τῆς
2319 4474 2603 4548 αἱρέσεως,
2636 4474 2748 4539 θεὶς
2773 4477 2836 4530 τὸ
2890 4474 3211 4550 ὠμοφόριον
3246 4475 3411 4530 αὐτοῦ
3442 4474 3527 4530 ἐπὶ
3556 4482 3655 4542 τῆς
3689 4475 3851 4549 ἁγίας

420 4558 835 4631 homophorio,
870 4558 982 4612 hoc
1027 4562 1137 4620 est,
1198 4555 1402 4628 pallio,
1459 4572 1642 4627 super
1672 4571 1841 4611 sacra
1871 4572 2078 4611 mensa

2201 4571 2487 4642 τραπέζης,
2542 4572 2789 4626 ἀπελθὼν
2844 4571 2895 4626 ἐν
2956 4576 3035 4644 τῷ
3113 4572 3247 4646 οἷ’κῳ
3302 4573 3486 4641 αὐτοῦ,
3546 4575 3844 4646 ἡσύχαζεν·

419 4648 712 4721 deposito,
745 4647 819 4703 ad
876 4646 1179 4719 propriam
1239 4645 1482 4701 domum
1524 4644 1691 4708 abiit.
1727 4651 1785 4701 et
1814 4645 2073 4717 quietam

422 4739 600 4793 vitam
626 4740 781 4812 egit:
814 4736 913 4792 ubi
944 4752 1149 4808 preces
1180 4735 1296 4791 Deo
1328 4734 1565 4791 assidue
1590 4736 1867 4804 offerens,
1891 4751 2075 4790 nona-

426 4831 705 4906 genarius
734 4829 811 4887 ad
840 4830 1025 4885 Deum
1057 4827 1346 4901 migravit.

986 4946 1227 5002 EODEM
1268 4944 1517 5001 MENSE.

950 5035 1053 5089 Die
1085 5033 1317 5089 decima
1358 5033 1550 5089 tertia.

678 5125 968 5181 Certamen
998 5129 1201 5179 sancta
1240 5122 1514 5191 Glyceriae
1541 5126 1823 5197 martyris.

498 5238 766 5312 Glyceria
794 5237 1012 5292 Christi
1047 5240 1271 5305 martyr
1318 5234 1449 5298 fuit.
1486 5237 1851 5309 temporibus
1881 5242 2075 5294 Anto-

423 5329 552 5385 nini
585 5325 959 5399 imperatoris
981 5330 1041 5379 et
1064 5323 1262 5379 Sabini
1289 5324 1577 5396 praesidis.
1613 5326 1675 5381 in
1702 5327 2077 5399 Trajanopoli

422 5419 683 5475 Thraciae
706 5417 1028 5473 urbe.Cum
1052 5418 1251 5469 autem
1275 5413 1529 5485 quadam
1548 5414 1642 5469 die
1665 5432 1884 5486 praeses
1903 5417 2078 5473 idolis

422 5508 805 5573 sacriﬁcaret,
838 5506 966 5577 ipsa
998 5503 1333 5559 venerando
1362 5503 1555 5559 crucis
1599 5504 1765 5576 signo
1794 5504 1856 5560 in
1885 5505 2077 5563 fronte

422 5599 674 5667 munita,
705 5596 781 5654 ad
839 5612 977 5654 eum
1035 5594 1310 5659 accessit,
1342 5593 1738 5653 Christianam
1765 5610 1895 5651 sese
1927 5612 2079 5666 esse,

428 5705 497 5746 ac
524 5688 809 5747 famulam
842 5686 1055 5743 Christi
1091 5685 1374 5757 professa.
1426 5686 1583 5740 Tunc
1617 5684 1894 5743 hortante
1924 5703 2073 5759 prae-

2189 4656 2241 4714 ὲν
2272 4660 2318 4732 ᾧ
2346 4665 2425 4732 τῷ
2477 4665 2596 4733 Θεῷ
2651 4662 3122 4738 προσευχόμενος,
3176 4663 3314 4738 πρὸς
3359 4664 3486 4718 Θεὸν
3518 4657 3850 4747 ὲξεδήμησε,

2189 4750 2401 4825 χρόνων
2437 4749 2811 4820 ἰννενήκοντα.

2738 4959 2913 5013 ΜΗΝΙ
2952 4960 3039 5015 ΤΩ
3084 4960 3285 5017 ΑΥΤΩ.

2989 5047 3049 5101 Π.

2366 5132 2633 5197 Ἀθλησις
2686 5141 2785 5204 τῆς
2825 5136 2980 5211 ἁγίας
3022 5138 3298 5212 μάρτυρος
3352 5137 3667 5215 Γλυκερίας.

2260 5242 2548 5319 Γλυκερία,
2625 5245 2661 5313 ἡ
2733 5248 2830 5299 τοῦ
2914 5245 3149 5318 Χριστοῦ
3210 5244 3439 5321 μάρτυς,
3491 5248 3557 5316 ἦν
3620 5247 3672 5302 ἐν
3727 5253 3849 5310 τοῖς

2190 5332 2417 5407 χρόνοις
2448 5332 2763 5389 ’Λντωνίνου
2816 5338 2912 5387 τοῦ
2973 5334 3243 5408 βασιλέως
3299 5336 3390 5390 καὶ
3452 5331 3688 5391 Σαϐίνου
3718 5339 3849 5412 ἡγε-

2191 5421 2376 5494 μόνος,
2414 5420 2467 5476 ἰν
2518 5422 2953 5495 Τραϊανουπόλει
3011 5425 3109 5491 τῆς
3166 5425 3402 5498 Θρᾴκης.
3460 5426 3694 5485 Θᾶοντος
3752 5425 3849 5481 οὖν

2185 5514 2282 5565 τοῦ
2314 5510 2587 5585 ἡγεμόνος
2638 5516 2757 5573 τοῖς
2815 5509 3090 5576 εἰδώλοις.
3150 5510 3285 5583 αίῖτη
3334 5513 3421 5568 ἐπὶ
3453 5518 3550 5570 τοῦ
3584 5534 3849 5587 μετωπου

2187 5600 2357 5666 αὐτῆς
2415 5598 2761 5675 ἐπιγράψασα
2802 5601 2895 5656 τὸν
2968 5602 3152 5675 τίμιον
3214 5605 3467 5680 σταυρὸν,
3524 5603 3661 5674 ἦλθε
3712 5605 3855 5679 πρὸς

2186 5689 2275 5743 τὸν
2345 5688 2615 5763 ἡγεμόνα,
2674 5691 3000 5764 Χριστιανὴν
3061 5691 3254 5762 ἑαυτὴν
3316 5693 3406 5747 καὶ
3483 5691 3687 5763 δούλην
3747 5698 3848 5749 τοῦ
