4134 6302
286 370 396 434 453

1839 366 2098 428 MAIUS.

3575 377 3696 436 ιδε

288 498 515 577 Χριστοῦ
547 496 725 571 ὄνομά
771 516 928 553 σασα.
988 496 1091 554 Καὶ
1143 500 1239 551 τοῦ
1291 493 1567 570 ἡγεμόνος
1612 497 1935 565 παραινοῦν-

2069 494 2202 564 side,
2225 501 2292 554 ut
2311 498 2440 569 ipsa
2460 497 2839 565 sacrificaret,
2864 498 3159 556 idolorum
3180 502 3385 559 fanum
3406 504 3699 576 ingressa,

288 612 374 653 τος
411 590 552 663 αὐτῇ
585 589 768 653 θῦσαι,
824 585 1140 641 εἰσελθοῦσα
1174 583 1223 637 έν
1256 588 1334 655 τῷ
1362 588 1491 656 ηναῷ
1543 586 1651 637 τῶν
1699 580 1945 638 εἰδώλων

302 682 387 736 καὶ
419 679 685 751 εὐξαμένῃ
714 682 795 749 τῷ
829 680 1075 752 Χριστῷ,
1126 668 1391 730 κατέϐαλε
1438 674 1501 729 τὸ
1553 676 1650 727 τοῦ
1698 673 1820 735 Διὸς
1873 671 1952 728 εἴ-

302 769 473 826 δωλον
528 768 621 823 καὶ
680 769 984 839 συνέτριψε.
1044 765 1141 819 Δια
1213 768 1376 819 τοῦτο
1449 766 1810 836 κρεμασθεῖσα
1894 762 1954 818 ἐκ

298 863 525 933 τριχῶν,
586 856 771 929 ἰξέσθη
833 852 1102 926 σιδήροις.
1184 855 1317 909 Εἶτα
1400 850 1820 907 ἀποκλεισθεῖσα
1877 849 1950 911 εἰς

304 946 577 1024 φυλακὴν,
636 944 885 1019 ἐτρέφετο
946 942 1034 995 ὑπ’
1092 938 1341 1015 ἀνγέλου.
1403 941 1535 997 Εἶτα
1590 940 1649 995 έκ
1706 938 1952 1017 φυλακῆς

299 1031 650 1103 έκϐληθεῖσα,
707 1027 976 1101 ἐνεϐλήθη
1038 1030 1114 1093 εἰς
1172 1029 1401 1102 κάμινον
1460 1029 1651 1104 πυρός’
1709 1028 1801 1082 καὶ
1856 1025 1952 1080 τοῦ

302 1126 474 1199 πυρὸς
510 1123 615 1179 ὑπὸ
649 1122 793 1186 θείας
853 1119 1049 1197 δρόσου
1102 1115 1438 1187 σϐεσθέντος,
1499 1118 1721 1189 ἐξῆλθεν
1776 1112 1950 1171 ἀϐλα-

298 1209 417 1285 ϐής.
454 1215 589 1270 Εἶτα
619 1209 841 1284 έξεδάρη
898 1212 998 1280 τήν
1057 1208 1321 1287 κεφαλήν·
1383 1209 1471 1263 καὶ
1527 1206 1953 1271 ἀποκλεισθεῖσα

296 1303 369 1366 εἷς
423 1301 674 1380 φυλακὴν
731 1300 823 1354 καὶ
903 1297 1160 1375 ὑγιάνασα
1250 1298 1353 1353 ὑπὸ
1434 1296 1699 1372 ἀγγέλου,
1787 1314 1955 1369 παρε-

301 1392 523 1448 σκεύασε
578 1392 670 1447 τὸν
731 1388 1121 1467 δεσμοφύλακα
1202 1393 1485 1444 πιστεῦσαι
1554 1392 1633 1460 τῷ
1711 1390 1951 1463 Χριστῷ⁶

300 1483 446 1546 ὅστις
484 1480 790 1555 παραυτίκα
845 1477 1281 1557 ἆπεκεφαλίσθη.
1339 1479 1403 1535 Ἠ
1465 1474 1523 1532 δὲ
1578 1476 1707 1551 ἁγία
1762 1478 1952 1550 θηριο-

306 1573 600 1647 μαχήσασα
630 1569 948 1639 έθελειώθη.
982 1569 1083 1626 Καὶ
1117 1566 1370 1637 κατετέθη
1403 1566 1467 1621 τὸ
1498 1564 1752 1639 λείψανον
1784 1563 1952 1633 αὐτῆς

297 1660 347 1717 ἰν
379 1658 680 1736 Ἡρακλείᾳ
706 1666 806 1728 τῆς
840 1665 1076 1734 Θρᾳκης.

429 1788 533 1844 Καὶ
569 1785 800 1856 ἄθλησις
824 1790 921 1840 τοῦ
951 1784 1105 1862 ἁγίου
1140 1786 1412 1859 μάρτυρος
1444 1779 1829 1858 Ἀλεξάνδρου.

372 1900 751 1976 Ἀλέξανδρος,
780 1902 808 1957 ὁ
857 1905 953 1956 τοῦ
1011 1904 1261 1975 Χριστοῦ
1310 1900 1538 1976 μάρτυς,
1587 1898 1654 1968 ἦν
1702 1898 1795 1970 μὶν
1855 1895 1944 1951 ἐπὶ
1977 1885 2023 1949 Β

298 2002 398 2064 τῆς
452 1991 731 2055 Βασιλείας
789 1992 1132 2062 Μαξιμιανοῦ
1189 1988 1611 2062 στρατευόμενος
1660 1982 1761 2043 ὑπὸ
1809 1993 1950 2042 Νου-

304 2086 543 2157 μεριανῷ
572 2081 800 2152 κόμη-ει.
850 2081 1080 2141 Θύοντος
1130 2077 1188 2133 δὲ
1237 2084 1353 2142 τοῖς
1401 2076 1660 2138 εἰδώλοις
1716 2080 1814 2130 τοῦ
1864 2075 1953 2129 κό-

304 2194 479 2245 μητος
515 2172 649 2245 μετὰ
676 2174 773 2225 τοῦ
806 2170 895 2225 ὑπ’
940 2169 1100 2223 αὐτὸν
1146 2178 1447 2244 τάγματος,
1501 2167 1667 2240 μόνος
1703 2165 1730 2219 ό
1767 2163 1953 2237 Ἀλέξ-

302 2261 498 2337 ανδρος
532 2261 593 2316 ού
645 2259 814 2334 μόνον
867 2258 967 2313 ούκ
1020 2257 1240 2327 ἐπείσθη
1296 2262 1473 2324 θῦσαι,
1523 2255 1668 2310 ἀλλὰ
1715 2254 1801 2309 καὶ
1860 2255 1950 2309 τὸν

294 2351 536 2423 κόμητα,
569 2348 659 2403 καὶ
705 2348 832 2409 τοὺς
880 2346 973 2401 συν
1025 2346 1173 2418 αὐτῷ
1224 2344 1681 2417 πεπλανημένους
1731 2341 1955 2398 ἐκάλεσε

298 2441 392 2497 καὶ
427 2438 703 2511 δαιμόνων
737 2436 1054 2512 λατρευτάς.
1098 2434 1398 2510 Κρατηθείς
1442 2434 1560 2503 οὖν,
1608 2430 1760 2509 ἤχθη
1818 2431 1953 2508 πρὸς

300 2527 668 2603 Μαξιμιανὸν,
714 2528 805 2580 καὶ
865 2525 1182 2600 ἐρωτηθεὶς,
1240 2524 1330 2578 καὶ
1388 2525 1478 2578 τὸν
1529 2523 1756 2599 Χριστὸν
1816 2522 1954 2594 ὁμο-

304 2619 574 2695 λογήσας,
633 2615 833 2690 έτύφθη
892 2612 1166 2691 σφοδρῶς.
1226 2612 1359 2670 Εἶτα
1438 2611 1800 2687 παρεπέμφθη
1858 2612 1953 2666 Τι·

304 2702 539 2782 ϐεριανῷ
597 2705 850 2779 ἐπάρχῳ,
907 2708 1265 2777 τιμωρεῖσθαι
1321 2701 1457 2755 κατᾶ
1510 2702 1608 2769 τήν
1666 2698 1789 2753 ὁδὸν
1850 2698 1955 2753 ἀπὸ

305 2799 529 2870 Ῥώμης
605 2797 769 2870 μέχρι
856 2792 1174 2863 Βυζαντίου.
1263 2791 1359 2845 Καὶ
1437 2795 1652 2864 πρῶτον
1715 2788 1812 2861 μὲν
1864 2788 1955 2850 τας

306 2885 543 2957 πλευρὰς
628 2888 711 2955 τῷ
796 2883 926 2955 πυρὶ
1008 2879 1378 2958 κατεφλέχθη’
1468 2876 1653 2933 ἔπειτα
1736 2871 1956 2953 ῥάϐδοις

315 2974 613 3039 ἀκανθίνοις
646 2971 872 3046 έτύφθη,
924 2978 1023 3040 τῆς
1080 2971 1288 3043 μητρὸς
1334 2968 1498 3023 αὐτοῦ
1549 2968 1957 3035 ἀκολουθούσης

308 3065 391 3119 καὶ
421 3060 947 3139 προθυμοποιούσης
976 3059 1162 3117 αὐτόν.
1223 3057 1446 3133 Ἀχθείς
1501 3054 1558 3112 δί
1609 3055 1687 3119 εἴς
1737 3057 1957 3131 Βέροιαν

304 3152 550 3223 δέσμιος,
582 3150 673 3206 καὶ
735 3147 822 3205 διὰ
881 3154 1194 3225 προσευχῆς
1248 3144 1394 3223 ὕδωρ
1454 3145 1754 3222 ἐξαγαγὼν,
1812 3143 1960 3200 πολ-

306 3242 441 3306 λούς
494 3247 605 3298 τῶν
661 3238 1082 3316 εἷδωλολατρῶν
1132 3236 1309 3293 ἔπεισε
1359 3241 1638 3292 πιστεῦσαι
1685 3241 1764 3309 τῷ
1821 3243 1955 3312 Χρι-
1990 3248 2031 3313 C

302 3339 437 3407 στῶ·
470 3334 561 3387 καὶ
590 3332 883 3407 γενόμενος
909 3329 961 3384 έν
1004 3327 1321 3404 Δριζιπάρῳ
1364 3325 1524 3382 πόλει
1570 3330 1668 3393 τῆς
1722 3325 1956 3402 Θρᾴκης,

299 3426 400 3493 τὴν
434 3422 528 3479 διὰ
555 3423 740 3500 ξίφους
771 3419 985 3493 ἐδέξατο
1016 3421 1298 3489 τελευτήν.

411 3586 517 3644 Καὶ
549 3585 743 3657 μνήμη
777 3586 871 3638 τοῦ
902 3582 1057 3657 ἁγίου
1091 3579 1316 3657 Σεργίου
1346 3583 1444 3635 τοῦ
1475 3578 1851 3655 ὂμολογητσῦ.

380 3695 633 3768 Σέργιος,
670 3693 821 3747 ὁτοῦ
866 3691 1102 3766 Χριστοῦ
1162 3686 1546 3763 ὁμολογητής,
1596 3688 1815 3763 ὑπῆρχε
1864 3688 1956 3761 μὶν

311 3782 544 3857 εὐγενῶν
604 3782 694 3836 καὶ
751 3778 1027 3835 πλουσίων
1106 3781 1306 3853 γονέων
1390 3777 1507 3838 υἱὸς
1565 3776 1617 3831 ἐν
1673 3783 1962 3833 Κωνσταν-

310 3871 633 3927 τινουπόλει
668 3868 966 3944 γεννηθείς·
1026 3871 1342 3940 προσκυνῶν
1405 3863 1462 3920 δὲ
1515 3866 1611 3926 τὰς
1668 3866 1813 3930 θείας
1872 3862 1963 3920 καὶ

309 3962 507 4023 σεπτᾶς
558 3960 792 4029 εἰκόνας,
852 3958 1123 4030 ἐκρατήθη
1174 3956 1323 4031 παρὰ
1374 3960 1483 4010 τῶν
1543 3955 1961 4031 Εἷκονομάχων.

314 4046 721 4125 Καῖπαραστᾶς
760 4053 841 4120 τῷ
896 4047 1198 4121 παρανόμῳ
1262 4044 1477 4121 βασιλεῖ
1532 4046 1745 4115 Λέοντι,
1804 4062 1966 4114 κατη-

314 4138 605 4215 ναγκάζετο
664 4137 795 4192 ποτὶ
856 4137 952 4210 μὶν
1018 4133 1357 4203 κολακείαις,
1416 4134 1547 4188 ποτὶ
1597 4130 1655 4188 δὲ
1711 4135 1962 4197 ἀπειλαῖς

315 4230 570 4296 ἀθετῆσαι
599 4228 698 4296 τὴν
754 4224 1123 4302 προσκύνησιν
1174 4227 1282 4278 τῶν
1342 4222 1505 4299 ἁγίων
1564 4222 1806 4279 εἰκόνων.
1870 4224 1963 4293 Μὴ

318 4321 555 4381 πεισθεὶς
589 4314 667 4388 δὲ,
698 4314 845 4371 ἀλλᾶ
885 4312 1244 4389 λογισάμενον
1276 4312 1364 4367 τὸν
1407 4313 1667 4387 τύραννον
1716 4312 1789 4375 ὡς
1842 4310 1966 4390 βδέ-

321 4408 527 4482 λυγμα,
558 4407 647 4462 καὶ
679 4406 806 4468 τοὺς
835 4404 1035 4480 λόγους
1067 4402 1253 4473 αὐτοῦ,
1283 4401 1372 4457 καὶ
1402 4404 1496 4464 τὰς
1521 4401 1747 4464 ἀπειλάς
1775 4403 1848 4465 ὡς
1870 4401 1970 4473 λῆ-

324 4518 412 4573 ρον
473 4498 845 4571 ἡγησάμενος,
902 4492 1183 4569 παρῥησίᾳ
1239 4486 1411 4567 ἔλεγε,
1472 4488 1581 4545 δεῖν
1645 4498 1967 4566 προσκυνεῖν

321 4588 414 4651 τάς
467 4587 656 4659 τιμίας
713 4584 949 4650 εἰκόνας,
1005 4583 1095 4636 καὶ
1152 4585 1317 4653 τιμᾷν
1376 4580 1538 4641 αὐτας
1599 4580 1771 4635 πάντα
1830 4584 1964 4655 Χρι-

325 4676 531 4731 στιανὸν
566 4679 860 4750 σχετικῶς,
891 4674 965 4734 ὡς
992 4678 1091 4740 τῆς
1122 4677 1290 4743 τιμῆς
1321 4664 1705 4740 διαϐαινούσης
1735 4670 1822 4724 ἐπὶ
1868 4671 1959 4726 τὸν

319 4765 695 4839 πρωτότυπον.
757 4761 896 4820 Τότε
954 4757 1127 4823 δεθεὶς
1186 4759 1421 4833 σχοινίῳ
1476 4758 1567 4812 τὸν
1654 4758 1959 4834 τράχηλον,

316 4854 525 4927 ἰσύρετο
552 4853 634 4909 ἔπ’
665 4852 869 4927 ἀγορᾶς
899 4850 975 4912 ὡς
1004 4846 1333 4923 κακοῦργος.
1369 4850 1500 4904 Εἶτα
1552 4847 1771 4922 φυλακῇ
1822 4870 1961 4925 παρ-

319 4941 495 5014 εδόθηο
536 4944 623 4998 καὶ
677 4939 993 5013 δημευθεὶς,
1051 4938 1142 4992 καὶ
1199 4937 1505 5011 γυμνωθεὶς
1558 4941 1657 4991 τοῦ
1712 4938 1961 4993 πλούτου

320 5033 499 5102 αὐτοῦ,
535 5031 670 5105 μετα
696 5036 797 5099 τῆς
844 5027 1098 5105 γυναικὸς
1154 5026 1322 5083 αὐτοῦ
1393 5024 1655 5098 Εἰρήνης,
1714 5028 1803 5080 καὶ
1852 5031 1959 5081 τῶν

316 5121 530 5193 τέκνων,
586 5118 872 5193 ἰξωρίσθη.
924 5120 1089 5180 Ἔνθα
1143 5111 1357 5176 πολλὰς
1413 5114 1626 5187 θλίψεις
1684 5116 1775 5169 καὶ
1832 5136 1955 5171 ποι-

316 5210 496 5272 κίλους
550 5206 886 5282 πειρασμοὺς
941 5203 1263 5278 ὑπομείνας,
1316 5203 1453 5278 πρὸς
1526 5203 1721 5278 Κύριον
1783 5202 1960 5276 ἐξεδή-

324 5322 395 5371 μη
405 5321 489 5354 σεν
499 5342 513 5357 .

398 5415 497 5471 Καὶ
528 5416 723 5487 μνήμη
754 5416 852 5468 τοῦ
885 5413 1038 5467 ὁσίου
1072 5409 1282 5486 Πατρός
1312 5410 1472 5482 ἡμῶν
1507 5411 1873 5467 Παυσικᾶκου.

390 5530 721 5591 Παυσίκακος
755 5530 784 5583 ὁ
816 5530 870 5584 ἂν
902 5529 1072 5603 ἁγίοις
1135 5525 1318 5600 Πατὴρ
1364 5526 1525 5596 ἡμῶν
1586 5522 1807 5601 ὐμῆρχε
1860 5527 1953 5599 μὶν

316 5617 373 5676 έκ
426 5627 523 5691 τῆς
583 5618 800 5679 πόλεως
857 5616 1175 5689 Ἀπαμείας,
1258 5614 1315 5670 έκ
1392 5609 1593 5689 γονέων
1676 5617 1957 5689 γεννηθεὶς

310 5705 578 5765 εύλαϐῶν,
642 5708 849 5781 ’ἰατρὸς
908 5703 962 5760 δὲ
1023 5703 1093 5759 ῶν
1152 5706 1249 5773 τήν
1309 5704 1535 5778 τέχνην,
1618 5706 1952 5781 περιήρχετο

2055 592 2115 642 et
2142 588 2417 659 precibus
2457 589 2530 643 ad
2574 590 2870 644 Christum
2912 590 3081 657 fusis,
3129 590 3516 646 simulacrum
3546 594 3700 649 Jovis

2055 675 2289 747 dejecit.
2312 682 2369 733 et
2396 678 2688 732 contrivit.
2713 679 3108 743 Quamobrem
3132 680 3365 750 capillis
3389 698 3701 753 suspensa,

2053 765 2381 839 ferreisque
2415 769 2649 840 ungulis
2681 768 2985 834 dilaniata,
3017 770 3119 824 96
3146 770 3206 824 in
3238 788 3537 828 carcerem
3568 790 3708 830 con-

2047 856 2278 928 jicitur,
2334 857 2432 912 ubi
2492 858 2563 912 ab
2612 858 2820 931 angelo
2878 860 3157 929 pascitur.
3216 862 3357 915 Tum
3392 877 3424 916 e
3466 878 3703 919 carcere

2057 944 2288 1012 educta,
2323 946 2384 1001 in
2416 946 2725 1002 ardentem
2756 948 3056 1003 fornacem
3087 948 3432 1019 projicitur,
3467 951 3571 1005 sed
3603 968 3707 1006 ex-

2058 1034 2272 1089 stincto
2327 1051 2433 1107 per
2488 1053 2684 1091 rorem
2736 1037 2999 1092 divinum
3046 1037 3203 1109 igne.
3262 1038 3451 1093 illaesa
3495 1041 3712 1095 evadit.

2057 1126 2263 1178 Postea
2293 1124 2558 1179 detracta
2607 1126 2818 1197 capitis
2867 1126 3042 1197 pelle,
3095 1125 3289 1181 denuo
3323 1128 3381 1182 in
3414 1144 3715 1185 carcerem

2059 1212 2433 1269 detruditur:
2463 1214 2562 1268 ubi
2594 1214 2667 1269 ab
2689 1215 2901 1287 angelo
2925 1221 3151 1278 sanata,
3177 1217 3483 1271 custodem
3516 1234 3717 1274 carce-

2056 1302 2139 1357 ris
2193 1302 2269 1357 ad
2325 1302 2541 1358 Christi
2601 1303 2780 1358 ﬁdem
2840 1305 3150 1367 convertit,
3184 1305 3285 1376 qui
3332 1305 3493 1361 illico
3524 1308 3715 1379 capite

2059 1390 2465 1447 obtruncatur.
2499 1396 2570 1446 At
2600 1399 2803 1447 sancta
2832 1393 2973 1448 feris
3004 1393 3255 1464 objecta,
3291 1393 3467 1450 vitam
3502 1396 3710 1451 finivit:

2058 1486 2114 1536 et
2145 1481 2413 1552 reliquias
2447 1482 2578 1554 ejus
2625 1482 2685 1537 in
2736 1482 3022 1538 Heraclea
3059 1483 3318 1539 Thracia
3352 1483 3499 1540 urbe
3532 1485 3715 1558 depo-

2059 1570 2185 1625 sitis
2219 1575 2377 1625 sunt.

2271 1768 2339 1821 Et
2365 1772 2642 1821 certamen
2670 1769 2848 1823 sancti
2875 1768 3189 1824 Alexandri
3220 1771 3501 1840 martyris.

2134 1874 2467 1931 Alexander
2484 1875 2697 1930 Christi
2718 1881 2943 1948 martyr
2957 1876 3069 1931 fuit
3089 1882 3353 1948 tempore
3380 1876 3714 1934 Maximiani

2060 1964 2458 2035 imperatoris,
2486 1964 2804 2019 militarem
2836 1972 3022 2020 artem
3051 1982 3332 2021 exercens
3353 1967 3462 2021 sub
3493 1968 3711 2021 Nume-

2059 2053 2227 2108 riano
2259 2054 2494 2109 comite.
2528 2053 2672 2109 Cum
2696 2060 2895 2109 autem
2920 2072 3117 2111 comes
3139 2071 3259 2110 una
3281 2072 3414 2111 cum
3446 2056 3715 2126 subjecta

2062 2141 2173 2196 sibi
2230 2143 2470 2197 cohorte
2538 2143 2917 2211 sacriﬁcaret,
2978 2145 3140 2199 solus
3210 2144 3533 2201 Alexander
3591 2160 3712 2200 non

2063 2236 2292 2285 tantum
2323 2232 2497 2286 idolis
2555 2233 2890 2289 sacriﬁcare
2948 2235 3260 2296 recusavit,
3307 2250 3509 2288 verum
3537 2234 3715 2289 etiam

2063 2322 2342 2376 comitem
2401 2338 2536 2377 cum
2592 2322 2715 2376 suis
2782 2322 2958 2378 sociis
3012 2324 3321 2379 seductum
3377 2323 3716 2395 appellavit,

2065 2416 2123 2465 et
2175 2410 2514 2467 daemonum
2592 2412 2899 2467 cultorem.
2983 2413 3461 2484 Comprehensus
3518 2412 3717 2485 igitur,

2064 2499 2138 2554 ad
2194 2500 2621 2557 Maximianum
2701 2501 3061 2556 adducitur:
3141 2518 3209 2557 ac
3294 2503 3720 2574 interrogatus,

2065 2588 2486 2660 Christumque
2508 2589 2830 2661 professus.
2856 2590 3177 2646 crudeliter
3204 2590 3470 2646 caeditur.
3496 2590 3720 2647 Deinde

2066 2676 2375 2732 Tiberiano
2405 2678 2643 2750 μ’ωείᾱὶ
2678 2679 2948 2739 traditur.
2982 2686 3046 2733 ut
3078 2681 3392 2736 tormentis
3424 2681 3723 2735 cruciare-

2067 2770 2163 2820 tur
2191 2766 2252 2820 in
2283 2766 2498 2821 itinere
2529 2783 2598 2821 ex
2646 2767 2791 2821 urbe
2839 2770 3102 2823 Romana
3135 2770 3474 2840 Byzantium
3506 2785 3715 2840 usque.

2067 2858 2148 2910 Ac
2178 2855 2437 2926 primum
2469 2855 2709 2926 quidem
2759 2856 2893 2926 igne
2951 2856 3012 2910 in
3064 2856 3350 2912 lateribus
3385 2859 3716 2913 ustulatur:

2070 2944 2291 3016 spineis
2304 2944 2521 2998 deinde
2538 2944 2713 3016 virgis
2731 2943 3207 3007 caadidur,matre
3224 2946 3415 3017 ipsum
3433 2951 3719 3017 sequente

2068 3049 2135 3087 ac
2182 3039 2453 3104 prompto
2501 3032 2797 3104 hilarique
2846 3033 3045 3089 animo
3097 3050 3233 3089 eum
3282 3050 3412 3088 esse
3441 3034 3717 3105 jubente.

2068 3121 2368 3178 Adductus
2425 3128 2623 3178 autem
2684 3123 2946 3178 Bermam
3003 3123 3256 3188 vinctus,
3315 3140 3383 3179 ac
3441 3124 3720 3196 precibus

2070 3229 2286 3284 aquam
2317 3212 2671 3285 producens,
2704 3212 2923 3267 multos
2956 3229 3027 3268 ex
3065 3212 3397 3268 idololatris
3429 3213 3726 3285 persuasit

2070 3302 2249 3358 ﬁdem
2299 3302 2513 3358 Christi
2561 3302 2860 3375 amplecti.
2912 3303 3160 3358 Demum
3192 3320 3327 3359 cum
3362 3303 3720 3375 Driziparam

2066 3392 2327 3449 Thracia
2358 3393 2565 3448 urbem
2617 3393 2896 3461 venisset,
2928 3392 3123 3465 gladio
3167 3410 3507 3464 percussus,
3542 3393 3721 3449 tinem

2070 3482 2318 3555 accepit.

2244 3580 2341 3634 υτ
2379 3581 2446 3635 Et
2469 3595 2662 3635 memor
2680 3580 2735 3634 ia
2773 3581 2947 3634 sancti
2990 3580 3172 3649 Sergii
3201 3582 3538 3648 confessoris.

2140 3692 2394 3765 Sergius,
2428 3693 2642 3747 Christi
2666 3692 2991 3757 confessor,
3016 3694 3528 3765 Constantinopoli
3552 3693 3724 3749 nobio

2069 3782 2225 3838 libus
2256 3798 2322 3837 ac
2353 3781 2631 3837 divitibus
2664 3782 3010 3852 parentibus
3044 3789 3219 3837 natus
3251 3783 3379 3837 fuit.
3414 3786 3558 3839 Cum
3588 3799 3726 3838 vero

2068 3871 2296 3925 divinas
2326 3886 2393 3925 ac
2421 3871 2783 3925 venerandas
2815 3871 3105 3943 imagines
3136 3870 3378 3939 coleret,
3412 3872 3483 3926 ab
3516 3874 3721 3928 lcono-

2071 3959 2300 4015 machis
2314 3959 2880 4031 comprehensus,ad
2896 3960 3146 4031 impium
3160 3961 3577 4032 imperatorem
3594 3962 3731 4017 Leo-

2072 4064 2206 4103 nem
2233 4047 2566 4114 adducitur,
2589 4065 2623 4103 a
2646 4065 2762 4120 quo
2786 4049 2961 4103 modo
2985 4049 3314 4113 blanditiis,
3345 4049 3521 4106 modo
3545 4050 3725 4105 minis

2071 4153 2107 4193 a
2137 4153 2436 4192 sacrarum
2476 4137 2796 4209 imaginum
2824 4137 2986 4192 cultu
3027 4137 3303 4193 recedere
3337 4138 3737 4209 compelleba-

2072 4232 2185 4282 tur.
2222 4233 2287 4283 At
2309 4244 2442 4283 cum
2470 4244 2589 4283 non
2621 4227 3031 4290 assentiretur,
3053 4227 3157 4283 sed
3179 4230 3374 4301 potius
3408 4236 3723 4301 tyrannum

2071 4322 2357 4389 tanquam
2412 4334 2539 4373 rem
2588 4317 3049 4373 abominandam
3104 4324 3425 4390 reputaret,
3478 4322 3727 4392 ejusque

2073 4421 2380 4461 sermones
2412 4411 2471 4461 et
2501 4423 2694 4461 minas
2717 4423 2821 4478 pro
2850 4406 3036 4461 nihilo
3069 4405 3314 4473 ducens,
3341 4423 3573 4461 summa
3598 4409 3725 4462 ani-

2072 4494 2154 4548 mi
2190 4494 2407 4549 tiducia
2437 4494 2860 4565 pronuntiavit,
2894 4494 3259 4548 venerandas
3292 4495 3580 4565 imagines
3611 4494 3729 4549 coli

2076 4588 2370 4653 oportere,
2404 4588 2462 4637 et
2492 4582 2564 4637 ab
2598 4582 2876 4637 omnibus
2908 4582 3261 4637 Christianis
3292 4582 3502 4636 merito
3536 4585 3728 4637 hono-

2074 4672 2466 4744 rari,perinde
2490 4688 2557 4728 ac
2580 4673 2628 4727 si
2651 4674 2842 4726 honor
2862 4672 2963 4727 ille
2989 4678 3299 4743 prototypo
3322 4672 3725 4729 exhiberetur.

2072 4761 2217 4815 Tum
2247 4762 2384 4816 l'une
2416 4762 2544 4832 ejus
2592 4760 2743 4815 collo
2794 4760 3053 4833 alligato,
3102 4768 3385 4831 tanquam
3416 4760 3724 4816 maleficus

2072 4865 2139 4905 ac
2171 4850 2457 4905 scelestus
2488 4866 2595 4921 per
2613 4850 2839 4922 plateas
2871 4855 3202 4921 pertractus
3229 4850 3376 4904 fuit:
3412 4850 3627 4905 deinde
3662 4852 3723 4906 in

2071 4953 2370 4994 carcerem
2400 4938 2698 4999 detrusus,
2756 4954 2823 4994 ac
2880 4938 3114 5010 publice
3145 4955 3281 4994 reus
3310 4939 3717 5008 denuntiatus,

2072 5026 2407 5099 divitiisque
2438 5029 2559 5083 suis
2587 5027 2848 5094 orbatus,
2873 5044 2992 5083 una
3013 5044 3146 5083 cum
3178 5045 3359 5083 uxore
3392 5045 3498 5085 sua
3527 5032 3718 5097 lrene,

2070 5132 2138 5172 ac
2166 5116 2390 5178 liberis.
2419 5117 2480 5172 in
2513 5117 2786 5175 exsilium
2818 5118 3035 5173 missus
3065 5123 3191 5172 est:
3224 5116 3324 5172 ubi
3366 5134 3499 5173 cum
3530 5119 3716 5191 pluri-

2067 5222 2196 5264 mas
2231 5206 2642 5263 tribulationes
2673 5208 3050 5279 diversasque
3071 5223 3368 5263 aarumnas
3400 5209 3717 5265 sustinuis-

2070 5301 2178 5366 set,
2212 5297 2479 5369 migravit
2507 5296 2579 5352 ad
2612 5298 2950 5352 Dominum.

2210 5414 2277 5468 Et
2306 5415 2566 5469 memoria
2608 5416 2789 5469 sancti
2833 5416 3015 5471 Patris
3064 5416 3239 5469 nostri
3264 5414 3571 5471 Pausicaci.

2139 5531 2387 5586 Sanctus
2409 5532 2582 5587 Pater
2602 5537 2807 5587 noster
2828 5531 3181 5587 Pausicacus
3204 5547 3273 5586 ex
3296 5531 3442 5587 urbe
3465 5537 3720 5605 Apamea

2067 5619 2377 5684 oriundus,
2410 5620 2524 5693 piis
2556 5620 2902 5693 parentibus
2931 5627 3130 5679 natus.
3162 5635 3296 5675 cum
3348 5621 3719 5691 professione

2067 5709 2332 5765 medicus
2366 5715 2540 5776 esset,
2577 5708 2752 5765 urbes
2783 5724 2848 5763 ac
2883 5709 3153 5781 regiones
3179 5708 3720 5780 peragravit,aagro-
