4134 6302
425 389 540 448 455

1708 373 2144 437 MENOLOGII
2182 372 2392 435 PARS
2439 372 2540 435 lll.

3708 376 3828 436 456

414 526 506 576 tos
537 534 745 574 omnes
777 517 1000 587 absque
1049 514 1173 570 ulla
1230 512 1503 569 mercede
1529 510 1813 569 curando.
1848 507 2051 566 Deindt

2181 504 2276 567 τάς
2305 505 2494 569 πόλεις
2536 506 2625 561 καὶ
2673 509 2768 569 τάς
2828 507 3036 583 χώρας,
3098 507 3406 577 θεραπεύων
3454 508 3655 572 πάντας
3704 510 3832 574 τοὺς

419 607 711 665 mundum
744 605 880 660 odio
910 604 1156 661 habens.
1197 603 1532 674 Christique
1563 617 1765 657 amore
1794 598 2074 671 ﬂagrans,

417 701 483 755 In
516 698 818 770 quoddam
844 696 1269 751 monasterium
1303 711 1365 749 se
1397 694 1642 765 recepit,
1668 697 1726 746 et
1746 689 2075 747 monachus

416 788 607 842 factus
640 793 769 851 est;
802 792 979 857 atque
1010 783 1155 839 adeo
1178 784 1238 838 in
1271 783 1483 838 virtute
1514 777 2073 853 profecit,jejuniis,

416 877 653 949 vigiliis,
686 881 745 931 et
794 873 1052 931 assiduis
1106 874 1381 945 precibus
1428 888 1665 935 vacans,
1697 876 1763 925 ut
1798 867 2073 923 maximis

414 966 618 1040 gratiis
649 965 861 1036 dignus
884 964 1076 1017 fuerit.
1104 962 1280 1017 Cibus
1304 963 1391 1016 illi
1414 961 1526 1016 fuit
1556 960 1716 1016 solus
1754 960 1923 1029 isque
1950 972 2073 1013 mo-

416 1055 583 1110 dicus
614 1054 804 1125 panis,
838 1058 897 1108 et
926 1068 1081 1123 aqua
1131 1050 1426 1106 similiter.
1488 1048 1571 1105 0b
1630 1048 1818 1121 ipsius
1869 1051 2067 1101 autem

419 1144 697 1199 virtutem
717 1159 751 1198 a
768 1142 1009 1215 Cyriaco
1032 1140 1369 1211 patriarcha
1387 1136 2072 1209 Constantinopolitano,

416 1233 683 1305 quamvis
737 1232 976 1295 invitus,
1022 1229 1393 1301 Synadorum
1443 1229 1759 1299 episcopus
1802 1224 2072 1279 initiatus

416 1328 525 1387 est,
557 1320 889 1391 imperante
912 1319 1213 1378 Mauricio.
1234 1334 1411 1391 quem
1436 1322 1494 1371 et
1522 1317 1648 1388 ipse
1670 1330 1705 1369 a
1729 1312 2070 1385 gravissimo

414 1410 619 1466 morbo
665 1414 987 1465 curaverat.
1051 1410 1263 1463 Postea
1317 1405 1610 1462 creditum
1668 1404 1781 1459 sibi
1834 1416 2069 1477 gregem

410 1505 572 1555 recte
598 1499 959 1573 gubernans,
1008 1497 1148 1553 vixit
1195 1511 1384 1567 usque
1432 1494 1508 1550 ad
1554 1494 1867 1567 imperium
1899 1490 2067 1563 impii

412 1589 624 1646 Leonis
657 1587 1071 1643 Iconomachi:
1126 1593 1303 1658 atque
1356 1586 1417 1640 in
1466 1590 1731 1641 extrema
1762 1586 2065 1639 senectute

408 1678 681 1751 migravit
710 1676 783 1733 ad
821 1677 1159 1733 Dominum.

967 1880 1210 1937 EODEM
1250 1878 1506 1936 MENSE.

902 1971 1006 2026 Die
1055 1970 1286 2026 decima
1328 1974 1557 2041 quarta.

637 2061 740 2119 98
775 2062 1060 2119 Certamen
1086 2061 1265 2116 sancti
1302 2060 1505 2115 Isidori
1526 2057 1811 2129 martyris.

464 2205 728 2264 Isidorus
758 2205 974 2260 Christi
1006 2208 1249 2274 martyr,
1273 2202 1448 2259 Decio
1480 2198 1953 2272 imperante,fuit
1984 2214 2056 2256 ex

397 2298 544 2353 urbe
566 2293 1110 2351 Alexandriaeﬂum
1136 2308 1271 2348 vero
1292 2291 1552 2363 optionis
1585 2305 1828 2347 munere
1858 2289 1921 2344 in
1946 2289 2056 2346 mi-

397 2387 529 2445 litia
558 2386 921 2453 fungeretur,
957 2383 1019 2439 in
1060 2381 1321 2437 insulam
1350 2380 1561 2437 Chium
1591 2378 1891 2450 profectus
1920 2394 2056 2435 cum

402 2476 593 2533 classe
640 2474 901 2539 navium,
947 2472 1166 2544 quibus
1215 2470 1526 2526 Numerius
1575 2474 1847 2541 praeerat,
1898 2468 2056 2539 apud

403 2564 564 2622 hunc
587 2581 623 2621 a
646 2564 800 2620 Julio
825 2562 1172 2618 centurione
1198 2559 1430 2616 delatus
1456 2564 1565 2621 est,
1590 2557 1744 2629 quod
1769 2556 2051 2613 Christia-

401 2671 516 2711 nus
548 2658 723 2710 esset.
757 2652 1233 2723 Comprehensus
1253 2650 1450 2722 igitur,
1479 2654 1539 2705 et
1567 2663 1767 2702 coram
1798 2646 1925 2718 ipso
1946 2648 2054 2703 ad-

400 2744 633 2804 ductus.
667 2749 845 2814 atque
876 2743 1291 2812 interrogatus,
1316 2754 1392 2793 an
1418 2737 1715 2792 Christum
1744 2736 2052 2808 proﬁtere-

397 2838 531 2889 tur:
567 2833 878 2898 Proﬂteor,
910 2830 1127 2902 inquit,
1175 2828 1475 2883 Christum
1509 2842 1639 2882 esse
1670 2825 1823 2892 caali,
1855 2831 2048 2894 terrea,

398 2922 699 2992 marisque
732 2920 1033 2979 factorem.
1060 2924 1118 2973 et
1146 2916 1323 2974 credo
1354 2917 1416 2971 in
1448 2916 1645 2988 ipsum
1679 2921 1958 2988 tanquam
1990 2914 2053 2970 in

396 3027 601 3067 verum
632 3012 813 3067 Deum
835 3025 903 3066 ac
927 3008 1025 3065 Dei
1054 3008 1290 3073 Filium,
1309 3022 1415 3079 pro
1436 3005 1749 3061 hominum
1770 3004 1960 3060 salute
1982 3019 2053 3060 ex

397 3107 606 3157 sancta
638 3100 870 3172 Virgine
906 3098 1087 3153 Maria
1114 3103 1343 3159 natum,
1375 3094 1801 3164 hominemque
1830 3094 2051 3149 factum

398 3190 628 3247 semine
685 3195 745 3243 et
802 3189 931 3243 sine
1004 3185 1402 3256 corruptione.
1482 3184 1705 3249 Quibus
1763 3182 2051 3238 doctrinis

395 3295 463 3335 ac
494 3277 873 3333 sermonibus
904 3275 1074 3330 illum
1113 3272 1613 3345 obstupefaciens,
1646 3270 1898 3327 diversis
1928 3270 2049 3341 pri-
2093 3239 2135 3305 C

391 3382 558 3423 mum
591 3365 904 3421 tormentis
922 3363 1292 3420 excruciatus
1324 3361 1453 3418 fuit.
1487 3362 1631 3417 Cum
1664 3376 1800 3415 vero
1835 3361 2052 3417 immu-

393 3456 635 3511 tabilem
655 3455 921 3510 animum
943 3470 1081 3526 erga
1100 3453 1397 3507 Christum
1416 3455 1731 3525 gereret,et
1761 3449 2053 3521 supplicia

390 3560 676 3618 generose
707 3542 1015 3615 perferret,
1035 3542 1228 3615 capite
1251 3540 1493 3597 demum
1522 3539 1751 3613 plexus,
1776 3539 2046 3611 martyrii

391 3649 674 3691 coronam
707 3631 959 3707 accepit.

632 3972 709 4029 Et
736 3964 1009 4027 certamen
1036 3965 1218 4024 sancti
1241 3969 1475 4023 Maximi
1514 3963 1795 4039 martyris.

460 4087 749 4144 Maximus
779 4085 996 4141 Christi
1028 4088 1273 4156 martyr,
1306 4083 1503 4139 divino
1549 4083 1670 4139 zelo
1700 4081 2043 4140 inﬂamma-

387 4182 507 4243 tus,
537 4191 674 4231 cum
706 4174 925 4229 videret
969 4173 1313 4229 idololatras
1361 4188 1481 4227 non
1513 4172 1688 4227 modo
1719 4172 1894 4228 idolis
1926 4174 2050 4229 sei-

390 4281 529 4338 psos
560 4262 925 4327 addicentes,
959 4260 1061 4316 sed
1089 4260 1268 4315 etiam
1299 4259 1448 4315 alios
1483 4260 1544 4315 in
1576 4276 1837 4315 errorem
1870 4260 2048 4317 indu-

389 4359 613 4418 centes,
645 4351 1196 4424 compellentesque
1247 4348 1353 4405 illa
1393 4349 1663 4416 adorare,
1695 4365 1764 4404 ac
1796 4367 1901 4422 pro
1933 4350 2047 4407 diis

384 4442 605 4501 habere
630 4460 644 4511 ;
678 4443 1077 4514 ingemiscens
1099 4446 1158 4495 et
1180 4438 1584 4506 contristatns,
1613 4440 1797 4495 Deum
1818 4439 2044 4508 orabat,

384 4539 449 4588 ut
470 4531 946 4605 persecutionem
971 4532 1403 4601 compeseeret:
1422 4527 1721 4598 simulque
1744 4527 2042 4585 Christum

2095 1867 2143 1933 B

2178 600 2468 658 νοσοῦντας
2546 596 2885 671 ἀναργύρως.
2967 597 3099 654 Εἶτα
3161 600 3396 669 μισήσας
3452 600 3544 653 τὸν
3601 599 3833 673 κόσμον,

2177 686 2265 739 καὶ
2310 686 2401 740 τὸν
2461 686 2687 759 Χριστὸν
2745 686 3050 762 ἀγαπήσας,
3108 686 3356 741 ἀπελθὼν
3392 687 3441 742 ἐν
3479 692 3833 764 μοναστηρίῳ

2174 796 2300 841 τινι,
2335 776 2540 851 ἐγένετο
2598 777 2863 852 μοναχός·
2925 776 3015 832 καὶ
3071 781 3330 832 τοσοῦτον
3386 778 3694 853 ἧγωνισατο
3756 780 3835 844 είς

2176 865 2396 936 ἀρετὴν,
2454 866 2752 937 νηστεύων,
2813 866 3126 942 ἀγρυπνῶν,
3185 865 3275 921 καὶ
3361 869 3828 945 προσευχόμενος,

2177 955 2250 1017 ὡς
2280 956 2368 1009 καὶ
2414 955 2774 1031 χαρισμάτων
2837 954 3088 1031 μεγάλων
3152 957 3472 1029 ἀξιωθῆναι.
3532 961 3716 1034 Τροφή
3771 957 3828 1014 δὶ

2174 1044 2239 1111 ἧν
2274 1044 2424 1115 αὐτῷ
2456 1041 2615 1117 ἄρτος
2648 1043 2815 1117 μόνος
2862 1044 3079 1121 ὀλίγος,
3119 1045 3210 1099 καὶ
3261 1044 3407 1117 ὕδωρ
3453 1047 3697 1119 ὁμοίως-ε
3738 1046 3828 1104 διὰ

2176 1128 2233 1186 δὲ
2283 1133 2382 1200 τὴν
2440 1132 2636 1205 ἀρετὴν
2702 1135 2870 1189 αὐτοῦ
2930 1134 3031 1189 ὑπό
3118 1139 3393 1206 Κυριακοῦ
3480 1136 3823 1212 πατριάρχου

2176 1222 2822 1293 Κωνσταντινουπόλεως,
2878 1224 2965 1277 καὶ
3032 1224 3108 1296 μὴ
3171 1222 3531 1299 βουλόμενος,
3610 1225 3823 1299 ἐγειρο-

2172 1312 2379 1381 τονήθη
2471 1309 2724 1367 Συνάδων
2807 1312 3103 1374 ἐπίσκοπος
3189 1313 3275 1367 ἐπὶ
3361 1320 3463 1383 τῆς
3547 1314 3825 1391 βασιλείας

2174 1399 2497 1469 Μαυρικίου,
2556 1401 2615 1455 ὅν
2684 1400 2774 1455 καὶ
2842 1401 3185 1477 ἐθεράπευσεν
3264 1401 3369 1457 ἀπὸ
3451 1401 3826 1477 σφοδροτάτου

2174 1492 2504 1562 νοσήματος.
2540 1491 2671 1546 Εἶτα
2707 1490 2894 1554 καλῶς
2950 1492 3011 1547 τὸ
3072 1492 3326 1564 ποίμνιον
3387 1491 3553 1547 αὐτοῦ
3605 1491 3825 1562 ἰθύνων,

2170 1574 2329 1648 ἔζησε
2362 1579 2527 1655 μέχρι
2584 1588 2685 1649 τῆς
2740 1579 3020 1655 βασιλείας
3080 1586 3178 1635 τοῦ
3246 1576 3540 1645 δυσσεϐοῦς
3594 1584 3828 1646 Λέοντος

2169 1672 2265 1722 τοῦ
2297 1668 2701 1745 Εἰκονομάχου·
2734 1670 2824 1725 καὶ
2856 1670 2910 1726 ἰν
2944 1671 3100 1746 βαθεῖ
3121 1673 3267 1747 γήρᾳ
3308 1670 3629 1745 γενόμενος,
3683 1673 3824 1748 πρὸς

2172 1758 2367 1834 Κύριον
2399 1758 2550 1830 ἰξεδή
2560 1780 2752 1833 μησεν.

2717 1887 2897 1943 ΜΗΝΙ
2936 1892 3021 1941 ΤΩ
3060 1889 3258 1946 ΑΥΤΩ.

2956 1979 3032 2035 ΙΔ¹

2380 2075 2650 2144 Ἀθλησις
2673 2080 2770 2132 τοῦ
2800 2078 2953 2153 ἁγίου
2988 2076 3260 2154 μάρτυρος
3292 2076 3597 2155 Ἰσιδώρου.

2242 2200 2542 2277 Ἰσίδωρος,
2570 2204 2599 2258 ό
2628 2207 2727 2257 τοῦ
2755 2204 2989 2279 Χριστοῦ
3024 2204 3250 2279 μάρτυς,
3311 2204 3530 2280 ὑπῆρχε
3581 2207 3674 2279 μὶν
3727 2204 3818 2261 ἰπὶ

2168 2294 2266 2361 τῆς
2322 2290 2601 2367 βασιλείας
2660 2292 2872 2355 Δεκίου,
2932 2293 3037 2348 ἀπο
3096 2291 3508 2369 ’Δλεξανδρείας
3561 2302 3661 2365 τῆς
3716 2296 3824 2350 πό-

2172 2380 2333 2443 λεως·
2395 2382 2820 2455 στρατευόμενος
2877 2380 2957 2454 δὲ,
3013 2385 3111 2452 τήν
3167 2388 3262 2439 τοῦ
3322 2384 3591 2449 ὁπτίωνος
3670 2385 3818 2456 τάξιν

2172 2471 2434 2527 ἐπετέλει.
2488 2470 2772 2535 Ἀπελθὼν
2833 2470 2891 2527 δὲ
2947 2473 3023 2535 είς
3082 2474 3216 2530 Χῖον
3275 2475 3373 2543 τὴν
3433 2481 3619 2543 νῆσον,
3683 2476 3821 2549 μετά

2170 2565 2277 2615 τῶν
2364 2566 2769 2636 στρατιωτικῶν
2853 2561 3090 2632 πλοίων,
3150 2560 3223 2617 ὧν
3282 2565 3427 2639 ἦρχε
3486 2563 3816 2637 Νουμέριος,

2172 2643 2440 2719 διεϐλήθη
2476 2649 2578 2704 ὑπὸ
2628 2649 2868 2705 ⁹ιουλίου
2920 2651 3309 2727 κεντουρίωνος
3366 2652 3442 2715 ὡς
3495 2654 3820 2724 Χριστιανὸς

2167 2742 2247 2809 τῷ
2304 2739 2618 2814 Νουμερίῳ,
2680 2739 2781 2795 Καὶ
2840 2741 3130 2813 κρατηθείς
3187 2740 3279 2795 καὶ
3338 2742 3609 2813 παραστὰς
3670 2744 3819 2814 αὐτῷ

2171 2827 2461 2899 ἠρωτήθη,
2510 2827 2555 2883 εί
2613 2827 2885 2903 ὁμολογεῖ
2940 2830 3030 2884 τὸν
3082 2830 3333 2905 Χριστόν.
3394 2832 3450 2885 Ὀ
3510 2828 3566 2885 δὲ
3621 2830 3813 2900 εἰπὼν,

2169 2914 2251 2970 ὅτι
2284 2915 2380 2971 Καὶ
2416 2917 2650 2989 Χριστὸν
2683 2915 2969 2993 ὁμολογῶ,
3028 2919 3104 2982 ὡς
3145 2923 3453 2989 ποιήσαντα
3499 2920 3589 2975 τὸν
3644 2920 3812 2996 οὖρα-

2166 3009 2253 3063 νὸν
2286 3009 2376 3063 καὶ
2408 3010 2503 3076 τὴν
2536 3016 2638 3083 γῆν
2690 3010 2778 3064 καὶ
2822 3012 2921 3079 τήν
2968 3011 3264 3081 θάλασσαν,
3313 3013 3403 3066 καὶ
3452 3012 3686 3068 πιστεύω
3736 3013 3814 3078 εἷς

2168 3098 2355 3166 αὐτὸν,
2386 3098 2460 3160 ὡς
2492 3096 2714 3168 ἀληθῶς
2746 3100 2873 3153 Θεὸν
2903 3097 3031 3154 ὄντα
3063 3100 3150 3154 καὶ
3202 3101 3324 3156 Υἳὸν
3373 3104 3469 3156 τοῦ
3517 3106 3673 3171 Θεοῦ,
3721 3102 3809 3157 καὶ

2168 3182 2256 3240 διά
2279 3187 2380 3254 τὴν
2411 3186 2682 3262 σωτηρίαν
2731 3192 2837 3242 τῶν
2891 3189 3189 3262 ἀνθρώπων
3240 3192 3564 3264 γεννηθέντα
3606 3190 3665 3246 ἐκ
3710 3198 3811 3261 τῆς

2166 3276 2321 3349 ἁγίας
2352 3272 2625 3348 Παρθένου
2672 3277 2924 3352 Μαριάμ,
2970 3278 3058 3331 καὶ
3110 3277 3587 3350 ἒνανθρωπήσαντα
3638 3281 3811 3336 ἀσπό-

2167 3389 2276 3444 ρως
2300 3366 2391 3422 καὶ
2441 3368 2719 3445 ἀφθόρως,
2774 3369 2864 3423 καὶ
2921 3375 3039 3430 τοῖς
3099 3371 3370 3433 τοιούτοις
3432 3368 3666 3446 δόγμασι
3721 3371 3811 3427 καὶ

2166 3457 2352 3532 λόγοις
2379 3456 2731 3530 καταπλήξας
2763 3456 2946 3527 αὐτὸν,
2980 3456 3264 3536 διαφόροις
3320 3461 3570 3536 βασάνοις
3616 3462 3814 3535 πρότε-

2159 3568 2253 3620 ρον
2284 3541 2728 3617 καθυποϐληθεὶς
2760 3547 3108 3623 ἐτιμωρεῖτο.
3142 3550 3331 3624 Ἑχων
3364 3547 3421 3605 δὶ
3452 3553 3513 3606 τὸ
3551 3552 3809 3624 amass-

2156 3657 2249 3692 τον
2281 3636 2418 3711 πρὸς
2452 3638 2706 3711 Χριστὸν,
2750 3637 2839 3692 καὶ
2892 3639 2985 3699 τὰς
3046 3637 3308 3714 βασάνους
3352 3638 3638 3712 ὑπομένων
3688 3662 3806 3714 γεν-

2155 3725 2341 3793 ναίως,
2383 3724 2609 3801 ὕστερον
2647 3727 2747 3794 τήν
2804 3725 3047 3804 κεφαλὴν
3106 3726 3242 3807 ξίφει
3300 3727 3662 3803 ἀποτμηθεὶς,
3713 3730 3804 3786 τὸν

2154 3819 2251 3872 τοῦ
2283 3814 2583 3891 μαρτυρίου
2613 3814 2870 3894 στέφανον
2902 3815 3146 3893 εἶληφεν.

2333 3959 2438 4017 Καὶ
2468 3957 2699 4032 ἄθλησις
2726 3964 2822 4016 τοῦ
2854 3961 3007 4038 ἁγίου
3035 3963 3309 4035 μάρτυρος
3340 3962 3621 4036 Μαξίμου.

2226 4083 2501 4159 Μάξιμος,
2535 4087 2683 4141 ὁτοῦ
2742 4091 2975 4161 Χριστοῦ
3031 4088 3255 4162 μάρτυς,
3312 4087 3479 4157 ζῆλον
3524 4090 3701 4152 θεϊκὸν
3750 4089 3805 4146 ὲν

2155 4173 2332 4245 ὶαυτῷ
2359 4178 2691 4251 περιφέρων,
2735 4176 2823 4229 καὶ
2886 4174 3028 4251 ὀρῶν
3083 4176 3209 4239 τοὺς
3272 4173 3684 4252 εἰδωλολάτραις
3742 4180 3806 4234 οὗ

2160 4264 2326 4336 μόνον
2360 4262 2584 4325 ἑαυτοὺς
2644 4263 2986 4328 ἀνατιθέντας
3038 4270 3154 4328 τοῖς
3211 4263 3488 4337 εἰδώλοις,
3542 4265 3807 4322 ἀλλὰκαὶ

2156 4352 2371 4424 ἑτάρους
2403 4351 2829 4417 ἀποπλανῶντας
2877 4355 2966 4409 καὶ
3023 4357 3524 4430 καταναγκάζοντας
3572 4377 3806 4431 προσκυ-

2156 4444 2263 4493 νεῖν
2295 4438 2500 4509 αὐτοῖς,
2533 4442 2623 4496 καὶ
2673 4442 2748 4503 ὡς
2798 4449 2937 4506 θεοῖς
2988 4442 3303 4519 προσέχειν,
3349 4441 3525 4500 ἔστενε
3571 4444 3665 4517 μὶν
3713 4446 3802 4499 καὶ

2156 4526 2410 4584 ἐλυπεῖτο
2442 4532 2561 4593 καθ’
2593 4531 2802 4598 ἑαυτὸν,
2838 4529 3045 4607 ηὔχετο
3100 4529 3155 4587 δὲ
3198 4531 3279 4605 τῷ
3328 4538 3443 4604 Θεῷ
3492 4539 3659 4601 σῆσας
3706 4534 3800 4588 τὸν

384 4623 561 4680 modo
593 4621 846 4685 occulte,
880 4618 1055 4676 modo
1106 4617 1302 4691 palam
1352 4633 1419 4673 ac
1470 4616 1653 4673 libere
1685 4617 2040 4690 praedicans,

2166 4615 2415 4692 διωγμόν.
2450 4620 2641 4692 Ὅμως
2673 4618 2731 4675 δὲ
2760 4622 2892 4675 ποτὶ
2927 4622 3023 4693 μὶν
3055 4623 3252 4700 κρύφα,
3286 4623 3419 4678 ποτὶ
3449 4620 3507 4677 δὲ
3528 4621 3801 4698 παρρησίᾳ

383 4712 604 4767 multos
636 4728 706 4768 ex
737 4711 811 4766 iis
847 4710 948 4783 qui
981 4706 1057 4765 ad
1095 4708 1291 4780 ipsum
1323 4705 1703 4773 accedebant,
1737 4706 1811 4761 ad
1844 4708 2038 4763 Domi-

385 4816 528 4855 num
562 4806 936 4861 convertens,
993 4797 1341 4871 baptizabat.
1402 4796 1669 4862 Quadam
1714 4802 1911 4853 autem
1944 4797 2036 4854 die

384 4904 520 4944 cum
576 4889 827 4945 victimae
886 4888 1359 4954 immolarentur,
1394 4887 1709 4959 cunctique
1742 4886 1925 4943 Graeci
1963 4888 2038 4945 ad

381 4976 787 5034 abominanda
844 4976 1136 5033 sacriﬁcia
1192 4976 1454 5033 studiose
1493 4981 1892 5042 accurrerent,
1926 4993 2037 5035 nec

378 5066 665 5122 animalia
695 5070 946 5129 tantum,
981 5064 1084 5120 sed
1111 5064 1288 5120 etiam
1317 5064 1590 5120 homines
1620 5065 2032 5122 immolarent:

378 5172 508 5211 rem
527 5155 834 5228 indignam
859 5170 1009 5229 aegre
1031 5154 1228 5210 ferens
1256 5169 1322 5208 ac
1346 5154 1407 5208 in
1428 5153 1690 5209 medium
1714 5154 2033 5226 prosiliens

376 5250 578 5318 aperte
610 5244 745 5299 illos
777 5242 1121 5314 increpavit,
1144 5242 1304 5297 idola
1327 5242 1634 5313 appellans
1657 5242 1884 5314 lapides
1903 5244 2033 5300 ani-

375 5353 469 5394 ma
505 5340 777 5391 carentes
807 5341 867 5391 et
894 5334 1076 5404 ligna.
1111 5348 1361 5404 quaeque
1393 5333 1505 5387 sibi
1536 5332 1646 5403 ipsi
1680 5350 1853 5405 cpem
1878 5336 2031 5395 ferre

376 5426 477 5482 09
506 5424 843 5497 nequirent.
875 5427 1019 5477 Tum
1067 5436 1199 5475 vero
1258 5420 1330 5477 ab
1380 5420 1727 5476 infidelibus
1756 5438 2030 5497 compre-

376 5516 621 5582 hensus,
649 5513 827 5569 variis
876 5511 1137 5586 primum
1194 5509 1506 5567 tormentis
1536 5511 1925 5576 excruciatur,
1964 5531 2031 5571 ac

374 5605 619 5664 demum
642 5602 944 5678 lapidibus
963 5600 1255 5660 obruitur.
1278 5606 1471 5674 atque
1501 5600 1585 5657 ita
1611 5599 1688 5657 ad
1712 5600 2031 5662 Dominum

381 5695 672 5771 migravit.

2150 4705 2411 4780 ἐκήρυττε
2440 4708 2531 4763 τὸν
2565 4711 2825 4778 Χριστόν·
2863 4711 2953 4765 καὶ
2985 4710 3230 4775 πολλοὺς
3261 4717 3370 4768 τῶν
3418 4713 3801 4788 προσερχόμε-

2146 4816 2251 4849 νων
2285 4796 2431 4869 αύτῷ
2459 4796 2548 4852 ἰπὶ
2578 4800 2673 4854 τὸτ
2704 4800 2904 4875 Κύριον
2937 4799 3297 4878 ἐπιστρέφων,
3331 4796 3602 4871 ἐϐάπτιζε.
3663 4804 3805 4857 [lori

2148 4880 2205 4938 δὲ
2236 4886 2420 4948 θυσίας
2478 4885 2924 4961 ἐπιτελουμένης,
2956 4890 3046 4946 καὶ
3094 4890 3305 4945 πάντων
3351 4895 3457 4944 τῶν
3509 4891 3798 4961 Ἐλλήνων

2150 4974 2283 5047 μετά
2311 4973 2552 5045 σπουδῆς
2585 4978 2989 5053 συντρεχόντων
3023 4978 3108 5033 ἐπὶ
3168 4980 3264 5041 τὰς
3309 4979 3547 5053 μυσαρὰς
3595 4979 3799 5053 θυσίας,

2144 5063 2235 5117 καὶ
2266 5064 2503 5128 θυόντων
2536 5065 2599 5120 οὐ
2632 5064 2798 5135 μόνον
2828 5069 3027 5138 κτήνη,
3062 5065 3206 5123 ἀλλά
3235 5069 3685 5140 καὶάνθρώπους,
3718 5069 3797 5140 μὴ

2146 5150 2373 5229 ἒνεγκῶν
2403 5156 2503 5224 τὴν
2536 5154 2787 5225 ἀτοπίαν,
2829 5156 2904 5219 εἷς
2956 5156 3116 5230 μέσον
3150 5158 3384 5226 σταθεὶς,
3437 5155 3660 5233 ἤλεγξεν
3696 5156 3797 5213 αὖ·

2142 5242 2267 5305 τοὺς
2298 5248 2560 5321 φανερῶς*
2620 5244 2709 5300 καὶ
2765 5247 2833 5301 τὰ
2889 5244 3093 5301 εἴδωλα
3146 5247 3394 5322 ἀψύχους
3452 5245 3643 5310 λίθους
3701 5245 3795 5301 καὶ

2142 5332 2275 5403 ξύλα
2306 5335 2623 5402 ἀπεκάλεσε,
2655 5336 2743 5391 καὶ
2773 5335 2912 5408 μηδὲ
2943 5337 3128 5399 αὐτοῖς
3181 5338 3449 5411 βοηθῆσαι
3493 5335 3787 5409 δυνάμενα.

2142 5423 2276 5480 Τότε
2333 5425 2624 5498 κρατηθεὶς
2712 5426 2815 5481 ὑπὸ
2870 5431 2977 5481 τῶν
3037 5426 3298 5496 ἀπίστων,
3358 5430 3449 5484 καὶ
3509 5427 3788 5506 διαφόρως

2143 5512 2406 5587 πρότερον
2444 5514 2807 5588 βπανισθεῖς,
2840 5515 3059 5593 ὕστερον
3088 5513 3481 5591 ἑλιθοόολήθησ
3513 5520 3603 5574 καὶ
3645 5516 3791 5576 οὕτω

2140 5602 2277 5677 πρὸς
2306 5602 2509 5678 Κύριον
2543 5600 2894 5678 δειδήμησιν.
