4134 6302
207 357 326 418 45Ἷ

829 503 1007 560 MHNI
1048 503 1140 580 To
1180 502 1377 578 ΑΥΤῼ.

1061 609 1144 665 lE'

243 697 453 771 Μνήμη
526 703 638 753 τοῦ
699 699 859 754 ὀσίου
936 698 1164 771 Πατρὸςλ
1219 699 1382 769 ἡμῶν
1466 691 1751 768 Θεοδώρου
1828 696 1926 748 τοῦ

898 769 1293 844 Ἠγιασμένου.

337 883 626 962 Θεόδωρος
685 885 714 940 ὀ
759 884 810 940 ἐν
874 883 1048 958 ἁγίοις
1106 883 1292 955 Πατὴρ
1353 885 1537 955 ἡμῶν,
1598 880 1625 934 ὁ
1685 879 1774 934 διὰ
1824 879 1921 947 τὴν

275 977 535 1052 ἁγιότητα
597 976 688 1030 καὶ
753 973 1098 1048 καθαρότητα
1155 972 1473 1041 ἐπικληθεὶς
1543 968 1922 1045 Ἡγιασμένος,

272 1066 331 1121 ὲκ
391 1063 624 1141 βρέφους
691 1064 780 1117 τὸν
839 1063 966 1117 Θεὸν
1023 1063 1332 1135 ἀγαπήσας,
1390 1061 1480 1114 καὶ
1554 1061 1624 1131 τῇ
1701 1058 1923 1126 ἀσκήσει

269 1152 580 1228 προελθὼν,
612 1152 704 1206 καὶ
743 1152 835 1206 τὸν
878 1155 975 1205 τοῦ
1025 1153 1158 1204 Θεοῦ
1205 1148 1373 1220 νόμον
1425 1145 1702 1220 ἐπιμελῶς
1751 1143 1921 1218 μελε-

267 1244 461 1311 τήσας,
511 1239 644 1300 ὅλος
701 1239 936 1314 καθαρὸς
996 1236 1231 1312 ἐγένετο,
1289 1238 1376 1291 καὶ
1440 1240 1627 1297 σκεῦος
1685 1233 1924 1308 ἐκλογῆς

266 1333 356 1385 καὶ
392 1327 699 1404 εὔχρηστον
742 1325 830 1382 διὰ
875 1329 976 1396 τὴν
1035 1331 1142 1380 τῶν
1201 1323 1439 1380 ἐντολῶν
1496 1324 1772 1398 ἐργασίαν,
1830 1324 1920 1378 καὶ

266 1423 403 1474 Θεοῦ
460 1420 585 1480 ναὸς
641 1419 732 1472 καὶ
789 1418 1212 1490 κατοικητήριον
1273 1416 1451 1490 ἅγιον.
1513 1415 1617 1469 Καὶ
1675 1407 1915 1486 ὑπερϐὰς

263 1507 441 1562 πάντα
497 1508 564 1560 τὰ
620 1505 937 1580 φαινόμενα,
996 1503 1088 1558 καὶ
1148 1503 1316 1573 ὁρατὰ
1370 1501 1460 1557 καὶ
1542 1501 1771 1579 φθαρτὰ,
1830 1499 1916 1554 καὶ

262 1596 359 1650 τὸν
407 1598 534 1648 νοῦν
559 1593 857 1669 ἐπαιρήσας
903 1597 1020 1656 τοῖς
1074 1597 1316 1661 νοητοῖς,
1370 1591 1461 1646 καὶ
1520 1593 1770 1663 ἀοράτοις
1827 1591 1915 1644 καὶ

263 1685 584 1762 ἀφθάρτοις,
669 1685 978 1757 ὁμόσκηνος
1063 1686 1142 1752 τῷ
1220 1682 1390 1758 Ηατρὶ
1481 1680 1767 1756 ίιαχωμίῳ
1822 1679 1918 1735 καὶ

264 1775 604 1849 ὁμότροπος,
651 1774 743 1828 καὶ
796 1777 912 1832 τοῖς
956 1772 1072 1825 κατ’
1120 1769 1321 1825 ἐκεῖνον
1373 1770 1551 1845 ἁγίοις
1597 1766 1914 1843 ἀνεδείχθη’

1862 357 2144 424 MAIUS.

1958 495 2014 560 Α
2541 495 2640 550 99
2672 494 2914 551 EODEM
2954 491 3184 548 MENSE

3562 363 3682 420 458

2550 605 2654 658 Die
2685 603 2915 657 decima
2947 601 3158 671 quinta

2033 694 2297 748 Memoria
2357 695 2534 748 sancti
2583 694 2768 746 Patris
2825 693 3003 746 nostri
3072 685 3345 752 Theodori
3425 689 3682 758 Sanctiﬁ-

2793 761 2925 817 cati.

2109 872 2356 926 Sanctus
2386 873 2560 926 Pater
2589 875 2792 924 noster
2811 867 3171 933 Theodorus,
3195 873 3438 939 propter
3461 867 3682 922 sancti-

2033 965 2212 1014 tatem
2235 977 2303 1014 ac
2337 961 2654 1031 puritatem
2687 957 3046 1014 Sanctificati
3078 973 3294 1010 nomen
3319 957 3587 1028 adeptus,
3613 955 3686 1011 ab

2032 1047 2284 1104 infantia
2314 1049 2498 1103 Deum
2532 1049 2747 1103 amavit
2776 1065 2786 1102 :
2823 1053 2882 1102 et
2908 1046 3246 1117 religiosam
3302 1046 3684 1100 exercitatio-

2028 1153 2168 1190 nem
2191 1138 2581 1209 praeveniens,
2615 1137 2806 1208 legem
2839 1136 2939 1190 Dei
2973 1135 3223 1189 sollicite
3267 1133 3685 1190 meditabatur.

2031 1227 2195 1280 Unde
2221 1232 2278 1281 et
2299 1232 2456 1282 totus
2479 1243 2664 1297 purus
2686 1225 2814 1291 fuit,
2851 1230 2909 1279 et
2938 1241 3035 1278 vas
3069 1224 3322 1278 electum
3344 1229 3520 1293 atque
3553 1223 3678 1276 uti-

2028 1314 2084 1369 le
2116 1321 2356 1386 propter
2385 1315 2797 1370 mandatorum
2831 1313 3284 1378 observantiam,
3315 1318 3373 1367 et
3404 1311 3503 1367 Dei
3535 1317 3684 1366 tem-

2028 1403 2192 1475 plum
2215 1411 2605 1475 sanctumque
2635 1403 3063 1458 habitaculum.
3089 1401 3313 1456 Cuncta
3334 1402 3513 1473 igitur
3543 1402 3676 1457 visi-

2027 1491 2172 1547 bilia
2198 1498 2255 1547 et
2285 1491 2717 1564 corruptibilia,
2751 1507 2999 1562 quaeque
3029 1489 3137 1544 sub
3195 1489 3400 1545 oculos
3431 1490 3675 1559 cadunt,

2027 1598 2466 1655 supergressus,
2490 1587 2872 1651 mentemque
2893 1579 2967 1635 ad
2987 1578 3395 1652 intelligibilia
3416 1596 3546 1651 quae
3567 1597 3678 1637 nec

2024 1669 2208 1725 videri
2242 1687 2350 1728 nec
2381 1670 2679 1741 corrumpi
2712 1673 2980 1740 possunt,
3010 1667 3264 1731 elevans,
3319 1675 3521 1724 sancto
3567 1671 3676 1724 Pa-

2026 1759 2260 1814 chomio
2293 1759 2540 1831 ejusque
2572 1759 2790 1813 sanctis
2822 1757 2999 1812 sociis
3043 1757 3488 1812 contubernalis
3536 1757 3669 1824 fuit,

264 1845 537 1926 Seev'xai
593 1869 690 1930 τῆς
756 1861 1017 1936 μεγίστης
1071 1857 1406 1934 ποσηγορίας
1481 1862 1580 1913 τοῦ
1635 1855 1910 1928 κληθῆναι

2027 1853 2084 1916 et
2111 1848 2376 1903 moribus
2409 1847 2624 1903 similis
2655 1846 2947 1918 apparuit.
2983 1845 3146 1900 Unde
3179 1851 3237 1900 et
3264 1862 3540 1918 magnam
3561 1849 3674 1901 He-

263 1951 628 2024 Ἡγιασμένος
659 1949 805 2021 ἄξιος
836 1951 1042 2026 φανεὶς,
1091 1947 1318 2002 πολλῶν
1366 1945 1656 2020 θαυμάτων
1706 1943 1911 2001 ἐπλού-

262 2059 425 2108 τησεν
458 2037 753 2112 ἐνέργειαν.
787 2037 890 2091 Καὶ
939 2035 1050 2090 ’διὰ
1101 2039 1262 2090 τοῦτο
1321 2034 1626 2106 θαυμαστὸς
1680 2033 1770 2087 καὶ
1818 2053 1912 2086 πε-

268 2123 534 2201 ριϐόητος
562 2130 680 2189 τοῖς
709 2129 838 2179 πᾶσι
870 2126 1181 2198 γενόμενος,
1204 2122 1294 2178 καὶ
1323 2120 1570 2186 πολλοὺς
1601 2120 1911 2200 ὠφελήσας,

267 2216 326 2270 οὐ
365 2217 529 2288 μόνον
573 2213 662 2270 διὰ
688 2219 786 2270 τοῦ
817 2215 1010 2290 λόγου,
1041 2211 1188 2268 ἀλλά
1217 2213 1306 2267 καὶ
1339 2217 1436 2267 τοῦ
1467 2211 1590 2286 βίου
1637 2211 1822 2281 αὐτοῦ,
1856 2210 1909 2264 ἐν

264 2305 557 2380 βαθυτάτῳ
587 2306 734 2381 γήρᾳ
761 2303 898 2377 πρὸς
935 2302 1064 2358 Θεὸν
1098 2298 1249 2373 ἐξεδή
1261 2321 1445 2375 μησεν.

268 2467 366 2521 Καὶ
430 2487 627 2541 μνημη
681 2469 778 2520 τοῦ
836 2460 1369 2589 ἁγίουίἊχιλλίου,
1444 2460 1742 2517 ἐπισκόπου
1801 2467 1912 2516 Λα-

980 2555 1007 2589 ο
1039 2556 1194 2589 σσης.

980 2555 1194 2610 ρισσης.

331 2624 632 2700 ’Δχίλλιος
670 2625 698 2679 ὁ
742 2625 1183 2700 Θαυματουργὸς,
1243 2623 1462 2696 ὑπῆρχε
1519 2621 1615 2695 μὶν
1665 2621 1751 2676 ἐπὶ
1809 2629 1909 2691 τῆς

266 2713 550 2792 βασιλείας
610 2711 1023 2786 Κωνσταντίνου
1077 2715 1174 2766 τοῦ
1241 2707 1513 2785 Μεγάλου·
1573 2712 1908 2782 Χριστιανῶν

265 2799 322 2857 δὲ
351 2807 558 2874 γονὲων
593 2801 856 2875 ὑπάρχων
914 2800 1050 2869 υἱὸς,
1091 2798 1142 2872 ἐξ
1191 2798 1410 2854 ἐκείνων
1466 2795 1754 2867 ἐπαιδεύθη
1809 2799 1908 2866 τήν

267 2886 562 2961 εὐσέϐειαν,
599 2891 786 2962 μαθὼν
816 2889 906 2944 καὶ
934 2893 1042 2944 τῶν
1102 2882 1202 2960 ἔξω.)
1251 2891 1432 2964 σοφῶν
1478 2885 1545 2940 τὰ
1594 2887 1907 2958 μαθήματα.

270 2981 400 3035 Εἶτα
445 2979 536 3034 καὶ
595 2980 696 3046 τὴν
748 2977 890 3032 Θείαν
949 2977 1167 3052 Γραφὴν
1227 2974 1507 3048 ἐπιμελῶς
1587 2972 1908 3048 μελετήσας,

268 3069 357 3123 καὶ
416 3067 568 3143 λόγῳ
624 3067 713 3122 καί
771 3068 934 3141 ἀρετῇ
988 3065 1172 3120 ἐαυτὸν
1233 3063 1535 3141 ῥυθμήσας,
1621 3062 1909 3139 ἀρχιερεὺς

265 3156 660 3232 ἐχειροτονήθη
724 3155 1022 3229 Λαρίσσης.
1083 3153 1182 3207 Καὶ
1247 3152 1435 3207 πολλᾶ
1508 3154 1910 3226 κατορθώματα

258 3247 348 3300 καὶ
399 3247 649 3317 θαύματα
703 3240 1101 3314 ἐκδειξάμενος,
1154 3243 1478 3316 παρεγένετο
1534 3242 1622 3295 καὶ
1674 3242 1749 3302 εἷς
1806 3221 1978 3309 τὴνο

258 3335 394 3389 κατὰ
452 3335 676 3388 Νίκαιαν
739 3329 984 3401 σύνοδον,
1048 3331 1183 3404 μετά
1238 3334 1345 3384 τῶν
1398 3330 1552 3384 θείων
1631 3330 1905 3399 ΙΙατὲρων,

257 3425 397 3478 κατά
427 3423 648 3496 Ἀρείου
678 3425 774 3476 τοῦ
814 3421 1108 3495 αἱρετικοῦ,
1173 3419 1302 3492 ὑπὲρ
1360 3423 1465 3474 τῶν
1519 3421 1620 3482 τῆς
1680 3418 1906 3492 ὀρθοδο-

265 3513 378 3583 ξίας
408 3511 695 3588 δογμάτων
727 3508 909 3572 καλῶς
965 3509 1388 3585 ἀγωνισάμενος,
1435 3508 1525 3563 καὶ
1580 3508 1707 3570 τοὺς
1757 3511 1907 3584 αἶρε·

258 3601 447 3662 τικοῦς
486 3601 873 3674 καταισχύνας,
926 3597 1236 3670 ἐθαυμάσθη
1299 3598 1401 3651 ὑπὸ
1457 3598 1692 3655 πάντων.
1750 3599 1910 3652 Ὑπο-

264 3690 500 3765 πρέψας
534 3687 590 3743 δὲ
628 3688 733 3743 ἀπὸ
792 3687 1014 3748 Νικαίας
1073 3686 1149 3748 εἷς
1193 3686 1282 3740 τὸν
1349 3684 1484 3740 ἴδιον
1548 3680 1762 3755 θρόνον,
1821 3685 1910 3740 καὶ

264 3778 456 3834 πολλά
487 3778 730 3851 θαύματα
759 3777 1148 3852 ἐργασάμενος,
1178 3776 1265 3830 καὶ
1298 3773 1462 3838 ναοὺς
1499 3772 1789 3850 διαφόρους
1819 3773 1910 3828 καὶ

268 3866 546 3942 μεγάλους
577 3866 853 3940 ἀνεγείρας
904 3869 978 3926 εἰς
1036 3868 1173 3919 Θεοῦ
1227 3861 1380 3933 δόξαν
1439 3861 1527 3917 καὶ
1583 3866 1691 3934 τῷν
1741 3864 1909 3937 ἁγίων

263 3958 452 4028 αὐτοῦ,
485 3958 619 4032 πρὸς
652 3956 810 4011 αὐτὸν
845 3953 1149 4028 ἐξεδήμησε
1178 3952 1412 4029 χαίρων.

261 4074 362 4129 Καὶ
395 4073 624 4144 ἄθλησις
650 4076 748 4128 τοῦ
776 4072 927 4147 ὧγίου
963 4072 1236 4161 μάρτρρος
1283 4068 1614 4145 Ἡρακλείου
1662 4069 1751 4124 καὶ
1802 4075 1908 4125 τῶν

934 4144 1231 4216 σὺναῦτῷ.

332 4245 402 4300 Οἱ
431 4247 529 4298 τοῦ
565 4245 807 4316 Χριστοῦ
867 4243 1157 4316 μάρτυρες,
1212 4239 1560 4315 Ἡράκλειος,
1615 4238 1914 4311 Παυλῖνος,

262 4334 350 4388 καὶ
405 4330 725 4406 Βενέδιμος,
784 4331 838 4386 ἐν
898 4332 1154 4401 ’Δθήναις
1204 4333 1272 4403 τῇ
1331 4326 1492 4385 πόλει
1552 4331 1912 4405 ὑπάρχοντες,

263 4422 353 4476 καὶ
414 4420 733 4495 Χριστιανοὶ
789 4416 958 4490 ὄντες,
1044 4417 1337 4494 ἐκήρυττον
1391 4419 1453 4473 τὸ
1518 4422 1615 4473 τοῦ
1673 4417 1912 4495 Χριστοῦ

265 4508 440 4585 ὄνομα
468 4511 769 4587 παῤῥησίᾳ,
802 4512 1000 4572 πάντας
1031 4511 1162 4571 τοὺς
1213 4507 1620 4581 εἷδωλολάτρας
1671 4509 1911 4586 προτρέ-

265 4622 459 4664 ποντες
489 4599 805 4676 ἐπιστρέψαι
863 4599 970 4654 ἀπὸ
1025 4603 1134 4654 τῶν
1195 4599 1438 4671 ματαίων
1500 4595 1765 4668 εἰδώλων,
1823 4611 1914 4663 καὶ

275 4691 636 4764 βαπτισθῆναι
695 4688 770 4750 εἷς
823 4687 886 4743 τὸ
945 4684 1119 4760 ὄνομα
1173 4691 1270 4742 τοῦ
1346 4686 1580 4762 Πατρὸς,
1653 4688 1742 4741 καὶ
1817 4691 1914 4741 τοῦ

268 4780 414 4848 Υἱοῦ,
464 4780 558 4833 καὶ
613 4782 711 4833 τοῦ
765 4776 919 4851 ἁγίου
977 4776 1313 4849 Πνεόματος.
1376 4777 1476 4830 Διὰ
1547 4781 1709 4830 τοῦτο
1781 4796 1911 4849 κρα-

268 4868 518 4937 τηθέντες
594 4868 741 4941 παρά
814 4869 920 4921 τῶν
1010 4862 1450 4939 εἷδωλολατρῶν,
1535 4861 1912 4939 παρεδόθησαν

268 4960 346 5027 τῷ
400 4961 510 5010 τῶν
570 4956 815 5024 ’Δθηνῶν
871 4951 1120 5028 ἄρχοντιο
1177 4953 1269 5008 καὶ
1343 4951 1709 5026 ἐρωτηθέντες
1791 4975 1914 5008 συν-

271 5046 438 5114 ήθως,
501 5041 872 5118 ὡμολόγησαν
930 5044 1022 5098 τὸν
1091 5044 1352 5117 Χριστὸν,
1434 5039 1739 5114 διδάξαντες
1817 5042 1914 5116 μὶν

272 5133 426 5189 αὐτὸν
457 5134 583 5188 Θεὸν
630 5131 890 5202 ἀληθινὸν
926 5129 1069 5200 ὄντα,
1111 5131 1199 5187 καὶ
1246 5132 1592 5204 Δημιουργόν
1649 5139 1751 5201 τῆς
1795 5130 1913 5186 κτί-

271 5243 421 5285 σεως·
454 5223 522 5277 τὰ
570 5220 628 5276 δὲ
685 5219 888 5278 εἴδωλα
943 5218 1115 5294 ψευδῆ
1171 5219 1571 5293 ἀναπλάσματα
1627 5219 1686 5275 ἐκ
1743 5221 1911 5284 λίθων

269 5313 357 5366 καὶ
390 5310 568 5383 ξύλων
600 5311 1062 5384 κατεσκευασμένα
1108 5310 1198 5364 καὶ
1243 5313 1448 5384 τέχνης
1496 5304 1646 5384 ἔργα.
1701 5316 1916 5384 Παρορ-

270 5401 514 5474 γίσαντες
547 5399 638 5455 οῦν
672 5400 763 5455 τὸν
814 5398 1079 5474 ἄρχοντα,
1129 5400 1181 5454 ἐν
1231 5403 1310 5471 τῷ
1355 5399 1454 5467 τὴν
1512 5397 1770 5469 ἀλήθειαν
1823 5397 1913 5453 λέ-

266 5512 396 5564 γειν,
459 5490 764 5568 ἐτύφθησαν
826 5490 1089 5564 ἰσχυρῶςο
1148 5489 1240 5544 καὶ
1320 5485 1408 5543 διὰ
1483 5490 1657 5558 πάσης
1737 5485 1916 5558 ἄλλης

268 5580 536 5656 τιμωρίας
591 5579 860 5655 πρότερον
920 5576 1251 5644 διελθόντες,
1310 5577 1529 5652 ὕστερον
1615 5577 1749 5650 μετά
1804 5582 1910 5632 τῶν

2023 1938 2337 2011 giasmeni,
2371 1938 2482 1992 hoc
2516 1943 2624 2002 est,
2653 1935 3033 2000 Sanctificati,
3059 1935 3516 2006 appellationem
3538 1953 3674 2008 pro-

2023 2028 2261 2093 meruit,
2298 2032 2356 2081 et
2385 2027 2710 2082 multorum
2741 2024 3167 2080 miraculorum
3200 2030 3463 2096 patrator
3495 2027 3669 2080 exsti-

2025 2116 2111 2169 tit.
2148 2115 2542 2180 Quamobrem
2570 2113 2940 2169 admirabilis
2971 2119 3029 2168 et
3060 2113 3253 2168 clarus
3285 2113 3440 2184 apud
3463 2131 3672 2170 omnes

2025 2206 2289 2268 effectus,
2323 2222 2457 2260 cum
2489 2221 2610 2259 non
2634 2221 2906 2259 sermone
2938 2209 3190 2270 tantum,
3216 2204 3318 2259 sed
3341 2204 3516 2259 etiam
3539 2204 3670 2258 vitm

2022 2293 2288 2348 moribus
2318 2294 2594 2365 plurimis
2622 2293 2960 2365 profuisset,
2991 2293 3053 2348 in
3084 2293 3550 2364 profundissima
3579 2309 3670 2348 se-

2020 2387 2258 2437 nectute
2285 2383 2358 2438 ad
2389 2383 2575 2438 Deum
2606 2382 2895 2454 migravit.

2148 2473 2213 2526 Et
2239 2472 2505 2527 memoria
2532 2473 2710 2527 sancti
2746 2471 2996 2532 Achillit,
3026 2468 3267 2540 episcopi
3293 2471 3541 2528 Larissae.

2092 2649 2383 2704 Achillius
2403 2649 2872 2720 Thaumaturgus
2902 2649 3106 2703 ﬂoruit
3133 2649 3493 2720 imperatore
3514 2650 3669 2708 Con-

2023 2738 2284 2796 stantino
2315 2739 2541 2809 Magno.
2575 2742 2714 2792 Cum
2745 2743 2942 2792 autem
2969 2738 3438 2793 Christianorum
3459 2755 3668 2810 paren-

2021 2834 2147 2882 tum
2170 2827 2327 2881 ﬁlius
2351 2832 2524 2893 esset,
2551 2826 2623 2880 ab
2655 2827 2748 2880 his
2776 2827 3056 2896 pietatem
3081 2825 3344 2893 edoctus,
3371 2833 3670 2882 etextero-

2019 2933 2153 2972 rum
2183 2914 2520 2986 sapientum
2551 2914 2869 2984 disciplina
2893 2914 3220 2983 institutus,
3254 2915 3467 2969 deinde
3491 2916 3669 2971 etiam

2019 3006 2083 3060 in
2115 3004 2329 3058 divina:
2361 3003 2676 3074 Scriptura)
2707 3002 3092 3057 meditatione
3124 3002 3440 3074 diligenter
3459 3003 3667 3057 excul-

2019 3099 2134 3161 tus,
2166 3109 2400 3148 necnon
2431 3108 2704 3147 sermone
2736 3099 2795 3146 et
2823 3091 3035 3145 virtute
3067 3091 3329 3162 seipsum
3352 3108 3668 3161 exornans,

2019 3183 2265 3238 Larissaa
2289 3181 2552 3252 pontifex
2568 3180 3072 3236 initiatur.Postea
3088 3179 3160 3233 ob
3177 3179 3364 3234 multa
3385 3179 3670 3252 praeclare

2016 3278 2198 3345 gesta,
2235 3271 2510 3341 editaque
2540 3269 2830 3325 miracula
2853 3269 3085 3324 illustre
3135 3285 3348 3324 nomen
3396 3269 3667 3341 adeptus,

2014 3379 2135 3417 una
2159 3377 2293 3416 cum
2329 3359 2544 3414 divinis
2573 3358 2847 3414 Patribus
2887 3358 3141 3413 concilio
3191 3359 3426 3414 Nicaano
3481 3358 3670 3414 adfuit

2014 3451 2294 3506 adversus
2323 3450 2529 3504 Arium
2559 3449 2924 3504 haareticum.
2959 3449 3103 3503 Cum
3133 3466 3268 3503 vero
3300 3453 3542 3520 propter
3570 3465 3669 3503 or-

2015 3539 2334 3594 thodoxam
2347 3537 2836 3592 doctrinamloo
2851 3543 3090 3592 strenue
3106 3537 3669 3606 decertasset,atque

2017 3629 2328 3682 haereticos
2351 3625 2741 3691 confudisset,
2758 3625 3028 3680 omnium
3041 3625 3494 3679 admirationem
3509 3625 3666 3680 exci-

2017 3719 2471 3773 tavit.Reversus
2495 3721 2692 3770 autem
2717 3733 2787 3770 ex
2799 3715 2943 3769 urbe
2959 3715 3150 3770 Nicaea
3166 3715 3240 3770 ad
3260 3731 3425 3769 suam
3442 3715 3665 3781 sedem,

2017 3824 2152 3864 cum
2211 3805 2400 3860 multa
2457 3810 2751 3875 patrasset
2805 3803 3112 3867 miracula,
3197 3803 3548 3872 diversaque
3608 3807 3668 3856 et

2016 3912 2232 3965 magna
2263 3893 2484 3963 templa
2513 3893 2585 3946 ad
2617 3893 2718 3946 Dei
2753 3898 3213 3962 sanctorumque
3245 3892 3375 3963 ejus
3416 3890 3666 3964 gloriam

2020 3984 2355 4047 excitasset,
2386 3980 2651 4053 gaudens
2681 3980 2753 4035 ad
2786 3980 3103 4035 Dominum
3133 3980 3422 4051 migravit.

2019 4081 2082 4134 Et
2138 4085 2414 4135 certamen
2464 4079 2640 4132 sancti
2694 4077 2956 4147 martyn's
3041 4076 3288 4132 Heraclii
3371 4081 3422 4130 et
3492 4077 3666 4131 socio-

2761 4163 2908 4203 rum.

2090 4250 2374 4318 Martyres
2403 4246 2619 4301 Christi
2649 4245 2974 4312 Heraclius,
3003 4245 3288 4301 Paulinus
3337 4250 3396 4300 et
3425 4244 3669 4300 Benedi-

2019 4354 2171 4404 mus,
2205 4353 2274 4392 ex
2305 4335 2453 4390 urbe
2483 4335 2848 4390 Athenarum
2879 4335 3141 4393 oriundi.
3182 4352 3318 4390 cum
3348 4333 3668 4389 Christiani

2020 4431 2239 4491 essent,
2265 4440 2479 4496 magna
2500 4440 2632 4478 cum
2655 4422 2872 4478 ﬁducia
2888 4424 3103 4478 Christi
3128 4440 3348 4478 nomen
3376 4422 3666 4494 pradica-

2020 4515 2182 4580 bant,
2213 4529 2537 4583 omnesque
2557 4511 2903 4567 idololatras
2923 4512 3332 4577 hortabantur,
3361 4516 3426 4564 ut
3451 4528 3484 4565 a
3505 4510 3671 4565 vanis

2023 4603 2199 4659 idolis
2229 4602 2598 4665 recederent,
2631 4605 2690 4655 et
2717 4601 3156 4671 baptizarentur
3182 4600 3244 4653 in
3291 4598 3532 4652 nomine
3563 4601 3670 4652 Pa-

2024 4693 2150 4756 tris,
2187 4696 2245 4745 et
2274 4690 2426 4753 Filii,
2459 4694 2518 4743 et
2535 4689 2785 4759 Spiritus
2812 4687 3418 4752 sancti.Quamobrem
3445 4686 3516 4740 ab
3543 4686 3669 4740 ido-

2024 4780 2252 4835 lolatris
2267 4777 3064 4848 comprehensi,Athenarum
3080 4776 3317 4847 prasidi
3335 4775 3669 4830 traduntur.

2029 4872 2294 4938 Cumque
2328 4867 2399 4920 de
2416 4883 2578 4920 more
2603 4866 2944 4938 interrogati
2972 4871 3190 4926 essent,
3216 4866 3512 4920 Christum
3534 4882 3670 4935 pro-

2026 4959 2284 5023 fitentes,
2314 4955 2605 5010 docebant
2626 4955 2819 5026 ipsum
2838 4956 3019 5009 Deum
3034 4971 3236 5010 verum
3251 4971 3476 5022 esse,ac
3499 4957 3675 5010 Crea-

2027 5053 2212 5101 torem
2244 5044 2502 5099 universi
2529 5061 2542 5109 ;
2577 5042 2736 5096 idola
2766 5059 2899 5098 vero
2931 5044 3079 5098 falsa
3111 5044 3411 5116 figmenta,
3442 5060 3508 5097 ex
3532 5042 3674 5114 lapi-

2025 5135 2198 5191 dibus
2231 5139 2288 5188 et
2312 5133 2489 5204 lignis
2522 5131 2810 5199 confecta,
2831 5149 2898 5187 ac
2921 5134 3065 5187 artis
3086 5149 3285 5203 opera.
3312 5133 3471 5187 Hanc
3497 5132 3678 5203 igitur

2024 5224 2328 5278 veritatem
2364 5221 2682 5292 loquendo,
2719 5221 2778 5275 in
2812 5222 2958 5276 iram
2984 5223 3318 5276 excitarunt
3342 5220 3675 5292 praesidem,

2025 5313 2198 5384 cujus
2223 5311 2397 5382 jussu
2426 5309 2748 5364 crudeliter
2789 5311 2922 5364 caesi
2977 5317 3133 5376 sunt,
3191 5327 3256 5364 ac
3309 5309 3512 5380 quovis
3562 5309 3677 5363 alio

2026 5407 2319 5456 tormento
2353 5400 2611 5471 primum
2635 5400 2951 5455 excruciati
2979 5417 2991 5466 ;
3015 5405 3219 5470 postea
3248 5417 3382 5453 vero
3407 5415 3522 5452 una
3544 5413 3680 5452 cum

2028 5489 2336 5562 discipulis
2360 5489 2484 5544 suis
2516 5488 2576 5542 in
2610 5489 2911 5560 ingentem
2943 5489 3096 5561 ignis
3125 5489 3426 5544 fornacem
3451 5487 3677 5558 injecti,

2026 5581 2206 5635 ﬁnem
2237 5577 2469 5633 vivendi
2499 5577 2786 5632 fecerunt.

273 5674 531 5742 μαθητῶν
564 5668 747 5724 αὐτῶν
781 5668 856 5731 εἰς
888 5668 1118 5741 κάμινον
1156 5666 1397 5744 μεγάλην
1424 5661 1798 5740 ἐμϐληθέντας
1825 5667 2015 5742 πυρὸς,
2049 5664 2464 5736 ἐτελειώθησαν.

546 5789 814 5851 Panos.
858 5789 982 5848 Gn.
1023 5786 1264 5848 CXVII.

3317 5781 3393 5839 15
