4134 6302
479 373 603 434 459

1808 355 2235 422 MENOLOGII
2284 357 2486 418 PARS
2533 359 2637 420 Ill.

3767 355 3891 416 460

481 508 547 562 Et
595 509 866 560 certamen
920 502 1097 556 sancti
1174 501 1324 554 Petri
1395 496 1654 566 martyris
1728 500 1778 550 et
1857 492 2128 548 sociorum

2264 487 2348 542 (αἱ
2398 487 2628 559 ἄθλησις
2681 491 2780 544 τοῦ
2837 487 3015 566 ἁγίουΔ
3052 489 3327 566 μάρτυρας
3387 488 3592 563 Πέτρου
3651 485 3740 541 καὶ
3787 494 3892 556 τῆς

1237 573 1371 641 ejus.

559 713 766 766 Petrus
796 708 1013 764 Christi
1045 712 1269 778 martyr
1317 721 1386 760 ex
1435 705 1758 774 Lampsaco
1807 699 1954 756 urbe
2002 697 2132 753 fuit.

483 802 960 873 Comprehensus
981 804 1178 855 autem
1202 798 1274 853 ab
1307 797 1602 852 idolorum
1627 790 2137 860 cultoribus.praa-

485 891 596 947 sidi
631 890 820 961 Abydi
854 889 1125 945 traditur.
1159 889 1428 958 Cumque
1459 884 1635 940 idolis
1667 880 2002 937 sacriﬁcare
2032 877 2135 931 de-

487 985 783 1044 trectaret,
808 980 1060 1034 contrito
1085 977 1260 1050 lignis
1282 990 1548 1046 corpore,
1573 972 1847 1044 spiritum
1872 965 2132 1022 tradidit.

485 1069 705 1124 Paulus
736 1073 934 1124 autem
968 1074 1026 1122 et
1054 1067 1342 1131 Andreas,
1377 1066 1478 1135 qui
1523 1062 1630 1117 sub
1687 1059 1892 1115 eodem
1945 1054 2134 1127 Abydi

484 1157 738 1230 prmside
772 1158 991 1212 milites
1024 1162 1213 1221 erant,
1245 1170 1366 1210 una
1397 1169 1530 1209 cum
1585 1150 1688 1204 illo
1735 1148 1992 1203 Athenas
2036 1159 2138 1198 ve-

486 1247 740 1302 nientes.
766 1246 1111 1318 Dionysium
1140 1251 1197 1300 et
1218 1243 1577 1300 Christinam
1600 1237 2062 1308 comprehensos
2082 1237 2141 1287 et

488 1337 552 1390 in
578 1351 875 1390 carcerem
909 1333 1202 1398 detrusos,
1248 1331 1404 1403 jussi
1439 1334 1579 1385 sunt
1609 1325 1928 1382 custodire.
1963 1322 2074 1376 Sed
2105 1336 2141 1375 θ,

490 1429 694 1478 sancta
723 1423 1020 1478 Christina
1061 1422 1275 1486 edocti,
1330 1420 1520 1492 patrio
1575 1415 1870 1471 idolorum
1917 1427 2139 1480 errore,

488 1531 664 1585 quem
705 1530 739 1568 a
771 1513 1096 1584 majoribus
1127 1515 1498 1581 acceperant,
1534 1505 1840 1570 derelicto,
1873 1503 1945 1557 ad
1969 1499 2137 1556 Chri-

486 1609 642 1659 stum
667 1600 1372 1672 accessere.Deprehensi
1401 1599 1620 1668 itaque,
1637 1593 1797 1666 quod
1819 1588 2138 1647 Christiani

492 1699 713 1756 essent,
765 1693 900 1764 ipsi,
962 1692 1108 1747 101
1179 1691 1447 1761 inquam,
1507 1693 1565 1741 et
1622 1681 1960 1754 Dionysius,
2017 1677 2140 1750 pri-

493 1798 658 1838 mum
689 1781 930 1852 quidem
971 1780 1250 1851 plurimis
1305 1775 1634 1849 suppliciis,
1686 1771 1845 1844 quod
1890 1767 2140 1840 impuris

2834 558 3080 622 συνοδίας
3109 558 3294 618 αὐτοῦ.

2315 693 2542 768 Πέτρος,
2578 695 2734 749 ὁτοῦ
2789 694 3024 770 Χριστοῦ
3085 692 3309 768 μάρτυς,
3362 691 3428 760 ἦν
3480 689 3539 745 ἐκ
3587 691 3896 763 Λαμψάκου

2243 785 2342 844 τῆς
2371 783 2610 846 πόλεως·
2648 784 2936 860 κρατηθεὶς
2986 780 3043 838 δέ
3099 783 3245 858 παρὰ
3291 786 3397 836 τῶν
3449 778 3895 855 εἰδωλολατρῶν,

2247 871 2521 948 παρεδόθη
2553 875 2633 946 τῷ
2665 882 2764 943 τῆς
2795 869 3028 931 Ἀϐύδου
3080 871 3328 948 ἄρχοντι·
3385 872 3471 926 καὶ
3530 871 3608 944 μή
3656 871 3897 934 πεισθεὶς

2247 964 2402 1024 θῦσαι
2458 967 2574 1024 τοῖς
2629 959 2905 1032 εἰδώλοις,
2967 959 3153 1032 ξύλοις
3238 954 3538 1032 συντριϐεὶς
3592 957 3656 1012 τὸ
3709 964 3896 1030 σῶμα,

2245 1047 2528 1125 παρέδωκε
2583 1053 2646 1106 τὸ
2704 1055 2940 1123 πνεῦμα,
3001 1049 3216 1111 Παῦλος
3301 1046 3358 1102 δὶ
3441 1046 3530 1102 καί
3611 1045 3896 1122 Ἀνδρέας,

2248 1142 2663 1216 στρατευόμενοι
2697 1140 2798 1194 ὑπὸ
2855 1144 2934 1212 τῷ
2992 1138 3139 1211 αὐτῷ
3193 1145 3293 1208 τῆς
3351 1131 3587 1192 Ἀϐύδου
3645 1135 3897 1211 ἄρχοντι,

2249 1229 2343 1283 σὺν
2375 1229 2559 1302 ἐκείνῳ
2587 1229 2684 1291 τὰς
2731 1229 2963 1298 Ἀθήνας
3008 1221 3334 1295 κατέλαϐον,
3393 1225 3482 1280 καὶ
3529 1226 3895 1299 κρατηθέντας

2249 1319 2530 1373 Διονύσιον
2585 1317 2675 1372 xui
2732 1316 3042 1392 Χριστίναν,
3124 1314 3214 1370 καὶ
3301 1317 3520 1392 φυλακῇ
3604 1333 3897 1388 παραπεμ-

2249 1407 2474 1484 φθέντας
2522 1405 2973 1482 προσετάχθησαν
3037 1403 3347 1480 φυλάττειν.
3399 1403 3467 1459 Οἱ
3516 1399 3572 1456 δὲ
3633 1402 3735 1456 ὑπὸ
3791 1408 3900 1470 τῆς

2250 1494 2402 1570 ἁγίας
2458 1495 2749 1570 Χριστίνης
2839 1491 3206 1567 διδαχθέντες,
3264 1491 3476 1566 ἀφῆκαν
3533 1491 3634 1559 τὴν
3691 1511 3902 1564 πατρο-

2248 1581 2557 1657 παράδοτον
2591 1583 2804 1653 πλάνην
2857 1587 2965 1637 τῶν
3013 1579 3280 1649 εἰδώλων,
3329 1579 3418 1634 καὶ
3471 1578 3786 1654 προσῆλθον
3818 1583 3906 1651 τῷ

2248 1675 2484 1746 Χριστῷ·
2537 1673 2624 1728 xui
2687 1670 3039 1748 γνωσθέντες,
3099 1669 3181 1725 ὅτι
3249 1669 3569 1746 Χριστιανοὶ
3626 1666 3903 1745 ἐγένοντο,

2253 1761 2406 1818 αὐτοὶ
2440 1763 2534 1835 μὲν
2565 1761 2656 1817 καὶ
2687 1760 2990 1832 Διονύσιος⁹
3036 1760 3301 1834 πρότερον
3350 1756 3588 1820 πολλαῖς
3643 1757 3904 1832 βασάνοις

497 1870 810 1926 daemoniis
841 1871 1176 1925 sacriﬁcare
1207 1867 1458 1934 nollent,
1493 1862 1892 1936 subjiciuntur
1917 1875 1928 1911 :
1953 1874 2020 1912 ac
2041 1841 2150 1910 de?

2264 1847 2675 1923 ξιποϐληθέντες,
2737 1848 2827 1905 διὰ
2879 1850 2942 1905 τὸ
3004 1851 3080 1921 μὴ
3141 1849 3296 1902 θῦσαι
3377 1853 3494 1911 τοῖς
3569 1847 3906 1921 ἀκαθάρτοις

500 1977 666 2016 mum
699 1959 995 2031 lapidibus
1029 1959 1380 2013 obruuntur.
1408 1956 1621 2010 Sancta
1667 1967 1802 2006 vero
1851 1945 2150 2002 Christina

502 2065 820 2106 accurrens
851 2048 925 2104 ad
955 2049 1090 2104 illos
1122 2065 1189 2104 ac
1219 2048 1482 2119 plorans,
1516 2042 1708 2115 capite
1737 2039 1912 2111 plexa
1934 2041 2042 2092 est.

505 2244 569 2300 Et
599 2251 870 2303 certamen
898 2252 1211 2302 sanctorum
1256 2247 1562 2310 martyrum
1610 2235 1903 2302 Simeom’s,
1954 2229 2156 2287 Isaacii

1100 2322 1152 2370 et
1181 2311 1548 2369 Bachthisoz.

573 2459 1100 2528 Simeon,Isaacius
1116 2461 1174 2512 et
1192 2447 1818 2516 Bachthisoes,Christi
1839 2449 2152 2516 martyres,

503 2550 749 2606 fuerunt
774 2565 844 2603 ex
866 2547 1124 2604 Persidis
1147 2545 1386 2616 regione
1408 2534 1957 2612 temporibusimpii
1980 2534 2156 2604 Sapo-

503 2639 760 2694 ris.Cum
786 2654 921 2692 vero
955 2633 1275 2691 Christiani
1317 2634 1537 2695 essent,
1571 2623 1987 2698 camprehensi
2018 2624 2160 2675 sunt

504 2745 539 2784 a
567 2727 906 2800 pyrolatris,
941 2726 1052 2780 hoc
1085 2731 1194 2786 est,
1227 2721 1299 2778 ab
1327 2720 1479 2793 ignis
1503 2715 1950 2774 adoratoribus:
1984 2716 2044 2766 et
2063 2709 2157 2765 Sa-

503 2797 634 2889 pori
665 2816 888 2881 traditi,
916 2815 1072 2887 jussi
1104 2817 1246 2868 sunt
1274 2809 1576 2866 Christum
1606 2805 1922 2876 abnegare,
1956 2807 2015 2856 et
2043 2797 2154 2854 soli

502 2906 744 2979 ignique
769 2903 1125 2960 sacrificare.
1149 2904 1220 2956 At
1251 2900 1337 2954 illi
1365 2896 1822 2968 responderunt,
1849 2891 2113 2946 dicentes
2139 2903 2153 2941 :

508 2995 808 3050 Christum
837 3007 1216 3064 nequaquam
1274 2989 1656 3060 abnegamus,
1707 2987 1909 3054 utpote
1951 2994 2154 3034 verum

506 3085 693 3140 Deum
724 3101 790 3139 ac
822 3099 1022 3138 rerum
1054 3080 1323 3135 omnium
1357 3076 1734 3132 Conditorem
1764 3091 1778 3138 ;
1813 3070 1999 3125 solem
2021 3084 2153 3121 vero

2259 1940 2532 2015 δαίμοσιν,
2619 1939 2836 2016 ὕστερον
2923 1933 3421 2008 έλιθοϐολήθησαν.
3514 1941 3572 1991 Ἡ
3647 1933 3704 1991 δὲ
3776 1935 3909 2009 ἁγία

2257 2031 2523 2106 Χριστίνα
2555 2029 2883 2085 ἐπιπεσοῦσα
2912 2028 3091 2089 αὐτνῖς
3121 2026 3208 2082 καὶ
3239 2025 3538 2096 κλαύσασα,
3567 2027 3666 2096 τήν
3716 2025 3911 2098 τιμίαν

2257 2122 2348 2176 xui
2378 2121 2526 2195 ἱερὰν
2557 2117 2801 2197 κεφαλὴν
2836 2119 3148 2191 ἀπετμήθη.

2261 2254 2358 2311 Καὶ
2391 2254 2618 2325 ἄθλησις
2646 2257 2754 2308 τῶν
2785 2252 2956 2342 ἁγίων
2971 2250 3281 2386 Βμαρὸτύίέων
3332 2248 3583 2322 Κυμεὼν,
3633 2248 3914 2305 Ἰσαακίου

2846 2344 2936 2378 και
3017 2341 3086 2386 αγ
3135 2343 3183 2375 ισ
3222 2341 3304 2378 ου.

2846 2341 2936 2378 και
2971 2341 3304 2397 ῠαχθισοου.

2336 2457 2587 2532 Συμεὼν,
2638 2457 2926 2523 Ἰσαάκιος,
2972 2455 3062 2509 καὶ
3117 2453 3450 2529 Βαχθισόης,
3510 2453 3563 2506 oi
3621 2455 3716 2506 τοῦ
3777 2453 3914 2525 Χρι-

2262 2553 2390 2604 στοῦ
2423 2551 2712 2624 μάρτυρες,
2741 2547 2994 2620 ὑπῆρχοι
3029 2545 3087 2600 ἐκ
3126 2551 3226 2613 τῆς
3269 2544 3457 2618 χώρας
3508 2539 3765 2615 ΙΙέρσίδος
3814 2540 3911 2596 ἐπὶ

2265 2634 2553 2713 Σαϐωρίου
2633 2641 2734 2692 τοῦ
2818 2634 3162 2708 παρανόμου.
3249 2632 3558 2707 Χριστιανοῖ
3617 2627 3673 2684 δὲ
3732 2626 3915 2702 ὄντες,

2260 2727 2632 2802 ἐκρατήθησαν
2695 2725 2799 2780 ὑπὸ
2855 2728 2964 2778 τῶν
3017 2721 3397 2796 πυρολατρῶν,
3455 2721 3545 2774 καὶ
3600 2717 3918 2795 παρεδόθη-

2261 2822 2467 2890 σαντῷ
2501 2811 2795 2889 Σαϐωρίῳ,
2851 2813 2942 2867 καὶ
2999 2811 3366 2888 ἠναγκάζοντο
3426 2810 3758 2884 ἀρνήσασθαι
3813 2809 3912 2881 μὲν

2259 2911 2350 2966 τὸν
2386 2908 2644 2982 Χριστὸν,
2678 2908 2834 2960 θῦσαι
2869 2901 2926 2958 δὲ
2953 2907 3031 2974 τῷ
3060 2902 3208 2974 ἡλίῳ
3253 2901 3343 2956 καὶ
3398 2905 3476 2971 τῷ
3522 2899 3675 2972 πυρί.
3733 2899 3798 2956 Οἱ
3851 2895 3919 2952 δὲ

2261 2994 2665 3074 ἀποκριθέντες,
2717 2993 2807 3050 καὶ
2867 2993 3108 3053 εἰπόντες
3165 2991 3270 3061 ὅτι,
3330 2991 3436 3048 Τὸν
3527 2989 3755 3063 Χριστὸν
3813 2987 3916 3060 μὲν

2262 3088 2362 3143 οὐκ
2391 3086 2724 3161 ἀρνούμεθα,
2751 3082 2878 3136 Θεὸν
2913 3081 3170 3152 ἀληθινὸν
3219 3079 3366 3148 ὅντα,
3419 3077 3508 3132 καὶ
3561 3076 3914 3149 Δημιουργὸν

509 3179 685 3244 atque
718 3175 936 3244 ignem,
971 3171 1072 3241 qui
1105 3170 1175 3224 ab
1209 3169 1335 3239 ipso
1355 3166 1492 3220 facti
1515 3169 1674 3229 sunt,
1703 3161 1879 3233 plane
1902 3156 2152 3228 despici-

2267 3177 2483 3230 πάντων
2524 3176 2633 3226 τῶν
2661 3167 2995 3243 κτισμάτων·
3053 3167 3144 3222 τὸν
3208 3163 3266 3220 δέ
3321 3163 3483 3234 ἣλιον
3544 3163 3633 3218 καὶ
3685 3163 3747 3217 τὸ
3805 3166 3920 3236 πῦρ

2275 3261 2286 3274 ς
2562 3257 2573 3274 ι
2655 3259 2679 3274 Α
2896 3255 2907 3274 ι
3216 3252 3228 3270 ’
3281 3255 3332 3274 λυ
3410 3250 3743 3274 ,,,____'.,._.__
3839 3247 3920 3274 -5-

510 3280 663 3318 mus.
696 3261 1094 3328 Quamobrem
1127 3257 1365 3330 tyranni
1396 3256 1546 3310 iram
1580 3253 1933 3315 excitarunt,
1985 3247 2156 3318 cujus

504 3352 680 3423 jussu
710 3350 986 3405 manibus
1016 3347 1387 3420 pedibusque
1414 3360 1484 3399 ex
1513 3348 1768 3413 quatuor
1788 3337 2055 3410 partibus
2084 3334 2156 3389 li-

510 3439 648 3511 gati,
684 3439 1004 3493 crudeliter
1033 3436 1170 3492 cassi
1203 3440 1358 3489 sunt.
1395 3429 1618 3487 Deinde
1640 3429 1701 3483 in
1732 3441 2032 3483 carcerem
2055 3423 2158 3478 de-

510 3527 678 3592 trusi,
712 3525 945 3581 nullum
976 3540 1083 3596 per
1113 3524 1239 3579 dies
1273 3526 1501 3592 septem
1531 3517 1732 3572 cibum
1779 3517 2161 3585 acceperunt.

510 3617 779 3671 Posthaec
811 3633 840 3670 e
873 3630 1108 3670 carcere
1140 3611 1358 3678 educti,
1391 3624 1526 3664 cum
1558 3604 1921 3676 multiplices
1939 3600 2162 3657 crucia-

511 3712 606 3761 tus
636 3705 1044 3777 pertulissent,
1077 3702 1318 3757 demum
1368 3697 1550 3754 alacri
1608 3695 1811 3750 animo
1866 3691 2049 3747 sacris
2093 3705 2161 3744 ac

507 3794 861 3851 venerandis
893 3791 1184 3865 capitibus
1218 3785 1579 3852 obtruncati,
1629 3781 1982 3853 martyrium
2014 3793 2161 3834 con-

511 3888 906 3942 summarunt.

1061 3997 1305 4053 EODEM
1346 3994 1489 4048 MEN
1497 3991 1596 4047 SE.

1043 4121 1146 4175 Die
1178 4118 1414 4174 decima
1443 4119 1611 4170 sexta

517 4249 797 4304 Certamen
853 4251 1168 4302 sanctorum
1232 4247 1547 4312 martyrum
1602 4235 1774 4291 Abdae
1821 4239 1874 4289 et
1919 4231 2163 4288 Abdiesu

943 4317 1324 4387 episcoporum
1353 4308 1406 4365 et
1433 4308 1729 4366 sociorum.

587 4448 837 4505 Sanctus
867 4442 1158 4499 Abdiesus
1191 4439 1504 4511 epi500pus
1533 4436 1597 4491 in
1644 4430 1908 4502 Perside,
1967 4447 2002 4488 a
2029 4447 2165 4503 pro-

513 4537 644 4609 prio
672 4540 910 4606 nepote,
945 4532 1046 4604 qui
1094 4531 1380 4586 diaconus
1412 4530 1556 4592 erat,
1603 4520 1988 4578 denuntiatus
2038 4519 2161 4592 regi

512 4608 848 4691 Persarum,
883 4625 942 4678 et
969 4617 1460 4691 comprehensus,
1493 4628 1614 4670 una
1629 4627 1764 4667 cum
1786 4609 1887 4665 alii
1914 4608 2161 4681 triginta

511 4731 720 4770 novem
751 4711 1122 4777 Christianis,
1155 4707 1229 4764 ad
1247 4707 1442 4778 ipsum
1466 4701 1800 4759 adducitur.
1833 4699 2160 4770 Interroga-

509 4807 604 4857 tus
634 4810 852 4866 autem,
886 4801 1306 4868 Christumque
1339 4793 1665 4866 professus,
1692 4788 1766 4844 ad
1787 4787 2030 4842 fratrem
2061 4803 2156 4842 re-

509 4889 597 4962 gis
629 4890 903 4956 mittitur,
925 4895 991 4943 ut
1021 4890 1093 4942 ab
1126 4887 1229 4941 illo
1262 4882 1576 4939 tormentis
1607 4877 2019 4950 subjiceretur.
2045 4873 2158 4929 Sed

509 4993 644 5033 eum
677 4977 1054 5033 sermonibus
1095 4973 1314 5030 divinis
1345 4973 1728 5044 redarguens,
1765 4972 2005 5037 stupore
2023 4965 2160 5018 aﬂ‘e-

511 5066 609 5122 cit.
643 5066 927 5131 Quocirca
953 5064 1198 5120 funibus
1231 5061 1560 5120 devinctus.
1595 5057 1747 5113 I02
1777 5062 1953 5126 atque
2003 5053 2160 5107 inter

511 5156 674 5227 ligna
702 5161 1034 5210 coarctatus
1059 5158 1167 5214 est,
1201 5166 1454 5220 ossaque
1474 5151 1602 5219 ejus
1625 5145 1899 5201 contrita.
1936 5141 2156 5196 Deinde

511 5247 934 5301 semimortuus
965 5245 1026 5298 in
1059 5257 1356 5297 carcerem
1390 5238 1725 5309 conjicitur,
1769 5234 2003 5289 nullum
2053 5249 2159 5304 per

507 5335 726 5389 multos
751 5334 876 5388 dies
895 5333 1092 5388 cibum
1118 5331 1452 5401 degustans.
1480 5325 1746 5380 Postliaec
1768 5322 2157 5394 comprehen-

507 5441 608 5478 sus
640 5423 818 5478 etiam
865 5421 1059 5476 Abdas
1109 5418 1422 5489 episcopus
1472 5431 1606 5470 cum
1658 5411 1860 5482 viginti
1913 5417 1971 5464 et
2026 5414 2157 5464 octo

508 5515 669 5583 viris,
699 5531 953 5586 quorum
985 5511 1086 5567 alii
1121 5507 1452 5581 presbyteri
1486 5509 1675 5568 erant,
1713 5509 1770 5557 et
1813 5501 2069 5567 diaconi,
2103 5505 2162 5554 et

508 5609 728 5662 sanctas
757 5603 1037 5677 virgines,
1062 5605 1120 5656 et
1148 5597 1452 5662 mulieres,
1474 5597 1535 5651 in
1563 5592 1838 5650 eumdem
1859 5604 2159 5646 carcerem

509 5695 787 5754 detrusus
820 5697 946 5752 est:
978 5689 1082 5749 ubi
1113 5688 1186 5747 ab
1218 5687 1494 5762 episcopo
1526 5683 1789 5742 Abdiesu
1828 5678 2162 5737 edoceban-

2269 3257 2738 3332 ἀποστρεφόμεθα,
2821 3255 3089 3327 κτίσματα
3171 3252 3337 3307 αὐτοῦ
3405 3250 3767 3326 τυγχάνοντα,
3837 3247 3922 3311 εἷς

2265 3349 2433 3424 ἀργήν
2467 3346 2719 3416 ἐκίνησαν
2746 3345 2836 3399 τὸν
2889 3343 3173 3417 τύραννον.
3232 3340 3330 3395 Διὰ
3368 3343 3530 3394 τοῦτο
3575 3335 3810 3401 δεθέντες
3858 3337 3928 3392 ἐκ

2262 3435 2535 3511 τεσσάρων
2598 3438 2789 3508 χεῖρας
2844 3431 2932 3486 καὶ
2993 3427 3188 3498 πόδας,
3259 3426 3559 3504 ἐτύφθησαν
3641 3424 3919 3499 ἰσχυρῶς·

2266 3526 2377 3580 εἶτα
2430 3510 2804 3592 ἐνεϐλήθησαν
2867 3518 2942 3580 είς
3004 3514 3279 3595 φυλακὴν,
3347 3515 3435 3570 ἐπὶ
3494 3513 3626 3570 έπτᾶ
3680 3510 3922 3588 ἡμέραις

2269 3616 2346 3687 μὴ
2382 3605 2781 3687 μεταλαϐόντες
2820 3609 3050 3684 τροφῆς.
3099 3608 3250 3662 Μετὰ
3305 3607 3474 3658 ταῦτα
3514 3609 3615 3671 τῆς
3663 3600 3924 3678 φῦλακῆς

2264 3697 2617 3772 ἐκϐληθέντες
2671 3696 2762 3752 καὶ
2817 3693 3110 3770 διαφόρους
3170 3694 3438 3770 βασάνους
3499 3690 3919 3762 ὑπομείναντες,

2264 3791 2426 3852 τέλος
2454 3789 2550 3850 τὰς
2577 3786 2762 3860 τιμίας
2793 3784 2883 3840 xui
2915 3784 3060 3859 ἱερὰς
3094 3782 3268 3838 αὐτῶν
3310 3780 3552 3861 κεφαλὰς
3605 3780 3919 3856 προθύμως

2267 3879 2696 3954 ἀποτμηθέντες,
2729 3873 3145 3944 ἐτελειώθησαν.

2820 4000 3006 4056 MHNI
3042 4002 3126 4078 rp
3165 3998 3364 4078 ΛΥΤῼ.

2881 4171 2885 4174 .
3059 4105 3128 4173 Ιζ’

2265 4209 2541 4282 νΔθλησις
2571 4205 2876 4282 τῶνᾳὰγίων
2912 4198 3405 4282 μαρτύρ-ωνύἌϐδᾶ
3449 4201 3540 4282 καὶ
3564 4197 3916 4282 μἈϐδιησοῦ,

2540 4286 2648 4338 τῶν
2685 4273 3021 4349 ἐπὶσκότέων,
3043 4273 3135 4332 xui
3163 4280 3273 4331 τῶν
3306 4274 3400 4331 σὺν
3430 4273 3640 4338 αὐτοῖς.

2336 4418 2399 4475 Ὀ
2429 4415 2584 4490 ἅγιος
2617 4406 2969 4481 ’Δεδιησσῦς,
2999 4406 3301 4470 ἐπίσκοπος
3334 4404 3406 4461 ὢν
3441 4405 3492 4461 έν
3522 4402 3764 4480 Περσίδι,
3814 4422 3918 4459 κα-

2265 4503 2598 4579 ταμηνυθεὶς
2625 4505 2706 4572 τῷ
2760 4497 2976 4574 βασιλεῖ
3019 4500 3236 4572 Περσῶν
3302 4495 3407 4550 ὑπὸ
3443 4498 3539 4550 τοῦ
3588 4491 3729 4546 ἰδίου
3786 4492 3915 4546 ἀνε-

2191 4573 2418 4670 ¹)ιι.ιιοῐ’›,
2501 4589 2753 4647 διακόνου
2823 4582 2998 4658 ὄντος,
3069 4585 3158 4640 καὶ
3239 4582 3550 4657 κρατηθεὶς,
3628 4580 3761 4654 μετὰ
3817 4579 3914 4633 καὶ

2268 4668 2463 4759 έτέρων
2496 4681 2788 4756 αριάκοντα
2815 4676 2904 4730 xui
2964 4673 3113 4729 ἐννέα
3159 4677 3516 4747 Χριστιανῶν,
3566 4669 3719 4746 ἢχθη
3770 4668 3913 4742 πρὸς

2265 4776 2447 4832 αὐτόν.
2501 4771 2597 4827 Καὶ
2657 4767 2980 4843 ἐρωτηθεὶς,
3065 4763 3403 4840 ὡμολόγησε
3473 4764 3567 4818 τὸν
3649 4760 3910 4835 Χριστόν.

2265 4859 2572 4930 Ἀπεστάλη
2605 4858 2696 4912 οῦν
2729 4856 2866 4930 πρὸς
2895 4855 2984 4909 τὸν
3021 4850 3255 4930 ἀδελφὸν
3284 4849 3385 4906 τοῦ
3419 4849 3714 4926 βασιλέως,
3756 4847 3911 4910 ὅπως

2269 4955 2356 5010 ὑπ’
2424 4947 2630 5006 ἐκείνου
2685 4945 2999 5018 τιμωρηθῇ.
3060 4939 3240 4999 Ἀλλᾶ
3292 4939 3383 4995 xui
3443 4939 3645 4994 ἐκεῖνον
3720 4935 3918 5011 λόγοις

2265 5040 2548 5113 θεοσόφοις
2631 5034 2876 5108 ἐλέγξας,
2952 5030 3277 5100 κατέπληξε.
3364 5029 3462 5083 Διά
3514 5033 3676 5083 τοῦτο
3745 5023 3919 5088 δεθεὶς

2268 5110 2557 5205 σχοινίοις,
2586 5123 2676 5180 καὶ
2708 5121 3023 5200 συσφιγγεῖς
3072 5119 3146 5180 εἰς
3195 5117 3328 5192 ξύλα
3385 5118 3568 5190 μέσον,
3626 5110 3913 5191 συνετρίϐη

2263 5221 2331 5275 τὰ
2359 5217 2508 5272 ὀστᾶο
2552 5217 2666 5269 εἶτα
2723 5210 2916 5287 ἐρῥίφη
2969 5209 3022 5263 ἐν
3081 5208 3299 5286 φυλακῇ
3369 5205 3498 5260 ὡσεὶ
3556 5206 3768 5279 νεκρὸς,
3834 5205 3913 5276 μή

2272 5310 2518 5385 μετέχων
2575 5308 2784 5378 τροφῆς
2845 5300 2933 5354 ἐπὶ
2990 5297 3229 5385 πολλαῖς
3284 5296 3542 5371 ἡμέραις.
3605 5294 3702 5351 Καὶ
3782 5294 3917 5367 μετὰ

2265 5381 2441 5456 ταῦταή
2496 5390 2784 5461 κρατηθεές
2863 5390 2952 5442 xui
3041 5381 3235 5446 Ἀϐδᾶς
3289 5386 3316 5438 ὁ
3375 5384 3691 5451 ἐπίσκοπος,
3782 5383 3918 5446 μετὰ

2267 5485 2472 5561 ἀνδρῶν
2520 5481 2691 5536 εἰκοσι
2747 5478 2838 5534 xui
2898 5477 3063 5546 ὀκτὼ,
3123 5469 3525 5549 πρεσϐυτέρων,
3583 5473 3673 5528 καὶ
3732 5470 3918 5526 διακό-

2263 5597 2392 5644 νων,
2419 5572 2510 5629 xui
2536 5567 2813 5642 παρθένων
2842 5566 3034 5640 ἁγίων,
3082 5563 3171 5620 xui
3229 5566 3522 5636 γυναικῶν,
3579 5561 3913 5632 ἀπεκλείσθη

2266 5666 2320 5722 έν
2361 5667 2431 5738 τῇ
2489 5658 2727 5739 φυλακῇο
2787 5651 2913 5720 ἔνθα
2969 5651 3318 5710 έδιδάσκοντα
3379 5651 3482 5708 ὑπὸ
3538 5655 3634 5707 τοῦ
3687 5649 3915 5706 ἐπισκό-
