4158 6310
253 368 363 428 461

1810 369 1864 431 Μ
1871 369 2077 434 AIUS.

3531 388 3658 446 462

247 519 352 554 που
377 494 706 571 Ἀϐδιησοῦ·
764 499 856 555 καὶ
926 502 1057 574 μενά
1115 500 1310 576 ὀλίγας
1369 501 1582 575 ἡμέρας
1638 505 1738 572 τῆς
1797 521 1898 576 φυ·

2014 510 2124 562 tur.
2161 508 2410 566 Demum
2442 515 2575 584 post
2604 513 2835 584 aliquos
2865 512 3018 584 fdies
3050 530 3079 568 e
3107 530 3341 570 carcere
3393 519 3638 574 extracti

251 588 419 658 λακῆς
446 585 828 663 ἐκϐληθέντες,
862 591 1089 652 ἅπαντες
1117 589 1644 667 ἀπεκεφαλίσθησαν.

250 689 346 744 Καὶ
406 691 596 764 μνήμη
657 695 753 766 τού
832 692 984 766 ὁσίου
1070 692 1276 766 Πατρός
1354 693 1514 762 ἡμῶν
1599 688 1896 766 Γεωργίου,

724 761 1025 817 ἐπισκόπου
1055 761 1399 832 Μιτυλήνης.

315 861 670 935 Γεώργιος,ὁ
713 858 764 914 ἐν
827 860 1002 935 ἁγίοις
1061 861 1246 934 Πατὴρ
1305 863 1491 932 ἡμῶν,
1543 859 1604 915 ἐκ
1665 858 1896 936 βρέφους

245 949 336 1002 τὸν
366 950 496 1004 Θεὸν
533 950 815 1024 ἀγαπήσας
861 950 952 1004 καὶ
999 951 1089 1004 τὸν
1139 948 1347 1022 κόσμον
1408 949 1662 1021 μισήσας,
1724 946 1899 1002 ἀπελ-

245 1039 348 1092 θὼν
416 1037 471 1093 ἐν
536 1040 888 1114 μοναστηρίῳ
937 1038 1145 1115 ἐγένετο
1235 1038 1498 1113 μοναχὸς,
1557 1038 1648 1092 καὶ
1706 1056 1894 1090 ταπει-

245 1127 462 1189 νώσεως
491 1125 742 1201 ὕψειτᾶς
802 1126 1054 1200 έπάρσεις
1112 1131 1219 1182 τῶν
1278 1125 1553 1199 δαιμόνων
1608 1120 1897 1180 κατέϐαλε.

245 1214 538 1287 Ἐλεήμων
575 1213 633 1270 δὲ
682 1217 811 1289 ὑπὲρ
865 1217 1062 1292 μέτρον
1113 1215 1428 1288 γενόμενος,
1489 1212 1734 1287 δαψιλῶς
1785 1218 1900 1274 τοῖς

244 1309 477 1359 πεινῶσι
507 1306 625 1359 καθ’
656 1305 866 1379 ἡμέραν
900 1302 1083 1359 ἐδίδου
1134 1305 1225 1359 τὸν
1286 1302 1444 1374 ἄρτον
1500 1305 1690 1359 αὐτοῦ.
1748 1302 1899 1360 Ἐπεὶ

243 1391 300 1448 δὲ
331 1393 437 1448 οὐκ
467 1388 655 1458 ἔλαθεν
686 1397 720 1463 ἡ
757 1393 923 1449 αὐτοῦ
952 1395 1137 1469 ἀρετή,
1169 1392 1465 1456 ἐπίσκοπος
1502 1391 1895 1468 ἐχειροτονήθη

245 1479 600 1552 Μιτυλήνης,
629 1481 970 1558 παρακλήσει
1006 1481 1198 1555 πολλῇ
1228 1486 1326 1536 τοῦ
1361 1479 1520 1537 λαοῦ.
1553 1475 1895 1557 Παραλαϐὼν

242 1568 298 1625 δὲ
325 1572 432 1639 τήν
488 1570 800 1643 ἐκκλησίαν,
856 1571 1038 1634 καλῶς
1099 1566 1415 1644 διεκυϐέρνα
1470 1570 1660 1640 αὐτήν·
1720 1569 1897 1640 πάσης

245 1661 347 1736 γὰρ
381 1660 704 1735 κακοδοξίας
743 1661 1048 1736 ἀντίμαχος
1098 1658 1171 1716 ὢν
1228 1661 1314 1716 καὶ
1359 1658 1671 1734 όρθοδοξίας
1733 1660 1898 1735 ὑπέρ-

244 1773 459 1828 μαχος,
520 1753 739 1830 ἔρῥύετο
799 1753 963 1823 αὐτὴν
1026 1753 1086 1809 ἐκ
1133 1757 1244 1809 τῶν
1303 1752 1579 1828 αἱρέσεων·
1647 1753 1897 1828 προέγνω

2006 617 2213 656 omnes
2237 603 2430 672 capite
2459 603 2615 674 plexi
2640 610 2798 658 sunt.

2005 691 2070 744 Et
2099 696 2361 748 memoria
2389 696 2574 748 sancti
2603 695 2784 749 Patris
2816 697 2990 750 nostri
3015 696 3255 765 Georgii,
3281 696 3523 766 episcopi
3549 699 3657 752 Mi-

2714 767 2930 835 tylenas.

2078 852 2325 908 Sanctus
2369 856 2544 910 Pater
2590 860 2794 912 noster
2849 855 3128 926 Georgius
3186 872 3320 912 cum
3379 874 3415 912 a
3471 873 3655 928 puero

2008 940 2190 995 Deum
2215 942 2539 1012 dilexisset,
2568 944 2978 1014 mundumque
3010 945 3252 1010 odisset,
3278 945 3338 999 in
3362 947 3659 1002 menaste-

2007 1029 2162 1084 rium
2197 1031 2491 1101 quoddam
2525 1050 2585 1087 se
2619 1032 2936 1104 recipiens,
2972 1034 3301 1088 monachus
3331 1033 3522 1088 factus
3543 1039 3654 1102 est,

2009 1117 2468 1192 dmmonumque
2484 1121 2829 1177 altitudines
2847 1122 3090 1178 demissi
3104 1124 3286 1178 animi
3301 1122 3657 1178 celsitudine

2008 1206 2241 1279 dejecit.
2277 1211 2569 1274 Quoniam
2609 1227 2744 1265 vero
2799 1228 2977 1282 supra
3023 1211 3264 1266 modum
3314 1212 3656 1267 misericors

2009 1303 2155 1363 erat,
2188 1315 2404 1370 panem
2439 1317 2612 1354 suum
2644 1300 2908 1370 quotidie
2941 1301 3302 1372 pauperibus
3332 1301 3492 1374 large
3524 1318 3657 1357 ero-

2005 1389 2195 1460 gabat.
2227 1392 2370 1445 Cum
2402 1390 2581 1461 igitur
2611 1392 2740 1461 ejus
2767 1391 2949 1445 virtus
2975 1391 3145 1463 longe
3172 1391 3425 1462 lceteque
3442 1391 3654 1446 diﬂ‘un-

2007 1477 2266 1545 deretur,
2292 1479 2482 1534 enixis
2503 1480 2705 1550 populi
2729 1480 3004 1551 precibus
3031 1481 3345 1552 episcopus
3363 1481 3654 1552 Mitylenen

2006 1566 2628 1624 ordinatus.creditam
2651 1568 2764 1623 sibi
2788 1569 3102 1624 ecclesiam
3121 1570 3341 1641 optime
3365 1570 3654 1642 guberna-

2005 1655 2107 1722 vit,
2141 1671 2392 1727 eamque
2424 1657 2497 1711 ab
2520 1656 2846 1712 haeresibus
2868 1657 3119 1713 liberam
3144 1656 3405 1712 reddidit
3423 1657 3656 1713 hetero-

2007 1743 2296 1800 doxorum
2329 1762 2562 1801 errores
2592 1745 2974 1813 confutando,
3009 1752 3068 1801 et
3097 1745 3490 1802 orthodoxam
3547 1746 3655 1801 doc

237 1840 416 1898 δὲκαὶ
447 1845 550 1912 τὴν
588 1842 904 1916 μετάστασιν
937 1843 1126 1898 αὐτοῦ·
1177 1841 1268 1897 καὶ
1323 1841 1497 1896 θανὼν
1547 1842 1637 1896 καὶ
1687 1841 1894 1918 ταφεὶς,

2011 1836 2256 1892 ctrinam
2279 1837 3045 1910 propugnando.Postremo
3062 1854 3236 1893 suum
3255 1837 3487 1893 obirum
3501 1855 3656 1909 prea-

236 1933 336 2002 τήν
369 1934 555 2003 θήκην
606 1931 769 1988 αὐτοῦ
824 1933 1215 2006 παρεσκεύασεν
1271 1930 1488 2006 βλύζειν
1537 1929 1761 2004 ἰάματα,
1805 1930 1896 1985 καὶ

240 2019 526 2074 παντοίων
585 2020 872 2092 θαυμάτων
933 2021 1165 2096 χάριτας
1250 2019 1567 2092 ἐκπέμπειν,
1635 2031 1896 2094 θεραπευ-

249 2109 418 2171 ούσας
451 2109 626 2164 πάντα
652 2109 720 2164 τὰ
748 2110 889 2180 πάθη
923 2113 1032 2165 τῶν
1069 2110 1526 2184 μροσερχομένων
1564 2107 1710 2181 αὐτῷ
1764 2107 1898 2182 μετὰ

242 2198 504 2259 πίστεως.

795 2398 973 2452 ΜΠΝΙ
1013 2396 1110 2452 ΤΩ
1147 2397 1342 2452 ΑΥΤΩ.

1031 2503 1107 2559 IZ'

243 2594 447 2667 Μνήμη
477 2595 578 2648 τοῦ
620 2589 773 2668 ἁγίου
818 2589 1131 2646 ἀποστόλου
1190 2586 1560 2666 Ἀνδρονικοῦ,
1621 2589 1739 2651 ἑνὸς
1785 2592 1893 2644 τῶν

841 2681 898 2738 Ο¹
927 2679 1017 2735 καὶ
1053 2679 1298 2742 Ἱουνίας.

317 2799 677 2871 Ἀνδρόνικος,
736 2800 764 2854 ὁ
819 2803 916 2854 τοῦ
995 2800 1230 2873 Χριστοῦ
1314 2796 1639 2866 ἀπόστολος,
1722 2802 1894 2851 πᾶσαν

247 2891 354 2958 τὴν
388 2886 702 2960 οἶκουμένην
763 2885 1064 2963 περιελθὼν
1125 2886 1200 2949 ὠς
1287 2886 1610 2960 ὑπόπτερος,
1665 2885 1754 2939 καὶ
1803 2885 1896 2938 τὸν

259 2979 483 3053 Χριστὸν
537 2978 798 3053 κηρύξας,
857 2983 1030 3031 πᾶσαν
1094 2976 1187 3049 μὲν
1268 2975 1482 3044 πλάνην
1562 2975 1622 3029 ἐκ
1683 2975 1896 3050 βάθρων

253 3069 536 3137 ἀνέσπασε,
567 3073 741 3122 πᾶσαν
803 3064 861 3121 δὲ
903 3060 1175 3120 εὐσέϐειαν
1233 3065 1323 3119 καὶ
1382 3062 1712 3140 θεογνωσίαν
1764 3085 1898 3118 κατ-

251 3157 527 3235 εφύτευσε·
607 3156 975 3229 συνεπομένην
1064 3155 1214 3226 αὐτῷ
1271 3151 1438 3229 ἔχων,
1496 3155 1584 3209 καὶ
1643 3155 1895 3231 συνεργὸν

244 3251 338 3302 τοῦ
373 3247 524 3301 θείου
571 3247 946 3320 κηρύγματος,
996 3245 1095 3311 την
1156 3243 1601 3318 ὑπερθαύμαστον
1649 3244 1895 3316 Ἰουνίαν,

243 3342 321 3408 τῷ
365 3336 566 3409 κόσμῳ
623 3335 714 3389 καὶ
765 3337 834 3408 τῇ
892 3332 1050 3407 σαρκὶ
1086 3333 1488 3407 ,νεκρωθεῖσαη
1540 3333 1630 3387 καὶ
1677 3335 1897 3408 Χριστῷ

247 3428 400 3500 μόνῳ
464 3429 639 3494 ζῶσαν
696 3424 786 3478 καὶ
860 3421 1320 3494 πολιτευομένην.
1404 3423 1562 3485 Ὀθεν
1649 3420 1896 3484 πολλοὺς

239 3521 348 3572 τῶν
384 3515 634 3571 ἀπίστων
689 3515 825 3582 πρὸς
883 3512 1205 3587 θεογνωσίαν
1269 3511 1614 3580 ἑλκύσαντες,
1675 3519 1765 3567 καῖ
1819 3517 1898 3584 τῷ

241 3609 474 3680 Χριστῷ
504 3604 962 3680 προσαγαγόντες,
994 3601 1084 3658 καὶ
1117 3600 1268 3663 υἱοὺς
1329 3613 1509 3675 φωτὸς
1551 3602 1640 3656 καὶ
1687 3602 1899 3674 ἡμέρας

238 3693 326 3750 διὰ
357 3692 463 3750 τοῦ
522 3693 666 3757 θείου
729 3693 1104 3768 βαπτίσματος
1163 3689 1612 3759 ἀποτελέσαντες,
1673 3689 1897 3746 είδωλι-

235 3785 367 3847 κοὺς
411 3785 508 3855 μὲν
551 3783 712 3844 ναοὺς
765 3780 1145 3858 κατέστρεφον,
1205 3779 1499 3849 ἐκκλησίας
1560 3777 1617 3834 δὲ
1663 3779 1897 3855 Χριστοῦ

235 3877 536 3948 πανταχοῦ
564 3869 968 3945 ἀνῳκοδόμουν.
1003 3870 1221 3927 Τούτων
1271 3867 1328 3924 δὲ
1368 3873 1474 3924 τῶν
1520 3868 1688 3943 ἁγίων
1747 3871 1838 3924 καὶ
1870 3871 1898 3925 ὀ

244 3969 429 4039 μέγας
489 3961 824 4024 ἀπόστολος.
883 3959 1118 4030 Παῦλος,
1152 3959 1433 4036 ὁφωστηρ
1487 3965 1586 4028 τῆς
1641 3957 1897 4032 οἰκουμέ-

238 4076 368 4125 νης,
431 4051 706 4124 μέμνηται
763 4050 816 4104 ἐν
868 4055 987 4110 ταῖς
1043 4049 1207 4105 αὐτοῦ
1270 4048 1640 4110 Ἐπιστολαῖςο
1696 4049 1900 4104 Ἀσπάο

241 4145 437 4212 σασθε,
489 4139 686 4216 λέγων,
738 4136 1104 4212 ⁹Λνδρόνικον,
1162 4139 1252 4194 καὶ
1313 4137 1558 4197 Ἰουνίαν.
1617 4137 1904 4210 Ηνεύματα

239 4232 336 4287 οὖν
385 4231 666 4303 ἀκάθαρτα
725 4227 784 4282 ἐκ
833 4228 941 4283 τῶν
1000 4227 1300 4302 ἀνθρώπων
1358 4224 1754 4299 ἀποδιώξαντες
1811 4226 1902 4283 καὶ

239 4321 391 4391 πάθη
455 4317 644 4373 ἀνίατα
702 4315 1146 4393 θεραπεύσαντες,
1214 4314 1351 4390 πρὸς
1435 4315 1635 4390 Κύριον
1718 4313 1899 4386 ἐξεδή-

247 4433 320 4483 μη
329 4431 433 4464 σαν
445 4451 457 4464 .

242 4530 345 4586 Καὶ
411 4525 645 4597 ἄθλησις
698 4521 798 4579 τοῦ
852 4520 1342 4597 ἁγίουλμάρτυρος
1418 4518 1755 4596 Σολόχωνος
1811 4521 1902 4576 καὶ

858 4592 969 4650 τῶν
999 4592 1094 4648 σὺν
1124 4592 1294 4664 αὐτῷ.

314 4703 380 4758 Ὁ
416 4703 514 4754 τοῦ
543 4700 782 4770 Χριστου
819 4697 1025 4769 μάρτυς
1059 4691 1329 4768 Σολόχων
1370 4693 1615 4768 ύπῆρχε)
1668 4693 1757 4748 ἐπὶ
1803 4701 1904 4763 τῆς

251 4788 539 4864 βασιλείας
579 4789 940 4859 Μαξιμιανοῦ,
1001 4783 1298 4859 Αἰγύπτιος
1353 4783 1444 4837 τὸν
1505 4782 1682 4857 γένος,
1742 4803 1902 4857 στρα-

245 4878 460 4946 τιώτης
507 4876 608 4944 τὴν
664 4874 838 4943 τάξιν,
888 4874 1213 4946 τεταγμένος
1271 4871 1372 4926 ὑπὸ
1429 4875 1508 4942 τῷ
1557 4877 1654 4939 τῆς
1717 4872 1904 4945 χώρας

248 4959 529 5038 τριϐούνῳ
563 4963 698 5036 μετὰ
728 4961 1055 5036 τρισχιλίων
1101 4961 1294 5034 έτέρων
1338 4963 1706 5034 στρατιωτῶν.
1759 4962 1907 5016 Κατά

247 5077 371 5111 τινα
400 5053 593 5128 χρείαν
636 5052 926 5128 προστάξει
977 5051 1236 5128 βασιλικῇ
1293 5050 1429 5122 μετὰ
1473 5053 1570 5105 τοῦ
1614 5045 1906 5122 τριϐούνου

244 5146 348 5214 τήν
383 5140 721 5211 Χαλκηδόνα
771 5135 1089 5196 κατέλαϐεν’
1149 5138 1505 5200 κελεύσαντος
1567 5136 1623 5193 δὲ
1667 5143 1764 5194 τοῦ
1815 5141 1902 5214 βα-

249 5232 452 5294 σιλέως
482 5237 600 5292 τοῖς
628 5231 964 5306 ταξιάρχοις,
1014 5229 1147 5301 μετᾶ
1185 5232 1294 5282 τῶν
1355 5228 1442 5281 ὑπ’
1500 5228 1677 5282 αὐτῶν
1741 5249 1901 5305 στρα-

245 5327 488 5393 τιωτῶν,
522 5325 678 5386 θῦσαι
706 5324 822 5381 τοῖς
855 5315 1128 5388 εἰδώλοις,
1159 5314 1384 5379 ἕκαστος
1434 5316 1567 5389 μετὰ
1612 5321 1708 5371 τοῦ
1761 5316 1906 5373 ἰδίου

245 5414 553 5486 τάγματος,
600 5406 843 5464 ἐπετέλει
903 5408 997 5469 τὰς
1057 5405 1243 5468 θυσίας
1300 5407 1436 5461 κατά
1489 5405 1552 5460 τὸ
1611 5404 1752 5470 ἔθος.
1813 5409 1908 5464 Ὀ-

252 5503 429 5575 μοίως
467 5501 622 5556 καὶὸ
651 5494 941 5576 τριϐοὖνος
974 5497 1064 5552 καὶ
1117 5498 1167 5552 οἱ
1218 5495 1309 5550 σὺν
1359 5495 1530 5567 αὐτῷ.
1580 5496 1802 5552 Πάντων
1853 5496 1912 5553 δὲ

249 5593 511 5663 θνόντων,
538 5596 687 5668 τρεῖς
751 5589 908 5664 μόνοι
969 5587 1297 5659 ἀντέστησαν
1354 5590 1436 5658 τῷ
1490 5585 1763 5660 θελήματι
1813 5594 1910 5644 τοῦ

252 5680 545 5756 βασιλέως,
635 5677 1002 5754 Χριστιανοὺς
1108 5675 1332 5740 ἑαυτοὺς
1440 5671 1909 5752 ὁμολογήσαντες,

1931 4601 1979 4664 D

2004 1942 2281 1994 noscens,
2305 1926 2578 1993 decessit,
2601 1927 2988 1998 sepultusque
3018 1926 3150 1994 fuit,
3179 1943 3312 1981 cum
3337 1927 3652 1995 eﬂ‘ecisset,

2002 2021 2069 2070 ut
2099 2032 2169 2071 ex
2199 2017 2437 2088 pr0prio
2472 2016 2698 2071 tumulo
2731 2017 3067 2072 curationes
3099 2017 3477 2086 scaturirent,
3511 2033 3648 2071 om-

2002 2105 2290 2176 niumque
2324 2105 2752 2161 miraculorum
2798 2106 2999 2178 gratias
3049 2106 3484 2174 emitterentur,
3520 2106 3654 2177 qui-

2001 2193 2113 2248 bus
2143 2199 2372 2249 cunctee
2405 2194 2666 2261 illorum,
2700 2195 2800 2265 qui
2832 2194 2905 2249 ad
2936 2195 3134 2266 ipsum
3165 2211 3300 2250 cum
3334 2194 3450 2250 ﬁde
3483 2210 3652 2250 acce-

2003 2283 2172 2353 dunt,
2205 2284 2552 2340 affectiones
2583 2288 2892 2339 sanantur.

2563 2408 2805 2464 EODEM
2843 2409 3095 2464 MENSE.

2502 2520 2606 2574 Die
2637 2519 2866 2574 decima
2897 2519 3152 2590 septima

2002 2608 2156 2663 108
2187 2609 2451 2663 Memoria
2479 2610 2654 2662 sancti
2695 2609 2931 2678 apostoli
2981 2605 3312 2677 Andronici,
3362 2609 3526 2663 unius
3579 2626 3648 2664 ea:

2479 2680 2863 2748 Septuaginta,
2896 2687 2948 2734 et
2977 2681 3176 2734 Iunia.

2076 2804 2448 2860 Andronicus
2479 2805 2694 2859 Christi
2743 2806 3068 2876 apostolus,
3127 2822 3261 2860 cum
3309 2806 3650 2861 universum

2005 2899 2295 2949 terrarum
2329 2893 2537 2948 orbem
2569 2899 2961 2963 percurreret,
3001 2893 3247 2964 perinde
3296 2910 3362 2948 ac
3403 2894 3450 2948 si
3501 2894 3648 2962 alas,

2006 2983 2221 3055 quibus
2240 2981 2956 3046 subveheretur,haberet,
2981 2982 3276 3036 Christum
3292 2982 3645 3052 praedicans,

2007 3091 2245 3130 omnem
2278 3090 2520 3145 prorsus
2553 3089 2816 3128 errorem
2847 3090 2880 3127 a
2902 3072 3306 3128 fundamentis
3328 3072 3650 3138 subvertit;

2011 3179 2249 3218 omnem
2306 3179 2440 3217 vero
2499 3163 2780 3234 pietatem
2839 3167 3016 3233 atque
3077 3163 3180 3218 Dei
3251 3162 3653 3234 cognitionem

1928 3220 1970 3286 C
2011 3254 2318 3325 plantavit,
2345 3220 2683 3310 consortem
2712 3220 3170 3309 secum‘habens
3203 3220 3378 3324 atque
3410 3253 3655 3324 adjutri-

2003 3360 2132 3398 cem
2173 3343 2385 3398 divinae
2435 3343 2878 3414 praedicationis
2927 3342 3350 3399 admirabilem
3398 3343 3654 3412 Juniam,

2001 3431 2226 3488 mundo
2251 3437 2309 3486 et
2332 3432 2500 3486 carni
2521 3437 2842 3496 mortuam,
2875 3449 2943 3487 ac
2974 3432 3084 3486 soli
3118 3433 3350 3487 Christo
3377 3432 3566 3486 vivam
3600 3436 3658 3486 et

2001 3521 2416 3576 famulantem.
2452 3521 2618 3576 Unde
2639 3521 2861 3577 multos
2884 3539 2950 3575 ex
2975 3521 3319 3576 inﬁdelibus
3342 3521 3414 3575 ad
3440 3521 3540 3575 Dei
3561 3537 3652 3576 co-

2000 3611 2327 3682 gnitionem
2359 3610 2760 3679 petrahentes,
2794 3626 3012 3680 eosque
3041 3609 3115 3664 ad
3144 3609 3441 3664 Christum
3459 3609 3647 3664 addu-

2002 3705 2224 3756 centes.
2253 3697 2521 3767 lucisque
2542 3713 2609 3752 ac
2631 3698 2747 3752 diei
2772 3698 2928 3753 ﬁlios
2949 3715 3054 3768 per
3077 3698 3338 3752 divinum
3354 3698 3648 3768 baptisma

2001 3787 2136 3842 illos
2161 3785 2510 3852 efﬁcientes,
2543 3785 2838 3840 idolorum
2855 3785 3095 3855 quidem
3120 3786 3257 3841 fana
3282 3791 3644 3850 everterunt,

2003 3875 2286 3931 ecclesias
2319 3890 2451 3928 vero
2482 3873 2713 3928 Christo
2747 3874 2966 3944 ubique
2991 3875 3382 3929 aediﬁcarunt.
3418 3874 3640 3929 Horum

2004 3970 2344 4020 sanctorum
2368 3963 2716 4018 meminitin
2741 3963 2862 4018 suis
2881 3963 3158 4034 Epistolis
3171 3969 3229 4018 et
3248 3963 3543 4018 luminare
3556 3979 3646 4018 or-

2001 4053 2095 4108 bis
2122 4057 2415 4108 terrarum
2448 4068 2698 4122 magnus
2729 4050 3033 4123 apostolus
3061 4051 3282 4107 Paulus
3315 4067 3327 4106 :
3363 4045 3645 4117 Salutate,

2005 4139 2306 4212 inquiens,
2339 4139 2746 4195 Andronicum
2777 4145 2835 4194 et
2856 4141 3110 4196 Juniam.
3139 4142 3282 4195 Cum
3315 4139 3513 4210 itaque
3536 4139 3648 4193 im-

2006 4228 2262 4284 mundos
2323 4228 2565 4300 spiritus
2620 4244 2690 4283 ex
2753 4228 3097 4285 hominibus
3182 4229 3524 4301 ejecissent,
3598 4231 3656 4281 et

2009 4317 2371 4373 insanabiles
2395 4316 2634 4373 morbos
2656 4323 2984 4385 curassent,
3007 4316 3080 4373 ad
3098 4317 3416 4373 Dominum
3439 4317 3657 4388 migra-

2006 4412 2168 4463 runt.

2009 4531 2085 4583 Et
2136 4535 2409 4584 certa-men
2457 4529 2636 4582 sancti
2691 4531 2954 4599 martyris
3010 4529 3327 4584 Solochonis
3383 4532 3435 4582 et
3486 4528 3657 4581 socio-

2756 4616 2906 4654 rum.

2088 4707 2304 4761 Christi
2338 4711 2561 4777 martyr
2591 4704 2885 4759 Solochon
2922 4705 3053 4772 fuit,
3105 4705 3438 4776 imperante
3488 4703 3657 4758 Maxi-

2016 4796 2236 4865 miano,
2268 4811 2484 4864 genere
2513 4794 2834 4865 Egyptius,
2869 4794 3239 4864 professione
3261 4794 3434 4848 miles
3456 4793 3662 4848 inscri-

2014 4888 2150 4953 ptus
2185 4882 2402 4948 ordini,
2450 4882 2542 4936 cui
2595 4881 2864 4936 tribunus
2911 4883 3170 4953 regionis
3220 4887 3472 4953 praeerat
3525 4898 3658 4937 cum

1965 5012 1970 5016 -
2016 4971 2148 5027 aliis
2175 4971 2364 5025 tribus
2396 4970 2662 5025 millibus
2695 4970 2973 5026 militum.
3026 4971 3171 5026 Cum
3202 4988 3334 5026 vero
3367 4971 3440 5025 ob
3473 4971 3662 5042 quod-

2015 5060 2151 5116 dam
2183 5059 2485 5132 negotium
2514 5076 2584 5114 ex
2637 5059 2915 5115 mandato
2965 5061 3342 5131 imperatoris
3391 5078 3526 5116 cum
3556 5061 3662 5114 tri-

2015 5149 2176 5204 buno
2207 5148 2643 5204 Chalcedonem
2672 5148 2948 5213 venisset,
2983 5150 3141 5204 idem
3176 5150 3500 5221 imperator
3522 5166 3667 5220 pra)-

2019 5239 2176 5310 cepit
2201 5237 2452 5293 ducibus
2484 5237 2679 5306 idolis,
2714 5245 2771 5292 et
2800 5239 3016 5310 singuli
3042 5257 3176 5294 cum
3201 5241 3324 5295 suis
3375 5238 3666 5293 militibus

2020 5329 2428 5384 sacriﬁcarent
2456 5327 2654 5388 idolis.
2690 5333 2749 5382 et
2788 5328 3004 5401 singuli
3037 5347 3170 5384 cum
3205 5330 3327 5384 suis
3358 5327 3670 5384 ordinibus

2021 5418 2092 5472 de
2124 5433 2288 5472 more
2321 5417 2590 5471 victimas
2623 5417 2943 5484 offerrent;
2979 5418 3257 5472 similiter
3286 5424 3343 5472 et
3375 5418 3669 5483 tribunus,

2021 5511 2079 5561 et
2100 5506 2200 5577 qui
2223 5523 2356 5561 cum
2380 5506 2508 5577 ipso
2539 5510 2725 5559 erant.
2747 5506 3036 5560 Omnibus
3068 5514 3267 5562 autem
3300 5506 3670 5561 immolantis

2021 5594 2152 5663 bus,
2206 5600 2326 5650 tres
2377 5594 2486 5650 soli
2533 5593 2820 5649 voluntati
2871 5595 3250 5667 imperatoris
3299 5596 3666 5660 restiterunt,

2022 5683 2387 5740 Christianos
2419 5699 2547 5739 sese
2604 5682 2878 5754 professi,
2932 5683 3246 5753 Solochon,
3297 5689 3356 5740 et
3401 5683 3502 5740 alii
3551 5681 3663 5736 duo
