4158 6310
570 323 689 384 463

1861 323 2296 386 MENOLOGII
2342 325 2549 386 PARS
2595 325 2696 386 ΙΙΙ.

3857 341 3978 400 464

567 456 962 523 Quamobrem
993 473 1184 528 usque
1216 457 1364 514 adeo
1397 460 1533 514 cmsi
1565 464 1722 526 sunt,
1763 464 1830 514 ut
1875 459 2064 514 lumbi
2121 474 2203 512 eo-

2330 452 2600 545 ξολόχων
2633 455 2722 511 καὶ
2759 451 2934 531 ἕτεροι
2995 454 3111 517 δόο.
3171 459 3271 515 Καὶ
3327 461 3588 520 τοσούτον
3645 463 3976 545 ἐτύφθησαν,

566 565 699 604 rum
723 548 1277 615 intumescerent,et
1297 549 1492 620 capita
1515 566 1692 621 supra
1707 549 1950 604 modum
1973 547 2216 605 extolle~

567 644 792 693 rentur.
831 641 984 694 104
1017 641 1085 693 Et
1114 638 1200 693 illi
1236 638 1477 709 quidem
1510 639 1625 694 dno
1685 639 1935 713 ﬂagellis
1984 637 2218 695 contusi

568 727 986 796 decesserunt;
1021 729 1314 783 Solochon
1347 745 1480 783 vero
1534 729 1974 800 aliquantulum
2025 728 2219 785 adhuc

564 817 724 873 vixit.
766 819 1016 873 Demum
1037 818 1314 872 tribunus
1340 817 1524 874 nimio
1538 818 1736 874 furore
1757 819 2215 884 excandescens,

565 912 873 978 acceptum
904 905 1198 962 calamum
1244 907 1307 961 in
1339 923 1543 963 aurem
1597 909 1726 980 ejus
1775 907 1992 978 inﬁxit,
2040 913 2216 978 atque

566 995 649 1051 ita
678 995 874 1067 ipsum
906 995 1224 1051 interfecit.

564 1114 630 1169 Et
676 1118 940 1171 memoria
981 1115 1273 1186 Stephani,
1326 1117 1666 1184 patriarchae
1705 1115 2218 1186 Constantinopoli-

1315 1191 1453 1243 tani.

638 1305 743 1359 Hic
768 1303 926 1359 illius
946 1303 1059 1359 fuit
1075 1303 1326 1358 illustris
1349 1304 1549 1359 Basilii
1567 1351 1575 1360 .
1591 1306 1993 1360 Romanorum
2024 1303 2214 1375 impe-

564 1394 780 1448 ratoris
805 1410 818 1461 ;
847 1393 920 1448 ob
953 1393 1140 1464 ipsius
1172 1400 1370 1448 autem
1403 1393 1692 1463 ingenuos
1722 1410 1942 1460 mores,
1974 1411 2042 1449 ac
2072 1394 2214 1448 reli-

563 1498 742 1553 quam
772 1482 1172 1553 prudentiam,
1196 1483 1500 1552 animique
1513 1482 1712 1538 model
1725 1483 2008 1549 ationem;
2024 1489 2083 1538 et
2096 1482 2213 1536 vir-

564 1573 704 1626 tutis
723 1571 1174 1634 sublimitatem,
1203 1588 1338 1628 cum
1360 1571 1553 1628 adhuc
1571 1573 1808 1644 juvenis
1821 1578 1997 1639 esset,
2023 1573 2214 1643 impe-

559 1661 797 1730 ratoris,
831 1667 889 1716 et
919 1677 1102 1716 sacrae
1130 1660 1363 1733 synodi,
1396 1661 1662 1731 clerique
1690 1663 1890 1728 totius,
1924 1679 1991 1717 ac
2009 1661 2213 1732 populi

455 1790 464 1800 .
564 1749 865 1822 suffragio,
900 1756 958 1804 et
987 1749 1145 1821 quod
1178 1751 1374 1821 potius
1405 1750 1725 1806 dicendum
1757 1757 1868 1818 est,
1900 1751 2003 1806 Dei
2030 1751 2210 1805 bene-

2329 541 2403 605 ὠς
2435 544 2743 620 όγκωθῆναι
2775 545 2841 600 τὰ
2881 547 2991 620 ψὺα
3039 550 3243 620 αὐτῶν,
3294 553 3384 606 καί
3434 553 3695 630 ὑπερᾶραι
3739 541 3835 619 τὰς
3883 578 3973 614 κε-

2327 631 2525 711 φαλάς.
2587 635 2687 692 Καὶ
2749 637 2800 690 οἱ
2865 637 2958 709 μὲν
3018 636 3114 692 δύο
3172 639 3223 693 έν
3283 645 3359 714 τῷ
3417 647 3809 719 μαστιγοῦσθαι
3863 647 3974 702 έτε-

2304 720 2653 796 ’λειώθησαν·
2689 726 2717 780 ὁ
2749 722 2806 780 δὲ
2838 725 3108 803 Σολοχων
3141 727 3218 784 ἔτι
3258 727 3374 800 ἔζη.
3429 734 3522 787 Καὶ
3575 730 3758 790 λαϐὼν
3801 735 3979 792 κάλα-

2329 833 2431 884 μον
2468 814 2496 867 ὁ
2523 809 2833 888 τριϐοῦνος,
2864 817 2951 871 καὶ
2983 816 3060 880 είς
3091 819 3152 874 τὸ
3182 818 3344 876 ὠτίον
3393 821 3558 877 αὐτοῦ
3609 824 3745 896 μετὰ
3793 830 3976 899 θυμοῦ

2322 905 2658 977 καταπήξας,
2688 905 3017 962 ἐθανάτωσεν
3044 907 3223 966 αὐτόν.

2323 1083 2423 1137 Καὶ
2483 1084 2677 1156 μνήμη
2739 1084 3037 1164 Στεφάνου,
3083 1090 3444 1165 ’πατριάρχου
3532 1093 3971 1149 Κωνσταντινου-

3023 1158 3263 1223 πόλεως.

2393 1271 2566 1333 Οὗτος
2620 1271 2737 1333 υἱὸς
2792 1273 2887 1345 μὲν
2940 1273 3126 1349 γέγονε
3185 1275 3476 1333 Βασιλείου
3531 1283 3626 1334 τοῦ
3687 1277 3973 1354 ἀοιδίμου,

2325 1358 2592 1430 βασιλέως
2623 1362 2932 1435 Ῥωμαίων·
2969 1361 3060 1419 διὰ
3089 1362 3147 1420 δὲ
3189 1366 3254 1422 τὸ
3301 1367 3512 1423 ἁπλοῦν
3562 1370 3722 1438 ἦθοις
3769 1371 3973 1440 αὑτοῦ,

2318 1448 2407 1503 καὶ
2461 1470 2561 1518 την
2619 1447 2821 1521 λοιπὴν
2883 1452 3115 1525 σύνεσιν,
3194 1456 3283 1510 καὶ
3352 1459 3697 1530 κατάστασιν,
3756 1459 3846 1515 καὶ
3905 1462 3971 1516 τὸ

2318 1543 2418 1606 τῆς
2459 1538 2654 1612 ἀρετῆς
2714 1539 2949 1616 ὑψηλὸν,
3009 1541 3087 1599 ἔτι
3142 1547 3262 1608 νέος
3323 1542 3420 1617 ὥν,
3479 1551 3651 1622 ψήφῳ
3705 1554 3807 1604 τοῦ
3871 1551 3974 1625 βα-

2321 1626 2518 1689 σιλέως
2577 1629 2667 1683 καὶ
2718 1634 2820 1696 τῆς
2878 1632 3024 1708 ἱερᾶς
3109 1631 3359 1705 συνόδου,
3445 1637 3534 1691 καὶ
3614 1641 3814 1701 παντὸς
3869 1644 3972 1695 τοῦ

2323 1713 2537 1791 κλήρου
2565 1717 2656 1773 κκὶ
2703 1723 2801 1774 τοῦ
2850 1719 3006 1792 λαοῦ,
3059 1721 3224 1779 πλέον
3268 1721 3325 1780 δὲ
3381 1723 3551 1781 εἰπεῖν
3607 1727 3688 1782 ’ὀτι
3750 1725 3978 1802 εὐδοκία

566 1804 785 1909 placito
812 1804 1020 1908 ίιέιιιιιε⁸
1032 1804 1282 1909 judicio,
1343 1804 1819 1894 ordinatusﬂi‘uit
1856 1804 2203 1910 ’patriarcha

2323 1804 2415 1858 καὶ
2470 1806 2645 1882 κρίσει
2702 1813 2856 1878 Θεοῦ,
2916 1808 3309 1886 ἐχειροτονήθη
3405 1817 3753 1892 πατριάρχης
3810 1825 3974 1874 Κων-

566 1928 1280 1998 Constantinopolitanus.
1316 1927 1648 1983 Collocatus
1678 1934 1877 1983 autem
1908 1928 1970 1983 in
2003 1945 2216 1998 magna

564 2021 622 2071 et
648 2033 814 2070 sacro
839 2017 1072 2083 throno,
1097 2021 1172 2083 et,
1199 2033 1342 2071 cura
1366 2017 1563 2088 magni
1585 2018 1775 2088 gregis
1807 2023 2102 2088 suscepta,
2135 2018 2210 2073 ad

560 2104 956 2160 Ecclesiarum
981 2106 1082 2160 Dei
1109 2105 1600 2178 gubernationem
1622 2106 1888 2160 animum
1902 2106 2208 2177 applicuit:

561 2209 676 2263 quo
704 2193 764 2246 in
789 2210 1036 2248 munere
1069 2199 1269 2248 custos
1291 2194 1780 2264 vigilantissimus
1813 2200 1872 2249 et
1899 2211 2070 2249 verus
2099 2197 2211 2249 Pa-

559 2287 684 2338 stor
701 2283 979 2350 fuit,suas
1006 2299 1142 2338 oves
1163 2282 1236 2338 ad
1258 2300 1478 2354 pascua
1498 2282 1838 2337 orthodoxae
1862 2282 1999 2337 ﬁdei
2021 2283 2210 2338 dedu-

559 2388 721 2438 cens,
755 2372 1166 2428 misericordia
1195 2388 1488 2444 pauperes
1517 2387 1906 2444 prosequens;
1929 2373 2133 2429 viduas
2151 2378 2210 2428 et

562 2461 863 2532 orphanos
895 2461 1245 2529 defendens,
1287 2461 1556 2532 aliosque
1605 2461 1843 2533 injuriis
1892 2479 2207 2534 oppressos

558 2552 629 2607 ab
662 2553 1008 2623 iniquorum
1034 2551 1311 2607 manibus
1338 2551 1598 2623 eripiens
1616 2568 1684 2607 ac
1703 2553 1820 2607 Deo
1843 2553 1904 2607 in
1927 2553 2207 2608 omnibus

567 2641 850 2697 serviens.
879 2644 1024 2699 Cum
1055 2658 1192 2714 ergo
1223 2642 1304 2696 ita
1335 2657 1397 2696 se
1413 2647 1662 2713 gereret,
1689 2658 2049 2712 carnemque
2072 2659 2209 2696 con-

557 2729 812 2786 tinentia
832 2737 1180 2799 maceraret,
1207 2733 1266 2787 in
1290 2731 1418 2804 ipso
1441 2732 1631 2788 aetatis
1653 2731 1799 2787 ﬂore
1821 2732 1894 2786 ad
1906 2733 2206 2788 Christum

560 2819 850 2892 migravit.

1109 2919 1350 2975 EODEM
1391 2919 1642 2974 MENSE.

1075 3009 1178 3063 Die
1209 3008 1442 3063 decima
1466 3013 1673 3063 octava

643 3101 927 3158 Certamen
957 3104 1136 3156 sancti
1170 3100 1439 3156 Theodoti
1462 3102 1722 3170 martyris
1752 3107 1802 3156 et
1830 3102 2120 3156 sociorum.

628 3259 962 3315 Theodotus
985 3260 1199 3314 Christi
1223 3264 1449 3330 martyr
1467 3276 1602 3315 cum
1620 3264 1750 3314 octo
1784 3261 2002 3314 sanctis
2024 3261 2201 3333 virgi-

557 3347 735 3404 nibus
777 3350 1016 3416 Tecusa,
1072 3348 1425 3413 Alexandra,
1473 3347 1740 3415 Claudia,
1787 3349 2034 3416 Phaina,
2087 3351 2197 3405 Eu-

556 3437 820 3508 phrasia,
853 3439 1137 3504 Matrona,
1164 3437 1319 3492 Julia
1357 3442 1416 3491 et
1442 3437 1762 3498 Theodota,
1795 3437 1908 3492 fuit
1938 3454 2007 3493 ex
2054 3439 2200 3494 urbe

560 3527 798 3583 Galatia;
830 3535 1080 3598 Ancyra.
1112 3525 1362 3581 Jubente
1389 3531 1588 3581 autem
1620 3525 1785 3580 urbis
1823 3527 2097 3597 prwside,
2131 3545 2199 3583 ex

557 3617 631 3672 iis
662 3633 792 3687 quae
825 3615 1501 3683 idolisimmolabantur,
1529 3619 1766 3686 paratos
1788 3632 1894 3688 pro
1914 3616 2201 3672 Christia-

556 3707 650 3761 nis
681 3707 846 3762 cibos
872 3706 1154 3778 inspergi,
1187 3711 1253 3760 ut
1283 3706 1364 3760 ita
1382 3705 1842 3776 inquinarentur
1863 3707 1952 3776 qui
1978 3723 2078 3762 eos
2099 3707 2200 3762 de-

555 3801 910 3868 gustassent,
969 3795 1096 3868 ipse
1153 3794 1573 3869 negotiationis
1656 3796 1851 3867 specie
1937 3796 2201 3851 triticum

556 3901 783 3944 emens.
817 3902 884 3940 ac
911 3901 1096 3955 panes
1130 3884 1375 3944 faciens.
1436 3900 1536 3938 eos
1585 3883 1799 3939 vinctis
1849 3885 2200 3940 Christianis

557 3973 967 4028 distribuebat.
1003 3972 1116 4027 Sed
1149 3979 1208 4026 et
1262 3989 1528 4027 carceres
1576 3972 1940 4045 ingrediens,
1992 3973 2202 4028 fideles

555 4061 950 4117 conﬁrmabat
977 4077 989 4113 :
1021 4061 1176 4115 inter
1207 4077 1355 4130 quos
1385 4065 1553 4115 erant
1586 4066 1644 4114 et
1674 4068 1892 4116 sanctae
1924 4067 2053 4116 octo
2085 4062 2201 4116 vir-

555 4150 741 4220 gines,
777 4164 1028 4219 quarum
1063 4165 1202 4213 una,
1251 4150 1472 4204 Tecusa
1521 4150 1788 4213 nomine,
1840 4156 1962 4204 erat
2011 4151 2198 4221 ipsius

555 4237 755 4293 amita.
782 4239 880 4293 Hea
903 4243 1100 4293 autem
1123 4237 1420 4307 lapidibus
1445 4238 1596 4292 105
1621 4238 1972 4307 alligatamin
1998 4239 2195 4310 proxi-

554 4343 719 4381 mum
777 4326 909 4382 urbi
965 4330 1239 4397 stagnum
1297 4325 1582 4381 demersaa
1641 4332 1799 4381 sunt.
1859 4327 2004 4382 Cum
2062 4344 2197 4384 vero

552 4415 887 4470 Theodotus
918 4430 1121 4470 earum
1153 4413 1438 4484 reliquias
1468 4413 1822 4485 collegisset,
1856 4431 1956 4469 eas
1983 4415 2196 4486 sepeli-

500 4565 504 4570 _
550 4508 650 4563 vit.
684 4508 1100 4580 Deprehensus
1126 4505 1374 4577 proinde
1405 4510 1732 4577 captusque
1775 4507 2034 4578 primum
2065 4509 2196 4579 qui-

549 4595 686 4652 dem
716 4596 1028 4653 tormentis
1056 4594 1390 4668 subjicitur,
1424 4600 1792 4667 postremum
1831 4612 1967 4651 vero
2002 4597 2193 4668 capite

548 4685 847 4757 plectitur.

1109 4785 1350 4841 EODEM
1390 4783 1641 4839 MENSE.

1083 4893 1184 4948 Die
1214 4892 1447 4948 decima
1485 4908 1646 4948 nona

548 4989 829 5046 Certamen
885 4993 1222 5047 sacrosancti
1275 4989 1538 5061 martyris
1620 4991 1869 5061 Patricii,
1951 4991 2195 5063 episcopi

1055 5065 1262 5129 Prusae,
1296 5069 1350 5116 et
1377 5065 1670 5117 sociorum.

617 5175 867 5231 Sanctus
898 5178 1073 5231 Pater
1101 5180 1306 5231 noster
1334 5177 1624 5231 Patricius
1653 5177 1766 5232 fuit
1796 5179 1994 5233 Prusae
2025 5177 2190 5234 urbis

545 5263 877 5335 episcopus.
913 5266 1056 5319 Cum
1089 5271 1287 5320 autem
1319 5265 1532 5319 Christi
1567 5265 1745 5320 fidem
1793 5283 1914 5334 eos,
1967 5267 2064 5338 qui
2115 5266 2190 5323 ad

543 5355 739 5425 ipsum
772 5353 1152 5421 accedebant,
1189 5353 1482 5421 edoceret,
1517 5361 1723 5425 captus
1771 5355 1842 5410 ab
1892 5357 2189 5412 idolorum

542 5444 969 5512 cultoribus,ad
999 5444 1283 5515 Bithynim
1301 5444 1612 5515 praesidem
1629 5445 1976 5501 adducitur:
2012 5463 2044 5500 a
2071 5465 2188 5518 quo

540 5533 960 5608 interrogatus,
992 5534 1180 5591 libere
1229 5533 1527 5589 Christum
1574 5533 1873 5604 professus
1924 5540 2030 5589 est.
2087 5536 2186 5591 Di-

540 5628 710 5684 cente
762 5629 962 5684 autem
1026 5623 1299 5699 praeside,
1377 5629 1660 5695 tanquam
1716 5621 1857 5680 deos
1910 5623 2188 5684 honorari

2324 1895 2844 1961 σταντινουπόλεως.
2928 1899 3368 1976 Ἐγκαθιδρυθεὶς
3439 1902 3496 1959 δὲ
3578 1911 3657 1978 τῷ
3745 1906 3976 1981 μεγάλῳ

2321 1981 2410 2036 καὶ
2442 1984 2593 2057 ἱερῷ,
2626 1986 2827 2061 θρόνῳ,
2873 1989 2961 2043 καὶ
3017 1991 3115 2057 τήν
3175 1990 3420 2066 μεγάλην
3480 1993 3722 2066 ποίμνην
3780 1995 3973 2071 ἐγχει-

2320 2072 2548 2144 ρισθεὶς,
2579 2074 2668 2128 καὶ
2698 2077 2798 2144 τὴν
2831 2074 2967 2147 ὅλην
3001 2077 3259 2151 φροντίδα
3287 2086 3394 2136 τῶν
3425 2086 3523 2137 τοῦ
3554 2087 3689 2138 Θεοῦ
3728 2085 3977 2157 Ἐκκλη-

2320 2161 2450 2215 σιών
2533 2161 2940 2237 ἀναδεξάμενος,
3025 2165 3296 2243 ἄγρυπνος
3379 2169 3544 2248 ἐφάνη
3617 2173 3812 2250 φύλαξ,
3870 2177 3968 2231 καὶ

2317 2253 2529 2323 ποιμὴν
2581 2251 2863 2324 ἀληθινὸς,
2920 2257 3063 2330 ἄγων
3096 2258 3162 2312 τὰ
3193 2256 3302 2312 ἴδια
3349 2257 3596 2332 πρόϐατα
3648 2261 3736 2316 ἐπὶ
3793 2265 3974 2337 νομὰς

2314 2345 2416 2408 τῆς
2473 2339 2768 2414 ὀρθοδόξου
2819 2343 3072 2414 πίστεως,
3129 2347 3218 2401 καὶ
3304 2353 3566 2424 πτωχοὺς
3626 2349 3813 2419 ἐλεῶν,
3871 2354 3970 2408 καὶ

2315 2430 2615 2517 χήρας-καὶ
2650 2431 2926 2508 ὀρφανοὺς
2957 2431 3209 2506 ἐκδικῶν,
3255 2437 3342 2491 καὶ
3395 2435 3792 2513 ἀδικουμένους
3836 2461 3968 2517 χει-

2315 2521 2423 2590 ρῶν
2472 2515 2672 2572 ἀδίκων
2715 2519 3004 2596 ῥυόμενος,
3062 2523 3151 2578 καὶ
3201 2525 3294 2580 τὸν
3351 2525 3480 2581 Θεὸν
3541 2515 3876 2602 θεραπεύων-
3910 2530 3967 2586 ἐν

2315 2606 2531 2665 ἅπασιν.
2593 2607 2751 2666 Οὕτω
2805 2609 2862 2666 δὲ
2916 2617 3089 2667 ποιῶν
3161 2615 3247 2669 καὶ
3333 2617 3432 2685 τὴν
3521 2617 3690 2689 σάρκα
3773 2621 3966 2688 τήκων

2311 2699 2380 2770 τῇ
2411 2694 2712 2773 ἐγκρατείᾳ,
2747 2700 2800 2756 έν
2834 2703 2984 2775 αὐτῷ
3031 2708 3109 2776 τῷ
3162 2703 3304 2760 ἄνθει
3361 2713 3459 2776 τῆς
3515 2705 3756 2780 ἡλικίας,
3816 2711 3964 2784 πρὸς

2313 2786 2543 2858 Χριστὸν
2574 2786 2927 2863 ἐξεδήμησεν.

2853 2883 3036 2940 MHNI
3076 2885 3167 2962 To
3208 2890 3406 2963 ΑΥΤῼ.

3085 2974 3176 3029 lH’

2311 3064 2578 3136 Ἀθλησις
2630 3072 2728 3123 τοῦ
2784 3070 2945 3145 ἁγίου
3017 3070 3303 3160 μάρτυρος
3361 3071 3626 3129 Θεοδότου
3685 3075 3772 3129 καὶ
3840 3078 3957 3130 τῶν

2981 3144 3077 3200 σὺν
3109 3144 3276 3217 αὐτῷ.

2385 3232 2648 3300 Θεόδοτος
2693 3238 2723 3292 ὁ
2760 3241 2861 3292 τοῦ
2919 3244 3164 3316 Χριστοῦ
3219 3244 3422 3317 μάρτυς
3470 3245 3606 3315 μετᾶ
3649 3248 3753 3298 τῶν
3805 3241 3962 3298 ὀκτὼ

2311 3322 2476 3396 ἁγίων
2546 3325 2850 3399 παρθένων,
2935 3333 3228 3402 Τεκούσης,
3315 3331 3695 3407 Ἀλεξάνδρας,
3783 3331 3972 3388 Κλαυο

2311 3407 2475 3478 δείας,
2509 3419 2743 3484 Φαῖνῆς,
2793 3417 3132 3495 Εὐφρασίας,
3185 3421 3515 3494 Ματρώνης,
3572 3421 3824 3491 Ἰουλίας,
3871 3423 3975 3479 καὶ

2311 3497 2602 3572 Θεοδότης,
2665 3504 2911 3581 ὑπῆρχεν
2993 3509 3100 3563 ἀπὸ
3189 3509 3452 3583 ’Λγκύρας
3506 3514 3603 3580 τῆς
3664 3509 3970 3576 Γαλατίας.

2310 3589 2512 3645 Τοῦδέ
2543 3590 2814 3668 ἄρχοντος
2859 3603 2960 3662 τῆς
3015 3594 3233 3660 πόλεως
3287 3600 3687 3674 προστάξαντος
3733 3600 3794 3655 ἐκ
3842 3604 3964 3656 τῶν

2310 3679 2687 3749 εἷδωλοθότων
2719 3685 2786 3739 τὰ
2833 3689 3180 3761 Χριστιανοῖς
3232 3693 3746 3764 παρασκευαζόμενα
3800 3692 3967 3766 βρώ-

2313 3797 2455 3848 ματα
2540 3775 2966 3853 έπιρῥαίνεσθαι,
3050 3777 3198 3840 ὅπως
3284 3780 3604 3852 μιαίνωνται
3663 3781 3716 3834 οἱ
3775 3779 3964 3838 αὐτῶν

2310 3868 2737 3943 ἀπογευόμενοι⁶
2805 3867 2964 3930 αὐτὸς
3023 3867 3074 3923 ἐν
3145 3870 3393 3945 σχήματι
3453 3868 3723 3944 ἐμπορίας
3806 3875 3968 3928 οἶτον

2307 3957 2590 4033 ἀγοράζων
2619 3958 2706 4012 καὶ
2759 3954 2952 4032 ἄρτους
3010 3961 3202 4023 ποιῶν,
3263 3955 3444 4012 ἐδίδου
3495 3964 3614 4020 τοῖς
3673 3957 3970 4032 δεομένοις

2307 4048 2674 4121 Χριστιανοῖς.
2724 4045 2900 4103 Ἀλλᾶ
2953 4046 3042 4101 καὶ
3101 4045 3155 4102 ἐν
3209 4053 3327 4110 ταῖς
3387 4047 3654 4126 φυλακαῖς
3713 4048 3974 4124 εἰσερχό-

2310 4157 2493 4208 μενος,
2522 4135 2650 4200 τοὺς
2677 4135 2900 4197 πιστοὺς
2961 4134 3257 4210 ἐστήριξεν
3317 4135 3376 4206 ἐζ
3423 4136 3495 4191 ὧν
3549 4141 3684 4206 ἦσαν
3751 4140 3838 4192 καὶ
3897 4141 3966 4195 αἱ

2307 4225 2452 4300 ἅγιαι
2487 4223 2631 4280 ὀκτὼ
2667 4223 2946 4298 παρθένου
2998 4223 3072 4278 ὧν
3127 4225 3221 4298 μία
3268 4227 3304 4294 ὴ
3357 4225 3635 4299 λεγομένη
3684 4229 3962 4299 Τεκοῦσα,

2311 4313 2556 4389 ὑπῆρχεν
2613 4312 2778 4369 αὑτοῦ
2837 4313 2972 4377 θεία.
3033 4312 3247 4376 Λῖτινες
3306 4311 3487 4378 λίθοις
3543 4313 3962 4390 προσδεθεῖσαι,

2305 4401 2735 4480 έναπερῥίφησαν
2812 4406 2881 4475 τῇ
2961 4404 3337 4478 παρακειμένῃ
3401 4407 3470 4478 τῇ
3527 4401 3688 4461 πόλει
3754 4401 3959 4479 λίμνῃ.

2304 4491 2394 4546 καί
2427 4486 2614 4547 λαϐὼν
2647 4492 2675 4546 ὁ
2705 4489 3061 4556 Θεόδοτοςτᾶ
3107 4491 3333 4565 λείψανα
3375 4491 3574 4560 αὐτῶν,
3627 4486 3809 4566 ἔθαψε’
3861 4497 3960 4550 καὶ

2305 4577 2652 4654 διαγνωσθεὶς
2707 4579 3004 4654 ἐκρατήθη.
3063 4580 3166 4638 Καὶ
3229 4581 3572 4656 τιμωρηθεὶς
3656 4581 3954 4658 πρότερον,

2301 4665 2521 4745 ὕστερον
2555 4668 2981 4744 ἀπεκεφαλίσθη.

2845 4778 3029 4836 ΜΙΙΝΙ
3068 4778 3158 4835 ΤΩ
3196 4782 3393 4836 ΔΥΤΩ.

3081 4885 3163 4940 ΙΘ¹

2299 4984 2568 5061 ’Λθλησιμς
2647 4986 2745 5061 τοῦ
2855 4982 3016 5061 ἁγίου
3122 4985 3520 5061 ἱερομάρτυρος
3598 4983 3953 5061 ΔΠατρικίου,

2531 5055 2830 5110 ἐπισκόπου
2861 5055 3136 5129 Προὺσης,
3168 5055 3259 5111 καί
3288 5055 3396 5112 τῶν
3425 5055 3523 5111 σὺν
3554 5056 3722 5130 αὐτῷ.

2368 5173 2430 5229 Ὀ
2484 5171 2535 5226 έν
2595 5169 2768 5246 ἁγίοις
2822 5173 3009 5247 Πατήρ
3068 5174 3232 5246 ἡμῶν
3303 5173 3601 5248 Πατρίκιος
3693 5175 3945 5249 ὑπῆρχεν

2300 5260 2592 5322 ἐπίσκοπος
2622 5262 2720 5328 τῆς
2751 5259 2968 5323 πόλεως
3003 5262 3269 5335 Προόσης
3303 5266 3391 5318 καὶ
3427 5261 3516 5319 διὰ
3560 5263 3621 5318 τὸ
3669 5260 3944 5318 διδάσκειν

2295 5352 2394 5417 τὴν
2429 5348 2505 5414 εἷς
2532 5350 2762 5425 Χριστὸν
2810 5349 2992 5404 πίστιν
3046 5350 3175 5413 τοὺς
3233 5355 3713 5428 προσερχομένους
3765 5353 3941 5423 αὐτῷ,

2296 5440 2583 5514 κρατηθεὶς
2616 5437 2760 5513 παρὰ
2783 5443 2889 5494 τῶν
2933 5437 3379 5516 εἶδωλολατρῶν,
3433 5441 3670 5513 παρέστη
3715 5447 3794 5514 τῷ
3843 5445 3946 5511 τῆς

2300 5529 2544 5590 Βιθυνίας
2579 5526 2824 5603 ἅρχοντν
2858 5529 2946 5583 καὶ
3003 5528 3297 5604 ἐρωτηθεὶς
3347 5531 3680 5606 ὡμολόγησε
3727 5530 3949 5608 παῤῥη-

2297 5621 2388 5693 σίᾳ
2417 5617 2509 5674 τὸν
2545 5617 2797 5695 Χριστόν.
2832 5619 2946 5676 Τοῦ
3005 5615 3061 5674 δὲ
3117 5617 3386 5697 ἄρχοντος
3436 5621 3701 5695 εἰπόντος,
3760 5621 3838 5684 ὡς
3897 5620 3954 5676 οἱ
