4158 6310
195 355 315 416 465

1779 347 2048 412 MAIUS.

3484 341 3600 405 466

193 485 314 552 θεοὶ
365 481 651 561 ὀφείλουσι
708 487 989 556 τιμᾶσθαι,
1053 478 1202 551 Ζεὺς,
1251 480 1341 535 καὶ
1395 477 1708 550 Ἀπόλλων,
1755 477 1845 534 καὶ

1962 488 2234 558 oportere
2288 485 2507 552 Jovem,
2567 481 2927 556 Apollinem,
2985 476 3301 546 Bacchum,
3343 493 3411 532 ac
3468 477 3608 532 reli-

193 573 494 642 Διονύσιος,
544 574 634 628 καὶ
695 573 750 626 οἱ
801 569 1011 641 λοιποὶ,
1073 571 1145 625 ὧν
1199 573 1268 642 τῇ
1327 569 1651 644 προνοίᾳτᾶ
1675 569 1849 643 θερμᾶ

192 663 361 720 ὕδατα
416 660 763 717 ἂναδίδονται
839 660 922 714 ἐπ’
1005 659 1280 735 εὐεργεσίᾳ
1335 664 1442 715 τῶν
1526 659 1846 734 ἇνθρώπων⁸

194 754 486 822 ἀντέφησεν
521 753 550 807 6
582 753 754 826 ἅγιος,
790 751 872 805 ὅτι
931 751 1014 808 Τὰ
1066 751 1242 823 θερμᾶ
1284 747 1450 804 ὕδατα
1497 753 1565 822 τῇ
1621 745 1847 820 δυνάμει

191 848 288 900 τοῦ
322 845 563 916 Χριστοῦ
594 837 960 904 ἆναδίδονται,
1006 839 1096 894 καὶ
1147 838 1276 914 οὐχὶ
1314 843 1423 894 τῶν
1457 835 1724 906 εὶδώλων,
1761 837 1849 908 ξό-

191 934 301 989 λων
335 928 510 987 ὄντων
541 929 796 1005 ἀψύχων,
825 930 914 985 καὶ
949 929 1124 1006 λίφων
1162 929 1524 998 ἀναισθήτων.
1560 927 1657 982 Διά
1683 931 1850 982 ταῦτα

189 1020 495 1094 ἐμϐληθεὶς
527 1021 602 1081 εἰς
636 1019 770 1075 αὐτᾶ
819 1019 886 1074 τὰ
933 1018 1107 1092 θερμά
1159 1017 1509 1092 κοχλάζοντα
1543 1017 1653 1093 βίᾳ,
1686 1016 1848 1087 ἐξῆλ-

193 1123 276 1175 θεν
313 1111 494 1184 ὑγιὴς,
527 1114 632 1165 τῶν
662 1107 876 1182 δημίων
920 1111 1157 1164 καὲντων
1217 1107 1450 1162 πάντων·
1513 1107 1602 1162 καὶ
1659 1103 1849 1180 διαφό-

190 1221 297 1277 ρως
351 1200 624 1275 πρότερον
677 1197 1043 1274 βασανισθεὶς,
1101 1195 1321 1271 ὕστερον
1386 1198 1480 1266 τὴν
1537 1193 1626 1251 διὰ
1664 1195 1851 1273 ξίφους

189 1286 406 1359 ἐδέξατο
461 1287 746 1358 τελευτὴν,
834 1288 968 1360 μετά
1022 1286 1302 1356 ’Δκακίου,
1368 1286 1460 1340 καὶ
1514 1283 1848 1362 Μενάνδρου,

185 1379 270 1434 καὶ
298 1376 636 1446 Πολυαίνου,
665 1380 771 1432 τῶν
808 1378 1062 1448 μαθητῶν
1095 1375 1278 1431 αὐτοῦ.

294 1523 399 1576 Καὶ
432 1518 665 1591 ἄθλησις
718 1523 816 1575 τοῦ
867 1521 1023 1596 ἁγίου
1077 1516 1349 1595 μάρτυρος
1388 1513 1740 1578 Κολλούθου.

258 1666 322 1721 Ὀ
351 1667 458 1719 τοῦ
516 1666 758 1739 Χριστοῦ
797 1636 1024 1736 ’μάρτυς
1078 1659 1400 1724 Κολλοῦθος
1457 1661 1704 1733 ὑπῆρχεν
1762 1657 1849 1714 ἐπὶ

194 1757 288 1822 τῆς
323 1750 614 1829 βασιλείας
671 1753 1033 1824 Μαξιμιανοῦ,
1088 1749 1146 1806 ἐκ
1203 1745 1477 1820 Θηϐαὶδος
1508 1747 1725 1812 πόλεως
1752 1753 1853 1817 τῆς

1955 593 2124 649 quos,
2159 593 2411 647 quorum
2435 572 2805 647 providentia
2834 569 3040 626 calidaa
3082 585 3250 639 aqum
3297 567 3360 621 in
3407 565 3606 622 homi-

1953 685 2097 725 num
2157 668 2516 724 beneflcium
2567 668 2907 735 erumpunt,
2953 659 3260 730 respondit
3317 664 3607 714 sanctus:

1954 758 2171 813 Calidas
2205 775 2372 829 aqum
2403 758 2616 812 virtute
2664 754 2878 810 Christi
2921 755 3221 816 emanant,
3255 766 3376 804 non
3409 754 3609 804 autem

1954 847 2274 911 idolorum,
2320 865 2451 918 qua:
2501 851 2638 901 sunt
2688 845 2850 916 ligna
2901 841 3250 905 inanimata,
3283 845 3341 892 et
3380 838 3610 910 lapides

1955 955 2133 994 sensu
2166 944 2456 993 carentes.
2499 935 2894 1001 Quamobrem
2930 933 2990 986 in
3038 932 3322 986 Thermas
3365 929 3525 999 ipsas
3555 927 3608 982 vi

1954 1028 2357 1083 eiiervefactas
2381 1027 2657 1098 injectus,
2683 1022 3000 1079 incolumis
3022 1020 3220 1081 evasit,
3249 1018 3608 1074 satellitibus

1953 1117 2233 1172 omnibus
2263 1115 2609 1172 combustis.
2645 1115 2771 1168 Mox
2820 1111 2996 1166 variis
3028 1109 3337 1164 tormentis
3389 1122 3606 1161 excru-

1952 1207 2163 1273 ciatus,
2196 1212 2561 1276 postremum
2592 1202 2784 1275 gladio
2817 1200 3095 1272 plectitur
3124 1213 3243 1252 una
3271 1213 3404 1251 cum
3435 1195 3610 1250 disci-

1953 1296 2110 1368 pulis
2142 1295 2266 1350 suis
2295 1294 2528 1361 Acacio,
2562 1290 2906 1361 Menandro,
2939 1296 2996 1343 et
3025 1287 3320 1359 Polymno.

2163 1527 2234 1583 Et
2260 1532 2535 1582 certamen
2572 1525 2753 1580 sancti
2808 1522 3075 1592 martyris
3124 1517 3388 1575 Colluthi.

2025 1672 2244 1743 Martyr
2261 1670 2474 1726 Christi
2505 1668 2814 1724 Colluthus
2863 1666 2996 1734 fuit,
3039 1666 3398 1738 imperatore
3431 1664 3612 1722 Maxi-

1953 1761 2176 1830 miano,
2206 1777 2274 1815 ex
2303 1759 2598 1814 Thebaide
2619 1757 2842 1830 :Egypti
2877 1755 3134 1810 urbe.0b
3165 1754 3379 1809 Christi
3411 1759 3609 1809 autem

193 1843 505 1918 Αἱγῦπτου·
540 1839 630 1896 διὰ
661 1839 718 1896 δὲ
759 1842 857 1909 τήν
914 1840 989 1901 εἰς
1043 1840 1270 1916 Χριστὸν
1305 1836 1611 1914 ὁμολογίαν
1643 1858 1845 1913 κρατη-

1962 1849 2388 1905 confessionem
2407 1847 2479 1902 ab
2507 1847 2838 1903 idololatris
2858 1845 3346 1917 comprehensus,
3366 1841 3608 1915 praesidi

194 1933 298 1996 osi;
332 1931 446 1986 ὑπὸ
476 1935 585 1984 τῶν
632 1929 1073 2003 προσκυνούντων
1105 1929 1172 1982 τά
1201 1925 1424 1993 εἴδωλα,
1468 1923 1742 2002 παρεδόθη
1768 1930 1849 1998 τῷ

187 2024 280 2089 τῆς
347 2021 546 2096 χώρας
620 2019 876 2094 ἡγεμόνι·
936 2019 1024 2073 καὶ
1089 2020 1228 2091 μήτε
1287 2015 1600 2078 κολακείαις
1661 2013 1852 2072 δελεα-

194 2109 355 2179 σθεὶς,
392 2111 536 2182 μήτε
567 2107 816 2170 ἀπειλαῖς
863 2109 1139 2179 πτοηθεὶς,
1189 2105 1468 2182 ὡμολόγει
1498 2107 1588 2161 τὸν
1621 2106 1850 2181 Χριστὸν

193 2199 498 2276 παρρησίᾳ.
536 2198 633 2252 Διὰ
672 2197 832 2253 τοῦτο
890 2198 1109 2273 πρῶτὸν
1173 2197 1266 2269 μὲν
1326 2195 1464 2269 λίθῳ
1496 2194 1725 2270 μεγάλῳ
1754 2197 1846 2252 τὸν

195 2289 482 2365 τράχηλον
515 2285 850 2364 προσδεθεὶς,
907 2287 1215 2362 ἐκρεμάσθη
1272 2287 1408 2343 κατὰ
1449 2285 1716 2366 κεφαλῆς.
1750 2288 1846 2343 Καὶ

194 2379 535 2451 τυπτόμενος
594 2378 699 2433 ὑπὸ
751 2382 859 2432 τῶν
920 2376 1161 2449 δημίων,
1215 2375 1416 2452 ἔλεγεν·
1477 2375 1592 2434 Οὐκ
1639 2376 1758 2448 ἄξια
1783 2378 1851 2434 τὰ

197 2471 494 2541 παθήματα
549 2471 647 2522 τοῦ
701 2471 792 2522 νῦν
851 2472 1043 2540 καιροῦ
1099 2467 1234 2541 πρὸς
1279 2467 1380 2536 τὴν
1416 2463 1728 2540 μέλλουσαν
1755 2465 1847 2522 δό-

203 2562 287 2630 ξαν
347 2559 832 2615 ἀποκαλύπτεσθαι
889 2557 964 2618 εἰς
1020 2560 1191 2630 ἡμᾶς.
1251 2559 1479 2613 Ἔπειτα
1507 2561 1603 2611 τοῦ
1661 2557 1846 2629 ξύλου,

202 2651 248 2706 ἐν
283 2651 328 2723 ᾧ
361 2651 653 2726 ἐκρέματο,
709 2643 1145 2716 καταϐιϐασθεὶς,
1203 2649 1534 2722 ἠναγκάζετο
1591 2647 1845 2711 ἀπελθεῖν

203 2741 277 2802 εὶς
306 2742 404 2795 τὸν
431 2741 553 2794 ναὸν
579 2744 688 2794 τῶν
719 2736 991 2806 εἰδώλων,
1021 2737 1110 2792 καὶ
1141 2740 1317 2794 θῦσαι.
1354 2738 1450 2794 Καὶ
1485 2738 1561 2810 μή
1591 2737 1845 2800 πεισθεὶς,

202 2829 302 2896 τὴν
339 2825 431 2881 διὰ
479 2830 568 2880 τοῦ
623 2825 797 2900 πυρὸς
845 2822 1116 2904 ἀπόφασιν
1147 2823 1378 2898 ἐδεξατο·
1412 2826 1502 2880 καὶ
1543 2819 1848 2896 ἐμϐληθεὶς

209 2917 282 2978 εὶς
339 2917 560 2988 κάμινον
617 2916 859 2991 ἰσχυρῶς
946 2915 1247 2985 ἐκκαεῖσαν,
1323 2914 1484 2976 τὲλος
1568 2911 1696 2988 ἔσχε
1749 2917 1848 2968 τοῦ

204 3005 530 3080 προσκαίρου
563 3004 706 3080 βίου.

203 3125 298 3180 Καὶ
333 3121 569 3194 ἄθλησις
600 3127 693 3178 τοῦ
723 3123 882 3199 ἁγίου
904 3124 1206 3214 ὶμάρτυρος
1255 3121 1592 3196 Φιλεταίρου
1617 3119 1707 3177 καὶ
1736 3124 1844 3178 τῶν

870 3199 964 3250 σὺν
1003 3199 1169 3267 αὐτῷ.

265 3314 600 3391 Φιλέταιρος
653 3316 682 3369 6
737 3319 833 3370 τοῦ
895 3319 1133 3389 Χριστοῦ
1192 3312 1419 3390 μάρτυς,
1472 3312 1688 3389 ὑπῆρχε
1717 3312 1846 3388 γέν-

200 3425 342 3477 νημα
374 3405 470 3460 καὶ
511 3403 732 3480 θρέμμα
780 3411 883 3474 τῆς
941 3401 1300 3478 Νικομηδέων
1331 3402 1570 3473 πόλεως,
1602 3401 1717 3464 υἱὸς
1746 3405 1847 3459 Τα-

200 3499 385 3550 τιανοῦ
443 3498 542 3548 τοῦ
627 3493 734 3549 ἀπὸ
806 3492 1085 3570 ἐπάρχων,
1147 3493 1278 3567 ἀνὴρ
1364 3489 1681 3568 εὒμεγέθης,
1761 3489 1851 3545 καὶ

205 3584 430 3657 ὡραῖος,
465 3584 659 3645 λευκὸς
693 3582 819 3638 ὡσεὶ
847 3583 1012 3659 χιὼν,
1043 3582 1133 3638 καὶ
1161 3583 1261 3651 τήν
1279 3581 1450 3657 τρίχα
1476 3588 1575 3651 τῆς
1608 3579 1852 3659 κεφαλῆς

199 3675 278 3728 καὶ
329 3677 440 3739 τῆς
498 3670 778 3748 γενειάδος
835 3670 979 3748 ἔχων
1035 3671 1450 3745 ἐπιλάμπουσαν
1507 3673 1582 3733 ὡς
1621 3669 1852 3747 χρυσόν.

203 3765 528 3840 Χριστιανὸς
579 3762 636 3819 δέ
697 3761 794 3832 ὢν,
849 3763 1121 3840 ἐκρατήθη
1155 3763 1301 3838 παρὰ
1328 3767 1436 3817 τῶν
1474 3761 1734 3831 ἀπίστων,
1765 3761 1854 3815 καὶ

203 3859 445 3930 παρέστη
509 3853 883 3926 Διοκλητιανῷ
952 3858 1032 3925 τῷ
1105 3853 1407 3928 παρανόμῳ
1470 3851 1706 3926 βασιλεῖ·
1765 3853 1855 3905 καὶ

203 3940 425 4018 ἐλέγξας
485 3941 645 3996 αὐτὸν
702 3941 784 4018 ἐφ’
841 3943 924 4002 οἷς
1004 3938 1231 4014 ἔπραττε
1286 3945 1490 4011 κακῶν,
1548 3939 1636 3994 καὶ
1699 3940 1854 4012 μισό-

205 4032 430 4107 χριστὸν
485 4030 738 4102 καλέσας,
795 4029 996 4108 ἐτόφθη
1083 4030 1344 4106 ἰσχυρῶς·
1402 4031 1493 4084 καὶ
1556 4023 1855 4101 ἐμϐληθεὶς

207 4125 272 4186 εἰς
299 4129 545 4196 κάμινον
600 4123 790 4197 πυρὸς,
846 4121 1066 4192 ἐξῆλθεν
1126 4117 1399 4194 ἀϐλαϐής
1431 4121 1550 4186 ὅθεν
1583 4119 1859 4193 θαυμάσας

209 4213 232 4266 6
285 4211 715 4283 Διοκλητιανὸς,
776 4209 1038 4267 ἀπέλυσεν
1095 4211 1276 4267 αὐτόν.
1338 4211 1488 4269 Μετὰ
1514 4209 1571 4266 δὲ
1599 4210 1855 4278 τελευτὴν

206 4310 289 4360 τοῦ
319 4301 746 4374 Διοκλητιανοῦ,
805 4305 903 4374 τήν
968 4303 1247 4379 βασιλείαν
1279 4299 1696 4379 παραλαϐόντος
1731 4305 1856 4360 Μα-

208 4391 453 4462 ξιμιανοῦ
506 4393 607 4444 τοῦ
658 4384 913 4464 γαμϐροῦ
998 4389 1184 4459 αὐτοῦ,
1279 4389 1442 4446 πάλιν
1520 4387 1792 4464 ἐκρατήθη
1833 4389 1861 4442 6

212 4481 372 4554 ἇγιος⁶
409 4480 502 4535 καὶ
558 4477 746 4534 πολλά
797 4479 1158 4552 τιμωρηθεὶς,
1193 4482 1310 4534 εἶτα
1347 4481 1864 4554 θαυματουργήσας,

1955 1940 2216 2012 regionis
2240 1937 2490 1993 traditus
2520 1943 2642 1992 est:
2675 1954 2710 1992 a
2739 1953 2858 2008 quo
2889 1951 3084 2007 neque
3134 1933 3440 1988 blanditiis
3471 1931 3606 1986 ille-

1956 2035 2105 2096 ctus,
2163 2044 2356 2099 neque
2414 2027 2591 2082 minis
2641 2025 3009 2098 perterritus,
3062 2023 3362 2077 Christum
3419 2021 3606 2076 libere

1955 2118 2364 2192 profitebatur.
2390 2117 2614 2172 Idcirco
2637 2116 2897 2188 primum
2927 2113 3192 2185 quidem,
3214 2111 3438 2184 ingenti
3465 2126 3604 2166 saxo

1957 2209 2030 2264 ad
2062 2209 2192 2280 ejus
2221 2207 2442 2262 collum
2486 2205 2747 2278 alligato,
2796 2205 3026 2259 inverso
3060 2203 3250 2273 capite
3285 2216 3606 2272 suspensus

1956 2298 2084 2354 fuit.
2136 2297 2400 2368 Cumque
2451 2313 2485 2352 a
2532 2294 2842 2351 lictoribus
2881 2291 3302 2366 ﬂagellaretur,
3336 2289 3607 2345 dicebat:

1957 2391 2079 2446 Non
2135 2395 2262 2443 sunt
2307 2388 2596 2458 condignae
2669 2387 2950 2456 passiones
3015 2383 3175 2451 huius
3233 2383 3492 2451 temporis
3537 2381 3612 2436 ad

1954 2484 2206 2550 futuram
2261 2481 2499 2548 gloriam
2555 2477 2711 2532 100
2769 2489 2896 2545 quae
2950 2473 3289 2528 revelabitur
3335 2473 3395 2525 in
3432 2471 3605 2526 nobis.

1958 2570 2169 2623 Postea
2199 2584 2228 2620 e
2261 2567 2440 2638 ligno,
2473 2567 2533 2620 in
2565 2583 2680 2636 quo
2715 2580 3039 2634 suspensus
3068 2563 3278 2629 fuerat,
3303 2560 3608 2632 depositus

1957 2659 2161 2714 fanum
2188 2658 2482 2712 idolorum
2507 2655 2735 2729 ingredi
2761 2661 2818 2709 et
2839 2655 3175 2709 sacrificare
3207 2651 3605 2723 compellitur.

1957 2747 2124 2814 Quod
2157 2764 2291 2801 eum
2325 2747 2517 2800 facere
2545 2749 2868 2807 recusaret,
2899 2749 2964 2797 ut
3013 2742 3272 2796 ﬂammis
3302 2739 3608 2795 addicere-

1957 2844 2054 2893 tur
2084 2835 2443 2893 sententiam
2473 2833 2719 2904 accepit.
2764 2833 2827 2886 In
2877 2831 3180 2886 fornacem
3210 2829 3409 2899 itaque
3440 2827 3608 2882 valde

1957 2941 2267 2984 accensam
2291 2924 2567 2996 injectus,
2593 2922 2842 2992 hujusce
2867 2917 3238 2991 temporarias
3261 2917 3391 2971 vitae
3425 2917 3606 2972 ﬁnem

1957 3016 2181 3074 habuit.

1955 3137 2028 3192 Et
2057 3140 2328 3191 certamen
2357 3133 2538 3189 sancti
2591 3129 2875 3186 Philetaeri
2903 3128 3162 3198 martyris
3215 3133 3268 3182 et
3313 3125 3605 3181 sociorum.

2025 3321 2376 3378 Philetaerus
2405 3319 2623 3376 Christi
2656 3323 2880 3392 martyr
2909 3319 2972 3374 in
3002 3317 3150 3373 urbe
3193 3314 3609 3372 Nicomedien-

1955 3416 2111 3472 sium
2140 3419 2316 3470 natus
2341 3418 2400 3468 et
2431 3413 2738 3479 educatus,
2770 3411 2932 3466 illius
2975 3410 3089 3465 fuit
3125 3410 3354 3465 Tatiani
3386 3425 3608 3481 exprm-

1954 3504 2113 3572 fecti,
2135 3504 2221 3559 vir
2241 3518 2502 3575 proceras
2533 3507 2796 3559 staturas.
2820 3499 3136 3560 formosus.
3159 3505 3218 3554 et
3237 3498 3407 3554 albus
3424 3499 3613 3553 instar

1956 3593 2131 3653 nivis.
2163 3591 2373 3662 capitis
2403 3606 2473 3645 ac
2501 3589 2702 3645 barbae
2732 3588 2885 3659 pilos
2915 3589 2976 3641 in
3022 3586 3266 3642 modum
3301 3587 3427 3642 auri
3461 3587 3608 3640 ruti-

1955 3683 2152 3739 lantes
2182 3681 2426 3736 habens.
2461 3681 2605 3734 Cum
2663 3684 2861 3733 autem
2920 3677 3291 3731 Christianus
3323 3682 3499 3740 esset,
3534 3675 3606 3730 ab

1956 3770 2300 3828 infidelibus
2323 3769 2804 3839 comprehensus.
2831 3765 3194 3821 Diocletiano
3216 3765 3398 3836 impio
3427 3765 3611 3835 impe-

1959 3862 2142 3919 ratori
2176 3861 2425 3926 sistitur,
2460 3875 2635 3930 quem
2668 3857 2768 3912 ille
2817 3857 2890 3912 ob
2940 3856 3116 3922 mala,
3151 3873 3281 3927 quas
3315 3855 3605 3928 patrabat,

1959 3948 2424 4024 reprehendens,
2450 3947 2785 4016 Christique
2808 3946 3118 4001 inimicum
3149 3945 3614 4017 appellansgra-

1959 4042 2108 4096 viter
2134 4056 2322 4094 caasus
2351 4038 2480 4093 fuit.
2513 4039 2640 4092 Mox
2685 4037 2745 4090 in
2791 4036 3090 4092 fornacem
3121 4036 3427 4091 ardentem
3459 4035 3612 4104 inje-

1962 4136 2112 4197 ctus,
2145 4128 2462 4184 incolumis
2492 4133 2550 4182 et
2580 4127 2802 4182 illaesus
2846 4125 3046 4181 evasit.
3081 4125 3241 4181 Unde
3273 4124 3615 4196 obstupefa-

1964 4229 2093 4280 ctus
2117 4221 2517 4278 Diocletianus
2549 4235 2684 4275 eum
2713 4218 2958 4273 dimisit.
2989 4217 3129 4273 Post
3156 4217 3384 4273 obitum
3414 4222 3614 4272 autem

1965 4311 2338 4380 Diocletiani,
2373 4327 2510 4366 eum
2559 4309 2949 4364 Maximianus
2995 4307 3182 4378 ipsius
3212 4323 3396 4379 gener
3423 4307 3615 4377 impe-

1966 4404 2123 4458 rium
2180 4401 2495 4466 obtineret,
2559 4397 2755 4453 denuo
2831 4397 3298 4467 comprehensus
3353 4401 3614 4465 sanctus,

1969 4489 2243 4564 plurimis
2289 4488 2597 4560 suppliciis
2653 4487 3038 4542 excruciatur.
3077 4484 3370 4538 Miraculis
3401 4482 3617 4538 deinde

213 4567 434 4640 ἐποίησε
462 4567 714 4630 πολλοὺς
762 4566 1042 4624 πιστεῦσαι
1093 4573 1174 4642 τῷ
1232 4571 1475 4642 Χριστῷ,
1516 4569 1602 4624 καὶ
1637 4567 1851 4624 τελειω-

1971 4580 2218 4653 patratis
2251 4579 2465 4644 effecit,
2499 4582 2563 4632 ut
2607 4577 2776 4631 multi
2821 4577 2882 4630 in
2931 4575 3231 4630 Christum
3263 4572 3616 4639 crederent;

217 4666 362 4728 θῆναι
394 4658 524 4720 τοὺς
557 4659 652 4730 μὲν
688 4656 778 4713 διά
807 4658 1012 4730 ξίφους,
1033 4657 1162 4720 τοὺς
1186 4656 1243 4713 δὲ
1274 4656 1362 4713 διὰ
1393 4657 1584 4732 πυρός.
1619 4658 1857 4730 Ὁμοίως

216 4749 293 4802 καὶ
324 4751 353 4804 6
391 4750 602 4821 μάρτυς
635 4749 880 4822 Κυριακῆ
937 4746 1066 4822 πυρὶ
1123 4746 1440 4817 ἐτελειώθη,
1471 4747 1562 4802 καὶ
1595 4748 1622 4802 ὁ
1653 4746 1859 4823 φυλάτ-

215 4856 309 4892 των
349 4836 548 4899 αὗτοὺς
606 4839 787 4909 κόμης
844 4835 1074 4912 ἔσχατον
1135 4837 1268 4910 μετᾶ
1322 4840 1420 4892 τοῦ
1476 4835 1636 4912 ἁγίου
1668 4837 1859 4892 ἀπεκε-

217 4925 470 5002 φαλίσθη.

764 5135 950 5195 MHNI
985 5139 1069 5190 ΤΩ
1108 5137 1309 5194 ΑΥἸὪ.

1013 5223 1074 5281 Κ,

220 5313 483 5385 ’Δθλησις
510 5317 610 5370 τοῦ
639 5313 792 5389 ἁγίου
847 5314 1120 5407 μάρτυρος
1171 5311 1481 5369 Θαλελαιου
1509 5312 1599 5368 καὶ
1629 5317 1736 5368 τῶν
1770 5312 1862 5368 σὺν

961 5407 1127 5456 αυτῳ.

287 5502 612 5570 Θαλελαῖος,
674 5503 702 5557 6
747 5505 846 5557 τοῦ
904 5502 1138 5574 Χριστοῦ
1197 5500 1400 5577 μάρτυς
1427 5501 1494 5570 ἦν
1527 5501 1612 5556 ἐπὶ
1646 5502 1865 5574 Νουμε-

1969 4671 2234 4740 adeoque
2266 4675 2516 4722 mortem
2545 4665 2798 4733 obirent,
2821 4665 2920 4719 alii
2945 4663 3183 4734 quidem
3215 4661 3410 4735 gladio
3436 4662 3617 4734 plexi,

1969 4759 2070 4815 alii
2129 4774 2262 4813 vero
2316 4756 2574 4811 ﬂammis
2633 4753 2875 4809 addicti.
2937 4751 3217 4808 Similiter
3271 4757 3331 4807 et
3379 4751 3621 4824 Cyriaca

1970 4852 2196 4918 martyr
2220 4862 2326 4917 per
2355 4845 2552 4917 ignem
2583 4847 2995 4898 consummata
3019 4845 3141 4896 est:
3165 4845 3228 4896 et
3255 4842 3355 4912 qui
3387 4857 3488 4898 eos
3518 4857 3622 4908 cu-

1971 4935 2266 4993 stodiebat
2291 4950 2488 4998 comes
2535 4931 2775 4987 tandem
2828 4946 2948 4986 una
2993 4945 3128 4984 cum
3176 4935 3381 4986 sancto
3428 4929 3623 5002 capite

1970 5025 2357 5081 obtruncatus
2385 5022 2514 5078 fuit.

2529 5137 2771 5193 EODEM
2809 5137 2953 5193 ΜΕΝ
2959 5136 3059 5194 SE.

2577 5227 2680 5283 Die
2715 5227 3015 5283 vicesima.

2047 5319 2331 5376 Certamen
2358 5321 2538 5375 sancti
2584 5318 2847 5375 Thalelwi
2891 5318 3235 5396 martyrisget
3263 5319 3552 5374 sociorum.

1975 5500 2304 5558 Thalelaaus
2349 5499 2564 5556 Christi
2613 5504 2837 5571 martyr
2882 5498 2993 5555 fuit
3039 5499 3395 5554 Numeriano
3440 5496 3627 5568 impe-

231 5597 406 5662 ριανοῦ
433 5595 533 5646 τοῦ
569 5589 855 5666 βασιλέως,
911 5589 1096 5665 ἰατρὸς
1153 5591 1250 5659 τήν
1309 5588 1530 5664 τεχνην.
1565 5591 1851 5663 Κρατηθεὶ‹

1976 5596 2173 5646 ratore
2205 5589 2573 5661 professione
2604 5589 2888 5645 medicus.
2924 5588 3396 5660 Comprehensus
3427 5589 3626 5640 autem

231 5675 282 5734 δὲ
334 5682 385 5736 ἐν
445 5675 761 5758 Ἀναζάρϐῳ
841 5679 1002 5737 πόλει
1082 5687 1182 5750 τῆς
1236 5677 1512 5754 Κιλικίας,
1568 5681 1863 5756 προσήχθη

1979 5681 2041 5736 in
2073 5680 2371 5736 Auazarbo
2391 5679 2612 5736 Cilicia:
2634 5680 2802 5744 urbe,
2825 5677 2900 5732 ad
2920 5677 3292 5733 Theodorum
3315 5672 3622 5749 presidem
