4158 6310
442 292 558 351 467

1733 289 2174 354 MENOLOGII
2216 295 2415 356 PARS
2457 296 2566 357 III.

3727 308 3852 370 468

447 421 784 489 adducitur,
810 422 912 494 qui
935 422 1120 495 jussit
1151 421 1281 494 ejus
1312 421 1464 477 talos
1493 437 1527 477 a
1557 421 1917 478 satellitibus
1939 425 2096 478 tere-
2128 487 2130 492 Α

2243 422 2479 499 ιεοδώρῳ
2506 431 2585 500 τῷ
2641 427 2891 504 ἄρχοντιο
2951 431 3099 494 ὅστις
3154 430 3401 488 ἐκέλευσε
3451 438 3567 498 τοῖς
3609 432 3860 510 δημίοις,

446 513 630 578 brari,
667 518 724 566 et
752 511 984 567 inverso
1027 528 1158 567 eum
1207 510 1396 582 capite
1452 511 1754 582 suspendi.
1789 511 1933 566 Cum
1965 528 2098 567 vero

449 602 510 658 id
533 601 819 657 satellites
840 601 1032 656 facere
1053 605 1430 667 conarentur,
1450 599 1650 654 divina
1670 600 1881 656 virtute
1904 607 2101 656 mente

451 691 796 756 abalienati,
822 690 1050 762 lignum
1073 689 1200 744 loco
1227 689 1416 743 sancti
1447 695 1500 743 te
1521 689 1829 744 rebrantes
1861 705 2104 762 suspen-

452 780 869 845 derunt.Quasi
906 795 1040 850 ergo
1086 778 1323 850 praesidi
1376 778 1726 848 illusissent,
1760 778 1959 851 ﬂagris
1990 796 2104 834 caa-

452 870 693 925 duntur.
727 871 808 922 Ex
855 868 947 922 his
1001 867 1338 922 Alexander
1385 873 1442 922 et
1485 869 1770 936 Asterius,
1799 869 1946 922 107
1982 869 2102 922 viso

451 957 739 1013 miraculo
771 955 1154 1011 crediderunt
1181 957 1243 1010 in
1275 955 1596 1024 Christum,
1629 963 1688 1012 et
1725 957 1916 1030 capite
1947 957 2104 1028 plexi

453 1053 610 1102 sunt.
649 1045 862 1100 Volens
911 1051 1108 1100 autem
1166 1063 1385 1117 prmses
1452 1047 1573 1100 suis
1632 1047 1906 1101 manibus
1954 1047 2105 1101 talos

454 1139 690 1190 sanctos
723 1134 1042 1201 terebrare,
1076 1151 1106 1188 e
1139 1134 1286 1189 sella
1317 1152 1554 1206 surgere
1587 1136 1872 1207 nequivit,
1905 1140 2103 1208 poste-

453 1222 712 1279 rioribus
744 1223 872 1293 ejus
906 1223 1066 1277 sella)
1099 1222 1562 1291 adhaerentibus,
1588 1229 1646 1278 et
1677 1224 1948 1278 manibus
1977 1241 2109 1278 are—

454 1313 643 1368 factis.
679 1314 903 1366 Rursus
934 1311 1132 1382 itaque
1165 1312 1336 1366 multi
1388 1312 1450 1366 in
1496 1313 1811 1367 Dominum
1842 1313 2111 1368 credide-

455 1413 616 1460 runt.
663 1405 912 1458 Demum
961 1404 1149 1459 sancti
1200 1404 1478 1475 precibus
1522 1421 1743 1475 prasses
1795 1405 2110 1459 sanitatem

459 1498 836 1560 consecutus,
888 1508 919 1548 e
965 1493 1115 1549 sella
1163 1493 1439 1562 surrexit,
1474 1510 1730 1564 eumque
1780 1493 1972 1565 capite
2005 1494 2112 1548 ob-

459 1584 773 1638 truncavit.

677 1817 745 1872 Et
769 1821 1042 1872 certamen
1071 1817 1250 1871 sancti
1282 1814 1575 1871 Ascalonis
1619 1816 1903 1884 martyris.

543 1961 646 2016 Hic
677 1959 788 2015 fuit
819 1977 887 2014 ex
910 1959 1151 2032 regione
1173 1958 1488 2014 Thebaidis
1508 1958 1735 2031 Egypti
1762 1975 1774 2012 :
1810 1957 1882 2013 ob
1907 1957 2120 2013 Christi

470 2057 669 2108 autem
697 2049 876 2104 {idem
914 2050 1405 2121 comprehensus,
1437 2048 1728 2103 adductus
1753 2052 1842 2102 est
1888 2047 2123 2105 vinctus

475 2140 549 2196 ad
585 2139 866 2195 Arianum
897 2139 1219 2210 prmsidem
1261 2155 1273 2192 :
1325 2155 1360 2192 a
1389 2155 1505 2208 quo
1537 2138 1956 2209 interrogatus,
1990 2153 2123 2193 cum

472 2228 772 2284 Christum
794 2227 981 2282 libere
1004 2228 1404 2298 proﬁteretur,
1431 2227 1494 2281 in
1533 2227 1852 2297 equuleum
1877 2244 2128 2298 suspen-

476 2334 598 2385 sus,
631 2316 840 2371 ferreis
873 2316 1109 2389 ungulis
1133 2317 1194 2370 in
1225 2315 1512 2371 lateribus
1539 2315 1880 2371 dilaniatur.
1906 2315 2128 2370 Deinde

476 2410 540 2463 in
571 2423 868 2462 carcerem
903 2411 1186 2477 tanquam
1213 2412 1477 2461 mortuus
1502 2406 1798 2474 detrusus,
1831 2423 1965 2460 cum
1986 2424 2132 2478 prae-

479 2497 668 2553 sidem
739 2496 962 2551 videret
1009 2496 1239 2568 navigio
1290 2496 1533 2551 ﬂuvium
1591 2483 2139 2568 pertranseuntem,

479 2586 681 2653 oravit,
709 2603 785 2640 ne
811 2586 977 2657 prius
1000 2587 1061 2640 in
1090 2592 1307 2640 terram
1334 2585 1743 2654 descenderet,
1777 2601 1952 2656 quam
1985 2585 2133 2640 scri—

478 2682 578 2750 pto
611 2677 980 2732 divinitatem
1011 2677 1224 2731 Christi
1256 2677 1654 2748 proﬁteretur.
1688 2677 1832 2730 Tum
1863 2693 1997 2730 vero
2029 2674 2133 2728 de-

481 2772 680 2822 tentus
713 2767 773 2820 in
806 2765 981 2820 ﬂuvio
1022 2771 1112 2820 est
1158 2783 1398 2838 prmses,
1442 2782 1554 2820 nec
1610 2763 1847 2820 ﬂuvium
1881 2764 2132 2819 transire

482 2857 698 2929 potuit.
731 2855 833 2910 Cui
868 2861 1141 2910 sanctus:
1195 2857 1319 2909 Non
1377 2854 1582 2909 licebit
1630 2855 1732 2909 tibi
1780 2855 1921 2908 hinc
1953 2853 2131 2919 exire,

481 2946 598 3001 nisi
660 2945 880 3016 scripto
956 2943 1297 2999 confitearis
1372 2944 1669 2999 Christum
1731 2945 1913 2998 Deum
1981 2958 2131 2996 esse.

484 3034 761 3090 Chartam
784 3035 983 3102 itaque
1007 3034 1306 3103 accipiens
1329 3050 1570 3103 praeses,
1592 3033 1830 3103 scripsit
1854 3048 2135 3103 magnum

484 3139 616 3178 esse
637 3123 1106 3177 Christianorum
1131 3123 1337 3183 Deum,
1363 3139 1472 3176 nec
1493 3122 1675 3176 alium
1699 3128 1915 3193 praeter
1943 3123 2134 3192 ipsum

488 3212 792 3266 exsistere.
826 3213 949 3274 Quo
991 3211 1142 3265 facto
1185 3211 1383 3265 statim
1417 3212 1610 3278 exivit,
1645 3217 1702 3266 et
1733 3217 2004 3266 sanctum
2036 3227 2135 3264 co-

486 3317 617 3355 ram
642 3317 702 3355 se
725 3300 812 3371 agi
831 3299 1032 3371 jussit,
1057 3317 1124 3354 ac
1148 3301 1451 3371 suspendi,
1477 3307 1536 3355 et
1556 3300 1931 3371 lampadibus
1953 3299 2140 3372 igneis

490 3387 619 3458 ejus
668 3386 855 3442 latera
897 3387 1162 3442 comburi
1195 3404 1210 3446 ;
1267 3387 1508 3442 demum
1549 3404 1690 3443 saxo
1717 3387 2044 3460 alligatum,
2078 3387 2141 3442 in

489 3475 714 3533 ﬂumen
743 3476 976 3549 projici,
1009 3475 1109 3532 ubi
1135 3477 1488 3548 martyrium
1519 3478 1970 3534 consummavit.

1059 3710 1298 3766 EODEM
1321 3710 1572 3767 MENSE.

992 3851 1096 3908 Die
1128 3852 1408 3906 vicesima
1430 3852 1644 3923 prima.

493 3979 646 4035 108
679 3981 940 4034 Memoria
963 3978 1338 4049 piissimorum
1379 3995 1441 4032 ac
1482 3996 1807 4048 magnorum
1847 3981 2144 4050 imperato-

842 4066 963 4104 rum
1024 4051 1378 4104 Constantini
1430 4057 1481 4104 et
1542 4053 1784 4107 Helenae.

563 4208 989 4264 Constantinus
1017 4210 1277 4280 Magnus,
1314 4212 1372 4262 et
1398 4208 1623 4278 primus
1673 4210 2144 4266 Christianorum

495 4299 944 4369 imperatorum,
999 4297 1157 4351 illius
1209 4298 1324 4351 fuit
1375 4298 1702 4352 Constantii
1747 4301 2146 4356 Romanorum

495 4387 762 4451 Caesaris,
795 4391 852 4440 et
884 4387 1160 4452 Helenae;
1192 4387 1816 4458 Constantii,inquam,
1843 4391 1943 4460 qui
1976 4391 2148 4446 Chlo-

493 4493 594 4533 rus
628 4477 1106 4548 cognominatus,
1128 4476 1290 4532 solus
1313 4476 1505 4531 fuerat
1527 4493 1594 4530 ex
1615 4477 1749 4532 aliis
1772 4478 2144 4550 imperatori-

494 4569 624 4637 bus,
659 4569 761 4639 qui
797 4582 1120 4639 supernam
1151 4567 1586 4639 providentiam
1631 4569 1952 4638 invocaret,
1986 4571 2146 4626 etab

497 4659 672 4714 idolis
691 4673 821 4714 sese
841 4656 1187 4713 abstineret.
1210 4657 1434 4714 Idcirco
1453 4658 1819 4715 Christianos
1837 4661 2147 4715 tormentis

499 4745 798 4816 subjectos
819 4743 1046 4812 videns,
1067 4744 1615 4815 commiserabatur,
1639 4763 1932 4817 suumque
1956 4747 2146 4802 filium

499 4831 804 4897 edocebat,
837 4831 1050 4887 divinas
1080 4833 1139 4886 in
1166 4833 1340 4888 bellis
1367 4835 1771 4905 providentius,
1804 4852 1924 4890 non
1955 4835 2146 4890 idolo-

497 4937 626 4976 rum
660 4936 832 4990 opem
863 4921 1202 4992 implorare.
1239 4923 1383 4976 Hinc
1414 4928 1548 4993 post
1584 4924 1769 4994 patris
1801 4925 1892 4978 sui
1921 4924 2146 4978 obitum

496 5025 815 5080 supernam
848 5010 1276 5080 providentiam
1337 5011 1637 5074 invocans,
1698 5012 1841 5066 vidit
1896 5014 1957 5067 in
2001 5013 2146 5068 coelo

495 5097 890 5152 venerandam
919 5115 1178 5163 crucem,
1205 5115 1524 5170 vocemque
1554 5099 1774 5154 audivit
1805 5101 1912 5156 sibi
1941 5101 2150 5156 dicen-

498 5191 618 5241 tem
645 5201 656 5238 :
691 5184 1097 5251 Constantine,
1129 5186 1189 5240 in
1221 5186 1334 5240 hoc
1365 5187 1566 5243 vince:
1603 5189 1954 5260 hostemque
1987 5189 2146 5261 deje-

499 5273 601 5329 cit.
649 5274 914 5328 Posthzec
936 5273 1185 5345 imperio
1212 5275 1453 5344 potitus,
1475 5275 1634 5331 idola
1655 5277 1893 5348 quidem
1918 5279 2146 5346 evertit;

498 5360 783 5416 ecclesias
815 5367 1014 5416 autem
1047 5363 1341 5428 excitavit,
1369 5369 1425 5416 et
1455 5363 1630 5417 urbes
1663 5364 1967 5429 condidit;
1992 5365 2152 5419 Chri-

499 5450 573 5504 sti
605 5465 738 5503 vero
772 5466 1008 5503 crucem
1040 5468 1146 5521 per
1177 5457 1425 5506 matrem
1474 5468 1639 5506 suam
1673 5453 1958 5507 Helenam
1989 5453 2151 5510 inve-

499 5541 607 5596 nit.
641 5540 904 5611 Cumque
940 5540 1123 5595 multa
1171 5546 1326 5595 recte
1376 5540 1676 5613 gessisset,
1709 5541 1783 5597 ad
1813 5542 2149 5598 Domimum

504 5629 794 5704 migravit.

2149 1800 2197 1865 B

2209 523 2482 588 τρυπῆσαι
2537 517 2662 580 τοὺς
2718 518 3096 594 ἀστραγάλους
3180 522 3366 591 αὐτοῦ,
3443 526 3533 578 καὶ
3587 532 3860 599 κρεμᾶσαι

2214 605 2377 660 αὐτὸν
2402 607 2536 661 κατά
2561 606 2825 686 κεφαλῆς.
2887 609 2988 666 Καὶ
3044 615 3205 666 τοῦτο
3261 609 3546 682 διώξαντες
3581 615 3631 669 οἳ
3664 612 3868 689 δήμιοι

2214 700 2413 764 ποιεῖν,
2448 693 2536 750 διὰ
2567 701 2714 760 θεῖας
2755 695 3036 772 δυνάμεως
3085 701 3180 762 τάς
3213 701 3408 776 φρένας
3440 700 3865 774 ὰλλοιωθέντες,

2216 781 2376 856 ξύλον
2401 789 2509 839 τῶν
2551 785 2960 859 παρακειμένων
3019 789 3136 842 ἀντὶ
3192 793 3288 844 τοῦ
3341 790 3497 866 ἁγίου
3552 794 3870 866 τρυπήσαν-

2214 894 2302 936 τες
2357 872 2678 949 ἐκρέμασαν,
2738 875 2826 930 καὶ
2882 879 3226 949 ’κομισθέντες
3292 877 3574 952 ἐμπαίζειν
3631 886 3712 954 τῷ
3765 879 3871 958 ἄρ-

2218 981 2399 1036 χοντι,
2456 962 2782 1038 έτύφθησαν.
2840 966 2926 1038 Ἐξ
3000 965 3073 1019 ὧν
3123 964 3478 1044 Ἀλέξανδρος
3533 969 3623 1024 καὶ
3682 972 3876 1027 Ἀστέ-

2221 1072 2360 1128 ριος,
2421 1048 2512 1106 διὰ
2564 1053 2626 1106 τὸ
2681 1057 2858 1125 θαῦμα
2913 1055 3289 1119 πιστεύσαντες
3347 1062 3426 1129 τῷ
3484 1061 3721 1133 Χριστῷ,
3763 1061 3875 1115 ἀπ-

2220 1139 2662 1218 έκειραλίσθησαν.
2711 1142 2809 1196 Καὶ
2859 1141 3151 1218 βουληθεὶς
3181 1145 3209 1199 6
3239 1143 3424 1221 ἅρχων
3458 1146 3679 1210 οἰκείαις
3711 1148 3880 1223 χερσὶ

2219 1237 2491 1307 τρυπῆσαι
2521 1229 2654 1293 τοὺς
2705 1231 3080 1307 ἀστραγάλους
3131 1237 3230 1290 τοῦ
3289 1237 3466 1311 ἁγίου,
3497 1237 3596 1293 οὐκ
3620 1235 3877 1308 ἠδυνήθη

2224 1319 2282 1374 έκ
2311 1324 2406 1374 τοῦ
2437 1319 2629 1393 θρόνου
2688 1321 2989 1396 ἐγερθῆναι,
3050 1321 3440 1394 κολληθέντων
3497 1331 3606 1381 τῶν
3653 1327 3880 1392 ὅπισθεν

2228 1409 2395 1464 αὐτοῦ
2423 1414 2501 1480 τῷ
2533 1411 2731 1484 θρόνῳ,
2763 1415 2854 1466 καὶ
2900 1417 3006 1466 τῶν
3050 1419 3250 1488 χειρῶν
3283 1415 3665 1490 ξηρανθεισῶν.
3702 1417 3882 1472 Πάλιν

2228 1498 2540 1555 ἐπίστευσαν
2574 1499 2781 1555 πολλοὶ
2811 1499 2899 1556 ἐπὶ
2931 1502 3026 1557 τὸν
3058 1503 3276 1578 Κύριον.
3309 1506 3444 1561 Εἶτα
3475 1502 3545 1559 δι’
3578 1505 3749 1581 εὐχῆς
3781 1511 3888 1561 τοῦ

2231 1591 2386 1664 ἁγίου
2445 1591 2662 1666 ὑγιάνας
2718 1591 2745 1644 6
2804 1589 3014 1668 ἅρχων,
3071 1593 3160 1648 καὶ
3218 1598 3315 1649 τοῦ
3373 1598 3568 1671 θρόνου
3627 1595 3889 1669 ἀναστὰς,

2231 1678 2620 1755 ἀπεκεφάλισεν
2653 1679 2836 1736 αὐτόν.

2372 1825 2476 1882 Καὶ
2507 1822 2736 1895 ἄθλησις
2763 1828 2860 1880 τοῦ
2892 1826 3054 1902 ἁγίου
3079 1827 3354 1904 μάρτυρος
3375 1829 3734 1893 Ἀσκάλωνος

2303 1983 2473 2044 Οὗτος
2519 1982 2764 2058 ὑπῆρχεν
2825 1980 2882 2036 ἐκ
2934 1988 3036 2052 τῆς
3089 1983 3280 2059 χώρας
3335 1978 3610 2054 Θηϐαΐδος
3653 1985 3752 2052 τῆς
3787 1985 3898 2042 Al-

2231 2073 2464 2149 γύπτου,
2508 2073 2597 2128 καὶ
2630 2072 2721 2128 διὰ
2773 2073 2836 2127 τὸ
2893 2073 3162 2129 πιστεύειν
3196 2073 3272 2137 εἷς
3303 2073 3533 2148 Χριστὸν
3575 2075 3895 2148 κρατηθεὶς,

2235 2166 2387 2238 ἢγθη
2449 2162 2673 2237 δέσμιος
2747 2163 2882 2238 πρὸς
2956 2162 3240 2240 ’Λρῥιανὸν
3304 2163 3395 2218 τὸν
3455 2164 3717 2240 ἡγεμόνα.
3785 2165 3895 2220 Καὶ

2238 2253 2551 2330 ἐρωτηθεὶς,
2606 2255 2695 2309 καὶ
2753 2253 3030 2331 παρρησίᾳ
3079 2255 3170 2310 τὸν
3231 2255 3462 2330 Χριστὸν
3511 2253 3903 2330 ὁμολογήσας,

2240 2343 2566 2419 ἐκρεμάσθη·
2601 2344 2690 2398 καὶ
2749 2342 2996 2416 σιδήροις
3054 2344 3226 2415 ὀξέσιν
3284 2344 3468 2415 ἐξέσθη
3498 2344 3592 2406 τὰς
3627 2343 3903 2416 πλευράς

2239 2434 2327 2490 καὶ
2381 2435 2516 2507 μετά
2560 2437 2729 2488 ταῦτα
2785 2432 2979 2510 ἐρρίφη
3039 2432 3090 2488 ἐν
3153 2433 3369 2508 φυλακῇ
3403 2433 3531 2488 ὡσεὶ
3561 2434 3768 2504 νεκρὸς·
3807 2434 3904 2488 καὶ

2240 2525 2660 2599 παρερχόμενον
2704 2525 2795 2578 τὸν
2849 2525 3091 2599 ἄρχοντα
3125 2523 3258 2596 μετά
3288 2522 3489 2579 πλοίου
3517 2522 3606 2577 τὸν
3639 2524 3900 2595 ποταμὸν

2243 2610 2398 2684 ἰδὼν,
2453 2612 2650 2684 ηὔξατο
2714 2614 2790 2682 μὴ
2849 2611 3080 2685 ἐξελθεῖν
3140 2612 3230 2668 ἐπὶ
3285 2614 3384 2682 τήν
3443 2612 3628 2686 ξηράν,
3661 2609 3788 2685 πρὶν
3830 2608 3897 2665 ἄν

2243 2701 2527 2778 ἐγγράφως
2602 2699 2929 2777 ὁμολογήσῃ
3011 2703 3110 2770 τὴν
3171 2702 3401 2772 θεότητα
3475 2705 3572 2756 τοῦ
3629 2702 3898 2776 Χριστοῦ.

2243 2795 2402 2850 ’Όθεν
2435 2792 2756 2868 κρατηθέντι
2807 2789 2858 2845 ἔν
2908 2795 2988 2862 τῷ
3045 2795 3301 2863 ποταμῷ,
3349 2791 3441 2844 καὶ
3499 2791 3575 2863 μή
3610 2786 3900 2861 δυναμένῳ

2245 2881 2501 2954 ἐξελθεῖν,
2543 2881 2806 2954 ἐμήνυσεν
2858 2882 2885 2936 6
2930 2882 3100 2957 ἅγιος,
3150 2881 3269 2938 Οὐκ
3309 2874 3478 2952 ἔξεστί
3517 2900 3600 2934 σοι
3633 2876 3900 2949 ἐξελθεῖν,

2246 2973 2291 3028 εἰ
2328 2975 2402 3046 μή
2432 2973 2717 3051 ἐγγράφως
2769 2971 3120 3050 ὁμολογήσῃς
3162 2975 3252 3026 τὸν
3303 2971 3535 3046 Χριστὸν
3569 2971 3697 3026 Θεὸν
3730 2971 3896 3028 εἶναι.

2248 3064 2349 3120 Καὶ
2399 3060 2583 3119 λαϐὼν
2643 3066 2853 3140 χάρτην
2915 3064 2942 3118 6
2995 3061 3244 3137 ἡγεμὼν,
3306 3060 3510 3136 ἔγραψε
3561 3061 3722 3136 μέγαν
3754 3063 3900 3115 εἴναι

2165 3171 2208 3237 C
2243 3153 2336 3209 τὸν
2367 3158 2475 3208 τῶν
2536 3154 2872 3225 Χριστιανῶν
2931 3153 3081 3221 Θεὸν,
3142 3151 3231 3207 καὶ
3288 3149 3435 3221 πλῆν
3488 3151 3652 3205 αὐτοῦ
3684 3150 3761 3223 μὴ
3797 3150 3904 3204 ὑπ-

2248 3245 2436 3319 άρχειν
2468 3241 2675 3319 ἕτερον.
2731 3242 2837 3297 Καὶ
2899 3241 3053 3305 εὐθὺς
3107 3241 3360 3313 ἐξελθὼν,
3419 3241 3597 3316 ἤγαγε
3620 3240 3709 3294 τὸν
3745 3239 3905 3316 ἅγιον

2247 3330 2552 3409 ἔμπροσθεν
2630 3329 2821 3386 αὐτοῦ·
2893 3332 2982 3386 καὶ
3061 3332 3357 3406 κρεμάσας,
3419 3327 3669 3402 λαμπάσι
3727 3330 3911 3403 πυρὸς

2244 3423 2340 3486 τὰς
2367 3421 2607 3495 πλευρὰς
2667 3421 2834 3475 αὐτοῦ
2885 3419 3193 3496 κατέφλεξε
3249 3419 3338 3474 καὶ
3397 3417 3538 3492 λίθῳ
3586 3414 3912 3492 προσδήσας

2246 3513 2428 3581 αὐτὸν,
2460 3505 2714 3568 έϐέϐαλεν
2749 3510 2799 3566 έν
2833 3515 3093 3584 ποταμῶ,
3140 3511 3190 3566 ἐν
3248 3511 3293 3584 ᾧ
3345 3511 3408 3566 τὸ
3466 3507 3554 3565 διὰ
3597 3508 3910 3584 μαρτυρίου

2244 3603 2404 3668 τέλος
2435 3601 2666 3677 ἐδέξατο.

2799 3751 2981 3808 ΜΠΝΙ
3018 3750 3109 3806 ΤΩ
3148 3749 3349 3806 ΑΥΤΩ.

3021 3893 3132 3949 KA‘

2321 4207 2726 4265 Κωνσταντῖνος
2777 4201 2804 4256 6
2857 4202 3021 4278 μέγας
3067 4199 3157 4255 καὶ
3217 4202 3438 4273 πρῶτος
3470 4197 3522 4253 έν
3557 4201 3911 4273 Χριπιανοῖς

2255 4292 2529 4368 βασιλεὺς,
2586 4297 2804 4368 γέγονεν
2859 4292 2975 4351 υἱὸς
3033 4289 3406 4358 Κώνσταντος,
3465 4292 3561 4342 τοῦ
3609 4288 3907 4360 Ῥωμαίων

2253 4381 2545 4456 Καίσαρος,
2599 4381 2687 4434 καὶ
2746 4378 2992 4450 Ἑλένηςο
3050 4379 3398 4440 Κώνσταντος
3475 4380 3572 4431 τοῦ
3630 4375 3948 4450 ἐπονομα-⁴

2257 4472 2488 4543 ζομένου
2520 4470 2614 4543 μὲν
2648 4468 2903 4544 Χλωροῢ,
2942 4467 3108 4541 μόνου
3158 4465 3214 4522 δὲ
3265 4472 3372 4522 τῶν
3407 4465 3591 4522 ἄλλων
3629 4466 3908 4542 βασιλέων

2253 4562 2352 4630 τήν
2403 4556 2509 4614 ἄνω
2569 4559 2823 4635 πρόνοιάν
2883 4555 3340 4630 ἐπικαλουμένου,
3373 4558 3462 4612 καὶ
3502 4561 3616 4618 τοῖς
3648 4553 3910 4619 εἷ’δὼλοις

2263 4652 2337 4724 μὴ
2398 4652 2786 4726 προσέχοντος.
2847 4648 2946 4703 Διά
2997 4651 3160 4703 τοῦτο
3215 4648 3304 4702 καὶ
3363 4646 3490 4708 τοὺς
3545 4645 3909 4719 Χριστιανοὺς

2255 4740 2707 4815 τιμωρουμένους
2765 4738 2926 4812 ὁρῶν,
2957 4734 3135 4810 ἠλέει,
3166 4735 3255 4791 καὶ
3305 4737 3397 4791 τὸν
3447 4736 3562 4790 υἱὸν
3592 4733 3760 4790 αὐτοῦ
3791 4731 3907 4790 ἐδί-

2259 4828 2471 4898 δασκεν,
2502 4837 2602 4900 τῆς
2635 4828 2744 4884 ἄνω
2775 4827 3028 4902 προνοίας
3076 4827 3130 4883 ἐν
3188 4833 3306 4890 τοῖς
3339 4827 3610 4898 πολέμοις
3639 4825 3906 4888 αἰτεῖσθαι

2256 4920 2352 4986 τὴν
2392 4920 2667 4995 βοήθειαν,
2713 4917 2803 4972 καὶ
2838 4919 2912 4991 μή
2971 4921 3081 4972 τῶν
3140 4913 3408 4972 εἰδώλων.
3442 4917 3525 4988 Ἐξ
3557 4914 3618 4968 οὗ
3648 4913 3735 4968 καὶ
3772 4913 3910 4986 μετά

2256 5009 2512 5076 τελευτὴν
2544 5012 2644 5062 τοῦ
2675 5010 2878 5082 πατρὸς
2928 5007 3117 5074 αὐτοῦ,
3169 5005 3627 5078 ἐπικαλεσάμενος
3661 5005 3760 5072 τήν
3796 5000 3908 5058 ἅνω

2258 5095 2541 5171 πρόνοιαν,
2573 5092 2682 5149 εἶδε
2729 5095 2820 5149 τὸν
2866 5093 3048 5167 τίμιον
3099 5093 3325 5167 σταυρὸν
3358 5093 3408 5148 ἐν
3441 5096 3520 5164 τῷ
3554 5091 3786 5165 οὐρανῷ·
3819 5089 3910 5145 καὶ

2259 5193 2444 5263 φωνῆς
2477 5184 2728 5253 ἀκούσας,
2790 5188 3178 5252 Κωνσταντῖνε,
3237 5181 3288 5238 ἐν
3337 5183 3516 5254 τούτῳ
3547 5183 3690 5253 νίκα,
3725 5179 3914 5257 ἔτρεψε

2257 5275 2348 5330 τὸν
2410 5274 2626 5348 ἐχθρὸν.
2683 5273 2785 5331 Καὶ
2847 5274 2982 5346 μετά
3028 5271 3195 5328 ταῦτα
3256 5270 3602 5348 βασιλεύσας,
3633 5271 3698 5325 τά
3743 5291 3803 5325 τε
3833 5270 3914 5325 εἶ-

2262 5363 2466 5419 δωλεῐα
2521 5365 2864 5439 κατέστρεψε,
2936 5361 3027 5416 καὶ
3112 5361 3404 5432 ἐκκλησίας
3485 5362 3758 5436 ἀνήγειρε,
3819 5358 3910 5414 καὶ

2259 5453 2448 5514 πόλεις
2479 5447 2674 5521 ἔκτισε,
2733 5451 2820 5505 καὶ
2878 5450 2970 5506 τὸν
3030 5451 3256 5526 σταυρὸν
3306 5455 3400 5504 τοῦ
3431 5449 3662 5523 Χριστοὺ
3694 5446 3783 5504 διὰ
3811 5456 3912 5519 τῆς

2264 5543 2470 5618 μητρὸς
2504 5542 2668 5596 αὐτοῦ
2723 5539 2951 5611 Ἑλένης
3009 5538 3330 5618 έφανέρωσε,
3370 5539 3458 5595 καὶ
3491 5538 3678 5594 πολλὰ
3707 5559 3907 5614 κατορ-

2262 5634 2490 5706 θώματα
2517 5636 2771 5706 ποιήσας,
2802 5633 2938 5708 πρὸς
2970 5633 3163 5709 Κύριον
3195 5630 3568 5712 έξεδήμησενε
