4134 6302
238 229 380 293 469

833 369 1019 428 ΜΗΝῙ
1059 371 1152 428 ΤΩ
1189 373 1392 432 ΑΥἸὪ.

1060 461 1166 517 ΚΒ¹

448 547 728 618 ’Ἃθλησις
765 545 864 603 τοῦ
913 547 1068 624 ἁγίου
1103 549 1376 626 μάρτυρος
1405 549 1757 610 Βασιλίσκου.

351 663 716 734 Βασιλίσκος,
750 670 778 724 6
806 675 903 725 τοῦ
936 671 1180 747 Χριστοῦ
1230 666 1455 743 μάρτυς,
1487 667 1552 737 ἦν
1587 667 1673 723 ἰπὶ
1700 670 1801 737 τῆς
1837 669 1937 743 βα-

278 754 487 817 σιλείας
515 759 886 830 Μαξιμιανοῦ,
918 759 977 815 ἐκ
1025 767 1126 828 τῆς
1186 759 1376 834 χώρας
1407 762 1512 812 τῶν
1545 758 1938 832 Ἀρμενιακῶν,

282 846 505 918 ἀνεψιὸς
562 851 663 900 τοῦ
717 848 872 922 ἁγίου
933 847 1240 924 Θεοδώρου.
1300 847 1821 923 Προαγωνισαμενος
1883 845 1940 903 δὲ

285 936 426 1008 μετὰ
479 938 589 989 τῶν
647 937 815 1010 ἁγίων
870 937 1174 1012 Εὐτροπίου
1222 936 1310 992 καὶ
1364 936 1691 1008 Κλεονίκου,
1743 938 1939 1000 οἳτινες

274 1025 417 1093 ἦσαν
449 1029 778 1099 στρατιῶται
831 1031 929 1081 τοῦ
985 1027 1139 1103 ἁγίου
1192 1024 1500 1102 Θεοδώρου,
1553 1025 1772 1082 ἐκείνων
1808 1027 1938 1100 ὗπὶρ

274 1115 522 1188 Χριστοῦ
579 1111 1002 1184 τεΛειωθέντων,
1075 1113 1406 1191 κατελείφθη
1466 1114 1518 1170 ἐν
1578 1119 1644 1189 τῇ
1699 1114 1940 1194 φυλακῇ.

278 1201 552 1275 Δεόμενος
585 1200 641 1257 δὲ
669 1208 771 1258 τοῦ
803 1208 936 1260 Θεοῦ
965 1206 1056 1259 τὸν
1105 1211 1205 1274 τῆς
1237 1204 1522 1275 διθλήσεως
1556 1201 1761 1280 δρόμον
1786 1204 1942 1261 τελὲ-

275 1313 394 1361 σαι,
453 1291 773 1366 προετράπη
834 1294 961 1367 παρ’
1019 1294 1191 1348 αὐτοῦ
1249 1293 1596 1365 συντάξασθαι
1651 1299 1768 1356 τοῖς
1814 1315 1942 1369 συγ-

273 1384 517 1460 γενέσίν,
547 1383 623 1444 ὡς
688 1380 909 1456 μελλων
969 1390 1310 1460 μαρτυρῆσαι
1359 1383 1414 1440 ἐν
1464 1387 1762 1458 Κομάνοις.
1805 1391 1940 1439 Συν-

273 1481 583 1553 ταξοὶμενος
617 1477 708 1534 οῦν
740 1485 858 1542 τοῖς
904 1481 1156 1551 οἰκείοις,
1187 1481 1461 1557 ἐκρατήθη
1496 1481 1640 1558 παρᾶ
1669 1482 1943 1558 Ἀγρίππα

269 1573 374 1624 τοῦ
434 1566 728 1643 ἡγεμόνος,
788 1568 878 1624 καὶ
931 1566 1096 1646 ἤγετο
1166 1566 1389 1643 δέσμιος
1445 1571 1524 1632 εἷς
1578 1571 1646 1626 τὰ
1696 1570 1940 1642 Κόμανα.

272 1656 384 1712 Καὶ
434 1655 576 1710 κατᾶ
620 1657 721 1725 τήν
770 1655 894 1712 ὁδὸν
946 1659 1454 1734 θαυματουργήσας,
1488 1657 1737 1723 πολλοὺς
1765 1657 1943 1715 ἔπεισε

1835 239 2114 306 MAIUS.

3576 259 3697 320 470

2608 383 2850 440 EODEM
2887 384 3142 443 MENSE.

2509 472 2612 528 Die
2649 473 2929 529 vicesima
2967 477 3247 534 secunda.

2338 563 2628 618 Certamen
2655 567 2834 618 sancti
2854 566 3107 622 Basilisci
3132 571 3413 638 martyris.

2121 679 2438 736 Basiliscus
2465 681 2679 736 Christi
2702 689 2945 756 martyr,
2969 685 3296 758 imperante
3322 689 3700 757 Maximiano,

2051 768 2164 824 fuit
2192 786 2260 824 ex
2290 771 2530 842 regione
2561 773 3066 841 Armeniacorum,
3098 775 3256 832 ﬁlius
3285 776 3484 833 fratris
3512 779 3704 834 sancti

2051 860 2248 931 magni
2283 859 2560 930 martyris
2617 846 2927 918 Theodori.
2961 865 3103 919 Cum
3163 872 3358 921 autem
3393 873 3570 922 antea
3599 868 3701 924 de-

2053 953 2339 1005 certasset
2364 965 2486 1003 una
2515 965 2648 1004 cum
2692 951 2913 1005 sanctis
2963 952 3240 1024 Eutropio
3297 961 3355 1008 et
3405 956 3703 1028 Cleonico,

2053 1038 2154 1110 qui
2186 1037 2294 1092 sub
2327 1043 2529 1093 sancto
2551 1039 2856 1095 Theodoro
2888 1041 3241 1106 militabant,
3267 1045 3387 1098 illis
3410 1062 3514 1116 pro
3538 1046 3703 1102 Chri-

2052 1133 2141 1182 sto
2174 1125 2684 1194 occumbentibus,
2717 1129 2843 1199 ipse
2887 1130 2945 1184 in
2981 1147 3214 1186 carcere
3243 1132 3560 1188 derelictus
3593 1139 3700 1189 est.

2052 1217 2237 1271 Deum
2268 1231 2402 1270 vero
2432 1215 2696 1288 rogabat,
2723 1223 2790 1270 ut
2818 1220 3161 1274 certaminis
3192 1237 3431 1276 cursum
3464 1223 3707 1294 perﬁce-

2051 1310 2160 1362 ret.
2195 1305 2383 1369 Quare
2416 1305 2754 1361 stimulatus
2778 1306 2889 1361 fuit
2917 1307 2988 1363 ab
3013 1308 3161 1380 ipso,
3185 1316 3250 1364 ut
3279 1310 3560 1367 afﬁnibus
3584 1313 3705 1367 suis

2053 1410 2182 1450 sese
2215 1395 2622 1466 conjungeret,
2654 1398 2720 1449 ut
2750 1396 3100 1468 martyrium
3152 1399 3424 1454 Comanis
3457 1399 3704 1455 subiret.

2052 1483 2402 1539 Domesticis
2433 1482 2632 1554 itaque
2662 1485 2814 1539 108
2848 1486 2970 1540 suis
2991 1485 3330 1558 adjunctus,
3355 1487 3429 1543 ad
3451 1490 3710 1562 Agrippa

2052 1571 2305 1645 praeside
2327 1571 2872 1643 comprehenditur,
2896 1574 3202 1647 victusque
3228 1578 3487 1634 Comana
3516 1577 3705 1634 abdu-

2054 1662 2226 1718 citur.
2259 1663 2403 1716 Cum
2434 1677 2567 1716 vero
2599 1678 2705 1733 per
2731 1662 2886 1717 viam
2917 1663 3206 1720 miracula
3237 1665 3541 1738 edidisset,
3573 1667 3709 1739 plu-

275 1749 569 1802 πιστεῦσαι
615 1749 695 1818 τῷ
753 1749 989 1822 Χριστῷ.
1053 1729 1150 1802 Καὶ
1207 1729 1457 1812 ἀπελθὼν
1492 1747 1568 1810 είς
1599 1747 1665 1803 τὰ
1693 1749 1939 1828 Κόμανα,

2053 1751 2229 1808 rimos
2256 1749 2331 1807 ad
2361 1751 2576 1805 Christi
2600 1729 2788 1807 ﬁdem
2821 1753 3264 1824 suscipiendam
3292 1729 3545 1810 induxit:
3576 1729 3698 1811 Co-

273 1838 368 1892 καὶ
431 1836 893 1910 προσευξάμενος,
951 1839 1249 1911 κατήνεγκε
1305 1841 1411 1912 πῦρ
1464 1836 1515 1908 ἐξ
1565 1837 1817 1913 ούρανοῦ,
1849 1839 1940 1893 καὶ

272 1924 578 1978 κατέκαυσε
605 1924 700 1979 τὸν
755 1924 884 1979 ναὸν
932 1928 1029 1978 τοῦ
1083 1923 1443 1987 ’Λπόλλωνος
1475 1923 1565 1978 καὶ
1595 1924 1657 1979 τὸ
1687 1921 1936 1982 εἴδωλον.

272 2013 374 2068 Καὶ
412 2011 505 2068 διὰ
529 2016 692 2068 τοῦτο
747 2011 1224 2091 ἀποκεφαλισθεὶς,
1257 2011 1453 2089 ἐρρίφη
1487 2011 1538 2068 ἐν
1570 2017 1649 2084 τῷ
1678 2017 1936 2086 ποταμῷ.

269 2104 416 2160 Εἶτα
445 2098 716 2172 ὲκϐληθὶν
771 2101 938 2157 αὐτου
994 2103 1056 2158 τὸ
1113 2101 1394 2177 λείψανον,
1447 2103 1712 2172 κατετέθη
1748 2102 1800 2158 ἐν
1831 2105 1937 2160 Κο-

273 2194 496 2268 μάνοις.

494 2283 593 2338 Καὶ
628 2285 822 2358 μνήμη
852 2286 950 2339 τοῦ
979 2284 1136 2358 ἁγίου
1174 2280 1489 2338 ἀποστόλου
1521 2280 1719 2341 Ἰούδα.

356 2407 594 2479 Ἰούδας,
627 2409 656 2464 6
682 2409 826 2473 θεῖος
872 2407 1208 2473 ἀπόστολος,
1238 2407 1372 2480 μετᾶ
1400 2409 1498 2477 τήν
1532 2407 1807 2482 ἀνάληψιν
1839 2410 1936 2463 τοῦ

272 2497 479 2572 Κυρίου
522 2500 681 2571 ἡμῶν
734 2500 917 2568 Ἰησοῦ
977 2501 1240 2572 Χριστοῦ,
1303 2495 1470 2566 ζῆλον
1529 2495 1702 2552 ἔνθεον
1738 2495 1940 2552 ἀναλα-

275 2584 414 2658 ϐὼν,
447 2589 786 2662 περιήρχετο
818 2591 990 2641 πᾶσαν
1032 2586 1197 2640 πόλιν
1252 2585 1343 2641 καὶ
1401 2586 1622 2662 χώραν,
1655 2586 1938 2660 κηρύττων

281 2675 700 2754 μεγαλοφώνως
731 2677 822 2730 τὸν
854 2677 1112 2751 Χριστὸν,
1139 2675 1230 2730 καὶ
1255 2676 1356 2744 τὴν
1387 2674 1446 2730 ἐκ
1477 2678 1683 2750 νεκρῶν
1713 2673 1943 2730 ἀνάστα-

280 2788 360 2821 σιν
396 2765 589 2833 αύτοῦ,
619 2764 1008 2841 καταγγέλλων
1052 2769 1173 2826 τοῖς
1230 2769 1413 2836 πᾶσιν,
1443 2764 1536 2818 καὶ
1568 2759 1938 2818 ἀποδεικνύων

285 2857 438 2910 αὐτὸν
497 2855 690 2928 κριτὴν
744 2855 957 2923 ζώντων
1013 2854 1102 2908 καὶ
1161 2849 1385 2927 νεκρῶν’
1448 2852 1598 2914 ὅπως
1626 2872 1684 2906 τε
1728 2849 1817 2906 διὰ
1842 2852 1943 2921 τὴν

287 2944 546 3019 ἡμετέραν
581 2942 878 3019 σωτηρίαν,
910 2945 1091 3019 Λόγος
1139 2939 1212 2996 ὢν
1261 2942 1355 2997 καὶ
1383 2941 1510 3004 Υἱὸς
1539 2944 1636 2996 τοῦ
1666 2941 1800 2996 Θεοῦ
1831 2946 1940 2997 Πα-

279 3035 425 3106 τρὸς,
485 3034 721 3096 κενώσας
776 3032 992 3104 ὲαύτὺν,
1050 3031 1321 3101 κατῆλθεν
1382 3030 1470 3085 ἐπὶ
1527 3037 1656 3106 γῆς,
1697 3029 1786 3086 καὶ
1821 3052 1945 3106 σαρ-

2045 1857 2224 1898 mana
2253 1846 2450 1896 autem
2509 1840 2828 1911 profectus,
2875 1841 3022 1898 fusis
3053 1842 3127 1898 ad
3157 1844 3342 1899 Deum
3394 1844 3702 1915 precibus,

2042 1932 2239 2004 ignem
2263 1930 2464 1986 e'cmlo
2489 1929 2721 1992 detulit,
2750 1931 2850 2003 qui
2871 1931 3163 2003 Apollinis
3194 1932 3396 1988 fanum
3429 1933 3692 1989 idolum-

2043 2038 2158 2094 que
2180 2020 2464 2076 incendit.
2483 2020 2874 2086 Quamobrem
2898 2023 3088 2093 capite
3109 2021 3338 2093 plexus,
3363 2024 3424 2077 in
3446 2022 3690 2078 ﬂuvium

2042 2113 2341 2187 projectus
2393 2115 2502 2168 est.
2563 2111 2848 2182 Reliquias
2906 2110 3048 2167 inde
3089 2118 3385 2181 extractae,
3417 2113 3692 2168 Comanis

2043 2202 2326 2274 depositm
2355 2199 2542 2256 fuere.

2357 2291 2423 2344 Et
2450 2291 2713 2344 memoria
2740 2291 2920 2344 sancti
2948 2290 3182 2360 apostoli
3209 2290 3387 2348 Iuda.

2113 2406 2314 2475 Judas,
2347 2405 2582 2460 divinus
2613 2405 2937 2476 apostolus,
2971 2393 3106 2476 post
3134 2406 3546 2461 ascensionem
3577 2407 3692 2461 Do-

2042 2498 2190 2552 mini
2221 2496 2410 2551 nostri
2437 2496 2577 2550 Iesu
2607 2495 2847 2563 Christi,
2880 2495 3000 2550 zelo
3037 2494 3234 2550 divino
3267 2495 3693 2564 inflammatus,

2043 2604 2250 2643 omnes
2295 2586 2559 2642 civitates
2588 2587 2981 2658 regionesque
3010 2587 3364 2657 peragravit,
3397 2587 3696 2642 Christum

2044 2691 2260 2748 magna
2288 2691 2426 2730 voce
2459 2673 2811 2746 pradicans,
2846 2675 3094 2745 ejusque
3143 2691 3178 2730 a
3214 2675 3466 2731 mortuis
3493 2692 3694 2731 resur-

2042 2765 2392 2830 rectionem,
2452 2778 2708 2833 eumque
2763 2762 3054 2818 universis
3097 2765 3482 2830 annuntians,
3516 2771 3694 2836 atque

2045 2854 2366 2911 ostendens
2396 2854 2657 2907 vivorum
2691 2858 3181 2924 mortuorumque
3221 2853 3488 2925 judicem
3519 2871 3647 2909 esse
3677 2873 3690 2910 :

2047 2943 2343 3017 quomodo
2375 2941 2604 2999 scilicet
2631 2959 2737 3014 pro
2781 2946 2984 2997 nostra
3028 2943 3240 3007 salute,
3271 2959 3405 2998 cum
3437 2943 3696 2999 Verbum

2047 3040 2222 3099 esset,
2278 3034 2499 3104 Deique
2550 3033 2737 3087 Patris
2785 3031 2987 3097 Filius,
3031 3032 3353 3087 exinanivit
3382 3049 3444 3087 se
3475 3021 3694 3104 ipsum,

278 3105 475 3186 κωθεές
534 3122 595 3177 ἐκ
653 3121 967 3194 Ηνεύματος
1025 3121 1207 3196 ἁγίου,
1267 3120 1358 3175 καὶ
1408 3119 1468 3176 ἐκ
1524 3105 1624 3190 τῆς
1655 3105 1940 3192 ἀείπαρθέ-

2053 3125 2105 3179 in
2129 3129 2345 3178 terram
2369 3120 2761 3188 descendit,et
2777 3122 3118 3176 incarnatus
3137 3121 3207 3175 de
3230 3121 3450 3192 Spiritu
3469 3127 3694 3188 sancto,

278 3233 372 3267 νου
421 3211 659 3287 Μαρίας,
713 3210 1153 3286 ἐνηνθρώπησεν,
1187 3208 1323 3265 ὅλον
1365 3211 1455 3264 τὸν
1490 3207 1671 3283 Ἀδὰμ
1701 3209 1941 3288 φορέσας

280 3301 423 3370 πλὴν
481 3299 770 3376 ἁμαρτίας·
813 3300 904 3354 καὶ
962 3298 1291 3374 πειρασθείς,
1349 3300 1438 3354 καὶ
1500 3295 1791 3374 ὑϐρισθεὶς,
1849 3312 1941 3367 καὶ

283 3388 620 3458 ὀνειδισθεὶς,
680 3389 771 3444 καὶ
828 3388 1109 3466 ῥαπισθεὶς
1170 3389 1273 3444 ὑπὸ
1331 3389 1540 3464 χειρὸς,
1572 3387 1639 3458 ἥν
1683 3386 1940 3458 ἔπλασεν,

284 3479 372 3535 καὶ
430 3476 830 3547 ἀποκλεισθεὶς,
887 3479 978 3533 καὶ
1031 3476 1194 3539 τέλος
1263 3482 1480 3551 σταυρῷ
1534 3477 1941 3552 προσηλωθεὶς,

287 3571 374 3624 καὶ
398 3570 607 3646 ταφεὶς,
639 3568 728 3624 καὶ
778 3569 1029 3632 ἀναστάς,
1087 3568 1179 3622 καὶ
1237 3572 1354 3629 τοῖς
1413 3567 1740 3630 ἀποστόλοις
1769 3567 1941 3644 ἐμφα-

289 3659 512 3726 νισθεὶς,
561 3657 654 3712 καὶ
711 3655 1068 3734 ἀναληφθεὶς,
1125 3655 1216 3711 καὶ
1275 3656 1554 3720 καθεσθεὶς
1583 3657 1636 3712 ἐν
1675 3654 1819 3729 δεξιᾷ
1844 3661 1942 3711 τοῦ

293 3748 499 3821 Πατρὸς
558 3747 609 3800 ἐν
665 3751 784 3810 τοῖς
837 3747 1116 3820 οὐρανοῖς,
1173 3745 1262 3800 καὶ
1317 3744 1482 3800 πάλιν
1518 3745 1736 3818 μέλλων
1763 3744 1940 3810 ἐλθεῖν

292 3843 470 3913 κρῖναι
529 3840 736 3906 ζῶντας
794 3837 883 3890 καὶ
939 3834 1184 3910 νεκρούς.
1246 3833 1405 3892 Οὕτω
1458 3832 1517 3890 δὲ
1575 3833 1810 3908 διδάξας,
1851 3835 1940 3890 καὶ

291 3925 534 3988 πολλοὺς
581 3929 690 3980 τῶν
740 3925 981 3980 ἀπίστων
1033 3925 1323 4001 βαπτίσας,
1355 3923 1407 3979 ἐν
1441 3923 1634 4001 εἰρήνῃ
1668 3925 1804 4000 πρὸς
1832 3924 1942 3981 Κύ-

293 4036 401 4092 ριον
435 4013 586 4087 ἒξεδή
599 4035 791 4088 μησεν.

839 4221 1022 4276 MHNI
1060 4225 1149 4298 ro
1193 4221 1379 4297 ΑΥΤῼ.

1075 4307 1162 4363 KI'

2049 3220 2108 3270 et
2137 3229 2208 3268 ex
2237 3227 2474 3284 semper
2501 3211 2726 3282 virgine
2779 3210 2978 3277 Maria,
3031 3211 3205 3266 homo
3243 3211 3434 3266 factus
3465 3215 3572 3276 est,
3605 3216 3698 3266 to-

2049 3309 2174 3360 tum
2219 3303 2420 3358 ferens
2464 3301 2671 3369 Adam,
2705 3306 2920 3372 praeter
2947 3306 3256 3372 peccatum
3291 3318 3303 3355 :
3335 3306 3393 3358 et
3438 3306 3699 3357 tentatus

2047 3394 2243 3460 fuit,et
2271 3390 2634 3448 contumelia
2655 3391 2923 3455 affectus,
2946 3396 3005 3445 et
3034 3391 3314 3446 conviciis
3337 3391 3695 3462 proscissus,

2049 3489 2108 3538 et
2135 3482 2402 3554 colaphis
2432 3497 2619 3536 caesus
2640 3479 2712 3534 ab
2745 3496 2815 3534 ea
2838 3495 3229 3550 manu,quam
3253 3480 3378 3550 ipse
3409 3480 3698 3535 formave-

2047 3577 2159 3637 rat,
2194 3577 2252 3626 et
2281 3571 2528 3640 ejectus,
2573 3586 2641 3625 ac
2689 3569 2927 3623 demum
2973 3569 3037 3622 in
3085 3585 3322 3624 crucem
3357 3576 3544 3631 actus,
3578 3569 3696 3624 cla-

2046 3660 2250 3730 visque
2281 3658 2515 3720 afﬁxus,
2549 3662 2606 3711 et
2663 3657 2930 3727 sepultus
2989 3662 3096 3724 est,
3151 3661 3207 3710 et
3261 3657 3603 3721 resurrexit,
3638 3662 3700 3712 ot

2047 3747 2329 3820 apostolis
2361 3746 2654 3817 apparuit,
2681 3751 2738 3801 et
2768 3744 3054 3811 ascendit,
3089 3749 3148 3800 et
3179 3745 3346 3800 sedet
3373 3745 3444 3800 ad
3495 3745 3700 3800 dexte-

2045 3855 2175 3894 ram
2207 3836 2391 3891 Patris
2433 3836 2496 3889 in
2537 3835 2720 3904 caelis,
2744 3840 2803 3889 et
2829 3835 3046 3889 iterum
3072 3840 3351 3890 venturus
3381 3841 3472 3890 est
3501 3835 3573 3891 ad
3597 3835 3697 3906 ju-

2047 3926 2366 3983 dicandum
2404 3926 2562 3981 vivos
2593 3929 2651 3980 et
2681 3929 2965 3980 mortuos.
3013 3925 3146 3980 Haac
3194 3940 3329 3981 cum
3376 3925 3695 3994 docuisset,

2046 4016 2388 4087 multosque
2409 4014 2743 4070 inﬁdelium
2765 4013 3209 4086 baptizasset,in
3230 4031 3374 4086 pace
3397 4014 3472 4070 ad
3499 4013 3698 4070 Domi-

2045 4123 2190 4163 num
2221 4107 2510 4179 migravit.

2615 4221 2853 4276 EODEM
2878 4219 3128 4278 MENSE.

2535 4311 2637 4366 Die
2678 4311 2962 4366 vicesima
3011 4311 3203 4366 tertia.

295 4401 489 4473 Ννήμη
538 4397 636 4453 τοῦ
669 4397 824 4452 ὁσίου
885 4397 1094 4473 ματρὸς
1145 4397 1309 4473 ἡμῶν
1372 4398 1597 4469 Συμεὼν
1654 4401 1750 4452 τοῦ
1783 4396 1834 4452 ἐν
1865 4401 1940 4470 τῷ

2053 4402 2212 4457 110
2267 4403 2530 4457 Memoria
2575 4403 2750 4456 sancti
2806 4402 3011 4473 Patris
3053 4401 3228 4473 nostri
3280 4400 3549 4455 Simeonis
3606 4400 3697 4452 in-

886 4463 1180 4540 θαυμαστῷ
1200 4463 1343 4543 ὄρει.

363 4586 613 4660 Συμεὼν,
646 4586 674 4639 6
708 4583 761 4640 ἐν
824 4583 999 4658 ἁγίοις
1058 4583 1246 4657 Πατὴρ
1305 4584 1491 4657 ἡμῶν,
1547 4584 1790 4661 ὑπῆρχεν
1836 4583 1942 4640 ἀπὸ

299 4671 634 4748 Ἀντιοχείας
681 4677 782 4741 τῆς
827 4669 1049 4746 Συρίας,
1112 4668 1200 4724 ἐπὶ
1255 4677 1355 4740 τῆς
1410 4670 1687 4744 βασιλείας
1716 4674 1942 4728 Ἰουστι-

296 4766 470 4818 νιανοῦ
497 4765 596 4816 τοῦ
625 4762 884 4815 παλαιοῦ·
919 4756 1232 4836 συνελήφθη
1281 4756 1338 4814 δὲ
1390 4758 1440 4832 ἐξ
1497 4757 1819 4836 ἐπαγγελίας
1845 4764 1943 4816 τοῦ

297 4848 619 4926 Προδρόμου
671 4849 758 4904 καὶ
819 4851 1150 4912 Βαπτιστοῦ,
1199 4847 1268 4922 τῇ
1329 4847 1496 4923 μητρὶ
1559 4848 1726 4905 αὐτοῦ
1780 4853 1941 4905 τοῦτο

296 4939 788 5013 καταμηνύσαντος.
850 4937 950 4994 Καὶ
1011 4935 1315 5011 γεννηθεὶς,
1399 4937 1450 4992 ἐν
1531 4942 1609 5010 τῷ
1685 4938 1940 5009 θηλάζειν

296 5030 545 5105 ἀπείχετο
573 5029 671 5084 τοῦ
702 5029 990 5103 ἀριστεροῦ
1027 5031 1256 5099 μαστοῦ,
1303 5031 1400 5081 τοῦ
1451 5032 1585 5083 Θεοῦ
1617 5026 1942 5100 δηλοῦντος,

297 5120 373 5175 δτι
403 5121 499 5188 τὴν
533 5116 709 5188 δεξιὰν
741 5114 866 5171 ὁδὸν
922 5119 1030 5170 τῶν
1090 5115 1324 5171 ἐντολῶν
1356 5115 1644 5191 ἀγαπήσει.
1677 5116 1944 5191 Αὐξηθεὶς

297 5207 370 5280 δὲ,
424 5208 515 5264 καὶ
575 5208 668 5263 τὸν
727 5205 936 5280 κόσμον
995 5205 1172 5281 ἀφεὶς,
1231 5205 1295 5260 τὸ
1352 5201 1480 5279 ὅρος
1534 5205 1818 5265 κατέλαϐεο
1851 5209 1941 5264 καὶ

296 5295 542 5362 ἀπελθών
575 5296 628 5352 ἐν
657 5299 727 5370 τῇ
765 5298 928 5368 μονῇ,
962 5293 1016 5348 ἐν
1047 5292 1082 5368 ᾖ
1134 5294 1263 5367 ὑπὲρ
1295 5292 1576 5368 ἄνθρωπον
1609 5297 1940 5371 ἠγωνίσατο,

298 5388 480 5464 γέγονε
514 5384 778 5460 μοναχός.
812 5386 907 5438 Καὶ
941 5382 1114 5444 οὕτως
1147 5380 1443 5458 διέλαμψεν
1499 5386 1575 5450 εἰς
1615 5386 1834 5462 ἀρετήν,
1868 5389 1943 5452 ὡς

301 5478 383 5534 καὶ
442 5475 693 5549 θαύματᾶ
748 5471 1028 5548 παράδοξα
1082 5472 1340 5532 ἐκτελεῖν.
1385 5474 1514 5530 Εἶτα
1553 5473 1613 5530 ἐκ
1651 5480 1747 5531 τοῦ
1779 5473 1938 5552 ὄρους

301 5563 691 5635 κατελθὼν,ὲπὶ
774 5563 971 5620 στῦλον
1058 5561 1312 5636 ἀνῆλθεν,
1373 5564 1580 5626 σταθεὶς
1640 5565 1724 5620 ἐπ’
1778 5565 1939 5624 αὐτὸν

1969 4471 2018 4538 D

2637 4478 2820 4526 monte
2848 4471 3113 4527 mirabili.

2125 4590 2372 4647 Sanctus
2403 4591 2577 4644 Pater
2604 4593 2809 4643 noster
2837 4587 3076 4642 Simeon
3107 4603 3178 4640 ex
3198 4584 3342 4640 urbe
3373 4583 3553 4655 Syrias
3577 4587 3697 4638 An-

2052 4679 2274 4735 tiochia
2328 4677 2640 4741 oriundus,
2696 4677 3028 4747 imperante
3082 4673 3413 4730 Justiniano
3461 4671 3696 4728 seniore

2052 4767 2275 4835 ﬂoruit,
2307 4771 2628 4838 conceptus
2660 4782 2731 4821 ex
2752 4763 3164 4836 promissione,
3195 4779 3329 4819 cum
3360 4764 3699 4817 Prmcursor

2052 4873 2119 4912 ac
2151 4856 2412 4928 Baptista
2441 4856 2499 4910 id
2526 4856 2697 4910 matri
2725 4856 2854 4927 ejus
2882 4854 3372 4926 praenuntiasset;
3397 4858 3572 4908 natus
3598 4869 3699 4908 au-

2051 4951 2193 5014 tem,
2226 4962 2359 5000 cum
2391 4945 2481 4999 lac
2513 4948 2768 5012 sugeret,
2819 4959 2853 4997 a
2900 4943 3142 4998 sinistro
3174 4942 3356 4998 ubere
3386 4942 3695 5008 abstinuit,

2052 5036 2170 5090 Deo
2201 5035 2648 5090 demonstrante
2678 5033 2802 5088 fore
2851 5038 2916 5088 ut
2965 5032 3232 5089 dextram
3269 5038 3702 5104 praeceptorum

2051 5125 2203 5179 viam
2232 5123 2524 5195 diligeret.
2547 5129 2687 5177 (tum
2716 5139 2851 5177 vero
2876 5123 3178 5190 crevisset,
3203 5122 3493 5177 mundum
3522 5121 3700 5178 relin-

2051 5229 2262 5285 quens,
2322 5212 2384 5267 in
2436 5217 2702 5267 montem
2761 5211 3024 5281 secessit,
3077 5216 3133 5266 et
3164 5211 3226 5266 in
3270 5211 3701 5266 monasterium

2051 5299 2349 5371 quoddam
2382 5300 2696 5371 profectus,
2740 5299 2841 5354 ubi
2892 5316 3012 5370 pra)
3061 5299 3291 5354 caeteris
3323 5299 3384 5352 in
3414 5297 3701 5353 exercita-

2050 5390 2209 5445 tione
2240 5390 2518 5464 religiosa
2549 5390 2848 5454 excelluit,
2880 5390 3207 5445 monachus
3245 5389 3434 5444 factus
3465 5394 3572 5444 est.
3608 5390 3698 5444 Sic

2048 5487 2244 5537 autem
2271 5483 2332 5537 in
2354 5483 2667 5538 virtutibus
2689 5482 2922 5546 claruit,
2940 5487 3006 5536 ut
3021 5486 3080 5536 et
3100 5481 3391 5553 stupenda
3413 5481 3699 5536 miracula

2045 5572 2381 5646 patraverit.
2436 5573 2654 5629 Deinde
2688 5590 2756 5628 ex
2785 5577 2987 5628 monte
3043 5571 3436 5638 descendens,
3482 5571 3544 5626 in
3595 5587 3698 5626 co-
