4158 6310
406 344 522 403 4⁸71

1737 333 2170 393 MENOLOGII
2216 329 2410 391 PARS
2459 330 2567 392 III.

3705 327 3828 384 4⁸72

408 475 677 530 lumnam
708 474 999 542 ascendit,
1033 488 1212 544 supra
1243 487 1420 544 quam
1467 474 1664 525 rectus
1691 468 1854 523 stetit
1882 465 2058 522 annis

2185 465 2354 538 Ξρθιος
2410 458 2502 534 ἔτη
2565 460 2692 518 δέκα
2746 461 2909 521 ὀκτώ.
2971 461 3074 519 Καὶ
3131 461 3182 516 ἐν
3233 465 3311 534 τῷ
3369 462 3666 533 θαυμαστῷ
3705 454 3827 534 ὄρει

410 564 834 637 duodeviginti.
864 565 1076 617 Postea
1109 570 1370 616 montem
1399 559 1732 614 mirabilem
1769 556 2066 630 petens,in

412 661 644 726 petram
676 651 964 717 ascendit,
999 651 1201 720 ibique
1225 649 1444 704 mansit
1475 649 1646 703 annis
1678 648 1904 702 decem.
1941 647 2069 699 Mox

415 745 478 798 in
511 759 689 815 parva
718 741 996 796 columna
1025 755 1212 793 annos
1258 738 1375 809 egit
1407 737 1671 807 quinque
1717 751 1895 807 supra
1925 750 2068 804 qua-

415 833 725 904 draginta:
759 835 935 898 atque
967 829 1047 882 ita
1079 834 1268 881 totum
1300 827 1428 880 vitae
1460 827 1648 897 ipsius
1676 825 1930 896 spatium
1962 823 2074 877 fuit

385 929 388 931 ‘
412 938 707 979 annorum
739 919 1036 991 octoginta
1057 919 1344 988 quinque,
1364 935 1434 972 ex
1455 917 1671 988 quibus
1698 914 2074 988 septuaginta

413 1029 625 1070 novem
675 1013 737 1066 in
785 1011 1040 1065 ascetico
1087 1009 1357 1064 instituto
1410 1008 1748 1077 transactis,
1781 1006 1856 1062 ad
1887 1007 2072 1060 Deum

413 1104 704 1178 migravit.

415 1224 484 1277 Et
512 1222 775 1277 memoria
822 1221 1008 1275 sancti
1067 1221 1251 1273 Patris
1305 1219 1480 1273 nostri
1508 1223 1559 1272 et
1591 1218 1913 1284 confessoris
1956 1213 2072 1268 Mi-

770 1291 998 1357 chaelis,
1053 1295 1294 1361 episcopi
1347 1290 1717 1358 Synadorum.

489 1409 736 1463 Sanctus
751 1407 924 1461 Pater
944 1410 1146 1460 noster
1163 1410 1220 1460 et
1240 1403 1455 1459 Christi
1479 1403 1785 1458 confessor
1806 1400 2074 1470 Michael,

419 1499 534 1554 fuit
565 1497 893 1553 monachus
914 1497 1048 1566 pius
1080 1500 1138 1549 et
1168 1496 1353 1549 Deum
1377 1495 1614 1558 timens,
1636 1499 1814 1562 atque
1838 1491 1911 1545 ob
1945 1490 2076 1545 reli-

419 1588 652 1660 giosum
683 1586 871 1656 ipsius
903 1586 1034 1639 vitae
1067 1584 1404 1638 institutum
1455 1581 1825 1654 Synadorum
1857 1595 2074 1634 conse-

419 1684 618 1735 oratus
640 1681 728 1732 est
746 1677 1058 1747 episcopus
1075 1673 1438 1745 temporibus
1452 1669 2070 1727 Leonislconomachi°

426 1767 719 1832 Quoniam
751 1782 886 1820 vero
917 1781 1024 1836 pro
1052 1763 1379 1818 orthodoxa
1404 1761 1520 1816 fide
1549 1758 1905 1817 decertando
1937 1773 2076 1812 con-

2170 555 2482 626 γενόμενος,
2543 554 2631 608 καὶ
2691 553 2766 615 εἷς
2825 551 3019 627 πέτραν
3079 546 3295 617 ἀναϐὰς,
3346 549 3697 626 ἐκαρτέρησεν
3731 547 3826 620 ἔτη

2172 637 2319 699 δέκα.
2354 645 2488 699 Εἶτα
2519 641 2594 704 εἷς
2634 643 2724 696 τὸν
2787 643 2980 716 μικρὸν
3037 640 3232 695 στῦλον
3293 639 3556 706 ἀνελθὼν,
3593 635 3832 694 διετέλε-

2174 753 2261 786 σεν
2294 729 2385 802 ἔτη
2417 731 2813 807 τεσσαράκοντα
2861 733 3039 800 πέντε,
3071 731 3146 793 ὡς
3203 731 3338 784 εἶναι
3366 729 3459 784 τὸν
3494 728 3694 803 χρόνον
3729 734 3836 796 τῆς

2177 823 2321 889 ζωῆς
2379 819 2542 874 αὐτοῦ
2599 815 2692 890 ἔτη
2758 816 3101 895 ὀγδοήκοντα
3158 818 3334 873 πέντε
3369 819 3442 871 ῶν
3473 817 3540 871 τά
3569 811 3832 889 ἐϐδομή-

2174 930 2337 965 κοντα
2379 908 2530 964 ἐννὲα
2577 908 2628 964 ἐν
2679 910 2902 980 ἀσκήσει
2957 906 3289 978 διατελέσας,
3321 907 3458 981 πρὸς
3490 907 3620 961 Θεὸν
3651 903 3841 976 ἐξεδή-

2183 1020 2258 1072 μη
2267 1019 2350 1052 σεν
2362 1043 2375 1056 .

2181 1214 2283 1269 Καὶ
2321 1215 2515 1286 μνήμη
2537 1216 2644 1301 ἐιρῢ
2697 1213 2867 1301 ἐρίου,
2903 1211 3112 1301 Ηατρὸς
3163 1207 3445 1301 ἡμῶνηκαὶ
3479 1207 3844 1284 ὁμολογητοῦ

2537 1283 2798 1359 Μιχαὴλ,
2849 1279 3148 1338 ἐπισκόπου
3190 1279 3479 1341 νΣυνάδων,

2253 1405 2508 1483 Μιγαὴλ,
2542 1408 2570 1462 ὁ
2601 1406 2653 1461 ἐν
2708 1406 2888 1481 ἀγίοις
2945 1408 3131 1481 Πατὴρ
3162 1409 3323 1478 ἡμῶν
3355 1406 3444 1461 καὶ
3475 1404 3846 1480 ὁμολογητὴς

2179 1502 2277 1553 τοῦ
2329 1495 2586 1571 Χριστοῦ,
2648 1497 2865 1572 ὑπῆρχε
2927 1497 3172 1571 μοναχὸς
3224 1491 3463 1563 εὐλαϐὴς
3510 1494 3597 1549 καὶ
3629 1491 3844 1570 φοϐού-

2187 1609 2346 1662 μενος
2377 1587 2470 1641 τὸν
2501 1589 2650 1643 Θεόνο
2683 1587 2772 1641 καὶ
2805 1583 2895 1641 διά
2920 1587 3020 1654 τήν
3051 1585 3298 1660 ἐνάρετον
3332 1585 3496 1640 αὐτοῦ
3526 1584 3838 1654 πολιτείαν,

2182 1677 2575 1754 ἐχειροτονήθη
2637 1674 2886 1731 Συνάδων
2947 1675 3264 1742 ἐπίσκοπος,
3305 1674 3391 1730 ἐπὶ
3421 1682 3521 1744 τῆς
3559 1675 3842 1749 βασιλείας

2181 1773 2277 1822 τοῦ
2309 1767 2695 1841 Εἱκονομάχου
2727 1764 2980 1827 Λέοντος.
3032 1764 3182 1822 Ἐπεὶ
3236 1761 3292 1819 δὶ
3348 1764 3481 1840 ὑπὲρ
3527 1771 3628 1833 τῆς
3672 1763 3838 1840 ὀρθο-

425 1861 590 1912 stans
620 1853 970 1927 permansit,
999 1855 1285 1925 populum
1337 1850 1571 1906 Domini
1603 1865 1691 1917 ea,
1725 1864 1855 1919 qua)
1885 1848 1956 1902 ad
1991 1863 2072 1902 sa-

2187 1855 2344 1927 δόξου
2399 1854 2633 1918 πίστεως
2689 1853 3089 1930 ἀγωνιζόμενος
3147 1850 3400 1923 διετέλει,
3457 1853 3548 1907 τὸν
3577 1850 3708 1907 λαὸν
3739 1854 3843 1906 τοῦ

423 1945 610 2000 lutem
641 1948 930 2014 spectant,
991 1941 1277 2004 docendo,
1337 1939 1648 1994 haareticos
1699 1935 2078 1992 sermonibus

426 2034 549 2090 suis
581 2033 736 2088 velut
756 2032 976 2104 jaculis
1010 2029 1418 2101 percutienda,
1455 2043 1672 2098 eosque
1704 2043 1738 2082 a
1768 2042 1873 2082 suo
1905 2041 2078 2097 grege

424 2121 798 2194 expellendo,
849 2121 1100 2192 impium
1147 2121 1570 2190 imperatorem
1603 2117 1676 2172 ad
1707 2115 2077 2170 iracundiam

420 2211 712 2266 excitavit.
744 2212 996 2264 Vocatus
1051 2209 1230 2280 igitur
1281 2206 1352 2262 ab
1412 2208 1561 2278 ipso,
1613 2205 1955 2275 compulsus
1989 2209 2078 2258 est

420 2301 858 2368 venerationem
917 2313 1219 2352 sacrarum
1277 2297 1604 2367 imaginum
1655 2295 1968 2365 abnegare.
2004 2299 2078 2347 At

418 2405 552 2444 cum
613 2389 672 2442 id
723 2388 915 2442 facere
975 2392 1317 2441 constanter
1375 2386 1693 2449 renuisset,
1741 2383 2076 2438 durissimis

421 2477 648 2534 exsiliis
679 2477 980 2547 subjectus
999 2475 1147 2529 fuit:
1181 2474 1281 2528 ubi
1312 2477 1456 2528 Ill
1492 2473 1765 2544 plurimis
1790 2473 2074 2527 aerumnis

425 2567 499 2622 ob
542 2566 850 2620 veritatem
893 2569 1070 2635 atque
1121 2570 1340 2618 rectam
1391 2563 1723 2618 doctrinam
1787 2561 2074 2629 toleratis,

419 2673 554 2712 cum
585 2655 658 2710 ad
691 2655 871 2710 linem
927 2668 1118 2722 usque
1179 2651 1568 2707 immutabilis
1613 2656 2070 2722 perseverasset,

419 2746 599 2817 hujus
628 2744 759 2798 vita:
793 2744 973 2797 finem
1000 2741 1262 2814 gaudens
1293 2740 1541 2812 accepit,
1567 2739 1791 2812 duplici
1824 2746 2070 2795 ornatus

421 2849 644 2891 corona
673 2832 1078 2905 pontiﬁcatus,
1113 2831 1360 2896 scilicet,
1395 2836 1452 2885 et
1482 2829 1891 2886 confessionis.

979 3036 1222 3093 EODEM
1264 3035 1513 3090 MENSE.

884 3146 987 3201 Die
1041 3143 1324 3200 vicesima
1373 3146 1605 3214 quarta.

422 3255 707 3310 Certamen
735 3255 917 3307 sancti
940 3251 1202 3319 martyris
1248 3249 1458 3303 Meletii
1503 3249 1654 3303 ducis
1697 3255 1752 3303 et
1799 3251 2071 3304 sociorum

696 3323 848 3378 mille
877 3322 1238 3376 ducentorum
1287 3326 1336 3374 et
1368 3322 1797 3390 quinquaginta.

494 3502 782 3569 Meletius,
831 3501 1049 3558 Christi
1106 3505 1350 3572 martyr,
1411 3498 1527 3554 dux
1568 3499 1681 3553 fuit
1709 3498 2074 3570 temporibus

419 3591 708 3647 Antonini
731 3590 1126 3662 imperatoris,
1143 3605 1214 3644 ex
1231 3588 1470 3659 regione
1494 3587 1794 3642 inferioris
1812 3587 2072 3644 Galatia).

422 3680 566 3736 Cum
599 3687 799 3736 autem
855 3679 1228 3734 Christianus
1281 3682 1456 3742 esset,
1499 3679 1684 3732 Deum
1716 3676 1978 3749 rogabat,
2012 3681 2078 3732 ut

399 3769 720 3826 'idolorum
751 3785 1014 3824 errorem
1057 3769 1298 3839 penitus
1327 3767 1611 3822 aboleret.
1641 3768 2075 3839 Cognoscentes

421 3875 556 3916 vero
588 3859 894 3914 daamones
944 3875 1113 3914 suam
1173 3857 1638 3922 subversionem,
1673 3857 1735 3910 in
1767 3873 1944 3912 canes
1977 3857 2074 3910 in-

422 3949 630 4020 gressi.
655 3948 952 4019 propriam
976 3946 1371 4017 perditionem
1399 3945 1808 4016 deplorabant,
1829 3946 2076 4000 canibus

423 4037 956 4103 circumeuntibus,
989 4036 1380 4099 ululantibus,
1421 4035 1822 4105 populumque
1852 4042 2074 4090 terrore

423 4125 900 4196 complentibus:
957 4140 1105 4193 quos
1163 4129 1402 4178 sanctus
1461 4124 1727 4178 Meletius
1785 4141 1902 4179 una
1939 4141 2075 4179 cum

424 4213 708 4284 subjectis
739 4213 850 4266 sibi
884 4211 1174 4264 militibus
1207 4211 1400 4282 gladio
1436 4212 1706 4266 sustulit:
1744 4213 1878 4267 fana
1911 4214 2072 4267 insu-

421 4319 528 4374 per
557 4301 931 4355 ethnicorum
963 4300 1298 4366 destruons,
1351 4317 1481 4370 qua)
1535 4301 1593 4353 in
1622 4300 1693 4354 iis
1723 4307 1892 4355 erant
1921 4302 2078 4356 idola

422 4390 717 4447 eontrivit.
752 4389 1146 4456 Quamobrem
1177 4406 1211 4443 a
1243 4388 1489 4442 Maximo
1521 4389 1772 4460 praeside
1806 4407 2074 4461 compre-

423 4481 665 4546 hensus,
729 4495 848 4534 una
905 4495 1040 4532 cum
1103 4477 1280 4532 sociis
1339 4478 1676 4540 comitibus,
1732 4479 2078 4551 adigebatur

2186 1939 2383 2014 Κυρίου
2435 1939 2504 1992 τὰ
2553 1937 2690 2012 πρὸς
2750 1936 3023 2010 σωτηρίαν
3078 1933 3370 2006 διδάσκων,
3401 1935 3656 1997 καὶτοὺς
3687 1937 3844 2012 αἱρε-

2182 2027 2366 2090 τικοὺς
2394 2032 2515 2088 τοῖς
2549 2023 2740 2101 λόγοις
2770 2026 2934 2081 αὐτοῦ
2985 2027 3060 2088 ὡς
3119 2023 3301 2101 βέλεσι
3339 2024 3587 2101 βάλλων,
3619 2027 3707 2080 καὶ
3740 2029 3842 2080 τοῦ

2181 2119 2441 2193 ποιμνίου
2476 2117 2824 2187 ἀποδιώκων,
2869 2118 2945 2180 εἰς
2999 2117 3164 2193 ὀργὴν
3198 2117 3437 2188 ἐκίνησεν
3470 2119 3560 2172 τὸν
3596 2119 3843 2194 παράνοο

2186 2230 2285 2282 μον
2320 2207 2566 2285 βασιλέα.
2600 2207 2973 2279 Προσκλήθεὶς
3004 2208 3097 2262 οὖν
3142 2208 3229 2262 ὑπ’
3261 2208 3489 2278 ἐκείνου,
3522 2209 3837 2283 ἠναγκάσθη

2182 2299 2514 2374 ἀρνήσασθαι
2574 2299 2674 2368 τὴν
2731 2297 3096 2373 προσκύνησιν
3153 2303 3261 2353 τῶν
3317 2302 3633 2354 πανσὲπτων
3685 2299 3840 2354 ε”κό·

2180 2408 2310 2442 νων·
2371 2389 2461 2443 καί
2523 2389 2597 2461 μὴ
2657 2389 2895 2452 πεισθεὶς
2951 2391 3112 2442 τοῦτο
3170 2395 3420 2458 ποιῆσαι,
3481 2388 3708 2464 ἐξορίαις
3739 2411 3840 2443 πι-

2179 2477 2469 2552 κροτάταις
2528 2472 2943 2548 καθυπεϐλήθηο
3005 2476 3126 2532 ἔνθα
3182 2476 3431 2540 πολλοὺς
3501 2479 3841 2552 πειρασμοὺς

2186 2567 2316 2642 ὑπὲρ
2348 2574 2446 2636 τῆς
2497 2567 2756 2638 ἀληθείας
2815 2567 2901 2622 κνὶ
2958 2572 3063 2622 τῶν
3115 2567 3292 2642 ὀρθῶν
3352 2565 3636 2642 δογμάτων
3698 2567 3842 2622 ὑπο-

2187 2656 2396 2729 μείνας,
2451 2657 2540 2711 καὶ
2601 2655 2770 2731 μέχρι
2821 2655 3026 2718 τάὶους
3085 2655 3476 2731 ἀπερίτρεπτος
3535 2653 3841 2730 διαμείνας,

2183 2747 2393 2821 χαίρων
2449 2751 2550 2816 τῆς
2607 2746 2878 2819 παρούσης
2938 2752 3084 2816 ζωῆς
3141 2747 3202 2802 τὸ
3253 2746 3412 2809 τέλος
3470 2745 3705 2818 ἐδέξατο,
3755 2744 3842 2801 δι-

2179 2835 2345 2897 πλοῖς
2402 2839 2685 2914 στεφάνοις
2734 2837 3055 2909 κοσμηθεὶς,
3116 2834 3530 2911 ἀρχιερωσύνης
3574 2836 3665 2890 καὶ
3699 2836 3841 2910 ὁμο-

2181 2924 2387 3000 λογίας.

2733 3041 2910 3099 MHNl
2953 3047 3035 3098 ΤΩ
3067 3045 3269 3100 ΑΥΤΩ.

2965 3151 3062 3204 ΚΔ’

2179 3255 2445 3330 ’Ἀθλησις
2494 3260 2591 3330 τοῦ
2641 3255 2793 3330 ἀγίου
2821 3257 3117 3330 ⁸μάρτυρος
3165 3257 3428 3330 Μελετίου
3467 3261 3563 3312 τοῦ
3586 3277 3836 3330 ,στρατη-

2251 3328 2419 3404 λάτου
2475 3327 2564 3382 καὶ
2615 3327 2726 3382 τῶν
2786 3327 2878 3382 σὺν
2928 3327 3080 3402 ναύτῷ
3135 3329 3336 3404 χιλίων
3381 3327 3669 3384 διακοσίων
3704 3327 3841 3385 πενο

2248 3401 2504 3470 τήκοντα.

2251 3504 2541 3575 Μελὲτιος,
2601 3507 2629 3560 ὁ
2685 3510 2782 3561 τοῦ
2833 3509 3071 3581 Χριστοῦ
3123 3509 3348 3581 μάρτυς,
3381 3510 3448 3578 ἦν
3484 3509 3578 3581 μὲν
3611 3507 3699 3564 ἐπὶ
3729 3517 3837 3580 τῆς

2185 3595 2464 3670 βασιλείας
2525 3594 2852 3653 Ἀντωνίνου
2913 3597 3312 3672 στρατηλάτης,
3374 3597 3434 3654 ἐκ
3490 3605 3587 3668 τῆς
3639 3600 3835 3675 χώρας

2177 3689 2285 3739 τῶν
2341 3688 2488 3740 κάτω
2547 3684 2825 3740 Γαλάτων.
2886 3687 3206 3758 Χριστιανὸς
3264 3685 3324 3742 δὲ
3379 3685 3475 3758 ὤν,
3531 3689 3834 3765 παρεκάλει

2178 3776 2269 3830 τὸν
2303 3777 2432 3832 Θεὸν
2460 3781 2796 3851 καταργῆσαι
2853 3776 3056 3840 τελέως
3108 3779 3205 3846 τὴν
3262 3783 3369 3833 τῶν
3413 3777 3657 3834 εἰδώλων
3687 3779 3838 3836 πλά-

2181 3885 2300 3935 νην.
2344 3866 2446 3921 Καὶ
2479 3866 2697 3939 γνόντες
2753 3865 2805 3920 οἱ
2864 3863 3116 3938 δαίμονες
3173 3869 3272 3936 τὴν
3330 3870 3706 3947 καταστροφὴν
3737 3869 3838 3924 αὐ-

2179 3958 2312 4022 τῶν,
2373 3952 2705 4018 εἰσελθόντες
2761 3954 2838 4020 εἷς
2893 3955 3078 4026 κύνας,
3136 3956 3393 4030 ἐθρήνουν
3467 3959 3566 4027 τὴν
3627 3959 3834 4014 ἑαυτῶν

2183 4042 2482 4111 ἀπώλειαν,
2521 4048 2627 4098 τῶν
2686 4048 2862 4099 κυνῶν
2919 4047 3387 4119 περιερχομένων,
3435 4049 3525 4102 καὶ
3583 4046 3836 4123 ώρυομὲι

2180 4153 2308 4201 νων,
2357 4131 2445 4186 καὶ
2491 4133 2583 4186 τὸν
2631 4132 2758 4188 λαὸν
2811 4128 3208 4206 ἐκφοϐούντων.
3243 4132 3352 4199 Οὕς
3394 4137 3422 4191 ὁ
3469 4137 3625 4211 ἅγιος
3654 4135 3838 4194 Μελέ-

2179 4241 2298 4281 τιος
2349 4221 2482 4293 μετά
2537 4226 2643 4276 τῶν
2701 4222 2790 4276 ὑπ’
2847 4221 3005 4276 αὐτὸν
3066 4228 3410 4298 στρατιωτῶν
3457 4225 3593 4302 ξίφει
3625 4225 3830 4281 ἀνεῖλε⁶

2181 4311 2272 4363 καὶ
2302 4308 2429 4371 τοὺς
2459 4309 2619 4372 ναοὺς
2650 4315 2757 4365 τῶν
2819 4311 3104 4382 ἘΛλήνων
3169 4312 3502 4384 καταλύσας,
3553 4316 3618 4369 τά
3648 4315 3697 4369 ἐν
3733 4315 3836 4370 αύ-

2179 4405 2297 4462 τοῖς
2357 4396 2560 4454 εἷ’δωλα
2617 4397 2947 4474 συνέτριψεν.
3007 4403 3307 4475 Κρατηθεὶς
3365 4403 3454 4457 οὗν
3513 4401 3602 4458 διὰ
3664 4409 3834 4461 ταῦτα

2181 4490 2326 4560 παρά
2387 4489 2639 4562 Μαξίμου
2694 4493 2790 4544 τοῦ
2848 4491 3145 4564 ἡγεμόνος,
3213 4493 3347 4564 μετὰ
3400 4497 3508 4548 τῶν
3562 4493 3652 4549 σὺν
3685 4496 3834 4570 αὐτῷ

422 4569 597 4625 idolis
647 4569 1002 4625 sacrificare.
1057 4566 1166 4621 Sed
1203 4583 1338 4622 cum
1383 4566 1442 4621 id
1492 4583 1566 4622 ne
1597 4567 1800 4622 audire
1833 4569 2072 4640 quidem

2185 4582 2466 4653 κομήτων,
2524 4581 2836 4654 ἠναγκάσθη
2894 4560 3047 4634 θῦσαι
3109 4560 3229 4642 τοῖς
3285 4579 3561 4652 εἰδώλοις,
3616 4585 3705 4639 καὶ
3751 4560 3829 4659 μη

420 4659 832 4729 vellet,ferreis
850 4657 1038 4730 globis
1065 4657 1312 4712 caeditur
1332 4657 1457 4728 ipse
1481 4663 1537 4711 et
1557 4658 1824 4712 comites.
1847 4659 2070 4714 Deinde

423 4755 663 4804 sanctus
693 4748 935 4819 quidem
967 4747 1232 4802 Meletius
1290 4746 1349 4800 in
1410 4747 1549 4818 pino
1592 4764 1915 4818 suspensus
1947 4749 2068 4803 cla-

419 4838 622 4908 visque
655 4837 942 4900 conﬁxus,
979 4835 1162 4901 obiit;
1197 4836 1529 4906 Stephanus
1563 4853 1694 4892 vero
1730 4844 1786 4892 et
1815 4839 2068 4893 Joannes

421 4927 668 4983 comites
699 4925 886 4997 capite
921 4925 1074 4996 plexi
1114 4932 1270 4980 sunt.

416 5105 485 5160 Et
515 5108 794 5158 certamen
822 5102 1002 5155 sancti
1030 5102 1294 5170 martyris
1335 5101 1659 5172 Sarapionis
1696 5109 1744 5158 et
1773 5107 2064 5162 sociorum.

488 5278 795 5350 Sarapion,
829 5277 1043 5331 Christi
1077 5283 1318 5348 martyr,
1350 5293 1562 5346 genere
1594 5281 1914 5352 Egyptius,
1950 5299 2065 5354 quo

418 5376 682 5440 tempore
741 5371 979 5420 sanctus
1029 5366 1294 5419 Meletius
1345 5373 1642 5422 certamen
1704 5369 1955 5436 subibat,
1998 5389 2068 5426 ex

419 5462 660 5532 Egypto
691 5455 1030 5519 adveniens,
1086 5454 1405 5524 vidensque
1457 5456 1651 5527 ipsum
1701 5473 1835 5512 cum
1891 5459 2066 5514 sociis

417 5546 701 5617 martyrio
759 5543 1052 5609 coronari,
1094 5541 1304 5596 Christi
1365 5542 1540 5597 ﬁdem
1600 5545 1878 5616 suscepit.
1913 5547 2066 5611 Quos

419 5641 577 5694 circa
606 5633 1094 5706 comprehensus,
1144 5633 1205 5688 in
1253 5649 1550 5690 carcerem
1579 5634 1929 5708 conjicitur:
1964 5637 2064 5693 ubi

2179 4670 2547 4746 ἀνασχόμενος
2603 4673 2763 4724 τοῦτο
2823 4670 3068 4739 ἀκοῦσαι,
3132 4669 3330 4749 ἐτυφθη
3396 4676 3531 4748 μετά
3589 4673 3828 4752 σιδηρῶν

2180 4763 2442 4836 σφαιρῶν·
2478 4757 2686 4832 ὁμοίως
2740 4759 2830 4813 καὶ
2883 4760 2934 4813 οἱ
2994 4759 3253 4832 κόμητες.
3314 4765 3451 4820 Εἶτα
3482 4765 3509 4818 ὁ
3543 4765 3638 4838 μὲν
3671 4767 3829 4841 ἅγιος

2180 4848 2445 4911 Μελὲτιος
2527 4849 2850 4923 κρεμασθεῖς
2933 4847 2985 4903 ἐν
3063 4849 3254 4925 πεύκη,
3313 4853 3400 4907 καὶ
3462 4853 3830 4931 καθηλωθείς,

2177 4936 2491 5004 ἐτελειώθη·
2551 4934 2819 5015 Στέφανος
2879 4935 2958 5008 δὲ,
3011 4939 3100 4994 καὶ
3160 4941 3418 5013 Ἰωάννης
3477 4945 3529 4998 οἱ
3585 4946 3828 5018 κόμητες

2177 5028 2580 5108 ἀπεκεφαλίσθη
2590 5049 2702 5084 σαν.

2178 5118 2274 5174 Καὶ
2309 5117 2537 5188 ἄθλησις
2565 5121 2662 5174 τοῦ
2696 5117 2847 5192 ἁγίου
2883 5119 3164 5198 ,μάρτυρος
3215 5123 3568 5198 Σαραπίωνος
3598 5125 3687 5179 καὶ
3717 5130 3825 5183 τῶν

2849 5188 2943 5245 σὺν
2970 5188 3149 5265 αὐτῇ.

2251 5281 2564 5356 Σαραπίων,
2609 5279 2637 5333 ὁ
2683 5282 2779 5334 τοῦ
2810 5280 3049 5354 Χριστοῦ
3085 5282 3311 5356 μάρτυς,
3347 5285 3565 5360 ὑπῆρχε
3599 5285 3691 5358 μὲν
3723 5287 3829 5342 At-

2173 5368 2422 5446 γύπτιος’
2467 5367 2601 5423 κατὰ
2662 5364 2718 5422 δὲ
2774 5369 2865 5421 τὸν
2924 5371 3109 5444 καιρὸν
3164 5373 3283 5425 καθ’
3339 5371 3397 5427 δν
3452 5375 3749 5451 ἠγωνίζετο
3797 5377 3826 5431 ὁ

2177 5462 2333 5534 ἅγιος
2389 5456 2669 5523 Μελέτιος,
2751 5459 3182 5533 παραγενόμενος
3240 5459 3290 5535 ἐξ
3347 5463 3652 5538 Αἰγύπτου,
3733 5467 3825 5520 καὶ

2175 5548 2305 5604 ἰδὼν
2393 5547 2550 5602 αὐτὸν
2627 5547 2715 5602 καὶ
2800 5546 2925 5610 τοὺς
3010 5547 3101 5603 σὺν
3164 5551 3308 5621 αὐτῷ
3393 5559 3822 5627 μαρτυροῦντας,

2174 5636 2450 5693 ἐπίστευσε
2510 5641 2588 5709 τῷ
2637 5637 2876 5711 Χριστῷ,
2925 5637 3014 5692 καὶ
3080 5641 3369 5712 κρατηθεὶς
3431 5641 3704 5719 παρεδόθη
3748 5650 3819 5721 τῇ
