4158 6310
299 391 418 449 473

1857 361 2122 424 MAIUS.

3577 357 3700 417 4⁸74

295 521 538 593 φυλακῇ.
596 516 760 574 Ἕννα
820 511 924 568 ὑπὸ
983 509 1133 574 θείου
1215 505 1451 583 ἀγγέλου
1536 497 1932 593 ἐχειροτονήθη

2054 511 2085 550 a
2114 494 2310 550 divino
2342 494 2549 567 angelo
2583 494 2892 549 ordinatus
2922 497 3014 547 est
3042 491 3697 562 episcopus,postquam

295 609 618 673 ἐπίσκοπος,
677 603 762 658 ἐπὶ
822 603 886 656 τὸ
947 599 1212 677 βαπτίσαν
1267 595 1394 657 τοὺς
1441 594 1782 672 ἀφωτίστους
1828 588 1942 662 μὲν,

295 695 604 771 μέλλοντας
658 691 716 748 δὲ
771 693 1110 766 μαρτυρῆσαι
1164 687 1296 758 ὑπὲρ
1356 687 1594 759 Χριστοῦ
1651 681 1788 736 κατὰ
1842 681 1942 747 τὴν

291 787 508 858 ἡμέραν
557 782 786 851 ἐκείνην.
844 781 947 838 Καὶ
1004 778 1108 852 γὰρ
1165 776 1518 850 συναχθέντες
1569 773 1620 826 οἳ
1679 773 1946 845 συγγενεῖς

287 880 385 931 τοῦ
427 873 586 950 ἁγίου
636 869 927 940 Μελετίου,
989 869 1078 922 καὶ
1135 870 1242 921 τῶν
1302 865 1586 935 κομήτων,
1661 860 1748 914 καὶ
1833 863 1942 912 τῶν

289 965 666 1037 στρατιωτῶν,
701 958 914 1032 ὁμοίως
937 957 1028 1012 καὶ
1088 957 1144 1009 αῖ
1193 958 1466 1031 γυναῖκες,
1498 950 1587 1006 καὶ
1635 949 1704 1004 τὰ
1731 945 1944 1016 παιδία,

293 1035 510 1128 μεγάλῃ
536 1053 607 1123 τῇ
653 1053 807 1126 φωνῇ
839 1043 1024 1123 ἔλεγον
1086 1047 1192 1116 δτι,
1255 1043 1348 1100 Καὶ
1403 1043 1567 1112 ἡμεῖς
1626 1035 1942 1128 Χρισᾼτιανοί

293 1125 481 1213 ἐσμεν.
515 1125 676 1202 Ὀθεν
731 1137 806 1199 εἷς
855 1135 1026 1211 ὀργήν
1086 1134 1399 1203 κινήσαντες
1451 1130 1544 1184 τὸν
1596 1125 1862 1202 ἡγεμόνα,
1915 1125 1943 1179 6

295 1231 389 1305 μὲν
423 1229 726 1292 ἐπίσκοπος
772 1227 1084 1302 Σαραπίων,
1153 1221 1246 1277 σὺν
1300 1219 1622 1290 Καλλινικῳ
1672 1222 1753 1290 τῷ
1786 1216 1944 1291 μάγῳ

283 1319 654 1390 πιστεύσαντι,
716 1315 1141 1395 ἀπεκεφαλίσθηο
1202 1315 1229 1368 6
1289 1310 1346 1366 δὲ
1402 1306 1705 1384 Θεόδωρος,
1765 1311 1854 1361 καὶ
1915 1307 1942 1360 ὁ

287 1414 544 1473 Φαῦστος
575 1409 710 1480 μετά
738 1412 845 1462 τῶν
879 1403 1279 1460 πιστευσάντων
1339 1398 1575 1475 ἀνδρῶν,
1631 1398 1762 1472 πυρὶ
1821 1395 1941 1450 ἐτε-

287 1497 627 1569 λειώθησαν’
659 1497 722 1553 τὸ
755 1494 812 1551 δί
843 1495 1038 1552 λοιπὸν
1092 1491 1307 1562 πλῆθος
1365 1488 1547 1561 ξύλοις
1615 1487 1940 1553 κατακοπὶν,

286 1586 547 1658 ἐτελεύτη
559 1606 643 1640 σεν
655 1627 668 1642 .

841 1733 1024 1785 nam
1053 1732 1136 1805 τᾳ
1176 1727 1381 1801 ΑΥΤῼ.

1089 1843 1217 1899 KE'.

472 1951 744 2023 Ἀθλησις
772 1956 870 2008 τοῦ
903 1952 1059 2028 ἁγίου
1094 1947 1367 2026 μάρτυρος
1396 1947 1757 2023 Θεράποντος.

352 2078 623 2154 Θεράπων
680 2079 708 2133 ὁ
747 2082 846 2132 τοῦ
903 2078 1140 2153 Χριστοῦ
1207 2074 1561 2148 ἱερομάρτυς,
1615 2069 1777 2133 πόθεν
1824 2068 1934 2143 ὥρυ

276 2190 454 2240 μητο,
494 2170 529 2236 ἢ
572 2167 731 2222 τίνων
758 2168 963 2242 γονέων
1019 2163 1250 2242 ἐγένετο,
1301 2161 1338 2232 ἤ
1387 2162 1524 2217 κατά
1574 2159 1768 2222 ποίους
1799 2157 1933 2233 χρό-

273 2279 420 2325 νους,
457 2257 638 2312 εἰπεῖν
674 2256 773 2312 οὐκ
802 2251 1028 2331 ἔχομεν,
1061 2259 1167 2309 τῶν
1201 2250 1614 2326 ὑπομνημάτων
1643 2249 1830 2320 αὑτοῦ,
1864 2247 1938 2308 ὡς

285 2344 452 2414 ἔοικε,
491 2344 914 2423 διαφθαρέντων.
949 2347 1128 2402 Τοῦτο
1183 2340 1240 2397 δέ
1301 2342 1490 2414 μόνον,
1550 2338 1632 2394 ὅτι
1693 2337 1939 2412 μοναχὸς

289 2436 519 2510 ἐγένετο,
546 2437 635 2490 καὶ
680 2434 978 2496 ἐπίσκοπος
1038 2434 1282 2507 Κύπρου,
1313 2432 1401 2486 καὶ
1437 2429 1519 2485 ὅτι
1575 2429 1668 2485 τὸν
1706 2429 1938 2498 ἀθλητι-

289 2527 380 2581 κὸν
413 2527 606 2600 ἀγῶνα
664 2521 903 2594 διήνυσε,
961 2523 1050 2578 καὶ
1105 2527 1184 2594 τῷ
1242 2523 1462 2595 Χριστῷ
1507 2521 1804 2594 προσήχθη
1868 2514 1936 2571 δι’

293 2610 1003 2689 αἵματος,διέγνωμεν,οὐ
1061 2612 1228 2686 μόνον
1289 2611 1340 2683 ἐξ
1398 2611 1640 2688 ἀγράφου
1696 2605 1936 2684 παραδό-

298 2725 428 2769 σεως
460 2704 608 2778 παρά
633 2708 742 2759 τῶν
770 2703 1225 2778 προγενεστέρων,
1275 2700 1421 2756 ἀλλὰ
1476 2701 1562 2754 καὶ
1599 2697 1658 2753 ἐκ
1700 2703 1808 2754 τῶν
1869 2695 1943 2752 εί-

299 2794 471 2848 κόνων
503 2794 666 2849 αὑτοῦ
698 2789 1238 2871 πληροφορηθέντες.
1296 2790 1401 2848 Καὶ
1429 2793 1596 2845 ταῦτα
1657 2789 1752 2860 μὶν
1796 2785 1938 2860 πρό-

302 2903 470 2957 τερον.
535 2889 778 2958 Ὕστερον
852 2880 910 2938 δὶ
963 2887 1071 2937 τῶν
1150 2885 1478 2957 Σαρακηνῶν
1557 2873 1936 2954 βουληθέντων

313 2970 546 3036 ἐπελθεῖν
679 2971 898 3045 Κύπρῳ,
933 2970 1282 3046 ἐμφανισθεὶς
1309 2971 1338 3024 6
1369 2969 1520 3042 ἅγιος
1575 2971 1656 3039 τῷ
1685 2985 1938 3041 προσμυ-

305 3062 470 3137 ναρίῳ
528 3059 718 3128 αὐτοῦ,
772 3062 918 3115 εἶπεν
970 3059 1136 3133 αὐτῷ·
1196 3061 1274 3116 Τὸ
1330 3058 1500 3122 τάχος
1537 3056 1790 3124 ἀναστὰς,
1847 3053 1938 3110 καὶ

297 3146 480 3205 λαϐών
521 3171 627 3223 μου
655 3152 726 3205 Τὸ
759 3148 1032 3223 λείψανον,
1087 3148 1430 3222 ἀποκόμισον
1488 3146 1562 3209 εἷς
1596 3149 1937 3204 Κωνσταντι-

298 3221 579 3294 νούπολιν.
613 3221 892 3295 Μέλλουσι
923 3240 1028 3314 γὰρ
1059 3240 1110 3294 οἱ
1151 3221 1342 3314 ἐχθροὶ
1398 3241 1496 3292 τοῦ
1553 3239 1785 3312 σταυροῦ
1840 3238 1937 3289 τοῦ
1969 3221 2012 3286 C

295 3331 536 3403 Χριστοῦ
559 3333 628 3402 τῇ
660 3331 810 3400 νήσῳ
855 3329 1024 3402 ταύτῃ
1081 3324 1355 3396 ἐπιϐῆναι,
1411 3327 1498 3381 καὶ
1557 3325 1686 3388 τοὺς
1734 3326 1942 3388 τόπους

290 3416 520 3478 τούτους
554 3416 858 3490 ἐρημῶσσι.
891 3416 1281 3488 ’Λνακομισθὲν
1315 3415 1405 3469 οὖν
1435 3415 1500 3468 τὸ
1554 3411 1809 3485 λείψανον
1841 3411 1940 3466 αὐ-

287 3509 401 3575 τοῦ,
439 3503 598 3574 ἐτέθη
633 3505 686 3560 ἐν
720 3501 1316 3574 Κωνσταντινουπόλει,
1352 3505 1514 3578 βρῦον
1546 3501 1772 3575 ῗάματα.

289 3793 392 3850 Καὶ
435 3795 633 3867 μνήμη
665 3792 943 3868 τοῦρσίου
975 3793 1187 3868 ΙΙατρὸς
1246 3795 1409 3868 ᾑῃμῷν
1437 3791 1528 3846 καὶ
1587 3793 1941 3866 ὁμολογητοῦ

763 3864 1012 3920 Ἰωάννου
1041 3862 1138 3920 τοῦ
1169 3862 1478 3920 Ψυχαίτου.

357 3988 643 4060 Ἰωάννης,
677 3991 705 4045 6
738 3989 788 4044 ἐν
823 3989 1005 4065 ἁγίοις
1051 3991 1240 4060 Πατὴρ
1295 3992 1479 4063 ἡμῶν,
1542 3989 1803 4058 νηπιόθεν
1850 3989 1940 4044 τὸν

284 4078 534 4152 Χριστὸν
595 4079 901 4154 ἀγαπήσας,
956 4080 1042 4133 καὶ
1116 4078 1309 4136 Ἠλίου
1373 4080 1462 4133 καί
1524 4079 1779 4136 Ἰωάννου
1844 4084 1941 4134 τοῦ

292 4166 625 4245 Προδρόμου
680 4171 808 4236 τοὺς
863 4172 1099 4242 τρόπους
1163 4173 1568 4245 μιμησάμενος,
1627 4172 1798 4249 ἀφῆκε
1849 4173 1939 4226 τὸν

291 4260 531 4332 κόσμον
569 4261 658 4314 καὶ
691 4260 940 4324 ἀπελθὼν
971 4260 1021 4314 ἐν
1049 4265 1116 4334 τῇ
1150 4260 1326 4336 λαύρα
1379 4265 1476 4316 τοῦ
1510 4258 1817 4336 Ψυχαίτου,
1850 4261 1938 4335 γέ·

294 4369 422 4424 γονε
468 4349 733 4424 μοναχόςο
792 4349 880 4404 καὶ
939 4349 1174 4424 τοσαύτῃ
1227 4349 1619 4425 σκληραγωγίᾳ
1676 4347 1941 4404 ἐπέδωκεν

295 4439 508 4506 ἐαυτὸν,
542 4439 615 4500 ὡς
655 4439 745 4492 καὶ
805 4439 1052 4514 χάρισμα
1106 4433 1293 4493 λαϐεῖν
1351 4440 1498 4512 παρὰ
1557 4443 1712 4508 Θεοῦ,
1746 4436 1936 4512 δαίμο-

294 4551 388 4593 νας
458 4525 796 4604 φυγαδεύειν,
844 4527 934 4581 καὶ
993 4527 1301 4602 θεραπεύειν
1359 4531 1660 4602 νοσήματα.
1717 4529 1942 4604 ’Λγωνι-

301 4618 536 4691 ζὸμενος
568 4615 625 4672 δὲ
649 4615 734 4671 ἐπὶ
765 4620 873 4671 τῶν
907 4615 1125 4693 λρόνων
1156 4621 1264 4672 τῶν
1318 4616 1725 4693 εἰκονομάχων,
1757 4619 1845 4673 καὶ
1877 4617 1944 4672 τὰ

300 4702 565 4775 ὀρθὸδοξα
615 4703 891 4780 κρατύνων
950 4701 1216 4782 δόγματα,
1272 4703 1568 4780 διεγνώσθη
1622 4711 1700 4778 τῷ
1753 4726 1941 4782 τυραν-

298 4800 504 4866 νοῦντι,
559 4793 650 4848 καὶ
725 4792 1114 4868 προσκληθεὶς,
1191 4797 1523 4871 ἠναγκάζετο
1588 4796 1939 4872 ἀρνήσασθαι

297 4883 354 4940 δὲ
373 4887 445 4957 τῇ
473 4885 698 4959 αἰρέσει,
726 4884 814 4939 καὶ
850 4884 1158 4961 ὑπογράψαι
1191 4884 1268 4949 εἷς
1320 4886 1412 4940 τὸν
1443 4885 1614 4960 τόμον
1674 4889 1773 4952 τῆς
1819 4883 1935 4940 ἀδι-

298 4975 438 5037 κίας.
482 4977 568 5044 Μή
602 4973 841 5038 πεισθεὶς
884 4971 941 5027 δὲ
1001 4978 1157 5030 τοῦτο
1215 4982 1462 5046 ποιῆσαι,
1523 4974 1670 5030 ἀλλᾶ
1725 4975 1937 5046 μᾶλλον

299 5062 514 5138 ἐλέγξας
588 5064 680 5118 τὸν
743 5062 993 5138 βασιλέα,
1069 5065 1158 5118 καὶ
1215 5064 1486 5139 αἱρετικὸν
1575 5064 1937 5134 ἀποκαλέσας,

303 5154 586 5230 ἐξωρίσθη.
669 5155 837 5212 Ἔνθα
907 5153 1155 5220 πολλοῦς
1227 5155 1562 5230 πειρασμοὺς
1647 5157 1942 5230 ὑπομείνας

301 5245 446 5318 παρᾶ
473 5249 580 5300 τῶν
613 5243 944 5318 παρανόμων
998 5245 1086 5301 καὶ
1140 5243 1338 5302 ἀδίκων
1385 5245 1789 5319 είκονομάχων,
1845 5247 1940 5301 τὸν

305 5333 420 5406 βίον
449 5332 777 5407 μετήλλαξε.

371 5515 465 5568 Καὶ
499 5510 731 5583 ἄθλησις
788 5517 886 5568 τοῦ
943 5512 1097 5590 ἁγίου
1155 5513 1552 5590 ἱερομάρτυρος
1595 5517 1866 5591 Θεράπον-

1072 5605 1186 5648 τος.

376 5673 657 5750 Θεράπων,
691 5675 718 5729 6
747 5679 844 5730 τοῦ
886 5678 1126 5752 Χριστοῦ
1156 5674 1509 5752 ἱερομάρτυς,
1556 5676 1730 5752 ἱερεὺς
1762 5677 1941 5752 ὑπάρ-

1967 1865 2015 1930 Β

2051 583 2404 655 baptizasset
2433 584 2662 654 eos,qui
2691 582 2959 637 nondum
2991 578 3700 643 illuminatifuerant,sed

2051 673 2402 744 martyrium
2427 689 2533 743 pro
2564 673 2795 726 Christo
2829 687 2897 724 eo
2926 670 3022 724 die
3046 669 3300 724 subituri
3331 673 3518 722 erant.
3555 669 3699 722 Con-

2049 763 2271 834 gregati
2305 763 2466 816 enim
2499 761 2710 816 affines
2741 759 2930 815 sancti
2959 758 3195 820 Meletii,
3221 763 3278 812 et
3309 757 3617 823 comitum,
3642 761 3701 811 et

2053 852 2331 916 militum,
2368 852 2649 907 mulieres
2684 867 2943 922 quoque,
2976 856 3035 903 et
3072 849 3226 904 112
3259 847 3450 919 pueri,
3485 863 3701 919 magna

2049 960 2187 997 voce
2247 943 2571 998 dicebant:
2632 944 2746 997 Nos
2804 956 3037 1012 quoque
3087 937 3409 993 Christiani
3465 954 3694 992 sumus.

2051 1031 2215 1086 Unde
2246 1031 2559 1102 praesidem
2587 1031 2659 1086 ad
2713 1031 2862 1084 iram
2896 1028 3248 1083 excitarunt.
3283 1029 3354 1081 Et
3409 1027 3697 1097 Sarapion

2051 1120 2292 1191 quidem
2326 1121 2639 1191 episcopus
2671 1136 2804 1174 cum
2836 1117 3144 1184 Callinico,
3180 1115 3281 1186 qui
3315 1131 3385 1170 ex
3431 1131 3600 1186 mago
3622 1114 3697 1170 ad

2051 1208 2230 1264 fidem
2264 1225 2579 1264 conversus
2607 1208 2821 1273 fuerat;
2870 1206 3062 1276 capite
3111 1204 3499 1259 obtruncatus
3559 1208 3694 1269 est;

2049 1298 2390 1353 Theodorus
2413 1314 2547 1353 vero
2581 1303 2639 1352 et
2668 1299 2936 1361 Faustus,
2971 1310 3105 1349 cum
3155 1293 3314 1357 viris,
3349 1293 3449 1363 qui
3511 1291 3698 1347 credi-

2050 1388 2279 1452 derant,
2312 1387 2570 1442 ﬂammis
2587 1385 3020 1451 addicti,ﬁnem
3043 1386 3400 1452 acceperunt
3425 1399 3438 1446 ;
3464 1381 3698 1452 reliqua

2049 1476 2288 1531 demum
2320 1475 2638 1531 multitudo
2663 1474 2839 1545 lignis
2871 1472 3128 1538 concisa,
3163 1469 3458 1526 occubuit.

2605 1682 2844 1738 EODEM
2885 1679 3135 1734 MENSE.

2548 1788 2647 1842 Die
2680 1787 2960 1842 vicesima
2989 1786 3196 1856 quinta

2228 1898 2511 1952 Certamen
2557 1897 2735 1950 sancti
2811 1896 3074 1963 martyris
3124 1893 3506 1962 Therapontis.

2117 2022 2425 2092 Therapon
2484 2035 2651 2074 sacer
2705 2019 2918 2073 Christi
2980 2021 3206 2088 martyr
3261 2015 3418 2069 unde
3500 2019 3696 2069 ortum

2046 2111 2300 2176 duxerit,
2335 2114 2437 2164 aut
2465 2108 2681 2179 quibus
2712 2107 3060 2179 parentibus
3109 2111 3287 2161 natus
3319 2105 3413 2170 sit;
3449 2109 3552 2158 aut
3578 2120 3695 2174 quo

2046 2205 2313 2269 tempore
2343 2196 2574 2260 vixerit,
2609 2194 2804 2250 dicere
2827 2195 3126 2249 nescimus
3152 2212 3164 2259 ;
3188 2208 3320 2247 cum
3347 2193 3474 2262 ejus
3498 2191 3692 2246 moni-

2046 2293 2270 2354 menta,
2295 2292 2360 2341 ut
2382 2286 2588 2350 fertur,
2646 2284 2932 2356 temporis
2990 2283 3160 2354 lapsu
3222 2281 3529 2353 perierint.
3576 2281 3694 2335 Hoc

2045 2395 2180 2433 vero
2213 2377 2408 2432 solum
2459 2375 2752 2433 novimus.
2815 2372 2996 2445 quod,
3057 2371 3306 2440 scilicet,
3363 2369 3696 2426 monachus

2043 2466 2243 2532 fuerit,
2277 2471 2335 2521 et
2363 2465 2534 2536 Cypri
2567 2464 2904 2535 episcopus,
2930 2461 3210 2532 quodque
3232 2476 3481 2533 agonem
3509 2459 3696 2515 athle-

2047 2558 2224 2612 ticum
2260 2554 2630 2620 sustinuerit,
2665 2560 2722 2607 et
2747 2552 2978 2606 Christo
3011 2568 3116 2623 per
3147 2550 3497 2623 sanguinem
3520 2549 3700 2603 fuerit

2043 2646 2439 2715 conjunctus:
2474 2643 2605 2709 hoc,
2639 2642 2910 2712 inquam,
2943 2641 3233 2704 novimus,
3264 2655 3384 2694 non
3417 2638 3592 2693 modo
3627 2654 3697 2692 ex

2045 2732 2293 2802 antiqua
2321 2736 2380 2786 et
2400 2730 2623 2801 absque
2661 2736 2880 2800 scripto
2905 2745 2939 2784 a
2964 2729 3293 2799 majoribus
3327 2727 3551 2782 nostris
3599 2743 3695 2783 ac-

2046 2828 2218 2895 cepta
2247 2820 2606 2886 traditione;
2641 2819 2744 2874 sed
2796 2819 2974 2874 etiam
3033 2834 3103 2872 ex
3154 2818 3283 2888 ejus
3334 2817 3695 2889 imaginibus

2047 2912 2260 2968 edocti.
2297 2911 2492 2981 Atque
2523 2909 2650 2964 ὶιωο
2673 2907 2953 2980 primum.
2991 2908 3365 2962 Postremum
3391 2922 3525 2960 vero
3559 2921 3694 2960 cum

2048 3001 2322 3056 Saraceni
2356 3000 2427 3054 de
2461 2997 2850 3070 expugnanda
2879 2997 3066 3069 Cypro
3104 2995 3452 3067 cogitarent,
3510 3010 3692 3065 appa-

2048 3107 2188 3146 rens
2221 3092 2462 3144 sanctus
2489 3103 2594 3141 suo
2617 3087 2857 3154 mdituo,
2884 3085 3067 3156 jussit
3096 3083 3266 3138 illum
3300 3083 3498 3138 statim
3550 3099 3690 3138 con-

2051 3195 2310 3252 surgere,
2336 3191 2591 3246 suasque
2636 3175 2920 3245 reliquias
2971 3173 3260 3245 accipere,
3297 3188 3513 3243 easque
3544 3177 3692 3226 Con-

2053 3265 2500 3337 stantinopolim
2530 3263 2851 3318 transferre
2886 3280 2898 3317 :
2932 3263 3196 3317 futurum
3225 3263 3386 3316 enim
3446 3277 3595 3328 esse,
3629 3265 3693 3315 ut

2050 3355 2310 3412 inimicis
2342 3356 2535 3410 crucis
2565 3353 2780 3409 Christi
2831 3369 2900 3407 ea
2953 3352 3150 3407 insula
3206 3352 3542 3423 potirentur
3571 3368 3698 3406 om-

2050 3449 2268 3520 niaque
2301 3463 2370 3502 ea
2399 3447 2529 3502 loca
2551 3444 3310 3500 subverterent.Translatm
3330 3445 3530 3515 itaque
3562 3443 3692 3515 ejus

2049 3534 2859 3609 reliquim,Constantinopoli
2892 3533 3175 3604 deposita:
3208 3537 3365 3601 sunt,
3397 3533 3498 3588 ubi
3531 3549 3698 3587 cura-

2050 3626 2247 3680 tiones
2276 3625 2576 3678 emittunt.

2055 3736 2119 3789 Et
2149 3729 2618 3801 memoria_sancti
2649 3731 2829 3784 Patris
2885 3728 3063 3781 nostri
3117 3728 3345 3782 Joannis
3394 3726 3694 3797 Psychaitae

2703 3801 3042 3867 confessoris.

2126 3912 2372 3966 Sanctus
2404 3911 2579 3964 Pater
2606 3912 2810 3963 noster
2837 3907 3094 3962 Joannes
3133 3907 3204 3962 ab
3247 3907 3490 3961 ineunte
3522 3909 3694 3962 astate

2053 4001 2349 4056 Christum
2408 4015 2608 4054 amore
2668 3997 3032 4068 complexus,
3070 4001 3129 4052 et
3185 3997 3324 4051 Elite
3356 4013 3422 4052 ac
3451 3998 3694 4052 Joannis

2053 4089 2444 4146 Praecursoris
2481 4104 2676 4142 mores
2737 4087 3019 4154 imitatus,
3081 4087 3368 4142 mundum
3402 4087 3647 4157 reliquit
3680 4102 3692 4140 :

2052 4186 2229 4250 atque
2278 4179 2337 4233 in
2391 4178 2618 4232 lauram
2669 4177 2992 4248 Psychaitaa
3048 4176 3276 4245 abiens,
3304 4176 3696 4232 monasticam

2050 4271 2228 4324 vitam
2261 4267 2558 4338 suscepit:
2593 4273 2858 4337 etusque
2891 4265 3038 4320 adeo
3093 4266 3280 4338 rigido
3333 4267 3464 4320 vitae
3525 4266 3697 4321 insti-

2052 4365 2176 4415 tuto
2209 4359 2469 4431 seipsum
2501 4356 2744 4419 addixit,
2788 4362 2853 4410 ut
2883 4354 3102 4410 donum
3149 4372 3181 4410 a
3239 4356 3355 4409 Deo
3402 4355 3697 4426 acceperit

2054 4449 2354 4503 dmmones
2385 4446 2624 4514 lugendi
2656 4451 2713 4500 et
2743 4445 2982 4500 morbos
3015 4443 3284 4500 curandi.
3315 4445 3458 4498 Cum
3495 4450 3693 4498 autem

2050 4537 2575 4593 Iconomachorum
2601 4540 2866 4605 tempore
2892 4533 3316 4600 decertaret,et
3337 4531 3694 4587 orthodoxae

2053 4627 2352 4681 doctrinas
2385 4628 2806 4695 propugnaret,
2860 4621 3248 4677 denuntiatus
3296 4619 3411 4674 fuit
3443 4621 3593 4676 118
3617 4620 3693 4688 ei,

2049 4715 2149 4785 qui
2185 4711 2564 4784 tyrannidem
2613 4709 2944 4776 exercebat,
2998 4714 3055 4763 et
3116 4708 3187 4763 ab
3249 4724 3316 4763 eo
3371 4708 3700 4763 accersitus

2050 4801 2396 4875 adigebatur
2453 4813 2753 4854 sacrarum
2806 4796 3048 4868 quidem
3107 4797 3435 4868 imaginum
3469 4797 3694 4852 cultum

2051 4891 2361 4962 abnegare,
2396 4886 2606 4942 haaresi
2639 4901 2772 4940 vero
2806 4885 3162 4953 consentire,
3189 4902 3255 4941 ac
3290 4892 3448 4941 tomo
3481 4887 3693 4959 impie-

2051 4980 2187 5035 tatis
2219 4976 2836 5032 subscribere.Verum
2863 4975 2908 5028 is
2932 4991 3138 5046 parere
3163 4975 3351 5047 jussis
3386 4993 3688 5045 recusans,

2051 5069 2193 5142 quin
2224 5067 2419 5139 potius
2472 5065 2890 5136 imperatorem
2939 5065 3320 5137 redarguens,
3376 5066 3690 5136 ipsumque

2050 5158 2396 5214 haareticum
2421 5155 2875 5226 compellans,in
2909 5155 3183 5209 exsilium
3216 5155 3514 5228 relegatus
3533 5156 3644 5210 fuit
3676 5173 3689 5209 :

2049 5247 2152 5302 ubi
2180 5261 2314 5302 cum
2347 5244 2942 5316 abimpiisetiniquis
2967 5245 3375 5300 lconomachis
3399 5245 3688 5316 plurimas

2051 5355 2349 5395 aerumnas
2381 5338 2782 5407 sustinuisset,
2815 5337 2992 5392 vitam
3024 5355 3157 5392 cum
3192 5343 3380 5393 morte
3420 5353 3687 5392 commu-

2052 5431 2211 5486 tavit.

2157 5521 2224 5574 Et
2255 5525 2529 5574 certamen
2562 5518 2899 5571 sacrosancti
2926 5518 3189 5586 martyris
3225 5516 3578 5586 Theraponti.

2123 5679 2453 5748 Therapon,
2477 5691 2644 5730 sacer
2663 5674 2876 5728 Christi
2912 5680 3292 5745 martyr,cum
3317 5678 3469 5728 esset
3491 5685 3685 5724 sacer-
