4134 6302
387 355 504 414 475

1667 336 2107 405 MENOLOGII
2149 335 2370 399 PARS.
2403 336 2506 398 ΠΙ.

3672 338 3798 397 476

391 484 498 539 dos
527 485 591 540 in
618 490 823 541 sancta
853 483 1125 540 Sardium
1158 482 1430 548 ecclesia,
1445 479 1787 549 multosque
1819 473 2036 531 inﬁde-

2152 487 2270 544 χων
2297 473 2400 538 τῆς
2430 467 2482 522 ἐν
2517 465 2713 543 Σάρδει
2745 466 2899 544 ἁγίας
2948 464 3263 538 ἐκκλησίας,
3296 467 3386 522 καὶ
3441 463 3530 521 διὰ
3574 473 3675 532 τῆς
3705 462 3793 522 δι-

393 575 541 630 lium
566 574 640 630 ob
669 575 998 630 doctrinam
1060 591 1227 630 suam
1267 573 1340 627 ad
1393 569 1710 626 Dominum
1763 570 2036 621 nostrum

392 668 591 722 Jesum
619 666 920 720 Christum
952 669 1323 720 converteret
1352 679 1419 718 ac
1477 659 1819 732 baptizaret,
1872 671 2032 710 com.

392 758 723 828 prehensus
745 772 779 809 a
805 754 1109 809 Valeriano
1126 751 1632 824 praeside,vinctus
1655 749 1713 802 in
1739 761 2035 802 carcerem

395 845 748 900 detruditur.
781 843 922 897 Inde
956 843 1224 910 eductus,
1255 842 1467 914 ligatus
1497 845 1756 911 Synaum
1792 834 2038 890 abduci-

395 939 514 1002 tur,
548 940 606 989 et
627 936 799 1006 juxta
828 932 1070 988 ﬂuvium
1131 933 1204 988 ad
1255 937 1510 1003 quatuor
1558 928 1726 1000 palos
1785 925 2033 996 supinus

395 1040 572 1095 super
601 1021 997 1095 pavimentum
1041 1021 1398 1087 extenditur,
1448 1019 1817 1092 graviterque
1849 1030 2036 1084 usque

397 1112 542 1169 adeo
575 1112 914 1174 caeditur,ut
944 1127 1154 1166 carnes
1174 1111 1363 1181 ipsius
1393 1109 1569 1180 virgis
1590 1108 1996 1162 lacerarentur
2021 1121 2033 1158 :

397 1202 560 1256 illius
591 1207 790 1256 autem
849 1201 1135 1273 sanguine
1185 1199 1428 1271 irrigata
1484 1196 1684 1258 tellus,
1716 1194 2036 1249 maximam

397 1307 652 1362 quercus
683 1291 946 1361 plantam
980 1290 1277 1361 produxit,
1311 1305 1441 1359 qua:
1459 1303 1648 1357 usque
1694 1286 1754 1339 in
1775 1301 2038 1354 praesen-

393 1387 514 1436 tem
547 1382 703 1436 diem
734 1382 944 1435 visitur
972 1381 1276 1451 perpetuis
1303 1378 1462 1433 foliis
1492 1378 1709 1438 virens,
1765 1374 2037 1429 morbum

397 1487 634 1525 omnem
668 1471 1133 1542 languoremque
1164 1485 1389 1530 eorum,
1425 1467 1527 1538 qui
1560 1467 1701 1521 illuc
1727 1463 2038 1532 accedunt,

397 1577 631 1615 curans.
667 1561 932 1614 Posthaac
961 1560 1021 1613 in
1053 1559 1340 1612 ditionem
1371 1556 1823 1611 Thracesiorum
1855 1553 2038 1607 abdu-

398 1655 549 1714 ctus,
580 1666 764 1720 prope
796 1649 1039 1703 ﬂuvium
1065 1649 1346 1702 Hermum
1379 1645 1441 1700 in
1499 1645 1842 1716 episcopatu
1875 1643 2040 1697 Sata-

396 1738 613 1804 lorum,
645 1737 920 1809 plurimis
952 1737 1252 1808 subjectus
1282 1735 1584 1803 aerumnis,
1610 1733 1852 1789 tandem
1883 1749 2041 1788 mar-

397 1827 534 1899 tyrii
566 1842 845 1882 coronam
876 1825 1120 1897 accepit.

573 2045 640 2099 Et
668 2049 940 2099 certamen
974 2044 1152 2098 sancti
1208 2041 1471 2111 martyris
1527 2042 1845 2097 Pancharii.

464 2221 1070 2290 Pancharius,Christi
1103 2225 1347 2293 martyr,
1368 2221 1430 2276 in
1463 2221 1709 2292 antiqua
1738 2223 1922 2277 Roma
1938 2237 2038 2277 na-

396 2321 491 2371 tus
523 2319 581 2369 et
611 2311 1128 2374 educatus,ﬁdeles
1161 2316 1438 2383 parentes
1466 2311 1692 2366 habuit.
1726 2313 1869 2365 Cum
1900 2327 2037 2366 vero

396 2403 754 2477 temporario
805 2403 1027 2456 honore
1058 2401 1130 2454 ab
1189 2400 1521 2455 idololatris
1579 2399 2038 2471 imperatoribus

396 2495 754 2559 afﬁceretur,
780 2507 1103 2562 eorumque
1133 2490 1443 2545 familiaris
1493 2495 1667 2554 esset,
1703 2507 1737 2544 a
1765 2495 1927 2545 recta
1950 2491 2039 2546 via

396 2601 504 2656 per
525 2582 878 2638 diabolicam
910 2580 1316 2652 operationem
1362 2579 1706 2646 deflectens,
1740 2579 2039 2634 Christum

397 2675 721 2746 abnegavit,
746 2675 805 2727 et
834 2670 906 2726 ad
937 2669 1095 2724 idola
1120 2669 1370 2725 accessit
1393 2685 1404 2723 :
1429 2668 1588 2723 unde
1609 2667 1763 2739 apud
1782 2668 2039 2740 impera-

398 2769 556 2820 tores
587 2760 930 2816 idololatras
962 2759 1326 2830 acceptus,in
1360 2775 1572 2830 magno
1603 2759 1828 2814 honore
1859 2759 2037 2814 vitam

398 2849 955 2923 transigebat.Quod
983 2847 1084 2902 ubi
1115 2853 1304 2902 mater
1328 2847 1514 2918 ipsius
1545 2847 1857 2912 intellexit,
1883 2849 2037 2903 mul-

397 2949 521 2999 tum
549 2941 954 3012 illacrymans,
985 2954 1090 3009 per
1115 2937 1347 2992 litteras
1379 2937 1430 2992 ei
1465 2937 1834 3010 signiﬁcavit,
1871 2945 1935 2992 ut
1964 2939 2035 2993 ab

397 3033 694 3089 idolorum
721 3029 882 3085 cultu
906 3028 1211 3093 recedens,
1246 3027 1319 3082 ad
1376 3027 1673 3082 Christum
1700 3027 1939 3090 rediret,
1975 3028 2036 3082 in

396 3123 746 3179 memoriam
779 3118 889 3190 ipsi
933 3134 1214 3172 revocans
1261 3134 1466 3187 poenas
1505 3122 1563 3171 et
1592 3119 1946 3189 gehennam,
1980 3122 2039 3172 et

396 3226 692 3266 carcerem
727 3208 819 3271 iis,
853 3207 954 3277 qui
987 3206 1457 3260 I‘IAChristum
1481 3205 1892 3278 abnegassent.
1927 3223 2030 3278 pa-
2065 3206 2109 3274 ρ

394 3299 690 3354 ratum.At
721 3295 1107 3366 ille,acceptis
1130 3295 1363 3359 litteris,
1389 3295 1588 3350 animo
1622 3302 2032 3367 compunctus,

395 3387 468 3444 ad
488 3387 836 3458 religionem
869 3401 1137 3439 reversus
1164 3389 1254 3439 est
1277 3402 1290 3438 :
1313 3401 1428 3454 quo
1452 3385 2040 3457 intellecto,impera-

397 3483 490 3558 tor
515 3478 706 3550 capite
735 3494 870 3533 eum
901 3476 1240 3532 obtruncari
1263 3475 1466 3547 jussit.

959 3691 1200 3748 EODEM
1217 3691 1468 3747 MENSE.

893 3807 995 3864 Die
1053 3807 1334 3864 vicesima
1379 3812 1545 3864 sexta

396 3918 660 3973 Memoria
687 3919 866 3973 sancti
895 3917 1132 3988 apostoli
1163 3915 1348 3988 Carpi,
1381 3919 1546 3972 unius
1573 3933 1642 3972 ea:
1659 3920 2036 3988 septuaginta.

465 4133 597 4188 Fuit
617 4132 716 4187 hic
747 4131 904 4186 inter
923 4130 1297 4202 septuaginta
1313 4129 1638 4201 discipulos
1662 4134 1720 4186 et
1740 4131 2039 4202 apostolos

397 4222 466 4278 ab
499 4223 626 4292 ipso
650 4220 878 4275 Christo
910 4226 1337 4274 annumeratus
1365 4236 1378 4275 :
1412 4221 1511 4291 qui
1538 4237 1748 4292 magno
1772 4222 1952 4275 Paulo
1977 4223 2040 4276 in

396 4309 818 4382 praedicatione
849 4309 1216 4370 ministrans,
1251 4307 1596 4378 divinasque
1609 4308 1797 4378 ipsius
1811 4310 2038 4380 Episto-

397 4401 486 4456 las
512 4401 584 4455 ad
606 4399 984 4470 illos,quibus
1017 4414 1115 4453 eas
1137 4396 1953 4465 miitebat,deferens,multos
1972 4417 2042 4453 ex

399 4491 650 4546 ethnicis
683 4489 756 4545 ad
787 4487 1000 4543 Christi
1034 4487 1214 4542 ﬁdem
1231 4486 1510 4542 adduxit:
1534 4503 1602 4542 ac
1625 4485 1853 4560 fulgore
1868 4490 2039 4543 Para-

2069 1841 2119 1906 B

2148 555 2445 620 δασκαλίας
2473 560 2638 616 αὐτοῦ
2699 556 2944 620 πολλοὺς
2998 561 3106 611 τῶν
3165 556 3402 612 ἀπίστων
3453 555 3788 631 ἐπιστρέφων

2147 645 2238 702 ἐπὶ
2266 650 2358 702 τὸν
2390 646 2585 721 Κύριον
2617 650 2776 720 ἡμῶν
2801 651 3016 717 Ἰησοῦν
3049 647 3302 722 Χριστὸν,
3351 647 3438 701 καὶ
3489 646 3792 722 βαπτίζων,

2147 735 2421 810 ἐκρατήθη
2456 736 2603 810 παρά
2630 740 2731 790 τοῦ
2773 733 3044 810 ἄρχοντος
3101 735 3492 805 Οὐαλεριανοῦ,
3551 734 3640 789 καὶ
3695 732 3792 789 δε-

2148 825 2258 889 θεὶς
2293 822 2639 893 ἀπεκλείσθη.
2675 825 2808 880 Εἶτα
2855 831 2954 893 τῆς
3001 823 3249 902 φυλακῆς
3300 819 3606 893 ἐκϐληθεὶς,
3636 821 3792 894 ἤχθη

2147 913 2367 988 δέσμιος
2400 915 2474 975 εἷς
2512 915 2738 982 Συναὸν,
2770 914 2860 970 καὶ
2893 914 3131 985 πλησίον
3169 917 3266 969 τοῦ
3319 918 3568 987 ποταμοῦ
3601 913 3794 968 ἀπλω-

2147 1004 2281 1075 θεὶς,
2311 1003 2400 1060 καὶ
2435 1001 2606 1068 δεθεὶς
2638 1003 2712 1066 εἷς
2743 1001 3003 1080 τέσσαρας
3051 1002 3258 1064 πάλους
3291 1002 3510 1068 ὕπτιος,
3571 1002 3655 1056 ἐπὶ
3689 1003 3792 1070 τὴν

2144 1101 2244 1167 γῆν
2302 1092 2501 1170 ἐτῦφθη
2564 1090 2837 1170 σφοδρῶς,
2893 1093 2999 1156 ἓως
3057 1092 3453 1163 κατεξάνθησαν
3510 1093 3565 1146 αἱ
3601 1093 3797 1166 σάρκες

2146 1183 2310 1237 αὐτοῦ
2340 1188 2456 1244 τοῖς
2491 1177 2732 1258 ῥάϐδοις.
2767 1182 2861 1236 Ἐκ
2893 1179 2951 1236 δὶ
2978 1185 3076 1236 τοῦ
3126 1182 3358 1254 αἳματος
3391 1178 3557 1234 αὐτοῦ
3589 1184 3795 1234 πιοῦσα

2145 1275 2180 1342 ἡ
2214 1279 2309 1347 γῆ,
2343 1271 2506 1349 φυτὸν
2544 1271 2784 1347 βαλάνου
2843 1267 3115 1326 ἀπέδωκεν
3175 1271 3427 1344 μέγιστον
3483 1266 3624 1323 λίαν’
3656 1270 3792 1342 ’ὅπερ

2150 1361 2318 1437 μέχρι
2374 1368 2475 1430 τῆς
2526 1363 2766 1436 σήμερον
2840 1360 3082 1436 φαίνεται
3139 1358 3435 1437 ἀείφυλλον
3497 1360 3578 1427 ὅν,
3620 1362 3790 1412 πᾶσαν

2146 1452 2300 1506 νόσον
2333 1451 2419 1504 καὶ
2454 1455 2625 1504 πᾶσαν
2691 1448 2954 1522 μαλακίαν
2989 1454 3094 1503 τῶν
3126 1449 3586 1523 προσερχομένων
3619 1447 3793 1520 ἰώμε-

2147 1561 2260 1595 νον.
2294 1539 2398 1596 Καὶ
2429 1539 2564 1612 μετᾶ
2590 1543 2756 1593 ταῦτα
2787 1536 2937 1612 ἤχθῃ
2992 1539 3072 1600 εἷς
3128 1539 3189 1592 τὸ
3245 1535 3382 1610 θέμα
3436 1540 3545 1592 τῶν
3578 1543 3795 1610 Θρᾳκη-

2147 1629 2301 1702 σίων,
2334 1628 2568 1700 πλησίον
2614 1632 2711 1683 τοῦ
2764 1633 3015 1701 ποταμοῦ
3065 1629 3272 1700 Ἑρμοῦ
3306 1628 3406 1681 ὑπὸ
3435 1626 3534 1694 τήν
3567 1625 3795 1680 ἐπισκο-

2147 1721 2256 1788 πήν
2323 1717 2603 1773 Σατάλων·
2675 1719 2764 1773 καὶ
2814 1716 3058 1780 πολλαῖς
3122 1711 3455 1786 ὑποϐληθείς
3497 1712 3797 1788 τιμωρίαις

2147 1809 2238 1864 καὶ
2279 1809 2570 1874 κακώσεσι,
2626 1807 2718 1861 τὸν
2770 1809 2869 1860 τοῦ
2930 1803 3231 1881 μαρτυρίου
3289 1804 3547 1882 στέφανον
3599 1801 3795 1876 ἐκομίο

2150 1919 2299 1953 σατο.

2253 2079 2352 2134 Καὶ
2410 2075 2644 2149 ἄθλησις
2699 2081 2801 2132 τοῦ
2831 2075 2987 2152 ἁγίου
3020 2074 3294 2150 μάρτυρος
3343 2071 3681 2150 Παγχαρίου.

2218 2247 2556 2326 Παγχάριος,
2613 2249 2641 2304 ὁ
2697 2251 2797 2303 τοῦ
2855 2250 3100 2322 Χριστοῦ
3165 2247 3392 2322 μάρτυς,
3435 2243 3638 2320 ἐγένετο
3699 2245 3798 2318 μὶν

2145 2346 2248 2410 τῆς
2277 2337 2517 2399 παλαιᾶς
2555 2338 2778 2408 Ῥώμης
2807 2336 2898 2392 καὶ
2929 2337 3201 2412 γέννημα,
3259 2335 3350 2390 καὶ
3409 2333 3648 2411 θρέμμα,
3705 2335 3802 2390 καὶ

2147 2433 2354 2485 πιστῶν
2383 2429 2583 2503 γονέων
2633 2426 2890 2503 βλαστός·
2948 2430 3266 2498 τιμώμενος
3327 2423 3386 2480 δὲ
3440 2425 3577 2498 πρὸς
3609 2425 3798 2498 καιρὸν

2145 2523 2315 2595 τιμὴν
2347 2520 2493 2594 παρὰ
2520 2523 2628 2574 τῶν
2661 2515 3084 2592 εἶδωλολατρῶν
3122 2514 3418 2592 βασιλέων,
3465 2516 3556 2570 καὶ
3592 2515 3796 2578 οἰκεῖος

2148 2610 2222 2665 ὢν
2255 2610 2459 2676 αὐτοῖς,
2489 2616 2590 2678 τῆς
2622 2607 2828 2669 εὐθείας
2852 2604 2982 2661 ὀδοῦ
3042 2606 3324 2681 ἐκτραπεὶς
3381 2606 3482 2660 ὑπὸ
3541 2600 3795 2660 διαϐολι-

2146 2709 2248 2770 κῆς
2270 2699 2554 2775 ἐνεργείας,
2599 2700 2880 2772 ἠρνήσατο
2928 2699 3022 2752 τὸν
3078 2697 3332 2770 Χριστὸν,
3382 2693 3674 2771 προσετέθη
3734 2693 3796 2752 δὲ

2145 2796 2264 2853 τοῖς
2299 2789 2577 2850 εἰδώλοις.
2617 2789 2774 2852 ¹Ὸθεν
2803 2784 3131 2862 ἀποδεχθεὶς
3185 2786 3333 2861 παρὰ
3387 2790 3492 2840 τῶν
3553 2783 3790 2840 εἰδωλο-

2152 2885 2337 2954 μανῶν
2375 2876 2669 2955 βασιλέων,
2699 2877 2750 2932 ἐν
2787 2877 3001 2952 μεγάλῃ
3035 2873 3194 2950 διῇγε
3218 2879 3376 2949 τιμῇ.
3412 2874 3510 2929 Καὶ
3545 2875 3790 2948 μαθοῦσα

2145 2973 2305 3024 τοῦτο
2362 2970 2398 3037 ἡ
2461 2969 2646 3040 μήτηρ
2700 2965 2886 3035 αὐτοῦ,
2943 2965 3032 3020 καὶ
3069 2962 3254 3020 πολλὰ
3305 2966 3641 3039 θρηνήσασα,
3701 2961 3791 3018 διὰ

2146 3059 2489 3133 γραμμάτων
2521 3056 2786 3128 ἐμήνυσεν
2835 3054 3006 3126 αὐτῷ,
3054 3053 3354 3121 ἀποστῆναι
3401 3060 3500 3122 τῆς
3559 3050 3790 3107 εἰδωλο-

2151 3149 2428 3222 λατρείας,
2467 3147 2554 3202 καὶ
2587 3145 2909 3222 προσελθεῖν
2938 3147 3088 3209 αὖθις
3119 3150 3200 3217 τῷ
3253 3149 3496 3220 Χριστῷ,
3541 3146 3790 3217 ὑπομνή-

2149 3259 2283 3293 σασα
2311 3238 2411 3303 τήν
2458 3234 2685 3291 κόλασιν
2747 3236 2838 3290 καὶ
2898 3236 2997 3302 τήν
3059 3235 3297 3309 γέενναν,
3354 3235 3443 3288 καὶ
3498 3235 3672 3288 πάντα
3726 3234 3795 3288 τὰ

2143 3329 2488 3400 κολαστήρια
2519 3325 2586 3379 τὰ
2608 3322 2950 3398 ἐκδεχόμενα
3003 3323 3130 3385 τοὺς
3171 3323 3260 3376 τὸν
3291 3323 3524 3397 Χριστὸν
3558 3320 3793 3397 ἀρνησα-

2145 3418 2364 3490 μένους.
2400 3414 2699 3486 Δεξάμενος
2750 3411 2808 3466 δὲ
2858 3415 2925 3467 τὰ
2978 3411 3297 3487 γράμματα,
3353 3411 3443 3465 καὶ
3475 3412 3573 3480 τήν
3605 3413 3792 3486 ψυχὴν

2143 3504 2484 3578 κατανυγεὶς,
2575 3500 2877 3570 ἐπανῆλθεν
2932 3501 3070 3574 πρὸς
3147 3501 3246 3567 τὴν
3308 3494 3599 3557 εὐσέϐειαν.
3685 3501 3792 3556 Καὶ

2142 3594 2376 3657 ἀκούσας
2409 3597 2571 3648 τοῦτο
2603 3593 2632 3646 ὁ
2668 3589 2946 3668 βασιλεὺς,
2981 3589 3372 3667 ἀπεκεφάλισεν
3425 3589 3607 3646 αὐτόν.

2693 3716 2878 3772 MHNI
2916 3717 3002 3789 To
3041 3716 3236 3789 ΑΥΤῼ.

2912 3804 3003 3871 KC

2214 3897 2338 3966 Μνή
2352 3917 2426 3970 μη
2457 3898 2554 3950 τοῦ
2593 3893 2779 3971 ἁγίου-
2801 3892 3118 3971 ἀποστόλου
3179 3892 3432 3966 Κάρπου,
3465 3891 3579 3954 ἐνὸς
3606 3895 3714 3946 τῶν

2767 3960 3167 4039 ἐϐδομήκοντα.

2217 4131 2391 4191 Οὗτος
2423 4133 2537 4190 τοῖς
2579 4123 2961 4201 ἐϐδομήκοντα
3014 4139 3282 4200 μαθηταις
3337 4126 3425 4181 καὶ
3457 4127 3791 4192 ἀποστόλοις

2150 4219 2433 4277 ὑπἀὐτοῦ
2490 4223 2588 4273 τοῦ
2648 4217 2852 4294 Κυρίου
2913 4217 3358 4294 συναριθμηθεὶς,
3417 4217 3504 4272 καὶ
3561 4220 3639 4288 τῷ
3695 4239 3795 4290 με-

2144 4310 2303 4386 γάλῳ
2334 4307 2533 4380 Παύλῳ
2580 4305 2848 4362 διακονῶν
2907 4306 2958 4362 ἐν
3012 4312 3093 4379 τῷ
3156 4305 3490 4382 κηρύγματι,
3548 4305 3638 4361 καί
3693 4308 3790 4370 τὰς

2146 4399 2287 4460 θείας
2321 4396 2483 4452 αὐτοῦ
2515 4393 2807 4457 ἐπιστολὰς
2838 4401 2955 4458 τοῖς
3013 4396 3149 4470 πρὸς
3209 4394 3300 4457 οὕς
3358 4395 3630 4468 ἐπέμπετο
3680 4394 3796 4451 δια-

2143 4489 2412 4562 κομίζων,
2452 4485 2698 4548 πολλοὺς
2727 4489 2836 4540 τῶν
2867 4483 3152 4557 Ἑλλήνων
3187 4486 3323 4560 πρὸς
3371 4485 3469 4553 τήν
3528 4489 3624 4539 τοῦ
3656 4488 3790 4561 Χρι-

397 4582 521 4638 cliti
544 4585 806 4636 mentem
828 4577 1186 4633 illustratam
1208 4557 1750 4649 habens,tanquam
1774 4578 2034 4634 inacces-

2149 4557 2497 4635 atoﬁiﬂla‘cw
2558 4575 3011 4652 ἐχειραγώγησεν.
3068 4577 3171 4632 Καὶ
3363 4574 3635 4650 ἐλλάμψει
3690 4557 3786 4628 τοῦ

399 4688 528 4728 sum
561 4670 723 4727 sidus
756 4668 827 4724 ab
861 4668 1099 4724 Oriente
1132 4667 1823 4740 exsurgens,universum
1846 4674 2034 4725 terra-

393 4778 526 4816 rum
557 4759 762 4815 orbem
803 4757 1015 4813 divinis
1045 4757 1331 4813 doctrinis
1361 4757 1883 4824 illuminavit,cum
1913 4776 2036 4815 ma-

391 4867 505 4923 gna
535 4848 797 4920 quotidie
854 4849 1144 4904 miracula
1174 4853 1455 4921 patraret,
1510 4854 1568 4904 et
1624 4849 2033 4920 iniquissimos

393 4938 634 5010 spiritus
666 4937 927 5008 ejiceret,
960 4943 1136 5009 atque
1169 4939 1346 4995 urbes
1376 4939 1746 5010 populosque
1778 4939 1852 4994 ad
1871 4941 2034 4995 Chri-

395 5028 466 5083 sti
503 5027 677 5082 ﬁdem
714 5026 1282 5082 traduceret.Multas
1313 5028 1562 5098 proinde
1595 5029 1667 5083 ab
1693 5029 2034 5084 infidelibus

396 5132 691 5173 aerumnas
724 5116 1248 5171 sustinuit.Verum
1266 5117 1418 5170 virili
1452 5118 2034 5174 animolaboriosum

391 5207 595 5279 agonis
622 5211 923 5261 certamen
956 5205 1651 5277 suscipiens,principum
1669 5208 1881 5263 iratum
1906 5209 2036 5264 ani-

388 5312 550 5351 mum
606 5311 727 5349 non
786 5293 1140 5349 formidavit.
1174 5295 1542 5365 QuaprOpter
1589 5313 1722 5352 cum
1756 5299 1940 5353 Deum
1974 5299 2036 5353 in

391 5386 512 5441 suis
543 5384 828 5439 membris
860 5383 1493 5454 gloriﬁcasset,abipso
1525 5391 1613 5439 est
1635 5385 1891 5457 gloriose
1910 5404 2031 5442 ma-

391 5475 704 5549 gnificatus
738 5489 750 5526 :
786 5478 962 5542 atque
991 5472 1052 5526 in
1084 5489 1226 5544 pace
1259 5471 1572 5541 decedens,
1593 5474 1654 5529 in
1690 5475 1790 5530 Dei
1822 5492 2036 5532 manus

393 5563 637 5622 tradidit
670 5563 965 5636 spiritum.

2143 4669 2507 4744 Ηαρακλήτου
2533 4665 2918 4742 καταυγασθεὶς
2948 4665 3047 4734 τὴν
3108 4662 3368 4732 διάνοιαν,
3431 4665 3611 4741 ὥσπερ
3666 4661 3790 4719 ἄδυ-

2141 4781 2233 4821 τος
2268 4759 2437 4831 ἀστὴρ
2471 4757 2519 4830 ἐξ
2549 4754 2859 4812 Ἀνατολῶν
2896 4756 3165 4830 ὁρμήσας,
3218 4759 3390 4809 πᾶσαν
3443 4756 3545 4824 τήν
3605 4753 3792 4809 οἰκου-

2147 4851 2314 4921 μένην
2369 4851 2489 4909 ταῖς
2548 4845 2716 4908 θείαις
2769 4845 2934 4899 αὐτοῦ
3001 4840 3379 4905 διδασκαλίαις
3435 4845 3793 4921 κατεφώτισε,

2145 4937 2419 5010 θαυμάσια
2454 4933 2664 5008 μεγάλα
2717 4934 2831 4988 καθ’
2888 4931 3113 5002 ἑκάστην
3159 4929 3351 4999 τελῶν,
3406 4933 3495 4986 καὶ
3548 4931 3790 4987 ἀποδιώ-

2143 5047 2252 5080 κων
2314 5025 2594 5096 πνεύματα
2680 5021 3046 5096 πονηρότατα·
3102 5019 3294 5083 πόλεις
3355 5019 3412 5075 δέ
3468 5023 3557 5076 καὶ
3628 5023 3794 5083 λαοὺς

2145 5115 2278 5190 πρὸς
2306 5114 2403 5181 τήν
2439 5112 2514 5175 εἷς
2552 5112 2784 5186 Χριστὸν
2843 5113 3024 5166 πίστιν
3086 5109 3550 5184 ἐπισπασάμενος,
3582 5111 3797 5175 πολλὰς

2149 5205 2252 5259 ὑπὸ
2332 5206 2439 5257 τῶν
2496 5200 2734 5255 ἀπίστων
2799 5197 2997 5272 ὑπέστη
3056 5199 3289 5275 θλίψεις.
3365 5199 3639 5276 Ἀνδρεῖος
3693 5203 3794 5278 γὰρ

2146 5297 2346 5370 χωρῶν
2380 5293 2514 5366 πρὸς
2549 5293 2616 5346 τὰ
2646 5290 2877 5346 ἐπίπονα
2906 5295 3005 5356 τῆς
3065 5292 3350 5361 ἀθλήσεως
3412 5292 3792 5367 ἀγωνίσματα,

2144 5384 2234 5438 τὸν
2264 5382 2433 5454 θυμὸν
2461 5385 2568 5435 τῶν
2622 5381 2904 5456 ἀρχόντων
2935 5381 3040 5436 οὐκ
3071 5378 3385 5437 ἐδειλίασεν·
3429 5381 3548 5446 ὅθεν
3583 5382 3657 5444 ὡς
3691 5379 3792 5436 δο-

2146 5475 2304 5544 ξάσας
2334 5473 2424 5527 τὸν
2447 5473 2573 5527 Θεὸν
2611 5469 2662 5526 ἐν
2690 5477 2811 5533 τοῖς
2845 5470 3062 5546 μέλεσιν
3123 5473 3310 5532 αὐτοῦ.
3373 5474 3460 5528 ὑπ’
3517 5473 3682 5528 αὐτοῦ
3715 5471 3793 5528 ἐν·

2147 5561 2314 5636 δόξως
2347 5557 2629 5630 ἐδοξάσθη.
2665 5563 2767 5616 Καὶ
2797 5561 3131 5634 τελειωθεὶς,
3159 5563 3211 5618 ἐν
3246 5563 3438 5638 εἷ’ρήνῃ
3479 5563 3542 5617 τὸ
3574 5567 3788 5638 πνεῦμα

2143 5652 2405 5730 παρέθετο
2438 5651 2517 5714 εἷς
2547 5657 2740 5730 χεῖρας
2771 5641 2929 5713 Θεοῦ,
