4134 6302
345 341 463 399 477

1930 351 2199 416 MAIUS.
3652 365 3773 428 478

911 480 1094 536 MHNI
1131 482 1222 558 To
1262 484 1466 560 ΔΥΤῼ.

2685 488 2926 545 EODEM
2966 490 3218 548 MENSE.

1159 579 1251 634 KZ'
2595 579 2700 634 Die
2728 580 3009 635 vicesima
3035 581 3308 652 septima.

430 672 716 744 νΑθλησις
776 679 885 730 τῶν
947 675 1477 802 ἁγίοὲθδμαρτῦρων
1541 677 1823 754 Θεοδώρας
1864 679 1955 734 καὶ

1115 770 1130 802 ι
1169 770 1331 822 υμου.

2132 665 2283 721 115
2328 665 2616 722 Certamen
2667 675 2984 795 εαηοειὲοιᾶνη
3037 677 3347 754 martyrum
3397 673 3689 732 Theodore?
3721 683 3771 732 et

2878 759 2895 795 ι
2936 758 3066 810 ymz.

443 835 504 891 ’Π
539 834 671 910 ἁγία
701 833 959 912 Θεοδώρα
991 837 1210 914 ὑπῆρχε
1265 839 1401 895 κατὰ
1447 838 1574 902 τοὺς
1605 839 1838 914 χρόνους
1899 849 2028 896 Διο-

377 923 701 995 κλητιανοῦ*
755 932 1134 1002 προσαχθεῖσα
1192 925 1250 982 δὲ
1305 933 1385 1001 τῷ
1434 937 1536 998 τῆς
1616 928 2028 1005 ’Λλεξανδρείας

381 1013 638 1089 ἡγεμόνι,
671 1013 762 1069 καὶ
791 1014 885 1069 τὸν
918 1017 1149 1087 Χριστὸν
1201 1017 1616 1090 ὁμολογήσασα,
1677 1017 1728 1073 ἐν
1786 1020 2026 1093 πορνείῳ

381 1100 620 1174 ἐξεδόθη,
651 1103 740 1157 καὶ
767 1103 1030 1176 εὐξαμένη
1066 1102 1432 1183 διεφυλάχθη.
1493 1105 1732 1182 Δίδυμος
1785 1110 1884 1184 γάρ
1941 1131 2026 1172 τις

380 1191 732 1267 Χριστιανὸς,
766 1192 946 1256 θεόθεν
979 1193 1328 1267 κινούμενος,
1379 1197 1431 1250 ἐν
1487 1203 1859 1270 στρατιωτικῷ
1891 1200 2028 1272 cxx-4-

385 1303 512 1354 ματι
543 1281 762 1350 εἰσῆλθε
793 1283 926 1356 πρὸς
958 1281 1152 1354 αὐδήν,
1186 1285 1248 1340 ’Π
1307 1283 1364 1340 δὲ
1417 1281 1735 1364 φοϐηθεῖσα,
1782 1294 1882 1356 τῆς
1942 1288 2024 1342 οἷο

381 1371 498 1432 κίας
526 1376 646 1433 ταῖς
678 1372 906 1448 γωνίαις
961 1374 1246 1451 κατέφυγε.
1301 1374 1527 1450 Θαρῥεῖν
1587 1373 1644 1430 δὲ
1694 1374 1829 1442 αἶ)τῆ
1860 1398 2026 1452 παρα⁴

377 1460 798 1534 κελευσάμενος,
858 1462 932 1524 ὡς
983 1461 1153 1536 μηδὲν
1209 1466 1532 1538 πεισομένη,
1595 1464 1667 1520 ὧν
1713 1466 2026 1537 ὑποπτεύει,

377 1551 475 1619 τὴν
513 1550 610 1623 μὲν
664 1551 1056 1625 στρατιωτικὴν
1117 1553 1324 1620 στολὴν
1384 1551 1519 1622 αὐτῆ
1573 1553 1886 1628 περιέθηκε,
1934 1554 2025 1610 καὶ

379 1638 611 1710 ἐξελθεῖν
650 1645 746 1696 τοῦ
780 1637 1034 1714 δώματος
1092 1639 1389 1697 ἐκέλευσεν
1448 1643 1608 1706 aeta;
1650 1641 1707 1699 δὲ
1769 1645 1869 1713 τήν
1927 1667 2028 1720 γυ-

381 1729 617 1785 ναικείαν
648 1730 817 1800 αὐτῆς
864 1729 1066 1800 στολὴν
1127 1729 1508 1806 ἐνδυσάμενος,
1563 1732 1652 1788 καί
1728 1732 2027 1812 κεφαλοδε-

2202 834 2417 890 Sancta
2443 835 2748 892 Theodora
2779 838 2992 893 claruit
3017 840 3381 911 temporibus
3400 841 3774 902 Diocletiani.

2131 923 2274 977 Cum
2305 928 2503 978 autem
2561 925 2634 980 ad
2687 926 3030 997 praefectum
3090 929 3460 985 Alexandriae
3493 933 3770 1002 adducta,

2131 1012 2428 1068 Christum
2486 1018 2889 1085 proﬁteretur,
2941 1017 3002 1071 in
3053 1017 3304 1090 lupanar
3354 1022 3624 1093 conjecta
3663 1029 3772 1080 est.

2132 1103 2346 1157 Verum
2377 1101 2524 1157 fusis
2553 1103 2626 1159 ad
2660 1105 2843 1159 Deum
2893 1107 3188 1176 precibus,
3243 1109 3652 1181 incorruptam
3711 1128 3773 1167 se

2132 1192 2397 1247 servavit.
2433 1195 2574 1247 Nam
2607 1193 2972 1248 Christianus
3022 1195 3286 1265 quidam,
3319 1199 3562 1253 nomine
3595 1200 3775 1272 Didy-

2132 1299 2285 1350 mus,
2321 1282 2437 1336 Deo
2460 1283 2811 1353 inspirante,
2846 1284 3050 1338 habitu
3109 1286 3351 1340 militari
3403 1287 3664 1357 indutus,
3701 1291 3774 1345 ad

2131 1387 2262 1426 eam
2293 1372 2558 1426 accessit.
2594 1371 2700 1426 Illa
2717 1388 2852 1427 vero
2885 1373 3095 1428 timore
3144 1375 3436 1445 perculsa,
3471 1376 3533 1432 in
3591 1395 3780 1452 angu-

2130 1461 2254 1516 lum
2279 1460 2487 1515 domus
2526 1460 2802 1531 profugit.
2861 1467 2935 1516 At
2985 1463 3325 1518 Theodorus
3375 1463 3530 1520 bono
3573 1468 3772 1521 animo

2131 1548 2297 1603 illam
2329 1565 2458 1603 esse
2482 1549 2726 1620 jubens,
2754 1567 2864 1604 nec
2895 1551 3218 1622 quidquam
3249 1552 3391 1607 mali
3459 1554 3772 1626 suspicari,

2130 1637 2375 1692 militari
2405 1637 2558 1692 stola
2587 1638 2857 1694 indutam
2889 1656 2919 1694 e
2951 1638 3127 1694 domo
3161 1641 3319 1696 exire
3353 1642 3617 1710 mandat,
3647 1643 3773 1714 ipse

2130 1743 2266 1782 vero
2297 1725 2574 1781 muliebri
2607 1727 2812 1783 habitu
2838 1728 3176 1796 amictus,et
3198 1735 3375 1802 caput
3402 1730 3532 1786 velo
3548 1736 3772 1804 tegens,

386 1818 535 1891 σμίῳ
562 1819 662 1888 τὴν
693 1817 938 1896 κεφαλήν
992 1817 1284 1892 ἀναδήσας,
1339 1823 1448 1878 ἀντ’
1504 1821 1672 1892 αὐτῆς
1728 1823 2020 1893 ἐκαθέζετο.

2133 1817 2264 1872 loco
2295 1815 2457 1871 illius
2487 1818 2726 1873 mansit.
2761 1818 2904 1874 Cum
2963 1822 3160 1873 autem
3213 1819 3483 1891 impurus
3534 1820 3773 1892 quidam

385 1906 744 1971 Εἴσελθόντος
805 1905 862 1963 δέ
916 1929 1064 1971 τινος
1110 1908 1438 1983 ἀκολάστου,
1495 1911 1586 1966 καὶ
1642 1911 1693 1966 ἐν
1741 1913 2020 1987 γυναικείῳ

2133 1907 2437 1980 ingressus
2471 1911 2648 1972 esset,
2683 1911 2741 1964 et
2779 1907 2886 1963 sub
2917 1908 3193 1964 muliebri
3228 1909 3423 1980 specie
3453 1910 3645 1965 virum
3679 1910 3777 1966 de-

385 1997 635 2071 σχήματι
665 1997 756 2051 τὸν
815 1995 984 2072 ἄνδρα
1039 1999 1503 2070 κατανοήσαντος,
1560 1999 1650 2055 καὶ
1702 2001 1877 2056 πάντα
1914 2023 2023 2080 φα-

382 2085 510 2159 νερᾶ
565 2089 645 2156 τῷ
702 2085 936 2160 ἡγεμόνι
995 2089 1455 2158 καταστήσαντος,
1512 2088 1700 2145 αὐτίκα
1744 2090 2021 2154 συσχεθεὶς

381 2175 407 2228 ὁ
439 2175 612 2248 ἅγιος,
647 2173 862 2248 ἐτμήθη
893 2177 994 2246 τὴν
1027 2176 1291 2254 κεφαλήν.
1325 2180 1474 2234 Μετά
1503 2183 1663 2235 τοῦτο
1704 2177 1762 2235 δὲ
1817 2200 2022 2256 κρατη-

377 2265 526 2319 θεῖσα
554 2265 643 2318 καὶ
677 2267 712 2334 ἡ
767 2264 894 2339 ἁγία
952 2264 1228 2341 Θεοδώρα,
1285 2268 1376 2322 καὶ
1431 2267 1567 2346 ξίφει
1619 2271 1720 2340 τὴν
1776 2267 2019 2348 κεφαλὴν

378 2351 731 2427 έκτμηθεῖσα,
762 2353 954 2433 ἐῤῥίφη
989 2353 1040 2410 ἐν
1090 2360 1168 2426 τῷ
1197 2355 1346 2432 πυρί.

931 2462 1114 2520 ΜΗΝΙ
1153 2465 1246 2519 ΤΩ
1284 2465 1486 2522 ΑΥΤΩ.

1169 2582 1277 2637 KH‘

550 2675 822 2747 Ἀθλησις
852 2683 952 2747 τῆς
984 2678 1138 2753 ἁγίας
1172 2681 1445 2756 μάρτυρος
1475 2680 1839 2746 Ἐλικόνιδος.

444 2773 746 2844 Ἑλικονὶς,
805 2778 840 2846 ἡ
897 2781 992 2831 τοῦ
1042 2779 1278 2852 Χριστοῦ
1340 2780 1566 2853 μάρτυς,
1627 2781 1870 2857 ὑπῆρχεν
1933 2782 2020 2838 ἐπὶ

378 2863 678 2940 Γορδιανοῦ
730 2865 822 2921 καὶ
881 2866 1168 2923 Φιλίππου
1217 2874 1324 2923 τῶν
1378 2871 1670 2946 βασιλέων,
1701 2871 1762 2927 ἐκ
1805 2873 2022 2935 πόλεως

384 2954 799 3025 Θεσσαλονίκης.
851 2959 1194 3028 Κρατηθεῖσα
1253 2956 1330 3030 δὲ,
1384 2960 1475 3015 καὶ
1527 2961 1663 3032 πρὸς
1713 2962 1805 3018 τὸν
1857 2960 2022 3018 δοῦκα

379 3044 646 3117 Κορίνθου
694 3044 946 3118 ἀχθεῖσα,
1006 3046 1097 3101 καὶ
1152 3048 1242 3102 τὸν
1319 3050 1548 3123 Χριστὸν
1608 3051 2019 3127 ὁμολογήσασα,

375 3137 588 3206 πρῶτον
631 3133 727 3207 μὲν
788 3132 1065 3208 δεσμεῖται
1124 3135 1251 3200 τοὺς
1305 3136 1476 3201 πόδας
1533 3139 1586 3194 ἓν
1646 3145 1794 3215 ζυγῷ
1852 3143 2016 3217 βοῶν,

2129 1994 2700 2067 prehendisset,rem
2723 2001 2906 2052 totam
2936 1997 3214 2068 praefecto
3248 1998 3561 2054 enarravit.
3582 2000 3772 2064 Quare

2131 2083 2330 2140 statim
2361 2086 2828 2157 comprehensus
2879 2093 3137 2153 sanctus,
3168 2088 3357 2158 capite
3381 2087 3590 2159 plexus
3638 2087 3769 2142 fuit.

2129 2173 2397 2228 Posthaec
2427 2179 2599 2246 capta
2639 2180 2728 2230 est
2775 2180 2833 2230 et
2880 2181 3086 2230 sancta
3129 2175 3435 2232 Theodora
3467 2197 3482 2242 ;
3515 2193 3771 2248 cumque

2128 2262 2240 2334 ipsi
2299 2269 2478 2335 caput
2522 2264 2716 2336 gladio
2767 2269 3139 2336 amputatum
3172 2271 3349 2335 esset,
3409 2266 3471 2320 in
3502 2265 3773 2322 ﬂammas

2128 2351 2377 2409 cadaver
2396 2354 2683 2426 injectum
2712 2355 2844 2410 fuit.

2680 2464 2921 2519 EODEM
2962 2465 3214 2520 MENSE.

2628 2580 2731 2636 Die
2763 2581 3044 2636 vicesima
3074 2587 3276 2637 octava

2333 2667 2620 2724 Certamen
2675 2676 2874 2724 sanctae
2915 2673 3177 2740 martyris
3234 2669 3576 2727 Heliconidis

2198 2793 2518 2860 Heliconis,
2551 2795 2766 2848 Christi
2798 2801 3042 2866 martyr,
3090 2796 3382 2851 Gordiano
3410 2801 3469 2852 et
3496 2796 3770 2868 Philippo

2128 2883 2695 2955 imperatoribus,ex
2726 2884 2871 2939 urbe
2893 2885 3328 2940 Thessalonicae
3361 2886 3615 2940 oriunda
3633 2886 3768 2942 fuit.

2125 2973 2566 3045 Comprehensa
2582 2977 2869 3043 autem,et
2885 2973 2959 3028 ad
2982 2974 3248 3029 Corinthi
3268 2974 3479 3030 ducem
3493 2974 3772 3042 adducta,

2125 3078 2193 3118 ac
2224 3062 2521 3116 Christum
2554 3062 2838 3133 professa,
2871 3063 3129 3134 primum
3153 3063 3394 3134 quidem
3425 3063 3574 3134 pede
3605 3068 3766 3118 utro-

2129 3168 2242 3222 que
2275 3150 2348 3206 ad
2384 3151 2596 3223 jugum
2644 3150 2823 3206 boum
2855 3152 3094 3223 alligata
3127 3157 3236 3221 est,
3264 3153 3512 3223 ejusque
3546 3150 3764 3223 plantas

377 3223 461 3277 καὶ
490 3224 586 3285 τὰς
617 3224 846 3298 πτέρνας
878 3226 1229 3300 χαράσσεται,
1284 3227 1374 3282 καὶ
1435 3229 1652 3304 ξυρᾶται
1699 3231 1798 3298 τὴν
1852 3251 2015 3304 κεφα·

2132 3241 2433 3297 laceratae:
2468 3240 2682 3295 deinde
2714 3242 3352 3314 caputattonsa,ignem
3384 3247 3506 3297 toto
3529 3257 3776 3313 corpore

377 3308 500 3380 λήν,
533 3311 624 3366 καὶ
651 3316 756 3385 πῦρ
789 3314 907 3368 καθ’
938 3311 1073 3368 ὅλου
1132 3315 1386 3387 σώματος
1445 3313 1684 3392 δέχεται.
1745 3319 2019 3376 Ἀνεθεῖσα

377 3397 455 3470 δὲ,
488 3402 576 3456 καὶ
609 3398 663 3455 ἐν
697 3399 775 3474 τῷ
802 3405 916 3474 ναῷ
944 3406 1051 3458 τῶν
1111 3401 1359 3460 εἰδώλων
1415 3405 1750 3478 εἰσελθοῦσα,
1810 3406 1880 3463 δι’
1928 3411 2018 3465 εὗ-

375 3489 486 3559 χῆς
515 3491 869 3566 κατέστρεψεν
901 3489 1056 3551 αὐτά.
1089 3495 1227 3550 Εἶτα
1279 3495 1530 3568 τέμνεται
1584 3498 1713 3562 τοὺς
1756 3498 2014 3572 μαστούς.

379 3580 480 3636 Καὶ
557 3576 944 3653 διαδεξαμένου
994 3581 1086 3637 τὸν
1147 3579 1312 3638 δοῦκα
1369 3585 1663 3642 Ἰουστίνου
1736 3591 1832 3643 τοῦ
1889 3587 2018 3653 ἀνθ-

378 3669 604 3740 υπάτου,
639 3669 866 3744 ἀχθεῖσα
911 3669 1048 3745 πρὸς
1105 3671 1268 3727 αὐτὸν
1323 3675 1358 3742 ἡ
1412 3675 1638 3749 μάρτυς,
1697 3674 1748 3730 ἐν
1803 3677 2018 3750 καμίνῳ

379 3756 644 3833 ρίπτεται.
678 3761 794 3828 Τῆς
827 3756 886 3813 δὲ
917 3759 1128 3836 φλογὸς
1189 3762 1267 3833 μὴ
1324 3761 1608 3836 ἀψαμένης
1667 3763 1856 3836 αὐτῆς,
1891 3765 2016 3822 ἀλλ’

378 3843 438 3900 ἐκ
466 3850 572 3900 τῶν
627 3852 970 3922 στρατιωτῶν
1019 3843 1398 3923 ἑϐδομήκοντα
1449 3849 1643 3926 ἄνδρας
1695 3851 2016 3929 λυμηναμέ-

377 3955 497 4006 νης,
531 3933 583 3990 ἐν
614 3931 908 4012 κραϐϐάτῳ
939 3936 1137 4012 χαλκῷ
1167 3938 1467 4013 πυρωθέντι
1527 3939 1816 3998 ἀπλοῦται.
1862 3945 2018 4000 Ἐπι-

377 4020 624 4099 φανέντες
687 4023 744 4080 δὲ
803 4027 856 4080 οἱ
917 4027 1253 4102 ἀρχάγγελοι
1309 4029 1544 4105 Μιχαὴλ
1602 4030 1691 4085 καὶ
1749 4027 2018 4106 Γαϐριὴλ,

374 4109 591 4183 ἀϐλαϐῆ
649 4111 977 4190 διετήρησαν
1038 4117 1230 4188 αὐτήν.
1291 4121 1424 4175 Εἶτα
1478 4119 1689 4195 θηρίοις
1721 4117 2014 4177 έκδιδοταισ

378 4205 428 4258 οἱ
463 4201 518 4258 δὲ
551 4206 713 4279 θῆρες
770 4203 936 4274 αὺτήν
993 4203 1092 4260 οὐκ
1146 4201 1410 4281 ἔϐλαψαν,
1467 4208 1681 4264 ἀνεῖλον
1733 4207 1790 4265 δὲ
1821 4209 2016 4287 ἄνδρας

373 4292 555 4347 ἑκατὸν
590 4292 780 4348 εἴκοσι·
809 4293 899 4348 καὶ
929 4293 1052 4348 τότε
1081 4296 1180 4365 τήν
1248 4293 1338 4351 διὰ
1393 4297 1578 4374 ξίφους
1631 4298 1898 4374 ἀπόφασιν
1933 4298 2016 4356 δε-

374 4383 602 4456 ξαμένη,
633 4383 1062 4458 ἀπεκεφαλίσθη.

445 4535 552 4592 Καὶ
583 4534 815 4604 ἄθλὴσις
845 4539 942 4592 τοῦ
1000 4537 1158 4612 ἁγίου
1212 4536 1604 4615 ίερομάρτυρος
1630 4539 1944 4598 Ἑλλαδίον.
2052 4573 2070 4638 ἰ

443 4658 758 4732 Ἑλλάδιος,
818 4661 846 4716 ὁ
899 4665 998 4716 τοῦ
1055 4665 1292 4737 Χριστοῦ
1341 4664 1684 4740 ἱερομάρτυς,
1719 4665 2014 4742 ἐκκαθάρας

375 4751 559 4807 ἑαυτὸν
613 4751 720 4806 ἀπὸ
776 4750 1054 4822 νεότητος,
1111 4751 1400 4827 ἀρχιερεὺς
1481 4757 1650 4829 ψήφῳ
1704 4759 1838 4810 Θεοῦ
1885 4768 2017 4819 καθ-

377 4839 599 4897 ίσταται.
634 4839 738 4897 Καὶ
767 4841 868 4909 τὴν
888 4837 1150 4917 φροντίδα
1177 4843 1277 4910 τῆς
1304 4842 1634 4914 Ἐκκλησίας
1691 4845 2015 4918 πιστευθεὶς,

381 4929 452 4992 ὡς
500 4925 843 5005 κυϐερνήτης
890 4926 1133 5003 ἄριστος,
1191 4930 1392 5001 ταύτην
1449 4931 1735 5005 ἑποίμανε·
1784 4933 1874 4989 καὶ
1931 4932 2021 4989 διὰ

371 5019 432 5074 τὸ
488 5015 740 5080 πολλοὺς
795 5021 904 5072 τῶν
953 5016 1242 5090 Ἑλλήνων
1293 5022 1580 5096 προσάγειν
1634 5027 1713 5094 τῷ
1776 5024 2016 5097 Χριστῷ,

371 5108 661 5183 κρατηθεὶς
693 5106 1046 5178 ἀπεκλείσθη.
1108 5109 1216 5164 Καὶ
1272 5108 1389 5164 ἐπεὶ
1447 5108 1668 5184 δέσμιον
1721 5116 1912 5167 τοῦτον
1963 5113 2017 5166 οἱ

367 5197 612 5274 τύραννοι
669 5199 1099 5272 παρεστήσαντο,
1156 5199 1280 5255 τότε
1341 5198 1553 5273 μᾶλλον
1637 5197 1851 5275 ἔλαμψε
1924 5202 2017 5257 καὶ

368 5288 669 5363 κατηύγασε
695 5286 790 5348 τὰς
815 5289 925 5341 τῶν
957 5290 1166 5342 πιστῶν
1226 5286 1489 5352 διανοίας.
1553 5287 1853 5364 Ἀνδρείως
1911 5290 2016 5367 γὰρ

374 5378 636 5451 χωρήσας
667 5374 756 5430 ἐπὶ
783 5373 914 5438 τοὺς
943 5376 1178 5450 ἀγῶνας,
1209 5379 1296 5433 καὶ
1340 5377 1857 5455 παρρησιασάμενος
1912 5381 2013 5446 τὴν

375 5459 665 5532 εὐσέϐειαν,
723 5464 812 5518 καὶ
888 5469 1135 5542 φανερῶς
1190 5468 1286 5522 τὸν
1344 5468 1570 5542 Χριστὸν
1635 5467 2014 5544 ὁμολογήσας,

375 5551 651 5617 πλείσταις
684 5553 936 5628 βασάνοις
969 5551 1387 5628 καθυπεϐλήθη.
1447 5556 1551 5613 Καὶ
1607 5560 1702 5612 τοῦ
1761 5559 2016 5630 σώματος

375 5639 624 5721 σφοδρῶς
705 5644 1119 5718 καταξανθέντος
1176 5650 1298 5709 ταῖς
1360 5645 1630 5720 μάστιξιν,
1690 5647 1720 5701 ὁ
1776 5647 2016 5722 Χριστὸς

2127 3330 2495 3402 excepit.Sed
2512 3329 2829 3385 incolumis
2855 3335 3104 3400 servata,
3128 3330 3451 3402 fanumque
3476 3331 3775 3386 idolorum

2124 3421 2411 3493 ingressa,
2444 3420 2590 3475 fusis
2613 3419 2888 3491 precibus
2912 3421 3230 3476 simulacra
3259 3422 3508 3477 deorum
3546 3421 3772 3477 evertit.

2125 3511 2393 3565 Posthaec
2413 3508 2599 3564 ubera
2620 3509 2705 3563 illi
2721 3509 3004 3566 abscissa.
3022 3512 3284 3582 Cumque
3319 3510 3560 3566 inducis
3576 3510 3773 3566 locum

2124 3599 2388 3656 Justinus
2418 3598 2740 3669 proconsul
2791 3599 3194 3666 successisset,
3228 3599 3302 3654 ad
3343 3599 3513 3654 illum
3569 3605 3776 3655 sancta

2126 3693 2352 3758 martyr
2362 3687 2666 3758 perducta,
2685 3687 2748 3742 in
2771 3687 3079 3743 ardentem
3099 3688 3402 3744 fornacem
3433 3687 3770 3758 conjicitur.

2127 3779 2217 3832 11
2232 3777 2280 3832 6
2296 3777 2510 3830 Verum
2533 3774 2790 3831 ﬂammis
2822 3776 2988 3831 illam
3019 3793 3140 3832 non
3171 3775 3773 3848 attingentibus,quin

2127 3866 2325 3940 potius
2356 3865 2731 3937 septuaginta
2760 3866 2914 3921 viros
2967 3883 3037 3921 ex
3065 3865 3357 3921 militibus
3410 3864 3775 3921 absumenti-

2127 3957 2259 4021 bus,
2278 3954 2572 4010 inlectum
2604 3971 2837 4010 aeneum
2864 3954 3148 4026 subjectis
3179 3955 3387 4026 prunis
3417 3954 3772 4011 candentem

2129 4043 2864 4114 extenditur.Apparentes
2893 4060 3029 4099 vero
3053 4045 3300 4100 Michael
3331 4050 3389 4100 et
3419 4044 3652 4100 Gabriel
3682 4061 3771 4099 ar-

2129 4134 2418 4208 changeli,
2471 4134 2719 4189 illaasam
2777 4135 2944 4190 illam
3003 4140 3328 4191 servarunt.
3419 4136 3564 4190 Tum
3623 4134 3766 4190 feris

2129 4224 2626 4298 objecta,nullam
2647 4224 2720 4278 ab
2751 4224 2824 4279 iis
2854 4241 3069 4280 noxam
3100 4242 3275 4297 passa
3297 4225 3513 4294 est,sed
3532 4228 3769 4280 centem

2127 4313 2332 4387 viginti
2355 4312 2462 4366 viri
2496 4327 2700 4366 earum
2730 4311 3006 4366 dentibus
3035 4312 3361 4384 perierunt.
3395 4318 3650 4382 Accepta
3665 4310 3773 4365 de-

2129 4420 2296 4461 mum
2325 4403 2457 4458 vita)
2489 4418 2594 4473 per
2621 4401 2884 4473 gladium
2918 4403 3194 4457 finienda)
3229 4401 3546 4466 sententia,
3579 4399 3771 4471 capite

2131 4495 2304 4568 plexa
2324 4497 2434 4549 est.

2268 4585 2340 4638 Et
2372 4587 2643 4636 certamen
2671 4581 3002 4635 sacrosancti
3052 4577 3306 4634 Helladii
3356 4579 3636 4648 martyris.

2200 4669 2525 4736 Helladius,
2549 4684 2716 4724 sacer
2745 4667 2957 4722 Christi
2983 4672 3228 4738 martyr,
3260 4682 3395 4722 cum
3419 4665 3490 4721 ab
3526 4666 3772 4721 ineunte

2126 4763 2296 4814 mtate
2315 4757 2579 4828 seipsum
2603 4754 2674 4810 ab
2689 4755 2850 4809 omni
2865 4754 3100 4809 macula
3117 4753 3770 4826 purumcustodiissset,

2128 4846 2405 4918 sutfragio
2423 4844 2525 4899 Dei
2545 4845 2858 4914 episcopus
2891 4843 3310 4898 constituitur:
3346 4843 3768 4915 quiconcredi-

2128 4941 2249 4991 tam
2281 4934 2392 4989 sibi
2423 4932 2701 4987 Ecclesiae
2727 4948 2929 4986 curam
2961 4948 3192 5005 gerens,
3214 4937 3495 5003 tanquam
3511 4933 3770 5004 optimus

2127 5030 2349 5097 pastor,
2382 5038 2616 5094 gregem
2649 5037 2822 5076 suum
2851 5023 3022 5076 rexit.
3056 5022 3222 5086 Quod
3251 5028 3450 5077 autem
3482 5022 3771 5094 plurimos

2127 5114 2499 5171 ethnicorum
2513 5111 2586 5166 ad
2599 5111 2899 5165 Christum
2912 5111 3771 5183 adduxisset,comprehensus,

2126 5208 2187 5262 in
2218 5219 2519 5261 carcerem
2552 5201 2909 5260 detruditur.
2944 5206 3087 5258 Cum
3136 5220 3269 5258 vero
3327 5203 3498 5259 illum
3533 5204 3767 5275 tyranni

2125 5296 2388 5350 vinctum
2422 5293 2722 5358 sisterent,
2755 5296 2882 5347 tum
2912 5292 3097 5348 virtus
3128 5295 3259 5364 ejus
3315 5294 3502 5365 magis
3561 5293 3768 5360 eluxit,

2127 5384 2514 5454 ﬁdeliumque
2527 5382 2760 5437 animos
2783 5381 2999 5437 clarius
3030 5382 3518 5438 illustravit.Nam
3539 5382 3773 5436 fortiter

2126 5474 2188 5529 in
2219 5471 2546 5529 certamina
2576 5486 2991 5542 prorumpens,
3026 5471 3210 5526 libere
3251 5478 3312 5527 et
3367 5488 3500 5526 cum
3536 5485 3772 5525 summa

2128 5562 2346 5618 ﬁducia
2373 5560 2673 5616 Christum
2723 5560 3027 5631 professus
3084 5565 3190 5614 est.
3251 5560 3439 5625 Quare
3496 5557 3769 5630 plurimis

2125 5651 2429 5723 subjectus
2450 5649 2911 5715 tormentis,toto
2928 5665 3174 5719 corpore
3197 5647 3448 5720 ﬂagellis
3471 5646 3598 5702 dire
3617 5645 3770 5701 lace-
