4134 6302
308 390 426 450 479

1629 380 2059 446 MENOLOGII
2104 380 2303 441 PARS
2346 381 2452 441 Ill.

3599 385 3719 446 480

309 529 514 588 ratur;
549 521 650 576 sed
701 536 837 574 eum
889 519 1156 573 Christus
1186 535 1478 590 apparens
1527 520 1771 575 curavit.
1809 520 1954 573 Tum

2074 513 2348 590 ἐπιφανεὶς
2407 512 2594 569 ἰάσατο
2650 512 2834 570 αὐτόν.
2895 514 3044 572 Μετὰ
3122 517 3289 570 ταῦτα
3343 514 3510 591 ὀργῆς
3567 516 3717 590 πλη-

309 611 545 683 tyranni
578 611 666 664 ira
694 609 926 679 repleti.
953 615 1226 662 sanctum
1262 609 1322 663 in
1355 610 1554 682 ignem
1587 608 1955 680 conjiciunt:

313 705 376 758 In
409 718 524 771 quo
556 699 780 752 illaesus
809 697 1154 767 persistens,
1180 697 1395 752 multos
1425 698 1499 753 ad
1530 699 1750 753 Christi
1781 697 1958 752 fidem

312 787 615 864 pertraxit.
679 788 982 840 Postremo
1035 786 1376 856 gravissime
1426 804 1636 852 cassus,
1683 787 1959 858 spiritum

312 882 428 935 Deo
462 875 724 942 tradidit,
758 873 1094 928 immortale
1120 890 1366 946 regnum
1401 876 1668 947 adeptus.

314 1087 380 1141 Et
409 1090 682 1140 certamen
727 1088 1044 1207 sanctorum)
1085 1089 1387 1207 martyé'um
1424 1084 1741 1149 Crescentis,
1797 1081 1963 1137 Pauli

910 1159 963 1207 et
1050 1155 1245 1207 ioscori
1290 1154 1354 1207 is.

910 1159 963 1207 et
1004 1154 1354 1208 Dioscoridis.

384 1273 665 1341 Martyres
697 1268 912 1322 Christi
945 1268 1251 1336 Crescens,
1284 1268 1503 1324 Paulus
1552 1274 1611 1324 et
1657 1269 1960 1324 Dioscori-

313 1361 417 1416 des
449 1361 511 1414 in
546 1357 690 1413 urbe
723 1359 907 1412 Roma
939 1363 1396 1414 commorantes.
1456 1374 1524 1412 ac
1557 1374 1662 1412 sua
1693 1357 1964 1412 doctrina

313 1451 535 1506 multos
568 1464 637 1502 ex
669 1447 1012 1502 inﬁdelibus
1043 1445 1117 1500 ad
1156 1447 1449 1501 Christum
1483 1447 1868 1514 adducentes,
1907 1452 1965 1501 et

315 1557 423 1612 per
455 1536 720 1609 singulos
750 1535 1323 1603 diesilluminantes,
1357 1535 1521 1590 urbis
1552 1536 1828 1608 praefecto
1859 1537 1963 1592 de-

317 1627 600 1695 nuntiati,
629 1627 876 1696 ejusque
900 1626 1077 1696 jussu
1107 1625 1543 1696 comprehensi,
1567 1627 1628 1680 in
1663 1643 1962 1682 carcerem

319 1716 544 1774 detrusi
578 1720 734 1781 sunt,
771 1713 1116 1769 mandatum
1143 1715 1524 1785 accipientes,
1558 1731 1632 1769 ne
1689 1733 1865 1787 quem
1901 1717 1962 1772 in

317 1805 534 1862 Christi
567 1804 809 1859 nomine
841 1804 1176 1859 edocerent.
1215 1806 1428 1858 Verum
1485 1821 1619 1858 cum
1671 1821 1866 1876 neque
1900 1807 1960 1860 in

2070 606 2279 667 σθέντες
2323 606 2374 660 οἱ
2429 605 2702 676 τύραννοι,
2755 609 2834 677 τῷ
2883 605 3014 678 πυρὶ
3071 604 3163 660 τὸν
3214 607 3365 681 ἅγιον
3426 606 3713 686 ἐναποῤῥῖ-

2070 716 2314 751 πτουσιν.
2372 697 2432 752 Ὀ
2493 692 2550 750 δὲ
2609 692 2876 769 ἀφλεκτος
2932 692 3230 767 διαμείναι,
3291 697 3426 770 πρὸς
3488 698 3585 766 τὴν
3643 699 3722 764 εἷς

2070 785 2303 858 Χριστὸν
2341 784 2520 838 πίστιν
2571 782 2820 846 πολλοὺς
2879 783 3240 843 ἐπεσπάσατο.
3297 789 3526 841 Ἔπειτα
3583 809 3716 866 σφο-

2072 872 2215 948 δρῶς
2246 874 2486 951 τυφθεὶς,
2520 875 2582 928 τὸ
2612 879 2828 948 πνεῦμα
2855 879 2936 947 τῷ
2967 879 3085 947 Θεῷ
3123 875 3388 951 παρέθετο
3423 874 3722 934 ἀπολαϐὼν

2075 963 2354 1040 βασιλείαν
2395 965 2683 1029 ἀθάνατοι.

2180 1072 2277 1127 Καὶ
2311 1071 2540 1143 ἄθλησις
2568 1076 2676 1150 τῶν
2727 1071 2893 1150 ἀγίιον
2932 1072 3221 1150 μαρτῦρᾳξν
3263 1075 3608 1150 Κρίσκεντος,

2500 1144 2720 1199 Παύλου
2774 1143 2866 1199 καὶ
2915 1143 3289 1221 Διοσκορίδου.

2142 1250 2210 1308 Οἱ
2239 1254 2339 1304 τοῦ
2399 1250 2632 1326 Χριστοῦ
2695 1251 2964 1324 μάρτυρες
3014 1252 3279 1326 Κρίσκης,
3333 1251 3568 1322 Παῦλος,
3626 1256 3720 1310 καὶ

2073 1336 2436 1412 Διοσκορίδης
2464 1337 2515 1391 ἐν
2547 1337 2738 1412 Ῥώμῃ
2772 1342 2840 1412 τῇ
2886 1337 3046 1394 πόλει
3108 1335 3496 1412 διατρίϐοντες,
3527 1341 3615 1396 καὶ
3646 1345 3718 1416 τῇ

2074 1425 2395 1499 διδασκαλίᾳ
2427 1427 2601 1482 αὐτῶν
2627 1426 2874 1490 πολλοὺς
2932 1433 3039 1483 τῶν
3101 1429 3341 1484 ἀπίστων
3393 1435 3473 1502 τῷ
3502 1432 3722 1504 Χριστῷ

2072 1519 2508 1592 προσαγαγόντες
2546 1517 2636 1571 καὶ
2668 1519 2998 1594 φιυτίζοντες
3055 1519 3176 1582 καθ’
3208 1520 3436 1590 ἑκάστην
3481 1522 3722 1592 ἡμέραν,

2073 1605 2475 1681 διεγνώσθησαν
2504 1610 2582 1678 τῷ
2638 1608 2736 1674 τῆς
2793 1607 3016 1679 Ῥώμης
3072 1605 3319 1681 ὲπάρχιιν
3378 1609 3468 1662 καὶ
3521 1629 3720 1683 κρατη.

2072 1697 2246 1758 θέντες
2299 1695 2730 1764 ἀπεκλείσθησαν
2765 1695 2840 1758 είς
2896 1692 3171 1768 φυλακην,
3227 1695 3597 1770 παραγγελίαν
3629 1696 3726 1752 λα-

2073 1781 2275 1853 ϐόντες,
2314 1783 2518 1856 μηδένα
2551 1781 2817 1838 διδάσκειν
2848 1782 2933 1837 ἐπὶ
2965 1787 3042 1854 τῷ
3072 1783 3299 1855 ὀνόματι
3329 1787 3425 1837 τοῦ
3455 1787 3716 1859 Χριστοῦ,

318 1911 553 1952 carcere
577 1893 804 1964 eos,qui
839 1893 1017 1947 simul
1056 1892 1234 1948 vincti
1263 1897 1452 1959 erant,
1474 1893 1720 1948 edocere
1753 1911 1956 1950 cessa-

2074 1885 2139 1938 Ως
2172 1874 2229 1931 δὲ
2259 1873 2384 1930 οὐδὲ
2415 1875 2466 1930 ἐν
2524 1878 2592 1948 τῇ
2653 1875 2870 1951 φυλακῇ
2939 1875 3240 1929 ἐπαυσαντο
3272 1879 3368 1929 τοῦ
3418 1873 3710 1932 διδάσκειν

317 1989 468 2052 rent,
488 2001 558 2039 ex
581 1982 796 2054 quibus
817 1982 988 2036 multi
1004 1982 1408 2047 crediderunt,
1443 2000 1472 2038 e
1493 1999 1726 2038 carcere
1742 1983 1961 2053 educti,

313 2073 779 2130 crudelitercaasi
796 2072 1374 2144 fuerunt,postquam
1399 2073 1688 2144 compulsi
1708 2072 1964 2128 fuissent

311 2164 504 2236 primo
571 2162 841 2217 omnium
893 2163 1039 2216 117
1094 2161 1393 2216 Christum
1455 2161 1770 2233 abnegare,
1837 2168 1961 2216 tum

311 2252 600 2322 templum
623 2252 775 2304 Jovis
807 2251 1058 2321 ingredi,
1092 2267 1158 2304 ac
1187 2249 1382 2316 idolis,
1411 2267 1542 2320 quae
1568 2250 1716 2303 inibi
1771 2256 1960 2317 erant,

311 2340 666 2396 sacrificare.
690 2341 903 2392 Verum
917 2354 1050 2391 cum
1075 2338 1134 2390 id
1159 2337 1352 2391 facere
1375 2338 1794 2404 detrectarent,
1817 2339 1961 2408 quin

313 2431 509 2502 potius
539 2445 752 2498 magna
773 2444 910 2482 voce
924 2428 1222 2482 Christum
1249 2427 1526 2482 omnibus
1550 2428 1960 2498 praedicarent,

312 2522 372 2575 in
407 2534 678 2590 magnam
712 2518 974 2572 ardentis
1005 2517 1158 2587 ignis
1183 2521 1480 2571 fornacem
1506 2517 1959 2588 injecti,ibique,

313 2610 466 2665 sicut
486 2607 627 2661 olim
676 2612 794 2660 tres
844 2605 1032 2660 sancti
1087 2607 1274 2677 pueri,
1313 2607 1496 2660 Deum
1535 2606 1958 2679 glorificantes,

311 2696 662 2768 martyrium
686 2699 1202 2750 consummarunt.

867 2811 1106 2866 EODEM
1147 2810 1399 2879 MENSE,

816 2900 919 2956 Die
951 2899 1230 2955 vicesima
1285 2915 1446 2954 nona

317 3012 583 3067 Memoria
637 3015 954 3066 sanctorum
1001 3009 1250 3070 Patrum,
1304 3006 1405 3078 qui
1483 3007 1684 3064 Niczae
1714 3011 1960 3077 primum

661 3081 918 3136 adversus
963 3080 1162 3133 Arium
1210 3086 1599 3134 convenerunt.

384 3199 523 3252 Post
555 3195 1000 3251 sanctissimum
1025 3197 1263 3249 Petrum
1290 3195 1688 3265 patriarcham
1714 3195 1958 3250 Alexan-

310 3287 548 3341 drinum
581 3284 843 3338 Achillas
874 3282 1184 3338 ordinatus
1214 3283 1345 3350 fuit,
1381 3290 1438 3337 et
1470 3289 1603 3354 post
1634 3291 1790 3338 hunc
1821 3285 1957 3339 Ale-

307 3374 746 3444 xander.Hujus
768 3371 1128 3443 temporibus
1161 3372 1471 3443 presbyter
1487 3373 1726 3443 quidam
1760 3374 1959 3429 Eccle-

313 3465 437 3532 siae,
493 3461 735 3517 nomine
787 3461 982 3529 Arius,
1018 3461 1111 3515 cui
1157 3460 1490 3516 divinarum
1525 3463 1958 3534 Scripturarum

310 3553 630 3610 commissa
659 3557 786 3607 erat
815 3551 1159 3618 declaratio,
1194 3567 1330 3606 cum
1362 3551 1762 3607 Alexandrum
1787 3553 1962 3624 juxta

311 3643 499 3699 sancti
528 3642 684 3696 Petri
743 3640 1234 3696 constitutionem
1292 3641 1405 3696 sibi
1463 3641 1524 3696 in
1555 3641 1960 3713 patriarchatu

311 3733 624 3805 praalatum
653 3730 836 3786 fuisse
869 3735 1160 3796 cerneret,
1196 3730 1417 3785 invidia
1447 3736 1664 3796 motus,
1699 3748 1832 3786 cum
1865 3731 1960 3787 ad-

314 3839 520 3878 versus
549 3821 718 3876 illum
752 3819 1085 3875 calumnias
1118 3823 1347 3875 struere
1395 3822 1694 3892 nequiret.
1752 3827 1963 3876 contra

313 3911 702 3968 orthodoxam
735 3909 914 3964 fidem
938 3909 1201 3980 linguam
1233 3911 1498 3974 armavit,
1525 3911 1584 3966 in
1620 3912 1720 3966 Dei
1749 3912 1961 3966 Filium

309 4000 712 4072 blasphemias
742 4015 1037 4066 evomens,
1072 4015 1140 4053 ac
1169 3999 1374 4055 dicens
1407 4001 1578 4055 illum
1631 4009 1962 4056 creaturam

319 4105 472 4154 esse,
503 4104 613 4142 nec
645 4085 1218 4140 consubstantialem
1246 4088 1424 4141 Patri.
1459 4089 1856 4153 Quamobrem
1889 4090 1961 4144 ab

317 4177 566 4231 ecclesia
599 4176 917 4246 ejectus,et
948 4175 1344 4230 conciliabula
1370 4177 1617 4244 faciens,
1640 4180 1960 4234 Ecclesiam

317 4264 584 4319 scidit.Id
616 4263 713 4317 ubi
746 4265 1170 4318 Constantinus
1201 4281 1449 4338 magnus
1479 4266 1793 4331 intellexit,
1823 4285 1960 4322 con-

315 4359 518 4408 vocata
550 4353 756 4407 Niczeaa
788 4357 989 4408 sancta
1023 4354 1729 4422 synodo,condemnatum
1758 4357 1962 4412 Arium

311 4445 373 4500 in
405 4442 674 4497 exsilium
709 4442 1027 4515 relegavit:
1062 4449 1298 4498 sanctos
1324 4461 1461 4498 vero
1513 4445 1824 4516 episcopos
1856 4446 1960 4503 be-

313 4534 489 4603 nigne
516 4533 881 4605 complexus,
926 4533 998 4589 ad
1030 4534 1271 4606 propria
1303 4534 1568 4607 singulos
1600 4535 1847 4591 dimisit.

384 4710 538 4766 118
563 4713 628 4766 Et
657 4719 932 4768 certamen
959 4719 1160 4839 sancta:
1212 4713 1520 4800 Theodosia
1566 4714 1806 4786 virginis
1832 4725 1884 4772 et

999 4801 1119 4839 mar
1147 4801 1280 4839 uris.

999 4801 1280 4855 martyris.

388 4870 736 4939 Theodosia,
767 4873 986 4928 Christi
1007 4879 1252 4945 martyr,
1303 4873 1415 4930 fuit
1467 4892 1536 4931 ex
1591 4876 1737 4932 urbe
1784 4879 1958 4951 Tyro.

316 4961 461 5016 Cum
492 4963 688 5014 autem
712 4959 1110 5033 duodeviginti
1134 4979 1430 5018 annorum
1464 4970 1641 5031 esset,
1675 4971 1958 5037 tanquam

317 5047 654 5103 Christiana
684 5048 901 5112 delata,
940 5057 999 5104 et
1027 5051 1098 5104 ab
1140 5051 1473 5107 idololatris
1505 5057 1957 5126 comprehensa,

313 5137 509 5190 vincta
565 5153 633 5191 ac
689 5138 1004 5207 praasidem
1060 5138 1361 5194 Urbanum
1390 5141 1743 5199 adducitur:
1777 5161 1812 5200 a
1843 5162 1959 5217 quo

315 5227 694 5295 interrogata,
728 5227 1025 5281 Christum
1058 5227 1325 5297 professa
1355 5234 1460 5283 est.
1496 5230 1762 5303 Cumque
1793 5251 1957 5290 com-

314 5312 641 5385 pelleretur
668 5313 840 5369 illum
871 5315 1251 5386 abnegare,et
1280 5317 1452 5372 idolis
1485 5321 1958 5389 sacrificare,nec

315 5403 376 5458 id
407 5402 600 5459 facere
615 5404 960 5466 vellet,loris
991 5406 1310 5461 saavissime
1342 5409 1661 5465 caaditurin
1677 5412 1959 5470 uberibus

318 5499 376 5548 et
405 5493 984 5566 lateribus,ossaque
1007 5497 1137 5567 ejus
1166 5497 1625 5570 confringuutur
1652 5517 1664 5556 :
1693 5509 1751 5557 et
1773 5520 1959 5577 usque

319 5581 466 5638 adeo
490 5582 833 5650 dilaniatur,
879 5590 944 5639 ut
993 5585 1217 5641 viscera
1249 5587 1434 5658 ipsius
1465 5599 1840 5662 apparerent.
1876 5596 1963 5651 Ita

320 5672 572 5745 ﬂagellis
603 5679 872 5742 contusa,
901 5675 1196 5732 cruciatus
1231 5677 1406 5734 tacita
1437 5681 1788 5752 perferebat.
1815 5685 1958 5742 Cum

2067 1966 2196 2026 τοὺς
2229 1963 2604 2038 συνδεσμίους,
2639 1963 2688 2037 ἐξ
2722 1962 2794 2017 ὦν
2847 1962 3053 2018 πολλοὶ
3106 1962 3446 2032 ἐπίστευσαν,
3505 1960 3710 2037 ἐκϐλη-

2070 2052 2248 2116 θέντες
2304 2061 2402 2123 τῆς
2458 2053 2728 2129 φυλακῆς,
2779 2052 3077 2126 ἐτύφθησαν
3130 2051 3401 2131 σφοδρῶς,
3448 2076 3712 2132 καταναγ-

2068 2146 2363 2215 καζόμενοι
2398 2143 2725 2215 ἀρνήσασθαι
2756 2146 2851 2215 μὲν
2910 2141 2995 2195 ἐπὶ
3058 2143 3272 2196 πάντων
3330 2142 3420 2196 τὸν
3452 2145 3711 2217 Χριστὸν,

2071 2229 2406 2288 ἀπελθεῖνδέ
2439 2231 2514 2293 εἲς
2570 2232 2662 2285 τὸν
2711 2231 2835 2286 ναὸν
2884 2235 2981 2286 τοῦ
3041 2231 3184 2297 Διὸς,
3237 2232 3328 2286 καὶ
3375 2233 3529 2287 θῦσαι
3594 2240 3714 2296 τοῖς

2070 2321 2122 2377 ἐν
2155 2321 2300 2393 αὐτῷ
2332 2319 2607 2381 εἰδώλοις.
2643 2320 2740 2376 Καὶ
2777 2321 2852 2392 μὴ
2913 2318 3240 2389 πεισθέντες,
3298 2319 3445 2375 ἀλλᾶ
3505 2319 3720 2394 μᾶλλον

2073 2409 2283 2486 μεγάλῃ
2313 2415 2382 2484 τῇ
2413 2432 2564 2484 φωνῃ
2595 2411 2685 2463 τὸν
2717 2411 2952 2483 Χριστὸν
3010 2415 3128 2470 τοῖς
3177 2414 3307 2463 πᾶσι
3336 2409 3720 2483 κηρύττοντες,

2070 2501 2145 2557 εἰς
2177 2502 2406 2572 κάμινον
2441 2497 2688 2574 μεγάλην
2715 2499 2885 2574 πυρὸς
2917 2493 3311 2571 ἐμϐληθέντες,
3343 2501 3430 2554 καὶ
3461 2499 3513 2554 ἔν
3554 2501 3719 2575 αὐτῇ,

2067 2591 2304 2663 καθάπερ
2338 2591 2390 2644 οἱ
2423 2590 2568 2666 ἅγιοι
2609 2594 2757 2664 τρεῖς
2814 2586 3030 2658 παῖδες,
3091 2586 3541 2662 δοξολογοῦντες,
3602 2592 3716 2647 ἕτε-

2068 2679 2402 2750 λειώθησαν.

2630 2777 2817 2834 ΜΗΝΙ
2855 2783 2938 2831 ΤΩ
2977 2779 3154 2834 ΔΥΤΩ

2868 2903 2964 2956 ΚΘ“

2137 3010 2347 3083 Μνήμη
2380 3011 2486 3062 τῶν
2532 3005 2602 3084 ἐν⁵
2644 3005 2838 3084 rimati;
2873 3007 2960 3084 1:6.
3001 3009 3218 3084 πρῶτον
3259 3005 3398 3063 κατὰ
3427 3007 3639 3084 Ἀρείου

2460 3077 2830 3142 συνελθόντων
2875 3077 3322 3155 ἁγίωνήατέρων

2142 3187 2289 3243 Μετά
2319 3189 2522 3262 Πέτρον
2575 3188 2669 3242 τὸν
2724 3189 3022 3263 ἁγιώτατον
3081 3188 3718 3264 πατριάρχην’Δλεξαν-

1992 3239 2040 3304 C
2073 3239 2288 3350 δρᾶἐξζ
2309 3239 2705 3352 ἑῇεὲζὲᾼέονέση
2729 3239 2780 3331 3'
2803 3239 3154 3352 amat
3170 3239 3307 3333 ζάῖ
3324 3239 3718 3351 ’ζέὲέάἶᾷξξᾲν

2067 3364 2445 3440 ’Λλέξανδρος.
2507 3366 2630 3422 Ἐπὶ
2680 3365 2879 3421 τούτου
2939 3362 3304 3442 πρεσϐύτερός
3336 3389 3418 3430 τις
3455 3375 3554 3438 τῆς
3588 3369 3717 3425 Ἐκ-

2065 3455 2320 3526 κλητίας,
2354 3458 2576 3532 Ἀρειος
2605 3457 2928 3531 λεγόμενος,
2988 3457 3087 3525 την
3119 3461 3228 3512 τῶν
3281 3458 3440 3512 θείων
3487 3463 3716 3536 Γραφῶν

2065 3547 2494 3619 πεπιστευμένος
2526 3546 2803 3622 ἐξήγησιν,
2855 3544 2986 3602 ἰδὼν
3046 3547 3138 3602 τὸν
3195 3545 3572 3620 Ἀλέξανδρον,
3633 3547 3717 3602 ὅτι

2066 3637 2362 3712 προεκρίθη
2450 3636 2528 3698 εἰς
2614 3637 3030 3714 πατριάρχειαν,
3089 3636 3267 3699 καθὼς
3352 3636 3626 3708 διετάξατο
3687 3639 3715 3693 ὁ

2068 3729 2223 3801 ἅγιος
2265 3727 2488 3802 Πέτρος,
2524 3725 2804 3803 ἐφθόνησε·
2865 3728 2957 3782 καὶ
3018 3729 3131 3781 κατ’
3181 3727 3386 3782 ἐκείνου
3445 3731 3519 3800 μή
3555 3725 3710 3782 δυνά-

2073 3837 2227 3889 μενος
2257 3823 2475 3886 κινῆσαι
2528 3817 2876 3890 κατηγορίαν,
2935 3817 3072 3871 κατᾶ
3122 3824 3220 3886 τῆς
3280 3817 3451 3894 ὀφθῇς
3484 3817 3716 3879 πίστεως

2067 3906 2164 3974 τὴν
2197 3903 2448 3981 γλῶσσαν
2481 3905 2816 3968 γαθώπλισε,
2882 3905 3224 3983 βλασφημῶν
3281 3907 3372 3960 τὸν
3433 3906 3556 3960 Υἱὸν
3614 3910 3713 3960 τοῦ

2069 3999 2223 4064 Θεοῦ,
2257 3995 2345 4049 καὶ
2380 3995 2558 4070 λέγων
2591 3995 2752 4051 αὐτὸν
2783 3996 2981 4069 κτίσμα
3039 3998 3196 4064 εἶναι,
3247 3996 3335 4049 καὶ
3399 3995 3527 4070 οὐχὶ
3582 3997 3715 4066 ὁμο-

2070 4083 2250 4139 ούσιον
2282 4089 2363 4155 τῷ
2395 4085 2587 4161 Πατρί.
2621 4079 2924 4158 Ἐξεϐλήθη
2965 4085 3071 4154 γοῦν
3129 4083 3219 4138 διά
3271 4089 3436 4139 ταῦτα
3467 4091 3565 4153 τῆς
3624 4083 3714 4140 έκ-

2067 4174 2324 4246 κλησίας,
2347 4177 2437 4230 καὶ
2471 4177 2640 4230 ποιῶν
2678 4177 3162 4250 παρασυναγωγάς,
3221 4174 3404 4249 ἔσχιζε
3461 4179 3558 4245 τήν
3589 4178 3714 4231 Ἐκ-

2068 4266 2326 4336 κλησίαν.
2360 4267 2455 4320 Καὶ
2517 4267 2702 4338 μαθὼν
2760 4271 2928 4320 ταῦτα
2987 4268 3014 4320 ὁ
3074 4261 3241 4341 μέγας
3297 4272 3718 4336 Κωνσταντῖνος,

2144 4357 2158 4376 ‘
2361 4355 2419 4410 λι
2599 4357 2614 4376 ⁸
2689 4356 2774 4410 ά«’
2930 4356 2953 4390 ·’
3033 4353 3056 4373 “
3212 4354 3228 4409 ί
3377 4356 3402 4387 ’-

2069 4377 2159 4412 και
2192 4377 2354 4430 συγκα
2402 4377 2524 4420 ισας
2553 4377 2651 4424 την
2733 4378 2836 4430 (ιαν
2895 4372 3120 4410 συνοοον
3184 4377 3260 4418 ες
3319 4361 3570 4427 Νικαιαν,
3625 4356 3715 4411 καὶ

2069 4444 2429 4508 καταδικάσας
2465 4445 2644 4514 αὐτὸν,
2678 4445 2919 4522 ἐξώρισε
2955 4444 3080 4508 τοὺς
3138 4442 3193 4499 δὲ
3252 4445 3435 4520 ἁγίους
3494 4445 3709 4501 ἐπισκό-

2071 4559 2207 4602 πους
2263 4535 2830 4615 φιλοφρονησάμενος,
2919 4533 3182 4590 ἀπέλυσεν
3224 4533 3447 4591 ’ἕκαστον
3524 4536 3598 4599 εἰς
3648 4537 3714 4592 τὰ

1992 4600 2035 4665 D
2067 4600 2200 4698 ἴδια,

2141 4717 2243 4773 Καὶ
2276 4715 2506 4788 ἄθλησις
2558 4716 2658 4785 τὴν
2711 4713 3168 4819 άγίαςαμάρτυρος
3226 4713 3514 4778 Θεοδοσίας
3543 4722 3642 4786 τῆς

2741 4789 3026 4862 παρθένου.

2141 4875 2428 4942 Θεοδοσία,
2462 4879 2496 4946 ἡ
2527 4879 2625 4931 τοῦ
2657 4877 2894 4950 Χριστοῦ
2953 4873 3180 4949 μάρτυς,
3233 4875 3478 4950 ὑπῆρχεν
3513 4875 3571 4930 ἐκ
3617 4879 3718 4945 τῆς

2069 4965 2287 5029 πόλεως
2343 4965 2541 5038 Τύρου.
2597 4965 2880 5020 Δεκαοκτὼ
2947 4962 3004 5019 δὲ
3086 4962 3219 5020 ἐτῶν
3285 4965 3443 5030 οὖσα,
3493 4965 3581 5019 καὶ
3640 4965 3716 5027 ὡς

2070 5056 2368 5130 Χριστιανή
2429 5051 2840 5130 διαγνωσθεῖσα,
2893 5053 2984 5108 καὶ
3043 5058 3374 5128 κρατηθεῖσα
3424 5055 3570 5129 παρά
3605 5058 3714 5108 τῶν

2071 5143 2480 5214 είδωλολατῶν,
2513 5141 2665 5220 ἤχθη
2703 5142 2948 5218 δέσμιος,
3006 5143 3096 5200 καὶ
3155 5146 3397 5218 παρέστη
3447 5139 3715 5218 Οὐρϐανῷ

2068 5239 2149 5307 τῷ
2181 5235 2430 5310 ἄρχοντι,
2489 5234 2578 5288 καὶ
2637 5231 2990 5306 ἐρωτηθεῖσα,
3055 5231 3390 5307 ὡμολόγησε
3435 5233 3529 5288 τὸν
3584 5234 3719 5308 Χρι-

2072 5324 2218 5380 στόν.
2312 5325 2405 5381 Καὶ
2491 5323 2884 5399 ἀναγκασθεῖσα
2964 5323 3297 5396 ἀρνήσασθαι
3383 5324 3569 5390 αὐτὸν,
3626 5323 3720 5378 καὶ

2072 5417 2224 5468 θῦσαι
2255 5419 2375 5475 τοῖς
2407 5411 2681 5482 εῗδώλοις,
2713 5414 2799 5468 καὶ
2830 5413 2906 5486 μὴ
2941 5415 3239 5479 πεισθεῖσα,
3274 5411 3473 5490 έτύφθη
3509 5410 3715 5487 λώροις

2072 5503 2249 5576 ὠμοῖς
2273 5503 2409 5558 κατά
2435 5524 2495 5559 τε
2538 5507 2648 5558 τῶν
2681 5507 2923 5575 μαστῶν,
2982 5502 3071 5556 καὶ
3126 5507 3234 5556 τῶν
3291 5500 3563 5576 πλευρῶν,
3623 5503 3714 5557 καὶ

2072 5588 2359 5669 συνετρίϐη
2401 5595 2468 5649 τὰ
2522 5594 2671 5660 ὀστᾶ,
2733 5593 2819 5647 καὶ
2879 5591 3085 5663 έξέσθη,
3159 5588 3266 5653 ἕως
3324 5591 3592 5667 ἐφάνησαν
3644 5591 3712 5646 τὰ

2069 5682 2361 5759 σπλάγχνα
2385 5683 2575 5753 αὐτῆς.
2614 5683 2716 5741 Καὶ
2766 5681 2909 5738 οὕτω
2969 5682 3363 5756 μαστιζομένη,
3423 5685 3554 5757 σιγῇ
3611 5680 3708 5754 τὰς
