4158 6310
357 333 466 394 481

1949 319 2220 381 MAIUS.

3643 316 3762 379 482

360 465 624 543 βασάνους
680 464 958 542 ὑπέφερεν.
1009 463 1159 520 Ἐπεὶ
1218 459 1276 516 δὲ
1350 459 1676 533 ἐμπνέουσα,
1733 455 2032 529 ἠρωτήθη

2151 467 2250 506 ero
2275 449 2582 523 paululum
2608 449 2981 522 respirasset,
3013 449 3316 520 apraaside
3347 453 3765 526 interrogatur,

357 559 501 629 παρὰ
551 560 649 611 τοῦ
696 553 984 630 ἂρχοντος,
1045 553 1094 608 εἲ
1147 557 1264 614 τοῖς
1320 553 1464 614 θεοῖς
1517 549 1650 614 θόει·
1687 547 1774 602 καὶ
1809 543 2016 600 διανοί-

359 649 487 719 ξασα
543 643 605 700 τό
665 643 840 716 στόμα
896 641 1084 710 αὐτῆς,
1141 641 1232 695 καὶ
1283 645 1398 700 τοῖς
1473 635 1780 716 ὀφθαλμοῖς
1838 633 2014 694 ἀτενὲς

361 732 702 809 ἐμὸλέψασα,
765 729 990 805 μειδιῶν
1072 735 1149 802 τῷ
1218 729 1502 804 προσώπῳ
1586 728 1720 781 εἶπε·
1805 726 2012 792 ΙΙΛανᾷ,

364 826 630 900 ἄνθρωπ’
693 822 794 877 οὐκ
849 817 1022 887 οἶδας,
1080 819 1166 875 ὅτι
1244 822 1346 884 τῆς
1405 816 1691 878 κοινωνίας
1750 818 1856 868 τῶν
1915 814 2014 865 τοῦ

363 916 596 986 Χριστοῦ
657 909 943 986 μαρτύρων
1002 908 1288 979 ἠξιώθην;
1343 909 1435 962 καὶ
1491 907 1616 962 τότε
1673 903 1943 979 ὀργισθεὶς
1985 901 2013 954 6

366 1003 575 1078 ἅρχων,
629 998 845 1078 ἔρῥίψεν
904 998 1071 1067 αὐτὴν
1134 997 1210 1060 εἷς
1265 997 1367 1066 τήν
1427 995 1719 1061 θάλασσαν·
1779 986 1906 1054 ἔνθα
1950 989 2012 1043 τὸ

369 1090 626 1166 μακάριον
659 1088 818 1152 τέλος
853 1085 1089 1159 ἐδέξατο.

504 1198 603 1252 Καὶ
633 1194 867 1267 ἄθλησις
910 1198 1007 1268 τοῦ
1055 1191 1215 1268 ἁγίου
1250 1192 1522 1268 μάρτυρος
1555 1185 1870 1256 Ὀλϐιανοῦ,

911 1266 1210 1322 ἐπισκόπου
1242 1266 1460 1324 ’Δνέων.

435 1370 744 1441 ’ολ6ιανές,
779 1375 807 1430 6
835 1378 932 1429 τοῦ
980 1374 1210 1448 Χριστοῦ
1263 1372 1612 1446 ἱερομάρτος,
1647 1369 1893 1443 ὑπῆρχεν
1927 1366 2015 1421 ἐπὶ

368 1469 462 1530 τῆς
498 1463 776 1540 βασιλείας
807 1463 1172 1535 Μαξιμιανοῦ,
1204 1461 1499 1522 ἐπίσκοπος
1543 1462 1645 1523 τῆς
1689 1456 2016 1526 Ἐκκλησίας

371 1555 588 1612 Ἀνέων.
651 1552 746 1606 Καὶ
833 1551 1123 1627 κρατηθεὶς
1202 1551 1349 1624 παρά
1423 1545 1658 1605 Ἰουλίου
1715 1545 2014 1620 ἡγεμόνος,

372 1640 642 1718 παρεδόθη
704 1639 936 1712 θυλακῇ,
994 1637 1362 1714 παραγγελίαν
1429 1636 1740 1710 δεξάμενος,
1798 1635 1871 1707 μή
1933 1632 2018 1688 δι-

376 1732 583 1789 δάσκειν
623 1731 711 1787 ἐπὶ
754 1737 834 1804 τῷ
884 1731 1111 1803 ὀνόματι
1167 1735 1263 1784 τοῦ
1321 1733 1582 1804 Χριστοῦ·
1615 1729 1678 1783 Ὀ
1710 1724 1767 1781 δὲ
1800 1721 2013 1798 μᾶλλον

375 1822 646 1897 παῤῥησίᾳ
700 1819 987 1894 κηρύττων
1060 1820 1152 1874 τὸν
1231 1819 1496 1893 Χριστὸν,
1549 1819 1615 1871 τα
1671 1815 1793 1888 περὶ
1853 1814 2017 1868 αὐτοῦ

376 1910 694 1986 ὀιήγγελλε,
751 1909 841 1964 καὶ
898 1914 1015 1971 τοῖς
1071 1913 1230 1962 πᾶσιν
1290 1906 1576 1982 ἐκήρυττεν
1635 1902 1877 1983 ἀφόϐως.
1924 1905 2021 1959 Διά

370 2005 536 2055 ταῦτα
596 2005 696 2066 τῆς
753 1997 1004 2073 φυλακῆς
1062 1991 1370 2066 ἐκϐληθεῖς,
1404 1997 1492 2050 καὶ
1547 1995 1613 2050 τὰ
1642 1995 1835 2066 ἱμάτια
1865 1992 2022 2049 ἐκδυ-

375 2090 502 2154 θεὶς,
537 2088 738 2165 ἐτῦιξρθη
799 2083 1070 2160 σφοδρῶς,
1128 2086 1215 2139 καὶ
1280 2083 1559 2146 σουϐλίοις
1590 2083 2023 2159 πεπυρακτωμέ-

372 2198 478 2239 νοις
505 2177 604 2244 τήν
632 2174 870 2245 κοιλίαν,
927 2175 1018 2229 καὶ
1069 2175 1164 2237 τὰς
1222 2173 1484 2248 πλευρὰς,
1515 2175 1604 2229 καὶ
1634 2173 1700 2228 τὰ
1729 2171 2024 2247 σπλάγχνα

372 2267 754 2335 κατεκεντήθη.
815 2264 916 2320 Καὶ
975 2262 1140 2318 πάλιν
1203 2262 1472 2341 ἀπερῥίφη
1526 2266 1596 2336 τῇ
1646 2261 1861 2340 φυλακῇ
1895 2261 2022 2316 ὡσεὶ

372 2355 577 2431 νεκρός·
635 2356 727 2410 καὶ
765 2359 834 2428 τῇ
889 2358 985 2409 τοῦ
1043 2357 1286 2428 Χριστοῦ
1344 2352 1625 2432 ἐπιφανείᾳ
1659 2353 2023 2427 θεραπευθεὶς,

381 2447 526 2510 αὖθις
584 2444 662 2507 εἷς
719 2442 969 2519 δευτέραν
1024 2441 1263 2518 παρέστη
1328 2448 1409 2515 τῷ
1481 2443 1712 2518 ἡγεμόνι
1770 2443 2024 2514 ἐξέτασιν.

384 2535 483 2590 Καὶ
535 2539 632 2589 τοῦ
690 2533 965 2606 ἡγεμόνος
1048 2527 1553 2606 μεταϐαλλομένου,
1612 2534 1699 2588 καὶ
1783 2553 2028 2608 παρακα-

387 2624 606 2685 λοῦντος
635 2623 796 2678 αὐτὸν
824 2625 976 2678 θῦσαι
1008 2628 1125 2684 τοῖς
1159 2619 1436 2690 εἰδώλοις,
1480 2623 1642 2684 αὐτὸς
1674 2623 1840 2678 πάλιν
1874 2622 2029 2694 ὡμο-

390 2711 532 2789 λόγει
580 2713 672 2767 τὸν
730 2713 984 2784 Χριστόν.
1043 2711 1180 2768 Τότε
1237 2710 1312 2773 εἷς
1370 2711 1600 2784 κάμινον
1638 2708 1849 2786 μεγάλη
1888 2709 2032 2784 βλη-

395 2804 518 2876 θεῖς,
548 2801 863 2872 ἐτελειώθη.

919 2910 1121 2967 ΜΗΝΙ’
1160 2911 1252 2966 ΤΩ
1291 2910 1493 2966 ΑΥΤΩ.

1180 2999 1240 3053 Λ,

488 3091 605 3161 Μνή
619 3111 696 3163 μη
721 3093 818 3145 τοῦ
850 3087 1004 3144 ὁσίου
1029 3087 1264 3163 ΔΠαςτρὸς
1312 3089 1474 3158 ἡμῶν
1503 3085 1801 3157 Ἰσαακίου,
1832 3091 1930 3142 τοῦ

1021 3157 1394 3235 ὁμολογητοῦ.

457 3266 742 3338 Ἰσαάκιος,
801 3267 828 3321 6
889 3265 940 3321 ἐν
1001 3265 1179 3341 ἁγίοις
1236 3266 1418 3339 Πατὴρ
1470 3267 1655 3338 ἡμῶν,
1705 3266 1951 3340 ὑπῆρχεν
1983 3263 2035 3336 ἐξ

393 3356 714 3414 Ἀνατολῶν’
747 3355 920 3411 ἐλθὼν
981 3352 1038 3409 δὲ
1097 3353 1149 3410 ἐν
1211 3353 1787 3412 Κωνσταντινουπόλει
1819 3353 1906 3409 ἐπὶ
1937 3363 2036 3423 τῆς

398 3445 668 3513 βασιλείας
703 3443 1009 3506 Οὐάλεντος
1066 3447 1162 3498 τοῦ
1221 3444 1516 3516 αἱρετικοῦ,
1550 3442 1824 3518 ἡσύχαζεν
1857 3443 1907 3497 ἐν
1939 3465 2038 3516 μο-

399 3533 689 3608 ναστηρίῳ·
749 3535 838 3589 καὶ
925 3535 1208 3603 κινήσαντι
1271 3537 1352 3604 τῷ
1433 3532 1650 3607 βασιλεῖ
1709 3537 2041 3607 πανστρατιᾷ

394 3625 524 3678 κατᾶ
577 3627 684 3678 τῶν
751 3623 982 3692 Γότθων,
1051 3622 1379 3691 συναντήσας
1439 3624 1606 3676 εἶπεν·
1669 3626 1731 3675 Ὠ
1791 3621 2038 3696 βασιλεῦ,

398 3713 601 3786 ἄνοιξον
633 3718 750 3774 τοῖς
803 3709 1114 3786 ὀρθοδόξοις
1170 3709 1264 3771 τὰς
1325 3709 1638 3780 ἐκκλησίας,
1671 3710 1717 3764 εἰ
1762 3709 1948 3784 βούλει
1982 3710 2042 3765 ἐκ

396 3807 489 3856 τοῦ
543 3801 792 3874 πολέμου
853 3805 957 3868 ζῶν
1013 3800 1367 3874 ὑποστρέψαι.
1422 3798 1524 3856 Καὶ
1582 3798 1908 3873 ὀργισθεέςὸ
1945 3800 2042 3874 βα-

401 3891 578 3954 σιλεὺς
635 3890 928 3965 προσέταξε
980 3891 1270 3967 τυφθῆναι,
1327 3890 1417 3942 καὶ
1477 3887 1905 3956 ἀποκλεισθῆναι
1951 3888 2043 3942 τὸν

399 3977 543 4056 ἅγιον
574 3980 650 4043 είς
697 3978 969 4057 φυλακὴν,
1036 3977 1232 4052 μέχρις
1287 3977 1348 4030 οὗ
1409 3977 1743 4052 ὑποστρέψῃ.
1776 3977 1910 4032 Τότε
1939 3974 2040 4054 ἔφη

399 4071 424 4124 6
454 4069 625 4146 ἅγίος·
661 4068 726 4126 Εἴ
750 4068 811 4123 σὺ
857 4067 1236 4141 ὑποστρέψεις,
1279 4065 1341 4121 οὔ
1394 4064 1670 4135 λελάληκέ
1700 4087 1794 4138 μοι
1829 4067 1858 4121 6
1891 4067 2040 4126 Θεός·

398 4159 602 4236 φεὺγων
653 4158 755 4232 γὰρ
815 4159 920 4212 ἀπὸ
967 4157 1266 4231 προσώπου
1341 4160 1447 4210 τῶν
1509 4153 1720 4229 ἐχθρῶν
1781 4177 1896 4224 σου,
1957 4153 2048 4210 διὰ

398 4247 563 4320 πυρὸς
622 4244 746 4320 δέξῃ
804 4247 902 4314 τὴν
961 4245 1340 4318 καταστροφὴν
1397 4247 1495 4298 τοῦ
1556 4243 1677 4318 βίου
1727 4265 1844 4300 σου.
1876 4245 1946 4301 ’Ὀ
1978 4241 2043 4313 δὴ

396 4336 480 4389 καὶ
510 4334 751 4411 γέγονεν.
783 4333 1010 4410 Τραπεὶς
1067 4334 1198 4408 γὰρ,
1247 4332 1339 4388 καὶ
1399 4331 1451 4387 ἐν
1511 4333 1755 4408 ἀχυρῶνι
1803 4354 2048 4410 προσφυ-

399 4426 534 4497 γών,
564 4423 694 4492 ἐκάη
745 4421 798 4478 ἐν
857 4420 1025 4494 αὐτῷ,
1081 4426 1192 4476 τῶν
1250 4419 1463 4484 Γότθων
1524 4420 1919 4494 ἐμπρησάντων
1952 4422 2049 4477 αὐ-

2116 557 2193 596 an
2225 541 2339 597 diis
2370 542 2703 596 sacrificare
2734 539 2928 594 vellet.
2955 542 3028 594 At
3057 538 3163 593 illa
3181 556 3247 593 os
3277 556 3449 594 suum
3471 543 3768 611 aperiens,

2119 632 2425 702 oculisque
2458 632 2683 686 intente
2717 629 2947 697 deﬁxis,
2980 645 3047 684 ac
3075 628 3422 683 subridendi
3457 629 3607 685 facie
3638 649 3771 686 res-

2117 720 2364 792 pondit:
2399 720 2664 786 Falleris,
2696 736 2728 774 ο
2762 719 2938 773 homo
2964 735 2976 772 :
3001 734 3076 772 an
3100 717 3295 772 nescis
3327 734 3419 772 me
3441 724 3770 790 martyrum

2119 809 2333 864 Christi
2370 809 2792 864 communione
2823 807 3062 880 dignam
3117 809 3387 862 eﬂ‘ectam
3422 823 3552 862 esse
3573 810 3600 862 ?
3627 809 3772 863 Tum

2118 914 2254 952 vero
2279 898 2619 969 indignatus
2640 913 2882 968 praeses,
2905 897 2966 951 in
2997 911 3161 951 mare
3183 895 3347 950 illam
3376 896 3649 966 projecit,
3672 895 3772 951 ubi

2119 986 2360 1042 beatum
2393 987 2574 1042 linem
2605 986 2849 1056 accepit.

2129 1185 2195 1237 Et
2266 1189 2543 1237 certamen
2615 1189 2793 1238 sancti
2880 1182 3140 1249 martyris
3214 1179 3456 1247 Olbiani,
3533 1180 3778 1250 episcopi

2797 1272 3097 1324 Aneorum.

2194 1377 2498 1444 Olbianus,
2535 1377 2923 1432 sacerChristi
2948 1381 3188 1446 martyr,
3214 1377 3564 1431 Maximiano
3586 1377 3772 1447 impe-

2121 1473 2310 1532 rante,
2345 1467 2620 1521 Ecclesiaa
2658 1472 2951 1520 Aneorum
2984 1467 3295 1536 episcopus
3327 1465 3454 1520 fuit.
3489 1467 3770 1536 Compre—

2123 1556 2344 1610 hensus
2373 1562 2570 1609 autem
2602 1572 2636 1609 a
2663 1555 2813 1609 Julio
2849 1554 3119 1624 praeside,
3153 1555 3213 1608 in
3248 1571 3546 1610 carcerem
3571 1555 3776 1608 detru-

2123 1644 2301 1707 ditur,
2334 1644 2533 1698 addito
2563 1644 2864 1706 mandato,
2897 1659 2971 1696 ne
2999 1643 3058 1696 in
3077 1642 3293 1697 Christi
3333 1644 3573 1698 nomine
3597 1644 3774 1698 doce-

2123 1739 2231 1787 ret.
2266 1733 2371 1786 Ille
2403 1749 2537 1786 vero
2562 1732 2748 1786 multo
2780 1733 2965 1801 magis
2990 1731 3177 1787 libere
3227 1733 3526 1788 Christum
3557 1733 3776 1804 praedi-

2051 1819 2094 1882 B
2125 1840 2286 1888 cans,
2313 1839 2443 1890 quae
2476 1821 2546 1875 ad
2581 1822 2749 1875 illum
2783 1827 3071 1891 spectant,
3104 1821 3380 1876 omnibus
3412 1828 3774 1888 constanter,

2124 1929 2191 1966 ac
2223 1911 2350 1964 sine
2385 1910 2595 1964 timore
2617 1909 3028 1964 annuntiabat.
3052 1910 3449 1974 Quamobrem
3477 1929 3506 1966 e
3539 1927 3775 1966 carcere

2125 2002 2391 2068 eductus,
2424 2017 2490 2056 ac
2515 2001 2772 2056 vestibus
2805 2001 3093 2072 spoliatus
3133 2002 3385 2073 graviter
3405 2002 3686 2057 cwditur:
3721 2005 3780 2056 et

2127 2089 2356 2145 subulis
2387 2089 2779 2144 candentibus
2809 2090 2870 2143 in
2903 2095 3128 2153 ventre,
3173 2090 3459 2146 lateribus
3490 2108 3558 2146 ac
3590 2092 3776 2146 visce-

2124 2180 2290 2235 ribus
2323 2179 2636 2240 ustulatus,
2669 2178 2865 2233 denuo
2909 2178 2968 2232 in
3002 2195 3300 2234 carcerem
3352 2180 3778 2234 semimortuus

2130 2269 2462 2340 conjicitur.
2495 2267 2724 2323 Christo
2771 2272 2967 2321 autem
3007 2267 3119 2337 ipsi
3163 2273 3486 2339 apparente
3517 2273 3780 2337 curatus,

2131 2358 2349 2413 iterum
2390 2355 2629 2429 praesidi
2689 2355 2938 2423 sistitur,
2972 2360 3031 2411 et
3061 2357 3378 2427 quaestioni
3438 2356 3776 2428 subjicitur.

2132 2447 2399 2518 Cumque
2429 2463 2647 2518 presses
2681 2452 2904 2501 mutato
2947 2446 3195 2500 consilio
3229 2463 3365 2501 eum
3395 2452 3681 2519 rogasset,
3713 2451 3781 2501 ut

2133 2537 2245 2592 diis
2277 2535 2632 2594 immolaret,
2668 2535 2793 2605 ipse
2824 2552 2957 2590 vero
2982 2552 3186 2589 rursus
3218 2535 3514 2590 Christum
3540 2534 3774 2591 confes-

2136 2643 2235 2681 sus
2262 2625 2490 2691 fuisset,
2522 2625 2584 2679 in
2602 2624 2901 2696 ingentem
2925 2623 3226 2680 fornacem
3249 2625 3526 2696 injectus,
3550 2623 3779 2679 vivendi

2137 2717 2319 2769 tinem
2349 2713 2506 2770 fecit.

2691 2907 2932 2962 EODEM
2981 2906 3230 2960 MENSE.

2748 2996 2851 3051 Die
2883 2995 3188 3050 tricesima

2143 3086 2293 3142 II9
2327 3087 2590 3142 Memoria
2639 3086 2819 3141 sancti
2851 3083 3034 3140 Patris
3085 3086 3261 3139 nostri
3316 3084 3534 3153 lsaaoii,
3577 3086 3802 3153 confes-

2891 3173 3050 3231 saris.

2218 3283 2467 3338 Sanctus
2498 3283 2671 3336 Pater
2692 3286 2898 3336 noster
2927 3281 3186 3336 Isaacius
3217 3297 3286 3335 ex
3310 3280 3576 3351 partibus
3599 3279 3803 3334 Orien-

2147 3372 2224 3426 tis
2254 3369 2567 3436 oriundus,
2613 3369 3195 3441 Constantinopolim
3252 3369 3432 3436 vanit,
3467 3369 3800 3439 imperante

2149 3459 2394 3514 Valente
2425 3458 2723 3523 haeretico,
2767 3457 2969 3528 ibique
3003 3459 3064 3512 in
3124 3457 3380 3528 quodam
3440 3456 3804 3511 monasterio

2148 3549 2328 3603 vitam
2360 3547 2744 3617 tranquillam
2797 3547 2930 3615 egit.
2983 3547 3246 3616 Cumque
3295 3546 3453 3600 idem
3483 3546 3808 3616 imperator

2149 3637 2492 3707 frequentes
2515 3635 2715 3705 copias
2736 3634 3014 3688 adversus
3037 3635 3280 3688 Gotthos
3311 3634 3574 3699 duceret,
3598 3649 3807 3688 occur-

2154 3741 2293 3779 rens
2308 3725 2359 3778 ei
2380 3723 2635 3777 Isaacius
2657 3722 2826 3776 dixit:
2851 3724 2893 3776 Ο
2916 3723 3258 3792 imperator,
3280 3722 3442 3792 aperi
3457 3721 3802 3776 orthodoxis

2153 3811 2459 3874 ecclesias,
2485 3811 2534 3866 si
2564 3811 2648 3864 vis
2675 3827 2744 3864 ex
2769 3810 2973 3881 praelio
2991 3811 3310 3865 incolumis
3340 3811 3574 3865 reverti.
3611 3811 3802 3864 Iratus

2152 3908 2350 3958 autem
2382 3901 2726 3972 imperator,
2769 3900 2952 3970 jussit
3000 3905 3270 3955 sanctum
3317 3899 3621 3972 vapulare,
3654 3904 3712 3952 et
3740 3899 3804 3952 in

2153 4006 2452 4046 carcerem
2485 3988 2722 4058 conjici,
2753 3988 2943 4044 donec
2991 3989 3116 4060 ipse
3147 3989 3388 4044 rediret.
3421 3991 3495 4043 At
3525 3992 3804 4044 sanctus:

2155 4080 2210 4134 Si
2243 4094 2511 4133 reversus
2542 4075 2748 4145 fueris,
2801 4075 3016 4147 inquit,
3057 4077 3118 4131 in
3153 4093 3248 4132 me
3302 4076 3535 4133 locutus
3566 4093 3688 4131 non
3719 4078 3811 4130 est

2157 4169 2312 4223 Deus
2367 4171 2778 4224 verumtamen
2836 4182 2869 4221 a
2925 4166 3075 4222 facie
3133 4166 3518 4221 inimicorum
3571 4171 3810 4220 tuorum

2156 4257 2411 4330 fugiens,
2443 4273 2550 4329 per
2569 4257 2770 4329 ignem
2792 4255 2922 4311 vitae
2948 4261 3059 4311 tua:
3088 4256 3312 4312 exitum
3341 4255 3606 4311 habebis.
3641 4252 3808 4319 Quod

2160 4352 2218 4401 et
2248 4347 2529 4420 contigit:
2562 4363 2701 4401 nam
2734 4345 2793 4400 in
2826 4345 3028 4418 fugam
3057 4361 3376 4401 conversus
3411 4361 3546 4400 cum
3577 4343 3640 4397 in
3669 4343 3811 4396 hor-

2159 4452 2326 4491 reum
2361 4452 2488 4491 sese
2519 4434 2867 4502 abdidisset,
2901 4435 2962 4490 in
2986 4451 3052 4490 eo
3085 4438 3498 4489 concrematus
3529 4435 3637 4498 est,
3672 4431 3812 4485 Got-

401 4512 512 4568 τόν.
544 4514 671 4570 Ἐπὶ
702 4513 792 4566 οῦν
836 4515 904 4585 τῇ
948 4510 1250 4586 προρῥήσει
1297 4508 1492 4584 ταύτῃ,
1540 4511 1629 4565 καὶ
1679 4508 1877 4574 ἄλλοις
1907 4512 2032 4568 πολ·

2161 4526 2278 4579 this
2310 4525 2505 4597 ignem
2539 4523 2966 4596 injicientibus.
3001 4524 3118 4578 Hac
3150 4524 3347 4592 itaque
3401 4518 3812 4592 praedictione,

405 4601 521 4664 λοῖς
579 4602 970 4677 κατορθώμασι
1029 4599 1382 4674 μεγαλυνθεὶς
1441 4601 1469 4654 6
1527 4597 1703 4674 ἅγιος,
1761 4601 1815 4658 ἐν
1855 4600 2050 4677 εῗρήνῃ

407 4689 702 4764 ἐκοιμήθη.

475 4782 578 4838 Καὶ
609 4779 840 4850 ἃθλησις
879 4784 987 4835 τῶν
1036 4778 1208 4855 ἁγίων
1263 4778 1549 4855 μαρτύρων
1605 4775 1886 4852 Εὖσεϐίου,
1917 4783 2052 4836 Ῥω-

414 4875 600 4942 μανοῦ,
657 4870 914 4942 Μεντίου,
972 4867 1384 4944 Χαραλάμπους
1439 4868 1530 4924 καὶ
1584 4868 1900 4944 Χριστίνης.
1951 4871 2054 4927 Καὶ

409 4962 501 5012 τοῦ
524 4957 780 5029 πλήθους
807 4962 916 5014 τῶν
972 4958 1137 5033 ἁγίων
1187 4961 1296 5012 τῶν
1349 4957 1399 5013 ἐν
1455 4957 1800 5032 Νικομηδείᾳ
1841 4980 2055 5036 μαρτυ-

413 5047 708 5121 ρησάντων.

957 5157 1138 5213 MHNI
1177 5158 1267 5235 T9
1306 5159 1503 5235 ΑΥΤῼ.

1177 5245 1289 5301 AA‘

618 5334 884 5406 Ἀθλησις
926 5339 1024 5390 τοῦ
1069 5334 1224 5409 ἁγίου
1258 5333 1536 5410 μάρτυρος
1568 5335 1845 5408 Ἑρμείου,

480 5444 754 5518 Ἑρμείαςν
815 5445 842 5497 δ
898 5448 995 5498 τοῦ
1049 5447 1286 5517 Χριποῦ
1347 5441 1574 5515 μάρτυς.
1627 5441 1694 5511 ἧν
1746 5443 1840 5514 μὲν
1875 5442 1932 5498 ἐκ
1965 5452 2066 5514 τῆς

414 5534 627 5596 πόλεως
683 5532 974 5606 Κομάνων,
1025 5533 1361 5603 στρατιώτης
1411 5529 1467 5585 δὲ
1520 5530 1605 5584 ἐπὶ
1651 5538 1750 5600 τῆς
1785 5533 2064 5607 βασιλείας

412 5622 759 5695 Ἀντωνίνου,
793 5625 892 5692 τὴν
952 5620 1170 5692 ἡλικίαν
1229 5617 1339 5691 ἤδη
1393 5613 1780 5695 προϐεϐηκὼς,
1819 5622 1907 5677 καὶ
1943 5619 2066 5680 λευ-

2161 4613 2415 4684 aliisque
2437 4613 2641 4668 multis
2671 4611 2953 4682 praeclare
2971 4613 3149 4684 gestis
3179 4610 3430 4666 illustris
3457 4609 3648 4664 factus
3679 4623 3814 4662 san-

2164 4708 2312 4771 ctus,
2349 4703 2410 4756 in
2441 4717 2584 4772 pace
2608 4699 2984 4756 obdormivit.

2235 4791 2306 4844 Et
2335 4795 2640 4845 certamen
2672 4794 3012 4844 sanctorum
3047 4793 3377 4860 martyrum
3408 4785 3666 4853 Eusebii,
3709 4787 3819 4840 Bo-

2167 4879 2348 4943 mani,
2409 4879 2648 4944 Mentii,
2709 4878 3137 4950 Charalampus
3210 4884 3269 4933 et
3321 4877 3704 4932 Christianae:
3766 4877 3826 4930 et

2164 4967 2490 5022 multorum
2524 4971 2888 5035 sanctorum,
2946 4967 3046 5038 qui
3078 4966 3431 5040 martyrium
3462 4961 3822 5021 Nicomediae

2166 5055 2326 5128 passi
2372 5061 2530 5111 sunt.

2726 5185 2968 5241 EODEM
2999 5185 3252 5240 MENSE.

2666 5275 2768 5329 Die
2799 5275 3103 5330 tricesima
3141 5273 3335 5344 prima

2425 5363 2706 5419 Certamen
2748 5367 2932 5419 sancti
2973 5365 3210 5418 Hermia:
3258 5363 3542 5433 martyris.

2249 5452 2536 5520 Hermias,
2561 5453 2778 5508 Christi
2813 5457 3062 5522 martyr,
3094 5451 3206 5505 fuit
3241 5467 3310 5505 ex
3357 5448 3503 5503 urbe
3534 5446 3828 5511 Comanis,

2176 5543 2511 5612 imperante
2535 5543 2792 5597 Antonio
2810 5542 2988 5597 vitam
3016 5540 3340 5595 militarem
3369 5534 3830 5610 agens,jamque

2180 5637 2350 5686 aetate
2404 5635 2739 5702 provectus,
2800 5644 3099 5700 canosque
3157 5627 3406 5699 capillos
3464 5621 3710 5680 habens.
3743 5619 3827 5675 Ob
