4134 6302
402 337 523 395 483

1723 332 2155 398 MENOLOGII
2200 335 2403 399 PARS
2449 337 2558 398 ΙΙΙ.

3700 343 3823 402 484

403 466 621 521 Christi
678 470 872 521 autem
930 465 1362 521 confessionem
1420 471 1649 538 captus,
1709 467 2018 523 Sebastian

2135 527 2141 534 ,
2169 468 2272 536 κήν
2305 463 2450 542 ἔχων
2480 469 2582 537 τήν
2608 469 2797 543 τρίχα.
2832 468 2930 524 Διά
2987 467 3045 524 δὲ
3097 470 3198 538 τὴν
3231 468 3307 532 εἷς
3337 470 3578 545 Χριστὸν
3607 469 3825 546 ὁμολο-

410 557 545 611 duci
579 557 829 625 sistitur,
861 557 933 612 ab
975 574 1162 628 eoque
1217 558 1597 628 compellitur
1627 558 1802 613 idolis
1834 558 2023 613 sacriﬁ

2167 555 2284 631 γίαν
2315 559 2624 630 κρατηθεὶς,
2655 559 2743 612 καὶ
2781 553 3125 630 Σεϐαστιανῷ
3153 564 3232 631 τῷ
3272 558 3425 615 δουκὶ
3457 561 3814 636 προσαχθεὶς,

409 665 562 704 care.
599 648 708 702 Sed
741 665 872 703 cum
906 647 963 701 id
984 647 1177 702 facere
1196 653 1514 712 recusaret,
1550 647 1610 701 in
1642 647 1898 702 maxillis
1922 646 2062 718 lapi-

409 737 582 793 dibus
613 736 1034 803 contunditur;
1067 736 1282 791 deinde
1313 736 1578 791 detracta
1637 738 1814 791 totius
1863 735 2058 790 vultus

405 826 581 898 pelle,
615 826 823 880 dentes
855 824 1048 879 eidem
1086 825 1441 880 evelluntur.
1478 827 1602 879 Mox
1635 825 1695 878 in
1745 823 2054 879 ardentem

403 915 698 970 fernacem
728 913 1005 985 injectus,
1025 914 1282 984 indeque
1302 915 1429 968 sine
1447 917 1484 968 1
1500 915 1601 970 20
1620 931 1770 968 noxa
1781 929 2053 984 egressus

399 1004 643 1076 jubetur
672 1003 977 1058 venenatis
1007 1003 1155 1057 cibis
1187 1004 1360 1057 vesci.
1395 1003 1506 1058 Sed
1528 1020 1661 1057 cum
1686 1003 1794 1057 hos
1815 1019 2050 1073 quoque

403 1093 551 1146 citra
583 1091 866 1146 damnum
923 1091 1296 1162 sumpsisset,
1329 1091 1402 1144 ad
1435 1091 1648 1145 Christi
1700 1090 1878 1145 ﬁdem
1909 1107 2048 1144 con-

400 1180 574 1236 vertit
603 1197 758 1249 eum,
784 1180 884 1250 qui
916 1179 1051 1235 illos
1077 1185 1526 1250 prazparaverat,
1559 1196 1840 1250 magnum
1871 1183 1930 1233 et
1957 1195 2049 1234 ca-

399 1269 520 1340 pite
546 1270 785 1341 plexum
814 1269 888 1324 ad
945 1285 1225 1324 coronam
1280 1269 1546 1339 martyrii
1580 1269 1886 1340 praemisit.
1915 1269 2045 1339 Ipse

396 1364 594 1414 autem
626 1359 870 1414 succisis
901 1358 1080 1413 totius
1103 1358 1367 1429 corporis
1397 1358 1618 1424 nervis,
1651 1357 1712 1412 in
1733 1357 2044 1412 ardentem

392 1447 647 1502 lebetem
675 1447 1053 1502 immittitur:
1080 1463 1149 1501 ex
1167 1464 1282 1518 quo
1313 1463 1447 1502 cum
1469 1446 1788 1502 incolumis
1820 1446 2041 1502 evasis-

393 1541 502 1601 set,
534 1536 766 1591 eti‘ossis
797 1537 1007 1604 oculis,
1043 1535 1233 1607 capite
1263 1535 1494 1591 inverso
1528 1551 1874 1607 suspensus,
1908 1539 2040 1590 tan-

389 1624 523 1681 dem
557 1624 882 1682 decollatus
911 1625 1043 1680 fuit.

763 1731 1184 1825 MENSE
1248 1731 1639 1824 JUNIO.

1046 1874 1148 1928 Die
1187 1874 1381 1928 prima

1047 1891 1148 1928 me
1228 1891 1381 1928 rima

389 1965 541 2021 I21
577 1965 861 2022 Certamen
899 1967 1076 2021 sancti
1128 1891 1390 2038 mzrtyris
1444 1963 1656 2020 Justini
1687 1963 2030 2035 philosophi.

453 2155 718 2210 Justinus
751 2155 967 2209 Christi
1019 2155 1493 2226 sapientissimus
1532 2159 1776 2225 martyr,
1811 2158 1937 2208 erat
1965 2169 2035 2208 ex

383 2242 626 2313 Neapoli
658 2241 859 2312 Syriae,
903 2243 990 2296 vir
1032 2243 1442 2313 philosophus,
1475 2259 1542 2297 ac
1574 2241 1892 2313 plurimam
1927 2241 2035 2296 ha-

379 2327 529 2383 bens
551 2329 767 2384 mentis
783 2331 1230 2400 perspicaciam.
1251 2331 1547 2385 Christum
1564 2335 1762 2384 autem
1781 2329 2033 2402 diligens

377 2434 631 2489 cumque
661 2417 796 2474 odio
818 2419 1106 2475 habentes
1139 2420 1504 2487 adversatus,
1538 2419 1734 2474 divino
1768 2419 2031 2490 quotidie

375 2507 498 2562 zelo
522 2508 1011 2563 succendebatur.
1027 2510 1398 2580 Quapropter
1418 2514 1476 2563 et
1496 2509 1744 2564 Romam
1766 2508 2028 2575 veniens,

381 2595 636 2651 Antonio
685 2597 1042 2669 imperante,
1097 2614 1231 2652 cum
1286 2598 1506 2652 librum
1549 2596 1886 2667 scripsisset
1915 2596 2028 2652 ad-

374 2701 580 2740 versus
604 2685 900 2740 idolorum
935 2703 1218 2751 errorem,
1252 2691 1311 2741 et
1349 2687 1410 2740 in
1442 2686 1692 2758 gratiam
1743 2685 2028 2741 Christia-

373 2790 582 2829 norum
615 2774 773 2843 fidei,
807 2775 976 2829 illum
1008 2774 1225 2828 obtulit
1254 2774 1632 2845 imperatori:
1667 2774 1767 2844 qui
1800 2773 2024 2844 sapien-

370 2863 514 2917 tiam
546 2869 723 2934 atque
755 2864 1066 2918 scientiam
1109 2864 1236 2934 ejus
1297 2863 1646 2928 admiratus,
1696 2879 1816 2917 non
1850 2861 2024 2916 modo

372 2951 543 3006 illum
574 2969 694 3008 non
722 2952 1044 3017 interfecit,
1078 2969 1280 3006 verum
1311 2953 1507 3023 potius
1567 2951 2021 3006 commendavit.

368 3041 659 3106 Quoniam
689 3059 821 3098 vero
854 3042 916 3096 in
959 3041 1082 3096 suis
1140 3041 1214 3096 ad
1273 3041 1554 3095 idolatras
1588 3039 2024 3094 dissertationi-

370 3128 815 3195 bus,idolorum
831 3130 1052 3184 cultum
1083 3129 1357 3183 fallacem
1383 3128 1754 3195 ostendebat,
1779 3127 2022 3182 etChri-

372 3219 703 3273 stianorum
726 3219 1073 3290 religionem
1095 3218 1330 3287 scriptis
1362 3219 1724 3289 argumentis
1748 3216 2022 3270 ﬁrmabat

371 3308 703 3362 Crescentis
761 3307 1098 3378 philosophi
1153 3307 1433 3360 invidiam
1483 3307 1683 3373 subiit,
1715 3311 1891 3375 atque
1949 3305 2021 3360 ab

369 3394 502 3465 ipso
535 3396 686 3450 122
711 3395 845 3449 odio
864 3395 1124 3458 habitus,
1152 3394 1386 3448 insidiis
1410 3394 1630 3465 petitus
1663 3398 1769 3458 est,
1803 3409 2020 3463 quous-

371 3500 486 3553 que
518 3483 589 3539 ab
618 3501 685 3538 e0
719 3484 1070 3539 interfectus
1100 3484 1232 3538 fuit.

436 3576 510 3628 Et
539 3579 813 3629 certamen
843 3575 1020 3629 sancti
1049 3571 1315 3642 martyris
1342 3573 1551 3627 Justini
1575 3578 1628 3626 et
1656 3573 1947 3626 sociorum.

433 3762 625 3817 Etiam
656 3762 717 3816 hi
765 3763 951 3818 sancti
1013 3765 1210 3817 Romaa
1269 3761 1672 3827 versabantur,
1715 3760 1776 3814 in
1802 3759 2015 3813 Christi

364 3853 608 3906 nomine
659 3851 960 3906 docentes.
1013 3851 1435 3922 Comprehensi
1492 3856 1689 3905 autem
1749 3849 1820 3904 ab
1851 3849 2014 3904 urbis

363 3941 664 4011 praefecto,
697 3939 921 3995 detrusi
953 3947 1092 3994 sunt
1120 3942 1181 3995 in
1205 3957 1524 4000 carcerem.
1557 3956 1624 3994 ac
1653 3943 1786 4010 post
1812 3938 2013 4009 plures

367 4029 493 4084 dies
525 4028 662 4083 inde
678 4028 1108 4097 educti,coram
1132 4030 1236 4083 illo
1250 4029 1487 4084 adducti
1511 4034 1666 4083 sunt.
1694 4027 2013 4082 Praefectus

366 4125 564 4174 autem
579 4125 712 4190 post
741 4119 959 4173 multas
989 4135 1056 4174 ac
1086 4119 1274 4174 varias
1304 4119 1817 4189 interrogationes,
1841 4119 2014 4172 Justi-

363 4224 510 4263 num
537 4208 620 4262 ita
649 4207 1061 4279 interrogavit:
1105 4208 1208 4262 Dic
1235 4208 1401 4275 mihi,
1429 4207 1677 4276 Justine,
1710 4207 1927 4277 inquit,
1960 4208 2009 4262 si

359 4293 560 4366 ﬂagris
592 4311 780 4349 caesus
817 4311 884 4350 ac
914 4296 1104 4366 capite
1137 4300 1444 4350 truncatus
1472 4295 1678 4361 fueris,
1733 4300 2008 4350 certusne

361 4383 604 4438 omnino
661 4383 852 4438 factus
907 4399 968 4438 es
1019 4390 1074 4438 te
1143 4399 1530 4438 ascensurum
1589 4383 1650 4437 in
1735 4383 2008 4438 cmlum?

354 4473 457 4527 Cui
481 4472 783 4527 Justinus:
817 4473 997 4544 Spero
1055 4471 1465 4526 hznreditatem
1498 4471 1661 4542 regni
1720 4471 2004 4527 cmlorum

355 4577 448 4615 me
483 4565 962 4627 consecuturum,
999 4559 1047 4614 si
1088 4559 1266 4614 alacri
1321 4560 1521 4614 animo
1554 4559 1679 4613 haec
1711 4563 2005 4615 tormenta

356 4651 716 4706 sustinuero.
742 4649 829 4704 Ad
859 4650 983 4704 haec
1029 4649 1379 4721 praefectus:
1433 4650 1552 4704 Hoc
1599 4649 1776 4721 igitur
1805 4654 1997 4720 putas,

355 4739 514 4809 quod
567 4739 646 4793 sis
678 4755 1033 4794 ascensurus
1064 4740 1123 4793 in
1155 4739 1390 4804 ccelum,
1451 4737 1650 4809 ibique
1708 4738 1997 4793 bonorum

353 4827 748 4897 quorumdam
796 4829 1250 4884 retributionem
1305 4833 1648 4899 recepturus
1669 4828 1697 4882 ?
1726 4830 1794 4882 Et
1821 4829 1996 4883 Justi-

349 4931 464 4969 nus
499 4931 511 4969 :
541 4916 668 4970 Non
724 4917 936 4987 opinor
990 4918 1203 4985 solum,
1238 4917 1453 4988 inquit,
1516 4916 1620 4972 sed
1667 4918 1999 4973 certissima

347 5003 736 5073 persuasione
776 5004 837 5058 id
884 5011 1076 5061 teneo.
1139 5008 1298 5061 Tunc
1346 5005 1607 5077 praefecti
1631 5006 1830 5078 jussu,
1877 5005 1997 5062 una

347 5107 483 5146 cum
514 5091 734 5147 sanctis
769 5094 967 5158 sociis,
999 5095 1190 5166 capite
1221 5095 1428 5165 plexus
1457 5099 1566 5150 est.

902 5183 1144 5237 EODEM
1182 5183 1437 5236 MENSE.

978 5272 1076 5326 Die
1109 5271 1370 5326 secunda

349 5356 615 5412 Mamoria
659 5358 836 5414 sancti
882 5361 1065 5414 Patris
1110 5361 1304 5425 nostri,
1365 5365 1417 5413 et
1477 5362 1795 5427 confessoris
1825 5365 1990 5419 Nice-

554 5447 744 5517 phori,
766 5447 1108 5518 patriarcha
1163 5448 1776 5518 Constantinopolitani.

417 5622 658 5683 Divinus
703 5625 970 5699 pontifex
1051 5624 1413 5698 Nicephorus
1477 5626 1991 5703 Constantinopoli

2168 643 2410 714 ἐϐιάζετο
2443 649 2597 701 θῦσαι
2625 653 2742 709 τοῖς
2800 645 3072 710 εἰδώλοις.
3136 649 3233 703 Καὶ
3287 651 3362 722 μὴ
3396 651 3656 716 πεισθεὶς,
3691 672 3818 706 συν-

2166 731 2353 809 ετρίϐη
2417 735 2596 798 λίθοις
2646 738 2764 799 τάς,
2798 737 3068 811 σιαγόνας,
3125 737 3215 793 καὶ
3267 739 3330 794 τὸ
3387 740 3484 794 τοῦ
3514 741 3818 810 προσώπου

2163 821 2336 898 δέρμα
2395 823 2638 898 ἐξεδάρη,
2697 826 2786 881 καὶ
2834 826 2962 890 τοὺς
3021 824 3242 891 ὀδόντας
3299 828 3646 903 ἐξεῤῥιζώθη.
3709 832 3813 887 Καὶ

2161 913 2238 975 εἷς
2268 914 2496 988 κάμινον
2542 911 2864 988 ἐμϐληθεὶς,
2913 915 3133 986 ἐξῆλθεν
3181 911 3454 987 ἀϐλαϐής⁸
3505 917 3594 972 καὶ
3627 915 3814 988 δηλη-

2155 1006 2351 1078 τήριον
2404 1005 2701 1075 ποτισθεῗς,
2758 1006 2848 1060 καὶ
2909 1003 3079 1078 μηδὲν
3137 1003 3436 1075 ἀδικηθεὶς,
3494 1005 3586 1061 τὸν
3641 1010 3806 1062 τοῦτο

2156 1092 2455 1166 κεράσαντα
2536 1094 2697 1170 μέγον
2783 1095 3144 1169 παρεσκεύασε
3223 1098 3503 1150 πιστεῦσαι
3564 1100 3806 1169 Χριστῷ,

2153 1182 2241 1236 κσὶ
2309 1183 2440 1257 ὑπὲρ
2520 1183 2684 1238 αὐτοῦ
2769 1183 3293 1260 ἀποκεφαλισθῆναι.
3354 1185 3489 1240 Εἶτα
3547 1183 3806 1239 ἐκσπᾶται

2152 1273 2326 1326 πάντα
2353 1273 2421 1326 τὰ
2449 1277 2607 1332 νεῦρα
2635 1276 2736 1326 τοῦ
2780 1273 3052 1346 σώματος,
3084 1273 3173 1326 καὶ
3230 1272 3305 1335 εἰς
3366 1267 3572 1342 λέϐητα
3618 1294 3805 1348 πυρω-

2151 1361 2307 1425 θέντα
2337 1357 2651 1433 ἐμϐληθεὶς,
2704 1361 2926 1435 ἐξῆλθεν
2967 1357 3238 1433 ἀϐλαϐής.
3273 1365 3408 1419 Εἶτα
3434 1363 3562 1424 τοὺς
3596 1361 3808 1441 ὀφθαλ-

2151 1450 2288 1524 μοὺς
2347 1451 2720 1521 ἐκκεντισθεὶς,
2777 1451 2868 1506 καὶ
2923 1451 3246 1526 κρεμασθεὶς
3314 1451 3450 1506 κατά
3531 1452 3803 1529 κεφαλῆς,

2148 1539 2426 1618 ἂπεκεφαλ
2435 1541 2553 1612 ίσθη
2565 1584 2576 1596 .

2531 1744 2855 1838 ΜΗΝΙ
2940 1741 3413 1839 ΙΟΥΝΙΩ.

2748 1880 2838 1936 Ἐν
2879 1881 2948 1952 τῇ
2991 1877 3183 1953 πρώτῃ

2283 1966 2552 2038 νΑθλησις
2583 1971 2680 2023 τοῦ
2720 1967 2877 2042 ἁγίου
2927 1968 3196 2042 μάρτυρος
3229 1965 3520 2023 Ἰουστίνου
3547 1969 3648 2021 τοῦ

2801 2038 3126 2116 φιλοσόφου’.

2211 2128 2523 2197 ’Ῑουστῖνος,
2580 2129 2607 2183 6
2665 2132 2761 2183 τοῦ⁹
2819 2129 3056 2200 Χριστοῦ
3112 2127 3426 2205 σοφώτατος
3468 2125 3694 2201 μάρτυς,
3727 2129 3792 2197 ἦν

2139 2216 2244 2270 ἀπὸ
2303 2217 2628 2279 Νεαπόλεως
2686 2223 2785 2286 τῆς
2839 2215 3061 2290 Συρίας,
3123 2215 3426 2290 φιλόσοφος
3486 2217 3645 2290 ἀνὴρ,
3701 2215 3794 2270 καὶ

2139 2305 2348 2360 σύνεσιν
2381 2304 2525 2382 ἔχων
2553 2305 2796 2376 πολλήν.
2855 2307 3106 2380 Ἀγαπῶν
3159 2302 3216 2359 δὲ
3271 2305 3362 2359 τὸν
3413 2305 3666 2380 Χριστὸν,
3701 2303 3798 2360 καὶ

2134 2393 2260 2456 τοὺς
2292 2395 2452 2450 αὐτὸν
2491 2399 2788 2468 μισοῦντας
2842 2393 3341 2468 ἀποστρεφόμενος,
3373 2396 3439 2467 τῇ
3472 2393 3602 2466 θείῳ
3635 2393 3794 2466 ζήλῳ

2137 2480 2400 2539 διεκαίετο
2459 2485 2579 2548 καθ’
2631 2485 2862 2558 ἡμέραν.
2932 2482 3030 2538 Διά
3084 2487 3243 2537 τοῦτο
3295 2481 3385 2537 καὶ
3428 2481 3678 2546 ἀπελθὼν
3713 2481 3794 2545 εἷς

2133 2572 2354 2645 Ῥώμην
2410 2571 2494 2627 ἐπὶ
2553 2579 2652 2643 τῆς
2716 2571 2994 2648 βασιλείας
3051 2571 3397 2639 Ἀντωνίνου,
3431 2571 3518 2625 καὶ
3569 2571 3780 2646 γράψας

2131 2660 2301 2734 τόμον
2329 2661 2464 2716 κατά
2505 2663 2604 2730 τῆς
2662 2659 2876 2731 πλάνης
2935 2660 3028 2731 μὲν
3085 2663 3192 2714 τῶν
3252 2657 3525 2729 εἷ’δώλων,
3559 2659 3691 2732 ὑπὲρ
3725 2657 3784 2714 δὲ

2130 2758 2230 2821 τῆς
2262 2752 2494 2816 πίστεως
2535 2757 2642 2808 τῶν
2693 2754 3059 2826 Χριστιανῶν,
3107 2748 3404 2806 ἐπιδέδωκε
3431 2755 3509 2822 τῷ
3543 2749 3780 2827 βασιλεῖ.

2131 2842 2236 2897 Καὶ
2269 2842 2545 2915 Θαυμάσας
2602 2843 2630 2896 6
2691 2839 2944 2916 βασιλεὺς
2997 2841 3094 2908 τὴν
3158 2841 3346 2916 σοφίαν
3378 2839 3542 2894 αὐτοῦ
3565 2837 3784 2908 καὶτήν

2131 2929 2466 3004 ἐπιστήμην,
2499 2930 2561 2985 οὐ
2619 2929 2781 3003 μόνον
2837 2928 2938 2984 οὐκ
2992 2927 3270 3004 ἐφόνευσεν
3303 2928 3486 2998 αὐτὸν,
3517 2925 3665 2983 ἀλλά
3693 2928 3786 2982 καὶ

2129 3020 2408 3093 ἐπῄνεσεν.
2444 3019 2593 3077 Ἐπεὶ
2625 3017 2683 3073 δὲ
2741 3017 2828 3073 καὶ
2887 3016 2938 3072 ἐν
2997 3023 3118 3078 ταῖς
3151 3017 3288 3091 πρὸς
3317 3015 3444 3078 τοὺς
3476 3015 3785 3072 εἰδωλολὰ-

2125 3129 2277 3186 τρας’
2334 3108 2622 3179 διαλέξεσι,
2679 3109 2778 3177 τήν
2843 3107 2938 3181 μὶν
2995 3106 3282 3181 θρησκείαν
3343 3111 3449 3160 τῶν
3510 3103 3782 3174 εἰδώλων,

2132 3198 2422 3269 ἀπατηλήν
2478 3199 2771 3272 ἀπέφηνεν,
2829 3197 2926 3265 τὴν
2990 3193 3047 3251 δὲ
3101 3200 3207 3250 τῶν
3270 3198 3608 3269 Χριστιανῶν
3664 3189 3782 3249 ἐϐε-

2129 3286 2306 3356 ϐαίου,
2338 3289 2428 3344 καὶ
2485 3288 2736 3363 ἐκράτυνε
2792 3291 3083 3366 γραφικαῖς
3140 3283 3460 3359 ἀποδείξεσι,
3494 3284 3777 3361 ἐφθογήθη

2131 3380 2234 3434 ὑπὸ
2295 3377 2611 3453 Κρίσκεντος
2663 3381 2762 3432 τοῦ
2819 3375 3149 3453 φιλοσόφου.
3205 3375 3307 3433 Καὶ
3364 3375 3654 3453 φθονηθεὶς
3683 3371 3782 3428 ἐπ-

2129 3464 2470 3533 εϐουλεύετο,
2498 3467 2604 3528 ἓως
2634 3465 2870 3541 ἀνῃρέθη
2902 3467 3028 3541 παρ’
3061 3464 3287 3523 ἐκείνου.

2127 3558 2230 3614 Καὶ
2283 3555 2511 3628 ἄθλησις
2565 3561 2662 3612 τοῦ
2748 3555 3270 3629 ἁγίουμμάρτυρος
3338 3553 3629 3610 Ἰουστίνου
3685 3553 3782 3607 καὶ

2657 3629 2728 3696 τῆ
2735 3650 2758 3689 ς
2790 3624 3040 3690 συνοδίας
3058 3624 3244 3682 αὐτοῦ.

2196 3717 2296 3774 Καὶ
2328 3718 2480 3771 αὗτοι
2511 3717 2567 3771 0i
2598 3718 2746 3790 ἅγιοι
2806 3715 2858 3771 ἐν
2917 3720 2987 3790 τῇ
3045 3715 3236 3788 Ῥώμῃ
3291 3709 3584 3786 διέτριϐον,
3621 3709 3779 3766 διδάο

2123 3827 2340 3868 σκοντες
2371 3805 2561 3876 ἐπὶτῷ
2611 3805 2840 3879 ὀνόματι
2893 3808 2990 3860 τοῦ
3049 3806 3313 3877 Χριστοῦ.
3345 3803 3445 3856 Καὶ
3476 3799 3780 3870 κρατηθὲν-

2117 3919 2205 3960 τες
2235 3896 2382 3972 παρά
2434 3899 2530 3950 τοῦ
2586 3902 2685 3964 τῆς
2736 3895 2955 3957 πόλεως
3014 3893 3286 3968 ἐπάρχου,
3341 3890 3778 3960 ἀπεκλείσθησαν

2120 3986 2198 4049 εὶς
2258 3985 2525 4055 φυλακήν.
2589 3984 2686 4038 Καὶ
2751 3983 2884 4057 μετά
2938 3980 3154 4044 πολλὰς
3212 3980 3424 4056 ἡμέρας
3471 3987 3572 4048 τῆς
3601 3979 3783 4057 φυλα-

2116 4083 2220 4145 κῆς
2249 4070 2622 4144 ἐκϐληθέντες,
2681 4074 3022 4148 παρέστησαν
3081 4075 3161 4143 τῷ
3217 4069 3468 4146 ἐπάρχῳ.
3503 4070 3601 4124 Καὶ
3633 4069 3776 4142 ἐρώ-

2115 4185 2273 4234 τησεν
2337 4165 2365 4218 6
2423 4159 2666 4238 ἔπαρχος
2719 4162 2810 4217 τὸν
2867 4163 3158 4220 ’Ῑουστῖνον
3224 4159 3359 4233 μετά
3407 4157 3624 4222 πολλὰς
3680 4159 3772 4213 καὶ

2115 4250 2290 4314 ἄλλας
2349 4251 2662 4327 ἐρωτήσεις·
2723 4250 2879 4320 Εἰπὲ,
2943 4252 3230 4317 Ἰουστῖνε,
3280 4248 3367 4304 ἐὰν
3405 4248 3773 4322 μαστιγωθεὶς

2113 4341 2204 4398 καὶ
2264 4340 2720 4418 ἀποκεφαλισθεὶς
2801 4341 3018 4402 πάντως
3096 4337 3614 4414 πεπληροφόρησαι,
3682 4335 3770 4391 ὅτι

2117 4430 2338 4505 μέλλεις
2370 4425 2676 4485 ἀναϐαίνειν
2732 4429 2810 4492 εἷς
2863 4431 2955 4486 τὸν
3001 4431 3266 4507 οὐρανόν;
3300 4431 3361 4488 Ὁ
3391 4427 3447 4484 δὲ
3476 4435 3770 4491 Ἰουστῖνος

2037 4553 2081 4617 D
2112 4523 2274 4576 εἶπεν·
2310 4519 2555 4589 Ἐλπίζω
2587 4517 3010 4593 κληρονομῆσαι
3060 4523 3160 4590 τήν
3198 4525 3305 4575 τῶν
3337 4519 3578 4594 οὐρανῶν
3615 4519 3769 4594 βασι-

2113 4608 2286 4678 λείαν,
2321 4607 2406 4663 ἐὰν
2440 4607 2719 4680 ὑπομείνω
2767 4608 3067 4684 προθύμως
3122 4608 3318 4670 ταύτας
3349 4609 3445 4672 τὰς
3477 4605 3759 4684 βασάνους.

2110 4696 2209 4750 Καὶ
2250 4697 2278 4750 ὁ
2328 4692 2567 4770 ἔπαρχος
2618 4696 2754 4750 εἴπεο
2802 4699 2975 4750 Τοῦτο
3024 4695 3115 4750 οὗν
3173 4695 3446 4760 ὑπονοεῖς,
3502 4694 3584 4748 ὅτι
3633 4691 3762 4747 ἀνα·

2107 4779 2250 4858 ϐήσῃ
2276 4784 2352 4846 εὶς
2382 4785 2510 4845 τοὺς
2542 4782 2830 4859 οὐρανοὺς,
2881 4784 2970 4838 καὶ
3031 4783 3294 4857 ἀπολήψῃ
3335 4778 3571 4857 ἀμοιϐάς
3597 4803 3760 4837 τινων

2106 4872 2316 4946 ἀγαθῶν
2343 4893 2356 4942 ;
2388 4875 2680 4934 Ἰουστῖνος
2738 4874 2906 4927 εἶπεν·
2962 4872 3087 4946 Οὐχ
3119 4873 3336 4927 ὑπονοῶ
3368 4873 3582 4940 ἀπΛῶς,
3614 4867 3761 4926 ἀλλά

2103 4961 2194 5016 καὶ
2248 4957 2489 5037 ἀκριϐῶς
2545 4961 3079 5037 πεπΛηροφόρημαι.
3135 4962 3276 5019 Τότε
3329 4960 3617 5036 προστάξει
3659 4959 3756 5014 τοῦ

2105 5051 2374 5126 ἐπάρχου,
2431 5052 2565 5124 μετά
2617 5055 2722 5106 τῶν
2783 5050 2875 5105 σὺν
2935 5050 3080 5123 αὐτῷ
3136 5051 3328 5125 ἁγίων,
3381 5051 3480 5120 τὴν
3505 5047 3752 5124 κεφαλὴν

2104 5139 2420 5213 ἀπετμήθη.

2636 5229 2818 5285 MHNI
2877 5234 2960 5282 ΤΩ
3019 5230 3223 5285 ΑΥΤΩ.

2902 5318 2954 5371 Β.

2102 5407 2304 5491 Μνήμη
2362 5405 2462 5491 τοῦ
2514 5403 2589 5491 ἐν⁹
2625 5407 2808 5481 ἀγίοις
2865 5405 3074 5491 Πατρὸς
3131 5409 3293 5491 ἡμῶν
3343 5405 3432 5460 καὶ
3463 5401 3754 5491 ὁμολογη-

2169 5476 2267 5555 τοῦ
2372 5476 2694 5555 Νικηφόρου
2779 5476 3189 5555 πατριάρχου]
3238 5476 3750 5536 Κωνσταντινουπό-

2169 5547 2510 5711 ἒῗῖὲίρόρος,
2559 5635 2588 5691 6
2635 5638 2778 5701 θεῖος
2839 5636 3146 5713 ἀρχιερεὺς,
3211 5639 3429 5715 ὑπῆρχε
3467 5642 3568 5707 τῆς
3599 5641 3755 5690 Κων-
