4158 6310
359 363 474 421 485

1928 346 2244 408 JUNIUS.

3646 355 3766 416 486

359 487 880 559 σταντινουπόλεως,
909 485 999 542 καὶ
1030 487 1296 561 γέννημα,
1328 485 1420 540 καὶ
1467 486 1706 559 θρέμμα,
1757 482 1845 538 ἐπὶ
1896 487 1996 549 τῆς

2117 484 2288 536 natus
2319 481 2740 555 educatusque,
2777 483 2959 555 impio
2993 485 3381 539 Constantino
3412 486 3766 557 imperante,

365 579 642 656 βασιλείας
671 576 1084 635 Κωνσταντίνου
1112 579 1209 630 τοῦ
1262 569 1576 642 δυσσεϐοῦς,
1627 574 1742 634 υίὸς
1791 569 2005 626 Θεοδω-

361 690 454 744 ρου
485 670 575 724 καὶ
616 667 903 730 Εύδοκίας.
963 667 1025 724 Ὁ
1085 663 1142 720 δὲ
1193 662 1474 741 Θεόδωρος
1532 662 1606 717 ὣν
1668 659 2007 737 ὑπογραφεὺς

360 765 462 814 τῶν
528 759 827 834 βασιλικῶν
887 755 1260 828 ἐνταλμάτων,
1315 755 1390 818 ὡς
1458 753 1840 828 προπύνητής
1898 754 2006 804 τῶν

360 848 511 903 θείων
554 847 778 902 εῗκὸνων
838 840 1180 916 διαϐληθεὶς,
1234 844 1433 921 ἐτύφθη
1486 844 1575 898 καὶ
1611 841 1872 916 ἐξωρίσθη
1930 839 2007 902 εἰς

363 937 644 994 Μύλασαν.
684 937 810 994 Εἶτα
841 935 916 997 εἰς
975 935 1221 1001 Νίκαιαν,
1267 929 1391 998 ἔνθα
1442 932 1532 988 καὶ
1581 931 1825 1002 τελευτᾷ.
1857 931 1919 987 Ὁ
1953 928 2009 984 δὶ

359 1025 552 1082 τούτου
584 1027 700 1088 υἱὸς
761 1025 1096 1101 Νικηφόρος,
1157 1021 1496 1099 ὑπογραφεὺς
1544 1021 1634 1076 καὶ
1693 1020 1854 1081 αὐτὸς
1913 1018 2006 1090 ὢν,

364 1113 679 1170 καταλιπὼν
710 1116 812 1183 τήν
845 1113 1014 1184 ἀξίαν,
1047 1113 1310 1181 πλοῦτον,
1349 1111 1438 1166 καὶ
1488 1108 1668 1181 δόξαν,
1715 1113 1815 1179 τὴν
1867 1115 2005 1184 Προ-

366 1203 594 1260 ποντίδα
622 1211 721 1274 τῆς
754 1201 974 1265 πόλεως
1004 1197 1322 1258 κατέλαϐεν·
1357 1199 1481 1265 ἔνθα
1528 1205 1644 1272 Θεῷ
1696 1200 1782 1254 καὶ
1836 1203 2009 1270 ἑαυτῷ

362 1295 670 1369 προσέχων,
740 1292 1006 1363 ἐκτήσατο
1081 1290 1326 1367 μεγάλην
1407 1290 1627 1366 ἀρετήν.
1713 1289 1811 1342 Καὶ
1875 1288 2009 1360 μετὰ

360 1382 615 1452 τελευτὴν
675 1381 950 1455 Ταρασίου
1006 1385 1104 1436 τοῦ
1165 1382 1579 1453 μακαριωτάτου
1638 1377 2004 1454 πατριάρχου,

361 1471 750 1548 προεχειρίσθη
812 1471 1162 1546 πατριάρχης
1223 1466 1847 1530 Κωνσταντινουπόλεως
1902 1468 2006 1522 ὑπὸ

363 1561 676 1637 Νικηφόρου
740 1555 1010 1637 βασιλέως
1056 1565 1157 1614 τοῦ
1213 1558 1418 1634 πατρὸς
1479 1557 1838 1632 Σταυρακίου.
1903 1555 2006 1613 Καὶ

363 1649 611 1726 διήρκεσε
645 1646 812 1725 μέχρι
843 1656 946 1718 τῆς
981 1647 1262 1724 βασιλείας
1292 1652 1528 1710 Λεοντος
1557 1651 1655 1702 τοῦ
1699 1647 2008 1719 Εἶκονομά-

362 1759 482 1815 χου’
522 1739 611 1816 ὑφ’
643 1738 703 1793 οὗ
732 1739 823 1792 καὶ
855 1735 1168 1812 ἐξορισθεὶς,
1195 1737 1282 1792 καὶ
1310 1735 1387 1798 είς
1419 1735 1666 1814 φυλακὴν
1686 1729 2005 1808 ἐμϐληθεὶς,

2115 571 2455 628 Thodorum
2488 580 2546 629 et
2575 575 2894 630 Eudociam
2939 580 3214 646 parentes
3241 574 3468 630 habuit.
3501 575 3767 630 Theodo-

2117 677 2218 714 rus
2259 667 2457 718 autem
2489 681 2624 718 cum
2683 663 3084 735 imperialium
3141 664 3560 719 mandatorum
3617 668 3773 718 esset

2118 751 2506 823 subscriptor,
2542 758 2826 812 tanquam
2857 753 3190 808 divinarum
3222 753 3548 825 imaginum
3579 753 3773 808 cultor

2117 847 2447 908 accusatus,
2481 841 2864 897 verberatur:
2899 859 3034 896 mox
3087 842 3148 896 in
3183 842 3458 897 exsilium
3490 841 3773 913 Mylasam

2117 928 2506 1001 deportatur:
2539 933 2678 988 inde
2712 934 2987 989 Nicaeam.
3018 933 3118 988 ubi
3151 939 3422 988 mortuus
3444 939 3551 988 est.
3587 933 3774 1003 Hujus

2117 1035 2292 1088 porro
2327 1020 2488 1075 ﬁlius
2519 1021 2885 1094 Nicephorus
2915 1038 3048 1077 cum
3111 1026 3169 1076 et
3223 1021 3351 1092 ipse
3409 1021 3777 1092 subscriptor

2117 1113 2296 1172 esset,
2329 1110 2603 1166 abdicata
2631 1112 2938 1184 dignitate,
2972 1111 3182 1182 opibus
3200 1117 3258 1164 et
3277 1111 3484 1183 gloria,
3517 1113 3776 1182 Pr0pon-

2119 1197 2302 1253 tidem
2335 1200 2544 1256 urbem
2587 1201 2928 1256 contendit:
2981 1201 3080 1255 ubi
3118 1201 3238 1255 Deo
3269 1200 3502 1271 sibique
3534 1216 3771 1268 vacans,

2117 1303 2394 1359 magnam
2452 1290 2730 1344 virtutem
2790 1289 3060 1361 adeptus,
3120 1295 3256 1360 post
3302 1288 3631 1344 beatissimi
3670 1305 3772 1360 pa-

2119 1376 2392 1431 triarchze
2446 1379 2630 1433 Tarsii
2687 1379 2914 1433 obitum
2953 1421 2965 1445 ,
3018 1378 3346 1449 Nicephoro
3414 1378 3773 1449 imperatore

2115 1466 2405 1519 Stauracii
2460 1473 2626 1537 patre
2681 1467 3378 1538 Constantinopolitanus
3435 1467 3773 1538 patriarcha

2117 1554 2272 1608 123
2305 1555 2614 1611 ordinatus
2634 1555 2783 1610 fuit:
2817 1556 3073 1627 vixitque
3109 1573 3298 1627 usque
3348 1555 3424 1611 ad
3451 1556 3770 1627 imperium

2125 1643 2335 1698 Leonis
2371 1644 2769 1711 lconomachi,
2815 1663 2850 1702 a
2879 1663 2994 1716 quo
3027 1646 3088 1700 in
3119 1645 3392 1701 exsilium
3440 1646 3682 1714 missus,
3714 1648 3773 1700 et

2120 1731 2497 1788 incarcerem
2521 1735 2653 1805 conj
2665 1739 2849 1802 ectus,
2873 1735 2948 1790 ad
2971 1735 3287 1789 Dominum
3319 1733 3610 1805 migravit,
3632 1749 3770 1789 cum

364 1831 494 1904 πρὸς
524 1829 727 1904 Κύριον
759 1825 911 1900 ἐξεδή
925 1839 1118 1900 μησεν,
1149 1827 1364 1900 χρόνων
1425 1821 1807 1916 ἑϐδομήκοντα
1839 1826 2005 1898 ὑπάρ-

2119 1836 2309 1876 annos
2342 1823 2714 1894 septuaginta
2733 1823 2991 1891 vixisset,
3015 1840 3269 1894 quorum
3299 1839 3510 1879 novem
3540 1823 3604 1878 in
3626 1839 3772 1894 pon-

362 1937 497 1993 χων’
534 1919 621 1990 Ἐξ
654 1918 726 1971 ὧν
764 1917 859 1990 μὲν
893 1915 1042 1971 ἐννέα
1074 1916 1124 1969 ἐν
1167 1919 1235 1990 τῇ
1288 1913 1670 1992 ἀρχιερωσύνη
1720 1911 2007 1985 διετέλεσε,

365 2005 487 2062 δέκα
519 2004 579 2062 δὲ
608 2007 699 2062 καὶ
731 2005 856 2082 τρία
886 2004 938 2060 ἐν
968 2009 1038 2080 τῇ
1071 2004 1269 2081 ἐξορίᾳ.

908 2123 1093 2178 MBNl
1130 2125 1214 2176 ΤΩ
1252 2122 1455 2178 ΑΥΤΩ.

1155 2211 1210 2263 ι..

361 2311 625 2384 Ἀθλησις
681 2314 778 2367 τοῦ
863 2309 1017 2384 ἁγίου
1089 2307 1359 2384 μάρτυρος
1446 2305 1855 2364 Λουκιλλιανοῦ
1915 2302 2004 2363 καὶ

871 2379 973 2451 τῆς
1005 2379 1098 2436 συν
1106 2379 1478 2441 οδίαςάύτοῦ.

430 2481 894 2543 Λουκιλλιανὸςὸ
945 2485 1043 2536 τοῦ
1091 2481 1327 2553 Χριστοῦ
1379 2477 1605 2552 μάρτυς,
1653 2479 1718 2548 ἦν
1771 2480 1860 2535 ἐπὶ
1907 2485 2008 2548 τῆς

364 2571 640 2646 βασιλείας
672 2570 1048 2644 Αὖρηλιανοῦ,
1077 2568 1341 2642 πρότερον
1382 2567 1557 2643 ἱερεὺς
1604 2573 1713 2622 τῶν
1761 2566 2007 2624 εἰδώλων

366 2661 624 2736 ὑπάρχων
659 2660 712 2715 ὲν
736 2664 806 2735 τῇ
838 2659 997 2714 πόλει
1031 2656 1424 2732 Νικομηδείας,
1458 2660 1688 2733 γηραιὸς
1732 2661 1833 2728 τήν
1875 2659 2006 2729 ἡλι-

362 2749 501 2808 κίαν.
536 2750 860 2811 Μετατεθεὶς
919 2747 978 2802 δὲ
1032 2748 1170 2823 πρὸς
1223 2749 1322 2816 τήν
1379 2747 1454 2809 εἲς
1513 2749 1740 2822 Χριστὸν
1802 2749 2002 2821 πίστιν,

363 2838 657 2913 ἐκρατήθη,
707 2843 798 2892 καὶ
857 2835 1128 2906 παρεδόθη
1189 2831 1443 2906 Σιλϐανῴ
1497 2840 1578 2908 τῷ
1633 2837 1860 2909 κόμητι·
1914 2837 2004 2892 καὶ

367 2929 438 3001 μὴ
468 2928 704 2988 πεισθεὶς
758 2928 1090 3002 ἀρνήσασθαι
1141 2927 1233 2979 τὸν
1280 2925 1537 3000 Χριστὸν,
1586 2923 1871 3002 συνετρίϐη
1916 2926 2000 2982 λί-

368 3018 476 3078 θοις
506 3017 570 3070 τὸ
605 3015 938 3090 πρόσωπων,
986 3015 1075 3069 καὶ
1121 3015 1336 3092 τυφθεὶς
1385 3009 1654 3088 ῥαϐδίοις,
1699 3013 2000 3090 ἐκρεμάσθη

364 3107 496 3160 κατᾶ
523 3103 769 3184 κεφαλῆς
801 3104 889 3159 ἐπὶ
920 3103 1104 3176 ξύλου.
1139 3104 1269 3158 Εἶτα
1329 3101 1556 3177 βληθείς
1615 3103 1683 3165 ιίς
1729 3101 2000 3182 φυλακὴν,

359 3195 506 3271 εὗρεν
539 3193 652 3250 ἐκεῖ
681 3191 870 3250 παιδία
927 3192 1156 3267 τέσσαρα
1214 3190 1304 3247 διὰ
1357 3200 1456 3261 τήν
1517 3192 1592 3256 είς
1640 3194 1871 3268 Χριστὸν
1902 3196 1996 3250 πί·
2031 3214 2075 3281 C

359 3305 468 3340 στιν
525 3282 969 3353 ἀποκλεισθέντα,
1060 3277 1352 3352 Κλαύδιον,
1439 3280 1710 3354 Ὑπάτιον,
1760 3282 2000 3360 Παῦλον⁹

357 3375 444 3429 καὶ
504 3373 800 3440 Διονύσιον,
853 3371 944 3426 καὶ
1001 3370 1312 3446 περιχαρὴς
1369 3369 1662 3444 γενόμενος
1725 3369 2004 3447 ἐστήριξεν

361 3462 492 3517 αὑτά
521 3463 658 3537 πρὸς
681 3463 781 3531 τὴν
814 3460 1018 3516 πίστιν.
1079 3465 1178 3514 Και
1241 3457 1374 3531 μετὰ
1431 3457 1606 3512 αὐτῶν
1664 3464 1743 3530 τῷ
1797 3461 2002 3534 κόμητι

361 3552 508 3614 αὗθις
556 3550 859 3625 παραστάς,
914 3548 1004 3604 καὶ
1067 3550 1143 3622 μή
1226 3549 1464 3611 παισθεὶς
1521 3547 1852 3621 ἀρνήσασθαι
1909 3551 2002 3606 τὸν

361 3641 612 3712 Χριστὸν,
644 3633 919 3708 ἐνεϐλήθη
955 3637 1031 3698 εἷς
1084 3638 1311 3707 κάμινον
1364 3634 1554 3711 πυρός.
1614 3635 1714 3691 Καὶ
1775 3636 2003 3707 ἐξελθὼν

363 3722 633 3796 ἀϐλαϐής,
683 3729 834 3802 ἢχθη
895 3723 1118 3798 δέσμιος
1171 3726 1306 3798 μετὰ
1355 3729 1462 3779 τῶν
1522 3722 1752 3780 παιδίων
1813 3727 1888 3788 εἰς
1944 3728 2007 3782 τὸ

367 3816 674 3884 Βυζάντιον.
736 3817 837 3872 Καὶ
891 3815 956 3869 τὰ
1025 3815 1119 3887 μὶν
1206 3810 1395 3868 παιδία
1479 3814 2004 3892 ἀπεκεφαλίσθησανο

366 3905 522 3969 αὐτὸς
556 3904 613 3960 δὲ
641 3909 854 3978 σταυρῷ
882 3904 1286 3982 προσηλωθεὶς,
1317 3903 1636 3975 ἐτελειώθη.

363 4032 468 4086 Καὶ
543 4032 772 4104 ἄθλησις
857 4035 956 4097 τῆς
1036 4030 1201 4106 ἁγίας.
1271 4033 1542 4106 μάρτυρος
1626 4028 1849 4102 Παύλης
1905 4037 2005 4102 τῆς

1037 4103 1330 4177 παρθένου.

429 4229 489 4286 Ἦ
529 4233 628 4284 τοῦ
683 4233 929 4305 Χριστοῦ
989 4229 1192 4301 μάρτυς
1253 4226 1464 4298 Παῦλα,
1525 4230 1883 4305 συμπάροῦσα
1936 4231 2006 4302 τῇ

364 4317 588 4390 ἀθλήσει
619 4319 708 4373 καὶ
737 4323 857 4381 τοῖς
899 4317 1242 4392 ἀγωνίσμασι
1296 4321 1402 4371 τῶν
1451 4315 1616 4393 ἁγίων
1668 4315 2010 4372 Λουκιλλια-

360 4413 452 4462 νοῦ
479 4409 570 4462 καὶ
601 4412 708 4462 τῶν
741 4404 978 4475 παίδων,
1010 4407 1147 4461 κατὰ
1184 4426 1244 4460 τε
1308 4407 1406 4476 τὴν
1459 4404 1708 4482 φυλακὴν
1768 4407 1860 4461 καὶ
1904 4407 2004 4476 τήν

363 4493 479 4550 ὁδὸν
513 4497 879 4571 ἀπεσπόγγιζε
905 4494 972 4550 τά
995 4492 1221 4568 αΊματα.
1258 4493 1349 4549 καὶ
1402 4498 1508 4548 τῶν
1559 4496 1888 4570 τραυμάτων
1943 4497 2010 4550 τά

2120 1910 2367 1978 tiﬁcatu,
2400 1911 2461 1966 in
2490 1912 2698 1968 exsilio
2731 1912 3016 1968 tredecim
3047 1912 3258 1984 exegit.

2676 2117 2919 2173 EODEM
2959 2117 3209 2172 MENSE.

2785 2216 2884 2270 Die
2925 2216 3100 2270 tertia

2117 2303 2402 2359 Certamen
2457 2302 2640 2358 sancti
2694 2307 2958 2374 martyris
3011 2302 3316 2360 Lucilliam'
3369 2311 3422 2360 et
3467 2307 3764 2365 sociorum.

2185 2481 2549 2536 Lucillianus
2570 2481 2787 2538 Christi
2807 2488 3050 2554 martyr,
3070 2483 3389 2539 Aureliano
3411 2484 3764 2555 imperante,

2114 2571 2374 2641 primum
2399 2571 2642 2641 quidem
2662 2571 2957 2626 idolorum
2977 2573 3256 2628 sacerdos
3293 2573 3506 2640 fuerat,
3535 2573 3596 2627 in
3619 2571 3764 2628 urbe

2115 2659 2472 2713 Nicomedia;
2492 2667 2778 2730 provecta)
2821 2664 2947 2730 jam
2983 2662 3172 2716 aetatis
3199 2679 3212 2728 ;
3245 2661 3460 2717 deinde
3480 2661 3553 2716 ad
3585 2661 3764 2716 fidem

2114 2747 2330 2802 Christi
2352 2764 2689 2816 conversus,
2724 2750 3189 2820 comprehensus
3211 2755 3322 2818 est,
3345 2757 3405 2806 et
3432 2750 3633 2806 comiti
3658 2749 3762 2804 Sil-

2112 2853 2260 2890 vano
2286 2836 2556 2891 traditus.
2580 2837 2842 2907 Cumque
2872 2837 3072 2891 induci
3102 2854 3220 2891 non
3261 2844 3480 2909 posset,
3508 2846 3573 2893 ut
3597 2839 3762 2892 Chri-

2115 2930 2269 2978 stum
2305 2925 2646 2996 abnegaret,
2701 2924 2936 2995 lapidus
2984 2925 3133 2979 facie
3165 2931 3474 2994 contusus,
3500 2932 3558 2980 et
3587 2926 3762 2997 virgis

2113 3032 2320 3079 caesus,
2355 3015 2588 3069 inverso
2611 3015 2802 3086 capite
2828 3015 2890 3068 in
2916 3013 3236 3084 equuleum
3261 3015 3490 3086 rapitur
3514 3033 3527 3070 :
3557 3021 3678 3070 tum
3699 3015 3760 3068 in

2113 3119 2412 3159 carcerem
2444 3105 2769 3176 conjectus,
2805 3109 3060 3175 quatuor
3107 3120 3321 3174 pueros
3371 3103 3595 3158 ibidem
3623 3103 3760 3158 ﬁdei

2113 3192 2461 3248 Christianae
2493 3209 2672 3248 causa
2701 3191 2964 3248 inclusos
2993 3193 3232 3263 reperit,
3266 3192 3576 3247 Claudium
3607 3193 3760 3248 scili-

2113 3288 2226 3347 cet,
2255 3282 2590 3353 Hypatium,
2624 3281 2875 3336 Paulum
2907 3287 2966 3335 et
2989 3281 3338 3351 Dionysium
3367 3297 3379 3335 :
3415 3297 3583 3352 quos,
3615 3297 3757 3354 gau-

2112 3369 2208 3424 dio
2242 3371 2532 3441 perfusus,
2567 3370 2628 3424 in
2660 3370 2775 3426 fide
2800 3371 3191 3438 conﬁrmavit,
3223 3376 3283 3426 et
3310 3387 3430 3426 una
3458 3389 3585 3427 cum
3637 3373 3760 3429 illis

2112 3459 2328 3514 iterum
2355 3460 2555 3515 comiti
2577 3459 2810 3515 oblatus
2839 3460 2952 3514 fuit
2974 3477 2987 3515 :
3010 3476 3046 3514 a
3075 3476 3190 3530 quo
3212 3476 3346 3515 cum
3369 3460 3442 3515 ad
3463 3461 3760 3518 Christum

2115 3548 2468 3619 ejurandum
2498 3548 2711 3604 adduci
2769 3548 3153 3619 nequivisset,
3184 3549 3246 3603 in
3277 3549 3576 3605 caminum
3608 3552 3758 3624 ignis

2114 3637 2440 3701 immissus,
2474 3643 2532 3692 et
2561 3638 2688 3692 sine
2719 3653 2872 3692 noxa
2901 3635 3038 3691 inde
3069 3652 3361 3708 egressus,
3394 3654 3528 3692 cum
3560 3641 3762 3710 pueris

2114 3726 2345 3782 vinctus
2376 3727 2714 3797 Byzantium
2769 3725 2982 3780 ductus
3032 3730 3155 3780 est:
3189 3724 3289 3779 ubi
3322 3727 3492 3796 pueri
3521 3728 3764 3798 quidem

2115 3819 2306 3888 capite
2337 3816 2493 3888 plexi
2533 3821 2710 3883 sunt;
2769 3815 2894 3886 ipse
2925 3831 3061 3869 vero
3093 3815 3158 3869 in
3215 3829 3451 3870 crucem
3502 3817 3761 3890 afﬂixus,

2113 3906 2343 3967 vivendi
2372 3907 2552 3961 ﬁnem
2581 3904 2737 3960 fecit.

2222 4029 2292 4081 Et
2333 4031 2609 4081 certamen
2630 4028 2843 4080 sanctae
2871 4023 3130 4091 martyris
3182 4021 3371 4078 Paula:
3399 4023 3650 4092 virginis.

2186 4225 2404 4295 Martyr
2436 4219 2648 4277 Christi
2680 4219 2864 4275 Paula
2893 4234 3027 4274 cum
3059 4234 3322 4289 praasens
3375 4217 3611 4274 adesset
3639 4236 3764 4274 cer-

2116 4312 2327 4367 tamini
2384 4315 2442 4366 et
2487 4308 2863 4365 conflictibus
2912 4312 3256 4379 sanctorum
3312 4307 3647 4376 Lucilliani,
3708 4314 3769 4366 et

2115 4416 2452 4473 pueroram,
2483 4404 2604 4455 tam
2634 4398 2695 4452 in
2725 4413 2983 4464 carcere,
3012 4413 3190 4467 quam
3236 4413 3345 4466 per
3371 4397 3525 4452 viam
3559 4414 3765 4454 eorum

2117 4489 2468 4562 sanguinem
2499 4492 2558 4542 et
2586 4486 2830 4542 vulnera
2859 4486 3106 4557 spongia
3134 4484 3494 4556 detergebat,
3527 4492 3761 4542 sancto-

361 4582 515 4654 ἔλκη,
549 4585 917 4659 θεραπεύουσα
947 4585 1082 4638 κατὰ
1123 4581 1351 4656 δύναμιν
1400 4586 1508 4637 τῶν
1562 4583 1730 4658 ἁγίων
1779 4585 1844 4638 τά
1896 4585 2004 4638 σώ-

2117 4597 2246 4635 rum
2279 4593 2529 4649 corpora
2559 4593 2664 4646 pro
2686 4575 2908 4628 viribus
2935 4590 3170 4628 curans.
3196 4575 3333 4626 Erat
3363 4573 3522 4627 enim
3555 4591 3625 4630 ex
3653 4591 3761 4646 pa.-

365 4693 520 4745 ματα*
577 4674 644 4743 ἦν
701 4674 802 4748 γὰρ
856 4672 916 4728 ἐκ
967 4672 1251 4748 προγόνων
1311 4673 1603 4746 Χριστιανή
1663 4674 1750 4726 καὶ
1811 4676 2000 4744 πιστή,

361 4763 455 4817 Καὶ
482 4767 646 4818 τοῦτο
674 4756 828 4838 ἔργον
878 4761 946 4830 ἦν
988 4761 1144 4835 αὐτῇ,
1199 4760 1260 4815 τὸ
1321 4761 1730 4824 ἐπισκέπτεσθαι
1789 4761 1916 4824 τοὺς
1949 4762 2000 4817 ἐν

361 4848 646 4926 φυλακαῖς,
703 4850 974 4913 καὶτοὺς
1046 4850 1179 4924 ὑπὲρ
1267 4850 1510 4924 Χριστοῦ
1599 4853 2004 4924 μαρτυροῦντας

361 4939 688 5015 θεραπεύειν,
747 4938 838 4995 καὶ
893 4936 1214 5016 διατρέφειν.
1275 4937 1373 4992 Διὰ
1425 4941 1592 4992 ταῦτα
1648 4938 1741 4992 οὗν
1797 4959 2002 5014 κρατη-

361 5031 529 5101 θεῖσα,
561 5029 713 5106 ἢχθη
745 5029 836 5084 καὶ
897 5028 1032 5096 αύτή
1091 5028 1228 5102 πρὸς
1283 5028 1373 5082 τὸν
1427 5027 1648 5101 κόμητα
1708 5024 2000 5086 Σιλϐανόν.

359 5118 568 5192 Καὶμή
602 5120 878 5173 πεισθεῖσα
919 5119 1074 5171 θῦσαι
1117 5122 1233 5178 τοῖς
1285 5113 1564 5186 εἰδώλοις,
1624 5114 1824 5194 ἐτύφθη
1879 5138 2004 5194 σφο-

359 5206 516 5280 δρῶς,
547 5209 635 5265 καὶ
667 5216 784 5271 ταῖς
816 5211 1100 5288 ἐπιφοραῖς
1133 5211 1240 5262 τῶν
1293 5202 1506 5282 ῥάϐδων
1563 5206 1624 5261 τὸ
1674 5212 1835 5278 σῶμα
1885 5210 2004 5261 δια-

357 5297 596 5371 λυθεῖσα,
651 5299 936 5371 ἐπνστασίᾳ
982 5299 1212 5376 ἀγγὲλου
1258 5297 1466 5374 ἐγένετο
1517 5297 1694 5372 ὑγιής.
1747 5299 1851 5352 Καὶ
1897 5299 2000 5353 πά-

360 5386 440 5442 λιν
471 5395 846 5465 προσαχθεῖσα
892 5393 970 5459 τῷ
1023 5388 1255 5460 κόμητι,
1315 5386 1391 5449 εἰς
1450 5386 1680 5458 κάμινον
1729 5381 1998 5457 ἐνεϐλήθη

359 5480 522 5554 πυρός
579 5480 676 5534 Καὶ
738 5477 1027 5550 ἐξελθοῦσα
1084 5471 1358 5546 ἀϐλαϐὴς,
1417 5475 1666 5552 ἐπέμφθη
1725 5474 1814 5528 καὶ
1862 5475 1996 5546 αὐτή

357 5567 429 5633 είς
457 5570 515 5625 τὸ
547 5566 867 5639 Βυζάντιον,
897 5568 987 5622 καὶ
1047 5565 1448 5644 ἀπεκεφαλίσθη
1499 5563 1622 5620 ἔνθα
1669 5563 1758 5619 καὶ
1791 5565 1818 5618 ὁ
1849 5561 2000 5641 ἅγιος

359 5657 773 5721 Δουκιλλιανός.

2113 4668 2384 4725 rentibus
2415 4663 2764 4720 Christianis
2822 4667 3111 4734 prognata
3144 4702 3157 4726 ,
3193 4665 3252 4714 et
3280 4660 3340 4714 in
3372 4661 3431 4716 id
3463 4664 3760 4735 prmcipue

2115 4760 2450 4820 intenta,ut
2470 4768 2704 4808 carcere
2737 4750 3010 4804 detentos
3039 4749 3304 4803 visitaret
3332 4754 3388 4803 et
3419 4749 3763 4822 deserviret,

2115 4854 2291 4917 atque
2327 4845 2513 4899 aleret
2543 4858 2664 4905 eos,
2699 4839 2799 4911 qui
2823 4856 2928 4910 pro
2960 4839 3190 4894 Christo
3222 4839 3574 4909 martyrium
3606 4842 3763 4897 subi-

2113 4935 2275 4988 bant.
2300 4929 2695 4997 Quamobrem
2727 4926 3178 4998 comprebensa,
3203 4927 3358 4982 124
3383 4926 3560 4983 ducta
3588 4935 3678 4984 est
3706 4933 3766 4984 et

2111 5025 2241 5094 ipsa
2267 5020 2340 5077 ad
2379 5018 2654 5074 comitem
2687 5016 3030 5071 Silvanum:
3091 5031 3346 5085 cumque
3401 5015 3604 5073 induci
3642 5035 3764 5074 non

2111 5117 2313 5185 posset
2342 5108 2416 5164 ad
2449 5105 2904 5161 sacrificandum
2936 5105 3132 5170 idolis,
3157 5103 3480 5160 crudeliter
3508 5123 3681 5174 cassa,
3707 5112 3766 5162 et

2110 5198 2452 5257 verberibus
2475 5196 2766 5265 virgarum
2791 5199 2911 5249 toto
2934 5209 3179 5266 corpore
3211 5193 3516 5262 dilaniata,
3549 5195 3760 5267 angelo

2112 5293 2356 5348 curante
2379 5285 2696 5342 sanitatem
2722 5284 3110 5355 recuperavit.
3136 5285 3360 5342 Deinde
3383 5287 3458 5342 ad
3479 5286 3759 5341 comitem

2109 5380 2374 5444 reducta,
2408 5376 2470 5430 in
2500 5372 2808 5429 ardentem
2839 5373 3144 5428 fornacem
3184 5375 3406 5447 injecta
3435 5381 3561 5432 est:
3591 5391 3759 5430 cum-

2112 5487 2225 5542 que
2257 5466 2394 5521 inde
2421 5463 2608 5518 illaesa
2638 5461 2897 5529 exiisset,
2935 5463 3275 5534 Byzantium
3309 5471 3368 5520 et
3396 5466 3527 5536 ipsa
3553 5465 3758 5533 missa,

2111 5559 2320 5617 eodem
2351 5571 2468 5627 quo
2509 5557 2750 5610 sanctus
2808 5550 3170 5609 Lucillianus
3199 5552 3351 5624 loco,
3411 5551 3602 5624 capite
3630 5549 3763 5622 ple-

2109 5652 2309 5709 ctitur.
