4134 6302
401 328 518 390 487

955 457 1196 514 EODEM
1236 459 1380 513 ΜΕΝ
1385 458 1486 513 SE.

1059 568 1164 621 Die
1195 573 1406 639 quarta

401 660 673 713 Memoria
697 659 875 712 sancti
905 659 1088 712 Patris
1112 661 1289 712 nostri
1320 658 1688 727 Metrophanis
1710 655 2051 726 patriarcha

909 747 1530 817 Constantinopolitani.

472 836 718 890 Sanctus
749 837 922 890 Pater
955 842 1157 890 noster
1187 837 1616 908 Metrophanes,
1677 835 1864 906 Magni
1894 838 2049 888 Con-

396 924 643 980 stantini
676 929 869 987 atate,
912 925 1021 978 fuit
1075 926 1330 996 Byzantii
1364 926 1698 996 episcopus,
1731 922 1905 977 Probi
1938 923 2046 976 im-

392 1014 686 1085 peratoris
734 1016 1232 1086 consanguineus.
1267 1018 1585 1086 Postquam
1615 1031 1752 1068 vero
1809 1015 2048 1081 Magnus

393 1103 820 1158 Constantinus
857 1105 1111 1174 Byzantii
1155 1104 1409 1158 adiﬁcia
1458 1104 1821 1174 ampliasset,
1854 1107 2048 1156 muta-

393 1197 574 1262 toque
627 1193 872 1247 nomine
928 1193 1501 1263 Constantinopolim
1552 1192 1929 1263 appellasset,
1971 1188 2044 1244 ad

389 1281 849 1353 patriarchalem
872 1281 1217 1353 dignitatem
1240 1288 1548 1352 provectus
1571 1287 1680 1346 est,
1715 1280 2042 1336 secundum

391 1385 426 1424 a
455 1372 718 1424 Romano
742 1369 938 1425 locum
961 1371 1254 1425 obtinens.
1289 1372 1650 1442 Congregata
1680 1387 1817 1425 vero
1851 1370 2043 1440 prima

390 1459 596 1512 Nicaa
631 1458 877 1529 synodo,
915 1460 1325 1530 Metrophanes
1360 1459 1696 1530 patriarcha
1726 1459 1799 1513 ob
1833 1473 2041 1512 senec-

395 1551 580 1601 tutem
609 1552 787 1617 atque
809 1547 1225 1617 agritudinem
1239 1548 1503 1603 defectus
1516 1548 1763 1614 viribus,
1785 1547 2040 1602 Alexan-

387 1636 560 1690 drum
576 1637 835 1708 primum
850 1639 1283 1709 presbyterum,
1311 1655 1486 1710 quem
1518 1643 1579 1693 et
1607 1654 1779 1692 suum
1813 1653 2040 1692 succes-

386 1741 580 1780 sorem
616 1727 972 1794 nominarat,
1000 1728 1153 1782 vices
1186 1744 1323 1782 suas
1353 1727 1414 1782 in
1447 1728 1700 1782 concilio
1731 1733 2036 1796 gesturum

1719 320 2149 384 MENOLOGII
2193 319 2400 383 PARS
2441 320 2549 382 III.

2081 459 2133 524 Α
2712 453 2894 510 MHNI
2931 453 3022 509 ΤΩ
3063 454 3256 510 ΑΥΤΩ.

3691 320 3819 381 488

2953 567 2989 614 Δ

2167 659 2378 730 Μνήμη
2437 663 2534 713 τοῦ
2582 658 2867 736 έν-ἁγίοις
2927 659 3136 733 [ἰατρὸς
3191 660 3350 736 tua?
3405 659 3816 736 Μητροφάνους

2471 729 2818 805 πατριάρχου
2851 729 3491 792 Κωνσταντινουπόλεως.

2232 829 2627 904 Μητροφάνης,
2662 830 2690 883 ὁ
2738 827 2791 883 έν
2842 827 3016 904 ἁγίοις
3075 829 3261 898 Πατὴρ
3311 829 3497 899 ἡμῶν,
3557 828 3809 901 ὑπῆρχεν

2159 915 2210 970 έν
2240 922 2360 977 τοῖς
2392 917 2618 991 χρόνοις
2665 922 2764 971 τοῦ
2812 915 3052 992 μεγάλον
3102 916 3528 984 Κωνσταντίνου,
3576 915 3802 970 ἐπίσκο-

2158 1025 2258 1068 πος
2319 1006 2639 1074 Βυζαντίου,
2719 1005 2974 1079 συγγενὴς
3053 999 3270 1079 Πρόϐου
3351 1009 3449 1059 τοῦ
3509 1003 3805 1079 βασιλέως.

2155 1096 2304 1150 Μετά
2334 1092 2392 1148 δὲ
2420 1094 2482 1149 τὸ
2515 1091 2783 1148 έπικτίσαι
2833 1095 2894 1148 τὸ
2943 1095 3234 1162 Βυζάντιον
3288 1094 3379 1147 τὸν
3433 1093 3595 1168 μέγαν
3645 1093 3804 1148 Κων-

2157 1189 2456 1250 σταντῖνον,
2514 1183 2604 1237 καὶ
2665 1182 3033 1256 μετονομάσαι
3091 1181 3221 1237 αὐτὸ
3279 1181 3799 1237 Κωνσταντινοόπο-

2154 1273 2265 1340 λιν,
2321 1267 2692 1346 προεϐιῦάσθη
2787 1273 3156 1347 πατριάρχης,
3245 1268 3493 1345 δεύτερος
3573 1270 3800 1346 ταχθεὶς

2151 1366 2247 1416 τοῦ
2277 1362 2520 1432 Ῥώμης.
2577 1364 2691 1429 Τῆς
2741 1358 2798 1414 δὲ
2852 1361 2988 1415 κατὰ
3036 1359 3260 1414 Νίκαιαν
3321 1361 3799 1433 συναθροισθείσης

2151 1451 2374 1524 πρώτης
2428 1447 2670 1516 συνόδου,
2733 1451 2761 1505 ὁ
2818 1451 2914 1522 μὶν
2997 1449 3343 1524 πατριάρχης
3429 1449 3803 1527 Μητροφάνης

2152 1537 2240 1594 διὰ
2268 1547 2442 1615 γῆρας
2470 1539 2560 1594 καὶ
2603 1539 2760 1594 νόσον
2819 1539 3145 1617 ἀπελείφθη·
3203 1540 3293 1593 τὸν
3354 1535 3412 1593 δὲ
3467 1559 3800 1614 πρωτοπρε-

2150 1624 2406 1703 σϐύτερον
2437 1627 2600 1683 αὐτοῦ
2647 1625 3025 1703 Ἀλέξανδρυν,
3075 1627 3131 1682 ὅν
3177 1628 3266 1681 καὶ
3323 1623 3580 1703 διάδοχον
3629 1627 3799 1683 αὐτοῦ

2149 1715 2452 1788 ὠνόμασεν,
2485 1716 2798 1772 ἀπέστειλεν
2842 1718 2954 1771 ἀντ’
3003 1715 3186 1772 αὐτοῦ.
3226 1717 3375 1774 Μετά
3413 1712 3471 1771 δὶ
3515 1717 3578 1771 τὸ
3627 1715 3796 1771 ἐπαν-

389 1814 726 1869 destinavit.
788 1817 1108 1887 Postquam
1159 1833 1294 1871 vero
1343 1817 1686 1888 imperator,
1719 1821 1778 1870 et
1836 1821 2024 1871 sancta

2147 1803 2322 1869 ελθεῖν
2353 1805 2444 1861 τόν
2477 1827 2534 1861 τε
2569 1804 2792 1880 βασιλέα
2839 1806 2929 1860 καὶ
2986 1808 3086 1876 τήν
3141 1807 3289 1879 ἱεράν
3345 1803 3589 1873 σύνοδον,
3647 1809 3800 1879 πρῶ-

390 1904 653 1974 synodus
707 1904 958 1972 rediere,
1011 1923 1145 1960 cum
1201 1906 1598 1961 Alaxandrum
1652 1907 1929 1977 primum,
1983 1910 2042 1959 et

386 1993 636 2048 Paulum
677 1995 1078 2050 confessorem
1112 1996 1441 2051 secundum
1492 1995 1604 2050 sibi
1639 2011 2043 2050 successorem

391 2083 669 2155 suﬂragio
715 2101 818 2138 suo
873 2084 1260 2155 designasset,
1311 2085 1654 2157 imperatori
1711 2089 1768 2139 et
1816 2083 2041 2154 synodo

391 2170 548 2226 bona
577 2171 948 2242 adprecatus,
982 2174 1303 2244 requievit:
1345 2175 1474 2245 ejus
1513 2189 1648 2227 vero
1679 2172 1948 2242 reliquia
1979 2173 2040 2226 in

393 2259 581 2331 ipsius
611 2260 838 2316 adibus
870 2262 1154 2333 deposita
1185 2264 1369 2317 fuere.

942 2369 1184 2422 EODEM
1227 2368 1474 2422 MENSE.

1035 2474 1136 2530 Die
1173 2475 1383 2545 quinta

385 2579 537 2635 125
599 2578 879 2634 Certamen
961 2587 1276 2635 sancto-rum
1359 2587 1666 2650 martyrum
1747 2581 2032 2645 Marciani,

871 2670 1138 2723 Nicandri
1167 2676 1220 2723 et
1249 2671 1539 2724 sociorum.

457 2757 788 2812 Marcianus
836 2762 895 2811 et
939 2757 1231 2812 Nicander
1287 2758 1500 2813 Christi
1550 2763 1839 2828 martyres
1895 2773 2031 2812 cum

377 2845 558 2900 sociis
589 2846 736 2910 suis,
770 2846 832 2900 in
854 2848 1096 2918 Egypto
1130 2847 1279 2915 nati,
1303 2853 1544 2918 pr0pter
1572 2847 1785 2901 Christi
1810 2846 2034 2901 confes-

381 2935 611 2988 sionem
655 2935 1068 3006 comprehensi
1126 2941 1265 2990 sunt
1321 2952 1355 2991 a
1411 2937 1722 3007 prafecto:
1775 2952 2029 3005 cumque

375 3021 666 3077 adbibitia
696 3023 748 3076 vi
793 3024 1296 3095 compellerentur
1343 3025 1643 3080 Christum
1685 3025 1937 3093 ejurare,
1972 3029 2030 3078 et

371 3111 531 3166 idola
560 3112 777 3177 colere,
805 3129 915 3167 nec
946 3113 1006 3166 id
1027 3113 1219 3168 facere
1242 3113 1479 3181 vellent,
1505 3113 1761 3182 primum
1787 3112 2027 3182 quidem

2147 1916 2240 1949 τον
2270 1892 2531 1970 διάδοχον
2563 1897 2944 1970 ψηφισάμενος
2985 1892 3365 1970 Ἀλέξανδρον,
3397 1895 3486 1948 καὶ
3542 1891 3792 1967 δεύτερον

2148 1983 2362 2038 Παῦλον
2419 1985 2510 2038 τὸν
2572 1982 2954 2057 ὁμολογητήν,
3011 1984 3100 2037 καὶ
3184 1982 3542 2056 ἐπευξάμενος
3613 1983 3793 2058 ἀγαθά

2143 2076 2224 2143 τῷ
2259 2069 2474 2146 βασιλεῖ
2501 2071 2588 2124 καὶ
2643 2074 2711 2144 τῇ
2763 2067 2990 2143 συνόδῳ,
3045 2071 3401 2125 ἀνεπαύσατα·
3446 2071 3509 2124 τὸ
3561 2067 3618 2124 δὲ
3674 2070 3796 2125 λεί-

2145 2162 2312 2233 ψανον
2348 2159 2511 2213 αὐτοῦ
2543 2160 2696 2229 ἐτέθη
2730 2158 2780 2212 έν
2812 2163 2890 2230 τῷ
2922 2155 3057 2230 οἷ’κῳ
3091 2159 3276 2215 αὐτοῦ.

2677 2355 2860 2412 ΜΠΝΙ
2897 2356 2987 2412 ΤΩ
3025 2357 3230 2412 ΔΥΤΩ.

2933 2463 2993 2517 Ε,

2140 2569 2407 2638 ’Ἀθλησις
2463 2573 2574 2624 τῶν
2657 2570 2824 2645 ἁγίων
2916 2568 3203 2644 μαρτύρων

2137 2656 2394 2734 κάνδρου,
2424 2658 2513 2714 καί
2539 2665 2639 2727 τῆς
2673 2656 2924 2720 συνοδίας
2956 2656 3157 2715 αὐτῶν.

2210 2758 2519 2832 Μαρκιανὸς
2567 2757 2658 2811 καὶ
2706 2754 3028 2829 Νίκανδρος,
3061 2756 3111 2810 οἱ
3140 2759 3238 2810 τοῦ
3295 2761 3528 2830 Χριστοῦ
3585 2756 3788 2831 μάρτυ-

2138 2865 2249 2920 ρες,
2312 2844 2446 2917 μετᾶ
2499 2851 2599 2912 τῆς
2659 2841 2911 2904 συνοδίας
2966 2842 3168 2912 αὐτῶν,
3256 2844 3509 2918 ὑπῆρχον
3564 2842 3625 2898 ἐκ
3675 2851 3780 2914 τῆς

2133 2935 2323 3009 χώρας
2354 2933 2654 3008 Αίγῦπτου.
2701 2934 2798 2987 Καὶ
2847 2930 2937 2987 διὰ
2989 2932 3088 3000 τήν
3142 2932 3218 2994 είς
3267 2933 3497 3004 Χριστὸν
3556 2932 3780 3005 ὁμολο-

2129 3024 2248 3098 γίαν
2279 3023 2632 3097 κρατηθέντες
2681 3022 2783 3077 ὑπὸ
2833 3023 2930 3076 τοῦ
2983 3023 3276 3096 ἄρχοντος,
3327 3021 3419 3076 καὶ
3472 3022 3780 3097 βιασθέντες

2130 3112 2456 3184 ἀρνήσασθαι
2510 3114 2605 3184 μὲν
2660 3112 2752 3166 τὸν
2806 3111 3059 3185 Χριστὸν,
3110 3117 3480 3182 προσκυνῆσαι
3547 3109 3604 3166 δὲ
3653 3117 3773 3174 τοῖς

3291 2571 3609 2644 Μαρκιανοιῖ
3689 2577 3791 2624 Νι-

372 3199 517 3254 diris
532 3201 874 3254 verberibus
899 3203 1124 3272 excepti
1146 3203 1419 3256 fuerunt:
1449 3219 1585 3256 mox
1605 3202 1791 3256 latera
1813 3217 2018 3254 eorum

2136 3199 2400 3270 εἰδώλοις,
2432 3199 2524 3255 καί
2559 3201 2633 3273 μή
2667 3201 2994 3264 πεισθέντες,
3043 3204 3259 3274 πρῶτον
3314 3201 3408 3272 μὲν
3463 3199 3767 3274 ἐτύφθησαν

372 3288 748 3359 lampadibus
780 3296 984 3344 exusta
1017 3307 1030 3343 :
1063 3290 1280 3344 deinde
1314 3291 1608 3361 suspensi,
1659 3290 1868 3344 ferreis
1908 3306 2023 3343 un-

369 3377 524 3448 gulis
586 3377 826 3431 lacerati
888 3384 1046 3442 sunt,
1099 3396 1406 3449 quousque
1465 3396 1674 3433 carnes
1723 3395 1924 3432 eorum
1959 3378 2020 3432 in

367 3471 585 3519 terram
619 3466 980 3520 deciderent.
1004 3469 1214 3522 Postea
1239 3468 1606 3522 semimortui
1633 3467 1692 3521 in
1726 3483 2019 3522 carcerem

367 3554 593 3609 detrusi
625 3562 948 3624 apparente
985 3555 1105 3610 illis
1128 3557 1335 3625 angelo
1370 3557 1491 3621 Dei,
1521 3557 1709 3610 sanati
1743 3557 2014 3609 fuerunt:

367 3650 544 3714 atque
571 3645 653 3700 ita
682 3650 816 3715 post
846 3645 1065 3701 multos
1086 3646 1211 3700 dies
1241 3663 1270 3701 e
1300 3663 1532 3702 carcere
1559 3646 1684 3700 sani
1711 3650 1768 3700 et
1797 3644 2020 3698 incolu-

367 3749 494 3787 mes
519 3733 807 3788 exierunt.
833 3735 976 3788 Tum
1001 3751 1134 3790 vero
1155 3734 1227 3790 ad
1255 3735 1515 3789 tribunal
1547 3734 1805 3806 prafecti
1832 3733 2014 3788 addu-

365 3821 465 3886 cti,
501 3838 633 3875 cum
652 3827 892 3892 propter
908 3823 1019 3878 hoc
1052 3825 1403 3879 miraculum
1432 3824 1651 3878 multos
1678 3823 2014 3878 inﬁdelium

365 3909 438 3966 ad
490 3911 808 3964 Dominum
864 3914 1315 3980 convertissent,
1367 3914 1583 3968 iterum
1625 3914 1685 3966 in
1717 3929 2013 3968 carcerem

363 3999 642 4069 conjecti,
675 3997 899 4054 ibidem
932 4002 1162 4056 animas
1203 4019 1341 4057 suas
1372 4003 1490 4058 Deo
1525 4001 1840 4058 tradidere.

923 4266 1161 4320 EODEM
1195 4267 1337 4320 MEN
1344 4266 1445 4320 SE.

1028 4372 1131 4426 Die
1177 4377 1342 4426 sexta

360 4460 644 4516 Certamen
699 4466 1015 4516 sanctorum
1087 4468 1394 4531 martyrum
1460 4460 1756 4515 mulierum
1811 4460 2005 4530 Cyria,

892 4551 1124 4606 Valeria
1156 4557 1209 4606 et
1239 4549 1473 4605 Marcia.
1491 4595 1498 4603 .

423 4641 598 4713 Cyria
620 4639 838 4696 Christi
881 4644 1126 4712 martyr,
1187 4646 1246 4695 et
1305 4639 1552 4706 Valeria,
1582 4643 1641 4693 et
1669 4639 1903 4706 Marcia,
1936 4656 2007 4694 ex

352 4729 498 4785 urbe
531 4730 799 4784 Casarea
823 4729 1134 4785 Palestina
1166 4729 1454 4795 oriunda,
1481 4747 1515 4783 a
1535 4728 1791 4799 quodam
1814 4729 2008 4783 Chris-

355 4821 515 4874 tiano
548 4819 790 4887 edocta,
821 4821 1068 4890 ejuratis
1097 4821 1273 4876 idolis
1305 4821 1672 4891 impurisque
1699 4818 2005 4875 sacrificiis

359 4914 743 4962 accesserunt
773 4908 846 4963 ad
895 4910 1213 4977 Christum,
1247 4915 1305 4964 et
1333 4910 1638 4980 baptizata
1672 4915 1822 4963 sunt.
1861 4910 2004 4962 Tum

351 5011 487 5050 vero
514 4997 774 5066 quietam
795 4997 972 5052 vitam
997 4998 1155 5053 domi
1177 4999 1450 5071 agebant,
1470 5000 1530 5054 in
1555 4998 1743 5054 multa
1762 4998 2002 5071 pietate,

347 5084 412 5138 in
444 5084 678 5151 virtute,
713 5086 970 5157 jejunio,
1005 5087 1272 5142 oratione
1305 5093 1362 5141 et
1391 5088 1590 5159 vigilia
1619 5103 2000 5158 perseveran-

346 5177 455 5230 tes,
489 5172 796 5244 Deumque
829 5173 1238 5244 deprecantes,
1263 5180 1330 5228 ut
1359 5175 1650 5230 idolorum
1678 5176 2006 5246 impostura

343 5263 581 5333 penitus
608 5263 949 5334 exstirpata,
984 5279 1088 5332 per
1115 5264 1457 5318 universum
1481 5269 1770 5319 terrarum
1801 5263 2006 5318 orbem

345 5351 681 5406 Christiana
714 5351 860 5405 ﬁdes
915 5350 1254 5422 refulgeret,
1314 5357 1592 5421 motaque
1649 5352 1710 5404 in
1769 5358 2003 5406 sanctos

345 5439 681 5510 persecutio
707 5443 989 5494 cessaret.
1023 5440 1156 5494 Hac
1187 5455 1322 5493 cum
1353 5445 1615 5511 agerent,
1649 5439 1720 5494 ab
1754 5439 2006 5496 idolola-

341 5530 449 5584 tris
489 5529 700 5585 delata
749 5528 824 5584 ad
867 5527 1126 5597 regionis
1156 5529 1503 5600 prafectum
1539 5571 1552 5595 ,
1580 5528 1652 5582 ab
1705 5528 1808 5582 illo
1841 5544 2002 5583 com-

339 5621 529 5694 pulsa
560 5625 700 5678 sunt
728 5617 1032 5674 Christum
1075 5617 1389 5691 abnegare,
1425 5623 1484 5674 et
1512 5617 1672 5674 idola
1703 5617 1951 5674 adorare
1986 5635 2000 5674 :

2037 4541 2084 4605 D

2129 3285 2402 3366 σφοδρῶς,
2462 3291 2550 3344 καὶ
2604 3291 2698 3351 τὰς
2762 3287 3002 3364 πλευράς
3083 3286 3332 3361 λαμπάσι
3407 3291 3769 3358 κατεκάησαν.

2126 3385 2230 3436 Καί
2260 3382 2652 3454 κρεμασθέντες
2707 3381 2990 3449 ἐξέσθησαν
3055 3379 3190 3450 μετὰ
3239 3377 3480 3454 σιδηρῶν
3527 3381 3772 3455 ὀνύχων,

2122 3465 2226 3530 ἕως
2257 3471 2310 3524 αἱ
2343 3471 2536 3542 σάρκες
2585 3469 2760 3523 αὐτῶν
2816 3466 3005 3523 ἔπεσον
3061 3467 3145 3522 έπὶ
3203 3469 3304 3536 τήν
3359 3476 3485 3544 γῆν.
3547 3471 3774 3526 Ἔπειτα

2121 3553 2550 3624 ἀπεκλείσθησαν
2611 3555 2689 3616 εἰς
2765 3554 3014 3632 φυλακὴν
3063 3556 3350 3626 ἡμιθανεῖς
3411 3555 3769 3630 ὑπάρχοντες.

2120 3645 2286 3707 Ἔνθα
2338 3643 2614 3716 ἐπιφανεὶς
2676 3643 2862 3705 αὐτοῖς
2919 3643 3150 3718 ἃγγελος
3207 3645 3361 3711 Θεοῦ,
3419 3644 3770 3719 ἐθεράπευσεν

2122 3732 2340 3794 αὐτούς.
2413 3734 2510 3788 Καὶ
2573 3733 2705 3806 μετὰ
2759 3731 2974 3795 πολλὰς
3033 3735 3242 3806 ἡμέρας
3300 3733 3605 3804 ἐξελθόντες
3668 3743 3770 3805 τῆς

2120 3828 2370 3901 φυλακῆς
2461 3825 2652 3896 ὑγιεῖς,
2737 3823 2825 3876 καὶ
2930 3822 3298 3894 παραστάντες
3387 3822 3467 3895 τῷ
3576 3844 3770 3898 κριτη-

2121 3911 2222 3984 ρίῳ
2278 3916 2380 3966 τοῦ
2433 3912 2722 3987 ἄρχοντος,
2781 3909 3031 3972 πολλοὺς
3084 3916 3194 3965 τῶν
3253 3911 3491 3967 ἀπίστων
3566 3911 3656 3967 διὰ
3705 3913 3770 3967 τὸ

2117 4001 2298 4075 θαῦμα
2358 4001 2683 4075 ἐπέστρεψαν
2743 3999 2829 4054 ἐπὶ
2925 3999 3018 4054 τὸν
3099 4000 3322 4076 Κύριον.
3410 4002 3508 4056 Καὶ
3593 4001 3764 4056 πάλιν

2113 4090 2501 4168 παραδοθέντες
2531 4089 2770 4166 φυλακῆ,
2823 4087 2874 4143 έν
2928 4087 3063 4162 αὐτῇ
3119 4090 3200 4160 τῷ
3257 4094 3373 4162 Θεῷ
3423 4091 3518 4153 τὰς
3575 4091 3761 4165 ψυχὰς

2115 4180 2453 4258 παρέδωκαν.

2665 4268 2844 4323 ΜΗΝΙ
2885 4272 2973 4323 ΤΩ
3013 4270 3211 4325 ΑΥΤΩ.

2917 4373 2957 4441 ζ’

2109 4462 2377 4536 Ι’Λθλησις
2430 4467 2538 4518 τῶν
2582 4459 2782 4537 ᾐάγλίων.
2858 4460 3144 4537 μαρτό-ρ-ων
3198 4465 3468 4537 γυναικῶν
3539 4461 3762 4537 Κυρίας,

2580 4531 2871 4606 Βαλερίας,
2903 4531 2990 4587 καὶ
3025 4531 3295 4606 Μαρκίας.

2186 4633 2352 4709 Κυρία
2390 4633 2423 4700 ἡ
2475 4634 2572 4686 τοῦ
2631 4634 2864 4704 Χριστοῦ
2929 4629 3156 4703 μάρτυς,
3207 4630 3295 4685 καὶ
3355 4630 3615 4705 Βαλερία,
3670 4630 3763 4685 καὶ

2113 4724 2333 4797 Μαρκία
2391 4721 2643 4793 ὑπῆρχον
2703 4717 2762 4773 ἐκ
2813 4724 2913 4786 νῆς
2989 4717 3204 4782 πόλεως
3291 4720 3606 4792 Καισαρείας
3661 4725 3762 4789 τῆς

2115 4809 2508 4879 Παλαιστίνηςσ
2540 4807 2630 4862 καὶ
2673 4807 2774 4862 ὑπὸ
2822 4812 3146 4882 Χριστιανοῦ
3192 4830 3346 4872 τινος
3395 4806 3764 4883 διδαχθεῖσαι,

2115 4901 2481 4976 άρνησάμεναι
2520 4895 2587 4950 τὰ
2641 4893 2864 4963 εἴδωλα,
2925 4899 3016 4950 καὶ
3070 4899 3165 4957 τὰς
3229 4896 3493 4973 βδελυρὰς
3553 4898 3761 4966 θυσίας,

2113 4987 2428 5065 προσῆλθον
2488 4990 2567 5057 τῷ
2625 4987 2844 5059 Χριστῷ
2896 4985 2985 5040 καὶ
3045 4980 3464 5055 ἐϐαπτίσθησαν.
3553 4987 3654 5043 Καὶ
3705 4985 3760 5040 ἐν

2112 5078 2317 5153 ἠσυχίᾳ
2361 5074 2739 5147 καθεζόμεναι,
2795 5073 2848 5129 έν
2910 5073 3172 5148 οἰκήματι
3232 5072 3424 5149 διῆγον
3483 5074 3534 5130 έν
3595 5074 3763 5130 εὐλα-

2115 5164 2235 5239 ϐείᾳ
2264 5163 2452 5238 πολλῇ
2486 5163 2575 5217 καὶ
2629 5161 2819 5232 ἆρετῆ,
2876 5165 3099 5235 νηστείᾳ
3154 5163 3242 5219 καὶ
3301 5168 3608 5240 προσευχῇ,
3668 5163 3763 5218 καὶ

2113 5254 2383 5332 ἀγρυπνίᾳ
2434 5255 2954 5328 προσκαρτεροῦσαι,
3013 5252 3102 5308 καὶ
3162 5253 3251 5308 τὸν
3339 5254 3467 5308 Θεὸν
3523 5252 3765 5322 έξιλεού-

2119 5366 2291 5418 μεναι,
2347 5340 2440 5396 καὶ
2495 5338 2931 5415 παρακαλοῦσαι,
2985 5339 3136 5404 ὅπως
3221 5341 3501 5415 καταλυθῇ
3572 5342 3665 5415 μὲν
3725 5344 3761 5412 ἡ

2111 5439 2220 5489 τῶν
2265 5428 2511 5486 εἰδώλων
2571 5431 2749 5500 πλάνη
2805 5427 3052 5502 τελείως,
3113 5429 3410 5507 ἄναλάμψῃ
3472 5429 3592 5500 δέὴ
3651 5436 3764 5486 τῶν

2112 5523 2452 5598 Χριστιανῶν
2485 5518 2667 5580 πίστις
2700 5517 2776 5580 εἷς
2824 5520 2997 5575 πάντα
3051 5519 3142 5575 τὸν
3201 5521 3431 5594 κόσμον,
3489 5521 3578 5574 καὶ
3632 5517 3767 5574 παύ-

2112 5634 2272 5685 σηται
2308 5611 2335 5666 ὁ
2365 5610 2504 5665 κατᾶ
2529 5613 2639 5665 τῶν
2674 5609 2838 5686 ἁγίων
2883 5609 3149 5686 διωγμός.
3197 5611 3352 5667 Οὕτω
3403 5609 3460 5666 δέ
3507 5615 3763 5666 ποιοῦσαι
