4134 6302
261 348 383 418 ιεε

1799 350 2104 421 JUNIUS.

3570 380 3688 443 490

262 488 729 561 κατεμηνύθησαν
785 491 866 562 τῷ
921 489 1022 558 τῆς
1080 487 1270 564 χώρας
1325 484 1551 564 ἄρχοντι
1620 507 1765 562 παρα
1819 491 1885 544 τᾶ

1999 536 2012 562 ι
2043 496 2202 566 quod
2230 514 2367 556 cum
2392 501 2511 557 illae
2531 501 2724 560 facere
2756 503 3173 565 detrectarent.
3208 512 3521 570 tormentis
3544 516 3686 573 sub-

262 576 724 656 είδωλολατρῶνσ
793 578 882 636 καὶ
948 578 1362 654 ἀναγκασθεῖσαι
1409 580 1785 678 ⁵άρνήσασθαι
1837 579 1885 634 τε

2027 585 2228 678 jectm,
2261 590 2414 648 126
2443 591 2817 667 fustibusque
2842 613 3032 669 caesa,
3055 598 3211 658 inter
3232 600 3363 674 ipsa
3390 605 3682 678 supplicia

265 669 532 744 Χριστὸν,
593 669 687 724 καὶ
743 675 1118 746 προσκυνῆσαι
1177 673 1292 731 τοῖς
1351 665 1631 732 εἰδώλοις,
1699 668 1789 724 καὶ
1849 691 1885 742 μ

2034 675 2212 734 vitam
2241 678 2544 739 finierunt.

265 757 698 832 καταδεξάμεναι
755 763 921 814 ταῦτα
998 764 1248 830 ποιῆσαι,

267 849 691 924 μαστιζὸμεναι,
721 848 774 905 ἂν
803 847 991 913 αὐταῖς
1019 847 1316 925 τιμωρίαις
1349 847 1767 919 ιτελειώθησαν.

827 958 1013 1016 MHNI
1049 958 1141 1106 ’πὲρ
1178 960 1373 1036 arm.

1335 752 1528 813 ἔϐασαν
1540 755 1784 828 ίσθησαν,
1836 759 1927 814 καὶ

2581 975 2822 1033 EODEM
2859 977 3004 1034 ΜΕΝ
3010 977 3109 1036 SE.

2650 1065 2753 1122 Die
2784 1067 3037 1139 septima

252 1135 560 1207 Ἀθλησις,
617 1135 710 1192 καὶ
769 1132 1076 1226 ἀνακομιδή
1102 1138 1266 1236 Δτοξι
1292 1133 1557 1210 λειψάνυυ
1612 1139 1710 1192 τοῦ
1767 1133 1885 1212 άγίο

2031 1149 2313 1206 Certamen
2352 1157 2404 1206 et
2433 1132 3135 1236 translatic)__religuiarum
3178 1163 3358 1220 sancti
3403 1171 3666 1236 martyris

797 1204 1073 1284 μάρτυρος
1101 1204 1390 1266 Θεοδότου.

332 1322 600 1387 Θεόδοτος
624 1323 652 1378 ὁ
673 1326 770 1377 τοῦ
786 1326 1032 1399 Χριστοῦ
1050 1321 1254 1398 μάρτυς
1273 1323 1519 1399 ὑπῆρχεν
1537 1321 1599 1378 ἐκ
1615 1328 1714 1390 τῆς
1731 1324 1918 1398 χώρας

254 1419 358 1482 τῆς
386 1410 683 1483 Γαλατίας,
716 1410 931 1488 χωρίου
961 1410 1182 1470 Μαλοῦ.
1241 1412 1470 1468 Θάπτων
1505 1408 1563 1467 8‘s
1591 1416 1699 1467 τῶν
1748 1413 1914 1489 ἁγίων

261 1501 556 1576 μαρτύρων
601 1501 669 1557 τὰ
719 1499 970 1576 λείψανα,
1027 1496 1296 1573 διεϐλήθη
1355 1506 1435 1574 τῷ
1495 1508 1596 1573 τῆς
1653 1503 1915 1580 ’Λγκύρας

257 1590 514 1667 ἄρχοντι,
543 1592 636 1646 καὶ
671 1591 960 1667 κρατηθεὶς
991 1590 1347 1661 ἀπεκλείσθη.
1391 1592 1521 1648 Εἶτα
1570 1591 1648 1654 εἷς
1703 1591 1912 1667 ἐρώτη-

258 1702 340 1736 σιν
375 1681 594 1756 ἀχθεὶς,
645 1679 865 1736 ἀντεῖπε
912 1677 1166 1759 σφοδρῶς
1220 1684 1302 1753 τῷ
1351 1678 1603 1757 ἄρχοντι,
1652 1681 1742 1736 καὶ
1787 1682 1916 1745 τοὺς

253 1767 547 1840 Ἐλλήνων
606 1767 762 1832 θεοὺς
809 1767 1097 1845 ἐχλεύασε,
1149 1769 1238 1824 καὶ
1295 1769 1424 1833 τοὺς
1481 1775 1914 1844 προσκυνοῦντας

2704 1227 2983 1285 Theodoti.

2099 1321 2432 1380 Theodotus
2462 1325 2675 1381 Christi
2707 1335 2932 1402 martyr
2966 1331 3028 1387 in
3079 1333 3318 1390 Galatiae
3367 1338 3672 1408 provincia

2025 1409 2088 1464 in
2121 1411 2364 1468 castello
2396 1413 2544 1470 Malo
2575 1421 2770 1485 natus,
2803 1435 2938 1475 cum
2971 1429 3308 1480 sanctorum
3339 1435 3667 1501 martyrum

2023 1499 2308 1572 reliquias
2331 1503 2869 1575 sepeliret,delatus
2890 1511 3045 1581 apud
3067 1514 3311 1586 Ancyrae
3327 1499 3666 1588 praesidem,

2023 1593 2081 1643 et
2101 1596 2329 1662 captus,
2355 1591 2415 1648 in
2439 1609 2737 1651 carcerem
2755 1597 3109 1655 detruditur.
3136 1605 3260 1659 Mox
3289 1605 3362 1659 ad
3385 1610 3662 1678 quaestio-

2021 1694 2157 1732 nem
2181 1678 2412 1748 ductus,
2447 1683 2683 1751 praesidi
2706 1686 3087 1745 vehementer
3110 1694 3668 1757 contradixit.deos-

2019 1783 2134 1838 que
2169 1768 2501 1826 Graecorum
2522 1771 2727 1841 irrisit,
2754 1792 3076 1850 eorumque
3098 1780 3442 1840 adoratores
3470 1785 3666 1846 fatuos

255 1860 457 1923 αὐτοὺς
517 1860 760 1936 μωροὺς,
813 1860 903 1916 καὶ
961 1859 1183 1925 ἀθλίους
1241 1860 1560 1921 ἀπεκάλεσε.
1622 1864 1762 1921 Τότε
1815 1886 1879 1919 τυ

2022 1861 2080 1910 et
2108 1855 2359 1913 miseros
2389 1860 2723 1931 appellavit.
2757 1865 2901 1921 Tum
2934 1883 3067 1924 vero
3086 1873 3428 1942 gravissime
3451 1892 3662 1945 caesus,

256 1950 409 2030 φθεῖς
469 1947 748 2030 σφοδρῶς,
829 1949 1133 2026 ἐκρεμάσθη
1207 1948 1294 2006 ἐπὶ
1368 1949 1555 2023 ξύλου’
1639 1953 1729 2008 καὶ
1810 1955 1906 2019 τὰς

253 2039 498 2118 πλευρὰς
566 2040 672 2096 ὑπὸ
730 2037 1035 2114 λαμπάδων
1094 2041 1351 2112 κατεκάη,
1411 2042 1502 2097 καὶ
1563 2040 1748 2116 ἐξέσθη
1806 2044 1902 2106 τὰς

253 2131 479 2206 σάρκας.
543 2130 648 2187 Καὶ
711 2135 844 2204 μετὰ
897 2135 1064 2185 ταῦτα
1140 2125 1325 2186 λαϐὼν
1398 2132 1499 2202 τὴν
1559 2128 1649 2186 διὰ
1721 2131 1905 2212 ξίφους

252 2219 547 2298 ἀπόφασιν,
581 2219 951 2291 προσηύξατο,
981 2220 1070 2275 καὶ
1105 2218 1278 2282 οὕτως
1327 2218 1538 2293 ἐτμήθη
1594 2222 1694 2291 τὴν
1737 2243 1899 2297 κεφα-

252 2307 383 2379 λήν.
417 2302 790 2384 Πρεσϐύτερος
831 2305 888 2364 δέ
915 2329 1020 2379 τις,
1074 2306 1330 2382 Φρόντων
1371 2308 1604 2382 τόνομα,
1657 2306 1784 2366 ἰδὼν
1835 2311 1899 2367 τὸ

253 2395 515 2472 λείψανον
576 2398 749 2455 αὐτοῦ
837 2398 939 2453 ὑπὸ
1023 2401 1370 2473 στρατιωτῶν
1467 2397 1897 2477 φυλαττόμενον,

248 2486 468 2558 ἀπῆλθε
519 2484 656 2562 πρὸς
715 2485 933 2556 αὐτοὺς,
1008 2487 1100 2543 καὶ
1177 2487 1645 2566 ἐφιλοφρονήσατο
1700 2489 1895 2555 αὐτοὺς

244 2574 400 2651 οἴνῳ,
457 2576 549 2633 καὶ
599 2575 690 2633 ὅτε
748 2576 1024 2646 ὕπνωσαν,
1082 2572 1270 2634 λαϐὼν
1327 2577 1390 2634 τὸ
1459 2576 1739 2655 λείψανον,
1805 2581 1895 2636 καὶ

237 2663 445 2730 ἔπιθεῖς
473 2671 544 2742 τῇ
578 2665 688 2742 ὄνῳ
713 2665 900 2738 αὐτοῦ,
933 2668 1223 2745 ἀπαγαγὼν
1254 2661 1447 2742 ἔθαψεν
1481 2666 1534 2724 ἐν
1576 2672 1654 2741 τῷ
1700 2669 1896 2745 χωρίῳ

238 2757 430 2828 αὐτοῦ,
463 2755 632 2833 βρύον
665 2755 868 2832 ἰάματα
901 2755 1069 2831 μέχρι
1098 2763 1199 2827 τῆς
1232 2757 1498 2833 σήμερον.

242 2873 344 2932 Καὶ
397 2871 635 2944 ἄθλησις
688 2877 798 2929 τῶν
857 2871 1380 3004 ἆγὲἲέκῶἶέτύρων
1439 2871 1746 2948 Νικάνδρου
1800 2875 1892 2935 καὶ

954 2949 1236 3021 αρκιανοῦ.

305 3059 608 3140 Νίκανδρος
637 3063 728 3120 καὶ
785 3064 1119 3140 Μαρκιανὸς,
1158 3065 1210 3119 οἱ
1239 3067 1337 3120 τοῦ
1394 3070 1630 3140 Χριστοῦ
1680 3067 1892 3141 μάρτυ-

235 3173 343 3225 ρες,
380 3153 635 3229 ὑπῆρχον
672 3154 769 3226 μὶν
823 3153 922 3222 τὴν
971 3153 1120 3225 τάξιν
1172 3158 1519 3230 στρατιῶται,
1577 3156 1893 3229 Χριστιανοὶ

2019 1944 2297 2018 lignoque
2329 1964 2673 2020 suspensus,
2706 1953 2958 2011 admotis
2990 1957 3219 2016 facibus
3265 1962 3323 2017 in
3372 1944 3660 2023 lateribus

2012 2035 2310 2092 ustulatus
2341 2043 2450 2106 est,
2485 2040 2732 2112 ejusque
2759 2061 2971 2101 carnes
3001 2047 3358 2117 dilaceratee,
3393 2057 3656 2114 Posthaec

2010 2123 2131 2180 lata
2152 2127 2467 2194 sententia,
2497 2135 2562 2185 ut
2590 2130 2784 2204 gladio
2807 2134 3105 2207 feriretur,
3133 2142 3340 2208 oravit,
3373 2149 3550 2216 atque
3572 2148 3655 2206 ita

2010 2215 2200 2286 capite
2229 2216 2438 2288 plexus
2457 2224 2564 2274 est.
2597 2222 2844 2286 Quidam
2874 2243 3009 2282 vero
3041 2231 3368 2303 presbyter,
3388 2215 3650 2295 Phronto

2007 2305 2269 2370 nomine,
2304 2307 2778 2368 animadvertens
2810 2315 2936 2387 ejus
2966 2317 3248 2390 reliquias
3279 2339 3313 2378 a
3359 2325 3650 2386 militibus

2006 2394 2315 2464 custodiri,
2345 2397 2417 2453 ad
2449 2415 2548 2454 eos
2601 2404 2886 2460 accessit:
2948 2406 3200 2480 vinoque
3257 2410 3542 2478 delinitis,
3593 2422 3652 2474 et

2007 2501 2217 2542 somno
2239 2488 2737 2577 captis,reliquias
2755 2495 3032 2566 jumento
3049 2498 3357 2573 impositas
3381 2503 3647 2577 abstulit,

2005 2577 2065 2629 et
2089 2574 2151 2629 in
2184 2575 2404 2647 praedio
2431 2595 2536 2636 suo
2565 2583 2853 2654 sepelivit,
2873 2585 2974 2642 ubi
2996 2603 3184 2660 usque
3207 2589 3268 2646 in
3293 2574 3649 2665 praesentem

2006 2661 2163 2719 diem
2191 2666 2530 2723 curationes
2557 2669 2836 2728 fundunt.

2004 2875 2072 2929 ει
2125 2879 2400 2930 certamen
2494 2886 2805 3006 sanctoi‘lum
2837 2953 2852 2965 ο
2883 2890 3187 2967 martyrum
3262 2891 3537 2950 Nicandri
3601 2901 3653 2952 et

2734 2968 2970 3006 arcum.

2734 2968 2970 3010 arctam.

2075 3063 2366 3120 Nicander
2395 3070 2454 3121 et
2481 3067 2836 3140 Marcianus,
2878 3071 3094 3128 Christi
3151 3082 3460 3150 martyres,
3509 3100 3647 3155 pro-

2001 3150 2261 3210 fessione
2292 3155 2531 3224 milites,
2593 3157 2878 3230 religione
2926 3162 3244 3221 Christiani
3298 3169 3401 3240 pii,
3450 3150 3530 3227 ac.
3567 3174 3645 3228 ti-

230 3240 288 3298 δί
319 3238 571 3305 εύλαϐεῖς
598 3242 689 3298 καὶ
721 3237 1054 3322 φοϐούμενοι
1094 3242 1185 3298 τὸν
1247 3244 1399 3300 Θεόν.
1453 3243 1883 3321 Στρατευόμενοι

1999 3248 2228 3298 mentes
2259 3245 2464 3313 Deum,
2497 3263 2630 3301 cum
2664 3248 2772 3303 sub
2821 3252 3073 3321 praeside
3119 3237 3640 3318 Maximovmilita-

234 3329 291 3387 δὲ
322 3331 412 3387 ἐπὶ
441 3332 695 3406 Μαξίμου
722 3337 820 3387 τοῦ
849 3331 1142 3407 ἡγεμόνος,
1185 3329 1303 3387 ἐπεὶ
1352 3334 1480 3408 παρ’
1530 3332 1738 3391 ἐκείνου
1783 3333 1890 3390 άπ-

234 3419 558 3477 εστὲλΑοντο
589 3420 682 3476 σὺν
713 3425 832 3484 τοῖς
893 3421 982 3476 ὑπ’
1027 3419 1217 3482 αὐτοῖς
1255 3422 1636 3496 στρατιώταις,
1688 3421 1776 3478 ἐπὶ
1825 3424 1888 3479 τὸ

234 3516 454 3584 κρατεῖν
513 3509 643 3573 τοὺς
698 3508 1080 3585 Χριστιανοὺς,
1135 3509 1228 3565 καὶ
1285 3510 1422 3585 πρὸς
1479 3510 1638 3566 αὑτὸν
1721 3513 1885 3588 ἄγειν

228 3598 391 3656 αὐτοὶ
421 3603 541 3662 τοῖς
578 3601 675 3674 μὲν
726 3600 1109 3673 προσεμήνυον
1168 3604 1377 3676 φυγεῖνο
1436 3598 1566 3662 τοὺς
1624 3597 1682 3656 δὲ
1738 3600 1888 3674 ἐκρά-

224 3709 378 3758 τουν,
439 3685 719 3764 ἐφείδοντο
779 3685 838 3744 δὲ
893 3689 1072 3743 αὐτῶν
1152 3689 1241 3744 καὶ
1315 3689 1496 3759 πάσης
1569 3689 1885 3763 ἐπιμελείας

223 3777 435 3849 ἠξίουν.
499 3777 596 3833 Καὶ
653 3782 818 3834 τοῦτο
888 3777 1387 3854 μαθὼνὸἡγεμὼν
1446 3777 1592 3853 παρᾶ
1650 3776 1883 3836 εἰδωλο-

224 3863 470 3942 λατρῶν,
505 3865 756 3940 ἐλυπήθη
818 3868 935 3939 μέν’
988 3866 1507 3942 προσκαλεσάμενος
1549 3865 1608 3923 δὶ
1655 3869 1878 3943 αὐτοὺς,

223 3955 581 4027 ἰπυνθάνετο,
611 3956 658 4012 εἰ
687 3955 893 4028 ἆληθὶς
943 3954 1025 4028 εἴη
1074 3957 1138 4012 τὸ
1188 3959 1305 4013 κατ’
1361 3956 1536 4013 αὐτῶν
1595 3956 1878 4020 ἀκουσθέν.

228 4055 296 4113 Οἱ
330 4051 391 4110 δὶ
421 4050 713 4127 ψεύδεσθαι
745 4054 822 4126 μὴ
856 4051 1080 4124 εἰδότες,
1124 4055 1188 4109 οὐ
1245 4054 1412 4128 μόνον
1460 4052 1665 4124 ἆληθὶς
1717 4056 1876 4125 εἶναι,

223 4144 360 4217 ὅπερ
419 4143 815 4217 ἠρωτήθησαν,
874 4137 1354 4213 διεϐεϐαιώσαντο,
1419 4142 1568 4200 ἀλλὰ
1608 4143 1698 4200 καὶ
1746 4150 1877 4219 Χρι-

223 4229 477 4295 στιανοὺς
560 4231 786 4295 ἑαυτοὺς
871 4230 1151 4310 παῤῥησίᾳ
1243 4229 1636 4308 ὡμολόγησαν.
1719 4234 1877 4292 Ὅθεν

226 4320 482 4397 βασάνοις
540 4319 782 4384 πολλαῖς
842 4317 1251 4391 ὑποϐληθέντες
1307 4321 1594 4398 πρότερον,
1653 4321 1871 4400 ὕστερον

221 4411 316 4477 τὰς
343 4411 534 4485 τιμίας
561 4411 651 4468 καὶ
713 4409 865 4489 ἱερὰς
921 4409 1097 4466 αὐτῶν
1155 4407 1398 4490 κεφαλὰς
1455 4410 1870 4485 ἀπετμήθησαν.

773 4518 954 4577 MHNl
991 4518 1084 4576 T0
1118 4519 1325 4576 ΑΓΤΩ.

211 4707 275 4768 Ἦ
332 4705 643 4782 ἄνακομιδὴ
700 4710 800 4785 τρύ
851 4703 1116 4785 λειψάνου
1170 4708 1290 4785 τοῦ-
1325 4704 1508 4785 Δἁγίου
1592 4708 1868 4785 μάρτυρος

622 4776 914 4852 Θεοδώρου
940 4776 1038 4836 τοῦ
1064 4776 1462 4855 στρατηλάτου.

284 4885 570 4963 Θεόδωρος
598 4887 628 4944 ὃ
655 4890 755 4943 τοῦ
783 4888 1020 4962 Χριστοῦ
1072 4887 1299 4960 μάρτυς,
1357 4886 1577 4964 ὑπῆρχε
1629 4888 1724 4962 μὶν
1774 4887 1864 4946 ἰπὶ

217 4976 496 5052 βασιλείας
541 4977 841 5034 Λικιννίου·
890 4974 942 5049 ιε
1001 4976 1240 5051 εὐγενῶν
1297 4972 1356 5032 δὶ
1407 4978 1611 5052 γονέων
1671 4999 1866 5050 γεννη-

217 5065 404 5131 θεῖςέν
455 5065 781 5141 Εὖχαῖτοις,
839 5063 1110 5142 ἀνετράφη
1171 5068 1380 5126 πιστῶς
1432 5067 1558 5140 παρ’
1623 5065 1862 5140 ὶκείνων,

215 5155 300 5210 καὶ
331 5152 583 5231 ἀνδρεῖος
628 5153 937 5230 γενόμενος,
995 5151 1342 5226 ἰστρατεύθη,
1401 5153 1490 5210 καὶ
1537 5151 1856 5229 προεϐλήθη

215 5243 598 5319 στρατηλάτης
644 5244 852 5300 Πόντου
907 5241 1252 5315 Ἡρακλείας.
1312 5249 1555 5320 Ὑπῆρχε
1611 5243 1671 5302 δὲ
1720 5246 1861 5305 πάνυ

211 5334 409 5408 ὡραῖος
442 5337 514 5408 τῇ
547 5329 691 5406 ὄψει,
739 5332 833 5388 καὶ
878 5333 1044 5407 σοφὸς
1097 5335 1166 5407 τῇ
1232 5333 1450 5408 γνώσει.
1509 5333 1612 5392 Καὶ
1673 5337 1856 5408 μαθὼν

207 5425 368 5477 ταῦτα
400 5423 431 5477 ὁ
471 5421 774 5490 Λικίννιος,
830 5419 922 5475 καὶ
982 5419 1326 5491 ἐπιθδμήσας
1377 5418 1532 5492 ἰδεῖν,
1589 5442 1859 5499 προσεκαο

210 5506 402 5566 λέσατο
433 5511 599 5566 αὐτὸν
637 5509 816 5566 ἐλθεῖν
845 5509 982 5584 πρὸς
1011 5509 1200 5579 αὐτὸν,
1232 5509 1463 5575 θύσοντα
1509 5512 1641 5586 μετᾶ
1693 5515 1860 5571 αὐτοῦ

207 5604 316 5662 τοῖς
350 5604 521 5665 θεοῖς.
554 5599 615 5658 Ὸ
647 5595 705 5655 δὲ
753 5599 1112 5671 ἀντεμήνυσεν
1165 5598 1330 5672 αὐτῷ.
1382 5601 1508 5658 Ὅτι
1554 5598 1768 5675 μᾶλλόν
1802 5623 1862 5660 σε

215 5689 346 5764 χρὴ,
418 5687 671 5765 βασιλεῦ,
730 5685 904 5744 ἆλθεῖν
977 5685 1222 5760 ἐνταῦθα,
1297 5687 1450 5753 ὅπως
1519 5690 1740 5765 γενηται
1795 5692 1859 5748 τὸ

483 5807 753 5872 Panos.
808 5807 918 5870 Gn.
966 5805 1200 5871 CXVII.

1897 4610 1947 4678 Ι)

1993 3336 2148 3397 rent,
2180 3332 2252 3388 ab
2285 3335 2491 3390 eodem
2524 3352 2644 3391 una
2668 3354 2803 3392 cum
2835 3339 2970 3396 aliis
3002 3342 3292 3401 militibus
3337 3346 3447 3404 sibi
3508 3350 3644 3406 sub-

1985 3421 2164 3492 jectis
2195 3421 2269 3477 ad
2315 3423 2683 3481 Christianos
2735 3429 3055 3500 capiendos
3106 3439 3282 3505 atque
3323 3437 3398 3492 ad
3441 3439 3638 3510 ipsum

1991 3507 2371 3567 adducendas
2402 3513 2570 3568 missi
2604 3520 2759 3582 sunt,
2787 3516 2872 3571 illi
2907 3535 3042 3574 vero
3064 3521 3234 3591 alios,
3257 3507 3638 3601 utfugerent,

1989 3597 2424 3667 admonebant;
2460 3601 2608 3657 alios
2657 3604 2971 3676 capiebant
3020 3610 3283 3679 quidem,
3337 3597 3440 3668 sed
3491 3597 3639 3688 ipsis

1987 3693 2321 3757 parcentes,
2355 3689 2608 3746 sollicite
2638 3707 2735 3746 res
2767 3709 2974 3749 eorum
3006 3698 3312 3756 curabant.
3339 3703 3501 3766 Quod
3533 3706 3634 3762 ubi

1987 3775 2059 3830 ab
2082 3776 2411 3832 idololatris
2434 3795 2654 3850 praeses
2683 3782 2930 3854 accepit,
2966 3801 3117 3857 aegre
3149 3786 3207 3841 id
3238 3789 3456 3855 ferens,
3492 3793 3636 3852 illos

1986 3863 2060 3918 ad
2109 3881 2171 3920 se
2220 3866 2539 3922 accersitos
2597 3868 2998 3944 interrogavit,
3049 3875 3199 3931 I21
3251 3882 3449 3935 utrum
3499 3899 3637 3941 vera

1985 3957 2205 4021 essent,
2237 3971 2368 4027 qum
2401 3955 2683 4013 adversus
2713 3958 2874 4031 ipsos
2905 3962 3192 4021 audierat.
3215 3966 3309 4022 Illi
3338 3985 3473 4026 vero
3495 3987 3632 4030 cum

1981 4046 2222 4102 mentiri
2251 4047 2591 4118 nequirent,
2623 4066 2744 4106 non
2775 4051 2950 4109 modo
2981 4071 3118 4112 vera
3147 4073 3296 4129 esse,
3321 4058 3392 4116 de
3414 4063 3630 4132 quibus

1980 4135 2519 4209 interrogabantur,
2551 4137 2962 4211 afﬁrmarunt;
2998 4161 3205 4202 verum
3238 4148 3415 4205 etiam
3439 4151 3628 4212 libere

1980 4242 2042 4283 se
2073 4224 2442 4283 Christianos
2475 4243 2604 4284 esse
2672 4231 2922 4302 professi
2983 4239 3140 4292 sunt.
3185 4239 3373 4304 Quare
3421 4243 3628 4302 multis

1978 4315 2340 4372 cruciatibus
2371 4317 2630 4391 primum
2682 4319 2958 4393 subjecti,
2999 4331 3300 4397 postremo
3349 4333 3626 4402 pretiosis

1978 4409 2038 4461 et
2065 4405 2249 4464 sacris
2279 4407 2571 4480 capitibus
2601 4415 2742 4466 sunt
2764 4410 3086 4470 imminuti.

2530 4516 2772 4575 EODEM
2810 4519 3064 4577 MENSE.

2635 4615 2743 4674 Die
2770 4622 2976 4677 octava

1980 4710 2295 4772 Translatio
2350 4711 2718 4792 reliquiarum
2797 4719 2975 4792 sancti
3028 4723 3291 4792 martyris
3351 4724 3628 4788 Theodori

2571 4785 2728 4844 duci:
2755 4787 3016 4846 militum.

2046 4892 2265 4963 Martyr
2289 4889 2507 4948 Christi
2560 4891 2919 4962 Theodorus,
2991 4896 3212 4957 Licinio
3269 4901 3623 4980 imperante,

1976 4979 2277 5038 nobilibus
2306 4981 2368 5038 in
2399 4982 2819 5041 Euchaitarum
2850 4985 2998 5044 urbe
3028 4992 3374 5061 parentibus
3422 4979 3620 5073 natus,

1974 5069 2194 5127 abillis
2225 5070 2288 5126 in
2317 5069 2436 5128 fide
2491 5071 2781 5130 educatus
2827 5074 2958 5131 fuit.
3015 5078 3279 5154 Cumque
3329 5086 3503 5144 ﬁrmo
3551 5069 3623 5150 ac

1974 5160 2217 5218 robusto
2234 5176 2482 5233 corpore
2501 5167 2679 5228 esset,
2705 5163 2982 5223 militiam
2998 5175 3258 5238 secutus,
3281 5191 3418 5233 mox
3439 5181 3620 5241 etiam

1973 5251 2091 5306 dux
2119 5254 2354 5306 creatus
2380 5249 2495 5306 fuit
2537 5251 2710 5308 Ponti
2764 5253 3082 5313 Heracleae.
3141 5260 3280 5318 Erat
3333 5273 3622 5336 praeterea

1971 5340 2166 5396 forma
2186 5339 2307 5396 oris
2335 5347 2586 5397 venusta
2603 5341 2908 5413 praeditus,
2943 5354 3003 5402 et
3030 5348 3325 5420 sapientia
3352 5365 3618 5419 ornatus.

1970 5430 2109 5496 Qum
2139 5443 2276 5484 cum
2308 5427 2569 5486 Licinius
2587 5429 3000 5504 intellexisset,
3025 5437 3398 5500 Theodorum
3420 5463 3620 5508 coram

1971 5523 2239 5591 spectare
2269 5517 2540 5590 cupiens,
2572 5521 2895 5592 mandavit;
2928 5529 2994 5580 ut
3019 5525 3097 5582 ad
3126 5545 3189 5584 se
3217 5534 3467 5601 veniret,
3501 5539 3619 5596 diis

1970 5606 2435 5664 sacriﬁcaturus.
2463 5607 2567 5664 Cui
2583 5609 2924 5670 Theodorus
2947 5621 3156 5673 contra
3178 5623 3444 5692 reposuit
3470 5640 3484 5678 :
3517 5628 3617 5693 Te,

1972 5695 2074 5763 ait,
2107 5695 2453 5768 imperator,
2484 5703 2716 5770 oportet
2736 5701 2934 5772 potius
2954 5703 3069 5760 huc
3095 5707 3322 5776 venire,
3346 5716 3411 5767 ut
3429 5711 3622 5783 impe-

3258 5823 3332 5883 16
