  <div class='ocr_page' id='page_1' title='image "/cluster/home/n/w/nwhite01/storage/ocr_20150623/117/mdp.39015038086818/253.png"; bbox 0 0 4134 6302; ppageno 0'>
   <div class='ocr_carea' id='block_1_1' title="bbox 444 313 560 403">
    <p class='ocr_par' dir='ltr' id='par_1_1' title="bbox 444 313 560 403">
     <span class='ocr_line' id='line_1_1' title="bbox 444 313 560 403; baseline -0.017 -2"><span class='ocrx_word' id='word_1_1' title='bbox 444 313 560 403; x_wconf 64' lang='lat' dir='ltr'>isi</span> 
     </span>
    </p>
   </div>
   <div class='ocr_carea' id='block_1_2' title="bbox 1765 314 2613 391">
    <p class='ocr_par' dir='ltr' id='par_1_2' title="bbox 1765 314 2613 391">
     <span class='ocr_line' id='line_1_2' title="bbox 1765 314 2613 391; baseline -0.013 0"><span class='ocrx_word' id='word_1_2' title='bbox 1765 314 2197 391; x_wconf 73' lang='lat' dir='ltr'>MENOLOGH</span> <span class='ocrx_word' id='word_1_3' title='bbox 2239 319 2454 384; x_wconf 65' lang='lat' dir='ltr'>PARS</span> <span class='ocrx_word' id='word_1_4' title='bbox 2500 314 2613 381; x_wconf 86' lang='grc' dir='ltr'><strong>ΙῙῐ.</strong></span> 
     </span>
    </p>
   </div>
   <div class='ocr_carea' id='block_1_3' title="bbox 3742 319 3864 383">
    <p class='ocr_par' dir='ltr' id='par_1_3' title="bbox 3742 319 3864 383">
     <span class='ocr_line' id='line_1_3' title="bbox 3742 319 3864 383; baseline -0.016 0"><span class='ocrx_word' id='word_1_5' title='bbox 3742 319 3864 383; x_wconf 66' lang='grc'>193</span> 
     </span>
    </p>
   </div>
   <div class='ocr_carea' id='block_1_4' title="bbox 442 446 2097 544">
    <p class='ocr_par' dir='ltr' id='par_1_4' title="bbox 442 464 2097 544">
     <span class='ocr_line' id='line_1_4' title="bbox 442 464 2097 544; baseline -0.009 -12"><span class='ocrx_word' id='word_1_6' title='bbox 442 476 574 544; x_wconf 80' lang='lat' dir='ltr'>rata</span> <span class='ocrx_word' id='word_1_7' title='bbox 604 474 706 528; x_wconf 88' lang='lat' dir='ltr'>tua</span> <span class='ocrx_word' id='word_1_8' title='bbox 735 470 903 527; x_wconf 79' lang='lat' dir='ltr'>ﬂant.</span> <span class='ocrx_word' id='word_1_9' title='bbox 937 468 1038 525; x_wconf 88' lang='lat' dir='ltr'>His</span> <span class='ocrx_word' id='word_1_10' title='bbox 1061 482 1198 541; x_wconf 85' lang='lat' dir='ltr'>ergo</span> <span class='ocrx_word' id='word_1_11' title='bbox 1220 466 1391 523; x_wconf 87' lang='lat' dir='ltr'>dictis</span> <span class='ocrx_word' id='word_1_12' title='bbox 1410 481 1730 540; x_wconf 83' lang='lat' dir='ltr'>persuasus</span> <span class='ocrx_word' id='word_1_13' title='bbox 1752 464 2097 536; x_wconf 85' lang='lat' dir='ltr'>imperator,</span> 
     </span>
    </p>
   </div>
   <div class='ocr_carea' id='block_1_5' title="bbox 2208 446 3870 544">
    <p class='ocr_par' dir='ltr' id='par_1_5' title="bbox 2211 446 3870 530">
     <span class='ocr_line' id='line_1_5' title="bbox 2211 446 3870 530; baseline -0.002 -20"><span class='ocrx_word' id='word_1_14' title='bbox 2211 453 2542 530; x_wconf 87' lang='grc' dir='ltr'>πρόσταγμά</span> <span class='ocrx_word' id='word_1_15' title='bbox 2594 472 2714 509; x_wconf 79' lang='grc' dir='ltr'>σου.</span> <span class='ocrx_word' id='word_1_16' title='bbox 2772 451 3020 517; x_wconf 75' lang='grc' dir='ltr'>Πεισθεὶς</span> <span class='ocrx_word' id='word_1_17' title='bbox 3074 452 3166 508; x_wconf 81' lang='grc' dir='ltr'>οῦν</span> <span class='ocrx_word' id='word_1_18' title='bbox 3224 451 3253 507; x_wconf 82' lang='grc' dir='ltr'>ὁ</span> <span class='ocrx_word' id='word_1_19' title='bbox 3316 446 3595 527; x_wconf 82' lang='grc' dir='ltr'>βασιλεῦς,</span> <span class='ocrx_word' id='word_1_20' title='bbox 3652 449 3870 521; x_wconf 75' lang='grc' dir='ltr'>ἀπῆλθε</span> 
     </span>
    </p>
   </div>
   <div class='ocr_carea' id='block_1_6' title="bbox 443 553 2099 631">
    <p class='ocr_par' dir='ltr' id='par_1_6' title="bbox 443 553 2099 631">
     <span class='ocr_line' id='line_1_6' title="bbox 443 553 2099 631; baseline -0.008 -11"><span class='ocrx_word' id='word_1_21' title='bbox 443 563 700 620; x_wconf 79' lang='lat' dir='ltr'>festinus</span> <span class='ocrx_word' id='word_1_22' title='bbox 731 560 895 616; x_wconf 89' lang='lat' dir='ltr'>abiit.</span> <span class='ocrx_word' id='word_1_23' title='bbox 929 558 1149 631; x_wconf 80' lang='lat' dir='ltr'>Martyr</span> <span class='ocrx_word' id='word_1_24' title='bbox 1179 574 1314 613; x_wconf 89' lang='lat' dir='ltr'>vero</span> <span class='ocrx_word' id='word_1_25' title='bbox 1365 557 1559 612; x_wconf 92' lang='lat' dir='ltr'>eidem</span> <span class='ocrx_word' id='word_1_26' title='bbox 1605 554 1837 610; x_wconf 82' lang='lat' dir='ltr'>obviam</span> <span class='ocrx_word' id='word_1_27' title='bbox 1885 553 2099 620; x_wconf 86' lang='lat' dir='ltr'>factus,</span> 
     </span>
    </p>
   </div>
   <div class='ocr_carea' id='block_1_7' title="bbox 446 647 2105 726">
    <p class='ocr_par' dir='ltr' id='par_1_7' title="bbox 446 647 2105 726">
     <span class='ocr_line' id='line_1_7' title="bbox 446 647 2105 726; baseline -0.005 -18"><span class='ocrx_word' id='word_1_28' title='bbox 446 652 994 726; x_wconf 90' lang='lat' dir='ltr'>quiimperatorem</span> <span class='ocrx_word' id='word_1_29' title='bbox 1016 648 1284 717; x_wconf 83' lang='lat' dir='ltr'>decebat,</span> <span class='ocrx_word' id='word_1_30' title='bbox 1315 647 1485 703; x_wconf 90' lang='lat' dir='ltr'>illum</span> <span class='ocrx_word' id='word_1_31' title='bbox 1518 648 1745 703; x_wconf 85' lang='lat' dir='ltr'>honore</span> <span class='ocrx_word' id='word_1_32' title='bbox 1777 651 1867 701; x_wconf 90' lang='lat' dir='ltr'>est</span> <span class='ocrx_word' id='word_1_33' title='bbox 1896 659 2105 717; x_wconf 90' lang='lat' dir='ltr'>prose-</span> 
     </span>
    </p>
   </div>
   <div class='ocr_carea' id='block_1_8' title="bbox 445 735 2099 811">
    <p class='ocr_par' dir='ltr' id='par_1_8' title="bbox 445 735 2099 811">
     <span class='ocr_line' id='line_1_8' title="bbox 445 735 2099 811; baseline -0.006 -11"><span class='ocrx_word' id='word_1_34' title='bbox 445 750 638 800; x_wconf 83' lang='lat' dir='ltr'>cutus.</span> <span class='ocrx_word' id='word_1_35' title='bbox 671 743 815 798; x_wconf 90' lang='lat' dir='ltr'>Tum</span> <span class='ocrx_word' id='word_1_36' title='bbox 848 757 984 796; x_wconf 89' lang='lat' dir='ltr'>vero</span> <span class='ocrx_word' id='word_1_37' title='bbox 1018 740 1311 796; x_wconf 87' lang='lat' dir='ltr'>Licinius:</span> <span class='ocrx_word' id='word_1_38' title='bbox 1344 741 1485 811; x_wconf 87' lang='lat' dir='ltr'>Age,</span> <span class='ocrx_word' id='word_1_39' title='bbox 1516 738 1734 810; x_wconf 87' lang='lat' dir='ltr'>inquit,</span> <span class='ocrx_word' id='word_1_40' title='bbox 1773 735 2099 798; x_wconf 89' lang='lat' dir='ltr'>Theodore,</span> 
     </span>
    </p>
   </div>
   <div class='ocr_carea' id='block_1_9' title="bbox 449 829 2102 902">
    <p class='ocr_par' dir='ltr' id='par_1_9' title="bbox 449 829 2102 902">
     <span class='ocr_line' id='line_1_9' title="bbox 449 829 2102 902; baseline -0.005 -12"><span class='ocrx_word' id='word_1_41' title='bbox 449 833 989 890; x_wconf 84' lang='lat' dir='ltr'>diisimmolemus.</span> <span class='ocrx_word' id='word_1_42' title='bbox 1023 831 1127 887; x_wconf 89' lang='lat' dir='ltr'>Cui</span> <span class='ocrx_word' id='word_1_43' title='bbox 1154 830 1288 885; x_wconf 90' lang='lat' dir='ltr'>ille:</span> <span class='ocrx_word' id='word_1_44' title='bbox 1313 832 1448 897; x_wconf 90' lang='lat' dir='ltr'>Eos,</span> <span class='ocrx_word' id='word_1_45' title='bbox 1480 829 1806 902; x_wconf 80' lang='lat' dir='ltr'>respondit,</span> <span class='ocrx_word' id='word_1_46' title='bbox 1841 829 2102 901; x_wconf 89' lang='lat' dir='ltr'>primum</span> 
     </span>
    </p>
   </div>
   <div class='ocr_carea' id='block_1_10' title="bbox 448 917 2101 992">
    <p class='ocr_par' dir='ltr' id='par_1_10' title="bbox 448 917 2101 992">
     <span class='ocr_line' id='line_1_10' title="bbox 448 917 2101 992; baseline -0.004 -13"><span class='ocrx_word' id='word_1_47' title='bbox 448 923 598 980; x_wconf 90' lang='lat' dir='ltr'>mihi</span> <span class='ocrx_word' id='word_1_48' title='bbox 629 921 783 978; x_wconf 90' lang='lat' dir='ltr'>tradi</span> <span class='ocrx_word' id='word_1_49' title='bbox 807 921 1039 992; x_wconf 89' lang='lat' dir='ltr'>jubeto,</span> <span class='ocrx_word' id='word_1_50' title='bbox 1062 924 1129 976; x_wconf 85' lang='lat' dir='ltr'>ut</span> <span class='ocrx_word' id='word_1_51' title='bbox 1152 919 1394 975; x_wconf 88' lang='lat' dir='ltr'>domum</span> <span class='ocrx_word' id='word_1_52' title='bbox 1418 918 1865 982; x_wconf 89' lang='lat' dir='ltr'>illatos,ibidem</span> <span class='ocrx_word' id='word_1_53' title='bbox 1885 917 2101 985; x_wconf 89' lang='lat' dir='ltr'>colam,</span> 
     </span>
    </p>
   </div>
   <div class='ocr_carea' id='block_1_11' title="bbox 449 1009 2101 1087">
    <p class='ocr_par' dir='ltr' id='par_1_11' title="bbox 449 1009 2101 1087">
     <span class='ocr_line' id='line_1_11' title="bbox 449 1009 2101 1087; baseline -0.005 -16"><span class='ocrx_word' id='word_1_54' title='bbox 449 1020 627 1087; x_wconf 85' lang='lat' dir='ltr'>atque</span> <span class='ocrx_word' id='word_1_55' title='bbox 658 1013 743 1068; x_wconf 88' lang='lat' dir='ltr'>ita</span> <span class='ocrx_word' id='word_1_56' title='bbox 773 1012 1014 1067; x_wconf 89' lang='lat' dir='ltr'>demum</span> <span class='ocrx_word' id='word_1_57' title='bbox 1045 1011 1192 1083; x_wconf 86' lang='lat' dir='ltr'>ipsis</span> <span class='ocrx_word' id='word_1_58' title='bbox 1241 1011 1590 1067; x_wconf 81' lang='lat' dir='ltr'>sacriﬁcem.</span> <span class='ocrx_word' id='word_1_59' title='bbox 1638 1009 1848 1065; x_wconf 86' lang='lat' dir='ltr'>Ablata</span> <span class='ocrx_word' id='word_1_60' title='bbox 1903 1009 2101 1080; x_wconf 78' lang='lat' dir='ltr'>itaque</span> 
     </span>
    </p>
   </div>
   <div class='ocr_carea' id='block_1_12' title="bbox 453 1099 2101 1175">
    <p class='ocr_par' dir='ltr' id='par_1_12' title="bbox 453 1099 2101 1175">
     <span class='ocr_line' id='line_1_12' title="bbox 453 1099 2101 1175; baseline -0.006 -13"><span class='ocrx_word' id='word_1_61' title='bbox 453 1104 701 1162; x_wconf 90' lang='lat' dir='ltr'>deorum</span> <span class='ocrx_word' id='word_1_62' title='bbox 761 1102 1046 1159; x_wconf 86' lang='lat' dir='ltr'>simulcra</span> <span class='ocrx_word' id='word_1_63' title='bbox 1110 1109 1353 1175; x_wconf 88' lang='lat' dir='ltr'>argento</span> <span class='ocrx_word' id='word_1_64' title='bbox 1412 1101 1717 1158; x_wconf 87' lang='lat' dir='ltr'>elaborata</span> <span class='ocrx_word' id='word_1_65' title='bbox 1790 1099 2101 1172; x_wconf 80' lang='lat' dir='ltr'>confregit,</span> 
     </span>
    </p>
   </div>
   <div class='ocr_carea' id='block_1_13' title="bbox 447 1192 2103 1269">
    <p class='ocr_par' dir='ltr' id='par_1_13' title="bbox 447 1192 2103 1269">
     <span class='ocr_line' id='line_1_13' title="bbox 447 1192 2103 1269; baseline -0.005 -17"><span class='ocrx_word' id='word_1_66' title='bbox 447 1197 900 1269; x_wconf 86' lang='lat' dir='ltr'>fragmentaque</span> <span class='ocrx_word' id='word_1_67' title='bbox 951 1194 1108 1249; x_wconf 90' lang='lat' dir='ltr'>inter</span> <span class='ocrx_word' id='word_1_68' title='bbox 1160 1198 1399 1263; x_wconf 75' lang='lat' dir='ltr'>egentes</span> <span class='ocrx_word' id='word_1_69' title='bbox 1440 1192 1656 1247; x_wconf 80' lang='lat' dir='ltr'>divisit.</span> <span class='ocrx_word' id='word_1_70' title='bbox 1690 1192 1816 1257; x_wconf 89' lang='lat' dir='ltr'>Qua</span> <span class='ocrx_word' id='word_1_71' title='bbox 1848 1207 1908 1246; x_wconf 89' lang='lat' dir='ltr'>re</span> <span class='ocrx_word' id='word_1_72' title='bbox 1940 1206 2103 1245; x_wconf 88' lang='lat' dir='ltr'>com-</span> 
     </span>
    </p>
   </div>
   <div class='ocr_carea' id='block_1_14' title="bbox 447 1281 2102 1362">
    <p class='ocr_par' dir='ltr' id='par_1_14' title="bbox 447 1281 2102 1362">
     <span class='ocr_line' id='line_1_14' title="bbox 447 1281 2102 1362; baseline -0.005 -19"><span class='ocrx_word' id='word_1_73' title='bbox 447 1292 638 1362; x_wconf 90' lang='lat' dir='ltr'>perta,</span> <span class='ocrx_word' id='word_1_74' title='bbox 671 1285 988 1358; x_wconf 70' lang='lat' dir='ltr'>quaestioni</span> <span class='ocrx_word' id='word_1_75' title='bbox 1036 1284 1298 1357; x_wconf 89' lang='lat' dir='ltr'>primum</span> <span class='ocrx_word' id='word_1_76' title='bbox 1349 1283 1674 1353; x_wconf 77' lang='lat' dir='ltr'>subjectus,</span> <span class='ocrx_word' id='word_1_77' title='bbox 1725 1298 1862 1339; x_wconf 88' lang='lat' dir='ltr'>mox</span> <span class='ocrx_word' id='word_1_78' title='bbox 1910 1281 2102 1352; x_wconf 81' lang='lat' dir='ltr'>capite</span> 
     </span>
    </p>
   </div>
   <div class='ocr_carea' id='block_1_15' title="bbox 447 1372 2102 1450">
    <p class='ocr_par' dir='ltr' id='par_1_15' title="bbox 447 1372 2102 1450">
     <span class='ocr_line' id='line_1_15' title="bbox 447 1372 2102 1450; baseline -0.003 -17"><span class='ocrx_word' id='word_1_79' title='bbox 447 1378 658 1450; x_wconf 86' lang='lat' dir='ltr'>plexus</span> <span class='ocrx_word' id='word_1_80' title='bbox 690 1381 798 1432; x_wconf 90' lang='lat' dir='ltr'>est.</span> <span class='ocrx_word' id='word_1_81' title='bbox 834 1376 977 1447; x_wconf 90' lang='lat' dir='ltr'>Ejus</span> <span class='ocrx_word' id='word_1_82' title='bbox 1006 1381 1207 1431; x_wconf 89' lang='lat' dir='ltr'>autem</span> <span class='ocrx_word' id='word_1_83' title='bbox 1229 1373 1500 1446; x_wconf 81' lang='lat' dir='ltr'>reliquiae</span> <span class='ocrx_word' id='word_1_84' title='bbox 1525 1372 1663 1429; x_wconf 90' lang='lat' dir='ltr'>inde</span> <span class='ocrx_word' id='word_1_85' title='bbox 1692 1373 2013 1441; x_wconf 62' lang='lat' dir='ltr'>translata,</span> <span class='ocrx_word' id='word_1_86' title='bbox 2039 1372 2102 1428; x_wconf 91' lang='lat' dir='ltr'>in</span> 
     </span>
    </p>
   </div>
   <div class='ocr_carea' id='block_1_16' title="bbox 444 1463 1740 1539">
    <p class='ocr_par' dir='ltr' id='par_1_16' title="bbox 444 1463 1740 1539">
     <span class='ocr_line' id='line_1_16' title="bbox 444 1463 1740 1539; baseline -0.005 -14"><span class='ocrx_word' id='word_1_87' title='bbox 444 1466 706 1525; x_wconf 86' lang='lat' dir='ltr'>Euchaia</span> <span class='ocrx_word' id='word_1_88' title='bbox 734 1465 892 1539; x_wconf 89' lang='lat' dir='ltr'>apud</span> <span class='ocrx_word' id='word_1_89' title='bbox 919 1465 1206 1521; x_wconf 88' lang='lat' dir='ltr'>Euchaita</span> <span class='ocrx_word' id='word_1_90' title='bbox 1236 1464 1521 1537; x_wconf 68' lang='lat' dir='ltr'>depositas</span> <span class='ocrx_word' id='word_1_91' title='bbox 1552 1463 1740 1519; x_wconf 87' lang='lat' dir='ltr'>fuere.</span> 
     </span>
    </p>
   </div>
   <div class='ocr_carea' id='block_1_17' title="bbox 1000 1572 1544 1630">
    <p class='ocr_par' dir='ltr' id='par_1_17' title="bbox 1000 1572 1544 1630">
     <span class='ocr_line' id='line_1_17' title="bbox 1000 1572 1544 1630; baseline -0.006 0"><span class='ocrx_word' id='word_1_92' title='bbox 1000 1573 1240 1630; x_wconf 86' lang='lat' dir='ltr'><strong>EODEM</strong></span> <span class='ocrx_word' id='word_1_93' title='bbox 1289 1572 1544 1629; x_wconf 81' lang='lat' dir='ltr'><strong>MENSE.</strong></span> 
     </span>
    </p>
   </div>
   <div class='ocr_carea' id='block_1_18' title="bbox 1125 1664 1423 1721">
    <p class='ocr_par' dir='ltr' id='par_1_18' title="bbox 1125 1664 1423 1721">
     <span class='ocr_line' id='line_1_18' title="bbox 1125 1664 1423 1721; baseline -0.013 0"><span class='ocrx_word' id='word_1_94' title='bbox 1125 1664 1228 1721; x_wconf 88' lang='lat' dir='ltr'>Die</span> <span class='ocrx_word' id='word_1_95' title='bbox 1260 1678 1423 1719; x_wconf 89' lang='lat' dir='ltr'>nona</span> 
     </span>
    </p>
   </div>
   <div class='ocr_carea' id='block_1_19' title="bbox 448 1762 2100 1891">
    <p class='ocr_par' dir='ltr' id='par_1_19' title="bbox 448 1762 2100 1891">
     <span class='ocr_line' id='line_1_19' title="bbox 448 1762 2100 1891; baseline -0.003 -66"><span class='ocrx_word' id='word_1_96' title='bbox 448 1766 603 1826; x_wconf 71' lang='lat' dir='ltr'>I28</span> <span class='ocrx_word' id='word_1_97' title='bbox 664 1766 946 1823; x_wconf 81' lang='lat' dir='ltr'>Certamen</span> <span class='ocrx_word' id='word_1_98' title='bbox 1003 1772 1226 1891; x_wconf 59' lang='lat' dir='ltr'>sanctzh</span> <span class='ocrx_word' id='word_1_99' title='bbox 1270 1765 1530 1835; x_wconf 83' lang='lat' dir='ltr'>martyris</span> <span class='ocrx_word' id='word_1_100' title='bbox 1604 1762 1842 1835; x_wconf 70' lang='lat' dir='ltr'>Pelagia:</span> <span class='ocrx_word' id='word_1_101' title='bbox 1899 1763 2100 1823; x_wconf 80' lang='lat' dir='ltr'>Antio-</span> 
     </span>
     <span class='ocr_line' id='line_1_20' title="bbox 1162 1853 1367 1891; baseline 0 0"><span class='ocrx_word' id='word_1_102' title='bbox 1162 1854 1189 1891; x_wconf 91' lang='lat' dir='ltr'>c</span> <span class='ocrx_word' id='word_1_103' title='bbox 1233 1853 1367 1891; x_wconf 61' lang='lat' dir='ltr'>ense.</span> 
     </span>
    </p>
   </div>
   <div class='ocr_carea' id='block_1_20' title="bbox 1162 1853 1367 1893">
    <p class='ocr_par' dir='ltr' id='par_1_20' title="bbox 1162 1853 1367 1893">
     <span class='ocr_line' id='line_1_21' title="bbox 1162 1853 1367 1893; baseline 0 0"><span class='ocrx_word' id='word_1_104' title='bbox 1162 1853 1367 1893; x_wconf 70' lang='lat' dir='ltr'>cnenaz.</span> 
     </span>
    </p>
   </div>
   <div class='ocr_carea' id='block_1_21' title="bbox 527 1938 2100 2011">
    <p class='ocr_par' dir='ltr' id='par_1_21' title="bbox 527 1938 2100 2011">
     <span class='ocr_line' id='line_1_22' title="bbox 527 1938 2100 2011; baseline -0.003 -15"><span class='ocrx_word' id='word_1_105' title='bbox 527 1940 663 1996; x_wconf 75' lang='lat' dir='ltr'>Hmc</span> <span class='ocrx_word' id='word_1_106' title='bbox 692 1938 845 2011; x_wconf 91' lang='lat' dir='ltr'>apud</span> <span class='ocrx_word' id='word_1_107' title='bbox 878 1938 1223 2011; x_wconf 66' lang='lat' dir='ltr'>praefectum</span> <span class='ocrx_word' id='word_1_108' title='bbox 1278 1942 1573 1995; x_wconf 82' lang='lat' dir='ltr'>accusata.</span> <span class='ocrx_word' id='word_1_109' title='bbox 1620 1954 1755 1992; x_wconf 88' lang='lat' dir='ltr'>cum</span> <span class='ocrx_word' id='word_1_110' title='bbox 1805 1953 1926 1993; x_wconf 73' lang='lat' dir='ltr'>sum</span> <span class='ocrx_word' id='word_1_111' title='bbox 1974 1953 2100 1992; x_wconf 89' lang='lat' dir='ltr'>me-</span> 
     </span>
    </p>
   </div>
   <div class='ocr_carea' id='block_1_22' title="bbox 452 2027 2104 2099">
    <p class='ocr_par' dir='ltr' id='par_1_22' title="bbox 452 2027 2104 2099">
     <span class='ocr_line' id='line_1_23' title="bbox 452 2027 2104 2099; baseline -0.003 -13"><span class='ocrx_word' id='word_1_112' title='bbox 452 2036 647 2086; x_wconf 84' lang='lat' dir='ltr'>tueret</span> <span class='ocrx_word' id='word_1_113' title='bbox 675 2028 1015 2096; x_wconf 69' lang='lat' dir='ltr'>virginitati.</span> <span class='ocrx_word' id='word_1_114' title='bbox 1054 2028 1236 2083; x_wconf 84' lang='lat' dir='ltr'>Deum</span> <span class='ocrx_word' id='word_1_115' title='bbox 1272 2033 1511 2099; x_wconf 82' lang='lat' dir='ltr'>precata</span> <span class='ocrx_word' id='word_1_116' title='bbox 1543 2033 1632 2083; x_wconf 90' lang='lat' dir='ltr'>est</span> <span class='ocrx_word' id='word_1_117' title='bbox 1660 2044 1673 2082; x_wconf 90' lang='lat'>:</span> <span class='ocrx_word' id='word_1_118' title='bbox 1707 2044 1774 2082; x_wconf 88' lang='lat' dir='ltr'>ac</span> <span class='ocrx_word' id='word_1_119' title='bbox 1824 2027 2104 2082; x_wconf 84' lang='lat' dir='ltr'><strong>decenter</strong></span> 
     </span>
    </p>
   </div>
   <div class='ocr_carea' id='block_1_23' title="bbox 452 2115 2099 2190">
    <p class='ocr_par' dir='ltr' id='par_1_23' title="bbox 452 2115 2099 2190">
     <span class='ocr_line' id='line_1_24' title="bbox 452 2115 2099 2190; baseline -0.004 -15"><span class='ocrx_word' id='word_1_120' title='bbox 452 2125 753 2190; x_wconf 86' lang='lat' dir='ltr'>cooperta.</span> <span class='ocrx_word' id='word_1_121' title='bbox 791 2134 1083 2173; x_wconf 86' lang='lat' dir='ltr'>summam</span> <span class='ocrx_word' id='word_1_122' title='bbox 1119 2117 1385 2182; x_wconf 87' lang='lat' dir='ltr'>domum,</span> <span class='ocrx_word' id='word_1_123' title='bbox 1418 2118 1477 2172; x_wconf 91' lang='lat' dir='ltr'>in</span> <span class='ocrx_word' id='word_1_124' title='bbox 1511 2119 1818 2186; x_wconf 87' lang='lat' dir='ltr'>quajussu</span> <span class='ocrx_word' id='word_1_125' title='bbox 1839 2115 2099 2188; x_wconf 73' lang='lat' dir='ltr'>praefecti</span> 
     </span>
    </p>
   </div>
   <div class='ocr_carea' id='block_1_24' title="bbox 453 2205 2099 2277">
    <p class='ocr_par' dir='ltr' id='par_1_24' title="bbox 453 2205 2099 2277">
     <span class='ocr_line' id='line_1_25' title="bbox 453 2205 2099 2277; baseline -0.001 -15"><span class='ocrx_word' id='word_1_126' title='bbox 453 2207 851 2269; x_wconf 87' lang='lat' dir='ltr'>detinebatur,</span> <span class='ocrx_word' id='word_1_127' title='bbox 886 2206 1266 2261; x_wconf 86' lang='lat' dir='ltr'>conscendit:</span> <span class='ocrx_word' id='word_1_128' title='bbox 1301 2222 1482 2277; x_wconf 85' lang='lat' dir='ltr'>seque</span> <span class='ocrx_word' id='word_1_129' title='bbox 1514 2205 1651 2259; x_wconf 90' lang='lat' dir='ltr'>inde</span> <span class='ocrx_word' id='word_1_130' title='bbox 1698 2205 2099 2277; x_wconf 66' lang='lat' dir='ltr'>praecipitans,</span> 
     </span>
    </p>
   </div>
   <div class='ocr_carea' id='block_1_25' title="bbox 452 2294 2100 2353">
    <p class='ocr_par' dir='ltr' id='par_1_25' title="bbox 452 2294 2100 2353">
     <span class='ocr_line' id='line_1_26' title="bbox 452 2294 2100 2353; baseline -0.001 -1"><span class='ocrx_word' id='word_1_131' title='bbox 452 2298 717 2353; x_wconf 83' lang='lat' dir='ltr'>animum</span> <span class='ocrx_word' id='word_1_132' title='bbox 751 2313 919 2351; x_wconf 86' lang='lat' dir='ltr'>suam</span> <span class='ocrx_word' id='word_1_133' title='bbox 950 2297 1067 2351; x_wconf 90' lang='lat' dir='ltr'>Deo</span> <span class='ocrx_word' id='word_1_134' title='bbox 1100 2295 1378 2350; x_wconf 85' lang='lat' dir='ltr'>reddidit.</span> <span class='ocrx_word' id='word_1_135' title='bbox 1431 2294 1800 2350; x_wconf 86' lang='lat' dir='ltr'>Venerabilis</span> <span class='ocrx_word' id='word_1_136' title='bbox 1845 2296 2100 2352; x_wconf 89' lang='lat' dir='ltr'>Joannes</span> 
     </span>
    </p>
   </div>
   <div class='ocr_carea' id='block_1_26' title="bbox 452 2382 2100 2457">
    <p class='ocr_par' dir='ltr' id='par_1_26' title="bbox 452 2382 2100 2457">
     <span class='ocr_line' id='line_1_27' title="bbox 452 2382 2100 2457; baseline -0.002 -15"><span class='ocrx_word' id='word_1_137' title='bbox 452 2386 908 2457; x_wconf 86' lang='lat' dir='ltr'>Chrysostomus</span> <span class='ocrx_word' id='word_1_138' title='bbox 940 2383 1228 2439; x_wconf 89' lang='lat' dir='ltr'>encomiis</span> <span class='ocrx_word' id='word_1_139' title='bbox 1253 2383 1442 2456; x_wconf 88' lang='lat' dir='ltr'>ipsam</span> <span class='ocrx_word' id='word_1_140' title='bbox 1464 2382 1802 2445; x_wconf 83' lang='lat' dir='ltr'>celebravit,</span> <span class='ocrx_word' id='word_1_141' title='bbox 1819 2389 1943 2438; x_wconf 88' lang='lat' dir='ltr'>tum</span> <span class='ocrx_word' id='word_1_142' title='bbox 1967 2402 2100 2456; x_wconf 85' lang='lat' dir='ltr'>pro-</span> 
     </span>
    </p>
   </div>
   <div class='ocr_carea' id='block_1_27' title="bbox 448 2472 2096 2548">
    <p class='ocr_par' dir='ltr' id='par_1_27' title="bbox 448 2472 2096 2548">
     <span class='ocr_line' id='line_1_28' title="bbox 448 2472 2096 2548; baseline 0 -19"><span class='ocrx_word' id='word_1_143' title='bbox 448 2482 581 2548; x_wconf 85' lang='lat' dir='ltr'>pter</span> <span class='ocrx_word' id='word_1_144' title='bbox 612 2473 904 2530; x_wconf 84' lang='lat' dir='ltr'>illibatam</span> <span class='ocrx_word' id='word_1_145' title='bbox 937 2473 1068 2545; x_wconf 85' lang='lat' dir='ltr'>ejus</span> <span class='ocrx_word' id='word_1_146' title='bbox 1099 2472 1533 2540; x_wconf 87' lang='lat' dir='ltr'>castimoniam,</span> <span class='ocrx_word' id='word_1_147' title='bbox 1569 2477 1692 2529; x_wconf 91' lang='lat' dir='ltr'>tum</span> <span class='ocrx_word' id='word_1_148' title='bbox 1715 2478 1957 2546; x_wconf 84' lang='lat' dir='ltr'>propter</span> <span class='ocrx_word' id='word_1_149' title='bbox 1977 2473 2096 2530; x_wconf 88' lang='lat' dir='ltr'>exi-</span> 
     </span>
    </p>
   </div>
   <div class='ocr_carea' id='block_1_28' title="bbox 449 2561 1421 2621">
    <p class='ocr_par' dir='ltr' id='par_1_28' title="bbox 449 2561 1421 2621">
     <span class='ocr_line' id='line_1_29' title="bbox 449 2561 1421 2621; baseline -0.003 -1"><span class='ocrx_word' id='word_1_150' title='bbox 449 2564 600 2621; x_wconf 88' lang='lat' dir='ltr'>mias</span> <span class='ocrx_word' id='word_1_151' title='bbox 629 2563 913 2619; x_wconf 88' lang='lat' dir='ltr'>virtutum</span> <span class='ocrx_word' id='word_1_152' title='bbox 944 2561 1421 2618; x_wconf 80' lang='lat' dir='ltr'>exercitationes.</span> 
     </span>
    </p>
   </div>
   <div class='ocr_carea' id='block_1_29' title="bbox 1011 2686 1537 2744">
    <p class='ocr_par' dir='ltr' id='par_1_29' title="bbox 1011 2686 1537 2744">
     <span class='ocr_line' id='line_1_30' title="bbox 1011 2686 1537 2744; baseline -0.002 0"><span class='ocrx_word' id='word_1_153' title='bbox 1011 2688 1255 2744; x_wconf 83' lang='lat' dir='ltr'><strong>EODEM</strong></span> <span class='ocrx_word' id='word_1_154' title='bbox 1286 2686 1537 2743; x_wconf 80' lang='lat' dir='ltr'><strong>MENSE.</strong></span> 
     </span>
    </p>
   </div>
   <div class='ocr_carea' id='block_1_30' title="bbox 1095 2776 1459 2833">
    <p class='ocr_par' dir='ltr' id='par_1_30' title="bbox 1095 2776 1459 2833">
     <span class='ocr_line' id='line_1_31' title="bbox 1095 2776 1459 2833; baseline 0.003 -1"><span class='ocrx_word' id='word_1_155' title='bbox 1095 2777 1196 2833; x_wconf 92' lang='lat' dir='ltr'>Die</span> <span class='ocrx_word' id='word_1_156' title='bbox 1228 2776 1459 2833; x_wconf 89' lang='lat' dir='ltr'>decima</span> 
     </span>
    </p>
   </div>
   <div class='ocr_carea' id='block_1_31' title="bbox 833 2877 2102 2949">
    <p class='ocr_par' dir='ltr' id='par_1_31' title="bbox 833 2877 2102 2949">
     <span class='ocr_line' id='line_1_32' title="bbox 833 2877 2102 2949; baseline -0.001 -14"><span class='ocrx_word' id='word_1_157' title='bbox 833 2884 1147 2935; x_wconf 81' lang='lat' dir='ltr'>sanctorum</span> <span class='ocrx_word' id='word_1_158' title='bbox 1244 2884 1551 2949; x_wconf 79' lang='lat' dir='ltr'>martyrum</span> <span class='ocrx_word' id='word_1_159' title='bbox 1660 2877 1974 2934; x_wconf 65' lang='lat' dir='ltr'>Alexandri</span> <span class='ocrx_word' id='word_1_160' title='bbox 2049 2883 2102 2934; x_wconf 80' lang='lat' dir='ltr'>et</span> 
     </span>
    </p>
   </div>
   <div class='ocr_carea' id='block_1_32' title="bbox 1111 2950 1433 3005">
    <p class='ocr_par' dir='ltr' id='par_1_32' title="bbox 1111 2950 1433 3005">
     <span class='ocr_line' id='line_1_33' title="bbox 1111 2950 1433 3005; baseline 0.003 -1"><span class='ocrx_word' id='word_1_161' title='bbox 1111 2950 1433 3005; x_wconf 55' lang='lat' dir='ltr'>Antonium.</span> 
     </span>
    </p>
   </div>
   <div class='ocr_carea' id='block_1_33' title="bbox 452 2880 739 2937">
    <p class='ocr_par' dir='ltr' id='par_1_33' title="bbox 452 2880 739 2937">
     <span class='ocr_line' id='line_1_34' title="bbox 452 2880 739 2937; baseline 0 -1"><span class='ocrx_word' id='word_1_162' title='bbox 452 2880 739 2937; x_wconf 78' lang='lat' dir='ltr'>Certamen</span> 
     </span>
    </p>
   </div>
   <div class='ocr_carea' id='block_1_34' title="bbox 523 3066 2095 3125">
    <p class='ocr_par' dir='ltr' id='par_1_34' title="bbox 523 3066 2095 3125">
     <span class='ocr_line' id='line_1_35' title="bbox 523 3066 2095 3125; baseline -0.001 -1"><span class='ocrx_word' id='word_1_163' title='bbox 523 3068 591 3124; x_wconf 85' lang='lat' dir='ltr'>Hi</span> <span class='ocrx_word' id='word_1_164' title='bbox 621 3068 863 3125; x_wconf 83' lang='lat' dir='ltr'>fuerunt</span> <span class='ocrx_word' id='word_1_165' title='bbox 894 3082 964 3122; x_wconf 88' lang='lat' dir='ltr'>ex</span> <span class='ocrx_word' id='word_1_166' title='bbox 996 3066 1282 3123; x_wconf 87' lang='lat' dir='ltr'>Cardamo</span> <span class='ocrx_word' id='word_1_167' title='bbox 1312 3066 1459 3122; x_wconf 85' lang='lat' dir='ltr'>vico.</span> <span class='ocrx_word' id='word_1_168' title='bbox 1494 3067 1707 3123; x_wconf 88' lang='lat' dir='ltr'>Sancta</span> <span class='ocrx_word' id='word_1_169' title='bbox 1734 3071 1933 3123; x_wconf 89' lang='lat' dir='ltr'>autem</span> <span class='ocrx_word' id='word_1_170' title='bbox 1972 3069 2095 3124; x_wconf 82' lang='lat' dir='ltr'>An-</span> 
     </span>
    </p>
   </div>
   <div class='ocr_carea' id='block_1_35' title="bbox 444 3155 2095 3228">
    <p class='ocr_par' dir='ltr' id='par_1_35' title="bbox 444 3155 2095 3228">
     <span class='ocr_line' id='line_1_36' title="bbox 444 3155 2095 3228; baseline -0.001 -14"><span class='ocrx_word' id='word_1_171' title='bbox 444 3159 652 3214; x_wconf 88' lang='lat' dir='ltr'>tonina</span> <span class='ocrx_word' id='word_1_172' title='bbox 675 3174 811 3213; x_wconf 90' lang='lat' dir='ltr'>cum</span> <span class='ocrx_word' id='word_1_173' title='bbox 838 3157 1090 3212; x_wconf 88' lang='lat' dir='ltr'>honeste</span> <span class='ocrx_word' id='word_1_174' title='bbox 1114 3155 1508 3228; x_wconf 71' lang='lat' dir='ltr'>religioseque</span> <span class='ocrx_word' id='word_1_175' title='bbox 1535 3156 1713 3212; x_wconf 86' lang='lat' dir='ltr'>vitam</span> <span class='ocrx_word' id='word_1_176' title='bbox 1738 3156 2095 3225; x_wconf 81' lang='lat' dir='ltr'>traduceret,</span> 
     </span>
    </p>
   </div>
   <div class='ocr_carea' id='block_1_36' title="bbox 445 3245 2098 3318">
    <p class='ocr_par' dir='ltr' id='par_1_36' title="bbox 445 3245 2098 3318">
     <span class='ocr_line' id='line_1_37' title="bbox 445 3245 2098 3318; baseline -0.001 -14"><span class='ocrx_word' id='word_1_177' title='bbox 445 3247 882 3318; x_wconf 87' lang='lat' dir='ltr'>comprehensa</span> <span class='ocrx_word' id='word_1_178' title='bbox 910 3261 945 3300; x_wconf 88' lang='lat' dir='ltr'>a</span> <span class='ocrx_word' id='word_1_179' title='bbox 978 3246 1171 3306; x_wconf 90' lang='lat' dir='ltr'>Festo,</span> <span class='ocrx_word' id='word_1_180' title='bbox 1203 3261 1314 3301; x_wconf 90' lang='lat' dir='ltr'>nec</span> <span class='ocrx_word' id='word_1_181' title='bbox 1343 3245 1546 3300; x_wconf 89' lang='lat' dir='ltr'>volens</span> <span class='ocrx_word' id='word_1_182' title='bbox 1583 3246 1885 3303; x_wconf 86' lang='lat' dir='ltr'>Christum</span> <span class='ocrx_word' id='word_1_183' title='bbox 1915 3246 2098 3302; x_wconf 89' lang='lat' dir='ltr'>abne-</span> 
     </span>
    </p>
   </div>
   <div class='ocr_carea' id='block_1_37' title="bbox 444 3333 2101 3410">
    <p class='ocr_par' dir='ltr' id='par_1_37' title="bbox 444 3333 2101 3410">
     <span class='ocr_line' id='line_1_38' title="bbox 444 3333 2101 3410; baseline 0.001 -19"><span class='ocrx_word' id='word_1_184' title='bbox 444 3352 605 3410; x_wconf 83' lang='lat' dir='ltr'>gare.</span> <span class='ocrx_word' id='word_1_185' title='bbox 640 3341 743 3391; x_wconf 88' lang='lat' dir='ltr'>aut</span> <span class='ocrx_word' id='word_1_186' title='bbox 772 3334 1071 3390; x_wconf 72' lang='lat' dir='ltr'>daemonia</span> <span class='ocrx_word' id='word_1_187' title='bbox 1105 3333 1324 3401; x_wconf 89' lang='lat' dir='ltr'>colere,</span> <span class='ocrx_word' id='word_1_188' title='bbox 1357 3334 1432 3390; x_wconf 92' lang='lat' dir='ltr'>ad</span> <span class='ocrx_word' id='word_1_189' title='bbox 1460 3334 1716 3407; x_wconf 89' lang='lat' dir='ltr'>lupanar</span> <span class='ocrx_word' id='word_1_190' title='bbox 1763 3335 2101 3393; x_wconf 87' lang='lat' dir='ltr'>damnatur.</span> 
     </span>
    </p>
   </div>
   <div class='ocr_carea' id='block_1_38' title="bbox 444 3422 2102 3498">
    <p class='ocr_par' dir='ltr' id='par_1_38' title="bbox 444 3422 2102 3498">
     <span class='ocr_line' id='line_1_39' title="bbox 444 3422 2102 3498; baseline 0.001 -16"><span class='ocrx_word' id='word_1_191' title='bbox 444 3427 589 3482; x_wconf 88' lang='lat' dir='ltr'>Cum</span> <span class='ocrx_word' id='word_1_192' title='bbox 620 3441 755 3481; x_wconf 88' lang='lat' dir='ltr'>vero</span> <span class='ocrx_word' id='word_1_193' title='bbox 788 3441 896 3498; x_wconf 93' lang='lat' dir='ltr'>per</span> <span class='ocrx_word' id='word_1_194' title='bbox 929 3430 1047 3479; x_wconf 85' lang='lat' dir='ltr'>tres</span> <span class='ocrx_word' id='word_1_195' title='bbox 1096 3422 1224 3479; x_wconf 91' lang='lat' dir='ltr'>dies</span> <span class='ocrx_word' id='word_1_196' title='bbox 1265 3424 1476 3496; x_wconf 85' lang='lat' dir='ltr'>jejuna</span> <span class='ocrx_word' id='word_1_197' title='bbox 1524 3425 1865 3495; x_wconf 87' lang='lat' dir='ltr'>mansisset,</span> <span class='ocrx_word' id='word_1_198' title='bbox 1898 3425 2102 3483; x_wconf 89' lang='lat' dir='ltr'>lumen</span> 
     </span>
    </p>
   </div>
   <div class='ocr_carea' id='block_1_39' title="bbox 443 3512 2100 3588">
    <p class='ocr_par' dir='ltr' id='par_1_39' title="bbox 443 3512 2100 3588">
     <span class='ocr_line' id='line_1_40' title="bbox 443 3512 2100 3588; baseline -0.001 -15"><span class='ocrx_word' id='word_1_199' title='bbox 443 3515 507 3573; x_wconf 90' lang='lat' dir='ltr'><strong>in</strong></span> <span class='ocrx_word' id='word_1_200' title='bbox 541 3520 715 3571; x_wconf 90' lang='lat' dir='ltr'>nocte</span> <span class='ocrx_word' id='word_1_201' title='bbox 744 3512 1140 3587; x_wconf 90' lang='lat' dir='ltr'>resplenduit,</span> <span class='ocrx_word' id='word_1_202' title='bbox 1174 3519 1231 3569; x_wconf 90' lang='lat' dir='ltr'>et</span> <span class='ocrx_word' id='word_1_203' title='bbox 1290 3513 1516 3570; x_wconf 89' lang='lat' dir='ltr'>tonitru</span> <span class='ocrx_word' id='word_1_204' title='bbox 1565 3512 1785 3569; x_wconf 82' lang='lat' dir='ltr'>factum</span> <span class='ocrx_word' id='word_1_205' title='bbox 1839 3521 1947 3578; x_wconf 88' lang='lat' dir='ltr'>est.</span> <span class='ocrx_word' id='word_1_206' title='bbox 1984 3532 2100 3588; x_wconf 91' lang='lat' dir='ltr'>quo</span> 
     </span>
    </p>
   </div>
   <div class='ocr_carea' id='block_1_40' title="bbox 439 3603 2104 3680">
    <p class='ocr_par' dir='ltr' id='par_1_40' title="bbox 439 3603 2104 3680">
     <span class='ocr_line' id='line_1_41' title="bbox 439 3603 2104 3680; baseline 0 -19"><span class='ocrx_word' id='word_1_207' title='bbox 439 3605 645 3680; x_wconf 81' lang='lat' dir='ltr'>januae</span> <span class='ocrx_word' id='word_1_208' title='bbox 677 3604 934 3661; x_wconf 89' lang='lat' dir='ltr'>carceris</span> <span class='ocrx_word' id='word_1_209' title='bbox 957 3603 1241 3659; x_wconf 60' lang='lat' dir='ltr'>diffracta;</span> <span class='ocrx_word' id='word_1_210' title='bbox 1265 3608 1422 3668; x_wconf 91' lang='lat' dir='ltr'>sunt,</span> <span class='ocrx_word' id='word_1_211' title='bbox 1449 3608 1507 3659; x_wconf 87' lang='lat' dir='ltr'>et</span> <span class='ocrx_word' id='word_1_212' title='bbox 1525 3620 1631 3659; x_wconf 85' lang='lat' dir='ltr'>vox</span> <span class='ocrx_word' id='word_1_213' title='bbox 1657 3603 1730 3660; x_wconf 91' lang='lat' dir='ltr'>de</span> <span class='ocrx_word' id='word_1_214' title='bbox 1762 3604 1909 3675; x_wconf 66' lang='lat' dir='ltr'>coelo</span> <span class='ocrx_word' id='word_1_215' title='bbox 1940 3605 2104 3661; x_wconf 76' lang='lat' dir='ltr'>venit</span> 
     </span>
    </p>
   </div>
   <div class='ocr_carea' id='block_1_41' title="bbox 449 3692 2101 3766">
    <p class='ocr_par' dir='ltr' id='par_1_41' title="bbox 449 3692 2101 3766">
     <span class='ocr_line' id='line_1_42' title="bbox 449 3692 2101 3766; baseline 0 -15"><span class='ocrx_word' id='word_1_216' title='bbox 449 3695 707 3760; x_wconf 88' lang='lat' dir='ltr'>adeam,</span> <span class='ocrx_word' id='word_1_217' title='bbox 770 3694 1014 3751; x_wconf 76' lang='lat' dir='ltr'>dicens:</span> <span class='ocrx_word' id='word_1_218' title='bbox 1075 3692 1276 3766; x_wconf 87' lang='lat' dir='ltr'>Surge,</span> <span class='ocrx_word' id='word_1_219' title='bbox 1337 3697 1396 3748; x_wconf 83' lang='lat' dir='ltr'>et</span> <span class='ocrx_word' id='word_1_220' title='bbox 1449 3692 1649 3750; x_wconf 86' lang='lat' dir='ltr'>cibum</span> <span class='ocrx_word' id='word_1_221' title='bbox 1707 3710 1894 3750; x_wconf 89' lang='lat' dir='ltr'>sume.</span> <span class='ocrx_word' id='word_1_222' title='bbox 1954 3696 2101 3752; x_wconf 91' lang='lat' dir='ltr'>Cum</span> 
     </span>
    </p>
   </div>
   <div class='ocr_carea' id='block_1_42' title="bbox 450 3782 2099 3863">
    <p class='ocr_par' dir='ltr' id='par_1_42' title="bbox 450 3782 2099 3863">
     <span class='ocr_line' id='line_1_43' title="bbox 450 3782 2099 3863; baseline 0.001 -23"><span class='ocrx_word' id='word_1_223' title='bbox 450 3784 631 3858; x_wconf 83' lang='lat' dir='ltr'>igitur</span> <span class='ocrx_word' id='word_1_224' title='bbox 661 3790 901 3863; x_wconf 84' lang='lat' dir='ltr'>precata</span> <span class='ocrx_word' id='word_1_225' title='bbox 931 3787 1107 3847; x_wconf 85' lang='lat' dir='ltr'>esset,</span> <span class='ocrx_word' id='word_1_226' title='bbox 1131 3787 1189 3838; x_wconf 89' lang='lat' dir='ltr'>et</span> <span class='ocrx_word' id='word_1_227' title='bbox 1212 3782 1587 3850; x_wconf 86' lang='lat' dir='ltr'>comedisset,</span> <span class='ocrx_word' id='word_1_228' title='bbox 1619 3800 1825 3839; x_wconf 90' lang='lat' dir='ltr'>rursus</span> <span class='ocrx_word' id='word_1_229' title='bbox 1846 3784 1919 3840; x_wconf 92' lang='lat' dir='ltr'>ad</span> <span class='ocrx_word' id='word_1_230' title='bbox 1948 3802 2099 3857; x_wconf 68' lang='lat' dir='ltr'>pras-</span> 
     </span>
    </p>
   </div>
   <div class='ocr_carea' id='block_1_43' title="bbox 451 3871 2097 3943">
    <p class='ocr_par' dir='ltr' id='par_1_43' title="bbox 451 3871 2097 3943">
     <span class='ocr_line' id='line_1_44' title="bbox 451 3871 2097 3943; baseline 0 -13"><span class='ocrx_word' id='word_1_231' title='bbox 451 3872 642 3930; x_wconf 88' lang='lat' dir='ltr'>sidem</span> <span class='ocrx_word' id='word_1_232' title='bbox 675 3872 1012 3933; x_wconf 85' lang='lat' dir='ltr'>adducitur,</span> <span class='ocrx_word' id='word_1_233' title='bbox 1043 3872 1217 3943; x_wconf 85' lang='lat' dir='ltr'>cujus</span> <span class='ocrx_word' id='word_1_234' title='bbox 1239 3872 1438 3942; x_wconf 90' lang='lat' dir='ltr'>jussu,</span> <span class='ocrx_word' id='word_1_235' title='bbox 1470 3888 1585 3943; x_wconf 91' lang='lat' dir='ltr'>quo</span> <span class='ocrx_word' id='word_1_236' title='bbox 1634 3871 1708 3927; x_wconf 88' lang='lat' dir='ltr'>ad</span> <span class='ocrx_word' id='word_1_237' title='bbox 1754 3872 2097 3930; x_wconf 83' lang='lat' dir='ltr'>sacriﬁcan-</span> 
     </span>
    </p>
   </div>
   <div class='ocr_carea' id='block_1_44' title="bbox 450 3959 2100 4033">
    <p class='ocr_par' dir='ltr' id='par_1_44' title="bbox 450 3959 2100 4033">
     <span class='ocr_line' id='line_1_45' title="bbox 450 3959 2100 4033; baseline 0.002 -15"><span class='ocrx_word' id='word_1_238' title='bbox 450 3960 594 4018; x_wconf 87' lang='lat' dir='ltr'>dum</span> <span class='ocrx_word' id='word_1_239' title='bbox 614 3961 792 4017; x_wconf 91' lang='lat' dir='ltr'>idolis</span> <span class='ocrx_word' id='word_1_240' title='bbox 818 3960 1023 4023; x_wconf 88' lang='lat' dir='ltr'>induci</span> <span class='ocrx_word' id='word_1_241' title='bbox 1045 3959 1597 4033; x_wconf 87' lang='lat' dir='ltr'>nequiret,pedibus</span> <span class='ocrx_word' id='word_1_242' title='bbox 1611 3960 2016 4031; x_wconf 85' lang='lat' dir='ltr'>conculcatur,</span> <span class='ocrx_word' id='word_1_243' title='bbox 2041 3968 2100 4021; x_wconf 91' lang='lat' dir='ltr'>et</span> 
     </span>
    </p>
   </div>
   <div class='ocr_carea' id='block_1_45' title="bbox 446 4049 2101 4123">
    <p class='ocr_par' dir='ltr' id='par_1_45' title="bbox 446 4049 2101 4123">
     <span class='ocr_line' id='line_1_46' title="bbox 446 4049 2101 4123; baseline 0.002 -18"><span class='ocrx_word' id='word_1_244' title='bbox 446 4051 624 4123; x_wconf 79' lang='lat' dir='ltr'>virgis</span> <span class='ocrx_word' id='word_1_245' title='bbox 654 4049 907 4121; x_wconf 88' lang='lat' dir='ltr'>palmeis</span> <span class='ocrx_word' id='word_1_246' title='bbox 937 4049 1224 4105; x_wconf 66' lang='lat' dir='ltr'>caeditur:</span> <span class='ocrx_word' id='word_1_247' title='bbox 1257 4054 1437 4121; x_wconf 91' lang='lat' dir='ltr'>atque</span> <span class='ocrx_word' id='word_1_248' title='bbox 1467 4050 1683 4106; x_wconf 90' lang='lat' dir='ltr'>iterum</span> <span class='ocrx_word' id='word_1_249' title='bbox 1734 4050 1798 4106; x_wconf 89' lang='lat' dir='ltr'>in</span> <span class='ocrx_word' id='word_1_250' title='bbox 1845 4050 2101 4123; x_wconf 89' lang='lat' dir='ltr'>lupanar</span> 
     </span>
    </p>
   </div>
   <div class='ocr_carea' id='block_1_46' title="bbox 447 4138 2097 4213">
    <p class='ocr_par' dir='ltr' id='par_1_46' title="bbox 447 4138 2097 4213">
     <span class='ocr_line' id='line_1_47' title="bbox 447 4138 2097 4213; baseline 0.001 -16"><span class='ocrx_word' id='word_1_251' title='bbox 447 4139 801 4211; x_wconf 89' lang='lat' dir='ltr'>conjicitur:</span> <span class='ocrx_word' id='word_1_252' title='bbox 836 4138 997 4210; x_wconf 88' lang='lat' dir='ltr'>quod</span> <span class='ocrx_word' id='word_1_253' title='bbox 1045 4138 1258 4213; x_wconf 82' lang='lat' dir='ltr'>angelo</span> <span class='ocrx_word' id='word_1_254' title='bbox 1289 4138 1610 4208; x_wconf 85' lang='lat' dir='ltr'>revelante,</span> <span class='ocrx_word' id='word_1_255' title='bbox 1641 4139 1977 4197; x_wconf 82' lang='lat' dir='ltr'>Alexander</span> <span class='ocrx_word' id='word_1_256' title='bbox 2000 4142 2097 4199; x_wconf 86' lang='lat' dir='ltr'><strong>in-</strong></span> 
     </span>
    </p>
   </div>
   <div class='ocr_carea' id='block_1_47' title="bbox 443 4226 2098 4303">
    <p class='ocr_par' dir='ltr' id='par_1_47' title="bbox 443 4226 2098 4303">
     <span class='ocr_line' id='line_1_48' title="bbox 443 4226 2098 4303; baseline 0.004 -20"><span class='ocrx_word' id='word_1_257' title='bbox 443 4243 703 4303; x_wconf 81' lang='lat' dir='ltr'>gressus,</span> <span class='ocrx_word' id='word_1_258' title='bbox 728 4227 1070 4301; x_wconf 87' lang='lat' dir='ltr'>(putabatur</span> <span class='ocrx_word' id='word_1_259' title='bbox 1098 4227 1256 4283; x_wconf 89' lang='lat' dir='ltr'>enim</span> <span class='ocrx_word' id='word_1_260' title='bbox 1290 4226 1597 4299; x_wconf 69' lang='lat' dir='ltr'>explenda:</span> <span class='ocrx_word' id='word_1_261' title='bbox 1619 4228 1890 4287; x_wconf 88' lang='lat' dir='ltr'>libidinis</span> <span class='ocrx_word' id='word_1_262' title='bbox 1920 4248 2098 4290; x_wconf 89' lang='lat' dir='ltr'>causa</span> 
     </span>
    </p>
   </div>
   <div class='ocr_carea' id='block_1_48' title="bbox 442 4316 2092 4392">
    <p class='ocr_par' dir='ltr' id='par_1_48' title="bbox 442 4316 2092 4392">
     <span class='ocr_line' id='line_1_49' title="bbox 442 4316 2092 4392; baseline 0.002 -17"><span class='ocrx_word' id='word_1_263' title='bbox 442 4317 505 4375; x_wconf 89' lang='lat' dir='ltr'>id</span> <span class='ocrx_word' id='word_1_264' title='bbox 535 4334 731 4392; x_wconf 87' lang='lat' dir='ltr'>agere,</span> <span class='ocrx_word' id='word_1_265' title='bbox 771 4322 839 4374; x_wconf 88' lang='lat' dir='ltr'>ut</span> <span class='ocrx_word' id='word_1_266' title='bbox 867 4318 969 4391; x_wconf 87' lang='lat' dir='ltr'>qui</span> <span class='ocrx_word' id='word_1_267' title='bbox 993 4316 1231 4390; x_wconf 84' lang='lat' dir='ltr'>juvenis</span> <span class='ocrx_word' id='word_1_268' title='bbox 1263 4321 1421 4373; x_wconf 88' lang='lat' dir='ltr'>esset</span> <span class='ocrx_word' id='word_1_269' title='bbox 1448 4334 1743 4375; x_wconf 88' lang='lat' dir='ltr'>annorum</span> <span class='ocrx_word' id='word_1_270' title='bbox 1763 4319 2000 4378; x_wconf 88' lang='lat' dir='ltr'>circiter</span> <span class='ocrx_word' id='word_1_271' title='bbox 2020 4323 2092 4378; x_wconf 86' lang='lat' dir='ltr'>vi-</span> 
     </span>
    </p>
   </div>
   <div class='ocr_carea' id='block_1_49' title="bbox 442 4404 2093 4483">
    <p class='ocr_par' dir='ltr' id='par_1_49' title="bbox 442 4404 2093 4483">
     <span class='ocr_line' id='line_1_50' title="bbox 442 4404 2093 4483; baseline 0 -17"><span class='ocrx_word' id='word_1_272' title='bbox 442 4407 592 4483; x_wconf 82' lang='lat' dir='ltr'>ginti</span> <span class='ocrx_word' id='word_1_273' title='bbox 623 4409 804 4480; x_wconf 88' lang='lat' dir='ltr'>octo,)</span> <span class='ocrx_word' id='word_1_274' title='bbox 836 4412 1105 4466; x_wconf 89' lang='lat' dir='ltr'>sanctam</span> <span class='ocrx_word' id='word_1_275' title='bbox 1151 4404 1387 4478; x_wconf 90' lang='lat' dir='ltr'>quidem</span> <span class='ocrx_word' id='word_1_276' title='bbox 1437 4423 1575 4480; x_wconf 85' lang='lat' dir='ltr'>sago</span> <span class='ocrx_word' id='word_1_277' title='bbox 1618 4424 1724 4463; x_wconf 88' lang='lat' dir='ltr'>suo</span> <span class='ocrx_word' id='word_1_278' title='bbox 1770 4415 1948 4481; x_wconf 86' lang='lat' dir='ltr'>caput</span> <span class='ocrx_word' id='word_1_279' title='bbox 1992 4411 2093 4467; x_wconf 86' lang='lat' dir='ltr'>in—</span> 
     </span>
    </p>
   </div>
   <div class='ocr_carea' id='block_1_50' title="bbox 441 4494 2092 4570">
    <p class='ocr_par' dir='ltr' id='par_1_50' title="bbox 441 4494 2092 4570">
     <span class='ocr_line' id='line_1_51' title="bbox 441 4494 2092 4570; baseline 0.002 -17"><span class='ocrx_word' id='word_1_280' title='bbox 441 4499 705 4557; x_wconf 86' lang='lat' dir='ltr'>volutam</span> <span class='ocrx_word' id='word_1_281' title='bbox 737 4514 768 4554; x_wconf 89' lang='lat' dir='ltr'>e</span> <span class='ocrx_word' id='word_1_282' title='bbox 800 4497 1076 4570; x_wconf 88' lang='lat' dir='ltr'>lupanari</span> <span class='ocrx_word' id='word_1_283' title='bbox 1126 4494 1364 4563; x_wconf 86' lang='lat' dir='ltr'>eduxit;</span> <span class='ocrx_word' id='word_1_284' title='bbox 1415 4494 1542 4566; x_wconf 89' lang='lat' dir='ltr'>ipse</span> <span class='ocrx_word' id='word_1_285' title='bbox 1589 4512 1724 4551; x_wconf 87' lang='lat' dir='ltr'>vero</span> <span class='ocrx_word' id='word_1_286' title='bbox 1773 4513 1879 4569; x_wconf 91' lang='lat' dir='ltr'>pro</span> <span class='ocrx_word' id='word_1_287' title='bbox 1913 4513 1983 4555; x_wconf 89' lang='lat' dir='ltr'>ea</span> <span class='ocrx_word' id='word_1_288' title='bbox 2012 4497 2092 4556; x_wconf 91' lang='lat' dir='ltr'>ibi</span> 
     </span>
    </p>
   </div>
   <div class='ocr_carea' id='block_1_51' title="bbox 2124 1846 2171 1912">
    <p class='ocr_par' dir='ltr' id='par_1_51' title="bbox 2124 1846 2171 1912">
     <span class='ocr_line' id='line_1_52' title="bbox 2124 1846 2171 1912; baseline 0 0"><span class='ocrx_word' id='word_1_289' title='bbox 2124 1846 2171 1912; x_wconf 87' lang='grc' dir='ltr'><strong>Β</strong></span> 
     </span>
    </p>
   </div>
   <div class='ocr_carea' id='block_1_52' title="bbox 2212 540 3868 619">
    <p class='ocr_par' dir='ltr' id='par_1_52' title="bbox 2212 540 3868 619">
     <span class='ocr_line' id='line_1_53' title="bbox 2212 540 3868 619; baseline -0.002 -18"><span class='ocrx_word' id='word_1_290' title='bbox 2212 546 2351 619; x_wconf 83' lang='grc' dir='ltr'>μετά</span> <span class='ocrx_word' id='word_1_291' title='bbox 2407 541 2674 613; x_wconf 82' lang='grc' dir='ltr'>σπουδῆς.</span> <span class='ocrx_word' id='word_1_292' title='bbox 2735 543 2835 599; x_wconf 83' lang='grc' dir='ltr'>Καὶ</span> <span class='ocrx_word' id='word_1_293' title='bbox 2892 544 2922 598; x_wconf 82' lang='grc' dir='ltr'>ὁ</span> <span class='ocrx_word' id='word_1_294' title='bbox 3019 545 3227 619; x_wconf 77' lang='grc' dir='ltr'>μάρτυς</span> <span class='ocrx_word' id='word_1_295' title='bbox 3302 542 3612 613; x_wconf 70' lang='grc' dir='ltr'>ὑπαντήσας</span> <span class='ocrx_word' id='word_1_296' title='bbox 3696 540 3868 615; x_wconf 73' lang='grc' dir='ltr'>αὐτῷ,</span> 
     </span>
    </p>
   </div>
   <div class='ocr_carea' id='block_1_53' title="bbox 2208 630 3864 709">
    <p class='ocr_par' dir='ltr' id='par_1_53' title="bbox 2208 630 3864 709">
     <span class='ocr_line' id='line_1_54' title="bbox 2208 630 3864 709; baseline -0.002 -18"><span class='ocrx_word' id='word_1_297' title='bbox 2208 634 2467 708; x_wconf 69' lang='grc' dir='ltr'>ἐτίμησεν</span> <span class='ocrx_word' id='word_1_298' title='bbox 2520 633 2686 690; x_wconf 80' lang='grc' dir='ltr'>αὐτὸν</span> <span class='ocrx_word' id='word_1_299' title='bbox 2748 632 3072 709; x_wconf 84' lang='grc' dir='ltr'>βασιλικῶς.</span> <span class='ocrx_word' id='word_1_300' title='bbox 3130 633 3264 689; x_wconf 81' lang='grc' dir='ltr'>Τότε</span> <span class='ocrx_word' id='word_1_301' title='bbox 3347 630 3500 707; x_wconf 72' lang='grc' dir='ltr'>λέγει</span> <span class='ocrx_word' id='word_1_302' title='bbox 3566 632 3864 695; x_wconf 76' lang='grc' dir='ltr'>Λικίννιος·</span> 
     </span>
    </p>
   </div>
   <div class='ocr_carea' id='block_1_54' title="bbox 2209 718 3866 802">
    <p class='ocr_par' dir='ltr' id='par_1_54' title="bbox 2209 718 3866 802">
     <span class='ocr_line' id='line_1_55' title="bbox 2209 718 3866 802; baseline -0.002 -22"><span class='ocrx_word' id='word_1_303' title='bbox 2209 722 2480 797; x_wconf 81' lang='grc' dir='ltr'>Θεόδωρε,</span> <span class='ocrx_word' id='word_1_304' title='bbox 2514 721 2696 798; x_wconf 89' lang='grc' dir='ltr'>δεῦρο,</span> <span class='ocrx_word' id='word_1_305' title='bbox 2729 721 2978 798; x_wconf 82' lang='grc' dir='ltr'>θύσωμεν</span> <span class='ocrx_word' id='word_1_306' title='bbox 3028 728 3145 786; x_wconf 80' lang='grc' dir='ltr'>τοῖς</span> <span class='ocrx_word' id='word_1_307' title='bbox 3207 727 3373 786; x_wconf 85' lang='grc' dir='ltr'>θεοῖς.</span> <span class='ocrx_word' id='word_1_308' title='bbox 3405 723 3468 780; x_wconf 77' lang='grc' dir='ltr'>Ὀ</span> <span class='ocrx_word' id='word_1_309' title='bbox 3500 718 3558 778; x_wconf 79' lang='grc' dir='ltr'>δὶ</span> <span class='ocrx_word' id='word_1_310' title='bbox 3588 719 3712 802; x_wconf 75' lang='grc' dir='ltr'>ἔφη·</span> <span class='ocrx_word' id='word_1_311' title='bbox 3764 720 3866 785; x_wconf 84' lang='grc' dir='ltr'>Δός</span> 
     </span>
    </p>
   </div>
   <div class='ocr_carea' id='block_1_55' title="bbox 2213 809 3862 888">
    <p class='ocr_par' dir='ltr' id='par_1_55' title="bbox 2213 809 3862 888">
     <span class='ocr_line' id='line_1_56' title="bbox 2213 809 3862 888; baseline 0 -21"><span class='ocrx_word' id='word_1_312' title='bbox 2213 833 2309 886; x_wconf 90' lang='grc' dir='ltr'><strong>μοι</strong></span> <span class='ocrx_word' id='word_1_313' title='bbox 2345 811 2544 878; x_wconf 74' lang='grc' dir='ltr'>αὐτοὺς</span> <span class='ocrx_word' id='word_1_314' title='bbox 2598 812 2864 888; x_wconf 84' lang='grc' dir='ltr'>πρότερον</span> <span class='ocrx_word' id='word_1_315' title='bbox 2922 810 2975 868; x_wconf 75' lang='grc' dir='ltr'>ἑν</span> <span class='ocrx_word' id='word_1_316' title='bbox 3031 817 3111 883; x_wconf 82' lang='grc' dir='ltr'>τῷ</span> <span class='ocrx_word' id='word_1_317' title='bbox 3171 810 3330 884; x_wconf 48' lang='grc' dir='ltr'>οῗκῳ,</span> <span class='ocrx_word' id='word_1_318' title='bbox 3387 809 3475 866; x_wconf 62' lang='grc' dir='ltr'>ἵνα</span> <span class='ocrx_word' id='word_1_319' title='bbox 3524 814 3862 887; x_wconf 73' lang='grc' dir='ltr'>θεραπευσει),</span> 
     </span>
    </p>
   </div>
   <div class='ocr_carea' id='block_1_56' title="bbox 2209 895 3867 975">
    <p class='ocr_par' dir='ltr' id='par_1_56' title="bbox 2209 895 3867 975">
     <span class='ocr_line' id='line_1_57' title="bbox 2209 895 3867 975; baseline -0.001 -18"><span class='ocrx_word' id='word_1_320' title='bbox 2209 902 2300 957; x_wconf 86' lang='grc' dir='ltr'>καὶ</span> <span class='ocrx_word' id='word_1_321' title='bbox 2357 902 2481 957; x_wconf 87' lang='grc' dir='ltr'>τότε</span> <span class='ocrx_word' id='word_1_322' title='bbox 2540 900 2653 966; x_wconf 87' lang='grc' dir='ltr'>θύω</span> <span class='ocrx_word' id='word_1_323' title='bbox 2708 900 2920 958; x_wconf 79' lang='grc' dir='ltr'>αὐτοῖς.</span> <span class='ocrx_word' id='word_1_324' title='bbox 2984 901 3083 956; x_wconf 83' lang='grc' dir='ltr'>Καὶ</span> <span class='ocrx_word' id='word_1_325' title='bbox 3142 895 3328 956; x_wconf 75' lang='grc' dir='ltr'>λαϐὼν</span> <span class='ocrx_word' id='word_1_326' title='bbox 3387 899 3515 962; x_wconf 78' lang='grc' dir='ltr'>τοὺς</span> <span class='ocrx_word' id='word_1_327' title='bbox 3596 900 3867 975; x_wconf 79' lang='grc' dir='ltr'>ἀργυροῦς</span> 
     </span>
    </p>
   </div>
   <div class='ocr_carea' id='block_1_57' title="bbox 2211 986 3863 1067">
    <p class='ocr_par' dir='ltr' id='par_1_57' title="bbox 2211 986 3863 1067">
     <span class='ocr_line' id='line_1_58' title="bbox 2211 986 3863 1067; baseline 0 -22"><span class='ocrx_word' id='word_1_328' title='bbox 2211 991 2390 1060; x_wconf 81' lang='grc' dir='ltr'>θεοὺς,</span> <span class='ocrx_word' id='word_1_329' title='bbox 2446 994 2753 1067; x_wconf 75' lang='grc' dir='ltr'>συνετριψε,</span> <span class='ocrx_word' id='word_1_330' title='bbox 2812 990 2902 1045; x_wconf 85' lang='grc' dir='ltr'>καὶ</span> <span class='ocrx_word' id='word_1_331' title='bbox 2986 986 3156 1046; x_wconf 80' lang='grc' dir='ltr'>ἔδωκε</span> <span class='ocrx_word' id='word_1_332' title='bbox 3246 996 3367 1052; x_wconf 85' lang='grc' dir='ltr'>τοῖς</span> <span class='ocrx_word' id='word_1_333' title='bbox 3449 996 3720 1065; x_wconf 81' lang='grc' dir='ltr'>πτωχοῖς’</span> <span class='ocrx_word' id='word_1_334' title='bbox 3769 989 3863 1045; x_wconf 84' lang='grc' dir='ltr'>καὶ</span> 
     </span>
    </p>
   </div>
   <div class='ocr_carea' id='block_1_58' title="bbox 2209 1077 3868 1158">
    <p class='ocr_par' dir='ltr' id='par_1_58' title="bbox 2209 1077 3868 1158">
     <span class='ocr_line' id='line_1_59' title="bbox 2209 1077 3868 1158; baseline 0.001 -25"><span class='ocrx_word' id='word_1_335' title='bbox 2209 1081 2473 1155; x_wconf 85' lang='grc' dir='ltr'>γνωσθεὶς</span> <span class='ocrx_word' id='word_1_336' title='bbox 2532 1080 2876 1156; x_wconf 68' lang='grc' dir='ltr'>ἐτιμωρήθη.</span> <span class='ocrx_word' id='word_1_337' title='bbox 2964 1081 3098 1137; x_wconf 81' lang='grc' dir='ltr'>Εἶτα</span> <span class='ocrx_word' id='word_1_338' title='bbox 3181 1078 3605 1158; x_wconf 74' lang='grc' dir='ltr'>ἆπεκεφα-λίσθη.</span> <span class='ocrx_word' id='word_1_339' title='bbox 3666 1080 3745 1137; x_wconf 88' lang='grc' dir='ltr'>Τὸ</span> <span class='ocrx_word' id='word_1_340' title='bbox 3806 1077 3868 1135; x_wconf 62' lang='grc' dir='ltr'>δὲ</span> 
     </span>
    </p>
   </div>
   <div class='ocr_carea' id='block_1_59' title="bbox 2211 1166 3867 1245">
    <p class='ocr_par' dir='ltr' id='par_1_59' title="bbox 2211 1166 3867 1245">
     <span class='ocr_line' id='line_1_60' title="bbox 2211 1166 3867 1245; baseline 0.001 -21"><span class='ocrx_word' id='word_1_341' title='bbox 2211 1167 2465 1243; x_wconf 80' lang='grc' dir='ltr'>λείψανον</span> <span class='ocrx_word' id='word_1_342' title='bbox 2494 1169 2663 1225; x_wconf 79' lang='grc' dir='ltr'>αὐτοῦ</span> <span class='ocrx_word' id='word_1_343' title='bbox 2694 1170 3077 1243; x_wconf 74' lang='grc' dir='ltr'>ἀνακομισθὲν,</span> <span class='ocrx_word' id='word_1_344' title='bbox 3130 1167 3284 1240; x_wconf 76' lang='grc' dir='ltr'>ἑνέθη</span> <span class='ocrx_word' id='word_1_345' title='bbox 3347 1168 3400 1224; x_wconf 78' lang='grc' dir='ltr'>ἐν</span> <span class='ocrx_word' id='word_1_346' title='bbox 3451 1166 3664 1245; x_wconf 59' lang='grc' dir='ltr'>Εὐχαΐᾳ</span> <span class='ocrx_word' id='word_1_347' title='bbox 3710 1167 3867 1240; x_wconf 86' lang='grc' dir='ltr'>πλη-</span> 
     </span>
    </p>
   </div>
   <div class='ocr_carea' id='block_1_60' title="bbox 2211 1258 2668 1335">
    <p class='ocr_par' dir='ltr' id='par_1_60' title="bbox 2211 1258 2668 1335">
     <span class='ocr_line' id='line_1_61' title="bbox 2211 1258 2668 1335; baseline 0.009 -23"><span class='ocrx_word' id='word_1_348' title='bbox 2211 1258 2324 1314; x_wconf 79' lang='grc' dir='ltr'>σίον</span> <span class='ocrx_word' id='word_1_349' title='bbox 2357 1258 2668 1335; x_wconf 77' lang='grc' dir='ltr'>Εὖχαῖτῶν.</span> 
     </span>
    </p>
   </div>
   <div class='ocr_carea' id='block_1_61' title="bbox 2758 1565 3312 1623">
    <p class='ocr_par' dir='ltr' id='par_1_61' title="bbox 2758 1565 3312 1623">
     <span class='ocr_line' id='line_1_62' title="bbox 2758 1565 3312 1623; baseline 0 -2"><span class='ocrx_word' id='word_1_350' title='bbox 2758 1565 2944 1623; x_wconf 66' lang='grc' dir='ltr'><strong>ΜῙῙΝῙ</strong></span> <span class='ocrx_word' id='word_1_351' title='bbox 2983 1566 3075 1620; x_wconf 81' lang='grc' dir='ltr'>ἸὪ</span> <span class='ocrx_word' id='word_1_352' title='bbox 3112 1567 3312 1621; x_wconf 77' lang='grc' dir='ltr'>ΔΥΤΩ.</span> 
     </span>
    </p>
   </div>
   <div class='ocr_carea' id='block_1_62' title="bbox 3010 1658 3050 1708">
    <p class='ocr_par' dir='ltr' id='par_1_62' title="bbox 3010 1658 3050 1708">
     <span class='ocr_line' id='line_1_63' title="bbox 3010 1658 3050 1708; baseline 0 0"><span class='ocrx_word' id='word_1_353' title='bbox 3010 1658 3050 1708; x_wconf 86' lang='grc' dir='ltr'>Θ</span> 
     </span>
    </p>
   </div>
   <div class='ocr_carea' id='block_1_63' title="bbox 2210 1748 3866 1830">
    <p class='ocr_par' dir='ltr' id='par_1_63' title="bbox 2210 1748 3866 1830">
     <span class='ocr_line' id='line_1_64' title="bbox 2210 1748 3866 1830; baseline 0 -20"><span class='ocrx_word' id='word_1_354' title='bbox 2210 1748 2479 1824; x_wconf 81' lang='grc' dir='ltr'>Ἀθλησις</span> <span class='ocrx_word' id='word_1_355' title='bbox 2537 1757 2639 1822; x_wconf 86' lang='grc' dir='ltr'>τῆς</span> <span class='ocrx_word' id='word_1_356' title='bbox 2719 1750 2874 1830; x_wconf 74' lang='grc' dir='ltr'>ἁγίας</span> <span class='ocrx_word' id='word_1_357' title='bbox 2963 1755 3238 1830; x_wconf 74' lang='grc' dir='ltr'>μάρτορος</span> <span class='ocrx_word' id='word_1_358' title='bbox 3324 1748 3600 1830; x_wconf 83' lang='grc' dir='ltr'>Πελαγίας</span> <span class='ocrx_word' id='word_1_359' title='bbox 3650 1753 3752 1824; x_wconf 78' lang='grc' dir='ltr'>τῆς</span> <span class='ocrx_word' id='word_1_360' title='bbox 3807 1750 3866 1810; x_wconf 74' lang='grc' dir='ltr'>ἐν</span> 
     </span>
    </p>
   </div>
   <div class='ocr_carea' id='block_1_64' title="bbox 2860 1825 3196 1901">
    <p class='ocr_par' dir='ltr' id='par_1_64' title="bbox 2860 1825 3196 1901">
     <span class='ocr_line' id='line_1_65' title="bbox 2860 1825 3196 1901; baseline -0.006 -18"><span class='ocrx_word' id='word_1_361' title='bbox 2860 1825 3196 1901; x_wconf 81' lang='grc' dir='ltr'>Ἀντιοχείᾳ.</span> 
     </span>
    </p>
   </div>
   <div class='ocr_carea' id='block_1_65' title="bbox 2280 1928 3871 2008">
    <p class='ocr_par' dir='ltr' id='par_1_65' title="bbox 2280 1928 3871 2008">
     <span class='ocr_line' id='line_1_66' title="bbox 2280 1928 3871 2008; baseline 0.003 -22"><span class='ocrx_word' id='word_1_362' title='bbox 2280 1930 2431 2003; x_wconf 75' lang='grc' dir='ltr'>Αὕτη</span> <span class='ocrx_word' id='word_1_363' title='bbox 2466 1928 2830 2001; x_wconf 77' lang='grc' dir='ltr'>διαϐληθεῖσα</span> <span class='ocrx_word' id='word_1_364' title='bbox 2859 1932 2997 1999; x_wconf 82' lang='grc' dir='ltr'>πρὸς</span> <span class='ocrx_word' id='word_1_365' title='bbox 3050 1934 3141 1988; x_wconf 87' lang='grc' dir='ltr'>τὸν</span> <span class='ocrx_word' id='word_1_366' title='bbox 3198 1932 3464 2008; x_wconf 77' lang='grc' dir='ltr'>ἄρχοντα,</span> <span class='ocrx_word' id='word_1_367' title='bbox 3509 1933 3599 1989; x_wconf 79' lang='grc' dir='ltr'>καὶ</span> <span class='ocrx_word' id='word_1_368' title='bbox 3653 1931 3871 2004; x_wconf 79' lang='grc' dir='ltr'>δήσασα</span> 
     </span>
    </p>
   </div>
   <div class='ocr_carea' id='block_1_66' title="bbox 2211 2017 3873 2097">
    <p class='ocr_par' dir='ltr' id='par_1_66' title="bbox 2211 2017 3873 2097">
     <span class='ocr_line' id='line_1_67' title="bbox 2211 2017 3873 2097; baseline 0.003 -22"><span class='ocrx_word' id='word_1_369' title='bbox 2211 2017 2301 2075; x_wconf 69' lang='grc' dir='ltr'>διὰ</span> <span class='ocrx_word' id='word_1_370' title='bbox 2327 2023 2427 2091; x_wconf 79' lang='grc' dir='ltr'>τήν</span> <span class='ocrx_word' id='word_1_371' title='bbox 2460 2020 2628 2091; x_wconf 84' lang='grc' dir='ltr'>αὐτῆς</span> <span class='ocrx_word' id='word_1_372' title='bbox 2660 2021 2969 2097; x_wconf 82' lang='grc' dir='ltr'>παρθενίας,</span> <span class='ocrx_word' id='word_1_373' title='bbox 3029 2019 3227 2093; x_wconf 70' lang='grc' dir='ltr'>ἐδεήθη</span> <span class='ocrx_word' id='word_1_374' title='bbox 3274 2026 3375 2079; x_wconf 86' lang='grc' dir='ltr'>τοῦ</span> <span class='ocrx_word' id='word_1_375' title='bbox 3421 2026 3575 2091; x_wconf 80' lang='grc' dir='ltr'>Θεοῦ,</span> <span class='ocrx_word' id='word_1_376' title='bbox 3625 2023 3716 2079; x_wconf 81' lang='grc' dir='ltr'>καὶ</span> <span class='ocrx_word' id='word_1_377' title='bbox 3762 2045 3873 2080; x_wconf 88' lang='grc' dir='ltr'>πε-</span> 
     </span>
    </p>
   </div>
   <div class='ocr_carea' id='block_1_67' title="bbox 2210 2108 3870 2186">
    <p class='ocr_par' dir='ltr' id='par_1_67' title="bbox 2210 2108 3870 2186">
     <span class='ocr_line' id='line_1_68' title="bbox 2210 2108 3870 2186; baseline 0.004 -23"><span class='ocrx_word' id='word_1_378' title='bbox 2210 2108 2527 2184; x_wconf 82' lang='grc' dir='ltr'>ριστείλασα</span> <span class='ocrx_word' id='word_1_379' title='bbox 2585 2109 2805 2180; x_wconf 72' lang='grc' dir='ltr'>ἑαυτὴν,</span> <span class='ocrx_word' id='word_1_380' title='bbox 2864 2111 2968 2165; x_wconf 76' lang='grc' dir='ltr'>ὰπὸ</span> <span class='ocrx_word' id='word_1_381' title='bbox 3026 2117 3124 2165; x_wconf 90' lang='grc' dir='ltr'>τοῦ</span> <span class='ocrx_word' id='word_1_382' title='bbox 3180 2109 3512 2185; x_wconf 70' lang='grc' dir='ltr'>οἰκήματος,</span> <span class='ocrx_word' id='word_1_383' title='bbox 3571 2112 3621 2168; x_wconf 82' lang='grc' dir='ltr'>ἐν</span> <span class='ocrx_word' id='word_1_384' title='bbox 3673 2114 3719 2186; x_wconf 83' lang='grc' dir='ltr'>ᾧ</span> <span class='ocrx_word' id='word_1_385' title='bbox 3760 2116 3870 2169; x_wconf 85' lang='grc' dir='ltr'>ἀπ-</span> 
     </span>
    </p>
   </div>
   <div class='ocr_carea' id='block_1_68' title="bbox 2212 2196 3876 2277">
    <p class='ocr_par' dir='ltr' id='par_1_68' title="bbox 2212 2196 3876 2277">
     <span class='ocr_line' id='line_1_69' title="bbox 2212 2196 3876 2277; baseline 0.003 -24"><span class='ocrx_word' id='word_1_386' title='bbox 2212 2198 2358 2253; x_wconf 79' lang='grc' dir='ltr'>έθετο</span> <span class='ocrx_word' id='word_1_387' title='bbox 2392 2199 2420 2254; x_wconf 88' lang='grc' dir='ltr'>ὁ</span> <span class='ocrx_word' id='word_1_388' title='bbox 2450 2196 2641 2274; x_wconf 80' lang='grc' dir='ltr'>ἅρχων</span> <span class='ocrx_word' id='word_1_389' title='bbox 2665 2199 2860 2269; x_wconf 79' lang='grc' dir='ltr'>αῦτήν,</span> <span class='ocrx_word' id='word_1_390' title='bbox 2914 2200 3216 2264; x_wconf 79' lang='grc' dir='ltr'>ἀνελθοῦσα</span> <span class='ocrx_word' id='word_1_391' title='bbox 3265 2201 3515 2277; x_wconf 79' lang='grc' dir='ltr'>ὑπεράνω</span> <span class='ocrx_word' id='word_1_392' title='bbox 3544 2206 3641 2257; x_wconf 88' lang='grc' dir='ltr'>τοῦ</span> <span class='ocrx_word' id='word_1_393' title='bbox 3673 2200 3876 2277; x_wconf 84' lang='grc' dir='ltr'>δώμα-</span> 
     </span>
    </p>
   </div>
   <div class='ocr_carea' id='block_1_69' title="bbox 2213 2281 3871 2364">
    <p class='ocr_par' dir='ltr' id='par_1_69' title="bbox 2213 2281 3871 2364">
     <span class='ocr_line' id='line_1_70' title="bbox 2213 2281 3871 2364; baseline 0.004 -23"><span class='ocrx_word' id='word_1_394' title='bbox 2213 2307 2329 2355; x_wconf 89' lang='grc' dir='ltr'>τος,</span> <span class='ocrx_word' id='word_1_395' title='bbox 2362 2281 2555 2341; x_wconf 74' lang='grc' dir='ltr'>ἔϐαλεν</span> <span class='ocrx_word' id='word_1_396' title='bbox 2588 2286 2761 2356; x_wconf 66' lang='grc' dir='ltr'>αὐτὴν</span> <span class='ocrx_word' id='word_1_397' title='bbox 2788 2289 2926 2343; x_wconf 87' lang='grc' dir='ltr'>κατά</span> <span class='ocrx_word' id='word_1_398' title='bbox 2975 2292 3072 2343; x_wconf 91' lang='grc' dir='ltr'>τοῦ</span> <span class='ocrx_word' id='word_1_399' title='bbox 3120 2293 3389 2364; x_wconf 85' lang='grc' dir='ltr'>κρημνοῦ.</span> <span class='ocrx_word' id='word_1_400' title='bbox 3442 2290 3540 2344; x_wconf 80' lang='grc' dir='ltr'>Καὶ</span> <span class='ocrx_word' id='word_1_401' title='bbox 3587 2288 3871 2348; x_wconf 75' lang='grc' dir='ltr'>ἀπέδωκεν</span> 
     </span>
    </p>
   </div>
   <div class='ocr_carea' id='block_1_70' title="bbox 2212 2374 3873 2453">
    <p class='ocr_par' dir='ltr' id='par_1_70' title="bbox 2212 2374 3873 2453">
     <span class='ocr_line' id='line_1_71' title="bbox 2212 2374 3873 2453; baseline 0.003 -23"><span class='ocrx_word' id='word_1_402' title='bbox 2212 2376 2310 2443; x_wconf 75' lang='grc' dir='ltr'>τήν</span> <span class='ocrx_word' id='word_1_403' title='bbox 2343 2376 2530 2451; x_wconf 73' lang='grc' dir='ltr'>ψυχήν</span> <span class='ocrx_word' id='word_1_404' title='bbox 2562 2374 2730 2447; x_wconf 80' lang='grc' dir='ltr'>αὐτῆς</span> <span class='ocrx_word' id='word_1_405' title='bbox 2756 2381 2835 2450; x_wconf 80' lang='grc' dir='ltr'>τῷ</span> <span class='ocrx_word' id='word_1_406' title='bbox 2883 2381 3018 2451; x_wconf 81' lang='grc' dir='ltr'>Θεῷ.</span> <span class='ocrx_word' id='word_1_407' title='bbox 3071 2377 3284 2448; x_wconf 84' lang='grc' dir='ltr'>Ταύτην</span> <span class='ocrx_word' id='word_1_408' title='bbox 3317 2380 3346 2435; x_wconf 85' lang='grc' dir='ltr'><strong>ὁ</strong></span> <span class='ocrx_word' id='word_1_409' title='bbox 3374 2378 3558 2453; x_wconf 72' lang='grc' dir='ltr'>τίμιος</span> <span class='ocrx_word' id='word_1_410' title='bbox 3611 2381 3873 2452; x_wconf 71' lang='grc' dir='ltr'>Ἰωάννης</span> 
     </span>
    </p>
   </div>
   <div class='ocr_carea' id='block_1_71' title="bbox 2213 2465 3870 2547">
    <p class='ocr_par' dir='ltr' id='par_1_71' title="bbox 2213 2465 3870 2547">
     <span class='ocr_line' id='line_1_72' title="bbox 2213 2465 3870 2547; baseline 0.004 -27"><span class='ocrx_word' id='word_1_411' title='bbox 2213 2465 2242 2520; x_wconf 86' lang='grc' dir='ltr'><strong>ὁ</strong></span> <span class='ocrx_word' id='word_1_412' title='bbox 2275 2465 2671 2542; x_wconf 83' lang='grc' dir='ltr'>Χρυκόστομος</span> <span class='ocrx_word' id='word_1_413' title='bbox 2714 2466 3017 2543; x_wconf 76' lang='grc' dir='ltr'><strong>ἐγκωμίοις</strong></span> <span class='ocrx_word' id='word_1_414' title='bbox 3065 2466 3315 2540; x_wconf 70' lang='grc' dir='ltr'>ἰτίμησε,</span> <span class='ocrx_word' id='word_1_415' title='bbox 3376 2465 3467 2524; x_wconf 70' lang='grc' dir='ltr'>διὰ</span> <span class='ocrx_word' id='word_1_416' title='bbox 3516 2470 3579 2525; x_wconf 83' lang='grc' dir='ltr'>τὸ</span> <span class='ocrx_word' id='word_1_417' title='bbox 3627 2473 3870 2547; x_wconf 87' lang='grc' dir='ltr'>καθαρὸν</span> 
     </span>
    </p>
   </div>
   <div class='ocr_carea' id='block_1_72' title="bbox 2208 2553 3786 2636">
    <p class='ocr_par' dir='ltr' id='par_1_72' title="bbox 2208 2553 3786 2636">
     <span class='ocr_line' id='line_1_73' title="bbox 2208 2553 3786 2636; baseline 0.005 -28"><span class='ocrx_word' id='word_1_418' title='bbox 2208 2556 2312 2620; x_wconf 80' lang='grc' dir='ltr'>τῆς</span> <span class='ocrx_word' id='word_1_419' title='bbox 2340 2553 2629 2633; x_wconf 78' lang='grc' dir='ltr'>παρθενίας</span> <span class='ocrx_word' id='word_1_420' title='bbox 2663 2555 2853 2626; x_wconf 80' lang='grc' dir='ltr'>αὐτῆς,</span> <span class='ocrx_word' id='word_1_421' title='bbox 2885 2556 2977 2611; x_wconf 85' lang='grc' dir='ltr'>καὶ</span> <span class='ocrx_word' id='word_1_422' title='bbox 3005 2556 3069 2612; x_wconf 85' lang='grc' dir='ltr'>τὸ</span> <span class='ocrx_word' id='word_1_423' title='bbox 3097 2563 3198 2627; x_wconf 84' lang='grc' dir='ltr'>τῆς</span> <span class='ocrx_word' id='word_1_424' title='bbox 3229 2557 3510 2630; x_wconf 69' lang='grc' dir='ltr'>ἀσκήσεως</span> <span class='ocrx_word' id='word_1_425' title='bbox 3542 2562 3786 2636; x_wconf 82' lang='grc' dir='ltr'>μέγεθος.</span> 
     </span>
    </p>
   </div>
   <div class='ocr_carea' id='block_1_73' title="bbox 2754 2686 3308 2744">
    <p class='ocr_par' dir='ltr' id='par_1_73' title="bbox 2754 2686 3308 2744">
     <span class='ocr_line' id='line_1_74' title="bbox 2754 2686 3308 2744; baseline 0.004 -2"><span class='ocrx_word' id='word_1_426' title='bbox 2754 2686 2934 2743; x_wconf 81' lang='grc' dir='ltr'>ΜΗΝΙ</span> <span class='ocrx_word' id='word_1_427' title='bbox 2976 2691 3060 2740; x_wconf 85' lang='grc' dir='ltr'>ΤΩ</span> <span class='ocrx_word' id='word_1_428' title='bbox 3102 2687 3308 2744; x_wconf 86' lang='grc' dir='ltr'>ΑΥΤΩ.</span> 
     </span>
    </p>
   </div>
   <div class='ocr_carea' id='block_1_74' title="bbox 3014 2778 3037 2832">
    <p class='ocr_par' dir='ltr' id='par_1_74' title="bbox 3014 2778 3037 2832">
     <span class='ocr_line' id='line_1_75' title="bbox 3014 2778 3037 2832; baseline 0 0"><span class='ocrx_word' id='word_1_429' title='bbox 3014 2778 3037 2832; x_wconf 95' lang='lat' dir='ltr'>l</span> 
     </span>
    </p>
   </div>
   <div class='ocr_carea' id='block_1_75' title="bbox 2205 2868 3864 3001">
    <p class='ocr_par' dir='ltr' id='par_1_75' title="bbox 2205 2868 3864 3001">
     <span class='ocr_line' id='line_1_76' title="bbox 2205 2868 3864 3001; baseline 0.004 -73"><span class='ocrx_word' id='word_1_430' title='bbox 2205 2868 2477 2943; x_wconf 81' lang='grc' dir='ltr'>Ἂθλησις</span> <span class='ocrx_word' id='word_1_431' title='bbox 2536 2874 2643 2927; x_wconf 79' lang='grc' dir='ltr'>τῶν</span> <span class='ocrx_word' id='word_1_432' title='bbox 2700 2869 3245 3001; x_wconf 48' lang='grc' dir='ltr'>ἀγίωνᾋνμὲρὲἑρων</span> <span class='ocrx_word' id='word_1_433' title='bbox 3333 2872 3712 2954; x_wconf 71' lang='grc' dir='ltr'>Ἀλεξάνδρου,</span> <span class='ocrx_word' id='word_1_434' title='bbox 3769 2878 3864 2934; x_wconf 77' lang='grc' dir='ltr'>καὶ</span> 
     </span>
    </p>
   </div>
   <div class='ocr_carea' id='block_1_76' title="bbox 2277 3062 3865 3144">
    <p class='ocr_par' dir='ltr' id='par_1_76' title="bbox 2277 3062 3865 3144">
     <span class='ocr_line' id='line_1_77' title="bbox 2277 3062 3865 3144; baseline 0.007 -28"><span class='ocrx_word' id='word_1_435' title='bbox 2277 3063 2449 3119; x_wconf 79' lang='grc' dir='ltr'>Οὗτοι</span> <span class='ocrx_word' id='word_1_436' title='bbox 2480 3063 2730 3139; x_wconf 77' lang='grc' dir='ltr'>ὑπῆρχον</span> <span class='ocrx_word' id='word_1_437' title='bbox 2790 3062 2894 3118; x_wconf 84' lang='grc' dir='ltr'>ἀπὸ</span> <span class='ocrx_word' id='word_1_438' title='bbox 2941 3064 3139 3137; x_wconf 78' lang='grc' dir='ltr'>κώμης</span> <span class='ocrx_word' id='word_1_439' title='bbox 3186 3063 3506 3142; x_wconf 73' lang='grc' dir='ltr'>Καρδάμού.</span> <span class='ocrx_word' id='word_1_440' title='bbox 3538 3069 3600 3127; x_wconf 88' lang='grc' dir='ltr'>Ἦ</span> <span class='ocrx_word' id='word_1_441' title='bbox 3638 3071 3734 3144; x_wconf 70' lang='grc' dir='ltr'>μὲν</span> <span class='ocrx_word' id='word_1_442' title='bbox 3767 3070 3865 3127; x_wconf 82' lang='grc' dir='ltr'>οῦν</span> 
     </span>
    </p>
   </div>
   <div class='ocr_carea' id='block_1_77' title="bbox 2209 3150 3870 3236">
    <p class='ocr_par' dir='ltr' id='par_1_77' title="bbox 2209 3150 3870 3236">
     <span class='ocr_line' id='line_1_78' title="bbox 2209 3150 3870 3236; baseline 0.006 -29"><span class='ocrx_word' id='word_1_443' title='bbox 2209 3150 2341 3226; x_wconf 78' lang='grc' dir='ltr'>ἁγία</span> <span class='ocrx_word' id='word_1_444' title='bbox 2405 3152 2698 3210; x_wconf 78' lang='grc' dir='ltr'>’Δντωνίνα</span> <span class='ocrx_word' id='word_1_445' title='bbox 2756 3157 2969 3227; x_wconf 85' lang='grc' dir='ltr'>σεμνῶς</span> <span class='ocrx_word' id='word_1_446' title='bbox 3025 3154 3112 3209; x_wconf 84' lang='grc' dir='ltr'>καὶ</span> <span class='ocrx_word' id='word_1_447' title='bbox 3171 3155 3333 3212; x_wconf 78' lang='grc' dir='ltr'>ὁσίως</span> <span class='ocrx_word' id='word_1_448' title='bbox 3395 3160 3488 3214; x_wconf 87' lang='grc' dir='ltr'>τὸν</span> <span class='ocrx_word' id='word_1_449' title='bbox 3571 3160 3684 3236; x_wconf 80' lang='grc' dir='ltr'>βίον</span> <span class='ocrx_word' id='word_1_450' title='bbox 3742 3160 3870 3217; x_wconf 78' lang='grc' dir='ltr'>διά-</span> 
     </span>
    </p>
   </div>
   <div class='ocr_carea' id='block_1_78' title="bbox 2140 3228 3867 3320">
    <p class='ocr_par' dir='ltr' id='par_1_78' title="bbox 2140 3228 3867 3320">
     <span class='ocr_line' id='line_1_79' title="bbox 2140 3228 3867 3320; baseline 0.006 -23"><span class='ocrx_word' id='word_1_451' title='bbox 2140 3228 2381 3317; x_wconf 70' lang='grc' dir='ltr'>Ογουσα</span> <span class='ocrx_word' id='word_1_452' title='bbox 2440 3239 2724 3317; x_wconf 80' lang='grc' dir='ltr'>ἐτύγχανε⁶</span> <span class='ocrx_word' id='word_1_453' title='bbox 2785 3242 3163 3316; x_wconf 73' lang='grc' dir='ltr'>συλληφθεῖσα</span> <span class='ocrx_word' id='word_1_454' title='bbox 3203 3242 3260 3301; x_wconf 77' lang='grc' dir='ltr'>δὲ</span> <span class='ocrx_word' id='word_1_455' title='bbox 3312 3247 3416 3303; x_wconf 84' lang='grc' dir='ltr'>ὑπὸ</span> <span class='ocrx_word' id='word_1_456' title='bbox 3472 3228 3714 3320; x_wconf 72' lang='grc' dir='ltr'>Φήστου,</span> <span class='ocrx_word' id='word_1_457' title='bbox 3774 3253 3867 3308; x_wconf 78' lang='grc' dir='ltr'>καὶ</span> 
     </span>
    </p>
   </div>
   <div class='ocr_carea' id='block_1_79' title="bbox 2214 3331 3869 3412">
    <p class='ocr_par' dir='ltr' id='par_1_79' title="bbox 2214 3331 3869 3412">
     <span class='ocr_line' id='line_1_80' title="bbox 2214 3331 3869 3412; baseline 0.009 -29"><span class='ocrx_word' id='word_1_458' title='bbox 2214 3331 2290 3403; x_wconf 73' lang='grc' dir='ltr'>μὴ</span> <span class='ocrx_word' id='word_1_459' title='bbox 2351 3331 2633 3386; x_wconf 82' lang='grc' dir='ltr'>πεισθεῖσα</span> <span class='ocrx_word' id='word_1_460' title='bbox 2692 3332 3023 3405; x_wconf 71' lang='grc' dir='ltr'>ἀρνήσασθαι</span> <span class='ocrx_word' id='word_1_461' title='bbox 3083 3335 3174 3389; x_wconf 88' lang='grc' dir='ltr'>τὸν</span> <span class='ocrx_word' id='word_1_462' title='bbox 3234 3339 3493 3411; x_wconf 82' lang='grc' dir='ltr'>Χριστὸν,</span> <span class='ocrx_word' id='word_1_463' title='bbox 3567 3337 3709 3412; x_wconf 79' lang='grc' dir='ltr'><strong>μηδέ</strong></span> <span class='ocrx_word' id='word_1_464' title='bbox 3767 3340 3869 3398; x_wconf 84' lang='grc' dir='ltr'>λα-</span> 
     </span>
    </p>
   </div>
   <div class='ocr_carea' id='block_1_80' title="bbox 2207 3417 3872 3502">
    <p class='ocr_par' dir='ltr' id='par_1_80' title="bbox 2207 3417 3872 3502">
     <span class='ocr_line' id='line_1_81' title="bbox 2207 3417 3872 3502; baseline 0.008 -29"><span class='ocrx_word' id='word_1_465' title='bbox 2207 3424 2424 3494; x_wconf 84' lang='grc' dir='ltr'>τρεῦσαι</span> <span class='ocrx_word' id='word_1_466' title='bbox 2454 3424 2572 3482; x_wconf 87' lang='grc' dir='ltr'>τοῖς</span> <span class='ocrx_word' id='word_1_467' title='bbox 2627 3417 2903 3494; x_wconf 77' lang='grc' dir='ltr'>δαίμοσιν,</span> <span class='ocrx_word' id='word_1_468' title='bbox 2957 3422 3009 3477; x_wconf 81' lang='grc' dir='ltr'><strong>ἐν</strong></span> <span class='ocrx_word' id='word_1_469' title='bbox 3060 3423 3324 3498; x_wconf 65' lang='grc' dir='ltr'>οἰκήματι</span> <span class='ocrx_word' id='word_1_470' title='bbox 3373 3433 3619 3502; x_wconf 84' lang='grc' dir='ltr'>πορνικῷ</span> <span class='ocrx_word' id='word_1_471' title='bbox 3668 3431 3872 3486; x_wconf 81' lang='grc' dir='ltr'>ἀποτί-</span> 
     </span>
    </p>
   </div>
   <div class='ocr_carea' id='block_1_81' title="bbox 2210 3507 3867 3591">
    <p class='ocr_par' dir='ltr' id='par_1_81' title="bbox 2210 3507 3867 3591">
     <span class='ocr_line' id='line_1_82' title="bbox 2210 3507 3867 3591; baseline 0.008 -29"><span class='ocrx_word' id='word_1_472' title='bbox 2210 3509 2378 3565; x_wconf 88' lang='grc' dir='ltr'>θεται.</span> <span class='ocrx_word' id='word_1_473' title='bbox 2439 3509 2565 3567; x_wconf 81' lang='grc' dir='ltr'>Ἐπὶ</span> <span class='ocrx_word' id='word_1_474' title='bbox 2623 3510 2768 3583; x_wconf 76' lang='grc' dir='ltr'>τρισὶ</span> <span class='ocrx_word' id='word_1_475' title='bbox 2810 3507 2867 3565; x_wconf 79' lang='grc' dir='ltr'>δὲ</span> <span class='ocrx_word' id='word_1_476' title='bbox 2920 3513 3154 3587; x_wconf 76' lang='grc' dir='ltr'>ἡμέραις</span> <span class='ocrx_word' id='word_1_477' title='bbox 3198 3516 3460 3572; x_wconf 82' lang='grc' dir='ltr'>ἀποσίτου</span> <span class='ocrx_word' id='word_1_478' title='bbox 3506 3515 3867 3591; x_wconf 76' lang='grc' dir='ltr'>διαμεινάσης</span> 
     </span>
    </p>
   </div>
   <div class='ocr_carea' id='block_1_82' title="bbox 2208 3597 3865 3682">
    <p class='ocr_par' dir='ltr' id='par_1_82' title="bbox 2208 3597 3865 3682">
     <span class='ocr_line' id='line_1_83' title="bbox 2208 3597 3865 3682; baseline 0.007 -30"><span class='ocrx_word' id='word_1_479' title='bbox 2208 3598 2401 3667; x_wconf 77' lang='grc' dir='ltr'>αὐτῆς,</span> <span class='ocrx_word' id='word_1_480' title='bbox 2434 3597 2757 3673; x_wconf 82' lang='grc' dir='ltr'>παρίσταται</span> <span class='ocrx_word' id='word_1_481' title='bbox 2804 3603 2921 3674; x_wconf 74' lang='grc' dir='ltr'>φῶς</span> <span class='ocrx_word' id='word_1_482' title='bbox 2968 3599 3021 3656; x_wconf 70' lang='grc' dir='ltr'>ἑν</span> <span class='ocrx_word' id='word_1_483' title='bbox 3079 3602 3255 3662; x_wconf 80' lang='grc' dir='ltr'>νυκτί.</span> <span class='ocrx_word' id='word_1_484' title='bbox 3300 3605 3398 3660; x_wconf 82' lang='grc' dir='ltr'>Καὶ</span> <span class='ocrx_word' id='word_1_485' title='bbox 3464 3607 3703 3682; x_wconf 79' lang='grc' dir='ltr'>βροντῆς</span> <span class='ocrx_word' id='word_1_486' title='bbox 3762 3630 3865 3664; x_wconf 84' lang='grc' dir='ltr'>κα-</span> 
     </span>
    </p>
   </div>
   <div class='ocr_carea' id='block_1_83' title="bbox 2205 3686 3854 3774">
    <p class='ocr_par' dir='ltr' id='par_1_83' title="bbox 2205 3686 3854 3774">
     <span class='ocr_line' id='line_1_84' title="bbox 2205 3686 3854 3774; baseline 0.008 -33"><span class='ocrx_word' id='word_1_487' title='bbox 2205 3686 2587 3764; x_wconf 64' lang='grc' dir='ltr'>ταρραγείσης,</span> <span class='ocrx_word' id='word_1_488' title='bbox 2648 3688 2703 3743; x_wconf 75' lang='grc' dir='ltr'>αἱ</span> <span class='ocrx_word' id='word_1_489' title='bbox 2758 3692 2856 3743; x_wconf 87' lang='grc' dir='ltr'>τοῦ</span> <span class='ocrx_word' id='word_1_490' title='bbox 2916 3689 3225 3764; x_wconf 70' lang='grc' dir='ltr'>οἰκήματος</span> <span class='ocrx_word' id='word_1_491' title='bbox 3282 3693 3439 3768; x_wconf 91' lang='grc' dir='ltr'>θύραι</span> <span class='ocrx_word' id='word_1_492' title='bbox 3529 3694 3854 3774; x_wconf 40' lang='grc' dir='ltr'>ἐριἕᾶγησαν.</span> 
     </span>
    </p>
   </div>
   <div class='ocr_carea' id='block_1_84' title="bbox 2206 3774 3856 3863">
    <p class='ocr_par' dir='ltr' id='par_1_84' title="bbox 2206 3774 3856 3863">
     <span class='ocr_line' id='line_1_85' title="bbox 2206 3774 3856 3863; baseline 0.008 -33"><span class='ocrx_word' id='word_1_493' title='bbox 2206 3774 2305 3831; x_wconf 79' lang='grc' dir='ltr'>Καὶ</span> <span class='ocrx_word' id='word_1_494' title='bbox 2337 3778 2492 3852; x_wconf 71' lang='grc' dir='ltr'>φωνή</span> <span class='ocrx_word' id='word_1_495' title='bbox 2526 3777 2662 3851; x_wconf 87' lang='grc' dir='ltr'>πρὸς</span> <span class='ocrx_word' id='word_1_496' title='bbox 2701 3776 2867 3847; x_wconf 76' lang='grc' dir='ltr'>αὐτὴν</span> <span class='ocrx_word' id='word_1_497' title='bbox 2927 3778 3219 3855; x_wconf 79' lang='grc' dir='ltr'>οὐρανόθεν</span> <span class='ocrx_word' id='word_1_498' title='bbox 3281 3781 3487 3859; x_wconf 80' lang='grc' dir='ltr'>γέγονε,</span> <span class='ocrx_word' id='word_1_499' title='bbox 3547 3807 3856 3863; x_wconf 87' lang='grc' dir='ltr'>προτρεπο-</span> 
     </span>
    </p>
   </div>
   <div class='ocr_carea' id='block_1_85' title="bbox 2208 3866 3857 3948">
    <p class='ocr_par' dir='ltr' id='par_1_85' title="bbox 2208 3866 3857 3948">
     <span class='ocr_line' id='line_1_86' title="bbox 2208 3866 3857 3948; baseline 0.008 -28"><span class='ocrx_word' id='word_1_500' title='bbox 2208 3870 2345 3939; x_wconf 75' lang='grc' dir='ltr'>μὲνη</span> <span class='ocrx_word' id='word_1_501' title='bbox 2396 3866 2689 3936; x_wconf 74' lang='grc' dir='ltr'>ἀναστῆναι</span> <span class='ocrx_word' id='word_1_502' title='bbox 2747 3868 2838 3922; x_wconf 78' lang='grc' dir='ltr'>καὶ</span> <span class='ocrx_word' id='word_1_503' title='bbox 2895 3878 3104 3947; x_wconf 68' lang='grc' dir='ltr'>τρυφῆς</span> <span class='ocrx_word' id='word_1_504' title='bbox 3169 3869 3517 3945; x_wconf 78' lang='grc' dir='ltr'>μεταλαϐεῖν.</span> <span class='ocrx_word' id='word_1_505' title='bbox 3569 3875 3857 3948; x_wconf 72' lang='grc' dir='ltr'>Δῖτήσασα</span> 
     </span>
    </p>
   </div>
   <div class='ocr_carea' id='block_1_86' title="bbox 2205 3951 3855 4043">
    <p class='ocr_par' dir='ltr' id='par_1_86' title="bbox 2205 3951 3855 4043">
     <span class='ocr_line' id='line_1_87' title="bbox 2205 3951 3855 4043; baseline 0.008 -34"><span class='ocrx_word' id='word_1_506' title='bbox 2205 3951 2263 4010; x_wconf 70' lang='grc' dir='ltr'>δὲ</span> <span class='ocrx_word' id='word_1_507' title='bbox 2318 3956 2407 4011; x_wconf 79' lang='grc' dir='ltr'>καὶ</span> <span class='ocrx_word' id='word_1_508' title='bbox 2491 3961 2754 4036; x_wconf 66' lang='grc' dir='ltr'>φαγοῦσα,</span> <span class='ocrx_word' id='word_1_509' title='bbox 2837 3957 3058 4029; x_wconf 80' lang='grc' dir='ltr'>ἐξῆλθεν</span> <span class='ocrx_word' id='word_1_510' title='bbox 3139 3962 3295 4027; x_wconf 79' lang='grc' dir='ltr'>αὖθις</span> <span class='ocrx_word' id='word_1_511' title='bbox 3379 3973 3714 4039; x_wconf 78' lang='grc' dir='ltr'>παραστῆναι</span> <span class='ocrx_word' id='word_1_512' title='bbox 3773 3972 3855 4043; x_wconf 77' lang='grc' dir='ltr'>τῷ</span> 
     </span>
    </p>
   </div>
   <div class='ocr_carea' id='block_1_87' title="bbox 2203 4045 3857 4130">
    <p class='ocr_par' dir='ltr' id='par_1_87' title="bbox 2203 4045 3857 4130">
     <span class='ocr_line' id='line_1_88' title="bbox 2203 4045 3857 4130; baseline 0.009 -32"><span class='ocrx_word' id='word_1_513' title='bbox 2203 4045 2461 4119; x_wconf 79' lang='grc' dir='ltr'>ἡγεμόνι,</span> <span class='ocrx_word' id='word_1_514' title='bbox 2517 4045 2608 4101; x_wconf 84' lang='grc' dir='ltr'>καὶ</span> <span class='ocrx_word' id='word_1_515' title='bbox 2673 4047 2749 4119; x_wconf 80' lang='grc' dir='ltr'>μή</span> <span class='ocrx_word' id='word_1_516' title='bbox 2809 4055 3090 4113; x_wconf 85' lang='grc' dir='ltr'>πεισθεῖσα</span> <span class='ocrx_word' id='word_1_517' title='bbox 3143 4056 3262 4116; x_wconf 81' lang='grc' dir='ltr'>τοῖς</span> <span class='ocrx_word' id='word_1_518' title='bbox 3343 4050 3600 4118; x_wconf 55' lang='grc' dir='ltr'>εῗδώλοις</span> <span class='ocrx_word' id='word_1_519' title='bbox 3676 4061 3857 4130; x_wconf 85' lang='grc' dir='ltr'>θῦσαι,</span> 
     </span>
    </p>
   </div>
   <div class='ocr_carea' id='block_1_88' title="bbox 2202 4135 3859 4222">
    <p class='ocr_par' dir='ltr' id='par_1_88' title="bbox 2202 4135 3859 4222">
     <span class='ocr_line' id='line_1_89' title="bbox 2202 4135 3859 4222; baseline 0.009 -33"><span class='ocrx_word' id='word_1_520' title='bbox 2202 4135 2541 4211; x_wconf 82' lang='grc' dir='ltr'>πτερνίζεται</span> <span class='ocrx_word' id='word_1_521' title='bbox 2585 4137 2703 4201; x_wconf 54' lang='grc' dir='ltr'>καὶ,</span> <span class='ocrx_word' id='word_1_522' title='bbox 2736 4138 3068 4208; x_wconf 83' lang='grc' dir='ltr'>σπαθίζεται.</span> <span class='ocrx_word' id='word_1_523' title='bbox 3132 4143 3229 4198; x_wconf 75' lang='grc' dir='ltr'>Καὶ</span> <span class='ocrx_word' id='word_1_524' title='bbox 3289 4142 3457 4199; x_wconf 72' lang='grc' dir='ltr'>πάλιν</span> <span class='ocrx_word' id='word_1_525' title='bbox 3515 4147 3601 4202; x_wconf 70' lang='grc' dir='ltr'>ἐπὶ</span> <span class='ocrx_word' id='word_1_526' title='bbox 3662 4168 3859 4222; x_wconf 84' lang='grc' dir='ltr'>πορνι-</span> 
     </span>
    </p>
   </div>
   <div class='ocr_carea' id='block_1_89' title="bbox 2199 4225 3857 4314">
    <p class='ocr_par' dir='ltr' id='par_1_89' title="bbox 2199 4225 3857 4314">
     <span class='ocr_line' id='line_1_90' title="bbox 2199 4225 3857 4314; baseline 0.01 -35"><span class='ocrx_word' id='word_1_527' title='bbox 2199 4225 2292 4280; x_wconf 83' lang='grc' dir='ltr'>κὸν</span> <span class='ocrx_word' id='word_1_528' title='bbox 2321 4225 2583 4302; x_wconf 72' lang='grc' dir='ltr'>ἀπάγεται</span> <span class='ocrx_word' id='word_1_529' title='bbox 2631 4225 2862 4300; x_wconf 69' lang='grc' dir='ltr'>οἷ’κημα,</span> <span class='ocrx_word' id='word_1_530' title='bbox 2917 4229 2969 4284; x_wconf 78' lang='grc' dir='ltr'>ἐν</span> <span class='ocrx_word' id='word_1_531' title='bbox 3020 4231 3066 4303; x_wconf 83' lang='grc' dir='ltr'>ᾧ</span> <span class='ocrx_word' id='word_1_532' title='bbox 3123 4228 3193 4287; x_wconf 88' lang='grc' dir='ltr'>δι’</span> <span class='ocrx_word' id='word_1_533' title='bbox 3242 4231 3640 4309; x_wconf 71' lang='grc' dir='ltr'>ἀποκαλύψεως</span> <span class='ocrx_word' id='word_1_534' title='bbox 3695 4238 3857 4314; x_wconf 69' lang='grc' dir='ltr'>ἀγγέ-</span> 
     </span>
    </p>
   </div>
   <div class='ocr_carea' id='block_1_90' title="bbox 2201 4313 3858 4399">
    <p class='ocr_par' dir='ltr' id='par_1_90' title="bbox 2201 4313 3858 4399">
     <span class='ocr_line' id='line_1_91' title="bbox 2201 4313 3858 4399; baseline 0.009 -29"><span class='ocrx_word' id='word_1_535' title='bbox 2201 4314 2363 4370; x_wconf 80' lang='grc' dir='ltr'>λουὸ</span> <span class='ocrx_word' id='word_1_536' title='bbox 2412 4313 2777 4389; x_wconf 77' lang='grc' dir='ltr'>’Λλὲξανδρος</span> <span class='ocrx_word' id='word_1_537' title='bbox 2831 4314 3112 4383; x_wconf 72' lang='grc' dir='ltr'>εἰσελθὼν,</span> <span class='ocrx_word' id='word_1_538' title='bbox 3173 4322 3262 4377; x_wconf 87' lang='grc' dir='ltr'>καὶ</span> <span class='ocrx_word' id='word_1_539' title='bbox 3323 4320 3413 4379; x_wconf 74' lang='grc' dir='ltr'>διὰ</span> <span class='ocrx_word' id='word_1_540' title='bbox 3467 4326 3529 4382; x_wconf 85' lang='grc' dir='ltr'>τὸ</span> <span class='ocrx_word' id='word_1_541' title='bbox 3584 4327 3697 4383; x_wconf 71' lang='grc' dir='ltr'>νέον</span> <span class='ocrx_word' id='word_1_542' title='bbox 3747 4313 3858 4399; x_wconf 84' lang='grc' dir='ltr'>τῆς</span> 
     </span>
    </p>
   </div>
   <div class='ocr_carea' id='block_1_91' title="bbox 2199 4401 3854 4491">
    <p class='ocr_par' dir='ltr' id='par_1_91' title="bbox 2199 4401 3854 4491">
     <span class='ocr_line' id='line_1_92' title="bbox 2199 4401 3854 4491; baseline 0.01 -33"><span class='ocrx_word' id='word_1_543' title='bbox 2199 4401 2446 4475; x_wconf 77' lang='grc' dir='ltr'>ἡλικίας,</span> <span class='ocrx_word' id='word_1_544' title='bbox 2504 4403 2568 4474; x_wconf 70' lang='grc' dir='ltr'>ἦν</span> <span class='ocrx_word' id='word_1_545' title='bbox 2625 4407 2726 4482; x_wconf 67' lang='grc' dir='ltr'>γὰρ</span> <span class='ocrx_word' id='word_1_546' title='bbox 2794 4404 2925 4463; x_wconf 81' lang='grc' dir='ltr'>ὡσεὶ</span> <span class='ocrx_word' id='word_1_547' title='bbox 2984 4411 3201 4485; x_wconf 21' lang='grc' dir='ltr'>χνεὸνων</span> <span class='ocrx_word' id='word_1_548' title='bbox 3280 4411 3621 4485; x_wconf 67' lang='grc' dir='ltr'>εἴκοσιοκτὼ,</span> <span class='ocrx_word' id='word_1_549' title='bbox 3697 4414 3854 4491; x_wconf 69' lang='grc' dir='ltr'>δόξας</span> 
     </span>
    </p>
   </div>
   <div class='ocr_carea' id='block_1_92' title="bbox 2203 4491 3853 4581">
    <p class='ocr_par' dir='ltr' id='par_1_92' title="bbox 2203 4491 3853 4581">
     <span class='ocr_line' id='line_1_93' title="bbox 2203 4491 3853 4581; baseline 0.009 -32"><span class='ocrx_word' id='word_1_550' title='bbox 2203 4491 2291 4549; x_wconf 76' lang='grc' dir='ltr'>ἐπὶ</span> <span class='ocrx_word' id='word_1_551' title='bbox 2331 4494 2522 4568; x_wconf 78' lang='grc' dir='ltr'>πρᾶξιν</span> <span class='ocrx_word' id='word_1_552' title='bbox 2578 4492 2812 4569; x_wconf 78' lang='grc' dir='ltr'>ἄσεμνον</span> <span class='ocrx_word' id='word_1_553' title='bbox 2869 4502 3279 4573; x_wconf 63' lang='grc' dir='ltr'>παραγενέσθαι,</span> <span class='ocrx_word' id='word_1_554' title='bbox 3337 4502 3541 4573; x_wconf 85' lang='grc' dir='ltr'>λαθὼν,</span> <span class='ocrx_word' id='word_1_555' title='bbox 3600 4507 3697 4575; x_wconf 73' lang='grc' dir='ltr'>τήν</span> <span class='ocrx_word' id='word_1_556' title='bbox 3756 4510 3853 4581; x_wconf 81' lang='grc' dir='ltr'>μὶν</span> 
     </span>
    </p>
   </div>
   <div class='ocr_carea' id='block_1_93' title="bbox 439 4580 2097 4671">
    <p class='ocr_par' dir='ltr' id='par_1_93' title="bbox 439 4580 2092 4671">
     <span class='ocr_line' id='line_1_94' title="bbox 439 4580 2092 4671; baseline 0 -26"><span class='ocrx_word' id='word_1_557' title='bbox 439 4587 752 4671; x_wconf 78' lang='lat' dir='ltr'>remansit.</span> <span class='ocrx_word' id='word_1_558' title='bbox 786 4586 971 4671; x_wconf 64' lang='lat' dir='ltr'>Paulo</span> <span class='ocrx_word' id='word_1_559' title='bbox 1003 4589 1139 4658; x_wconf 86' lang='lat' dir='ltr'>post</span> <span class='ocrx_word' id='word_1_560' title='bbox 1167 4592 1302 4641; x_wconf 87' lang='lat' dir='ltr'>cum</span> <span class='ocrx_word' id='word_1_561' title='bbox 1332 4580 1554 4642; x_wconf 86' lang='lat' dir='ltr'>milites</span> <span class='ocrx_word' id='word_1_562' title='bbox 1605 4585 1679 4642; x_wconf 88' lang='lat' dir='ltr'>ad</span> <span class='ocrx_word' id='word_1_563' title='bbox 1730 4588 2092 4671; x_wconf 83' lang='lat' dir='ltr'>contumelia</span> 
     </span>
    </p>
   </div>
   <div class='ocr_carea' id='block_1_94' title="bbox 2208 4580 3853 4671">
    <p class='ocr_par' dir='ltr' id='par_1_94' title="bbox 2208 4580 3853 4671">
     <span class='ocr_line' id='line_1_95' title="bbox 2208 4580 3853 4671; baseline 0.009 -32"><span class='ocrx_word' id='word_1_564' title='bbox 2208 4582 2350 4658; x_wconf 68' lang='grc' dir='ltr'>ἅγίαν</span> <span class='ocrx_word' id='word_1_565' title='bbox 2407 4588 2504 4639; x_wconf 88' lang='grc' dir='ltr'>τοῦ</span> <span class='ocrx_word' id='word_1_566' title='bbox 2561 4581 2819 4658; x_wconf 77' lang='grc' dir='ltr'>δώματος</span> <span class='ocrx_word' id='word_1_567' title='bbox 2885 4589 3214 4664; x_wconf 71' lang='grc' dir='ltr'>ὑπεξήγαγε,</span> <span class='ocrx_word' id='word_1_568' title='bbox 3271 4597 3351 4664; x_wconf 80' lang='grc' dir='ltr'>τῷ</span> <span class='ocrx_word' id='word_1_569' title='bbox 3430 4592 3705 4671; x_wconf 79' lang='grc' dir='ltr'>χλανιδίῳ</span> <span class='ocrx_word' id='word_1_570' title='bbox 3752 4580 3853 4669; x_wconf 78' lang='grc' dir='ltr'>τὴν</span> 
     </span>
    </p>
   </div>
   <div class='ocr_carea' id='block_1_95' title="bbox 439 4664 2090 4749">
    <p class='ocr_par' dir='ltr' id='par_1_95' title="bbox 439 4664 2090 4749">
     <span class='ocr_line' id='line_1_96' title="bbox 439 4664 2090 4749; baseline -0.001 -14"><span class='ocrx_word' id='word_1_571' title='bbox 439 4664 820 4735; x_wconf 71' lang='lat' dir='ltr'>afﬁciendam</span> <span class='ocrx_word' id='word_1_572' title='bbox 853 4679 1123 4734; x_wconf 84' lang='lat' dir='ltr'>sanctam</span> <span class='ocrx_word' id='word_1_573' title='bbox 1155 4672 1569 4741; x_wconf 82' lang='lat' dir='ltr'>accessissent,</span> <span class='ocrx_word' id='word_1_574' title='bbox 1602 4690 1698 4731; x_wconf 91' lang='lat' dir='ltr'>res</span> <span class='ocrx_word' id='word_1_575' title='bbox 1728 4677 1939 4749; x_wconf 88' lang='lat' dir='ltr'>patuit.</span> <span class='ocrx_word' id='word_1_576' title='bbox 1974 4668 2090 4734; x_wconf 77' lang='lat' dir='ltr'>Ad-</span> 
     </span>
    </p>
   </div>
   <div class='ocr_carea' id='block_1_96' title="bbox 440 4762 2092 4838">
    <p class='ocr_par' dir='ltr' id='par_1_96' title="bbox 440 4762 2092 4838">
     <span class='ocr_line' id='line_1_97' title="bbox 440 4762 2092 4838; baseline 0.001 -17"><span class='ocrx_word' id='word_1_577' title='bbox 440 4763 654 4821; x_wconf 88' lang='lat' dir='ltr'>ductus</span> <span class='ocrx_word' id='word_1_578' title='bbox 682 4763 863 4838; x_wconf 83' lang='lat' dir='ltr'>igitur</span> <span class='ocrx_word' id='word_1_579' title='bbox 892 4774 1094 4823; x_wconf 90' lang='lat' dir='ltr'>coram</span> <span class='ocrx_word' id='word_1_580' title='bbox 1124 4763 1378 4836; x_wconf 74' lang='lat' dir='ltr'>pra‘sside</span> <span class='ocrx_word' id='word_1_581' title='bbox 1430 4762 1784 4830; x_wconf 79' lang='lat' dir='ltr'>Alexander,</span> <span class='ocrx_word' id='word_1_582' title='bbox 1830 4765 2092 4838; x_wconf 88' lang='lat' dir='ltr'>primum</span> 
     </span>
    </p>
   </div>
   <div class='ocr_carea' id='block_1_97' title="bbox 439 4842 2095 4927">
    <p class='ocr_par' dir='ltr' id='par_1_97' title="bbox 439 4842 2095 4927">
     <span class='ocr_line' id='line_1_98' title="bbox 439 4842 2095 4927; baseline 0.004 -19"><span class='ocrx_word' id='word_1_583' title='bbox 439 4853 685 4927; x_wconf 87' lang='lat' dir='ltr'>quidem</span> <span class='ocrx_word' id='word_1_584' title='bbox 717 4842 973 4927; x_wconf 83' lang='lat' dir='ltr'>palmeis</span> <span class='ocrx_word' id='word_1_585' title='bbox 1013 4853 1191 4927; x_wconf 80' lang='lat' dir='ltr'>virgis</span> <span class='ocrx_word' id='word_1_586' title='bbox 1239 4852 1490 4910; x_wconf 67' lang='lat' dir='ltr'>caeditur</span> <span class='ocrx_word' id='word_1_587' title='bbox 1521 4870 1535 4909; x_wconf 94' lang='lat'>:</span> <span class='ocrx_word' id='word_1_588' title='bbox 1568 4858 1791 4926; x_wconf 82' lang='lat' dir='ltr'>postea</span> <span class='ocrx_word' id='word_1_589' title='bbox 1843 4872 1978 4913; x_wconf 88' lang='lat' dir='ltr'>cum</span> <span class='ocrx_word' id='word_1_590' title='bbox 2036 4863 2095 4914; x_wconf 92' lang='lat' dir='ltr'>et</span> 
     </span>
    </p>
   </div>
   <div class='ocr_carea' id='block_1_98' title="bbox 439 4942 2090 5016">
    <p class='ocr_par' dir='ltr' id='par_1_98' title="bbox 439 4942 2090 5016">
     <span class='ocr_line' id='line_1_99' title="bbox 439 4942 2090 5016; baseline 0.002 -17"><span class='ocrx_word' id='word_1_591' title='bbox 439 4948 645 5000; x_wconf 85' lang='lat' dir='ltr'>sancta</span> <span class='ocrx_word' id='word_1_592' title='bbox 671 4946 1105 5016; x_wconf 88' lang='lat' dir='ltr'>comprehensa</span> <span class='ocrx_word' id='word_1_593' title='bbox 1133 4943 1364 5006; x_wconf 81' lang='lat' dir='ltr'>inisset,</span> <span class='ocrx_word' id='word_1_594' title='bbox 1397 4942 1687 5000; x_wconf 83' lang='lat' dir='ltr'>ambobus</span> <span class='ocrx_word' id='word_1_595' title='bbox 1719 4947 2090 5003; x_wconf 86' lang='lat' dir='ltr'>summitates</span> 
     </span>
    </p>
   </div>
   <div class='ocr_carea' id='block_1_99' title="bbox 437 5031 2090 5105">
    <p class='ocr_par' dir='ltr' id='par_1_99' title="bbox 437 5031 2090 5105">
     <span class='ocr_line' id='line_1_100' title="bbox 437 5031 2090 5105; baseline 0.004 -18"><span class='ocrx_word' id='word_1_596' title='bbox 437 5031 658 5104; x_wconf 82' lang='lat' dir='ltr'>pedum</span> <span class='ocrx_word' id='word_1_597' title='bbox 723 5048 1134 5105; x_wconf 85' lang='lat' dir='ltr'>manuumque</span> <span class='ocrx_word' id='word_1_598' title='bbox 1206 5032 1658 5089; x_wconf 83' lang='lat' dir='ltr'>abscinduntur.</span> <span class='ocrx_word' id='word_1_599' title='bbox 1719 5034 1968 5092; x_wconf 90' lang='lat' dir='ltr'>Demum</span> <span class='ocrx_word' id='word_1_600' title='bbox 2029 5035 2090 5094; x_wconf 90' lang='lat' dir='ltr'><strong>in</strong></span> 
     </span>
    </p>
   </div>
   <div class='ocr_carea' id='block_1_100' title="bbox 435 5120 2088 5196">
    <p class='ocr_par' dir='ltr' id='par_1_100' title="bbox 435 5120 2088 5196">
     <span class='ocr_line' id='line_1_101' title="bbox 435 5120 2088 5196; baseline 0.003 -20"><span class='ocrx_word' id='word_1_601' title='bbox 435 5121 666 5177; x_wconf 83' lang='lat' dir='ltr'>foveam</span> <span class='ocrx_word' id='word_1_602' title='bbox 699 5121 876 5194; x_wconf 77' lang='lat' dir='ltr'>ignis,</span> <span class='ocrx_word' id='word_1_603' title='bbox 908 5122 1142 5195; x_wconf 86' lang='lat' dir='ltr'>liquata</span> <span class='ocrx_word' id='word_1_604' title='bbox 1170 5120 1299 5191; x_wconf 90' lang='lat' dir='ltr'>pice</span> <span class='ocrx_word' id='word_1_605' title='bbox 1335 5124 1455 5176; x_wconf 87' lang='lat' dir='ltr'>toto</span> <span class='ocrx_word' id='word_1_606' title='bbox 1500 5138 1746 5194; x_wconf 90' lang='lat' dir='ltr'>corpore</span> <span class='ocrx_word' id='word_1_607' title='bbox 1794 5127 2088 5196; x_wconf 88' lang='lat' dir='ltr'>peruncti,</span> 
     </span>
    </p>
   </div>
   <div class='ocr_carea' id='block_1_101' title="bbox 434 5208 2087 5287">
    <p class='ocr_par' dir='ltr' id='par_1_101' title="bbox 434 5208 2087 5287">
     <span class='ocr_line' id='line_1_102' title="bbox 434 5208 2087 5287; baseline 0.004 -21"><span class='ocrx_word' id='word_1_608' title='bbox 434 5209 839 5280; x_wconf 85' lang='lat' dir='ltr'>injiciuntur:</span> <span class='ocrx_word' id='word_1_609' title='bbox 889 5217 1069 5283; x_wconf 88' lang='lat' dir='ltr'>atque</span> <span class='ocrx_word' id='word_1_610' title='bbox 1117 5210 1203 5265; x_wconf 89' lang='lat' dir='ltr'>ita</span> <span class='ocrx_word' id='word_1_611' title='bbox 1247 5208 1487 5265; x_wconf 89' lang='lat' dir='ltr'>beatum</span> <span class='ocrx_word' id='word_1_612' title='bbox 1537 5211 1716 5267; x_wconf 85' lang='lat' dir='ltr'>ﬁnem</span> <span class='ocrx_word' id='word_1_613' title='bbox 1767 5214 2087 5287; x_wconf 88' lang='lat' dir='ltr'>accipiunt.</span> 
     </span>
    </p>
   </div>
   <div class='ocr_carea' id='block_1_102' title="bbox 435 5295 2089 5361">
    <p class='ocr_par' dir='ltr' id='par_1_102' title="bbox 435 5295 2089 5361">
     <span class='ocr_line' id='line_1_103' title="bbox 435 5295 2089 5361; baseline 0.004 -6"><span class='ocrx_word' id='word_1_614' title='bbox 435 5298 782 5356; x_wconf 78' lang='lat' dir='ltr'>Celebratnr</span> <span class='ocrx_word' id='word_1_615' title='bbox 812 5305 1011 5355; x_wconf 85' lang='lat' dir='ltr'>autem</span> <span class='ocrx_word' id='word_1_616' title='bbox 1045 5313 1251 5355; x_wconf 87' lang='lat' dir='ltr'>eorum</span> <span class='ocrx_word' id='word_1_617' title='bbox 1282 5295 1570 5354; x_wconf 82' lang='lat' dir='ltr'>festivitas</span> <span class='ocrx_word' id='word_1_618' title='bbox 1618 5301 1679 5355; x_wconf 90' lang='lat' dir='ltr'><strong>in</strong></span> <span class='ocrx_word' id='word_1_619' title='bbox 1714 5306 2089 5361; x_wconf 78' lang='lat' dir='ltr'>monasterio</span> 
     </span>
    </p>
   </div>
   <div class='ocr_carea' id='block_1_103' title="bbox 433 5385 2091 5459">
    <p class='ocr_par' dir='ltr' id='par_1_103' title="bbox 433 5385 2091 5459">
     <span class='ocr_line' id='line_1_104' title="bbox 433 5385 2091 5459; baseline -0.005 -13"><span class='ocrx_word' id='word_1_620' title='bbox 433 5389 589 5446; x_wconf 70' lang='lat'>129</span> <span class='ocrx_word' id='word_1_621' title='bbox 620 5389 948 5449; x_wconf 83' lang='lat' dir='ltr'>Maximini.</span> <span class='ocrx_word' id='word_1_622' title='bbox 981 5385 1496 5459; x_wconf 85' lang='lat' dir='ltr'>Constantinopoli</span> <span class='ocrx_word' id='word_1_623' title='bbox 1529 5388 1663 5451; x_wconf 87' lang='lat' dir='ltr'>sito,</span> <span class='ocrx_word' id='word_1_624' title='bbox 1687 5389 1789 5445; x_wconf 89' lang='lat' dir='ltr'>ubi</span> <span class='ocrx_word' id='word_1_625' title='bbox 1810 5408 2091 5451; x_wconf 87' lang='lat' dir='ltr'>veneran-</span> 
     </span>
    </p>
   </div>
   <div class='ocr_carea' id='block_1_104' title="bbox 433 5475 2086 5551">
    <p class='ocr_par' dir='ltr' id='par_1_104' title="bbox 433 5475 2086 5551">
     <span class='ocr_line' id='line_1_105' title="bbox 433 5475 2086 5551; baseline 0.004 -17"><span class='ocrx_word' id='word_1_626' title='bbox 433 5478 527 5534; x_wconf 72' lang='lat' dir='ltr'>dm</span> <span class='ocrx_word' id='word_1_627' title='bbox 556 5494 760 5536; x_wconf 86' lang='lat' dir='ltr'>eorum</span> <span class='ocrx_word' id='word_1_628' title='bbox 794 5478 1078 5551; x_wconf 72' lang='lat' dir='ltr'>depositas</span> <span class='ocrx_word' id='word_1_629' title='bbox 1109 5482 1249 5532; x_wconf 89' lang='lat' dir='ltr'>sunt</span> <span class='ocrx_word' id='word_1_630' title='bbox 1273 5475 1564 5548; x_wconf 68' lang='lat' dir='ltr'>reliquias,</span> <span class='ocrx_word' id='word_1_631' title='bbox 1594 5494 1663 5533; x_wconf 84' lang='lat' dir='ltr'>ex</span> <span class='ocrx_word' id='word_1_632' title='bbox 1696 5480 1912 5551; x_wconf 88' lang='lat' dir='ltr'>quibus</span> <span class='ocrx_word' id='word_1_633' title='bbox 1939 5484 2086 5541; x_wconf 89' lang='lat' dir='ltr'>mul-</span> 
     </span>
    </p>
   </div>
   <div class='ocr_carea' id='block_1_105' title="bbox 430 5564 1665 5626">
    <p class='ocr_par' dir='ltr' id='par_1_105' title="bbox 430 5564 1665 5626">
     <span class='ocr_line' id='line_1_106' title="bbox 430 5564 1665 5626; baseline -0.002 -2"><span class='ocrx_word' id='word_1_634' title='bbox 430 5572 622 5625; x_wconf 85' lang='lat' dir='ltr'>tarum</span> <span class='ocrx_word' id='word_1_635' title='bbox 660 5569 1040 5626; x_wconf 87' lang='lat' dir='ltr'>sanationum</span> <span class='ocrx_word' id='word_1_636' title='bbox 1071 5565 1361 5624; x_wconf 89' lang='lat' dir='ltr'>miracula</span> <span class='ocrx_word' id='word_1_637' title='bbox 1390 5564 1665 5623; x_wconf 82' lang='lat' dir='ltr'>efﬂuunt.</span> 
     </span>
    </p>
   </div>
   <div class='ocr_carea' id='block_1_106' title="bbox 2204 4670 3870 4759">
    <p class='ocr_par' dir='ltr' id='par_1_106' title="bbox 2204 4670 3870 4759">
     <span class='ocr_line' id='line_1_107' title="bbox 2204 4670 3870 4759; baseline 0.011 -32"><span class='ocrx_word' id='word_1_638' title='bbox 2204 4672 2372 4742; x_wconf 79' lang='grc' dir='ltr'>αὐτῆς</span> <span class='ocrx_word' id='word_1_639' title='bbox 2397 4670 2647 4748; x_wconf 77' lang='grc' dir='ltr'>καλύψας</span> <span class='ocrx_word' id='word_1_640' title='bbox 2695 4679 2964 4754; x_wconf 64' lang='grc' dir='ltr'>κειραβτςν·</span> <span class='ocrx_word' id='word_1_641' title='bbox 3027 4678 3215 4744; x_wconf 77' lang='grc' dir='ltr'>αὐτὸς</span> <span class='ocrx_word' id='word_1_642' title='bbox 3246 4678 3303 4736; x_wconf 73' lang='grc' dir='ltr'>δὲ</span> <span class='ocrx_word' id='word_1_643' title='bbox 3358 4682 3531 4740; x_wconf 71' lang='grc' dir='ltr'>ἐκεῖσε</span> <span class='ocrx_word' id='word_1_644' title='bbox 3590 4686 3870 4759; x_wconf 60' lang='grc' dir='ltr'>διέμξεινεξ⁴</span> 
     </span>
    </p>
   </div>
   <div class='ocr_carea' id='block_1_107' title="bbox 2202 4760 3850 4852">
    <p class='ocr_par' dir='ltr' id='par_1_107' title="bbox 2202 4760 3850 4852">
     <span class='ocr_line' id='line_1_108' title="bbox 2202 4760 3850 4852; baseline 0.01 -35"><span class='ocrx_word' id='word_1_645' title='bbox 2202 4763 2334 4852; x_wconf 66' lang='grc' dir='ltr'>Μετ’</span> <span class='ocrx_word' id='word_1_646' title='bbox 2363 4760 2550 4839; x_wconf 76' lang='grc' dir='ltr'>ὀλίγον</span> <span class='ocrx_word' id='word_1_647' title='bbox 2593 4762 2651 4819; x_wconf 79' lang='grc' dir='ltr'>δὶ</span> <span class='ocrx_word' id='word_1_648' title='bbox 2705 4770 2939 4839; x_wconf 82' lang='grc' dir='ltr'>φανεροῦ</span> <span class='ocrx_word' id='word_1_649' title='bbox 2996 4771 3301 4843; x_wconf 74' lang='grc' dir='ltr'>γενοιὲνου</span> <span class='ocrx_word' id='word_1_650' title='bbox 3356 4778 3453 4827; x_wconf 88' lang='grc' dir='ltr'>τοῦ</span> <span class='ocrx_word' id='word_1_651' title='bbox 3510 4777 3850 4852; x_wconf 82' lang='grc' dir='ltr'>πράγματος,</span> 
     </span>
    </p>
   </div>
   <div class='ocr_carea' id='block_1_108' title="bbox 2203 4848 3850 4941">
    <p class='ocr_par' dir='ltr' id='par_1_108' title="bbox 2203 4848 3850 4941">
     <span class='ocr_line' id='line_1_109' title="bbox 2203 4848 3850 4941; baseline 0.009 -34"><span class='ocrx_word' id='word_1_652' title='bbox 2203 4848 2550 4928; x_wconf 83' lang='grc' dir='ltr'>στρατιωτῶν</span> <span class='ocrx_word' id='word_1_653' title='bbox 2576 4873 2743 4909; x_wconf 83' lang='grc' dir='ltr'>τινων</span> <span class='ocrx_word' id='word_1_654' title='bbox 2777 4854 2854 4917; x_wconf 84' lang='grc' dir='ltr'>εἰς</span> <span class='ocrx_word' id='word_1_655' title='bbox 2882 4856 2947 4911; x_wconf 80' lang='grc' dir='ltr'>τὸ</span> <span class='ocrx_word' id='word_1_656' title='bbox 2994 4855 3272 4932; x_wconf 71' lang='grc' dir='ltr'>ἐνυϐρίσαι</span> <span class='ocrx_word' id='word_1_657' title='bbox 3318 4863 3417 4931; x_wconf 69' lang='grc' dir='ltr'>τὴν</span> <span class='ocrx_word' id='word_1_658' title='bbox 3472 4848 3643 4938; x_wconf 68' lang='grc' dir='ltr'>ἀγιαν</span> <span class='ocrx_word' id='word_1_659' title='bbox 3676 4848 3850 4941; x_wconf 55' lang='grc' dir='ltr'>παραξ</span> 
     </span>
    </p>
   </div>
   <div class='ocr_carea' id='block_1_109' title="bbox 2197 4942 3849 5032">
    <p class='ocr_par' dir='ltr' id='par_1_109' title="bbox 2197 4942 3849 5032">
     <span class='ocr_line' id='line_1_110' title="bbox 2197 4942 3849 5032; baseline 0.019 -50"><span class='ocrx_word' id='word_1_660' title='bbox 2197 4942 2525 5016; x_wconf 56' lang='grc' dir='ltr'>γενομένων,</span> <span class='ocrx_word' id='word_1_661' title='bbox 2578 4942 2733 5019; x_wconf 72' lang='grc' dir='ltr'>ἢχθη</span> <span class='ocrx_word' id='word_1_662' title='bbox 2791 4947 2928 5020; x_wconf 79' lang='grc' dir='ltr'>πρὸς</span> <span class='ocrx_word' id='word_1_663' title='bbox 2983 4947 3076 5003; x_wconf 85' lang='grc' dir='ltr'>τὸν</span> <span class='ocrx_word' id='word_1_664' title='bbox 3133 4951 3434 5024; x_wconf 75' lang='grc' dir='ltr'>ἡγεμόναὸ</span> <span class='ocrx_word' id='word_1_665' title='bbox 3466 4951 3849 5032; x_wconf 47' lang='grc' dir='ltr'>Ἀλέξανδρος</span> 
     </span>
    </p>
   </div>
   <div class='ocr_carea' id='block_1_110' title="bbox 2199 5032 3847 5118">
    <p class='ocr_par' dir='ltr' id='par_1_110' title="bbox 2199 5032 3847 5118">
     <span class='ocr_line' id='line_1_111' title="bbox 2199 5032 3847 5118; baseline 0.01 -30"><span class='ocrx_word' id='word_1_666' title='bbox 2199 5032 2306 5088; x_wconf 84' lang='grc' dir='ltr'>Καὶ</span> <span class='ocrx_word' id='word_1_667' title='bbox 2338 5036 2557 5104; x_wconf 80' lang='grc' dir='ltr'>πρῶτον</span> <span class='ocrx_word' id='word_1_668' title='bbox 2617 5033 2712 5105; x_wconf 75' lang='grc' dir='ltr'>μὶν</span> <span class='ocrx_word' id='word_1_669' title='bbox 2770 5036 3101 5105; x_wconf 74' lang='grc' dir='ltr'>σπαθίζεταιο</span> <span class='ocrx_word' id='word_1_670' title='bbox 3166 5041 3282 5095; x_wconf 84' lang='grc' dir='ltr'>εἶτα</span> <span class='ocrx_word' id='word_1_671' title='bbox 3339 5046 3698 5118; x_wconf 77' lang='grc' dir='ltr'>συσχεθείσης</span> <span class='ocrx_word' id='word_1_672' title='bbox 3755 5049 3847 5104; x_wconf 83' lang='grc' dir='ltr'>καὶ</span> 
     </span>
    </p>
   </div>
   <div class='ocr_carea' id='block_1_111' title="bbox 2196 5121 3848 5203">
    <p class='ocr_par' dir='ltr' id='par_1_111' title="bbox 2196 5121 3848 5203">
     <span class='ocr_line' id='line_1_112' title="bbox 2196 5121 3848 5203; baseline 0.01 -27"><span class='ocrx_word' id='word_1_673' title='bbox 2196 5127 2297 5190; x_wconf 88' lang='grc' dir='ltr'>τῆς</span> <span class='ocrx_word' id='word_1_674' title='bbox 2327 5121 2511 5196; x_wconf 82' lang='grc' dir='ltr'>ἁγίας,</span> <span class='ocrx_word' id='word_1_675' title='bbox 2570 5121 2872 5200; x_wconf 75' lang='grc' dir='ltr'>ἀμφότεροι</span> <span class='ocrx_word' id='word_1_676' title='bbox 2901 5127 2969 5181; x_wconf 82' lang='grc' dir='ltr'>τὰ</span> <span class='ocrx_word' id='word_1_677' title='bbox 2998 5128 3137 5193; x_wconf 60' lang='grc' dir='ltr'>ἄκρα</span> <span class='ocrx_word' id='word_1_678' title='bbox 3178 5134 3287 5184; x_wconf 81' lang='grc' dir='ltr'>τῶν</span> <span class='ocrx_word' id='word_1_679' title='bbox 3337 5130 3546 5203; x_wconf 83' lang='grc' dir='ltr'>ποδῶν,</span> <span class='ocrx_word' id='word_1_680' title='bbox 3600 5135 3691 5191; x_wconf 79' lang='grc' dir='ltr'>καὶ</span> <span class='ocrx_word' id='word_1_681' title='bbox 3736 5141 3848 5193; x_wconf 76' lang='grc' dir='ltr'>τῶν</span> 
     </span>
    </p>
   </div>
   <div class='ocr_carea' id='block_1_112' title="bbox 2198 5211 3846 5300">
    <p class='ocr_par' dir='ltr' id='par_1_112' title="bbox 2198 5211 3846 5300">
     <span class='ocr_line' id='line_1_113' title="bbox 2198 5211 3846 5300; baseline 0.012 -37"><span class='ocrx_word' id='word_1_682' title='bbox 2198 5215 2403 5300; x_wconf 50' lang='grc' dir='ltr'>χειρῶν</span> <span class='ocrx_word' id='word_1_683' title='bbox 2461 5211 2881 5285; x_wconf 75' lang='grc' dir='ltr'>ἀποτέμνονται,</span> <span class='ocrx_word' id='word_1_684' title='bbox 2942 5216 3031 5271; x_wconf 79' lang='grc' dir='ltr'>καὶ</span> <span class='ocrx_word' id='word_1_685' title='bbox 3082 5216 3255 5282; x_wconf 74' lang='grc' dir='ltr'>οὕτως</span> <span class='ocrx_word' id='word_1_686' title='bbox 3305 5219 3358 5275; x_wconf 78' lang='grc' dir='ltr'>ἐν</span> <span class='ocrx_word' id='word_1_687' title='bbox 3412 5223 3595 5298; x_wconf 83' lang='grc' dir='ltr'>βόθρῳ</span> <span class='ocrx_word' id='word_1_688' title='bbox 3651 5227 3846 5300; x_wconf 84' lang='grc' dir='ltr'>πυρὸς,</span> 
     </span>
    </p>
   </div>
   <div class='ocr_carea' id='block_1_113' title="bbox 2198 5296 3848 5386">
    <p class='ocr_par' dir='ltr' id='par_1_113' title="bbox 2198 5296 3848 5386">
     <span class='ocr_line' id='line_1_114' title="bbox 2198 5296 3848 5386; baseline 0.004 -31"><span class='ocrx_word' id='word_1_689' title='bbox 2198 5296 2328 5356; x_wconf 80' lang='grc' dir='ltr'>ὅλον</span> <span class='ocrx_word' id='word_1_690' title='bbox 2359 5299 2421 5354; x_wconf 86' lang='grc' dir='ltr'>τὸ</span> <span class='ocrx_word' id='word_1_691' title='bbox 2451 5304 2614 5374; x_wconf 86' lang='grc' dir='ltr'>σῶμα</span> <span class='ocrx_word' id='word_1_692' title='bbox 2663 5301 2827 5378; x_wconf 61' lang='grc' dir='ltr'>πίσσῃ</span> <span class='ocrx_word' id='word_1_693' title='bbox 2892 5304 3301 5381; x_wconf 77' lang='grc' dir='ltr'>ἐπιχρισθὲντες</span> <span class='ocrx_word' id='word_1_694' title='bbox 3359 5296 3524 5386; x_wconf 67' lang='grc' dir='ltr'>ὑγρᾷ,</span> <span class='ocrx_word' id='word_1_695' title='bbox 3568 5296 3848 5384; x_wconf 17' lang='grc' dir='ltr'>Ἵέξωθὸῦνέ</span> 
     </span>
    </p>
   </div>
   <div class='ocr_carea' id='block_1_114' title="bbox 2195 5389 3848 5479">
    <p class='ocr_par' dir='ltr' id='par_1_114' title="bbox 2195 5389 3848 5479">
     <span class='ocr_line' id='line_1_115' title="bbox 2195 5389 3848 5479; baseline 0.01 -35"><span class='ocrx_word' id='word_1_696' title='bbox 2195 5390 2423 5454; x_wconf 55' lang='grc' dir='ltr'>ται,.καὶ</span> <span class='ocrx_word' id='word_1_697' title='bbox 2457 5389 2905 5468; x_wconf 34' lang='grc' dir='ltr'>ἀποριἔίπτονται,</span> <span class='ocrx_word' id='word_1_698' title='bbox 2961 5395 3052 5450; x_wconf 78' lang='grc' dir='ltr'>καὶ</span> <span class='ocrx_word' id='word_1_699' title='bbox 3111 5395 3163 5450; x_wconf 79' lang='grc' dir='ltr'>ἐν</span> <span class='ocrx_word' id='word_1_700' title='bbox 3219 5398 3421 5472; x_wconf 84' lang='grc' dir='ltr'>τούτῳ·</span> <span class='ocrx_word' id='word_1_701' title='bbox 3456 5403 3519 5456; x_wconf 88' lang='grc' dir='ltr'>τὸ</span> <span class='ocrx_word' id='word_1_702' title='bbox 3577 5404 3848 5479; x_wconf 70' lang='grc' dir='ltr'>μακάριον</span> 
     </span>
    </p>
   </div>
   <div class='ocr_carea' id='block_1_115' title="bbox 2194 5476 3852 5571">
    <p class='ocr_par' dir='ltr' id='par_1_115' title="bbox 2194 5476 3852 5571">
     <span class='ocr_line' id='line_1_116' title="bbox 2194 5476 3852 5571; baseline 0.009 -37"><span class='ocrx_word' id='word_1_703' title='bbox 2194 5478 2353 5540; x_wconf 85' lang='grc' dir='ltr'>τελος</span> <span class='ocrx_word' id='word_1_704' title='bbox 2384 5476 2663 5552; x_wconf 74' lang='grc' dir='ltr'>δέχονται.</span> <span class='ocrx_word' id='word_1_705' title='bbox 2712 5479 2962 5539; x_wconf 73' lang='grc' dir='ltr'>Τελεῖται</span> <span class='ocrx_word' id='word_1_706' title='bbox 3014 5481 3130 5554; x_wconf 75' lang='grc' dir='ltr'>δὶὴ</span> <span class='ocrx_word' id='word_1_707' title='bbox 3166 5487 3345 5542; x_wconf 83' lang='grc' dir='ltr'>αὐτῶν</span> <span class='ocrx_word' id='word_1_708' title='bbox 3392 5490 3626 5565; x_wconf 81' lang='grc' dir='ltr'>σύναξις,</span> <span class='ocrx_word' id='word_1_709' title='bbox 3678 5476 3733 5548; x_wconf 80' lang='grc' dir='ltr'>ἐν</span> <span class='ocrx_word' id='word_1_710' title='bbox 3778 5495 3852 5571; x_wconf 67' lang='grc' dir='ltr'>τῇ</span> 
     </span>
    </p>
   </div>
   <div class='ocr_carea' id='block_1_116' title="bbox 2198 5568 3859 5653">
    <p class='ocr_par' dir='ltr' id='par_1_116' title="bbox 2198 5568 3859 5653">
     <span class='ocr_line' id='line_1_117' title="bbox 2198 5568 3859 5653; baseline 0.003 -28"><span class='ocrx_word' id='word_1_711' title='bbox 2198 5570 2338 5644; x_wconf 80' lang='grc' dir='ltr'>μονῇ</span> <span class='ocrx_word' id='word_1_712' title='bbox 2396 5572 2493 5625; x_wconf 85' lang='grc' dir='ltr'>τοῦ</span> <span class='ocrx_word' id='word_1_713' title='bbox 2567 5568 2905 5642; x_wconf 72' lang='grc' dir='ltr'>Μαζιμίνου,</span> <span class='ocrx_word' id='word_1_714' title='bbox 2991 5570 3307 5653; x_wconf 76' lang='grc' dir='ltr'>διακειμὲνῃ</span> <span class='ocrx_word' id='word_1_715' title='bbox 3368 5577 3423 5634; x_wconf 75' lang='grc' dir='ltr'>ἐν</span> <span class='ocrx_word' id='word_1_716' title='bbox 3498 5568 3859 5640; x_wconf 52' lang='grc' dir='ltr'>Κωνσταντιζκ</span> 
     </span>
    </p>
   </div>
   <div class='ocr_carea' id='block_1_117' title="bbox 427 5650 3851 5748">
    <p class='ocr_par' dir='ltr' id='par_1_117' title="bbox 427 5650 3851 5748">
     <span class='ocr_line' id='line_1_118' title="bbox 427 5650 3851 5748; baseline 0.005 -36"><span class='ocrx_word' id='word_1_717' title='bbox 427 5655 713 5727; x_wconf 81' lang='grc' dir='ltr'>νοοπόλει,</span> <span class='ocrx_word' id='word_1_718' title='bbox 746 5651 873 5714; x_wconf 65' lang='grc' dir='ltr'>ἔνθα</span> <span class='ocrx_word' id='word_1_719' title='bbox 900 5657 1242 5714; x_wconf 80' lang='grc' dir='ltr'>κατάκεινται</span> <span class='ocrx_word' id='word_1_720' title='bbox 1271 5653 1340 5710; x_wconf 79' lang='grc' dir='ltr'>τὰ</span> <span class='ocrx_word' id='word_1_721' title='bbox 1366 5650 1524 5730; x_wconf 70' lang='grc' dir='ltr'>τίμια</span> <span class='ocrx_word' id='word_1_722' title='bbox 1580 5655 1762 5712; x_wconf 82' lang='grc' dir='ltr'>αὐτῶν</span> <span class='ocrx_word' id='word_1_723' title='bbox 1822 5655 2072 5735; x_wconf 73' lang='grc' dir='ltr'>λείψανα.</span> <span class='ocrx_word' id='word_1_724' title='bbox 2134 5660 2224 5731; x_wconf 80' lang='grc' dir='ltr'>Ἐξ</span> <span class='ocrx_word' id='word_1_725' title='bbox 2285 5659 2360 5714; x_wconf 83' lang='grc' dir='ltr'>ὦν</span> <span class='ocrx_word' id='word_1_726' title='bbox 2416 5658 2509 5715; x_wconf 81' lang='grc' dir='ltr'>καὶ</span> <span class='ocrx_word' id='word_1_727' title='bbox 2565 5657 2795 5716; x_wconf 77' lang='grc' dir='ltr'>πολλῶν</span> <span class='ocrx_word' id='word_1_728' title='bbox 2853 5664 3141 5737; x_wconf 82' lang='grc' dir='ltr'>θαυμάτων</span> <span class='ocrx_word' id='word_1_729' title='bbox 3204 5650 3377 5731; x_wconf 76' lang='grc' dir='ltr'>ἰάσεις</span> <span class='ocrx_word' id='word_1_730' title='bbox 3432 5668 3851 5748; x_wconf 70' lang='grc' dir='ltr'>ἀναπηγάζοοστ</span> 
     </span>
    </p>
   </div>
  </div>
