4134 6302
237 391 360 453 493

1760 383 2069 450 JUNIUS.

3541 399 3659 460 494

238 521 345 582 Καὶ
401 517 642 590 ἄθλησις
725 522 822 608 τοῦ
909 517 1070 593 ἁγίου
1104 514 1548 608 πίερρμάρτυρος
1629 511 1896 592 τιμοθίου

2011 521 2080 579 Et
2107 527 2379 580 certamen
2401 529 2771 608 sacrosancti“
2787 529 3052 597 martyris
3110 527 3376 584 Timothei
3421 530 3663 604 episcopi

773 589 1072 647 ἐπισκόπου
1102 589 1374 665 Προύσης.

312 710 487 772 Οὗτος
518 710 588 781 ἦν
623 708 712 764 ἐπὶ
762 709 1061 768 Ἰουλιανοῦ
1107 711 1204 763 τοῦ
1252 704 1590 785 παραϐάτου,
1645 708 1746 778 τήν
1800 707 1904 764 λα-

240 806 448 878 χοῦσαν
487 800 636 874 αὐτῷ
677 797 969 869 ἰκκλησίαν
1030 797 1224 853 ΐθύνων
1287 797 1496 868 καλῶς,
1541 798 1628 853 καὶ
1697 797 1790 853 τὸν
1850 798 1903 853 έν

239 889 380 964 αύτῇ
414 889 548 944 λαὸν
587 887 893 961 ποιμαίνων
951 891 1357 960 πνευματικῶς.
1417 885 1608 962 Βρύων
1671 883 1729 941 δὶ
1782 907 1908 941 παν-

237 979 415 1040 τοίοις
447 977 708 1050 θαύμασι,
749 977 839 1032 τὸν
891 973 1158 1050 δράκοντα
1203 975 1296 1031 τὸν
1351 973 1543 1050 μέγαν,
1577 976 1636 1036 ὅς
1684 977 1753 1047 τῇ
1807 976 1905 1029 τοῦ

241 1068 668 1146 ἰμςιωλεύοντος
702 1065 755 1122 ἐν
816 1067 965 1138 αότῷ
1027 1069 1108 1138 τῷ
1158 1065 1309 1138 τόπῳ
1364 1064 1546 1136 κακίᾳ,
1605 1063 1748 1140 φημὶ
1811 1059 1904 1131 δὴ,

238 1162 340 1213 τοῦ
389 1156 780 1232 βδοτοκτόνου,
837 1154 928 1209 καὶ
987 1153 1224 1230 ἀρχαίου
1281 1151 1599 1228 δράκοντος,
1667 1151 1796 1214 τοὺς
1848 1172 1906 1207 τε

239 1245 548 1319 παριόντας
576 1245 898 1318 ἀνθρώπους
957 1243 1169 1318 ἀνῄρει,
1226 1241 1316 1297 καὶ
1373 1242 1441 1298 τά
1495 1243 1668 1313 κτήνη
1729 1241 1906 1318 φυσή-

245 1357 377 1409 ματι
410 1335 577 1407 μόνον
613 1333 966 1406 ἐλυμαίνετο,
1000 1334 1090 1388 καὶ
1123 1331 1269 1394 ὅλως
1300 1327 1498 1386 ἄϐατον
1552 1333 1651 1401 τὴν
1707 1328 1904 1404 μεταξὺ

239 1432 342 1494 τῆς
375 1422 598 1486 πόλεως
635 1423 910 1498 Προύσης,
960 1423 1048 1477 καὶ
1103 1427 1212 1476 τῶν
1251 1423 1466 1496 θερμῶν
1521 1417 1728 1476 ὑδάτων
1777 1416 1901 1475 ὁδὸν

245 1511 579 1579 ἐπεδείκνυε,
607 1515 676 1586 τῇ
736 1507 977 1585 ἐπιϐολῇ
1035 1515 1136 1566 τοῦ
1176 1514 1283 1565 τῶν
1345 1511 1507 1587 ἱερῶν
1568 1511 1747 1585 ἂργων
1806 1529 1904 1564 κα-

249 1603 568 1678 Αύμματος,
623 1598 892 1679 διέρρηξε,
947 1599 1037 1656 καὶ
1092 1600 1407 1672 ένέκρωσεν.
1465 1599 1784 1673 Ἀπετμῆθη
1846 1596 1904 1653 δὶ

240 1697 345 1762 τήν
407 1691 685 1770 καιραλὴν,
741 1688 1046 1747 Ἰουλιανοῦ
1091 1694 1189 1745 τοῦ
1258 1683 1576 1765 παραϐάτου
1637 1687 1902 1761 μαθόντος

245 1783 373 1855 περὶ
403 1787 515 1837 τῶν
545 1782 859 1854 θαυμάτων,
916 1781 990 1835 ὧν
1055 1778 1247 1848 ἐτέλει,
1304 1780 1394 1835 καὶ
1454 1775 1900 1849 ἀποστείλαντος,

2730 599 2936 654 Prusae.

2083 705 2186 761 llic
2215 705 2547 778 imperante
2575 705 2812 762 Iuliano
2845 711 3113 778 apostata
3129 709 3444 765 ecclesiam
3468 726 3657 780 suam,

2011 812 2190 866 quam
2222 796 2468 851 sortitus
2499 795 2710 863 fuerat,
2761 797 3044 868 praeclare
3095 797 3549 865 administravit,
3603 805 3663 856 et

2013 901 2192 957 quem
2223 887 2285 940 in
2317 902 2386 942 ea
2410 886 2696 958 populum
2737 886 2964 947 habuit.
3001 887 3295 958 spirituali
3326 889 3542 961 pabulo
3565 907 3658 946 re-

2010 974 2168 1031 fecit.
2203 976 2511 1031 Excellens
2566 992 2700 1030 vero
2757 977 2932 1032 variis
2982 977 3306 1046 miraculis,
3357 979 3658 1052 ingentem

2014 1065 2355 1132 draconem,
2392 1065 2493 1136 qui
2520 1081 2625 1137 per
2651 1065 2939 1120 malitiam
2973 1068 3124 1137 ejus.
3158 1067 3258 1138 qui
3294 1069 3353 1122 in
3407 1085 3475 1124 eo
3527 1070 3656 1125 loco

2013 1155 2438 1224 stabulabatur,
2465 1156 2716 1226 antiqui,
2741 1157 3007 1227 inquam,
3038 1163 3096 1212 et
3120 1158 3431 1215 homicidas
3457 1159 3660 1215 draco-

2011 1245 2128 1312 nis,
2163 1250 2543 1300 transeuntes
2570 1245 2706 1300 illac
2734 1246 2987 1302 viatores
3019 1246 3326 1302 occidebat
3350 1250 3657 1319 ;jumenta

2009 1352 2249 1408 quoque
2280 1334 2406 1389 solo
2440 1334 2638 1390 efﬂatu
2671 1335 3070 1403 interimebat,
3105 1342 3164 1392 et
3200 1337 3457 1409 denique
3487 1339 3654 1396 illam

2009 1426 2182 1487 viam,
2217 1441 2346 1496 qum
2379 1430 2469 1479 est
2499 1425 2654 1480 inter
2691 1425 2898 1480 urbem
2948 1427 3196 1482 Prusam
3247 1432 3306 1481 et
3349 1429 3653 1497 Thermas,

2010 1514 2286 1570 infestam
2317 1519 2376 1570 et
2423 1513 2640 1569 inviam
2689 1514 2995 1582 reddebat,
3055 1515 3293 1587 objectu
3350 1517 3485 1584 veli,
3538 1535 3654 1589 quo

2009 1603 2336 1661 consecrati
2368 1619 2554 1676 panes
2584 1604 3350 1678 contegebantur,disrupit,
3384 1613 3442 1662 et
3472 1607 3656 1663 inter-

2007 1693 2511 1750 fecit.Decollatus
2532 1699 2730 1748 autem
2754 1693 2883 1760 fuit,
2915 1693 3131 1750 Juliani
3154 1700 3436 1766 apostataa
3454 1697 3652 1768 jussu,

2011 1784 2111 1856 qui
2143 1800 2278 1841 cum
2313 1781 2385 1838 de
2415 1783 2660 1856 patratis
2721 1782 2792 1839 ab
2843 1799 2910 1839 eo
2958 1784 3243 1857 prodigiis
3301 1785 3654 1854 inaudisset,

240 1873 336 1928 καὶ
367 1868 658 1934 ἀνελόντος
707 1870 887 1928 αὐτόν.
948 1868 1180 1928 Τελεῖτα
1236 1866 1294 1925 δὲ
1322 1871 1356 1939 ἡ
1389 1867 1555 1924 αὑτοῦ
1603 1866 1816 1940 σύναξις
1849 1865 1896 1922 έν

282 1967 310 1974 ρ
368 1963 380 1974 ο
554 1961 564 1974 ν
751 1960 764 1974 I
842 1964 867 1974 ορ
1151 1958 1163 1974 Ι
1332 1963 1360 1974 α
1429 1955 1455 1974 ἢ
1603 1952 1628 1974 Ἰ
1661 1956 1686 1974 ἢ
1871 1961 1896 1972 ν

2010 1873 2175 1930 misit
2202 1873 2303 1946 qui
2335 1889 2470 1928 eum
2501 1872 2816 1928 occideret.
2847 1873 3192 1930 Celebratur
3211 1874 3340 1946 ejus
3371 1875 3656 1932 festivitas

244 1967 326 2036 τῷ
358 1961 653 2037 ἁγιωτάτῳ
706 1960 872 2016 αὐτοῦ
930 1958 1236 2036 μαρτυρίῳ,
1293 1963 1372 2032 τῷ
1429 1955 1544 2014 ὃντι
1601 1952 1748 2014 ἔνδον
1805 1961 1896 2013 τοῦ

2009 1965 2072 2022 in
2103 1963 2478 2021 sanctissimo
2537 1963 2725 2035 ipsius
2782 1963 3086 2035 martyrio,
3144 1963 3304 2036 quod
3362 1970 3452 2022 est
3497 1966 3656 2022 intra

253 2051 477 2129 εὑαγοῦς
512 2051 741 2123 ξενῶνος
773 2051 826 2107 ἂν
855 2054 936 2124 τῷ
969 2050 1233 2125 Δευτέρῳ.

369 2167 474 2226 Καὶ
508 2168 703 2242 μνήμη
733 2167 832 2224 τοῦ
862 2166 1018 2223 όσίου
1050 2168 1261 2242 Πατρὸς
1291 2167 1454 2241 ἡμῶν
1483 2161 1769 2228 Κανίδους.

320 2285 498 2348 Οὗτος
527 2285 596 2354 ἦν
627 2283 720 2340 ἰπὶ
749 2291 853 2355 τῆς
894 2282 1175 2362 βασιλείας
1237 2281 1526 2341 Θεοδοσίου
1573 2287 1670 2339 τοῦ
1719 2282 1900 2359 Μεγά-

241 2375 368 2446 λου,
428 2371 698 2431 Θεοδότου
753 2375 842 2431 καὶ
917 2370 1227 2454 Θεοφανοῦς
1309 2373 1449 2444 υίὸς,
1505 2371 1601 2436 τὰς
1660 2371 1902 2442 οἰκήσεις

244 2466 594 2523 ποιουμένων
627 2465 679 2522 έν
710 2469 780 2541 τῇ
823 2469 933 2522 τῶν
982 2461 1360 2520 Καππαδοκῶν
1416 2463 1596 2541 χώρᾳ,
1649 2457 1896 2519 εύλαϐῶν

246 2552 442 2627 ὄντων,
473 2554 567 2610 καὶ
600 2555 898 2632 θεοφιλῶν.
944 2553 1168 2628 Λέγεται
1201 2551 1280 2625 δὲ,
1326 2554 1426 2622 τὴν
1482 2552 1690 2628 μητέρα
1736 2549 1900 2607 αὐτοῦ

246 2644 509 2707 παντοίας
539 2648 747 2724 τροφῆς
779 2644 1077 2720 ἀπέχεσθαι
1109 2643 1448 2719 παχυτέρας,
1495 2641 1614 2696 καθ’
1669 2641 1728 2695 δν
1780 2661 1898 2696 και-

245 2736 338 2812 ρὸν
371 2739 565 2791 τοῦτον
598 2732 650 2791 ἒν
683 2734 876 2810 γαστρὶ
937 2727 1112 2812 ἔφερεο
1164 2733 1428 2809 τεχθέντα
1485 2727 1544 2785 δὲ
1601 2731 1898 2806 ἂπέχεσθαι

247 2831 346 2893 τῆς
375 2824 668 2900 ἀριστερᾶς
717 2821 895 2894 θηλῆς
935 2821 1242 2884 παντελῶς.
1292 2820 1356 2878 Ei
1407 2817 1612 2890 δήποτε
1670 2815 1898 2894 δαψιλε-

247 2916 434 2991 στέρας
481 2920 692 2989 τροῳῆς
739 2912 1043 2992 ἐνεφορῆοη
1078 2913 1114 2982 ἡ
1147 2913 1354 2986 μήτηρ,
1407 2907 1534 2966 οὐδὲ
1574 2915 1678 2979 κῆς
1726 2906 1900 2980 δεξιᾶς

247 3003 424 3073 θηλῆς
474 3000 680 3071 ἥπτετο
729 2997 896 3064 ὅλως.
949 3003 1272 3063 Βαπτισθείς
1317 2995 1428 3071 οὖν,
1475 2997 1565 3052 καὶ
1615 2995 1897 3072 ἀπογαλα-

251 3091 508 3162 κτισθεῖς,
537 3091 629 3146 καὶ
685 3091 755 3146 τὰ
806 3091 1036 3166 πρώτης
1102 3088 1328 3160 ἡλικίας
1385 3086 1895 3163 παραμειψάμενος,

248 3181 459 3259 χαίρειν
519 3185 680 3236 πᾶσιν
731 3178 922 3252 εἰπὼν,
975 3180 1036 3234 τὸ
1093 3174 1220 3254 ὅρος
1305 3172 1732 3250 καταλαμϐάνει.
1797 3175 1898 3232 Καὶ

2006 2055 2170 2130 pium
2201 2053 2497 2126 hospitale
2529 2052 2592 2109 in
2623 2054 2897 2110 Deutero.

2200 2174 2272 2230 Et
2299 2173 2566 2229 memoria
2592 2174 2768 2229 sancti
2795 2173 2979 2228 Patris
3006 2173 3184 2229 nostri
3211 2171 3452 2229 Canidis.

2076 2291 2183 2348 Hic
2219 2290 2552 2364 imperante
2581 2291 2910 2347 Theodosio
2939 2291 3145 2365 Magno
3177 2291 3411 2361 claruit,
3462 2291 3650 2350 Theo-

2005 2380 2143 2439 doto
2175 2387 2360 2456 patre,
2396 2387 2454 2437 et
2482 2381 2837 2455 Theophane
2869 2387 3057 2438 matre
3089 2387 3284 2450 natus,
3309 2381 3426 2455 piis
3457 2398 3524 2440 ac
3554 2399 3651 2439 re-

2003 2472 2231 2545 ligiosis
2263 2472 2631 2545 parentibus,
2667 2472 2766 2544 qui
2800 2472 2859 2527 in
2916 2471 3286 2544 Cappadocia
3333 2470 3645 2545 degebant.

2003 2562 2212 2618 Fertur
2232 2561 2304 2617 de
2327 2561 2456 2632 ejus
2478 2566 2688 2630 matre,
2719 2561 2877 2632 quod
2907 2562 3069 2618 omni
3101 2562 3353 2618 lautiore
3384 2561 3514 2618 cibo
3544 2562 3648 2618 ab-

2005 2651 2301 2714 stinuerit,
2335 2651 2476 2707 dum
2508 2650 2666 2706 hunc
2685 2650 2746 2706 in
2763 2656 2932 2708 utero
2955 2657 3213 2721 gestaret
3236 2669 3250 2707 :
3274 2652 3499 2709 editum
3516 2669 3652 2709 vero

2003 2740 2292 2798 infantem
2324 2740 2512 2806 aiunt,
2547 2757 2781 2812 semper
2807 2757 2842 2796 a
2872 2740 3113 2796 sinistra
3157 2743 3426 2799 mamilla
3467 2739 3654 2799 abstiv

2002 2831 2228 2888 nuisse.
2261 2829 2426 2896 Quod
2460 2829 2506 2885 si
2542 2836 2732 2885 mater
2771 2830 3020 2906 subinde
3066 2831 3396 2886 delicatiori
3449 2849 3658 2890 mensa

2001 2924 2292 2988 uteretur,
2324 2923 2450 2974 tum
2471 2935 2547 2976 ne
2572 2919 2876 2975 dexteram
2901 2919 3142 2991 quidem
3161 2921 3507 2992 attingebat.
3543 2925 3658 2978 Ba-

2001 3011 2275 3086 ptizatus,
2309 3015 2368 3065 et
2396 3027 2430 3066 a
2460 3010 2611 3066 lacte
2643 3015 2928 3073 remotus,
2953 3015 3019 3065 ut
3047 3010 3302 3082 primam
3334 3011 3653 3083 pueritiam

2005 3117 2275 3175 egressus
2308 3104 2418 3168 est,
2441 3099 2630 3173 jussis
2661 3098 2935 3156 omnibus
2967 3099 3089 3156 suis
3119 3099 3334 3166 valere,
3385 3100 3447 3156 in
3478 3117 3654 3158 mon-

2000 3195 2122 3248 tem
2153 3190 2414 3246 secedit:
2446 3194 2880 3264 angustumque
2917 3195 3153 3246 antrum
3211 3191 3536 3264 ingressus,
3586 3192 3650 3248 in

245 3273 441 3348 μικρὸν
488 3270 682 3348 ἄντρον
741 3269 1104 3338 ὑπειυελθὼν,
1161 3269 1215 3325 έν
1273 3268 1421 3342 αύτῷ
1477 3268 1661 3324 δαυτὸν
1715 3266 1896 3346 ἐγκαθ-

2009 3279 2105 3335 illo
2139 3295 2200 3336 se
2233 3278 2498 3347 inclusit,
2530 3277 2807 3352 precibus
2839 3284 2898 3334 et
2919 3279 3172 3352 jejuniis
3193 3295 3424 3335 vacans.
3451 3280 3650 3336 Semel

243 3364 446 3441 είρξπις⁸
503 3362 573 3439 τῇ
629 3365 936 3438 προσευχῇ,
996 3360 1087 3416 καὶ
1153 3361 1222 3433 τῇ
1275 3361 1500 3432 νηστείᾳ
1585 3357 1895 3435 σχολάζων,

237 3456 328 3510 καὶ
357 3450 498 3527 ἅπαξ
527 3458 631 3522 τῆς
666 3445 973 3526 ἑϐδομάδος
1007 3449 1367 3527 βραχυτάτων
1426 3447 1594 3523 ὠμῶν
1643 3447 1898 3525 λαχάνων

241 3539 360 3600 ἄνευ
423 3540 572 3597 ἀλῶν
631 3540 1065 3616 ἀπογευόμενος,
1147 3536 1400 3615 διήρκεσε
1473 3536 1696 3614 χρόνοις
1749 3538 1892 3612 τρισὶ

236 3634 326 3689 καὶ
359 3625 764 3706 ἑϐδομήκοντα.
798 3631 946 3689 Ἐπεὶ
1006 3626 1065 3686 δὶ
1106 3627 1244 3684 πάνυ
1289 3629 1358 3698 ἧν
1405 3629 1712 3706 κατάφορος
1744 3629 1772 3684 ὁ
1801 3629 1894 3683 τό-

243 3744 343 3786 πος
372 3719 558 3793 ὕδασι,
588 3721 677 3777 καὶ
722 3721 784 3777 τὸ
844 3720 1034 3794 ἄντρον
1095 3717 1200 3775 ὑπὸ
1254 3716 1476 3788 πολλῆς
1528 3714 1742 3781 νοτίδος
1791 3737 1897 3773 πο-

238 3811 665 3888 λιορκούμενον,
715 3809 1077 3890 διεφθάρησαν
1128 3809 1185 3863 αἱ
1237 3807 1428 3885 τρίχες
1488 3813 1591 3878 τῆς
1645 3805 1893 3885 κεφαλῆς

237 3901 420 3972 αὐτοῦ,
479 3901 573 3956 καὶ
633 3903 730 3956 τοῦ
784 3900 1080 3976 πώγωνος,
1141 3895 1331 3960 Οὕτως
1390 3897 1481 3953 οὗν
1539 3893 1823 3972 διαρκέσας
1863 3896 1892 3951 ὁ

239 3991 508 4069 μακάριος
537 3989 628 4046 ἰπὶ
659 3987 828 4062 πολὺ,
859 3988 996 4064 πρὸς
1031 3985 1233 4065 Κύριον
1262 3984 1414 4059 ἰξεδή
1427 4004 1621 4062 μησεν.

787 4117 946 4175 MHN
953 4116 974 4174 Ι
1011 4117 1102 4173 ΤΩ
1142 4117 1332 4172 ΑΥΤΩ.

1016 4205 1104 4263 IA'

237 4311 504 4382 ’Λθλησις
557 4313 667 4366 τῶν
720 4306 888 4385 ἁγίων
925 4303 1273 4455 ἐατὲῖῗϐόέων
1329 4302 1748 4384 Βαρθολομαίου
1797 4305 1890 4361 καὶ

299 4503 520 4560 Τούτων
553 4503 582 4558 ὁ
612 4503 709 4575 μὲν
742 4498 895 4578 ἅγιος
924 4495 1347 4575 Βαρθολομαῖος
1394 4498 1472 4560 εἷς
1501 4498 1568 4566 ἧν
1618 4501 1725 4554 τῶν
1779 4493 1886 4552 δώ·

2001 3369 2064 3426 in
2096 3367 2473 3425 hebdomada
2501 3367 2860 3441 paucissima
2890 3385 3076 3440 eaque
3107 3369 3292 3425 cruda
3318 3369 3503 3438 olera,
3534 3386 3647 3426 nec

2002 3456 2124 3513 sale
2157 3456 2398 3530 quidem
2427 3455 2684 3521 condita,
2726 3456 3000 3530 gustabat
3050 3458 3138 3513 Ita
3163 3462 3282 3513 tres
3319 3463 3378 3513 et
3408 3454 3644 3532 septua$

2001 3547 2164 3621 ginta
2205 3547 2347 3602 £80
2378 3561 2564 3602 annos
2616 3544 2890 3601 traduxit.
2943 3547 3013 3600 Et
3061 3546 3201 3618 quia
3258 3545 3424 3602 locus
3472 3548 3644 3619 aquis

2000 3635 2170 3692 valde
2201 3635 2500 3701 inundari,
2534 3640 2594 3691 et
2621 3641 2858 3691 antrum
2889 3635 3076 3691 multo
3101 3636 3350 3690 humore
3382 3635 3645 3692 obsideri

2002 3725 2249 3794 solebat,
2284 3730 2343 3780 et
2371 3724 2580 3798 capitis
2611 3725 2811 3798 capilli
2843 3729 2902 3782 et
2927 3723 3127 3781 barbas
3173 3725 3226 3781 ei
3273 3724 3643 3781 deciderunt;

1999 3817 2144 3872 Cum
2175 3819 2374 3870 autem
2405 3831 2593 3870 annos
2642 3813 2934 3887 plurimos
2984 3814 3068 3870 sic
3118 3815 3520 3887 transegisset,
3569 3808 3646 3871 ad

1998 3904 2318 3963 Dominum
2349 3902 2640 3976 migravit:

2545 4124 2789 4184 EODEM
2833 4124 3092 4183 MENSE.

2592 4215 2695 4274 Die
2727 4214 3048 4274 undecima

1998 4320 2282 4375 Certamen
2337 4321 2704 4443 sanctorumB
2720 4315 3093 4443 aposgolorum
3156 4313 3546 4373 Bartholomaei
3590 4305 3643 4373 et

2707 4405 2846 4443 arna
2883 4403 2956 4443 τε.

2707 4405 2806 4444 arn
2813 4403 2935 4446 aox
2941 4430 2956 4444 ο

2064 4511 2147 4564 Ex
2177 4507 2270 4563 his
2301 4511 2543 4564 sanctus
2576 4505 3043 4562 Bartholomaeus
3065 4521 3222 4562 unus
3247 4506 3360 4561 fuit
3391 4522 3460 4560 ex
3492 4505 3640 4562 duo-

238 4589 358 4650 δεκα
395 4595 679 4667 μαθητῶν,
712 4591 771 4654 ’ὸς
804 4586 997 4654 ἰνδοῖς
1023 4593 1140 4652 τοῖς
1169 4585 1536 4661 καλουμένοις
1579 4584 1885 4662 Εὖδαίμοσι

2009 4597 2188 4654 lecim
2220 4595 2550 4667 discipulis,
2583 4595 2686 4666 qui
2715 4611 2851 4650 cum
2880 4595 2943 4649 in
2972 4593 3158 4662 India,
3187 4609 3364 4665 quam
3387 4593 3642 4651 Felicem

232 4682 460 4755 κηρύξας
491 4683 556 4738 τὸ
590 4677 942 4756 Εὐαγγέλιον,
980 4677 1071 4734 καὶ
1096 4677 1161 4734 τὸ
1191 4677 1327 4732 κατᾶ
1372 4677 1646 4733 Ματθαῖον
1699 4676 1881 4740 αὐτοῖς

2009 4692 2227 4754 vocant,
2256 4685 2473 4740 Christi
2505 4683 2684 4739 ﬁdem
2714 4683 3113 4756 praedicasset,
3182 4683 3373 4754 iisque
3405 4683 3645 4757 populis

233 4769 507 4848 παραδοὺς
539 4768 908 4846 Εὐαγγέλιον,
959 4771 1175 4843 σταυρῷ
1230 4765 1513 4840 παραθεὶς,
1573 4763 1625 4820 έν
1684 4759 1886 4840 ’Λϐαρ-

233 4861 488 4918 νουπόλει
516 4859 826 4917 τελειοῦται
877 4856 1128 4930 ἐνδόξως,
1177 4854 1267 4912 καὶ
1298 4855 1350 4911 ἰν
1385 4850 1704 4930 μολυϐδίνῳ
1751 4855 1888 4932 λάρ-

236 4974 350 5008 νακι
407 4953 602 5022 τεθεὶς,
658 4955 729 5027 τῇ
789 4948 1029 5023 θαλάσσῃ
1112 4945 1581 5024 έναποῤῥίπτεται“
1669 4948 1772 5003 ὑπὸ
1830 4945 1888 5003 δὲ

239 5042 377 5106 θείας
407 5041 666 5118 προνοίας
731 5041 900 5116 μέχρι
952 5037 1206 5100 Σικελίας
1254 5035 1307 5093 έν
1349 5035 1564 5111 Λιπάρῃ
1608 5041 1688 5109 τῷ
1735 5038 1887 5111 νήσῳ

241 5131 539 5206 κομισθεὶς.
592 5131 684 5186 καὶ
733 5130 1087 5208 φανερωθεὶς,
1144 5125 1258 5184 ἐκεῖ
1320 5125 1598 5182 θάπτεται·
1657 5125 1885 5183 πολλῶν

240 5223 526 5295 θαυμάτων
583 5221 764 5297 πηγάς
819 5218 882 5276 ἐκ
933 5222 1034 5288 τῆς
1093 5215 1246 5294 ἁγίας
1289 5216 1380 5272 καὶ
1462 5215 1648 5290 τιμίας
1720 5218 1887 5272 αὐτοῦ

243 5316 400 5388 σο)ροῦ
431 5307 847 5384 άναδιδόμενος,
897 5309 986 5365 καὶ
1037 5313 1169 5363 πᾶσι
1223 5311 1339 5368 τοῖς
1391 5309 1600 5368 πιστῶς
1654 5326 1886 5383 προσευ-

244 5401 501 5477 χομένοις
524 5404 752 5475 ταχεῖαν
786 5396 971 5464 διδοὺς
997 5398 1097 5468 τὴν
1149 5395 1317 5469 ἴασιν,
1371 5396 1463 5451 καὶ
1508 5397 1646 5473 πρὸς
1693 5396 1760 5452 τά
1804 5398 1888 5452 οῖ-

237 5490 348 5546 κέια
380 5493 496 5562 μετ’
529 5488 865 5565 εὐφροσύνης
892 5488 984 5544 καὶ
1017 5485 1291 5560 θυμηδίας
1320 5484 1616 5542 ἐπανιέναι.

301 5581 360 5639 Ὀ
391 5577 450 5636 δε
479 5600 540 5653 γε
598 5573 903 5653 Βαρνάϐας,
966 5579 1026 5641 ὃς
1079 5574 1169 5632 καὶ
1228 5576 1434 5654 Ἰωσήφ
1492 5573 1546 5631 έν
1603 5580 1722 5639 ταῖς
1775 5581 1883 5633 τῶν

239 5668 554 5728 ἀποστόλων
615 5669 875 5744 Πράξεσιν
922 5666 1347 5742 ἀναγέγραπται,
1401 5667 1502 5730 εἷς⁴
1532 5668 1640 5721 τῶν
1691 5661 1891 5726 Ἑϐδο-

245 5764 490 5836 μήκυντα
533 5759 822 5837 ὑπάρχων,
879 5754 1218 5832 νσυέκδημος
1271 5751 1499 5816 Παύλου
1555 5762 1891 5833 χειροτονεῖ-

1997 4775 2404 4847 conscriptum
2435 4791 2469 4830 a
2498 4773 2770 4829 Matthaao
2797 4773 3176 4846 Evangelium
3198 4772 3560 4842 tradidisset,
3582 4775 3646 4832 in

1997 4881 2234 4922 crucem
2251 4863 2811 4934 actus,Aharnopoli
2825 4863 3002 4920 vitam
3018 4863 3275 4934 gloriose
3291 4863 3644 4936 ﬁnivit.Ejus

1997 4973 2212 5029 corpus
2240 4956 2300 5011 in
2323 4953 2603 5026 plumbeo
2635 4953 2832 5009 loculo
2853 4953 3287 5027 positum,etin
3308 4969 3472 5010 mare
3503 4973 3644 5027 pro-

1989 5047 2238 5120 jectum,
2273 5043 2472 5100 divina
2498 5042 2870 5116 providentia
2921 5058 3112 5114 usque
3151 5042 3226 5099 ad
3275 5043 3536 5100 Siciliam
3578 5046 3644 5101 in

1999 5135 2255 5208 Liparim
2278 5134 2539 5190 insulam
2561 5133 2841 5200 delatam,
2868 5133 3068 5205 ibique
3091 5149 3420 5207 emergens,
3439 5133 3645 5190 condi-

1997 5231 2122 5282 tum
2152 5225 2301 5281 fuit:
2331 5241 2403 5282 ex
2433 5241 2549 5297 quo
2601 5223 2927 5280 multorum
2975 5224 3399 5281 miraculorum
3448 5223 3643 5282 fontes

1997 5321 2311 5374 emanant:
2337 5321 2396 5371 et
2425 5314 2776 5372 accedentes
2806 5315 2881 5371 ad
2913 5315 3110 5389 ipsum
3142 5315 3349 5371 ﬁdeles
3378 5315 3646 5388 repenti-

1996 5423 2135 5463 nam
2161 5405 2506 5462 morborum
2539 5421 2777 5461 suorum
2810 5406 3180 5462 curationem
3238 5405 3557 5478 recipiunt,
3591 5408 3651 5461 et

1997 5497 2117 5553 laati
2149 5496 2490 5567 hilaresque
2521 5495 2595 5552 ad
2626 5497 2868 5570 pr0pria
2897 5495 3168 5552 redeunt.

2070 5586 2369 5642 Barnabas
2399 5591 2619 5652 autem,
2655 5587 2755 5660 qui
2788 5591 2847 5642 et
2874 5587 3091 5658 Joseph
3131 5586 3191 5642 in
3235 5585 3646 5658 apostolorum

2001 5676 2242 5733 Actibus
2273 5676 2630 5750 appellatur,
2657 5693 2815 5733 unus
2871 5693 2943 5733 ex
2997 5676 3400 5750 Septuaginta,
3452 5673 3652 5730 socius

1999 5765 2497 5840 peregrinationis
2526 5765 2694 5828 Pauli
2725 5765 3067 5839 designatus
3095 5764 3228 5824 fuit.
3259 5765 3400 5836 Ejus
3429 5777 3650 5822 nomen
