4158 6310
460 349 581 414 «I95

1792 335 2222 405 MENOLOGII
2269 340 2466 404 PARS
2516 342 2600 406 Ill
2612 383 2628 404 .

3760 343 3879 404 496

459 484 912 556 interpretatur.
947 479 1126 536 Filius
1155 477 1557 536 consolationis.
1596 479 1676 534 Ex
1707 476 1865 532 tribu
1913 479 2110 532 autem

2222 493 2330 532 ται.
2365 473 2753 550 Ἐρμηνεύεται
2783 478 2943 532 τοῦτο
2971 474 3036 530 τὸ
3066 469 3242 549 ὄνομα
3296 474 3423 539 Υἱὸς
3453 474 3878 552 παρακλήσεως,

466 573 596 630 Levi
621 577 816 628 ortum
847 570 1034 638 duxit,
1065 569 1126 624 in
1148 570 1336 641 Cypro
1367 568 1567 625 insula
1597 573 1773 624 natus
1807 571 1866 621 et
1896 566 2112 621 educa-

465 667 582 718 tus.
615 661 720 718 Hic
750 660 978 732 primus
1014 657 1459 729 Hierosolymis,
1517 659 1717 714 Romae
1761 659 1820 710 et
1869 654 2118 712 Alexan-

466 750 611 806 drina
634 749 978 822 praedicavit
996 747 1210 803 Christi
1232 745 1948 819 Evangelium.Profectus
1981 760 2114 799 vero

464 841 526 895 in
553 841 830 911 Cyprum,
864 853 899 893 a
923 835 1142 894 ludatis
1172 840 1232 892 et
1260 835 1475 892 Graacis
1523 833 1823 908 lapidatus
1874 834 2116 907 ignique

465 927 720 985 traditus
765 933 892 983 est:
944 925 1115 997 cujus
1163 941 1378 997 corpus
1427 926 1655 980 Marcus
1704 921 2008 995 apostolus
2060 925 2120 977 et

467 1016 827 1089 evangelista
849 1014 1173 1082 sublatum,
1207 1014 1270 1070 in
1299 1013 1556 1086 quadam
1600 1012 1885 1086 spelunca
1933 1012 2117 1083 depo-

466 1106 603 1162 suit.
637 1105 862 1162 Deinde
894 1120 1032 1161 cum
1061 1104 1361 1176 Ephesum
1394 1103 1747 1176 navigasset,
1780 1107 1840 1157 et
1867 1101 1942 1156 ad
1965 1103 2115 1156 Pau-

465 1196 591 1252 lum
623 1195 902 1263 venisset,
934 1193 1093 1249 hunc
1141 1192 1213 1248 de
1258 1193 1543 1248 Barnabas
1589 1192 1753 1248 obitu
1801 1191 2117 1248 certiorem

465 1285 628 1342 fecit.
649 1284 887 1341 Planxit
910 1288 1110 1338 autem
1141 1281 1471 1337 Barnabam
1505 1281 1738 1338 Marcus
1762 1280 2113 1336 diutissime.

465 1374 693 1431 Dicitur
720 1373 817 1430 hic
840 1372 1023 1428 fuisse
1081 1370 1350 1443 sepultus
1397 1370 1578 1426 simul
1613 1387 1748 1426 cum
1805 1369 2116 1442 Evangelia

465 1463 723 1520 Matthaai
755 1478 791 1517 a
820 1477 882 1516 se
914 1461 1157 1532 scripto,
1187 1465 1246 1515 et
1274 1461 1512 1515 invento
1541 1465 1748 1531 postea
1795 1475 1930 1514 cum
1976 1475 2116 1530 apo-

465 1550 676 1608 stolico
707 1565 954 1622 corpore
985 1564 998 1603 :
1034 1548 1192 1604 unde
1226 1552 1284 1604 et
1339 1547 1711 1621 privilegium
1759 1551 2119 1619 acceperunt

464 1639 696 1702 ﬁdeles,
727 1637 888 1712 quod
918 1638 1044 1694 haec
1070 1637 1334 1710 ipsorum
1367 1637 1564 1692 insula
1594 1636 1820 1693 nemini
1861 1636 2115 1692 aliorum

464 1730 879 1805 episcOporum
906 1729 1055 1785 181
1093 1727 1468 1800 subjiciatur,
1501 1728 1604 1784 sed
1635 1744 1669 1784 a
1698 1727 1939 1800 proprio
1993 1726 2116 1799 epi-

465 1837 646 1895 scopo
677 1819 1009 1876 ordinetur.

1017 1925 1258 1982 EODEM
1299 1924 1551 1982 MENSE.

1049 2016 1152 2072 Die
1183 2014 1540 2072 duodecima

681 2107 948 2164 Memoria
974 2108 1154 2162 sancti
1188 2107 1364 2161 Patris
1395 2107 1572 2160 nostri
1603 2104 1904 2176 Onuphrii.

541 2227 792 2284 Sanctus
821 2228 995 2282 Pater
1019 2229 1222 2281 noster
1253 2223 1594 2296 Onuphrius
1624 2240 1694 2280 ex
1715 2223 1956 2296 regione
1988 2224 2118 2294 qui-

469 2316 605 2372 dem
628 2315 856 2390 .Egypti
878 2315 1169 2388 originem
1193 2312 1404 2380 traxit;
1439 2318 1702 2368 versatus
1726 2318 1816 2367 est
1838 2318 2037 2368 autem
2057 2312 2119 2368 in

467 2406 734 2464 coenobio
789 2405 982 2478 posito
1034 2405 1209 2477 juxta
1264 2402 1706 2474 Thermopolim
1763 2401 2116 2458 Thebarum.

466 2498 611 2554 Cum
631 2513 765 2553 vero
780 2496 1234 2553 audissetvitam
1251 2495 1674 2567 prophetarum
1699 2492 1839 2548 Eliaa
1857 2499 1915 2547 et
1942 2493 2117 2548 Joan-

467 2587 563 2643 nis
620 2585 1035 2643 Praacursoris.
1100 2584 1338 2642 eosdem
1391 2583 1727 2650 mmulatus,
1780 2599 1810 2638 e
1850 2583 2118 2638 cmnobio

467 2692 763 2750 egressus,
786 2690 1054 2732 eremum
1069 2674 1258 2746 petiit,
1283 2673 1484 2744 ibique
1506 2672 1580 2729 ad
1604 2688 1794 2728 annos
1818 2672 2121 2746 sexaginta

469 2764 796 2822 habitavit:
829 2780 945 2838 quo
995 2763 1186 2836 spatio
1228 2763 1462 2819 nullum
1513 2762 1758 2818 omnino
1808 2761 2119 2818 hominum

462 2853 637 2922 vidit;
665 2853 854 2910 donec
875 2852 1205 2909 monachus
1233 2851 1474 2924 quidam
1487 2851 1856 2924 Paphnutius
1884 2851 1943 2906 in
1967 2851 2117 2907 inte.

386 3011 390 3015 _
464 2945 684 3001 riorem
713 2957 981 2999 eremum
1005 2957 1376 3016 progressus,
1401 2947 1522 2996 uta
1539 2940 1678 2997 viris
1703 2940 1926 2996 sanctis
1942 2939 2120 2996 bene-

463 3032 783 3090 dictionem
815 3037 1064 3104 peteret.
1117 3030 1288 3086 illum
1341 3029 1580 3101 reperit.
1632 3036 1893 3102 Cumque
1939 3029 2120 3086 simul

463 3121 897 3186 consedissmt,
931 3119 1150 3176 rescire
1188 3119 1414 3190 optanti
1450 3118 1783 3191 Paphnutio
1834 3135 1964 3190 qua:
2014 3135 2120 3192 per

2219 563 2280 619 ἐκ
2310 562 2490 642 φυλῆς
2518 563 2648 621 Acut
2678 565 3023 641 ὁρμώμενος.
3059 564 3204 620 Κατὰ
3230 565 3332 633 τήν
3365 564 3585 640 Κύπρον
3620 561 3678 620 δὲ
3707 573 3878 634 νῆσον

2217 654 2490 728 γεννηθεὶς
2517 655 2608 709 καὶ
2645 654 2881 732 τραφεὶς,
2913 655 3073 713 οὗτος
3104 658 3325 728 πρῶτος
3381 653 3433 709 ἐν
3485 655 3878 730 Ἰερουσαλήμ,

2218 742 2308 797 καὶ
2340 741 2393 798 ἐν
2438 745 2646 818 Ῥώμῃ,
2707 745 2796 798 καὶ
2861 742 3246 820 Ἀλεξανδρείᾳ
3299 743 3527 820 ἐκήρυξε
3576 745 3639 799 τὸ
3700 744 3878 820 Εὐαγ-

2220 829 2405 907 γέλιον
2463 837 2560 888 τοῦ
2635 838 2890 907 Χριστοῦ.
2977 834 3080 891 Καὶ
3168 834 3420 897 ἀπελθὼν
3507 833 3560 889 ἐν
3649 833 3878 911 Κύπρῳι

2225 920 2328 977 ὑπό
2385 943 2444 978 τε
2497 919 2777 980 Ἰουδαίων
2839 923 2927 978 καὶ
2991 920 3275 992 Ἑλλήνων
3333 921 3514 985 λίθοις
3589 923 3880 990 κτείνεται,

2293 1010 2307 1031 ς
2467 1012 2482 1029 \
2730 1008 2774 1030 ΙΝ
3006 1010 3014 1026 ⁸
3173 1011 3184 1029 Ι
3430 1012 3443 1032 9
3863 1014 3878 1032 1

2219 1031 2309 1066 και
2352 1031 2484 1088 πυρι
2540 1009 2924 1088 παραδιοοται,
2985 1013 3042 1066 ὃν
3103 1017 3324 1086 Μαρκος
3357 1013 3384 1066 ὁ
3419 1011 3728 1075 απόστολος
3789 1034 3880 1067 και

2220 1099 2609 1176 εύαγγελιστής
2667 1101 3028 1176 συγκομίσας,
3113 1097 3263 1164 ἔθετο
3326 1099 3380 1154 ἐν
3437 1100 3714 1174 σπηλαίῳ.
3771 1103 3882 1159 Καὶ

2222 1188 2524 1253 ἐκπλεύσας
2582 1190 2659 1252 εἷς
2719 1191 2950 1263 Ἔφεσον
3012 1189 3150 1263 πρὸς
3233 1189 3469 1259 Παῦλον,
3558 1189 3880 1267 ἀνήγγειλεν

2221 1279 2370 1351 αὖτῷ
2401 1280 2499 1347 τὴν
2550 1277 2830 1334 τελείωσιν
2887 1274 3156 1354 Βαρνάϐα.
3217 1280 3490 1337 Ἐκλαυσε
3551 1279 3607 1336 δὲ
3656 1283 3818 1337 αὑτὸν
3854 1282 3883 1337 ὁ

2223 1369 2445 1445 Μάρκος
2480 1368 2568 1424 ἐπὶ
2598 1368 2766 1425 πολύ.
2828 1367 3001 1432 Οῦτος
3054 1368 3272 1445 λέγεται
3324 1371 3583 1447 τεθάφθαι
3634 1370 3748 1444 ἅμα
3801 1377 3885 1445 τῷ

2225 1457 2313 1513 ὑπ’
2343 1457 2507 1514 αὐτοῦ
2538 1460 2798 1537 γραφέντι
2857 1460 2994 1514 κατᾶ
3055 1462 3329 1524 Ματθαῖον
3394 1459 3743 1537 Εὑαγγελίῳ,
3800 1467 3883 1532 τῷ

2221 1549 2308 1603 καὶ
2369 1547 2650 1624 ἐσύστερον
2728 1548 3030 1624 εύρενθέντι
3115 1550 3250 1622 μετὰ
3325 1554 3421 1605 τοῦ
3509 1551 3886 1607 ἀποστολικοῦ

2223 1639 2502 1709 σώματος,
2534 1639 2651 1693 ὅθεν
2680 1638 2770 1693 καὶ
2814 1637 3116 1711 προνόμιον
3169 1632 3367 1692 ἔλαϐον
3424 1639 3477 1693 οἱ
3529 1638 3736 1710 πιστοὶ,
3801 1643 3882 1712 μὴ

2224 1725 2538 1791 ὑποκεῖσθαι
2569 1725 2671 1782 ὑπό
2703 1747 2824 1782 τινα
2852 1731 2958 1781 τῶν
2993 1724 3179 1782 ἄλλων
3214 1725 3524 1782 ἐπισκόπων
3554 1728 3756 1798 ταύτην
3775 1731 3881 1799 τὴν

2146 1839 2193 1906 Β
2222 1823 2409 1889 νῆσον,
2442 1815 2566 1873 ἀλλ’
2601 1817 2703 1873 ὑπὸ
2732 1821 2828 1872 τοῦ
2862 1814 3007 1872 ἰδίου
3040 1816 3340 1873 ἐπισκόπου
3382 1820 3842 1893 χειροτονεῖσθαι,

2782 1925 2965 1982 MUNI
3006 1929 3089 2002 T9
3129 1927 3325 2003 ΑΥΤῼ.

3013 2013 3096 2071 ΙΒ’

2385 2114 2598 2186 Μνήμη
2631 2116 2726 2168 τοῦ
2757 2111 2908 2168 ὁσίου
2938 2112 3146 2188 Πατρὸς
3178 2115 3343 2186 ἡμῶν
3372 2113 3722 2191 Ὀνουφρίου.

2301 2224 2362 2280 Ὀ
2417 2221 2469 2277 ἐν
2527 2220 2702 2298 ἁγίοις
2761 2223 2948 2294 Πατὴρ
3008 2224 3169 2294 ἡμῶν
3235 2223 3558 2299 Ὀνούφριος
3631 2223 3884 2299 ὑπῆρχεν

2234 2309 2328 2382 μὶν
2363 2307 2424 2365 ἐκ
2453 2316 2552 2378 τῆς
2581 2310 2769 2385 χώρας
2805 2308 3102 2385 Αῗγύπτου·
3159 2305 3396 2385 διέτριϐε
3454 2306 3510 2364 δὶ
3573 2307 3623 2364 ἐν
3683 2331 3883 2364 κοινο-

2231 2393 2335 2471 ϐίῳ
2394 2395 2722 2470 διακειμένῳ
2779 2397 2831 2452 ἐν
2891 2397 3270 2473 Θερμουπόλει
3335 2402 3444 2453 τῶν
3505 2393 3723 2468 Θηϐῶν.
3778 2400 3884 2454 Καὶ

2229 2487 2460 2551 ἀκούσας
2488 2489 2580 2543 τὸν
2619 2488 2733 2562 βίον
2765 2493 2874 2542 τῶν
2921 2493 3213 2564 προφητῶν
3273 2487 3469 2546 Ἠλίου
3498 2487 3586 2544 καί
3622 2490 3882 2546 Ἰωάννου

2227 2583 2323 2633 τοῦ
2356 2576 2704 2654 Προδρόμου,
2731 2580 2820 2632 καὶ
2855 2578 3132 2649 ζηλώσας,
3165 2578 3391 2652 ἐξελθὼν
3419 2583 3516 2635 τοῦ
3572 2576 3882 2652 κοινοόίου,

2229 2667 2410 2742 ᾤκησε
2437 2671 2536 2737 τὴν
2574 2667 2782 2743 ἔρημοι
2842 2668 2926 2722 ἐπὶ
2987 2666 3080 2738 ἔτη
3141 2668 3420 2742 ἐξήκοντα,
3481 2668 3761 2724 ἅνθοωπον
3815 2671 3883 2726 τὸ

2229 2757 2459 2814 σύνολον
2497 2760 2573 2832 μὴ
2608 2757 2883 2832 ἑωρακώςο
2942 2761 3200 2834 Μοναχὸς
3265 2757 3322 2814 δέ
3376 2781 3479 2828 τις,
3540 2759 3882 2833 Παφνούτιος

2229 2846 2424 2921 ὄνομα,
2467 2851 2729 2924 χωρήσας
2781 2846 2835 2912 ἐς
2879 2849 2948 2903 τὰ
2996 2846 3251 2904 ἐνδότατα
3291 2856 3391 2918 τῆς
3447 2847 3657 2923 ἐρήμου
3717 2847 3881 2905 εὐλο-

2225 2940 2464 3016 γηθῆναι
2507 2938 2611 2995 ὑπὸ
2665 2937 2832 3013 ἁγίων
2875 2935 3106 3013 ἆνόρῶν,
3168 2938 3314 3013 εὗρεν
3378 2937 3560 3009 αὑτὸν,
3607 2937 3696 2994 καὶ
3742 2940 3880 2994 καθ-

2233 3029 2348 3092 ίσας
2403 3027 2640 3100 πλησίον
2702 3027 2890 3098 αὑτοῦ,
2949 3026 3316 3103 παρεκάλεσεν
3392 3028 3576 3097 αὑτὸν,
3657 3029 3879 3085 εἰπόντα

2225 3119 2529 3181 καὶτοῦτο,
2570 3117 2654 3172 ’ὁτι
2715 3123 2910 3180 Πεντες
2969 3118 3019 3171 οἱ
3081 3118 3131 3172 ἐν
3190 3121 3259 3192 τῇ
3315 3116 3511 3193 ἐρήμῳ
3567 3118 3879 3195 τρεφόμεθα

459 3212 611 3269 illud
639 3209 1016 3267 intervallum
1053 3211 1338 3265 hactenus
1395 3208 1755 3273 acciderant,
1805 3209 2110 3282 respondit

2229 3208 2334 3264 ἀπὸ
2363 3212 2470 3263 τῶν
2507 3207 2773 3283 βοτανῶν·
2817 3208 2917 3276 τήν
2975 3204 3034 3262 δὲ
3089 3207 3241 3281 ἁγίαν
3299 3207 3584 3263 κοινωνίαν
3641 3209 3881 3280 κομιζό-

461 3300 845 3376 Onuphrius:
881 3301 1102 3356 Omnes
1125 3299 1225 3371 qui
1249 3314 1515 3355 eremum
1538 3298 1814 3364 colimus,
1847 3299 2110 3356 oleribus

458 3392 784 3449 vescimur:
810 3405 1040 3447 sacram
1057 3395 1256 3445 autem
1271 3389 1764 3446 Communionem
1795 3388 1868 3445 ab
1899 3391 2110 3463 angelo

459 3480 1136 3556 accipimus.Recessum
1166 3495 1341 3551 porro
1348 3479 1478 3549 jam
1492 3478 1805 3535 meditanti
1833 3481 2109 3552 Paphnu-

456 3569 562 3640 tio,
595 3569 852 3642 subjecit
878 3569 1222 3642 Onuphrius
1248 3583 1262 3622 :
1288 3569 1478 3636 Mane,
1504 3567 1811 3625 ﬁli.adhuc
1833 3575 1892 3626 et
1910 3569 2109 3638 hodie,

456 3675 740 3734 quoniam
771 3659 909 3718 ﬁnis
940 3659 1070 3715 vitae
1106 3674 1253 3715 mea
1285 3658 1488 3724 instat,
1520 3674 1735 3730 meque
1789 3662 2108 3730 sepultura:

2225 3309 2362 3371 μεθα
2391 3297 2492 3352 ὑπὸ
2524 3294 2783 3372 ἀγγέλου.
2836 3295 3060 3352 Θὲλοντι
3117 3294 3174 3350 δὲ
3224 3297 3586 3373 ὑποχωρῆσαι
3635 3301 3715 3370 τῷ
3769 3299 3879 3354 Πά-

2220 3388 2481 3464 φνουτίφ.
2516 3387 2660 3440 εἶπεν
2697 3387 2724 3441 ὁ
2757 3385 3096 3464 Ὀνούφριος.
3131 3391 3350 3456 Μεῖνον,
3372 3387 3580 3450 τεκνον,
3606 3389 3874 3462 σήμερον,

2219 3476 2302 3533 ὅτι
2333 3479 2674 3549 τελειοῦμαι,
2707 3476 2794 3530 καὶ
2826 3477 2992 3550 θάψον
3029 3497 3115 3550 με.
3152 3475 3251 3532 Καὶ
3307 3479 3476 3530 ταῦτα
3532 3475 3726 3546 εῗπὼν,
3781 3478 3880 3532 καὶ

2217 3563 2553 3633 τελειωθεὶς,
2600 3565 2767 3642 ἐτάφη
2827 3564 2878 3620 ἐν
2938 3561 3107 3637 πέτρᾳ
3164 3565 3480 3629 σκεπασθεῖς
3533 3570 3612 3638 τῷ
3681 3566 3873 3639 ἡμίσει

2217 3659 2314 3710 τοῦ
2349 3653 2708 3732 ΙΙαφνουτίου·
2744 3655 2955 3730 γυμνὸς
2985 3655 3089 3730 γὰρ
3122 3655 3213 3724 ἦν.
3834 3699 3858 3714 .

454 3749 692 3810 manda.
726 3753 919 3822 Atque
947 3749 1075 3806 haec
1103 3749 1470 3822 prolocutus.
1516 3754 1762 3821 repente
1817 3749 2151 3822 exspiravit,
2201 3748 2589 3821 sepultusque
2637 3753 2728 3804 est
2775 3747 2836 3803 in
2875 3753 3063 3821 petra,
3107 3753 3348 3819 opertus
3397 3746 3646 3804 dimidio
3704 3747 3881 3820 pallii

456 3841 726 3913 ejusdem
761 3839 1108 3913 Paphnutii:
1141 3837 1338 3895 nudus
1369 3838 1530 3893 enim
1562 3843 1706 3894 erat.

651 3940 722 3993 Et
753 3943 1022 3993 certamen
1050 3942 1257 3992 sancta:
1287 3936 1579 3992 Antonium
1610 3937 1892 4006 martyris.

523 4038 742 4107 Martyr
769 4035 984 4090 Christi
1033 4033 1356 4100 Antonina,
1401 4034 1770 4090 Diocletiano
1822 4040 1880 4089 et
1928 4033 2110 4090 Maxi-

453 4125 655 4182 miano
686 4121 1142 4194 imperantibus,
1177 4122 1384 4177 Nicaaaa
1413 4122 1645 4177 claruit.
1707 4122 1790 4178 Ob
1824 4123 2104 4178 Christia-

455 4229 598 4283 nam
613 4228 751 4269 vero
779 4211 962 4268 fidem
981 4218 1152 4281 capta
1182 4227 1216 4265 a
1247 4209 1519 4281 prmside,
1554 4209 1807 4282 ﬂagellis
1838 4228 2011 4277 caesa,
2045 4212 2107 4268 in

454 4317 753 4359 carcerem
776 4299 1141 4356 detruditur:
1167 4298 1544 4371 postmodum
1569 4315 1599 4354 e
1622 4315 1857 4354 carcere
1873 4299 2105 4359 educta.

454 4398 515 4448 et
545 4390 604 4447 in
638 4388 962 4469 elquuleum
1005 4393 1196 4459 rapta.
1251 4386 1536 4442 lateribus
1585 4386 1928 4442 dilaniatur.
1981 4389 2108 4443 Mox

2360 3931 2460 3988 Καὶ
2494 3929 2724 4000 ἄθλησις
2751 3935 2851 3998 τῆς
2886 3932 3042 4008 ἁγίας
3079 3934 3352 4007 μάρτυρος
3376 3931 3730 4002 Ἀντωνίνης,

2291 4030 2646 4100 Ἀντωνίναή
2679 4035 2774 4086 τοῦ
2805 4033 3041 4105 Χριστοῦ
3105 4033 3310 4104 μάρτυς
3365 4033 3431 4101 ἧν
3492 4031 3551 4088 ἐκ
3606 4035 3707 4097 τῆς
3764 4033 3877 4088 πό-

2219 4119 2360 4184 λεως
2421 4121 2616 4183 Νικαίς
2673 4118 2760 4175 ἐπὶ
2814 4125 2916 4188 τῆς
2977 4119 3258 4195 βασιλείας
3335 4121 3728 4191 Διοκλητιανοῦ
3780 4123 3879 4178 καὶ

2219 4212 2580 4282 Μαξιμιανοῦ.
2670 4210 2967 4284 Χριστιανή
3030 4207 3086 4264 δὲ
3144 4207 3296 4280 οὖσα,
3382 4209 3653 4284 ἐκρατήθη
3723 4213 3875 4285 παρὰ

2214 4305 2311 4354 τοῦ
2369 4297 2659 4375 ἄρχοντος.
2721 4298 2818 4352 Καὶ
2873 4303 3134 4375 τυφθεῖσα
3193 4298 3462 4371 μάστιξιν,
3534 4298 3870 4374 ἀπεκλείσθη

2217 4388 2292 4452 εἷς
2329 4388 2601 4464 φυλακήν.
2637 4389 2740 4447 Καὶ
2787 4391 2920 4461 μετᾶ
2976 4393 3142 4444 ταῦτα
3197 4396 3298 4458 τῆς
3357 4390 3606 4463 φυλακῆς
3661 4385 3874 4461 ἐκϐλη-

451 4480 795 4538 ardentibus
821 4479 1029 4551 prunis
1059 4475 1568 4548 superimponitur
1593 4492 1606 4530 :
1633 4474 1846 4531 deinde
1865 4475 2093 4532 subulis

2222 4480 2388 4543 θεῖσα,
2423 4478 2732 4552 ἐκρεμάσθη
2767 4477 2854 4532 ἐπὶ
2907 4474 3094 4548 ξύλου,
3149 4479 3238 4533 καὶ
3297 4477 3483 4549 ἐξὲσθη
3545 4479 3640 4540 τὰς
3700 4478 3878 4534 πλευ-

450 4569 847 4628 candentibus
876 4567 1071 4623 eidem
1103 4582 1314 4621 manus
1345 4565 1742 4638 perforantur.
1775 4581 1847 4621 ex
1877 4565 2093 4637 quibus

453 4659 871 4717 suavissimum
896 4657 1138 4712 odorem
1159 4655 1407 4712 efﬂavit:
1441 4661 1740 4727 postremo
1761 4654 2106 4711 transfossis

449 4751 610 4816 talis,
643 4747 865 4804 carceri
897 4747 1112 4802 iterum
1144 4745 1502 4802 includitur:
1523 4743 1621 4800 ubi
1657 4745 1873 4802 Christi
1905 4745 2102 4801 visita-

450 4839 612 4894 tione
635 4843 972 4907 curata,per
991 4836 1295 4892 biennium
1311 4836 1371 4890 in
1395 4834 1665 4890 custodia
1683 4837 2096 4907 perseveravit,

447 4929 628 4995 fame,
661 4927 779 4993 siti,
829 4934 890 4982 et
920 4925 1072 4982 182
1124 4926 1353 4980 caeteris
1397 4925 1684 4981 aerumnis
1735 4925 2094 4982 conﬂictata.

448 5018 589 5072 Post
618 5015 744 5072 haec
774 5033 805 5071 e
837 5013 1106 5070 custodia
1134 5020 1415 5077 extracta,
1448 5014 1874 5086 compulsaque
1927 5015 2091 5071 Chri~

450 5112 606 5161 stum
637 5121 874 5178 negare,
925 5120 1060 5158 cum
1103 5104 1351 5159 minime
1394 5105 1822 5175 acquiesceret,
1862 5104 1924 5160 in
1977 5110 2090 5162 sta-

447 5211 628 5268 gnum
643 5195 908 5265 projecta
927 5191 1167 5258 fuit,ubi
1189 5192 1428 5248 beatum
1455 5193 1635 5248 ﬁnem
1657 5192 1794 5250 laeta
1807 5195 2088 5266 suscepit.

2217 4574 2333 4642 ρας.
2365 4573 2469 4624 Καὶ
2502 4567 2590 4623 ἐπί
2643 4566 2880 4642 ἐσχάρας
2938 4568 3440 4639 πεπυρακτωμένης
3501 4568 3675 4639 ἐτέθη.
3741 4570 3879 4626 Εἶτα

2212 4658 2598 4733 κατετρυπήθη
2657 4655 2752 4717 τὰς
2812 4661 3004 4731 χεῖρας
3064 4653 3347 4718 σουῦλίοις
3414 4658 3760 4732 πυρωθείσιν,
3816 4656 3874 4731 ἐξ

2211 4747 2286 4801 ὧν
2319 4746 2660 4818 ἀνεπέμπετο
2720 4742 2922 4800 εὐωδία
2981 4746 3349 4818 θυμιάματος.
3411 4747 3763 4822 Χαραχθεῖσα
3808 4744 3871 4802 δὲ

2209 4834 2465 4896 καὶτοὺς
2496 4831 2897 4909 ἀστραγάλους,
2939 4831 3104 4888 πάλιν
3165 4833 3494 4904 ἀπεκλείσθη
3555 4837 3631 4898 εἷς
3690 4833 3870 4908 φυλας

2207 4925 2335 4993 κήν.
2385 4923 2487 4980 Καὶ
2542 4927 2612 4996 τῇ
2668 4926 2767 4978 τοῦ
2823 4923 3061 4996 Χριστοῦ
3118 4921 3396 4996 ἐπισκέψει
3457 4925 3870 5000 θεραπευθεῖσα,

2205 5012 2294 5069 ἐπὶ
2325 5010 2444 5068 δυσὶ
2484 5013 2713 5087 χρόνοις
2774 5011 3127 5088 ἐκαρτέρησεν
3184 5011 3237 5068 ἐν
3293 5018 3361 5087 τῇ
3422 5012 3664 5092 φυλακῇ,
3715 5019 3874 5087 Λιμῷ

2201 5103 2292 5158 καὶ
2323 5099 2492 5174 δίψει,
2550 5101 2641 5157 καὶ
2689 5104 2760 5175 τῇ
2814 5098 2988 5175 λοιπῇ
3049 5102 3323 5178 κακουχίᾳ
3376 5102 3832 5175 προσπαλαίουσα

2199 5192 2302 5251 Καὶ
2333 5192 2467 5264 μετᾶ
2496 5195 2665 5247 ταῦτα
2721 5185 3052 5260 ἐκϐληθεῖσά
3110 5199 3210 5262 τῆς
3270 5191 3520 5270 φυλακῆς
3581 5191 3704 5264 ἔξω,
3764 5189 3866 5248 καὶ

445 5283 780 5357 ἀρνήσασθαι
809 5280 901 5334 τὸν
944 5278 1174 5354 Χριστὸν
1225 5278 1638 5352 ἀναγκασθεῖσα,
1691 5279 1781 5335 καὶ
1836 5282 1912 5353 μή
1963 5287 2262 5355 πεισθεῖσα,
2294 5281 2488 5360 ἐρρίφη
2522 5281 2575 5336 ἐν
2601 5284 2670 5356 τῇ
2729 5277 2916 5354 λίμνῃ,
2975 5276 3097 5346 ἔνθα
3150 5282 3212 5336 τὸ
3274 5284 3538 5358 μακάριον
3595 5282 3874 5360 χαίρουσα

447 5370 611 5432 τέλος
639 5367 878 5440 ἐδέξατο.

997 5440 1237 5498 EODEM
1277 5440 1528 5496 MENSE.

978 5530 1081 5586 Die
1111 5529 1344 5586 decima
1375 5529 1551 5585 tertia

694 5633 982 5692 Certamen
1010 5637 1212 5688 sanctae
1245 5633 1508 5703 martyris
1534 5631 1842 5703 Aquilinz.

514 5756 733 5824 Martyr
761 5747 977 5805 Christi
1009 5749 1310 5822 Aquilina,
1343 5748 1594 5822 Trajano
1643 5749 1980 5822 imperante
2029 5752 2091 5812 in

2753 5443 2939 5500 MHNI
2979 5445 3070 5521 Τῼ
3109 5446 3302 5521 ΑΥΤῼ.

3003 5533 3067 5589 Η,

2404 5629 2678 5703 ’Ἃθλησις
2705 5637 2806 5701 τῆς
2836 5629 2991 5705 ἁγίας
3025 5631 3300 5706 μάρτυρος
3330 5629 3644 5704 Ἀκυλίνης.

2277 5748 2530 5810 Ἀκυλίνα
2559 5750 2596 5817 ἠ
2625 5751 2723 5803 τοῦ
2753 5749 2992 5823 Χριστοῦ
3050 5748 3254 5823 μάρτυς
3303 5748 3370 5816 ἦν
3416 5747 3503 5803 ἐπὶ
3555 5755 3656 5818 τῆς
3705 5749 3862 5830 βασιτ
