4134 6302
256 405 372 466 497

1785 398 2094 463 JUNIUS.

3563 408 3685 468 498

256 535 412 598 λείας
439 510 719 611 Τραϊανοῦ
768 535 828 591 ἐκ
866 531 1082 600 πόλεως
1138 529 1342 592 Βίϐλου
1371 541 1470 604 τῆς
1501 539 1788 602 Φοινικης,
1820 543 1917 598 θυ-

2038 533 2219 607 Byblo
2243 537 2560 593 Phoenicim
2581 535 2726 594 urbe
2747 542 3081 611 nata,patre
3098 537 3393 594 Eutolmio
3422 539 3680 611 quodam

257 629 438 703 γάτηρ
490 625 816 699 Εῦτολμίου
869 626 1034 694 τινός,
1094 622 1290 700 ἀνδρὸς
1353 628 1704 702 περιφανοῦς.
1765 625 1929 679 Πέντε

261 715 323 772 δὲ
377 716 513 771 ἐτῶν
576 717 923 790 ὑπάρχουσα,
982 709 1280 784 ἐϐαπτίσθη
1345 714 1448 769 ὑπὸ
1503 710 1777 770 Εὑταλίου
1830 715 1928 767 τοῦ

258 806 583 862 ίπισκόπου,
650 805 747 860 Καὶ
809 802 936 860 δέκα
995 802 1128 859 ἐτῶν
1182 805 1476 879 γενομένη,
1527 805 1621 866 τάς
1653 801 1929 875 ὁμήλικας

257 898 425 970 κόρας
454 899 565 950 τῶν
624 891 872 949 εἰδώλων
920 893 1216 969 ἀπέχεσθαι
1268 891 1618 958 διδάσκουσα,
1650 893 1788 966 πρὸς
1827 891 1926 960 τήν

262 983 343 1046 εἲς
372 985 614 1059 Χριστὸν
674 984 852 1038 πίστιν
909 983 1287 1058 ἐχειραγώγει.
1349 982 1447 1037 Διᾶ
1492 986 1654 1038 τοῦτο
1685 1001 1930 1053 καταμη-

259 1075 481 1128 νυθεῖσα
537 1077 621 1145 τῷ
674 1079 775 1142 τῆς
833 1073 1022 1148 χώρας
1075 1074 1302 1148 ἄρχοντι
1389 1073 1536 1145 παρά
1621 1066 1926 1145 Νικάνδρου

257 1162 404 1223 τινὸς
493 1161 930 1237 εἲόωλολάτρου,
1020 1160 1318 1237 ἐκρατήθη.
1407 1161 1506 1216 Καὶ
1564 1162 1795 1236 ἀχθεῖσα
1851 1159 1928 1222 εἰς

257 1250 532 1325 ἐρώτησιν
607 1252 696 1307 καὶ
774 1250 1005 1306 ἐνώπιον
1089 1252 1305 1306 πάντων
1390 1248 1782 1327 ὁμολογήσασα
1863 1249 1926 1304 τὸ

257 1337 438 1415 ὄνομα
483 1345 584 1397 τοῦ
639 1344 894 1416 Χριστοῦ,
955 1339 1155 1419 ἐτύφθη
1214 1337 1487 1416 σφοδρῶς,
1517 1339 1606 1395 καὶ
1638 1333 1925 1400 σουϐλίοις

260 1429 515 1508 σιδηροῖς
577 1431 931 1507 ἐκπυρωθεῖσι
988 1431 1082 1495 τάς
1138 1430 1301 1492 ἀκοάς
1351 1430 1585 1500 κατεκάη
1643 1433 1922 1501 τοσοῦτον,

255 1521 384 1577 ὅσον
417 1524 509 1577 καὶ
542 1523 681 1593 αἷμα
739 1520 919 1597 ῥεῦσαι
979 1520 1040 1576 ἐκ
1093 1525 1203 1575 τῶν
1265 1523 1560 1594 μυκτήρων
1611 1519 1800 1588 αὐτῆς,
1832 1520 1920 1574 καὶ

250 1613 461 1667 καπνὸν
495 1609 729 1682 ἐξελθεῖν
785 1609 846 1666 ἐκ
898 1613 998 1678 τῆς
1047 1609 1311 1689 κεφαλῆς.
1369 1611 1504 1666 Εἶτα
1554 1603 1799 1664 λαϐοῦσα
1826 1609 1926 1677 τὴν

254 1699 350 1757 διὰ
411 1703 604 1780 ξίφους
663 1701 955 1778 ἀπόφασιν,
1043 1700 1132 1756 καὶ
1216 1699 1730 1776 ἀποκεφάλισθεῖσα,
1789 1699 1927 1775 πρὸς

255 1790 487 1869 Κῦριον,
517 1791 578 1847 δν
611 1789 896 1862 ἆπόθησεν,
932 1787 1283 1862 ἐξεδήμησεν.

824 1900 1004 1956 MllNI
1038 1899 1130 1954 ΤΩ
1161 1898 1357 1957 ΑΥΤΩ.

1082 1993 1132 2042 Δ,

478 2078 689 2152 Μνήμη
738 2079 835 2131 τοῦ
885 1990 1372 2151 ἁγίουιπροφήτου
1403 2073 1708 2132 Ἐλισαίου.

330 2201 615 2264 Ἐλισαῖος
649 2203 677 2256 ὁ
713 2203 877 2276 μέγας
908 2201 998 2256 καὶ
1057 2199 1270 2275 ἔνδοξος
1321 2205 1418 2256 τοῦ
1448 2205 1583 2258 Θεοῦ
1614 2203 1924 2280 προφήτης,

251 2295 320 2362 ἦν
356 2293 454 2366 μὲν
488 2294 548 2347 ἐκ
575 2299 674 2362 τῆς
733 2291 1016 2360 Ἰουδαίας,
1078 2292 1137 2348 ἐκ
1190 2299 1292 2362 τῆς
1350 2299 1454 2367 γῆς
1503 2288 1776 2366 Ῥοϐυῆμ.
1808 2293 1924 2356 υἱὸς

252 2381 314 2438 δὶ
373 2382 665 2461 Ἰωσαφάτ.
727 2384 854 2440 Ὀτε
913 2381 971 2438 δί
1043 2380 1248 2455 ἔμελλε
1298 2389 1650 2458 γεννηθῆναι,
1709 2382 1922 2458 ἐγένετο

259 2472 518 2546 μέγιστον
569 2477 824 2545 σημεῖον.
879 2472 943 2529 Ἦ
1001 2473 1104 2547 γάρ
1163 2477 1342 2548 χρυσῆ
1378 2469 1636 2544 δάμαλις,
1669 2474 1703 2542 ἡ
1737 2473 1790 2527 ἐν
1821 2478 1920 2527 Σιο

257 2558 412 2634 λὼμ,
448 2562 624 2626 οὓτως
655 2557 852 2631 ἐϐόησε
912 2562 1074 2636 μέγα,
1131 2564 1207 2625 ὡς
1262 2561 1595 2631 ἀκουσθῆναι
1637 2560 1690 2616 ἰν
1716 2564 1919 2634 Ἰερου-

256 2653 471 2724 σαλὴμ,
506 2653 582 2714 ὡς
628 2652 719 2706 καὶ
776 2653 868 2706 τὸν
925 2651 1071 2724 ἱερέα
1133 2649 1303 2705 εἰπεῖν
1336 2648 1425 2706 διὰ
1451 2656 1561 2706 τῶν
1593 2648 1802 2720 δηλῶν.
1836 2651 1920 2707 ὅτι

259 2744 559 2816 Προφήτης
621 2740 790 2815 μὲγας
847 2739 1041 2814 ἰτὲχθη
1100 2739 1151 2796 ἐν
1234 2740 1601 2812 Ἰερουσαλήμ
1656 2743 1917 2815 σήμερον,

257 2831 404 2893 ὅστις
465 2827 688 2894 καθελεῖ
743 2830 809 2886 τά
865 2827 1104 2905 γλυπτά,
1181 2830 1270 2884 καὶ
1347 2829 1620 2903 συντρίψει
1677 2829 1746 2885 τά
1799 2850 1920 2905 χω·

255 2922 434 2988 νευτά,
469 2922 559 2975 καὶ
591 2921 812 2991 ποιησει
861 2919 1115 2993 τεράστια
1176 2917 1406 2994 μεγάλα.
1465 2920 1532 2976 ’Ὀ
1587 2915 1654 2988 δὴ
1693 2917 1782 2973 καὶ
1823 2919 1916 2994 γὲ-

259 3028 435 3084 γονεν·
466 3008 559 3063 καὶ
587 3009 689 3084 γάρ
748 3011 838 3063 καί
895 3009 962 3062 τά
1017 3008 1376 3082 ’1εριχο-3ντια
1407 3004 1572 3062 ὕδατα
1600 3006 1918 3062 ἀτεκνοῦντα

256 3101 464 3170 ἰάσατο,
511 3099 645 3163 ἅλας
697 3095 974 3156 ἐπιϐαλὼν
1033 3099 1239 3162 αὐτοῖς,
1296 3101 1399 3156 Καὶ
1448 3099 1673 3174 νεκροὺς
1704 3098 1912 3175 ἤγειρε,

255 3192 344 3246 καὶ
407 3191 618 3264 Νεεμάν
672 3192 762 3246 τὸν
817 3189 990 3264 Σύρον
1047 3189 1247 3266 λεπρὸν
1307 3184 1434 3244 ὄντα
1489 3188 1912 3264 ἰκαθάρισε,καὶ

257 3285 414 3350 Γιεζῆ
472 3281 564 3336 τὸν
616 3280 892 3352 ὑπηρέτην
979 3278 1166 3349 αὐτοῦ,
1253 3277 1585 3355 φιλάργυρον
1643 3273 1772 3334 ὅντα
1823 3278 1915 3334 καὶ

255 3372 563 3444 παρήκοον,
623 3368 948 3442 ἐλέπρωσεν’
1011 3369 1103 3423 καὶ
1153 3368 1221 3423 τὰ
1278 3365 1548 3439 Ἰορδάνια
1606 3367 1793 3444 ῥεῖθρα
1843 3371 1914 3440 τῇ

260 3459 500 3534 μηλωτῇ
559 3460 795 3530 πατάξας
852 3457 1118 3535 Bri-551,59
1180 3457 1273 3513 καὶ
1320 3457 1444 3532 περὶ
1496 3464 1598 3528 τῆς
1647 3461 1746 3514 τοῦ
1783 3458 1914 3530 Χρι-

257 3553 388 3604 στοῦ
445 3549 745 3621 παρουσίας
806 3545 993 3604 πολλᾶ
1051 3547 1456 3625 προφητεύσας,
1516 3547 1766 3616 ἀπέθανε,
1823 3546 1915 3603 καὶ

257 3640 429 3714 ὶτάφη
462 3638 516 3694 ἐν
547 3637 826 3713 Σαμαρείᾳ
858 3637 909 3692 ἰν
945 3631 1405 3694 Σεϐαστουπόλει.

367 3753 466 3812 Καὶ
518 3756 711 3829 μνήμη
761 3757 863 3829 τοῦ
907 3751 1062 3829 ἁγίου
1092 3752 1490 3829 ἱερομάρτυρος
1520 3749 1804 3826 Κυρίλλου

796 3824 1094 3882 ἐπισκόπου
1139 3824 1380 3897 Κρήτης.

330 3957 612 4034 Κύριλλος
664 3959 691 4014 ὁ
737 3963 880 4022 θεῖος
927 3956 1260 4034 ἱερομάρτυς
1309 3957 1556 4033 ὑπῆρχεν
1602 3954 1688 4012 ἐπὶ
1738 3956 1916 4028 Μαξι-

263 4053 455 4121 μιανοῦ
514 4052 611 4103 τοῦ
669 4048 960 4123 βασιλέως,
1026 4049 1170 4121 πάσῃ
1240 4045 1404 4120 ἀρετῇ
1474 4045 1912 4121 κεκοσμημένος,

258 4137 346 4192 καὶ
379 4139 672 4200 ἐπίσκοπος
704 4132 777 4192 ὥν
826 4144 926 4206 τῆς
969 4135 1020 4191 ἐι
1072 4139 1140 4210 τῇ
1199 4137 1381 4211 Κρήτῃ
1416 4135 1567 4211 ἁγίας
1597 4134 1910 4207 ἐκκλησίας.

258 4228 548 4304 ’Υπάρχων
623 4225 680 4282 δὲ
756 4227 974 4301 χρόνων
1062 4217 1386 4298 ἐνενήκοντα
1445 4227 1530 4281 καὶ
1590 4223 1768 4294 πέντε,
1822 4227 1914 4282 καὶ

260 4316 402 4394 ἔχων
435 4318 648 4380 οἷκὲτας
685 4314 805 4385 δύο,
855 4318 1131 4394 Θεοφάνην
1187 4318 1276 4372 καὶ
1315 4316 1703 4392 Θεοχάριστον,
1734 4318 1914 4393 ἀπήρ-

262 4427 389 4483 χετο
425 4409 541 4481 μετ’
599 4407 777 4462 αὐτῶν
831 4405 907 4468 εἷς
963 4405 1017 4460 ἓν
1064 4410 1170 4460 τῶν
1222 4405 1616 4482 μοναστηρίων.
1651 4407 1749 4460 Καὶ
1781 4403 1910 4460 ἰδὼν

261 4499 377 4561 καθ’
407 4494 534 4552 ὁδὸν
565 4496 692 4559 τοὺς
747 4492 1156 4571 εἷδωλολάτρας
1213 4493 1437 4556 θύοντας
1485 4501 1601 4558 τοῖς
1634 4493 1911 4564 εἷὸώλοις,

1949 1883 2002 1961 Β

2030 625 2152 681 viro
2177 625 2420 692 illustri,
2455 627 2863 700 quinquennis
2901 628 3266 700 baptismum
3321 630 3584 701 suscepit
3609 631 3682 686 ab

2032 716 2261 772 Eutalio
2312 718 2590 790 episcopo
2633 736 2647 776 :
2707 719 2922 776 deinde
2971 720 3279 788 decennis,
3351 727 3685 776 coaetaneas

2031 805 2262 876 puellas
2290 807 2532 873 docens,
2567 807 2641 864 ab
2681 809 2977 866 idolorum
3036 810 3200 866 cultu
3258 810 3579 870 abstinere.
3612 810 3687 866 ad

2030 895 2246 951 Christi
2278 898 2456 954 fidem
2487 915 2668 955 manu
2702 899 2973 956 ducebat.
2998 901 3222 958 Idcirco
3244 917 3279 957 a
3301 901 3558 974 quodam
3589 901 3687 958 Ni-

2032 985 2250 1042 candro
2283 987 2596 1044 idololatra
2625 990 2782 1062 apud
2815 991 3073 1063 regionis
3123 992 3438 1063 praesidem
3465 991 3684 1060 delata,

2032 1075 2461 1147 comprehensa
2492 1077 2605 1134 fuit
2635 1095 2649 1134 :
2675 1085 2853 1150 atque
2883 1079 2957 1135 ad
2984 1080 3374 1151 quaestionem
3407 1079 3683 1145 adducta,

2033 1180 2166 1220 cum
2197 1165 2411 1221 Christi
2441 1182 2660 1223 nomen
2686 1184 2885 1224 coram
2930 1168 3206 1224 omnibus
3234 1169 3503 1241 professa
3532 1167 3688 1223 fuis-

2033 1259 2140 1318 set,
2174 1255 2494 1312 suavissime
2525 1256 2774 1313 caeditur
2803 1257 3130 1330 ferreisque
3154 1256 3383 1314 subulis
3413 1255 3683 1313 ardenti-

2030 1341 2142 1398 bus
2172 1360 2345 1400 aures
2377 1345 2569 1401 eidem
2630 1346 2776 1402 adeo
2835 1347 3195 1415 ustulantur,
3253 1353 3320 1402 ut
3375 1346 3616 1420 sanguis
3650 1362 3681 1402 e

2030 1433 2275 1509 naribus
2305 1439 2364 1488 et
2392 1434 2592 1490 fumus
2622 1452 2652 1490 e
2679 1436 2875 1508 capite
2925 1442 3284 1509 erumperet.
3324 1435 3550 1492 Deinde
3581 1450 3680 1492 ca-

2029 1523 2171 1594 pitis
2203 1522 2502 1592 damnata,
2522 1525 2854 1581 decollatur
2879 1542 2892 1582 :
2914 1533 3092 1598 atque
3123 1527 3206 1583 ita
3235 1524 3310 1583 ad
3339 1526 3682 1595 Dominum,

2033 1627 2212 1684 quem
2247 1619 2568 1686 optaverat,
2609 1615 2899 1690 migravit.

2582 1881 2822 1940 EODEM
2861 1881 3008 1938 MEN
3013 1882 3118 1942 SE.

2526 1970 2629 2027 Die
2678 1971 2911 2030 decima
2956 1979 3168 2045 quarta

2233 2059 2688 2118 Commemoratio
2734 2065 2912 2120 sancti
2951 2063 3240 2134 prophetae
3269 2061 3480 2122 Eliwi.

2097 2186 2340 2260 Magnus
2371 2193 2428 2243 et
2485 2188 2778 2262 gloriosus
2813 2190 2910 2248 Dei
2963 2191 3254 2264 propheta
3308 2192 3556 2249 Elisaaus
3606 2207 3679 2250 ex

2026 2275 2228 2333 Judasa
2253 2275 2324 2332 de
2357 2283 2516 2334 terra
2562 2279 2807 2336 Reboim
2858 2281 3027 2336 duxit
3053 2282 3366 2355 originem,
3399 2282 3681 2354 Josaphat

2027 2371 2194 2436 patre
2225 2372 2419 2422 natus.
2457 2369 2721 2425 Instante
2761 2375 2958 2425 autem
2986 2369 3081 2425 die
3113 2371 3298 2426 natali
3348 2370 3557 2443 ipsius,
3589 2370 3680 2427 in-

2028 2471 2173 2528 gens
2213 2456 2429 2513 accidit
2485 2457 2839 2532 prodigium.
2884 2460 3077 2516 Vitula
3127 2460 3346 2533 quippe
3398 2476 3580 2518 aurea
3612 2461 3678 2518 in

2028 2545 2213 2603 Silom
2246 2546 2552 2606 collocata.
2586 2554 2753 2605 tanta
2773 2565 2910 2605 voce
2933 2549 3232 2615 clamavit,
3257 2557 3324 2605 ut
3345 2550 3683 2624 Hierosoly-

2027 2636 2143 2690 mis
2171 2635 2499 2702 audiretur,
2534 2644 2593 2692 et
2623 2638 2900 2695 sacerdos
2928 2656 2999 2695 ex
3027 2655 3097 2695 eo
3125 2647 3392 2696 monstro
3418 2656 3681 2698 commo-

2028 2730 2122 2780 tus
2152 2724 2377 2781 diceret
2407 2742 2422 2782 :
2455 2726 2748 2798 PrOpheta
2770 2744 3018 2798 magnus
3050 2729 3227 2784 hodie
3256 2730 3681 2803 Hierosolymis

2027 2821 2202 2870 natus
2234 2821 2343 2881 est,
2367 2814 2469 2886 qui
2499 2815 2729 2871 auferet
2749 2817 3068 2889 sculptilia.
3096 2825 3155 2874 et
3178 2817 3505 2875 conflatilia
3533 2836 3674 2875 con-

2026 2908 2197 2971 teret,
2222 2903 2558 2976 etingentia
2581 2905 2849 2980 prodigia
2870 2906 3065 2963 faciet.
3101 2907 3265 2973 Quod
3297 2914 3356 2963 et
3385 2909 3678 2982 contingit

2030 2993 2166 3048 Nam
2219 2999 2277 3048 et
2323 2993 2802 3050 Hierichuntinas
2842 2997 2986 3052 I88
3017 3013 3202 3068 aquas
3234 2997 3467 3053 steriles
3498 3013 3671 3054 sana-

2024 3081 2124 3149 vit,
2158 3081 2378 3152 injecto
2405 3081 2466 3136 in
2492 3082 2652 3154 ipsas
2671 3083 2793 3139 sale
2822 3099 2835 3139 :
2869 3093 2928 3139 et
2955 3091 3223 3140 mortuos
3246 3085 3582 3142 suscitavit:
3615 3091 3675 3142 et

2029 3171 2398 3228 Naamanum
2448 3173 2658 3245 Syrum
2716 3172 3016 3246 leprosum
3050 3175 3391 3232 mundavit:
3421 3182 3481 3233 et
3516 3177 3668 3234 Giezi

1948 3231 1990 3300 ε
2028 3261 2369 3317 ministrum
2397 3279 2570 3317 suum
2601 3264 2868 3334 pecunias
2898 3264 3201 3338 cupidum,
3234 3271 3294 3322 et
3321 3265 3673 3324 inobedien-

2025 3355 2142 3406 tem
2169 3350 2335 3422 lepra
2355 3351 2686 3424 percussit:
2720 3351 2912 3426 deque
2939 3353 3157 3411 Christi
3197 3354 3453 3412 adventu
3485 3356 3676 3414 multa

2020 3439 2397 3499 vaticinatus.
2447 3440 2723 3513 decessit,
2783 3449 2842 3500 et
2878 3443 2942 3500 in
2982 3443 3248 3502 Samaria
3275 3444 3340 3503 in
3380 3443 3526 3504 urbe
3576 3446 3674 3504 Se-

2021 3527 2187 3586 baste
2220 3529 2489 3602 sepultus
2517 3548 2602 3588 es.

2017 3749 2093 3809 Et
2122 3753 2562 3808 commemoratio
2590 3755 2924 3810 sacrosancti
2977 3757 3237 3828 martyris
3297 3754 3495 3828 συθ-ηιξ
3547 3757 3672 3830 epi-

2658 3844 2811 3914 scopi
2839 3844 3030 3900 Creta.

2091 3953 2336 4011 Divinus
2358 3959 2416 4011 et
2436 3962 2833 4030 sacromartyr
2851 3955 3126 4030 Cyrinus,
3146 3957 3478 4032 imperante
3498 3961 3672 4018 Maxi-

2018 4043 2244 4113 miano,
2271 4044 2551 4100 omnibus
2579 4044 2894 4103 virtutibus
2951 4047 3186 4118 claruit,
3227 4054 3450 4106 sancta:
3480 4050 3669 4107 eccle-

2022 4133 2123 4189 size
2143 4133 2407 4190 Cretensi
2438 4135 2751 4208 episcopus
2782 4135 3116 4209 praafectus.
3151 4138 3296 4195 Cum
3314 4155 3452 4197 vero
3481 4156 3672 4197 nona-

2019 4223 2182 4296 ginta
2211 4229 2269 4279 et
2298 4224 2563 4296 quinque
2595 4242 2784 4282 annos
2814 4233 3032 4301 ageret,
3065 4233 3124 4285 et
3151 4228 3450 4300 quoddam
3471 4247 3674 4288 mona-

2021 4313 2270 4369 sterium
2326 4330 2446 4370 una
2503 4332 2634 4371 cum
2689 4317 3087 4390 Theophane,
3140 4323 3199 4373 et
3250 4320 3670 4378 Theocharisto

2017 4401 2412 4460 familiaribus
2441 4405 2564 4461 suis
2594 4411 2840 4477 peteret,
2866 4407 3158 4479 quosdam
3187 4408 3534 4466 idololatras
3563 4427 3673 4482 per

2016 4491 2172 4548 viam
2218 4492 2395 4548 idolis
2437 4495 2842 4551 sacrificantes
2897 4496 3296 4568 conspicatus,
3347 4498 3655 4568 ingemuit.

263 4583 519 4656 ἐστέναξε.
555 4584 656 4642 Καὶ
709 4585 972 4661 γνωσθεὶς
1031 4582 1114 4638 ὅτι
1173 4581 1498 4657 Χριστιανός
1555 4582 1721 4651 ἐστιν,
1753 4583 1913 4658 ἐκρα-

2030 4581 2168 4638 llinc
2188 4583 2424 4655 agnitus
2449 4600 2554 4654 pro
2581 4585 2938 4651 Christiano,
2987 4586 3060 4642 ab
3087 4585 3207 4641 illis
3237 4593 3444 4659 captus
3466 4591 3575 4656 est,
3610 4594 3669 4643 et

261 4675 400 4743 τήθη
428 4673 558 4747 παρ’
589 4672 788 4743 αὐτῶν,
838 4673 927 4727 καὶ
987 4667 1318 4741 ἀπεκλείσθη
1380 4670 1455 4734 εἷς
1513 4671 1783 4747 φυλακην⁹
1816 4673 1905 4728 καὶ

265 4761 312 4817 ἒν
343 4763 482 4835 αὐτῇ
515 4761 838 4839 εὐχόμενος,
896 4758 1098 4831 ἤκουσε
1155 4763 1343 4837 φωνῆς
1392 4760 1677 4830 οὐρανόθεν
1711 4760 1909 4838 λεγού-

266 4873 360 4923 σης
418 4852 585 4925 αὐτῷ’
647 4851 914 4924 Κύριλλε,
975 4850 1170 4926 χρῄζω
1251 4871 1346 4905 σου
1423 4849 1476 4906 ὲν
1530 4852 1745 4928 Ῥώμῃ.
1803 4853 1909 4909 Καὶ

267 4943 638 5018 ἀνεῳχθεισῶν
696 4946 804 4996 τῶν
865 4945 1064 5014 θυρῶν,
1124 4940 1338 5009 ἀπῆλθε
1392 4939 1484 4995 καὶ
1542 4941 1616 5004 εἰς
1662 4943 1908 5016 Ῥώμην.

266 5031 360 5088 Καὶ
394 5032 648 5107 στηρίξας
704 5030 832 5094 τοὺς
885 5027 1179 5107 ἀδελφοὺς,
1235 5028 1400 5085 πάλιν
1461 5030 1786 5106 ὑπέστρεψεν
1835 5032 1912 5094 εἰς

265 5123 506 5192 Κρήτην.
569 5121 670 5178 Καὶ
732 5120 1017 5196 κρατηθεὶς
1072 5119 1218 5173 παρὰ
1269 5121 1365 5173 τοῦ
1423 5116 1718 5195 ἄρχοντος,
1750 5115 1912 5176 ἔλαϐε

263 5212 356 5280 τὴν
403 5208 492 5265 διά
525 5209 710 5287 ξίφους
758 5208 1047 5287 ἀπόφασιν.
1103 5207 1207 5264 Καὶ
1257 5206 1514 5270 ἰπιιιεθεὶς
1557 5208 1634 5271 εἷς
1683 5211 1910 5283 ἅμαξαν,

266 5295 350 5354 διὰ
376 5299 440 5354 τὸ
497 5299 572 5372 μὴ
631 5296 886 5353 δύνασθαι
945 5301 1261 5371 περιπατεῖν
1315 5295 1376 5352 in
1428 5301 1526 5352 τοῦ
1581 5300 1788 5374 γήρωςθ
1820 5300 1908 5356 καὶ

265 5387 447 5464 ἀχθεὶς
480 5389 555 5452 εἷς
603 5390 694 5444 τὸν
743 5387 910 5443 τόπον
955 5391 1063 5442 τῶν
1110 5383 1439 5455 καταδίκων,
1484 5385 1910 5468 ἆπεκεφαλίσθη.

269 5523 364 5579 Καὶ
425 5524 615 5598 μνήμη
673 5525 768 5577 τοῦ
825 5519 877 5576 ἐν
933 5520 1114 5595 ἁγίοις
1168 5520 1376 5595 Πατρὸς
1431 5521 1592 5593 ἡμῶν
1647 5520 1913 5588 Μεθοδίου

566 5603 910 5679 πατριάρχου
962 5599 1608 5666 Κωνσταντινουπόλεως.

334 5726 600 5794 Μεθόδιος
653 5729 680 5786 6
729 5726 782 5784 ἐν
829 5724 1002 5801 ἁγίοις
1048 5725 1234 5802 Πατήρ
1282 5727 1444 5801 ἡμῶν
1476 5725 1696 5804 ὑπῆρχε
1728 5729 1822 5806 μὶν
1856 5728 1915 5814 ἐκ

2019 4673 2241 4726 carceri
2273 4673 2664 4744 mancipatus.
2694 4673 2798 4729 Ubi
2844 4691 3044 4743 orans,
3075 4674 3220 4730 caelo
3235 4675 3537 4748 delapsam
3567 4693 3669 4733 vo-

2019 4777 2149 4816 cem
2178 4760 2400 4816 audivit
2430 4777 2443 4816 :
2478 4761 2717 4834 Cyrille,
2756 4767 2858 4818 tua
2899 4779 3080 4834 opera
3109 4765 3308 4820 Romae
3337 4764 3532 4823 adhuc
3572 4767 3669 4824 in-

2021 4848 2215 4922 digeo.
2245 4849 2562 4906 Patefactis
2591 4867 2727 4923 ergo
2757 4851 2938 4908 simul
2970 4853 3221 4922 foribus,
3254 4856 3498 4911 Romam
3527 4872 3671 4928 pro-

2019 4937 2210 4993 fectus
2240 4943 2369 4994 est:
2402 4955 2656 5011 cumque
2675 4939 2888 4996 fratres
2919 4941 3352 5010 confirmasset,
3385 4945 3668 5001 rursusin

2019 5028 2253 5084 Cretam
2285 5025 2462 5082 rediit
2496 5042 2511 5083 :
2543 5028 2643 5084 ubi
2673 5045 2708 5085 a
2737 5029 2989 5100 prmside
3047 5033 3533 5104 comprehensus,
3569 5051 3670 5090 ca-

2021 5115 2163 5188 pitis
2184 5116 2538 5172 sententiam
2563 5119 2810 5190 accepit.
2835 5120 3025 5185 Quare
3047 5120 3311 5192 plaustro
3333 5123 3670 5195 impositus,

2023 5205 2165 5277 quia
2181 5205 2254 5260 ob
2277 5212 2644 5262 senectutem
2677 5207 2923 5279 pedibus
2940 5209 3215 5266 incedere
3237 5212 3542 5283 nequibat,
3567 5213 3673 5268 ad-

2023 5293 2357 5368 ductusque
2387 5296 2448 5352 in
2479 5297 2678 5354 locum
2701 5298 3000 5372 supplicii,
3023 5299 3356 5358 decollatus
3386 5301 3517 5358 fuit.

2022 5527 2093 5584 Et
2120 5532 2574 5609 commemoratia
2589 5533 2764 5588 sancti
2815 5533 3000 5609 Patris
3045 5535 3220 5609 nostri
3264 5536 3532 5609 Methodii
3561 5554 3672 5609 pa-

2380 5602 2644 5661 triarchae
2694 5606 3310 5677 ConstantinOpolitani.

2095 5737 2343 5796 Sanctus
2373 5737 2547 5796 Pater
2573 5743 2778 5796 noster
2805 5737 3133 5797 Methodius
3170 5738 3424 5810 Siculus,
3455 5720 3668 5800 mona-
