4134 6302
429 366 547 425 499

1747 354 2170 420 MENOLOGII
2214 356 2419 418 PARS
2461 359 2567 420 III.

3726 365 3852 426 500

435 499 581 553 chus
608 495 822 561 factus,
855 497 913 549 et
941 492 1121 549 variis
1160 491 1679 549 exercitationibus
1727 509 1934 550 omnes
1962 493 2064 548 vir-

2193 495 2296 560 τῆς
2353 487 2627 552 Σικελίας·
2693 489 2932 566 μοναχὸς
2990 487 3048 545 δὶ
3098 490 3413 566 γενόμενος,
3445 493 3534 548 καὶ
3567 491 3853 572 διαφόροις

435 591 594 641 tutes
607 589 935 652 assecutus,
949 582 1031 639 ita
1043 581 1284 641 demum
1299 584 1878 656 Constantinopolim
1900 583 2080 651 venit,

375 663 379 674 ¹
437 673 963 731 iconomacliorum
1023 691 1155 730 vero
1197 673 1608 747 persecutione
1665 671 1974 745 gliscente,
2021 671 2082 724 in

439 765 696 837 quodam
728 767 844 822 situ
877 765 1095 821 montis
1145 766 1519 838 epiSCOpatus
1549 763 1674 820 Chii
1744 767 2082 818 constructo

437 857 820 921 monasterio,
853 855 935 910 ibi
965 856 1256 911 consedit.
1284 854 1650 926 thuoniam
1673 851 2086 908 iconomacho-

437 961 572 1002 rum
600 946 876 1001 haeresim
909 945 1098 1001 doctis
1144 945 1529 1018 argumentis,
1561 949 1619 1000 et
1647 943 2083 1014 Scripturarum

437 1035 610 1091 dictis
643 1041 904 1091 evertere
935 1035 1185 1092 adorsus
1217 1040 1327 1099 est,
1360 1034 1659 1104 ﬁdemque
1691 1029 2082 1087 orthodoxam

435 1126 798 1184 sanctissimi
831 1126 932 1182 Dei
961 1126 1231 1182 ecclesiis
1256 1140 1606 1198 proponere,
1641 1123 1858 1180 multas
1890 1128 2084 1177 tenta-

433 1215 626 1272 tiones
656 1232 1073 1289 aerumnasque
1106 1216 1302 1272 subiit.
1341 1217 1660 1286 Postquam
1684 1219 1882 1268 autem
1901 1212 2084 1266 Theo-

427 1305 628 1377 philus
661 1307 781 1363 vita
808 1305 1046 1362 functus
1096 1305 1228 1373 fuit,
1263 1309 1320 1360 et
1351 1305 1507 1360 134
1551 1301 1880 1359 orthodoxa
1935 1299 2082 1356 fides

428 1397 684 1463 refulsit,
711 1398 884 1470 juxta
916 1397 1104 1453 sancti
1146 1395 1433 1453 Joannicii
1471 1394 1838 1461 vaticinium,
1869 1391 1940 1448 ab
1972 1391 2080 1447 im-

429 1488 721 1558 peratrice
746 1487 1073 1554 Theodora,
1113 1487 1360 1558 ejusque
1410 1485 1533 1541 ﬁlio
1576 1482 1858 1540 Michaele
1883 1497 2080 1538 accer-

430 1578 600 1646 situs,
633 1578 1324 1651 Constantinopolitanus
1379 1576 1716 1650 patriarcha
1771 1573 2082 1630 ordinatus

427 1666 558 1723 fuit.
588 1667 858 1740 Cumque
892 1669 1298 1741 episc0patum
1331 1683 1518 1724 annos
1549 1670 1804 1738 quatuor
1836 1669 1893 1718 et
1911 1679 2085 1719 men-

429 1772 524 1812 ses
549 1761 670 1813 tres
702 1759 1015 1827 tenuisset,
1049 1757 1321 1814 decessit.

982 1967 1221 2023 EODEM
1261 1966 1406 2022 ΜΕΝ
1412 1965 1514 2020 SE.

950 2055 1053 2111 Die
1082 2051 1313 2111 decima
1337 2053 1549 2126 quinta

746 2155 1031 2213 Certamen
1067 2157 1249 2213 sancti
1286 2155 1547 2224 martyris
1578 2151 1748 2208 Dulz.

489 2281 707 2353 Martyr
732 2281 946 2337 Christi
983 2281 1162 2337 Dulas
1205 2279 1424 2336 Cilicia;
1450 2277 1764 2351 prmfectus
1789 2277 1936 2333 fuit:
1967 2276 2068 2332 sed

421 2371 702 2443 quoniam
733 2371 1033 2426 Christum
1065 2369 1298 2426 colebat
1351 2369 1639 2442 dignitate
1672 2367 1960 2441 dejectus,
1994 2369 2066 2424 ad

419 2460 736 2516 Maximum
766 2460 1079 2533 praesidem
1110 2461 1343 2516 vinctus
1374 2459 1664 2515 adductus
1696 2463 1786 2514 est
1817 2473 1830 2512 :
1865 2465 1922 2514 et
1952 2460 2070 2530 pri-

420 2566 584 2606 mum
616 2550 854 2622 quidem
897 2551 1151 2606 fustibus
1209 2549 1494 2616 caeditur;
1553 2566 1688 2605 mox
1719 2549 1878 2621 quod
1908 2547 2068 2605 idola

420 2639 661 2709 rideret,
696 2641 756 2695 in
784 2640 1060 2696 ardentes
1089 2657 1311 2712 prunas
1344 2639 1648 2711 injicitur:
1685 2637 2062 2710 postmodum

419 2729 548 2784 oleo
581 2736 755 2802 caput
786 2729 1116 2785 delibutum
1175 2729 1520 2786 ardentibus
1573 2726 1930 2785 carbonibus
1962 2747 2060 2785 su-

415 2835 636 2890 ponere
659 2819 1002 2892 compulsus
1031 2825 1138 2875 est.
1177 2821 1396 2876 Deinde
1417 2818 1627 2891 gladiis
1647 2817 1832 2874 lumbi
1867 2820 2058 2875 eidem

415 2908 659 2976 concisi,
691 2914 749 2965 et
769 2910 958 2965 acutis
987 2910 1155 2965 testis
1179 2909 1483 2965 lancmati.
1517 2907 1784 2964 Posthac
1815 2908 2063 2966 interro-

413 3002 582 3068 gatus
613 3015 646 3053 a
675 3000 948 3071 prteside,
1010 3000 1306 3072 quomodo
1355 2998 1652 3054 Christum
1711 3000 1897 3055 Deum
1929 3015 2058 3055 esse

410 3091 665 3157 putaret,
693 3089 793 3160 qui
827 3106 898 3144 ex
928 3105 1105 3144 carne
1138 3089 1326 3145 factus
1357 3095 1533 3158 esset,
1564 3091 1900 3144 universam
1927 3090 2056 3160 ejus

410 3177 800 3233 oeconomiam
822 3179 1028 3250 paucis
1057 3179 1344 3250 exposuit.
1369 3181 1512 3234 Tum
1543 3195 1677 3234 vero
1709 3195 2053 3251 suspensus,

2191 581 2449 652 ἀσκήσεσι
2502 583 2674 635 πᾶσαν
2736 581 2933 654 ἀρετὴν
2987 585 3360 656 κατορθώσας,
3419 579 3618 662 ἔφθασε
3679 587 3849 662 μέχρι

2188 669 2278 725 καὶ
2327 676 2428 740 τῆς
2478 669 3134 735 Κωνσταντινουπόλεως.
3187 673 3284 729 Καὶ
3336 671 3426 729 διὰ
3485 677 3576 731 τὸν
3643 673 3849 730 ἐπικεί-

2193 779 2352 833 μενον
2400 756 2642 836 διωγμὸν
2693 764 2800 816 τῶν
2861 760 3265 839 εἷκονομάχων,
3322 763 3372 818 ἐν
3428 767 3494 838 τῇ
3553 776 3851 837 τοποθεσιᾳ

2187 852 2282 904 τοῦ
2313 845 2474 925 ὅρους
2503 855 2606 920 τῆς
2663 848 2967 922 ἐπισκοπῆς
3028 853 3165 908 Χίου
3236 855 3602 929 μοναστηριον
3635 855 3850 922 κτίσας,

2189 937 2301 993 ἐκεῖ
2329 940 2772 1014 προσεκαθέζετο.
2828 941 2927 997 Καὶ
2981 939 3071 997 διὰ
3126 943 3188 998 τὸ
3240 943 3338 1013 τὴν
3374 944 3576 1020 αἳρεσιν
3614 947 3707 1016 μὶν
3734 948 3846 998 τῶν

2189 1027 2592 1105 εἷ’κονομάχων,
2679 1035 2870 1109 σοφαῖς
2958 1029 3283 1106 ἀποδείξεσι,
3369 1033 3460 1089 καὶ
3547 1039 3848 1109 Γραφικαῖς

2190 1117 2408 1194 ῥήσεσιν
2464 1119 2799 1195 ἀνατρέπειν,
2859 1122 2959 1190 την
3017 1119 3074 1176 δὲ
3127 1119 3418 1198 ὀρθόδοξον
3479 1124 3660 1178 πίστιν
3723 1128 3847 1187 ταῖς

2189 1207 2515 1282 ἁγιωτάταις
2563 1213 2660 1264 τοῦ
2709 1215 2843 1265 Θεοῦ
2892 1209 3206 1282 ἐκκλησίαις
3259 1207 3563 1288 βραϐεύειν,
3595 1210 3849 1277 πολλοὺς

2187 1297 2546 1373 πειρασμοὺς,
2631 1300 2719 1356 καὶ
2809 1298 3102 1379 διαφόρους
3187 1304 3451 1364 κακώσεις
3536 1301 3846 1375 ὑπέμεινεν,

2187 1387 2314 1444 Ὅτε
2362 1384 2420 1443 δὲ
2478 1385 2746 1467 Θεόφιλος
2806 1389 2834 1444 ὁ
2899 1389 3156 1464 βασιλεὺς
3210 1389 3356 1448 τὲλει
3395 1391 3514 1468 βίου
3546 1391 3846 1466 ἐχρήσατο,

2185 1478 2274 1533 καὶ
2327 1478 2362 1547 ἡ
2422 1475 2713 1553 ὀρθόδοξος
2768 1477 2950 1541 πίστις
3022 1474 3258 1556 ἔλαμψε,
3308 1482 3659 1557 προσεκλήθη
3735 1481 3846 1537 ὑπὸ

2186 1565 2471 1642 Θεοδώρας
2498 1575 2600 1638 τῆς
2635 1567 2944 1645 βασιλίδος,
2966 1571 3056 1626 καὶ
3091 1571 3336 1648 Μιχαὴλ
3364 1573 3489 1627 υἱοῦ
3516 1571 3686 1642 αὐτῆς
3708 1573 3849 1628 κατὰ

2185 1652 2493 1732 πρόρρησιν
2551 1659 2648 1712 τοῦ
2705 1657 2856 1713 ὁσίου
2911 1659 3386 1732 Ἱωαννικίου,καὶ
3445 1659 3844 1736 ἐχειροτονήθη

2185 1744 2535 1819 πατριάρχης
2592 1744 3248 1810 Κωνσταντινουπόλεως.
3309 1748 3410 1803 Καὶ
3469 1746 3847 1821 ἐπισκοπήσας

2101 1871 2152 1936 Β
2183 1831 2279 1903 ἳτη
2309 1832 2541 1907 τέσσαρα
2561 1833 2650 1890 καὶ
2685 1841 2862 1910 μῆνας
2890 1841 3058 1912 τρεῖς,
3091 1835 3407 1911 ἐτελειώθη.

2729 1956 2910 2014 ΜΗΝΙ
2949 1963 3038 2014 TD
3075 1958 3276 2017 ΑΥΤΩ.

2967 2048 3052 2105 IE‘

2429 2140 2674 2214 Αθλησις
2715 2146 2814 2198 τοῦ
2867 2141 3021 2220 ἁγίου
3057 2143 3331 2221 μάρτυρος
3377 2143 3580 2202 Δουλᾶ.

2244 2269 2304 2324 Ὀ
2350 2270 2448 2324 τοῦ
2504 2269 2744 2343 Χριστοῦ
2801 2267 3006 2344 μάρτυς
3065 2270 3274 2335 Δουλᾶς
3330 2271 3396 2342 ἦν
3465 2272 3562 2346 μὶν
3590 2267 3842 2346 ἰπαρχος

2173 2362 2274 2426 τῆς
2305 2357 2495 2431 χώρας
2545 2355 2817 2420 Κιλικίας.
2874 2359 2973 2414 Διά
3021 2357 3078 2415 δὲ
3126 2361 3189 2416 τὸ
3234 2364 3325 2417 τὸν
3376 2362 3604 2436 Χριστὸν
3639 2356 3846 2432 σέϐειν,

2171 2443 2566 2521 ἀλλοτριωθείς
2591 2450 2690 2502 τοῦ
2722 2448 3050 2522 ἀξιώματος,
3099 2447 3253 2525 ἤχθη
3301 2451 3438 2524 πρὸς
3467 2450 3562 2506 τὸν
3594 2449 3846 2524 ἡγεμόνα

2174 2535 2430 2608 Μάξιμον
2463 2533 2708 2609 δέσμιος.
2743 2536 2847 2594 Καὶ
2903 2542 3121 2612 πρῶτον
3180 2541 3276 2614 μὶν
3305 2539 3561 2596 τύπτεται
3585 2535 3831 2614 ῥάϐδοις·

2170 2623 2358 2680 ἔπειτα
2406 2622 2494 2680 διά
2547 2625 2612 2680 τὸ
2667 2625 2735 2681 τὰ
2792 2623 2996 2684 εἶ’δωλα
3053 2629 3342 2704 χλευάσαι,
3404 2628 3628 2700 ἐπετὲθη
3685 2627 3740 2682 ἐν
3765 2632 3840 2702 τῇ

2170 2717 2380 2794 ἐσχάρᾳ
2435 2721 2931 2796 πεπυρακτωμὲνῃ·
3021 2723 3120 2777 Καὶ
3205 2723 3338 2796 μετὰ
3415 2725 3586 2778 ταῦτα
3651 2720 3830 2795 ἐλαίῳ

2165 2809 2269 2877 τήν
2326 2807 2571 2886 κεφαλὴν
2629 2811 2962 2884 περιχεθεὶς,
3020 2809 3234 2885 ἐδέξατο
3293 2812 3376 2867 ἔπ’
3433 2810 3599 2880 αὐτὴν
3634 2811 3834 2884 ἄνθραο

2167 2919 2266 2959 κας
2295 2897 2486 2972 πυρός.
2548 2899 2683 2954 Εἶτα
2737 2898 2909 2976 ξίφεσι
2965 2899 3031 2954 τὰ
3074 2899 3184 2973 ψύα
3239 2900 3542 2970 κατεκόπη,
3571 2901 3660 2957 καὶ
3699 2901 3836 2972 μετᾶ

2168 2988 2331 3060 ὀξέων
2385 2986 2662 3062 ὀστράκων
2719 2983 3034 3059 κατετρίϐη.
3097 2990 3197 3047 Καὶ
3255 2991 3390 3063 μετὰ
3416 2993 3585 3046 ταῦτα
3620 2989 3836 3065 ἐρωτη-

2164 3075 2274 3137 θεὶς
2331 3075 2478 3143 παρὰ
2527 3078 2624 3131 τοῦ
2708 3079 3001 3152 ἡγεμόνος,
3059 3079 3143 3134 ὃτι
3201 3083 3318 3143 πῶς
3376 3080 3404 3135 ό
3481 3079 3719 3156 Χριστὸς
3777 3077 3833 3134 ἐν

2168 3165 2322 3240 σαρκὶ
2355 3165 2594 3241 γεγονὼς
2653 3167 2781 3228 Θεὸς
2837 3167 3136 3240 νομίζεται,
3199 3174 3371 3224 πᾶσαν
3399 3169 3497 3238 τὴν
3553 3168 3716 3225 αὐτοῦ
3748 3167 3830 3221 οἱα

411 3266 614 3321 tandiu
649 3267 1100 3322 excarnificatus
1140 3274 1247 3337 est,
1308 3268 1641 3340 usquedum
1699 3270 1901 3324 omnia
1931 3270 2059 3341 ejus

2175 3253 2431 3328 κονομίαν
2491 3252 2543 3309 ἐν
2601 3253 2852 3341 ἐπιτόμῳ
2911 3253 3238 3331 διηγήσατο.
3295 3258 3393 3314 Καὶ
3448 3258 3572 3315 τότε
3621 3279 3831 3333 κρεμα-

410 3371 544 3410 ossa
557 3355 944 3417 nudarentur.
969 3356 1749 3428 intestinaquedifﬂuerent.
1771 3359 2056 3430 Atqueita

410 3445 753 3516 compulsus
782 3452 870 3502 est
890 3445 963 3502 ad
985 3446 1187 3519 viginti
1211 3447 1494 3502 milliaria
1519 3453 1784 3520 raptatus
1807 3465 2060 3520 praecur-

408 3551 561 3603 rere,
597 3553 732 3592 cum
765 3536 1008 3592 interim
1039 3554 1073 3592 a
1099 3536 1407 3594 lictoribus
1429 3537 1801 3594 atrocissime
1821 3538 2058 3612 fustiga-

406 3631 523 3696 tus,
557 3627 834 3700 spiritum
864 3629 982 3684 Deo
1014 3626 1276 3687 tradidit.

963 3829 1206 3886 EODEM
1241 3830 1386 3885 ΜΕΝ
1392 3829 1493 3886 SE.

941 3919 1046 3974 Die
1077 3919 1308 3976 decima
1358 3925 1523 3976 sexta

402 4008 552 4065 185
601 4007 1052 4064 Commemoratio
1089 4012 1269 4064 sancti
1317 4009 1502 4064 Patris
1556 4011 1735 4066 nostri
1793 4008 2058 4081 Tychom’s

1033 4081 1433 4150 thaumaturgi.

411 4214 418 4218 ν
473 4189 1208 4262 Tychonthaumaturgus,
1252 4190 1484 4262 piorum
1535 4198 1850 4264 parentum
1883 4194 2056 4251 sobo~

402 4283 509 4346 les,
543 4282 617 4337 ad
649 4283 864 4338 iisdem
898 4284 1015 4338 Deo
1043 4291 1424 4340 consecratus
1453 4285 1582 4342 fuit.
1609 4289 1819 4343 Postea
1856 4305 2055 4346 sacras

399 4372 628 4429 litteras
660 4373 887 4440 doctus,
925 4372 998 4429 ab
1021 4374 1295 4445 episcopo
1313 4375 1738 4432 Trimethuntis
1767 4377 2054 4435 diaconus

401 4472 489 4522 est
517 4465 822 4521 ordinatus
846 4483 863 4520 :
887 4483 1002 4538 quo
1034 4466 1330 4528 defuncto.
1357 4467 1482 4538 ipse
1504 4483 1538 4523 a
1569 4469 1771 4542 Magno
1793 4470 2053 4542 Epiphao

397 4557 497 4612 nio
521 4557 592 4612 ad
616 4557 1310 4628 episcopalemzthronum
1337 4567 1665 4630 provectus,
1688 4577 1807 4615 non
1832 4578 2050 4632 paucos

400 4647 473 4702 ab
507 4664 705 4703 errore
739 4646 811 4703 ad
867 4648 1184 4703 Dominum
1242 4649 1542 4704 traduxit:
1603 4666 1856 4722 cumque
1889 4651 2060 4723 plura

404 4737 695 4792 miracula
718 4743 1028 4808 patrasset,
1055 4738 1126 4793 ad
1147 4738 1460 4794 Dominum
1487 4739 1791 4812 migravit;
1826 4758 1894 4797 ex
1925 4743 2057 4814 qui-

406 4825 516 4880 bus
547 4826 662 4882 duo
695 4827 980 4885 duntaxat
1010 4830 1280 4885 referam.
1342 4831 1676 4904 Aliquando
1730 4833 1860 4905 ejus
1892 4840 2058 4906 pater

404 4930 588 4986 panes
603 4933 784 4985 puero
808 4917 1547 4976 tradideratdivendendos
1573 4939 1587 4988 ;
1621 4923 1809 4993 pistor
1838 4924 2055 4996 quippe

406 5011 742 5077 erat:puer
761 5023 895 5062 vero
940 5010 1196 5078 pretium
1230 5011 1540 5078 egentibus
1571 5014 1845 5085 erogavit.
1879 5015 2058 5069 Cum-

405 5109 520 5165 que
561 5101 728 5166 pater
753 5113 816 5151 re
848 5105 1152 5168 comperta
1182 5098 1460 5156 adversus
1493 5118 1627 5157 eum
1659 5103 1868 5158 fuisset
1893 5119 2056 5160 com-

403 5191 624 5248 motus.
654 5203 803 5258 puer
833 5188 907 5243 ad
939 5189 1217 5245 horreum
1258 5192 1520 5260 veniens,
1581 5194 1776 5250 tritico
1807 5195 2051 5267 plenum

402 5276 553 5348 patri
587 5275 886 5332 ostendit:
937 5279 1323 5348 quamobrem
1382 5281 1565 5336 Deum
1623 5284 1798 5340 ambo
1827 5285 2049 5357 gloriﬁ-

401 5361 700 5412 caverunt.
733 5357 834 5411 Die
865 5357 1123 5428 quodam
1181 5366 1481 5430 repertum
1538 5363 1670 5417 vitis
1719 5367 2046 5436 surculum,

401 5445 568 5516 humi
600 5445 859 5502 deﬁxum
890 5448 1222 5520 germinare
1243 5448 1402 5518 fecit,
1436 5451 1535 5522 qui
1566 5467 1752 5522 usque
1783 5453 1855 5508 ad
1895 5457 2046 5512 hanc

403 5535 560 5594 diem
589 5553 868 5614 precoces
899 5553 1041 5595 uvas
1088 5538 1333 5612 profert,
1375 5557 1522 5612 quas
1553 5540 1759 5614 legunt
1781 5547 2045 5618 tempore

401 5627 530 5700 ejus
562 5626 1144 5686 commemorationis
1173 5635 1457 5688 maturas.

2172 3342 2315 3407 σθεὶς
2371 3342 2580 3415 ἐξὲσθη,
2632 3339 2735 3406 ἕως
2795 3343 3062 3422 ἐφάνησαν
3117 3346 3289 3402 πάντα
3337 3347 3404 3401 τά
3461 3345 3592 3402 ὀστᾶ
3641 3344 3832 3424 αὐτοῦ,

2169 3431 2259 3487 καὶ
2306 3433 2372 3487 τά
2420 3427 2605 3509 ἔντερα
2654 3432 3010 3508 ἐξεχύθησαν.
3062 3435 3163 3492 Καὶ
3218 3437 3365 3492 οὕτω
3417 3436 3635 3512 τρέχειν
3669 3435 3831 3511 ἀναγ-

2169 3523 2407 3594 κασθεὶς,
2469 3523 2769 3598 συρόμενος
2827 3523 2916 3579 ἐπὶ
2977 3524 3137 3598 μίΛια
3181 3523 3377 3594 εἷ’κοσι,
3434 3526 3527 3582 καὶ
3600 3521 3830 3604 ῥάϐδοις

2173 3611 2278 3667 ὑπὸ
2323 3615 2432 3667 τῶν
2497 3608 2715 3685 δημίων
2785 3610 3036 3692 σφοδρῶς
3081 3616 3442 3692 τυπτόμενος,
3491 3616 3556 3672 τὸ
3607 3617 3829 3690 πνεῦμα

2165 3704 2246 3775 τῷ
2276 3705 2393 3776 Θεῷ
2423 3699 2756 3777 παρὲδωκεν.

2697 3813 2878 3872 ΜΗΝΙ
2925 3817 3010 3870 ΤΩ
3063 3817 3282 3876 ΑΥΤΩ.

2965 3904 3034 3974 Ιξ

2164 3991 2372 4066 Μνήμη
2421 3993 2518 4048 τοῦ
2570 3992 2721 4050 ὁσίου
2787 3995 2998 4143 ne???
3063 3997 3225 4070 ἡμῶν
3280 3998 3370 4054 καὶ
3402 3997 3822 4074 θαυματουργοῦ

2897 4091 2924 4121 υ
2974 4089 3134 4132 ωνος.

2897 4089 3134 4132 υχωνος.

2234 4190 2426 4268 Τύχων
2495 4192 2524 4248 δ
2586 4194 2994 4271 θαυματουργὸς
3043 4191 3276 4252 εὐσεϐῶν
3324 4198 3532 4273 γονὲων
3584 4197 3702 4262 υἱὸς
3731 4217 3827 4273 γε-

2164 4283 2363 4357 γονὼς,
2413 4282 2694 4359 ἀφιερώθη
2742 4289 2822 4356 τῷ
2869 4289 2986 4358 Θεῷ
3035 4288 3162 4362 παρ’
3217 4288 3416 4344 αὐτῶν.
3467 4288 3668 4345 Καὶτά
3705 4287 3824 4362 ἱερὰ

2163 4372 2464 4447 γράμματα
2515 4376 2878 4446 μεμαθηκὼς,
2929 4376 3074 4450 παρὰ
3113 4380 3210 4433 τοῦ
3253 4383 3650 4452 Τριμεθοῦντος
3699 4377 3820 4433 ὶπι-

2165 4462 2370 4518 σκόπου
2429 4470 2828 4539 χειροτονεῖται
2883 4463 3154 4530 διάκονος.
3222 4469 3465 4525 Ἐκείνου
3533 4465 3591 4524 δὶ
3631 4467 3822 4523 τελευ-

2165 4554 2448 4622 τησαντος,
2515 4553 2680 4617 αὐτὸς
2743 4553 2818 4616 εἷς
2882 4555 2975 4610 τὸν
3041 4559 3142 4622 τῆς
3206 4555 3510 4627 ἐπισκοπῆς
3566 4557 3817 4633 ἀνάγεται

2168 4641 2355 4718 θρόνον
2401 4644 2549 4716 παρὰ
2590 4645 2689 4698 τοῦ
2740 4641 2990 4718 μεγάλου
3038 4646 3378 4723 Ἐπιφανίου.
3433 4646 3530 4702 Καὶ
3563 4645 3661 4702 οὐκ
3693 4645 3817 4702 ὀλί-

2164 4750 2298 4804 γους
2345 4730 2452 4786 ἀπὸ
2497 4739 2601 4800 τῆς
2649 4730 2864 4802 πλάνης
2921 4731 3246 4810 ἐπιστρέψας
3298 4735 3384 4792 ἐπὶ
3433 4736 3524 4790 τὸν
3594 4736 3812 4809 Κύριον,

2164 4820 2253 4874 καὶ
2311 4818 2499 4876 πολλά
2547 4820 2794 4894 θαύματα
2850 4825 3106 4894 ποιήσας,
3167 4826 3303 4900 πρὸς
3369 4826 3568 4902 Κύριον
3626 4823 3812 4897 ἐξεδή-

2169 4929 2362 4980 μησεν,
2395 4907 2447 4980 ἐξ
2479 4909 2552 4964 ὧν
2585 4907 2680 4966 δύο
2715 4913 2854 4984 μόνα
2901 4910 3262 4988 διηγήσομαι.
3321 4915 3382 4974 Ὁ
3438 4917 3616 4987 πατὴρ
3650 4914 3816 4970 αὐτοῦ

2165 4996 2456 5072 ἀρτοποιὸς
2511 4996 2608 5069 ὣν,
2660 4998 2945 5076 ἐπέτρεψεν
2997 5003 3144 5076 αὐτῷ
3183 5001 3260 5059 ἔτι
3304 5004 3486 5079 νηπίῳ
3535 5000 3668 5074 ὄντι,
3716 5025 3811 5059 πιο

2163 5087 2422 5161 πράσκειν
2474 5087 2604 5153 τοὺς
2645 5088 2861 5164 ἄρτους·
2913 5091 2942 5146 ὁ
2992 5088 3050 5147 δὲ
3097 5092 3194 5161 τὴν
3248 5095 3418 5167 τιμὴν
3479 5098 3588 5150 τῶν
3639 5095 3814 5168 ἄρτων

2163 5173 2342 5232 ἐδίδου
2407 5183 2525 5241 τοῖς
2590 5185 2864 5254 πτωχοῖς.
2931 5181 3029 5236 Καὶ
3095 5181 3254 5255 γνοὺς
3321 5184 3349 5238 ὁ
3414 5184 3594 5260 πατὴρ
3626 5183 3820 5254 αὐτοῦ,

2163 5264 2400 5341 ὠργίσθη
2461 5269 2578 5325 κατ’
2633 5267 2820 5339 αὐτοῦ,
2887 5267 3014 5325 ἀλλ’
3083 5271 3112 5326 ὁ
3177 5277 3306 5334 παῖς
3356 5271 3609 5328 ἀπελθών
3651 5271 3727 5335 εἰς
3755 5273 3820 5329 τὸ

2161 5356 2355 5433 ὠρεῖον
2404 5358 2589 5430 αὐτοῦ,
2639 5356 2804 5433 ἔδειξε
2848 5365 2926 5434 τῷ
2972 5362 3136 5438 πατρὶ
3179 5362 3615 5440 πεπληρωμένον
3643 5363 3818 5424 σίτου.

2159 5448 2262 5506 Καὶ
2310 5446 2560 5520 ἐδόξασαν
2599 5448 2692 5505 τὸν
2743 5449 2897 5510 Θεὸν,
2957 5451 3142 5527 Εὐρὼν
3188 5450 3246 5510 δὲ
3290 5453 3504 5528 κλῆμα,
3549 5453 3814 5534 φυτεύσας

2156 5537 2380 5611 ἐποίησε
2412 5536 2739 5615 βλαστῆσαι·
2810 5539 2942 5617 ὅπερ
3008 5543 3174 5620 μέχρι
3239 5550 3341 5616 τῆς
3388 5546 3630 5620 σήμερον
3659 5545 3812 5623 φέρει

2155 5627 2445 5706 πρωΐμους
2490 5627 2770 5709 σταφυλὰς
2831 5633 3205 5708 τρυγουμὲνας
3248 5631 3300 5689 ιν
3357 5637 3437 5708 τῷ
3483 5637 3661 5709 καιρῷ
3703 5639 3811 5705 τῆς

2149 5719 2382 5796 μνήμης
2416 5717 2600 5781 αὖτοῦ.
