4134 6302
286 333 411 396 501

524 465 634 526 Καὶ
675 467 873 540 μνήμη
903 468 999 521 τοῦ
1029 465 1181 540 άγίου
1211 467 1498 545 προφήτου
1525 464 1732 542 Ἀμώς.

375 590 566 665 ’Λμὼς
599 593 627 647 ὁ
659 587 879 663 ἔνδοξος
911 593 1000 647 καί
1043 592 1213 667 μέγας
1262 595 1552 670 προφήτης
1605 589 1864 667 ἐγεννήθη
1913 590 1972 646 ἐκ

297 691 405 754 τῆς
438 687 629 758 χώρας
664 679 982 748 Ζαϐουλὼν,
1007 683 1065 739 ἐκ
1093 693 1192 754 τῆς
1237 691 1341 759 γῆς
1394 682 1669 761 ἰορδάνοτ
1722 687 1820 738 τοῦ
1869 703 1974 737 πο-

297 777 508 845 ταμοῦ.
539 773 646 829 ἸΙν
681 771 741 828 δε
804 774 983 846 πατὴρ
1033 773 1257 830 Ἡσαΐου
1304 778 1400 828 τοῦ
1461 772 1704 848 μεγάλου
1761 773 1974 846 προφή-

295 866 844 941 του.11ροεφήτευσε
907 861 964 918 δὲ
1022 859 1113 930 ἔτη
1175 865 1530 935 πεντήκοντα,
1580 861 1971 937 διορθούμενος

294 954 397 1008 τὸν
434 958 860 1028 παρανομοῦντα
913 953 1070 1019 λαὸν,
1114 954 1204 1008 καὶ
1251 955 1342 1008 τὸν
1409 949 1635 1029 βασιλέα
1675 957 1781 1006 τῶν
1830 953 1971 1007 ἰου-

294 1040 476 1098 δαίων
511 1043 762 1118 ἐλέγχων
824 1042 910 1097 ἐπὶ
963 1048 1083 1103 ταῖς
1142 1043 1392 1117 ἀνομίαις
1452 1043 1639 1110 αὐτοῦ,
1693 1040 1787 1096 καὶ
1846 1038 1967 1095 ἀδι-

292 1135 475 1200 κίαις,
508 1133 561 1189 ἐν
597 1137 682 1196 αἷς
715 1134 1032 1209 παρώργιζε
1061 1134 1155 1188 τὸν
1185 1135 1336 1189 Θεόν.
1371 1133 1564 1188 Ιιολλὰ
1595 1131 1653 1187 δὲ
1701 1131 1825 1208 περὶ
1865 1138 1966 1202 τῆς

298 1223 609 1298 παρουσίας
652 1228 913 1298 Χριστοῦ,
964 1225 1052 1279 καὶ
1102 1227 1225 1301 περὶ
1282 1232 1381 1294 τῆς
1434 1230 1811 1301 καταστροφῆς
1856 1227 1962 1278 τῶν

294 1313 610 1376 Ἰουδαίων,
668 1315 758 1369 καὶ
812 1321 913 1384 τῆς
969 1316 1318 1378 καταλύσεως
1373 1318 1481 1370 τῶν
1545 1310 1816 1384 εἶδώλων,
1871 1311 1963 1367 καὶ

290 1406 400 1473 τῆς
432 1403 824 1478 αἰχμαλωσίας
865 1408 956 1458 τοῦ
998 1403 1135 1459 λαοῦ
1167 1402 1475 1479 προλέγων,
1530 1402 1771 1477 ἐμισεῖτο
1820 1400 1966 1475 παρὰ

291 1494 569 1566 Ἀμασίου
607 1495 921 1570 τωὶερὲως
975 1499 1072 1549 τοῦ
1130 1492 1366 1549 εἱδώλου
1428 1491 1669 1562 Βαιθήλ,
1727 1493 1817 1547 καὶ
1879 1488 1960 1546 δι-

293 1579 596 1652 εϐαλλετο,
627 1585 738 1638 ἀνθ’
782 1582 855 1638 ὧν
912 1583 1136 1660 ἤλεγξεν
1192 1584 1354 1639 αὐτὸν
1412 1583 1534 1659 περὶ
1591 1589 1692 1653 τῆς
1747 1579 1964 1652 πλάνης

290 1679 408 1731 τῶν
465 1679 693 1750 χρυσῶν
754 1673 1070 1749 δαμάλεων.
1132 1677 1226 1730 Καὶ
1291 1672 1380 1730 διὰ
1433 1677 1594 1729 τοῦτο
1669 1693 1815 1748 παρα
1865 1675 1963 1726 τοῦ

297 1767 426 1819 υἱοῦ
457 1765 626 1819 αὐτοῦ
658 1760 846 1841 ῥάϐδῳ
901 1763 1138 1839 πληγεὶς
1201 1765 1338 1819 κατὰ
1390 1767 1488 1818 τοῦ
1543 1761 1838 1840 κροτάφου,
1885 1758 1961 1816 ἔτι

1836 334 2134 400 JUNIUS.

1987 479 2042 547 Α

3611 342 3735 403 502

2265 469 2337 525 Et
2365 468 2806 526 commemoratio
2842 469 3019 527 sancti
3039 469 3324 541 propheta
3351 470 3533 556 Amos.

2149 595 2329 650 Amos
2385 595 2679 668 gloriosus
2728 601 2786 651 et
2827 611 3076 668 magnus
3123 594 3418 670 propheta
3471 596 3732 668 patriam

2078 692 2287 740 nactus
2310 691 2399 742 est
2416 691 2636 742 terram
2661 685 2918 743 Zabulon
2941 687 3098 744 circa
3116 687 3434 744 Iordanem
3461 687 3727 756 ﬂuvium,

2080 774 2309 846 fuitque
2341 782 2510 849 pater
2541 777 2706 832 lsaiaa
2739 777 2936 851 magni
2967 778 3306 851 prophetas:
3355 777 3731 850 prophetavit

2076 871 2276 921 autem
2322 883 2430 937 per
2472 884 2664 923 annos
2707 867 3160 941 quinquaginta,
3213 868 3727 940 praevaricatorem

2075 955 2361 1027 populum
2395 956 2682 1030 dirigens,
2701 973 3022 1030 regemque
3041 956 3379 1014 Judaaorum
3403 957 3728 1030 reprehen-

2075 1044 2244 1116 deus,
2278 1046 2436 1116 quod
2457 1046 3063 1118 praavaricationibus,
3091 1052 3152 1103 et
3173 1045 3587 1119 iniquitatibus
3604 1048 3729 1102 suis

2075 1135 2260 1191 Deum
2294 1139 2368 1192 ad
2398 1136 2773 1193 iracundiam
2803 1142 3167 1211 provocaret.
3202 1137 3380 1192 Plura
3411 1135 3484 1192 de
3506 1136 3724 1193 Christi

2075 1225 2354 1290 adventu,
2391 1233 2450 1282 et
2478 1227 2817 1284 Judazorum
2851 1228 3176 1294 eversione,
3209 1234 3387 1299 atque
3427 1225 3725 1292 idolorum

2074 1315 2825 1390 destructionepopulique
2849 1318 3184 1390 captivitate
3209 1316 3728 1390 praedixitQuam-

2072 1403 2277 1462 obrem
2309 1407 2602 1462 Amasiam
2653 1406 2796 1462 idoli
2848 1407 3068 1463 Baethel
3123 1406 3490 1463 sacerdotem
3547 1407 3607 1462 in
3656 1423 3720 1462 se

2072 1496 2409 1565 concitavit,
2441 1513 2475 1551 ει
2497 1513 2612 1568 quo
2635 1497 2954 1553 calumniis
2978 1502 3066 1553 est
3086 1495 3406 1569 appetitus,
3431 1493 3590 1568 quod
3621 1512 3721 1551 au-

2067 1600 2305 1641 rearum
2331 1585 2644 1641 vitularum
2665 1587 2881 1642 erroris
2913 1604 3048 1642 eum
3070 1587 3488 1657 redarguisset.
3517 1586 3721 1656 Itaque

2070 1675 2141 1730 ab
2175 1675 2334 1732 illius
2367 1676 2489 1731 ﬁlio
2522 1677 2675 1733 fuste
2718 1677 3084 1750 temporibus
3128 1694 3467 1750 percussus,
3527 1677 3722 1732 adhuc

2070 1765 2322 1838 spirans,
2380 1767 2441 1822 in
2489 1768 2743 1839 patriam
2802 1785 2969 1824 suam
3027 1767 3424 1840 deportatur:
3468 1757 3719 1839 postque

299 1851 555 1928 ὖμπνὲων
584 1852 754 1923 ἦλθεν
807 1852 884 1917 εἰς
943 1856 1042 1925 τήν
1098 1860 1199 1928 γῆν
1254 1853 1444 1910 αὐτοῦ.
1503 1852 1609 1908 Καὶ
1671 1852 1806 1927 μετὰ
1863 1847 1954 1906 δύο

2067 1854 2314 1910 biduum
2356 1856 2631 1928 spiritum
2674 1858 2794 1914 Deo
2835 1856 3121 1928 reddidit,
3167 1863 3227 1914 et
3268 1873 3403 1914 cum
3449 1853 3720 1929 patribus

291 1943 512 2017 ἡμέρας
543 1942 823 2019 παραδοὺς
863 1944 964 2014 τὴν
1015 1946 1202 2019 ψυχην
1247 1943 1412 1999 αὐτοῦ
1466 1946 1546 2016 τῷ
1599 1945 1740 2016 θεῷ,
1786 1939 1954 2018 ίτάφη

296 2034 434 2105 μετὰ
469 2035 581 2088 τῶν
616 2033 864 2108 πατέρων
900 2032 1087 2089 αὐτοῦ.

851 2143 1034 2199 MHNI
1073 2143 1162 2199 ΤΩ
1199 2141 1398 2200 ΑΥΤΩ.

1085 2232 1161 2288 ΙΖ’

294 2319 572 2393 ’Δθλησις
630 2324 740 2377 τῶν
796 2321 964 2398 ἁγίων
1011 2320 1335 2398 Δμαρτύρων
1396 2319 1682 2390 Μανουὴλ,
1751 2316 1955 2391 Σαόὶλ,

936 2393 1027 2449 καὶ
1050 2393 1310 2468 -Ὶσμαῆλ,

369 2510 662 2580 Μανουήλ,
722 2505 924 2579 Σαϐἒλ,
982 2511 1072 2566 καὶ
1133 2509 1388 2584 Ἰσμαήλ,
1461 2511 1513 2565 οἱ
1571 2513 1668 2566 τοῦ
1719 2511 1956 2587 Χριστοῦ

305 2602 599 2675 μάρτυρες,
638 2602 895 2678 ὑπῖρχον
931 2602 1024 2675 μὲν
1059 2601 1119 2656 ἐκ
1143 2608 1243 2671 τῆς
1295 2601 1485 2677 χώρας
1535 2597 1797 2676 Περσίδος
1846 2599 1956 2656 υἱοὶ

299 2689 356 2744 δι
393 2691 600 2764 πατρὸς
648 2690 969 2766 ἀρχιμάγου
1025 2690 1114 2745 καὶ
1177 2691 1386 2764 μητρὸς
1445 2693 1791 2764 Χριστιανῆς.
1852 2689 1955 2747 Καὶ

299 2775 649 2855 διδαχθέντες
679 2782 749 2834 τά
778 2801 834 2834 τε
865 2781 981 2856 ἱερᾶ
1019 2779 1340 2855 γράμματα,
1391 2779 1482 2834 καὶ
1531 2779 1630 2848 τήν
1684 2773 1952 2833 εὐσέϐειαν

297 2871 444 2945 παρὰ
478 2869 734 2926 Εὖνείκου
791 2870 937 2932 τινὸς
995 2872 1340 2946 Χριστιανοῦ,
1397 2863 1581 2923 ἔσεϐον
1639 2867 1728 2923 καὶ
1786 2889 1956 2944 προσ-

297 2963 516 3016 εκύνουν
547 2964 640 3016 τὸν
668 2960 922 3037 Χριστόν.
959 2962 1080 3016 Ἐπῖ
1133 2959 1190 3016 δὲ
1238 2965 1338 3026 τῆς
1389 2957 1672 3036 βασιλείας
1725 2957 1958 3015 Ἰουλια-

293 3048 388 3103 νοῖι
416 3055 514 3105 τοῦ
545 3047 890 3121 παραϐάτου,
945 3049 1329 3121 ἀπεστάλησαν
1387 3050 1533 3126 παρᾶ
1583 3054 1680 3104 τοῦ
1735 3052 1953 3124 Περσῶν

299 3138 575 3215 βασιλέως
607 3134 844 3214 πρέσϐυς
904 3139 981 3203 εἷς
1031 3138 1610 3196 Κωνσταντινούπολιν
1668 3136 1756 3193 διὰ
1803 3137 1955 3208 εἰρή-

2067 1943 2188 2001 suis
2221 1944 2488 2018 sepultus
2517 1945 2649 2002 fuit.

2621 2126 2862 2183 EODEM
2901 2127 3155 2184 MENSE.

2543 2213 2646 2271 Die
2679 2216 2910 2272 decima
2940 2218 3213 2288 septima.

2061 2314 2216 2372 I86
2298 2315 2581 2371 Certamen
2653 2323 2966 2372 sanctorum
3049 2324 3355 2388 martyrum
3417 2317 3714 2388 Manueh's,

2595 2388 2806 2444 Sabelis
2835 2394 2885 2444 et
2913 2391 3174 2445 Ismaelis.

2134 2507 2418 2580 Martyres
2447 2507 2662 2563 Christi
2697 2508 2952 2574 Manuel,
2986 2508 3177 2571 Sabel.
3211 2514 3270 2564 et
3293 2509 3501 2566 Ismael
3527 2526 3594 2567 ex
3620 2526 3713 2576 re-

2061 2595 2236 2666 gione
2270 2596 2528 2652 Persidis
2559 2598 2819 2659 oriundi.
2853 2604 3018 2670 patre
3051 2598 3293 2670 quidem
3333 2600 3711 2672 Archimago,

2061 2693 2249 2740 matre
2279 2703 2409 2742 vero
2440 2687 2798 2752 Christiana,
2832 2705 3030 2744 sacras
3052 2689 3302 2755 litteras,
3335 2706 3402 2744 ac
3432 2690 3714 2761 pietatem

2062 2773 2134 2830 ab
2166 2775 2390 2829 Eunico
2451 2775 2692 2830 homine
2744 2777 3079 2832 Christiano
3139 2779 3351 2843 edocti,
3413 2778 3714 2834 Christum

2061 2865 2338 2921 colebant
2376 2871 2435 2921 et
2457 2865 2802 2922 adorabant.
2837 2873 2854 2918 (
2878 2883 2977 2922 um
3003 2883 3157 2924 vero.
3181 2868 3414 2923 Iuliano
3433 2872 3717 2940 Apostata

2061 2955 2422 3027 imperante,
2461 2954 2637 3029 legati
2671 2973 2777 3028 pro
2811 2972 2955 3028 pace
2986 2974 3020 3012 a
3052 2960 3362 3014 Persarum
3399 2974 3532 3031 rege
3563 2958 3714 3013 Con-

2061 3045 2511 3116 stautinopolim
2545 3046 2736 3112 missi,
2771 3053 3110 3119 spectarent
3141 3048 3311 3102 illum
3362 3047 3714 3102 Christianas

2061 3136 2202 3192 ﬁdei
2235 3136 2600 3193 desertorem
2635 3143 2799 3194 trans
2849 3138 3067 3194 fretum
3117 3138 3488 3194 Chalcedone
3538 3137 3715 3194 idolis

295 3251 415 3298 νην.
452 3229 555 3285 Καὶ
590 3227 796 3292 ἰδόντες
829 3232 921 3286 τὸν
956 3227 1274 3303 παραϐάτην
1305 3231 1472 3302 πέραν
1525 3229 1577 3285 ἐν
1629 3225 1953 3298 Χαλκηδόνι

2067 3224 2502 3291 immolantem,
2549 3225 2791 3282 tristitia
2848 3226 3041 3283 aﬂ‘ecti
3101 3232 3256 3283 sunt.
3318 3226 3713 3293 Quamobrem

298 3324 413 3381 τοῖς
443 3316 702 3382 εἰδώλοις
732 3321 952 3388 θύοντα,
1017 3320 1390 3390 ἐλυπήθησαν.
1453 3320 1559 3376 Καὶ
1603 3321 1953 3395 γνωσθέντες,

298 3411 753 3482 κατεμηνύθησαν
809 3415 888 3482 τῷ
973 3406 1281 3485 παραϐάτῃ.
1371 3410 1475 3467 Καὶ
1561 3409 1815 3486 ἀχθέντες
1871 3407 1956 3463 ἐν-

308 3499 480 3554 ώπιον
514 3500 708 3571 αὐτοῦ,
760 3499 996 3576 ἤλεγξαν
1050 3500 1230 3556 αὐτόν.
1281 3501 1439 3564 Ὅθεν
1485 3502 1773 3579 τυφθέντες
1823 3520 1956 3578 σφο-

309 3584 473 3663 δρῶς,
505 3591 595 3644 καὶ
647 3590 777 3653 τοὺς
827 3589 1198 3666 ἀστραγάλους
1251 3589 1632 3668 τρυπηθέντες,
1689 3589 1778 3645 καὶ
1832 3609 1955 3664 κρε-

315 3679 626 3752 μασθέντες,
679 3677 926 3754 λαμπάσι
967 3681 1140 3757 πυρὸς
1191 3681 1286 3743 τὰς
1356 3680 1647 3756 μασχάλας
1693 3679 1953 3754 κατεφλι-

306 3790 499 3844 γησαν.
535 3770 666 3825 Εἶτα
706 3772 734 3824 ὁ
767 3772 918 3846 ἅγιος
975 3770 1236 3840 Μανουὴλ
1292 3771 1391 3838 τὴν
1436 3770 1704 3844 κεφαλὴν,
1748 3770 1840 3824 καὶ
1887 3768 1956 3823 τά

306 3859 412 3933 ψύα
468 3859 618 3934 ξύλῳ
674 3860 1039 3932 καθηλωθεῖς,
1099 3860 1189 3916 καὶ
1259 3859 1441 3936 βέλεσι
1519 3857 1952 3928 κατακεντηθείς,

304 3952 530 4028 ἀπήχθη
567 3951 658 4006 σῦν
691 3957 807 4014 τοῖς
840 3951 1105 4031 ἀδελφοῖς
1151 3951 1315 4007 αὐτοῦ
1368 3948 1446 4014 είς
1495 3950 1585 4007 τὸν
1636 3954 1744 4006 τῶν
1788 3969 1954 4005 κατα-

307 4038 463 4098 δίκων
498 4039 687 4112 τόπον,
719 4040 808 4098 καὶ
840 4043 1372 4118 ἀπεκεφαλίσθησαν.

848 4155 1027 4210 ΜΗΝΙ
1069 4156 1160 4210 ΤΩ
1200 4155 1402 4211 ΑΥΤΩ.

1085 4243 1172 4300 ΙΗ¹

306 4338 572 4414 Ἀθλησις
603 4344 711 4398 τῶν
773 4340 1295 4418 ἁγίωνλμαρτύρων
1355 4337 1635 4410 Λεοντίου,
1695 4337 1950 4412 Ὑπάτου,

897 4413 988 4468 καὶ
1021 4411 1350 4469 Θεόδούλου.

374 4523 816 4586 Λεόντιοςὸτοῦ
874 4524 1106 4596 Χριστοῦ
1169 4523 1395 4596 μάρτυς,
1456 4521 1676 4596 ὑπῆρχε
1737 4521 1830 4594 μὶν
1892 4519 1952 4576 ἐκ

2061 3315 2265 3388 agniti,
2290 3322 2349 3370 et
2369 3315 2525 3387 apud
2550 3320 2895 3387 Apostatam
2919 3317 3121 3374 delati.
3148 3317 3340 3372 eidem
3378 3317 3669 3372 sistuntur
3698 3333 3712 3373 :

2062 3421 2239 3477 quem
2263 3421 2397 3460 cum
2417 3404 2879 3478 redarguissent.
2903 3408 3247 3480 gravissime
3271 3407 3580 3463 caeduntur
3603 3425 3616 3471 ;
3652 3413 3712 3463 et

2059 3495 2197 3550 talis
2229 3495 2534 3566 perforati,
2567 3502 2744 3566 atque
2775 3496 3029 3552 sublime
3061 3497 3300 3568 arrepti.
3351 3496 3606 3552 admotis
3631 3495 3706 3552 ad

2058 3584 2269 3641 axillas
2310 3585 2541 3641 facibus
2597 3586 2957 3641 ustulantur.
3018 3585 3403 3643 Postmodum
3465 3593 3706 3642 sanctus

2058 3673 2289 3730 Manuel
2315 3673 2378 3729 in
2395 3674 2585 3745 capite
2612 3679 2670 3729 et
2699 3674 2919 3730 lumbis
2951 3674 3109 3748 ligno
3145 3674 3327 3742 clavis
3359 3675 3701 3748 conﬁgitur,

2059 3769 2118 3819 et
2147 3763 2374 3836 sagittis
2403 3763 2715 3821 fodicatur.
2749 3768 3054 3822 Postremo
3086 3782 3206 3822 una
3234 3781 3368 3821 cum
3423 3764 3706 3820 fratribus

2059 3853 2132 3910 ad
2155 3855 2352 3909 locum
2383 3854 2661 3926 supplicii
2689 3855 3024 3924 adducitur,
3057 3861 3117 3914 et
3147 3855 3326 3913 simul
3357 3871 3566 3912 omnes
3606 3870 3705 3911 ca-

2059 3940 2283 4013 pitibus
2313 3940 2678 4014 plectuntur.

2609 4149 2850 4208 EODEM
2890 4153 3141 4209 MENSE.

2573 4241 2676 4296 Die
2704 4241 2935 4299 decima
2964 4251 3190 4300 octava.

2059 4338 2343 4396 Certamen
2392 4345 2705 4397 sanctorum
2739 4349 3066 4470 ﬁaraycum
3116 4343 3348 4414 Leontii,
3387 4341 3600 4415 Πυρατί
3643 4361 3706 4401 ac

2819 4431 2880 4470 eo
2921 4433 2954 4470 a
2979 4433 3020 4469 ι.

2819 4431 3020 4470 eoaan.

2129 4527 2410 4585 Leontius
2439 4530 2656 4586 Christi
2686 4537 2913 4604 martyr
2943 4547 3014 4587 ex
3043 4530 3285 4588 Hellade
3315 4531 3555 4604 quidem
3585 4533 3704 4590 ori-

307 4617 400 4681 τῆς
433 4614 621 4688 χώρας
652 4609 943 4672 Ἑλλάδος.
1004 4611 1100 4666 Διὰ
1131 4609 1187 4665 δὲ
1217 4612 1316 4680 τὴν
1369 4607 1618 4684 ἀνδρείαν
1660 4610 1824 4664 αὐτοῦ
1855 4630 1949 4685 γε-

2067 4619 2256 4691 ginem
2299 4620 2493 4674 traxit.
2551 4620 2761 4675 Factus
2815 4626 3014 4676 autem
3071 4621 3144 4678 ob
3197 4623 3476 4678 virtutem
3534 4640 3704 4680 suam

309 4703 477 4776 γονὼς
509 4700 835 4777 στρατηγὸς,
899 4695 1163 4776 διέτριϐεν
1199 4701 1250 4755 ἐν
1280 4697 1550 4775 Τριπόλει
1597 4706 1696 4768 τῆς
1753 4698 1946 4754 Φοινί-

309 4810 421 4860 κης,
462 4795 541 4864 τῷ
573 4794 786 4867 Χριστῷ
819 4795 1062 4869 φανερῶς
1121 4788 1422 4865 λατρεύων,
1471 4789 1560 4844 καὶ
1603 4788 1730 4851 τοὺς
1781 4789 1948 4857 πένη-

309 4899 390 4934 ταν
428 4877 799 4954 δεξιούμενος.
853 4879 955 4936 Καὶ
1011 4884 1177 4934 τοῦτο
1235 4881 1419 4952 μαθὼν
1471 4875 1752 4952 Ἀδριανὸς
1786 4879 1814 4932 ὁ
1845 4884 1946 4948 τῆς

309 4971 565 5040 Φοινίκης
623 4969 870 5046 ἡγεμὼν,
927 4967 1120 5024 νεωστὶ
1178 4967 1583 5044 προχειρισθεὶς
1642 4968 1744 5023 ὑπὸ
1807 4967 1946 5026 Οὐε-

311 5064 600 5115 σπισιανοῦ
628 5063 724 5114 τοῦ
778 5059 1062 5132 Ῥωμαίων
1122 5060 1420 5131 Καίσαρος,
1477 5057 1760 5113 ἀπέστειλε
1811 5058 1946 5134 πρὸς

308 5149 456 5206 αὐτὸν
490 5158 720 5206 ’Υπατον
751 5151 843 5206 τὸν
892 5147 1179 5227 τριϐοῦνον
1241 5151 1376 5224 μετὰ
1429 5146 1530 5204 δύο
1579 5153 1943 5225 στρατιωτῶν,

308 5239 374 5296 ὧν
405 5241 433 5295 ὁ
464 5243 540 5303 εἷς
577 5240 822 5297 ἐκαλεῖτο
854 5238 1180 5308 Θεόδουλος,
1234 5237 1710 5314 μετακαλούμενος
1757 5238 1940 5298 αὐτόν.

305 5329 361 5387 Ὀ
384 5328 442 5386 ὂὶ
477 5327 766 5407 τριόοῦνος
823 5335 1040 5406 πυρετῷ
1097 5327 1441 5400 κινδυνεύων,
1500 5327 1704 5399 ἤκουσε
1759 5336 1940 5409 φωνῆς

308 5419 570 5496 λεγούσης
595 5421 767 5493 αὐτῷ.
802 5420 865 5477 Εἴ
923 5419 1111 5497 βούλει
1168 5426 1347 5490 ζῆσαι,
1397 5419 1716 5476 ἐπικάλεσαι
1756 5419 1939 5495 τρίτον

306 5509 372 5573 είς
405 5512 661 5588 βοήθειαν
687 5512 781 5566 τὸν
811 5514 907 5566 τοῦ
938 5511 1193 5567 Λεοντίου
1232 5511 1384 5570 Θεόν.
1418 5511 1519 5568 Καὶ
1566 5515 1727 5566 τοῦτο
1773 5512 1938 5581 ποιή-

307 5621 392 5664 σας
450 5602 653 5678 ὑγίανε.
711 5607 820 5672 Τῆς
877 5599 935 5657 δὶ
990 5608 1173 5678 φωνῆς
1243 5599 1448 5672 ταύτης
1522 5600 1782 5671 ἀκούσας,
1848 5601 1938 5657 καὶ

307 5689 591 5749 θεόδουλοο
660 5691 959 5764 interanea,
1015 5690 1105 5748 καί
1167 5691 1472 5770 ἀμφότεροι
1535 5685 1936 5765 ἂὸαπτίσθηταν

2060 4708 2365 4779 copiarum
2397 4709 2535 4774 dux,
2566 4709 2784 4781 Tripoli
2818 4708 3134 4766 Phoenicia)
3153 4711 3513 4782 versabatur,
3537 4712 3702 4770 Chri-

2059 4803 2214 4852 stum
2247 4796 2441 4868 palam
2475 4797 2699 4860 colens,
2733 4804 2792 4853 et
2837 4815 3128 4872 pauperes
3176 4802 3491 4874 recipiens.
3525 4805 3608 4859 Ea
3635 4820 3701 4860 re

2058 4893 2360 4956 comperta
2387 4885 2459 4941 ab
2494 4886 2748 4942 Adriano
2803 4889 3118 4945 Phoenicim
3171 4893 3471 4962 praefecto,
3523 4909 3702 4964 quem

2057 4977 2452 5048 Vespesianus
2483 4979 2880 5034 Romanorum
2913 4979 3108 5036 Caesar
3146 4997 3336 5054 nuper
3380 4989 3699 5054 creaverat,

2056 5067 2237 5124 misso
2270 5068 2492 5141 Hypata
2524 5067 2762 5124 tribuno
2795 5086 2928 5126 cum
2952 5070 3184 5138 duobus
3206 5072 3519 5144 militibus,
3549 5091 3704 5146 quo-

2054 5173 2186 5214 rum
2202 5157 2352 5214 alter
2371 5158 2706 5216 Theodulus
2728 5158 3701 5228 dicebatur,accersitur.Tribunus

2054 5263 2193 5304 vero
2225 5247 2561 5320 periculosa
2590 5248 2740 5306 febri
2771 5249 3071 5319 laborans,
3106 5268 3310 5309 vocem
3330 5253 3702 5310 audivitmo-

2053 5343 2316 5402 nentem,
2350 5343 2417 5394 ut
2445 5339 2494 5394 si
2526 5339 2766 5410 quidem
2799 5340 2974 5396 vellet
3002 5340 3213 5410 vivere,
3255 5342 3482 5415 Leontii
3514 5345 3700 5401 Deum

2052 5428 2226 5483 tertio
2257 5428 2577 5484 invocaret.
2602 5430 2724 5494 Quo
2747 5429 2899 5486 facto
2917 5437 3162 5502 repente
3183 5433 3501 5492 convaluit.
3528 5434 3700 5491 Illam

2050 5523 2250 5575 autem
2294 5535 2498 5576 vocem
2541 5535 2677 5575 cum
2720 5519 2986 5577 audisset
3031 5523 3179 5588 137
3232 5523 3586 5591 Theodolus,
3640 5530 3701 5583 et

2050 5607 2325 5672 credidit,
2359 5613 2417 5664 et
2462 5607 2636 5665 ambo
2669 5625 2704 5665 a
2732 5617 2938 5667 sancto
2978 5609 3372 5684 baptizantur.
3425 5612 3590 5678 Quod
3634 5619 3700 5670 ut

2051 5695 2291 5766 rescivit
2305 5697 2966 5771 praefectusmtrumque
2987 5700 3697 5773 comprehensumdecol-
