4158 6310
441 381 558 440 503
1761 375 2203 441 MENOLOGII
2245 377 2448 441 PARS
2495 379 2604 442 Ill.
3729 382 3854 443 σοι

431 515 544 571 lari
563 514 781 588 jussit;
815 518 1088 571 sanctum
1142 529 1276 569 vero
1329 513 1638 569 Leontium
1683 513 1986 570 mandavit
2029 512 2073 567 ir

2212 510 2315 568 ὑπὸ
2361 517 2459 568 τοῦ
2513 511 2692 589 άγίου.
2751 513 2855 569 Καὶ
2911 515 3072 567 τοῦτο
3132 513 3319 586 μαθὼν
3353 511 3664 590 ὁήγεμὼν,
3721 535 3854 593 κρα.

437 620 676 662 carcere
708 605 875 674 caedi,
909 619 1247 676 caesumque
1279 602 1564 662 Dominus
1595 603 1844 676 accepit.

2211 603 2366 672 ςησας
2431 599 2650 673 αὐτοὺς,
2709 599 3093 680 ἀπεκεφάλισε.
3127 603 3234 661 Τὸν
3269 601 3328 658 δὶ
3378 605 3530 681 ἅγιον
3589 603 3853 662 Λεόντιον

2195 691 2520 764 προσᾶταξεν
2553 690 2606 748 iv
2644 694 2715 767 τῇ
2775 695 2994 772 φυλακῇ
3042 690 3357 752 τύπτεσθαι.
3408 694 3514 751 Καὶ
3573 695 3857 770 τυπτόμε-

2195 799 2284 836 νον
2314 775 2691 858 προσελάϐετο
2721 781 2749 838 ὁ
2776 781 3004 860 Κύριος.

998 903 1240 960 EODEM
1279 901 1531 960 MENSE.

2737 909 2924 968 MHNI
2961 912 3048 967 ΤΩ
3086 911 3285 968 ΔΥΤΩ.

969 993 1073 1049 Die
1106 993 1338 1050 decima
1363 1009 1545 1050 nona.
2978 1000 3059 1058 19'

737 1084 1023 1140 Certamen
1052 1087 1234 1140 sancti
1263 1085 1528 1154 martyris
1560 1082 1776 1138 Zosimi.

2415 1087 2688 1161 ’Άθλησις
2717 1093 2815 1145 τοῦ
2847 1087 3002 1166 ἁγίου
3036 1089 3307 1166 μάρτυρος
3339 1097 3615 1167 Ζωσιμου.

504 1207 722 1276 Martyr
748 1203 966 1260 Christi
996 1204 1286 1274 Zosimus,
1319 1203 1570 1276 Trajano
1608 1201 1962 1274 imperante,
2012 1214 2083 1255 ex

2261 1203 2512 1278 Ζώσιμος
2553 1205 2708 1261 ὁτοῦ
2755 1207 2992 1282 Χριστοῦ
3043 1206 3248 1284 μάρτυς
3303 1207 3552 1283 ὑπῆρχεν
3600 1205 3689 1262 ἐπὶ
3738 1214 3847 1279 τῆς

424 1294 828 1367 Apolloniade
857 1293 917 1348 in
939 1295 1178 1367 regione
1191 1293 1602 1366 Sozopolitana
1613 1291 1901 1366 originem
1917 1287 2066 1346 duxit

2208 1291 2471 1358 Ξασιλείας
2502 1298 2772 1372 Τραϊανοῦ
2825 1295 2877 1366 ἐξ
2929 1293 3386 1362 ’Δπολλωνιάδος
3411 1303 3513 1368 τῆς
3549 1295 3603 1352 iv
3659 1302 3850 1368 Σωζο-

432 1384 577 1440 Cum
608 1390 805 1441 autem
829 1383 936 1441 sub
962 1383 1298 1440 Domitiano
1321 1383 1649 1439 Antiochiae
1673 1380 1908 1437 Pisidiaa
1931 1397 2074 1452 pras-

2203 1379 2374 1442 πόλει.
2410 1385 2846 1460 Στρατευόμενος
2898 1385 3002 1441 ὑπὸ
3048 1389 3129 1459 τῷ
3183 1392 3286 1456 τῆς
3345 1385 3682 1462 Ἀντιοχείας
3738 1390 3845 1453 τῆς

436 1473 563 1530 side
595 1475 902 1542 militaret,
934 1474 1213 1546 projectis
1259 1474 1442 1530 armis
1490 1472 1564 1528 ad
1614 1470 1928 1528 ecclesiam
1979 1469 2078 1525 Dei

2199 1469 2438 1536 Πισιδίας
2494 1474 2722 1552 ἡγεμόνι
2783 1479 3118 1548 Δομετιανῷ,
3181 1475 3340 1552 ῥίψας
3391 1475 3459 1532 τά
3516 1475 3684 1546 ὅπλα,
3739 1477 3841 1532 καὶ

436 1565 806 1638 confugiens.
839 1565 1194 1638 baptismate
1227 1565 1288 1620 in
1319 1564 1550 1620 Christo
1583 1563 1795 1634 dignus
1842 1560 2078 1616 habitus

2204 1563 2515 1641 προσφυγὼν
2541 1567 2610 1638 τῇ
2654 1567 2752 1620 τοῦ
2810 1569 2944 1620 Θεοῦ
3001 1563 3289 1636 ἐκκλησίᾳ,
3345 1571 3444 1622 τοῦ
3502 1565 3556 1621 iv
3616 1567 3846 1642 Χριστῷ

433 1654 566 1711 fuit.
598 1655 1074 1727 Comprehensus
1104 1655 1325 1726 itaque,
1358 1654 1432 1709 ad
1479 1653 1793 1726 praesidem
1851 1651 2075 1706 vinctus

2203 1653 2532 1723 ιαταξιοῦται
2621 1652 3021 1729 βαπτίσματος.
3108 1653 3410 1729 Κρατηοείς
3505 1654 3598 1710 οὗν
3683 1654 3845 1730 ἢχθη

421 1743 788 1810 adducitur:
823 1761 1078 1816 cumque
1110 1745 1526 1818 interrogatus,
1585 1742 1984 1798 Christianum
2017 1755 2063 1794 se

2215 1743 2410 1817 ἰέσμιος
2439 1744 2577 1818 πρὸς
2606 1744 2697 1800 τὸν
2753 1744 3023 1821 ἡγεμόνα,
3073 1745 3162 1801 καὶ
3211 1743 3528 1821 ἀρωτηθείς,
3581 1746 3668 1802 καὶ
3727 1746 3857 1802 δαυ-

439 1849 568 1890 esse
598 1835 1000 1908 profiteretur,
1033 1841 1312 1891 extensus
1368 1851 1438 1889 ex
1491 1839 1745 1905 quatuor
1789 1831 2076 1904 partibus,

2221 1831 2278 1886 ὸν
2345 1833 2662 1910 Χριστιανὸν
2717 1833 2852 1890 εἶναι
2913 1832 3294 1910 ὁμολογήσας,
3350 1835 3532 1898 ταθεὶς
3560 1834 3620 1890 in
3652 1834 3858 1890 τεσσά-

433 1925 776 1995 gravissime
805 1924 1053 1981 caeditur
1078 1943 1090 1980 :
1126 1943 1262 1981 mox
1292 1925 1352 1979 in
1385 1923 1707 1996 equuleum
1735 1937 2075 1994 suspensus,

2211 1942 2322 1994 ›ων,
2383 1903 2582 2002 έτύφθη
2645 1921 2916 2001 σφοδρῶς,
2949 1903 3065 1980 -καῖ
3110 1903 3450 1999 ’κρεμασθεὶς
3503 1922 3593 1980 ἐπὶ
3651 1923 3853 1998 ξύλου,

433 2013 787 2086 depectitur,
817 2023 874 2071 et
904 2015 964 2070 in
996 2032 1227 2070 aeneum
1254 2015 1469 2070 ardens
1491 2012 1800 2087 grabatum
1827 2011 2075 2079 imponi-

2205 2012 2399 2083 Ξξέσθη,
2429 2012 2521 2067 καὶ
2573 2010 2661 2067 ἐπὶ
2708 2007 3019 2088 κραϐϐάτου
3070 2013 3287 2088 χαλκοῦ
3334 2015 3847 2090 πεπυρακτωμὲνου

432 2109 549 2160 tur.
578 2106 722 2160 Cum
755 2122 890 2160 vero
922 2104 1076 2178 ignis
1107 2106 1168 2159 in
1202 2121 1396 2160 rorem
1419 2107 1882 2162 converteretur.
1910 2100 2074 2159 multi

2191 2097 2366 2172 ἐτέθη.
2443 2097 2893 2174 Μεταϐληθὲντος
2973 2099 3031 2158 δὲ
3104 2107 3200 2158 τοῦ
3256 2103 3428 2180 πυρὸς
3487 2102 3567 2167 εἷς
3627 2100 3821 2179 δρόσον

438 2194 775 2250 infidelium
808 2211 876 2250 eo
907 2195 1196 2251 miraculo
1229 2194 1511 2266 perculsi,
1544 2195 1607 2248 in
1637 2193 1934 2250 Christum
1963 2206 2080 2246 cre-

2213 2188 2397 2246 πολλοὶ
2427 2197 2536 2248 τῶν
2595 2193 2836 2251 ἀπίστων
2889 2195 3340 2270 καταπλαγέντες,
3398 2193 3709 2251 ἐπίστευσαν
3766 2194 3855 2260 εἰς

437 2283 663 2340 didere.
696 2287 835 2341 Post
865 2286 988 2342 haec
1019 2285 1280 2358 crepidis
1310 2285 1489 2341 clavis
1521 2284 1812 2344 conﬁxus.
1835 2288 1894 2338 et
1915 2281 2079 2353 equis

2213 2281 2455 2354 ἰριστόν.
2491 2282 2589 2338 Καὶ
2643 2284 2778 2356 μετὰ
2825 2287 2990 2338 ταῦτα
3042 2289 3274 2360 κρηπῖσι
3331 2283 3696 2356 καθηλωθεὶς,
3752 2287 3855 2341 καὶ

431 2372 740 2429 indomitis
762 2374 1062 2446 alligatus,
1085 2374 1429 2447 compulsus
1453 2378 1542 2429 est
1560 2370 1879 2445 praesidem
1906 2369 1967 2426 in
1991 2385 2073 2426 ur-

2224 2391 2382 2435 πποις
2422 2376 2567 2436 νέοις
2625 2370 2969 2450 προσδεθεὶς,
3025 2375 3344 2450 ἠναγκάσθη
3394 2372 3710 2452 συντρέχειν
3765 2379 3866 2448 τῷ

433 2461 570 2519 bem
587 2467 974 2520 Caneotarum
995 2462 1473 2536 progredientem
1488 2479 1666 2519 cursu
1681 2460 2075 2532 assequi,cum

2210 2463 2446 2536 ῇγεμόνι,
2532 2461 2622 2519 ἐπὶ
2705 2465 2803 2534 τὴν
2889 2468 3188 2521 Κανεωτῶν
3288 2462 3453 2520 πόλιν
3531 2463 3852 2538 ἰλιιιύνοντι⁹

431 2551 698 2609 triduum
733 2553 980 2626 jejunus
1009 2552 1351 2611 mansisset.
1386 2553 1691 2608 Postremo
1719 2550 1779 2606 in
1804 2549 2073 2623 quaestio-

2210 2551 2371 2618 ἱσιτος
2407 2552 2688 2630 διαμείνας
2738 2554 2828 2612 ἐπὶ
2871 2555 3045 2633 τρισὶν
3095 2557 3354 2632 ἡμέραις.
3401 2558 3498 2613 Καὶ
3551 2556 3716 2612 πάλιν
3764 2555 3852 2622 είς

429 2657 571 2697 nem
601 2643 817 2698 iterum
845 2648 1106 2714 vocatus,
1139 2659 1274 2698 cum
1301 2642 1601 2699 Christum
1623 2639 1810 2696 libere
1833 2638 2071 2696 confite-

2211 2645 2426 2715 ξὲτασιν
2456 2645 2668 2722 ἀχθεὶς,
2697 2646 2790 2702 καὶ
2847 2646 2939 2702 τὸν
2997 2646 3230 2722 Χριστὸν
3291 2642 3646 2722 ὁμολογήσας
3701 2645 3853 2724 παῤ-

429 2737 616 2803 retur,
650 2733 840 2806 capite
870 2733 1080 2805 plexus
1107 2739 1216 2789 est.

2191 2732 2373 2810 ῥησίᾳ,
2405 2733 2619 2810 ἐτμήθη
2649 2738 2752 2807 τήν
2783 2735 3051 2815 κεφαλήν.

725 2872 793 2926 Et
823 2877 1096 2927 certamen
1125 2869 1308 2925 sancti
1334 2870 1492 2924 Iudae
1517 2867 1778 2939 apostoli.

2393 2861 2492 2916 Καὶ
2523 2861 2753 2934 ἄθλησις
2791 2865 2886 2918 τοῦ
2917 2860 3070 2918 ὁσίου
3097 2860 3410 2919 ἀποστόλου
3442 2861 3644 2924 Ἰούδα.

497 2995 814 3069 Apostolus
845 2995 1061 3052 Christi
1091 2995 1291 3061 Judas,
1324 3010 1501 3066 quem
1531 2993 1644 3050 hoc
1672 2991 1916 3048 nomine
1944 3005 2082 3046 san-

2260 2979 2471 3044 Ἰούδας
2503 2979 2532 3035 ὁ
2561 2983 2660 3036 τοῦ
2709 2981 2955 3069 Χριστοῦ
3001 2978 3333 3069 ἀπόστολος,
3361 2979 3389 3036 ὁ
3418 2981 3566 3069 παρᾶ
3618 2980 3712 3056 μὶν
3755 2979 3839 3055 τῷ

423 3067 563 3142 οῑυέ
585 3087 891 3158 apostolus
924 3091 982 3141 et
1011 3085 1388 3158 Evangelista
1409 3085 1592 3139 Lucas
1614 3083 1674 3138 in
1703 3081 1864 3138 Actis
1883 3078 2057 3153 appel

2198 3075 2329 3152 ἱγίῳ
2357 3069 2654 3158 ἀποστόλῳ
2682 3069 2772 3125 καὶ
2809 3067 3172 3147 εὐαγγελιστῇ
3220 3076 3404 3158 Λουκᾶ
3432 3068 3486 3126 ἐν
3515 3076 3634 3135 ταῖς
3688 3071 3840 3144 Πρά-

421 3177 506 3232 lat
522 3178 577 3246 (a
591 3156 838 3248 reliquis
853 3192 987 3231 vero
1011 3156 1298 3246 apostolis
1315 3179 1372 3229 et
1393 3172 1769 3246 evangelistis
1783 3170 2053 3228 Matthaao

2193 3165 2291 3236 Ξεσι
2377 3157 2586 3224 Ἰούδας
2671 3158 3076 3234 ὀνομαζόμενος
3128 3159 3296 3236 (παρὰ
3347 3156 3406 3216 δὶ
3456 3166 3574 3224 τοῖς
3629 3160 3835 3238 δτίροις

423 3271 483 3320 et
513 3267 703 3321 Marco
736 3263 1064 3320 Thaddaaus
1110 3263 1386 3334 dicitur;)
1440 3262 1672 3319 Domini
1723 3261 1912 3317 nostri
1938 3261 2065 3316 Iesu

2198 3250 2522 3314 Ξιποστόλοις
2551 3248 2644 3306 καὶ
2700 3249 3110 3327 εὐαγγελισταῖς
3171 3251 3435 3324 Ματθαιῳ
3491 3251 3582 3306 καὶ
3633 3259 3840 3329 Μαρκῳ

426 3352 643 3408 Christi
677 3354 1002 3409 secundum
1035 3369 1274 3410 carnem
1306 3353 1491 3408 frater
1535 3351 1667 3420 fuit,
1717 3355 1922 3422 utpote
1971 3351 2068 3422 qui

2197 3339 2498 3415 Βαδδαῖος),
2531 3337 2766 3418 ἀδελφὸς
2817 3339 3036 3416 ὑπῆρχε
3090 3340 3226 3395 κατᾶ
3285 3338 3453 3417 σάρκα
3499 3344 3596 3396 τοῦ
3640 3341 3839 3418 Κυρίου

423 3443 661 3514 Josephi
687 3442 897 3516 Sponsi
918 3443 1076 3499 filius
1095 3448 1240 3510 erat,
1263 3441 1447 3498 frater
1466 3448 1663 3498 autem
1684 3438 1884 3496 Jacobi
1906 3440 2065 3496 Adel-

2198 3437 2348 3508 ἡμῶν
2389 3433 2573 3504 Ἰησοῦ
2602 3430 2970 3516 Χριστοῦ,ῗὼς
3018 3427 3092 3486 ὢν
3151 3429 3269 3516 υἱὸς
3329 3431 3422 3504 μὶν
3486 3432 3686 3509 Ἰωσὴφ
3739 3434 3840 3487 τοῦ

426 3513 846 3605 photheinqui
873 3539 931 3589 et
959 3533 1089 3589 luce
1137 3533 1377 3605 plenam
1427 3531 1833 3602 doctrinisque
1888 3533 2068 3587 sancti

2193 3523 2520 3598 μνήστορος,
2575 3515 2812 3594 ἀδελφὸς
2869 3515 2927 3574 ὁὶ
2985 3513 3250 3574 Ἰακώϐου
3305 3523 3402 3574 τοῦ
3482 3516 3835 3598 ἀδελφοθὲου·

426 3621 679 3694 Spiritus
709 3623 988 3679 refertam
1021 3622 1344 3695 Epistolam
1367 3622 1441 3678 ad
1461 3638 1669 3679 omnes
1686 3623 1940 3695 scripsit.
1972 3621 2068 3678 Hic

2199 3611 2344 3667 ὁκαὶ
2382 3611 2482 3681 τήν
2543 3608 2876 3690 φωτιστικήν
2935 3606 3026 3663 καί
3085 3605 3377 3684 δογμάτων
3427 3605 3682 3682 ἔμπλεων
3737 3613 3841 3665 τοῦ

425 3712 498 3768 ab
530 3713 659 3786 ipso
689 3715 918 3770 Christo
950 3713 1284 3782 roboratus,
1319 3719 1378 3768 et
1415 3717 1620 3768 sancto
1673 3712 1892 3786 Spiritu
1947 3711 2067 3785 ple-

2197 3702 2338 3780 ἱγίου
2423 3700 2739 3776 Πνεύματος
2823 3701 3014 3756 ἅπασιν
3097 3697 3406 3763 ἕπιστείλας
3513 3698 3839 3772 ἐπιστολήν.

422 3821 536 3860 nus
563 3821 802 3860 omnem
824 3804 1134 3878 dissipavit
1162 3808 1515 3871 errorem,et
1533 3803 1843 3859 universos
1865 3801 2064 3859 fideles

2195 3793 2359 3856 Οὗτος
2414 3791 2543 3868 παρ’
2602 3789 2766 3846 αὐτοῦ
2823 3793 2919 3845 τοῦ
2977 3785 3214 3866 Χριστοῦ
3286 3786 3683 3864 ἐνδυναμωθεὶς
3739 3791 3837 3846 καὶ

419 3893 977 3952 illuminavit.Cum
1035 3900 1228 3950 autem
1282 3894 1341 3948 in
1389 3893 1540 3948 188
1587 3891 2061 3966 Mesopotamiam

2187 3879 2404 3958 πλήρης
2431 3885 2526 3938 τοῦ
2558 3881 2712 3958 ἁγίου
2760 3879 3050 3956 γενόμενος
3102 3878 3440 3954 Πνεύματος,
3497 3885 3670 3936 πᾶσαν
3729 3880 3829 3954 μὶν

419 3983 702 4053 venisset,
737 3990 796 4038 et
839 3983 1219 4056 Evangelium
1274 3982 1680 4054 promulgans,
1731 3981 2061 4054 complures

2190 3973 2276 4043 τήν
2308 3972 2521 4043 πλάνην
2551 3971 2797 4049 ἠφάνισεο
2858 3969 3060 4032 πάντας
3119 3967 3177 4024 δὶ
3234 3968 3360 4032 τοὺς
3416 3969 3643 4034 πιστοὺς
3698 3991 3832 4028 κατ-

415 4073 696 4130 infideles
717 4073 790 4129 ad
813 4074 1129 4128 Dominum
1151 4073 1843 4128 convertisset.Edessam
1857 4072 2057 4127 urbem

2189 4065 2458 4143 εφώτισεν.
2492 4058 2776 4126 Ἀπελθὼν
2829 4057 2920 4115 οὖν
2966 4060 3056 4115 καὶ
3106 4058 3180 4122 είς
3234 4060 3682 4134 Μεσοποταμίαν,
3734 4062 3831 4116 καὶ

417 4162 738 4234 profectus,
773 4163 1068 4235 Abgarum
1099 4162 1464 4233 Toparcham
1489 4161 1696 4216 morbo
1720 4161 2059 4217 sublevavit.

2192 4152 2412 4228 ιηρύξας
2445 4151 2507 4207 τὸ
2559 4147 2918 4224 Εὐαγγὲλιον,
2976 4147 3066 4204 καὶ
3123 4147 3370 4212 πολλοὺς
3424 4151 3533 4204 τῶν
3589 4148 3834 4205 ἀπίστων

419 4253 724 4306 Postremo
757 4254 896 4306 Arat
935 4251 1142 4306 urbem
1201 4251 1418 4323 petiit:
1465 4250 1666 4321 ibique
1714 4250 1775 4306 in
1829 4267 2061 4306 crucem

2187 4242 2499 4317 ἐπιστρέψας
2527 4239 2666 4317 πρὸς
2724 4239 2814 4294 τὸν
2867 4237 3085 4312 Κύριον,
3136 4235 3461 4311 ἀπεδήμησε
3491 4238 3727 4301 καὶτοῖς
3771 4238 3829 4294 iv

417 4346 588 4397 actus
619 4341 872 4413 telisque
901 4340 1234 4408 confossus,
1266 4339 1496 4396 vivendi
1532 4339 1705 4396 finem
1732 4339 1898 4396 fecit.

2197 4330 2402 4408 eam“
2433 4330 2614 4386 πόλιν
2665 4328 2758 4385 καὶ
2811 4326 2950 4403 πρὸς
2995 4325 3243 4404 Αὔγαρον
3291 4327 3581 4405 τοπάρχην
3626 4347 3831 4403 πορευ-

419 4431 553 4500 θεὶς,
588 4429 934 4506 ἐθεράπευσεν
963 4428 1123 4486 αὐτὸν
1157 4426 1263 4485 άπὸ
1291 4435 1394 4499 τῆς
1423 4427 1600 4486 νόσου.
1637 4428 1769 4484 Εἶτα
1823 4422 2150 4484 καταλαϐὼν
2211 4421 2373 4498 Ἀράτ
2427 4421 2529 4492 τήν
2587 4417 2776 4489 πόλιν,
2833 4417 2924 4473 καὶ
2980 4418 3330 4493 παυρωθεῖς,
3387 4418 3477 4474 καὶ
3531 4417 3834 4490 τοξευθεὶς,

393 4584 396 4585 ν
416 4519 734 4592 ἰτελειώθη.

970 4650 1210 4708 EODEM
1249 4648 1506 4706 namss.
2094 4619 2142 4687 Ι)
2729 4633 2916 4691 MHNI
2955 4634 3047 4691 το
3083 4636 3276 4692 Arro.

1011 4739 1116 4796 Die
1147 4739 1448 4797 vicesima.
2973 4725 3029 4781 K‘

419 4831 701 4887 Certamen
759 4830 1097 4887 sacrosancti
1150 4832 1412 4900 martyris
1493 4825 1764 4885 Methodit
1821 4826 2061 4897 episcopi

2179 4825 2440 4898 Ἀθλησις
2538 4826 2637 4881 τοῦ
2682 4892 2698 4900 _
2747 4821 2902 4900 ὁσίου
3014 4822 3427 4900 ,ξεροιμάρτυρος
3541 4819 3821 4889 Μεθοδίου

1061 4892 1414 4958 Ραῑανοτὶινη.
1844 4892 1866 4897 “
1998 4892 2019 4897 ’
2339 4892 2349 4898 ’
2679 4892 2703 4951 ἒ

1844 4892 1866 4897 “
1998 4892 2019 4897 ’
2339 4892 2349 4898 ’
2679 4892 2981 4951 ἐπισκόπου
3013 4892 3293 4969 Πατάρων.

491 5035 822 5091 Methodius
842 5034 1058 5092 Christi
1102 5040 1518 5106 sacromartyr,
1547 5035 1620 5090 ab
1669 5034 1921 5091 infantia
1951 5035 2065 5090 Deo

2246 5034 2516 5099 Μεθόὸιος
2559 5031 2589 5086 ὁ
2647 5033 2745 5086 τοῦ
2792 5033 3031 5106 Χριστοῦ
3085 5028 3413 5106 ἰερομάρτυς
3474 5029 3536 5086 ἐκ
3588 5030 3824 5109 βρέφους

417 5123 768 5181 honorabile
790 5140 889 5178 vas
912 5123 1178 5195 seipsum
1199 5123 1584 5190 consecravit,
1611 5123 1791 5178 divini
1813 5122 2059 5195 Spiritus

2183 5124 2362 5181 ἑαυτὸν
2393 5127 2472 5196 τῷ
2500 5125 2618 5193 Θεῷ
2673 5120 2911 5186 ἀναθεὶς,
2962 5123 3150 5182 σκεῦος
3192 5119 3400 5194 τίμιον,
3453 5120 3544 5177 καὶ
3601 5119 3825 5196 δοχεῖον

415 5213 857 5286 receptaculum
875 5212 1282 5277 factus.Quare
1296 5213 1399 5269 Dei
1419 5214 1698 5282 suffragio
1717 5212 2057 5285 pontificatu

2188 5217 2269 5269 τοῦ
2301 5211 2448 5278 θείου
2482 5209 2794 5284 Πνεύματος
2825 5209 3074 5284 γέγονεν.
3129 5209 3287 5273 Ὅθεν
3338 5212 3428 5266 καί
3476 5210 3644 5288 ψήφῷ
3690 5215 3830 5266 Θεοῦ

387 5298 632 5377 ’ᾶὶεῐιιιε
673 5303 918 5358 effectus
977 5307 1102 5356 est:
1161 5307 1514 5374 creatusque
1573 5302 1912 5358 Patarensis
1967 5317 2029 5358 ec

2189 5309 2277 5373 τῆς
2330 5299 2751 5379 ἀρχιερωσύνης
2802 5297 3078 5372 ἀξιωθεὶς,
3132 5299 3224 5354 καί
3279 5305 3379 5370 τῆς
3434 5298 3488 5356 iv
3561 5300 3831 5375 Πατάροις

417 5392 612 5449 clesiaa
671 5391 1004 5464 episcopus,
1059 5405 1294 5462 gregem
1381 5406 1556 5445 suum
1614 5391 1836 5462 optime
1895 5391 2059 5446 rexit.

2190 5391 2470 5464 ὶκκλησίας
2526 5388 2825 5451 ἐπίσκοπος
2880 5387 3144 5463 γεγονὼς,
3204 5387 3393 5454 καλῶς
3451 5388 3712 5464 ἰποίμανε
3766 5390 3832 5444 τὸ

416 5481 779 5539 Gliscentem
811 5485 1009 5534 autem
1040 5479 1309 5552 Origenis
1358 5479 1633 5535 haaresim
1687 5495 1960 5541 cernens.
2000 5483 2058 5534 ul

2186 5481 2431 5556 ποίμνιον
2488 5481 2701 5536 iactos.
2765 5477 2860 5534 Διὸ
2915 5477 3008 5533 καὶ
3063 5479 3167 5549 τήν
3235 5478 3550 5554 Ὢριγὲνους
3621 5477 3828 5552 αἵρεσιν

416 5571 676 5644 optimus
707 5575 931 5643 pastor.
963 5567 1165 5623 divino
1211 5569 1585 5641 elequiorum
1636 5583 1881 5624 suorum
1930 5569 2058 5640 igne

2188 5573 2579 5643 πλεονάζουσαν
2641 5567 2797 5640 ῗόὼν,
2857 5567 2935 5632 ὠς
2990 5568 3210 5643 ἄριστος
3290 5569 3502 5643 ποιμὴν
3557 5574 3640 5642 τῷ
3693 5570 3830 5641 θείῳ

418 5661 704 5718 incendit.
740 5657 854 5714 Sed
883 5674 1018 5714 cum
1047 5657 1326 5715 inimicus
1353 5657 1625 5715 diabolus
1652 5659 1783 5732 ejus
1821 5657 2060 5716 liberta-

2182 5663 2301 5739 πυρὶ
2330 5665 2437 5718 τῶν
2465 5660 2631 5717 αὐτοῦ
2690 5657 2870 5734 λόγων
2917 5657 3230 5736 κατέφλεξε.
3280 5660 3383 5717 Καὶ
3441 5661 3520 5733 μή
3581 5661 3758 5738 φέρων
3794 5658 3824 5714 ὁ

415 5757 535 5807 tem
567 5757 622 5807 et
650 5749 1046 5807 constantiam
1077 5748 1231 5804 ferre
1255 5765 1374 5806 non
1396 5748 1911 5822 posset,satellites
1925 5764 2057 5806 suos

2173 5752 2371 5828 ὖχθρὸς
2400 5745 2660 5812 διάϐολος
2698 5749 2799 5819 τήν
2829 5746 2995 5805 αὐτοῦ
3025 5747 3358 5826 παῤῥησίαν,
3411 5748 3503 5806 καὶ
3546 5746 3812 5822 ἔνστασιν,
