4158 6310
299 368 429 430 505

1877 371 2180 438 JUNIUS.

3637 377 3757 439 506

297 497 610 573 ἐξώπλισε
657 503 786 565 τοὺς
847 502 1013 559 αὑτοῦ
1074 502 1379 579 ὑπουργοὺς
1429 501 1569 579 πρὸς
1643 504 1742 572 τὴν
1795 505 1975 562 τούτου.

2107 507 2170 564 in
2197 509 2326 580 ejus
2347 525 2556 567 necem
2587 507 2968 566 armavitJlle
2979 525 3116 566 vero
3129 515 3450 582 antequam
3467 514 3752 586 martyrio

300 589 634 666 ἆναίρεσιν.
691 593 755 651 Ὀ
811 589 870 648 δὶ
929 592 1018 648 καὶ
1076 595 1182 667 πρὸ
1227 597 1326 649 τοῦ
1385 595 1616 650 θανάτου
1671 600 1772 665 τῆς
1830 594 1994 652 αὑτοῦ

306 683 666 757 μαρτυρίας,
721 683 982 760 νέκρωσιν
1069 682 1358 761 ζωηφόρυν
1446 682 1824 758 ἐνδυσάμενος,
1901 687 1992 741 καὶ

301 773 430 828 καθ’
501 772 752 843 ἑκάστην
791 771 1004 849 ἡμέραν
1062 773 1254 850 νεκρὸν
1339 773 1528 830 ἐαυτὸν
1612 773 1992 851 λογιζόμενος,

299 863 453 918 κατᾶ
478 863 595 918 τὸν
643 865 786 919 θεῖον
850 860 1158 919 ἀπόστολον
1209 863 1448 934 Παῦλον,
1501 863 1640 944 ξίφει
1688 867 1787 936 τὴν
1845 864 1994 939 ἱερὰν

297 954 394 1008 καὶ
439 953 734 1030 μακαρίαν
767 953 932 1010 αὑτοῦ
952 953 1195 1032 κεφαλὴν
1228 953 1592 1027 ἀποτμηθεὶς,
1623 955 1759 1032 πρὸς
1788 954 1993 1028 Κύριον

296 1040 469 1114 ἐξεδτς
481 1066 573 1117 μη
588 1063 645 1100 σε
665 1044 901 1121 χαίρων,
935 1044 1025 1100 καὶ
1058 1042 1454 1121 ἀγαλλόμενος.

877 1161 1060 1220 nam
1099 1163 1192 1240 Τῼ
1232 1163 1432 1241 ΛΥΤῼ.

1112 1261 1217 1320 ΚΔ⁹

365 1369 672 1443 νΑΘλησις
701 1373 800 1426 τοῦ
859 1367 1016 1447 ἁγίου
1071 1370 1350 1447 μάρτυρος
1382 1367 1683 1427 Ἰουλιανοῦ
1733 1374 1831 1426 τοῦ
1862 1369 1912 1426 ἐν

1021 1441 1304 1518 Αἰγύπτῳ.

370 1557 708 1622 Ἰουλιανὸς
764 1559 793 1614 ὁ
851 1563 950 1614 τοῦ
1011 1561 1254 1634 Χριστοῦ
1316 1560 1546 1634 μάρτυς,
1608 1561 1675 1630 ἦν
1742 1561 1839 1633 μὶν
1899 1559 1986 1615 ἐπὶ

298 1648 732 1718 Διόκλητιανοῦ
766 1648 826 1704 ἐκ
853 1651 953 1718 τῆς
984 1648 1286 1724 Αῗγὺπτουο
1337 1651 1430 1704 τὸν
1492 1651 1724 1725 Χριστὸν
1785 1647 1842 1706 δὲ
1900 1671 1983 1707 σε·

299 1731 585 1810 ϐόμενος,
643 1740 1012 1810 συνεστήσατο
1074 1741 1439 1814 μοναστήριον
1496 1738 1768 1816 μέγιστον,
1826 1738 1880 1795 ἐν
1938 1741 1982 1813 ᾧ

298 1822 648 1903 ἐδοξολόγει
695 1829 788 1882 τὸν
841 1826 992 1886 Θεόν.
1055 1827 1160 1884 Καὶ
1223 1829 1404 1900 μαθὼν
1463 1831 1623 1882 τοῦτο
1676 1827 1982 1903 ὁὴγεμὼν,

2103 599 2470 671 fungeretur.
2527 616 2665 656 cum
2721 599 3241 655 mortificationem
3327 598 3617 656 vivificam
3658 603 3755 656 in-

2105 686 2351 757 duisset,
2385 695 2444 746 et
2473 689 2736 761 quotidie
2769 696 3070 745 mortuum
3103 705 3164 744 se
3195 695 3521 761 reputaret,
3539 705 3751 746 secun-

2103 777 2246 834 dum
2267 778 2535 836 divinum
2567 780 2902 853 apostolum
2929 779 3360 836 Paulumferro
3394 785 3668 836 sanctum
3686 795 3755 836 ac

2103 866 2342 924 beatum
2373 876 2549 942 caput
2579 870 3018 943 prassidendum
3053 869 3289 938 obtulit,
3323 875 3380 924 et
3405 869 3574 926 laetus
3603 887 3752 944 gau-

2103 955 2370 1030 densque
2403 958 2478 1015 ad
2529 960 2854 1016 Dominum
2885 959 3179 1033 migravit.

2649 1177 2888 1235 EODEM
2928 1178 3182 1233 MENSE.

2598 1276 2701 1331 Die
2741 1277 3021 1333 vicesima
3059 1277 3251 1349 prima

2239 1369 2526 1423 Certamen
2545 1370 2723 1423 sancti
2746 1371 3006 1440 martyris
3026 1367 3242 1423 Juliani
3259 1369 3318 1422 in
3347 1367 3603 1439 Egypto.

2167 1571 2440 1629 Julianus
2471 1573 2687 1630 Christi
2721 1579 2947 1646 martyr
2975 1573 3038 1628 in
3069 1574 3313 1646 Egypto
3367 1570 3580 1628 claruit
3611 1571 3746 1627 Dio-

2098 1660 2354 1718 cletiano
2387 1664 2736 1736 imperante.
2771 1664 3067 1718 Christum
3103 1678 3236 1717 vero
3269 1661 3495 1728 colens,
3528 1678 3744 1717 mona-

2099 1752 2344 1808 sterium
2378 1753 2702 1809 maximum
2731 1751 3085 1816 condidit,iu
3103 1768 3219 1823 quo
3235 1752 3418 1806 Deum
3446 1749 3747 1806 laudabat.

2097 1839 2178 1897 Ea
2207 1857 2269 1896 re
2318 1849 2624 1914 comperta
2679 1857 2918 1914 praeses.
2955 1840 3127 1895 illum
3160 1840 3358 1896 missis
3389 1839 3748 1896 satellitibus

301 1916 401 1970 καὶ
439 1914 810 1988 ἀποστείλας,
845 1916 1007 1972 αὑτὸν
1064 1917 1157 1990 μὲν
1217 1915 1532 1993 ἐκράτησεν,
1588 1917 1651 1972 τὸ
1711 1915 1768 1972 δέ
1817 1938 1975 1991 μονα-

2097 1887 2178 1897 ..-
2207 1887 2268 1896 ,ν
2320 1887 2624 1914 πψτη-..
2679 1887 2918 1914 μνη--.
2955 1887 3127 1895 -..-...
3161 1887 3357 1896 ..η-η-
3390 1887 3746 1896 -_------___-

2094 1931 2594 2005 comprehendit;
2645 1930 3075 1988 monasterium
3135 1947 3271 1986 vero
3331 1929 3620 1998 incendit,
3691 1934 3752 1983 et

301 2006 554 2080 στήριον
587 2005 869 2083 ἐνέπρησε,
923 2005 1260 2068 κατακαύσας
1309 2005 1436 2069 τοὺς
1495 2007 1547 2062 ἐν
1603 2008 1753 2080 αὐτῷ
1783 2011 1984 2070 πάντας

301 2093 687 2164 ἐπισκόπους,
744 2097 910 2172 ἱερεῖς
967 2098 1056 2152 καὶ
1121 2096 1477 2170 μονάζοντας.
1539 2097 1668 2153 Εἶτα
1699 2098 1791 2151 τὸν
1823 2097 1979 2174 ἅγιον

297 2186 520 2260 τύψας,
583 2181 778 2242 ἔϐαλεν
839 2185 915 2249 εἲς
974 2185 1246 2264 φυλακήν.
1312 2186 1409 2243 Καὶ
1467 2185 1632 2242 πάλιν
1707 2182 1978 2260 ἐκϐαλὼν,

303 2273 552 2348 δέσμιον
612 2277 813 2351 ἢγαγεν
849 2274 1082 2332 ἐνώπιον
1140 2274 1326 2331 αὑτοῦ*
1386 2275 1476 2331 καὶ
1539 2274 1669 2331 ἷδὼν
1729 2277 1978 2349 Κὲλτιος,

300 2365 329 2418 ὁ
392 2365 524 2429 cio;
587 2369 685 2420 τοῦ
743 2365 1038 2440 ἡγεμόνος,
1105 2363 1366 2439 ἀγγὲλους
1423 2367 1857 2442 παρισταμένους
1904 2372 1982 2442 τῷ

306 2454 491 2529 ἁγίῳ,
527 2453 813 2510 ἐπίστευσε
868 2455 948 2528 τῷ
1005 2457 1248 2530 Χριστῷ,
1281 2455 1370 2510 καὶ
1405 2453 1582 2531 ἕτεροι
1620 2455 1826 2512 πολλοὶ
1887 2457 1978 2512 σῦν

312 2543 496 2617 αὐτῷ.
535 2545 644 2603 Καὶ
667 2545 858 2622 νεκρός
884 2565 968 2607 τις
1000 2543 1086 2600 ἐπὶ
1114 2543 1308 2616 κλίνης
1352 2545 1670 2624 φερόμενος,
1727 2545 1980 2625 ἐξαίφνης

311 2632 586 2704 ἀναστὰς,
644 2630 892 2707 ἐϐόησεν,
950 2637 1072 2689 ’Ότι
1159 2634 1600 2710 προσευξαμένὸυ
1657 2633 1980 2707 ἰουλιανοῦ,

311 2722 558 2795 ἀνέστην
640 2722 766 2798 ἐγώ.
822 2723 923 2780 Καὶ
977 2722 1142 2779 πάλιν
1213 2723 1528 2779 ἐπίστευσαν
1613 2723 1689 2786 εἷς
1746 2725 1978 2799 Χριστὸν

315 2811 564 2870 πολλοί.
596 2813 907 2888 Ὀργισθεῖς
940 2809 1030 2868 οῦν
1065 2813 1359 2888 ὁὴγεμὼν,
1415 2809 1644 2886 ἐξέδειρε
1696 2816 1759 2869 τὸ
1809 2811 1983 2890 δέρμα

313 2908 422 2971 τῆς
485 2901 736 2982 κεσαλῆς
799 2901 963 2958 αὑτοῦ
1043 2903 1375 2973 Ἰουλιανοῦ,
1459 2901 1666 2976 ὁμοίως
1718 2901 1807 2958 καὶ
1885 2905 1982 2958 τοῦ

317 2989 587 3048 Κελτίου.
625 2989 835 3047 ’ἰδοῦσα
867 2988 922 3046 δέ
952 2993 988 3062 ἡ
1020 2993 1160 3067 γυνή
1217 2995 1315 3046 τοῦ
1362 2991 1628 3069 ἡγεμόνος
1686 2991 1981 3063 ἐπίστευσε,

317 3079 410 3134 καὶ
444 3080 862 3156 ἄπεκεφαλίσθη
896 3081 987 3136 σὺν
1013 3085 1091 3154 τῷ
1121 3082 1224 3155 υἱῴ
1251 3081 1441 3153 αὐτῆς,
1471 3083 1560 3138 καὶ
1591 3087 1707 3146 τοῖς
1736 3081 1981 3156 λοιποῖς,

312 3172 402 3225 καὶ
437 3175 530 3226 τῶ
562 3170 704 3247 ἁγίῳ
735 3170 1041 3244 ἰουλιανῷ.

885 3275 1058 3329 ΜΗΝΙ
1091 3273 1183 3328 ΤΩ
1214 3271 1418 3332 ΛΥΤΩ.

1098 3365 1215 3422 KH'.

379 3453 666 3528 Ἀθλησις
721 3457 818 3529 τοῦ
879 3452 1030 3529 ὁσίου
1091 3455 1301 3527 Πατρὸς
1379 3457 1542 3529 ἡμῶν
1631 3451 1903 3513 Εὑσεϐίου

799 3527 1100 3582 ἐπισκόπου
1135 3527 1493 3600 Σαμοσάτών.

387 3637 840 3705 Εὐσέϐιοςότοῦ
864 3644 1102 3718 Χριστοῦ
1160 3641 1511 3718 ἱερομάρτυς,
1573 3643 1822 3720 ὑπῆρχεν
1883 3642 1971 3700 ἐπὶ

312 3731 704 3789 Κωνσταντίου
759 3737 856 3789 τοῦ
918 3730 1187 3810 βασιλέως
1255 3731 1550 3796 ἐπίσκοπος
1611 3733 1970 3807 Σαμοσάτων,

315 3825 582 3896 ζηλωτὴς
615 3820 875 3899 διάπυρος
929 3830 1030 3893 τῆς
1086 3820 1384 3899 ὀρθοδὸξου
1426 3822 1682 3886 πίστεως.
1744 3827 1855 3882 Τοῦ
1915 3821 1973 3879 δέ

321 3913 602 3988 βασιλέως
635 3913 701 3968 τὰ
727 3913 948 3988 Ἀρείου
978 3917 1332 3988 φρονοῦντος,
1369 3914 1459 3968 καί
1514 3933 1650 3968 ποτε
1677 3915 1775 3982 τήν
1810 3919 1971 3990 χεῖρα

316 4003 490 4060 αὑτοῦ
516 4010 702 4077 τεμεῖν
735 4003 1159 4074 ἀπειλήσαντος,
1194 4001 1240 4058 εἷ
1276 4003 1353 4076 μὴ
1409 4003 1472 4058 τὸ
1534 4002 1636 4058 ὑπὸ
1673 4007 1770 4058 τοῦ
1804 4003 1969 4079 μεγά-

315 4091 422 4150 λου
484 4092 756 4151 Μελετίου
813 4095 1072 4170 ψήφισμα
1131 4092 1425 4168 προτείνει,
1511 4094 1598 4148 καὶ
1691 4090 1966 4164 ἐπιδώσει,

316 4181 536 4260 λέγεται
565 4184 659 4246 τὰς
701 4181 796 4239 δύο
857 4189 1047 4259 χεῖρας
1106 4181 1447 4239 ἐπανατεῖναι
1479 4181 1569 4238 καὶ
1629 4182 1823 4238 είπεῖνο
1878 4183 1966 4247 Ὠς

314 4269 499 4342 ἡδέως
527 4275 626 4344 τὴν
657 4272 867 4328 τούτων
902 4272 1140 4342 ἐκκοπὴν
1199 4271 1442 4347 δέξομαι,
1501 4271 1537 4342 ἤ
1603 4273 1666 4327 τὸ
1710 4275 1967 4348 ψήφισμα

315 4361 614 4439 προδώσω.
692 4362 846 4420 Μετᾶ
929 4359 987 4417 δὲ
1069 4362 1329 4430 τελευτὴν
1416 4362 1796 4419 Κωνστιιντίου
1875 4363 1964 4418 καὶ

314 4449 646 4521 Ἰουλιανοῦ,
716 4451 818 4507 ὑπὸ
903 4450 1207 4514 Οὐάλεντος
1266 4453 1548 4525 Ἀρειανοῦ
1629 4453 1719 4506 καὶ
1796 4450 1962 4508 αὑτοῦ

314 4535 494 4612 ὄντος,
524 4547 621 4598 τοῦ
652 4539 854 4597 οἳκείου
887 4539 1079 4617 θρόνου
1139 4538 1484 4608 ἀπελασθεὶς,
1552 4535 1825 4616 ἐὸωρίσθη
1886 4540 1965 4606 εἷς

2092 2037 2300 2078 omnes
2332 2039 2482 2093 quos
2515 2021 2738 2077 ibidem
2771 2021 2996 2094 reperit
3024 2021 3176 2077 189
3210 2020 3743 2092 episc0pos,sacer-

2091 2108 2280 2176 dotes,
2307 2117 2364 2165 et
2385 2109 2710 2166 monachos
2761 2111 3178 2166 concremavit.
3231 2109 3508 2165 Sanctum
3543 2114 3743 2165 autem

2088 2198 2390 2256 Julianum
2422 2217 2664 2265 cassum,
2698 2200 2980 2257 custodia
3037 2198 3282 2255 inclusit
3310 2215 3323 2252 :
3382 2213 3743 2270 rursumque

2091 2290 2662 2358 educens,vinctum
2695 2308 2891 2348 coram
2929 2307 2991 2347 se
3041 2291 3366 2347 consistere
3406 2289 3604 2362 jussit.
3669 2293 3743 2345 At

2090 2379 2315 2436 Celtius
2364 2382 2638 2454 prassidis
2699 2381 2858 2437 illius
2928 2386 3191 2437 astantes
3239 2386 3444 2436 sancto
3497 2376 3741 2451 angelos

2091 2485 2366 2539 cernens,
2389 2473 2450 2527 in
2472 2471 2771 2528 Christum
2803 2471 3056 2528 credidit
3103 2486 3224 2526 una
3253 2486 3389 2526 cum
3419 2469 3553 2525 aliis
3586 2485 3742 2526 com-

2089 2558 2388 2632 pluribus.
2410 2560 2522 2617 Sed
2554 2567 2613 2617 et
2641 2568 2911 2617 mortuus
2938 2561 3155 2617 feretro
3187 2559 3475 2618 sublatus.
3498 2565 3741 2631 repente

2090 2665 2430 2723 resurgens,
2463 2650 2759 2714 clamavit,
2794 2649 3122 2719 afﬁrmans,
3158 2655 3365 2705 orante
3409 2648 3645 2705 Juliano
3677 2663 3740 2704 se

2091 2739 2395 2796 revixisse.
2432 2741 2655 2796 Rursus
2686 2740 2884 2811 itaque
2927 2740 3098 2796 multi
3131 2740 3191 2794 in
3225 2738 3524 2794 Christum
3556 2736 3740 2794 credi-

2091 2826 2251 2883 dere.
2287 2830 2475 2893 Quare
2507 2827 2850 2901 indignatus
2864 2846 3085 2900 praises
3107 2829 3290 2900 jussit
3304 2827 3522 2883 Juliani
3541 2832 3738 2899 caput,

2092 2917 2370 2972 similiter
2390 2923 2449 2973 et
2478 2918 2807 2985 Celtii,cute
2840 2917 3213 2974 nudari.Haac
3243 2917 3458 2972 intuita
3471 2915 3739 2988 praesidis

2090 3021 2261 3068 uxor.
2297 3006 2568 3073 credidit,
2594 3013 2653 3062 et
2686 3023 2805 3063 una
2829 3023 2964 3064 cum
2997 3006 3144 3078 filio,
3179 3013 3236 3062 et
3289 3005 3529 3080 reliqui,
3562 3013 3740 3077 atque

2091 3102 2299 3153 sancto
2328 3096 2562 3155 Juliano
2593 3095 2887 3154 decollata
2916 3103 3025 3153 est.

2652 3279 2893 3337 EODEM
2933 3278 3182 3336 MENSE.

2589 3378 2692 3437 Die
2722 3378 2953 3436 decima
2982 3377 3244 3436 secunda

2161 3469 2449 3526 Certamen
2477 3469 2659 3526 sancti
2689 3471 2871 3525 Patris
2925 3472 3105 3525 nostri
3157 3467 3378 3525 Eusebii
3419 3466 3667 3539 episcopi

2749 3543 3065 3597 Samosata.

2159 3647 2450 3705 Eusebius
2484 3648 2699 3704 Christi
2742 3653 3162 3718 sacromartyr,
3194 3646 3554 3718 imperatore
3583 3648 3737 3701 Con-

2088 3739 2326 3807 stantio,
2361 3737 2674 3810 episcopus
2703 3737 3021 3793 Samosatas
3051 3736 3182 3803 fuit,
3217 3735 3559 3790 orthodoxae
3592 3733 3734 3790 fidei

2086 3832 2285 3882 custos
2317 3826 2662 3883 acerrimus.
2697 3827 2841 3881 Cum
2874 3833 3074 3882 autem
3101 3826 3427 3897 imperator
3449 3823 3572 3879 Arii
3605 3839 3736 3879 sen-

2085 3917 2333 3973 tentiam
2394 3922 2644 3980 teneret.
2701 3923 2759 3971 et
2800 3915 3124 3988 aliquando
3183 3915 3346 3969 illius
3394 3929 3639 3969 manum
3668 3928 3731 3968 se

2083 4005 2471 4079 praecisurum
2503 4005 2900 4070 minitaretur,
2933 4004 3050 4060 nisi
3089 4004 3393 4061 decretum
3448 4019 3482 4060 a
3512 4019 3728 4076 magno

2083 4095 2315 4152 Meletio
2358 4096 2643 4167 scriptum
2703 4093 3060 4167 produceret
3105 4110 3172 4150 ac
3229 4094 3509 4159 traderet,
3541 4092 3730 4147 fertur

2081 4185 2286 4242 ambas
2311 4202 2522 4242 manus
2557 4186 2907 4258 porrexisse,
2937 4184 3114 4242 malle
3151 4200 3213 4240 se
3271 4184 3474 4240 dicens
3522 4181 3728 4239 ambas

2080 4293 2292 4332 manus
2323 4276 2433 4332 sibi
2463 4275 2921 4348 prascidi.quam
2949 4275 3251 4331 decretum
3286 4274 3554 4346 prodere.
3589 4272 3730 4327 Post

2078 4366 2407 4424 Constantii
2464 4366 2802 4438 Julianique
2848 4366 3076 4421 obitum
3134 4381 3169 4421 a
3220 4364 3462 4420 Valente
3521 4361 3729 4417 itidem

2075 4457 2347 4513 Arianoe
2379 4472 2487 4513 sua
2545 4456 2685 4513 sede
2741 4455 3031 4528 dejectus,
3090 4453 3166 4509 ad
3212 4454 3425 4509 lstrum
3483 4451 3727 4506 fluvium

2077 4546 2384 4603 exsulavit.
2419 4547 2646 4602 Mortuo
2694 4551 2896 4602 autem
2929 4544 3172 4599 Valente
3201 4541 3275 4598 ad
3313 4557 3481 4597 suam
3534 4539 3728 4596 eccle-

315 4633 407 4688 τὸν
440 4633 651 4709 Ἵστρον
693 4633 964 4706 ποταμόν.
1026 4632 1122 4688 Καὶ
1187 4633 1322 4705 μετὰ
1372 4632 1598 4687 Θάνατον
1657 4630 1963 4694 Οὐάλεντος

2092 4635 2226 4690 siam
2256 4633 2628 4707 postliminio
2660 4637 3286 4703 reversus.martyrum
3321 4631 3501 4686 finem
3523 4643 3727 4684 conse-

319 4718 660 4800 ὑποστρέψας
709 4721 784 4786 είς
833 4723 932 4792 τήν
1021 4721 1184 4778 αὑτοῦ
1243 4720 1561 4792 ἐκγλησίαν,
1625 4729 1965 4798 μαρτυρικῆς

319 4808 482 4889 ἔτυχε
524 4813 884 4874 τεΛειώσεως.
949 4813 1086 4881 Γυνὴ
1144 4810 1244 4888 γὰρ
1312 4813 1566 4886 Ἀρειανή
1627 4810 1826 4889 ῥίψασα
1881 4812 1965 4868 κέ·

321 4920 492 4977 ραμον
526 4901 632 4957 ἀπὸ
659 4905 756 4956 τοῦ
787 4901 1009 4978 στέγους
1057 4901 1194 4956 κατᾶ
1243 4906 1344 4971 τῆς
1401 4900 1645 4976 κεφαλῆς
1674 4900 1857 4971 αὑτοῦ,
1907 4901 1958 4957 ἐν

317 4997 397 5057 τῷ
429 4990 761 5066 διέρχεσθαι,
806 4986 1037 5061 ἔπληξεν
1081 4989 1258 5062 αὑτὸν,
1290 4989 1380 5046 καὶ
1443 4989 1636 5064 μικρὸν
1709 4989 1960 5065 ἐμπνέων

316 5081 651 5156 παρήγγειλε
703 5086 826 5144 τοῖς
888 5082 1002 5155 μετ’
1058 5079 1246 5151 αὑτοῦ,
1306 5077 1475 5153 μηδὲν
1555 5077 1808 5151 ἀδικῆσαι
1857 5083 1957 5152 τὴν

313 5177 559 5246 γυναῖκα·
590 5171 679 5226 καὶ
717 5169 888 5233 οὕτως
921 5169 1241 5240 ἐτελειώθη.

867 5271 1048 5328 ΜΗΝΙ
1086 5275 1170 5326 ΤΩ
1210 5275 1403 5328 ΑΥΤΩ.

1088 5373 1178 5430 Kl'

380 5464 650 5536 ἈΘλησις
703 5466 810 5518 τῶν
863 5463 1078 5588 ἁγίωνῖ
1107 5462 1396 5550 μαρτύρων
1481 5464 1737 5533 Ζήνωνος
1794 5461 1884 5516 καὶ

1085 5555 1207 5588 Ἐνα.

1085 5555 1207 5606 ηνα.

385 5651 596 5720 Ζήνων,
655 5645 746 5703 καὶ
823 5650 1020 5718 Ζηνᾶς,
1077 5647 1134 5702 οἱ
1190 5651 1290 5704 τοῦ
1347 5645 1585 5724 Χριστοῦ
1669 5647 1955 5721 μάρτυρες,

321 5739 569 5817 ὑπῆρχον
599 5736 657 5793 ἐκ
683 5743 783 5808 τῆς
842 5735 1062 5801 πόλεως
1095 5735 1470 5819 Φιλαδελφίας
1519 5743 1620 5808 τῆς
1671 5729 1954 5814 ’Δραείας.

2074 4730 2246 4780 cutus
2286 4729 2394 4779 est.
2427 4723 2672 4778 Femina
2701 4737 2963 4793 namque
3007 4720 3219 4777 Ariana
3266 4724 3478 4775 testam
3506 4736 3536 4774 e
3567 4723 3722 4774 tecto

2073 4811 2250 4885 capiti
2273 4811 2686 4886 prastereuntis
2733 4810 3014 4883 impegit:
3047 4810 3142 4865 cui
3169 4810 3397 4866 vulneri
3432 4809 3724 4880 tantisper

2073 4909 2399 4976 superstes,
2442 4908 2758 4974 postquam
2789 4900 2912 4956 suis
2942 4900 3347 4972 praacepisset,
3379 4916 3455 4955 ne
3485 4898 3723 4954 femina:

2071 4993 2258 5051 ullam
2284 5007 2522 5066 poenam
2553 4989 2862 5053 inferrent,
2898 4990 3082 5045 finem
3112 4989 3342 5044 vivendi
3383 4988 3542 5046 fecit.

2624 5270 2865 5328 EODEM
2904 5269 3157 5327 MENSE.

2594 5368 2698 5425 Die
2746 5368 2978 5425 decima
3021 5369 3195 5424 tertia

2068 5461 2226 5518 140
2287 5461 2571 5516 Certamen
2619 5466 2934 5587 sanctmz'um
2987 5465 3299 5528 martyrum
3384 5458 3612 5514 Zenonis
3666 5461 3718 5510 et

2847 5546 2961 5587 ene

2847 5546 2961 5587 8118

2137 5651 2314 5719 Zeno,
2348 5655 2408 5706 et
2441 5649 2648 5712 Zenas,
2681 5654 2972 5720 martyres
3015 5649 3260 5717 Christi,
3287 5653 3458 5704 erant
3486 5661 3554 5700 ex
3575 5641 3719 5697 urbe

2066 5736 2721 5812 PhiladelphiaArabiea
2748 5754 2761 5809 ;
2775 5737 2927 5795 Zeno
2941 5737 3185 5811 quidem
3198 5736 3424 5794 ordinis
3437 5731 3712 5791 militaris
