4134 6302
364 329 479 396 501

1681 325 2113 390 MENOLOGII
2154 328 2361 392 PARS
2408 329 2514 392 Ill.

3661 334 3782 396 508

369 466 556 523 Zenas
586 480 722 519 vero
755 464 884 534 ejus
925 479 1146 519 servus.
1206 465 1360 520 Zeno
1419 469 1617 520 autem
1665 465 2018 538 martyrium

2156 463 2198 520 Ο
2255 464 2350 534 μὲν
2404 466 2591 534 Ζήνων
2652 466 2989 540 στρατιώτης
3043 463 3142 536 ὤν,
3198 466 3228 522 6
3285 464 3344 521 δὲ
3388 469 3558 536 Ζηνᾶς
3592 463 3792 531 δοῦλος

371 572 477 627 pro
539 554 774 610 Christo
832 555 1214 611 vehementer
1277 556 1644 612 desiderans.
1707 563 2020 627 postquam

369 661 577 700 omnes
608 644 921 699 facultates
954 663 1091 700 suas
1132 647 1191 700 in
1216 662 1507 717 pauperes
1534 644 2028 711 distribuisset,et

374 751 571 790 servos
603 752 739 789 suos
774 735 1044 790 libertate
1071 735 1354 791 donasset
1381 753 1512 792 cum
1539 735 1663 790 solo
1690 735 1845 791 Zena
1875 750 2028 806 prae-

375 825 560 879 sidem
595 823 907 879 Maximum
942 825 1089 880 adiit
1121 843 1135 893 ;
1170 843 1426 897 cumque
1456 843 1655 881 coram
1693 825 1795 880 illo
1827 824 2026 878 stetis—

378 919 486 972 set.
519 914 812 968 Christum
849 916 1155 970 confessus
1192 917 1595 970 est.Extensus
1626 915 1825 985 itaque
1851 929 2029 985 super

380 1001 946 1074 terram,ﬂagrisque
982 1021 1169 1059 caesus
1199 1004 1377 1058 allata
1409 1020 1542 1058 mox
1575 1020 1694 1062 ara.
1718 1003 2027 1057 immolare

379 1092 714 1157 cogebatur.
757 1094 966 1148 Verum
1000 1093 1262 1148 calcibus
1312 1094 1473 1149 illam
1531 1094 1740 1148 evertit
1773 1135 1782 1143 .
1821 1107 2024 1162 quam~

379 1182 582 1236 obrem
619 1182 676 1236 in
711 1199 780 1253 eq
814 1183 1031 1237 .uleum
1071 1183 1750 1255 suspensus,crudeliter
1771 1180 2026 1252 depecti-

379 1278 492 1327 tur.
530 1272 748 1326 Deinde
786 1273 1094 1343 conjectus
1126 1273 1185 1326 in
1221 1272 1758 1328 carcereml‘erreis
1782 1269 2029 1326 vinculis

381 1361 826 1429 constringitur.
859 1362 1159 1418 Accedens
1205 1370 1405 1418 autem
1457 1369 1514 1418 et
1544 1364 1746 1423 Zenas.
1798 1360 2032 1414 vincula

382 1451 510 1521 ejus
541 1451 1190 1516 deosculabatur.Quod
1225 1460 1288 1506 ut
1321 1453 1556 1508 rescivit
1588 1449 2034 1524 praeses,jussit

381 1539 576 1610 ipsum
607 1557 725 1596 una
739 1541 1187 1597 vinciri.Postea
1208 1541 1415 1597 ambos
1451 1557 1481 1597 e
1504 1557 1740 1598 carcere
1763 1539 2031 1604 eductos,

381 1630 685 1686 mandavit
708 1631 899 1702 capite
932 1630 1134 1702 plecti.

2135 549 2321 608 αὐτοῦ.
2390 553 2486 610 Καὶ
2549 556 2577 610 6
2633 558 2820 625 Ζήνων
2881 555 3165 628 ἐπιθυμῶν
3219 560 3316 611 τοῦ
3402 553 3492 611 διὰ
3546 559 3788 630 Χριστὸν

2139 646 2464 715 μαρτυρίου,
2509 649 2679 700 πᾶσαν
2735 646 2900 701 αὐτοῦ
2956 648 3057 714 τήν
3117 645 3430 720 περιουσίαν
3493 647 3794 719 σκορπίσας

2137 730 2212 792 είς
2241 733 2368 794 τοὺς
2428 735 2713 810 πτωχοὺς,
2774 734 2862 790 καὶ
2915 735 3042 797 τοὺς
3103 733 3337 798 δούλους
3396 735 3790 810 ἐλευθερώσας,

2141 823 2276 894 μετὰ
2306 826 2402 876 τοῦ
2432 827 2578 892 Ζηνᾶ
2613 825 2782 896 μόνου
2841 827 3162 902 παρεγένετο
3211 827 3346 899 πρὸς
3401 827 3493 880 τὸν
3547 826 3798 902 ἡγεμόνα

2139 912 2417 984 Μάξιμον,
2483 915 2572 968 καί
2635 913 2783 987 αὐτῷ
2863 914 3216 988 ἐμφανισθές
3291 913 3627 989 ὡμολόγησε
3697 916 3793 970 τὸν

2141 999 2392 1072 Χριστόν·
2424 1003 2511 1056 καί
2541 1000 2820 1068 ἁπλωθεὶς
2861 1004 2948 1060 ἐπὶ
2979 1007 3079 1073 τὴν
3120 1007 3244 1080 γῆν,
3306 1003 3583 1063 ἐτύπτετο.
3620 1011 3800 1080 Προσ-

2141 1092 2451 1165 ενεχθὲντος
2509 1089 2565 1146 δι
2655 1095 2849 1167 βωμοῦ
2908 1097 3245 1170 ἠναγκάζετο
3301 1094 3548 1158 ἐπιθῦσαι
3621 1095 3796 1166 αὐτῷ’

2139 1179 2204 1233 'U
2255 1178 2312 1234 εὶ
2344 1179 2633 1245 ολακτίσας
2693 1183 2854 1238 αὐτὸν
2901 1184 3178 1258 ἀνέτρεψε.
3235 1184 3330 1238 Διὰ
3382 1187 3543 1240 τοῦτο
3590 1204 3802 1259 κρεμα-

2142 1271 2284 1328 σθεὶς
2343 1273 2514 1342 ξέεται
2576 1271 2830 1349 ἀφειδῶς·
2889 1275 2979 1328 καὶ
3042 1274 3176 1346 μετὰ
3256 1273 3424 1328 ταῦτα
3485 1273 3680 1351 ἐρρίφη
3743 1274 3799 1327 ἐν

2142 1357 2637 1434 φυλακῇ,ὂεσμοῖς
2668 1358 2840 1425 δεθεὶς
2873 1359 3149 1437 σιδηροῖς.
3213 1360 3447 1427 Εἶσῆλθε
3505 1359 3564 1416 δὲ
3621 1361 3710 1417 καὶ
3766 1364 3800 1417 6

2143 1453 2340 1516 Ζηνᾶς,
2373 1451 2463 1504 καὶ
2515 1450 2797 1528 κατεφίλει
2854 1451 3019 1507 αὐτοῦ
3074 1453 3140 1507 τὰ
3195 1448 3387 1525 δεσμά.
3450 1449 3548 1506 Καὶ
3611 1451 3801 1524 μαθὼν

2143 1541 2303 1593 τοῦτο
2355 1540 2384 1594 6
2443 1541 2692 1614 ἡγεμὼν,
2751 1539 3002 1597 ἐκέλευσε
3078 1542 3165 1596 καὶ
3227 1540 3389 1597 αὐτὸν
3481 1538 3803 1609 συνδεθῆναι

2144 1624 2315 1700 αὑτῷ.
2371 1630 2504 1686 Εἶτα
2569 1632 2670 1700 τῆς
2757 1628 3009 1706 φυλακῆς
3093 1631 3441 1710 ἀμφοτέρους
3523 1625 3803 1705 ἐκϐαλὼν,

2146 1717 2562 1798 ἀπεκεφάλισεν.

381 1827 450 1884 Et
478 1834 754 1884 certamen
783 1831 958 1886 sancti
987 1831 1252 1901 martyris
1274 1828 1569 1887 Atistoclis
1625 1834 1679 1886 et
1733 1829 2024 1886 sociorum.

2156 1847 2236 1903 (ai
2268 1845 2501 1920 ἄθλησις
2556 1851 2652 1904 τοῦ
2707 1847 2861 1936 ἂγίου
2895 1851 3170 1936 μάρτυρος
3224 1845 3649 1926 ’Δριστοκλίους
3696 1848 3793 1905 καὶ

459 2023 707 2082 Sanctus
731 2026 1052 2083 Aristocles
1085 2033 1207 2084 erat
1242 2043 1310 2082 ex
1345 2029 1554 2100 Cypro,
1617 2026 1717 2083 Dei
1769 2026 2035 2083 ecclesia;

385 2114 712 2186 presbyter.
749 2117 1085 2188 Imperante
1116 2123 1316 2172 autem
1358 2116 1712 2172 Maximiano
1736 2133 1868 2171 cum
1901 2131 2035 2187 per-

389 2206 755 2261 secutionem
781 2208 1104 2267 timeret.in
1131 2213 1393 2262 montem
1426 2206 1743 2278 quemdam
1792 2221 1855 2260 se
1899 2221 2038 2260 con-

390 2294 546 2360 tulit,
582 2302 640 2350 et
670 2297 729 2350 in
756 2298 1102 2369 speluncam
1137 2314 1199 2353 se
1221 2296 1486 2352 abdidit:
1516 2297 1616 2352 ubi
1649 2313 1782 2352 cum
1821 2300 2036 2362 oraret,

389 2383 612 2439 audivit
642 2402 846 2441 vocem
905 2404 935 2442 e
983 2387 1128 2443 caelo
1179 2387 1290 2442 sibi
1350 2387 1813 2459 praecipientem,
1859 2392 1927 2441 ut
1977 2385 2040 2440 in

389 2475 769 2546 metropolim
802 2477 993 2531 abiret
1021 2483 1081 2531 et
1106 2477 1229 2531 illic
1261 2484 1562 2532 certamen
1598 2476 1864 2548 martyrii
1887 2474 2041 2530 subi-

385 2568 492 2616 ret.
530 2564 674 2619 Cum
729 2565 930 2635 itaque
963 2566 1034 2620 ad
1067 2572 1224 2620 mdes
1256 2568 1444 2621 sancti
1479 2566 1731 2638 apostoli
1765 2564 2048 2621 Barnabas

387 2652 784 2722 pervenisset,
818 2654 1141 2724 assumpsit
1171 2654 1615 2710 Demetrianum
1647 2655 2055 2710 diaconnmet

391 2739 781 2794 Athanasium
819 2739 1098 2795 lectorem
1113 2742 1285 2812 ,apud
1307 2758 1457 2812 quos
1473 2749 1753 2814 exceptus
1766 2741 2045 2814 hospitio,

392 2829 651 2882 narravit
673 2829 792 2883 illis
825 2846 956 2900 quas
991 2829 1102 2884 sibi
1126 2831 1186 2885 in
1219 2831 1443 2886 visione
1475 2830 2042 2905 contigerantAccio

394 2913 565 2984 piens
599 2931 732 2987 ergo
766 2915 926 2986 ipsos
961 2917 1194 2972 itineris
1227 2919 1644 2985 comites,abiit
1666 2920 1726 2974 in
1748 2926 2044 2991 metropo-

390 3001 496 3056 lim
522 3003 595 3057 ad
629 3004 996 3074 praesidem:
1047 3013 1104 3060 et
1163 3007 1460 3062 Christum
1522 3007 1847 3077 confessus,
1912 3024 2045 3062 cum

394 3093 570 3147 sociis
597 3093 720 3147 suis
755 3111 814 3148 in
852 3111 1149 3150 carcerem
1185 3096 1537 3151 detruditur.
1577 3099 1702 3151 Mox
1754 3097 1881 3168 ipse
1913 3097 2049 3167 qui-

2757 1922 2866 1976 τῶν
2896 1922 2989 1978 σὺν
3023 1922 3188 1995 αὐτῷ.

2214 2029 2273 2087 Ὀ
2319 2029 2414 2102 μὶν
2447 2031 2602 2107 ἅγιος
2638 2030 3005 2107 Ἀριστοκλῆς
3034 2032 3281 2107 ὑπῆρχεν
3315 2028 3374 2087 ἐκ
3402 2036 3503 2101 τῆς
3541 2029 3792 2106 Κύπρου,

2145 2113 2516 2193 πρεσϐύτερος
2555 2127 2656 2190 τῆς
2687 2125 2784 2176 τοῦ
2845 2126 2978 2177 Θεοῦ
3037 2119 3353 2191 ἐκκλησίας.
3414 2120 3538 2178 Ἐπὶ
3592 2116 3649 2175 Si
3695 2126 3802 2190 τῆς

2150 2206 2434 2284 βασιλείας
2495 2211 2861 2284 Μαξιμιανοῦ,
2919 2210 3012 2266 τὸν
3095 2207 3339 2285 διωγμὸν
3427 2205 3800 2284 φοϐούμενος,

2148 2295 2391 2362 ἀνελθὼν
2425 2298 2475 2354 ἐν
2509 2296 2622 2375 ὄρει
2654 2299 3106 2373 τινὶ,ἐκρύπτετο
3163 2299 3214 2354 ἐν
3269 2303 3349 2372 τῷ
3399 2297 3681 2370 σπηλαίῳ,
3741 2296 3796 2353 ἐν

2147 2386 2193 2461 ᾧ
2225 2389 2671 2463 προσευχόμενος
2701 2392 2904 2460 ἢκουσε
2933 2393 3120 2467 φωνῆς
3167 2390 3216 2463 ἐξ
3273 2388 3506 2462 οὐρανοῦ
3535 2386 3801 2444 κελευού-

2149 2499 2250 2548 σης
2289 2477 2448 2533 αὐτὸν
2480 2478 2734 2543 ἀπελθεῖν
2783 2479 2859 2542 εἰς
2918 2481 3018 2548 τήν
3081 2475 3452 2553 μητρόπολιν,
3501 2477 3656 2533 κάκεῖ
3711 2473 3798 2532 δι-

2146 2570 2512 2644 αγωνίσασθαι
2543 2570 2604 2624 τὸ
2639 2569 2965 2646 μαρτύριον.
3011 2569 3105 2626 Καὶ
3138 2569 3340 2647 φθάσας
3392 2566 3468 2632 είς
3500 2571 3590 2624 τὸν
3644 2567 3794 2623 οἶκον

2147 2662 2244 2713 τοῦ
2275 2659 2431 2735 ἁγίου
2483 2659 2795 2716 ἀποστόλου
2845 2656 3120 2736 Βαρνάϐα,
3170 2657 3436 2717 κατέλαϐε
3492 2661 3584 2715 τὸν
3621 2657 3805 2715 διάκο-

2149 2770 2240 2803 νον
2291 2752 2702 2822 Δημητριανὸν,
2758 2749 2847 2805 καί
2903 2752 2994 2806 τὸν
3053 2751 3397 2826 ἀναγνώστην
3461 2752 3800 2818 Ἀθανάσιον,

2147 2838 2238 2892 καὶ
2271 2841 2398 2913 παρ’
2455 2839 2630 2895 αὐτῶν
2683 2842 2962 2910 ξενισθεὶς,
3018 2837 3320 2917 διηγήσατο
3377 2841 3563 2904 αὐτοῖς
3625 2841 3801 2896 πάντα

2148 2929 2214 2983 τὰ
2243 2936 2342 2997 τῆς
2375 2929 2652 2992 ὀπτασίας.
2689 2931 2785 2985 Καὶ
2823 2925 3009 2986 λαϐὼν
3063 2932 3154 2986 καὶ
3214 2929 3409 2992 αὐτοὺς
3462 2927 3796 2986 συνοδοιπό-

2151 3039 2298 3092 ρους,
2327 3018 2568 3088 ἀπῆλθεν
2603 3017 2680 3081 εἲς
2711 3021 2810 3088 τήν
2848 3019 3194 3093 μητρόπολιν
3229 3022 3366 3096 πρὸς
3403 3021 3495 3076 τὸν
3526 3019 3797 3096 ἡγεμόνα,

2151 3109 2248 3162 Καὶ
2277 3110 2367 3164 τὸν
2426 3110 2657 3180 Χριστὸν
2717 3108 3072 3185 ὁμολογήσας
3129 3109 3455 3182 ἀπεκλείσθη
3523 3110 3655 3184 μετᾶ
3694 3117 3797 3178 τῆς

391 3181 526 3235 dem
558 3183 747 3252 capite
773 3183 1050 3252 plectitur
1072 3206 1085 3243 :
1111 3187 1522 3242 Demetrianus
1550 3204 1682 3242 vero
1711 3188 2042 3242 etAthana-

2156 3196 2399 3260 συνοδίας
2431 3199 2600 3254 αὐτοῦ
2630 3198 2682 3253 ἐν
2710 3203 2778 3272 τῇ
2828 3199 3066 3277 φυλακῇ.
3119 3201 3216 3256 Καὶ
3270 3202 3405 3273 μετὰ
3431 3201 3601 3255 ταῦτα
3633 3200 3797 3262 αὐτὸς

394 3271 515 3324 sius
545 3271 662 3342 igni
694 3272 914 3332 traditi.
967 3291 1101 3328 cum
1154 3275 1292 3330 inde
1353 3275 1526 3331 illaesi
1586 3277 1890 3343 exiissent,
1926 3278 2037 3348 ipsi

394 3376 632 3430 quoque
665 3360 1058 3417 decollantur.

467 3606 614 3662 141
650 3607 719 3663 Ει
747 3614 1022 3664 certamen
1077 3610 1259 3694 sancti
1313 3609 1580 3681 martyris
1611 3610 1891 3668 Eustachii
1918 3617 1970 3668 et

1075 3697 1367 3738 εοοιονωη.

470 3853 687 3925 Martyr
715 3854 928 3910 Christi
963 3855 1314 3911 Eustochius
1344 3855 1676 3927 imperante
1693 3856 2046 3912 Maximiano

401 3941 633 3998 claruit.
668 3943 811 3998 Cum
842 3950 1039 4000 autem
1073 3944 1372 4000 idolorum
1395 3945 1766 4002 sacriﬁculus
1799 3953 2047 4007 esset,ac

402 4037 676 4087 cerneret
706 4032 950 4087 Sanctos
1001 4051 1106 4105 pro
1153 4034 1385 4089 Christo
1419 4035 1766 4107 martyrium
1816 4036 1958 4108 pati,
1993 4040 2049 4089 et

404 4119 674 4174 inaudita
696 4120 993 4175 mirabilia
1014 4122 1532 4194 facere.propriam
1565 4125 2050 4194 superstitionem

407 4224 752 4281 agnoscens,
790 4215 966 4280 atque
997 4211 1071 4265 ad
1113 4212 1442 4266 Eudoxium
1479 4213 1823 4285 episcopum
1847 4214 2054 4268 Antio-

408 4297 665 4353 chenum
701 4299 1012 4359 accedens.
1044 4299 1371 4371 baptizatus
1402 4302 1550 4356 fuit:
1607 4308 1665 4359 et
1722 4302 2052 4358 sacerdotio

412 4388 596 4444 etiam
632 4387 922 4445 initiatus.
972 4388 1047 4444 ad
1093 4390 1299 4445 urbem
1335 4391 1566 4462 Lytram
1626 4392 1918 4463 perrexit:
1954 4391 2055 4447 ubi

413 4485 690 4552 nepotem
725 4496 895 4534 suum
918 4479 1470 4552 Gaianum,tresqne
1493 4482 1624 4551 ejus
1643 4481 1798 4536 ﬁlios
1816 4481 2055 4554 reperit,

414 4585 562 4641 quos
595 4569 654 4624 in
687 4570 916 4626 Christo
949 4570 1280 4643 baptizavit,
1301 4573 1756 4642 universamque
1790 4570 2055 4643 ejusdem

414 4661 848 4731 cognationem.
902 4661 1141 4716 Delatus
1181 4662 1379 4733 itaque
1436 4662 1592 4734 apud
1638 4661 1951 4732 praesidem
1983 4660 2056 4717 ab

414 4747 1026 4820 idololatris,cumque
1045 4758 1165 4808 tota
1194 4752 1381 4823 ipsius
1403 4752 1754 4824 cognatione
1777 4768 2056 4823 compre-

414 4835 657 4902 hensus,
691 4839 1015 4895 saevissime
1046 4841 1458 4896 discruciatur.
1485 4842 1610 4896 Mox
1643 4845 1935 4914 Ancyram
1983 4839 2058 4896 ad

411 4926 799 4998 Agrippinum
833 4929 1234 4997 transmissus.
1267 4931 1338 4987 ab
1362 4932 1560 4988 eodem
1615 4934 1831 4987 iterum
1863 4932 2059 4988 omnis

415 5016 647 5085 generis
672 5017 1031 5074 cruciatibus
1057 5027 1294 5075 vexatus
1322 5027 1426 5075 est.
1454 5023 1827 5077 Postremum
1853 5037 2060 5077 omnes

415 5105 858 5175 promptissime
877 5114 1054 5179 caput
1079 5109 1509 5180 amputandum
1541 5109 1829 5166 obtulere.

948 5322 1186 5379 EODEM
1226 5323 1482 5380 MENSE.

918 5411 1021 5468 Die
1052 5412 1334 5469 vicesima
1351 5418 1562 5484 quarta

669 5509 943 5569 Nativitas
973 5515 1153 5570 sancti
1175 5514 1407 5570 Joannis
1428 5512 1812 5584 przcursoris.

490 5701 734 5777 Magnus
759 5708 820 5762 et
849 5703 1318 5778 gloriosissimus
1361 5702 1674 5780 propheta,
1706 5705 2066 5780 Precursor,

2155 3291 2250 3362 μὲν
2301 3288 2727 3366 ἀπεκεφαλίσθη·
2789 3291 2816 3344 6
2876 3287 2932 3345 δὲ
2987 3293 3371 3366 Δημητριανὸς
3429 3293 3518 3346 καὶ
3571 3291 3799 3347 Ἀθανά-

2149 3399 2264 3440 σιος
2296 3380 2426 3456 πυρὶ
2453 3378 2843 3454 παρεδόθησαν.
2883 3379 2985 3435 Καὶ
3045 3376 3308 3446 ἀϐλαϐεῖς
3359 3381 3664 3451 ἐξελθόντες
3690 3383 3792 3436 τοῦ

2149 3471 2344 3545 πυρὸς,
2377 3468 2884 3548 ἀπεκεφαλίσθησαν
2916 3469 3007 3526 καὶ
3038 3471 3216 3530 αὐτοί.

2152 3615 2254 3672 Καὶ
2283 3613 2514 3688 ἄθλησις
2543 3617 2641 3672 τοῦ
2681 3615 2836 3690 ἁγίου
2856 3618 3144 3709 ,μάρτυρηος
3199 3616 3507 3692 Εὖστοχίου
3564 3615 3655 3672 καὶ
3686 3619 3792 3672 τῶν

2822 3709 2914 3744 συν
2960 3709 3128 3761 αυτῳ.

2226 3857 2526 3920 Εὐστόχιος
2558 3859 2586 3913 6
2615 3863 2713 3913 τοῦ
2744 3861 2979 3931 Χριστοῦ
3013 3858 3237 3934 μάρτυς,
3279 3857 3498 3932 ὑπῆρχε
3559 3857 3652 3931 μὶν
3712 3855 3802 3911 ἐπὶ

2155 3954 2255 4016 τῆς
2289 3946 2566 4021 βασιλείας
2599 3949 2959 4020 Μαξιμιανοῦ.
3015 3947 3208 4022 Ἰερεῦς
3270 3945 3327 4003 δὶ
3380 3947 3446 4017 ἧν
3499 3950 3606 4002 τῶν
3641 3944 3801 4002 εἰδώ-

2159 4037 2288 4095 λων.
2325 4037 2427 4094 Καὶ
2458 4040 2674 4111 θεωρῶν
2732 4038 2861 4100 τοὺς
2923 4037 3104 4112 ἁγίους
3139 4038 3274 4112 ὑπὲρ
3331 4038 3565 4114 Χριστοῦ
3601 4057 3804 4112 μαρτυ-

2159 4130 2406 4203 ροῦντας,
2464 4127 2552 4182 καὶ
2612 4129 2680 4182 τά
2753 4124 3032 4200 παράδοξα
3117 4129 3366 4201 θαύματα
3432 4124 3808 4198 ἐπιτελοῦντας,

2157 4215 2402 4290 κατέγνω
2457 4223 2557 4285 τῆς
2615 4215 2820 4280 οἰκείας
2903 4216 3214 4289 θρησκείας.
3303 4217 3406 4273 Καὶ
3491 4215 3810 4292 προσελθὼν

2164 4303 2404 4377 Εὐδοξίῳ
2459 4309 2538 4378 τῷ
2593 4303 2877 4380 tmme
2927 4305 3292 4382 Ἀντιοχείας,
3349 4301 3663 4373 ἐϐαπτίσθη.
3708 4305 3807 4361 Καὶ

2160 4403 2260 4465 τῆς
2341 4399 2438 4450 τοῦ
2523 4391 2912 4474 πρεσϐυτερίου
2997 4396 3340 4473 χειροτονίας
3438 4398 3808 4470 καταξιωθείς,

2163 4485 2331 4555 ἦλθεν
2365 4483 2441 4547 είς
2467 4487 2629 4542 πόλιν
2660 4485 2962 4562 λεγομένην
2992 4487 3222 4561 Λύτραν.
3288 4486 3381 4541 Καὶ
3439 4487 3534 4541 τὸν
3590 4488 3809 4560 ἀνεψιὸν

2087 4601 2131 4666 D
2165 4576 2330 4632 αὐτοῦ
2386 4577 2632 4646 Γαῖανὸν,
2689 4578 2776 4632 καὶ
2863 4577 2929 4632 τὰ
2959 4577 3084 4649 τρία
3155 4575 3321 4632 αὐτοῦ
3394 4578 3556 4632 τέκνα
3613 4576 3808 4651 εὑρὼν,

2166 4666 2445 4723 ἐϐάπτισεν
2479 4666 2673 4731 αὐτοὺς
2703 4665 2781 4728 εἲς
2813 4667 3062 4742 Χριστὸν,
3092 4665 3301 4739 ὁμοίως
3345 4666 3429 4722 καὶ
3483 4671 3653 4722 πᾶσαν
3713 4668 3813 4736 τὴν

2166 4759 2471 4833 συγγένειαν
2557 4755 2741 4813 αὐτοῦ.
2784 4756 3206 4828 Καταμηνυθεὶς
3262 4753 3354 4809 οὖν
3440 4759 3519 4828 τῷ
3576 4755 3814 4831 ἡγεμόνι

2167 4848 2312 4921 παρά
2341 4851 2447 4902 τῶν
2482 4842 2930 4917 εἶδωλολατρῶν,
2980 4847 3067 4899 καί
3119 4842 3409 4916 κρατηθείς
3472 4844 3606 4917 μετά
3637 4844 3817 4914 πάσης

2169 4937 2336 4992 αὐτοῦ
2393 4943 2492 5004 τῆς
2551 4935 2886 5011 συγγενείας,
2941 4933 3260 5008 ἐτιμωρήθη
3350 4931 3625 5008 σφοδρῶς.
3687 4931 3820 4987 Εἶτα

2173 5025 2576 5104 μεταπεμφθεὶς
2611 5025 2688 5090 εἰς
2715 5027 2992 5102 Ἄγκυραν
3048 5025 3185 5099 πρὸς
3231 5025 3615 5101 Ἃγριππῖνον,
3649 5021 3816 5078 πάλιν

2170 5115 2492 5189 ἐτιμωρήθη
2527 5121 2796 5191 παγγενῆ.
2830 5115 2932 5171 Καὶ
2956 5114 3115 5176 τέλος
3148 5109 3375 5175 ἅπαντες
3434 5116 3531 5176 τὰς
3574 5110 3821 5191 κεφαλὰς

2169 5204 2468 5280 προθύμως
2499 5205 2911 5279 ἀπετμήθησαν.

2717 5332 2900 5389 ΜΗΝΙ
2929 5330 3025 5387 ἾὬ
3075 5333 3269 5386 ΑΥΤΩ.

2932 5418 3056 5476 ΚΔ’.

2284 5511 2356 5568 Τὸ
2395 5511 2682 5577 Γενέθλιον
2712 5508 2808 5568 τοῦ
2838 5509 2994 5587 ἁγίου
3025 5509 3281 5566 Ἰωάννου
3338 5512 3436 5564 τοῦ
3467 5505 3718 5584 Προδρό-

2928 5603 3058 5656 μου.

2251 5704 2510 5778 Ἰωάννης
2545 5705 2575 5762 6
2635 5701 2800 5785 μέγας
2855 5702 2947 5760 καὶ
3003 5695 3218 5773 ἔνδοξος
3274 5700 3597 5778 Προφήτης,
3679 5697 3828 5778 Ηρό-
