4158 6310
389 366 501 425 5H

946 497 1184 556 EODEM
1234 496 1485 555 MENSE.

906 599 1012 655 Die
1044 598 1322 655 vicesima
1363 603 1527 654 sexta

390 688 547 744 148
600 690 1061 745 Commemoratio
1117 691 1295 743 sancti
1348 688 1532 742 Patris
1584 688 1762 742 nostri
1806 682 2040 742 Joannis

908 761 1150 831 episcopi
1180 759 1531 816 Gotthorum.

465 876 713 931 Sanctus
767 876 939 930 Pater
999 882 1204 930 noster
1246 874 1526 937 Joannes,
1576 872 1731 928 sicut
1787 887 2038 945 magnus

390 964 679 1036 propheta
708 962 1011 1027 Jeremias,
1048 964 1119 1019 ab
1161 964 1414 1019 infantia
1459 962 1885 1029 sanctificatus,
1935 977 2037 1032 pa-

382 1053 651 1107 rentibus
683 1053 796 1124 piis
828 1069 894 1108 ac
926 1053 1203 1108 fidelibus
1218 1069 1287 1108 ex
1312 1053 1707 1124 promissione
1730 1058 1904 1106 natus
1926 1055 2035 1119 est,

385 1141 683 1212 simulque
716 1142 787 1197 ab
820 1142 1032 1197 iisdem
1064 1143 1297 1198 oblatus
1332 1142 1444 1197 fuit
1478 1143 1592 1197 Deo
1625 1141 1871 1201 donum.
1893 1156 2034 1195 con-

387 1236 769 1303 secratusque
824 1232 1089 1287 ecclesias
1123 1232 1497 1304 episcopatus
1530 1231 1801 1299 Gotthiaa,
1844 1230 2036 1287 Leone

386 1324 589 1379 Isauro
623 1324 1003 1395 imperatore.
1028 1324 1171 1378 Cum
1204 1330 1403 1379 autem
1430 1323 1503 1378 ad
1537 1336 1880 1377 mensuram
1912 1327 2036 1375 tum

388 1413 867 1485 spiritualis,tum
901 1414 1225 1485 corporalis
1249 1414 1438 1468 astatis
1470 1411 2039 1484 pervenisset,opor-

388 1507 659 1574 teretque
691 1520 828 1559 eum
860 1502 933 1559 ad
966 1504 1347 1573 pontificatus
1380 1502 1659 1557 thronum
1690 1498 2033 1568 ascendere,

386 1594 608 1666 proprii
637 1593 838 1665 populi
870 1593 1165 1660 suffragiis
1198 1592 1421 1647 electus
1451 1592 1512 1646 in
1556 1591 1806 1647 lberiam
1854 1589 2035 1645 mitti-

384 1689 501 1745 tur.
536 1692 713 1756 atque
743 1702 776 1740 a
805 1686 1086 1756 pontifice
1126 1685 1287 1740 illius
1311 1683 1567 1757 regionis
1600 1682 1931 1749 ordinatur,
1966 1696 2032 1735 eo

390 1772 551 1844 quod
607 1773 1183 1845 Constantinopolim
1228 1769 1758 1828 Iconomachorum
1790 1768 2034 1826 haresis

1711 359 2149 426 MENOLOGII
2192 357 2393 421 PARS
2436 358 2543 420 IIl.

3683 362 3805 422 513

2071 493 2125 562 Α
2715 490 2896 547 MHNI
2925 493 3009 544 rn
3044 452 3244 547 Ar'ro.

2995 587 3035 623 γε

2942 589 3035 646 Κ⁷“

2151 678 2365 754 Μνήμῃ
2396 681 2495 735 τοῦ
2527 677 2683 734 όσίου
2723 677 2936 754 Πατρὸς
2968 629 3156 754 ,ἱμῶν
3217 676 3472 734 Ἰωάννου
3503 675 3805 736 ἐπισκόπου

2856 750 3091 810 Γὸτθων,

2218 868 2479 940 Ἰωάννης
2539 871 2567 925 ὁ
2629 868 2681 925 ἓν
2740 869 2914 946 ἀγίοις
2968 871 3153 945 Πατὴρ
3212 871 3505 944 ἡμῶν,ὼς
3540 872 3568 926 ὁ
3632 894 3805 948 μεγας

2145 960 2437 1036 προφήτης
2487 958 2774 1033 Ἱερεμίας,
2827 959 2886 1015 ἐκ
2938 959 3170 1036 βρέφους
3228 961 3504 1035 ἀγιασθεὶς
3534 961 3798 1039 ἐγεννήθη

2146 1045 2197 1119 ἐξ
2256 1045 2580 1124 ἐπαγγελίας
2635 1050 2782 1124 παρᾶ
2827 1052 3031 1124 γονέων
3098 1045 3346 1105 εύΛαϐὦν
3392 1050 3483 1106 καὶ
3565 1058 3796 1108 πιστῶν⁶

2134 1135 2234 1191 καὶ
2262 1134 2423 1207 ἐδόθη
2455 1138 2581 1210 παρ’
2623 1138 2799 1193 αὐτῶν
2829 1139 2941 1211 ἅμα
2994 1144 3073 1211 τῷ
3126 1142 3449 1216 γεννηθῆναι
3480 1138 3655 1216 δῶρον
3711 1146 3800 1215 τῷ

2145 1230 2283 1297 Θεῷ,
2369 1224 2691 1305 ἀφιερωθεὶς
2769 1232 2841 1302 τῇ
2919 1226 3187 1301 ἐκκλησίᾳ
3294 1236 3396 1300 τῆς
3491 1230 3800 1302 ἑπισκοπῆς

2145 1314 2369 1380 Γοτθίας
2427 1316 2515 1371 ἐπὶ
2561 1322 2665 1382 τῆς
2727 1317 3003 1393 βασιλείας
3061 1320 3292 1382 Κὲοντος
3362 1323 3459 1374 τοῦ
3526 1320 3804 1396 ἰσαύρου.

2144 1404 2292 1462 Ἐπεὶ
2327 1403 2384 1461 δὲ
2414 1404 2490 1468 είς
2514 1406 2707 1481 μέτρον
2739 1406 2830 1463 καὶ
2879 1414 2979 1478 τῆς
3037 1416 3411 1482 πνευματικῆς
3470 1409 3560 1465 καὶ
3611 1432 3801 1484 σωμα-

2142 1502 2301 1565 τικῆς
2328 1494 2550 1573 ἔφθασεν
2582 1496 2828 1568 ἡλικίας,
2894 1498 2985 1554 καὶ
3033 1497 3141 1555 ἔδει
3209 1500 3372 1555 αὐτὸν
3433 1498 3511 1563 είς
3542 1501 3633 1555 τὸν
3692 1509 3802 1571 τῆς

2144 1584 2559 1661 ἀρχιερωσύνης
2615 1586 2805 1660 θρόνον
2861 1588 3125 1658 ἀνελθεῖν,
3183 1589 3472 1667 ψηφισθεῖς
3536 1589 3637 1645 ὑπὸ
3692 1595 3796 1645 τοῦ

2145 1672 2285 1731 ἰδίου
2317 1675 2454 1732 λαοῦ
2483 1677 2734 1753 ἐπέμφθη
2787 1678 2863 1741 είς
2926 1673 3188 1755 Ἰϐηρίαν,
3248 1678 3337 1734 καὶ
3392 1679 3790 1754 ἐχειροτονήθη

2148 1767 2254 1822 ὑπὸ
2283 1771 2382 1823 τοῦ
2413 1767 2585 1824 ἐκεῖσε
2616 1766 2772 1832 ὄντος
2802 1770 3129 1847 ἀρχιερέως,
3187 1768 3277 1827 διὰ
3303 1773 3365 1827 τὸ
3396 1772 3447 1826 ἐν
3509 1778 3800 1827 Κωνσταν-

387 1862 853 1919 obtineratlnde
888 1879 1176 1930 reversus,
1198 1878 1333 1917 cum
1355 1878 1591 1935 gregem
1615 1876 1788 1916 suum
1811 1859 2026 1931 optime

2145 1854 2461 1912 τινουπόλει
2486 1856 2790 1932 ἐπικρατεῖν
2824 1859 2924 1929 τήν
2956 1863 3063 1914 τῶν
3125 1857 3504 1932 εἷκονομάχων
3560 1858 3795 1936 αἳρεσιν.

388 1952 801 2026 gubernasset,
825 1953 1399 2025 Constantinopolim
1433 1958 1563 2025 post
1592 1951 1779 2008 Isauri
1809 1948 2037 2005 obitum

383 2044 589 2097 venit:
623 2043 723 2098 ubi
751 2044 822 2099 ab
878 2044 1254 2116 imperatrice
1290 2044 1452 2098 [rene
1486 2048 1787 2113 exceptus,
1819 2039 2037 2095 iterum

388 2131 462 2188 ad
496 2149 664 2188 suam
714 2134 1027 2189 ecclesiam
1078 2133 1392 2188 revertitur
1423 2150 1435 2187 :
1464 2134 1566 2187 sed
1607 2148 1640 2186 a
1672 2131 1908 2203 pr0prio
1941 2144 2039 2200 po-

384 2223 526 2293 pulo
583 2223 933 2298 exagitatus,
984 2223 1383 2280 Amastridem
1430 2221 1598 2296 fugit,
1648 2227 1708 2277 et
1745 2220 1828 2276 ibi
1856 2219 2035 2275 vitam

379 2311 589 2369 ﬁnivit.

945 2504 1188 2561 EODEM
1228 2502 1478 2559 MENSE.

843 2592 948 2650 Die
990 2594 1271 2648 vicesima
1319 2592 1575 2664 septima

378 2684 829 2741 Commemoratio
885 2684 1065 2739 sancti
1123 2684 1301 2738 Patris
1330 2682 1508 2737 nostri
1539 2677 1755 2751 Cyritii,
1790 2679 2036 2749 episcopi

1015 2755 1405 2811 Alexandrini.

454 2873 701 2928 Sanctus
725 2873 899 2928 Pater
920 2878 1124 2927 noster
1154 2867 1813 2944 Cyrillus.Alexandrise
1835 2872 2035 2933 natus,

377 2962 689 3035 Theophili
719 2964 1074 3034 patriarchas
1098 2960 1363 3034 ejusdem
1399 2960 1565 3015 urbis
1595 2955 2036 3030 nepos.perspi-

374 3053 499 3107 caci
580 3054 820 3125 ingenio
902 3053 1190 3125 praeditus
1225 3095 1238 3115 ,
1296 3051 1638 3105 universam
1696 3049 2035 3103 Grecorum

379 3139 973 3210 Christianorumque
1001 3140 1397 3195 litteraturam
1429 3136 1653 3204 didicit,
1680 3142 1738 3192 et
1767 3135 1841 3191 ad
1874 3150 2033 3190 sum-

2150 1944 2252 2002 Καὶ
2313 1946 2675 2024 ὑποστρέψας,
2764 1949 2855 2004 καὶ
2913 1948 3101 2012 καλῶς
3176 1950 3277 2020 τὴν
3334 1948 3571 2024 ποίμνην
3630 1950 3800 2006 αὐτοῦ

2142 2035 2441 2107 ποιμάνας,
2503 2032 2827 2110 ἀπεδήμησε
2896 2038 2985 2093 καὶ
3073 2041 3142 2113 τῇ
3216 2040 3799 2096 Κωνσταντινουπόλει

2148 2123 2283 2196 μετὰ
2332 2125 2590 2196 τελευτήν
2660 2131 2758 2182 τοῦ
2817 2127 3083 2203 Ἰσαύρου.
3141 2128 3237 2183 Καὶ
3318 2127 3591 2200 δεξιωθείς
3647 2132 3799 2205 παρὰ

2141 2220 2244 2282 τῆς
2294 2215 2621 2290 βασιΛὲσσης
2679 2215 2937 2293 Εἰρήνης.
2995 2218 3311 2293 ὑπέστρεψε.
3373 2219 3477 2277 Καὶ
3535 2218 3801 2296 διωχθείς

2141 2304 2288 2378 παρᾶ
2324 2310 2421 2360 τοῦ
2478 2305 2682 2363 οίκείου
2739 2305 2900 2372 λαοῦ,
2958 2308 3049 2364 καὶ
3103 2307 3286 2387 φυγὼν
3337 2309 3388 2365 ἂν
3448 2308 3794 2386 ’Δμάστριδι,

2142 2394 2512 2471 ὖτελεύτησεν.

2704 2510 2882 2568 MHNI
2933 2512 3024 2568 ΤΩ
3067 2516 3239 2568 ΔΥῙὬ

2918 2602 3014 2659 ΚΖ¹

2143 2687 2353 2761 Μνήμη
2380 2691 2477 2745 τοῦ
2508 2688 2561 2745 ἰν
2592 2689 2764 2767 ἁγίοις
2822 2693 3034 2769 lingit;
3064 2693 3225 2769 ᾐμῷν
3269 2690 3544 2769 Κυρίλλου
3573 2690 3796 2748 ἐπισκόο

2673 2782 2779 2818 που
2835 2761 3253 2839 Ἀλεξανδρείας

2214 2862 2490 2940 Κύριλλος
2522 2866 2550 2921 ὁ
2582 2864 2634 2921 ἐν
2669 2865 2845 2942 ἁγίοις
2878 2869 3068 2943 Πατὴρ
3099 2869 3283 2941 ἡμῶν,
3342 2868 3409 2939 ἦν
3445 2869 3540 2941 μὶν
3598 2867 3659 2925 ἐκ
3685 2877 3789 2940 τῆς

2140 2951 2357 3017 πόλεως
2418 2952 2852 3031 Ἀλεξανδρείας,
2915 2957 3128 3031 ἀνεψιὸς
3213 2956 3272 3013 δὲ
3348 2957 3616 3036 Θεοφίλου
3671 2981 3790 3015 πα-

2137 3046 2409 3120 τριάρχου
2467 3043 2893 3123 Ἀλεξανδρείας.
2944 3048 3164 3126 Εὐφυὴς
3223 3046 3280 3104 δὲ
3335 3050 3645 3125 γενόμενος,
3697 3052 3789 3107 καὶ

2137 3136 2309 3189 πᾶσαν
2338 3136 2521 3213 γραφή
2556 3132 2784 3200 διελθὼν
2827 3135 3162 3209 Ἑλληνικὴν
3221 3140 3361 3211 ὁμοῦ
3390 3140 3478 3194 καί
3510 3143 3789 3213 Χριστια-

379 3242 544 3281 mum
570 3227 798 3281 virtutis
822 3227 1120 3295 fastigium
1152 3226 1437 3297 pervenit.
1471 3224 1865 3307 Quamobrem
1899 3231 2026 3296 post

2140 3225 2318 3296 νικήν,
2349 3223 2428 3288 είς
2460 3225 2597 3300 ὕψος
2625 3226 2857 3298 ἀνῆλθεν
2902 3227 3123 3304 ἀρετῆς.
3174 3231 3333 3287 Ὅθεν
3394 3230 3529 3303 μετὰ
3583 3232 3795 3305 κοίμη-

378 3313 687 3384 Theophili
717 3314 990 3368 avunculi
1026 3314 1115 3368 sui
1149 3314 1377 3369 obitum
1410 3314 1712 3369 communi
1746 3314 2026 3387 suffragio

374 3402 915 3458 Alexandrinorum
932 3403 1005 3458 ad
1028 3402 1406 3474 pontificatus
1422 3404 1700 3459 thronum
1718 3410 2028 3476 provectus

377 3496 482 3546 est.
520 3492 765 3564 Gregem
789 3492 989 3564 itaque
1041 3492 1397 3564 suscipiens,
1428 3498 1496 3548 ut
1517 3492 1761 3567 pervigil
1800 3498 2025 3565 pastor,

369 3578 683 3637 haereticos
716 3582 955 3653 quidem
973 3588 1035 3637 ut
1058 3582 1228 3653 lupos
1247 3582 1562 3654 exagitavit
1585 3600 1598 3645 ;
1621 3582 1830 3638 fideles
1852 3600 2012 3654 vero,

371 3676 430 3725 et
462 3670 823 3727 orthodoxos
856 3670 1119 3727 veritatis
1148 3671 1436 3727 doctrinis
1471 3672 1863 3729 confirmavit.
1921 3673 2026 3728 Hic

374 3762 554 3817 etiam
608 3762 942 3817 Nestorium
994 3762 1347 3818 haereticum
1397 3761 1694 3835 deposuit,
1740 3763 2023 3830 aientem,

374 3850 687 3922 Deiparam
737 3869 867 3908 esse
918 3852 1153 3908 Domini
1192 3851 1541 3923 genitricem
1570 3852 2021 3909 nominandam.

372 3942 591 3995 Contra
620 3940 747 4012 ipse
763 3940 1194 4009 reclamavit,et
1216 3942 1394 3998 veluti
1418 3942 1632 4015 dogma
1658 3942 2019 4014 praedicavit,

369 4030 606 4100 proprie
638 4046 891 4100 vereque
925 4031 1237 4102 Deiparam
1296 4031 1719 4103 appellandam
1765 4049 1931 4088 esse:
1966 4036 2024 4087 et

370 4118 798 4174 mcumenicam
832 4118 1126 4191 synodum
1186 4119 1259 4174 ob
1318 4121 1472 4175 hanc
1533 4138 1771 4177 causam
1805 4121 2019 4192 Ephesi

367 4208 737 4277 temporibus
768 4209 1079 4264 Theodosii
1130 4211 1391 4280 junioris
1422 4213 1812 4285 congregavit.
1850 4214 2017 4268 Post-

368 4294 494 4351 haac
525 4296 945 4353 Alexandriam
995 4315 1288 4359 reversus.
1337 4300 1695 4371 scriptisque
1736 4301 2019 4359 adversus

368 4402 607 4441 omnem
631 4387 906 4444 haeresim
933 4387 1205 4461 pluribus
1236 4387 1426 4457 libris,
1461 4388 1522 4444 in
1549 4406 1695 4461 pace
1726 4390 1797 4447 ad
1833 4392 2017 4449 Deum

370 4476 663 4549 migravit.

368 4568 527 4623 144
555 4568 623 4623 Et
648 4568 1090 4624 commemoratio
1146 4569 1322 4623 sancti
1367 4568 1550 4625 Patris
1606 4572 1780 4627 nostri
1841 4570 2015 4627 David

983 4638 1395 4698 Thessalonica.

432 4815 680 4873 Sanctus
704 4821 876 4875 Pater
906 4824 1129 4885 noster,
1163 4825 1341 4891 atque
1384 4819 1835 4893 thaumaturgus
1896 4828 2011 4878 Da-

360 4904 473 4959 vid.
507 4923 575 4960 ex
606 4910 872 4979 partibus
906 4911 1163 4965 Orientis
1200 4911 1492 4982 originem
1525 4911 1767 4984 quidem
1800 4913 2007 4981 duxit;

362 4995 608 5051 veniens
640 5006 837 5054 autem
864 5000 924 5053 in
956 5001 1679 5061 Occidentem,virtutibus
1703 5002 1878 5058 illum
1896 5003 2013 5058 col-

363 5084 656 5155 lustravit,
702 5089 860 5144 velut
889 5089 1443 5160 splendidissimum
1492 5091 1677 5147 sidus.
1711 5096 1757 5149 A
1790 5093 2011 5149 teneris

367 5174 609 5247 quippe,
667 5183 734 5232 ut
790 5179 978 5241 aiunt,
1037 5179 1373 5250 unguiculis
1404 5178 1596 5236 factus
1654 5184 2009 5251 monachus,

364 5263 749 5333 abstinentia,
785 5274 845 5322 et
879 5268 1147 5323 castitate
1201 5267 1543 5325 affectiones
1601 5272 1796 5327 carnis
1828 5272 2013 5345 subji-

360 5355 549 5421 ciens,
588 5357 865 5428 apparuit
889 5373 1022 5412 cum
1045 5373 1289 5427 corpore
1314 5358 1579 5429 angelus.
1615 5360 1851 5432 Majoris
1881 5378 2014 5418 vero

355 5442 604 5511 laboris,
641 5452 701 5501 et
725 5446 1157 5518 praestantioris
1186 5446 1416 5500 virtutis
1445 5447 1718 5519 cupidus,
1752 5450 1952 5523 fugam
1983 5469 2017 5508 a

362 5538 529 5590 terra
556 5537 850 5609 cogitavit,
886 5537 1027 5591 etin
1060 5536 1238 5591 caelos
1295 5551 1649 5604 ascensum;
1699 5546 1878 5611 atque
1924 5557 2020 5596 ar-

354 5623 576 5685 borum
600 5628 977 5702 amygdalum
1034 5642 1265 5693 nactus,
1319 5627 1528 5684 sedem
1569 5628 1681 5685 sibi
1746 5630 2023 5689 idoneam

373 5721 541 5796 juxta
573 5718 1075 5794 Thessalonicam,
1098 5718 1240 5777 illuc
1269 5717 1576 5792 ascendit;
1611 5726 1671 5780 et
1700 5720 2023 5796 aliquando

2139 3333 2220 3367 σιν
2280 3314 2547 3391 Θεοφίλου
2602 3319 2699 3371 τοῦ
2786 3315 2930 3382 θείου
2987 3318 3152 3374 αὐτοῦ
3230 3320 3391 3391 κοινῇ
3445 3322 3617 3393 ψήφῳ
3672 3324 3786 3375 τῶν

2132 3400 2525 3479 Ἀλεξανδρέων
2572 3403 2659 3460 ἐπί
2715 3406 2807 3461 τόν
2866 3413 2967 3476 τῆς
3052 3406 3468 3484 ἀρχιερωσύνης
3549 3409 3771 3485 ἀνήχθη

2134 3488 2348 3564 θρόνον.
2407 3493 2513 3548 Καὶ
2568 3494 2666 3563 τήν
2721 3493 2957 3567 ποίμνην
3017 3492 3375 3572 παραλαϐὼν,
3435 3498 3512 3559 ὡς
3566 3501 3782 3570 ποιμήν

2131 3576 2422 3656 ἄγρυπνος,
2461 3580 2590 3645 τοὺς
2650 3582 2744 3656 μὶν
2805 3584 3110 3658 αἱρετικοὺς
3170 3585 3247 3647 ὡς
3304 3584 3508 3650 λύκους
3568 3584 3778 3660 ἐδίωξευ

2130 3669 2257 3729 τοὺς
2282 3669 2339 3725 δὲ
2396 3673 2625 3735 πιστοὺς
2682 3673 2771 3727 καὶ
2831 3671 3156 3746 ὀρθοδὸξους
3212 3671 3472 3751 δόγμασιν
3526 3674 3793 3747 ἀληθείας

2131 3757 2431 3835 ἐστήριξεν.
2463 3760 2638 3824 Οὗτος
2692 3761 2783 3817 καὶ
2838 3764 2929 3818 τὸν
2964 3763 3238 3837 αἱρετικὸν
3301 3766 3619 3841 Νεστόριον,
3676 3772 3787 3821 Κυ-

2131 3850 2379 3924 ριοτόκον
2435 3852 2534 3921 τὴν
2595 3852 2856 3908 Θεοτόκον
2917 3851 3144 3930 λέγοντα
3201 3853 3467 3923 καθελὼν,
3515 3855 3781 3912 Θεοτόκον

2128 3938 2329 4017 κυρίως
2386 3941 2474 3997 καὶ
2536 3940 2761 4013 ἀληθῶς
2812 3942 3117 4020 ἐξεφώνησέ
3172 3965 3229 3999 τε
3257 3945 3347 3999 καὶ
3400 3944 3780 4020 ἐδογμάτισενο

2128 4029 2352 4085 σύνοδον
2436 4030 2823 4104 οἷκουμενικήν
2886 4032 3237 4107 συναθροίσας
3291 4033 3342 4089 ἐν
3425 4035 3631 4112 Ἐφέσῳ
3690 4036 3782 4091 ἐπὶ

2124 4122 2224 4185 τῆς
2260 4118 2539 4195 βασιλείας
2568 4125 2666 4176 τοῦ
2696 4125 2895 4196 μικροῦ
2928 4119 3239 4182 Θεοδοσίου.
3295 4123 3392 4179 Καὶ
3446 4125 3580 4197 μετὰ
3610 4129 3780 4181 ταῦτα

2124 4210 2224 4278 τήν
2255 4207 2659 4286 Ἀλεξάνδρειαν
2713 4207 3063 4280 καταλαϐὼν,
3121 4214 3211 4268 καὶ
3280 4210 3496 4276 πολλᾶς
3552 4208 3786 4289 βίϐλους

2128 4299 2575 4374 συγγραψάμενος
2602 4299 2737 4355 κατᾶ
2768 4301 2943 4370 πάσης
2975 4300 3255 4376 αἱρέσεως,
3303 4301 3356 4357 ἐν
3413 4301 3604 4378 εἰρήνῃ
3636 4306 3774 4376 πρὸς

2127 4388 2254 4443 Θεὸν
2288 4385 2438 4461 ἐξεδή
2450 4408 2640 4462 μησεν.

2043 4608 2093 4674 D
2199 4578 2303 4634 Καὶ
2339 4581 2533 4653 μνήμη
2566 4582 2664 4635 τοῦ
2716 4578 2874 4674 ὁσίου
2907 4581 3119 4674 Ῑξατρὸς
3149 4583 3309 4657 ἡμῶν
3371 4578 3541 4641 Δαϐίδ
3585 4586 3613 4642 ὁ
3648 4583 3700 4642 ἰν

2749 4652 3119 4730 Θεσσαλονίκῃ
3130 4700 3142 4713 .

2188 4824 2251 4881 Ὀ
2280 4822 2332 4879 ἐν
2364 4824 2539 4901 ἁγίοις
2580 4826 2765 4899 Πατὴρ
2823 4828 2983 4901 ἡμῶν
3042 4828 3132 4884 καί
3190 4831 3603 4907 θαυματουργὸς
3673 4841 3773 4889 Δα-

2120 4911 2231 4987 ϐὶδ,
2268 4916 2485 4991 ὑπῆρχε
2518 4919 2612 4989 μὶν
2674 4917 2726 4991 ἐξ
2784 4917 3116 4979 ’Δνατολῶνο
3178 4918 3504 4980 καταλαϐὼν
3567 4922 3623 4980 δὲ
3671 4927 3772 4996 τήν

2121 5005 2299 5076 Δύσιν,
2357 5009 2718 5086 κατεφώτισεν
2781 5009 2948 5079 αὐτὴν
2994 5015 3113 5071 ταῖς
3163 5010 3399 5084 ἀρεταῖς,
3460 5014 3535 5076 ὼς
3595 5015 3769 5090 ἀστήρ

2120 5094 2471 5173 πολύφωτοςο
2505 5097 2555 5172 ἐξ
2615 5097 2842 5155 ἀπαλῶν
2898 5100 2999 5176 γὰρ
3062 5100 3278 5177 ὀνύχων
3336 5104 3628 5179 γενόμενος
3665 5128 3766 5180 μου

2120 5187 2314 5262 ναχὸς,
2345 5186 2434 5243 καὶ
2465 5187 2751 5263 ἐγκρατείᾳ
2781 5188 2869 5245 καὶ
2902 5190 3088 5266 ἁγνείᾳ
3116 5192 3183 5245 τὰ
3228 5190 3373 5262 πάθη
3431 5199 3532 5264 τῆς
3573 5197 3771 5265 σαρκὸς

2126 5274 2415 5349 ὑποτάξας,
2469 5276 2648 5353 ὼρᾶτο
2710 5279 2845 5352 μετᾶ
2899 5278 3152 5353 σώματος
3234 5278 3489 5356 ἅγγελος.
3552 5284 3772 5341 Ἐπιθυ-

2130 5368 2243 5439 μῶν
2305 5362 2361 5420 δὲ
2417 5364 2675 5430 πλειονος
2720 5368 2916 5437 κόπου,
2968 5368 3056 5424 καὶ
3120 5368 3370 5442 μείζονος
3412 5371 3628 5447 ἀρετῆς,
3687 5373 3773 5430 δι-

2128 5460 2332 5511 ενοεῖτο
2358 5456 2455 5524 τήν
2487 5456 2593 5512 ἀπὸ
2621 5464 2727 5533 γῆς
2754 5460 2957 5537 φυγὴν,
3013 5459 3103 5515 καὶ
3161 5461 3297 5532 πρὸς
3355 5461 3583 5536 οὐρανὸν
3641 5465 3773 5520 ἀνά-

2130 5542 2417 5604 ϐασιν.Καὶ
2448 5547 2617 5623 εὑρὼν
2649 5546 2867 5625 δένδρον
2926 5548 3274 5625 ἀμυγδαλῆς,
3332 5554 3468 5627 πρὸς
3517 5552 3776 5626 καθέδραν

2133 5631 2468 5706 ἰπιτήδειον,
2516 5636 2753 5705 πλησίον
2814 5636 3241 5711 Θεσσαλονίκης,
3293 5641 3383 5698 καὶ
3465 5643 3544 5708 είς
3596 5643 3773 5702 ἐκεῖνο

2133 5719 2355 5798 ἀναϐὰς,
2387 5726 2477 5783 καὶ
2508 5727 2641 5786 ποτὲ
2673 5728 2768 5803 μὶν
2797 5728 3107 5806 ἱστάμενος,
3139 5730 3271 5790 ποτὶ
3312 5728 3371 5790 Si
3414 5734 3777 5811 καθεζόμενος
