4134 6302
295 361 422 424 513

1835 357 2136 426 JUNIUS.

3595 369 3717 431 δη

294 527 393 582 τὸν
426 523 552 581 Θεὸν
590 518 861 578 ἔδυσώπει
896 517 985 577 διὰ
1040 519 1257 584 παντός.
1318 518 1422 579 Καὶ
1478 519 1605 583 τοὺς
1634 522 1771 595 πρὸς
1800 519 1950 577 aena

2074 526 2317 599 quidem
2351 526 2863 599 stans,aliquando
2894 544 3029 585 vero
3063 529 3489 597 sedens,Deum
3508 550 3716 607 perpe-

295 613 717 695 ἀπερχομένους
743 613 905 689 χάριν
967 611 1234 690 ὠφελείας
1279 612 1574 687 στηρίζων,
1603 614 1693 669 καὶ
1724 613 1792 668 τὰ
1820 613 1958 688 πρὸς

292 707 573 783 σωτηρίαν
635 702 905 760 διδάσκων
967 702 1218 757 ἁπὲλυεν.
1279 701 1379 759 Καὶ
1435 700 1579 758 οὕτω
1632 702 1809 779 βιοὺς,
1864 703 1955 757 καὶ

294 799 465 875 ψύχει
496 801 586 852 καὶ
627 793 867 867 καύματι
919 791 1469 865 ταλαιπωρούμενος,
1531 791 1837 863 ἐπλούτησε
1865 792 1954 848 καὶ

294 886 590 960 θαυμάτων
624 883 913 958 ἐνέργειαν.
949 881 1053 939 Καὶ
1084 880 1135 937 ἐν
1157 886 1286 936 πᾶσι
1320 880 1414 935 τὸν
1436 881 1567 937 Θεὸν
1600 880 1953 956 θεραπεύσας,

290 979 432 1052 πρὸς
460 976 625 1032 αὐτὸν
658 971 1010 1045 ἐξεδήμησεν.

360 1172 466 1233 Καὶ
503 1172 697 1245 μνήμη
728 1172 829 1223 τοῦ
853 1168 1012 1255 crio—0
1042 1167 1255 1255 Πάτρρς
1304 1168 1467 1239 ἡμῶν
1503 1165 1753 1240 Σαμψὼν
1784 1170 1884 1221 τοῦ

952 1239 1297 1295 Ξενοδόχου.

366 1360 616 1435 Σαμψὼν
649 1360 678 1415 ὁ
709 1358 761 1415 ἐν
804 1357 981 1432 ἁγίοις
1044 1357 1231 1431 Πατὴρ
1289 1358 1451 1428 ἡμῶν
1487 1355 1706 1431 ὑπῆρχε
1740 1355 1835 1428 μὲν
1898 1353 1958 1411 ἐκ

287 1451 392 1518 τῆς
445 1451 688 1510 παλαιᾶς
756 1448 1004 1520 Ῥώμης,
1065 1447 1324 1522 συγγενὴς
1377 1449 1474 1500 τοῦ
1534 1444 1773 1518 μεγάλου
1806 1450 1954 1499 Κων-

292 1539 604 1596 σταντίνου.
644 1536 1067 1611 Παρασχόμενος
1118 1537 1208 1589 τὸν
1271 1536 1515 1589 πλοῑτον
1560 1534 1725 1589 αὐτοῦ
1782 1535 1955 1589 πάντα

288 1635 408 1691 τοῖς
439 1628 715 1697 πτωχοῖς,
746 1626 836 1681 καὶ
869 1625 1195 1701 πτωχεύσας
1255 1622 1343 1677 διά
1376 1624 1629 1700 Χριστὸν,
1661 1624 1761 1692 τήν
1796 1630 1955 1681 Κων-

286 1717 747 1775 σταντινούπολιν
779 1710 1065 1771 κατέλαϐε.
1124 1714 1221 1771 Καὶ
1278 1719 1396 1776 τοῖς
1427 1720 1579 1776 ναοῖς
1639 1718 1750 1769 τῶν
1783 1714 1951 1789 ἁγίων

286 1812 594 1885 προφητῶν
650 1806 702 1862 ὲν
755 1806 943 1868 αὐτοῖς
1004 1802 1453 1880 προσευχόμενος
1507 1802 1756 1861 διετέλει.
1787 1804 1949 1861 Ἡσυ-

2067 621 2167 671 tuo
2200 617 2424 672 orabat.
2481 617 2878 673 Advenientes
2909 625 3129 685 autem,
3182 621 3483 690 profectus
3516 641 3716 693 causa,

2066 706 2453 773 confirmans,
2478 713 2683 778 etquaa
2714 708 2787 763 ad
2820 709 3071 764 salutem
3110 716 3246 765 sunt
3268 711 3717 780 docens,dimit-

2067 796 2247 853 tebat.
2281 797 2573 868 Atqueita
2604 797 2730 852 dies
2763 800 3070 871 transegit,
3102 800 3320 872 frigore
3346 808 3614 875 aestuque
3634 806 3723 861 in-

2066 885 2409 942 commodos
2437 903 2450 941 :
2484 903 2739 959 cumque
2771 889 3194 945 miraculorum
3218 890 3427 946 virtute
3450 892 3717 967 locuple-

2064 980 2222 1029 tatus
2254 979 2429 1035 esset.
2462 981 2640 1047 atque
2671 977 2733 1032 in
2771 978 3050 1033 omnibus
3110 979 3229 1033 Deo
3288 981 3609 1051 serviisset,
3644 984 3718 1040 ad

2065 1063 2262 1137 ipsum
2292 1064 2588 1138 migravit.

2136 1181 2203 1236 Et
2227 1183 2663 1237 commemoratio
2692 1185 2870 1257 sancti
2902 1185 3082 1257 Patris
3120 1185 3300 1241 nostri
3326 1185 3644 1257 Sampsom's

2718 1254 3051 1310 Xenodochi.

2138 1357 2385 1414 Sanctus
2414 1361 2589 1414 Pater
2616 1365 2820 1414 noster
2867 1360 3155 1432 Sampson
3189 1379 3257 1418 ex
3307 1368 3501 1419 vetere
3533 1366 3718 1421 Roma

2063 1448 2177 1503 fuit
2206 1449 2399 1521 magni
2422 1449 2789 1503 Constantini
2824 1449 3043 1505 affinis.
3084 1451 3403 1508 Distrihuto
3433 1460 3629 1509 autem
3654 1457 3713 1510 in

2065 1545 2302 1610 egentes
2328 1545 2447 1592 toto
2479 1539 3091 1609 patrimonio.egenus
3124 1558 3228 1612 pro
3247 1544 3479 1598 Christo
3504 1545 3713 1614 factus,

2064 1626 2637 1699 Constantinopolim
2653 1628 3099 1701 venit,vixitque
3133 1631 3194 1685 in
3229 1640 3568 1688 sanctorum
3588 1651 3717 1705 pro-

2061 1717 2375 1789 phetarum
2407 1717 2645 1788 templis
2674 1719 2927 1773 orationi
2962 1719 3245 1775 intentus.
3282 1722 3479 1777 Otium
3517 1731 3713 1781 autem

2061 1807 2361 1865 nactus.in
2395 1806 2702 1878 inspiratis
2734 1823 2768 1862 a
2800 1809 2916 1862 Deo
2948 1809 3267 1880 Scripturis
3291 1811 3712 1867 meditabatur.

290 1898 418 1976 χίας
456 1897 517 1954 δὲ
549 1893 882 1970 λαϐόμενος,
916 1894 1006 1950 καὶ
1069 1892 1446 1958 θεοπνεύστοις
1513 1898 1747 1971 Γραφαῖς
1777 1892 1950 1967 ἐμμε-

2065 1895 2146 1950 Ob
2180 1894 2524 1967 hujusmodi
2544 1896 2790 1951 virtutes
2821 1913 2956 1952 cum
2989 1899 3172 1953 Mena;
3234 1901 3586 1970 patriarchas
3618 1903 3715 1958 in-

293 1987 558 2059 λετήσας,
619 1985 843 2064 φανερὸς
912 1982 1123 2057 ὲγὲιετο
1182 1980 1253 2037 δι’
1305 1982 1498 2057 ἀρετὴν
1542 1986 1623 2054 τῷ
1670 1983 1958 2057 ἁγιωτάτῳ

289 2077 617 2152 πατριάρχῃ
680 2076 866 2144 Μηνᾷ,
918 2072 1009 2127 καὶ
1097 2076 1491 2148 χειροτονεῖται
1568 2072 1695 2146 παρ’
1754 2070 1957 2126 ἐκείνου

285 2161 659 2241 πρεσϐύτερος
718 2170 820 2234 τῆς
879 2160 1138 2239 Μεγάλης
1205 2159 1562 2231 Ἐκκλησίας,
1603 2158 1693 2215 καί
1759 2156 1954 2215 λοιπὸν

283 2256 347 2326 ἦν
384 2254 564 2327 λιμήν
624 2254 901 2326 σωτήριος
961 2255 1084 2313 τοῖς
1145 2251 1468 2322 πενομένοις
1526 2248 1616 2305 καὶ
1648 2249 1955 2321 ἀσθενοῦσι,

289 2345 547 2421 μετέχων
581 2342 674 2397 καὶ
701 2342 912 2418 τέχνης
944 2339 1216 2416 ἰατρικῆς.
1265 2339 1608 2415 Θεραπεύσας
1661 2336 1719 2395 δὶ
1746 2340 1837 2395 καὶ
1865 2339 1957 2395 τὸν

285 2430 948 2511 βασιλὲαἺουστινιανὸν
1003 2427 1110 2484 ἄπὸ
1166 2430 1369 2491 πάθους
1429 2426 1703 2489 δυσιάτου,
1766 2428 1954 2502 ἐφιλο-

282 2524 534 2601 φρονήθη
610 2519 735 2594 παρ’
823 2516 1037 2575 ἰκείνου
1113 2518 1182 2573 τὰ
1267 2518 1511 2591 μέγιστα*
1601 2516 1689 2572 καὶ
1768 2517 1956 2581 κτίσας

281 2614 514 2667 Ξενῶνα
572 2608 648 2671 εἷς
708 2608 1012 2663 ἀνάπαυσιν
1073 2610 1183 2661 τῶν
1242 2609 1484 2680 πτωχῶν
1541 2604 1635 2659 καὶ
1690 2603 1949 2669 ἀσθενῶν·

280 2702 375 2755 καί
460 2696 655 2755 πολλὰ
710 2697 1119 2772 κατορθώματα
1200 2694 1290 2749 καὶ
1351 2691 1602 2767 Θαύματα
1687 2696 1950 2767 ποιήσας,

277 2788 559 2863 ὶκοιμήθη
595 2787 649 2843 ἐν
680 2787 890 2861 εἰρήνῃ.
925 2788 997 2844 Τὸ
1030 2782 1086 2840 δὴ
1119 2782 1376 2858 λείψανον
1444 2784 1614 2838 αὐτοῦ
1674 2782 1830 2852 ἐτίθη
1896 2782 1949 2837 ἰν

279 2884 356 2951 τῷ
394 2882 507 2951 νυῷ
534 2881 634 2933 τοῦ
666 2876 827 2952 ἁγίου
860 2877 1137 2951 μάρτυρος
1162 2872 1413 2931 Μωκίου.

859 2977 1041 3034 MHNI
1072 2980 1157 3054 ro
1190 2980 1388 3053 arra.

1096 3064 1197 3122 ΜΓ

396 3167 463 3227 Ἦ
492 3162 703 3243 εὕρεσις
728 3164 1145 3243 τῶνμλειψάνων
1174 3167 1301 3243 ,τῶν
1352 3160 1517 3238 ἁγίων
1550 3159 1839 3237 μαρτύρων

796 3236 994 3309 Κύρου,
1041 3257 1131 3292 και
1174 3236 1445 3292 Ἰωάννου.

361 3357 547 3429 Κῦρος
602 3352 693 3408 καὶ
751 3353 1031 3423 Ἰωάννης,
1091 3351 1145 3405 οὶ
1203 3353 1301 3404 τοῦ
1380 3352 1621 3423 Χριστοῦ
1683 3349 1950 3421 μάρτυρες

286 3445 550 3520 orig/av
612 3442 701 3498 ἰπὶ
760 3443 1159 3513 Διοκλητιανοῦ
1207 3444 1303 3495 τοῦ
1365 3436 1654 3515 βασιλέως.
1712 3440 1773 3497 Ὀ
1854 3438 1949 3511 μὶν

286 3543 465 3609 Κῦρος
498 3536 558 3592 ἐκ
586 3536 689 3603 τῆς
747 3534 965 3596 πόλεως
1026 3530 1456 3606 Ἀλεξανδρείας·
1517 3529 1638 3587 ὁδὶ
1694 3532 1953 3601 Ἰωάννης

282 3627 339 3684 in
378 3634 478 3697 τῆς
538 3626 756 3687 πόλεως
803 3622 1084 3693 Ἐδέσσης,
1147 3622 1325 3699 ῗατροὶ
1382 3622 1482 3690 τὴν
1541 3621 1764 3696 τεχνην.
1811 3627 1950 3676 Γνωο

286 3719 539 3793 ρίσαντες
570 3713 629 3770 δὲ
660 3712 949 3784 ἀλλήλους
1003 3709 1095 3767 διᾶ
1147 3711 1211 3766 τὸ
1275 3710 1647 3786 μονὸτιρεπον,
1707 3713 1945 3785 περιήρ-

286 3828 465 3886 χοντο
521 3810 693 3860 πᾶσαν
746 3811 914 3873 νῆσον
960 3803 1052 3857 καὶ
1110 3807 1283 3857 πᾶσαν
1338 3802 1528 3878 χώραν
1589 3800 1947 3874 ἰατρεύοντες,

290 3900 363 3956 οὗ
398 3898 629 3969 σώματα
660 3895 843 3969 μόνον,
878 3892 1024 3949 ἁλλὰ
1053 3893 1141 3948 καὶ
1173 3893 1378 3969 ψυχάς’
1415 3892 1502 3946 καὶ
1562 3889 1811 3953 πολλοὺς
1838 3897 1946 3947 τῶν

288 3991 638 4063 Χριστιανῶν
720 3986 856 4059 πρὸς
907 3984 968 4037 τὸ
1030 3982 1325 4058 μαρτύριον
1386 3982 1946 4056 προθυμοντοιοῦντες,

286 4077 518 4153 φανεροὶ
550 4077 796 4152 ὲγὲνοντο
826 4078 905 4146 τῷ
952 4073 1090 4128 κατά
1154 4072 1247 4127 τὸν
1301 4070 1470 4126 τόπον
1530 4069 1782 4147 ἆρχοντι.
1844 4073 1946 4131 Καὶ

283 4170 419 4243 παρ’
480 4166 688 4223 ἐκείνου
746 4164 1009 4238 πρότερον
1085 4162 1512 4235 τιμωρηθὲντες,
1572 4160 1793 4235 ὕστερον
1843 4162 1951 4217 άπ-

287 4255 744 4335 ικεφαλίσθησαν.
807 4252 903 4310 Καί
976 4272 1110 4307 ποτε
1170 4252 1266 4325 μὶν
1325 4245 1591 4327 κρυὸἐντα
1644 4250 1711 4305 τά
1792 4252 1948 4325 τίμια

287 4348 471 4404 αὐτῶν
501 4344 759 4418 λείψανα,
796 4342 931 4416 μετά
985 4345 1153 4396 ταῦτα
1220 4339 1635 4417 ὶφανερώθησαν
1667 4338 1717 4395 ἐν
1776 4342 1945 4397 Ἀλε-

292 4434 551 4510 εανδρείᾳ
635 4432 723 4488 ἰπὶ
812 4429 1102 4507 Ἀρκαδίου
1192 4428 1462 4506 βασιλέως
1544 4428 1634 4484 καὶ
1682 4430 1948 4508 Θεοφίλου

291 4526 644 4600 πατριάρχου
727 4518 1157 4595 Ἀλεξανδρείας,
1249 4517 1417 4595 μυρία
1474 4518 1721 4591 θαύματα
1770 4519 1945 4576 ἔπιτε.

2063 1984 2377 2050 notuisset,
2436 1986 2655 2059 Magna»
2714 1986 2991 2042 Ecclesiae
3046 1988 3356 2060 presbyter
3403 1991 3714 2049 ordinatus

2060 2075 2207 2130 fuit:
2240 2080 2418 2147 atque
2451 2075 2733 2147 deinceps
2781 2075 2971 2132 factus
3028 2083 3119 2133 est
3167 2086 3373 2149 portus
3434 2080 3713 2139 salutaris

2062 2163 2488 2232 laborantibus,
2523 2170 2582 2220 et
2602 2165 3072 2236 aagrileledendi
3094 2166 3252 2222 enim
3271 2175 3459 2224 artem
3478 2169 3709 2240 doctus,

2061 2254 2481 2326 imperatorem
2504 2254 2681 2310 etiam
2700 2255 3103 2312 Justinianum
3126 2274 3159 2311 a
3176 2258 3378 2312 morbo
3394 2259 3713 2316 incurabili

2063 2343 2308 2408 sanavit,
2342 2360 2522 2415 aquo
2580 2344 2821 2416 plurimi
2877 2344 3114 2400 habitus
3171 2345 3284 2401 fuit
3341 2354 3399 2403 et
3455 2357 3710 2405 amatus.

2061 2433 2502 2489 Xenodochium
2534 2434 2733 2505 itaque
2765 2433 2838 2489 ad
2872 2451 3201 2507 pauperum
3235 2443 3295 2492 et
3330 2437 3707 2496 infirmorum

2058 2523 2328 2580 levamen
2362 2523 2664 2579 condidit:
2698 2541 2955 2596 cumque
2983 2525 3154 2597 plura
3187 2533 3246 2581 et
3275 2529 3507 2601 egregia
3528 2546 3710 2601 opera.

2059 2619 2236 2686 atque
2270 2613 2559 2669 miracula
2589 2613 2848 2679 fecisset,
2881 2616 2942 2669 in
2974 2631 3117 2687 pace
3156 2616 3531 2673 obdormivit.
3567 2621 3708 2691 Ejus

2058 2703 2327 2775 reliquias
2359 2703 2421 2759 in
2452 2704 2674 2776 templo
2706 2704 2893 2760 sancti
2918 2706 3198 2777 martyris
3229 2707 3397 2763 Mocii
3424 2707 3707 2779 depositas

2056 2791 2245 2848 fuere.

2616 2980 2859 3037 EODEM
2890 2981 3143 3038 MENSE.

2554 3078 2657 3134 Die
2687 3078 2968 3134 vicesima
3024 3085 3246 3136 octava.

2056 3179 2208 3236 145
2271 3164 2525 3234 Inventio
2571 3178 2935 3254 reliquiarum
3018 3186 3331 3254 sanctorum
3396 3187 3707 3254 martyrum

2632 3250 2785 3321 Cyri,
2801 3258 2852 3305 et
2881 3251 3129 3307 Joannis.

2133 3360 2316 3430 Cyrus
2346 3362 2405 3411 et
2430 3357 2709 3418 Joannes.
2742 3357 2952 3413 (Zhristi
2986 3364 3278 3432 martyres
3304 3377 3318 3427 ;
3340 3360 3707 3419 Diocletiano

2060 3455 2371 3521 mperante
2403 3448 2779 3504 claruerunt:
2814 3449 3078 3521 etCyrus
3131 3450 3375 3521 quidem
3427 3452 3687 3508 Alexan-

2061 3538 2288 3595 drinus.
2308 3538 2565 3594 Joannes
2594 3554 2730 3593 vero
2758 3537 3091 3593 Edessenus
3140 3539 3509 3609 professione
3529 3542 3703 3597 ambo

2060 3627 2568 3697 medici.Cumque
2584 3642 2645 3681 se
2667 3626 2919 3681 invicem
2937 3627 3010 3681 ob
3034 3628 3303 3683 eamdem
3319 3636 3508 3684 artem
3522 3647 3707 3701 agno-

2058 3715 2300 3783 vissent,
2328 3732 2537 3771 omnes
2576 3714 2803 3769 insulas
2835 3722 2893 3769 et
2949 3715 3082 3771 loca
3138 3718 3549 3789 peragrahant,
3585 3736 3703 3775 non

2061 3806 2232 3862 modo
2263 3821 2509 3876 corpora
2538 3809 3043 3867 curantes,verum
3078 3805 3253 3860 etiam
3285 3806 3533 3861 animas.
3560 3809 3706 3865 Cum

2057 3913 2193 3951 vero
2225 3894 2695 3951 Christianorum
2726 3894 3064 3965 complures
3104 3894 3176 3949 ad
3222 3896 3572 3967 martyrium
3606 3914 3704 3953 su-

2057 3984 2359 4042 beundum
2383 3984 2703 4039 alacriores
2725 3983 3238 4054 promptioresque
3272 3984 3598 4052 efﬁcerent,
3630 3987 3707 4042 ad

2058 4076 2187 4147 ejus
2208 4074 2321 4130 loci
2347 4073 2659 4145 prmsidem
2679 4072 3144 4143 delati,primum
3170 4073 3241 4128 ab
3259 4091 3326 4130 eo
3345 4075 3707 4132 cruciatibus

2057 4164 2583 4235 aﬂ‘ectipostremo
2616 4162 2892 4217 decollati
2925 4162 3109 4217 fuere.
3145 4165 3213 4217 Et
3244 4163 3563 4235 aliquando
3582 4165 3710 4237 qui-

2058 4255 2193 4310 dem
2224 4270 2430 4310 eorum
2479 4253 2754 4325 pretiosa)
2788 4252 3054 4323 reliquiaa
3105 4253 3393 4309 delituere
3429 4271 3441 4308 :
3501 4261 3708 4326 postea

2059 4351 2258 4400 tamen
2293 4342 2664 4400 Alexandria:
2690 4341 2935 4397 detectas
2965 4343 3210 4398 fuerunt
3235 4344 3484 4399 Arcadio
3510 4345 3706 4416 impe-

2058 4440 2252 4491 ratore
2279 4450 2347 4490 ac
2368 4433 2694 4504 Theophila
2727 4433 3066 4506 patriarcha
3100 4434 3493 4489 Alexandrino
3528 4451 3543 4489 :
3576 4452 3709 4504 quas

2056 4542 2244 4596 usque
2266 4524 2342 4579 ad
2372 4524 2530 4579 hunc
2546 4523 2702 4578 diem
2735 4523 3052 4579 innumera
3083 4524 3371 4578 miracula
3392 4523 3708 4579 faciuntad

292 4612 497 4670 λοῦντα
530 4614 699 4687 μέχρι
750 4617 853 4680 τῆς
903 4611 1144 4683 σήμερον
1194 4607 1269 4669 εἷς
1327 4605 1481 4678 δόξαν
1538 4608 1803 4682 Χριστοῦ,
1860 4610 1948 4665 καὶ

2065 4614 2307 4688 gloriam
2325 4613 2540 4668 Christi
2562 4613 2785 4683 Deique
2818 4612 3031 4667 nostri.
3064 4629 3169 4683 pro
3216 4630 3332 4683 quo
3354 4613 3509 4684 passi
3544 4619 3705 4681 sunt,

292 4709 427 4760 Θεοῦ
485 4706 673 4776 ἡμῶν,
738 4700 808 4756 δι’
869 4699 925 4755 ὅν
985 4700 1075 4755 καὶ
1109 4696 1333 4763 ἔπαθον.
1384 4701 1479 4754 Ὧν
1510 4700 1609 4768 τήν
1643 4703 1949 4777 πανήγυριν

294 4790 525 4863 ἐτησίως
566 4792 760 4854 πάντες
789 4792 841 4846 οἱ
872 4788 1059 4845 πιστοὶ
1092 4790 1447 4864 ἑορτάζομεν.

827 4910 1006 4968 ΜΗΝΙ
1063 4910 1156 4966 ΤΩ
1219 4910 1411 4964 ΑΠὨ.

1047 5006 1170 5065 ΚΘ’.

302 5096 579 5169 Ἀθλησις
608 5102 717 5154 τῶν
752 5098 922 5174 ἁγίων
958 5092 1565 5223 μῧίέἐὶιὲἰὰποστόλων
1626 5096 1834 5173 Πέτρου
1855 5097 1947 5154 καὶ

368 5286 570 5360 Πέτρος
658 5288 752 5361 μὶν
812 5288 843 5343 ὁ
903 5287 1068 5361 μέγας
1141 5289 1241 5341 τοῦ
1324 5286 1560 5362 Χριστοῦ
1617 5288 1947 5361 ἀπόστολος,

300 5376 543 5452 ὑπῆρχεν
571 5374 632 5432 ἐκ
661 5374 880 5439 πόλεως
932 5373 1233 5445 Βηθσαϊδὰ,
1294 5376 1413 5438 υἱὸς
1474 5377 1650 5445 Ἰωνᾶ,
1709 5374 1947 5457 ἁδελφὸς

298 5466 515 5538 γνήσιος
547 5463 805 5539 Ἀνδρὲου
858 5468 954 5520 τοῦ
1011 5461 1436 5541 πρωτοκλήτου.
1495 5463 1713 5528 Ἀλιεὺς
1766 5465 1824 5522 δὲ
1872 5467 1945 5523 ὢν

299 5554 383 5607 καὶ
415 5556 581 5624 πὲνης
612 5550 774 5610 ἔλαϐε
812 5555 913 5622 τὴν
970 5555 1233 5625 θυγατὲρα
1294 5548 1729 5629 Ἀριστοϐούλου
1786 5554 1946 5613 ἀδελ-

301 5662 402 5718 φου
454 5639 705 5719 Βαρνάϐα
787 5648 884 5700 τοῦ
942 5643 1275 5700 ἀποστόλου.
1330 5643 1415 5715 Ἐξ
1472 5646 1541 5713 ἧς
1596 5645 1687 5700 καὶ
1749 5644 1949 5712 παῖδας

296 5727 591 5807 ὖγᾶννησεν.
622 5738 723 5792 Ἦν
751 5731 809 5789 δὶ
842 5734 974 5809 μετά
1000 5736 1097 5789 τοῦ
1154 5730 1393 5810 ἁδελφοῦ
1442 5733 1613 5790 αύτοῦ
1680 5734 1949 5809 ’Δνδρὲου

2059 4720 2312 4775 quorum
2344 4701 2811 4758 anniversariam
2844 4700 3254 4756 celebritatem
3277 4716 3484 4757 omnes
3500 4700 3707 4758 ﬁdeles

2058 4792 2420 4868 peragimus.

2622 4906 2861 4964 EODEM
2902 4905 3154 4962 MENSE.

2580 5004 2685 5060 Die
2727 5004 3009 5060 vicesima
3047 5020 3207 5061 nona

2059 5099 2346 5155 Certamen
2391 5100 2710 5153 sanctorum
2766 5110 3091 5219 magnarum
3145 5093 3516 5167 apostolorum
3558 5096 3712 5153 Petri

2739 5182 2769 5219 e
2854 5177 2945 5219 ἀα
2974 5182 3014 5219 ῑ.

2739 5177 2795 5220 et
2828 5177 3014 5220 I'auu.

2128 5288 2339 5342 Petrus
2368 5300 2621 5357 magnus
2669 5282 2886 5339 Christi
2918 5283 3225 5356 apostolus
3257 5299 3325 5338 ex
3356 5283 3503 5339 urbe
3527 5285 3707 5343 Beth-

2059 5374 2247 5442 saida,
2278 5375 2439 5431 Jonas
2473 5373 2654 5435 filius,
2712 5388 3032 5446 germanus
3071 5371 3257 5427 frater
3300 5373 3578 5429 Andreae.
3603 5375 3705 5445 qui

2055 5465 2316 5538 primum
2337 5468 2582 5519 vocatus
2603 5461 2713 5517 fuit
2740 5461 2999 5532 piscator
3028 5467 3089 5516 et
3118 5463 3704 5533 pauper,Aristobuli

2055 5554 2257 5611 fratris
2285 5552 2565 5610 Barnabm
2597 5551 2847 5623 apostoli
2876 5551 3060 5607 filiam
3093 5550 3280 5617 duxit,
3301 5567 3369 5606 ex
3401 5568 3517 5622 qua
3550 5552 3703 5606 ﬁlios

2057 5644 2236 5701 etiam
2268 5644 2551 5715 suscepit.
2581 5643 2705 5707 Quo
2738 5646 2937 5697 autem
2973 5647 3241 5713 tempore
3272 5642 3611 5696 Prmcursor
3639 5641 3703 5695 in

2056 5751 2359 5793 carcerem
2388 5734 2695 5804 conjectus
2733 5737 2842 5801 est,
2877 5731 3003 5801 ipse
3035 5730 3095 5785 in
3154 5736 3359 5802 stagno
3391 5731 3707 5785 Genesaret
