4134 6302
393 379 510 439 515

1712 359 2155 426 MENOLOGII
2199 361 2406 426 PARS
2447 362 2501 425 ll
2510 362 2558 424 Ι.

3682 361 3806 425 516

395 512 739 587 piscabatur
759 523 879 564 una
921 519 1054 562 cum
1107 505 1285 561 fratre
1316 502 1569 570 Andrea,
1603 505 1957 570 vocatusque
2006 513 2030 552 ει

2156 495 2291 550 κατά
2335 497 2426 552 τὸν
2460 496 2696 587 Δκαιρὸν,
2747 497 2835 552 ὅτε
2892 493 3222 566 ἀπεκλείσθη
3286 493 3314 548 6
3365 492 3698 570 Πρόδρομος
3758 493 3814 550 ἐν

396 604 626 659 Christo
652 617 822 656 secus
847 605 1120 670 stagnum
1140 600 1558 667 praetereunte,
1577 608 1695 647 una
1709 607 1842 646 cum
1861 590 2038 643 fratre

397 710 534 750 eum
568 698 804 747 secutus
827 689 1135 758 factusque
1168 693 1258 741 est
1288 685 1417 756 ejus
1440 681 1785 754 discipulus.
1824 678 2040 732 Paulus

395 801 531 838 vero
556 790 613 837 et
643 783 768 853 ipse
803 780 1083 835 Hebraeus
1115 794 1186 831 ex
1244 775 1387 829 urbe
1420 775 1596 828 Tarso
1628 778 1761 844 post
1808 767 2039 832 Domini

398 878 534 931 Jesu
563 869 1195 941 assumptionem,ejus
1213 865 1534 921 Ecclesiam
1559 866 1906 936 persecutus
1923 865 2038 913 est:

402 965 502 1022 sed
537 963 607 1019 ab
633 962 839 1018 eodem
859 958 1266 1026 vocatus,ipse
1297 971 1532 1025 quoque
1567 955 1693 1024 ejus
1713 948 2041 1021 discipulus

401 1054 613 1111 evasit:
651 1057 710 1106 et
740 1067 857 1105 una
889 1065 1022 1103 cum
1065 1049 1237 1100 Petro
1298 1045 1502 1098 orbem
1555 1049 1842 1096 terrarum
1891 1053 2041 1110 pene

399 1145 741 1200 universum
775 1138 1287 1196 circumlustrans,
1340 1134 1637 1187 Christum
1681 1128 2038 1202 prwdicavit.

397 1235 702 1288 Postremo
736 1231 978 1285 Romam
1011 1227 1184 1281 ambo
1209 1225 1476 1297 profecti,
1509 1241 1615 1295 pro
1648 1221 1876 1276 Christo
1901 1218 2044 1274 I46

399 1322 505 1376 sub
529 1322 757 1376 Nerone
798 1317 954 1390 passi
995 1322 1170 1382 sunt;
1204 1322 1261 1368 et
1292 1317 1498 1368 Petrus
1528 1311 1788 1384 quidem,
1810 1310 2041 1364 inverso

395 1411 586 1483 capite
617 1408 955 1477 cruciﬁxus,
991 1405 1208 1462 Paulus
1230 1420 1364 1458 vero
1399 1403 1589 1474 capite
1642 1401 1870 1472 plexus.

946 1676 1190 1734 EODEM
1230 1673 1482 1730 MENSE.

985 1785 1089 1839 Die
1125 1782 1432 1838 tricesima

495 1881 738 1953 Synaatis
794 1875 1081 1934 duodecim
1135 1880 1448 1930 sanctorum
1529 1869 1923 1941 apostolorum.

462 1999 582 2056 Etsi
615 1997 867 2070 quilibet
879 1993 1278 2067 apostolorum
1303 1991 1419 2047 alio
1438 1995 1614 2062 atque
1635 1989 1752 2044 alio
1772 1993 2036 2058 tempore

391 2089 742 2162 martyrium
774 2103 985 2160 passus
1018 2090 1126 2145 est,
1162 2089 1426 2138 attamen
1465 2079 1724 2135 hcclesia
1753 2077 1826 2132 ob
1882 2093 2036 2148 pra;-

388 2181 704 2236 cellentem
731 2178 1018 2232 honorem
1033 2175 1184 2229 hanc
1199 2172 1469 2245 synaxim
1484 2170 1749 2226 celebrat
1770 2167 2039 2239 proxime

391 2275 525 2343 post
565 2269 913 2324 memoriam
947 2271 1288 2319 sanctorum
1320 2260 1726 2334 apostolorum
1775 2256 1932 2313 Petri
1982 2261 2041 2311 et

393 2359 648 2426 Pauli,et
677 2357 982 2411 universos
1005 2352 1185 2410 simul
1244 2349 1564 2417 collaudat,
1596 2354 1662 2403 ut
1691 2346 1792 2419 qui
1835 2345 2038 2400 orbem

389 2455 685 2504 terrarum
721 2443 1301 2501 illuminarunt.Esto
1324 2441 1523 2512 itaque
1545 2438 1774 2511 primus
1795 2435 2038 2492 laudum

398 2541 611 2613 dignus
643 2539 852 2594 Petrus
882 2535 1142 2591 fervidus
1174 2532 1522 2603 discipulus,
1551 2529 1650 2601 qui
1675 2527 1784 2584 sub
1812 2529 2040 2583 Nerone

394 2631 588 2702 capite
622 2629 854 2684 inverso
887 2623 1202 2681 cruciﬁxus
1227 2618 1670 2677 fuit.Secundus
1701 2617 1920 2674 Paulus
1941 2632 2039 2672 vas

395 2719 727 2782 electionis,
761 2717 861 2788 qui
896 2714 1003 2770 sub
1046 2713 1250 2769 eodem
1311 2710 1639 2767 decollatus
1673 2713 1779 2764 est.
1811 2707 2040 2762 Tertius

392 2811 660 2866 Andreas
701 2809 959 2880 primum
1013 2817 1274 2866 vocatus,
1325 2801 1425 2871 qui
1483 2799 1554 2855 ab
1611 2799 1785 2870 £gea
1839 2795 2037 2852 arbori

392 2899 604 2955 afﬁxus
627 2897 994 2961 estQuartus
1014 2893 1262 2948 Jacobus
1285 2889 1570 2955 Zebedazi,
1592 2887 1692 2960 qui
1717 2887 1788 2942 ab
1811 2886 2039 2942 Herode

391 2986 586 3060 gladio
620 2991 866 3040 necatus
898 2981 1263 3047 est.Quintus
1288 2979 1417 3049 ejus
1440 2977 1912 3041 fraterJoannes,
1939 2972 2040 3043 qui

393 3077 555 3130 vivus
587 3075 856 3147 sepultus
879 3073 990 3127 fuit
1019 3078 1196 3141 atque
1253 3068 1597 3124 translatus.
1660 3066 1868 3121 Sextus
1899 3063 2036 3119 Phi-

387 3167 610 3238 lippus,
641 3181 676 3220 a
706 3162 921 3219 Graacis
947 3178 1114 3216 muro
1158 3173 1503 3229 suspensus.
1559 3156 1857 3227 Septimus
1887 3154 2038 3209 Tho-

385 3273 515 3312 mas
539 3255 840 3325 Didymus.
876 3251 947 3306 ab
971 3249 1133 3307 Indis
1163 3249 1388 3303 lanceis
1419 3246 1751 3302 confossus.
1787 3246 2030 3300 Octavus

2142 3263 2166 3317 6
2228 3259 2331 3314 ὑπὸ
2383 3254 2665 3326 Ἑλλήνων
2717 3254 2768 3309 ἂν
2855 3256 3028 3330 τείχει
3086 3257 3425 3329 κρεμασθείς.

388 3343 856 3400 Bartholomaeus
879 3341 939 3394 in
973 3355 1210 3394 crucem
1259 3343 1444 3393 actus.
1479 3338 1679 3392 Nonus
1729 3334 2036 3390 Matthmus

386 3431 685 3504 lapidibus
719 3429 1274 3486 obrutus.Decimus
1313 3426 1564 3481 Jacobus
1589 3423 2033 3496 Alphwibnde-

383 3524 574 3579 cimus
603 3521 800 3576 Simon
846 3519 1096 3575 Zelotes.
1145 3515 1540 3573 Duodecimus
1595 3515 1778 3571 Judas
1832 3512 2031 3570 Jacobi

383 3629 711 3685 suspensus
734 3617 912 3683 atque
943 3609 1079 3664 telis
1111 3607 1440 3663 confossus.

779 3787 1204 3884 MENSE
1265 3783 1618 3882 JULIO

1017 3930 1122 3986 Die
1164 3930 1378 4002 prima.

374 4026 524 4085 147
589 4026 876 4082 Certamen
905 4029 1219 4077 sant-torum
1253 4023 1677 4089 Anargyrorum
1735 4017 1934 4074 Cosmm
1972 4024 2026 4073 et

692 4096 953 4152 Damium'
983 4096 1085 4164 qui
1143 4093 1323 4148 Romae
1355 4089 1703 4144 claruerunt.

445 4213 686 4268 Cosmas
718 4217 776 4269 et
820 4211 1169 4268 Damianus.
1219 4207 1435 4264 Christi
1466 4212 1777 4277 martyres,
1811 4207 2022 4264 Carino

371 4299 1248 4375 imperante.claruerunt.Cum
1282 4302 1478 4352 autem
1503 4295 1873 4366 professione
1895 4313 2023 4353 me-

371 4392 486 4449 dici
527 4397 746 4458 essent,
785 4405 1025 4446 omnem
1084 4385 1444 4443 oberrabant
1498 4385 1714 4453 locum,
1751 4386 2021 4441 infirmos

366 4483 679 4541 universos
707 4485 1009 4540 curantes.
1047 4477 1398 4547 nullamque
1426 4475 1604 4530 aliam
1639 4473 1711 4529 ab
1743 4475 1836 4542 iis,
1873 4493 2021 4547 quos

367 4569 1013 4639 sanabant,curationis
1043 4566 1379 4624 mercedem
1414 4571 2018 4636 exposcentes.quam

2066 1881 2119 1946 B

2150 589 2389 664 φυλακῇ,
2421 585 2657 642 ἁλιεύων
2691 585 2743 642 ἐν
2791 590 2858 659 τῇ
2914 586 3085 660 λίμνῃ
3117 585 3465 659 Γεννησαρὲτ,
3513 584 3603 639 καὶ
3661 583 3812 653 κλη-

2149 679 2258 742 θεὶς
2291 679 2438 752 παρὰ
2468 682 2564 731 τοῦ
2625 681 2883 749 Χριστοῦ,
2947 679 3368 751 παρερχομένου
3415 676 3513 742 τὴν
3571 674 3798 746 λίμνην,

2149 771 2524 842 ἠκολούθησεν
2555 771 2700 842 αὐτῷ
2736 773 2868 841 μετᾶ
2897 774 2992 824 τοῦ
3026 767 3262 844 ἀδελφοῦ
3323 768 3508 836 αὐτοῦ,
3561 767 3648 822 καὶ
3711 767 3800 842 γέ-

2147 884 2298 936 γονεν
2333 863 2500 916 αὐτοῦ
2536 863 2804 934 μαθητής.
2836 865 2895 914 Ὁ
2929 857 2986 914 δὲ
3031 857 3242 920 Παῦλος
3303 853 3556 930 Ἑϐραίος
3605 855 3676 912 ὢν
3705 855 3804 912 καὶ

2149 951 2309 1013 αὐτὸς
2337 952 2396 1007 ἐκ
2451 956 2551 1015 τῆς
2609 950 2825 1011 πόλεως
2888 952 3128 1023 Ταρσοῦ,
3183 950 3317 1021 μετὰ
3367 949 3466 1016 τὴν
3526 946 3798 1020 ἀνάληψιν

2146 1047 2244 1096 τοῦ
2307 1041 2513 1111 Κυρίου
2573 1043 2778 1111 Ἰησοῦ,
2822 1038 3016 1094 ἐδίωκε
3067 1039 3164 1107 τὴν
3226 1037 3552 1107 Ἐκκλησίαν
3608 1038 3800 1093 αὐτοῦ.

2151 1131 2330 1190 Ἀλλά
2359 1131 2587 1202 κληθεὶς
2618 1133 2708 1185 καὶ
2743 1130 2925 1197 αὐτὸς,
2959 1130 3163 1203 ἐγένετο
3192 1128 3354 1183 αὐτοῦ
3390 1131 3656 1200 μαθητής.
3701 1127 3803 1184 Καὶ

2155 1225 2288 1296 μετὰ
2326 1224 2529 1296 Πέτρου
2581 1223 2680 1289 τήν
2743 1221 3068 1292 ο’κουμένην
3127 1217 3324 1294 σχεδὸν
3382 1219 3517 1288 ὅλην
3575 1218 3797 1291 περιελ-

2151 1313 2279 1376 θὼν,
2317 1310 2541 1385 ἐκήρυξε
2569 1314 2660 1366 τὸν
2692 1311 2951 1383 Χριστόν.
2987 1310 3084 1364 Καὶ
3115 1310 3274 1370 τέλος
3323 1306 3373 1363 ἐν
3407 1309 3596 1382 Ῥώμῃ
3627 1309 3796 1363 ἀπελ-

2150 1403 2334 1466 θόντες
2365 1402 2691 1478 ἀμφότεροι,
2722 1396 2918 1464 ἔπαθον
2955 1400 3084 1475 ὑπὲρ
3147 1401 3383 1474 Χριστοῦ
3445 1397 3548 1453 ὑπὸ
3608 1399 3796 1470 Νέρων

2150 1512 2264 1554 νος’
2300 1493 2327 1547 ὁ
2373 1493 2465 1564 μὲν
2498 1491 2698 1566 Πέτρος
2757 1490 2892 1545 κατᾶ
2949 1488 3194 1567 κειραλῆς
3253 1487 3600 1564 σταυρωθεὶς,
3655 1489 3684 1540 6
3740 1485 3800 1542 δὲ

2153 1581 2370 1644 Παῦλος
2399 1579 2874 1660 ἀποκεφαλισθείς.

2701 1684 2878 1740 ΜΗΝΙ
2918 1685 3010 1740 ΤΩ
3047 1683 3244 1738 ΑΥΤΩ.

2998 1785 3010 1801 1

2950 1790 2995 1839 Λ

2327 1878 2396 1934 Ἥ
2460 1875 2672 1946 σῦναξις
2725 1880 2833 1931 τῶν
2891 1877 3063 1951 ἁγίων
3121 1879 3190 1955 ιβ’
3269 1881 3615 1938 ἀποστόλων.

2218 1996 2280 2053 Εἰ
2313 2017 2390 2051 κα
2431 1992 2655 2058 ἕκαστος
2683 2000 2790 2050 τῶν
2826 1995 2989 2070 ἁγίων
3025 1998 3346 2054 ἀποστόλων
3399 1999 3451 2055 ἐν
3498 1999 3656 2074 ἄλλῳ
3702 1996 3802 2057 καὶ

2145 2085 2305 2158 ἄλλῳ
2337 2090 2511 2158 καιρῷ
2568 2085 2962 2160 ἐμαρτύρησεν.
3049 2085 3175 2141 ἀλλ’
3233 2089 3324 2143 οὖν
3375 2092 3410 2158 ἡ
3494 2090 3799 2164 Ἐκκλησία

2142 2180 2241 2232 τοῦ
2299 2180 2432 2232 Θεοῦ
2489 2172 2579 2230 διὰ
2631 2177 2798 2248 τιμήν
2865 2172 3315 2252 ὑπερϐάλλουσαν
3374 2180 3614 2255 ἑορτάζει
3692 2184 3796 2251 τήν

2144 2266 2356 2337 σ·3ναξιν
2410 2265 2641 2331 τούτων,
2702 2265 2942 2340 ἐχόμενα
3023 2274 3125 2335 τῆς
3187 2270 3410 2342 μνήμης
3467 2275 3574 2325 τῶν
3631 2272 3801 2348 ἁγίων

2145 2355 2465 2411 ἀποστόλων
2521 2357 2727 2427 Πέτρου
2785 2355 2875 2410 καὶ
2935 2355 3176 2423 Παύλου,
3239 2359 3327 2414 καὶ
3389 2359 3591 2416 πάντας
3648 2363 3799 2433 ὁμοῦ

2145 2446 2499 2521 ἐγκωμιάζει,
2548 2445 2622 2507 ὠς
2685 2446 2784 2514 τήν
2847 2446 3174 2520 οίκουμένην
3227 2449 3586 2525 φωτίσαντος.
3619 2453 3800 2509 Ἔστω

2143 2535 2329 2590 τοίνυν
2362 2540 2464 2589 πᾶν
2504 2538 2721 2610 πρῶτος
2779 2533 3010 2588 ἐπαίνων
3063 2535 3281 2608 ἐπάξιος
3336 2538 3560 2610 Πέτρος,
3611 2539 3639 2593 6
3676 2535 3794 2594 διά-

2145 2646 2317 2694 πυρος
2353 2627 2628 2698 μαθητὴς,
2663 2626 2690 2679 6
2725 2625 2828 2679 ὑπὸ
2860 2625 3110 2698 Νέρωνος
3169 2626 3305 2681 κατὰ
3362 2628 3601 2702 κεφαλῆς
3634 2649 3796 2684 σταυ·

2147 2716 2360 2791 ρωθείς.
2410 2715 2669 2789 Δεύτερος
2747 2713 2962 2775 Παῦλος
3020 2715 3084 2769 τὸ
3144 2719 3332 2777 σκεῦος
3391 2724 3490 2785 τῆς
3546 2715 3798 2794 ἐκλογῆς·

2145 2809 2172 2864 6
2263 2806 2350 2861 ὑπ’
2411 2803 2576 2860 αὐτοῦ
2638 2803 3120 2880 ἀποκεφαλισθείς.
3205 2806 3399 2878 Τρίτος
3459 2806 3714 2880 Ἀνδρέας
3773 2810 3804 2865 6

2144 2895 2561 2968 πρωτόκλητος,
2597 2896 2623 2948 6
2682 2895 2771 2950 ὑπ’
2797 2894 3063 2970 Αἶγεάτου
3092 2894 3143 2949 ἐν
3177 2893 3384 2969 δένδρῳ
3444 2898 3794 2972 σταυρωθείς,

2143 2987 2408 3059 Τέταρτος
2444 2980 2703 3046 Ἰάκωϐος
2737 2985 2764 3039 6
2807 2988 2904 3038 τοῦ
2963 2979 3270 3055 Ζεϐεδαίου,
3305 2987 3332 3041 6
3394 2987 3498 3042 61:6
3542 2985 3791 3062 Ἡρώδου

2148 3081 2394 3153 μαχαίρᾳ
2427 3076 2662 3154 σφαγείς.
2703 3076 2956 3148 Πέμπτος
2988 3077 3016 3131 6
3074 3075 3268 3131 τούτου
3329 3075 3569 3156 ἀδελφὸς
3614 3081 3798 3135 Ἰωάν.

2143 3193 2260 3241 νης,
2293 3171 2320 3223 6
2356 3173 2461 3237 ζῶν
2491 3165 2678 3244 ταφεὶς
2735 3166 2824 3221 καὶ
2890 3167 3223 3240 μετατεθείς.
3272 3169 3466 3230 Ἕκτος
3510 3170 3796 3234 Φίλιππος

3512 3254 3802 3331 ”Ε6δομος

2143 3340 2663 3418 ΘωμᾶςὸΔίδυμος
2696 3343 2724 3395 ὁ
2786 3342 2890 3396 ὑπὸ
2941 3339 3126 3398 Ἰνδῶν
3181 3341 3418 3418 λόγχαις
3476 3345 3796 3420 ἀναιρεθείς,

2141 3431 2377 3509 Ὄγδοος
2410 3429 2824 3505 Βαρθολομαῖος
2867 3431 2894 3486 6
2953 3432 3299 3506 σταυρωθείς,
3332 3435 3584 3497 "Eum-to;
3642 3441 3794 3493 Ματ,

2142 3530 2296 3589 θαῖος
2332 3524 2359 3578 6
2418 3516 2834 3590 λιθοϐοληθείς.
2897 3521 3126 3582 Δέκατος
3187 3518 3446 3584 Ἰάκωϐος
3507 3523 3797 3602 Ἀλφαίου.

2137 3611 2457 3673 Ἑνδέκατος
2512 3610 2700 3683 Σίμων
2759 3612 2786 3665 6
2845 3608 3130 3681 Ζηλωτής.
3199 3608 3513 3675 Δωδέκατος
3590 3611 3798 3678 Ἰούδας

2135 3697 2406 3762 Ἰακώϐου
2435 3701 2760 3778 γρεμασθεὶς
2793 3699 2882 3754 καὶ
2906 3699 3194 3774 τοξευθείς,

2557 3817 2885 3912 ΜΗΝΙ
2968 3816 3406 3913 ΙΟΥΛΙΩ

2736 3952 2825 4008 Ἐν
2853 3956 2921 4026 τῇ
2961 3972 3172 4027 πρωτῃ.

2203 4045 2477 4116 ’Δθλησις
2527 4047 2634 4100 τῶν
2723 4042 2889 4117 ἁγίων
2943 4042 3292 4118 Ἀν-αργόρων
3353 4047 3547 4118 Κοσμᾶ
3611 4045 3702 4104 καὶ

2583 4115 2858 4189 Δαμιανοῦ
2887 4118 2996 4168 τῶν
3029 4115 3080 4169 ἐν
3111 4115 3320 4191 Ῥωμῃ.

2201 4213 2428 4281 Κοσμᾶς
2484 4207 2572 4261 καὶ
2633 4205 2919 4278 Δαμιανὸς,
2954 4205 3007 4259 οἱ
3060 4209 3156 4260 τοῦ
3215 4209 3453 4281 Χριστοῦ
3487 4209 3776 4285 μάρτυρες,

2133 4299 2383 4373 ὑπῆρχον
2421 4297 2514 4370 μὶν
2549 4295 2635 4351 ἐπὶ
2691 4301 2792 4364 τῆς
2850 4293 3126 4370 βασιλείας
3177 4295 3430 4368 Καρίνου.
3461 4298 3658 4372 Ἰατροὶ
3716 4296 3774 4354 δδ

2129 4381 2278 4450 ὅντες
2309 4389 2408 4457 τὴν
2460 4387 2689 4460 τέχνην,
2743 4386 3116 4460 περιήρχοντο
3167 4387 3344 4441 πάντα
3397 4386 3587 4456 τόπον,
3643 4395 3772 4444 πᾶσι

2126 4485 2245 4540 τοῖς
2301 4478 2581 4532 ἀσθενοῦσι
2642 4476 2974 4550 παρέχοντες
3027 4477 3122 4538 τὰς
3184 4477 3372 4545 ἰάσεις,
3432 4480 3620 4552 μισθὸν
3671 4488 3774 4550 τῆς

2131 4567 2368 4641 ἰατρείας
2424 4565 2698 4628 αἰτοῦντες
2778 4564 2904 4627 τοὺς
2981 4569 3447 4640 θεραπευομένους
3505 4571 3604 4638 τὴν
3694 4571 3773 4634 εἷς

366 4664 665 4721 utChristi
699 4662 876 4718 ﬁdem
908 4659 1411 4730 amplecterentur
1464 4655 1574 4709 Sed
1607 4655 2015 4711 existimantes

2142 4657 2361 4730 Χριστὸν
2413 4664 2618 4710 πίστιν.
2667 4653 3105 4734 ’Τπολειιρθέντες
3165 4655 3255 4711 οῦν
3314 4658 3460 4732 παρά
3513 4665 3619 4716 τῶν
3675 4681 3774 4716 πε-

371 4753 596 4810 seducti
633 4749 1128 4806 idololatraaillos
1155 4746 1397 4818 magicis
1436 4745 1663 4802 artibus
1682 4745 2018 4800 curationes

365 4844 581 4906 facere,
618 4839 959 4912 imperatori
994 4837 1282 4893 detulere.
1333 4833 1727 4901 Quamobrem
1746 4851 2019 4906 compre-

368 4931 565 4990 hensi.
598 4929 1114 5001 compellebantur
1160 4926 1458 4982 Christum
1492 4924 1785 4995 abnegare
1813 4941 1826 4979 ι
1858 4925 2018 4995 quod

365 5037 500 5078 cum
529 5020 719 5076 facere
763 5023 1124 5080 recusarent,
1155 5016 1228 5071 ad
1257 5015 1549 5088 supplicia
1592 5030 1722 5071 sese
1747 5014 2019 5086 accinge-

367 5112 530 5167 bant.
568 5111 778 5165 Verum
813 5107 1024 5163 Christi
1047 5107 1259 5162 virtute
1291 5107 1712 5176 imperatorem
1736 5104 2015 5159 Carinum

365 5201 438 5256 ab
463 5216 662 5256 errore
683 5202 1033 5254 revocarunt
1059 5196 1222 5250 Collo
1246 5195 1406 5250 enim
1423 5194 1620 5249 luxato
1640 5193 2013 5250 laborantem

367 5296 671 5347 curarunt.
707 5289 1245 5359 effeceruntqueut
1264 5302 1385 5341 non
1414 5284 1604 5339 solum
1630 5285 1755 5356 ipse
1777 5285 1836 5339 in
1857 5285 2018 5340 Chri-

369 5388 527 5437 stum
560 5377 959 5434 criideretsed
985 5383 1042 5431 et
1072 5389 1281 5430 omnes
1310 5374 1473 5429 illius
1496 5373 1828 5429 domestici.
1867 5375 2014 5431 Hinc

363 5472 424 5527 in
449 5471 675 5533 honore
709 5467 915 5534 habiti,
968 5464 1251 5522 invidiam
1310 5463 1574 5536 magistri
1604 5463 1756 5518 148
1790 5465 1878 5516 sui
1915 5480 2012 5518 su-

363 5561 547 5618 biere.
575 5560 637 5615 ln
672 5563 932 5614 montem
975 5557 1175 5627 itaque
1231 5553 1302 5610 ab
1353 5568 1421 5610 eo
1454 5551 1713 5618 deducti,
1741 5551 1815 5607 ad
1845 5551 2009 5608 colli-

368 5652 592 5726 gendas
619 5647 848 5708 scilicet
877 5646 1116 5717 herbas,
1148 5644 1397 5718 lapidati
1428 5647 1585 5700 sunt.

2125 4744 2492 4818 πλανημένων
2527 4743 2978 4816 εἷδωλολατρῶν,
3011 4747 3083 4809 ὡς
3132 4745 3219 4802 διά
3277 4756 3513 4825 μαγικῆς
3568 4753 3771 4825 τέχνης

2126 4837 2219 4898 τάς
2277 4835 2562 4911 θεραπείας
2620 4839 2926 4904 ποιοῦντες,
2979 4837 3427 4908 κατεμηνῦθησαν
3482 4840 3561 4911 τῷ
3619 4840 3770 4914 βασις

2127 4928 2234 4983 λεῖ.
2292 4927 2386 4982 Καὶ
2437 4927 2795 5001 κρατηθέντες
2859 4928 3232 5002 ἠναγκάζοντο
3291 4930 3622 5002 ἀρνήσασθαι
3681 4932 3772 4988 τὸν

2125 5018 2383 5090 Χριστόν.
2422 5016 2523 5072 Καὶ
2561 5018 2634 5086 μὴ
2665 5017 2993 5086 πεισθέντες,
3048 5019 3184 5091 πρὸς
3247 5019 3514 5094 βασάνους
3572 5021 3765 5097 ηὐτρε-

2125 5106 2370 5176 πίζοντο·
2404 5105 2548 5162 ἀλλὰ
2587 5103 2807 5178 δυνάμει
2868 5108 3110 5180 Χριστοῦ
3166 5107 3258 5163 τὸν
3323 5109 3550 5182 βασιλέα
3608 5116 3770 5187 Καρῖ-

2123 5217 2212 5250 νον
2257 5202 2358 5266 τῆς
2409 5195 2623 5264 πλάνης
2676 5193 3022 5267 ἀπήλλαξαν.
3079 5195 3608 5274 Ἐκτραχηλισθέντα
3664 5199 3768 5275 γὰρ

2126 5285 2284 5342 αὐτὸν
2367 5284 2672 5358 ῗασάμενοι,
2732 5285 2794 5340 οῦ
2876 5286 3068 5358 μόνονῗ
3124 5287 3284 5343 αὐτὸν
3372 5287 3765 5362 παρεσκεύασαν

2122 5379 2399 5432 πιστεῦσαι
2432 5375 2512 5446 τῷ
2542 5377 2781 5447 Χριστῷ,
2815 5375 2960 5431 ἀλλᾶ
3008 5375 3095 5431 καὶ
3128 5377 3256 5439 τοῦς
3310 5377 3544 5441 οἰκείους
3600 5378 3768 5434 αὐτοῦ

2122 5467 2341 5526 πάντας.
2379 5455 2477 5521 Ἐκ
2501 5463 2702 5519 τούτου
2734 5465 2828 5518 οὖν
2865 5464 2916 5519 ἐν
2975 5470 3112 5539 τιμῇ
3174 5463 3474 5542 διάγοντες,
3533 5467 3771 5541 ἐφθονή-

2124 5568 2289 5624 θησαν
2349 5555 2495 5630 παρὰ
2547 5558 2644 5610 τοῦ
2696 5551 3030 5611 διδασκάλου
3085 5555 3283 5616 αὐτῶν.
3346 5557 3448 5615 Καὶ
3503 5557 3577 5619 εἰς
3638 5551 3766 5630 ὅρος

2120 5645 2446 5718 ἀναχθέντες
2475 5646 2602 5720 παρ’
2660 5645 2828 5702 αὐτοῦ
2879 5643 3038 5716 δῆθεν
3083 5645 3170 5703 ἐπὶ
3211 5645 3464 5724 συλλογῇ
3499 5648 3767 5725 βοτανῶν,

2119 5733 2181 5789 ἄλ
2192 5727 2384 5797 ιθοὸολ
2395 5735 2624 5806 ἠθησαν.
