4134 6302
274 335 406 400 517

431 469 532 528 Καὶ
568 469 758 545 μνήμη
787 473 886 527 τοῖ’)
919 470 1072 527 ὁσιου
1113 471 1323 547 [ἰατρὸς
1372 471 1791 545 ἠμῶνηέτρου.

357 622 564 701 Πέτρος
624 628 652 681 ὁ
712 625 862 688 ὅσιος
916 629 1101 700 Πατὴρ
1177 629 1362 700 ἡμῶν,
1422 628 1667 700 ὑπῆρχεν
1723 627 1784 683 ἐκ
1841 633 1939 696 τῆς

280 714 923 779 Κωνσταντινουπὸλεως
980 717 1068 774 ἐπὶ
1126 725 1226 787 τῆς
1259 719 1538 794 βασιλείας
1573 719 1812 792 Εἰρήνης
1841 725 1940 788 τῆς

279 803 698 878 εὖσεδεστάτης,
785 808 902 870 υἱὸς
993 809 1395 864 Κωνσταντίνου
1482 811 1795 884 πατρικίου,
1857 809 1944 885 ὑφ’

275 900 342 952 οὗ
401 895 490 950 καὶ
553 900 724 951 πᾶσαν
781 898 994 973 γραφὴν
1039 894 1306 972 ἰδιὸαχθη
1363 895 1704 969 Ἑλληνικήν
1769 918 1825 952 τε
1855 898 1944 952 καὶ

277 989 697 1062 Χριστιανικήν.
761 989 898 1043 Εἶτα
956 989 1273 1063 συζευχθεὶς
1329 988 1569 1063 γυναικὶ,
1621 988 1811 1064 γὲγονε
1842 1008 1947 1042 πα-

274 1075 512 1149 τρίκιος·
573 1074 662 1129 καὶ
722 1071 812 1128 διὰ
861 1064 964 1142 τὴν
1019 1073 1266 1151 ἀνδρείαν
1324 1076 1488 1130 αὐτοῦ
1554 1075 1941 1153 προεήειρίσθη

277 1166 622 1238 Δομὲστικος
669 1168 778 1218 τῶν
836 1162 1060 1219 σχολῶν
1119 1167 1264 1239 παρᾶ
1321 1165 1638 1244 Νικηφόρου
1674 1165 1944 1241 βασιλέως

273 1259 376 1310 τοῦ
434 1255 644 1328 πατρὸς
704 1253 1061 1326 Σταυρακίου.
1131 1256 1233 1310 Καὶ
1320 1255 1806 1329 συνεκστρατεύσασ
1862 1260 1942 1326 τῷ

278 1343 504 1417 βασιλεῖ
555 1343 693 1397 κατᾶ
747 1339 1100 1418 Βουλγαρων,
1162 1342 1298 1417 μετὰ
1351 1345 1450 1412 τὴν
1507 1345 1718 1422 σφαγὴν
1777 1345 1945 1400 αὐτοῦ

270 1435 365 1488 καὶ
442 1434 544 1501 τὴν
615 1434 790 1512 φυγὴν
863 1437 960 1487 τοῦ
1039 1433 1162 1487 υἱοῦ
1249 1434 1611 1510 Σταυρακίου,
1673 1433 1942 1511 ἐκρατήθη

276 1524 416 1597 μετᾶ
474 1523 673 1598 ὶτὲρων
729 1525 1083 1594 πεντήκοντα·
1139 1524 1230 1577 καὶ
1295 1522 1366 1578 δι’
1427 1525 1598 1600 εὐχῆς
1649 1523 1948 1600 λυτρωθείς

269 1617 382 1668 τῶν
418 1610 636 1685 δεσμῶν
689 1612 792 1667 ὑπὸ
836 1616 936 1679 τῆς
987 1611 1300 1687 ἐπιφανείας
1353 1617 1449 1668 τοῦ
1500 1614 1658 1689 ἁγίου
1692 1615 1946 1673 Ἰωάννου

271 1707 374 1758 τοῦ
405 1703 709 1778 Θεολὸγου,
737 1702 851 1757 ’τὸν
900 1702 1106 1775 κόσμον
1155 1703 1500 1771 καταλιπὼν,
1532 1703 1743 1778 ἐγένετο
1781 1726 1948 1778 μονα-

275 1789 407 1864 χὸς.
437 1789 544 1846 Καὶ
576 1790 831 1860 συνήσκει
863 1787 914 1843 ἐν
947 1790 1026 1861 τῷ
1078 1786 1193 1864 ὄρει
1248 1794 1347 1844 τοῦ
1379 1789 1666 1862 Ὀλύμπου
1698 1796 1777 1864 τῷ
1807 1790 1947 1866 ἁγίῳ

1822 332 2125 403 muns.

1963 489 2016 554 Α

3585 357 3705 420 518

2186 477 2258 534 Et
2287 479 2735 535 commemoratio
2762 481 2946 538 sancti
2965 484 3149 539 Patris
3179 489 3358 542 nostri
3387 491 3559 546 Petri.

2119 621 2366 679 Sanctus
2398 626 2571 679 Pater
2595 633 2798 682 noster
2831 631 3038 686 Petrus
3079 637 3253 688 natus
3285 639 3708 695 Constantino-

2046 712 2168 783 poli
2193 715 2557 785 temporibus
2581 717 2782 773 lrenes
2799 719 3264 793 religiosissima}
3290 725 3712 799 imperatricis,

2050 810 2214 875 patre
2236 805 2622 861 Constantino
2644 808 2912 876 patricio,
2937 828 2970 865 a
2993 828 3108 881 quo
3132 815 3466 870 universam
3491 818 3716 876 littera-

2050 899 2242 947 turam
2268 893 2601 949 Graacorum
2627 903 2803 968 atque
2827 900 3298 958 Christianorum
3323 906 3568 962 edoctus
3600 915 3713 974 est;

2050 982 2228 1038 ducta
2257 983 2394 1038 dein
2429 1002 2608 1040 uxore
2636 990 2920 1058 patricius
2951 992 3164 1053 factus.
3193 994 3266 1048 ob
3291 995 3568 1053 eximiam
3600 1000 3711 1054 vir-

2050 1078 2238 1129 tutem
2296 1090 2330 1129 a
2387 1076 2717 1147 Nicephoro
2777 1080 3140 1152 imperatore
3201 1085 3488 1141 Stauracii
3548 1084 3716 1161 patre

2052 1164 2414 1221 domesticus
2442 1167 2784 1224 Scholarum
2812 1172 3118 1228 institutus
3141 1176 3273 1234 fuit.
3295 1184 3353 1232 et
3374 1195 3505 1233 cum
3532 1181 3715 1252 impe-

2051 1262 2246 1311 ratore
2278 1255 2557 1312 adversus
2592 1260 2868 1332 Bulgaros
2903 1264 3194 1318 militavit.
3229 1267 3372 1322 Cum
3414 1285 3548 1324 vero
3581 1277 3715 1342 post

2051 1345 2214 1400 illius
2245 1363 2475 1409 necem,
2501 1354 2558 1404 et
2584 1349 2867 1406 Stauracii
2893 1353 2998 1407 ﬁlii
3024 1356 3154 1426 ejus
3186 1355 3545 1430 fugam.cum
3577 1361 3710 1417 aliis

2052 1436 2481 1508 quinquaginta
2539 1447 2744 1510 captus
2801 1448 2977 1508 esset,
3019 1453 3260 1516 propter
3290 1447 3448 1504 fusas
3480 1467 3709 1522 preces,

2052 1525 2246 1581 eidem
2273 1534 2596 1599 apparente
2617 1531 2840 1586 Joanne
2867 1533 3181 1607 Theologo,
3213 1537 3463 1595 vinculis
3497 1541 3710 1598 libera-

2052 1621 2168 1681 tus,
2200 1616 2472 1674 abdicato
2533 1621 2732 1675 seculo
2790 1625 3118 1680 monachus
3177 1626 3366 1684 factus
3421 1636 3530 1698 est,
3562 1639 3620 1686 et
3649 1632 3710 1689 in

2053 1711 2254 1761 monte
2277 1707 2523 1780 Olympo
2542 1726 2661 1765 una
2681 1727 2815 1766 cum
2845 1719 3048 1768 sancto
3063 1717 3372 1773 Joannicio
3397 1723 3712 1780 asceticam

2051 1795 2232 1851 vitam
2267 1797 2544 1854 traduxit.
2578 1801 2897 1872 Postquam
2928 1820 3064 1859 vero
3099 1806 3200 1860 ille
3229 1807 3604 1876 decessisset,
3638 1812 3713 1869 ad

276 1876 621 1950 Ἰωαννικίφ.
679 1878 828 1934 Μετὰ
883 1875 942 1933 δὲ
998 1877 1262 1951 κοίμησιν
1343 1878 1574 1949 ἐκείνου,
1633 1881 1734 1949 τὴν
1795 1882 1945 1955 βασι-

2060 1885 2278 1958 regiam
2311 1888 2522 1944 urbem
2556 1891 2877 1960 profectus,
2928 1894 2988 1949 in
3035 1895 3283 1958 adibus.
3317 1916 3462 1970 quas
3494 1901 3620 1972 ipse
3652 1903 3713 1960 in

270 1962 544 2019 λε·3ουσο.ν
624 1959 948 2020 καταλαϐὼν
1034 1965 1124 2020 καὶ
1209 1966 1626 2038 προσκαθεσθείς
1684 1965 1764 2040 τῷ
1821 1969 1945 2044 παρ’

270 2055 442 2109 αὐτοῦ
477 2051 907 2125 οἰκοδομηθέντι
966 2059 1078 2127 ναῷ
1124 2053 1177 2109 ἐν
1232 2061 1349 2118 τοῖς
1394 2054 1687 2132 Εὐάνδρου*
1721 2057 1810 2111 καὶ
1841 2061 1934 2111 πᾶ-

274 2165 372 2199 σαν
435 2145 634 2220 ἀρετὴν
688 2143 1119 2218 ἐπιδειξάμενος,
1150 2146 1240 2200 καὶ
1273 2145 1460 2202 πολλὰ
1503 2147 1751 2220 θαύματα
1780 2149 1948 2220 ποιή-

275 2254 397 2306 σας,
431 2233 753 2306 ἐτελειώθη.

831 2383 1014 2442 MHNI
1061 2387 1150 2440 ΤΩ
1203 2385 1411 2443 ΑΥΤΩ.

1094 2478 1150 2530 Β,

386 2591 450 2649 Ἦ
482 2587 768 2657 κατάθεσις
809 2593 908 2660 τῆς
939 2592 1138 2719 τὲμλας6
1158 2589 1387 2662 ἐσθῆτος
1415 2598 1516 2664 τῆς
1548 2593 1840 2672 ὑπεραγίας

1017 2683 1106 2719 eos
1143 2683 1264 2719 κου.

1017 2683 1264 2722 εοτοκου.

345 2804 476 2863 Ἐπὶ
529 2811 630 2878 τῆς
696 2803 977 2880 βασιλείας
1036 2807 1268 2869 Λέοντος
1325 2810 1422 2862 τοῦ
1476 2806 1749 2882 Μεγάλου,
1784 2806 1949 2886 ἀδελ-

278 2896 375 2974 φοὶ
436 2893 535 2950 δύο
589 2894 893 2972 πατρίκιοι,
971 2891 1207 2959 Γάλόιος
1281 2897 1370 2951 καὶ
1431 2893 1718 2969 Κανδιδος,
1777 2897 1944 2964 πόθον

278 2984 447 3062 ἔσχον
501 2989 598 3041 τοῦ
655 2987 912 3041 ἀπελθεῖν
973 2987 1063 3042 καὶ
1122 2991 1495 3064 προσκυνῆσαι
1547 2987 1675 3050 τοὺς
1705 2987 1757 3044 ἐν
1791 2990 1950 3064 Ἰερο-

279 3075 554 3148 σολόμοις
586 3076 779 3151 ἁγίους
825 3077 1050 3141 τόπους.
1102 3078 1212 3146 Τήν
1261 3075 1438 3155 ἔφεσιν
1472 3077 1564 3133 οὗν
1596 3079 1774 3134 αὐτῶν
1805 3079 1948 3150 πλη.

282 3168 584 3242 ρώσαντες,
643 3165 896 3236 ἀπῆλθον
952 3167 1030 3232 εἷς
1084 3165 1480 3240 Παλαιστίνην·
1539 3169 1629 3226 καὶ
1685 3168 1946 3226 ἀπλικεύ.

2054 1973 2184 2030 loco
2211 1976 2461 2032 Evandri
2485 1979 2781 2050 appellato
2807 1988 3195 2049 exstruxerat,
3221 1990 3712 2057 consedit,omni-

2055 2064 2283 2136 busque
2305 2067 2621 2125 virtutibus
2643 2070 2860 2139 clarus,
2883 2079 2940 2128 et
2963 2076 3165 2132 multis
3189 2077 3363 2135 editis
3387 2081 3712 2149 miraculis,

2058 2155 2238 2211 vitam
2265 2156 2480 2216 ﬁnivit.

2614 2396 2859 2453 EODEM
2897 2399 3148 2458 MENSE.

2665 2487 2769 2544 Die
2826 2491 3108 2549 secunda.

2129 2603 2410 2673 Depositio
2439 2607 2764 2663 venerandae
2791 2610 2951 2664 vestis
2968 2610 3322 2669 sanctissimae
3354 2614 3619 2687 Deipam.

2127 2809 2462 2881 Imperante
2493 2812 2686 2868 Leone
2720 2815 3068 2883 Magno,duo
3091 2819 3306 2876 fratres
3327 2823 3722 2892 patricii,Gal-

2056 2897 2189 2953 bius
2220 2905 2277 2954 et
2314 2899 2612 2956 Candidus
2655 2903 2884 2959 incensi
2945 2906 3242 2963 desiderio
3295 2913 3714 2981 proﬁciscendi

2057 2987 2460 3061 adorandique
2490 2999 2694 3047 sancta
2714 2994 3256 3066 Hierosolymorum
3281 3000 3428 3065 loca,
3450 3004 3512 3057 in
3538 3006 3716 3062 Palas-

2056 3077 2274 3133 stinam
2297 3094 2358 3133 se
2381 3080 2687 3136 contulere
2717 3099 2729 3136 :
2760 3089 2818 3138 et
2845 3083 3207 3142 divertentes
3231 3091 3291 3143 in
3325 3091 3481 3146 ardes
3513 3096 3716 3164 cujus-

2056 3167 2192 3222 dam
2250 3168 2462 3223 vetulaa
2516 3171 2814 3250 Hasbrazm,
2876 3191 3012 3230 cum
3068 3175 3290 3234 ibidem
3359 3189 3715 3255 aegrotorum

283 3276 474 3318 σαντες
532 3255 610 3319 είς
669 3258 818 3312 οἷκον
883 3252 1140 3332 Ἑϐραίοις
1211 3261 1466 3334 γυναικὸς
1543 3261 1732 3334 γραὸς,
1791 3261 1944 3335 εὗρον

2063 3256 2296 3313 turbam
2324 3259 2626 3329 jacentem
2657 3262 2964 3328 vidissent,
2997 3283 3236 3323 causam
3270 3252 3716 3340 percontati.di-

280 3344 399 3401 ἐκεῖ
446 3345 637 3416 πλήθη
708 3346 942 3411 ἀσθενῶν
1006 3349 1428 3420 κατακειμένων.
1481 3350 1586 3408 Καὶ
1637 3349 1945 3426 ἐρωτήσανσ

277 3456 393 3505 τες,
453 3433 681 3507 ἔμαθον,
741 3435 823 3490 ὅτι
881 3435 995 3491 ἐκεῖ
1049 3436 1388 3493 ἐναπόκειται
1434 3441 1468 3508 ἡ
1517 3446 1617 3508 τῆς
1677 3441 1946 3496 Θεοτόκου

278 3525 442 3597 τιμία
491 3524 671 3594 ἐσθής.
727 3525 831 3582 Καὶ
889 3525 1241 3600 αἰτησάμενοι
1311 3527 1567 3596 εἰσῆλθον
1637 3537 1947 3601 προσκυνῆ-

280 3634 374 3668 σαι
411 3613 610 3683 αὐτήν.
677 3616 774 3668 Καὶ
834 3611 924 3669 διὰ
979 3617 1166 3677 νυκτὸς
1225 3613 1486 3678 λαϐόντες
1537 3615 1855 3686 λεληθότως
1883 3621 1950 3674 τὰ

281 3701 456 3776 μέτρα
506 3707 609 3769 τῆς
689 3705 889 3775 θήκης,
974 3705 1226 3776 ἀπῆλθον
1282 3706 1360 3770 εἷς
1419 3704 1798 3782 Ἱεροσόλυμα·
1855 3709 1946 3765 καὶ

274 3793 773 3856 κατασκευάσαντες
859 3795 1059 3867 ὁμοίαν
1117 3797 1315 3868 θήκην,
1374 3794 1540 3852 πάλιν
1590 3798 1947 3876 ὑπέστρεψαν.

277 3883 387 3940 Καὶ
442 3884 622 3945 θὲντες
680 3883 813 3955 δκεῖ,
873 3880 1210 3941 ἀνελαεοντο
1270 3885 1368 3954 τὴν
1426 3888 1809 3962 πρωτότυπον,
1857 3888 1948 3945 καὶ

285 3973 505 4048 ἤγαγον
565 3971 644 4035 εἷς
704 3973 1308 4041 Κωνσταντινούπολιν,
1364 3975 1692 4050 ἀποθὲμενοι
1751 3978 1806 4035 ἓν
1871 3983 1950 4053 τῷ

285 4062 604 4136 προαστείῳ
659 4061 862 4131 αὐτῶν,
924 4061 1234 4139 Βλαχὲρναι
1293 4064 1597 4140 λεγομὲνῳι
1633 4063 1948 4138 δοξάσαντες

283 4153 401 4225 ἅμα
429 4155 508 4223 τῷ
538 4149 754 4226 βασιλεῖ
780 4153 870 4208 καὶ
901 4157 981 4226 τῷ
1027 4154 1148 4229 λαῷ
1201 4159 1294 4212 τῢν
1327 4155 1456 4212 Θεὸν
1490 4155 1577 4212 ἐπὶ
1608 4161 1688 4231 τῷ
1715 4159 1950 4233 τοιούτῳ

280 4241 690 4316 θησαυρίσματι
705 4285 717 4301 .

429 4377 531 4438 Καὶ
564 4376 797 4449 ἄθλησις
842 4383 940 4436 τοῦ
996 4381 1154 4458 ἁγίου
1199 4381 1470 4460 μάρτυρος
1501 4385 1803 4452 Ὑακίνθου.

354 4543 418 4601 '0
473 4545 571 4597 τοῦ
629 4543 863 4601 Χριστοῦ
941 4545 1146 4617 μάρτυς
1223 4545 1500 4613 Ὑακινθος
1569 4550 1788 4626 ὑπῆρχε
1850 4553 1946 4624 μὶν

2060 3345 2352 3412 dicerunt,
2385 3364 2454 3403 eo
2503 3350 2565 3405 in
2622 3350 2752 3406 loco
2811 3355 3130 3424 pretiosam
3191 3365 3411 3416 vestem
3451 3363 3716 3434 Deiparze

2063 3439 2370 3494 asservari.
2404 3441 2705 3511 Rogarunt
2747 3444 2970 3516 itaque,
3028 3453 3094 3501 ut
3152 3464 3281 3504 eam
3323 3451 3571 3510 adorare
3605 3456 3716 3512 sibi

2059 3525 2284 3592 liceret,
2308 3534 2367 3583 et
2385 3529 2627 3586 admissi
2651 3540 2807 3588 sunt.
2836 3535 2979 3589 Cum
3005 3553 3138 3592 vero
3160 3546 3337 3596 noctu
3354 3542 3507 3598 clam
3533 3545 3717 3602 thecas

2059 3631 2403 3672 mensuram
2451 3620 2840 3691 accepissent,
2894 3623 3301 3698 Hierosolyma
3331 3631 3600 3699 profecti,
3634 3633 3716 3690 ibi

2063 3704 2321 3760 similem
2337 3705 2566 3762 thecam
2586 3719 3021 3780 praepararunt:
3039 3717 3379 3786 reversique
3398 3719 3470 3774 ad
3488 3721 3720 3780 easdem

2063 3792 2242 3858 aedes,
2276 3793 2509 3851 thecam
2543 3813 2722 3868 quam
2754 3799 3097 3866 attulerant,
3123 3803 3353 3860 sublato
3381 3814 3717 3884 prototypo,

2065 3897 2194 3953 sup;
2219 3889 2542 3939 osuerunt:
2579 3885 2738 3956 quod
2785 3889 2938 3944 149
2973 3890 3548 3966 Constantinopolim
3581 3899 3721 3957 inde

2065 3971 2439 4035 translatum.
2493 3973 2556 4028 in
2615 3991 2719 4030 suo
2780 3978 3087 4048 suburbio,
3149 3983 3308 4054 quod
3363 3984 3720 4048 Blachernas

2064 4060 2389 4132 appellant,
2422 4061 2851 4137 deposuerunt,
2909 4071 3128 4141 gratias
3160 4080 3402 4146 agentes
3433 4094 3552 4134 una
3582 4097 3716 4140 cum

2062 4150 2422 4221 imperatore
2455 4159 2514 4207 et
2540 4156 2783 4228 populo,
2817 4156 2890 4213 ob
2938 4159 3118 4217 talem
3169 4165 3528 4237 acquisitum
3577 4170 3716 4227 the-

2065 4255 2325 4298 saurum.

2277 4396 2350 4453 Et
2380 4403 2653 4454 certamen
2679 4399 2862 4456 sancti
2891 4407 3151 4474 martyris
3181 4407 3506 4477 Hyacinthi.

2336 4481 2364 4507 ι

2137 4559 2352 4630 Martyr
2376 4558 2590 4615 Christi
2624 4561 2988 4632 Hyacinthus
3009 4566 3070 4621 in
3098 4569 3350 4641 Phrygia
3380 4579 3572 4636 natus,
3599 4576 3712 4631 ibi-

282 4627 342 4684 ἱκ
371 4632 471 4698 τῆς
501 4631 689 4708 χώρας
724 4633 984 4708 Φρυγίας,
1035 4633 1086 4688 ἐν
1144 4633 1180 4710 ᾗ
1238 4635 1326 4691 καὶ
1359 4639 1458 4708 τήν
1490 4635 1758 4694 εὐσέϐειαν
1791 4639 1938 4696 ἐπαι-

289 4715 519 4732 ..,,.
643 4720 739 4732 ,.
856 4720 1174 4732 -..--.
1387 4728 1684 4732 -
1889 4730 1895 4732 .

2061 4646 2195 4702 dem
2219 4627 2498 4718 pietatem
2524 4627 2748 4706 didicit.
2777 4653 2917 4708 Inde
2940 4655 3159 4727 Cymen
3185 4627 3388 4714 urbem
3418 4627 3717 4732 profectds

286 4715 448 4789 3350f,
506 4720 789 4784 Ἀπελθὼν
853 4720 909 4778 δὲ
966 4723 1041 4785 εἷς
1099 4724 1293 4796 Κῦμην
1341 4728 1440 4795 τήν
1477 4729 1637 4783 πόλιν
1672 4730 1791 4785 iii-ro
1820 4730 1946 4794 τοὺς

285 4812 580 4874 νοσοῦντας
633 4809 718 4865 ἐπὶ
779 4813 860 4883 τῷ
913 4810 1142 4884 ὀνόματι
1193 4818 1291 4869 τοῦ
1347 4817 1600 4890 Χριστοῦ.
1660 4819 1757 4874 Καὶ
1803 4840 1946 4893 γνω-

291 4897 435 4961 σθεὶς
492 4900 640 4973 παρὰ
689 4904 799 4954 τῶν
851 4897 1296 4975 εἷδωλυλατρῶν,
1352 4903 1620 4980 ἐκρατήθη
1676 4909 1766 4963 καὶ
1809 4929 1950 4981 παρ-

289 4987 447 5061 εδνὶθη
484 4996 562 5061 τῷ
591 4998 696 5060 τῆς
744 4993 933 5068 χώρας
985 4993 1233 5068 ἡγεμόνι.
1279 4995 1375 5050 Καὶ
1409 4997 1757 5072 ἀναγκασθεὶς
1792 5004 1944 5064 θῦσαι

289 5085 405 5141 τοῖς
463 5077 741 5150 εἰδώλοις,
798 5081 888 5136 καὶ
969 5083 1046 5155 μὴ
1131 5085 1396 5152 πεισθεὶς,
1452 5081 1800 5157 ἐϐασανίσθη·
1856 5089 1945 5144 καὶ

289 5168 581 5240 εὐξάμενος
627 5175 708 5243 τῷ
766 5175 904 5243 θεῷ.
953 5169 1235 5245 παρέδωκε
1282 5174 1374 5229 τὸν
1405 5175 1646 5251 ἡγεμόνα
1676 5177 1944 5249 πνεύματι

289 5258 595 5335 ἀκαθάρτῳ
654 5263 744 5318 καὶ
801 5266 1287 5340 θαυματουργήσας
1364 5264 1710 5342 ἐθεράπευσεν
1761 5268 1944 5337 αὐτὸν,

291 5350 647 5406 πιστεύσαντα
703 5352 779 5414 ε”ς
830 5354 1084 5426 Χριστὸν,
1143 5355 1234 5410 καὶ
1301 5355 1570 5427 ἀπελύθη.
1625 5362 1758 5416 Εἶτα
1813 5381 1945 5433 κρα-

291 5440 471 5507 τηθεὶς
529 5443 675 5514 παρὰ
732 5446 837 5498 τῶν
897 5443 1177 5517 Κυμαίων,
1233 5444 1576 5520 ἐτιμωρήθη.
1629 5450 1733 5505 Καὶ
1781 5450 1946 5506 πάλιν

293 5526 595 5603 εὐξαίμενος,
654 5531 744 5587 καὶ
799 5532 973 5596 σείσας
1043 5537 1142 5604 τήν
1222 5536 1410 5604 πάλιν,
1469 5537 1560 5593 καὶ
1619 5539 1684 5594 τὰ
1742 5539 1945 5597 εἶ’δωλα

295 5620 603 5694 συντρίψας,
657 5620 905 5687 πολλοὺς
983 5618 1161 5680 ἔπεισε
1239 5631 1518 5683 πιστεῦσαι
1574 5633 1654 5701 τῷ
1706 5635 1942 5704 Χριστῷ.

298 5708 395 5764 Καὶ
447 5710 584 5783 μετὰ
647 5710 818 5766 ταύτα
897 5714 1189 5788 κρατηθεὶς
1274 5714 1421 5792 παρὰ
1494 5715 1791 5794 Κλεάρχου
1847 5723 1945 5774 τοῦ

2055 4752 2243 4807 aegros
2273 4736 2331 4790 in
2378 4737 2617 4792 nomine
2668 4739 2880 4795 Christi
2932 4744 3197 4802 sanabat.
3235 4749 3480 4819 Agnitus
3511 4752 3713 4823 itaque

2056 4824 2128 4879 ab
2160 4825 2491 4880 idololatris
2533 4829 3142 4903 comprehensusque,
3184 4838 3442 4903 regionis
3474 4843 3711 4912 praesidi

2057 4915 2309 4969 traditus
2331 4915 2798 4987 est.Compulsus
2823 4937 2998 4990 porro
3023 4924 3200 4980 idolis
3225 4927 3558 4998 immolare,
3581 4950 3715 4989 cum

2055 5004 2114 5060 id
2139 5003 2330 5058 facere
2358 5013 2680 5068 recusaret.
2711 5013 2898 5064 tortus
2921 5019 3026 5066 est.
3052 5012 3314 5088 Cumque
3339 5019 3522 5075 Deum
3552 5039 3714 5079 oras-

2056 5093 2486 5166 set.prmsidem
2519 5095 2753 5166 spiritui
2780 5099 3089 5158 immundo
3115 5106 3375 5169 tradidit.
3396 5110 3712 5185 ipsumque

2055 5199 2191 5240 mox
2222 5183 2283 5239 in
2329 5183 2628 5242 Christum
2685 5189 3028 5247 credentem
3089 5195 3442 5254 mirabiliter
3471 5183 3712 5258 curavit.

2055 5274 2244 5340 Quare
2263 5273 2710 5341 dimissus,mox
2728 5279 3022 5352 aCymzeis
3041 5287 3507 5357 comprehensus
3536 5293 3712 5348 variis

2055 5363 2416 5419 cruciatibus
2447 5366 2693 5422 affectus
2726 5376 2850 5424 est:
2905 5389 3229 5446 rursusque
3271 5395 3468 5444 orans,
3501 5381 3710 5437 urbem

2055 5459 2395 5509 terrmmotu
2416 5458 2720 5512 concussit
2765 5459 3061 5533 idolisque
3084 5467 3374 5524 contritis.
3407 5469 3606 5540 plures
3637 5472 3712 5527 ad

2053 5543 2266 5598 Christi
2287 5543 2464 5600 ﬁdem
2483 5549 2771 5603 convertit
2811 5552 2948 5606 Post
2967 5553 3089 5608 l1th
3108 5571 3141 5610 ει
3160 5556 3218 5609 Cl
3263 5558 3441 5612 archo
3459 5561 3711 5630 praeside

2055 5634 2604 5706 captus,conlractis
2653 5639 2924 5697 cruribus
2975 5642 3035 5697 in
3088 5646 3419 5701 custodiam
3455 5648 3712 5702 includi-

2053 5727 2151 5780 tur
2173 5741 2185 5778 :
2210 5723 2469 5796 indeque
2490 5724 2794 5799 dimissus,
2817 5730 3295 5790 circumlustrata
3324 5741 3447 5791 tota
3467 5737 3708 5809 regione
