4158 6310
228 340 349 399 521

1742 313 2041 384 JULlUS.

3527 316 3647 378 522

227 474 378 547 ρεθὶν
449 470 504 526 ἐν
542 473 610 544 τῇ
670 467 878 546 Ἐφέσῳ
935 465 1200 541 λῃστρικῇ
1260 460 1494 537 συνόδῳ,
1549 463 1638 516 καὶ
1698 457 1913 520 ἄδικον,

2029 450 2270 505 ιειηῑίυω
2295 447 2518 522 synodo
2541 466 2571 504 e
2595 447 2742 504 solio
2767 446 3082 516 deturbati,
3100 449 3438 521 injustaque
3463 457 3652 507 morte

231 564 462 616 θάνατον
522 559 668 634 παρᾶ
753 563 859 613 τῶν
937 558 1224 632 αἰρετικῶν
1293 553 1712 627 ὑπομείναντος,
1767 552 1886 609 τοῖς

232 649 528 725 διπτύχοις
599 647 834 718 ἀνέταξε·
920 647 1006 701 καὶ
1089 643 1214 700 τοὺς
1301 640 1608 715 αἰρετικοὺς
1692 638 1890 698 πάντας

233 740 641 812 ἀνεθεμάτισεν,
698 737 829 794 Εἶτα
886 734 1234 810 πατριάρχης
1284 730 1694 808 προχειρισθεὶς
1736 731 1892 784 Κων-

233 824 762 894 σταντινουπόλεως,
815 824 902 879 καὶ
963 820 1147 886 καλῶς
1229 821 1291 877 τὸ
1376 819 1633 892 ποίμνιον
1691 815 1890 886 ἰθόνας,

229 919 375 994 πρὸς
406 916 534 972 Θεὸν
569 913 718 989 έξεδή
731 935 922 988 μησεν.

380 1060 482 1118 Καὶ
514 1056 742 1129 ἄθλησις
787 1061 884 1113 τοῦ
933 1057 1086 1133 άγίου
1142 1053 1415 1131 μάρτυρος
1449 1051 1752 1107 Ὑακίνθου.

307 1206 611 1272 Ὑάκινθος,
672 1204 700 1257 ὁ
755 1207 852 1256 τοῦ
910 1204 1148 1276 Χριστοῦ
1212 1201 1436 1275 μάρτυς,
1467 1199 1534 1268 ἦν
1583 1197 1675 1270 μὶν
1709 1195 1768 1249 ἐκ
1795 1195 1896 1257 τῆς

231 1294 455 1356 πόλεως
538 1289 858 1366 Καισαρείας
944 1288 1354 1352 Καππαδοκίας’
1442 1281 1899 1359 κουϐικουλάριος

237 1383 296 1439 δέ
359 1383 650 1457 ὑπάρχων,
709 1381 799 1435 καὶ
851 1380 982 1454 ὑπὲρ
1039 1384 1149 1434 τῶν
1210 1385 1310 1448 τῆς
1365 1379 1638 1452 τραπέζης
1679 1369 1902 1457 δουλείᾳ

234 1455 519 1549 Τραϊανοῦ
538 1455 638 1526 τοῦ
689 1469 1010 1545 παρανόμου
1073 1469 1341 1542 βασιλέως
1403 1466 1456 1522 ἐν
1510 1467 1720 1538 Ῥώμῃ,
1753 1455 1902 1518 ἔσεῦε

235 1566 334 1620 τὸν
367 1561 618 1636 Χριστόν.
653 1554 984 1628 Διαϐληθεὶς
1031 1560 1120 1613 οὗν
1176 1558 1278 1613 ὑπὸ
1308 1562 1413 1612 τῶν
1447 1551 1900 1627 εἰδωλολατρῶν,

238 1654 332 1708 καὶ
392 1649 704 1726 κρατηθεὶς,
764 1650 1084 1724 ἠναγκάσθη
1146 1653 1300 1712 θῦσαι
1348 1652 1464 1707 τοῖς
1505 1644 1781 1710 εἰδώλοις,
1813 1641 1902 1694 καὶ

245 1745 682 1816 μιαροφαγῆσαι.
740 1743 794 1791 '0
852 1734 910 1792 δὲ
965 1739 1102 1810 πρὸς
1155 1737 1217 1792 τὸ
1281 1738 1356 1808 μή
1414 1741 1701 1802 πεισθῆναι
1741 1734 1902 1786 τοῦτο

1997 542 2068 597 ab
2091 541 2387 596 haereticis
2412 537 2969 611 multati,diptychis
2994 539 3248 594 inseruit
3273 557 3286 606 ;
3321 556 3647 613 omnesque

1996 631 2309 686 haereticos
2321 630 2719 686 anathematis
2733 628 3028 684 sententia
3041 629 3656 701 perstrinxit.Demum

1997 720 2333 792 patriarcha
2355 717 3047 789 Constantinopolitanus
3068 723 3323 788 creatus,
3339 724 3656 791 postquam

1998 824 2235 881 gregem
2264 812 2422 864 recte
2452 807 2860 880 gubernasset,
2893 806 2968 862 ad
3009 811 3192 863 Deum
3222 807 3511 881 migravit.

2215 1046 2284 1100 Et
2313 1050 2586 1100 certamen
2615 1045 2793 1099 sancti
2823 1046 3085 1114 martyris
3113 1043 3444 1114 Hyacinthi,

2078 1190 2442 1262 Hyacinthus
2473 1189 2688 1244 Christi
2711 1192 2936 1260 martyr
2963 1188 3078 1244 fuit
3103 1205 3173 1243 ex
3205 1189 3438 1244 civitate
3468 1190 3660 1246 Caesa-

2007 1295 2122 1334 rem
2153 1277 2560 1351 Cappadocia).
2611 1280 2754 1333 Cum
2801 1284 2999 1334 autem
3050 1278 3451 1335 cubicularius
3482 1283 3661 1349 esset,

2009 1374 2068 1424 et
2082 1385 2286 1425 mense
2303 1369 2430 1440 Traj
2441 1368 2537 1424 ani
2556 1368 2722 1440 impii
2742 1368 3116 1439 imperatoris
3133 1368 3444 1440 praefectus
3462 1371 3662 1424 Romae

2009 1458 2352 1526 deserviret,
2385 1458 2685 1513 Christum
2711 1456 2961 1512 colebat.
2987 1457 3209 1513 Idcirco
3233 1458 3304 1513 ab
3332 1457 3666 1514 idololatris

2010 1553 2320 1604 accusatus
2352 1553 2408 1603 et
2439 1547 2927 1618 comprehensus,
2963 1547 3310 1617 adigebatur
3338 1547 3412 1603 ad
3444 1548 3666 1604 sacriﬁ-

2011 1637 2266 1694 candum
2294 1637 2490 1704 idolis,
2516 1641 2573 1691 et
2593 1636 2665 1692 ad
2689 1636 3088 1692 comedendos
3113 1637 3454 1692 immundos
3480 1637 3664 1692 cibos.

2013 1727 2124 1782 Sed
2158 1745 2292 1783 cum
2326 1727 2451 1798 ipse
2503 1726 2562 1781 id
2613 1743 2672 1780 se
2714 1726 3172 1782 commissurum
3209 1732 3470 1799 negaret,
3503 1727 3666 1783 Chri-

239 1815 496 1899 ποιῆσαι,
527 1829 619 1882 καὶ
674 1829 764 1882 τὸν
823 1828 1056 1903 Χριστὸν
1112 1823 1325 1899 μᾶλλον
1376 1823 1659 1897 ὡμολόγει
1702 1821 1896 1896 τρανό-

2029 1822 2294 1887 stumque
2319 1816 2502 1870 multo
2525 1815 2788 1886 apertius
2805 1815 3209 1883 confiteretur,
3235 1815 3678 1887 dicens,ipsum'

239 1940 428 1991 τερον,
486 1917 614 1971 Θεὸν
670 1915 828 1970 αὐτὸν
886 1917 1020 1970 εἶναι
1079 1914 1252 1990 λέγων
1315 1913 1503 1987 μόνον,
1561 1911 1648 1966 καὶ
1703 1909 1894 1984 Κύριον

241 2012 340 2063 τοῦ
396 2005 618 2068 παντός·
676 2006 792 2059 ὅθεν
852 2004 1072 2082 τυφθεὶς
1161 2000 1429 2080 σφοδρῶς,
1497 1997 1767 2074 παρεδόθη
1827 2001 1895 2070 τῇ

243 2095 488 2172 φυλακῇ,
548 2097 653 2147 Τοῦ
712 2091 769 2147 δὲ
829 2091 1099 2168 βασιλέως
1157 2089 1556 2168 προστάξαντος
1585 2093 1665 2160 τῷ
1695 2085 1896 2159 δεσμου

242 2184 470 2260 φύλακι,
497 2180 764 2256 καθαροὺς
798 2183 895 2254 μὶν
945 2179 1138 2256 ἄρτους
1201 2181 1276 2253 μὴ
1327 2182 1692 2255 προσαγαγεῖν
1725 2176 1896 2246 αὐτῷ,

243 2273 302 2328 ἐκ
332 2270 390 2327 δὲ
419 2277 529 2326 τῶν
587 2267 968 2325 εἰδωλοθύτων
1031 2271 1210 2341 μόνων
1268 2270 1531 2343 βρώματα
1557 2270 1894 2340 παραθεῖναι·

247 2361 407 2424 αὐτὸς
461 2360 548 2415 ἐπὶ
607 2358 891 2421 πλείσταις
948 2356 1181 2434 ἡμέραις
1236 2359 1442 2412 τούτων
1497 2357 1573 2430 μή
1633 2356 1901 2430 γευσάμε-

247 2473 360 2522 νος,
389 2449 517 2505 ἀλλ’
548 2446 730 2512 ἄσιτος
764 2445 1070 2520 διαμείνας,
1125 2449 1188 2502 τὸ
1244 2451 1459 2520 πνεῦμα
1486 2450 1564 2518 τῷ
1616 2449 1732 2517 6εῷ
1761 2464 1900 2520 παρο

254 2541 427 2596 ἐθετο.

366 2654 462 2712 Καὶ
489 2650 719 2724 ἄθλησις
749 2657 856 2708 τῶν
890 2652 1065 2728 ιῖιγίωνΔ
1091 2651 1378 2728 μαρτύρων
1411 2648 1677 2707 Θεοδότου
1705 2647 1795 2704 καὶ

940 2722 1228 2795 Θεοδότης.

330 2842 427 2898 Καὶ
459 2843 607 2898 οὗτοι
670 2844 722 2896 οἱ
778 2843 920 2918 ἅγιοι
983 2841 1247 2919 μάρτυρες
1301 2838 1390 2896 διὰ
1431 2841 1532 2910 τήν
1565 2838 1640 2902 είς
1674 2837 1904 2912 Χριστὸν

261 2930 561 3009 ὁμολογίαν
597 2933 952 3000 κρατηθέντες
1008 2933 1155 3006 παρὰ
1203 2935 1300 2986 τοῦ
1358 2924 1648 2989 δυσσεϐοῦς
1706 2929 1910 3002 Τραϊα-

260 3026 374 3090 νοῦ,
435 3021 528 3076 καὶ
614 3023 1138 3097 καταναγκασθέντες
1223 3021 1550 3096 ἀρνήσασθαι
1635 3018 1730 3090 μὶν
1807 3017 1907 3085 τὴν

260 3109 541 3182 ἀληθειαν,
581 3114 734 3174 θῦσαι
777 3107 831 3165 δὲ
886 3115 1004 3172 τοῖς
1058 3108 1334 3173 εἰδώλοις”
1389 3109 1479 3164 καὶ
1539 3109 1616 3182 μὴ
1665 3103 1906 3170 πεισθέν-

257 3217 366 3263 τες,

261 3284 463 3354 ὲκείνην
494 3285 595 3352 τὴν
643 3281 915 3362 φυλακὴν,
967 3283 1042 3346 εἰς
1080 3283 1146 3353 ἢν
1201 3285 1445 3358 ὑπῆρχεν
1479 3279 1907 3352 ἀποκεκλεισμέ-

262 3374 584 3448 νοςὸἅγιος
645 3374 850 3449 μάρτυς
903 3373 1202 3438 Ὑάκινθος.
1251 3371 1348 3428 Καὶ
1407 3367 1912 3443 διδασκόμένοιὺπ’

267 3462 491 3533 ἐκείνόυ,
522 3463 613 3517 καὶ
669 3462 757 3518 ἐπὶ
813 3461 1004 3518 πλεῖον
1063 3462 1138 3524 εἰς
1185 3464 1285 3532 τήν
1332 3465 1430 3516 τοῦ
1463 3463 1702 3532 Χριστοῦ
1731 3457 1910 3513 πίστιν

270 3552 676 3626 στηριζόμενοι,
761 3553 1212 3625 κατεμηνόθησαν
1296 3551 1399 3606 ὑπὸ
1465 3555 1576 3604 τῶν
1633 3546 1914 3624 φυλάκων,

273 3639 689 3715 εἶδωλολατρῶν
721 3637 915 3711 ὄντων,
961 3646 1043 3714 τῷ
1100 3639 1316 3716 βασιλεῖ
1343 3640 1616 3716 Τραϊανῷ.
1651 3638 1751 3694 Καὶ
1783 3635 1918 3708 μετά

273 3727 366 3796 τὴν
398 3728 658 3796 τελευτὴν
713 3732 810 3782 τοῦ
866 3727 1021 3804 ἁγίου
1072 3728 1374 3793 Ὑακίνθου,
1433 3720 1787 3791 ἐκϐληθέντες
1815 3727 1915 3790 τῆς

278 3817 543 3894 φυλακῆς,
601 3818 942 3892 παρέστησαν
1005 3817 1173 3889 αὐτῷ.
1232 3817 1328 3871 Καὶ
1385 3813 1550 3870 πάλιν
1616 3812 1918 3890 βιασθέντες

283 3913 707 3983 μιαροφαγῆσαι,
775 3904 1009 3981 ἤλεγξαν
1095 3906 1275 3961 αὐτόν·
1359 3907 1447 3960 καὶ
1524 3905 1623 3972 τὴν
1709 3901 1922 3970 πλάνην

281 3994 558 4051 διέπτυσαν
591 4001 698 4050 τῶν
759 3993 1028 4052 εἰδώλων.
1088 3994 1229 4052 Τότε
1283 3995 1674 4070 κρεμασθέντες
1709 3991 1795 4046 ἐπὶ
1824 3990 1921 4061 ξύ-

279 4083 410 4153 λων,
471 4085 778 4158 ἐξέσθησαν,
836 4084 926 4138 καὶ
983 4085 1231 4156 λαμπάσι
1291 4084 1650 4152 κατεκάησαν.
1684 4080 1781 4135 Καὶ
1811 4085 1919 4134 τῶν

280 4175 449 4244 ξύλων
505 4169 1010 4244 καταϐιϐασθέντες,
1059 4175 1123 4228 τὸ
1201 4171 1290 4228 δια
1348 4172 1534 4246 ξίφους
1588 4171 1748 4232 τέλος
1806 4167 1920 4223 ἐδέ-

281 4265 445 4334 ξαντο,
477 4265 574 4326 τὰς
605 4265 788 4339 ψυχας
816 4263 990 4319 αὐτῶν
1017 4264 1098 4335 τῷ
1128 4267 1243 4335 Θεῷ
1267 4259 1620 4338 παραδόντες.

834 4383 1011 4437 MHNI
1048 4385 1132 4434 ΤΩ
1171 4384 1361 4436 ΑΥΤΩ.

1077 4469 1128 4522 Δ.

2014 1907 2206 1962 solum
2241 1907 2423 1960 Deum
2456 1922 2583 1960 esse
2619 1910 2677 1959 et
2711 1906 3120 1960 universorum
3164 1907 3501 1975 Dominum,
3534 1923 3664 1978 gra-

2006 1999 2154 2052 viter
2185 2002 2496 2069 propterea
2527 2014 2737 2063 caesus,
2772 1996 2832 2051 in
2865 2013 3163 2052 carcerem
3205 1997 3512 2069 conjectus
3554 2003 3662 2053 est.

2006 2088 2368 2158 Imperatore
2400 2090 2598 2140 autem
2626 2085 3009 2156 principiente
3031 2085 3260 2141 custodi
3288 2087 3565 2153 carceris,
3590 2103 3664 2142 ne

2010 2176 2062 2231 ei
2085 2176 2339 2231 mundos
2362 2192 2544 2247 panes
2569 2175 2826 2240 afferret,
2853 2174 2956 2229 sed
2987 2174 3151 2230 cibos
3172 2175 3461 2231 duntaxat
3480 2175 3658 2232 idolis

2008 2265 2346 2322 immolatos
2376 2263 2686 2336 praeberet,
2733 2280 2869 2318 cum
2917 2263 3042 2335 ipse
3075 2281 3180 2336 per
3213 2264 3502 2336 plurimos
3533 2265 3661 2322 dies

2012 2373 2111 2412 eos
2142 2373 2263 2411 non
2294 2359 2608 2429 gustasset,
2632 2353 2735 2410 sed
2750 2355 2995 2428 jejunus
3017 2357 3464 2427 permansisset,
3489 2357 3668 2428 spiri-

2012 2450 2136 2501 tum
2169 2447 2286 2500 Deo
2316 2445 2596 2501 reddidit.

2122 2661 2186 2714 Et
2215 2665 2489 2714 certamen
2518 2664 2831 2783 summam
2845 2666 3188 2784 dmtartyrum
3220 2661 3484 2716 Theodoti
3513 2669 3566 2716 et

2780 2745 2842 2783 eo
2883 2745 2914 2784 ο
2943 2747 3008 2784 ω.

2780 2745 3008 2786 coacta.

2090 2847 2156 2901 Hi
2189 2861 2424 2916 quoque
2457 2845 2645 2900 sancti
2677 2850 2971 2916 martyres
3012 2851 3254 2916 propter
3281 2847 3495 2902 Christi
3527 2864 3672 2903 con-

2016 2924 2338 2992 fessionem
2362 2934 2434 2989 ab
2457 2934 2639 3005 impio
2661 2935 2911 3004 Trajano
2937 2935 3373 3006 comprehensi,
3398 2937 3670 3007 compul—

2019 3025 2187 3096 sique
2217 3025 2523 3080 veritatem
2555 3023 2870 3096 abnegare,
2901 3027 2960 3078 et
2987 3023 3164 3080 idolis
3194 3024 3667 3094 immolare,cum

2020 3115 2091 3170 ad
2114 3113 2173 3170 id
2199 3113 2411 3169 adduci
2433 3129 2552 3167 non
2575 3119 2838 3184 possent,
2859 3113 3105 3168 diversis
3128 3114 3438 3169 tormentis
3460 3131 3668 3170 excru-

453 3194 730 3272 διαφόρως
811 3198 1240 3270 τιμωρηθέντες,
1317 3193 1742 3263 ἀπεκλείσθησαν
1829 3189 1906 3252 εἰς

2029 3204 2242 3271 :iati,in
2266 3219 2400 3258 eum
2423 3219 2722 3258 carcerem
2744 3203 2875 3275 conj
2887 3204 2998 3258 ecti
3023 3209 3178 3267 sunt,
3204 3204 3264 3258 in
3289 3221 3404 3275 quo
3430 3209 3668 3260 sanctus

2017 3300 2242 3366 martyr
2272 3293 2634 3364 Hyacinthus
2665 3291 2934 3346 inclusus
2960 3292 3190 3348 fuerat:
3215 3309 3249 3347 a
3270 3309 3384 3364 quo
3416 3310 3550 3349 cum
3580 3293 3669 3349 illi

2016 3383 2272 3439 fuissent
2301 3382 2600 3448 instructi,
2633 3386 2690 3436 et
2727 3381 2790 3436 in
2819 3381 3036 3437 Christi
3089 3381 3204 3436 ﬁde
3237 3384 3422 3452 magis
3453 3383 3674 3439 confir-

2021 3473 2184 3542 mati,
2199 3489 2233 3526 a
2246 3470 2588 3526 custodibus
2608 3469 2939 3525 idololatris
2952 3471 3025 3525 ad
3041 3471 3460 3542 imperatorem
3474 3473 3672 3542 Traja-

2021 3578 2166 3615 num
2189 3560 2370 3615 delati
2389 3559 2627 3614 fuerunt
2659 3579 2674 3626 ;
2710 3564 2767 3614 et
2789 3563 2922 3630 post
2942 3565 3194 3614 mortem
3218 3561 3405 3614 sancti
3430 3561 3676 3631 Hyacin-

2025 3649 2108 3704 thi
2135 3666 2164 3704 e
2188 3665 2424 3704 carcere
2448 3648 2666 3714 educti,
2689 3664 2888 3702 coram
2913 3648 3040 3718 ipso
3065 3654 3391 3702 steterunt:
3417 3665 3679 3702 rursum-

2027 3755 2140 3810 que
2198 3737 2490 3808 compulsi
2549 3737 2807 3808 pollutos
2886 3736 3050 3790 cibos
3115 3737 3444 3803 comedere,
3505 3737 3676 3792 illum

2027 3829 2472 3898 increpuerunt.
2502 3827 2654 3882 152
2684 3832 2740 3879 et
2767 3824 3064 3879 idolorum
3092 3841 3356 3880 errorem
3389 3827 3678 3880 exsecrati

2029 3923 2186 3971 sunt.
2221 3917 2365 3970 Tum
2398 3931 2532 3969 vero
2567 3931 2596 3968 e
2629 3914 2805 3983 lignis
2838 3915 3111 3985 suspensi
3163 3923 3221 3969 et
3250 3915 3675 3978 excarniﬁcati,

2029 4003 2407 4076 lampadibus
2454 4003 2569 4058 usti
2617 4007 2774 4056 sunt.
2821 4003 3068 4056 Demum
3115 4019 3146 4057 e
3178 4003 3352 4076 lignis
3401 4004 3676 4074 depositi,

2027 4092 2263 4148 vivendi
2298 4092 2478 4148 finem
2533 4090 2726 4164 gladio
2785 4091 3074 4159 fecerunt,
3131 4093 3361 4147 animas
3394 4109 3529 4146 suas
3562 4093 3678 4146 Deo

2032 4183 2352 4238 tradentes.

2592 4369 2832 4424 EODEM
2873 4370 3124 4425 MENSE.

2673 4459 2775 4513 Die
2817 4466 3046 4529 quarta.

288 4586 549 4657 ’Δθλησις
575 4589 672 4641 τοῦ
702 4584 860 4662 ἁγίου
889 4585 1284 4662 ἱερομάρτυρος
1313 4581 1596 4659 Θεοδώρου
1627 4581 1913 4639 ἐπισκόπου

2039 4570 2324 4626 Certamen
2380 4564 2718 4622 sacrosancti
2790 4569 3051 4635 martyris
3125 4566 3394 4621 Theodori
3459 4566 3689 4634 Cyrenes

969 4659 1242 4732 Κυρήνης.

361 4771 633 4849 Θεόδωρος
667 4774 695 4828 ὁ
728 4771 1072 4850 ῗερομάρτυς,
1128 4774 1194 4844 ἦν
1257 4774 1352 4846 μὲν
1405 4771 1491 4828 ἐπὶ
1520 4778 1619 4841 τῆς
1655 4768 1934 4846 βασιλείας

299 4863 708 4935 Διοκλητιανοῦ,
771 4863 829 4918 ἐκ
884 4862 1100 4926 πόλεως
1163 4863 1436 4938 Κυρήνης·
1493 4862 1593 4930 τήν
1645 4857 1701 4914 δὲ
1730 4858 1931 4915 καλλι-

296 4953 558 5030 γραφικὴν
614 4954 797 5014 καλῶς
844 4951 1092 5025 ἐκμαθὼν
1149 4949 1369 5027 τέχνην,
1399 4949 1489 5004 καὶ
1533 4944 1759 5025 βίϐλους
1792 4945 1934 5002 πολ-

300 5039 392 5102 λάς
446 5043 879 5111 κατασκευάζων,
938 5046 1172 5116 παρεῖχε
1215 5045 1337 5102 τοῖς
1393 5040 1735 5114 Χριστιανοῖς
1769 5035 1842 5098 εἰς
1877 5035 1937 5090 τὸ

302 5126 606 5205 δοξολογεῖν
633 5132 725 5186 τὸν
757 5132 906 5186 Θεὸν.
967 5125 1291 5200 Διαϐληθεῖς
1344 5128 1434 5183 οὖν
1499 5127 1601 5182 ὑπὸ
1654 5129 1750 5180 τοῦ
1800 5122 1938 5178 ἰδίου

300 5220 411 5274 υἱοῦ
463 5225 543 5293 τῶ
593 5227 694 5289 τῆς
745 5221 959 5282 πόλεως
1019 5219 1268 5295 ἄρχοντι,
1338 5217 1608 5291 ἐκρατήθη
1671 5215 1804 5287 μετὰ
1849 5214 1936 5268 καὶ

301 5307 477 5364 ἄλλων
530 5307 760 5365 πολλῶν
816 5315 1169 5384 Χριστιανῶν⁹
1234 5308 1348 5380 μεθ’
1409 5306 1482 5359 ὧν
1510 5305 1577 5374 ἦν
1608 5303 1694 5357 καὶ
1745 5305 1780 5372 ἡ
1813 5302 1942 5375 ἁγία

304 5397 519 5454 Λουκία.
580 5398 676 5454 Καὶ
736 5397 1084 5468 ὲπιζητηθεὶς
1142 5397 1236 5458 τὰς
1309 5390 1561 5471 βίϐλους,
1613 5390 1675 5456 ἃς
1725 5389 1943 5471 ἔγραψε,

305 5486 384 5540 καὶ
417 5488 494 5559 μή
526 5487 850 5562 παρασχὼν,
911 5484 1108 5562 ἐτύφθη
1163 5482 1431 5562 σφοδρῶς.
1491 5482 1594 5540 Καὶ
1646 5485 1725 5553 τῷ
1772 5481 1948 5556 βωμῷ

309 5576 640 5654 προσελθεῖν,
693 5579 782 5632 καὶ
839 5573 1145 5633 λιϐανωτὸν
1232 5571 1514 5631 ἐπιϐαλεῖν
1605 5573 1948 5648 βιαζόμενος,

313 5665 458 5730 αὐτὸς
517 5663 740 5741 δραμὼν
798 5665 889 5721 καὶ
950 5665 1203 5727 λακτίσας
1269 5665 1428 5721 αὐτὸν
1487 5664 1762 5738 ἀνέτρεψε.
1815 5661 1954 5719 Τότε

586 5779 850 5852 Parant.
899 5791 1014 5853 Gn.
1061 5787 1300 5853 CXVII.

2734 4696 2993 4751 episcopi.

2111 4771 2452 4828 Theodorus
2482 4775 2880 4842 sacromartyr
2900 4787 2970 4826 ex
2993 4772 3136 4826 urbe
3163 4773 3407 4844 Cyrene,
3433 4775 3692 4847 impera-

2043 4867 2169 4918 tore
2193 4860 2578 4926 Diocletiano,
2598 4859 3046 4932 calligraphiam
3064 4861 3214 4917 bene
3237 4862 3694 4932 doctus,multos

2046 4950 2281 5007 codices
2315 4965 2420 5004 sua
2451 4964 2628 5003 manu
2661 4953 2930 5003 exaratos
2960 4948 3311 5006 Christianis
3338 4951 3411 5006 ad
3442 4952 3691 5007 laudan-

2048 5039 2189 5095 dum
2223 5039 2404 5092 Deum
2467 5037 2898 5107 suppeditabat.
2961 5038 3184 5094 Idcirco
3215 5056 3248 5095 a
3292 5041 3415 5096 ﬁlio
3467 5041 3698 5096 delatus

2049 5127 2212 5183 urbis
2237 5125 2494 5198 praesidi.
2512 5142 2629 5180 una
2649 5142 2781 5180 cum
2806 5127 2940 5181 aliis
2964 5128 3166 5183 multis
3186 5129 3698 5197 Christianis,cum

2052 5217 2266 5288 quibus
2299 5220 2425 5270 erat
2473 5221 2677 5270 sancta
2729 5216 2923 5283 Lucia,
2978 5220 3444 5289 comprehensus
3476 5226 3598 5274 est:
3634 5218 3702 5272 li~

2052 5307 2330 5376 brosque,
2366 5321 2514 5375 quos
2546 5303 2963 5376 descripserat.
2997 5314 3256 5379 rogatus.
3291 5325 3426 5364 cum
3457 5326 3557 5364 eos
3590 5314 3707 5362 tra-

2056 5395 2194 5450 dere
2227 5393 2432 5460 nollet,
2457 5394 2711 5466 graviter
2740 5411 2927 5451 caasus
2953 5395 3081 5450 fuit.
3119 5397 3375 5453 Adactus
3406 5405 3602 5453 autem
3636 5396 3711 5451 ad

2058 5501 2220 5541 aram
2245 5483 2547 5553 accedere,
2572 5483 2744 5554 eique
2773 5485 2908 5539 thus
2931 5485 3188 5550 adolere,
3214 5504 3568 5558 procurrens
3592 5485 3710 5539 cal-

2061 5575 2228 5629 cibus
2265 5574 2430 5627 illam
2481 5573 2706 5628 evertit.
2752 5575 2896 5628 Tum
2942 5591 3074 5630 vero
3109 5593 3137 5629 e
3169 5576 3330 5648 ligno
3364 5589 3710 5647 suspensus,

2062 5663 2361 5735 clavisque
2392 5663 2660 5718 confixus
2692 5665 2981 5735 est,eique
3029 5664 3233 5738 lingua
3270 5666 3552 5724 abscissa.
3585 5661 3714 5715 Mox

3356 5787 3430 5845 17
