4134 6302
439 351 557 410 523

1719 339 2154 402 MENOLOGII
2200 333 2400 402 PARS
2445 340 2548 401 III.

3719 342 3838 403 5‘24

432 500 462 538 e
490 483 649 555 ligno
680 481 1007 553 depositus,
1032 479 1092 534 in
1120 493 1416 534 carcerem
1443 475 1776 547 conjicitur.
1801 474 2075 529 Videntes

2192 471 2518 543 κρεμασθεῖς
2569 470 2656 527 ἐπὶ
2712 471 2877 546 ξύλου
2929 472 3254 545 καθηλώθη,
3311 474 3400 528 καὶ
3457 474 3556 542 τὴν
3589 473 3844 549 γλῶτταν

432 579 629 629 autem
661 571 832 627 illum
865 585 1076 626 sanum
1127 575 1186 623 et
1234 566 1617 633 incolumem,
1673 563 1844 621 multi
1879 563 1984 618 viri
2015 579 2082 617 ac

432 662 715 718 mulieres
765 662 824 717 in
880 659 1197 715 Dominum
1254 656 1654 723 crediderunt,
1707 655 1809 726 qui
1858 660 1917 710 et
1962 669 2084 708 una

434 767 570 807 cum
599 749 703 804 illo
732 750 922 822 capite
952 748 1109 820 plexi
1140 752 1297 803 sunt.

501 929 570 984 Et
599 926 1081 984 commemoratio
1131 925 1320 980 sancti
1371 924 1560 980 Patris
1608 922 1796 978 nostri
1829 921 2081 978 Andreas

435 1017 982 1090 Hierosolymitani.
1015 1014 1445 1087 archiepiscOpi
1502 1014 1734 1070 Cretae:
1794 1018 1849 1066 et
1895 1010 2082 1067 sancti

431 1106 709 1180 Lampadi
744 1105 1188 1179 lrenOpolitani.

986 1212 1227 1268 EODEM
1269 1211 1519 1266 MENSE.

1072 1303 1175 1358 Die
1215 1302 1442 1372 quinta.

429 1393 583 1452 158
615 1394 1068 1449 Commemoratio
1123 1399 1328 1448 sancta
1384 1388 1616 1446 Marthae
1671 1389 1862 1443 matris
1901 1389 2080 1442 sancti

741 1465 1009 1522 Simeonis
1063 1467 1123 1519 in
1182 1469 1363 1519 monte
1417 1461 1765 1517 Admirabiti.

501 1583 714 1639 Sancta
761 1583 987 1639 Martha
1043 1581 1236 1638 sancti
1289 1579 1480 1636 Patris
1540 1579 1727 1634 nostri
1789 1577 2080 1634 Simeonis

429 1673 919 1729 Thaumastoritte
948 1677 1139 1728 mater
1169 1687 1406 1727 omnem
1457 1669 1730 1724 virtutem
1778 1684 1884 1740 per
1915 1685 2078 1723 sum-

429 1781 588 1820 mam
621 1763 1108 1819 exercitationem
1138 1767 1456 1817 consecuta
1478 1765 1585 1815 est.
1606 1759 1847 1814 Multam
1879 1763 2079 1813 autem

2189 559 2485 632 ὲξετμήθη,
2541 561 2632 616 καὶ
2688 567 2784 617 τοῦ
2836 561 3002 636 ξόλου
3059 558 3496 632 καταϐιϐασθεὶς,
3549 563 3626 625 εἷς
3658 563 3846 640 φυλα-

2187 653 2289 717 κήν
2344 649 2691 722 ἀπεκλείσθη.
2756 651 2852 706 Καὶ
2913 650 3113 714 ἰδόντες
3180 651 3338 707 αὑτὸν
3425 648 3844 727 θεραπευθέντα,

2187 737 2396 794 πολλοί
2426 739 2738 797 ἐπίστευσαν
2788 740 2877 797 ἐπὶ
2919 744 3011 798 τὸν
3060 742 3283 817 Κύριον,
3317 739 3507 818 ἄνδρες
3535 763 3594 797 τε
3623 742 3714 798 καὶ
3743 764 3848 818 γυ-

2187 833 2386 891 ναῖκες·
2421 831 2620 892 οἳτινες
2649 830 2738 886 καὶ
2770 829 2864 885 σὺν
2889 830 3036 904 αὐτῷ
3067 830 3595 907 ἀπεκεφαλίσθησαν.

2260 919 2361 975 Καὶ
2415 922 2608 993 μνήμη
2665 925 2764 976 106
2822 920 2972 975 ὁσίου
3058 921 3267 996 [ἰατρὸς
3333 923 3497 993 ἡμῶν
3584 917 3844 995 Ἀνδρὲου

2186 1005 2623 1084 ἁρχιεπισκόπου
2675 1012 2918 1087 Κρήτης,
2978 1015 3074 1066 106
3131 1010 3592 1086 Ἰεροσολυμίτου’
3625 1010 3844 1065 καὶτοῦ

2187 1097 2340 1153 ὁσίου
2372 1097 2674 1173 Λαμπάδου
2702 1104 2799 1155 106
2828 1097 2880 1155 ἐν
2915 1098 3338 1175 Εἷρηνουπόλει.

2737 1219 2920 1273 ΜΗΝΙ
2956 1221 3043 1271 ΤΩ
3080 1217 3281 1274 ΑΥΤΩ.

2969 1305 3030 1362 Ε¹

2187 1397 2390 1469 Μνήμη
2449 1402 2550 1465 τῆς
2606 1395 2756 1472 ὁσίας
2800 1395 3035 1472 ΔΜειὶρθας
3084 1398 3207 1472 ,τῆς
3267 1395 3473 1472 μητρ-ὁς
3529 1398 3626 1450 τοῦ
3683 1395 3840 1472 ἁγίου

2474 1469 2702 1541 Συμεὼν
2731 1468 2828 1523 106
2869 1466 2921 1523 ἒν
2968 1473 3047 1541 τῷ
3078 1466 3544 1542 θαυμαστῷὁρει.

2258 1588 2321 1643 Ἡ
2377 1587 2497 1642 ὁσία
2554 1589 2770 1665 Μάρθα,
2832 1590 3017 1664 μήτηρ
3099 1589 3195 1661 μὶν
3249 1588 3467 1664 ὑπῆρχε
3523 1585 3623 1642 106
3686 1586 3839 1642 ὁσίου

2189 1680 2400 1754 Πατρὸς
2459 1683 2624 1751 ἡμῶν
2683 1678 2908 1752 Συμεὼν
2967 1682 3064 1733 106
3123 1677 3174 1732 ἐν
3234 1682 3314 1750 τῷ
3364 1681 3668 1751 Θαυμαστῷ
3701 1672 3840 1750 ὄρει,

2186 1775 2356 1824 πᾶσαν
2390 1771 2585 1841 ἀρετὴν
2620 1770 2710 1824 6ιά
2757 1776 2857 1838 τῆς
2897 1767 3063 1845 ἄκρας
3118 1769 3396 1839 ἀσκήσεως
3427 1767 3839 1842 κατορθώσασα·

429 1853 708 1910 ﬁduciam
740 1853 802 1907 in
832 1853 1147 1924 Deiparam
1180 1851 1481 1923 Virginem
1513 1849 1759 1915 habens,
1793 1852 2075 1920 perpetuo

2187 1860 2366 1914 πίστιν
2400 1857 2457 1913 δὲ
2486 1856 2704 1928 πολλὴν
2733 1858 2942 1934 ἔχουσα
2983 1857 3120 1932 πρὸς
3179 1859 3277 1926 τήν
3337 1859 3660 1934 Θεομήτορα
3690 1859 3838 1932 Παρ-

430 1943 493 1998 in
525 1943 712 2015 ipsius
745 1942 966 2015 templo
995 1941 1289 2012 assidens,
1321 1957 1450 1996 eam
1493 1957 1597 2012 pro
1629 1938 1891 1994 universi
1921 1937 2082 1993 orbis

430 2032 619 2089 salute
651 2031 876 2089 orabat.
906 2033 1190 2098 Quocirca
1230 2036 1368 2087 ante
1418 2045 1590 2084 suum
1622 2045 1652 2083 e
1683 2044 1929 2100 corpore
1962 2027 2084 2081 dis-

431 2139 665 2180 cessum
723 2122 1087 2195 sempiterna
1145 2121 1256 2176 sibi
1315 2120 1572 2191 reposita
1613 2118 1770 2173 bona
1800 2117 2082 2172 divinitus

432 2212 624 2280 docta,
660 2218 887 2268 secreto
919 2211 1235 2267 intellexit.
1279 2214 1469 2280 Atque
1503 2215 1641 2263 tunc
1673 2207 1913 2278 quidem
1945 2222 2080 2260 cum

427 2301 589 2358 bona
610 2318 713 2373 spe
735 2301 839 2358 illa
859 2301 1137 2357 discessit
1160 2317 1173 2355 :
1199 2299 1574 2372 postmodum
1599 2314 1732 2351 vero
1751 2296 1824 2351 ad
1847 2301 2080 2351 sanctas

424 2390 615 2462 ipsius
636 2389 922 2460 reliquias
943 2387 1390 2444 accurrentibus
1412 2382 1907 2457 apparens,etilla
1928 2382 2083 2436 bona

431 2495 738 2549 enarrans,
788 2495 919 2549 qum
967 2477 1174 2533 oculus
1219 2491 1538 2547 corporeus
1585 2490 1706 2528 non
1754 2471 1917 2540 vidit,
1950 2487 2080 2542 quae

429 2568 781 2642 praeparavit
809 2569 964 2623 Deus
990 2565 1372 2639 diligentibus
1391 2582 1474 2633 se,
1492 2562 1906 2619 incredibilem
1935 2567 2083 2616 attu-

430 2659 501 2714 lit
530 2659 818 2714 laatitiam.
844 2657 934 2714 Sic
966 2657 1252 2713 Dominus
1281 2655 1576 2728 glorificat
1607 2670 1727 2719 eos,
1755 2651 1856 2723 qui
1888 2652 2084 2723 ipsum

427 2750 766 2823 glorificant
790 2767 909 2806 una
941 2766 1077 2806 cum
1119 2749 1369 2804 Domina
1413 2753 1616 2803 nostra
1646 2744 1918 2816 Deipara,
1951 2759 2081 2814 qum

425 2839 596 2896 illum
629 2840 757 2897 sine
790 2840 1017 2897 sumine
1049 2844 1108 2894 et
1137 2839 1264 2895 sine
1295 2837 1678 2909 corruptione
1716 2834 1970 2908 peperit.

665 3047 733 3101 Et
763 3051 1032 3102 certamen
1061 3050 1260 3100 sanctae
1290 3043 1518 3112 Agnetis
1548 3041 1829 3110 martyris.

500 3165 722 3235 Martyr
741 3164 956 3218 Christi
974 3165 1167 3234 Agnes
1190 3160 1457 3216 moribus
1476 3159 1702 3214 nomini
1726 3156 2078 3213 convenien-

429 3252 587 3307 tibus
617 3256 844 3319 ornata,
903 3250 1241 3321 complures
1295 3249 1627 3320 impudicas
1665 3248 1919 3302 feminas
1952 3244 2075 3300 suis

430 3339 939 3396 admonitionibus
987 3345 1163 3409 atque
1214 3336 1722 3393 cohortationibus
1768 3352 1802 3390 a
1841 3333 2077 3406 flagitiis

426 3435 717 3498 avocatas,
749 3429 823 3484 ad
843 3427 1058 3485 Christi
1095 3426 1271 3482 {idem
1303 3425 1566 3482 adduxit.
1603 3424 1823 3479 Idcirco
1855 3422 1927 3477 ab
1949 3422 2079 3493 ejus

425 3519 537 3576 loci
570 3518 847 3591 praefecto
897 3515 1349 3588 comprehensa,
1386 3513 1718 3570 excruciata
1748 3519 1874 3568 est:
1908 3527 2076 3566 cum-

426 3627 538 3682 que
569 3614 873 3665 recusaret
893 3607 1070 3662 idolis
1093 3606 1428 3672 immolare,
1453 3604 1528 3660 ad
1552 3605 1807 3676 lupanar
1827 3602 2077 3673 duciju-

425 3699 618 3766 betur,
653 3704 718 3754 ut
747 3697 818 3754 ab
850 3697 1362 3754 incontinentibus
1411 3695 1746 3751 violaretur.
1783 3696 1855 3748 At
1885 3692 1988 3746 illa
2018 3690 2079 3745 in

426 3789 725 3845 Christum
755 3788 1001 3853 confisa,
1019 3787 1112 3843 cui
1136 3792 1194 3842 et
1215 3787 1393 3842 fidem
1425 3801 1594 3841 suam
1627 3783 2078 3852 castitatemque

428 3877 797 3945 observabat,
856 3877 1327 3933 incontaminata
1380 3891 1650 3948 puraque
1708 3877 1936 3929 servata
1969 3876 2076 3938 est,

435 3984 468 4021 a
497 3967 695 4022 divino
726 3967 934 4040 angelo
966 3971 1249 4038 protecta,
1291 3982 1412 4020 non
1461 3963 1841 4036 permittente
1872 3975 2077 4032 quem-

434 4073 613 4129 quam
645 4057 720 4113 ad
749 4057 916 4112 illam
963 4057 1242 4112 accedere
1268 4074 1280 4110 :
1341 4072 1411 4110 ex
1467 4056 1684 4128 quibus
1714 4071 1871 4110 unus
1901 4070 2080 4109 ausus

432 4146 984 4217 accedere,repente
1006 4148 1376 4201 exanimatus
1398 4143 1810 4210 corruit.Quod
1832 4141 2080 4199 audiens

430 4234 765 4305 prmfectus,
799 4235 963 4289 illam
995 4234 1068 4289 ad
1101 4251 1161 4289 se
1211 4234 1559 4289 accersitam
1592 4232 1796 4299 oravit,
1827 4237 1893 4286 ut
1923 4247 2078 4285 mor-

431 4329 599 4378 tuum
631 4323 961 4378 suscitaret.
998 4323 1210 4378 Sancta
1265 4323 1467 4392 itaque
1525 4327 1750 4384 orante,
1784 4319 2079 4390 extemplo

427 4408 743 4466 defunctus
765 4410 988 4465 revixit.
1030 4411 1211 4465 Batus
1237 4413 1435 4465 autem
1468 4407 1779 4479 praefectus
1811 4406 2081 4460 malefica

427 4506 552 4557 arte
583 4500 750 4556 illam
808 4499 868 4555 id
922 4499 1208 4568 effecisse,
1255 4497 1514 4554 flammis
1545 4495 1928 4551 cremandam
1961 4499 2081 4550 tra-

423 4588 593 4646 didit.

568 4699 663 4754 15
677 4703 724 4753 4
748 4703 821 4753 Et
839 4705 1120 4755 certamen
1140 4702 1338 4753 sanctae
1363 4696 1626 4766 martyris
1649 4695 1923 4767 Cyprillz.

493 4823 754 4895 Cyprilla
783 4825 997 4880 Christi
1045 4829 1292 4896 martyr,
1322 4822 1685 4879 Diocletiano
1714 4823 2068 4894 imperante,

420 4911 644 4983 Cyrene
675 4918 834 4979 nata,
866 4915 1216 4970 Christianis
1246 4913 1614 4985 parentibus,
1646 4913 1897 4985 conjuge
1936 4916 2072 4983 post

419 4999 729 5056 biennium
761 5001 1060 5068 defuncto,
1119 5019 1226 5074 per
1282 5008 1414 5058 octo
1462 5008 1520 5058 et
1551 5002 1752 5075 viginti
1784 5018 1973 5057 annos
2003 5001 2066 5056 in

416 5087 698 5145 viduitate
728 5092 966 5147 mansit.
1000 5091 1145 5146 Cum
1177 5097 1374 5146 autem
1399 5091 1738 5147 Theodorus
1770 5091 2068 5146 sanctissi-

417 5194 550 5233 mus
581 5178 837 5250 Cyrenes
863 5181 1175 5251 episcopus
1197 5186 1422 5250 captus,
1457 5181 1517 5234 in
1547 5197 1844 5236 carcerem
1868 5180 2065 5236 detru-

418 5281 519 5331 sus
537 5265 667 5330 fuit,
691 5266 923 5331 accidit,
945 5272 1013 5321 ut
1032 5267 1241 5338 capitis
1263 5266 1463 5320 dolore
1487 5268 1716 5334 affecta,
1739 5268 2064 5323 curationis

413 5354 603 5426 gratia
632 5354 706 5409 ad
737 5354 908 5410 illum
939 5355 1202 5421 veniret;
1255 5353 1326 5409 ab
1387 5371 1572 5425 eoque
1612 5361 1835 5423 curata,
1868 5357 2062 5412 eidem

411 5443 752 5499 ministrare
785 5445 961 5516 cmpit
990 5461 1121 5500 cum
1158 5443 1354 5508 Lucia,
1387 5448 1446 5498 et
1472 5446 1626 5500 Aroa
1655 5444 1767 5514 piis
1797 5445 2057 5502 feminis.

411 5535 546 5588 Post
570 5532 798 5590 obitum
828 5550 964 5588 vero
997 5533 1186 5590 sancti
1209 5531 1497 5588 Theodori
1520 5531 1594 5588 ad
1615 5531 1930 5604 praesidem
1962 5534 2060 5590 ad-

408 5621 606 5692 ducta,
667 5623 1083 5696 Christumque
1139 5623 1428 5697 professa,
1486 5621 1744 5695 primum
1776 5621 2056 5680 caeditur:

406 5712 621 5769 deinde
652 5713 850 5786 palma
880 5730 1102 5786 prunas
1125 5713 1448 5786 excipiens,
1472 5729 1506 5769 a
1531 5712 1840 5771 lictoribus
1869 5713 2057 5786 ipsius

2186 1945 2359 2021 θένον,
2417 1947 2499 2002 ἀεὶ
2555 1945 2921 2022 προσήδρευεν
2979 1945 3030 2002 ἐν
3084 1950 3162 2018 τῷ
3217 1945 3419 2014 ταύτης
3473 1950 3606 2018 ναῷ,
3660 1944 3841 1999 αἰτου-

2189 2035 2323 2109 μένη
2358 2036 2524 2105 αὐτὴν
2587 2036 2716 2113 ὑπὲρ
2764 2042 2863 2106 τῆς
2919 2039 3015 2090 106
3063 2035 3273 2108 κόσμου
3305 2034 3505 2096 παντὸς
3540 2032 3835 2110 σωτηρίας.

2182 2128 2343 2190 ’Όθεν
2401 2128 2506 2202 πρὸ
2562 2133 2661 2196 τῆς
2715 2129 2812 2180 106
2871 2125 3123 2197 σώματος
3179 2121 3560 2198 ἐκδημήσεως,
3602 2123 3667 2178 τὰ
3696 2120 3834 2177 ἀπο-

2183 2215 2406 2289 κείμενα
2435 2214 2572 2289 αὐτῇ
2604 2215 2798 2270 αἰώνια
2853 2214 3024 2288 ἁγαθά
3077 2211 3342 2288 ἐδιδάχθη
3383 2233 3444 2267 τε
3475 2211 3564 2266 καὶ
3596 2210 3840 2284 ἐμυήθη,

2183 2303 2289 2360 Καὶ
2333 2300 2457 2360 τότε
2517 2305 2652 2377 μετά
2706 2304 2917 2380 ἀγαθῶν
2980 2300 3217 2358 ἐλπίδων
3250 2303 3583 2370 ἀπελθοῦσα,
3616 2299 3838 2377 ὕστερον

2181 2399 2310 2468 τοῖς,
2357 2390 2810 2469 προσεδρεύουσιν
2873 2392 3041 2461 αὐτῆς
3093 2395 3173 2464 τῷ
3230 2389 3368 2466 ἁγίῳ
3424 2389 3668 2462 λειψάνῳ
3718 2387 3844 2442 ἐπι-

2183 2488 2429 2561 φανεῖσα,
2485 2482 2576 2538 καὶ
2629 2482 2696 2537 τά
2751 2482 2922 2558 ἀγαθά
2978 2481 3154 2536 ἐκεῖνα
3216 2478 3619 2553 διηγησαμένη,
3668 2483 3846 2532 πᾶσαν

2185 2574 2358 2649 χαράν
2391 2571 2663 2643 ἐποίησεν-
2701 2572 2873 2648 ἀγαθά
2905 2569 3102 2641 ἐκεῖνα,
3161 2567 3192 2624 ἃ
3253 2568 3536 2647 ὀφθαλμὸς
3578 2567 3840 2636 αἰσθητὸς

2184 2663 2282 2719 οὐκ
2313 2660 2471 2730 εἶδεν,
2506 2662 2538 2717 ἃ
2568 2661 2864 2735 ἡτοίμασεν
2927 2663 2954 2716 ὁ
3013 2661 3144 2721 Θεὸς
3193 2665 3311 2722 τοῖς
3342 2659 3616 2733 ἀγαπῶσιν
3649 2656 3839 2714 αὐτόν.

2182 2754 2345 2810 Οὕτω
2377 2749 2585 2823 δοξάζει
2646 2750 2844 2826 Κύριος
2897 2750 3023 2812 τοὺς
3083 2748 3401 2823 δοξάζοντας
3435 2747 3596 2803 αὐτὸν
3630 2767 3710 2817 τε,
3741 2749 3833 2802 καὶ

2177 2845 2279 2914 τήν
2309 2842 2563 2917 ἀσπόρως
2601 2841 2690 2897 καὶ
2749 2841 2999 2918 ἀφθόρως
3055 2843 3314 2896 τεκοῦσαν
3344 2839 3506 2894 αὐτὸν
3537 2836 3836 2893 Δέσποιναν

2179 2936 2341 3006 ἡμῶν
2373 2929 2655 2988 Θεοτόκον.

2392 3047 2492 3102 Καὶ
2523 3044 2749 3114 ἄθλησις
2774 3051 2875 3116 τῆς
2902 3044 3058 3120 ἁγίας
3090 3044 3360 3119 μάρτυρος
3392 3044 3619 3116 Ἀγνῆς.

2249 3165 2312 3221 ἸΙ
2370 3167 2467 3218 τοῦ
2524 3166 2763 3235 Χριστοῦ
2845 3160 3048 3234 μάρτυς
3104 3160 3269 3236 Ἅγνή
3341 3159 3433 3214 τὸν
3493 3158 3695 3232 τρόπον
3753 3159 3835 3227 τῷ

2138 3245 2151 3284 λ
2187 3252 2416 3326 ὀνόματι
2445 3251 2799 3322 κατάλληλον
2842 3247 3065 3326 ἔχουσα,
3116 3247 3330 3311 πολλάς
3378 3252 3485 3303 τῶν
3520 3245 3835 3302 ἀκολάστων

2184 3348 2452 3419 γυναικῶν
2499 3340 2588 3397 ὁιά
2625 3341 2906 3406 νουθεσίας
2960 3341 3049 3396 καὶ
3107 3339 3490 3416 παραινέσεως,
3522 3343 3630 3393 τῶν
3663 3357 3840 3407 πονη-

2185 3439 2296 3508 ρῶν
2326 3429 2531 3488 ἔπειθεν
2582 3431 2877 3506 ἀπέχεσθαι
2917 3431 3275 3505 πραγμάτων,
3323 3429 3414 3484 καὶ
3459 3425 3728 3482 πιστεύειν
3763 3424 3841 3487 εἷς

2186 3523 2440 3599 Χριστόν,
2475 3522 2571 3577 Διά
2626 3526 2792 3576 ταῦτα
2847 3527 3178 3596 κρατηθεῖσα
3218 3519 3364 3594 παρά
3389 3522 3485 3574 106
3513 3525 3612 3586 τῆς
3643 3517 3838 3592 χώρας

2187 3614 2476 3689 ἄρχοντος,
2533 3606 2854 3682 ἐϐασανίσθη
2915 3608 3186 3688 σφοδρῶς.
3264 3610 3364 3664 Καὶ
3424 3609 3500 3680 μὴ
3559 3611 3842 3670 πεισθεῖσα

2187 3708 2342 3768 θῦσαι
2373 3708 2488 3764 τοῖς
2549 3700 2828 3770 εἰδώλοις,
2888 3699 2964 3762 εἰς
3021 3705 3280 3774 πορνεῖον
3337 3698 3587 3775 ἐπέμφθη
3640 3695 3730 3751 ἐπὶ
3761 3699 3842 3765 τῷ

2191 3799 2479 3866 μιανθῆναι
2534 3791 2680 3866 παρά
2735 3795 2843 3845 τῶν
2904 3786 3244 3846 ἀκολάστων.
3307 3785 3485 3845 Ἀλλά
3511 3791 3590 3857 τῷ
3617 3788 3842 3860 Χριστῷ

2186 3885 2519 3961 θαῤῥήσασα,
2569 3883 2615 3955 ᾦ
2670 3883 2760 3937 καὶ
2797 3883 2895 3950 τήν
2953 3881 3134 3937 πίστιν
3193 3879 3283 3934 καὶ
3341 3879 3438 3947 τήν
3493 3877 3704 3952 ἁγνείαν
3757 3873 3840 3931 δι-

2187 3976 2392 4047 ετήρει,
2449 3970 2682 4032 ἅσπιλος
2739 3971 2828 4025 καὶ
2879 3969 3084 4046 καθαρὰ
3140 3967 3507 4046 διεφυλάίχθη,
3553 3966 3658 4021 ὑπὸ
3691 3963 3838 4020 θείου

2187 4064 2421 4138 ἀγγέλου
2451 4063 2783 4133 σκεπομένη,
2841 4064 2938 4114 106
2998 4060 3074 4132 μὴ
3109 4058 3304 4120 ἐῶντός
3335 4078 3455 4112 τινα
3480 4054 3838 4130 προσεγγίσαι

2187 4152 2346 4226 αὐτῇ.
2410 4153 2496 4222 Ἐξ
2552 4151 2622 4206 ὧν
2685 4152 2763 4212 εἷς
2819 4146 3107 4222 τολμήσας
3156 4145 3502 4222 προσελθεῖν,
3535 4146 3840 4220 παραυτίκα

2187 4241 2482 4316 ἔνεκρώθη.
2523 4239 2610 4300 Ὠς
2668 4236 2726 4294 δὲ
2771 4242 2933 4293 10610
2963 4235 3194 4306 ⁹ἤκουσεν
3249 4237 3278 4291 ὁ
3328 4231 3537 4309 ἄρχων,
3568 4252 3842 4306 προσεκα-

2186 4326 2382 4384 λέσατο
2441 4328 2632 4398 αὐτὴν,
2689 4325 2780 4381 καὶ
2837 4325 3080 4400 ᾐτήσατο
3138 4324 3435 4393 ἀναστῆσαι
3491 4322 3583 4378 τὸν
3625 4321 3833 4396 νεκρόν.

2186 4419 2288 4473 Καὶ
2317 4423 2416 4485 τῆς
2448 4413 2603 4490 ἁγίας
2635 4414 2950 4487 εὐξαμένης,
2997 4413 3194 4477 εὖθὲως
3241 4413 3444 4488 ἡγέρθη
3479 4411 3506 4464 ὁ
3538 4411 3838 4480 τεθνηκώς.

2185 4505 2288 4560 Καὶ
2321 4503 2550 4576 νομίσας
2593 4504 2620 4558 ὁ
2674 4499 2860 4577 ἄρχων
2921 4499 3002 4555 ὅτι
3063 4497 3152 4554 διὰ
3207 4499 3462 4577 γοητείας
3491 4496 3705 4574 ἤγειρεν
3742 4495 3840 4551 αὖ·

2097 4590 2144 4654 D
2181 4593 2297 4663 τὸν,
2330 4592 2459 4666 πυρὶ
2491 4587 2800 4666 παρέδωκεν
2828 4589 3014 4660 αὐτήν.

2324 4691 2426 4750 Καὶ
2452 4687 2683 4762 ἄθλησις
2709 4696 2809 4759 τῆς
2842 4688 2998 4764 ἁγίας
3032 4690 3305 4765 μάρτυρος
3338 4686 3686 4762 Κυπρίλλης.

2249 4805 2536 4884 Κυπρίλλα
2588 4809 2624 4876 ἡ
2676 4809 2774 4861 106
2831 4804 3065 4880 Χριστοῦ
3129 4805 3332 4880 μάρτυς
3392 4805 3610 4879 ὑπῆρχε
3647 4802 3740 4875 μὲν
3775 4800 3835 4856 ἐκ

2175 4906 2275 4969 τῆς
2303 4897 2521 4959 πόλεως
2551 4896 2804 4972 Κυρήνης
2834 4893 2920 4949 ἐπὶ
2963 4898 3064 4959 τῆς
3101 4892 3383 4969 βασιλείας
3413 4892 3831 4962 Διοκλητιανοῦ.

2177 4989 2464 5063 Προγόνων
2529 4981 2586 5039 δὲ
2643 4984 2774 5038 οὖσα
2836 4984 3154 5058 Χριπιανὴ,
3223 4983 3528 5056 συνῴκησεν
3561 4979 3712 5056 ἀνδρὶ
3741 4977 3832 5034 ἐπὶ

2176 5076 2324 5133 δυσὶν
2382 5075 2570 5131 ἔτεσιν.
2636 5073 2734 5130 Καὶ
2791 5077 2889 5128 106
2944 5070 3138 5148 ἀνδρὸς
3187 5072 3355 5142 αὐτῆς
3385 5070 3829 5142 τελευτήσαντος,

2173 5164 2376 5241 ἔμεινεν
2411 5165 2461 5221 ἑν
2497 5163 2697 5239 χηρείᾳ
2753 5160 2844 5233 ἔτη
2905 5160 3076 5218 εἴκοσι
3109 5163 3273 5220 ὀκτώ.
3308 5163 3431 5217 Ὂτε
3463 5160 3522 5218 δὲ
3557 5159 3830 5237 ἐκρατήθη

2173 5255 2454 5331 Θεόδωρος
2521 5255 2550 5308 ὁ
2617 5252 2918 5328 ἁγιώτατος
3003 5251 3296 5315 ἐπίσκοπος
3381 5252 3658 5326 Κυρήνης,
3739 5263 3833 5319 καὶ

2173 5343 2504 5414 ἀπεκλείσθη
2555 5340 2632 5404 εἷς
2694 5340 2960 5419 φυλακὴν,
3020 5343 3157 5396 κατὰ
3215 5339 3507 5416 συγκυρίαν
3543 5338 3834 5413 ἀλγήσασα

2169 5438 2266 5507 τὴν
2299 5432 2569 5511 κεφαλὴν,
2598 5429 2813 5500 ἀπῆλθε
2869 5431 3003 5506 πρὸς
3061 5431 3245 5501 αὐτὸν,
3281 5428 3691 5506 χάρινῖἁσεως.
3727 5425 3832 5484 Καὶ

2169 5525 2551 5602 Θεραπευθεῖσα
2609 5517 2850 5591 διηκόνει
2904 5519 3052 5592 αὐτῴ
3111 5518 3204 5574 σὺν
3262 5517 3472 5589 Λουκίᾳ
3521 5514 3613 5572 καί
3665 5515 3832 5590 Ἀρόᾳ

2166 5621 2286 5679 ταῖς
2340 5611 2514 5676 ὁσίαις
2567 5609 2826 5687 γυναιξίν.
2888 5609 3042 5668 Μετά
3095 5607 3152 5664 δὲ
3205 5609 3304 5678 τὴν
3349 5611 3446 5663 106
3496 5606 3654 5683 ἁγίου
3685 5613 3821 5661 Θεο-

2169 5706 2350 5782 δώρου
2403 5699 2708 5770 τελείωσιν,
2767 5702 3082 5776 παραστᾶσα
3137 5702 3216 5771 τῷ
3275 5698 3532 5772 ἡγεμόνι,
3585 5696 3677 5752 καὶ
3731 5694 3825 5750 τὸν
