4158 6310
331 391 447 450 525
1871 394 1962 457 JU

2081 395 2168 454 IS.
3622 409 3742 469 526

331 552 557 620 Χριστὸν
591 552 1009 627 ὁμολογήσασα,
1069 552 1332 629 πρότερον
1393 553 1619 632 ἐτύφθη.
1678 556 1812 611 Εἶτα
1884 553 1965 609 ἄν·

2097 572 2339 612 manum
2366 560 2948 632 apprehendentibus
2973 561 3291 636 cogebatur
3313 563 3448 620 thus
3475 565 3589 622 diis
3610 567 3748 624 ado-

333 643 532 716 θρακας
590 643 678 696 ἐπὶ
735 649 836 712 τῆς
891 641 1155 716 παλάμης
1215 641 1502 716 δεξαμένη,
1577 638 1821 712 ἐϐιάζετο
1883 645 1965 698 ὑπι

2094 644 2236 700 lere.
2259 646 2368 702 Illa
2397 654 2605 705 contra
2635 651 2927 707 clamabat
2955 669 2966 706 :
3002 654 3127 707 Non
3150 658 3239 707 est
3265 653 3412 726 haac,
3442 655 3743 726 inquiens,

331 734 442 784 τῶν
477 727 692 805 δημίων
722 732 1069 806 κρατούντων
1099 733 1196 800 τήν
1231 732 1398 802 αὐτῆς
1444 737 1625 808 χεῖρα,
1679 725 1965 788 λιϐανωτὸε

2095 741 2426 805 spontanea
2452 738 2671 794 oblatio
2699 758 2712 794 :
2746 758 2850 815 ego
2882 741 3041 796 enim
3100 742 3330 798 Christo
3385 725 3543 799 meoi
3568 747 3751 802 sacri-

329 827 712 897 προσενεγκεῖν
742 827 860 884 τοῖς
893 822 1058 884 θεοῖς.
1089 823 1148 878 ἹΙ
1186 818 1243 876 δὲ
1291 817 1439 875 ἐϐόα·
1496 821 1610 879 Ούκ
1657 817 1767 876 ἔστι
1820 824 1965 876 τοῦτι

2093 825 2228 880 ﬁco.
2262 827 2394 882 Haec
2427 827 2646 897 locuta,
2681 831 2741 886 in
2775 832 3094 903 equuleum
3137 833 3391 889 sublime
3441 835 3747 910 arripitur,

331 909 582 973 ἑκούσιος
620 909 800 975 θυσία.
832 909 980 986 Ἐγὼ
1010 911 1114 985 γὰρ
1145 915 1224 983 τῷ
1268 910 1486 986 Χριστῷ
1539 931 1647 983 μου
1697 910 1828 966 θύω.
1881 912 1961 966 Κα

2092 913 2295 986 ibique
2329 921 2769 992 excarniﬁcata,
2815 923 3090 994 spiritum
3125 923 3386 980 tradidit.

329 1004 498 1055 ταῦτα
549 998 796 1066 εἰποῦσα,
854 998 1158 1074 ἐκρεμάσθη
1220 998 1306 1054 ἐπὶ
1367 999 1552 1071 ξύλουο
1604 997 1692 1054 καὶ
1752 995 1981 1072 ξεομένη

331 1085 622 1166 παρέδωκε
649 1089 710 1143 τὸ
733 1093 963 1162 πνεῦμα.

405 1205 502 1260 Καὶ
538 1206 734 1278 μνήμη
766 1210 862 1260 τοῦ
893 1205 1042 1261 ὁσίου
1071 1204 1388 1282 Ἱλαρίωνος
1419 1211 1524 1275 τῆς
1557 1203 1870 1278 Δαλμάτου.

886 1351 1061 1406 MHNI
1103 1355 1189 1428 Τῼ
1229 1353 1423 1427 ΑΥἹᾨ.

1132 1441 1173 1507 ζ,

331 1535 538 1609 Μνήμη
593 1540 692 1591 τοῦ
750 1536 900 1593 ὁσίου
960 1538 1168 1610 Πατρὸς
1213 1539 1374 1610 ἡμῶν
1465 1537 1664 1592 Σισόου
1720 1540 1822 1591 τοῦ
1879 1541 1982 1591 Με-

1059 1611 1256 1683 γάλου.

399 1707 462 1763 Ὀ
495 1708 761 1782 μακάριος
815 1707 1039 1778 Σισόης,
1099 1707 1158 1762 ἐκ
1217 1706 1448 1784 βρέφους
1504 1706 1596 1761 τόν
1656 1707 1786 1762 Θεὸν
1847 1707 1978 1779 ἀγα-

327 1795 530 1864 πήσας,
587 1795 677 1849 καὶ
733 1795 823 1850 τὸν
881 1795 1083 1850 τούτου
1142 1796 1367 1871 σταυρὸν
1430 1794 1512 1849 ἐπ’
1595 1790 1762 1868 ὢμων
1820 1791 1973 1865 ἄρας,

326 1882 700 1956 ἠκολούθησεν
722 1887 889 1958 αὐτῷ.
924 1884 1031 1942 Καὶ
1060 1885 1156 1948 τὰς
1185 1885 1508 1959 παρατάξεις
1562 1888 1671 1939 τῶν
1718 1883 1966 1957 ἀοράτων

326 1971 544 2048 ἐχθρῶν
620 1972 1067 2050 τροπωσᾶμενος,
1123 1973 1333 2051 χαίρων
1407 1973 1660 2050 ἐχώρησε
1716 1973 1854 2048 πρὸς
1908 1972 1975 2026 τὰ

327 2060 558 2119 ἐπίπονα
594 2071 696 2133 τῆς
754 2063 1032 2136 ἀσκήσεως
1092 2064 1403 2138 σκάμματα.
1460 2060 1974 2139 Ταπεινοφροσύνης

327 2148 384 2205 δὲ
412 2152 490 2214 εἲς
520 2149 691 2228 ἄκρον
747 2153 1062 2228 γενόμενος,
1123 2151 1334 2226 ἐδέξατο
1392 2151 1710 2228 χαρίσματα
1764 2152 1975 2222 θαυμα-

319 2241 597 2316 τουργίας.
644 2243 748 2299 Καὶ
805 2245 909 2319 γάρ
957 2243 1047 2299 καὶ
1103 2242 1326 2320 νεκροὺς
1381 2241 1654 2313 ἀνέστησε,
1706 2262 1797 2296 και
1855 2238 1971 2295 δαί-

324 2346 494 2404 μονας
536 2330 587 2402 ἐξ
627 2331 926 2407 ἀνθρώπων
979 2332 1249 2404 ἀπήλασε,
1311 2334 1397 2387 καὶ
1453 2335 1742 2395 νοσοῦντας
1788 2329 1974 2404 ἐθερά-

319 2439 501 2492 πευσε,
534 2421 623 2474 καὶ
681 2419 827 2476 ἄλλα
883 2420 1070 2478 πολλά
1126 2422 1373 2496 θαύματα
1429 2421 1699 2490 ἐποίησεν.
1764 2421 1862 2476 Ἦν
1915 2416 1972 2473 δὶ

321 2509 410 2564 καὶ
458 2511 560 2578 τήν
622 2509 871 2586 ἐντυχίαν
931 2513 1238 2584 προσηνὴς,
1296 2513 1384 2566 καὶ
1449 2511 1816 2587 μετριόφρων,
1875 2507 1969 2563 καὶ

318 2595 455 2667 ἡδὺς
486 2597 539 2654 ἐν
571 2605 688 2662 τοῖς
734 2600 1170 2676 ἀποφθέγμασιν,
1231 2600 1282 2671 ἐξ
1340 2601 1414 2655 ὧν
1471 2597 1658 2655 πολλᾶ
1712 2597 1971 2675 συνεγρά’

322 2709 496 2764 φησαν
531 2690 608 2751 είς
638 2690 737 2758 τὴν
767 2694 874 2744 τῶν
907 2688 1114 2745 λοιπῶν
1148 2689 1436 2766 ὠφέλειαν.
1491 2689 1606 2747 Οὐκ
1650 2687 1872 2763 ὀλίγους
1911 2685 1970 2742 δὲ

321 2776 408 2831 καὶ
437 2782 544 2832 τῶν
577 2778 879 2834 πταιόντων
909 2777 1156 2856 ἀδελφῶν
1208 2777 1296 2834 διὰ
1343 2775 1798 2854 παραδειγμάτων
1847 2775 1968 2830 ἐπι-

317 2864 575 2940 τηδείων,
606 2869 744 2943 πρὸς
795 2868 1074 2941 μετάνοιαν
1135 2868 1468 2944 ἐπιστρέφων
1521 2865 1776 2942 διώρθου.
1832 2864 1970 2941 Εἶχε

321 2954 377 3011 δὲ
428 2956 517 3012 καὶ
575 2962 760 3028 τοῦτο,
821 2959 883 3013 τὸ
945 2956 1219 3032 μηδέποτε
1269 2956 1609 3030 κατακρίνειν
1663 2954 1963 3030 ἄνθρωπον.

320 3044 476 3103 Οὕτω
508 3043 565 3101 δὶ
599 3047 804 3123 βιώσας
836 3048 1160 3124 ἀγγελικῶς,
1193 3047 1330 3120 πρὸς
1359 3046 1511 3117 Θεὸν,
1545 3041 1602 3101 ὅν
1635 3045 1964 3119 ἐπεθύμησε,

315 3134 527 3210 χαίρων
585 3133 940 3208 ἐξεδήμησεν,
1030 3132 1325 3193 ἀπολαϐὼν
1379 3138 1479 3206 τὴν
1547 3138 1964 3212 ἡτοιμασμένην

313 3224 460 3295 αύτῷ
490 3222 707 3279 αἰώνιον
746 3225 1048 3298 βασιλείαν.

313 3321 411 3376 Καὶ
469 3321 697 3393 ἄθλησις
766 3329 866 3394 τῆς
951 3323 1108 3398 ἁγίας
1187 3325 1460 3398 μαρτυρος
1530 3323 1787 3395 Λουκίας,
1868 3326 1955 3381 καὶ

918 3393 1028 3450 τῶν
1061 3393 1153 3450 συν
1188 3393 1347 3471 αὐτῇ.

383 3519 447 3571 ’lI
473 3522 570 3572 τοῦ
619 3524 860 3594 Χριστοῦ
911 3519 1114 3594 μάρτυς
1168 3527 1373 3576 Λουκια
1405 3523 1440 3591 ἡ
1473 3523 1754 3596 παρθένος,
1805 3521 1959 3595 ἐτέρα

314 3605 424 3660 ἐστὶ
466 3607 611 3682 παρά
663 3608 762 3676 τὴν
821 3608 872 3664 ἐν
938 3607 1164 3681 Σικελίᾳ
1221 3611 1454 3665 Λουκίαν
1508 3612 1608 3680 τήν
1667 3612 1953 3683 παρθένον.

313 3697 411 3752 ἸῙν
442 3696 545 3772 γὰρ
577 3697 710 3769 αὕτη
746 3697 805 3753 ἐκ
859 3705 959 3769 τῆς
1020 3700 1206 3774 χώρας
1262 3699 1608 3772 Καμπανίας.
1664 3699 1765 3756 Καὶ
1823 3721 1958 3774 κρα-

309 3791 534 3854 τηθεῖσα
591 3787 738 3861 παρά
795 3792 889 3842 τοῦ
943 3795 1046 3858 τῆς
1098 3787 1360 3858 τοιαύτης
1414 3788 1604 3862 χώρας
1664 3785 1953 3863 ἄρχοντος,

311 3873 654 3948 ἐτιμωρήθη.
728 3877 824 3933 Καὶ
909 3878 1435 3954 θαυματουργήσασα
1515 3874 1724 3932 ἓπεισεν
1793 3879 1952 3933 αὐτὸν

311 3974 589 4024 πιστεῦσαι
622 3975 866 4046 Χριστῷ·
921 3974 1010 4027 καὶ
1065 3972 1126 4028 ού
1176 3973 1340 4046 μόνον
1394 3969 1640 4042 ἀπελύθη
1695 3974 1820 4047 παρ’
1854 3973 1956 4027 αὐ-

310 4063 428 4125 τοῦ,
459 4059 722 4115 ἀλλάᾚιαὶ
766 4061 912 4117 οἶκον
957 4062 1045 4117 καὶ
1105 4059 1304 4123 δούλας
1365 4056 1607 4116 λαϐοῦσα
1656 4063 1951 4137 ἡσύχαζεν,

314 4148 591 4223 εὐχομένη
621 4155 701 4223 τῷ
749 4152 865 4223 Θεῷ
919 4153 1050 4226 ὑπὲρ
1094 4151 1277 4207 αὐτοῦ.
1332 4151 1482 4206 Μετὰ
1529 4147 1586 4205 δὲ
1636 4150 1954 4227 παρέλευσιν

311 4233 443 4290 ἐτῶν
496 4234 690 4308 εἴκοσι,
749 4237 1045 4316 ἀμφότεροι
1107 4238 1538 4311 ἐπιθυμήσαντες
1593 4243 1688 4293 τοῦ
1749 4259 1956 4314 μαρτυ-

317 4325 632 4400 ρῆσαιὺπέρ
684 4331 922 4400 Χριστοῦ
977 4326 1271 4383 κατέλιπον
1317 4324 1545 4384 ἅπαντα.
1598 4328 1694 4382 Καὶ
1752 4327 1956 4383 ἀναλα-

318 4408 537 4486 ϐόμενοι
569 4415 696 4477 τοὺς
746 4415 977 4480 οἰκείους
1034 4413 1328 4493 ὑπηρέτας,
1378 4415 1626 4488 ἀπῆλθον
1677 4417 1813 4492 πρὸς
1861 4418 1952 4472 τὸν

316 4504 562 4579 ἡγεμόνα
590 4512 688 4575 τῆς
727 4506 939 4583 χώρας,
987 4506 1077 4562 καὶ
1134 4504 1450 4581 παρέδωκαν
1511 4507 1770 4568 ἑκουσίως
1827 4507 1951 4562 ἐαυ-

316 4595 461 4655 τούς.
526 4594 622 4651 Καὶ
680 4594 1040 4669 ἐρωτηθέντες
1085 4595 1174 4650 καὶ
1231 4596 1321 4650 τὸν
1376 4596 1610 4670 Χριστὸν
1667 4595 1955 4670 ὁμολογή-
1989 4609 2034 4673 D

319 4702 520 4754 σαντες,
595 4681 1015 4758 ἐτιμωρήθησαν
1102 4681 1396 4761 διαφόρῶς.
1454 4685 1541 4746 Ὡς
1601 4682 1658 4738 δὲ
1717 4683 1957 4739 ἐπιπολὺ

320 4769 566 4845 ἐνέμενον
595 4775 664 4844 τῇ
695 4776 791 4827 τοῦ
821 4775 1055 4849 Χριστοῦ
1093 4772 1292 4843 πίστει,
1320 4775 1420 4843 τήν
1455 4771 1544 4828 διὰ
1594 4773 1776 4850 ξίφους
1831 4773 1962 4828 ἀπό-

319 4882 473 4937 φασιν
559 4858 836 4935 δεξάμενοι
915 4861 1418 4936 ἀπεκεφαλίσθησαν
1494 4863 1608 4936 ἅμα
1660 4867 1728 4936 τῇ
1786 4863 1958 4936 λοιπῇ

321 4949 542 5022 συνοδίᾳ
571 4951 765 5007 αὐτῶν·
810 4952 898 5006 καὶ
953 4951 1096 5007 οὕτω
1141 4950 1542 5024 τελειωθέντες,
1590 4951 1960 5027 ἐστεφανώθη·

322 5062 411 5096 σαν
441 5039 494 5095 ἐν
526 5042 763 5116 Χριστῷ.

322 5141 424 5196 Καὶ
497 5139 726 5210 ἄθλησις
808 5140 1141 5216 τοῦτάγίου
1219 5141 1622 5216 ξερομάρτυρος
1697 5140 1960 5210 ’Λστείου,

804 5211 1101 5268 ἐπισκόπου
1133 5211 1462 5289 Δυρραχίου.

392 5342 633 5404 Ἀστεῖος
667 5343 695 5397 ὁ
725 5341 1074 5417 ἱερομάρτυς,
1123 5345 1190 5412 ἦν
1235 5342 1327 5415 μὲν
1383 5340 1470 5397 ἐπὶ
1528 5342 1625 5412 τῆς
1687 5340 1962 5417 βασιλείας

321 5431 612 5505 Τραϊανοῦ·
670 5432 956 5507 κρατηθεὶς
1009 5429 1068 5486 δὲ
1121 5432 1272 5507 παρά
1351 5435 1460 5486 τῶν
1507 5427 1964 5505 ἐίδωλολατρῶν,

319 5517 591 5594 παρεδόθη
670 5519 1021 5596 Ἀγρικολοὶῳ
1107 5521 1372 5594 ἡμεμόνι·
1458 5518 1549 5574 καὶ
1635 5520 1969 5594 προτραπεὶς

324 5609 656 5680 ἀρνήσασθαι
685 5610 778 5664 τὸν
830 5611 1088 5684 Χριστὸν,
1148 5608 1240 5664 καὶ
1298 5613 1453 5673 θῦσαι
1510 5613 1627 5670 τοῖς
1689 5605 1966 5677 εἰδώλοις,

319 5698 406 5750 καὶ
447 5697 523 5770 μή
553 5698 818 5768 πεισθεὶς,
849 5699 1203 5775 παρεκέμφθη
1234 5695 1473 5775 φυλακῇ.
1531 5698 1643 5771 Πρὸ
1687 5695 1785 5752 τοῦ
1836 5716 1967 5771 κρα-

2159 1185 2229 1238 Et
2286 1189 2576 1246 memoria
2635 1191 2823 1247 sancti
2886 1192 3206 1248 Hilarionis
3265 1193 3326 1248 in
3381 1195 3743 1251 monasterio

2090 1273 2393 1333 Dalmatas.

2649 1381 2889 1435 EODEM
2929 1382 3181 1438 MENSE.

2765 1474 2867 1529 Die
2896 1479 3059 1530 sexta

2240 1559 2505 1617 Memoria
2533 1562 2718 1618 sancti
2755 1566 2941 1620 Patris
2968 1567 3145 1621 nostri
3173 1565 3342 1623 Sisois
3366 1569 3576 1637 Magni.

2163 1761 2372 1816 Beatus
2401 1764 2594 1820 Sisoes
2625 1783 2760 1822 cum
2795 1769 2866 1822 ab
2901 1769 3152 1825 infantia
3182 1771 3368 1826 Deum
3408 1769 3736 1844 dilexisset,

2003 1868 2047 1932 Β
2087 1848 2320 1906 sublata
2352 1852 2614 1909 humeris
2646 1871 2819 1912 cruce
2857 1857 3028 1914 illum
3089 1864 3325 1914 secutus
3375 1866 3500 1916 est:
3558 1867 3735 1932 atque

2085 1937 2474 1996 invisibilium
2497 1942 2758 1999 hostium
2791 1946 3076 2002 conflictu
3125 1952 3422 2019 superato,
3457 1947 3628 2004 laetus
3660 1950 3733 2005 ad

2083 2030 2425 2086 monasticae
2441 2034 2882 2090 exercitationis
2897 2035 3193 2092 laboriosa
3205 2039 3733 2094 certaminaseces-

2085 2117 2180 2173 sit.
2217 2119 2522 2176 Summam
2553 2128 2750 2178 autem
2787 2125 2970 2180 animi
3001 2124 3426 2182 demissionem
3458 2128 3728 2200 adeptus,

2084 2207 2507 2264 miraculorum
2534 2213 2782 2283 gratiam
2807 2215 3053 2287 accepit.
3079 2218 3224 2270 Nam
3243 2223 3301 2271 et
3322 2223 3586 2273 mortuos
3608 2235 3731 2273 sus-

2081 2295 2299 2365 citavit,
2327 2303 2385 2352 et
2402 2299 2702 2356 daemones
2720 2302 2791 2358 ab
2816 2303 3156 2360 hominibus
3181 2305 3426 2377 expulit,
3459 2313 3518 2362 et
3543 2324 3728 2379 aegros

2083 2387 2330 2453 sanavit,
2361 2393 2419 2442 et
2448 2387 2620 2459 plura
2650 2390 2767 2446 alia
2796 2392 3084 2448 miracula
3114 2393 3272 2448 fecit.
3306 2396 3444 2449 Erat
3462 2396 3641 2450 etiam
3663 2396 3726 2450 in

2077 2473 2475 2532 familiaribus
2507 2482 2921 2553 congressibus
2943 2488 3143 2537 mente
3169 2483 3499 2555 perspicax,
3525 2490 3583 2540 et
3599 2485 3728 2539 ani-

2078 2580 2174 2618 mo
2207 2566 2549 2623 moderatus
2606 2569 2959 2642 lepidusque
2984 2573 3044 2626 in
3068 2574 3393 2644 responsis,
3419 2590 3486 2628 ex
3510 2574 3727 2644 quibus

2079 2654 2268 2710 multa
2300 2662 2438 2710 sunt
2468 2657 2542 2712 ad
2574 2658 2826 2714 aliorum
2860 2661 3177 2715 utilitatem
3209 2663 3564 2734 conscripta.
3601 2665 3726 2717 Non

2080 2759 2298 2813 paucos
2330 2761 2463 2799 vero
2497 2763 2565 2800 ex
2593 2747 2774 2818 lapsis
2805 2749 3090 2804 fratribus
3120 2767 3227 2821 per
3265 2758 3403 2820 apta
3456 2752 3725 2822 exemplo

2078 2841 2396 2903 correctos,
2428 2835 2502 2890 ad
2533 2838 2943 2907 pmnitentiam
2975 2840 3280 2894 convertit.
3310 2840 3525 2895 Habuit
3547 2842 3725 2897 etiam

2076 2922 2188 2976 hoc
2219 2923 2548 2995 proprium,
2585 2929 2651 2979 ut
2679 2925 2913 2981 nullum
2960 2943 3225 2998 unquam
3275 2928 3724 2986 condemnaret.

2076 3012 2228 3068 ’155
2265 3014 2430 3068 Hunc
2479 3013 2542 3067 in
2588 3014 2830 3069 modum
2871 3015 3199 3088 angelicam
3249 3017 3428 3072 vitam
3476 3017 3721 3086 ducens,

2074 3101 2150 3156 ad
2181 3103 2387 3171 Deum,
2421 3119 2597 3174 quem
2629 3109 2952 3175 optaverat,
2983 3106 3273 3178 migravit,
3306 3111 3578 3178 paratum
3611 3106 3723 3163 sibi

1998 3234 2041 3301 C
2077 3195 2369 3248 aeternum
2395 3208 2644 3263 regnum
2674 3193 2992 3266 accipiens.

2140 3379 2208 3433 Et
2234 3386 2504 3435 certamen
2533 3386 2741 3437 sanctae
2768 3383 3029 3452 martyris
3058 3385 3236 3439 Luciz
3272 3390 3325 3439 et
3351 3387 3642 3441 sociorum.

2139 3565 2356 3622 Christi
2386 3573 2613 3638 martyr
2657 3569 2833 3624 Lucia
2865 3571 3042 3642 virgo,
3077 3571 3193 3626 alia
3222 3589 3256 3626 a
3287 3573 3462 3628 Lucia
3491 3574 3715 3646 virgine

2066 3655 2282 3723 Sicula,
2314 3655 2428 3710 fuit
2467 3673 2534 3710 ex
2583 3656 2825 3729 regione
2871 3657 3226 3729 Campaniaa.
3271 3660 3716 3732 Comprehensa

2065 3749 2264 3799 autem
2294 3743 2366 3799 ab
2400 3744 2578 3815 hujus
2610 3745 2868 3817 regionis
2899 3746 3198 3818 praefecto,
3235 3749 3540 3820 suppliciis
3578 3751 3712 3805 afﬁ-

2064 3835 2235 3889 citur.
2265 3836 2410 3890 Cum
2441 3849 2574 3888 vero
2599 3834 2886 3890 miracula
2903 3841 3212 3906 patrasset,
3235 3854 3366 3891 eum
3397 3838 3470 3893 ad
3492 3839 3706 3894 Christi

2064 3921 2243 3977 ﬁdem
2270 3923 2574 3978 convertit.
2605 3923 2998 3988 Quamobrem
3044 3942 3165 3980 non
3214 3925 3406 3981 solum
3456 3927 3527 3983 ab
3577 3929 3704 4000 ipso

2064 4011 2334 4068 absoluta
2363 4012 2492 4075 fuit,
2531 4011 2634 4068 sed
2663 4012 2840 4067 etiam
2898 4013 3141 4069 domum
3190 4031 3503 4087 servasque
3553 4018 3707 4072 acci-

2064 4101 2252 4173 piens,
2289 4101 2348 4156 in
2381 4101 2579 4172 quiete
2611 4101 2788 4174 degit,
2823 4120 2928 4174 pro
2961 4103 3089 4174 ipso
3123 4105 3306 4159 Deum
3340 4123 3536 4161 orans.
3561 4108 3709 4161 Exa-

2064 4191 2173 4245 ctis
2200 4197 2399 4246 autem
2421 4191 2624 4263 viginti
2647 4192 2842 4258 annis,
2873 4209 3008 4247 cum
3030 4194 3204 4248 ambo
3221 4195 3569 4266 martyrium
3603 4213 3710 4268 pro

2065 4281 2294 4336 Christo
2315 4281 2512 4335 subire
2538 4287 2846 4353 cuperent,
2879 4282 3055 4339 rebus
3079 4283 3357 4340 omnibus
3389 4285 3710 4354 derelictis,

2065 4369 2423 4426 domesticos
2440 4370 2696 4427 famulos
2715 4378 3110 4440 assumentes,
3143 4373 3217 4428 ad
3239 4373 3584 4445 praefectum
3616 4393 3712 4430 re-

2065 4459 2256 4533 gionis
2280 4465 2679 4526 accesserunt,
2706 4461 2935 4533 seipsos
2959 4468 3167 4534 sponte
3191 4462 3511 4518 tradentes.
3537 4464 3712 4519 Cum-

2067 4567 2202 4621 que,
2235 4550 2604 4623 interrogati,
2639 4550 2937 4606 Christum
2969 4553 3412 4623 proﬁterentur,
3467 4553 3712 4608 diversis

2069 4640 2381 4694 tormentis
2413 4639 2732 4693 excruciati
2765 4645 2922 4694 sunt.
2975 4642 3040 4694 In
3091 4641 3305 4695 Christi
3352 4646 3547 4696 autem
3599 4641 3713 4698 ﬁde

2071 4729 2294 4784 diutius
2324 4732 2772 4798 permanentes,
2827 4729 3188 4784 sententiam
3221 4730 3432 4800 capitis
3471 4746 3714 4802 accepe-

2068 4823 2226 4872 runt.
2286 4815 2574 4873 Decollati
2618 4817 2817 4886 itaque
2859 4834 2979 4872 una
3027 4835 3160 4873 cum
3211 4819 3461 4890 reliquis
3517 4819 3716 4886 sociis,

2069 4907 2245 4962 vitam
2305 4906 2462 4960 hunc
2520 4906 2581 4960 in
2638 4905 2883 4962 modum
2945 4907 3251 4977 ﬁnierunt,
3311 4925 3595 4965 coronam
3654 4910 3716 4964 in

2069 4997 2300 5052 Christo
2329 4994 2548 5067 adepti.

2073 5126 2140 5179 Et
2197 5130 2467 5180 certamen
2521 5122 2856 5178 sacrosancti
2910 5128 3172 5195 martyris

3255 5127 3420 5194 Astii,
3481 5128 3722 5198 epISCOpi

2738 5196 3047 5265 Dyrrachii.

2143 5341 2343 5396 Astius
2363 5341 3119 5412 sacromartyr,imperante
3132 5342 3406 5414 Trajano,
3431 5343 3502 5398 ab
3536 5342 3727 5397 idolo-

2075 5431 2241 5486 latris
2264 5435 2491 5502 captus,
2517 5429 2824 5501 Agricolao
2848 5430 3081 5501 praesidi
3108 5431 3358 5487 traditus
3389 5432 3528 5487 fuit:
3563 5448 3727 5486 cum-

2077 5536 2191 5590 que
2221 5524 2532 5591 urgeretur
2563 5519 2864 5574 Christum
2897 5519 3190 5593 abnegare
3222 5527 3280 5576 et
3310 5521 3489 5576 idolis
3521 5520 3727 5574 immo-

2075 5610 2221 5675 lare,
2257 5626 2367 5663 nec
2399 5609 2457 5664 id
2488 5608 2684 5662 facere
2716 5615 3030 5668 annueret.
3054 5609 3115 5662 in
3143 5625 3440 5663 carcerem
3456 5607 3731 5662 detrusus

2080 5704 2187 5754 est.
2221 5703 2558 5768 Antequam
2590 5714 2726 5752 vero
2751 5689 3728 5768 comprehenderetur,hujusmodi
