4134 6302
375 351 498 411 52⁸1

1697 345 2112 408 MENOLOGII
2159 345 2365 405 PARS
2409 347 2520 408 IlI.

3681 350 3808 408 528

385 478 685 538 somnium
706 479 868 534 vidit.
904 479 1175 552 Seipsum
1196 478 1430 536 videbat
1453 495 1631 552 super
1647 486 1875 552 petram
1903 480 2023 552 pice

2145 482 2380 546 τηθῆναι
2413 475 2493 549 δὲ,
2525 476 2779 542 ἐθεάσατο
2806 484 3053 535 τοιοῦτον
3087 475 3234 554 ὅναρ’
3295 479 3514 536 Ἑαυτὸν
3567 472 3801 534 ἔϐλεπεν

381 572 632 642 oleoque
662 570 987 626 delibutam
1018 575 1194 625 stare.
1229 571 1270 624 E
1299 587 1505 625 somno
1561 570 1760 641 itaque
1811 570 2029 625 excita-

381 665 497 728 tus,
531 660 679 714 dixit
707 659 939 715 clericis
972 659 1132 714 suis:
1195 661 1450 726 Fratres,
1501 664 1734 730 oportet
1783 675 1876 713 me
1924 675 2029 729 pro

380 750 612 805 Christo
636 749 776 820 pati.
811 749 1100 803 Czeterum
1129 749 1539 819 unusquisque
1582 755 1842 803 vestrum
1893 763 2029 802 eum

379 838 576 893 locum
608 843 788 910 petat,
821 837 920 894 ubi
955 837 1130 893 saluti
1164 854 1284 892 suae
1317 837 1630 893 consulere
1689 836 1894 908 possit.
1931 835 2030 890 His

377 928 551 983 dictis
583 935 810 999 captus,
859 934 926 983 ut
977 944 1156 999 supra
1205 933 1511 982 narratum
1563 933 1671 993 est,
1727 933 1784 981 et
1829 941 2028 980 coram

378 1017 688 1091 Agricolao
722 1017 1032 1084 adductus,
1067 1034 1200 1072 cum
1234 1017 1528 1072 Christum
1554 1016 1862 1071 confessus
1883 1015 2026 1070 fuis-

380 1106 558 1177 set,in
581 1122 879 1162 carcerem
902 1107 1228 1178 conjectus,
1253 1105 1509 1175 indeque
1533 1103 1798 1171 eductus,
1834 1104 2028 1175 plum-

379 1194 746 1252 batiscaasus
784 1195 913 1251 fuit.
965 1196 1093 1249 Mox
1138 1195 1317 1250 melle
1368 1195 1520 1251 156
1575 1199 1918 1265 perunctus,
1967 1193 2029 1246 in

381 1285 704 1358 equuleum
730 1284 992 1340 fervente
1021 1291 1168 1339 aastu
1219 1300 1543 1355 suspensus
1575 1289 1686 1352 est,
1714 1289 1780 1338 ut
1824 1299 2030 1354 vespa-

377 1392 512 1431 rum
542 1390 999 1446 muscarumque
1051 1373 1347 1428 morsibus
1408 1372 1698 1427 interiret.
1760 1371 1923 1436 Quod
1973 1376 2032 1426 et

376 1465 654 1538 contigit:
688 1465 750 1520 id
781 1465 944 1520 enim
979 1462 1339 1536 supplicium
1389 1479 1524 1517 cum
1569 1461 1892 1534 gratiarum
1931 1477 2029 1516 ac-

379 1555 540 1611 tione
570 1555 791 1624 ferens,
825 1554 1101 1626 spiritum
1135 1552 1366 1608 Christo
1402 1551 1664 1608 tradidit.

378 1673 450 1728 Et
474 1673 915 1728 commemoratio
935 1671 1110 1726 sancti
1132 1671 1392 1738 martyris
1409 1668 1620 1735 Phocze,
1649 1673 1699 1722 et
1721 1667 1859 1737 ejus,
1883 1665 2032 1736 quod

936 1741 1162 1809 accidit,
1203 1740 1479 1795 miraculi.

453 1870 721 1928 Narravit
740 1870 851 1924 Leo
874 1870 1264 1939 cognomento
1283 1866 1632 1930 Pontianus,
1657 1863 1818 1935 quod
1843 1864 2027 1918 Sisin-
2060 1859 2104 1924 B

382 1961 520 2016 nius
541 1961 668 2026 ille,
693 1958 795 2029 qui
818 1955 1084 2012 Stibarus
1116 1955 1310 2010 dictus
1342 1959 1452 2022 est,
1476 1954 1537 2008 in
1560 1955 1720 2025 regia
1750 1952 2033 2024 navigans

379 2051 592 2117 classe,
629 2066 663 2104 a
694 2045 1002 2104 Saracenis
1033 2050 1266 2116 captus,
1300 2049 1359 2098 et
1387 2044 1623 2115 gemina
1671 2043 1906 2096 vinctus
1938 2058 2031 2096 ca-

379 2145 538 2208 tena,
573 2140 633 2193 in
664 2153 966 2193 carcerem
998 2133 1353 2189 detruditur.
1381 2133 1495 2186 Hac
1519 2148 1655 2203 ergo
1679 2131 2031 2185 necessitate

380 2229 758 2291 constrictus,
791 2225 866 2281 ad
891 2225 1076 2279 Deum
1119 2224 1367 2293 ejusque
1401 2226 1671 2275 sanctum
1706 2224 2031 2288 martyrem

378 2319 638 2373 Phocam
669 2315 950 2386 confugit.
996 2314 1236 2372 Sancte,
1285 2309 1502 2373 aiebat,
1557 2314 1783 2380 martyr
1815 2309 2028 2374 Phoca,

379 2408 666 2464 miserere
699 2405 835 2472 mei,
872 2408 930 2458 et
959 2401 1030 2456 ab
1063 2401 1156 2454 his
1191 2398 1442 2454 vinculis
1474 2398 1631 2452 solve
1663 2413 1778 2452 me.
1813 2397 2029 2451 Somno

377 2495 593 2554 deinde
620 2499 948 2564 correptus,
970 2496 1239 2546 sanctum
1271 2486 1474 2542 habitu
1499 2485 1828 2557 presbyteri
1855 2485 2026 2539 indu-

377 2593 505 2644 tum
545 2585 657 2641 sibi
707 2587 1064 2656 praesentem
1121 2578 1283 2646 vidit,
1330 2575 1638 2646 audiitque
1689 2575 2026 2630 dicentem:

375 2677 578 2748 Surge,
611 2679 668 2729 et
692 2671 923 2727 recede.
957 2671 1084 2724 Mox
1107 2666 1570 2738 expergefactus,
1604 2670 1845 2718 catenas
1867 2678 2031 2733 repe-

370 2765 451 2819 rit
480 2762 788 2827 contritas,
822 2775 1004 2830 seque
1036 2757 1320 2824 solutum,
1344 2759 1402 2808 et
1431 2769 1728 2808 carcerem
1764 2752 2023 2824 patefac-

373 2858 520 2910 tum.
555 2854 743 2918 Quare
774 2849 973 2921 fugam
1003 2846 1318 2917 arripiens,
1354 2860 1483 2898 sese
1517 2842 1760 2897 domum
1817 2847 2023 2896 contu-

371 2943 479 2998 lit:
514 2940 860 3012 acceptique
892 2935 1169 2992 beneficii
1204 2949 1450 3001 memor,
1484 2948 1623 2987 cum
1663 2930 1852 2986 multa
1893 2947 2022 3002 gra-

373 3032 589 3087 tiarum
611 3028 842 3085 actione
865 3023 1213 3081 memoriam
1245 3021 1432 3077 sancti
1458 3038 1694 3092 semper
1717 3035 2020 3092 peragere,

374 3121 678 3188 Deumque
709 3116 1042 3188 glorificare
1073 3111 1350 3182 perrexit,
1374 3109 1473 3181 qui
1500 3110 1722 3165 sanctis
1743 3109 1866 3164 suis
1884 3107 2024 3163 talia

374 3206 735 3262 charismata
758 3202 1117 3272 impertitur.

471 3411 538 3466 Et
567 3413 837 3465 certamen
864 3404 1040 3460 sancti
1063 3403 1246 3458 Isauri
1275 3402 1537 3472 martyris
1567 3406 1619 3454 et
1646 3401 1934 3456 sociorum.

444 3580 703 3645 Isaurus,
741 3573 1150 3648 mysteriorum
1184 3570 1401 3626 Christi
1429 3569 1735 3634 diaconus,
1772 3573 1830 3623 et
1852 3569 2017 3637 socii,

373 3669 566 3742 patria
585 3661 1365 3732 Athenienses,Numeriano
1379 3660 1757 3730 imperatore,
1774 3658 2020 3712 Athenis

374 3761 437 3815 in
467 3757 676 3812 urbem
736 3751 1187 3826 Apolloniadem
1245 3749 1729 3822 commigrarunt.
1776 3748 1902 3802 Illic
1947 3747 2018 3801 ab

374 3850 584 3922 angelo
617 3848 718 3903 Dei
753 3845 983 3910 moniti,
1016 3859 1257 3915 specum
1290 3841 1608 3907 intrarunt,
1640 3839 1738 3895 ubi
1759 3839 1939 3909 Felix,
1963 3844 2021 3894 et

370 3939 747 4013 Peregrinus,
807 3941 865 3990 et
927 3933 1214 3999 [-lermias,
1260 3930 1577 3985 Christiani
1643 3930 1821 3984 etiam
1881 3929 2016 4000 ipsi,

370 4030 754 4086 habitabant:
781 4025 884 4097 qui
910 4028 1184 4078 sanctum
1207 4022 1475 4075 Isaurum
1499 4019 1819 4085 intuentes,
1853 4024 2018 4074 tanta

369 4120 574 4176 laetitia
605 4116 797 4172 affecti
832 4119 988 4182 sunt,
1014 4118 1079 4165 ut
1101 4109 1433 4164 distributis
1457 4109 1516 4162 in
1536 4125 1824 4179 pauperes
1839 4107 2017 4162 facul-

369 4209 611 4272 tatibus,
644 4207 841 4277 ipsum
887 4201 1080 4271 sequi,
1126 4205 1185 4252 et
1227 4196 1334 4252 sub
1387 4196 1656 4268 ejusdem
1699 4197 2016 4268 disciplina

369 4301 558 4357 vivere
581 4291 971 4352 decreverint.
1005 4291 1085 4342 Ea
1114 4304 1176 4341 re
1209 4292 1512 4358 comperta
1543 4303 1746 4340 eorum
1777 4287 2014 4358 propin-

370 4390 494 4463 qui,
552 4401 684 4442 cum
746 4376 1276 4450 illosaproposito
1337 4375 1656 4439 dimovere,
1715 4380 1892 4445 atque
1941 4374 2015 4430 ad

365 4478 609 4554 propria
637 4484 910 4530 revocare
941 4467 1161 4521 frustra
1206 4468 1556 4530 tentassent,
1601 4463 1756 4534 apud
1805 4463 2009 4535 praesi-

2144 563 2235 619 ἐπὶ
2284 567 2486 640 πέτρας
2546 569 2751 624 ἑστῶτα
2806 568 3166 645 κεχρισμένον
3228 567 3390 643 πίσσῃ
3451 568 3542 623 καὶ
3601 566 3801 640 ἐλαίῳ.

2143 653 2248 711 Καὶ
2288 652 2512 728 ἔξυπνος
2541 657 2831 732 γενόμενος
2883 663 3000 712 εἶπε
3055 663 3173 720 τοῖς
3226 657 3417 712 ἑαυτοῦ
3478 655 3798 732 κληρικοῖςσ

2143 740 2426 821 ’Δδελφοῖ,
2459 741 2542 800 δεῖ
2573 767 2641 818 με
2688 748 2874 801 παθεῖν
2935 747 3070 824 ὑπὲρ
3126 749 3223 801 τοῦ
3278 750 3537 819 Χριστοῦ’
3598 744 3799 801 λοιπὸν

2141 832 2298 904 ὑμεῖς
2328 833 2585 889 ἀπέλθετε
2629 831 2850 898 ἕκαστος
2903 836 3076 908 ὑμῶν,
3134 835 3272 890 ὅπου
3327 833 3548 889 δύναται
3588 831 3798 890 διασω-

2140 927 2321 990 θῆναι.
2380 925 2558 979 Ταῦτο
2615 923 2807 995 εἰπὼν,
2893 924 3190 997 ἐκρατήθη,
3253 924 3329 987 ὡς
3393 924 3626 997 εἴρηται.
3689 925 3793 978 Καὶ

2137 1013 2411 1083 παραστὰς
2445 1017 2524 1085 τῷ
2564 1013 2940 1087 Ἀγρικολάῳ,
2991 1015 3077 1068 καὶ
3137 1014 3228 1068 τὸν
3291 1013 3517 1087 Χριστὸν
3577 1010 3796 1086 ὁμολο-

2137 1099 2332 1170 γήσας,
2383 1097 2714 1170 ἀπεκλείσθη
2770 1099 2846 1163 είς
2899 1099 3168 1178 φυλακην.
3229 1100 3327 1154 Καὶ
3383 1106 3484 1170 τῆς
3545 1099 3797 1177 φυλακῆς

2139 1181 2449 1258 ἐκϐληθεὶς,
2493 1187 2694 1266 ἐτύφθη
2748 1191 2998 1267 σφαίραις
3051 1184 3430 1262 μολυϐδίναις.
3487 1189 3616 1246 Εἶτα
3668 1188 3793 1245 ἀλι-

2139 1275 2256 1352 φείς
2293 1275 2498 1348 μέλιτι,
2532 1277 2838 1352 ἐκρεμάσθη
2873 1277 2960 1332 ἐπὶ
3011 1278 3176 1351 ξύλου
3227 1277 3279 1332 ἐν
3327 1275 3444 1352 ὥρᾳ
3493 1277 3793 1352 καύματος,

2139 1362 2289 1428 ὅπως
2319 1366 2422 1420 ὑπὸ
2456 1371 2678 1444 σφηκῶν
2717 1369 2806 1422 καὶ
2865 1371 3040 1440 μυιῶν
3091 1363 3466 1443 καταϐρωθεῖς
3523 1367 3786 1442 ἀποθάνῃ.

2139 1452 2242 1507 Καὶ
2297 1453 2494 1509 τούτου
2553 1455 2871 1529 γενομένου,
2935 1455 3270 1530 εὐχαρίστως
3327 1454 3502 1532 ιρέρων
3551 1457 3649 1524 τήν
3701 1477 3791 1511 τι·

2143 1543 2373 1618 μωρίαν,
2407 1541 2690 1620 παρέδωκε
2713 1545 2813 1614 τήν
2843 1544 3051 1618 ψυχήν.

2140 1669 2242 1726 Καὶ
2305 1673 2498 1744 μνήμη
2556 1675 2653 1726 τοῦ
2713 1673 2868 1748 ἁγίου
2928 1671 3002 1744 μά
3041 1693 3200 1745 τυρος
3261 1677 3450 1743 Φωκᾶ,
3517 1674 3606 1728 καὶ
3664 1672 3790 1729 ἇνά-

2474 1765 2669 1800 μνησις
2700 1749 2798 1799 τοῦ
2828 1691 3113 1800 πίε-(ονόέος
3143 1744 3442 1800 θαύματος.

2473 1765 2669 1816 μνησις
2700 1744 2798 1799 τοῦ
2828 1744 3116 1820 γεγονότος
3143 1744 3442 1818 θαύματος.

2207 1868 2544 1942 Ἐξηγήσατο
2604 1871 2752 1923 Λὲων
2814 1871 2842 1923 ὁ
2903 1869 3384 1943 ἐπονομαζόμενος
3469 1869 3788 1938 Ποντιανὸς,

2140 1958 2225 2011 ὅτι
2258 1958 2529 2020 Σισίννιος
2557 1958 2760 2020 ἐκεῖνος
2794 1961 2820 2014 ὁ
2853 1958 3084 2030 ἐπίκλην
3120 1961 3147 2014 ὁ
3181 1953 3471 2031 Στίϐαρος,
3520 1957 3701 2014 πλέων
3736 1959 3790 2012 ἐν

2135 2050 2214 2116 τῷ
2247 2046 2516 2120 βασιλικῷ
2555 2047 2758 2120 στόλῳ,
2820 2046 3093 2120 ἐκρατήθη
3155 2049 3303 2120 παρά
3357 2053 3463 2102 τῶν
3524 2054 3791 2117 Σαρακη-

2136 2139 2263 2188 νῶν·
2294 2135 2384 2189 καὶ
2435 2133 2602 2198 δεθεὶς
2662 2135 2884 2190 ἁλύσεσι
2940 2134 3113 2203 δυσὶν,
3174 2137 3505 2206 ἀπεκλείσθη
3566 2137 3641 2198 εἱς
3683 2158 3793 2213 φυ-

2138 2221 2329 2294 λακήν.
2364 2223 2457 2288 Εἷς
2513 2225 2770 2296 τοιαύτην
2832 2224 2890 2280 δὲ
2953 2226 3188 2301 ἀνάγκην
3250 2227 3618 2300 περισχεθεὶς,
3685 2225 3793 2281 ἐπ-

2139 2312 2389 2368 εκαλεῖτο
2445 2313 2537 2367 τὸν
2597 2313 2749 2383 Θεὸν,
2825 2315 2918 2368 καὶ
2999 2319 3091 2370 τὸν
3175 2313 3339 2370 αὐτοῦ
3423 2316 3800 2390 ἱερομάρτυρα

2138 2406 2328 2456 Φωκᾶ·
2387 2407 2545 2477 ’Ἁγιε
2602 2404 2930 2476 ἱερομάρτυς
3012 2409 3201 2472 Φωκᾶ,
3284 2403 3481 2478 λέγων,
3565 2403 3794 2474 ἐλέησόν

2140 2511 2226 2563 με,
2280 2490 2371 2544 καὶ
2426 2489 2703 2567 λύτρωσαί
2759 2513 2826 2564 με
2881 2494 2981 2560 τῆς
3039 2491 3378 2566 κατεχούσης
3444 2513 3511 2564 με
3554 2492 3796 2565 ἀνάγκης

2137 2584 2245 2635 τῶν
2275 2577 2512 2653 δεσμῶν.
2545 2581 2823 2645 Ὑπνώσας
2860 2602 2950 2636 ουν
2985 2580 3094 2637 εἶδε
3141 2582 3248 2640 τὸν,
3282 2580 3436 2656 ἅγιον
3499 2582 3793 2636 ἐπιστάντα

2138 2667 2285 2741 αύτῷ
2328 2670 2380 2724 ἐν
2440 2672 2688 2744 σχήματι
2745 2666 3138 2746 πρεσϐυτέρου,
3196 2671 3285 2726 καὶ
3341 2671 3562 2726 εἰπόντα
3615 2671 3785 2742 αὐτῷ·

2141 2758 2432 2832 Ἐγέρθητι
2461 2758 2550 2813 καὶ
2606 2757 2991 2835 ἀναχώρησον.
3046 2760 3142 2813 Καὶ
3195 2758 3418 2830 ἔξυπνος
3467 2759 3785 2834 γενόμενος,

2139 2843 2260 2920 εὗρε
2288 2846 2382 2910 τὰς
2416 2845 2632 2910 ἁλύσεις
2691 2847 3168 2922 συντετριμμένας,
3228 2849 3315 2903 καὶ
3379 2848 3566 2903 ἑαυτὸν
3619 2846 3787 2904 λελυ-

2137 2933 2320 3007 μένον,
2380 2936 2468 2990 καὶ
2526 2937 2624 3004 τὴν
2683 2936 2931 3014 φυλακὴν
3011 2936 3380 3013 ἀνεῳγμένην.
3441 2936 3541 2992 Καὶ
3600 2939 3783 3015 φυγὼν

2135 3020 2366 3094 διεσώθη
2398 3021 2503 3087 ἓως
2534 3029 2631 3080 τοῦ
2664 3024 2816 3081 οἷ’κου
2870 3027 3058 3080 αὐτοῦ·
3115 3025 3204 3081 καὶ
3257 3027 3325 3096 ἧν
3374 3025 3642 3082 ἐπιτελῶν
3699 3027 3783 3082 ἀεὶ

2129 3112 2231 3179 τήν
2285 3114 2509 3185 μνήμην
2565 3113 2729 3168 αὐτοῦ
2788 3113 2920 3186 μετά
2979 3113 3331 3188 εὐχαριστίας
3386 3114 3629 3184 πολλῆς·
3689 3117 3783 3170 καὶ

2062 3209 2104 3276 c
2132 3200 2224 3254 τὸν
2256 3201 2384 3255 Θεὸν
2418 3198 2678 3272 δοξάζων,
2707 3203 2798 3257 τὸν
2840 3203 3064 3258 τοιαῦτα
3109 3203 3420 3278 χαρίσματα
3468 3204 3782 3279 παρέχοντα

2131 3295 2247 3351 τοῖς
2278 3291 2461 3365 ἁγίοις
2483 3292 2671 3348 αὐτοῦ.

2129 3403 2227 3462 Καὶ
2281 3403 2509 3478 ἄθλησις
2563 3413 2660 3462 τοῦ
2743 3407 2906 3485 ἁγίου
2999 3410 3272 3485 μάρτυρος
3357 3410 3627 3485 Ἰσαύρου,
3683 3411 3776 3465 καὶ

2727 3480 2835 3536 τῶν
2863 3480 2957 3536 σὺν
2985 3480 3150 3554 αὐτῷ.

2202 3579 2470 3652 Ἴσαυρος,
2506 3579 2534 3633 ὁ
2563 3582 2670 3633 τῶν
2709 3579 3023 3654 μυστηρίων
3077 3584 3174 3635 τοῦ
3222 3581 3456 3654 Χριστοῦ
3507 3577 3778 3651 διάκονος,

2137 3669 2225 3720 καί
2259 3668 2308 3720 οἱ
2343 3666 2434 3720 σὺν
2467 3667 2631 3740 αὐτῷ,
2688 3667 2932 3744 ἐγένοντο
2969 3670 3064 3743 μὶν
3098 3669 3156 3724 ἐκ
3201 3676 3300 3739 τῆς
3350 3668 3565 3732 πόλεως
3623 3671 3783 3741 Ἀθη-

2133 3759 2261 3808 νῶν’
2331 3755 2419 3810 ἐπὶ
2478 3755 2536 3812 δὲ
2585 3764 2685 3828 τῆς
2747 3758 3022 3832 βασιλείας
3105 3761 3506 3833 Νουμεριανοῦ,
3567 3758 3627 3814 ἐκ
3676 3767 3777 3829 τῆς

2129 3843 2266 3906 ἰδίας
2322 3843 2584 3920 πατρίδος
2642 3846 3116 3920 ἀναχωρήσαντες,
3171 3845 3418 3916 ἀπῆλθον
3451 3846 3502 3901 ἐν
3565 3845 3778 3904 Ἀπολ-

2124 3929 2352 3988 λωνιάδι
2408 3937 2478 4006 τῇ
2537 3931 2719 3988 πόλει⁹
2775 3936 2862 3989 καὶ
2926 3932 2994 3989 δι’
3055 3933 3451 4008 ἀποκαλύψεως
3535 3932 3773 4009 ἀγγέλου

2124 4026 2257 4077 Θεοῦ
2314 4022 2564 4091 εἰσῆλθον
2626 4021 2678 4076 ἐν
2735 4022 3015 4094 σπηλαίῳ,
3070 4023 3120 4077 ἐν
3169 4022 3213 4096 ᾧ
3247 4021 3522 4095 κατῴκουν
3585 4022 3771 4096 ψίλιξ,

2123 4111 2210 4165 καὶ
2250 4117 2588 4186 Περεγρῖνος,
2620 4111 2709 4166 καὶ
2771 4112 3046 4187 Ἑρμείας,
3106 4113 3421 4188 Χριστιανοὶ
3477 4107 3623 4176 ὄντες
3683 4113 3772 4167 καὶ

2121 4198 2292 4254 αὐτοί.
2358 4200 2570 4262 Οἳτινες
2631 4199 2836 4262 ἰδόντες
2892 4201 2982 4255 τὸν
3046 4203 3194 4276 ἅγιον
3277 4205 3545 4275 ”Ισαυρον,
3602 4201 3776 4266 οὕτως

2122 4287 2421 4364 ἐχάρησαν,
2482 4288 2556 4352 ὡς
2607 4290 2694 4342 καὶ
2774 4289 2842 4344 τὰ
2921 4289 3240 4364 ὑπάρχοντα
3317 4289 3503 4352 αὐτοῖς
3590 4287 3776 4344 δοῦναι

2121 4377 2391 4451 πτωχοῖς,
2431 4378 2522 4431 καὶ
2574 4375 2894 4440 ἀκολουθεῖν
2955 4379 3125 4450 αὐτῷ,
3169 4379 3256 4433 καὶ
3311 4377 3650 4434 διδάσκεσθαι
3685 4379 3778 4434 ὑπ’

2120 4465 2308 4520 αὐτοῦ.
2342 4465 2404 4518 Οἱ
2456 4461 2514 4518 δὲ
2576 4470 2844 4540 συγγενεῖς
2903 4466 3083 4520 αὐτῶν
3143 4463 3484 4541 πειραθέντες
3545 4487 3776 4542 μεταγαο

366 4550 501 4626 dem
534 4561 927 4621 accusarunt:
961 4555 1062 4626 qui
1094 4570 1198 4609 eos
1227 4552 1696 4623 comprehensos
1729 4551 2011 4608 decollari

2137 4558 2234 4627 γεῖν
2265 4551 2462 4614 αὐτοὺς
2496 4552 2570 4614 ε’ς
2614 4552 2682 4607 τά
2734 4551 2851 4608 ἴδια
2905 4553 2996 4609 καὶ
3055 4555 3132 4628 μὴ
3193 4551 3531 4626 δυνηθέντες,
3592 4550 3774 4611 διέϐα-

358 4659 559 4731 jussit.
592 4655 832 4708 Isaurus
863 4663 1000 4701 vero
1026 4643 1240 4698 Christi
1274 4642 1581 4709 diaconus,
1617 4647 1676 4697 et
1707 4642 1834 4713 ejus
1867 4642 2010 4697 socii

368 4745 594 4803 catenis
623 4737 952 4804 constricti,
985 4735 1058 4791 ad
1090 4734 1283 4790 ﬁlium
1324 4731 1598 4804 prasidis
1631 4731 1705 4786 ad
1736 4732 2012 4803 quaestio-

367 4851 507 4892 nem
538 4831 705 4888 missi
737 4835 910 4884 sunt:
943 4843 977 4882 a
1007 4841 1122 4896 quo
1157 4825 1217 4878 in
1250 4822 1519 4878 ﬂammas
1547 4823 1822 4894 conjecti,
1877 4841 2012 4878 cum

366 4923 504 4980 inde
537 4920 709 4975 illaesi
769 4915 1115 4978 evasissent,
1174 4911 1394 4966 multos
1450 4910 1524 4966 ad
1583 4912 1731 4967 151
1798 4912 2013 4968 Christi

365 5010 547 5069 ﬁdem
577 5007 897 5064 adduxere.
948 5003 1028 5057 Ea
1074 5017 1137 5055 re
1196 5005 1529 5055 commotus
1583 5016 1826 5071 praeses,
1878 5001 2015 5056 illos

365 5099 558 5172 capite
587 5094 767 5168 plecti
788 5092 982 5165 jubet.

928 5275 1169 5332 EODEM
1198 5273 1450 5328 MENSE.

990 5363 1096 5420 Die
1127 5362 1382 5434 septima

400 5483 472 5537 Et
492 5482 762 5534 certamen
790 5467 968 5524 sancti
998 5464 1258 5534 martyris
1281 5463 1571 5530 Peregrini
1599 5468 1651 5516 et
1687 5467 1972 5523 sociorum.

438 5681 717 5746 Martyres
775 5663 991 5720 Christi
1052 5659 1424 5732 Peregrinus,
1473 5658 1784 5730 Lucianus,
1839 5664 2008 5720 Pom-

2125 4637 2332 4712 λοντῷ
2377 4647 2476 4710 τῆς
2534 4639 2752 4706 πόλεως
2807 4643 3061 4716 ἄρχοντι.
3117 4644 3173 4695 Ὀ
3234 4640 3292 4697 δὲ
3349 4645 3619 4720 κρατήσας
3680 4645 3778 4698 αὐ·-

2119 4729 2267 4798 τοὺς,
2353 4729 2766 4806 ἀπεκεφᾶλισεν.
2857 4737 3108 4805 Ἵσαυρος
3196 4730 3253 4786 δὲ
3310 4733 3338 4786 ὁ
3385 4736 3481 4787 τοῦ
3538 4736 3776 4804 Χριστοῦ

2124 4817 2392 4890 διάκονος,
2423 4820 2513 4876 καὶ
2539 4823 2592 4876 οἱ
2624 4821 2716 4876 σὺν
2745 4822 2910 4892 αύτῷ,
2945 4820 3327 4891 ἀπεστάλησαν
3371 4819 3586 4894 δέσμιοι
3635 4824 3776 4895 πρὸς

2121 4910 2212 4964 τὸν
2245 4911 2360 4966 υἱὸν
2392 4912 2559 4966 αὐτοῦ
2591 4910 2678 4965 ἐπὶ
2707 4916 2788 4983 τῷ
2837 4918 3248 4986 τιμωρηθῆναι,
3307 4911 3414 4966 Καὶ
3475 4909 3770 4986 βληθέντες

2123 4997 2176 5052 ἐν
2217 4999 2369 5074 πυρὶ,
2419 4999 2510 5052 καὶ
2565 4993 2824 5060 ἀϐλαϐεῖς
2880 4998 3204 5068 ἐξελθόντες,
3256 4998 3472 5054 ἔπεισαν
3518 4997 3773 5063 πολλοὺς

2122 5092 2401 5143 πιστεῦσαι
2457 5093 2695 5164 Χριστῷ.
2758 5088 2861 5144 Καὶ
2937 5085 3029 5142 διὰ
3106 5085 3272 5143 τοῦτο
3343 5087 3772 5164 παροργίσαντες

2121 5178 2213 5234 τὸν
2245 5175 2508 5254 ἄρχοντα,
2539 5177 3074 5257 ἀπεκεφαλίσθησαν.

2668 5278 2848 5334 ΜΠΝΙ
2888 5281 2973 5330 ΤΩ
3011 5278 3220 5334 ΔΥΤΩ.

2913 5367 2963 5420 Ζ.

2119 5463 2386 5534 ¹’Λθλησις
2432 5471 2530 5523 τοῦ
2583 5467 2740 5541 ἁγίου
2799 5466 3071 5558 μάρτυρος
3120 5465 3472 5540 Περεγρίνου,
3523 5464 3614 5520 καὶ
3665 5467 3778 5520 τῶν

2779 5558 2870 5593 συν
2905 5558 3079 5610 αυτῳ.

2193 5670 2260 5724 Οἱ
2289 5673 2384 5723 τοῦ
2434 5667 2671 5742 Χριστοῦ
2722 5663 2985 5739 μάρτυρες
3040 5666 3387 5738 Περεγρῖνος,
3446 5662 3774 5734 Λουκιανὸς,
