4158 6310
341 418 453 478 529

1854 417 1886 475 J
1897 416 1943 474 U
1957 415 2150 476 LIUS.

3625 413 3746 474 530

338 553 652 624 Πομπήϊος,
693 548 976 624 Ἢσὺχιος,
1037 547 1270 618 Παπίας,
1321 547 1674 623 Σατορνίλος,
1723 549 1812 602 καὶ
1856 553 1969 620 Γερ-

2097 550 2286 621 peius,
2321 549 2665 620 Hesychius,
2691 548 2922 619 Papias,
2952 545 3289 602 Saturnilus
3310 551 3368 600 et
3392 547 3736 603 Germanus.

339 641 524 714 μανὸς,
562 640 816 715 ὑπῆρχον
850 638 909 694 ἐκ
931 645 1030 708 τῆς
1073 639 1261 713 χώρης
1313 637 1571 700 Ἰταλίας.
1625 636 1749 694 Ἐπέ
1801 635 1857 691 δὲ
1885 642 1986 704 τῆς

340 727 620 803 βασιλείας
676 732 944 802 Τραϊανοῦ
1003 724 1096 782 διὰ
1149 728 1241 782 τὸν
1299 727 1437 782 κατὰ
1489 731 1598 782 τῶν
1653 729 1984 802 Χριστιανῶν

335 815 580 892 διωγμὸν
639 812 898 891 ἐμϐάντες
957 817 1034 879 εἷς
1091 816 1316 883 πλοῖον,
1397 819 1738 887 κατήντησαν
1789 814 1864 877 εἰς
1921 815 1984 869 τὸ

335 906 664 985 Δυῤῥάχιονο
749 907 838 961 καῖ
927 903 1133 968 ἰδόντες
1218 907 1310 961 τὸν
1399 907 1552 980 ἅγιον
1615 906 1984 981 ἱερομάρτυρα

335 998 579 1052 Ἀστεῖον
633 997 1000 1071 κεχρισμένον
1088 993 1293 1068 μέλιτι,
1352 995 1442 1049 καὶ
1498 994 1838 1067 κρεμάμενον
1896 991 1982 1048 ἐπὶ

333 1085 518 1158 ξύλου,
550 1087 641 1140 καὶ
677 1087 779 1140 ὑπὸ
822 1089 1045 1162 σφηκῶν
1105 1085 1194 1138 καὶ
1259 1089 1431 1156 μυιῶν
1482 1083 1979 1155 κατακεντούμενον

333 1174 422 1232 διὰ
447 1177 548 1244 τήν
596 1175 672 1238 εἷς
728 1175 960 1248 Χριστὸν
1016 1173 1350 1249 ὁμολογίαν,
1408 1172 1737 1249 ἐμακάρισαν
1795 1173 1976 1227 αὑτόν·

329 1266 419 1322 καὶ
482 1265 812 1340 γνωσθέντες
869 1263 1243 1340 ἐκρατήθησαν
1301 1263 1447 1338 παρὰ
1501 1267 1609 1318 τῶν
1673 1263 1977 1332 ταξιωτῶν·

331 1354 419 1409 καὶ
481 1353 867 1429 ἐρωτηθέντες,
933 1352 1020 1408 καὶ
1077 1353 1167 1407 τὸν
1223 1352 1458 1424 Χριστὸν
1518 1350 1979 1428 ὁμολογήσαντες,

327 1440 704 1518 παρεδόθησαν
792 1438 1139 1516 Ἀγρικολάῳ
1217 1445 1296 1512 τῷ
1373 1439 1623 1516 ἡγεμόνι,
1702 1439 1793 1493 καὶ
1853 1441 1978 1514 παρ’

329 1532 534 1588 ἐκείνου
565 1527 928 1605 ἐμϐληθέντες
980 1531 1053 1594 εἰς
1114 1529 1311 1585 πλοῖον
1370 1527 1607 1604 δέσμιοι,
1665 1529 1754 1584 καὶ
1812 1528 1864 1584 ἐν
1903 1533 1980 1601 τῷ

325 1626 421 1676 τοῦ
475 1618 696 1696 Ἀδρίας
755 1619 984 1697 πελάγει
1046 1618 1310 1696 ῥιφέντες,
1369 1618 1432 1673 τὸ
1495 1619 1757 1692 μακάριον
1818 1617 1977 1680 τὲλος

330 1708 595 1781 ἐδέξαντο.
653 1711 748 1765 Ὧν
804 1709 871 1764 τὰ
947 1707 1180 1783 λείψανα
1261 1702 1567 1763 ἐκϐαλοῦσα
1622 1710 1658 1778 ἡ
1715 1705 1974 1775 θάλασσα,

333 1798 558 1874 ἔκρυψεν
588 1798 639 1854 ἐν
669 1803 738 1873 τῇ
799 1795 992 1872 ἄμμῳ.
1047 1797 1142 1853 Καὶ
1191 1799 1326 1872 μετά
1369 1801 1537 1852 ταῦτα
1593 1797 1979 1876 ἐμφανισθὲντα

329 1895 408 1988 τῶ
463 1889 883 1964 ἀρχιεπισκόπῳ
966 1884 1397 1962 Ἀλεξανδρείας,
1481 1886 1836 1958 κατετέθησαν
1894 1886 2056 1988 ἐνοΒ

326 1979 524 2052 τίμως.

327 2088 424 2142 Καὶ
487 2087 680 2159 μνήμη
741 2089 839 2141 τοῦ
897 2085 1052 2139 ὁσίου
1088 2088 1299 2174 ἸΘωμᾶ
1372 2088 1471 2140 τοῖν
1529 2082 1580 2139 ἐν
1642 2088 1719 2157 τῷ
1777 2083 1977 2156 Μαλεῷ

1085 2175 1218 2228 ορει.

394 2258 455 2313 Ὀ
486 2253 538 2310 ἐν
573 2254 750 2330 ἁγίοις
806 2255 990 2330 Ηατήρ
1041 2256 1200 2326 ἡμῶν
1250 2257 1471 2326 Θωμᾶς,
1522 2252 1611 2308 ὅτε
1662 2254 1755 2327 μὶν
1804 2255 1869 2323 ἦν
1922 2252 1972 2308 ἐν

324 2350 405 2416 τῷ
465 2346 681 2417 κόσμῳ,
744 2343 952 2418 ἐγένετο
1039 2343 1362 2420 περιφανὴς,
1448 2342 1538 2396 καὶ
1616 2337 1977 2417 περίϐλεπτος

331 2433 559 2505 πλούτῳ
630 2433 719 2486 καὶ
779 2429 1079 2502 δυναστείᾳ·
1137 2431 1283 2487 ἀλλὰ
1338 2431 1422 2486 καὶ
1485 2431 1620 2485 κατὰ
1677 2426 1974 2507 Βαρϐάρων

333 2521 518 2578 πολλὰ
566 2521 801 2598 τρόπαια
847 2519 1088 2590 ἔστησεν.
1146 2523 1275 2578 Ὅτε
1324 2517 1381 2576 εὶ
1427 2520 1687 2576 κατέλιπε
1737 2521 1828 2575 τὸν
1881 2519 1978 2575 κό-

329 2635 466 2686 σμον
500 2611 590 2668 διὰ
617 2613 708 2667 τὸν
745 2611 820 2675 είς
854 2613 1090 2687 Χριστὸν
1125 2613 1318 2683 πόθον,
1350 2611 1438 2666 καὶ
1468 2611 1530 2664 τὸ
1577 2615 1674 2666 τοῦ
1717 2611 1838 2688 βίου
1886 2633 1976 2666 πι-

328 2703 454 2778 κρὸν
491 2700 582 2757 διὰ
611 2701 700 2756 τὸν
736 2701 811 2764 εἰς
845 2702 1077 2772 Χριστὸν
1127 2702 1321 2768 πόθον,
1361 2701 1542 2756 καὶτὸ
1569 2705 1666 2756 τοῦ
1715 2700 1836 2777 βίου
1885 2722 1975 2755 πι-

330 2792 457 2868 κρὸν
489 2789 816 2861 κλυδώνιον,
845 2789 934 2845 καὶ
968 2789 1178 2866 ἐγένετο
1233 2791 1494 2866 μοναχὸς,
1543 2790 1714 2853 οὕτως
1766 2789 1975 2865 ἐγένετο

333 2879 804 2959 περιφανέστερος,
865 2879 940 2942 ὡς
1001 2879 1274 2957 φαίνεσθαι
1333 2880 1386 2934 ἐν
1441 2880 1594 2934 νυκτὶ
1648 2879 1725 2941 ὡς
1781 2878 1978 2942 στόλος

337 2971 503 3046 πυρὸς
530 2973 601 3044 τῇ
632 2967 909 3042 ἐπισκέψει
966 2975 1064 3024 τοῦ
1123 2968 1362 3046 μεγάλου
1419 2971 1706 3045 προφήτου
1761 2969 1976 3040 Ἠλίου,

337 3061 395 3115 οὗ
423 3059 635 3115 καὶτὸν
677 3058 879 3134 τρόπον
931 3058 1228 3130 ἐζήλωσεν·
1277 3061 1571 3135 ἡσυχάζων
1623 3059 1728 3127 ἀεὶ,
1777 3059 1978 3131 καὶτῷ

337 3151 448 3220 Θεῷ
495 3147 912 3222 ἀπερισπάστως
965 3147 1429 3222 προσευχόμενος,
1491 3147 1542 3202 ἐν
1594 3146 1706 3222 ὄρει
1757 3151 1835 3218 τῷ
1882 3168 1972 3201 κα-

335 3235 590 3309 λουμένῳ
648 3233 872 3307 Μαλεᾷν
931 3237 1088 3300 Ὅθεν
1171 3238 1258 3291 καὶ
1334 3236 1646 3312 χαρίσματα
1731 3234 1974 3311 ἰαμάτων

334 3319 542 3392 λαϐὼν,
600 3321 861 3396 δαίμονας
918 3323 1187 3395 ἀπήλασε·
1244 3326 1333 3380 καὶ
1387 3328 1572 3402 πηγὴν
1634 3324 1842 3381 ὑδάτων
1889 3325 1976 3381 διά

328 3419 643 3490 προσευχῆς
675 3415 840 3470 αὐτοῦ
875 3415 1073 3490 βλῦσαι
1127 3417 1442 3486 πεποίηκεν·
1497 3417 1582 3472 καὶ
1636 3415 1864 3496 τυφλοῖς
1914 3423 1976 3472 το

336 3505 582 3579 βλέπειν,
614 3505 704 3558 καὶ
751 3510 964 3579 χωλοῖς
1013 3507 1112 3572 τήν
1169 3504 1456 3581 εὐδρομίαν
1506 3505 1819 3583 ἐχαρίσατο.
1873 3507 1973 3562 Καὶ

329 3591 484 3666 ἵτερα
513 3592 761 3666 θαύματα
787 3591 989 3666 [πολλά
1045 3593 1130 3648 ἐπὶ
1182 3599 1260 3667 τῷ
1312 3595 1539 3667 ὀνόματι
1589 3600 1685 3651 τοῦ
1743 3599 1974 3671 Χριστοῦ

330 3685 592 3754 ποιήσας,
641 3685 728 3738 καὶ
789 3683 1097 3756 θαυμαστὸς
1149 3688 1266 3744 τοῖς
1325 3689 1453 3739 πᾶσι
1513 3686 1824 3760 γενόμενος,
1883 3687 1972 3740 καὶ

322 3772 417 3826 τὸν
450 3773 603 3844 Θεὸν,
655 3773 728 3834 ὡς
784 3771 1056 3846 ἀνθρώπῳ
1116 3769 1363 3844 δυνατὸν,
1423 3773 1773 3849 θεραπεύσας,
1836 3776 1971 3850 πρὸς

321 3860 481 3916 αὑτὸν
516 3860 723 3936 χαίρων
755 3861 844 3916 καὶ
876 3861 1257 3937 ἀγαλλόμενος
1283 3859 1632 3936 ἐξεδήμησεν.

873 3962 1055 4018 MUNI
1095 3964 1188 4040 Te
1224 3964 1422 4039 ΑΓΤῼ.

1117 4052 1179 4106 ll'

399 4137 670 4209 ’Ἃθλησις
700 4143 796 4194 τοὺ
827 4141 985 4216 ἁγίου
1021 4139 1511 4217 μεγαλομάρτυρος
1545 4141 1880 4219 Προκοπίου.

389 4244 700 4317 Ιιροκόπιος
748 4246 776 4300 ὁ
839 4247 1256 4324 μεγαλομάρτυς
1314 4249 1570 4324 ἐγεννήθη
1634 4251 1729 4323 μὲν
1789 4249 1838 4306 ἐν
1897 4257 1967 4326 τῇ

321 4332 482 4388 πόλει
542 4333 762 4404 Αῗλίας,
823 4335 881 4390 ἐκ
938 4335 1142 4412 πατρὸς
1201 4341 1551 4414 Χριπιανοῦ,
1610 4339 1697 4394 καὶ
1759 4342 1966 4416 μητρὸς

321 4419 673 4494 Ἑλληνίδος,
705 4424 790 4479 ἐπὶ
822 4431 922 4494 τῆς
959 4423 1239 4500 βασιλείας
1273 4434 1689 4497 Διοκλητιανοῦ·
1736 4428 1968 4506 ἀνατρα-

313 4510 430 4586 φεὶς
486 4513 631 4586 παρᾶ
679 4519 778 4581 τῆς
839 4517 1047 4586 μητρὸς
1110 4515 1245 4586 μετὰ
1299 4516 1558 4587 τελευτὴν
1610 4523 1707 4574 τοῦ
1764 4521 1966 4594 πατρὸς

2099 639 2225 694 Itali
2262 639 2517 693 fuerunt.
2557 639 2887 710 lmperante
2919 641 3114 690 autem
3147 636 3398 706 Trajano
3447 641 3743 692 commota

2093 729 2155 782 in
2205 728 2570 783 Christianos
2629 726 3066 799 persecutione,
3125 741 3452 780 conscenso
3511 726 3740 797 navigio

2095 819 2478 888 Dyrrachium
2503 817 2772 889 profecti,
2800 833 2934 871 cum
2960 819 3740 886 sanctumsacromartyrem

2093 909 2318 962 Astium
2351 907 2639 963 vidissent
2675 907 2748 962 ob
2791 906 3010 964 Christi
3067 904 3502 960 confessionem
3561 903 3738 960 melle

2091 996 2438 1052 delibutum.
2477 1003 2534 1051 et
2565 1014 2632 1051 ex
2689 996 2941 1068 equul°o
2993 1011 3370 1066 suspensum,
3421 1011 3735 1066 vesparum

2090 1103 2549 1158 muscarumque
2578 1088 2876 1143 morsibus
2909 1086 3260 1157 expositum.
3296 1085 3465 1139 illum
3496 1085 3736 1139 beatum

2089 1174 2387 1230 dixerunt.
2421 1176 2817 1240 Quamobrem
2849 1174 3054 1247 agniti,
3089 1179 3147 1228 et
3175 1189 3209 1227 a
3237 1171 3511 1244 praesidis
3552 1188 3736 1244 appa-

2088 1265 2371 1321 ritoribus
2402 1264 2842 1336 comprehensi,
2878 1279 3011 1318 cum
3047 1261 3390 1332 interrogati
3433 1261 3732 1316 Christum

2088 1354 2344 1408 confessi
2377 1355 2650 1421 fuissent,
2685 1353 2991 1425 Agricolae
3042 1351 3280 1422 praesidi
3332 1349 3666 1408 traduntur.
3699 1367 3735 1405 a

2087 1459 2204 1512 quo
2229 1444 2428 1506 vincti,
2455 1445 2635 1514 inque
2655 1442 2950 1513 navigium
2984 1441 3258 1512 conjecti.
3283 1440 3345 1494 in
3366 1438 3729 1494 Adriaticum

2086 1548 2250 1587 mare
2281 1533 2536 1587 demersi
2569 1540 2728 1595 sunt,
2760 1531 3117 1600 beatumque
3137 1530 3319 1584 finem
3351 1533 3727 1599 acceperunt.

2086 1621 2330 1676 Illorum
2357 1621 2626 1692 reliquiaa
2644 1621 2850 1693 pelago
2875 1621 2956 1690 rej
2968 1625 3438 1688 ectm,arenaque
3460 1617 3728 1688 sepulta),

2084 1715 2290 1782 postea
2347 1709 2592 1764 detectae
2644 1709 2716 1764 ab
2773 1709 3222 1780 archiepiscopo
3305 1705 3726 1773 Alexandrino,

2083 1800 2410 1854 honorifice
2439 1799 2690 1854 conditaa
2713 1799 2900 1854 fuere.

2232 2088 2304 2140 Et
2332 2087 2596 2140 memoria
2632 2086 2812 2140 sancti
2841 2085 3049 2140 Thomas
3081 2087 3140 2138 in
3169 2090 3353 2138 monte
3392 2082 3580 2139 Maleo.

2153 2265 2400 2319 Sanctus
2432 2265 2606 2319 Pater
2635 2269 2840 2319 noster
2868 2262 3121 2318 Thomas
3153 2263 3213 2316 in
3247 2260 3463 2317 smculo
3487 2260 3729 2333 quidem

2081 2353 2331 2408 illustris
2357 2354 2488 2419 fuit,
2513 2358 2689 2426 atque
2717 2351 2927 2425 opibus
2946 2352 3470 2422 dominationeque
3492 2349 3733 2422 conspi-

2081 2462 2228 2501 cuus
2258 2463 2270 2500 :
2305 2445 2410 2501 sed
2441 2451 2499 2500 et
2529 2445 2600 2500 de
2633 2444 2906 2500 Barbaris
2937 2444 3137 2516 plures
3167 2443 3440 2498 victorias
3464 2445 3730 2514 reporta-

2081 2536 2183 2590 vit.
2213 2535 2355 2590 Cum
2380 2540 2575 2588 autem
2602 2533 2674 2588 ob
2697 2535 2912 2588 Christi
2934 2549 3195 2588 amorem
3222 2532 3524 2594 saeculum,
3551 2535 3726 2600 atque

2083 2625 2384 2682 saecularis
2400 2626 2530 2679 vitae
2548 2625 3032 2680 molestissimam
3053 2624 3437 2697 agitationem
3461 2621 3729 2676 abdicas-

2082 2721 2188 2771 set.
2222 2713 2412 2769 factus
2443 2714 2790 2779 monachus,
2851 2713 2996 2768 adeo
3055 2713 3346 2767 illustrior
3402 2711 3608 2775 evasit,
3664 2716 3730 2766 ut

2080 2802 2241 2856 velut
2270 2802 2548 2856 columna
2588 2801 2740 2874 ignis
2772 2801 2930 2856 inter
2959 2802 3150 2855 noctis
3185 2800 3481 2860 tenebras.
3530 2799 3728 2871 magni

2080 2891 2385 2964 prophetas
2405 2891 2543 2945 Elim
2567 2890 3097 2959 visitatione,cujus
3115 2890 3294 2944 etiam
3317 2904 3512 2942 mores
3535 2905 3727 2944 aemu-

2081 2981 2336 3048 labatur,
2361 2980 2578 3035 micare
2611 2980 2924 3034 videretur.
2953 2979 3266 3033 Silentium
3298 2977 3496 3048 itaque
3519 2993 3729 3048 perpe-

2083 3076 2183 3126 tuo
2218 3068 2420 3137 coluit,
2453 3075 2512 3124 et
2541 3067 2616 3124 ad
2647 3069 2828 3123 Deum
2861 3067 3271 3123 orationemin
3297 3073 3521 3131 monte,
3551 3081 3728 3136 quem

2083 3160 2334 3215 Maleum
2366 3159 2689 3230 appellant.
2725 3158 3010 3222 Quocirca
3039 3157 3413 3212 curationum
3449 3155 3596 3212 158
3629 3171 3729 3210 ac-

2007 3287 2051 3350 C
2083 3255 2252 3320 cepto
2287 3246 2464 3314 dono,
2496 3248 2797 3302 daemones
2828 3246 3073 3318 expulit,
3106 3252 3165 3301 et
3194 3245 3416 3300 fontem
3441 3259 3730 3316 aquarum

2081 3338 2230 3393 fusis
2262 3338 2335 3393 ad
2395 3340 2577 3392 Deum
2636 3336 2911 3409 precibus
2971 3335 3256 3391 scaturire
3313 3335 3491 3390 fecit:
3555 3335 3728 3389 caecis

2081 3429 2293 3482 visum.
2329 3427 2558 3482 claudis
2590 3426 2930 3498 expeditum
2963 3441 3200 3481 cursum
3234 3425 3510 3489 restituit,
3535 3423 3732 3494 plura-

2083 3534 2196 3588 que
2229 3517 2347 3572 alia
2377 3515 2664 3572 miracula
2692 3516 2750 3570 in
2782 3515 2996 3571 Christi
3020 3515 3262 3569 nomine
3315 3513 3588 3584 patravit,
3621 3511 3726 3567 ad-

2083 3605 2375 3660 mirabilis
2435 3604 2712 3659 omuibus
2765 3602 3108 3658 hominibus
3165 3602 3374 3658 factus.
3436 3601 3603 3655 Hunc
3663 3600 3724 3654 in

2082 3693 2323 3750 modum
2356 3694 2494 3764 Deo,
2529 3698 2817 3764 quantum
2841 3691 3069 3746 homini
3093 3691 3250 3758 licet,
3275 3688 3625 3757 inserviens,
3650 3687 3724 3743 ad

2077 3790 2280 3854 ipsum
2309 3781 2480 3837 laetus
2513 3787 2570 3836 et
2598 3781 2862 3854 gaudens
2893 3780 3166 3852 migravit

2632 3942 2874 3999 EODEM
2917 3941 3168 3998 MENSE.

2723 4041 2823 4096 Die
2856 4045 3082 4097 octava.

2233 4142 2520 4197 Certamen
2551 4144 2727 4198 sancti
2754 4144 2945 4211 magni
2973 4143 3234 4212 martyris
3269 4140 3573 4209 Proscopii.

2146 4263 2388 4332 Magnus
2419 4262 2644 4328 martyr
2675 4256 2996 4328 Procopius
3051 4256 3113 4309 in
3165 4254 3311 4310 urbe
3364 4253 3512 4309 Elia
3557 4254 3725 4308 Chri-

2079 4351 2270 4406 stiano
2290 4355 2670 4421 patre,matre
2697 4363 2926 4419 pagana
2946 4346 3479 4416 natus,imperante
3495 4344 3692 4400 Diocle
3707 4374 3722 4385 -

2078 4439 2265 4500 tiano,
2298 4445 2433 4509 post
2463 4438 2648 4508 patris
2680 4436 2908 4491 obitum
2935 4452 2968 4489 a
2989 4441 3174 4490 matre
3207 4432 3720 4499 educatus,eidem

2077 4528 2442 4583 Diocletiano
2475 4527 2712 4581 oblatus
2743 4533 2852 4590 est,
2886 4531 2950 4580 ut
2980 4525 3053 4580 ad
3097 4525 3356 4578 honores
3404 4539 3721 4593 promove-

312 4601 500 4669 αὑτοῦ,
561 4603 856 4676 προσήχοη
916 4602 1292 4676 Διοκλητιανῷ
1351 4604 1437 4660 ἐπὶ
1493 4611 1574 4678 τῷ
1640 4610 1957 4679 τιμηθῆναι·

2080 4623 2257 4672 retur.
2294 4619 2484 4682 Quare
2516 4616 2889 4670 Alexandriae
2913 4615 3030 4668 dux
3050 4611 3454 4679 creatus,illuc
3467 4611 3723 4666 mittitur

312 4688 408 4743 Καὶ
441 4690 848 4764 προχειρισθεὶς
892 4689 1016 4764 δοὺξ
1077 4691 1507 4767 Ἀλεξανδρείας,
1567 4693 1844 4766 ἀπεστάλη
1897 4697 1959 4752 οὑ

313 4776 481 4850 μόνον
567 4777 862 4852 πολεμίοις
948 4779 1168 4855 ἐχθρὸς,
1230 4780 1376 4837 ἀλλὰ
1428 4783 1516 4838 καὶ
1591 4785 1957 4860 Χριστιανοῖς.

309 4865 720 4942 Ἀπερχόμενος
753 4865 811 4923 δὶ
838 4870 975 4936 πρὸς
1003 4870 1096 4925 τὸν
1153 4872 1305 4926 οἷκον
1361 4871 1546 4942 αὐτοῦ,
1591 4871 1758 4943 ἦλθεν
1809 4876 1959 4948 αὑτῷ

304 4956 458 5032 φωνὴ
492 4954 544 5026 ἐξ
579 4955 812 5025 οὐρανοῦ
846 4958 1100 5032 λέγουσα·
1135 4959 1354 5030 Νεανία,
1386 4965 1584 5016 παῦσαι
1641 4967 1737 5017 τοῦ
1791 4964 1957 5021 πολε-

304 5050 424 5117 μεῖν
454 5043 582 5107 τοὺς
612 5042 844 5109 δούλους
879 5069 1005 5120 μου,
1037 5050 1120 5103 ἱνα
1150 5050 1227 5122 μή
1277 5052 1574 5126 ἀποθάνῃς.
1625 5050 1949 5130 Ὑπεδείχθη

301 5132 360 5189 δὲ
391 5134 480 5188 καὶ
511 5133 658 5208 αὑτῷ
692 5143 885 5212 σχῆμα
915 5143 1166 5212 σταυροῦ.
1215 5139 1318 5197 Καὶ
1374 5141 1626 5205 ἀπελθὼν
1680 5143 1755 5205 εἰς
1810 5151 1952 5200 Σκυ-

304 5221 554 5290 θόπολιν,
614 5225 702 5278 καὶ
764 5231 1075 5302 χρυσοχόον
1127 5228 1659 5301 προσκαλεσάμενος,
1732 5231 1956 5302 ἐποίησε

305 5311 475 5366 τόπον
507 5317 738 5386 σταυροῦ
769 5316 904 5370 κατᾶ
935 5317 996 5370 τὸ
1032 5315 1358 5392 ὑποδειχθὶν
1409 5318 1552 5390 αὑτῴ
1604 5324 1818 5395 σχῆμα,
1863 5324 1948 5378 καὶ

303 5399 488 5476 ἐφόρει
517 5401 698 5458 αὑτόν.
738 5406 946 5474 Στήσας
979 5403 1035 5461 δὲ
1060 5406 1298 5481 τρόπαια
1351 5408 1486 5463 κατᾶ
1535 5414 1642 5463 τῶν
1701 5416 1954 5486 Σαρακη-

301 5493 433 5559 νῶν,
464 5491 555 5544 καὶ
601 5492 957 5568 ὑποστρέψας,
1015 5496 1360 5570 κατεμηνόθη
1415 5503 1493 5569 τῷ
1545 5500 1761 5573 βασιλεῖ
1807 5505 1952 5577 παρὰ

295 5584 395 5646 τῆς
428 5579 659 5650 μητρὸς,
693 5583 766 5643 ὡς
802 5583 1145 5657 Χριστιανός.
1208 5585 1304 5640 Καὶ
1362 5589 1702 5661 τιμωρηθεὶς
1757 5587 1950 5661 διαφό-

298 5687 431 5740 ρως,
477 5668 566 5752 καὶ
626 5655 1116 5746 θαυματουργήσας
1176 5673 1238 5728 οὑ
1307 5655 1473 5747 μόνον
1517 5655 1749 5752 ’ἑτέρους
1810 5655 1945 5734 πολ-

299 5754 434 5818 λοὺς
465 5750 642 5814 ἔπεισε
673 5765 949 5816 πιστεῦσαι
983 5765 1228 5837 Χριστῷ,
1281 5761 1430 5820 ἀλλὰ
1481 5765 1570 5820 καὶ
1623 5750 1790 5838 αὐτὴν
1846 5771 1944 5838 τὴν

2073 4723 2193 4761 non
2226 4705 2402 4760 modo
2433 4703 2709 4760 hostibus
2739 4703 2962 4758 bellum
2987 4702 3281 4766 illaturus,
3306 4716 3510 4754 verum
3542 4700 3722 4756 etiam

2070 4793 2446 4849 Christianis.
2479 4794 2726 4847 Domum
2761 4792 2959 4861 itaque
2992 4807 3159 4845 suam
3207 4804 3480 4862 pergens,
3535 4789 3724 4845 audiit

2071 4899 2274 4938 vocem
2300 4899 2330 4937 e
2356 4881 2501 4938 ccelo
2523 4878 3491 4953 lapsam,dicentemzAdolescens,
3512 4878 3718 4935 desine

2068 4988 2329 5044 pugnare
2353 4972 2633 5028 adversus
2647 4988 2846 5027 servos
2871 4986 3136 5036 meos,ne
3150 4968 3446 5025 moriaris.
3471 4971 3720 5026 Ostensa

2065 5061 2445 5132 insuperipsi
2469 5061 2766 5116 estcrucis
2801 5061 3006 5132 figura.
3040 5058 3433 5124 Quamobrem
3468 5057 3715 5129 Scytho-

2065 5151 2248 5223 polim
2269 5151 2588 5222 profectus,
2617 5151 2922 5205 aurificem
2946 5150 3019 5204 ad
3047 5165 3108 5203 se
3131 5148 3716 5218 venirejussit,eique

2063 5242 2368 5312 prarcepit,
2401 5247 2465 5296 ut
2497 5241 2825 5294 secundum
2847 5246 3149 5294 ostensam
3173 5237 3283 5292 sibi
3313 5238 3562 5309 figuram
3581 5253 3713 5292 cru-

2065 5346 2194 5383 cem
2231 5331 2558 5401 efﬁngeret,
2595 5345 2773 5399 quam
2805 5328 3085 5398 deinceps
3116 5326 3362 5398 gestavit
3415 5326 3559 5380 Cum
3582 5341 3717 5379 vero

2063 5418 2135 5474 de
2167 5419 2474 5475 Saracenis
2531 5419 2800 5490 trophaea
2865 5417 3184 5476 retulisset.
3245 5421 3421 5484 atque
3474 5414 3718 5469 domum

2063 5508 2360 5575 rediisset,
2393 5527 2426 5566 a
2478 5518 2664 5567 matre
2716 5508 2789 5564 ad
2849 5508 3268 5578 imperatorem
3313 5503 3544 5558 delatus
3605 5510 3713 5566 est,

2061 5597 2221 5668 quod
2255 5599 2627 5655 Christianus
2660 5604 2832 5653 esset.
2874 5597 3094 5652 idcirco
3128 5593 3302 5648 Variis
3352 5590 3712 5646 cruciatibus

2057 5687 2329 5754 affectus,
2358 5691 2603 5758 patratis
2628 5689 2698 5742 ab
2728 5687 2854 5757 ipso
2881 5683 3183 5738 miraculis
3208 5698 3324 5734 non
3353 5679 3528 5732 modo
3561 5677 3711 5730 alios

2057 5775 2394 5846 complures
2416 5777 2488 5832 ai
2513 5776 2726 5832 Christi
2753 5773 2931 5829 ﬁdem
2954 5771 3260 5836 convertit,
3287 5781 3488 5821 verum
3520 5763 3697 5817 etiam
