4158 6310
332 410 445 469 531
1627 399 1974 458 MENOLOt

2119 395 2322 456 PARS
2367 395 2475 454 llI.
3640 388 3761 449 532

336 544 589 597 matrem
623 540 837 612 ipsam,
872 540 930 592 et
960 535 1192 608 aliquot
1234 532 1538 600 mulieres,
1600 545 1730 586 cum
1778 527 1978 600 quibus

2115 523 2344 600 μητέρα,
2375 524 2464 580 καί
2491 545 2639 587 τινας
2681 528 2959 599 γυναῖκας,
2995 523 3111 596 μεθ’
3148 523 3222 578 ὧν
3281 519 3757 602 ἀποκεφαλισθεὶς,

341 631 532 702 capite
563 611 796 702 plexus,
831 626 905 682 ad
935 626 1121 680 Deum
1152 621 1443 695 migravit.

1152 621 1443 695 migravit.
2111 614 2249 686 πρὸς
2281 615 2408 670 Θεὸν
2441 611 2589 688 ἐξεδή
2601 633 2793 687 μησεν.

906 741 1147 797 EODEM
1188 739 1438 793 MENSE.

2662 743 2840 796 MllNI
2877 743 2967 820 T9
3009 743 3198 817 ΑΥΤῼ.

1022 829 1124 884 Die
1156 843 1335 883 nona.
2903 835 2956 884 6‘

485 923 637 981 159
671 921 955 977 Certamen
993 919 1334 975 sacrosancti
1363 918 1628 987 martyris
1660 915 1872 985 Cyrilli.

2271 918 2536 988 Ἀθλησις
2564 922 2662 974 τοῦ
2694 916 2846 993 ἁγίου
2878 919 3273 994 ἱερομάρτυρος
3304 915 3601 993 Κυρίλλου.

427 1053 820 1122 Sacromartyr
851 1047 1105 1120 Cyrillus
1136 1045 1473 1101 Christiana
1504 1042 1618 1099 ﬁde
1666 1042 2000 1113 divinisque

2187 1029 2475 1104 Κύριλλος
2531 1033 2559 1087 6
2618 1033 2971 1108 ἱερομάρτυς,
3029 1037 3099 1106 τῇ
3154 1031 3230 1095 εἷς
3288 1033 3518 1106 Χριστὸν
3579 1031 3759 1089 πίστει

352 1146 560 1197 auctus
592 1120 924 1202 virtutibus,
957 1136 1256 1192 Cretensis
1279 1134 1552 1190 Ecclesiae
1574 1133 1838 1206 pontifex
1861 1149 1994 1188 con-

2121 1121 2204 1176 καὶ
2274 1125 2394 1184 ταῖς
2475 1120 2644 1185 θείαις
2725 1121 2939 1196 ἀρεταῖς
3026 1122 3390 1194 συναυξηθεὶς,
3475 1120 3763 1198 ἀρχιερεὺς

355 1231 594 1286 stitutus
624 1229 756 1284 fuit.
791 1230 1055 1298 Cumque
1104 1239 1339 1298 gregem
1392 1224 1542 1278 bene
1592 1222 1997 1295 gubernasset,

2119 1212 2340 1282 κατέστη
2391 1220 2490 1282 τῆς
2547 1211 2598 1267 ἐν
2652 1215 2833 1287 Κρήτῃ
2891 1210 3242 1284 Ἑκκλησίας.
3299 1215 3400 1269 Καὶ
3465 1213 3652 1275 καλῶς
3696 1214 3761 1268 τὸ

355 1325 531 1392 atque
566 1318 801 1374 Domini
832 1317 1066 1389 plebem
1099 1315 1370 1371 doctrina
1401 1319 1458 1368 et
1487 1312 1997 1368 adhortationibus

2124 1302 2372 1376 ποίμνιον
2408 1302 2615 1372 ἷθύνας,
2649 1305 2736 1359 καὶ
2769 1305 2860 1358 τὸν
2891 1301 3022 1358 λαὸν
3086 1303 3285 1380 Κυρίου
3337 1302 3620 1374 πληθύνας
3671 1301 3766 1359 διὰ

355 1409 945 1476 auxisset,commota
964 1403 1478 1478 persecutione,ab
1505 1402 1997 1458 idololatriscom-

2119 1389 2492 1464 διδασκαλίας,
2523 1393 2614 1449 καὶ
2671 1395 3059 1470 παραινέσεως,
3117 1391 3368 1470 διωγμοῦ
3425 1394 3761 1465 κινηθέντος,

358 1498 689 1571 prehensus
708 1492 1259 1568 etligatus,praesidi
1279 1492 1712 1562 sistiturzatque
1731 1491 1793 1544 in
1808 1490 2000 1563 ignem

2121 1479 2386 1555 ἐκρατήθη
2423 1483 2568 1558 παρὰ
2612 1487 2722 1538 τῶν
2770 1481 3208 1560 εἶδωλολατρῶν,
3254 1483 3344 1538 καὶ
3397 1479 3567 1547 δεθεὶς
3621 1503 3763 1558 παρ-

358 1568 685 1660 projectus,
717 1585 976 1656 indeque
1008 1583 1234 1638 illaesus
1266 1597 1558 1654 egressus,
1595 1579 1844 1635 vinculis
1876 1578 2000 1650 qui-

2121 1568 2279 1641 εδόθη
2311 1569 2668 1660 τιξόίρχοντν
2721 1571 2822 1631 Καὶ
2883 1568 3183 1646 ἐμϐληθεὶς
3245 1573 3320 1637 είς
3375 1576 3503 1648 πῦρ,
3561 1573 3649 1627 καὶ
3707 1571 3763 1644 ἐξ

361 1677 472 1731 bus
501 1675 888 1742 vinciebatur,
923 1671 1340 1738 concrematis,
1369 1675 1429 1725 et
1465 1686 1584 1724 una
1613 1686 1747 1725 cum
1806 1668 2003 1740 lignis,

2121 1660 2282 1714 αὐτοῦ
2330 1655 2580 1731 ἀϐλαϐὴς
2637 1661 2886 1734 ἐξελθὼν,
2943 1666 3047 1718 τῶν
3111 1660 3345 1736 δεσμῶν,
3404 1665 3487 1725 οἷς
3547 1660 3763 1718 ἐδέδετο

364 1765 578 1838 quibus
610 1765 854 1820 ﬂamma
891 1763 1180 1829 alebatur,
1235 1761 1297 1815 in
1355 1761 1617 1815 cinerem
1666 1758 1942 1828 redactis,
1976 1774 2006 1812 a

2120 1751 2376 1822 καέντων,
2406 1751 2496 1806 καὶ
2552 1757 2661 1807 τῶν
2719 1751 2918 1824 ξύλων,
2977 1755 3122 1822 οἷςὴ
3158 1750 3292 1826 φλόξ
3352 1751 3623 1830 ἐτρέφετο,
3682 1751 3762 1807 εἷς

362 1854 613 1928 praeside
648 1853 930 1909 dimissus
964 1852 1094 1920 fuit,
1127 1851 1347 1906 factum
1377 1849 1652 1917 mirante,
1685 1849 2004 1920 imperato-

2122 1844 2268 1898 κόνιν
2326 1842 2748 1917 λεπτυνθέντων,
2809 1843 3055 1917 ἀπελύθη
3112 1846 3258 1920 παρὰ
3311 1843 3410 1900 τοῖ’)
3467 1842 3764 1922 ἄρχοντος,

362 1899 613 1928 pws“...
648 1899 929 1909 mm---“
964 1899 1094 1920 ---Ἴ
1127 1899 1347 1906 -_--__-
1377 1899 1652 1917 _,_-__--,
1685 1899 1966 1920 -___r___-_

361 1947 562 2016 risque
595 1943 787 1999 edicta
815 1943 979 1997 velut
1008 1941 1213 2012 iniqua
1244 1940 1698 1995 condemnante.
1753 1939 1822 1993 Et
1866 1943 2003 1992 tunc

2536 1899 2557 1909 "
2734 1899 2748 1917 1
2919 1899 2947 1900 ﬁ
2993 1899 3055 1917 νο
3191 1899 3201 1920 Ι
3326 1899 3334 1900 7
3476 1899 3765 1922 ⁷⁷11κί⁷⁷⁷⁹¹

2128 1933 2491 2006 ὒαυμάσαντος
2545 1935 2606 1989 τὸ
2661 1934 2904 2011 γεγονὸς,
2973 1934 3062 1989 καὶ
3120 1931 3235 1996 το’ίς
3320 1939 3416 1990 τοῦ
3500 1932 3770 2008 βασιλέως

364 2033 604 2105 quidem
630 2050 722 2088 res
746 2033 826 2087 ita
859 2049 919 2087 se
951 2031 1175 2086 habuit.
1213 2029 1597 2084 Postmodum
1620 2044 1757 2083 vero
1790 2043 2006 2099 praises

2122 2021 2526 2098 προστάγμασιν
2605 2023 2680 2086 ὡς
2760 2021 2968 2087 ἀδίκοις
3055 2023 3204 2078 οὖσιν
3290 2019 3764 2097 έπιμεμψαμένου.

364 2139 616 2179 cernens
638 2122 973 2194 complures
1000 2119 1214 2175 Christi
1248 2119 1424 2174 ﬁdem
1449 2117 1794 2189 amplexari,
1818 2117 2006 2188 impe-

2130 2113 2220 2169 Καὶ
2247 2112 2364 2169 νότε
2398 2113 2493 2187 μὲν
2529 2113 2724 2176 οὕτως.
2757 2121 3010 2190 Ὕστερον
3064 2111 3120 2169 δὲ
3163 2111 3293 2169 ῗδὼν
3331 2115 3357 2169 6
3389 2111 3575 2189 ἅρχων
3624 2113 3772 2170 πολ-

360 2215 1061 2287 ratorisindignationem
1082 2214 1602 2276 veritus,sanctum
1627 2226 1756 2266 com
1766 2209 2002 2282 prehen-

2123 2202 2251 2266 λοὺς
2279 2204 2378 2273 τὴν
2437 2203 2514 2268 εἷς
2567 2204 2800 2279 Χριστὸν
2859 2205 3036 2259 πίστιν
3095 2203 3528 2277 ἀσπαζομένους,
3587 2199 3765 2283 φοϐη-

364 2323 493 2362 sum
528 2306 703 2361 etiam
738 2305 977 2372 invitus,
1012 2306 1202 2377 capite
1235 2303 1572 2359 damnavit:
1615 2305 1675 2356 et
1704 2318 1809 2374 per
1854 2301 2006 2355 hunc

2127 2290 2232 2356 θεὶς
2263 2291 2354 2346 τὸν
2383 2295 2481 2346 τοῦ
2517 2290 2784 2366 βασιλέως
2819 2292 3008 2366 θυμὸν,
3041 2293 3317 2362 κρατήσας
3346 2293 3439 2348 τὸν
3470 2291 3625 2368 ἃγιον
3675 2293 3769 2348 καὶ

365 2397 609 2453 modum
641 2397 818 2451 vitam
850 2395 1274 2461 immortalem,
1328 2399 1796 2466 perpetuamque
1845 2389 2007 2464 regni

2124 2380 2291 2448 ἄκων,
2325 2380 2711 2460 ἀπεκεφάλισε,
2764 2381 3097 2458 προξενήσας
3154 2382 3300 2454 αὐτῷ
3355 2381 3498 2450 ζωὴν
3557 2379 3766 2437 ἀθάνα-

368 2485 624 2542 scelestis
655 2484 1085 2540 beatitudinem
1119 2483 1310 2539 eidem
1345 2481 1727 2553 comparavit.

2126 2492 2212 2527 τον
2240 2472 2330 2527 καὶ
2359 2469 2534 2527 ἀΐδιον
2589 2471 2964 2547 μακαριότητα
3016 2476 3118 2540 τῆς
3176 2468 3451 2546 βασιλείας
3507 2473 3618 2526 τῶν
3674 2469 3768 2526 οὖ-

2123 2582 2320 2638 ρανων.

369 2674 436 2730 Ει
465 2678 738 2729 certamen
768 2673 947 2728 sancti
977 2672 1240 2743 martyris
1265 2668 1631 2726 Patermuthii
1653 2675 1704 2725 et
1720 2669 2011 2724 sociorum.

2128 2678 2227 2736 Καὶ
2311 2675 2542 2749 ἄθλησις
2621 2681 2715 2732 τοῦ
2752 2750 2761 2752 μ
2802 2677 2982 2752 ἁγίου,
3032 2677 3305 2752 μάρτυρος
3392 2675 3770 2752 Ηατερμυθίου

2676 2750 2767 2805 καὶ
2799 2747 2905 2804 τῶν
2938 2747 3042 2804 σὺν
3063 2747 3230 2822 αὐτῷξ

441 2852 883 2908 Patermuthius
916 2855 974 2906 et
999 2851 1163 2918 socii,
1195 2849 1428 2906 Juliano
1454 2849 1737 2921 Apostata
1753 2846 2016 2918 tyranni-

2195 2849 2625 2924 Ῑιατερμοῦθιος,
2657 2848 2746 2904 καὶ
2793 2851 2844 2904 οἱ
2876 2847 2968 2904 σὺν
3021 2847 3188 2922 αὐτῷ,
3238 2848 3487 2924 ὑπῆρχον
3540 2848 3628 2904 ἐπὶ
3671 2853 3776 2916 τῆς

371 2941 506 2998 dem
538 2947 871 3010 exercente,
908 2943 969 2996 in
1000 2939 1337 3014 Egyptiaca
1381 2955 1578 2994 eremo
1631 2953 1930 2993 secessum
1961 2940 2013 2992 et

2136 2939 2437 3016 τυραννίδος
2495 2941 2805 2995 ἸουΙιανοῦ
2851 2943 2948 2995 τοῦ
3026 2933 3374 3015 Παραϐάτου,
3433 2937 3485 2994 έν
3539 2942 3608 3013 τῇ
3658 2940 3778 2994 κατ’

370 3035 631 3106 quietam
664 3035 840 3089 vitam
865 3033 1241 3104 quaesieram.
1265 3031 1469 3087 Eidem
1493 3036 1692 3086 autem
1724 3032 2012 3100 Apostataal

2138 3029 2402 3108 Αἴγυπτον
2445 3030 2640 3108 ἐρήμῳ
2698 3032 3090 3106 ἡσυχάζοντες.
3147 3030 3547 3106 Ἀπερχομένῳ
3597 3027 3654 3085 δὲ
3699 3035 3780 3102 τῷ

370 3123 650 3180 adversus
682 3126 890 3179 Persas
924 3123 1362 3194 expeditionem
1393 3121 1626 3192 paranti
1659 3119 1730 3175 ab
1761 3119 2012 3174 idolola-

2137 3115 2421 3196 Παραϐάτῃ
2478 3121 2616 3197 πρὸς
2668 3121 2760 3176 τὸν
2819 3122 2955 3176 κατὰ
3007 3125 3115 3176 τῶν
3201 3124 3419 3195 Περσῶν
3502 3117 3779 3193 πόλεμον,

370 3212 477 3268 tris
508 3212 711 3278 delati,
741 3218 796 3267 et
828 3211 1583 3282 comprehensi,sistuntur.
1620 3211 1683 3264 Et
1714 3211 2012 3263 I’atermu-

2135 3210 2583 3284 κατεμηνύθησαν
2639 3211 2786 3284 ποιρᾶ
2835 3214 2944 3265 τῶν
2999 3207 3441 3286 εἷδωλολατρῶν.
3502 3207 3599 3264 Καὶ
3647 3229 3777 3282 κρα-

373 3302 533 3356 thius
561 3269 801 3372 quidem
834 3269 1057 3355 annum
1085 3269 1293 3371 agebat
1320 3299 1821 3372 septuagesimum
1847 3297 2015 3368 quin-

2135 3269 2388 3372 τηθέντες
2419 3269 2674 3376 ήγθησαν
2718 3269 2964 3354 ’ἐνώπιον
3019 3298 3201 3356 αὐτοῦ.
3247 3269 3344 3355 Ἶίν
3375 3296 3431 3355 δὲ
3463 3300 3489 3354 6
3525 3299 3620 3372 μὶν
3669 3269 3777 3356 lla-

375 3395 542 3455 tum;
576 3391 790 3460 Copres
824 3405 956 3443 vero
989 3389 1262 3459 quintum
1295 3405 1473 3459 supra
1495 3389 2017 3460 quadragesimum.

2136 3388 2450 3465 τερμοῦθιος
2499 3389 2630 3443 ἐτῶν
2687 3383 3069 3462 ἐϐδομήκοντα
3125 3389 3301 3459 πέντε,
3363 3390 3391 3444 6
3447 3385 3504 3443 δὲ
3556 3389 3778 3464 Κόπρης

379 3480 557 3536 Divisi
589 3482 788 3551 itaque
818 3480 889 3535 ab
923 3480 1195 3547 invicem,
1230 3480 1526 3534 Christum
1555 3479 1847 3552 abnegare
1862 3497 2021 3536 com-

2133 3477 2263 3533 ἐτῶν
2374 3477 2770 3553 τεσσαρακόντα
2873 3478 3050 3534 πέντε.
3138 3477 3237 3532 Καὶ
3325 3474 3775 3552 διαχωρισθέντες

380 3569 780 3644 pellebantur.
839 3572 1055 3642 Copres
1109 3574 1309 3625 autem
1368 3571 1666 3641 Apostatae
1724 3569 2022 3626 illecebris

2129 3569 2497 3644 ἠναγκάζοντο
2537 3567 2865 3643 ἀρνήσασθαι
2919 3569 3012 3622 τὸν
3072 3566 3328 3643 Χριστόν.
3389 3567 3627 3630 Πεισθεὶς
3681 3568 3771 3621 οὖν

383 3666 610 3734 captus,
641 3679 675 3718 a
696 3661 811 3717 fide
837 3660 1071 3717 defecit.
1089 3661 1212 3727 Quo
1235 3660 1538 3715 intellecto
1561 3661 2023 3731 Patermuthius,

2131 3659 2406 3733 ὁΚόπρης
2459 3663 2577 3720 ταῖς
2635 3657 2892 3719 θωπείαις
2947 3661 3044 3712 τοῦ
3101 3652 3773 3733 Ιιαραϐάτου,ἠρνήσατο.

381 3751 626 3822 plorans
647 3768 752 3824 pro
775 3751 876 3806 illo
900 3751 1084 3805 Deum
1108 3749 1316 3805 orabat
1352 3751 1478 3804 Mox
1497 3749 1690 3822 etipse
1714 3749 2022 3818 adductus,

2135 3748 2236 3805 Καὶ
2272 3749 2456 3820 μαθὼν
2487 3752 2649 3803 τοῦτο
2681 3748 2708 3802 6
2735 3746 3165 3820 Πατερμούθιος,
3224 3745 3430 3803 κλαίων
3479 3743 3777 3820 παρεκάλει

383 3846 440 3897 et
469 3845 695 3914 Copren
746 3840 1076 3913 splendidis
1130 3845 1401 3912 Opertum
1446 3840 1706 3896 vestibus
1754 3841 2024 3909 intuitus,

2136 3839 2223 3894 τὸν
2257 3838 2382 3893 Θεὸν
2414 3837 2545 3913 ὑπὲρ
2589 3836 2774 3893 αὐτοῦ.
2825 3835 3116 3910 Εἶσαχθείς
3159 3835 3250 3890 οὗν
3296 3835 3388 3890 καὶ
3447 3834 3627 3906 αὐτὸς,
3686 3833 3778 3890 καὶ

379 3931 784 4002 illacrymatus
811 3935 918 3986 est.
951 3933 1167 4001 Copres
1195 3945 1334 3985 vero
1367 3945 1570 3985 earum
1627 3929 2021 4002 lacrymarum

2135 3925 2266 3982 ἰδὼν
2319 3927 2410 3982 τὸν
2473 3928 2691 4001 Κόπρην
2751 3926 2944 3998 ἱμάτια
3001 3924 3229 4000 Λαμπρὸ.
3283 3918 3777 4000 περιϐεϐλημένον,

380 4035 618 4074 causam
651 4035 852 4074 casum
885 4035 1058 4073 suum
1112 4034 1241 4073 esse
1299 4034 1652 4089 agnoscens,
1712 4018 1832 4074 alta
1887 4036 2022 4074 voce

2137 4015 2410 4093 ἐδάκρυσε.
2447 4017 2544 4072 Καὶ
2573 4015 2728 4092 γνοὺς
2763 4018 2790 4071 6
2821 4015 3068 4091 Κόπρης,
3103 4015 3183 4070 ὅτι
3217 4012 3288 4070 δι’
3313 4014 3470 4070 αὐτὸν
3529 4013 3779 4086 ἕκλαυσε,

380 4108 636 4163 clamare
669 4107 883 4177 cmpit:
923 4107 1072 4161 l60
1107 4107 1221 4178 Ego
1245 4107 1373 4176 jam
1404 4107 1687 4162 Julianita
1717 4124 1838 4163 non
1872 4125 2022 4176 sum,

2141 4107 2431 4182 ἀνακράξας
2487 4102 2612 4183 ἔφη.
2667 4105 2781 4164 Οὔκ
2835 4103 2910 4160 ἔτι
2972 4104 3085 4178 εἶμῖ
3172 4102 3558 4176 Ἰουλιανίτης,
3635 4105 3783 4161 ἀλλὰ

381 4199 485 4254 sed
517 4199 730 4253 Christi
764 4214 984 4252 servus.
1044 4200 1370 4268 Eapropter
1426 4198 1477 4253 ei
1533 4200 1735 4271 lingua
1792 4199 2023 4254 abscin-

2136 4197 2370 4267 Χριστοῦ
2401 4195 2619 4258 δοῦλος.
2651 4195 2933 4259 Ἐκκοπεὲς
2963 4194 3052 4250 οὗν
3086 4196 3184 4264 τὴν
3241 4193 3515 4270 γλῶσσαν,
3568 4190 3777 4266 ἐϐλήθη

382 4288 562 4352 ditur,
595 4293 772 4359 atque
803 4304 921 4342 una
946 4303 1080 4342 cum
1115 4287 1516 4342 Patermuthio
1571 4288 1630 4342 in
1659 4288 1850 4360 ignem
1886 4305 2024 4344 con-

2139 4284 2318 4340 εἱρπῦ
2458 4285 2536 4326 =‘
2671 4289 2888 4339 τ’Πε
3013 4306 3020 4324 ν
3175 4302 3185 4314 ·
3320 4283 3477 4323 “τ“
3628 4282 3731 4316 ’τ’

2193 4328 2213 4347 .,
2326 4307 2353 4360 ρ
2413 4307 2547 4358 μ.τα
2603 4306 2700 4340 του
2804 4285 3166 4359 ατ-ρμουθίου
3248 4305 3337 4340 και
3408 4281 3524 4339 δων
3583 4305 3781 4346 αυιους

376 4378 622 4451 jicitur:
658 4394 805 4448 quos
828 4393 962 4432 cum
987 4375 1321 4431 Alexander
1343 4375 1413 4431 ab
1437 4377 1569 4449 igne
1590 4377 1833 4432 minime
1858 4378 2018 4433 lassos

2140 4371 2487 4449 Ἀλέξανδρός
2545 4396 2628 4439 τις
2686 4372 2854 4447 μηδὲν
2917 4370 3291 4445 ἀδικηθέντας,
3349 4373 3438 4429 καὶ
3493 4372 3782 4438 πιστεύσας

386 4473 676 4534 cerneret,
712 4467 925 4522 Christi
960 4465 1136 4522 fidem
1187 4465 1516 4537 amplexus,
1563 4483 1682 4521 una
1729 4484 1866 4522 cum
1911 4468 2028 4524 illis

1911 4468 2031 4524 illis
2136 4468 2214 4536 τῷ
2243 4467 2485 4541 Χριστῷ,
2518 4462 2609 4518 σὺν
2643 4462 2825 4524 αὐτοῖς
2858 4462 3065 4538 χαίρων
3098 4461 3525 4540 ἀπεκεφαλίσθη.

387 4559 651 4632 gaudens
681 4557 878 4632 gladio
911 4557 1300 4614 obtruncatus
1332 4562 1440 4612 est.

389 4661 460 4717 Et
515 4668 793 4718 certamen
875 4665 1191 4788 sanctorsapz
1275 4663 1582 4739 martyrum
1665 4660 1920 4717 Bianoris
1980 4665 2031 4715 et

1117 4746 1312 4786 ιυαηι.

2141 4658 2243 4716 Καὶ
2303 4655 2534 4728 ἄθλησις
2589 4662 2697 4714 τῶν
2757 4656 2922 4786 alio?
2989 4657 3291 4748 ’μαρτύρων
3378 4656 3635 4733 Βιάνορος
3689 4656 3781 4712 καὶ

2848 4752 2860 4785 ι
2909 4751 3124 4788 ουανου.

1117 4729 1312 4786 ilvani.

2799 4729 3123 4788 Σιλουάνου.

460 4848 673 4904 Bianor
702 4853 928 4921 martyr
957 4849 1170 4904 Christi
1200 4848 1262 4904 in
1293 4847 1514 4905 Pisidia
1543 4853 1738 4916 natus,
1772 4847 1846 4904 ob
1871 4848 2032 4902 Chri-

2215 4845 2451 4921 Βιάνωρ,
2483 4846 2510 4901 6
2558 4847 2764 4922 μάρτυς
2816 4850 2914 4901 τοῦ
2971 4851 3231 4922 Χριστοῦ,
3289 4847 3355 4918 ἦν
3419 4848 3514 4920 μὶν
3575 4844 3635 4902 ἐκ
3687 4853 3788 4916 τῆς

391 4938 462 4994 sti
483 4937 919 4994 confessionem
941 4955 970 4994 a
994 4939 1302 4995 Severiano
1320 4940 1559 4995 Isauria:
1578 4939 1853 5011 praefecto
1875 4957 2033 4996 com.

2145 4937 2331 5013 χώρας
2366 4933 2630 4999 ΙΙισιδίας.
2665 4937 2761 4992 Διά
2806 4934 2862 4992 δέ
2910 4937 3008 5006 τὴν
3069 4936 3144 5000 εἰς
3193 4937 3422 5011 Χριστὸν
3483 4935 3783 5012 ὁμολογίαν

389 5027 719 5099 prehensus
751 5033 860 5094 est,
891 5027 1229 5099 frustraque
1290 5033 1572 5095 tentatus,
1619 5035 1684 5084 ut
1740 5030 2031 5085 Christum

2145 5028 2438 5101 κρατηθεὶς
2489 5027 2591 5081 ὑπὸ
2639 5022 2976 5099 Σεϐηριανοῦ
3023 5026 3300 5101 ἡγεμόνος
3348 5033 3446 5097 τῆς
3496 5026 3787 5100 Ἰσαυρίας,

393 5117 670 5190 ejuraret,
739 5117 800 5171 in
860 5116 1182 5188 equuleum
1241 5123 1464 5189 raptus,
1533 5118 1770 5191 ungulis
1827 5119 2035 5175 ferreis

2147 5114 2237 5170 καὶ
2307 5115 2655 5191 ἀναγκασθεὶς
2713 5116 3043 5192 ἀρνήσασθαι
3095 5116 3185 5171 τὸν
3245 5117 3500 5192 Χριστὸν,
3557 5116 3648 5171 κάὶ
3710 5116 3787 5188 μὴ

395 5205 712 5262 suavissime
745 5207 1217 5261 excarniﬁcatur.
1252 5207 1378 5261 Mox
1431 5207 1610 5263 etiam
1658 5207 1866 5264 ferreis
1914 5209 2037 5282 glo-

2151 5205 2408 5274 πεισθεὶς,
2468 5205 2774 5281 ἐκρεμάσθη
2819 5205 2906 5262 ἐπὶ
2955 5203 3142 5277 ξύλου,
3185 5205 3274 5261 καὶ
3342 5205 3523 5277 ἐξέσθη
3582 5211 3793 5281 πικρῶς

393 5294 550 5350 bulis
583 5294 976 5350 candentibus
1008 5295 1201 5350 eidem
1235 5295 1576 5351 ustulantur
1615 5297 1831 5359 axillaa.
1885 5298 2035 5354 evel-

2155 5296 2288 5369 μετὰ
2319 5296 2555 5368 σιδηρῶν
2588 5295 2827 5372 ὀνύχων,
2859 5296 2950 5351 καί
2995 5294 3246 5371 σφαίραις
3301 5294 3660 5370 πυρωθείσαις
3711 5315 3783 5350 σι-

395 5383 603 5439 luntur
632 5383 860 5450 dentes,
895 5389 952 5438 et
975 5400 1147 5438 aures
1198 5390 1564 5439 truncantur.
1620 5386 1758 5450 Quae
1803 5403 1937 5443 cum
1969 5388 2037 5442 ab

2153 5383 2346 5461 δηραῖς
2377 5385 2507 5456 ἐκάη
2538 5389 2633 5447 τάς
2669 5384 2982 5460 μασχάλας,
3041 5386 3132 5442 καὶ
3190 5385 3315 5450 τοὺς
3373 5383 3596 5448 ὀδόντας
3647 5384 3793 5463 ἐξερ-

400 5491 468 5530 eo
501 5473 733 5529 fortiter
765 5473 1001 5528 tolerari
1033 5473 1279 5528 vidisset
1299 5473 1470 5528 miles
1493 5474 1732 5546 quidam
1751 5476 2040 5547 Silvanus,

2166 5475 2180 5496 ι
2268 5477 2278 5493 ρ
2482 5476 2495 5492 ι
2567 5475 2579 5492 κ
2630 5477 2657 5494 ν
2769 5476 2781 5494 ς
3060 5476 3071 5497 ν
3123 5475 3163 5492 ,ι
3407 5475 3420 5492 9
3469 5476 3482 5490 ε
3700 5480 3722 5490 -

2155 5477 2382 5552 ριζωθη,
2409 5497 2589 5531 καιτοι
2619 5497 2732 5531 ωτα
2758 5475 3026 5554 αφῃρέθη.
3078 5476 3212 5531 Ιὸων
3261 5474 3316 5531 δὲ
3363 5497 3520 5532 αυτον
3572 5495 3796 5531 τοιαυτα

402 5564 464 5619 in
499 5564 796 5619 Christum
824 5562 1093 5626 credens,
1126 5563 1390 5618 abscissa
1429 5564 1481 5618 ei
1522 5569 1764 5634 repente
1817 5565 2041 5637 lingua,

2157 5565 2497 5637 ὑπομένοντα
2554 5563 2891 5640 στρατιώτης
2948 5586 3029 5626 τις
3091 5563 3391 5628 Σιλουανὸς
3469 5563 3789 5641 λεγόμενος,

406 5670 543 5712 mox
575 5653 753 5711 etiam
784 5653 973 5727 capite
1003 5651 1300 5726 plectitur.
1336 5653 1552 5708 Bianor
1581 5659 1778 5710 autem
1828 5654 2046 5712 multo-

2154 5653 2432 5710 ἐπίστευσε
2458 5658 2539 5727 τῷ
2583 5655 2818 5729 Χριστῷ·
2870 5652 2959 5709 καὶ
3008 5653 3312 5728 παραυτίκα
3356 5653 3445 5709 καὶ
3494 5652 3654 5716 αὐτὸς
3699 5654 3796 5723 τὴν

406 5762 538 5802 rum
570 5745 964 5803 certaminum
997 5743 1197 5812 victor,
1230 5743 1541 5816 perforatis
1575 5742 1729 5812 talis,
1770 5749 1829 5801 et
1879 5751 2046 5804 eruto

2153 5742 2401 5820 γλῶσσαν
2451 5743 2718 5815 ἐκκοπεῖς,
2777 5741 3202 5822 ἀπεκεφαλίσθη.
3253 5745 3313 5802 Ὁ
3363 5741 3420 5798 δὲ
3477 5741 3795 5808 πολύαθλος
