4158 6310
344 386 462 448 533

1867 398 2162 461 JULIUS.

3642 406 3762 465 534

340 519 559 594 Βιάνωρ
589 523 888 597 τρυπηθεὶς
942 523 1070 589 τοὺς
1127 526 1522 603 ἀστραγάλους,
1552 529 1643 584 καὶ
1699 531 1790 585 τὸν
1823 527 1969 600 δεξιὸη

2105 530 2276 588 oculo
2309 533 2572 600 dextero,
2602 531 2984 603 detractaque
3031 533 3241 604 capitis
3271 537 3425 602 cute,
3459 535 3523 589 in
3555 551 3758 593 carce-

343 606 632 698 dppalpov
694 611 1027 688 ἐξορυχθείς,
1085 614 1178 672 καὶ
1233 619 1295 672 τὸ
1354 615 1527 694 δέρμα
1595 625 1695 689 τῆς
1747 617 1995 698 κεφαλῆς

341 695 614 774 ἐκδαρείς,
645 700 976 775 ἀπεκλείσθη
1012 704 1088 769 είς
1128 708 1398 784 φυλακήν.
1452 707 1558 766 Καὶ
1615 712 1684 783 τῇ
1743 695 1998 783 ἐπαύριον

345 789 537 862 μικρὸν
596 785 675 846 ἔτι
734 792 1008 867 ἐμπνέων,
1066 792 1358 868 ἐκϐληθεὶς
1413 805 1514 868 τῆς
1570 797 1844 877 φυλακῆς,
1903 800 1996 856 καὶ

345 877 746 952 βασταζόμενος
777 881 880 938 ὑπὸ
911 889 1018 940 τῶν
1065 883 1311 959 δημίων,
1344 887 1779 968 ἀπεκεφαλίσθη.

451 995 547 1051 Καὶ
573 996 804 1068 ἄθλησις
832 999 928 1056 τοῦ
972 1002 1131 1078 ἁγίου
1166 1003 1444 1080 μάρτυρος
1478 1003 1885 1064 Ἀπολλωνίου.

413 1111 469 1165 Ὀ
496 1118 594 1168 τοῦ
639 1118 876 1188 Χριστοῦ
932 1118 1137 1194 μάρτυς
1199 1119 1606 1192 Ἀπολλώνιος,
1661 1123 1727 1192 ἧν
1786 1123 1880 1198 μὶν
1937 1124 1996 1181 ἐκ

346 1205 442 1270 τῆς
472 1205 660 1278 χώρας
687 1203 906 1276 Λυδίας,
941 1208 1158 1272 πόλεως
1219 1208 1491 1286 Σάρδεων
1546 1214 1882 1289 περιήρχετο
1937 1211 1993 1270 δὲ

346 1294 512 1346 πᾶσαν
571 1293 734 1349 πόλιν
788 1297 878 1351 καὶ
928 1297 1115 1374 χώραν
1177 1297 1447 1356 διδάσκων
1519 1303 1611 1358 τὸν
1667 1303 1832 1379 λόγον
1891 1307 1989 1372 τῆς

346 1380 620 1454 ἀληθείας,
644 1385 731 1440 καὶ
763 1387 1010 1452 πολλοὺς
1040 1395 1148 1446 τῶν
1208 1392 1449 1448 ἀπίστων
1509 1393 1844 1472 ἐπιστρέφων
1902 1393 1989 1450 ἐπὶ

343 1473 428 1526 τὸν
491 1474 707 1544 Κύριον.
759 1482 1173 1552 Καταμηνυθεὶς
1234 1481 1325 1536 οὖν
1379 1483 1524 1558 παρά
1581 1489 1688 1539 τῶν
1748 1483 1988 1542 εἰδωλο-

345 1558 553 1651 λατρῶν
581 1569 661 1637 τῷ
692 1573 792 1637 τῆς
820 1566 1042 1632 πόλεως
1074 1572 1308 1626 Ἰκονίου
1351 1573 1606 1648 ἄρχοντι,
1658 1578 1986 1651 κατεσχέθη’

341 1652 429 1706 καὶ
482 1649 710 1728 δέσμιος
741 1659 954 1734 ἀχθεὶς,
987 1663 1322 1734 παρέστησεν
1354 1661 1586 1720 ἐνώπιον
1645 1665 1831 1722 αὐτοῦ.
1889 1667 1986 1722 Καὶ

342 1742 658 1815 ἐρωτηθεὶς,
726 1744 924 1803 δοῦλον
1003 1749 1247 1826 Χριστοῦ
1332 1754 1521 1809 ἑαυτὸν
1599 1754 1984 1832 ὡμολόγησεν.

339 1832 500 1889 Ὀθεν
536 1832 888 1911 ἀναγκασθεὶς
921 1837 998 1901 είς
1057 1841 1158 1909 τήν
1185 1841 1362 1916 τύχην
1411 1847 1509 1898 τοῦ
1544 1841 1815 1920 βασιλέως
1847 1845 1988 1918 ὀμό-

2103 638 2225 677 rem
2249 622 2617 679 detruditur:
2641 627 2876 695 postero
2899 627 3096 679 autem
3119 622 3215 678 die
3237 621 3430 679 adhuc
3452 624 3757 697 paulisper

2105 713 2359 785 Spirans,
2389 729 2420 768 e
2450 713 2718 769 custodia
2738 711 3006 781 eductus,
3033 717 3091 768 et
3121 728 3154 768 a
3184 712 3491 769 lictoribus
3523 715 3755 771 succol-

2102 801 2278 870 latus,
2312 802 2504 875 capite
2533 801 2940 858 obtruncatur.

2315 994 2386 1048 Et
2416 997 2691 1046 certamen
2720 991 2899 1046 sancti
2935 992 3194 1060 martyris
3226 989 3534 1061 Apollonii.

2171 1100 2388 1171 Martyr
2419 1099 2631 1154 Christi
2662 1098 3014 1171 Apollonius
3036 1098 3316 1154 Sardibus
3346 1098 3407 1154 in
3440 1099 3619 1172 Lydia
3652 1117 3753 1158 na-

2100 1194 2216 1255 tus,
2257 1207 2466 1246 omnes
2496 1188 2675 1244 urbes
2733 1195 2790 1244 et
2843 1189 3115 1261 regiones
3147 1190 3658 1258 circumlustrans,
3692 1197 3752 1248 et

2097 1279 2359 1335 veritatis
2391 1296 2726 1335 sermonem
2749 1278 2993 1342 ducens,
3013 1279 3350 1350 complures
3381 1280 3652 1337 inﬁdeles
3674 1282 3748 1337 ad

2097 1370 2415 1424 Dominum
2433 1370 3070 1425 convertit.Accusatus
3088 1369 3308 1424 idcirco
3332 1370 3404 1424 ab
3421 1370 3750 1426 idololatris

2095 1461 2332 1531 przesidi
2370 1461 2570 1525 iconii,
2630 1461 3096 1532 comprehensus
3151 1461 3503 1532 vinctusque
3553 1460 3748 1516 eidem

2097 1551 2343 1606 sistitur.
2380 1556 2643 1621 Cumque
2673 1550 3091 1622 interrogatus,
3140 1567 3202 1606 se
3247 1550 3463 1605 Christi
3515 1567 3746 1606 servum

2095 1639 2402 1696 confessus
2433 1643 2607 1706 esset,
2643 1639 2987 1711 compulsus
3018 1655 3127 1712 per
3156 1639 3457 1695 fortunam
3489 1640 3748 1712 impera-

2095 1729 2241 1785 toris
2281 1730 2510 1801 jurare,
2561 1728 3028 1800 haudquaquam
3075 1728 3166 1784 fas
3213 1745 3366 1798 esse,
3416 1728 3742 1801 respondit,

2094 1835 2199 1892 per
2228 1819 2539 1874 mortalem
2559 1818 2784 1890 jurare,
2809 1835 2876 1874 ac
2899 1818 3230 1889 praesertim
3254 1835 3389 1874 cum
3412 1817 3512 1874 ille
3536 1817 3742 1874 mundi

342 1942 450 1991 σαι,
481 1921 606 2001 ἔφη,
643 1907 717 1997 μὴ
753 1928 888 1982 εἶναι
919 1907 1142 2002 θεμιτὸν
1177 1907 1518 2007 εἶςηβασιλέα
1544 1907 1796 2007 ’ὀμνύειν
1849 1907 1969 2006 θνη-

2092 1914 2419 1964 creatorem
2446 1910 2630 1964 Deum
2652 1925 2772 1963 non
2796 1913 3094 1982 agnoscat.
3121 1909 3254 1964 Haac
3276 1907 3530 1975 locutus,
3547 1910 3745 1980 praasi-

339 2013 453 2084 τὸν,
482 2013 573 2068 καὶ
609 2013 846 2088 μάλιστα
873 2017 966 2074 τὸν
1001 2020 1076 2093 μὴ
1109 2020 1537 2097 ἐπιγινώσκοντα
1589 2025 1679 2079 τὸν
1738 2027 1977 2096 ποιητὴν

333 2107 431 2157 τοῦ
459 2102 672 2176 κόσμου
715 2108 868 2164 Θεόν.
928 2111 1111 2166 Ταῦτα
1177 2110 1367 2182 εἰπὼν,
1423 2116 1492 2187 τῇ
1551 2114 1837 2188 προστάξει
1881 2119 1978 2171 τοῦ

335 2191 604 2270 ἄρχοντος
654 2194 854 2271 ἐτύφθη
913 2198 1187 2275 σφοδρῶς,
1245 2202 1334 2257 καὶ
1391 2203 1715 2279 κρεμασθεῖς
1753 2204 1838 2260 ἐπὶ
1897 2204 1980 2278 ξύ-

332 2281 456 2353 λου,
490 2284 579 2339 καὶ
611 2283 862 2361 σιδηροῖς
891 2286 1054 2357 ἥλοις
1099 2291 1464 2364 καθηλωθεὶς,
1521 2295 1585 2349 τὸ
1632 2299 1844 2367 πνεῦμα
1898 2299 1977 2368 τῷ

328 2377 446 2444 Θεῷ
475 2373 760 2448 παρέθετο.
794 2377 895 2433 Καὶ
926 2378 1069 2434 οὕτω
1110 2380 1202 2435 τὸν
1259 2386 1355 2436 τοῦ
1419 2383 1716 2457 μαρτυρίου
1772 2382 1976 2460 δρόμον

323 2463 570 2531 τελέσας,
603 2460 845 2521 ἀπέλαϐε
870 2469 968 2538 τὴν
1000 2474 1108 2524 τῶν
1145 2470 1388 2546 οὐρανῶν
1424 2473 1724 2548 βασιλείαν.

395 2553 501 2609 Καὶ
533 2557 726 2629 μνήμη
779 2561 888 2612 τῶν
953 2559 1161 2635 μυρίων
1224 2562 1391 2637 ἁγίων
1447 2565 1698 2637 Πατέρων
1753 2570 1860 2621 τῶν
1919 2565 1970 2622 ἐν

322 2649 438 2706 τοῖς
466 2644 764 2716 σπηλαίοις
788 2647 1026 2705 καέντων
1075 2653 1165 2706 καὶ
1223 2654 1514 2729 πνιγέντων
1589 2656 1734 2729 παρὰ
1790 2657 1975 2734 Θεοφί-

326 2731 429 2790 λου
480 2734 808 2822 Αέπισκόπου
891 2739 1306 2818 Ἀλεξανδρείας
1393 2742 1482 2800 διὰ
1544 2743 1819 2822 Ἰσίδωρον
1878 2731 1968 2802 τὸν

324 2819 712 2902 πρεσϐύτερον.

896 2931 1078 2989 MHNI
1105 2933 1197 3011 To
1231 2935 1403 2990 Al‘TQ

1108 3030 1131 3085 Ι
1139 3031 1188 3085 E’

397 3112 668 3184 ’Ἃθλησις
699 3119 807 3170 τῶν
842 3117 1006 3195 ᾁγίων
1044 3119 1125 3191 με’
1157 3119 1463 3195 μαρτύρων,
1497 3121 1604 3178 τῶν
1648 3122 1699 3179 ἐν
1730 3125 1897 3181 Νικο-

797 3188 958 3244 πόλει
996 3188 1480 3266 μαρτυρησάντων.

2091 1999 2182 2053 dis
2205 2000 2378 2069 jussu
2426 1998 2771 2071 gravissime
2819 1998 3104 2053 caeditur:
3153 2015 3288 2053 mox
3329 1997 3390 2053 in
3423 1998 3743 2070 equuleum

2089 2094 2275 2156 actus,
2333 2094 2393 2144 et
2442 2088 2652 2143 ferreis
2712 2088 2856 2143 161
2926 2088 3104 2142 clavis
3144 2088 3434 2154 conﬁxus,
3468 2087 3743 2160 spiritum

2089 2180 2206 2234 Deo
2257 2178 2517 2234 reddidit
2561 2195 2575 2234 :
2635 2183 2812 2250 atque
2877 2178 2960 2232 ita
3011 2184 3422 2234 consummato
3478 2179 3746 2252 martyrii

2088 2285 2287 2339 cursu,
2319 2268 2557 2325 cmleste
2587 2284 2837 2342 regnum
2868 2267 3117 2340 adeptus
3149 2271 3256 2323 est.

2154 2542 2229 2594 Et
2281 2537 2766 2593 commemoratio
2825 2536 3354 2593 innumerabilium
3396 2542 3739 2594 sanctorum

2085 2629 2349 2694 Patrum,
2413 2628 2514 2698 qui
2571 2628 2634 2681 in
2691 2625 2991 2697 speluncis
3069 2626 3385 2692 combusti,
3468 2628 3736 2683 suilocati

2087 2723 2226 2772 sunt
2253 2733 2287 2771 a
2315 2717 2639 2788 TheOphilo
2662 2716 3034 2771 Alexandriaa
3062 2716 3342 2790 episcopo
3365 2722 3608 2790 propter
3631 2718 3737 2773 lsi-

2086 2805 2294 2862 dorum
2328 2805 2764 2878 presbyterum.

2643 2922 2884 2978 EODEM
2924 2921 3177 2978 MENSE.

2717 3021 2819 3077 Die
2879 3021 3109 3078 decima

2086 3112 2375 3169 Certamen
2401 3117 2715 3170 sanctorum
2745 3112 3126 3183 quadraginta
3153 3114 3399 3184 quinque
3428 3118 3737 3183 martyrum

2401 3187 2501 3255 qui
2528 3185 2777 3256 Nicopoli
2822 3185 3152 3256 martyrium
3181 3185 3412 3240 subiere.

394 3301 462 3357 Οἱ
518 3303 910 3374 τεσσαράκοντα
965 3305 1123 3360 πέντε
1201 3311 1298 3362 τοῦ
1383 3313 1618 3384 Χριστοῦ
1701 3310 1965 3387 μάρτυρες

2149 3304 2420 3376 Quinque
2454 3309 2511 3358 et
2531 3301 2923 3377 quadraginta
2953 3303 3167 3359 Christi
3200 3307 3491 3373 martyres
3510 3302 3731 3358 Licinio

325 3388 578 3465 ὑπῆρχον
612 3390 696 3446 ἐπὶ
721 3399 820 3461 τῆς
861 3393 1140 3468 βασιλείας
1197 3399 1495 3467 Λικιννίου,
1553 3402 1642 3455 καὶ
1698 3407 1797 3468 τῆς
1839 3406 1964 3479 ἡγε-

325 3477 515 3550 μονίας
575 3479 796 3535 Λυσίου·
857 3483 932 3537 ὧν
1013 3483 1246 3561 ἐξῆρχον
1307 3487 1582 3559 Λεόντιος,
1643 3477 1963 3568 Μαυρίκιος,

319 3569 549 3638 Δανιὴλ,
582 3569 673 3624 καὶ
719 3573 1032 3636 Ἀντώνιος.
1094 3577 1456 3648 Κρατηθέντες
1489 3580 1578 3634 οὗν
1624 3583 1961 3655 παρέστησαν

317 3661 397 3729 τῷ
449 3655 603 3712 δουκῖ
662 3659 830 3732 Λυσίᾳ
887 3659 938 3716 ἐν
1002 3663 1300 3720 Νικοπόλει
1356 3673 1455 3734 τῆς
1487 3670 1799 3742 Ἀρμενίας.
1860 3673 1960 3728 Καὶ

318 3746 410 3800 τὸν
449 3748 542 3819 μὲν
568 3750 803 3823 Χριστὸν
839 3751 1310 3826 ὁμολογήσαντες,
1369 3757 1437 3811 τὰ
1495 3753 1551 3811 δὲ
1611 3755 1815 3814 εἴδωλα
1847 3757 1964 3816 δια-

319 3843 636 3908 πτύσαντες,
664 3841 972 3916 τυφθέντες,
1006 3842 1094 3897 καὶ
1135 3842 1312 3906 λίθοις
1373 3841 1738 3920 συντριϐέντες
1790 3850 1856 3904 τά
1906 3872 1964 3906 τε

321 3927 565 4017 στόματα
594 3929 684 3983 καὶ
726 3929 793 4017 τά
832 3931 1122 4003 πρόσωπα,
1179 3932 1609 4006 ἀπεκλείσθησαν
1664 3937 1739 4000 εἰς
1796 3939 1963 4017 φυλα-

317 4017 441 4085 κήν,
473 4014 562 4071 ἐπὶ
619 4016 862 4081 πολλαῖς
923 4022 1157 4095 ἡμέραις
1210 4023 1385 4078 ἄσιτοι
1434 4014 1818 4099 διαμένοντες.-
1858 4031 1958 4086 Καὶ

320 4103 522 4166 ἰδόντες
553 4107 652 4177 τήν
713 4106 886 4162 αὐτῶν
943 4110 1226 4186 καρτερίαν
1311 4113 1364 4167 οἱ
1418 4118 1710 4188 τηροῦντες
1767 4116 1961 4183 αὐτοὺς

316 4199 664 4284 στρατιῷται,
699 4197 1010 4254 ἐπίστευσαν
1033 4204 1110 4271 τῷ
1141 4202 1380 4276 Χριστῷ.
1444 4204 1574 4259 Εἶτα
1627 4208 1726 4270 τῆς
1786 4205 1956 4284 φυλα-

311 4291 414 4354 κῆς
443 4279 816 4357 ἐκϐληθέντες,
847 4288 936 4342 καὶ
985 4288 1051 4344 τά
1108 4289 1275 4360 σκέλη
1331 4289 1612 4348 πελέκεσιν
1653 4279 1957 4352 ἀποκοπέν·

313 4395 420 4440 τες,
467 4376 519 4428 ol
578 4376 671 4449 μὶν
732 4375 841 4447 ἤδη
886 4379 1229 4449 τεθνηκότες,
1261 4381 1314 4436 οἱ
1361 4377 1420 4436 δὲ
1474 4377 1550 4438 ἔτι
1609 4381 1954 4458 ἐμπνέοντες,

313 4464 388 4526 εἰς
418 4465 649 4538 κάμινον
679 4467 850 4542 πυρὸς
905 4462 1294 4541 ἐμϐληθέντες,
1345 4468 1763 4544 ἐτελειώθησαν,
1819 4475 1958 4532 ἀπο-

312 4549 572 4618 λαϐόντες
620 4557 719 4625 τὴν
759 4558 1176 4630 ἡτοιμασμένην
1235 4559 1420 4624 αὐτοῖς
1478 4563 1585 4635 πρὸ
1641 4560 1955 4638 καταϐολῆς

312 4643 523 4719 κόσμου
548 4646 692 4722 παρᾶ
721 4651 954 4722 Χριστοῦ
982 4646 1244 4704 ἀθάνατον
1293 4648 1594 4725 βασιλείαν.

847 4773 1032 4831 MIINI
1073 4777 1164 4832 ΤΩ
1205 4778 1409 4835 ΑΥΤΩ.

1086 4866 1108 4921 Ι
1163 4866 1174 4882 .

487 4949 759 5024 ..Αθλησις
805 4950 903 5008 τοῦ
947 4872 1407 5030 ἁγίουῖιάρτυρος
1435 4958 1771 5034 Μαρκιανοῦ.

376 5096 688 5170 Μαρκιανὸς
744 5097 771 5151 ὁ
829 5101 926 5152 τοῦ
985 5103 1221 5174 Χριστοῦ
1299 5101 1524 5176 μάρτυς,
1588 5103 1832 5181 ὑπῆρχεν
1893 5106 1951 5163 ἐκ

303 5191 406 5254 τῆς
437 5184 654 5250 πόλεως
682 5187 930 5245 Ἰκονίου.
959 5185 1094 5250 Νέος
1151 5185 1207 5243 δὲ
1263 5185 1337 5244 ὤν
1389 5188 1652 5268 ἐδιδάχθη
1713 5196 1812 5264 τὴν
1872 5195 1950 5259 εἷς

301 5279 541 5348 Χριστὸν
570 5277 769 5337 πίστιν.
832 5278 935 5334 Καὶ
999 5279 1312 5372 βαπτξσθεὶς
1362 5280 1625 5356 ἐκήρυσσε
1687 5286 1780 5358 μὲν
1848 5295 1948 5357 τήν

301 5362 589 5435 ἀλήθειαν,
622 5365 837 5442 ἤλεγχε
870 5363 925 5422 δὲ
979 5361 1238 5436 τῆν’τῶν
1294 5367 1540 5426 εἰδώλων
1591 5375 1802 5446 ἀπάτην
1858 5377 1948 5432 καὶ

298 5455 398 5523 τὴν
447 5455 740 5526 ἀσθένειαν,
800 5458 889 5511 καὶ
948 5456 1075 5520 τοὺς
1137 5455 1545 5522 εἰδωλολάτοας
1601 5461 1942 5539 ἐπεστόμιζε.

303 5545 606 5619 Κρατηθεὶς
667 5545 758 5600 οὗν
817 5547 908 5602 ὑπ’
966 5546 1164 5618 αὐτῶν,
1217 5547 1491 5623 παρεδόθη
1551 5557 1632 5626 τῷ
1693 5552 1943 5631 ἄρχοντι.

305 5634 405 5691 Καὶ
467 5632 544 5697 εἷς
602 5632 832 5706 ἐξέτασιν
919 5636 1132 5713 ἀχθεὶς,
1215 5639 1571 5713 ἠναγκάζετο,
1648 5644 1782 5698 ποτε
1851 5647 1944 5718 μὲν

307 5724 632 5801 ὑποσχέσεσι
692 5728 933 5804 φθαρτῆς
1010 5727 1101 5781 καὶ
1158 5727 1492 5804 προσκαίρου
1567 5735 1758 5805 τιμῆς,
1817 5737 1947 5791 ποτὶ

2073 3394 2432 3466 imperatore
2490 3398 2548 3448 et
2597 3393 2767 3466 Lysia
2823 3393 3075 3465 praeside
3124 3392 3489 3459 claruernut,
3513 3391 3729 3462 quibus

2073 3490 2367 3556 praeerant
2397 3484 2695 3552 Leontius,
2725 3485 3060 3552 Mauricius,
3094 3483 3302 3539 Daniel
3330 3487 3388 3538 et
3419 3483 3724 3538 Antonius.

2073 3573 2498 3643 Comprehensi
2523 3589 2679 3644 ergo,
2705 3573 2970 3644 Nicopoli
2996 3574 3058 3626 in
3081 3573 3357 3627 Armenia
3381 3572 3562 3643 Lysia}
3589 3571 3724 3626 duci

2073 3661 2409 3727 sistuntur;
2443 3661 2544 3732 qui
2579 3661 2866 3716 christum
2899 3661 3272 3728 conﬁtentes,
3308 3667 3366 3716 et
3391 3660 3550 3716 idola
3580 3677 3725 3716 cono

2073 3755 2374 3820 spuentes,
2399 3749 2742 3804 verberibus
2763 3750 3019 3820 primum
3044 3750 3353 3804 caaduntur
3378 3767 3391 3804 :
3414 3767 3550 3805 mox
3572 3749 3725 3823 lapi-

2073 3837 2246 3893 dibus
2277 3855 2342 3893 os
2373 3843 2430 3893 et
2467 3838 2648 3892 facies
2682 3838 2767 3893 eis
2816 3837 3296 3894 contunduntur:
3328 3845 3626 3910 postremo
3659 3839 3722 3895 in

2070 3927 2400 3982 custodiam
2432 3926 2850 3983 detruduntur.
2884 3928 3029 3982 Cum
3066 3943 3202 3982 vero
3237 3944 3340 3999 per
3365 3927 3564 3999 plures
3597 3927 3723 3985 dies

2069 4015 2197 4071 sine
2230 4015 2360 4071 cibo
2408 4015 2794 4082 mansissent,
2849 4016 3085 4089 cognita
3145 4033 3350 4072 eorum
3391 4019 3727 4074 constantia

2067 4105 2290 4161 milites
2320 4106 2574 4162 carceris
2624 4106 2922 4173 custodes,
2972 4106 3188 4162 Christi
3233 4105 3410 4162 ﬁdem
3444 4125 3722 4180 suscepe-

2068 4200 2228 4249 runt.
2289 4197 2430 4250 Post
2486 4213 2516 4249 e
2575 4196 2845 4251 custodia
2903 4195 3131 4251 eductis
3189 4213 3365 4251 crura
3416 4197 3722 4253 securibus

2066 4288 2458 4339 truncantur:
2483 4289 2540 4338 et
2560 4285 2844 4339 continuo
2867 4284 2968 4340 alii
3001 4283 3241 4356 quidem
3271 4287 3544 4340 exstincti
3570 4306 3584 4352 ;
3619 4285 3722 4340 alii

2067 4388 2203 4427 vero
2223 4371 2415 4428 adhuc
2437 4373 2732 4446 spirantes
2753 4372 2812 4428 in
2837 4373 3145 4430 ardentem
3167 4373 3468 4428 fornacem
3492 4374 3719 4446 injecti,

2068 4463 2464 4520 consummati
2515 4467 2675 4532 sunt,
2725 4463 3088 4536 accipientes
3137 4467 3408 4536 paratum
3439 4461 3552 4516 sibi
3584 4467 3719 4518 ante

2069 4551 2275 4609 mundi
2336 4552 2824 4610 constitutionem
2865 4569 2899 4608 a
2945 4552 3176 4608 Christo
3234 4549 3568 4606 immortale
3625 4567 3720 4606 re-

1985 4645 2034 4712 D
2063 4657 2266 4715 gnum.

2645 4769 2887 4825 EODEM
2925 4766 3157 4824 MENSE

2707 4857 2810 4913 Die
2842 4856 3072 4913 decima

2242 4945 2396 5003 102
2428 4946 2712 5006 Certamen
2740 4948 2919 5002 sancti
2949 4947 3203 5016 mrrtyris
3240 4945 3532 5003 Marciani.

2133 5098 2352 5170 Martyr
2407 5098 2621 5154 Christi
2675 5099 3005 5156 Marcianus
3035 5099 3226 5171 patria
3265 5097 3613 5165 Iconiensis,
3640 5088 3713 5154 ab

2063 5185 2464 5243 adolescentia
2508 5187 2686 5244 {idem
2737 5189 2952 5244 Christi
3002 5188 3246 5245 edoctus
3279 5193 3338 5244 et
3364 5187 3711 5260 baptizatus,

2059 5277 2364 5331 veritatem
2413 5277 2792 5349 praedicabat,
2853 5284 2911 5333 et
2967 5278 3263 5334 idolorum
3301 5276 3712 5348 deceptionem

2059 5371 2650 5446 imbecillitatemque
2682 5376 3063 5450 redarguens,
3100 5375 3444 5432 idololatras
3477 5375 3715 5430 convin-

2058 5460 2244 5516 cebat.
2266 5461 2351 5517 Ab
2373 5463 2493 5519 illis
2517 5464 2736 5522 idcirco
2759 5466 3248 5538 comprehensus,
3275 5464 3511 5536 praesidi
3539 5463 3713 5520 tradi-

2057 5566 2214 5630 tur,a
2243 5580 2358 5634 quo
2391 5565 2702 5636 quaestioni
2736 5566 3060 5638 subjectus,
3095 5563 3564 5636 compellebatur
3594 5579 3710 5633 qua

2056 5667 2255 5705 rerum
2287 5653 2644 5710 caducarum
2668 5662 2844 5726 atque
2879 5654 3219 5726 temporarii
3254 5653 3496 5707 honoris
3527 5651 3701 5720 polli-

2057 5739 2458 5808 citationibus,
2511 5760 2628 5814 qua
2676 5744 2874 5811 minis,
2931 5759 3146 5817 negare
3196 5743 3489 5798 Christum
3523 5745 3701 5811 atque
