4158 6310
435 417 553 477 535
1721 416 2155 480 MENOLOGII
2200 422 2401 484 PARS
2445 427 2555 488 III.
3723 423 3846 485 536

433 547 611 604 idolis
641 546 974 601 immolare.
1009 545 1274 614 Cumque
1298 549 1542 615 negaret
1563 560 1624 599 se
1647 545 1706 600 id
1735 547 2079 604 commissu-

2203 549 2260 607 δὲ
2289 553 2563 629 ἀπειλαῖς,
2618 558 2949 630 ἀρνήσασθαι
3011 555 3105 629 μὲν
3153 555 3248 609 τὸν
3279 554 3543 629 Χριστὸν,
3576 558 3730 619 θῦσαι
3789 552 3852 610 δὶ

432 654 588 703 rum,
623 641 681 692 et
710 634 982 706 praasidis
1032 633 1187 687 dicto
1238 631 1484 686 minime
1524 634 1950 704 acquiesceret,
1986 639 2079 694 sed

2196 648 2312 706 τοῖς
2365 642 2638 707 εἰδώλοις.
2694 648 2783 713 Μή
2844 644 3082 709 πεισθεὶς
3131 642 3188 698 δὶ
3241 648 3364 705 τοῖς
3416 648 3514 698 τοῦ
3573 644 3845 719 ἄρχοντος

433 727 629 799 potius
660 740 857 780 coram
891 722 1110 793 populo
1133 721 1433 774 Christum
1461 722 1868 792 confiteretur,
1901 742 2079 782 caesus

2199 731 2406 808 λόγοις,
2463 735 2609 791 ἀλλά
2670 735 2882 809 μᾶλλον
2942 734 3172 790 ἐνώπιον
3221 731 3404 806 δήμου
3459 733 3552 789 τὸν
3603 734 3840 809 Χριστὸν

431 816 494 872 in
524 829 822 871 carcerem
850 808 1207 866 detruditur.
1235 810 1361 863 Mox
1387 809 1616 865 vinctus
1647 811 1786 868 inde
1818 813 2079 882 eductus,

2197 819 2572 899 ὁμολογήσας,
2626 808 2842 901 τυφθεὶς
2895 823 3226 894 ἀπεκλείσθη
3287 823 3364 885 εἰς
3410 808 3682 900 φυλακήν.
3735 823 3842 879 Καὶ

431 922 640 962 rursus
671 900 910 974 praesidi
946 899 1213 955 sistitur:
1249 916 1502 971 cumque
1531 901 1591 956 in
1625 902 1831 957 eadem
1865 904 2079 961 confes-

2201 911 2334 982 μετὰ
2361 917 2524 968 τοῦτο
2582 899 2981 990 τῆς-φυλακῆς
3043 910 3265 985 δέσμιος
3313 911 3570 984 ἐξελθὼν,
3618 913 3708 968 καὶ
3762 917 3848 985 τῷ

436 995 602 1050 sione
625 991 988 1065 persisteret,
1011 988 1165 1044 ferro
1190 989 1371 1045 facies
1403 991 1532 1060 ejus
1551 990 1903 1062 depectitur,
1925 994 2079 1048 nervi

2194 996 2428 1074 ἄρχοντι
2477 988 2779 1078 παραστάς,
2831 1002 2921 1057 καὶ
2979 1004 3077 1072 τῆς
3129 1002 3299 1072 αὐτῆς
3359 1001 3664 1075 ὁμολογίαις
3714 1001 3846 1077 ἐχό-

429 1080 893 1146 interciduntur,
954 1083 1012 1133 et
1058 1077 1253 1150 gladio
1310 1077 1510 1150 lingua
1541 1086 1865 1152 amputata,
1912 1100 2079 1154 super

2198 1109 2378 1161 μενος,
2413 1089 2595 1163 ἐξέσθη
2657 1093 2719 1147 τὸ
2779 1093 3072 1166 πρόσωπον
3133 1089 3403 1166 σιδήροιςο
3452 1092 3540 1146 καὶ
3584 1093 3652 1146 τὰ
3679 1096 3843 1163 νεῦρα

430 1171 708 1226 ardentes
729 1168 1018 1224 carbones
1037 1168 1376 1239 deponitur.
1399 1169 1706 1225 Postremo
1732 1169 2083 1240 decollatus,

433 1258 703 1330 martyrii
733 1273 976 1313 cursum
1009 1255 1463 1312 consummavit.

499 1559 568 1614 Et
593 1555 865 1612 memoria
907 1553 1574 1678 miraculihceteberrima:
1613 1556 1877 1625 martyris
1901 1556 2012 1610 Eu-

1127 1642 1164 1678 υ
1209 1639 1386 1678 emtas.

1122 1639 1386 1695 pnemw.

503 1743 828 1802 Theodosio
853 1743 1095 1816 juniore
1155 1742 1506 1814 imperante,
1542 1741 1763 1815 prodiit
1790 1743 2083 1816 Eutyches

433 1834 759 1890 monachus
791 1838 850 1889 et
887 1833 1217 1906 presbyter,
1264 1831 1560 1888 haereseos
1604 1837 1829 1900 auctor,
1862 1833 2082 1889 docens

2197 1174 2447 1249 διεκόπη,
2478 1179 2566 1234 καὶ
2592 1181 2663 1252 τῇ
2695 1180 2940 1257 μαχαίρᾳ
2967 1183 3065 1250 την
3126 1179 3380 1256 γλῶσσαν
3440 1179 3692 1251 ἐξεκόπη,
3749 1183 3842 1237 καὶ

2194 1265 2282 1321 ἐπὶ
2368 1265 2606 1346 ἐσχάρας
2661 1271 3165 1347 πεπυρακτωμένης
3246 1271 3421 1340 ἐτέθη.
3510 1271 3610 1325 Καὶ
3680 1266 3843 1333 τέλος

2193 1355 2328 1433 ξίφει
2358 1361 2460 1429 τήν
2509 1361 2755 1438 κεφαλὴν
2815 1363 3180 1436 ἀποτμηθεὶς,
3240 1364 3328 1418 τὸν
3385 1367 3484 1418 τοῦ
3539 1362 3840 1440 μαρτυρίου

2193 1442 2398 1522 δρόμον
2427 1447 2765 1526 ἐπλήρωσεν.

2192 1561 2296 1619 Καὶ
2327 1562 2625 1638 ἀνάμνησις
2652 1572 2748 1622 τοῦ
2777 1569 3062 1645 γεγονότος
3093 1568 3368 1645 θαύματος
3400 1576 3501 1640 τῆς
3556 1570 3839 1645 πανιυφήο

2619 1660 2725 1712 μου
2759 1640 3030 1717 μάρτυρος
3095 1640 3248 1720 Εύφη
3261 1640 3406 1715 μίας.

2263 1752 2385 1810 Ἐπὶ
2409 1761 2508 1824 τῆς
2542 1755 2819 1830 βασιλείας
2875 1755 3162 1814 Θεοδοσίου
3215 1761 3434 1834 μικροῦ,
3468 1757 3723 1833 Εὐτυχής
3749 1779 3840 1820 τις

2193 1841 2436 1917 μοναχὸς
2466 1844 2556 1898 καὶ
2612 1843 2978 1922 πρεσϐύτερος
3007 1848 3224 1923 γέγονεν
3277 1847 3532 1922 αἱρέσεως
3565 1847 3838 1923 ἀρχηγὸς,

429 1923 661 1981 Christo
698 1925 945 1980 Domino
978 1929 1180 1978 nostro
1213 1938 1394 1978 unam
1424 1928 1700 1979 naturam
1732 1925 1948 1980 inesse.
1983 1925 2079 1978 Se-

2190 1925 2361 2004 λέγων
2421 1932 2508 1987 ἐπὶ
2563 1935 2794 2009 Χριστοῦ
2849 1936 3048 2013 Κυρίου
3106 1939 3268 2010 ἡμῶν
3327 1935 3456 2010 μίαν
3486 1936 3664 2012 φύσιν.
3697 1941 3840 2002 Καθ-

429 2021 700 2089 gregatus
752 2013 974 2069 idcirco
1025 2030 1056 2068 e
1107 2012 1376 2067 fidelium
1431 2013 1853 2070 communione
1889 2015 2083 2069 aFla—

436 2105 605 2162 viano
637 2105 1295 2176 Constantinopolitano
1345 2104 1700 2176 patriarcha,
1734 2121 1854 2160 non
1887 2111 2085 2160 tamen

435 2195 686 2253 cessavit
714 2194 1035 2250 Ecclesiam
1063 2193 1430 2266 perturbare.
1451 2195 1594 2249 Cum
1616 2200 1814 2249 autem
1847 2199 2087 2250 sanctus

437 2285 766 2340 Marcianus
813 2283 1131 2355 imperium
1171 2283 1420 2354 adeptus
1451 2283 1745 2355 synodum
1777 2288 2085 2339 sexcento-

435 2390 567 2429 rum
593 2391 661 2429 ac
692 2373 932 2445 triginta
961 2374 1204 2428 Patrum
1225 2377 1624 2437 convocasset,
1652 2378 1711 2428 et
1731 2389 1867 2428 cum
1897 2372 2089 2428 haare-

433 2462 565 2519 ticis
594 2462 1044 2533 disceptaretur,
1077 2461 1300 2533 placuit
1339 2461 1651 2525 universis,
1685 2460 1834 2516 duos
1873 2467 2086 2529 tomos,

433 2551 685 2608 alterum
717 2551 1204 2617 orthodoxorum,
1237 2550 1493 2606 alterum
1537 2551 1953 2607 haereticorum
1986 2567 2085 2606 ex-

429 2641 571 2714 poni
625 2645 946 2714 apertaque
999 2640 1276 2711 martyris
1340 2655 1513 2706 urna,
1570 2644 1760 2695 tomos
1817 2639 2086 2712 ejusdem

427 2729 652 2803 pectori
687 2729 1113 2802 superimponi,
1159 2733 1216 2783 et
1263 2729 1335 2784 ab
1390 2728 1495 2784 illa
1523 2729 1837 2800 probatum
1872 2729 2084 2785 teneri.

429 2820 584 2876 168
616 2819 735 2875 Hoc
765 2818 920 2874 facto
949 2823 1083 2890 post
1140 2834 1241 2874 sex
1297 2818 1424 2874 dies
1479 2834 1694 2873 urnam
1727 2824 2082 2886 reserantes,

428 2911 783 2981 repererunt
812 2907 1226 2963 haireticorum
1262 2907 1503 2978 quidem
1528 2912 1752 2961 tomum
1786 2905 1892 2961 sub
1926 2906 2086 2979 pedi-

430 2999 539 3055 bus
589 2999 718 3071 ejus
767 2997 1048 3070 positum,
1099 2997 1566 3052 orthodoxorum
1620 3013 1755 3052 vero
1815 2996 2083 3069 ejusdem

431 3104 614 3144 manu
642 3086 921 3144 retinere.
955 3088 1146 3157 Atque
1206 3085 1286 3140 ita
1342 3086 1606 3141 haaretici
1663 3085 1891 3141 confusi
1923 3090 2081 3155 sunt,

433 3177 744 3234 orthodoxi
775 3192 909 3231 vero
940 3191 1172 3230 summo
1203 3173 1416 3247 gaudio
1447 3175 1661 3231 affecti.

681 3401 750 3455 Et
777 3405 1047 3454 certamen
1092 3400 1272 3454 sancti
1310 3396 1518 3454 Cindaei
1547 3403 1829 3469 martyris.

503 3519 719 3590 Martyr
747 3517 963 3574 Christi
988 3516 1260 3572 Cindaaus
1281 3517 1591 3590 presbyter
1620 3518 1885 3574 ecclesias
1914 3519 2082 3575 urbis

429 3607 616 3675 Sides,
648 3608 1005 3679 imperatore
1037 3605 1426 3668 Diocletiano.
1460 3607 1691 3663 delatus
1734 3608 1890 3681 apud
1924 3611 2078 3665 Stra-

427 3699 693 3755 tonicum
725 3698 1093 3770 praafectum,
1128 3696 1284 3769 quod
1317 3698 1610 3753 Christum
1643 3699 1884 3759 coleret.
1919 3717 2081 3756 com-

424 3790 756 3862 prehensus
781 3793 903 3844 est:
930 3792 988 3841 et
1008 3786 1428 3843 calceamentis
1454 3787 1664 3844 ferreis
1691 3789 1878 3844 acutis
1901 3790 2080 3846 clavis

431 3879 680 3934 conﬁxis
710 3878 1030 3940 calceatus,
1064 3882 1243 3948 atque
1287 3893 1322 3933 ει
1376 3877 1686 3934 lictoribus
1716 3879 2079 3947 verberatus,

423 3985 661 4024 currere
693 3966 1074 4038 compellitur
1102 3982 1209 4037 per
1255 3966 1434 4034 viam,
1467 3984 1598 4038 quas
1627 3967 1790 4022 ducit
1819 3968 1891 4023 ad
1924 3985 2075 4035 eam,

425 4073 602 4129 quam
650 4061 863 4110 vocant
919 4055 1156 4110 Sacram
1217 4058 1464 4110 Portam.
1521 4055 1787 4128 Cumque
1840 4057 2080 4112 lictores

423 4145 770 4201 mandatum
803 4143 1110 4209 haberent,
1143 4148 1211 4198 ut
1240 4159 1374 4197 eum
1425 4143 1682 4200 flammis
1713 4145 2076 4216 addicerent,

425 4233 656 4288 obviam
686 4232 824 4288 facti
856 4230 1089 4286 cuidam
1114 4232 1378 4302 pauperi,
1404 4233 1502 4303 qui
1528 4233 1822 4304 lignorum
1855 4242 2080 4291 struem

424 4322 672 4387 ferebat,
701 4327 767 4376 ut
793 4320 898 4376 illa
926 4319 1163 4374 vendita
1191 4321 1388 4374 cibum
1421 4321 1531 4376 sibi
1564 4329 1952 4394 compararet,
1988 4343 2080 4380 vo-

425 4412 628 4468 lebant
656 4427 786 4468 eam
827 4408 1036 4464 tollere
1081 4425 1201 4463 non
1250 4409 1444 4464 soluto
1476 4411 1687 4482 pretio,
1722 4419 1779 4466 et
1810 4421 2078 4470 sanctum

425 4501 878 4558 comburere.At
906 4497 1008 4553 ille
1041 4498 1297 4570 pretium
1328 4500 1571 4571 pauperi
1604 4500 1799 4556 dedit:
1833 4508 1890 4556 et
1921 4503 2082 4576 ligna

426 4590 690 4647 humeris
721 4590 846 4645 suis
875 4588 1212 4660 imponens,
1265 4587 1338 4643 ad
1388 4589 1584 4645 locum
1635 4591 1908 4664 supplicii
1942 4611 2076 4666 per-

2193 2023 2424 2096 αιρεθεὶς
2458 2025 2548 2079 οὖν
2583 2023 2673 2080 διὰ
2699 2031 2862 2082 τοῦτο
2920 2027 3024 2083 ύπὸ
3064 2022 3380 2084 Φλαϐιανοῦ
3409 2025 3506 2083 τοῦ
3545 2031 3836 2084 Κωνσταν-

2189 2112 2562 2177 τινουπόλεως
2619 2117 2986 2193 πατριάρχου,
3047 2116 3202 2190 ὅμως
3280 2117 3378 2174 ούκ
3461 2117 3688 2173 ἐπαύετο
3731 2123 3834 2174 τοῦ

2188 2204 2469 2278 ταράσσειν
2500 2207 2600 2276 τὴν
2654 2205 3004 2278 Ἐκκλησίαν.
3064 2209 3350 2283 Κρατήσας
3410 2205 3467 2264 δὶ
3517 2214 3618 2278 τῆς
3679 2208 3835 2284 βασι-

2192 2289 2344 2356 λείας
2405 2295 2433 2349 ὁ
2492 2295 2543 2350 ἐν
2597 2295 2773 2371 ἁγίοις
2832 2297 3163 2373 Μαρκιανὸς,
3198 2297 3546 2368 ἐξεκαλέσατο
3607 2297 3833 2353 σύνοδον

2193 2382 2480 2453 ἑξακοσίων
2540 2387 2827 2461 τριάκοντα
2887 2388 3163 2462 Πατέρων.
3222 2386 3321 2442 Καὶ
3377 2387 3677 2461 γενομένης
3737 2393 3840 2459 ζη-

2189 2475 2399 2542 τήσεως
2433 2474 2566 2546 μετὰ
2596 2479 2702 2530 τῶν
2762 2477 3069 2550 αἱρετικῶν,
3118 2473 3281 2551 ἤρεσε
3340 2480 3523 2546 πᾶσιν,
3558 2475 3841 2544 ἐκτεθῆναι

2192 2558 2288 2616 δύο
2319 2562 2544 2635 τόμους,
2575 2561 2668 2619 ἕνα
2724 2569 2832 2620 τῶν
2892 2561 3220 2641 ὀρθοδόξων,
3276 2564 3366 2619 καὶ
3422 2561 3515 2620 ἕνα
3551 2569 3657 2620 τῶν
3688 2566 3843 2639 αἳρε-

2190 2656 2378 2706 τικῶνο
2437 2653 2530 2708 καὶ
2588 2653 2867 2730 ἀνοιγῆναι
2926 2657 3026 2725 τήν
3087 2652 3324 2732 λάρνακα
3377 2661 3477 2725 τῆς
3539 2660 3841 2732 μάρτυρος,

2187 2742 2277 2796 καὶ
2308 2749 2529 2813 τεθῆναι
2562 2743 2690 2807 τοὺς
2727 2744 2930 2818 τόμους
2964 2743 3050 2801 ἐπὶ
3083 2749 3180 2800 τοῦ
3238 2747 3470 2816 στήθους
3527 2745 3712 2815 αὐτῆς,
3745 2745 3838 2800 καὶ

2186 2833 2278 2888 τὸν
2312 2832 2676 2905 ἐκθησόμενον
2709 2837 2837 2909 παρ’
2894 2835 3105 2907 ἐκείνης
3162 2839 3440 2911 κρατῦναι.
3485 2835 3582 2892 Καὶ
3635 2835 3836 2892 τούτου

2187 2921 2504 2997 γενομένου,
2562 2926 2696 2998 μετά
2745 2926 2807 2980 ού
2857 2923 3074 2988 πολλὰς
3131 2925 3224 2988 τὰς
3280 2923 3489 3000 ἡμέρας
3534 2924 3837 2996 ἀνοίξαντες

2187 3013 2286 3082 τήν
2321 3011 2584 3089 λάρνακα,
2641 3012 2795 3090 εὗρον
2850 3014 2940 3070 τὸν
2999 3015 3096 3088 μὶν
3149 3019 3257 3070 τῶν
3313 3017 3596 3088 αἱρετικῶν
3655 3015 3828 3088 τόμον

2192 3101 2294 3156 ὑπὸ
2325 3101 2452 3166 τοὺς
2481 3100 2650 3166 πόδας
2683 3102 2852 3175 αὐτῆς
2879 3102 3154 3178 κείμενον,
3184 3105 3274 3160 τὸν
3324 3101 3381 3159 δὲ
3433 3109 3540 3160 τῶν
3601 3101 3833 3180 ὀρθοδό-

2192 3193 2294 3263 ξων
2329 3192 2380 3248 ἐν
2415 3197 2485 3268 τῇ
2518 3193 2667 3270 χειρὶ
2699 3194 3094 3270 κατεχόμενον.
3130 3196 3228 3250 Καὶ
3269 3194 3410 3251 οὕτω
3474 3196 3567 3268 μὶν
3625 3192 3836 3269 ᾐσχύν-

2109 3304 2154 3373 C
2195 3291 2362 3352 θησαν
2395 3281 2448 3336 οἱ
2477 3283 2763 3359 αἱρετικοῖ,
2795 3283 3163 3363 εὐφράνθησαν
3198 3281 3256 3340 δὲ
3294 3285 3347 3340 οἱ
3383 3281 3687 3360 ὀρθόδοξοι.

2363 3403 2463 3460 Καὶ
2499 3399 2726 3474 ἄθλησις
2747 3407 2843 3458 τοῦ
2874 3404 3028 3480 ἁγίου
3068 3405 3343 3481 μάρτυρος
3375 3401 3651 3464 Κινδαίου.

2253 3519 2316 3574 Ὀ
2344 3521 2438 3574 τοῦ
2471 3521 2705 3592 Χριστοῦ
2749 3520 2954 3595 μάρτυς
3014 3518 3268 3584 Κινδαῖος
3317 3522 3383 3590 ἦν
3447 3523 3542 3594 μὲν
3593 3517 3836 3594 πρεσϐύ-

2181 3627 2336 3682 τερος
2366 3613 2466 3676 τῆς
2497 3607 2547 3662 ἐν
2586 3605 2718 3682 Σίδῃ
2778 3612 2847 3681 τῇ
2910 3606 3070 3663 πόλει
3130 3608 3442 3679 ἐκκλησίας’
3478 3610 3565 3665 ἐπὶ
3617 3608 3674 3665 δὲ
3728 3615 3833 3676 τῆς

2188 3695 2467 3771 βασιλείας
2527 3695 2921 3767 Διοκλητιανοῦ
3007 3700 3404 3772 καταμηνυθεῖς
3484 3702 3836 3776 Στρατονίκῳ

2181 3791 2260 3857 τῷ
2315 3786 2569 3862 ἡγεμόνι,
2637 3787 2719 3842 ὅτι
2774 3787 2868 3848 τὸν
2929 3789 3157 3862 Χριστὸν
3245 3783 3479 3857 σέϐεται,
3529 3788 3828 3862 ἐκρατήθη·

2180 3874 2270 3929 καὶ
2305 3873 2589 3939 ὑποδεθεῖς
2623 3872 2950 3948 ὑποδήματα
2981 3873 3178 3950 σιδηρᾶ
3237 3876 3372 3949 μετὰ
3429 3876 3582 3946 ἥλων
3641 3879 3830 3952 ὀξέων,

2183 3964 2494 4038 ἠναγκάσθη
2563 3966 2781 4040 τρέχειν
2841 3966 2978 4019 κατά
3031 3967 3131 4035 τήν
3192 3963 3315 4021 ὁδὸν
3402 3969 3502 4036 τῆν
3563 3969 3828 4044 φέρουσαν

2182 4053 2319 4126 πρὸς
2349 4053 2448 4119 τὴν
2481 4051 2785 4127 λεγομένην
2844 4054 3011 4128 Ἱερὰν
3055 4053 3267 4125 Πύλην,
3326 4055 3664 4128 τυπτόμενος
3722 4058 3828 4113 ὑπὸ

2180 4146 2288 4196 τῶν
2321 4139 2558 4214 δημίων.
2618 4143 2767 4199 Ἐπεὶ
2826 4139 2882 4196 δὲ
2934 4142 3260 4218 πρόσταγμα
3308 4143 3461 4219 εἶχον
3518 4147 3570 4199 οἱ
3631 4143 3828 4217 δήμιοι

2182 4234 2375 4285 καῦσαι
2435 4230 2616 4301 αὐτὸν,
2673 4233 2988 4302 ὑπήντησαν
3046 4229 3103 4287 δέ
3159 4253 3266 4287 τινι
3325 4234 3517 4305 πένητι
3597 4236 3826 4313 φορτίον

2187 4321 2522 4395 βαστάζοντα
2579 4320 2780 4392 ξύλων,
2874 4318 3137 4392 μέλλοντι
3205 4322 3342 4378 αύτά
3404 4323 3681 4395 ¹ιιωλῆσαι,
3736 4329 3826 4381 καὶ

2180 4412 2466 4487 τραφῆναι·
2507 4411 2595 4465 καὶ
2655 4406 2952 4465 ἐϐούλοντο
3010 4412 3242 4481 ἀρπάσαι
3297 4409 3527 4486 δωρεὰν,
3559 4415 3646 4468 καὶ
3699 4420 3833 4470 καῦ-

2183 4519 2270 4553 σαι
2301 4500 2394 4554 τὸν
2424 4499 2598 4571 ἅγιονσ
2623 4498 2783 4560 αὐτὸς
2843 4497 2901 4553 δὲ
2959 4494 3207 4554 ἐκϐαλὼν
3265 4502 3326 4555 τὸ
3353 4501 3594 4575 τίμημα,
3627 4501 3832 4560 δέδωκε

2181 4591 2260 4659 τῷ
2289 4587 2508 4657 πένητι,
2540 4587 2629 4642 καὶ
2653 4587 2764 4651 θεὶς
2807 4589 2875 4643 τὰ
2922 4587 3055 4656 ξύλα
3115 4587 3202 4643 ἐπὶ
3257 4593 3367 4645 τῶν
3427 4589 3577 4646 ἰδίων
3631 4590 3823 4664 ὥμων,

423 4681 596 4746 rexit,
630 4693 1068 4748 accensumque
1111 4693 1317 4750 rogum
1368 4677 1567 4734 subiit.
1619 4679 1730 4734 Sed
1762 4680 2079 4739 incolumis

2188 4676 2453 4734 κατέλαϐε
2482 4679 2574 4733 τὸν
2603 4679 2770 4734 τόπον
2820 4685 2922 4747 τῆς
2950 4676 3283 4743 τελεώσεως.
3345 4681 3448 4738 Καὶ
3499 4681 3826 4758 ἀναφθείσης

423 4769 696 4837 evadens,
729 4767 1096 4825 sacerdotem
1127 4767 1421 4823 idolorum
1452 4785 1574 4824 una
1602 4785 1736 4825 cum
1769 4787 1948 4827 uxore
1979 4773 2075 4828 in-

419 4857 608 4922 duxit,
630 4861 697 4912 ut
720 4857 936 4914 Christi
967 4855 1147 4912 ﬁdem
1178 4857 1698 4928 amplecterentur.
1729 4861 1979 4918 Demum
2010 4863 2070 4918 in

420 4947 689 5002 oratione
721 4946 996 5017 spiritum
1029 4945 1306 5001 reddidit.
1339 4948 1481 5019 Ejus
1506 4963 1640 5004 vero
1668 4948 1935 5020 reliquiae
1962 4951 2070 5006 ho-

418 5033 666 5090 noritice
697 5033 952 5090 conditas
983 5039 1142 5089 sunt.

1005 5301 1107 5357 Die
1139 5301 1492 5362 duodecima

491 5393 775 5448 Certamen
802 5395 1117 5446 sanctorum
1145 5398 1451 5460 martyrum
1480 5393 1665 5449 Procli
1688 5402 1741 5450 et
1762 5398 1991 5454 Hilarii.

490 5599 735 5657 Proclus
789 5604 848 5655 et
901 5597 1158 5653 Hilarius
1213 5598 1428 5654 Christi
1486 5606 1777 5672 martyres
1821 5621 1891 5659 ex
1920 5605 2066 5660 urbe

418 5699 654 5768 Ancyra
682 5688 940 5756 oriundi,
1001 5689 1250 5763 Trajano
1307 5690 1658 5764 imperante,
1721 5710 1852 5750 cum
1902 5693 2067 5752 Chri-

417 5781 592 5838 stiani
619 5784 836 5850 essent,
856 5778 1274 5851 Christumque
1296 5780 1712 5850 predicantes,
1732 5783 2066 5857 complures

2181 4765 2444 4840 καμίνου,
2479 4765 2726 4836 εἰσῆλθεν
2787 4767 2840 4821 ἐν
2895 4767 3056 4840 αὐτῇ·
3117 4770 3207 4823 καὶ
3257 4769 3380 4825 τότε
3440 4772 3534 4844 μὲν
3594 4771 3826 4841 ἐξελθὼν

2190 4850 2462 4925 ἀϐλαϐῆς,
2521 4856 2885 4930 παρεσκεύασε
2938 4857 3028 4912 τὸν
3117 4857 3263 4932 ἱερέα
3316 4863 3398 4930 τῷ
3455 4857 3699 4915 εἰδώλων
3733 4861 3827 4917 σὺν

2179 4949 2246 5018 τῇ
2303 4945 2514 5020 γυναικὶ
2583 4945 2746 5000 αύτοῦ
2802 4945 3080 5000 πιστεῦσαι
3165 4950 3402 5023 Χριστῷ.
3456 4951 3710 5026 Ὕστερον
3770 4949 3829 5006 δὲ

2181 5034 2472 5108 εὐξάμενος
2500 5031 2784 5109 παρέδωκε
2838 5035 2901 5089 τὸ
2927 5039 3159 5107 πνεῦμα.
3193 5037 3265 5092 Τὸ
3298 5033 3356 5091 δὲ
3387 5036 3638 5112 λείψανον
3665 5039 3832 5096 αὐτοῦ

2184 5125 2355 5201 ἐταφη
2389 5123 2645 5198 ἐντίμως.

2731 5241 2911 5299 MHNI
2949 5246 3038 5319 Τῼ
3078 5243 3280 5321 Arro-

2323 5419 2594 5488 Ἀθλησις
2651 5425 2760 5475 τῶν
2791 5325 3284 5498 ἀγίι-ονιῖἀρτύρων
3320 5425 3576 5498 Πρόκλου
3607 5428 3695 5482 καὶ

2877 5491 3139 5569 ἰλαρισω

2192 5588 2194 5592 Υ
2257 5608 2512 5683 Πρόκλος
2541 5608 2926 5685 καθἹλάριος,
2985 5611 3036 5664 οἱ
3091 5613 3192 5664 τοῦ
3248 5611 3482 5686 Χριστοῦ
3543 5613 3830 5688 μάρτυρες,

2187 5698 2441 5776 ὑπῆρχον
2471 5699 2558 5756 ἐπὶ
2588 5701 2685 5772 τῆς
2730 5697 3009 5775 βασιλείας
3053 5704 3320 5775 Τραϊανοῦ
3377 5699 3434 5755 ἐκ
3481 5707 3580 5773 τῆς
3614 5702 3832 5768 πόλεως

2184 5789 2472 5863 Ἀγκύρας.
2507 5789 2825 5866 Χριστιανοὶ
2882 5785 2939 5843 δὶ
2997 5783 3144 5850 ὄντες
3197 5788 3487 5866 ἐκήρυττον
3549 5793 3639 5847 τὸν
3693 5794 3827 5869 Χρι-
