4158 6310
343 381 463 443 539

561 516 626 571 Et
657 521 926 572 certamen
971 523 1174 573 sanctae
1210 517 1468 586 martyris
1498 515 1760 584 Myropes.

412 637 630 707 Martyr
653 634 867 689 Christi
895 635 1153 705 Myrope,
1185 633 1516 703 imperante
1563 629 1761 698 Decio,
1793 629 1856 683 in
1889 627 1991 682 in-

341 726 472 785 sula
503 725 643 782 Chio
675 729 813 781 nata
858 729 978 779 est:
1029 723 1187 779 unde
1225 724 1523 794 Ephesum
1555 721 1838 794 profecta,
1872 738 1991 776 un-

338 823 556 893 guenta
578 835 647 873 ex
668 815 940 888 reliquiis
961 821 1303 871 sanctorum
1333 821 1661 887 martyrum
1687 819 1743 868 et
1763 819 1994 886 aposto-

1630 376 2064 440 MENOLOGII
2112 377 2312 440 PARS
2363 381 2462 442 lli.

2021 510 2075 579 Α

3627 385 3755 446 διο

2250 511 2344 565 Καὶ
2379 510 2612 584 ἄθλησις
2641 519 2740 583 τῆς
2772 513 2930 590 όγίας
2983 516 3257 590 μάρτυρος
3304 516 3613 592 Μυρώπης.

2173 625 2234 682 Ἡ
2263 631 2360 682 τοῦ
2390 630 2625 704 Χριστοῦ
2687 629 2890 704 μάρτυς
2948 630 3226 705 Μυρώπη,
3286 633 3504 710 ὑπῆρχε
3539 635 3634 708 μὲν
3667 635 3766 691 ἐτί

2103 721 2202 785 τῆς
2237 716 2515 792 βασιλείας
2575 719 2787 791 Δεκίου,
2846 720 2906 776 ἐκ
2958 728 3058 792 τῆς
3114 723 3288 794 νήσου
3319 722 3477 780 Χίου·
3528 727 3764 802 περιήρ-

2105 823 2236 880 χετο
2295 804 2352 862 δὲ
2407 809 2506 878 τὴν
2559 809 2821 888 Ἐφεσίων
2879 811 3068 881 πόλίν,
3123 811 3190 866 τὰ
3233 810 3294 867 ἐκ
3334 817 3444 868 τῶν
3477 811 3752 888 λειψάνων

339 909 534 964 lorum
563 907 870 963 manantia
908 905 1213 977 colligens,
1266 911 1517 978 aagrotos
1550 902 1815 959 sanabat.
1845 903 1991 959 Hinc

2102 903 2210 955 τῶν
2265 900 2434 976 ἁγίων
2491 904 2781 980 μαρτύρων
2855 903 2945 960 καὶ
3018 903 3342 961 ἀποστόλων
3402 905 3761 982 προχεόμενα

343 1001 536 1056 eidem
594 995 847 1068 Myrodis
905 1011 1122 1050 nomen
1192 993 1450 1050 inhaesit.
1511 993 1721 1049 Chium
1777 991 1993 1048 deinde

343 1087 600 1144 insulam
660 1099 912 1152 reversa,
973 1100 1108 1139 cum
1180 1089 1450 1139 sanctum
1537 1082 1829 1138 Isidorum
1887 1098 1994 1154 pro

340 1176 571 1235 Christo
621 1173 908 1245 martyrio
967 1173 1238 1228 functum
1299 1171 1795 1242 interiectumque
1823 1187 1991 1242 repe-

338 1269 535 1334 rissct,
562 1267 826 1322 sublatas
849 1265 1116 1337 ejusdem
1141 1265 1423 1336 reliquias
1445 1264 1600 1337 apud
1624 1280 1686 1319 se
1708 1263 1992 1320 condidit.

341 1363 416 1416 At
463 1375 598 1414 cum
648 1357 723 1412 ob
771 1355 920 1412 illud
960 1356 1350 1427 reliquiarum
1398 1355 1624 1414 furtum
1659 1353 1996 1426 complures

342 1445 496 1518 capti
522 1444 956 1516 quaestionique
978 1443 1229 1513 subjecti
1255 1442 1786 1513 luissent,seipsam
1804 1440 1998 1496 mani-

343 1535 594 1601 festavit,
629 1534 1019 1604 confessaque
1043 1538 1152 1600 est,
1177 1537 1234 1587 et
1255 1549 1316 1587 se
1349 1530 1634 1603 reliquias
1660 1529 1994 1599 sustulisse,

347 1631 406 1682 et
435 1623 592 1696 apud
624 1639 684 1679 se
714 1621 1054 1678 reconditas
1086 1621 1322 1676 habere.
1367 1621 1655 1687 Quocirca
1683 1635 1716 1674 a
1744 1618 1995 1691 praeside

347 1715 706 1770 Numeriano
735 1711 1184 1784 comprehensa,
1203 1710 1303 1782 qui
1327 1715 1384 1766 et
1403 1715 1673 1766 sanctum
1703 1709 1997 1765 Isidorum

345 1805 804 1870 excruciaverat,
863 1801 1321 1872 immaniterque
1371 1816 1546 1869 censa,
1579 1800 1641 1854 in
1696 1815 1995 1854 carcerem

2109 988 2250 1063 μύρα
2308 993 2632 1068 συνάγουσα,
2717 995 2808 1048 καὶ
2895 993 3105 1068 ἰωμένη
3170 993 3299 1058 τοῦς
3379 994 3757 1059 ἀσθενοῦντας’

2105 1077 2224 1143 ὅθεν
2256 1081 2344 1136 καὶ
2384 1081 2722 1160 φερωνύμως
2781 1083 2989 1156 ἐκλήθη
3049 1086 3326 1160 Μυρώπη.
3361 1080 3762 1142 Καταλαϐοῦσα

2106 1166 2164 1224 δὶ
2191 1171 2291 1238 τήν
2321 1177 2488 1240 νῆσον
2532 1172 2685 1243 Χίον,
2730 1172 2818 1228 καὶ
2870 1173 3100 1248 εὖροῦσα
3141 1176 3230 1230 τὸν
3282 1176 3437 1251 ἅγιον
3479 1173 3762 1250 Ἰσίδωρον

2105 1255 2196 1314 διὰ
2240 1261 2474 1335 Κριστὸν
2537 1265 2984 1338 μαρτυρήσαντα,
3043 1263 3134 1320 καὶ
3188 1263 3564 1333 τελειωθέντα,
3623 1264 3768 1321 ἀνεί-

2106 1345 2232 1403 λετο
2289 1349 2350 1404 τὸ
2408 1349 2658 1424 λείψανον
2732 1353 2922 1424 αὐτοῦ,
2987 1352 3078 1409 καὶ
3135 1351 3331 1430 ἔκρυψε
3388 1354 3516 1430 παρ’
3573 1354 3767 1428 ἑαυτῇ,

2107 1437 2206 1492 Καὶ
2231 1436 2458 1494 πολλῶν
2490 1441 2871 1515 κρατουμένων
2919 1439 3008 1498 διὰ
3051 1444 3151 1513 τὴν
3183 1447 3279 1498 τοῦ
3309 1443 3568 1518 λειψάνου
3602 1443 3770 1522 ἀφαί-

2109 1546 2278 1602 ρεσιν,
2325 1529 2414 1584 καὶ
2471 1531 2929 1606 τιμωρουμένων,
2986 1530 3318 1610 ἐφανέρωσεν
3387 1534 3604 1603 ἑαυτὴν,
3661 1532 3757 1589 λέ-

2105 1638 2274 1691 γουσα
2333 1613 2521 1674 λαϐεῖν
2577 1620 2670 1675 καὶ
2727 1621 2926 1695 κρύψαι
2977 1621 3040 1676 τὸ
3096 1621 3373 1696 λείψανον.
3416 1626 3760 1698 Κρατηθεῖσα

2108 1705 2200 1762 οῦν
2246 1710 2392 1784 παρά
2446 1713 2542 1764 τοῦ
2598 1711 2869 1785 ἡγεμόνος
2928 1715 3325 1785 Νουμεριανοῦ,
3381 1717 3480 1767 τοῦ
3525 1713 3616 1768 καὶ
3662 1712 3760 1768 τὸν

2109 1797 2262 1872 ἅγιον
2324 1793 2596 1871 Ἰσίδωρον
2656 1798 3061 1875 βασανίσαντος,
3109 1799 3311 1878 ἐτύφθη
3364 1798 3633 1878 σφοδρῶς,
3663 1800 3760 1856 καὶ

345 1892 717 1949 detruditur:
751 1869 854 1946 ubi
899 1869 1241 1962 apparente
1281 1893 1486 1944 sancto
1545 1887 1790 1957 Isidoro,
1821 1893 1991 1960 atque

2105 1869 2434 1956 ἀπεκλείσθη
2470 1869 2545 1949 είς
2593 1869 2864 1966 φυλακήν.
2923 1869 3056 1945 Kal-
3089 1887 3160 1944 δι’
3191 1869 3451 1952 ὀπτασίας
3475 1869 3572 1945 τοῦ
3601 1888 3760 1966 ἁγίου

342 1981 742 2054 repositorum
791 1979 904 2034 sibi
964 1978 1256 2034 bonorum
1318 1977 1638 2050 sponsione
1681 1976 1754 2034 ab
1786 1975 1996 2034 eodem

343 2073 517 2140 facta,
551 2070 826 2142 spiritum
861 2069 974 2123 Deo
1004 2067 1282 2123 reddidit.

904 2187 1144 2241 EODEM
1182 2184 1432 2240 MENSE.

861 2276 964 2331 Die
997 2274 1229 2330 decima
1257 2279 1488 2346 quarta.

585 2368 741 2426 166
773 2368 1054 2426 Certamen
1085 2368 1262 2422 sancti
1297 2367 1442 2420 Iusti
1468 2367 1752 2436 martyris.

411 2486 610 2541 Justus
639 2483 854 2539 Christi
887 2487 1111 2553 martyr
1151 2497 1222 2537 ex
1255 2480 1400 2537 urbe
1451 2482 1653 2550 Roma,
1686 2480 1747 2534 in
1779 2481 1995 2535 Nume-

343 2589 548 2632 rorum
560 2572 769 2628 ordine
782 2571 1042 2644 primum
1058 2569 1183 2625 mili
1195 2569 1506 2626 tavit.Cum
1521 2585 1655 2624 vero
1677 2567 1996 2640 aliquando

347 2682 378 2721 e
409 2664 615 2738 praelio
659 2678 928 2718 reversus
981 2677 1217 2717 crucem
1277 2659 1685 2733 crystallinam
1732 2658 1995 2728 vidisset,

343 2770 666 2826 vocemque
682 2752 819 2808 inde
836 2751 1228 2825 prodeuntem
1252 2749 1536 2819 audisset,
1552 2748 1998 2822 praecipientem

348 2847 461 2902 sibi
504 2845 664 2902 idola
721 2844 1016 2910 deserere,
1069 2842 1404 2914 Christique
1437 2841 1617 2898 ﬁdem
1673 2841 1995 2913 suscipere.

349 2939 596 2994 Romam
627 2934 940 2991 confestim
971 2932 1162 2989 redit:
1196 2932 1296 2988 ubi
1343 2931 1657 2987 distributo
1682 2931 1742 2986 in
1775 2947 1996 3003 paupe-

346 3043 442 3083 res
474 3027 855 3100 patrimonio,
878 3024 1097 3082 Christi
1131 3023 1244 3079 ﬁde
1277 3023 1448 3078 laetus
1479 3028 1538 3078 et
1568 3027 1902 3090 contentus,
1939 3022 1999 3077 in

348 3114 672 3172 domestico
706 3129 941 3170 secessu
991 3112 1103 3168 sibi
1135 3111 1417 3184 deinceps
1447 3111 1636 3168 vivere
1667 3111 1996 3166 constituit.

345 3207 468 3272 Quo
523 3208 826 3276 comperto
911 3202 1185 3257 tribunus
1265 3202 1495 3256 Iustum
1574 3200 1998 3272 comprehendi

336 3295 558 3367 jussit:
591 3292 930 3362 frustraque
961 3294 1273 3356 tentatum,
1307 3295 1374 3344 ut
1403 3290 1698 3345 Christum
1731 3295 1994 3363 negaret,

344 3383 570 3439 catenis
627 3381 1036 3446 constrictum,
1096 3379 1170 3436 ad
1227 3380 1624 3452 Magnentium
1681 3380 1992 3451 praesidem

344 3472 499 3528 mitti
527 3488 538 3526 :
572 3488 606 3527 a
629 3487 767 3542 quo,
791 3486 927 3525 cum
952 3469 1010 3524 in
1035 3468 1251 3525 Christi
1277 3469 1390 3524 fide
1413 3469 1781 3525 constantior
1809 3471 1993 3541 persi-

345 3567 549 3626 steret,
607 3561 803 3616 nervis
861 3559 1058 3614 crudis
1089 3558 1469 3614 verberatur:
1529 3557 1744 3615 deinde
1803 3559 1995 3616 ferrea

344 3650 528 3707 cassis
575 3651 838 3706 candens
886 3649 1154 3722 ejusdem
1202 3649 1379 3722 capiti
1445 3649 1810 3722 imponitur:
1858 3667 1993 3706 mox

339 3741 547 3812 prunis
569 3739 916 3796 ardentibus
939 3740 1134 3795 nudus
1155 3739 1656 3813 supersternitur:
1691 3745 1991 3811 postremo

341 3832 404 3886 in
437 3831 740 3903 ingentem
762 3830 920 3902 ignis
939 3830 1240 3886 fornacem
1267 3830 1543 3902 injectus,
1568 3829 1686 3884 Deo
1718 3829 1991 3901 spiritum

339 3919 617 3977 reddidit.

409 4068 475 4122 Et
521 4066 962 4121 commemoratio
1008 4066 1187 4120 sancti
1235 4063 1416 4120 Patris
1463 4064 1638 4120 nostri
1677 4064 1920 4120 Onesimi

952 4134 1374 4204 Thaumaturgi.

410 4281 660 4337 Sanctus
689 4277 1000 4335 Onesimus
1049 4277 1110 4332 in
1157 4276 1425 4332 Caesarea
1457 4276 1788 4333 Palmstinae
1818 4277 1988 4347 urbe,

340 4369 704 4427 Diocletiano
735 4368 1088 4440 imperante,
1149 4370 1326 4422 natus
1380 4371 1468 4422 est
1524 4366 1660 4438 piis,
1693 4371 1891 4438 atque,
1924 4372 1990 4423 ut

335 4461 495 4518 fama
527 4464 636 4530 est,
659 4458 731 4515 ab
762 4457 968 4530 angelo
994 4455 1302 4530 baptizatis
1324 4454 1688 4528 parentibus,
1712 4460 1889 4528 atque
1913 4456 1985 4513 ab

338 4551 545 4607 eodem
577 4548 649 4605 de
682 4549 790 4605 ﬁlii
822 4547 912 4603 sui
955 4545 1346 4618 conceptione
1375 4550 1435 4601 et
1465 4544 1707 4600 nomine
1737 4545 1982 4602 edoctis.

335 4643 515 4697 Natus
546 4645 742 4696 autem
776 4611 1180 4708 educatusque
1229 4635 1291 4690 in
1338 4633 1654 4707 disciplina
1689 4639 1748 4691 et
1777 4651 1983 4692 corre-
2011 4611 2060 4677 Ῑ)

335 4732 537 4803 ptione
591 4728 848 4797 Domini,
909 4725 983 4783 ad
1038 4741 1224 4780 unum
1276 4741 1348 4780 ex
1402 4724 1782 4780 monasteriis
1825 4724 1982 4796 apud

331 4820 632 4891 Ephesum
663 4818 893 4890 positis,
927 4816 988 4871 in
1021 4832 1137 4888 quo
1175 4815 1498 4888 octingenti
1531 4817 1756 4872 Ascetae
1787 4830 1980 4872 mora-

332 4907 570 4976 bantur,
604 4905 920 4978 profectus,
954 4904 1157 4976 ibique
1203 4903 1534 4961 monachus
1561 4903 1773 4972 factus,
1807 4920 1985 4977 supra

330 4998 607 5052 humanm
639 5001 867 5050 naturas
916 4995 1068 5050 vires
1125 4992 1407 5066 deinceps
1442 4999 1669 5050 certare
1700 4994 1978 5050 instituit.

328 5088 468 5158 Ejus
499 5101 676 5157 porro
713 5084 966 5140 orbitate
988 5084 1182 5140 incesti
1203 5083 1798 5155 parentes.caasifacti
1822 5089 1979 5140 sunt.

327 5178 541 5231 Exorta
572 5174 810 5229 interim
842 5173 1254 5246 persecutione
1285 5173 1566 5230 adversus
1593 5174 1978 5237 Christianos.

329 5271 386 5320 et
415 5264 692 5320 omnibus
724 5263 951 5320 Ascetis
982 5263 1119 5335 fuga
1148 5261 1414 5334 dilapsis,
1457 5268 1768 5334 paternam
1799 5265 1979 5322 etiam

325 5356 452 5426 ipse
483 5353 748 5420 domum,
773 5358 1056 5424 tanquam
1079 5351 1444 5422 peregrinus,
1470 5352 1677 5420 petiit:
1702 5360 1760 5408 et
1790 5354 1979 5411 visum

325 5443 566 5517 quidem
593 5441 936 5515 parentibus
964 5441 1186 5496 orando
1209 5441 1757 5513 restituit,seipsum
1778 5451 1976 5500 autem

322 5533 444 5589 illis
502 5532 965 5604 haudquaquam
1017 5529 1450 5596 manifestavit;
1509 5530 1614 5586 sed
1669 5531 1799 5586 vita:
1857 5550 1978 5591 suae

323 5640 563 5680 cursum
595 5622 656 5678 in
687 5622 891 5678 charta
914 5618 1299 5690 descriptum,
1322 5624 1379 5674 et
1399 5619 1457 5675 in
1483 5618 1739 5690 quadam
1764 5619 1976 5678 domus

321 5715 580 5771 fenestra
603 5710 931 5787 repositum
952 5708 1322 5783 relinquens,
1346 5711 1706 5785 Magnesiam
1728 5719 1972 5770 conten-

2099 1973 2384 2050 Ἰσιδωρου
2407 1981 2513 2032 τῶν
2549 1975 2924 2052 ἀποκειμένων
2976 1977 3113 2054 αὐτῇ
3173 1980 3384 2056 ἀγαθῶν
3437 1981 3538 2050 τήν
3583 1978 3764 2055 ἐπαγ-

2100 2064 2288 2141 γελίαν
2324 2061 2590 2142 λαϐοῦσα,
2622 2071 2703 2140 τῷ
2733 2073 2852 2141 Θεῷ
2879 2069 2940 2124 τὸ
2972 2073 3184 2142 πνεῦμα
3211 2065 3544 2146 παρέδωκεν.

2658 2185 2837 2242 MHNI
2877 2189 2963 2266 Τῼ
3000 2189 3195 2264 ΑΥΤῼ.

2875 2275 2975 2333 ΙΔ“.

2346 2362 2609 2433 ’Άθλησις
2636 2367 2735 2418 τοῦ
2767 2363 2924 2439 ἁγίου
2949 2363 3221 2442 μάρτυρος
3244 2363 3507 2424 Ἰούστου.

2171 2479 2234 2536 '0
2289 2482 2391 2532 τοῦ
2449 2480 2686 2553 Χριστοῦ
2746 2481 2950 2554 μάρτυς
3010 2482 3244 2544 Ἰουστος
3308 2483 3527 2556 ὑπῆρχε
3572 2482 3666 2555 μὶν
3701 2481 3763 2538 ἐκ

2100 2571 2200 2633 τῆς
2256 2564 2474 2632 πόλεως
2525 2569 2765 2645 Ῥώμῃςο
2827 2571 3174 2646 ἐστρατεύετο
3206 2570 3263 2627 δὲ
3292 2569 3343 2626 έν
3398 2576 3478 2643 τῷ
3520 2572 3759 2648 τάγματι

2099 2662 2211 2714 τῶν
2241 2659 2567 2733 Νουμέρων.
2600 2661 2976 2738 Ὑποστρέφων
3037 2659 3094 2718 δὲ
3148 2683 3279 2718 ποτε
3327 2661 3434 2717 ἀπὸ
3459 2666 3558 2718 τοῦ
3590 2660 3764 2718 πολέ-

2107 2769 2234 2820 μου,
2295 2749 2396 2824 ὁρᾷ
2449 2751 2676 2822 σταυρὸν
2744 2749 3204 2824 κρυσταλλοειδῆ
3258 2751 3348 2807 καὶ
3381 2751 3441 2806 ἐκ
3467 2755 3565 2808 τοῦ
3596 2771 3763 2807 σταυ-

2105 2841 2202 2911 ροῦ
2259 2838 2441 2893 ἀκούει
2502 2841 2688 2916 φωνὴν
2748 2839 3069 2911 ἐξελθοῦσαν
3144 2840 3234 2896 καὶ
3295 2841 3548 2896 εἰποῦσαν
3611 2840 3760 2913 αὖτῷ

2103 2925 2425 2983 καταλιπεῖν
2457 2927 2524 2983 τὰ
2579 2926 2784 2985 εἷ’δωλα
2841 2928 2931 2984 καὶ
2983 2929 3266 2986 πίστεῦσαι
3299 2931 3539 3004 Χριστῷ.
3573 2936 3758 2988 Κατα-

2105 3014 2290 3075 λαϐὼν
2322 3020 2413 3074 οὗν
2443 3021 2542 3089 τήν
2575 3021 2824 3094 Ῥώμην,
2879 3024 2967 3077 καὶ
3030 3019 3420 3097 διασκορπίσας
3457 3023 3548 3078 τὸν
3581 3022 3758 3078 πλοῦ.

2103 3129 2195 3164 τον
2249 3109 2417 3165 αὐτοῦ
2472 3115 2589 3173 τοῖς
2648 3116 2922 3186 πτωχοῖς,
2978 3111 3227 3188 ἡσύχαζε
3281 3113 3402 3168 καθ’
3448 3113 3757 3187 έαυτὸν,τῇ

2109 3197 2186 3260 είς
2216 3201 2442 3274 Χριστὸν
2499 3198 2946 3276 ἐπαγαλλόμενος
2997 3201 3195 3258 πίστει.
3237 3203 3500 3264 Γνωσθεὶς
3530 3200 3587 3258 δὲ
3614 3203 3760 3278 παρᾶ

2105 3291 2203 3342 τοῦ
2257 3284 2570 3363 τριϐούνου,
2631 3288 2901 3364 ἐκρατήθη
2963 3292 3088 3366 παρ’
3146 3290 3331 3350 αὐτοῦ.
3390 3291 3489 3346 Καὶ
3533 3293 3608 3365 μὴ
3640 3312 3764 3347 πει-

2105 3373 2248 3436 σθεὶς
2282 3374 2612 3446 ἀρνήσασθαι
2669 3375 2761 3430 τὸν
2820 3377 3078 3451 Χριστὸν,
3139 3375 3312 3440 δεθεὶς
3370 3377 3760 3454 ἄλύσεσιπαρ-

2103 3461 2352 3540 επέμφθη
2414 3463 2727 3538 Μαγνεντίῳ
2783 3469 2860 3536 τῷ
2913 3465 3165 3540 ἡγεμόνι.
3227 3467 3330 3524 Καὶ
3386 3466 3637 3540 ἐμμένων
3673 3466 3762 3523 ἐπὶ

2100 3550 2268 3608 πλέον
2291 3557 2358 3627 τῇ
2395 3553 2469 3616 είς
2522 3553 2762 3628 Χριστὸν
2813 3554 3014 3626 πίστει,
3047 3555 3247 3629 ὲτύφθη
3309 3558 3512 3632 λώροις
3552 3557 3754 3630 ὠμοῖςο

2099 3643 2189 3697 καὶ
2256 3646 2757 3716 πεπυρακτωμένην
2827 3646 3254 3725 περικεφαλαίαν
3321 3648 3604 3723 περιετέθη
3683 3652 3755 3723 τῇ

2097 3729 2331 3809 κεφαλῇ,
2393 3733 2524 3789 Εἶτα
2583 3732 2668 3788 ἐπὶ
2725 3734 2961 3810 ἐσχάρας
3016 3736 3446 3810 ἠνθρακωμένης
3510 3736 3752 3812 ἡπλώθη

2098 3823 2328 3898 γυμνός·
2386 3825 2475 3879 καὶ
2529 3823 2691 3888 τέλος
2743 3824 2797 3881 ἐν
2851 3827 3065 3900 καμίνῳ
3121 3827 3293 3903 πυρὸς
3334 3827 3576 3903 μεγάλου
3606 3827 3756 3905 βλη-

2101 3912 2231 3984 θεὶς,
2262 3913 2324 3968 τὸ
2355 3912 2546 3968 ἑαυτοῦ
2575 3918 2790 3988 πνεῦμα
2818 3912 3100 3992 παρέδωκε
3128 3921 3208 3990 τῷ
3239 3920 3377 3990 Θεῷ.

2096 4055 2194 4110 Καὶ
2258 4056 2451 4130 μνήμη
2509 4061 2607 4113 τοῦ
2663 4057 2818 4188 ὁσίοὸ
2858 4060 3070 4148 Harpe;
3129 4061 3290 4134 ἡμῶν
3321 4064 3747 4139 Θαυματουργοῦ

2823 4150 3083 4188 νησιμου.

2823 4150 3083 4204 νησιμου.

2166 4277 2464 4352 Ὀνήσιμος
2524 4281 2553 4336 ὁ
2613 4281 2762 4343 ὅσιος
2808 4281 3054 4360 ὑπῆρχεν
3107 4281 3166 4338 ἐκ
3215 4289 3317 4352 τῆς
3365 4281 3582 4348 πόλεως
3615 4291 3750 4341 Και-

2093 4368 2308 4442 σαρείας
2332 4375 2434 4440 τῆς
2466 4368 2832 4442 Παλαιστίνης
2887 4371 2977 4427 ἐπὶ
3031 4379 3131 4442 τῆς
3186 4370 3465 4448 βασιλείας
3510 4372 3752 4446 Διοκλη-

2090 4460 2298 4527 τιανοῦ,
2356 4458 2472 4523 υἱὸς
2528 4463 2733 4534 γονέων
2791 4455 3047 4532 εὐσεϐῶν,
3113 4462 3538 4536 βαπτισθέντων,
3597 4463 3672 4527 ὡς
3721 4464 3750 4520 ὁ

2092 4545 2280 4622 λόγος,
2367 4547 2471 4604 ὑπὸ
2545 4548 2693 4612 θείου
2771 4547 3031 4626 ἀγγέλου,
3107 4551 3198 4606 καὶ
3255 4551 3744 4629 εὖαγγελισθέντων

2088 4637 2180 4692 καὶ
2230 4638 2330 4708 τὴν
2391 4637 2668 4714 σύλληψιν
2727 4644 2825 4696 τοῦ
2883 4642 3003 4696 υἱοῦ
3061 4641 3260 4714 αὐτῶν,
3303 4643 3395 4698 καὶ
3451 4644 3512 4699 τὸ
3569 4640 3746 4718 ὄνομα

2090 4723 2482 4803 διδαχθέντων.
2539 4730 2688 4786 Μετὰ
2747 4727 2806 4786 δὲ
2861 4731 2925 4787 τὸ
2979 4739 3304 4808 γεννηθῆναι
3361 4738 3452 4789 καί
3509 4733 3746 4807 ἀνατραο

2091 4824 2280 4896 φῆναι,
2337 4816 2393 4875 ἔν
2451 4817 2670 4893 παιδείᾳ
2724 4821 2815 4877 καὶ
2869 4822 3118 4896 νουθεσίᾳ
3169 4824 3258 4894 ἦν’
3291 4823 3545 4881 ἀπελθὼν
3583 4824 3660 4889 εἰς
3691 4825 3745 4883 ἔν

2087 4911 2196 4962 τῶν
2246 4909 2382 4964 κατᾶ
2427 4909 2525 4979 τὴν
2587 4912 2822 4988 Ἔφεσον
2877 4912 3282 4990 μοναστηρίων,
3316 4913 3368 4969 ἐν
3398 4915 3444 4988 ᾧ
3475 4910 3745 4992 διέτριϐον

2092 4995 2412 5063 ὀκτακόσιος
2493 4999 2745 5070 ἀσκηταὶ,
2834 4998 3044 5078 ἐγένετο
3132 5004 3394 5078 μοναχός.
3480 5003 3583 5062 Καὶ
3678 5005 3747 5076 ἦν

2089 5087 2489 5161 ἀγωνιζόμενος
2553 5090 2686 5165 ὑπὲρ
2753 5088 2912 5148 φύσιν
2978 5091 3347 5164 ἀνθρωπίνην.
3415 5097 3748 5170 Θρηνοῦντες

2090 5173 2147 5232 δὲ
2203 5178 2302 5246 τὴν
2388 5177 2550 5234 αὐτοῦ
2638 5180 2892 5254 στέρησιν
2963 5182 3016 5236 οἱ
3085 5187 3264 5258 γονεῖς
3328 5181 3742 5258 έτυφλὼθησαν.

2088 5265 2194 5322 Καὶ
2255 5264 2508 5342 δ.ωγμοῦ
2599 5268 2916 5341 κινηθέντος
3007 5271 3144 5327 κατά
3206 5272 3312 5328 τῶν
3380 5276 3740 5349 Χριστιανῶν,

2087 5353 2176 5410 καὶ
2257 5361 2366 5412 τῶν
2455 5358 2704 5429 ἀσκητῶν
2781 5359 2995 5416 πάντων
3050 5362 3356 5439 φυγόντων,
3416 5361 3744 5439 παρεγένετο

2085 5445 2176 5500 καὶ
2207 5443 2370 5509 αὐτὸς
2429 5447 2505 5511 εἰς
2559 5449 2652 5504 τὸν
2711 5449 2857 5505 οἶκον
2915 5451 3084 5507 αὐτοῦ
3142 5451 3218 5513 ὡς
3275 5452 3445 5522 ξένος.
3493 5452 3590 5508 Καὶ
3620 5452 3749 5516 τοὺς

2090 5534 2184 5607 μὶν
2240 5541 2419 5610 γονεῖς
2479 5535 2702 5608 ἐποίησε
2759 5536 2828 5593 δι’
2885 5539 3056 5616 εὐχῆς
3110 5534 3430 5616 ἀναϐλέψαι·
3473 5541 3660 5598 ἑαυτὸν
3691 5539 3748 5600 δὶ

2083 5621 2184 5680 οὐκ
2231 5624 2577 5700 ἀπεκάλυψεν
2633 5627 2841 5691 αὐτοῖς·
2897 5627 3046 5686 ἀλλὰ
3094 5629 3302 5705 γράψας
3360 5630 3412 5686 ἐν
3458 5633 3640 5709 χάρτῃ
3671 5631 3738 5688 τὰ

2082 5713 2200 5768 κατ’
2231 5713 2413 5786 αὐτὸν,
2469 5715 2560 5772 καὶ
2617 5717 2728 5781 θεὶς
2786 5718 2838 5774 ἰν
2897 5723 2998 5793 μιᾷ
3052 5724 3159 5777 τῶν
3203 5718 3460 5796 θυρίδων,
3492 5720 3740 5792 ἀπῆλθεν
