4158 6310
335 347 448 406 541

1886 344 2182 408 JULIUS.

3627 352 3748 412 543

335 478 410 541 είς
441 478 781 554 Μαγνησίαν,
813 479 978 545 Ἒνθα
1026 478 1212 536 πολλᾶ
1253 479 1503 555 θαύματα
1555 481 1810 553 ποιήσας,
1842 479 1979 554 πρὸς

2100 479 2220 550 dit;
2253 479 2354 536 ubi
2386 481 2590 537 multis
2621 482 2868 554 patratis
2919 481 3248 551 miraculis,
3298 482 3374 540 ad
3419 484 3603 540 Deum
3635 486 3747 541 mi-

338 568 464 624 Θεὸν
498 566 649 642 ἐξεδή
659 589 858 642 μησεν.

347 740 445 797 Καὶ
483 741 678 815 μνήμη
709 743 806 796 τοῦ
839 739 991 796 ὁσίου
1037 739 1251 884 lingis);
1291 743 1452 814 ἡμῶν
1485 741 1572 796 καὶ
1628 738 1987 816 ὁμολογητοῦ

1103 835 1146 867 ω
1227 834 1285 884 φ.

1103 834 1285 890 ωσηφ.

412 950 616 1025 Ἰωσήφ
661 949 689 1003 6
746 947 799 1003 ἐν
859 945 1037 1023 ἁγίοις
1098 950 1287 1022 Πατὴρ
1344 950 1507 1020 ἡμῶν
1594 949 1844 1025 ὑπῆρχεν
1896 946 1986 1002 ἐπὶ

339 1047 438 1110 τῆς
473 1037 756 1114 βασιλείας
785 1039 1055 1118 Θεοφίλου
1096 1043 1192 1094 τοῦ
1250 1038 1663 1112 Εἷκονομάχου,
1714 1039 1829 1101 υἱὸς
1888 1038 1983 1111 μὲν

343 1132 622 1184 Φωτεινοῦ
685 1129 776 1183 καὶ
862 1126 1212 1200 Θεοκτίστης,
1273 1125 1506 1206 ἀδελφὸς
1585 1125 1643 1182 Si
1701 1124 1986 1203 Θεοδώρου

341 1215 653 1293 ἡγουμένου
681 1222 790 1273 τῶν
826 1215 1112 1274 Στουδίου·
1147 1216 1206 1280 ὅς
1254 1215 1344 1272 διὰ
1375 1219 1478 1286 τήν
1539 1216 1789 1292 ἐνάρετον
1823 1215 1986 1272 αὐτοῦ

343 1305 626 1364 πολιτείαν
661 1309 832 1381 ψήφῳ
852 1311 1011 1381 κοινῇ
1062 1307 1458 1382 χειροτονεῖται
1507 1304 1801 1367 ἐπίσκοπος
1856 1313 1988 1361 Θεσ-

343 1396 657 1466 σαλονίκης·
692 1395 816 1452 ἔνθα
875 1397 1075 1472 χρόνον
1133 1395 1324 1471 ὀλίγον
1380 1393 1685 1470 διατρίψας,
1741 1395 1830 1450 καὶ
1886 1397 1983 1464 τήν

345 1484 634 1562 ὀρθόὸοξον
696 1484 875 1540 πίστιν
926 1482 1164 1559 διδάξας,
1243 1486 1379 1560 πρὸς
1433 1486 1530 1555 τήν
1595 1483 1981 1560 βασιλεύουσαν

344 1577 644 1649 ὑπέστρεψε
673 1573 837 1631 πόλιν
879 1571 1121 1630 κελεύσει
1188 1575 1468 1650 βασιλικῇ.
1529 1573 1625 1629 Καὶ
1682 1577 1987 1649 παραστάν-

337 1687 429 1730 τες
457 1665 620 1722 αὐτός
650 1685 708 1720 τε
764 1665 852 1720 καὶ
917 1665 944 1719 6
984 1661 1219 1742 ἀδελφὸς
1277 1663 1444 1719 αὐτοῦ
1495 1669 1574 1737 τῷ
1635 1663 1984 1739 εἷκονομάχῳ

345 1755 582 1832 βασιλεῖ,
642 1757 1015 1830 ἠναγκάζοντο
1069 1755 1404 1828 ἀρνήσασθαι
1459 1755 1558 1822 τήν
1618 1754 1984 1830 προσκύνησιν

2095 571 2302 643 gravit.

2096 732 2244 788 161
2279 734 2348 787 Et
2379 734 2820 788 commemoratio
2849 735 3048 872 fsancti
3105 735 3291 790 Patris
3334 735 3508 789 nostri
3550 736 3751 807 Ioseph

2747 821 2845 859 con
2878 821 3088 860 essorzs.

2747 821 3088 860 οοηγεεδονιε.

2167 949 2412 1004 Sanctus
2438 951 2612 1004 Pater
2640 953 2845 1004 uoster
2871 948 3108 1021 Ioseph,
3141 949 3465 1021 Theophilo
3497 950 3756 1022 impera-

2094 1043 2220 1094 tore
2259 1039 2666 1106 iconomacho,
2727 1039 2980 1094 claruit:
3035 1044 3094 1094 et
3151 1039 3307 1094 filius
3365 1038 3607 1111 quidem
3639 1040 3754 1096 fuit

2095 1128 2329 1184 Photini
2390 1145 2457 1184 ac
2514 1129 2900 1194 Theoctistes,
2959 1128 3144 1183 frater
3202 1135 3400 1183 autem
3457 1129 3748 1185 Theodori

2094 1220 2282 1275 Studii
2301 1219 2584 1291 praefecti,
2605 1221 2705 1291 qui
2729 1219 2801 1274 ob
2821 1220 3114 1292 insignem
3139 1236 3370 1274 morum
3394 1219 3749 1292 probitatem

2093 1311 2395 1366 communi
2424 1311 2700 1382 suffragio
2725 1311 3037 1382 episcopus
3058 1311 3492 1366 Thessalonica
3514 1316 3748 1366 creatus

2091 1400 2439 1456 fuit.Paucis
2460 1407 2658 1455 autem
2681 1400 2854 1454 annis
2877 1400 3190 1454 transactis
3209 1417 3343 1455 cum
3362 1400 3752 1456 orthodoxam

2094 1489 2270 1544 ﬁdem
2325 1488 2646 1558 docuisset,
2705 1489 2778 1544 ad
2832 1489 3053 1561 regiam
3112 1488 3322 1544 urbem
3377 1489 3754 1561 imperatoris

2085 1579 2261 1650 jussu
2293 1579 2645 1634 revertitur:
2681 1578 2925 1650 ipseque
2950 1594 3018 1633 ac
3045 1577 3228 1632 frater
3253 1578 3598 1649 imperatori
3631 1579 3754 1633 ico-

2094 1668 2384 1723 nomacho
2409 1667 2612 1735 oblati,
2636 1668 2709 1723 ad
2734 1665 3083 1740 ejurandam
3104 1667 3576 1723 venerandarum
3600 1667 3747 1722 ima-

2093 1759 2297 1831 ginum
2328 1758 2737 1812 adorationem
2790 1756 3011 1812 frustra
3056 1755 3371 1828 compulsi.
3403 1755 3745 1812 Theodorus

339 1851 446 1901 τῶν
480 1850 688 1900 σεπτῶν
724 1844 971 1901 εἷ’κόνων.
1032 1843 1128 1898 Καὶ
1191 1845 1268 1916 μή
1322 1842 1643 1911 πεισθέντες,
1701 1846 1727 1899 6
1789 1845 1883 1916 μὶν
1939 1844 1985 1900 ἐν

2101 1846 2340 1919 quidem
2377 1846 2450 1902 ad
2480 1846 2888 1919 Apolloniadis
2924 1852 3199 1920 stagnum
3222 1845 3492 1901 exsulare
3512 1851 3602 1901 est
3624 1846 3752 1918 jus-

336 1939 404 2008 τῇ
437 1939 536 2000 τῆς
574 1930 1025 1995 ’Δπολλωνιάδος
1075 1931 1341 2006 ἐξωρίσθη
1404 1931 1574 2007 λίμνῃ
1608 1933 1636 1988 δ
1682 1931 1984 2009 θεάδωρος.

344 2026 372 2079 ὁ
407 2021 462 2079 δέ
515 2023 787 2099 φυλακαῖς
846 2021 1129 2100 διαφόροις
1186 2019 1607 2097 προσομιλήσας
1667 2024 1695 2078 6
1754 2024 1985 2101 Ἰωσὴφ,

335 2115 425 2168 καὶ
459 2117 528 2188 τῇ
587 2113 760 2188 λοιπῇ
818 2112 1156 2184 κακοπαθείᾳ
1208 2109 1625 2187 ἐγκαρτερήσας,
1671 2113 1760 2167 καὶ
1817 2111 1982 2168 πάλιν

337 2199 427 2258 διά
445 2223 594 2268 τινος
621 2207 727 2258 τῶν
763 2197 1033 2258 δυσσεόὦν
1091 2198 1490 2263 ἀποσταλέντος
1547 2203 1695 2277 παρὰ
1729 2206 1825 2257 τοῦ
1883 2205 1982 2276 βα-

336 2290 559 2360 σιλέως,
594 2291 944 2366 ἀναγκασθεὶς
995 2291 1310 2366 ὑπογράψαι
1364 2292 1445 2361 τῷ
1497 2288 1656 2364 τόμῳ
1704 2294 1802 2357 τῆς
1835 2291 1984 2365 αἱρὲ-

335 2401 491 2448 σεως,
550 2381 640 2436 καὶ
701 2381 778 2454 μή
838 2379 1231 2456 ἀνασχόμενος,
1290 2377 1696 2442 κατακλεισθεὶς
1745 2380 1820 2442 είς
1863 2400 1982 2435 σκο-

330 2469 632 2548 τεινοτέραν
665 2471 934 2550 φυλακὴν,
965 2468 1280 2541 ἐτελειώθη.

889 2591 1070 2648 ΜΗΝΙ
1101 2593 1187 2648 ΤΩ
1220 2594 1420 2652 ΑΥΤΩ.

437 2766 702 2840 ’Λθλησις
734 2772 841 2824 τῶν
902 2771 1068 2848 ἁγίων
1092 2681 1424 2848 Ἐαρτύρων
1486 2769 1723 2848 Κυρίκου
1777 2770 1869 2826 καὶ

993 2840 1316 2915 Ἰουλνίττης.

405 2953 676 3014 Ἰουλίττα
759 2959 794 3027 ἡ
849 2961 946 3013 τοῦ
999 2959 1231 3032 Χριστοῦ
1318 2962 1547 3037 μάρτυς,
1591 2960 1836 3035 ὑπῆρχεν
1891 2958 1981 3015 ἐπὶ

337 3045 730 3116 Διοκλητιανοῦ
760 3050 856 3101 τοῦ
891 3047 1181 3122 βασιλέως,
1217 3047 1277 3105 ἐκ
1322 3056 1422 3120 τῆς
1455 3049 1671 3112 πόλεως
1729 3050 1979 3107 Ἰκονίουο

336 3133 424 3192 διὰ
453 3133 510 3191 δὲ
538 3137 626 3191 τὸν
661 3135 1058 3212 ἐπικρατοῦντα
1115 3135 1360 3214 διωγμὸν
1417 3138 1470 3194 ἐν
1558 3137 1792 3211 Ἰκονίῳ,
1855 3139 1980 3192 ἀνα-

2095 1954 2214 1992 sus.
2246 1937 2462 2009 Joseph
2483 1954 2618 1993 vero
2667 1954 2774 2009 per
2810 1937 3001 1992 varios
3031 1953 3299 1992 carceres
3332 1935 3657 2001 traductus,
3693 1941 3750 1992 et

2093 2025 2341 2098 reliquis
2359 2027 2643 2082 mrumnis
2665 2033 2840 2098 atque
2865 2025 3262 2082 incommodis
3284 2025 3514 2080 fortiter
3537 2026 3751 2081 exhau-

2094 2117 2222 2183 stis,
2263 2133 2470 2172 rursus
2491 2116 2563 2172 ab
2586 2117 2772 2188 impio
2802 2115 3061 2188 quodam
3083 2115 3157 2172 ad
3193 2117 3614 2188 imperatorem
3646 2131 3748 2170 re-

2093 2207 2310 2262 missus
2345 2211 2470 2262 est:
2508 2205 2845 2278 frustraque
2877 2211 3160 2272 tentatus,
3185 2209 3251 2259 ut
3271 2205 3565 2260 haereseos
3587 2209 3746 2261 tomo

2092 2294 2514 2363 subscriberet,
2555 2295 2617 2351 in
2659 2295 3028 2351 teterrimam
3055 2293 3389 2351 custodiam
3439 2293 3738 2364 detrusus,

2089 2385 2266 2441 vitam
2302 2385 2508 2441 ﬁnivit.

2648 2590 2890 2648 EODEM
2928 2589 3179 2646 MENSE.

2585 2680 2688 2736 Die
2735 2680 2968 2735 decima
3011 2679 3238 2751 quinta.

2161 2774 2447 2828 Certamen
2475 2776 2793 2827 sanctorum
2817 2773 3124 2838 martyrum
3146 2765 3332 2837 σε]νίσί
3352 2773 3405 2822 et
3433 2767 3666 2822 Julittae.

2161 2953 2378 3022 Martyr
2407 2946 2623 3004 Christi
2642 2945 2847 3003 Julitta
2867 2962 2938 3001 ex
2958 2945 3105 3001 urbe
3125 2945 3348 3014 Iconio,
3375 2943 3740 3001 Diocletiano

2089 3037 2709 3113 imperatore,claruit.
2731 3036 3024 3092 Gliscente
3047 3041 3246 3091 autem
3266 3035 3450 3090 Iconii
3471 3051 3746 3107 persecu-

2091 3132 2398 3201 tione,una
2415 3145 2550 3184 cum
2583 3127 2704 3183 filio
2728 3125 2931 3198 Cyrico
2953 3125 3175 3181 trienni
3197 3141 3379 3198 puero
3413 3124 3742 3180 Seleuciam

334 3221 620 3298 λαϐομὲνη
696 3227 787 3282 τὸν
845 3227 960 3282 υἱὸν
1042 3228 1213 3298 αὐτῆς
1294 3229 1523 3305 Κύρικον
1584 3235 1769 3301 τριετῆ
1831 3224 1978 3297 ὄντα,

2100 3219 2446 3286 contendit;
2505 3216 2894 3288 eamdemque
2970 3215 3192 3271 ibidem
3268 3214 3791 3288 persecutionem-

341 3315 577 3385 ἀπῆλθεν
630 3315 706 3378 είς
776 3315 1119 3374 Σελεύκειαν·
1180 3317 1269 3373 καὶ
1331 3319 1562 3394 εὑροῦσα
1619 3319 1676 3374 δὲ
1733 3318 1844 3374 ἐκεῖ
1892 3319 1982 3373 τὸν

341 3404 496 3459 αὐτὸν
543 3401 811 3479 διωγμὸν,
871 3407 1196 3480 παρεγένετο
1255 3407 1330 3470 εἷς
1385 3409 1612 3481 Ταρσόν.
1671 3409 1838 3472 Ἔνθα
1895 3407 1984 3463 καὶ

344 3491 753 3569 Ἀλέξανδροςὸ
786 3496 1034 3572 ἡγεμὼν,
1089 3495 1246 3568 ὠμὸς
1299 3499 1389 3552 καὶ
1444 3495 1725 3573 θηριώδης
1782 3497 1985 3571 ἂνθρω-

342 3603 463 3652 πος,
521 3577 802 3653 ἐϐασάνιζε
856 3584 984 3648 τοὺς
1040 3585 1241 3661 ἁγίους.
1304 3587 1406 3642 Καὶ
1489 3588 1839 3661 κρατηθεῖσα,
1896 3587 1986 3641 καὶ

341 3674 440 3726 τοῦ
464 3669 657 3734 παιδὸς
689 3673 1160 3749 ἀποχωρισθεῖσα,
1194 3675 1540 3750 ἐτιμωρεῖτο.
1575 3678 1646 3732 Τὸ
1682 3673 1738 3730 δὲ
1769 3673 1987 3731 παιδίον

346 3762 512 3817 αύτοῦ
571 3758 754 3819 λαϐὼν
815 3763 903 3819 ἐπὶ
959 3769 1066 3821 τῶν
1125 3766 1369 3840 γονάτων
1423 3768 1450 3822 ὁ
1507 3766 1753 3842 ἡγεμὼν,
1799 3765 1990 3822 ἐκολά·

340 3872 481 3907 κευε·
511 3853 576 3908 τὸ
631 3854 688 3908 δὲ
745 3853 843 3909 οὐκ
897 3853 1250 3930 ἐπεστρέφετο
1311 3857 1447 3932 πρὸς
1499 3855 1680 3911 αὐτόν’
1715 3853 1860 3911 ἀλλά
1917 3853 1990 3911 δι’

343 3941 480 3998 ὅλου
510 3937 735 3999 ἔϐλεπεν
767 3945 964 4006 ἀτενῶς
1015 3945 1150 4019 πρὸς
1205 3946 1304 4015 τὴν
1369 3943 1598 4021 μητέρα’
1657 3946 1744 4000 καὶ
1798 3943 1987 4019 ψελλι-

347 4030 511 4106 ζούσῃ
537 4036 606 4106 τῇ
638 4036 816 4110 φωνῇ,
846 4035 908 4088 τὸ
953 4034 1047 4107 μὲν
1105 4035 1201 4090 τοῦ
1258 4037 1493 4108 Χριστοῦ
1553 4035 1869 4090 ἀνεκαλεῖτο
1924 4035 1987 4089 τὸ

341 4119 538 4195 ὄνομα,
570 4123 704 4198 πρὸς
737 4121 792 4179 δέ
821 4128 918 4194 τήν
983 4124 1191 4200 μητέρα
1239 4121 1489 4181 ἔσπευδεν
1553 4126 1828 4191 ἀπελθεῖν.
1888 4125 1986 4181 Καὶ

341 4215 600 4287 χολώσας
627 4217 654 4268 ὸ
685 4213 926 4285 ἀνηλεής
978 4217 1104 4290 θήρ,
1166 4213 1440 4272 ἐλάκτισεν
1474 4215 1653 4284 αὐτὸν,
1688 4215 1850 4292 ῥίψας
1883 4216 1986 4271 ἀπὸ

341 4307 452 4357 τῶν
490 4300 793 4377 βαθμίδων.
836 4304 938 4361 Καὶ
969 4300 1344 4380 συντριϐείσης
1394 4309 1464 4381 τῇ
1522 4301 1691 4381 πέτρᾳ
1741 4312 1841 4375 τῆς
1899 4326 1986 4360 κε-

2095 3312 2426 3381 ofl'endens,
2445 3311 2688 3365 Tarsum
2713 3307 2977 3380 profecta
2997 3311 3121 3362 est:
3151 3307 3251 3362 ubi
3284 3307 3462 3362 etiam
3493 3305 3749 3361 Alexan—

2094 3403 2199 3458 der
2225 3418 2466 3474 prazses,
2488 3401 2667 3456 homo
2691 3399 2949 3454 crudelis
2983 3403 3039 3452 et
3067 3398 3248 3467 ferus,
3282 3403 3518 3452 sanctos
3553 3397 3746 3463 exagi-

2095 3495 2274 3550 tabat.
2323 3491 2763 3564 Comprehensa
2810 3489 3033 3560 itaque,
3066 3495 3124 3543 et
3166 3506 3201 3544 a
3239 3505 3422 3561 puero
3455 3493 3748 3559 separata,

2097 3583 2412 3639 tormentis
2443 3581 2777 3653 subjicitur.
2829 3581 3017 3633 Puero
3056 3584 3253 3632 autem
3289 3594 3467 3648 super
3495 3575 3745 3648 genibus

2095 3674 2288 3746 posito
2321 3688 2540 3744 praeses
2571 3670 2809 3725 interim
2838 3667 3273 3723 blandiebatur.
3309 3670 3384 3721 At
3413 3665 3513 3721 ille
3543 3682 3747 3722 averso

2096 3763 2167 3819 ab
2192 3762 2292 3817 illo
2317 3760 2760 3830 ore,deﬁxoque
2782 3759 2846 3812 in
2869 3762 3119 3812 matrem
3138 3755 3745 3823 obtutu,balbutiente

2096 3867 2233 3907 voce
2263 3864 2483 3904 nomen
2513 3845 2731 3903 Christi
2759 3842 3184 3916 appellabat,et
3204 3841 3279 3898 ad
3303 3847 3558 3898 matrem
3590 3841 3752 3896 abire

2095 3939 2441 3997 conabatur.
2474 3937 2662 4002 Quare
2692 3934 2763 3990 ab
2796 3933 3012 3990 immiti
3059 3933 3184 3989 fera
3233 3931 3496 3988 calcibus
3526 3936 3748 4000 trusus,

2097 4037 2156 4087 et
2183 4048 2290 4104 per
2318 4028 2534 4102 gradus
2577 4026 2866 4098 dejectus,
2918 4023 3126 4080 colliso
3176 4023 3252 4079 ad
3299 4029 3527 4095 petram
3555 4021 3745 4094 capite

2096 4121 2488 4190 contritoque,
2551 4115 2924 4172 exanimatus
2980 4119 3090 4169 est.
3165 4114 3346 4168 Mater
3402 4113 3555 4168 168
3612 4126 3748 4165 vero

2097 4214 2281 4268 Deum
2312 4207 2675 4282 glorificans,
2698 4209 2833 4278 post
2860 4203 3064 4276 plures
3087 4203 3384 4260 cruciatus
3416 4201 3595 4258 etiam
3627 4201 3751 4273 ipsa

2096 4303 2288 4375 capite
2317 4298 2491 4373 plexa
2519 4296 2650 4352 fuit.

343 4391 524 4470 φαλῆς
587 4392 774 4463 αὐτοῦ,
819 4394 993 4471 ἀφῆκε
1051 4397 1148 4465 τὴν
1210 4380 1575 4472 ψυχήνξΚαὶ
1634 4392 1895 4469 δοξάσασα
1941 4395 2031 4450 τὸν
2109 4391 2302 4460 Θεὸνή
2356 4389 2542 4462 μήτηρ
2600 4383 2789 4454 αὐτοῦ,
2841 4383 2976 4458 μετὰ
3031 4380 3247 4444 πολλὰς
3331 4381 3426 4442 τὰς
3489 4381 3750 4456 βασάνους

346 4480 619 4559 ἀπεκεφαλ
631 4481 746 4553 ίσθη
772 4483 861 4538 καὶ
892 4483 1050 4556 αὐτή.

455 4597 560 4656 Καὶ
591 4595 818 4669 ἄθλησις
845 4601 942 4654 τοῦ
1001 4599 1155 4674 ἁγίου
1190 4601 1462 4677 μάρτυρος
1520 4597 1877 4676 Ἀϐουδίμου.

420 4719 480 4773 Ὀ
501 4718 600 4770 τοῦ
639 4715 878 4788 Χριστοῦ
932 4713 1136 4790 μάρτυς
1191 4710 1548 4790 ’Λϐούδιμος,
1604 4719 1845 4794 ὑπῆρχεν
1901 4715 1990 4773 ἐπὶ

350 4802 746 4874 Διοκλητιανοῦ
793 4807 889 4858 τοῦ
951 4801 1240 4880 βασιλέως,
1305 4805 1364 4860 ἐκ
1414 4813 1514 4876 τῆς
1543 4808 1708 4877 νήσου
1738 4803 1986 4864 Τενέδου.

347 4892 649 4964 Κρατηθεὶς
678 4889 755 4963 δὲ,
787 4893 878 4947 καὶ
907 4891 1096 4949 πολλά
1150 4895 1600 4969 καταναγκασθεὶς
1657 4897 1990 4970 ἀρνήσασθαι

349 4983 440 5039 τὸν
473 4983 729 5057 Χριστὸν,
763 4981 861 5038 οὐκ
916 4981 1159 5053 ἐπείσθηο
1189 4982 1334 5039 ἀλλὰ
1385 4984 1598 5058 μᾶλλον
1654 4983 1990 5060 ὡμολόγησε

348 5071 625 5149 παρρησίᾳ
649 5073 748 5141 τὴν
781 5071 1011 5144 θεότητα
1059 5073 1243 5130 αὐτοῦ.
1303 5076 1460 5133 Ὅθεν
1521 5074 1710 5130 πάλων
1745 5075 1989 5146 πηχθέν-

347 5183 479 5221 των.
513 5161 590 5224 εἲς
625 5162 886 5238 μάστιγας
923 5162 1165 5234 ἐξετάθη,
1221 5164 1312 5219 καὶ
1371 5163 1627 5220 τύπτεται
1688 5166 1790 5221 ὑπὸ
1843 5161 1990 5220 ἐννὲα

354 5256 721 5323 στρατιωτῶν·
812 5252 1149 5327 βιασαμένων
1229 5251 1285 5309 δὶ
1368 5254 1525 5310 αὐτὸν
1594 5259 1702 5310 τῶν
1769 5251 1986 5327 δημίων

360 5346 568 5418 μιαρῶν
649 5341 1042 5416 ἀπογεύσασθαι
1101 5347 1322 5414 θυσιῶν,
1394 5345 1496 5399 οὐκ
1551 5343 1843 5420 ἠνεσχὲθη.
1896 5345 1990 5400 Διὸ

349 5433 553 5503 ξὲουσιν
614 5429 772 5485 αὐτὸν
833 5432 989 5506 χερσὶ
1049 5436 1320 5507 σιδηραῖςο
1379 5433 1468 5488 καὶ
1558 5433 1691 5507 μετά
1774 5435 1990 5497 πολλὰς

349 5522 530 5596 ἐτέρας
609 5521 872 5595 βασάνους
935 5521 1010 5592 μὴ
1068 5523 1352 5578 πεισθέντα
1410 5521 1830 5597 ἀπεκεφάλισαν.
1882 5525 1988 5580 Καὶ

346 5608 467 5666 ἔδοὺ
501 5608 668 5683 μέσης
698 5609 908 5684 ἡμέρας
939 5607 1106 5686 ἐφάνη
1141 5611 1169 5664 6
1205 5611 1409 5686 μάρτυς
1462 5616 1542 5685 τῷ
1608 5611 1989 5686 Διοκλητιανῷ

353 5699 488 5774 μετᾶ
565 5696 806 5775 ἀγγὲλων
861 5697 1205 5776 κατεχόντων
1291 5700 1584 5781 ῥομφαίας·
1677 5703 1764 5758 καὶ
1831 5697 1988 5778 φόϐῳ

2017 4584 2064 4648 D

2305 4596 2394 4666 [Et
2423 4598 2694 4649 certamen
2722 4587 2904 4646 sancti
2943 4587 3202 4658 martyris
3238 4585 3524 4642 Abudimi.

2172 4721 2393 4792 Martyr
2407 4716 2619 4774 Christi
2633 4711 3353 4778 Abudimus,Diocletiano
3375 4710 3750 4782 imperatore,

2102 4829 2170 4868 ex
2193 4809 2391 4866 insula
2411 4805 2664 4871 Tenedo,
2694 4819 2828 4860 cum
2852 4802 3340 4874 comprehensus,
3361 4801 3751 4874 pluribusque

2100 4899 2314 4967 modis,
2347 4903 2412 4952 ut
2441 4894 2738 4951 Christum
2773 4892 3054 4964 ejuraret,
3083 4891 3448 4964 compulsus,
3480 4897 3756 4965 negasset

2100 4991 2158 5047 id
2178 5007 2240 5047 se
2256 4985 2728 5056 facturum,quin
2743 4983 2917 5039 etiam
2935 4981 3184 5037 liberius
3201 4981 3364 5038 illius
3382 4982 3754 5039 divinitatem

2100 5080 2482 5153 proﬁteretur
2505 5093 2518 5144 ;
2543 5074 2696 5148 palis
2716 5073 2841 5129 solo
2863 5072 3062 5128 inﬁxis
3085 5072 3360 5140 alligatus
3375 5078 3434 5128 et
3450 5079 3751 5141 extensus,

2101 5187 2135 5226 a
2155 5185 2364 5226 novem
2387 5165 2678 5222 mililibus
2701 5161 3330 5236 caaditur.Cogentibus
3353 5163 3596 5235 insuper
3616 5178 3753 5217 eum

2099 5260 2408 5317 lictoribus
2452 5254 2794 5312 immundas
2834 5269 3046 5310 carnes
3077 5252 3251 5308 idolis
3282 5253 3618 5309 immolatas
3650 5268 3752 5308 eo-

2099 5351 2360 5416 medere,
2383 5345 2618 5403 restitit.
2643 5342 3037 5410 Quamobrem
3059 5341 3297 5414 ungulis
3318 5342 3528 5398 ferreis
3546 5342 3616 5398 ab
3636 5343 3761 5399 eis-

2099 5441 2234 5497 dem
2265 5437 2635 5510 depectitur:
2677 5433 2930 5504 aliisque
2975 5431 3245 5504 pluribus
3289 5433 3599 5488 tormentis
3628 5432 3752 5487 fru-

2100 5535 2222 5586 stra
2253 5532 2529 5591 tentatus,
2551 5529 2917 5597 postremum
2947 5521 3276 5578 decollatus
3297 5527 3422 5577 est:
3451 5537 3586 5577 cum
3616 5537 3752 5577 ecce

2099 5618 2208 5675 sub
2229 5615 2541 5674 meridiem
2565 5629 2858 5686 apparens
2879 5616 3105 5683 martyr
3125 5610 3506 5680 Diocletiano,
3527 5609 3754 5679 angelis

2099 5705 2352 5782 istpatus
2373 5705 2599 5779 gladios
2620 5719 2800 5762 manu
2826 5699 3503 5773 stringentibus,caalesti
3528 5702 3752 5752 terrore
