4184 6326
405 404 522 463 543

1686 403 2122 470 MENOLOGII
2167 403 2369 466 PARS
2413 405 2519 466 ΙΙΙ.

3693 407 3826 465 544

403 538 574 594 illum
605 539 879 611 perculit,
915 541 1007 596 his
1059 543 1272 598 allatus
1322 543 1556 599 verbis:
1610 545 1694 598 En
1729 542 2050 598 Abudimus

2171 536 2407 614 οὐρανίῳ
2460 535 2749 610 ἐξέπληξεν
2799 535 2978 604 αὐτὸν,
3035 535 3126 591 καί
3185 555 3370 610 φησιν·
3403 533 3532 606 Ἴδε,
3567 532 3826 594 Ἀϐούὸιο

406 629 583 684 homo
603 631 722 684 veri
746 630 869 694 Dei,
891 647 1068 701 quem
1093 638 1154 687 tu
1178 635 1538 690 exstinctum
1562 642 1767 707 putas:
1793 635 1945 688 Deus
1967 649 2064 687 au-

405 723 522 772 tem
559 718 663 772 tibi
697 720 976 786 ostendit,
1002 720 1170 776 illum
1195 722 1382 794 ipsius
1407 725 1596 796 gratia
1626 724 1897 796 adjutum
1921 738 2059 777 con-

404 811 493 862 tra
518 813 933 878 cooperatores
957 814 1086 864 tuos
1111 810 1432 879 daemones,
1457 819 1515 868 et
1535 820 1740 868 contra
1763 819 1816 866 te
1840 827 2058 883 praeva-

400 895 546 953 lere.
577 902 650 951 αι
676 897 983 961 scelestus,
1017 917 1193 970 quem
1245 901 1345 955 Dei
1397 902 1685 972 patientia
1715 907 2059 956 convertere

398 986 702 1051 debuerat,
728 992 786 1041 et
805 987 880 1042 ad
905 988 1116 1043 Christi
1145 989 1323 1044 ﬁdem
1345 991 1660 1054 adducere,
1687 991 1746 1045 in
1770 993 2059 1061 majorem

395 1075 659 1131 furorem
691 1083 878 1140 actus,
911 1093 1129 1149 corpus
1171 1079 1449 1151 martyris
1501 1079 1758 1135 ﬂammis
1791 1078 2055 1134 tradidit.

397 1195 464 1248 Et
511 1201 786 1249 certamen
831 1200 1142 1250 sanctorum
1188 1203 1497 1280 martyrum
1545 1195 1813 1250 Antiochi
1842 1202 1896 1250 et
1944 1197 2048 1264 Cy-

1148 1283 1308 1321 τιαοι.

474 1382 797 1437 Antiochus
827 1383 1042 1438 Christi
1074 1388 1299 1454 martyr
1319 1384 1511 1455 patria
1541 1384 2060 1454 Sebastenus,pro-

397 1470 657 1526 fessione
716 1471 1004 1539 medicus,
1055 1472 1234 1527 urbes
1283 1488 1490 1527 omnes
1540 1473 2054 1539 circumlustrans,

399 1575 584 1631 aegros
615 1561 879 1615 curabat.
913 1561 995 1615 Ab
1028 1561 1288 1617 Adriano
1321 1567 1519 1617 autem
1543 1561 1794 1634 praeside
1825 1568 2052 1632 captus,

397 1649 669 1720 pluribus
691 1650 952 1720 primum
971 1650 1330 1706 cruciatibus
1349 1650 1634 1705 afﬁcitur:
1659 1655 1792 1721 post
1812 1649 1874 1705 in
1893 1650 2052 1705 lebe-

400 1745 517 1793 tem
551 1739 875 1804 immissus,
901 1756 1012 1794 nec
1029 1746 1342 1805 crematus,
1365 1740 1438 1794 ad
1460 1740 1681 1795 bestias
1712 1739 2049 1795 damnatur:

403 1844 534 1897 quas
557 1827 951 1883 nihilominus
973 1829 1168 1883 eidem
1191 1829 1448 1884 blandiri
1471 1829 1606 1884 visa)
1629 1835 1788 1895 sunt,
1806 1829 2055 1900 ejusque

2172 648 2275 699 μος
2308 630 2336 683 ὁ
2374 633 2472 682 τοῦ
2504 628 2773 698 ἀληθινοῦ
2804 625 2937 683 Θεοῦ
2969 625 3279 701 ἅνθρωπος,
3311 627 3368 682 ὅν
3403 628 3464 682 σὺ
3500 629 3594 699 μὶν
3655 631 3824 701 νομί-

2170 722 2280 786 ζεις
2310 719 2576 781 τεθνάναι·
2609 718 2637 772 ὁ
2697 714 2755 770 δὲ
2822 716 2951 776 Θεὸς
3007 720 3076 789 τῇ
3135 716 3298 771 αὐτοῦ
3333 717 3560 791 βοηθείᾳ
3581 716 3825 773 δείκνυσί

2169 827 2279 876 σοι,
2314 805 2397 861 ὅτι
2442 805 2623 880 ἱσχύει
2678 804 2813 860 κατᾶ
2858 810 2967 860 τῶν
3027 804 3302 879 συνεργῶν
3365 827 3462 860 σου
3515 804 3825 879 δαιμόνων,

2167 895 2257 951 καὶ
2288 895 2424 949 κατά
2451 899 2574 953 σοῦ.
2615 896 2674 952 Ὀ
2706 892 2763 948 δὲ
2793 892 3020 966 ἄνομος,
3054 896 3083 948 ὅ
3113 897 3180 967 [ς]
3212 895 3392 970 ἀνοχῇ
3449 901 3582 951 Θεοῦ
3615 894 3827 974 ὣφειλε

2171 979 2593 1058 μεταϐαλέσθαι,
2625 985 2715 1038 καὶ
2746 988 3029 1039 πιστεῦσαι
3080 989 3322 1058 Χριστῷ,
3358 987 3570 1058 μᾶλλον
3609 987 3824 1058 μανεὶς,

2165 1075 2229 1129 τὸ
2261 1078 2421 1146 σῶμα
2448 1078 2546 1128 τοῦ
2573 1074 2849 1149 μάρτυρος
2879 1073 3011 1147 πυρὶ
3041 1071 3378 1146 παρέδωκεν.

2242 1191 2342 1247 Καὶ
2375 1189 2607 1260 ἂθλησις
2647 1193 2756 1244 τῶν
2787 1188 2956 1265 ἁγίων
2991 1189 3280 1265 μαρτύρων
3332 1188 3627 1264 Ἀντιόχου
3656 1189 3747 1245 καὶ

2843 1263 3138 1336 Κυριακοῦ.

2239 1377 2589 1452 Ἀντιοχος,ὁ
2611 1380 2709 1431 τοῦ
2741 1380 2982 1449 Χριστοῦ
2999 1375 3224 1450 μάρτυς,
3240 1379 3305 1445 ἦν
3336 1377 3440 1431 ἀπὸ
3474 1372 3822 1447 Σεϐαστείας,

2164 1467 2348 1540 ἰατρὸς
2417 1468 2518 1535 τήν
2571 1468 2798 1541 τέχνην,
2857 1465 3291 1539 περιερχόμενος
3351 1463 3408 1520 δὲ
3474 1466 3570 1530 τὰς
3622 1467 3814 1531 πόλεις

2161 1554 2333 1618 πάσας
2386 1554 2475 1608 καὶ
2537 1555 2800 1630 Ῑατρεύων
2849 1555 2976 1616 τοὺς
3038 1555 3090 1608 έν
3161 1554 3481 1618 ἄσθενείαις,
3543 1556 3816 1629 ἐκρατῆοη

2167 1645 2271 1701 ὑπὸ
2298 1641 2588 1718 Ἀδριανοῦ
2642 1647 2739 1698 τοῦ
2799 1642 3092 1718 ἡγεμόνος.
3127 1644 3232 1699 Καὶ
3291 1643 3510 1706 πολλὰς
3549 1645 3818 1719 βασάνους

2165 1735 2460 1807 ὑπομείνας
2489 1733 2775 1809 πρότερον,
2810 1732 3030 1806 ὕστερον
3101 1731 3180 1796 εἷς
3234 1728 3439 1802 λέϐητα
3487 1729 3814 1808 ἑμϐληθεῖς,

2162 1825 2249 1878 καὶ
2289 1824 2364 1895 μὴ
2398 1820 2684 1900 φλεχθεὶς,
2713 1821 2896 1897 ἄγεται
2947 1824 3387 1898 θηριομαχῆσαι,
3443 1823 3597 1896 ᾧτινι
3647 1845 3816 1900 προσο

402 1915 654 1987 pedibus
686 1916 1009 1987 provoluta
1032 1918 1229 1988 ipsum
1253 1917 1606 1973 deosculari.
1632 1919 1792 1971 Inter
1813 1923 2050 1972 caeteras

2165 1911 2391 1987 ἔχαιρον
2449 1912 2515 1966 τὰ
2565 1911 2748 1987 θηρία·
2809 1911 2899 1965 καὶ
2955 1911 3261 1985 κυνούμενα
3317 1913 3455 1988 πρὸς
3476 1919 3595 1976 τοῖς
3651 1916 3811 1970 ποσὶν

399 2005 555 2061 feras
586 2006 844 2077 pardalis
897 2013 1042 2074 erat,
1094 2024 1225 2078 quas
1275 2009 1535 2063 humana
1575 2025 1714 2063 voce
1743 2008 2059 2080 prmsidem

401 2095 746 2167 increpavit.
769 2097 1001 2151 Interea
1019 2103 1257 2152 sanctus
1277 2097 1500 2166 orabat,
1524 2099 1767 2169 suisque
1785 2097 2060 2170 precibus

398 2184 602 2240 omnia
630 2183 791 2240 idola
814 2185 876 2239 in
906 2185 1208 2256 pulverem
1233 2185 1518 2240 dissolvit.
1554 2188 1926 2241 Postremum
1959 2202 2057 2242 ca-

399 2272 519 2343 pite
552 2271 760 2342 plexus
787 2278 895 2337 est,
930 2279 988 2327 et
1017 2274 1107 2328 lac
1159 2291 1278 2329 una
1309 2291 1443 2328 cum
1476 2275 1761 2347 sanguine
1798 2291 1867 2331 ex
1897 2274 2049 2330 collo

400 2361 676 2416 manavit.
710 2363 833 2426 Quo
863 2363 1151 2417 miraculo
1204 2370 1536 2418 commotus
1567 2364 1828 2419 carnifex
1858 2365 2060 2436 Cyria-

400 2465 526 2515 cus,
587 2451 688 2521 qui
749 2456 1022 2506 sanctum
1090 2451 1232 2506 £69
1291 2451 1705 2516 decollaverat,
1753 2461 2054 2525 resumpto

401 2540 601 2595 animo
626 2555 686 2593 se
709 2539 896 2594 libere
919 2539 1227 2594 confessus
1250 2545 1339 2596 est
1360 2541 1786 2609 Christianum,
1811 2543 2055 2598 Adriani

401 2627 578 2685 idolis
604 2627 988 2683 maledicens.
1027 2629 1418 2695 Quamobrem
1453 2631 1579 2702 ipse
1610 2632 1832 2703 pariter
1862 2633 2054 2704 capite

399 2719 629 2792 plexus,
665 2723 867 2774 sancto
900 2719 1188 2774 Antiocho
1245 2719 1561 2791 adjunctus
1591 2721 1719 2776 fuit.
1753 2727 1943 2793 Atque
1974 2723 2057 2779 ita

397 2807 569 2864 ambo
619 2809 1038 2878 consummati,
1087 2825 1122 2864 a
1175 2809 1396 2866 cmlesti
1432 2815 1490 2864 et
1518 2826 1730 2884 magno
1763 2813 1916 2885 Rege
1949 2829 2051 2868 re-

395 2914 576 2970 gnum
609 2897 893 2953 caelorum
919 2914 1221 2970 accepere.

500 3119 570 3172 Et
601 3123 875 3173 certamen
903 3121 1081 3174 sancti
1109 3121 1371 3200 martyris
1393 3119 1558 3174 Pauli
1587 3126 1639 3174 et
1667 3123 1939 3176 sociorum

1153 3206 1290 3259 ejus.

2163 2002 2351 2071 αὐτοῦ,
2379 2000 2704 2080 κατεφίλουν
2763 2000 2946 2058 αὐτόν.
2991 2001 3099 2057 Μία
3157 1999 3214 2057 δὲ
3271 2001 3541 2077 πάρδαλις
3596 2005 3810 2082 ἀνθρω-

2161 2091 2290 2164 πίνῃ
2347 2094 2503 2164 φωνῇ
2552 2089 2753 2164 ¹ἤλεγξε
2805 2090 2897 2145 τὸν
2957 2092 3223 2167 ἡγεμόνα.
3311 2095 3447 2147 Εἶτα
3524 2091 3724 2165 ηὔξατο
3785 2096 3814 2151 ὁ

2164 2180 2340 2253 ἅγιος,
2372 2179 2460 2233 καὶ
2497 2175 2821 2250 διελύθησαν
2879 2177 2955 2241 είς
3010 2179 3235 2253 ψίμμον
3271 2179 3440 2236 πάντα
3489 2182 3558 2237 τὰ
3586 2179 3814 2241 εἴδωλα.

2164 2267 2266 2326 Καὶ
2300 2268 2437 2340 μετὰ
2464 2271 2632 2323 ταῦτα
2656 2268 2947 2340 ἀπετμήθη
3006 2269 3106 2337 τὴν
3166 2267 3433 2347 κεφαλὴν,
3474 2272 3564 2326 καὶ
3621 2268 3812 2348 ἔῤῥευ..

2163 2377 2248 2412 σεν
2278 2355 2337 2412 ἐκ
2373 2361 2470 2412 τοῦ
2499 2355 2787 2432 τραχήλου
2846 2357 3010 2413 αὐτοῦ
3072 2357 3162 2412 σὺν
3224 2359 3416 2430 αἳματι
3475 2360 3638 2434 γάλα.
3691 2363 3811 2418 Κυ-

2162 2447 2347 2522 ριακὸς
2379 2444 2436 2500 δὲ
2468 2447 2496 2501 ὁ
2518 2447 2608 2500 τὸν
2639 2447 2788 2522 ἅγιον
2823 2447 3248 2522 ἀποκεφαλίσας,
3305 2447 3432 2503 ἰδὼν
3491 2451 3555 2505 τὸ
3607 2452 3812 2523 θαῦμα,

2158 2537 2248 2591 καὶ
2299 2536 2836 2613 παρρησιασάμενος,
2889 2538 3074 2593 ἑαυτὸν
3135 2539 3453 2613 Χριστιανὸν
3515 2539 3811 2614 ἀνωμολό-

2159 2647 2316 2702 γησε·
2376 2627 2464 2681 καὶ
2523 2626 2765 2700 ἀνάθεμα
2811 2627 2977 2682 εἰπὼν
3035 2633 3152 2690 τοῖς
3212 2625 3468 2693 εἰδώλοις
3499 2629 3809 2702 Ἀδριανοῦ,

2158 2715 2371 2788 ἐτμήθη
2418 2717 2506 2770 καὶ
2566 2716 2731 2779 αὐτὸς
2781 2717 2880 2786 τὴν
2941 2714 3210 2793 κεφαλήν,
3260 2715 3348 2772 καί
3381 2718 3678 2793 προσετέθη
3729 2725 3812 2793 τῷ

2159 2803 2297 2880 ἁγίῳ
2357 2801 2650 2878 Ἀντιόχῳ.
2713 2804 2811 2861 Καὶ
2872 2805 3015 2861 οὕτω
3064 2805 3471 2873 τελειωθέντες,
3529 2805 3808 2864 ἀπέλαϐον

2158 2893 2306 2963 παρᾶ
2333 2897 2429 2948 τοῦ
2461 2892 2722 2968 οὐρανίου
2779 2895 2865 2949 καὶ
2929 2893 3174 2969 μεγάλου
3235 2894 3514 2960 Βασιλέως
3570 2899 3804 2966 τὴντῶν

2159 2982 2404 3058 οὐρανῶν
2439 2982 2738 3058 βασιλείαν.

2230 3101 2330 3155 Καὶ
2363 3096 2595 3169 ἄθλησις
2625 3104 2723 3154 τοῦ
2753 3098 3215 3175 ἁγίουμάρτυρος
3249 3099 3467 3156 Παύλου
3497 3109 3588 3157 καὶ
3632 3111 3731 3172 τῆς

2743 3168 2995 3233 συνοδίας
3020 3168 3214 3229 ἀύτόῦ.

465 3302 567 3356 Isti
598 3317 815 3372 genere
836 3303 1084 3374 :‘Egyptii
1108 3303 1272 3358 fuere
1297 3325 1312 3369 ;
1333 3306 1630 3376 captique,
1655 3311 1714 3360 et
1737 3306 1810 3361 ad
1834 3306 2042 3362 urbem

2228 3283 2394 3341 Οὗτοι
2428 3286 2677 3361 ὑπῆρχον
2735 3286 3031 3362 Αἰγύπτιοι
3089 3289 3152 3343 τὸ
3203 3290 3377 3364 γένος.
3436 3291 3804 3364 Κρατηθέντες

392 3388 820 3443 Diocaasaream
854 3388 1034 3454 ducti,
1070 3390 1306 3460 praasidi
1334 3391 1660 3457 sistuntur;
1693 3393 2040 3463 quaestioni-

393 3491 508 3546 que
542 3473 815 3545 subjecti,
842 3491 1046 3530 verum
1078 3476 1262 3530 Deum
1304 3484 1573 3532 nostrum
1605 3479 1852 3548 professi
1883 3485 2041 3536 sunt.

394 3561 583 3626 Quare
607 3561 831 3616 sinistri
854 3561 1032 3632 pedes
1056 3562 1176 3616 illis
1193 3562 1546 3628 aduruntur,
1567 3571 1626 3618 et
1642 3566 1798 3620 oculi
1817 3565 2040 3620 dexteri

398 3653 714 3703 eruuntur:
752 3665 888 3703 mox
906 3648 1063 3704 ferro
1091 3655 1148 3704 et
1169 3649 1288 3721 igni
1310 3658 1835 3707 consummantur:
1868 3658 2043 3723 atque

398 3751 517 3790 una
534 3751 668 3789 cum
691 3735 835 3805 ipsis
857 3734 1195 3806 complures
1210 3736 1309 3791 alii
1331 3736 1435 3791 viri
1451 3736 1808 3809 feminaeque
1829 3739 2043 3794 Christi

399 3837 620 3876 nomen
652 3820 902 3892 professi
929 3837 942 3876 :
975 3837 1123 3892 quos
1163 3821 1320 3877 inter
1351 3829 1555 3878 sancta
1581 3825 1738 3879 Thea
1764 3825 1826 3879 in
1859 3841 2046 3895 equu-

397 3906 558 3962 leum
583 3913 845 3977 extensa,
871 3906 1129 3963 lacerata
1147 3907 1290 3962 fuit:
1317 3909 1623 3981 ipsiusque
1647 3927 1814 3966 soror
1837 3911 2045 3966 Valen-

396 3995 523 4050 tina
570 3994 838 4067 judicem
897 4011 1190 4069 aggressa,
1250 4013 1415 4052 aram
1480 3997 1744 4056 calcibus
1803 4000 2044 4055 evertit:

395 4085 784 4154 quamobrem
814 4085 943 4155 ipsa
963 4084 1140 4140 etiam
1171 4084 1460 4140 dilaniata
1482 4086 1594 4141 fuit
1614 4087 2043 4143 crudelissime.

399 4173 647 4227 Sanctus
678 4178 877 4227 autem
906 4174 1125 4228 Paulus
1156 4181 1381 4245 martyr
1411 4180 1545 4246 post
1582 4175 1761 4232 latam
1795 4182 2045 4232 senten-

394 4261 560 4326 tiam,
585 4267 651 4316 ut
675 4261 866 4332 capite
900 4263 1280 4333 plecteretur,
1323 4269 1486 4319 stans
1537 4266 1721 4320 oravit
1747 4283 1852 4336 pro
1878 4266 2045 4320 Chri-

399 4351 628 4418 stianis,
677 4351 915 4420 Judaais,
966 4353 1368 4421 Samaritanis,
1420 4355 1655 4421 Graecis,
1716 4361 1774 4409 et
1818 4356 2048 4410 caeteris

395 4441 771 4516 gentibus,ad
795 4447 858 4496 ut
877 4441 979 4496 Dei
1002 4441 1363 4514 agnitionem
1383 4443 1736 4509 venirent,et
1755 4451 2051 4500 commota

393 4532 674 4588 adversus
703 4532 1072 4588 Christianos
1095 4531 1430 4603 persecutio
1456 4535 1869 4599 cessaret.Quo
1894 4533 2047 4589 facto

2161 3371 2238 3443 δὲ,
2270 3374 2360 3429 καὶ
2392 3376 2467 3437 εἷς
2521 3380 2620 3443 τὴν
2681 3375 2844 3432 πόλιν
2904 3376 3307 3452 Διοκαισάρειαν
3355 3379 3632 3454 ἀχθέντες,
3666 3403 3806 3457 παρ-

2159 3461 2386 3534 έστησαν
2413 3465 2490 3537 τῷ
2539 3462 2785 3540 ἄρχοντι.
2841 3466 2943 3524 Καὶ
3002 3466 3384 3539 ἐρωτηθάντες,
3443 3471 3533 3524 καὶ
3593 3469 3805 3542 ὁμολο-

2161 3555 2416 3626 γήσαντες
2442 3554 2532 3607 τὸν
2565 3553 2825 3624 ἀληθινόν
2870 3557 3031 3628 ἡμῶν
3088 3557 3240 3623 Θεὸν,
3299 3557 3426 3620 τοὺς
3485 3559 3804 3633 ἀριστεροὺς

2162 3639 2329 3704 πόδας
2372 3645 2731 3713 κατεκάησανο
2792 3644 2880 3698 καὶ
2948 3645 3076 3706 τοὺς
3185 3643 3394 3716 δεξιοὺς
3478 3647 3800 3722 ὀφθαλμοὺς

2161 3728 2564 3806 ἐξωρύχθησαν’
2624 3733 2713 3787 καὶ
2780 3732 2950 3810 ξίφεσι
3015 3733 3105 3789 καὶ
3184 3736 3316 3805 πυρὶ
3386 3735 3804 3807 ἐτελειώθησαν

2159 3821 2252 3874 καὶ
2306 3821 2423 3893 μετ’
2491 3822 2666 3877 αὐτῶν
2727 3818 2901 3896 ἕτεροι
2951 3821 3158 3879 πολλοὶ
3215 3821 3406 3898 ἄνδρες
3459 3847 3537 3890 τε,
3596 3828 3686 3882 καὶ
3717 3851 3809 3905 γυ·

2161 3913 2339 3970 ναῖκες
2369 3909 2823 3984 ὁμολογήσαντες
2851 3912 2914 3966 τὸ
2973 3907 3147 3984 ὄνομα
3175 3916 3272 3967 τοῦ
3301 3915 3567 3988 Χριστοῦ.
3609 3917 3712 3974 Καὶ
3775 3921 3805 3989 ἡ

2166 3999 2260 4070 μὲν
2323 3998 2445 4073 ἁγία
2501 3999 2605 4070 Θέη
2667 3999 2755 4054 ἐπὶ
2808 3999 2973 4070 ξύλου
3027 4007 3344 4066 τανυσθεῖσα
3399 4003 3606 4076 ἐξέσθη’
3657 4009 3692 4076 ἡ
3752 4005 3811 4064 δὲ

2161 4083 2371 4163 ἀδελφή
2442 4086 2610 4156 αὐτῆς
2665 4087 2991 4146 Ούαλεντίνα
3045 4094 3123 4163 τῷ
3181 4089 3407 4166 δικαστῇ
3489 4092 3806 4169 ἐπιθεμένη,

2160 4174 2486 4249 κατέστρεψε
2530 4177 2623 4232 τὸν
2688 4178 2877 4253 βωμὸν
2963 4183 3040 4252 τῷ
3099 4178 3247 4234 ποδί.
3313 4180 3410 4235 Καὶ
3469 4180 3654 4258 έξέσθη
3714 4187 3808 4241 καὶ

2162 4264 2295 4332 αύτὴ
2329 4263 2582 4340 ἀφειδῶς.
2618 4267 2838 4330 Παῦλος
2888 4265 2946 4324 δὲ
3005 4270 3032 4323 ὁ
3072 4272 3226 4344 ἅγιος
3287 4270 3490 4343 μάρτυς
3542 4275 3642 4342 τήν
3719 4273 3809 4331 διὰ

2160 4357 2258 4408 τοῦ
2287 4356 2474 4426 ξίφους
2502 4355 2771 4433 ἀπόφασιν
2827 4354 3032 4426 λαϐὼν,
3090 4361 3179 4414 καὶ
3232 4361 3379 4427 στὰς,
3437 4364 3808 4438 προσευξάμε-

2162 4464 2252 4506 νος
2283 4444 2414 4517 ’ὅπερ
2451 4447 2808 4519 Χριστιανῶν,
2871 4447 3003 4521 ὑπὲρ
3061 4447 3360 4520 Ἰουδαίων,
3422 4452 3555 4524 ὑπερ
3614 4460 3802 4525 Σαμα-

2165 4537 2377 4608 ρειτῶν,
2417 4533 2548 4603 ὑπὲρ
2578 4533 2890 4605 Ἑλλήνων,
2913 4539 3002 4592 καὶ
3037 4537 3168 4612 ὑπὲρ
3202 4539 3398 4614 ἑτέρων
3433 4540 3619 4608 ἐθνῶν,
3653 4543 3804 4604 ὃπως

392 4621 466 4679 ad
483 4621 1066 4678 commiserationem
1089 4625 1146 4675 et
1168 4621 1460 4693 lacrymas
1480 4623 1799 4678 commovit
1817 4623 2045 4679 univer-

2164 4621 2227 4683 εἷς
2254 4626 2453 4696 γνῶσιν
2488 4628 2621 4678 Θεοῦ
2655 4623 2911 4688 ἔλθωσιν,
2934 4628 3021 4680 καὶ
3056 4628 3235 4699 παυθῇ
3269 4629 3297 4682 ὁ
3353 4631 3490 4683 κατᾶ
3516 4635 3624 4685 τῶν
3673 4635 3802 4705 Χρι-

396 4729 492 4767 sos
523 4718 582 4768 et
609 4717 746 4783 post
774 4711 899 4767 hinc
930 4712 1121 4784 capite
1152 4710 1360 4783 plexus
1401 4715 1510 4767 est.

957 4916 1195 4972 EODEM
1235 4915 1485 4971 MENSE.

929 5005 1031 5060 Die
1071 5004 1301 5060 decima
1331 5010 1513 5060 sexta.

392 5094 845 5148 Commemoratio
909 5100 1112 5148 sanctae
1175 5093 1621 5149 Chalcedonensis
1667 5093 1862 5162 synodi
1915 5111 2046 5150 sea:-

803 5171 1083 5218 centoram
1113 5166 1348 5234 triginta
1385 5167 1634 5221 Patrum.

468 5282 785 5350 Postquam
809 5281 1030 5352 impius
1054 5282 1226 5336 Arius
1246 5298 1281 5336 a
1304 5286 1582 5340 trecentis
1615 5288 1837 5342 sanctis
1865 5289 2048 5343 Patri-

394 5369 506 5423 bus
539 5369 743 5423 Nicaaas
776 5369 1302 5424 anathematizatus
1330 5370 1462 5429 fuit.
1489 5375 1782 5445 Eutyches
1810 5375 2048 5432 haereti-

2157 4717 2384 4767 στιανῶν
2447 4710 2716 4789 διωγμὸς,
2795 4716 2871 4774 εἰς
2954 4717 3134 4771 οἶκτον
3186 4718 3276 4772 καὶ
3348 4715 3553 4794 δάκρυα
3601 4722 3801 4782 πάντας

2155 4797 2390 4870 έκίνησε,
2416 4800 2504 4855 καὶ
2540 4803 2674 4874 μετὰ
2702 4806 2870 4858 ταῦτα
2899 4802 3114 4874 ἐτμήθη
3147 4807 3246 4874 τήν
3275 4805 3542 4884 κεφαλήν.

2690 4921 2876 4977 ΜΗΝΙ
2933 4923 3023 4978 ΤΩ
3072 4926 3264 4980 ΑΥΤΩ.

2155 5095 2218 5152 Ἢ
2251 5096 2559 5177 ἀνάμνησις
2607 5104 2729 5177 τῆς,
2765 5099 2818 5154 έν
2875 5012 3192 5177 Χέξκηδόνι
3223 5102 3380 5177 ἁγίας
3437 5102 3666 5160 συνόδου
3695 5111 3801 5160 τῶν

2520 5168 2806 5242 ἑξακοσίων
2846 5168 3140 5246 τριάκοντα
3172 5179 3208 5227 Π
3220 5168 3447 5248 ατέρων.

2229 5287 2380 5344 Μετὰ
2409 5287 2508 5356 τὴν
2567 5285 2876 5362 καθαίρεσιν
2931 5291 3030 5342 τοῦ
3089 5283 3379 5350 δυσσεϐοῦς
3438 5291 3674 5367 Ἀρείου,
3705 5294 3804 5364 τήν

2157 5374 2260 5430 ὑπὸ
2289 5379 2397 5430 τῶν
2426 5374 2754 5451 τριακοσίων
2811 5376 2977 5450 ἁγίων
3041 5379 3292 5453 Πατέρων
3353 5378 3404 5434 ἐν
3462 5381 3666 5453 Νικαίᾳ
3711 5404 3799 5459 γε-

393 5473 496 5512 cus
527 5456 746 5512 diaboli
774 5457 978 5512 afﬂatu
1002 5457 1336 5528 instigatus,
1361 5458 1635 5515 haeresim
1669 5462 1832 5517 illius
1863 5465 2048 5519 voluit

2164 5466 2486 5541 γενημένην,
2519 5465 2874 5538 ἐμπνευσθεὶς
2921 5466 3025 5522 ὑπὸ
3082 5471 3179 5522 τοῦ
3222 5463 3486 5524 διαϐόλου
3541 5456 3802 5549 Εὐτυχῆς

395 5546 749 5612 instaurare,
795 5547 1022 5613 dicens,
1074 5562 1256 5600 unam
1303 5546 1534 5602 Christo
1584 5555 1720 5620 post
1759 5552 2044 5608 unionem

392 5635 586 5691 inesse
619 5641 914 5691 naturam.
963 5634 1073 5691 Sed
1131 5640 1264 5705 post
1318 5636 1630 5692 Theodosii
1664 5638 1770 5694 filii
1804 5640 2042 5698 Arcadii

391 5727 617 5784 obitum
641 5726 893 5800 imperio
912 5728 1135 5799 potitus
1155 5731 1395 5783 sanctus
1416 5727 1766 5802 Marcianus,
1791 5746 2041 5805 congreq

2153 5554 2490 5628 ὁαῖρετικὸς,
2519 5549 2786 5610 ἐϐούλετο
2817 5556 3114 5611 ἆνανεῶσαι
3155 5558 3254 5626 τήν
3309 5558 3515 5614 ἐκείνου
3570 5558 3798 5635 α’ίρεσιν,

2153 5641 2465 5720 λέγων,έπί
2509 5646 2743 5718 Χριστοῦ
2803 5645 2929 5718 μίαν
2985 5645 3142 5723 φύσιν
3199 5649 3439 5723 γενέσθαι
3505 5651 3640 5723 μετὰ
3694 5653 3792 5722 τήν

2149 5726 2358 5791 ἕνωσιν.
2396 5732 2574 5790 Ἀλλὰ
2599 5741 2702 5805 τῆς
2760 5732 3042 5812 βασιλείας
3091 5737 3365 5810 κρατήσας
3423 5737 3451 5792 ὁ
3509 5735 3564 5793 ἐν
3616 5739 3796 5816 ἁγίοις
