4158 6310
319 363 436 425 545

1856 339 2154 405 IULIUS.

3611 348 3733 430 546

319 493 654 567 Μαρκιανὸς,
689 490 823 563 μετὰ
869 484 1130 553 τελευτὴν
1181 478 1470 538 Θεοδοσίου
1499 480 1620 534 υἱοῦ
1651 471 1965 567 Ἀρκαδίου,

2100 477 2218 542 gata
2237 471 2610 527 Chalcedone
2633 487 2801 528 sacra
2820 477 3233 528 sexcentorum
3257 488 3324 528 ac
3348 475 3586 546 triginta
3606 477 3732 532 dei-

319 563 616 658 συνηγαγεν
692 579 744 636 ιν
816 573 1134 646 Χαλκηδόνι
1195 568 1419 658 σύνοδον
1473 570 1640 658 ’ίερδιν⁸
1680 563 1972 658 ἑξακοσίων

316 651 605 744 τριάκοντα
660 664 936 742 θεοφόρων
989 663 1266 735 Πατέρων,
1325 657 1416 714 καὶ
1467 654 1720 713 καθεῖλεν
1769 651 1832 744 οὐ
1870 651 1974 744 μό-

320 739 407 816 νον
440 759 688 832 Εὐτυχῆ,
725 739 937 825 μαλλον
967 749 1025 807 δὶ
1055 749 1300 825 δυστυχῆ
1346 747 1435 804 καὶ
1485 747 1696 814 ἄθλιον,
1727 741 1818 798 καὶ
1846 739 1972 801 τοὺς

322 847 627 926 ὁμόφρονας
685 844 868 900 αὐτοῦ’
929 840 1075 896 ἀλλὰ
1129 838 1220 894 καὶ
1277 838 1369 893 τὸν
1431 832 1802 926 ’Λρειανισμὸν
1836 850 1974 884 παν-

549 936 800 1012 ἠιράνισε,
859 929 1124 1006 κρατύνας
1182 929 1246 983 τὸ
1302 926 1452 1002 ἆγιον
1525 917 1804 996 σύμϐολον
1863 923 1968 973 τῶν

323 1027 491 1102 ἁγίων
549 1006 831 1098 Πατέρων,
884 1021 974 1076 καὶ
1027 1012 1446 1084 ἔπιϐεόαιώσας,
1505 1013 1593 1068 καὶ
1646 1006 1973 1102 ἀναθεματί-

323 1095 417 1176 σας
495 1095 731 1172 ἅπαντας
809 1107 937 1170 τοὺς
1023 1103 1348 1180 αἱρετικούς.
1411 1095 1815 1175 συνεργησᾶσης
1892 1095 1970 1156 είς

320 1208 479 1259 τοῦτο
507 1202 728 1270 καὶτῆς
780 1199 932 1272 ἁγίας
993 1193 1488 1270 μεγαλομάρτυρος
1546 1187 1851 1266 Εὐφημίας,
1883 1184 1971 1239 καὶ

318 1295 410 1348 τὸν
439 1293 566 1366 ερον
594 1295 694 1359 τῆς
726 1283 1065 1363 όρθοδοξίας,
1124 1283 1366 1357 καθάπερ
1418 1287 1582 1349 ζῶσα,
1615 1277 1974 1352 παρασχοῦσα

317 1387 432 1442 τοῖς
461 1375 794 1456 όρθοδόξοις.

319 1497 418 1554 Καὶ
451 1493 682 1565 ἄθλησις
741 1496 849 1547 τῶν
909 1490 1082 1565 ἁγίων
1148 1485 1437 1565 μαρτύρων
1486 1480 1852 1559 Ὀνησιφόρου
1883 1476 1973 1533 καὶ

983 1561 1319 1638 Πορφυρίου.

391 1687 447 1738 ⁸0
531 1687 628 1738 τοῦ
711 1683 946 1756 Χριστοῦ
1026 1677 1230 1753 μάρτυς
1316 1672 1676 1751 Ὀνησιφόροτ
1760 1671 1976 1742 ὑπῆρχε

328 1777 420 1840 μεν
453 1775 512 1829 ἐκ
538 1779 638 1843 τῆς
695 1769 914 1832 πόλεως
967 1766 1224 1833 Ἰκονίου,
1283 1763 1540 1839 συγγενὴς
1593 1759 1664 1815 ὢν
1693 1766 1792 1828 τῆς
1822 1759 1977 1834 βασι-

2078 558 2340 615 ferorum
2398 564 2638 615 Patrum
2698 561 2945 632 synodo,
3015 579 3137 616 non
3195 563 3372 617 modo
3429 563 3731 619 infelicem

2082 651 2120 702 ‘I
2138 651 2236 703 70
2265 666 2332 705 ac
2355 650 2640 704 miserum
2665 651 2987 720 Entychen,
3016 653 3266 721 ejusque
3287 652 3546 706 asseclas
3578 669 3733 708 ever-

2080 738 2186 803 tit;
2220 755 2423 793 verum
2483 739 2662 794 etiam
2719 739 3122 794 Arianismum
3154 741 3389 810 penitus
3420 741 3733 810 destruxit,

2082 843 2316 881 sacrum
2349 834 2690 883 sanctorum
2725 829 2964 883 Patrum
2996 828 3332 898 symbolum
3369 830 3735 885 confirmans

2081 931 2148 971 ac
2201 916 2532 983 stabiliens,
2589 916 3020 988 hareticosque
3081 934 3288 973 omnes
3344 919 3736 974 anathemati-

2080 1024 2240 1073 zans,
2272 1024 2406 1062 cum
2460 1008 2520 1062 in
2580 1008 2640 1062 id
2699 1024 2941 1077 Operam
2993 1024 3160 1062 suam
3192 1014 3250 1062 et
3279 1015 3484 1064 sancta
3522 1025 3738 1080 magna

2083 1101 2308 1166 martyr
2337 1095 2663 1167 Euphemia
2693 1097 3100 1169 conjungeret,
3134 1101 3192 1152 et
3221 1096 3562 1152 orthodoxa
3596 1097 3732 1152 fidei

2086 1185 2520 1255 definitionem,
2583 1191 2866 1256 tanquam
2922 1187 3147 1253 vivens,
3200 1186 3542 1241 orthodoxis
3573 1203 3732 1257 pra-

2083 1274 2271 1331 beret.

2086 1482 2155 1536 Et
2211 1485 2483 1535 certamen
2540 1486 2852 1606 sanctorlam
2899 1485 3229 1604 hmartyrum
3308 1479 3634 1549 Onesiphori
3684 1485 3738 1533 et

2794 1568 2893 1606 orn
2937 1568 3068 1606 urn.

2794 1568 3068 1622 orpnyrn.

2161 1659 2564 1731 Onesiphorus
2613 1658 2828 1713 Christi
2908 1662 3153 1730 martyr,
3214 1675 3284 1712 ex
3332 1657 3477 1713 urbe
3535 1658 3736 1712 Iconio

2089 1747 2398 1815 oriundus,
2451 1748 2649 1803 affinis
2704 1748 3046 1819 Tryphana
3105 1745 3523 1818 imperatricis,
3556 1745 3739 1800 Iconii

326 1834 519 1933 ίσσης
551 1834 877 1938 Τρυφαίνηςο
909 1857 1142 1929 κατῴκει
1201 1852 1258 1909 δὲ
1314 1834 1371 1908 ἐν
1537 1849 1697 1905 πόλει
1731 1846 1976 1938 Ἰκονίου.

2100 1837 2394 1902 habitavit,
2426 1836 2528 1891 ubi
2588 1841 2646 1891 et
2702 1835 3033 1908 suscipiens
3090 1850 3371 1907 magnum
3403 1834 3738 1906 apostolum

324 1955 489 2008 Ἴιῖνθα
518 1950 605 2006 καὶ
658 1935 944 2020 δεξάμενος
989 1947 1080 2000 τὸν
1140 1942 1308 2018 μέγαν
1365 1941 1670 1996 ἀπόστολον
1733 1935 1970 2003 Παῦλον,

325 2039 590 2116 ἐδιδάχθη
643 2038 731 2094 ὑπ’
788 2037 993 2092 ἐκείνου
1048 2033 1140 2088 τὸν
1199 2030 1365 2106 λόγον
1422 2037 1525 2099 τῆς
1571 2025 1970 2116 ἀληθείας,καὶ

326 2112 638 2208 βαπτισθεὶς
694 2126 938 2196 πανοικὶ,
993 2123 1253 2196 ἐκήρυττε
1301 2121 1392 2176 τὸν
1453 2117 1712 2192 Χριστόν.
1747 2115 1844 2170 Καὶ
1886 2112 1976 2169 διὰ

318 2204 481 2278 τοῦτο
514 2217 794 2295 διωχθεὶς,
853 2214 911 2270 έκ
966 2217 1062 2269 τοῦ
1113 2209 1346 2295 Ἰκονίου
1397 2207 1669 2295 ἀπελθὼν,
1717 2204 1974 2278 κατῴκη-

323 2333 408 2366 σεν
437 2310 514 2373 είς
543 2309 607 2364 τὸ
639 2294 856 2380 Πάριον.
891 2299 1144 2378 Εὕπορος
1200 2298 1257 2355 δὶ
1310 2294 1407 2370 ὤν,
1439 2294 1658 2364 πολλὴν
1691 2299 1798 2350 τῶν
1826 2315 1974 2348 πτω-

324 2407 440 2477 χῶν
474 2401 711 2455 έποιεῖτο
754 2404 1037 2469 πρόνοιαν.
1094 2389 1273 2447 Ἀλλά
1321 2387 1430 2477 καὶ,
1465 2391 1546 2458 τῷ
1605 2383 1807 2477 Παύλῳ
1837 2384 1974 2477 πρδς

443 2486 800 2559 Ἱεροσόλυμα
855 2481 1225 2557 ἀπερχομένῳ
1304 2475 1493 2533 πολλά
1575 2476 1843 2551 χρήματα
1901 2471 1976 2534 είς

327 2577 602 2635 διακονίαν
659 2579 767 2631 τῶν
819 2570 1071 2648 ίιδελφῶν
1130 2566 1352 2637 δέδωκε,
1410 2566 1500 2621 καὶ
1559 2564 1695 2640 πρὸς
1751 2563 1976 2635 Ῥώμην

329 2666 658 2741 ἀπαγομένῳ
697 2660 906 2735 δεσμίῳ
959 2656 1432 2728 κατηκολούθησε.
1493 2654 1592 2708 Καὶ
1644 2650 1977 2726 προτραπεὶς

332 2757 419 2812 ὐπ’
452 2756 680 2822 ἐκείνου,
730 2749 895 2806 πάλιν
955 2744 1224 2804 κατέλαῦε
1277 2746 1339 2799 τὸ
1393 2744 1610 2818 Πάριον·
1645 2741 1743 2796 Καὶ
1774 2761 1977 2815 κρατη-

329 2845 442 2907 θεὶς
477 2845 579 2899 ὑπὸ
608 2846 704 2897 τοῦ
735 2839 1004 2916 ἄρχοντος
1049 2838 1164 2909 ἅμα
1217 2837 1296 2905 τῷ
1354 2830 1538 2904 δούλῳ
1568 2831 1731 2885 αὐτοῦ
1764 2835 1979 2904 Πορφυ-

332 2934 456 3005 ρὶῳ,
509 2914 852 2998 ἐϐασανίσθηξ
917 2927 1051 2982 Εἶτα
1103 2922 1317 2998 ἀγρίοις
1395 2919 1585 2982 ἷπποις
1640 2914 1980 2992 προσδεθεὶς,

328 3021 418 3075 καὶ
451 3019 631 3094 συρεὶς
682 3014 843 3089 μίλια
901 3010 1284 3084 δεκατέσσαρα,
1342 3005 1626 3082 παρέδωκε
1653 3005 1716 3060 τὸ
1746 3007 1977 3076 πνεῦμα·

332 3091 828 3184 Συγκακοπαθήσας
922 3099 980 3156 δὲ
1073 3099 1220 3171 αὐτῷ
1294 3096 1385 3152 καὶ
1450 3097 1478 3150 ὁ
1559 3093 1887 3184 Πορφύριος-
1926 3091 1979 3146 ἐν

2085 1926 2356 1993 Paulum,
2379 1925 2450 1981 ab
2471 1942 2537 1981 eo
2560 1925 2802 1980 verbum
2824 1925 3089 1980 veritatis
3114 1923 3378 1991 edoctus,
3402 1929 3579 1994 atque
3603 1939 3738 1978 cum

2084 2021 2207 2070 tota
2237 2016 2412 2070 domo
2443 2015 2791 2091 baptizatus,
2827 2014 3121 2069 Lhristum
3165 2012 3542 2086 pradicabat.
3575 2013 3737 2077 Qua-

2084 2113 2327 2179 propter
2347 2106 2695 2178 exagitatus,
2720 2107 2919 2160 Iconio
2942 2106 3225 2177 migrans,
3252 2104 3312 2158 in
3334 2105 3548 2158 Parum
3571 2103 3738 2172 abiit,

2085 2195 2286 2267 ibique
2313 2200 2714 2251 commoratus
2765 2185 2874 2250 εει.
2929 2195 3071 2250 Cum
3129 2200 3326 2249 autem
3357 2193 3740 2248 facultatibus

2084 2285 2356 2340 afﬂueret
2399 2284 2718 2356 plurimam
2740 2301 3068 2356 pauperum
3100 2300 3304 2339 curam
3333 2282 3593 2355 gerebat.
3629 2279 3741 2335 Sed

2087 2380 2145 2428 et
2197 2373 2375 2429 Paulo
2429 2373 2837 2444 Hierosolyma
2877 2373 3140 2439 abeunti,
3188 2372 3406 2427 multas
3455 2387 3597 2442 opes
3637 2386 3741 2440 pro

2085 2465 2334 2519 fratrum
2370 2463 2700 2518 ministerio
2742 2462 3015 2529 contulit,
3058 2461 3454 2532 eumdemque
3479 2461 3740 2513 vinctum

2088 2555 2332 2609 Romam
2367 2553 2612 2607 missum
2646 2559 2882 2607 secutus
2914 2557 3023 2618 est,
3057 2551 3228 2622 cujus
3257 2551 3493 2605 hortatu
3525 2550 3741 2602 iterum

2088 2643 2147 2697 in
2182 2645 2396 2697 Parum
2428 2641 2626 2696 rediit.
2658 2640 3134 2711 Comprehensus
3183 2646 3381 2694 autem
3413 2653 3445 2692 a
3487 2635 3739 2709 praside

2089 2747 2208 2785 una
2229 2747 2362 2784 cum
2394 2745 2560 2783 servo
2584 2745 2689 2783 suo
2714 2728 3062 2800 Porphyrio,
3091 2727 3404 2782 tormentis
3436 2725 3739 2796 subjectus

2091 2825 2212 2874 est:
2248 2819 2384 2872 dein
2416 2817 2712 2871 ferocibus
2745 2817 2914 2887 equis
2959 2815 3260 2887 alligatus,
3293 2820 3352 2868 et
3382 2813 3742 2868 milliaribus

2092 2905 2542 2979 quatuordecim
2601 2910 2888 2976 raptatus,
2949 2904 3224 2975 spiritum
3283 2901 3546 2957 tradidit.
3607 2902 3748 2956 Por-

2091 2995 2337 3068 phyrius
2368 3000 2564 3049 autem
2592 3009 2712 3048 una
2741 3009 2877 3047 cum
2910 2992 3013 3046 illo
3043 2991 3106 3045 in
3139 2990 3441 3057 omnibus,
3476 3005 3606 3059 qua
3638 3005 3744 3059 pro

2091 3085 2210 3138 Deo
2234 3081 2536 3148 sustinuit,
2562 3081 2990 3136 certaminibus
3013 3083 3311 3135 tormenta
3330 3077 3748 3150 passus,vitam

327 3172 486 3252 πᾶσιν
563 3195 727 3250 αὐτοῦ
799 3196 916 3255 τοῖς
988 3191 1124 3246 κατά
1199 3187 1327 3242 Θεὸν
1403 3183 1793 3262 ἀγωνίσμασιν,
1871 3180 2058 3280 its-C
2097 3172 2304 3227 ﬁniVit-

333 3287 561 3357 λειώθη.

1073 3393 1230 3469 ἁγίου
1334 3393 1607 3467 μάρτυρος
1709 3389 1983 3462 Αθηνογὲ-

1090 3486 1238 3527 νους.

331 3403 434 3460 Καὶ
535 3399 765 3471 ἄθλησις
861 3400 959 3452 τοῦ

406 3587 766 3663 Ἀθηνογένης
817 3587 846 3640 ὁ
902 3583 1230 3659 ἱερομάρτυς
1285 3579 1350 3649 ἧν
1418 3578 1511 3651 μὶν
1567 3577 1627 3632 ἐκ
1677 3583 1778 3646 τῆς
1811 3569 1984 3663 256a-

341 3682 514 3740 στείας
546 3661 631 3733 ἐπὶ
666 3674 1058 3745 Διοκλητιανοῦ
1105 3673 1202 3726 τοῦ
1254 3665 1543 3743 βασιλέως.
1595 3665 1892 3740 Κρατηθεὶς
1931 3661 1988 3717 δὶ

347 3768 452 3823 ὑπὸ
501 3770 596 3822 τοῦ
645 3763 914 3838 ἡγεμόνος
974 3759 1106 3833 μετά
1160 3761 1267 3812 τῶν
1328 3753 1454 3810 δέκα
1511 3757 1770 3826 μαθητῶν
1805 3751 1988 3822 αὐτοῦ,

344 3857 433 3913 καὶ
464 3854 682 3916 πολλὰς
719 3851 984 3930 βασάνους
1042 3847 1136 3902 σὺν
1198 3845 1380 3906 αὐτοῖς
1441 3842 1739 3916 ὑπομείνας
1774 3840 1862 3896 διὰ
1889 3841 1991 3910 τὴν

346 3947 424 4011 εὶς
467 3947 694 4016 Χριστὸν
742 3941 982 4017 ἀγάπην,
1038 3936 1350 3992 τελευταῖον
1398 3935 1498 4002 τήν
1551 3930 1637 3986 διὰ
1681 3935 1779 3986 τοῦ
1810 3931 1996 4009 ξίφους

345 4035 556 4105 ἐδέξατο
611 4031 892 4099 τελευτήν.
956 4025 1179 4100 Λέγεται
1238 4020 1295 4077 δὲ
1348 4019 1472 4095 περὶ
1532 4019 1716 4088 αὐτοῦ,
1768 4021 1850 4074 δτι
1889 4018 1996 4093 πρὸ

343 4129 440 4180 τοῦ
469 4122 828 4198 κρατηθῆναι,
889 4114 1138 4176 ἀπελθὼν
1199 4112 1274 4174 εἰς
1328 4111 1391 4165 τὸ
1451 4106 2000 4183 μοναστήριον,τοὶ›ς

351 4194 593 4288 μαθητὰς
655 4208 755 4283 οὐχ
818 4206 983 4281 εὗρεν·
1046 4200 1553 4276 προκατεσχέθησαν
1612 4200 1738 4273 γάρ·
1797 4199 1896 4268 τήν
1945 4194 2003 4252 δὶ

350 4287 722 4372 ῦπαντήσασαν
801 4295 948 4368 αὐτῷ
1030 4291 1251 4370 ἔλαφον,
1331 4288 1399 4358 ἣν
1486 4289 1769 4364 ἀνέθρεψεν
1824 4287 1875 4341 ἐν
1932 4290 2002 4361 τῇ

355 4395 518 4465 μονῇ,
577 4386 894 4463 εὐλόγησεν,
979 4381 1070 4437 καὶ
1159 4377 1448 4451 ἐπηύξατο,
1506 4377 1583 4450 μὴ
1652 4377 2003 4448 κυριευθῆναι

352 4464 456 4537 ὗπὸ
514 4483 622 4534 τῶν
677 4477 985 4548 κυνηγετῶν
1044 4471 1135 4526 καὶ
1205 4469 1268 4524 τὸ
1335 4467 1550 4540 σπέρμα
1607 4466 1796 4534 αὐτῆς
1856 4464 2002 4520 ἀλλά

2095 3371 2242 3425 171
2301 3368 2588 3424 Certamen
2640 3370 2982 3424 sacrosancti
3034 3369 3298 3437 martyris
3357 3367 3748 3435 Athenogenis.

2172 3573 2586 3646 Athenogenes
2619 3572 2835 3628 Christi
2867 3576 3263 3643 sacromartyr
3293 3571 3531 3627 Sebaste
3565 3576 3750 3638 ortus,

2100 3662 2464 3717 Diocletiano
2498 3663 2849 3734 imperante,
2883 3678 3003 3716 una
3032 3677 3166 3716 cum
3208 3660 3413 3716 decem
3445 3659 3754 3730 discipulis

2102 3750 2224 3806 suis
2248 3751 2424 3822 jussu
2481 3749 2750 3822 prasidis
2805 3750 3296 3821 comprehensus,
3338 3765 3473 3804 cum
3534 3748 3754 3804 multos

2103 3839 2399 3895 cruciatus
2430 3856 2535 3911 pro
2567 3839 2782 3893 Christi
2816 3854 3017 3894 amore
3045 3837 3225 3893 simul
3255 3854 3389 3892 cum
3423 3837 3542 3892 illis
3575 3838 3756 3892 susti-

2103 3929 2352 3992 nuisset,
2387 3935 2750 4000 postremum
2784 3927 2978 4000 gladio
3008 3928 3189 3982 finem
3220 3926 3759 3998 accepit.Narratur

2105 4026 2301 4073 autem
2335 4017 2406 4071 de
2440 4017 2564 4086 illo,
2591 4016 2748 4088 quod
2780 4021 3100 4087 antequam
3127 4014 3755 4087 comprehenderetur,

2104 4106 2177 4162 ad
2214 4108 2638 4162 monasterium
2677 4106 2998 4178 profectus,
3032 4104 3357 4178 discipulos
3383 4120 3761 4176 nequaquam

2104 4195 2331 4250 invenit
2357 4211 2369 4249 :
2402 4195 2624 4250 detenti
2651 4196 2811 4250 enim
2835 4195 3092 4250 fuerant.
3121 4195 3541 4252 Occurrentem
3565 4199 3762 4249 autem

2105 4285 2216 4339 sibi
2249 4301 2689 4355 cervam,quam
2715 4285 2778 4339 in
2810 4285 3170 4339 monasterio
3202 4282 3766 4349 educaverat,bene-

2105 4373 2273 4442 dixit,
2306 4373 2698 4444 promisitque
2728 4373 2876 4437 fore,
2909 4380 2976 4428 ut
3006 4377 3316 4428 venatores
3346 4387 3544 4442 neque
3577 4371 3764 4440 illam,

2105 4479 2301 4534 neque
2333 4464 2460 4534 ejus
2493 4480 2697 4518 semen
2728 4463 2790 4517 in
2823 4479 2990 4518 suam
3023 4468 3378 4533 potestatem
3404 4460 3765 4531 redigerent,

348 4573 468 4627 καθ’
500 4566 721 4624 ἕκαστον
756 4565 956 4640 χρόνον
985 4557 1130 4636 ἄγειν
1187 4559 1240 4614 ἰν
1292 4560 1360 4631 τῇ
1405 4558 1594 4629 μνήμῃ
1623 4556 1791 4610 αὐτοῦ
1823 4556 1984 4623 αὐτήν

2103 4552 2206 4607 sed
2220 4553 2282 4606 in
2296 4552 2481 4623 ipsius
2494 4551 2841 4607 memoriam
2855 4552 3065 4622 quovis
3079 4557 3343 4621 tempore
3360 4554 3557 4620 ageret
3570 4553 3626 4602 et
3639 4548 3769 4617 ipsa

349 4679 428 4727 τε,
476 4656 566 4711 καὶ
620 4654 714 4716 τάς
769 4652 820 4723 ἐξ
869 4650 1036 4719 αὐτῆς
1096 4645 1406 4720 μελλούσας
1461 4643 1734 4698 τίκτεσθαι
1791 4643 2004 4718 μόσχον

351 4747 466 4802 ἓνα.
496 4748 563 4804 Ὃ
594 4743 685 4800 καὶ
739 4743 980 4818 γέγονεν·
1026 4739 1241 4812 Ὀρᾶται
1280 4733 1380 4809 γὰρ
1416 4732 1548 4806 μετά
1600 4733 1703 4800 τήν
1755 4732 2005 4806 ἀναγνω-

353 4858 436 4891 σιν
489 4839 598 4890 τῶν
639 4832 805 4908 ἁγίων
843 4824 1186 4904 Εὐαγγελίων
1238 4823 1289 4880 έν
1344 4826 1412 4896 τῇ
1465 4819 1731 4892 ἐκκλησίᾳ
1759 4820 2006 4895 εἰσερχο-

360 4925 492 4999 μένη
526 4926 562 4993 ἡ
591 4919 818 4995 ἔλαφος,
847 4918 940 4974 καὶ
995 4917 1089 4971 τὸν
1151 4915 1361 4988 μόσχον
1393 4911 1564 4979 αὐτῆς
1616 4909 1900 4980 ἀνατίθησι
1928 4914 2009 4982 τῷ

357 5015 514 5091 ἁγίῳ,
545 5011 636 5068 καὶ
666 5010 830 5066 πάλιν
881 5007 1177 5081 ἐξέρχεται.
1228 5004 1324 5060 Ὄν
1372 5000 1592 5065 θύοντες
1623 5001 1675 5054 οἱ
1708 4999 2008 5091 συλλελεγῗ

361 5085 538 5176 μένοι,
573 5102 911 5176 εὐωχοῦνται
967 5095 1043 5158 εἲς
1093 5093 1247 5164 δόξαν
1304 5097 1402 5146 τοῦ
1459 5092 1876 5166 ἱερομάρτυρος,
1917 5085 2008 5142 καὶ

356 5195 552 5267 τιμήν.

923 5333 1101 5387 ΗΗΝΙ
1128 5332 1212 5382 ΤΩ
1241 5327 1439 5384 ΔΥΤΩ.

1151 5423 1227 5473 IZ'

570 5513 833 5584 Ἀθλησις
857 5516 957 5580 τῆς
988 5507 1140 5585 ἁγίας
1192 5505 1463 5582 μάρτυρος
1522 5504 1794 5577 Μαρινης.

433 5662 491 5718 Ἥ
550 5661 646 5713 τοῦ
701 5656 936 5730 Χριστοῦ
993 5651 1197 5726 μάρτυς
1252 5648 1468 5724 Μαρίνα
1521 5644 1766 5718 ὑπῆρχεν
1826 5642 1886 5700 ἐκ
1912 5652 2013 5715 τῆς

2117 4647 2173 4695 et
2189 4658 2320 4711 qua
2335 4658 2406 4696 ex
2423 4641 2552 4712 ipsa
2575 4641 2837 4695 catulum
2860 4639 3138 4711 paritura
3155 4636 3548 4702 essent.Quod
3566 4641 3766 4690 etcon-

2113 4730 2261 4802 tigit.
2287 4730 2422 4784 Visa
2453 4736 2538 4784 est
2571 4729 2730 4783 enim
2761 4734 2895 4799 post
2943 4733 3285 4782 sanctorum
3316 4725 3770 4798 Evangeliorum

2113 4818 2430 4873 lectionem
2459 4819 2520 4872 in
2553 4817 2866 4871 ecclesiam
2891 4815 3232 4887 ingrediens
3259 4832 3448 4877 cerva,
3472 4831 3603 4886 qua
3636 4829 3771 4868 cum

2115 4906 2364 4961 vitulum
2382 4923 2556 4960 suum
2580 4911 2782 4960 sancto
2807 4905 3141 4973 obtulisset,
3161 4921 3366 4959 rursus
3391 4920 3626 4976 egressa
3647 4908 3768 4958 est:

2117 5002 2177 5051 at
2210 4995 2377 5049 illum
2410 4995 2511 5065 qui
2544 4995 2603 5048 in
2638 4995 2891 5050 ecclesia
2933 4993 3168 5049 collecti
3199 5000 3388 5061 erant,
3421 4999 3772 5062 mactantes,

2119 5085 2369 5158 gloriam
2400 5085 2812 5155 honoremque
2861 5084 3014 5139 sacri
3065 5084 3342 5156 martyris
3371 5083 3772 5139 celebrarunt.

2681 5355 2921 5411 EODEM
2961 5355 3104 5409 MEN
3112 5354 3214 5408 SE.

2616 5445 2723 5499 Die
2754 5444 2986 5500 decima
3026 5443 3281 5514 septima

2408 5532 2690 5588 Certamen
2717 5538 2920 5588 sancta
2947 5533 3209 5601 martyris
3239 5533 3488 5587 Marina.

2193 5651 2418 5710 Marine
2447 5651 2662 5708 Christi
2693 5655 2917 5721 martyr
2946 5665 3016 5704 ex
3041 5647 3186 5704 urbe
3210 5647 3524 5707 Antiochia
3544 5640 3776 5701 Pisidia
