4184 6326
425 384 537 442 54⁸7

1715 376 2156 440 MENOLOGII
2199 373 2399 436 PARS
2445 374 2550 434 lll.

3718 375 3833 434 548

422 517 556 584 fuit,
617 513 742 570 illia
797 513 1078 570 Edesimi
1154 511 1450 569 idolorum
1528 510 1872 568 sacerdotis.
1923 511 2067 567 Cum

2183 504 2398 567 πόλεως
2431 503 2776 562 Ἀντιοχείας
2834 509 2937 574 τῆς
2993 500 3262 572 Πισιδίας,
3321 505 3560 580 θυγάτηρ
3617 501 3837 559 Δίδεσί-

423 615 621 665 autem
651 607 984 663 Christiana
1015 612 1190 674 esset,
1220 606 1669 677 comprehensa,
1695 609 1753 658 et
1780 603 1854 659 ad
1885 602 2070 657 Olim-

422 700 617 754 brium
650 697 963 770 praesidem
1023 696 1296 767 adducta,
1331 695 1654 766 multisque
1713 692 2071 749 cruciatibus

421 794 652 858 alfecta,
684 791 979 846 Christum
1013 806 1391 861 nequaquam
1423 786 1748 859 abnegavit,
1773 784 2071 839 idolorum

420 881 829 936 infirmitatem
860 879 1299 949 vanitatemque
1331 875 1629 931 deridens.
1663 875 1727 927 In
1773 888 2071 927 carcerem

418 970 617 1039 itaque
649 967 1000 1038 conjicitur:
1033 965 1134 1021 ubi
1158 965 1431 1036 apparuit
1462 963 1514 1018 ei
1545 961 1842 1016 maximus
1872 959 2069 1026 draco,

418 1064 730 1130 serpentes
759 1057 916 1112 circa
944 1055 1165 1111 collum
1198 1054 1444 1121 habens,
1477 1053 1578 1124 qui
1620 1051 1776 1106 circa
1807 1055 2072 1105 sanctam

421 1147 690 1214 sibilans,
749 1147 915 1201 illam
970 1146 1250 1200 devorare
1311 1142 1672 1198 minabatur.
1706 1143 1780 1195 At
1810 1139 1913 1195 illa
1943 1153 2072 1194 sese

420 1237 762 1309 obsignans,
795 1234 1104 1305 crucisque
1147 1235 1394 1306 figuram
1434 1231 1718 1298 formans,
1754 1245 1889 1284 eum
1920 1228 2074 1282 inte-

420 1327 614 1382 remit.
649 1328 860 1380 Postea
886 1325 946 1378 in
977 1324 1171 1379 lacum
1212 1340 1380 1393 aquas
1434 1321 1699 1392 projecta
1731 1325 1856 1374 est:
1891 1335 2074 1388 appa-

417 1431 675 1486 rensque
700 1413 976 1470 columba
1000 1416 1041 1468 Ι
1057 1414 1095 1467 7
1107 1413 1154 1468 2
1177 1428 1390 1483 aquam
1413 1409 1735 1475 benedixit,
1763 1409 2072 1478 ipsamque

425 1504 756 1576 baptizavit.
788 1505 1036 1576 Egressa
1066 1507 1264 1558 autem
1297 1518 1367 1557 ex
1398 1499 1551 1565 lacu,
1577 1503 1637 1553 et
1661 1497 1733 1552 ad
1757 1495 2071 1568 praesidem

418 1611 627 1651 rursus
659 1594 935 1661 adducta,
960 1593 1381 1662 Christumque
1401 1589 1589 1645 libere
1616 1587 1908 1654 confessa,
1935 1601 2070 1640 sen-

420 1684 668 1739 tentiam
699 1683 909 1754 capitis
940 1682 1187 1752 accepit.
1211 1680 1355 1736 Cum
1380 1679 1580 1750 itaque
1605 1676 1677 1732 ad
1701 1676 1900 1731 locum
1923 1691 2074 1730 mor-

423 1774 496 1828 tis
526 1774 786 1830 venisset
811 1778 869 1829 et
888 1772 990 1828 diu
1021 1775 1267 1837 orasset,
1297 1769 1487 1842 capite
1510 1767 1682 1840 plexa
1713 1772 1822 1822 est.

981 2050 1222 2107 EODEM
1261 2049 1405 2103 ΜΕΝ
1413 2046 1518 2104 SE.

953 2141 1054 2195 Die
1086 2138 1316 2193 decima
1353 2141 1556 2191 octava

676 2231 959 2286 Certamen
1005 2229 1186 2284 sancti
1221 2227 1483 2294 martyris
1520 2223 1826 2278 Emih’am’.

495 2347 845 2403 Aimilianus
867 2345 1081 2400 Christi
1106 2348 1332 2414 martyr
1351 2341 1464 2395 fuit
1491 2357 1561 2394 ex
1591 2338 1735 2392 urbe
1767 2335 2076 2392 Dorostolo

425 2437 619 2508 Mysia
643 2436 704 2490 in
725 2434 972 2490 Thracia
989 2430 1356 2502 temporibus
1370 2429 1395 2484 J
1405 2428 1588 2482 uliani
1609 2424 2077 2498 Apostataa.Cum

427 2533 624 2584 autem
656 2526 840 2581 ϐπ·ωοὶ
874 2522 1186 2595 cujusdam
1245 2536 1446 2576 servus
1487 2523 1661 2585 esset,
1707 2514 2076 2588 professione

425 2633 561 2672 vero
593 2615 990 2677 Christianus,
1023 2610 1523 2683 opportunitatem
1572 2611 1802 2672 nactus,
1835 2609 2074 2676 accepto

425 2705 642 2761 malleo
663 2705 866 2760 fanum
886 2701 1181 2757 idolorum
1204 2695 1854 2771 ingressus,simulacra
1874 2693 2076 2747 omnia

425 2795 718 2862 contrivit,
752 2800 810 2849 et
838 2792 1108 2846 victimas
1139 2787 1436 2860 dispersit.
1471 2787 1615 2841 Cum
1659 2802 1793 2840 vero
1821 2782 2074 2838 idolola-

422 2891 528 2940 traa
586 2890 890 2939 auctorem
947 2883 1076 2953 ejus
1128 2878 1266 2934 facti
1325 2878 1688 2949 ignorarent,
1748 2872 2071 2946 agricolam

419 2971 737 3043 quemdam
787 2965 1391 3040 comprehenderunt,
1451 2977 1706 3033 eumque
1761 2959 2070 3016 verberare

419 3067 743 3135 caeperunt,
769 3068 828 3116 et
856 3059 926 3117 ad
949 3058 1264 3132 praesidem
1287 3059 1616 3128 raptarnnt.
1641 3053 1808 3120 Quod
1830 3057 2070 3108 sanctus

415 3152 689 3221 intuitus,
713 3151 975 3222 seipsum
999 3146 1262 3214 tradidit,
1283 3145 1514 3200 dicens:
1540 3145 1654 3215 Ego
1678 3159 1809 3197 sum
1833 3142 1933 3212 qui
1959 3142 2069 3197 hoc

2185 616 2294 668 μου
2325 595 2513 669 ἱερέως
2565 597 2672 648 τῶν
2727 590 2997 650 εἰδώλων.
3057 595 3353 668 Χριστιανή
3416 591 3473 648 δὲ
3522 594 3654 648 οὖσα
3684 591 3835 668 ἐκρα-

2178 685 2343 756 τήθη,
2368 684 2457 738 καὶ
2490 687 2866 758 προσαχθεῖσα
2896 676 3209 755 Ὀλιμϐρίῳ
3239 680 3488 758 ἐπάρχῳ,
3520 689 3612 738 καί
3650 681 3838 738 πολλὰ

2184 773 2585 848 βασανισθεῖσα,
2641 772 2735 826 τὸν
2796 771 2890 843 μὲν
2947 772 3179 847 Χριστὸν
3239 770 3338 825 οὐκ
3393 773 3694 846 ἠρνήσατο,
3722 777 3832 826 τῶν

2181 860 2239 916 δὲ
2287 859 2533 916 εἰδώλων
2585 861 2686 928 τήν
2747 860 3016 915 ἄσθὲνειαν
3072 858 3164 914 καὶ
3219 860 3318 928 τὴν
3381 860 3717 932 ματαιότητα
3749 857 3834 915 δι-

2181 947 2494 1024 εχλεύασεν.
2524 947 2883 1020 Ἀπεκλεὶσθη
2945 949 3036 1003 οὖν
3095 949 3172 1012 εἰς
3229 947 3505 1023 φυλακὴν,
3547 950 3637 1004 καὶ
3669 948 3833 1026 ἐφάνη

2180 1038 2316 1112 αὐτῇ
2385 1035 2596 1112 δράκων
2673 1037 3054 1114 παμμεγέθης,
3133 1036 3278 1113 ἔχων
3340 1034 3492 1115 ὄφεις
3553 1038 3678 1113 περὶ
3742 1040 3836 1093 τὸν

2178 1125 2466 1202 τράχηλον
2497 1127 2684 1196 αὐτοῦ,
2717 1127 2804 1181 καὶ
2838 1125 3066 1198 συρίζων
3117 1125 3269 1202 πέριξ
3317 1130 3418 1190 τῆς
3464 1126 3642 1202 ἁγίας,
3673 1127 3835 1196 ἠπεί-

2183 1215 2268 1272 λει
2334 1221 2615 1270 καταπιεῖν
2685 1215 2875 1286 αὐτήν.
2955 1215 3051 1270 Καὶ
3127 1217 3672 1292 κατασφραγισαμένη
3742 1215 3834 1271 καὶ

2182 1307 2455 1376 ποιήσασα
2505 1306 2596 1360 τὸν
2653 1304 2825 1360 τύπον
2885 1308 2983 1360 τοῦ
3041 1309 3296 1378 σταυροῦ,
3331 1304 3619 1378 ἐνέκρωσεν
3647 1304 3836 1360 αὑτόν.

2181 1397 2315 1450 Εἶτα
2372 1393 2566 1472 ἐρρίφη
2628 1393 2704 1456 εἰς
2763 1392 2966 1449 λάκκον
3025 1392 3238 1455 ὕδατος
3299 1395 3386 1448 καὶ
3439 1400 3657 1472 φανεῖσα
3687 1415 3839 1470 περι-

2182 1484 2340 1559 στερᾶ
2370 1482 2643 1559 εὐλόγησε
2691 1484 2754 1539 τὸ
2813 1481 2983 1559 ὕδωρ,
3044 1485 3132 1540 καὶ
3183 1478 3465 1539 ἐϐάπτισεν
3518 1484 3709 1554 αὑτήν.
3738 1484 3840 1539 Καὶ

2178 1581 2280 1643 τῆς
2311 1573 2516 1646 λίμνης
2548 1572 2864 1644 ἐξελθοῦσα,
2895 1572 2986 1628 καὶ
3043 1573 3208 1629 πάλιν
3261 1578 3343 1646 τῷ
3401 1573 3631 1648 ἐπάρχῳ
3660 1593 3834 1646 παρα-

2182 1669 2367 1731 στᾶσα,
2434 1663 2525 1718 καὶ
2590 1663 2681 1718 τὸν
2759 1664 2986 1738 Χριστὸν
3065 1662 3344 1739 παρῥησίᾳ
3417 1662 3836 1738 όμολογησασα,

2183 1747 2344 1808 ἔλαϐε
2407 1754 2506 1822 τήν
2574 1750 2664 1807 διὰ
2720 1753 2905 1830 ξίφους
2963 1751 3252 1829 ἀπόφασιν.
3306 1751 3406 1807 Καὶ
3454 1746 3838 1808 καταλαϐοῦσα

2104 1841 2272 1942 Βτὸν
2319 1841 2485 1896 τόπον
2535 1848 2634 1911 τῆς
2685 1839 3045 1912 τελειώσεως,
3095 1841 3185 1896 καὶ
3253 1838 3493 1896 ἐπιπολὺ
3541 1840 3838 1916 προσευξα-

2185 1931 2344 2002 μένη,
2377 1928 2692 2001 ἐτελειώθη.

2733 2050 2914 2106 MHNI
2951 2055 3036 2127 re
3081 2053 3280 2128 arra.

2962 2141 2984 2194 Ι
3039 2145 3052 2165 ι

2359 2227 2626 2298 Ἀθλησις
2655 2231 2752 2283 τοῦ
2782 2226 2935 2302 ἁγίου
2987 2146 3260 2302 ἓάρτυρος
3304 2226 3653 2301 Αἰμιλιανοῦ.

2253 2345 2313 2400 Ὀ
2378 2347 2472 2398 τοῦ
2533 2346 2767 2420 Χριστοῦ
2836 2345 3043 2419 μάρτυς
3109 2343 3442 2416 Αἰμιλιανὸς
3497 2343 3740 2420 ὑπῆρχεν
3777 2343 3838 2398 ἐκ

2179 2431 2398 2495 πόλεως
2440 2430 2784 2507 Δοροστόλου
2835 2432 3042 2494 Μυσίας
3087 2439 3188 2501 τῆς
3238 2432 3452 2509 Θρᾴκης
3481 2432 3568 2487 ἐπὶ
3602 2430 3839 2489 Ἰουλια-

2178 2525 2272 2576 νοῦ
2300 2527 2400 2577 τοῦ
2435 2517 2776 2595 Παραϐάτου,
2834 2518 3033 2584 δοῦλος
3097 2522 3190 2594 μὲν
3248 2522 3538 2597 τυγχάνων
3582 2519 3838 2591 ΕΑληνὸς

2179 2632 2344 2675 νινος,
2394 2611 2717 2684 Χριστιανὸς
2773 2609 2830 2665 δὶ
2893 2608 3179 2685 ὑπάρχων·
3238 2611 3326 2665 καὶ
3382 2606 3568 2665 λαϐὼν
3618 2611 3831 2684 καιρὸν,

2179 2700 2441 2776 ἐκράτησε
2507 2705 2734 2778 σφῦραν,
2802 2699 2893 2755 καὶ
2961 2699 3213 2770 εἰσῆλθεν
3283 2699 3358 2762 εἷς
3420 2701 3513 2755 τὸν
3562 2703 3687 2754 ναὸν
3719 2704 3830 2754 τῶν

2177 2788 2449 2861 εἰδώλων,
2480 2791 2569 2845 καὶ
2601 2786 2883 2864 συνέτριψε
2921 2788 3094 2844 πάντα
3136 2789 3204 2844 τὰ
3254 2789 3568 2864 ἀγάλματα,
3617 2789 3706 2843 καὶ
3735 2788 3832 2850 τὰς

2177 2881 2359 2944 θυσίας
2393 2877 2788 2955 διεσκόρπισεν.
2825 2879 2891 2937 Ol.
2941 2877 2998 2933 δὲ
3051 2876 3476 2955 εἰδωλολάτραι,
3508 2879 3830 2953 ἀγνοοῦντες

2172 2971 2265 3025 τὸν
2320 2974 2482 3026 τοῦτο
2535 2971 2856 3040 ποιῆσαντα,
2917 2967 3216 3042 ἐκράτησαν
3274 2969 3512 3044 γηπόνον
3570 2969 3708 3038 τινα,
3740 2966 3829 3022 καὶ

2173 3058 2406 3135 ἤρξαντο
2471 3057 2688 3114 τύπτειν
2760 3059 2945 3128 αὑτὸν,
3013 3059 3100 3113 καὶ
3171 3058 3348 3133 σύρειν
3397 3058 3534 3134 πρὸς
3573 3059 3665 3113 τὸν
3707 3061 3827 3134 ἠγεο

2177 3150 2335 3222 μόνα.
2387 3148 2525 3205 Τότε
2570 3149 2598 3203 6
2650 3149 2801 3224 ἅγιος
2844 3145 2994 3218 ἰδὼν,
3044 3145 3354 3223 παρέδωκεν
3389 3148 3598 3218 ἑαυτὸν,
3634 3144 3830 3222 λέγων’

416 3240 550 3296 feci.
578 3239 880 3296 Adductus
909 3239 1088 3309 igitur
1135 3235 1208 3290 ad
1241 3232 1576 3305 praesidem,
1611 3231 1740 3302 ejus
1777 3231 2067 3301 insipien-

2178 3238 2324 3313 Ἐγώ
2355 3237 2467 3310 εἰμι
2515 3239 2544 3292 6
2590 3241 2753 3292 τοῦτο
2802 3236 3143 3307 πεποιηκώς.
3197 3237 3415 3312 Ἀχθεὶς
3447 3238 3540 3292 οὗν
3572 3235 3710 3312 πρὸς
3738 3236 3830 3291 τὸν

419 3330 561 3383 tiam
592 3327 878 3399 coarguit,
910 3330 1113 3397 utpote
1154 3323 1254 3394 qui
1283 3322 1448 3376 vanis
1477 3319 1653 3374 idolis
1685 3319 1862 3375 ﬁdem
1892 3317 2064 3374 adhi-

415 3419 602 3474 beret.
632 3417 1026 3484 Quamobrem
1054 3414 1128 3470 ad
1158 3412 1527 3468 iracundiam
1556 3409 1726 3465 illum
1754 3409 2064 3478 excitavit;

417 3507 713 3578 virgisque
769 3505 1088 3561 durissime
1145 3519 1353 3566 census,
1388 3517 1524 3555 cum
1573 3499 1635 3553 in
1693 3497 2064 3554 confessione

417 3596 632 3650 Christi
661 3599 1057 3667 permaneret,
1113 3591 1229 3664 igni
1290 3588 1566 3654 traditus,
1601 3587 1661 3642 in
1705 3586 1902 3642 medio
1935 3587 2066 3658 ejus

413 3684 776 3740 benedicens
833 3690 891 3739 et
944 3680 1197 3738 laudans
1252 3681 1459 3746 Deum,
1503 3683 1770 3732 sanctam
1801 3677 2064 3731 animam

413 3773 658 3829 dimisit.

487 3893 557 3946 Et
587 3898 858 3947 certamen
901 3891 1080 3946 sancti
1126 3889 1384 3958 martyris
1428 3885 1732 3956 Hyacinthi
1775 3887 1832 3938 in
1863 3883 1994 3938 urbe

1081 3959 1406 4016 Amastride.

1127 3967 1406 4016 mastrtde.

486 4079 848 4150 Hyacinthus
868 4077 1080 4133 Christi
1103 4081 1349 4146 martyr,
1369 4073 1481 4146 piis
1499 4072 1844 4144 parentibus
1865 4077 2061 4137 natus,

415 4174 644 4237 patrem
657 4165 1519 4231 habuitTheoclitum,matrem
1534 4163 1576 4215 Ν
1584 4161 2067 4227 eonillam,Hera-

417 4255 530 4310 clio
544 4255 897 4311 Amastridis
911 4254 1206 4326 episcopo.
1227 4251 1372 4307 Huic
1394 4266 1614 4304 nomen
1630 4249 1702 4304 ab
1718 4248 1926 4321 angelo
1949 4248 2064 4302 im-

413 4345 674 4417 positum
705 4350 814 4402 est.
845 4342 1117 4399 Triennis
1170 4346 1369 4397 autem
1420 4339 1632 4409 factus,
1675 4354 1927 4410 puerum
1959 4337 2063 4392 de-

409 4433 681 4489 functum
703 4432 931 4489 Christo
954 4432 1224 4486 invocato
1241 4429 1313 4484 ad
1335 4428 1512 4484 vitam
1532 4424 2066 4482 revocavit.Adulta

414 4543 550 4582 cum
574 4527 789 4582 virtute
821 4529 1014 4592 aetate,
1037 4522 1316 4578 canitiem
1345 4518 1650 4593 praevenit,
1681 4517 1884 4572 multis
1906 4516 2056 4571 inte-

2173 3325 2438 3402 ἡγεμόνα,
2487 3323 2684 3398 ἤλεγξε
2734 3325 2834 3394 τήν
2885 3324 3065 3381 ἄνοιαν
3118 3325 3307 3395 αὑτοῦ,
3341 3326 3415 3388 ὡς
3456 3324 3543 3380 ἐπὶ
3580 3326 3832 3398 ματαίοις

2169 3414 2467 3469 πεποιθότα
2515 3411 2791 3475 εἰδώλοις,
2843 3415 2943 3471 Καὶ
2997 3412 3086 3469 διὰ
3131 3418 3294 3470 τοῦτο
3344 3413 3424 3476 εἷς
3473 3413 3643 3489 ὀργῆν
3673 3416 3834 3486 κινή-

2169 3525 2263 3566 σας
2318 3503 2500 3569 αὑτὸν,
2560 3502 2757 3581 ἐτύφθη
2820 3500 3078 3577 σφοδρῶς
3137 3503 3271 3576 μετᾶ
3329 3499 3711 3579 ῥαϐδίων,καὶ
3745 3500 3823 3557 ἔτι

2169 3589 2419 3662 ἐμμενων
2477 3593 2546 3663 τῇ
2605 3590 2680 3652 εἰς
2735 3591 2963 3666 Χριστὸν
3025 3590 3328 3665 ὁμολογίᾳ,
3360 3589 3636 3664 παρεδόθη
3668 3590 3822 3664 πυρί,

2170 3680 2271 3736 Καὶ
2341 3680 2499 3752 μέσον
2569 3679 2734 3734 αὑτοῦ
2800 3681 2893 3735 τὸν
2961 3681 3090 3735 Θεὸν
3157 3680 3401 3755 εὐλογῶν
3440 3681 3529 3736 καὶ
3561 3678 3826 3753 δοξάζων,

2167 3769 2342 3845 ἀφῆκε
2371 3771 2468 3838 τήν
2503 3771 2660 3844 ἁγίαν
2695 3771 2905 3844 ψυχήν.

2169 3885 2264 3940 Καὶ
2297 3883 2526 3954 ἄθλησις
2585 3889 2682 3940 τοῦ
2741 3886 2901 3960 ἁγίου
2951 3887 3238 3960 Δμάρτυρος
3299 3885 3597 3959 Ὑακίνθου,
3635 3890 3732 3941 τοῦ
3765 3884 3818 3941 ἐν

2819 3957 2878 4011 Ἀ
2892 3955 3168 4032 μάστριδί,

2235 4071 2510 4134 Ὑάκινθος
2560 4073 2588 4127 6
2636 4075 2733 4127 τοῦ
2793 4073 3030 4146 Χριστοῦ
3091 4073 3315 4147 μάρτυς,
3345 4073 3411 4142 ἦν
3444 4071 3648 4147 γονέων
3680 4071 3823 4127 εὐσε-

2167 4157 2278 4217 ϐῶν
2312 4163 2452 4230 υἱὸς,
2511 4161 2826 4230 Θεοκλήτοῦ
2884 4161 2973 4216 καὶ
3034 4159 3342 4233 Νεονίλλης
3375 4162 3462 4217 ἐπὶ
3493 4161 3822 4236 Ἡρακλείου

2164 4249 2464 4306 ἐπισκόπου
2518 4247 2906 4324 Ἀμάστριδος.
2964 4253 3149 4312 Ὅστις
3203 4247 3378 4324 ὄνομα
3435 4252 3538 4306 ὑπὸ
3593 4255 3692 4306 τοῦ
3723 4252 3826 4328 ἀγ-

2163 4341 2330 4416 γέλου
2378 4338 2612 4412 ἐδέξατο.
2665 4341 2769 4398 Καὶ
2815 4342 3031 4415 τριετὴς
3087 4343 3405 4417 γενόμενος,
3453 4345 3522 4414 τῇ
3572 4345 3670 4396 τοῦ
3699 4342 3826 4413 Χρι-

2167 4433 2294 4485 στοῦ
2351 4427 2637 4500 ἐπικλήσει
2696 4427 2912 4486 παιδίον
2993 4431 3250 4501 ἀνέστησε
3305 4426 3561 4496 τεθνειὸς.
3625 4437 3826 4485 Συναυ-

2167 4521 2464 4594 ξανομένης
2532 4517 2588 4574 δὲ
2652 4523 2722 4594 τῇ
2788 4519 2986 4593 ἡλικιᾳ
3049 4527 3149 4590 τῆς
3218 4521 3437 4596 ἀρετῆς,
3504 4519 3616 4573 ἐπεὶ
3679 4519 3815 4592 πρὸς

413 4617 528 4671 rim
545 4615 848 4672 miraculis
865 4613 1238 4687 perpetratis.
1265 4609 1480 4665 Videns
1498 4614 1691 4664 autem
1717 4606 2063 4661 idololatras

2177 4609 2367 4664 πολιὰν
2425 4604 2640 4687 ἔφθασε,
2699 4608 2916 4673 πολλὰς
2989 4609 3183 4684 μεταξὺ
3239 4595 3676 4684 θαυματουργίας
3735 4627 3824 4661 πε-

416 4703 656 4758 arbores
711 4702 1120 4774 superstitiose
1173 4699 1440 4764 adorare,
1485 4710 1794 4768 proceram
1843 4708 2058 4763 nempe

413 4793 754 4864 cultamque
786 4793 1036 4859 ulmum,
1070 4791 1237 4847 illam
1269 4787 1506 4845 excidit.
1542 4788 1827 4843 Retentus
1859 4783 2057 4855 igitur,

412 4880 701 4937 adductus
731 4888 820 4938 est
849 4883 923 4938 ad
952 4881 1290 4955 prasidem,
1325 4885 1383 4933 et
1411 4877 1484 4933 ad
1515 4874 1680 4931 urbis
1710 4871 2059 4928 Amastridis

413 4969 747 5041 optimates.
772 4971 1035 5041 Cumque
1055 4970 1308 5043 graviter
1325 4965 1683 5038 vapulasset,
1717 4961 1934 5018 evulsis
1965 4977 2052 5016 ra-

413 5059 629 5115 dicitus
661 5062 814 5116 173
847 5061 1149 5123 dentibus,
1172 5057 1414 5114 funibus
1445 5057 1742 5128 alligatus,
1768 5059 1934 5108 extra
1962 5069 2062 5108 ur-

412 5149 547 5204 bem
578 5155 843 5222 raptatus
874 5157 983 5218 est,
1015 5149 1321 5219 acutisque
1361 5145 1754 5201 arundinibus
1786 5149 2058 5214 punctus.

411 5238 634 5294 Deinde
667 5240 730 5294 in
760 5257 1058 5295 carcerem
1105 5239 1432 5309 conjectus,
1481 5234 1754 5305 spiritum
1795 5234 1911 5287 Deo
1945 5237 2060 5287 tra-

413 5325 580 5381 didit.
605 5329 744 5399 Ejus
763 5334 958 5383 autem
982 5325 1251 5396 reliquiae
1273 5325 1335 5379 in
1359 5322 1566 5379 eadem
1586 5321 1731 5376 urbe
1753 5319 2061 5391 deposita),

406 5416 745 5474 curationes
776 5423 1061 5490 perpetuo
1091 5414 1369 5472 fundunt.

589 5617 664 5669 Et
693 5621 965 5670 certamen
1009 5620 1209 5670 sanctae
1253 5611 1512 5680 martyris
1557 5606 1882 5662 Theodosia.

483 5712 814 5770 Theodosia
868 5713 1083 5770 Christi
1141 5717 1388 5783 martyr,
1418 5710 1747 5779 imperante
1776 5705 2062 5762 Constan-

2170 4699 2440 4770 ποιηκὼς,
2473 4699 2614 4774 ὁρῶν
2659 4698 2786 4762 τοὺς
2832 4697 3240 4774 εἷδωλολᾶτρας
3275 4696 3467 4774 δένδρα
3497 4694 3828 4772 θρησκεύον-

2167 4809 2284 4851 τας’
2317 4791 2476 4843 τοῦτο
2511 4785 2566 4841 δὲ
2595 4787 2662 4856 ἧν
2707 4785 2941 4843 πτελαία
2989 4785 3305 4866 διάκουφος,
3337 4787 3426 4843 καὶ
3455 4784 3814 4863 τετριμμένη,

2169 4876 2410 4950 ἐξέτεμεν
2466 4875 2619 4932 αὑτό.
2693 4877 3062 4952 Κατασχεθείς
3149 4877 3241 4933 οὖν
3329 4878 3480 4952 ⁴ἢχθη
3542 4876 3680 4950 πρὸς
3733 4873 3823 4929 τὸν

2171 4965 2430 5044 ἄρχοντα,
2483 4967 2573 5022 καὶ
2630 4967 2769 5043 πρὸς
2826 4969 2951 5030 τοὺς
3027 4975 3127 5039 τῆς
3187 4967 3402 5031 πόλεως
3462 4963 3827 5040 Ἀμάστριδος

2175 5056 2564 5130 ὑπερέχοντας.
2663 5054 2759 5111 Καὶ
2851 5055 3071 5134 τυφθεὶς
3156 5054 3429 5136 σφοδρῶς,
3498 5054 3823 5131 ἐξερῥιζώθη

2171 5144 2298 5209 τοὺς
2328 5143 2571 5209 ὀδόντας’
2622 5143 2713 5199 καὶ
2772 5142 2946 5207 δεθεὶς
3004 5146 3296 5221 σχοινίοις,
3352 5144 3569 5221 ἐσύρετο
3601 5142 3701 5214 ἔξω
3731 5148 3829 5212 τῆς

2173 5233 2414 5302 πόλεως,
2447 5233 2537 5290 καί
2567 5232 2843 5308 καλάμοις
2893 5231 3033 5306 ὀξέσι
3092 5241 3481 5292 κατεκεντεῖτο.
3513 5237 3652 5292 Εἶτα
3686 5233 3826 5308 βλη-

2173 5323 2284 5387 θεὶς
2317 5321 2370 5377 ἐν
2401 5325 2470 5396 τῇ
2501 5320 2742 5399 φυλακῇ,
2773 5328 2854 5396 τῷ
2901 5329 3018 5397 Θεῷ
3071 5324 3133 5379 τὸ
3188 5328 3402 5398 πνεῦμα
3431 5322 3716 5398 παρέθετο.
3751 5319 3830 5376 Τὸ

2174 5410 2232 5466 δὲ
2263 5411 2516 5486 λείψανον
2548 5409 2713 5468 αὑτοῦ
2743 5415 3001 5486 κατετέθη
3060 5413 3112 5469 ἐν
3172 5414 3310 5488 αὐτῇ
3340 5417 3408 5488 τῇ
3448 5411 3632 5483 πόλει,
3664 5407 3828 5485 βρύον

2175 5498 2414 5566 ἀεννάως
2444 5501 2668 5575 ἰάματα.

2317 5606 2420 5664 Καὶ
2450 5603 2686 5679 ἄθλησις
2728 5615 2831 5679 τῆς
2878 5607 3029 5672 ὁσίας
3063 5610 3334 5684 μάρτυρος
3364 5604 3685 5667 Θευδοσίας.

2245 5705 2306 5762 Ἦ
2363 5710 2463 5761 τοῦ
2532 5711 2772 5780 Χριστοῦ
2840 5707 3046 5784 μάρτυς
3109 5704 3368 5764 Θεοδοσία
3431 5705 3677 5778 ὑπῆρχεν
3741 5701 3829 5757 ἐπὶ
