4184 6326
409 347 528 409 549

1955 329 2250 395 JULIUS.

3695 345 3815 408 550

409 486 510 551 τῆς
541 475 824 555 βασιλείας
856 469 1262 534 Κωνσταντίνου
1291 473 1388 528 τοῦ
1418 464 1789 538 Καϐαλλίνου,
1811 464 1906 555 ⁸ἐκ
1956 466 2055 534 τῆς

2174 465 2292 521 tino
2325 465 2731 536 Caballino,ex
2742 467 2888 524 urbe
2909 469 3421 542 Constantinopoli
3442 473 3814 546 fuit,piorum

415 551 1063 634 Κωνσταντινουπόλεως,
1123 563 1360 640 θυγάτηρ
1416 558 1617 638 γονέων
1678 551 1930 615 εὐσεϐῶν.
1961 560 2059 610 Τε-

414 656 781 725 λευτήσαντος
813 651 871 708 δὲ
901 657 998 708 τοῦ
1033 653 1235 719 πατρὸς
1290 650 1460 718 αὐτῆς
1517 647 1606 703 καὶ
1658 652 1759 716 τῆς
1826 644 2058 718 μητρὸς,

412 748 617 802 άπασαν
649 746 749 815 τήν
808 741 1256 820 καταλειφθεῖσαν
1343 737 1480 810 αὐτῇ
1539 734 1850 812 περιουσίαν
1893 733 2060 790 δοῦσα

412 841 685 911 πτωχοῖς,
719 833 969 902 εῒσῆλθεν
1003 832 1080 896 εἰς
1112 830 1506 905 μοναστήριον,
1538 828 1627 883 καὶ
1687 825 1895 903 ἐγένετο
1957 844 2060 899 μο-

413 926 578 996 ναχή.
613 924 902 1001 Κρατήσας
933 919 990 976 δὶ
1017 928 1120 990 τῆς
1154 916 1440 990 βασιλείας
1469 917 1618 972 Λέων
1660 917 1688 970 ὁ
1750 914 2059 987 Είκονομά-

416 1035 542 1092 χος,
594 1014 686 1069 καὶ
743 1013 834 1067 τὸν
883 1009 1185 1087 ἁγιώτατον
1244 1006 1591 1082 πατριάρχην
1629 1004 1911 1092 Γερμανὸν,
1960 1005 2059 1058 τοῦ

414 1105 607 1180 θρόνου
634 1101 926 1172 ἀπελάσας,
986 1098 1076 1155 καὶ
1131 1097 1226 1160 τάς
1285 1096 1443 1172 ἁγίας
1475 1094 1683 1156 εἰκόνας
1717 1091 2057 1170 ἀπαλείφων,

413 1188 675 1249 ἐϐούλετο
703 1193 796 1247 καὶ
823 1192 915 1247 τὸν
941 1190 993 1246 ἐν
1046 1194 1116 1264 τῇ
1174 1188 1366 1263 Χαλκῇ
1420 1191 1520 1244 τοῦ
1579 1192 1841 1262 Σωτῆρος
1897 1185 2058 1258 ἡμῶν

417 1287 744 1359 χαρακτῆρα
826 1281 1210 1356 καταστρέψαι.
1275 1276 1373 1333 Καὶ
1457 1280 1702 1351 μαθοῦσα
1782 1277 1943 1329 τοῦτο
2021 1274 2058 1342 ἢ

415 1372 538 1451 ἀγία
567 1370 826 1429 Θεοδοσία
860 1371 995 1444 μετά
1024 1371 1116 1425 καὶ
1143 1369 1339 1444 ἑτέρων
1395 1369 1687 1444 γυναικῶν,
1737 1363 1826 1419 καὶ
1887 1361 2058 1433 ζῆλον

413 1465 556 1518 Θεῖον
587 1457 956 1531 ἀναλαϐοῦσα,
986 1461 1078 1514 τὸν
1110 1453 1384 1514 ἀναϐάντα
1412 1456 1490 1518 εἷς
1543 1456 1643 1524 τὴν
1677 1451 1878 1509 σκάλαν
1911 1472 2060 1507 σπα-

414 1552 598 1627 θάριον
630 1550 718 1608 ἐπὶ
739 1551 802 1605 τὸ
831 1547 1131 1604 καταλῦσαι
1189 1549 1290 1616 τὴν
1380 1544 1535 1620 ἁγίαν
1596 1541 1799 1608 είκόνα,
1860 1540 2062 1618 ῥίψασα

415 1640 715 1716 συνέτριψε.
805 1638 901 1694 Καὶ
958 1635 1258 1701 ἀνελθοῦσα
1337 1633 1412 1696 είς
1497 1632 1562 1688 τὸ
1640 1635 2060 1707 πατριαργεῖον,

418 1728 610 1804 ἤλεγξε
637 1730 729 1784 τὸν
767 1727 1036 1804 αἱρετικὸν
1069 1723 1446 1783 Ἀναστάσιον.
1479 1721 1616 1779 Τότε
1647 1720 1701 1776 αἱ
1736 1720 1830 1793 μὲν
1895 1717 2059 1775 ἄλλαι

2167 560 2481 627 parentum
2515 555 2657 612 ﬁlia.
2691 559 2861 613 Patre
2895 565 3092 614 autem
3125 575 3192 614 ac
3218 565 3404 616 matre
3432 562 3550 619 vita
3571 563 3813 634 functis,

2169 659 2305 697 cum
2336 644 2575 700 relictas
2607 644 2718 699 sibi
2747 645 3060 702 facultates
3092 663 3299 702 omnes
3322 651 3686 720 pauperibus
3713 653 3815 707 de-

2169 730 2374 799 disset,
2392 733 2820 788 monasterium
2845 734 3130 806 ingressa,
3155 738 3629 794 sanctimonialis
3658 739 3815 796 facta

2168 824 2277 874 est.
2312 821 2456 875 Cum
2488 838 2623 877 vero
2650 823 2970 894 imperium
3002 825 3292 882 tenuisset
3322 827 3434 882 Leo
3466 828 3816 886 iuconoma-

2169 909 2334 975 chus,
2355 909 2634 980 idemque
2666 911 3106 968 sanctissimum
3139 915 3537 984 patriarcham
3569 919 3812 974 Germa-

2170 1013 2314 1051 num
2343 1013 2371 1051 e
2406 999 2618 1054 throno
2650 999 2986 1071 dejecisset,
3015 1009 3368 1076 sanctasque
3400 1005 3688 1078 imagines
3720 1025 3812 1063 re-

2161 1085 2403 1157 jiciens,
2437 1105 2664 1144 amcam
2722 1089 3037 1146 Salvatoris
3077 1093 3264 1147 nostri
3325 1094 3644 1167 imaginem
3672 1097 3812 1151 des-

2169 1178 2368 1231 'truere
2400 1177 2684 1233 voluisset
2705 1195 2719 1246 ;
2742 1195 2810 1235 ea
2838 1196 2902 1235 re
2923 1186 3225 1252 comperta
3249 1189 3454 1240 sancta
3483 1186 3814 1242 Theodosia

2169 1279 2304 1318 cum
2327 1265 2460 1320 aliis
2491 1266 2868 1336 mulieribus,
2899 1269 3095 1324 divino
3126 1270 3248 1326 zelo
3282 1271 3672 1343 inﬂammata,
3705 1292 3810 1330 as-

2169 1353 2524 1409 cendentem
2554 1355 2617 1409 in
2650 1355 2869 1412 scalam
2891 1357 3286 1430 spatharium,
3315 1365 3381 1415 ut
3412 1379 3641 1418 sacram
3661 1364 3815 1419 ima-

2168 1441 2366 1513 ginem
2388 1441 2742 1514 destrueret,
2765 1446 3088 1517 projiciens
3119 1449 3440 1518 contrivit;
3474 1456 3600 1506 tum
3630 1453 3818 1524 patri-

2168 1531 2438 1587 archium
2483 1533 2772 1605 ingressa,
2805 1534 3153 1592 haereticum
3212 1541 3592 1596 Anastasium
3621 1541 3820 1614 objur.

2165 1621 2338 1692 gavit.
2372 1623 2769 1686 Quamobrem
2799 1624 2931 1680 aliaa
2980 1625 3221 1696 quidem
3280 1630 3562 1685 mulieres
3621 1632 3818 1703 capite

2167 1709 2355 1781 plexaa
2388 1717 2550 1779 sunt,
2583 1711 2914 1768 Theodosia
2953 1730 3086 1770 vero
3133 1715 3418 1774 funiculis
3448 1724 3700 1791 raptata,
3735 1721 3818 1776 ir-

416 1799 668 1894 γυναῖκες
694 1799 1224 1896 ἀπεκεφαλίσθησανο
1255 1816 1292 1884 ἡ
1353 1811 1411 1868 δὲ
1459 1810 1586 1904 ἁγία
1628 1806 1890 1904 Θεοδοκία
1968 1829 2062 1904 συζ-

2174 1799 2399 1856 ruentis
2428 1800 2593 1856 bovis
2624 1817 2812 1858 cornu
2843 1802 3206 1878 interempta
3238 1811 3348 1864 cst.

415 1909 618 1985 ρομὲνη
655 1906 911 1984 σχοινίῳ,
944 1905 1226 1983 ἀπεσφάγη
1289 1905 1426 1980 μετὰ
1479 1901 1704 1978 κέρατος
1735 1898 1787 1956 ἐν
1816 1903 1934 1962 τοῖς
1964 1901 2062 1953 τοῦ

425 1999 552 2074 βοὸς
583 1993 873 2073 ἐμϐόλοις.

959 2085 1140 2141 MHNI
1180 2085 1290 2190 ΤΩὶ
1311 2082 1516 2138 ΑΥΤΩ.

1234 2174 1290 2226 Θ.

666 2262 876 2336 Μνήμη
905 2265 1006 2316 τοῦ
1037 2259 1190 2316 ὁσίου
1209 2174 1432 2334 δίατρὸς
1470 2256 1630 2330 ἡμῶν
1666 2254 1814 2313 Δίου.

480 2389 625 2461 Δίος,
657 2390 686 2443 ὁ
746 2388 799 2443 ἐν
861 2387 1044 2464 ἁγίοις
1103 2388 1288 2462 Πατὴρ
1321 2387 1508 2460 ἡμῶν,
1540 2385 1606 2454 ἦν
1653 2383 2061 2459 ἀγωνιζόμενος

415 2477 514 2534 ἐπὶ
542 2481 640 2548 τῆς
674 2477 954 2554 βασιλείας
980 2473 1275 2532 Θεοδοσίου
1304 2479 1401 2530 τοῦ
1433 2471 1717 2550 Μεγάλου,
1750 2472 1801 2527 ἐν
1857 2476 2063 2530 Ἀντιο-

421 2569 548 2644 χείᾳ
574 2575 674 2637 τῆς
710 2566 928 2640 Συρίας.
961 2567 1058 2628 Εἲς
1089 2565 1256 2641 ἃκραν
1309 2562 1366 2620 δὶ
1423 2566 1647 2635 ἄσκησιν
1695 2561 1892 2632 ἐλθὼν,
1925 2580 2061 2635 παρ’

419 2659 625 2734 εγενετο
683 2655 752 2711 δι’
812 2654 1213 2730 ἀποκαλύψεως
1269 2653 1360 2709 καὶ
1421 2653 1498 2715 εἷς
1567 2653 1666 2722 τήν
1729 2653 2064 2709 Κωνσταντι·

408 2746 700 2804 νούπολιν.
743 2745 848 2802 Καὶ
889 2741 1213 2801 καταλαϐὼν
1270 2745 1362 2799 τὸν
1416 2742 1583 2797 τόπον
1639 2741 1763 2805 ἔνθα
1818 2745 1909 2794 νῦν
1997 2740 2060 2795 τὸ

411 2837 578 2893 αὑτοῦ
671 2837 1034 2911 μοναστήριον
1089 2831 1329 2907 ἳδρυται,
1387 2829 1663 2904 δαιμόνων
1751 2825 1879 2884 ὄντα
1937 2828 2060 2884 τότε

409 2927 860 3000 κατοικητήριον,
914 2924 1002 2980 καὶ
1061 2923 1128 2978 τά
1185 2921 1399 2997 πονηρά
1454 2919 1737 2993 πνεύματα
1785 2916 2058 2990 ἐξελάσας,

411 3015 767 3091 προσηύχετο
795 3017 877 3086 τῷ
908 3016 1046 3086 Θεῷ.
1107 3012 1205 3066 Διά
1246 3008 1303 3065 δὲ
1356 3011 1457 3080 τὴν
1515 3009 1708 3084 ἀρετὴν
1760 3007 1925 3062 αὐτοῦ
1980 3011 2060 3080 τῷ

415 3104 635 3181 βασιλεῖ
690 3103 1032 3180 γνωρισθεὶς,
1092 3098 1339 3163 πολλοὺς
1396 3103 1504 3154 τῶν
1560 3101 1876 3172 πειρασμῶν
1938 3095 2059 3152 ἐΛυ-

2741 2052 2981 2109 EODEM
3010 2054 3262 2112 MENSE.

2724 2141 2829 2196 Die
2875 2141 3109 2201 decima
3139 2161 3301 2201 nona

2389 2246 2838 2303 Commemoratio
2869 2252 3048 2318 sgncti
3074 2253 3258 2307 Patris
3285 2256 3464 2309 nostri
3488 2256 3600 2310 Dii.

2243 2373 2492 2430 Sanctus
2522 2376 2696 2429 Pater
2723 2381 2926 2431 noster
2951 2377 3112 2445 Dius,
3140 2379 3470 2451 imperante
3486 2383 3815 2441 Theodosio

2171 2463 2399 2536 Magno,
2433 2463 2760 2519 Antiochiae
2791 2465 2853 2519 in
2912 2467 3078 2539 Syria
3122 2470 3402 2526 certabat.
3438 2473 3582 2528 Cum
3615 2479 3813 2531 autem

2170 2551 2244 2607 ad
2277 2568 2574 2607 summum
2629 2553 2758 2608 vitm
2816 2555 3085 2610 asceticm
3141 2558 3379 2615 culmen
3425 2563 3813 2634 pervenisset,

2170 2647 2412 2713 accepta
2444 2643 2543 2697 Dei
2585 2643 2946 2699 revelatione
2973 2645 3549 2721 Constantinopolim
3581 2653 3813 2724 profec-

2171 2731 2354 2798 tus,in
2383 2747 2518 2786 eum
2550 2730 2748 2787 locum
2779 2734 2956 2801 venit,
2982 2735 3080 2789 ubi
3116 2753 3278 2792 nunc
3308 2738 3470 2794 illius
3512 2749 3815 2799 monaste-

2169 2821 2324 2875 rium
2359 2820 2666 2876 conditum
2701 2827 2827 2889 est;
2887 2823 3045 2893 quod
3107 2841 3240 2881 cum
3301 2827 3639 2887 daemonum
3674 2839 3813 2888 tunc

2170 2907 2577 2963 habitaculum
2620 2914 2798 2975 esset,
2831 2909 3019 2981 pulsis
3078 2911 3218 2968 inde
3269 2915 3444 2970 malis
3484 2918 3811 2989 spiritibus,

2166 2995 2317 3050 illud
2346 2996 2464 3051 Deo
2497 2997 2883 3053 consecravit.
2909 2997 2992 3053 0b
3025 3015 3194 3054 suam
3225 3017 3359 3057 vero
3388 3004 3666 3062 virtutem
3702 3009 3813 3062 im-

2166 3086 2425 3157 peratori
2458 3091 2636 3141 notus
2666 3087 3104 3155 factus,multos
3125 3106 3160 3146 a
3191 3093 3618 3150 tentationibus
3641 3113 3811 3169 erep-

413 3174 639 3265 τροῦτο,
670 3191 761 3246 καὶ
788 3195 871 3263 τῷ
927 3195 1045 3263 Θεῷ
1099 3196 1364 3265 προσῆγεο
1422 3187 1514 3243 καὶ
1559 3187 1682 3241 ναὸν
1735 3181 1913 3240 ἔκτισε
1967 3182 2062 3258 μέ-

2175 3179 2264 3229 tos
2294 3174 2370 3230 ad
2401 3175 2585 3230 Deum
2608 3175 2871 3242 adduxit,
2907 3182 2966 3231 et
2993 3179 3317 3237 maximum
3360 3183 3633 3241 excitavit
3663 3191 3811 3242 tem-

415 3303 626 3358 γιστον,
658 3282 750 3337 καὶ
792 3283 1040 3354 θαύματα
1097 3278 1324 3349 ἐποίησε
1381 3275 1588 3336 πολλά.
1647 3277 1750 3333 Καὶ
1807 3276 1913 3350 γάρ
1964 3274 2064 3342 τὴν

421 3367 623 3448 ῥάϐδον
683 3371 850 3426 αὐτοῦ
907 3373 1100 3441 πήξας,
1191 3369 1354 3443 ξηράν
1416 3369 1600 3438 οὖσαν,
1660 3363 2065 3436 ἀναϐλαστῆσαι

416 3458 834 3537 παρεσκεύασεν·
895 3459 1018 3529 ἥτις
1109 3459 1273 3534 μέχρι
1326 3463 1422 3513 τοῦ
1506 3461 1597 3512 νῦν
1680 3457 1888 3533 ὁρᾶταιο
1975 3451 2067 3508 καὶ

411 3547 560 3626 ὕδωρ
621 3544 920 3604 ἀναϐλῦσαι
977 3551 1298 3617 πεποίηκεν·
1356 3546 1445 3601 καὶ
1502 3545 1686 3621 νεκρὸν
1755 3544 2064 3614 ἀνέστησεν.

416 3639 728 3710 Ασθενήσας
785 3635 870 3705 δὲ,
929 3637 1019 3691 καὶ
1079 3635 1472 3712 ἀπαγορευοεῖς
1522 3635 1650 3690 ὡσεῖ
1689 3635 1881 3708 νεκρὸς
1942 3633 2067 3688 κεί-

422 3749 599 3802 μενος,
631 3728 721 3783 καὶ
778 3731 885 3782 τῶν
936 3730 1291 3802 πατριαρχῶν
1345 3721 1692 3789 ἀπελθόντων
1746 3726 1884 3799 πρὸς
1945 3721 2063 3776 ἐπί-

417 3822 600 3892 σκεψιν
678 3819 866 3887 αὐτοῦ,
916 3818 1170 3872 Ἀττικοῦ
1245 3813 1897 3884 Κωνσταντινουπόλεως,
1972 3811 2063 3867 καὶ

419 3905 779 3982 Ἀλεξάνδρου
838 3905 1206 3982 Ἀντιοχείας,
1266 3904 1516 3982 ἐξαίφνης
1565 3904 1843 3976 ἀνανήψας
1895 3902 2064 3972 εἶπεν,

420 3995 502 4050 ὅτι
533 3994 793 4069 Ἐχάρισέ
825 4015 918 4067 μοι
964 3994 992 4048 ὁ
1023 3994 1156 4055 Θεὸς
1185 3987 1278 4064 ἔτη
1342 3993 1419 4049 ιε’.
1477 3992 1739 4055 Ἀναστάς
1797 3991 1911 4060 οὖν,
1971 3989 2061 4045 καὶ

417 4083 584 4138 ταῦτα
614 4082 1000 4158 ἐκπληρώσας,
1030 4083 1164 4158 πρὸς
1197 4080 1393 4158 Κύριον
1427 4078 1777 4154 ἐξεδήμησεν.

490 4283 584 4340 Καὶ
621 4286 812 4358 μνήμη
871 4285 970 4348 τῆς
1030 4280 1177 4358 ὁσίας
1229 4281 1542 4358 ψακρίνμης,
1595 4277 1836 4357 ἀδελφῆς
1891 4284 1992 4336 τοῦ

942 4353 1199 4428 Μεγάλου
1229 4353 1543 4410 Βασιλείου.

482 4471 544 4528 Ἠ
579 4469 700 4526 ὁσία
731 4474 996 4546 Μακρῖνα,
1031 4468 1226 4525 κάλλει
1257 4467 1535 4542 σώματος,
1567 4467 1656 4522 καὶ
1709 4468 1936 4542 τρόποις
1967 4490 2064 4523 κο-

2173 3263 2434 3334 plum,ac
2459 3264 2717 3336 plurima
2747 3267 2999 3336 patravit
3019 3268 3328 3328 miracula.
3352 3274 3394 3327 1
3409 3274 3509 3329 14
3531 3275 3811 3332 Baculum

2175 3353 2334 3409 enim
2367 3354 2428 3409 in
2460 3359 2681 3410 terram
2705 3353 3333 3430 deﬁgens,germinare
3353 3362 3511 3428 fecit,
3533 3381 3668 3420 cum
3697 3367 3816 3421 ari-

2173 3442 2283 3498 dus
2316 3447 2494 3511 esset,
2519 3444 2619 3514 qui
2651 3459 2839 3515 usque
2869 3446 2930 3500 in
2960 3447 3316 3505 hodiernum
3339 3450 3496 3507 diem
3519 3455 3815 3526 conspici-

2176 3537 2306 3586 tur:
2341 3537 2400 3588 et
2426 3538 2728 3588 mortuum
2760 3535 2834 3588 ad
2891 3535 3069 3591 vitam
3095 3540 3404 3595 revocavit.
3445 3541 3592 3597 Cum
3614 3550 3811 3599 autem

2172 3621 2235 3675 in
2262 3620 2536 3676 morbum
2567 3622 2971 3690 incidisset,ac
3000 3624 3177 3680 veluti
3200 3631 3815 3703 mortuus,desperata

2172 3710 2830 3782 salute,jaceret,Attico
2851 3711 3532 3786 Constantinopoleos,et
3559 3720 3812 3777 Alexan-

2174 3799 2278 3855 dro
2311 3799 2638 3854 Antiochiae
2670 3801 3152 3873 patriarchis,qui
3183 3805 3379 3876 ipsum
3399 3807 3688 3864 visitaturi
3711 3826 3812 3865 ac-

2173 3893 2494 3954 cesserant,
2510 3895 2756 3959 repente
2787 3890 2858 3946 ad
2875 3907 2936 3946 se
2967 3907 3238 3949 reversus
3262 3895 3436 3952 dixit:
3461 3897 3812 3962 Quindecim

2171 3978 2319 4034 mihi
2350 3993 2537 4032 annos
2568 3977 2814 4052 largitus
2845 3984 2936 4034 est
2964 3979 3644 4058 Deus.Surgensilaque,
3678 4005 3812 4044 cum

2171 4067 2341 4122 illum
2375 4083 2669 4123 annorum
2699 4084 3016 4125 numerum
3046 4071 3418 4144 explevisset,
3441 4076 3712 4150 migravit
3739 4076 3814 4134 ad

2173 4159 2511 4218 Dominum.

2171 4303 2244 4357 Et
2301 4305 2742 4358 commemoratio
2789 4312 2991 4433 sanatis?
3039 4309 3320 4391 illacrinw,
3388 4313 3592 4367 sororis
3622 4312 3824 4369 Basilii

2944 4393 3096 4433 aam.

2944 4393 3096 4446 agni.

2243 4472 2457 4528 Sancta
2487 4473 2746 4528 Macrina
2800 4474 3059 4529 formoso
3117 4493 3383 4548 corpore,
3427 4479 3822 4549 suavibusque

416 4561 699 4635 σμουμένη
734 4565 1025 4636 χρηστοῖς,
1059 4559 1388 4634 συνεζεύχθη
1446 4559 1540 4631 μὲν
1575 4555 1747 4632 ἀνδρί·
1780 4558 2062 4624 συναφείας

2178 4562 2443 4617 moribus
2502 4567 2732 4629 ornata,
2788 4563 2910 4615 viro
2965 4562 3208 4633 quidem
3267 4565 3328 4619 in
3373 4566 3824 4622 matrimonium

419 4648 476 4706 δὲ
539 4652 708 4724 μήπω
762 4651 1079 4726 γενομένης,
1140 4647 1255 4704 ἐπεὶ
1315 4649 1343 4704 ὁ
1400 4647 1600 4719 ταύτην
1658 4645 2066 4722 ἁρμοσάμενος,

419 4739 473 4795 ἐν
512 4737 833 4812 ἐπιδημίαις
893 4737 1259 4808 ἐτελεύτησεν,
1311 4736 1446 4806 αὐτὴ
1529 4737 1708 4806 πάσης
1792 4735 2070 4810 ἐπιμιξίας

417 4835 697 4901 κοσμικῆς
753 4826 1038 4903 χωρίσασα
1095 4827 1312 4898 ἐαυτήν,
1373 4832 1536 4894 συνῆν
1594 4827 1664 4898 τῇ
1727 4825 1896 4899 μητρὶ
1950 4830 2070 4890 ταῖς

421 4920 591 4982 θείαις
647 4923 882 4995 Γραφαῖς
935 4918 1306 4992 σχολάζουσα,
1365 4913 1453 4970 καὶ
1518 4913 1570 4970 ἐν
1617 4915 1760 4984 τάξει
1817 4912 2070 4988 δευτέρας

426 5009 657 5081 μητρὸς,
715 5006 844 5070 τοὺς
904 5009 1020 5080 μετ’
1100 5005 1268 5074 αὐτὴν
1323 5005 1672 5079 γεννηθέντας
1739 5001 2069 5080 ἐκτρέφουσα

420 5094 713 5173 ἀδελφούς.
774 5097 911 5152 Δέκα
966 5096 1068 5170 γὰρ
1127 5091 1299 5150 ὄντων
1354 5098 1462 5150 τῶν
1515 5093 1765 5149 ἁπάντων
1834 5091 2067 5167 παίδων,

419 5185 553 5256 αὗτή
609 5190 676 5256 ἦν
729 5187 946 5260 πρώτη.
1006 5185 1202 5248 Ὁσίως
1256 5181 1312 5240 δὲ
1370 5183 1458 5240 καὶ
1535 5183 1590 5240 ἐν
1651 5184 1876 5253 ἀσκήσει
1931 5184 2067 5258 βιώ-

416 5295 573 5343 σασα,
652 5274 892 5338 πολλοῖς
951 5273 1032 5337 sic
1089 5272 1358 5350 ὠφέλειαν
1419 5272 1652 5348 ἐγένετο·
1741 5269 2066 5335 διδάσκαλος

414 5363 518 5439 γάρ
546 5365 637 5435 ἦν,
668 5364 734 5420 οὗ
797 5364 961 5438 μόνον
1024 5365 1228 5439 Λόγων,
1281 5360 1430 5419 ἀλλά
1469 5363 1560 5417 καὶ
1621 5355 1904 5437 ἔργων.⁹0
1959 5363 2066 5440 γάρ

416 5455 650 5525 ποιήσας
699 5455 788 5510 καὶ
851 5450 1091 5524 διδάξας,
1147 5451 1310 5530 φησὶν
1365 5452 1430 5507 τὸ
1488 5451 1645 5525 ἅγιον
1703 5447 2064 5525 Εὖαγγέλιον,

415 5543 574 5606 οὗτος
605 5542 775 5618 μέγας
802 5542 1139 5612 κληθήσεται
1168 5540 1218 5596 ἐν
1250 5543 1318 5614 τῇ
1373 5540 1630 5617 βασιλείᾳ
1657 5543 1765 5594 τῶν
1798 5539 2064 5614 οὐρανῶν.

417 5633 559 5707 ίιρὸς
589 5630 647 5689 δὲ
672 5636 754 5704 τῷ
808 5630 1061 5702 τελευτᾷν
1117 5631 1406 5706 γενομένη,
1465 5628 1933 5708 συνεφιλοσόφησε
1985 5635 2067 5706 τῷ

2179 4650 2723 4717 collocataest;sed
2753 4649 3020 4706 nondum
3051 4652 3124 4706 ab
3148 4669 3214 4707 eo
3247 4655 3823 4726 cognita,postquam

2178 4739 2279 4794 ille
2309 4739 2494 4794 hacin
2519 4757 2578 4793 re
2595 4739 2705 4810 ipsi
2728 4739 3216 4807 consensisset,in
3249 4743 3824 4815 peregrinationibus

2177 4827 2658 4896 vivebat,divinis
2692 4827 3010 4899 Scripturis
3040 4835 3342 4896 vacans,et
3374 4836 3656 4904 tanquam
3675 4834 3827 4890 alte—

2178 4934 2245 4972 ra
2273 4922 2806 4989 matergermanos
2825 4917 3038 4972 fratres
3071 4919 3377 4977 enutriens
3411 4923 3646 4988 ;decem
3662 4925 3822 4979 enim

2178 5023 2312 5062 cum
2343 5022 2552 5060 omnes
2582 5006 2750 5077 pueri
2781 5011 3001 5072 essent,
3034 5007 3164 5079 ipsa
3195 5014 3321 5064 erat
3351 5012 3618 5067 omnium
3637 5013 3823 5069 maxi-

2177 5112 2294 5152 ma.
2327 5098 2472 5151 Cum
2495 5111 2630 5150 vero
2661 5096 2724 5150 in
2783 5096 3094 5152 sanctitate
3126 5114 3195 5153 ac
3229 5099 3507 5173 religiosa
3537 5104 3823 5160 exercita-

2182 5186 2339 5241 tione
2370 5185 2548 5240 vitam
2573 5185 2947 5258 transigeret,
2981 5187 3243 5258 juvabat.
3280 5191 3405 5245 Non
3438 5191 3598 5247 enim
3629 5193 3822 5248 verbis

2178 5279 2432 5341 tantum,
2467 5273 2569 5329 sed
2601 5274 2782 5330 etiam
2831 5275 3109 5346 operibus
3169 5276 3434 5335 docebat.
3497 5282 3604 5347 Qui
3664 5284 3824 5338 enim

2175 5363 2404 5427 fecerit,
2429 5368 2488 5418 et
2517 5363 2806 5432 docuerit,
2863 5369 2930 5419 ut
2969 5371 3262 5436 sanctum,
3295 5368 3511 5441 inquit,
3568 5373 3830 5445 Evange-

2175 5454 2346 5519 lium,
2382 5453 2478 5508 hic
2509 5469 2761 5526 magnus
2814 5453 3121 5511 vocabitur
3173 5457 3237 5512 in
3289 5476 3470 5532 regno
3521 5461 3827 5518 caelorum.

2175 5545 2440 5599 Instante
2463 5547 2663 5598 autem
2695 5543 2888 5597 exitus
2911 5543 3078 5613 hora,
3128 5561 3250 5601 una
3312 5564 3449 5603 cum
3507 5547 3689 5605 fratre
3722 5565 3828 5605 suo

2176 5633 2452 5706 Gregorio
2483 5634 2686 5704 Nyssaa
2711 5633 3012 5704 episcopo,
3030 5634 3132 5704 qui
3162 5634 3236 5690 ad
3261 5637 3614 5695 visitandam
3638 5639 3828 5710 ipsam
