4184 6326
1647 321 1810 384 ΜΕΝ
1820 320 2014 382 OLOG

2134 318 2335 381 PARS
2380 317 2488 379 IIl.
3659 316 3778 376 552

369 334 482 394 551

369 469 721 531 accesserat,
755 461 1172 534 philosophata
1202 466 1292 514 est
1316 459 1388 515 de
1419 458 1640 525 anima,
1665 457 1857 528 deque
1879 455 2011 510 aliis

2126 449 2347 530 ἀδελφῷ
2380 450 2547 520 αὐτῆς
2577 448 2866 525 Γρηγορίῳ
2922 453 3002 522 τῷ
3052 448 3296 519 Νύσσης,
3355 446 3645 512 ἀπελθόντι
3703 448 3782 510 είς

369 554 725 626 quibusdam
759 552 1073 622 Scriptura)
1098 548 1527 620 quaestionibus
1552 565 1564 602 :
1589 552 1766 618 atque
1782 545 2014 600 huncin

2123 538 2398 613 ἐπίσκεψιν
2448 538 2640 609 αὐτῆς,
2696 537 2820 611 περί
2876 558 2936 593 τε
2992 540 3200 612 ψυχῆς,
3256 537 3346 590 καὶ
3391 535 3577 592 ἄλλων
3609 539 3775 590 τινῶν

369 644 612 699 modum
647 659 782 698 cum
808 645 1056 708 orasset,
1091 641 1164 695 ad
1223 641 1435 707 Deum,
1493 638 1585 693 cui
1634 635 2016 698 deservierat,

371 732 660 804 migravit.

928 838 1167 894 EODEM
1207 836 1458 891 MENSE.

995 937 1094 990 Die
1125 935 1406 989 vicesima

441 1029 591 1084 I15
625 1029 876 1096 Ignifera
906 1027 1038 1081 Elia
1068 1026 1355 1096 praphetw
1387 1026 1444 1079 in
1476 1023 1635 1078 caelos
1677 1023 1942 1077 ascensio.

442 1189 600 1245 Elias
621 1189 913 1260 propheta
942 1207 1012 1245 ex
1043 1189 1283 1260 regione
1312 1187 1538 1242 Thesbe
1572 1187 1634 1241 in
1687 1191 1846 1240 terra
1877 1192 2016 1238 Ara-

372 1277 510 1332 bum
541 1278 673 1343 fuit,
709 1278 780 1332 de
813 1279 969 1332 tribu
998 1281 1195 1332 Aaron
1225 1279 1317 1332 :in
1338 1276 1554 1332 Galaad
1587 1273 2021 1330 autemhabita-

365 1367 468 1420 vit.
533 1368 793 1437 Cumque
851 1368 1048 1438 ipsum
1098 1371 1288 1421 mater
1337 1371 1592 1438 pareret,
1654 1363 1798 1417 vidit
1851 1368 2020 1433 pater

369 1455 682 1522 visionem,
717 1456 875 1527 quod
901 1457 1130 1511 scilicet
1160 1457 1262 1509 viri
1294 1455 1535 1526 quidam
1571 1454 1632 1508 in
1664 1453 1816 1508 albis
1839 1467 2016 1522 appa-

370 1551 573 1599 rentes
604 1546 800 1616 ipsum
825 1545 1597 1616 compellabant,igneisque
1622 1541 2017 1598 fasciisinvol-

369 1640 594 1700 ventes,
648 1634 952 1689 ﬂammam
976 1635 1128 1706 ignis
1159 1633 1558 1688 devorandam
1601 1632 1792 1686 eidem
1824 1629 2018 1686 trade-

371 1724 536 1778 bant.
559 1723 968 1794 Hierosolyma
983 1725 1182 1794 itaque
1197 1723 1516 1794 profectus,
1537 1722 1596 1777 id
1609 1719 2018 1776 sacerdotibus

2120 632 2403 704 Γραφικῶν
2439 627 2789 700 ζητημάτων.
2823 627 2921 681 Καὶ
2973 625 3114 681 οὕτω
3171 625 3607 700 προσευξαμένη,
3639 623 3778 698 πρὸς

2120 717 2274 786 Θεὸν,
2306 717 2364 773 ὃν
2396 717 2768 794 ἐθεράπευσεν,
2803 713 3154 790 ἐξεδήμησεν.

2619 827 2799 881 ΜΗΝΙ
2835 829 2922 879 ΤΩ
2962 829 3162 880 ΔΥΤΩ.

2901 914 2962 969 Κ,

2227 1014 2292 1071 Ἦ
2323 1011 2601 1091 πυρφόρος
2627 1007 2888 1073 ἀνάϐασις
2918 1010 2995 1091 είς
3041 1010 3308 1086 οὐρανοὺς
3337 1009 3537 1067 Ἠλιοῦ
3565 1006 3664 1065 τοῦ

2779 1085 3091 1161 προφήτου.

2190 1181 2380 1245 Ἠλίας
2413 1183 2441 1236 6
2466 1183 2753 1259 προφήτης
2805 1182 2872 1251 ἦν
2938 1182 3030 1253 μὲν
3093 1179 3153 1236 ἐκ
3205 1187 3308 1250 τῆς
3336 1181 3523 1256 χώρας
3552 1173 3765 1246 Θίσϐης

2122 1272 2180 1328 ἐκ
2226 1279 2331 1347 γῆς
2372 1267 2646 1347 Ἀράϐων,
2709 1271 2770 1326 ἐκ
2825 1270 3006 1349 φυλῆς
3037 1272 3272 1345 Ἀαρών’
3306 1272 3538 1344 κατῴκει
3591 1267 3650 1326 δδ
3712 1269 3765 1325 ἐν

2122 1358 2359 1416 Γαλαὰδ*
2393 1362 2494 1417 Καὶ
2529 1360 2618 1415 ὅτε
2675 1355 2850 1416 ἔτεκεν
2909 1359 3070 1416 αὐτὸν
3124 1363 3160 1430 ἡ
3198 1361 3383 1436 μήτηρ
3415 1360 3599 1427 αὐτοῦ,
3633 1357 3773 1414 εἶδεν

2123 1453 2151 1506 6
2208 1451 2390 1524 πατὴρ
2447 1451 2614 1505 αὐτοῦ
2673 1448 2956 1518 ὀπτασίαν,
3031 1446 3115 1504 ὅτι
3174 1447 3362 1525 ἂνδρες
3420 1447 3776 1521 λευκοφανεῖς

2121 1540 2278 1594 αὐτὸν
2338 1540 2776 1614 προσηγόρευον,
2855 1539 2944 1593 καὶ
3014 1539 3148 1614 πυρί
3231 1537 3623 1615 ἐσπαργὰνουν,
3681 1538 3774 1594 καὶ

2121 1627 2299 1705 φλόγα
2328 1627 2499 1700 πυρὸς
2544 1625 2757 1682 ἐδίδουν
2815 1627 2966 1699 αὗτῷ
3026 1632 3239 1704 φαγεῖν,
3302 1627 3400 1682 Καὶ
3462 1625 3638 1691 ἐλθὼν
3696 1625 3774 1688 εἷς

2123 1714 2507 1791 Ἰερουσαλὴμ,
2595 1715 2888 1791 ἀνήγγειλε
2961 1721 3080 1778 τοῖς
3173 1716 3395 1790 ἱερεῦσι.
3458 1716 3554 1772 Καὶ
3631 1716 3776 1770 εἶπεν

374 1813 768 1885 significavit:
801 1813 895 1868 cui
928 1814 1039 1868 hoc
1069 1812 1333 1867 divinum
1383 1811 1690 1867 oraculum
1722 1809 2014 1864 redditum

2128 1805 2276 1875 αὐτῷ
2305 1806 2332 1858 ὁ
2366 1804 2780 1879 χρηματισμός·
2816 1804 2910 1872 Μὴ
2944 1801 3252 1879 δειλιάσῃς,
3313 1803 3582 1879 ἂνθρωπε⁸
3627 1802 3777 1858 ἔσται

373 1906 500 1954 est:
534 1901 613 1955 Ne
647 1901 876 1966 timeas,
912 1901 1124 1971 inquit,
1160 1918 1192 1955 o
1224 1901 1435 1954 homo:
1471 1900 1583 1954 erit
1605 1899 1762 1954 enim
1786 1896 2016 1953 habita-

370 1989 572 2044 culum
605 1989 849 2044 infantis
872 1989 1095 2055 lumen,
1122 1996 1180 2044 et
1210 1989 1450 2044 verbum
1476 1989 1664 2059 ipsius
1696 1987 2013 2055 sententia,

370 2082 430 2132 et
451 2077 750 2149 judicabit
779 2079 1060 2132 Israelem
1093 2079 1154 2132 in
1186 2078 1383 2150 gladio
1419 2085 1476 2132 et
1505 2079 1656 2148 igne.
1693 2078 1807 2132 lste
1839 2076 2019 2147 igitur

367 2169 1159 2241 prophetavitannosviginti
1184 2168 1688 2239 quinque,Cliristi
1702 2167 2017 2222 adventum

369 2257 728 2312 antecedens
755 2258 928 2313 annis
970 2258 1323 2329 octingentis
1357 2257 1676 2311 sexdecim.
1709 2257 1910 2326 Ignem
1943 2255 2015 2310 de

367 2345 514 2400 ccelo
545 2345 789 2400 detulit:
814 2346 1072 2416 pluviam
1098 2346 1272 2400 annis
1327 2345 1536 2410 tribus,
1568 2344 1873 2400 mensibus
1915 2361 2016 2400 sex

365 2432 670 2487 cohibuit:
715 2433 1150 2506 quinquaginta
1213 2434 1465 2489 miseros
1521 2433 1896 2488 combussit:
1953 2433 2014 2488 in

365 2525 568 2576 monte
603 2520 792 2575 Horeb
815 2521 1004 2576 Deum
1026 2520 1198 2575 vidit:
1228 2521 1548 2576 .l'ordanem
1569 2520 1782 2576 melote
1804 2518 2017 2574 scidit:

366 2609 428 2664 in
461 2609 640 2664 caelos
673 2607 927 2682 denique
963 2611 1025 2664 in
1055 2627 1232 2664 curru
1281 2610 1452 2682 igneo
1487 2613 1847 2681 assumptus,
1879 2608 2016 2662 vivit

367 2698 560 2754 adhuc
590 2715 778 2770 usque
807 2699 868 2754 in
893 2704 1250 2770 praesentem
1284 2699 1467 2755 diem.

927 2814 1166 2869 EODEM
1200 2814 1342 2868 MEN
1352 2813 1449 2867 SE.

867 2902 970 2958 Die
1001 2903 1281 2958 vicesima
1325 2903 1517 2974 prima

368 2990 820 3047 Commemoratio
849 2999 1164 3048 sanctorum
1189 2995 1424 3048 Patrum
1481 2994 1750 3048 Simeonis
1781 2999 2014 3062 propter

793 3063 1072 3120 Christum
1103 3065 1222 3120 Sali
1252 3071 1302 3119 et
1334 3066 1585 3119 Joannis.

2128 1894 2230 1967 γὰρ
2261 1896 2296 1962 ἠ
2331 1893 2544 1963 οἴκησις
2599 1897 2698 1947 τοῦ
2755 1890 2981 1947 παιδίου
3013 1897 3146 1970 φῶς*
3201 1893 3292 1947 καὶ
3320 1893 3348 1947 6
3381 1891 3548 1968 λόγος
3610 1892 3777 1948 αὐτοῦ

2127 1981 2415 2062 ἀπόφασις·
2460 1982 2548 2039 καί
2607 1989 2780 2058 κρινεῖ
2835 1985 2925 2038 τὸν
2991 1982 3209 2057 Ἰσραὴλ
3271 1983 3323 2039 ἐν
3385 1983 3629 2062 ῥομφαίᾳ
3686 1987 3778 2040 καὶ

2125 2073 2274 2149 πυρί.
2335 2073 2510 2136 Οὗτος
2568 2072 2660 2128 οὖν
2717 2075 3120 2151 προεφήτευσεν
3203 2067 3296 2144 ἔτη
3357 2072 3530 2129 εἶ’κοσι
3592 2073 3772 2131 πέντε·

2125 2158 2426 2236 προλαϐὼν
2456 2164 2555 2232 τήν
2608 2166 2705 2216 τοῦ
2737 2165 2976 2237 Χριστοῦ
3007 2163 3300 2234 παρουσίαν
3353 2160 3446 2233 ἔτη
3481 2163 3778 2220 ὀκτακόσια

2128 2250 2257 2308 δέκα
2283 2248 2357 2325 ἓξ.
2418 2251 2520 2308 Καὶ
2575 2254 2683 2323 πῦρ
2741 2249 2791 2324 ἐξ
2851 2250 3085 2326 οὐρανοῦ
3140 2253 3490 2329 κατήνεγκεν,
3539 2253 3629 2307 καὶ
3679 2255 3774 2309 τὸν

2126 2341 2278 2397 ὑετὸν
2357 2339 2584 2416 ἐπέσχεν
2647 2339 2734 2395 ἐπὶ
2799 2333 2891 2411 ἔτη
2950 2339 3075 2415 τρία
3129 2341 3215 2395 καὶ
3309 2347 3486 2414 μῆνας
3546 2338 3620 2412 ἓξ⁸
3680 2342 3773 2397 καὶ

2123 2431 2460 2502 πεντήκοντα
2519 2426 2746 2492 δυσσοῦς
2800 2430 3112 2485 κατέκαυσεο
3171 2428 3261 2485 καὶ
3334 2429 3386 2484 ἐν
3438 2435 3520 2502 τῷ
3563 2426 3771 2506 Χωρὴϐ

2124 2515 2237 2593 ὄρει
2275 2519 2370 2574 τὸν
2424 2518 2552 2574 Θεὸν
2613 2516 2739 2574 εἶδε·
2800 2517 2890 2574 καὶ
2945 2518 3036 2574 τὸν
3097 2515 3378 2594 Ἰορδάνην
3434 2514 3618 2593 ἔσχισε
3700 2523 3770 2596 τῇ

2126 2607 2383 2682 μηλωτῇ·
2409 2608 2498 2664 καὶ
2532 2609 2608 2670 εἱς
2657 2606 2920 2684 οὐρανοὺς
2978 2605 3031 2662 ἐν
3086 2607 3286 2684 ἃρματι
3338 2607 3509 2684 πυρὸς
3561 2605 3768 2680 ἀναλη-

2123 2697 2296 2776 φθεὶς,
2329 2700 2393 2770 ζῇ
2431 2695 2597 2772 μέχρι
2617 2703 2719 2767 τῆς
2744 2699 3010 2772 σήμερον.

2662 2823 2844 2879 MUNI
2885 2825 2973 2879 ΤΩ
3011 2823 3214 2879 ΑΥΤΩ.

2903 2911 3012 2968 KA'

2119 3001 2326 3073 Μνήμη
2381 2999 2712 3086 τῶνηάγίιιιν
2760 2998 3023 3086 ,ματέρων
3067 3001 3243 3086 *ἡμῶν
3294 3001 3522 3072 Συμεὼν
3548 3004 3645 3055 τοῦ
3677 2997 3768 3054 διὰ

2483 3069 2719 3147 Χριστὸν
2757 3069 2963 3139 Σαλοῦ,
2993 3071 3085 3125 καὶ
3115 3069 3382 3128 Ἰωὰννουζ

439 3178 505 3231 Hi
536 3178 780 3233 Emessa
811 3178 954 3234 urbe
982 3178 1472 3243 oriundi,.lustino
1503 3180 1856 3250 imperante.
1889 3178 2009 3232 cla-

2200 3177 2364 3234 Οὗτοι
2397 3176 2455 3232 ὲκ
2483 3176 2700 3239 πόλεως
2735 3179 2971 3251 Ἐμέσης
3012 3178 3328 3253 ὁρμώμενοι
3361 3177 3446 3234 ἐπὶ
3505 3185 3605 3248 τῆς
3666 3179 3767 3254 βα-

366 3272 635 3321 ruerunt.
668 3267 813 3320 Cum
845 3272 1042 3320 autem
1073 3267 1146 3321 ad
1205 3273 1471 3322 sanctam
1503 3268 1799 3322 civitatem
1830 3267 2013 3321 abiis-

366 3359 522 3421 sent,
545 3361 604 3409 et
629 3355 928 3410 viviﬁcum
961 3355 1188 3427 lignum
1219 3355 1589 3422 adorassent,
1612 3373 1732 3410 non
1756 3355 2013 3425 amplius

367 3441 442 3497 ad
473 3443 716 3514 propria
767 3444 983 3498 reversi
1039 3450 1178 3499 sunt
1221 3462 1235 3510 ;
1299 3444 1401 3499 sed
1451 3444 1524 3498 ad
1582 3443 2013 3498 monasterium

364 3533 555 3587 sancti
587 3533 871 3587 Gerasimi
904 3533 1175 3605 digressi,
1206 3534 1485 3588 monachi
1536 3533 1672 3588 facti
1729 3537 1870 3588 sunt
1905 3549 1918 3586 :
1955 3536 2014 3586 et

364 3623 727 3678 monasterio
780 3623 1021 3694 egressi,
1079 3639 1344 3678 eremum
1403 3624 1718 3695 petierunt,
1775 3639 2013 3677 omnem

365 3711 850 3767 exercitationem
875 3712 1403 3784 austeritatemque
1429 3729 1736 3784 perannos
1759 3710 2012 3783 quadra-

362 3799 525 3872 ginta
549 3801 1199 3873 excogitantes.Postea
1230 3802 1490 3856 Joannes
1521 3801 1762 3873 quidem
1797 3801 1858 3855 in
1885 3817 2014 3856 ere-

365 3905 462 3944 mo
488 3891 796 3958 remansit,
831 3890 1069 3946 Simeon
1100 3908 1235 3945 vero
1282 3891 1342 3946 in
1397 3897 1666 3947 sanctam
1715 3891 2012 3946 civitatem

365 3995 690 4050 regressus.
752 3979 1184 4052 stultitiamque
1218 3980 1529 4044 simulans,
1563 3981 1751 4035 multa
1806 3981 1866 4034 in
1905 3981 2012 4035 hac

366 4067 748 4123 simulatione
779 4069 1070 4124 miracula
1101 4071 1366 4140 patravit.
1406 4071 1550 4124 Cum
1583 4076 1781 4124 autem
1819 4075 2012 4124 extre-

362 4171 528 4209 mum
551 4156 707 4209 diem
741 4157 1074 4224 obiisset,et
1095 4174 1128 4212 a
1158 4158 1388 4213 duobus
1419 4159 1778 4230 pauperibus
1808 4159 2009 4214 homi-

365 4242 541 4298 nibus
572 4243 644 4297 ad
673 4244 1013 4315 sepulcrum
1040 4247 1370 4312 efferretur,
1399 4249 1550 4302 I70
1583 4247 1861 4302 Hebraeus
1880 4247 2009 4318 qui-

366 4331 501 4387 dam
533 4332 755 4389 audivit
784 4333 1105 4405 plurimam
1137 4336 1530 4408 psalmodiam
1570 4337 1921 4408 angelicam,
1954 4341 2013 4392 et

366 4440 436 4479 ex
466 4422 691 4478 aedibus
724 4422 846 4477 suis
889 4424 1281 4495 prospiciens,
1315 4425 1459 4480 vidit
1514 4426 1662 4481 duos
1696 4426 1873 4493 solos,
1909 4426 2009 4496 qui

363 4513 648 4585 reliquias
668 4512 797 4584 ejus
829 4512 1181 4584 portabant:
1217 4519 1275 4569 et
1297 4515 1784 4586 intellexit,quod
1817 4515 2009 4588 angeli

2123 4536 2206 4569 νον
2267 4513 2434 4568 αὐτοῦ
2516 4513 2900 4590 βαστάζοντας·
2961 4515 3049 4571 καὶ
3110 4516 3306 4590 συνεὶς,

363 4602 710 4674 psallerent,
768 4606 944 4673 atque
977 4603 1060 4657 ait
1101 4620 1114 4656 :
1165 4604 1376 4659 Beatus
1427 4621 1510 4674 es,
1556 4605 1794 4659 Simeon
1831 4605 2012 4676 :quia

364 4706 498 4745 cum
531 4707 650 4744 non
683 4689 900 4745 habeas
931 4696 1238 4746 cantantes
1269 4692 1753 4761 homines,habes
1770 4692 2011 4765 angelos

362 4777 615 4848 hymnos
647 4785 949 4836 canentes.
985 4780 1232 4837 Sanctus
1293 4786 1490 4838 autem
1543 4783 1799 4838 Joannes
1831 4782 2011 4838 linem

365 4883 600 4938 quoque
630 4867 859 4923 vivendi
883 4870 944 4924 in
970 4887 1114 4942 pace
1149 4872 1306 4928 fecit.

581 4984 653 5036 Et
687 4987 1131 5040 commemoratio
1164 4988 1463 5044 Ezechielis
1485 4989 1796 5060 prophetae.

438 5088 701 5143 Ezechiel
714 5089 1006 5161 gloriosus
1019 5098 1077 5146 et
1091 5109 1138 5146 α]
1149 5110 1332 5164 agnus
1349 5096 1775 5167 propheta,fuit
1791 5097 2017 5168 quidem

369 5174 531 5230 ﬁlius
544 5175 855 5248 cujusdam
877 5178 1202 5236 sacerdotis
1222 5198 1291 5237 ex
1311 5184 1466 5238 tribu
1485 5185 2018 5255 Levi;prophetavit

369 5269 566 5320 autem
584 5281 772 5322 annos
805 5266 1045 5339 viginti;
1096 5272 1419 5326 antecessit
1460 5289 1596 5327 vero
1646 5273 2012 5329 incarnatio-

366 5369 507 5408 nem
530 5353 764 5410 Domini
787 5356 972 5410 nostri
987 5358 1125 5412 Jesu
1146 5358 1362 5414 Christi
1375 5360 1548 5415 annis
1567 5361 2016 5433 quadringentis

367 5443 745 5517 septuaginta
777 5449 1024 5517 septem.
1059 5447 1324 5519 Cumque
1352 5449 1708 5520 captivitatis
1731 5452 2013 5522 tempori-

368 5532 480 5590 bus
510 5534 572 5590 in
605 5539 826 5590 terram
873 5534 1282 5592 Chaldmorum
1345 5539 1680 5611 migrasset,
1737 5556 2016 5612 magnum

367 5630 712 5698 portentum
770 5625 951 5695 dedit,
1014 5644 1148 5684 cum
1197 5635 1503 5702 serpentes
1561 5646 1779 5702 pueros
1812 5647 2017 5690 eorum

2119 3265 2328 3328 σιλείας
2387 3266 2684 3323 Ἰουστίνου
2744 3266 3124 3342 ἐγνωρίζοντο.
3186 3267 3543 3331 ’Δπελθόντες
3577 3266 3635 3322 δὲ
3692 3267 3772 3329 εἰς

2116 3356 2215 3422 τὴν
2244 3355 2393 3431 ἁγίαν
2423 3354 2610 3428 πόλιν,
2641 3355 2731 3410 καὶ
2789 3356 2852 3410 τὸ
2926 3355 3198 3424 ζωοποιὸν
3245 3353 3404 3426 ξύλον
3458 3359 3771 3430 προσκυνή-

2119 3465 2327 3513 σαντες,
2386 3442 2566 3500 οὐκέτι
2625 3446 2762 3517 πρὸς
2831 3447 2900 3501 τὰ
2955 3446 3128 3502 οἰκεῖα
3210 3447 3566 3520 ὑπέστρεψαν·
3625 3445 3772 3502 ἀλλὰ

2115 3535 2214 3601 τὴν
2249 3534 2418 3604 μονὴν
2450 3538 2545 3588 τοῦ
2577 3534 2736 3608 ἁγίου
2798 3534 3105 3609 Γερασίμου
3154 3530 3577 3604 καταλαϐόντες,
3609 3535 3770 3610 γεγό-

2114 3644 2235 3676 νασι
2270 3623 2527 3698 μοναχοί.
2564 3624 2662 3679 Καὶ
2696 3626 2794 3678 τοῦ
2851 3624 3222 3699 μοναστηρίου
3282 3622 3604 3696 ἐξελθόντες,
3661 3624 3763 3691 τὴν

2115 3710 2321 3787 ἔρημον
2383 3708 2704 3782 κατὲλαϐον,
2763 3719 2936 3769 πᾶσαν
2996 3712 3222 3786 ἄσκησιν
3272 3715 3360 3770 καὶ
3433 3713 3767 3790 σκληραγω-

2115 3803 2235 3878 γίαν
2296 3800 2382 3857 ἐπὶ
2434 3803 2833 3878 τεσσαράκοντα
2916 3801 3053 3858 ἔτεσι
3114 3801 3476 3866 διανύσαντες.
3538 3806 3773 3861 1Ἐπειτα

2116 3892 2144 3948 6
2180 3891 2274 3964 μὶν
2306 3890 2562 3961 Ἰωάννης
2594 3893 2644 3946 ἐι
2678 3895 2747 3966 τῇ
2783 3890 2980 3966 ἐρήμῳ
3037 3892 3388 3970 κατελείφθη⁸
3451 3895 3478 3948 6
3539 3891 3597 3948 δὲ
3664 3899 3772 3948 Συ-

2117 3981 2259 4053 μεὼν
2293 3979 2616 4054 ὑπέστρεψεν
2647 3981 2722 4043 εἷς
2767 3982 2864 4050 τήν
2930 3982 3090 4055 ἁγίαν
3148 3982 3330 4038 πόλιν
3393 3983 3483 4037 καὶ
3544 3983 3774 4056 ὑποκρι-

2113 4070 2220 4130 Osi:
2283 4071 2517 4142 μωρίαν,
2578 4069 2764 4125 πολλὰ
2848 4069 3100 4144 θαύματα
3160 4069 3210 4126 ἐν
3273 4075 3342 4144 τῇ
3401 4074 3772 4148 προσποιήσει

2111 4157 2280 4233 ταύτῃ
2314 4158 2619 4234 εἴργὰσατο.
2653 4159 2836 4214 Θανὼν
2872 4156 2929 4214 δὲ
2984 4159 3074 4214 καὶ
3134 4160 3434 4236 φερόμενος
3465 4164 3562 4214 τοῦ
3592 4162 3772 4236 ταφῆ-

2114 4269 2200 4303 ναι
2262 4248 2365 4302 ὑπὸ
2422 4245 2517 4302 δύο
2603 4252 2875 4322 πενικρῶν
2961 4248 3288 4324 ἀνθρώπων,
3372 4245 3629 4322 Ἐϐραῖός
3683 4271 3769 4312 τις

2111 4333 2312 4406 ἤκουσε
2341 4332 2674 4409 ψαλμῳδίας
2721 4334 2988 4407 πλείστης
3044 4337 3366 4413 ἀγγελικῆς.
3428 4338 3530 4395 Καὶ
3562 4337 3768 4413 προκό-

2111 4429 2213 4500 ψας
2245 4429 2340 4480 τοῦ
2372 4424 2701 4498 οἰκήματος,
2736 4426 2837 4502 ὁρᾷ
2895 4423 2991 4481 δύο
3054 4426 3253 4500 μόνους
3318 4426 3450 4490 τοὺς
3478 4427 3540 4482 τὸ
3571 4425 3767 4501 λείψα-

3404 4516 3489 4573 ὅτι
3548 4514 3772 4592 ἄγγελοι

2119 4602 2446 4678 ψάλλουσιν,
2479 4600 2602 4680 ἔφη·
2639 4606 2922 4680 Μακάριος
2951 4607 3020 4677 εἴ,
3056 4605 3306 4680 Συμεὼν,
3336 4603 3441 4676 ὅτι,
3504 4607 3580 4680 μὴ
3614 4604 3759 4680 ἔχων

2123 4693 2441 4768 ἀνθρώπους
2495 4689 2823 4767 ψάλλοντας,
2876 4689 3036 4769 ἔσχες
3093 4693 3365 4770 ἆγγέλους
3440 4694 3758 4770 ὑμνοῦντας.

2128 4780 2444 4853 Ετελειώθη
2481 4778 2538 4836 δὲ
2566 4781 2655 4836 καὶ
2687 4782 2716 4836 6
2744 4782 2892 4844 ὅσιος
2924 4782 3208 4855 Ἰωάννης.

2375 4977 2477 5034 Καὶ
2540 4978 2734 5052 μνήμη
2794 4977 3058 5048 Ἰεζεκιὴλ
3089 4983 3186 5035 τοῦ
3219 4983 3528 5058 προφήτου.

2191 5091 2460 5163 Ἰεζεκιήλ
2493 5093 2520 5147 6
2581 5087 2798 5164 ἔνδοξος
2854 5095 2944 5149 καὶ
3006 5096 3176 5168 μέγας
3228 5098 3542 5174 προφήτης,
3574 5099 3642 5167 ἦν
3679 5098 3773 5170 μὶν

2121 5183 2238 5244 υἱὸς
2300 5182 2415 5243 ἑνὸς
2473 5185 2580 5236 τῶν
2644 5182 2856 5256 ἱερέων,
2917 5183 2976 5238 ἐκ
3029 5190 3132 5254 τῆς
3187 5191 3366 5257 σειρᾶς
3439 5189 3536 5240 τοῦ
3623 5188 3775 5246 Aeni.

2119 5272 2498 5348 Προεφήτευσε
2530 5268 2588 5324 δὲ
2646 5265 2738 5337 ἔτη
2788 5271 2981 5344 εἴκοσι,
3039 5270 3338 5349 προλαϐὼν
3366 5275 3466 5343 τήν
3502 5277 3770 5351 σὰρκωσιν

2120 5367 2217 5417 τοῦ
2247 5365 2456 5434 Κυρίου
2477 5365 2639 5434 ἡμῶν
2699 5364 2880 5433 Ἰησοῦ
2936 5367 3168 5439 Χριστοῦ
3229 5364 3326 5436 ἔτη
3381 5367 3776 5438 τεσσαρακόσια

2125 5447 2510 5523 ἑϐδομήκοντα
2565 5451 2719 5509 ἑπτά.
2762 5451 2865 5509 Καὶ
2915 5451 3008 5507 ἐπὶ
3068 5457 3178 5509 τῶν
3233 5461 3336 5525 τῆς
3394 5453 3785 5530 αίχμαλωσίας

2124 5545 2352 5614 καιρῶν,
2412 5537 2661 5594 ἀπελθὼν
2721 5540 2772 5594 ἐν
2837 5545 2906 5616 γῇ
2965 5541 3283 5616 Χαλδαίων,
3367 5541 3538 5599 ἔδωκε
3619 5546 3782 5620 τέρας

2133 5631 2289 5706 μίγα,
2323 5628 2414 5685 ὅτε
2444 5629 2495 5682 οἱ
2527 5625 2676 5706 ὄφεις
2733 5629 2801 5684 τὰ
2855 5631 3028 5707 βρέφη
3091 5634 3270 5688 αὐτῶν
3329 5633 3419 5689 καὶ
3475 5635 3544 5688 τὰ
3602 5635 3774 5703 κτήνη
