  <div class='ocr_page' id='page_1' title='image "/cluster/home/n/w/nwhite01/storage/ocr_20150623/117/mdp.39015038086818/284.png"; bbox 0 0 4184 6326; ppageno 0'>
   <div class='ocr_carea' id='block_1_1' title="bbox 313 354 431 415">
    <p class='ocr_par' dir='ltr' id='par_1_1' title="bbox 313 354 431 415">
     <span class='ocr_line' id='line_1_1' title="bbox 313 354 431 415; baseline 0 -1"><span class='ocrx_word' id='word_1_1' title='bbox 313 354 431 415; x_wconf 74' lang='lat'>553</span> 
     </span>
    </p>
   </div>
   <div class='ocr_carea' id='block_1_2' title="bbox 1863 351 2166 413">
    <p class='ocr_par' dir='ltr' id='par_1_2' title="bbox 1863 351 2166 413">
     <span class='ocr_line' id='line_1_2' title="bbox 1863 351 2166 413; baseline -0.01 0"><span class='ocrx_word' id='word_1_2' title='bbox 1863 351 2166 413; x_wconf 86' lang='lat' dir='ltr'>JULIUS.</span> 
     </span>
    </p>
   </div>
   <div class='ocr_carea' id='block_1_3' title="bbox 3597 361 3718 422">
    <p class='ocr_par' dir='ltr' id='par_1_3' title="bbox 3597 361 3718 422">
     <span class='ocr_line' id='line_1_3' title="bbox 3597 361 3718 422; baseline 0.008 -2"><span class='ocrx_word' id='word_1_3' title='bbox 3597 361 3718 422; x_wconf 80' lang='grc'>554</span> 
     </span>
    </p>
   </div>
   <div class='ocr_carea' id='block_1_4' title="bbox 311 481 1957 560">
    <p class='ocr_par' dir='ltr' id='par_1_4' title="bbox 311 481 1957 560">
     <span class='ocr_line' id='line_1_4' title="bbox 311 481 1957 560; baseline -0.001 -20"><span class='ocrx_word' id='word_1_4' title='bbox 311 481 625 555; x_wconf 72' lang='grc' dir='ltr'>ἀνήλισκον.</span> <span class='ocrx_word' id='word_1_5' title='bbox 659 485 752 540; x_wconf 88' lang='grc' dir='ltr'>Διό</span> <span class='ocrx_word' id='word_1_6' title='bbox 781 484 872 540; x_wconf 83' lang='grc' dir='ltr'>καὶ</span> <span class='ocrx_word' id='word_1_7' title='bbox 904 485 953 560; x_wconf 75' lang='grc' dir='ltr'>ἐξ</span> <span class='ocrx_word' id='word_1_8' title='bbox 1004 486 1178 542; x_wconf 79' lang='grc' dir='ltr'>αὐτῶν</span> <span class='ocrx_word' id='word_1_9' title='bbox 1239 486 1474 560; x_wconf 73' lang='grc' dir='ltr'>ἀνῃρέθη</span> <span class='ocrx_word' id='word_1_10' title='bbox 1509 483 1599 541; x_wconf 77' lang='grc' dir='ltr'>διὰ</span> <span class='ocrx_word' id='word_1_11' title='bbox 1649 486 1748 553; x_wconf 88' lang='grc' dir='ltr'>τήν</span> <span class='ocrx_word' id='word_1_12' title='bbox 1772 481 1957 540; x_wconf 78' lang='grc' dir='ltr'>τοιαύ-</span> 
     </span>
    </p>
   </div>
   <div class='ocr_carea' id='block_1_5' title="bbox 2072 481 3722 560">
    <p class='ocr_par' dir='ltr' id='par_1_5' title="bbox 2072 483 3722 554">
     <span class='ocr_line' id='line_1_5' title="bbox 2072 483 3722 554; baseline 0.007 -17"><span class='ocrx_word' id='word_1_13' title='bbox 2072 487 2246 554; x_wconf 87' lang='lat' dir='ltr'>atque</span> <span class='ocrx_word' id='word_1_14' title='bbox 2272 483 2548 554; x_wconf 89' lang='lat' dir='ltr'>jumenta</span> <span class='ocrx_word' id='word_1_15' title='bbox 2585 487 3024 540; x_wconf 84' lang='lat' dir='ltr'>consumerent.</span> <span class='ocrx_word' id='word_1_16' title='bbox 3058 485 3144 540; x_wconf 82' lang='lat' dir='ltr'>Ab</span> <span class='ocrx_word' id='word_1_17' title='bbox 3175 487 3297 542; x_wconf 89' lang='lat' dir='ltr'>illis</span> <span class='ocrx_word' id='word_1_18' title='bbox 3339 494 3538 544; x_wconf 90' lang='lat' dir='ltr'>autem</span> <span class='ocrx_word' id='word_1_19' title='bbox 3569 492 3722 548; x_wconf 89' lang='lat' dir='ltr'>hanc</span> 
     </span>
    </p>
   </div>
   <div class='ocr_carea' id='block_1_6' title="bbox 315 563 1962 652">
    <p class='ocr_par' dir='ltr' id='par_1_6' title="bbox 315 563 1962 652">
     <span class='ocr_line' id='line_1_6' title="bbox 315 563 1962 652; baseline -0.001 -22"><span class='ocrx_word' id='word_1_20' title='bbox 315 595 408 646; x_wconf 91' lang='grc' dir='ltr'>την</span> <span class='ocrx_word' id='word_1_21' title='bbox 441 572 643 632; x_wconf 80' lang='grc' dir='ltr'>αίτίαν.</span> <span class='ocrx_word' id='word_1_22' title='bbox 675 576 1012 632; x_wconf 77' lang='grc' dir='ltr'>Ἀντὲκειντο</span> <span class='ocrx_word' id='word_1_23' title='bbox 1079 577 1182 652; x_wconf 73' lang='grc' dir='ltr'>γὰρ</span> <span class='ocrx_word' id='word_1_24' title='bbox 1244 576 1390 648; x_wconf 81' lang='grc' dir='ltr'>αὐτῷ</span> <span class='ocrx_word' id='word_1_25' title='bbox 1443 577 1618 638; x_wconf 86' lang='grc' dir='ltr'>πάσας</span> <span class='ocrx_word' id='word_1_26' title='bbox 1675 578 1770 637; x_wconf 81' lang='grc' dir='ltr'>τὰς</span> <span class='ocrx_word' id='word_1_27' title='bbox 1808 563 1962 647; x_wconf 6' lang='grc' dir='ltr'>κήμὲ-</span> 
     </span>
    </p>
   </div>
   <div class='ocr_carea' id='block_1_7' title="bbox 319 661 1964 741">
    <p class='ocr_par' dir='ltr' id='par_1_7' title="bbox 319 661 1964 741">
     <span class='ocr_line' id='line_1_7' title="bbox 319 661 1964 741; baseline -0.001 -22"><span class='ocrx_word' id='word_1_28' title='bbox 319 683 430 741; x_wconf 80' lang='grc' dir='ltr'>ρας’</span> <span class='ocrx_word' id='word_1_29' title='bbox 492 665 583 719; x_wconf 74' lang='grc' dir='ltr'>καὶ</span> <span class='ocrx_word' id='word_1_30' title='bbox 641 663 948 720; x_wconf 72' lang='grc' dir='ltr'>ἀπέκτεινεν</span> <span class='ocrx_word' id='word_1_31' title='bbox 1007 665 1165 720; x_wconf 81' lang='grc' dir='ltr'>αὐτὸν</span> <span class='ocrx_word' id='word_1_32' title='bbox 1216 667 1245 721; x_wconf 80' lang='grc' dir='ltr'>ὁ</span> <span class='ocrx_word' id='word_1_33' title='bbox 1301 665 1614 741; x_wconf 74' lang='grc' dir='ltr'>ἡγούμενος</span> <span class='ocrx_word' id='word_1_34' title='bbox 1661 668 1756 719; x_wconf 88' lang='grc' dir='ltr'>τοῦ</span> <span class='ocrx_word' id='word_1_35' title='bbox 1805 661 1964 732; x_wconf 88' lang='grc' dir='ltr'>λαοῦ,</span> 
     </span>
    </p>
   </div>
   <div class='ocr_carea' id='block_1_8' title="bbox 315 751 1964 832">
    <p class='ocr_par' dir='ltr' id='par_1_8' title="bbox 315 751 1964 832">
     <span class='ocr_line' id='line_1_8' title="bbox 315 751 1964 832; baseline -0.002 -23"><span class='ocrx_word' id='word_1_36' title='bbox 315 755 384 816; x_wconf 82' lang='grc' dir='ltr'>ὡς</span> <span class='ocrx_word' id='word_1_37' title='bbox 415 753 792 830; x_wconf 77' lang='grc' dir='ltr'>ἐλεγχόμενος</span> <span class='ocrx_word' id='word_1_38' title='bbox 823 755 911 810; x_wconf 87' lang='lat'>61:&#39;</span> <span class='ocrx_word' id='word_1_39' title='bbox 956 755 1142 814; x_wconf 86' lang='lat' dir='ltr'>a6:o6.</span> <span class='ocrx_word' id='word_1_40' title='bbox 1204 755 1306 813; x_wconf 77' lang='grc' dir='ltr'>Καὶ</span> <span class='ocrx_word' id='word_1_41' title='bbox 1367 755 1536 832; x_wconf 64' lang='grc' dir='ltr'>ἐτάφη</span> <span class='ocrx_word' id='word_1_42' title='bbox 1589 753 1642 810; x_wconf 76' lang='grc' dir='ltr'>ἐν</span> <span class='ocrx_word' id='word_1_43' title='bbox 1700 751 1836 828; x_wconf 78' lang='grc' dir='ltr'>αὖτῇ</span> <span class='ocrx_word' id='word_1_44' title='bbox 1894 755 1964 826; x_wconf 79' lang='grc' dir='ltr'>τῇ</span> 
     </span>
    </p>
   </div>
   <div class='ocr_carea' id='block_1_9' title="bbox 317 841 1965 920">
    <p class='ocr_par' dir='ltr' id='par_1_9' title="bbox 317 841 1965 920">
     <span class='ocr_line' id='line_1_9' title="bbox 317 841 1965 920; baseline -0.001 -23"><span class='ocrx_word' id='word_1_45' title='bbox 317 843 476 919; x_wconf 84' lang='grc' dir='ltr'>χώρᾳ</span> <span class='ocrx_word' id='word_1_46' title='bbox 509 845 614 899; x_wconf 84' lang='grc' dir='ltr'>ὑπὸ</span> <span class='ocrx_word' id='word_1_47' title='bbox 655 849 764 898; x_wconf 80' lang='grc' dir='ltr'>τῶν</span> <span class='ocrx_word' id='word_1_48' title='bbox 821 848 1086 920; x_wconf 79' lang='grc' dir='ltr'>συγγενῶν</span> <span class='ocrx_word' id='word_1_49' title='bbox 1147 842 1406 916; x_wconf 83' lang='grc' dir='ltr'>ἐντίμως,</span> <span class='ocrx_word' id='word_1_50' title='bbox 1457 841 1781 918; x_wconf 74' lang='grc' dir='ltr'>ἀναδραμὼν</span> <span class='ocrx_word' id='word_1_51' title='bbox 1827 852 1965 916; x_wconf 84' lang='grc' dir='ltr'>πρὸς</span> 
     </span>
    </p>
   </div>
   <div class='ocr_carea' id='block_1_10' title="bbox 314 932 1965 1010">
    <p class='ocr_par' dir='ltr' id='par_1_10' title="bbox 314 932 1965 1010">
     <span class='ocr_line' id='line_1_10' title="bbox 314 932 1965 1010; baseline -0.002 -20"><span class='ocrx_word' id='word_1_52' title='bbox 314 935 464 1000; x_wconf 85' lang='grc' dir='ltr'>Θεὸν,</span> <span class='ocrx_word' id='word_1_53' title='bbox 495 932 565 989; x_wconf 88' lang='grc' dir='ltr'>δι’</span> <span class='ocrx_word' id='word_1_54' title='bbox 621 934 682 990; x_wconf 78' lang='grc' dir='ltr'>δν</span> <span class='ocrx_word' id='word_1_55' title='bbox 717 933 845 996; x_wconf 74' lang='grc' dir='ltr'>τοὺς</span> <span class='ocrx_word' id='word_1_56' title='bbox 900 934 1148 996; x_wconf 71' lang='grc' dir='ltr'>πολλοὺς</span> <span class='ocrx_word' id='word_1_57' title='bbox 1208 935 1408 1006; x_wconf 70' lang='grc' dir='ltr'>ὑπέστη</span> <span class='ocrx_word' id='word_1_58' title='bbox 1463 932 1801 1010; x_wconf 76' lang='grc' dir='ltr'>πειρασμοὺς</span> <span class='ocrx_word' id='word_1_59' title='bbox 1862 932 1965 988; x_wconf 87' lang='lat'>61:6</span> 
     </span>
    </p>
   </div>
   <div class='ocr_carea' id='block_1_11' title="bbox 311 1019 1963 1099">
    <p class='ocr_par' dir='ltr' id='par_1_11' title="bbox 311 1019 1963 1099">
     <span class='ocr_line' id='line_1_11' title="bbox 311 1019 1963 1099; baseline 0 -22"><span class='ocrx_word' id='word_1_60' title='bbox 311 1027 414 1077; x_wconf 81' lang='grc' dir='ltr'>τῶν</span> <span class='ocrx_word' id='word_1_61' title='bbox 444 1023 808 1098; x_wconf 72' lang='grc' dir='ltr'>παρανόμων,</span> <span class='ocrx_word' id='word_1_62' title='bbox 839 1023 928 1079; x_wconf 80' lang='grc' dir='ltr'>καὶ</span> <span class='ocrx_word' id='word_1_63' title='bbox 962 1019 1261 1079; x_wconf 76' lang='grc' dir='ltr'>ἀπολαϐὼν</span> <span class='ocrx_word' id='word_1_64' title='bbox 1319 1024 1384 1078; x_wconf 72' lang='grc' dir='ltr'>τὰ</span> <span class='ocrx_word' id='word_1_65' title='bbox 1441 1023 1632 1099; x_wconf 68' lang='grc' dir='ltr'>ἀγαθὰ,</span> <span class='ocrx_word' id='word_1_66' title='bbox 1666 1023 1699 1077; x_wconf 81' lang='grc' dir='ltr'>ἅ</span> <span class='ocrx_word' id='word_1_67' title='bbox 1755 1021 1963 1098; x_wconf 77' lang='grc' dir='ltr'>ὀφθαλ-</span> 
     </span>
    </p>
   </div>
   <div class='ocr_carea' id='block_1_12' title="bbox 317 1108 1961 1187">
    <p class='ocr_par' dir='ltr' id='par_1_12' title="bbox 317 1108 1961 1187">
     <span class='ocr_line' id='line_1_12' title="bbox 317 1108 1961 1187; baseline -0.002 -19"><span class='ocrx_word' id='word_1_68' title='bbox 317 1114 418 1186; x_wconf 81' lang='grc' dir='ltr'>μὸς</span> <span class='ocrx_word' id='word_1_69' title='bbox 451 1115 555 1169; x_wconf 77' lang='grc' dir='ltr'>οὐκ</span> <span class='ocrx_word' id='word_1_70' title='bbox 585 1111 714 1182; x_wconf 75' lang='grc' dir='ltr'>εἶδε,</span> <span class='ocrx_word' id='word_1_71' title='bbox 745 1115 834 1169; x_wconf 77' lang='grc' dir='ltr'>καὶ</span> <span class='ocrx_word' id='word_1_72' title='bbox 892 1115 984 1178; x_wconf 80' lang='lat' dir='ltr'>o6;</span> <span class='ocrx_word' id='word_1_73' title='bbox 1047 1114 1145 1171; x_wconf 77' lang='grc' dir='ltr'>οὐκ</span> <span class='ocrx_word' id='word_1_74' title='bbox 1201 1112 1425 1184; x_wconf 77' lang='grc' dir='ltr'>ἤκουσε,</span> <span class='ocrx_word' id='word_1_75' title='bbox 1483 1111 1572 1168; x_wconf 77' lang='grc' dir='ltr'><strong>καί</strong></span> <span class='ocrx_word' id='word_1_76' title='bbox 1603 1112 1690 1168; x_wconf 81' lang='grc' dir='ltr'>ἐπὶ</span> <span class='ocrx_word' id='word_1_77' title='bbox 1737 1108 1961 1187; x_wconf 76' lang='grc' dir='ltr'>καρδίαν</span> 
     </span>
    </p>
   </div>
   <div class='ocr_carea' id='block_1_13' title="bbox 313 1200 1964 1281">
    <p class='ocr_par' dir='ltr' id='par_1_13' title="bbox 313 1200 1964 1281">
     <span class='ocr_line' id='line_1_13' title="bbox 313 1200 1964 1281; baseline -0.001 -23"><span class='ocrx_word' id='word_1_78' title='bbox 313 1206 604 1276; x_wconf 81' lang='grc' dir='ltr'>ἀνθρώπου</span> <span class='ocrx_word' id='word_1_79' title='bbox 637 1205 735 1260; x_wconf 72' lang='grc' dir='ltr'>οὐκ</span> <span class='ocrx_word' id='word_1_80' title='bbox 768 1200 948 1281; x_wconf 73' lang='grc' dir='ltr'>ἀνὲϐῃ,</span> <span class='ocrx_word' id='word_1_81' title='bbox 982 1205 1012 1260; x_wconf 75' lang='grc' dir='ltr'>ἅ</span> <span class='ocrx_word' id='word_1_82' title='bbox 1041 1204 1340 1279; x_wconf 78' lang='grc' dir='ltr'>ἡτοίμασεν</span> <span class='ocrx_word' id='word_1_83' title='bbox 1399 1205 1427 1259; x_wconf 84' lang='grc' dir='ltr'>ὁ</span> <span class='ocrx_word' id='word_1_84' title='bbox 1488 1205 1616 1266; x_wconf 85' lang='grc' dir='ltr'>Θεὸς</span> <span class='ocrx_word' id='word_1_85' title='bbox 1667 1208 1786 1266; x_wconf 85' lang='grc' dir='ltr'>τοῖς</span> <span class='ocrx_word' id='word_1_86' title='bbox 1837 1203 1964 1277; x_wconf 82' lang='grc' dir='ltr'>ἀγα-</span> 
     </span>
    </p>
   </div>
   <div class='ocr_carea' id='block_1_14' title="bbox 314 1293 898 1370">
    <p class='ocr_par' dir='ltr' id='par_1_14' title="bbox 314 1293 898 1370">
     <span class='ocr_line' id='line_1_14' title="bbox 314 1293 898 1370; baseline 0.007 -22"><span class='ocrx_word' id='word_1_87' title='bbox 314 1297 488 1349; x_wconf 82' lang='grc' dir='ltr'>πῶσιν</span> <span class='ocrx_word' id='word_1_88' title='bbox 521 1293 679 1350; x_wconf 77' lang='grc' dir='ltr'>αὐτὸν</span> <span class='ocrx_word' id='word_1_89' title='bbox 703 1295 898 1370; x_wconf 80' lang='grc' dir='ltr'>ἁγίοις.</span> 
     </span>
    </p>
   </div>
   <div class='ocr_carea' id='block_1_15' title="bbox 864 1414 1412 1475">
    <p class='ocr_par' dir='ltr' id='par_1_15' title="bbox 864 1414 1412 1475">
     <span class='ocr_line' id='line_1_15' title="bbox 864 1414 1412 1475; baseline 0.005 -7"><span class='ocrx_word' id='word_1_90' title='bbox 864 1415 1040 1470; x_wconf 81' lang='grc' dir='ltr'>ΜΗΝΙ</span> <span class='ocrx_word' id='word_1_91' title='bbox 1078 1415 1164 1475; x_wconf 80' lang='grc' dir='ltr'><strong>ΤΩ</strong></span> <span class='ocrx_word' id='word_1_92' title='bbox 1209 1414 1412 1471; x_wconf 84' lang='grc' dir='ltr'><strong>ΑΥΤΩ.</strong></span> 
     </span>
    </p>
   </div>
   <div class='ocr_carea' id='block_1_16' title="bbox 1091 1503 1175 1560">
    <p class='ocr_par' dir='ltr' id='par_1_16' title="bbox 1091 1503 1175 1560">
     <span class='ocr_line' id='line_1_16' title="bbox 1091 1503 1175 1560; baseline 0 0"><span class='ocrx_word' id='word_1_93' title='bbox 1091 1503 1175 1560; x_wconf 90' lang='grc' dir='ltr'>ΙΒ’</span> 
     </span>
    </p>
   </div>
   <div class='ocr_carea' id='block_1_17' title="bbox 454 1588 1818 1670">
    <p class='ocr_par' dir='ltr' id='par_1_17' title="bbox 454 1588 1818 1670">
     <span class='ocr_line' id='line_1_17' title="bbox 454 1588 1818 1670; baseline -0.001 -22"><span class='ocrx_word' id='word_1_94' title='bbox 454 1591 664 1664; x_wconf 80' lang='grc' dir='ltr'>Μνήμη</span> <span class='ocrx_word' id='word_1_95' title='bbox 696 1597 797 1662; x_wconf 87' lang='grc' dir='ltr'>τῆς</span> <span class='ocrx_word' id='word_1_96' title='bbox 830 1591 982 1670; x_wconf 79' lang='grc' dir='ltr'>ἁγίας</span> <span class='ocrx_word' id='word_1_97' title='bbox 1014 1590 1230 1667; x_wconf 75' lang='grc' dir='ltr'>Μαρίας</span> <span class='ocrx_word' id='word_1_98' title='bbox 1271 1597 1374 1661; x_wconf 84' lang='grc' dir='ltr'>τῆς</span> <span class='ocrx_word' id='word_1_99' title='bbox 1422 1588 1818 1666; x_wconf 83' lang='grc' dir='ltr'>Μαγδαληνῆς.</span> 
     </span>
    </p>
   </div>
   <div class='ocr_carea' id='block_1_18' title="bbox 384 1725 1963 1802">
    <p class='ocr_par' dir='ltr' id='par_1_18' title="bbox 384 1725 1963 1802">
     <span class='ocr_line' id='line_1_18' title="bbox 384 1725 1963 1802; baseline -0.003 -18"><span class='ocrx_word' id='word_1_100' title='bbox 384 1726 637 1800; x_wconf 80' lang='grc' dir='ltr'>Μαρίαὴ</span> <span class='ocrx_word' id='word_1_101' title='bbox 689 1725 1032 1802; x_wconf 81' lang='grc' dir='ltr'>Μαγδαληνή</span> <span class='ocrx_word' id='word_1_102' title='bbox 1089 1727 1149 1782; x_wconf 75' lang='grc' dir='ltr'>ἐκ</span> <span class='ocrx_word' id='word_1_103' title='bbox 1205 1732 1312 1783; x_wconf 83' lang='grc' dir='ltr'>τῶν</span> <span class='ocrx_word' id='word_1_104' title='bbox 1374 1725 1678 1802; x_wconf 84' lang='grc' dir='ltr'>Μαγδάλων</span> <span class='ocrx_word' id='word_1_105' title='bbox 1735 1728 1802 1796; x_wconf 76' lang='grc' dir='ltr'>ἦν</span> <span class='ocrx_word' id='word_1_106' title='bbox 1855 1731 1963 1781; x_wconf 82' lang='grc' dir='ltr'>τῶν</span> 
     </span>
    </p>
   </div>
   <div class='ocr_carea' id='block_1_19' title="bbox 309 1811 1959 1889">
    <p class='ocr_par' dir='ltr' id='par_1_19' title="bbox 309 1811 1959 1889">
     <span class='ocr_line' id='line_1_19' title="bbox 309 1811 1959 1889; baseline -0.001 -21"><span class='ocrx_word' id='word_1_107' title='bbox 309 1812 479 1887; x_wconf 72' lang='grc' dir='ltr'>ὁρίων</span> <span class='ocrx_word' id='word_1_108' title='bbox 517 1817 624 1868; x_wconf 83' lang='grc' dir='ltr'>τῶν</span> <span class='ocrx_word' id='word_1_109' title='bbox 651 1813 871 1889; x_wconf 80' lang='grc' dir='ltr'>Συρίας.</span> <span class='ocrx_word' id='word_1_110' title='bbox 910 1814 1258 1888; x_wconf 66' lang='grc' dir='ltr'>ὈχΛουμὺνη</span> <span class='ocrx_word' id='word_1_111' title='bbox 1293 1811 1350 1869; x_wconf 73' lang='grc' dir='ltr'>δὲ</span> <span class='ocrx_word' id='word_1_112' title='bbox 1381 1815 1483 1870; x_wconf 83' lang='grc' dir='ltr'>ὑπὸ</span> <span class='ocrx_word' id='word_1_113' title='bbox 1514 1812 1784 1887; x_wconf 80' lang='grc' dir='ltr'>δαιμόνων</span> <span class='ocrx_word' id='word_1_114' title='bbox 1807 1813 1959 1884; x_wconf 62' lang='grc' dir='ltr'>ἑπτὰ,</span> 
     </span>
    </p>
   </div>
   <div class='ocr_carea' id='block_1_20' title="bbox 2074 571 3721 645">
    <p class='ocr_par' dir='ltr' id='par_1_20' title="bbox 2074 571 3721 645">
     <span class='ocr_line' id='line_1_20' title="bbox 2074 571 3721 645; baseline 0.005 -19"><span class='ocrx_word' id='word_1_115' title='bbox 2074 571 2148 626; x_wconf 82' lang='grc'>01)</span> <span class='ocrx_word' id='word_1_116' title='bbox 2183 589 2424 628; x_wconf 80' lang='lat' dir='ltr'>causam</span> <span class='ocrx_word' id='word_1_117' title='bbox 2456 573 2848 645; x_wconf 85' lang='lat' dir='ltr'>interemptus</span> <span class='ocrx_word' id='word_1_118' title='bbox 2877 574 3009 629; x_wconf 89' lang='lat' dir='ltr'>fuit.</span> <span class='ocrx_word' id='word_1_119' title='bbox 3043 575 3721 636; x_wconf 88' lang='lat' dir='ltr'>Contradicebantenim</span> 
     </span>
    </p>
   </div>
   <div class='ocr_carea' id='block_1_21' title="bbox 2074 664 3725 743">
    <p class='ocr_par' dir='ltr' id='par_1_21' title="bbox 2074 664 3725 743">
     <span class='ocr_line' id='line_1_21' title="bbox 2074 664 3725 743; baseline 0.004 -24"><span class='ocrx_word' id='word_1_120' title='bbox 2074 664 2126 718; x_wconf 88' lang='lat' dir='ltr'>ei</span> <span class='ocrx_word' id='word_1_121' title='bbox 2163 665 2394 719; x_wconf 89' lang='lat' dir='ltr'>cunctis</span> <span class='ocrx_word' id='word_1_122' title='bbox 2426 664 2672 720; x_wconf 90' lang='lat' dir='ltr'>diebus:</span> <span class='ocrx_word' id='word_1_123' title='bbox 2709 666 3044 738; x_wconf 91' lang='lat' dir='ltr'>occiditque</span> <span class='ocrx_word' id='word_1_124' title='bbox 3077 684 3212 723; x_wconf 92' lang='lat' dir='ltr'>eum</span> <span class='ocrx_word' id='word_1_125' title='bbox 3256 668 3571 739; x_wconf 70' lang='lat' dir='ltr'>praafectus</span> <span class='ocrx_word' id='word_1_126' title='bbox 3625 689 3725 743; x_wconf 89' lang='lat' dir='ltr'>po-</span> 
     </span>
    </p>
   </div>
   <div class='ocr_carea' id='block_1_22' title="bbox 2072 751 3724 826">
    <p class='ocr_par' dir='ltr' id='par_1_22' title="bbox 2072 751 3724 826">
     <span class='ocr_line' id='line_1_22' title="bbox 2072 751 3724 826; baseline 0.004 -20"><span class='ocrx_word' id='word_1_127' title='bbox 2072 751 2388 822; x_wconf 81' lang='lat' dir='ltr'>puli.quod</span> <span class='ocrx_word' id='word_1_128' title='bbox 2423 751 2492 806; x_wconf 90' lang='lat' dir='ltr'>ab</span> <span class='ocrx_word' id='word_1_129' title='bbox 2527 769 2594 806; x_wconf 91' lang='lat' dir='ltr'>eo</span> <span class='ocrx_word' id='word_1_130' title='bbox 2627 752 3060 826; x_wconf 87' lang='lat' dir='ltr'>objurgaretur.</span> <span class='ocrx_word' id='word_1_131' title='bbox 3096 755 3373 826; x_wconf 83' lang='lat' dir='ltr'>Sepultus</span> <span class='ocrx_word' id='word_1_132' title='bbox 3395 762 3594 812; x_wconf 88' lang='lat' dir='ltr'>autem</span> <span class='ocrx_word' id='word_1_133' title='bbox 3613 758 3724 812; x_wconf 83' lang='lat' dir='ltr'>fuit</span> 
     </span>
    </p>
   </div>
   <div class='ocr_carea' id='block_1_23' title="bbox 2074 841 3720 916">
    <p class='ocr_par' dir='ltr' id='par_1_23' title="bbox 2074 841 3720 916">
     <span class='ocr_line' id='line_1_23' title="bbox 2074 841 3720 916; baseline 0.005 -22"><span class='ocrx_word' id='word_1_134' title='bbox 2074 841 2403 896; x_wconf 84' lang='lat' dir='ltr'>honoriﬁce</span> <span class='ocrx_word' id='word_1_135' title='bbox 2435 858 2469 895; x_wconf 92' lang='lat' dir='ltr'>a</span> <span class='ocrx_word' id='word_1_136' title='bbox 2497 841 2850 912; x_wconf 87' lang='lat' dir='ltr'>propinquis</span> <span class='ocrx_word' id='word_1_137' title='bbox 2882 842 2942 896; x_wconf 89' lang='lat' dir='ltr'>in</span> <span class='ocrx_word' id='word_1_138' title='bbox 2976 842 3081 897; x_wconf 90' lang='lat' dir='ltr'>illa</span> <span class='ocrx_word' id='word_1_139' title='bbox 3109 844 3542 916; x_wconf 90' lang='lat' dir='ltr'>regione,-cum</span> <span class='ocrx_word' id='word_1_140' title='bbox 3565 846 3614 902; x_wconf 90' lang='lat' dir='ltr'>is</span> <span class='ocrx_word' id='word_1_141' title='bbox 3646 847 3720 903; x_wconf 91' lang='lat' dir='ltr'>ad</span> 
     </span>
    </p>
   </div>
   <div class='ocr_carea' id='block_1_24' title="bbox 2074 931 3721 1003">
    <p class='ocr_par' dir='ltr' id='par_1_24' title="bbox 2074 931 3721 1003">
     <span class='ocr_line' id='line_1_24' title="bbox 2074 931 3721 1003; baseline 0.005 -19"><span class='ocrx_word' id='word_1_142' title='bbox 2074 931 2257 985; x_wconf 91' lang='lat' dir='ltr'>Deum</span> <span class='ocrx_word' id='word_1_143' title='bbox 2309 931 2616 991; x_wconf 78' lang='lat' dir='ltr'>avolasset,</span> <span class='ocrx_word' id='word_1_144' title='bbox 2678 949 2784 1002; x_wconf 91' lang='lat' dir='ltr'>pro</span> <span class='ocrx_word' id='word_1_145' title='bbox 2840 949 2956 1003; x_wconf 89' lang='lat' dir='ltr'>quo</span> <span class='ocrx_word' id='word_1_146' title='bbox 3034 934 3251 990; x_wconf 89' lang='lat' dir='ltr'>multas</span> <span class='ocrx_word' id='word_1_147' title='bbox 3308 935 3721 994; x_wconf 89' lang='lat' dir='ltr'>tribulationes</span> 
     </span>
    </p>
   </div>
   <div class='ocr_carea' id='block_1_25' title="bbox 2073 1021 3718 1097">
    <p class='ocr_par' dir='ltr' id='par_1_25' title="bbox 2073 1021 3718 1097">
     <span class='ocr_line' id='line_1_25' title="bbox 2073 1021 3718 1097; baseline 0.004 -20"><span class='ocrx_word' id='word_1_148' title='bbox 2073 1021 2144 1077; x_wconf 91' lang='lat' dir='ltr'>ab</span> <span class='ocrx_word' id='word_1_149' title='bbox 2170 1021 2369 1093; x_wconf 90' lang='lat' dir='ltr'>impiis</span> <span class='ocrx_word' id='word_1_150' title='bbox 2417 1022 2802 1081; x_wconf 79' lang='lat' dir='ltr'>sustinuerat.</span> <span class='ocrx_word' id='word_1_151' title='bbox 2835 1022 2994 1078; x_wconf 90' lang='lat' dir='ltr'>bona</span> <span class='ocrx_word' id='word_1_152' title='bbox 3013 1031 3381 1097; x_wconf 83' lang='lat' dir='ltr'>recepturus,</span> <span class='ocrx_word' id='word_1_153' title='bbox 3418 1044 3548 1097; x_wconf 65' lang='lat' dir='ltr'>quas</span> <span class='ocrx_word' id='word_1_154' title='bbox 3581 1045 3718 1084; x_wconf 90' lang='lat' dir='ltr'>ocu-</span> 
     </span>
    </p>
   </div>
   <div class='ocr_carea' id='block_1_26' title="bbox 2071 1109 3717 1181">
    <p class='ocr_par' dir='ltr' id='par_1_26' title="bbox 2071 1109 3717 1181">
     <span class='ocr_line' id='line_1_26' title="bbox 2071 1109 3717 1181; baseline 0.005 -17"><span class='ocrx_word' id='word_1_155' title='bbox 2071 1109 2167 1165; x_wconf 90' lang='lat' dir='ltr'>lus</span> <span class='ocrx_word' id='word_1_156' title='bbox 2198 1127 2318 1165; x_wconf 91' lang='lat' dir='ltr'>non</span> <span class='ocrx_word' id='word_1_157' title='bbox 2350 1110 2515 1176; x_wconf 84' lang='lat' dir='ltr'>vidit,</span> <span class='ocrx_word' id='word_1_158' title='bbox 2549 1127 2659 1166; x_wconf 91' lang='lat' dir='ltr'>nec</span> <span class='ocrx_word' id='word_1_159' title='bbox 2692 1112 2851 1167; x_wconf 85' lang='lat' dir='ltr'>auris</span> <span class='ocrx_word' id='word_1_160' title='bbox 2882 1112 3124 1181; x_wconf 79' lang='lat' dir='ltr'>audivit,</span> <span class='ocrx_word' id='word_1_161' title='bbox 3158 1131 3269 1170; x_wconf 90' lang='lat' dir='ltr'>nec</span> <span class='ocrx_word' id='word_1_162' title='bbox 3302 1115 3362 1170; x_wconf 90' lang='lat' dir='ltr'>in</span> <span class='ocrx_word' id='word_1_163' title='bbox 3394 1133 3497 1171; x_wconf 91' lang='lat' dir='ltr'>cor</span> <span class='ocrx_word' id='word_1_164' title='bbox 3527 1117 3717 1173; x_wconf 89' lang='lat' dir='ltr'>homi-</span> 
     </span>
    </p>
   </div>
   <div class='ocr_carea' id='block_1_27' title="bbox 2072 1199 3716 1278">
    <p class='ocr_par' dir='ltr' id='par_1_27' title="bbox 2072 1199 3716 1278">
     <span class='ocr_line' id='line_1_27' title="bbox 2072 1199 3716 1278; baseline 0.006 -25"><span class='ocrx_word' id='word_1_165' title='bbox 2072 1199 2164 1253; x_wconf 91' lang='lat' dir='ltr'>nis</span> <span class='ocrx_word' id='word_1_166' title='bbox 2195 1200 2625 1272; x_wconf 75' lang='lat' dir='ltr'>ascendit,quaa</span> <span class='ocrx_word' id='word_1_167' title='bbox 2651 1202 2872 1256; x_wconf 86' lang='lat' dir='ltr'>sanctis</span> <span class='ocrx_word' id='word_1_168' title='bbox 2903 1218 2964 1257; x_wconf 89' lang='lat' dir='ltr'>se</span> <span class='ocrx_word' id='word_1_169' title='bbox 2998 1201 3382 1275; x_wconf 83' lang='lat' dir='ltr'>diligentibus</span> <span class='ocrx_word' id='word_1_170' title='bbox 3404 1206 3716 1278; x_wconf 71' lang='lat' dir='ltr'>Deuspraa-</span> 
     </span>
    </p>
   </div>
   <div class='ocr_carea' id='block_1_28' title="bbox 2071 1290 2318 1359">
    <p class='ocr_par' dir='ltr' id='par_1_28' title="bbox 2071 1290 2318 1359">
     <span class='ocr_line' id='line_1_28' title="bbox 2071 1290 2318 1359; baseline 0.012 -17"><span class='ocrx_word' id='word_1_171' title='bbox 2071 1290 2318 1359; x_wconf 86' lang='lat' dir='ltr'>paravit.</span> 
     </span>
    </p>
   </div>
   <div class='ocr_carea' id='block_1_29' title="bbox 2629 1397 3156 1455">
    <p class='ocr_par' dir='ltr' id='par_1_29' title="bbox 2629 1397 3156 1455">
     <span class='ocr_line' id='line_1_29' title="bbox 2629 1397 3156 1455; baseline 0.004 -2"><span class='ocrx_word' id='word_1_172' title='bbox 2629 1397 2870 1453; x_wconf 88' lang='lat' dir='ltr'><strong>EODEM</strong></span> <span class='ocrx_word' id='word_1_173' title='bbox 2901 1400 3156 1455; x_wconf 86' lang='lat' dir='ltr'>MENSE.</span> 
     </span>
    </p>
   </div>
   <div class='ocr_carea' id='block_1_30' title="bbox 2567 1486 3257 1546">
    <p class='ocr_par' dir='ltr' id='par_1_30' title="bbox 2567 1486 3257 1546">
     <span class='ocr_line' id='line_1_30' title="bbox 2567 1486 3257 1546; baseline 0.004 -4"><span class='ocrx_word' id='word_1_174' title='bbox 2567 1486 2672 1542; x_wconf 91' lang='lat' dir='ltr'>Die</span> <span class='ocrx_word' id='word_1_175' title='bbox 2693 1487 2973 1544; x_wconf 86' lang='lat' dir='ltr'>vicesima</span> <span class='ocrx_word' id='word_1_176' title='bbox 2995 1489 3257 1546; x_wconf 91' lang='lat' dir='ltr'>secunda</span> 
     </span>
    </p>
   </div>
   <div class='ocr_carea' id='block_1_31' title="bbox 2242 1576 3533 1649">
    <p class='ocr_par' dir='ltr' id='par_1_31' title="bbox 2242 1576 3533 1649">
     <span class='ocr_line' id='line_1_31' title="bbox 2242 1576 3533 1649; baseline 0.005 -19"><span class='ocrx_word' id='word_1_177' title='bbox 2242 1576 2690 1632; x_wconf 81' lang='lat' dir='ltr'>Commemoratio</span> <span class='ocrx_word' id='word_1_178' title='bbox 2720 1584 2920 1632; x_wconf 70' lang='lat' dir='ltr'>sanctae</span> <span class='ocrx_word' id='word_1_179' title='bbox 2952 1581 3144 1635; x_wconf 65' lang='lat' dir='ltr'>Mariae</span> <span class='ocrx_word' id='word_1_180' title='bbox 3171 1581 3533 1649; x_wconf 78' lang='lat' dir='ltr'>Magdalenae.</span> 
     </span>
    </p>
   </div>
   <div class='ocr_carea' id='block_1_32' title="bbox 2143 1719 3716 1798">
    <p class='ocr_par' dir='ltr' id='par_1_32' title="bbox 2143 1719 3716 1798">
     <span class='ocr_line' id='line_1_32' title="bbox 2143 1719 3716 1798; baseline 0.005 -25"><span class='ocrx_word' id='word_1_181' title='bbox 2143 1719 2323 1774; x_wconf 87' lang='lat' dir='ltr'>Maria</span> <span class='ocrx_word' id='word_1_182' title='bbox 2385 1720 2726 1790; x_wconf 84' lang='lat' dir='ltr'>Magdalena</span> <span class='ocrx_word' id='word_1_183' title='bbox 2781 1720 2893 1776; x_wconf 86' lang='lat' dir='ltr'>fuit</span> <span class='ocrx_word' id='word_1_184' title='bbox 2955 1738 3024 1776; x_wconf 80' lang='lat' dir='ltr'>ex</span> <span class='ocrx_word' id='word_1_185' title='bbox 3081 1723 3362 1795; x_wconf 85' lang='lat' dir='ltr'>Magdalis</span> <span class='ocrx_word' id='word_1_186' title='bbox 3421 1725 3483 1780; x_wconf 93' lang='lat' dir='ltr'>in</span> <span class='ocrx_word' id='word_1_187' title='bbox 3535 1725 3716 1798; x_wconf 65' lang='lat' dir='ltr'>Syriae</span> 
     </span>
    </p>
   </div>
   <div class='ocr_carea' id='block_1_33' title="bbox 2073 1808 3716 1882">
    <p class='ocr_par' dir='ltr' id='par_1_33' title="bbox 2073 1808 3716 1882">
     <span class='ocr_line' id='line_1_33' title="bbox 2073 1808 3716 1882; baseline 0.006 -22"><span class='ocrx_word' id='word_1_188' title='bbox 2073 1808 2394 1863; x_wconf 87' lang='lat' dir='ltr'>montibus.</span> <span class='ocrx_word' id='word_1_189' title='bbox 2427 1808 2571 1864; x_wconf 91' lang='lat' dir='ltr'>Cum</span> <span class='ocrx_word' id='word_1_190' title='bbox 2601 1814 2798 1865; x_wconf 90' lang='lat' dir='ltr'>autem</span> <span class='ocrx_word' id='word_1_191' title='bbox 2829 1827 2863 1865; x_wconf 90' lang='lat' dir='ltr'>a</span> <span class='ocrx_word' id='word_1_192' title='bbox 2892 1815 3117 1882; x_wconf 87' lang='lat' dir='ltr'>septem</span> <span class='ocrx_word' id='word_1_193' title='bbox 3138 1811 3450 1868; x_wconf 71' lang='lat' dir='ltr'>daemoniis</span> <span class='ocrx_word' id='word_1_194' title='bbox 3470 1831 3716 1870; x_wconf 83' lang='lat' dir='ltr'>vexare-</span> 
     </span>
    </p>
   </div>
   <div class='ocr_carea' id='block_1_34' title="bbox 307 1890 1957 1979">
    <p class='ocr_par' dir='ltr' id='par_1_34' title="bbox 307 1901 1957 1979">
     <span class='ocr_line' id='line_1_34' title="bbox 307 1901 1957 1979; baseline -0.001 -22"><span class='ocrx_word' id='word_1_195' title='bbox 307 1901 644 1976; x_wconf 72' lang='grc' dir='ltr'>ἐθεραπεύθη</span> <span class='ocrx_word' id='word_1_196' title='bbox 725 1905 828 1958; x_wconf 82' lang='grc' dir='ltr'>ὑπὸ</span> <span class='ocrx_word' id='word_1_197' title='bbox 887 1909 1147 1979; x_wconf 71' lang='grc' dir='ltr'>Χριστοῦ·</span> <span class='ocrx_word' id='word_1_198' title='bbox 1204 1906 1290 1960; x_wconf 84' lang='grc' dir='ltr'>καὶ</span> <span class='ocrx_word' id='word_1_199' title='bbox 1372 1901 1462 1959; x_wconf 73' lang='grc' dir='ltr'>διὰ</span> <span class='ocrx_word' id='word_1_200' title='bbox 1517 1905 1618 1974; x_wconf 76' lang='grc' dir='ltr'>τὴν</span> <span class='ocrx_word' id='word_1_201' title='bbox 1702 1901 1957 1974; x_wconf 76' lang='grc' dir='ltr'>τοιαύτην</span> 
     </span>
    </p>
   </div>
   <div class='ocr_carea' id='block_1_35' title="bbox 2072 1890 3713 1979">
    <p class='ocr_par' dir='ltr' id='par_1_35' title="bbox 2073 1898 3713 1964">
     <span class='ocr_line' id='line_1_35' title="bbox 2073 1898 3713 1964; baseline 0.005 -14"><span class='ocrx_word' id='word_1_202' title='bbox 2073 1903 2186 1964; x_wconf 82' lang='lat' dir='ltr'>tur,</span> <span class='ocrx_word' id='word_1_203' title='bbox 2215 1913 2248 1952; x_wconf 90' lang='lat' dir='ltr'>a</span> <span class='ocrx_word' id='word_1_204' title='bbox 2274 1898 2506 1953; x_wconf 87' lang='lat' dir='ltr'>Christo</span> <span class='ocrx_word' id='word_1_205' title='bbox 2539 1904 2743 1954; x_wconf 83' lang='lat' dir='ltr'>curata</span> <span class='ocrx_word' id='word_1_206' title='bbox 2775 1900 2982 1955; x_wconf 90' lang='lat' dir='ltr'>est.0b</span> <span class='ocrx_word' id='word_1_207' title='bbox 3016 1900 3128 1956; x_wconf 90' lang='lat' dir='ltr'>hoc</span> <span class='ocrx_word' id='word_1_208' title='bbox 3159 1901 3517 1958; x_wconf 75' lang='lat' dir='ltr'>beneﬁcium</span> <span class='ocrx_word' id='word_1_209' title='bbox 3542 1904 3713 1959; x_wconf 91' lang='lat' dir='ltr'>illum</span> 
     </span>
    </p>
   </div>
   <div class='ocr_carea' id='block_1_36' title="bbox 308 1990 1960 2068">
    <p class='ocr_par' dir='ltr' id='par_1_36' title="bbox 308 1990 1960 2068">
     <span class='ocr_line' id='line_1_36' title="bbox 308 1990 1960 2068; baseline 0 -22"><span class='ocrx_word' id='word_1_210' title='bbox 308 1990 619 2066; x_wconf 84' lang='grc' dir='ltr'>εὐεργεσίαν</span> <span class='ocrx_word' id='word_1_211' title='bbox 700 1991 1116 2063; x_wconf 63' lang='grc' dir='ltr'>ἀκολουθῆσασα</span> <span class='ocrx_word' id='word_1_212' title='bbox 1182 1994 1348 2067; x_wconf 76' lang='grc' dir='ltr'>αὐτῷ,</span> <span class='ocrx_word' id='word_1_213' title='bbox 1408 1993 1596 2068; x_wconf 71' lang='grc' dir='ltr'>γέγονε</span> <span class='ocrx_word' id='word_1_214' title='bbox 1683 1994 1960 2068; x_wconf 74' lang='grc' dir='ltr'>μαθήτρια</span> 
     </span>
    </p>
   </div>
   <div class='ocr_carea' id='block_1_37' title="bbox 300 2083 1958 2162">
    <p class='ocr_par' dir='ltr' id='par_1_37' title="bbox 300 2083 1958 2162">
     <span class='ocr_line' id='line_1_37' title="bbox 300 2083 1958 2162; baseline 0 -23"><span class='ocrx_word' id='word_1_215' title='bbox 300 2084 490 2140; x_wconf 80' lang='grc' dir='ltr'>αὐτοῦ.</span> <span class='ocrx_word' id='word_1_216' title='bbox 526 2084 630 2143; x_wconf 83' lang='grc' dir='ltr'>Καὶ</span> <span class='ocrx_word' id='word_1_217' title='bbox 671 2087 740 2155; x_wconf 70' lang='grc' dir='ltr'>ἦν</span> <span class='ocrx_word' id='word_1_218' title='bbox 801 2083 1124 2142; x_wconf 78' lang='grc' dir='ltr'>διακονοῦσα</span> <span class='ocrx_word' id='word_1_219' title='bbox 1182 2086 1330 2159; x_wconf 82' lang='grc' dir='ltr'>αὐτῷ</span> <span class='ocrx_word' id='word_1_220' title='bbox 1391 2083 1556 2162; x_wconf 73' lang='grc' dir='ltr'>μέχρι</span> <span class='ocrx_word' id='word_1_221' title='bbox 1595 2090 1695 2142; x_wconf 89' lang='grc' dir='ltr'>τοῦ</span> <span class='ocrx_word' id='word_1_222' title='bbox 1752 2086 1958 2150; x_wconf 80' lang='grc' dir='ltr'>πάθους</span> 
     </span>
    </p>
   </div>
   <div class='ocr_carea' id='block_1_38' title="bbox 301 2172 1955 2250">
    <p class='ocr_par' dir='ltr' id='par_1_38' title="bbox 301 2172 1955 2250">
     <span class='ocr_line' id='line_1_38' title="bbox 301 2172 1955 2250; baseline 0 -22"><span class='ocrx_word' id='word_1_223' title='bbox 301 2172 492 2229; x_wconf 75' lang='grc' dir='ltr'>αὐτοῦ.</span> <span class='ocrx_word' id='word_1_224' title='bbox 528 2175 633 2231; x_wconf 78' lang='grc' dir='ltr'>Καὶ</span> <span class='ocrx_word' id='word_1_225' title='bbox 668 2175 860 2250; x_wconf 84' lang='grc' dir='ltr'>πρώτη</span> <span class='ocrx_word' id='word_1_226' title='bbox 912 2177 1010 2243; x_wconf 73' lang='grc' dir='ltr'>τὴν</span> <span class='ocrx_word' id='word_1_227' title='bbox 1044 2175 1324 2231; x_wconf 81' lang='grc' dir='ltr'>ἀνάστασιν</span> <span class='ocrx_word' id='word_1_228' title='bbox 1354 2176 1468 2248; x_wconf 77' lang='grc' dir='ltr'>ἅμα</span> <span class='ocrx_word' id='word_1_229' title='bbox 1512 2179 1581 2248; x_wconf 75' lang='grc' dir='ltr'>τῇ</span> <span class='ocrx_word' id='word_1_230' title='bbox 1641 2173 1784 2248; x_wconf 76' lang='grc' dir='ltr'>ἄλλῃ</span> <span class='ocrx_word' id='word_1_231' title='bbox 1837 2176 1955 2230; x_wconf 80' lang='grc' dir='ltr'>Μα-</span> 
     </span>
    </p>
   </div>
   <div class='ocr_carea' id='block_1_39' title="bbox 303 2258 1958 2338">
    <p class='ocr_par' dir='ltr' id='par_1_39' title="bbox 303 2258 1958 2338">
     <span class='ocr_line' id='line_1_39' title="bbox 303 2258 1958 2338; baseline 0.001 -21"><span class='ocrx_word' id='word_1_232' title='bbox 303 2264 420 2338; x_wconf 82' lang='grc' dir='ltr'>ρίᾳ,</span> <span class='ocrx_word' id='word_1_233' title='bbox 471 2264 615 2336; x_wconf 77' lang='grc' dir='ltr'>μύρα</span> <span class='ocrx_word' id='word_1_234' title='bbox 673 2264 994 2338; x_wconf 81' lang='grc' dir='ltr'>κομίζουσα,</span> <span class='ocrx_word' id='word_1_235' title='bbox 1054 2263 1314 2335; x_wconf 82' lang='grc' dir='ltr'>κατεῖδεν,</span> <span class='ocrx_word' id='word_1_236' title='bbox 1367 2263 1530 2335; x_wconf 77' lang='grc' dir='ltr'>ἡνίκα</span> <span class='ocrx_word' id='word_1_237' title='bbox 1585 2263 1684 2338; x_wconf 64' lang='grc' dir='ltr'>ὀψε</span> <span class='ocrx_word' id='word_1_238' title='bbox 1740 2258 1958 2319; x_wconf 80' lang='grc' dir='ltr'>Σαϐϐά-</span> 
     </span>
    </p>
   </div>
   <div class='ocr_carea' id='block_1_40' title="bbox 297 2351 1957 2431">
    <p class='ocr_par' dir='ltr' id='par_1_40' title="bbox 297 2351 1957 2431">
     <span class='ocr_line' id='line_1_40' title="bbox 297 2351 1957 2431; baseline -0.001 -21"><span class='ocrx_word' id='word_1_239' title='bbox 297 2374 410 2410; x_wconf 88' lang='grc' dir='ltr'>των</span> <span class='ocrx_word' id='word_1_240' title='bbox 436 2351 579 2408; x_wconf 82' lang='grc' dir='ltr'>εἶδον</span> <span class='ocrx_word' id='word_1_241' title='bbox 611 2355 702 2410; x_wconf 83' lang='grc' dir='ltr'>τὸν</span> <span class='ocrx_word' id='word_1_242' title='bbox 747 2353 998 2430; x_wconf 80' lang='grc' dir='ltr'>ἄγγελον·</span> <span class='ocrx_word' id='word_1_243' title='bbox 1058 2352 1272 2425; x_wconf 80' lang='grc' dir='ltr'>πρωίας</span> <span class='ocrx_word' id='word_1_244' title='bbox 1329 2352 1387 2410; x_wconf 85' lang='grc' dir='ltr'>δε</span> <span class='ocrx_word' id='word_1_245' title='bbox 1445 2351 1541 2409; x_wconf 80' lang='grc' dir='ltr'>δύο</span> <span class='ocrx_word' id='word_1_246' title='bbox 1594 2353 1854 2431; x_wconf 76' lang='grc' dir='ltr'>ἀγγέλους</span> <span class='ocrx_word' id='word_1_247' title='bbox 1906 2353 1957 2409; x_wconf 80' lang='grc' dir='ltr'><strong>ἐν</strong></span> 
     </span>
    </p>
   </div>
   <div class='ocr_carea' id='block_1_41' title="bbox 303 2441 1955 2518">
    <p class='ocr_par' dir='ltr' id='par_1_41' title="bbox 303 2441 1955 2518">
     <span class='ocr_line' id='line_1_41' title="bbox 303 2441 1955 2518; baseline -0.001 -21"><span class='ocrx_word' id='word_1_248' title='bbox 303 2441 526 2505; x_wconf 79' lang='grc' dir='ltr'>λευκοῖς</span> <span class='ocrx_word' id='word_1_249' title='bbox 557 2445 968 2515; x_wconf 71' lang='grc' dir='ltr'>καθεζομένους·</span> <span class='ocrx_word' id='word_1_250' title='bbox 1011 2443 1101 2499; x_wconf 78' lang='grc' dir='ltr'>καὶ</span> <span class='ocrx_word' id='word_1_251' title='bbox 1155 2443 1318 2500; x_wconf 84' lang='grc' dir='ltr'>πάλιν</span> <span class='ocrx_word' id='word_1_252' title='bbox 1369 2443 1526 2499; x_wconf 83' lang='grc' dir='ltr'>αὐτὸν</span> <span class='ocrx_word' id='word_1_253' title='bbox 1585 2443 1675 2498; x_wconf 88' lang='grc' dir='ltr'>τὸν</span> <span class='ocrx_word' id='word_1_254' title='bbox 1737 2441 1955 2518; x_wconf 79' lang='grc' dir='ltr'>Κύριον,</span> 
     </span>
    </p>
   </div>
   <div class='ocr_carea' id='block_1_42' title="bbox 307 2532 1952 2609">
    <p class='ocr_par' dir='ltr' id='par_1_42' title="bbox 307 2532 1952 2609">
     <span class='ocr_line' id='line_1_42' title="bbox 307 2532 1952 2609; baseline 0.001 -21"><span class='ocrx_word' id='word_1_255' title='bbox 307 2532 366 2588; x_wconf 78' lang='grc' dir='ltr'>ὅν</span> <span class='ocrx_word' id='word_1_256' title='bbox 399 2533 491 2588; x_wconf 88' lang='grc' dir='ltr'>καί</span> <span class='ocrx_word' id='word_1_257' title='bbox 521 2535 800 2608; x_wconf 83' lang='grc' dir='ltr'>κηπουρὸν</span> <span class='ocrx_word' id='word_1_258' title='bbox 836 2533 1165 2608; x_wconf 80' lang='grc' dir='ltr'>λογιζομένη</span> <span class='ocrx_word' id='word_1_259' title='bbox 1227 2532 1430 2603; x_wconf 67' lang='grc' dir='ltr'>ἤκουσε</span> <span class='ocrx_word' id='word_1_260' title='bbox 1485 2534 1611 2609; x_wconf 91' lang='grc' dir='ltr'>παρ’</span> <span class='ocrx_word' id='word_1_261' title='bbox 1648 2533 1833 2605; x_wconf 84' lang='grc' dir='ltr'>αὐτοῦ,</span> <span class='ocrx_word' id='word_1_262' title='bbox 1864 2537 1952 2604; x_wconf 76' lang='grc' dir='ltr'>Μή</span> 
     </span>
    </p>
   </div>
   <div class='ocr_carea' id='block_1_43' title="bbox 307 2621 1956 2698">
    <p class='ocr_par' dir='ltr' id='par_1_43' title="bbox 307 2621 1956 2698">
     <span class='ocr_line' id='line_1_43' title="bbox 307 2621 1956 2698; baseline 0 -21"><span class='ocrx_word' id='word_1_263' title='bbox 307 2642 416 2696; x_wconf 91' lang='grc' dir='ltr'>μου</span> <span class='ocrx_word' id='word_1_264' title='bbox 446 2623 640 2682; x_wconf 71' lang='grc' dir='ltr'>ἅπτου.</span> <span class='ocrx_word' id='word_1_265' title='bbox 673 2623 825 2680; x_wconf 84' lang='grc' dir='ltr'>Μετὰ</span> <span class='ocrx_word' id='word_1_266' title='bbox 864 2621 960 2678; x_wconf 81' lang='grc' dir='ltr'>οῦν</span> <span class='ocrx_word' id='word_1_267' title='bbox 988 2625 1089 2693; x_wconf 73' lang='grc' dir='ltr'>τήν</span> <span class='ocrx_word' id='word_1_268' title='bbox 1119 2623 1260 2687; x_wconf 82' lang='grc' dir='ltr'>θείαν</span> <span class='ocrx_word' id='word_1_269' title='bbox 1312 2628 1410 2679; x_wconf 87' lang='grc' dir='ltr'>τοῦ</span> <span class='ocrx_word' id='word_1_270' title='bbox 1468 2625 1699 2698; x_wconf 77' lang='grc' dir='ltr'>Χριστοῦ</span> <span class='ocrx_word' id='word_1_271' title='bbox 1747 2621 1956 2693; x_wconf 82' lang='grc' dir='ltr'>ἀνάλη-</span> 
     </span>
    </p>
   </div>
   <div class='ocr_carea' id='block_1_44' title="bbox 303 2709 1954 2789">
    <p class='ocr_par' dir='ltr' id='par_1_44' title="bbox 303 2709 1954 2789">
     <span class='ocr_line' id='line_1_44' title="bbox 303 2709 1954 2789; baseline 0.001 -24"><span class='ocrx_word' id='word_1_272' title='bbox 303 2715 423 2786; x_wconf 82' lang='grc' dir='ltr'>ψιν,</span> <span class='ocrx_word' id='word_1_273' title='bbox 455 2709 768 2768; x_wconf 79' lang='grc' dir='ltr'>ἀπελθοῦσα</span> <span class='ocrx_word' id='word_1_274' title='bbox 799 2712 876 2774; x_wconf 64' lang='grc' dir='ltr'>εἲς</span> <span class='ocrx_word' id='word_1_275' title='bbox 909 2713 1138 2789; x_wconf 72' lang='grc' dir='ltr'>Ἔφεσον</span> <span class='ocrx_word' id='word_1_276' title='bbox 1172 2712 1311 2788; x_wconf 85' lang='grc' dir='ltr'>πρὸς</span> <span class='ocrx_word' id='word_1_277' title='bbox 1358 2713 1450 2767; x_wconf 86' lang='grc' dir='ltr'>τὸν</span> <span class='ocrx_word' id='word_1_278' title='bbox 1501 2715 1644 2776; x_wconf 91' lang='grc' dir='ltr'>θεῖον</span> <span class='ocrx_word' id='word_1_279' title='bbox 1695 2712 1954 2782; x_wconf 82' lang='grc' dir='ltr'>Ἰωάννην</span> 
     </span>
    </p>
   </div>
   <div class='ocr_carea' id='block_1_45' title="bbox 301 2800 1959 2878">
    <p class='ocr_par' dir='ltr' id='par_1_45' title="bbox 301 2800 1959 2878">
     <span class='ocr_line' id='line_1_45' title="bbox 301 2800 1959 2878; baseline -0.001 -21"><span class='ocrx_word' id='word_1_280' title='bbox 301 2802 399 2857; x_wconf 81' lang='grc' dir='ltr'>τὸν</span> <span class='ocrx_word' id='word_1_281' title='bbox 436 2800 742 2858; x_wconf 80' lang='grc' dir='ltr'>ἀπόστολον</span> <span class='ocrx_word' id='word_1_282' title='bbox 801 2802 890 2858; x_wconf 71' lang='grc' dir='ltr'>καὶ</span> <span class='ocrx_word' id='word_1_283' title='bbox 946 2801 1351 2878; x_wconf 77' lang='grc' dir='ltr'>εὖαγγελιστήν,</span> <span class='ocrx_word' id='word_1_284' title='bbox 1395 2800 1506 2857; x_wconf 79' lang='grc' dir='ltr'>ἐκεῖ</span> <span class='ocrx_word' id='word_1_285' title='bbox 1554 2801 1718 2864; x_wconf 76' lang='grc' dir='ltr'>ὁσίως</span> <span class='ocrx_word' id='word_1_286' title='bbox 1775 2802 1959 2856; x_wconf 87' lang='grc' dir='ltr'>κεκοί-</span> 
     </span>
    </p>
   </div>
   <div class='ocr_carea' id='block_1_46' title="bbox 313 2890 1956 2968">
    <p class='ocr_par' dir='ltr' id='par_1_46' title="bbox 313 2890 1956 2968">
     <span class='ocr_line' id='line_1_46' title="bbox 313 2890 1956 2968; baseline 0.001 -23"><span class='ocrx_word' id='word_1_287' title='bbox 313 2913 504 2964; x_wconf 84' lang='grc' dir='ltr'>μηται.</span> <span class='ocrx_word' id='word_1_288' title='bbox 540 2893 640 2949; x_wconf 85' lang='grc' dir='ltr'>Καὶ</span> <span class='ocrx_word' id='word_1_289' title='bbox 692 2891 846 2964; x_wconf 65' lang='grc' dir='ltr'>ἐτίθη</span> <span class='ocrx_word' id='word_1_290' title='bbox 895 2894 1034 2968; x_wconf 86' lang='grc' dir='ltr'>πρὸς</span> <span class='ocrx_word' id='word_1_291' title='bbox 1090 2894 1189 2962; x_wconf 86' lang='grc' dir='ltr'>τήν</span> <span class='ocrx_word' id='word_1_292' title='bbox 1241 2890 1449 2949; x_wconf 75' lang='grc' dir='ltr'>εἴσοδον</span> <span class='ocrx_word' id='word_1_293' title='bbox 1501 2897 1599 2948; x_wconf 90' lang='grc' dir='ltr'>τοῦ</span> <span class='ocrx_word' id='word_1_294' title='bbox 1657 2891 1956 2962; x_wconf 85' lang='grc' dir='ltr'>σπηλαίου,</span> 
     </span>
    </p>
   </div>
   <div class='ocr_carea' id='block_1_47' title="bbox 307 2979 1954 3057">
    <p class='ocr_par' dir='ltr' id='par_1_47' title="bbox 307 2979 1954 3057">
     <span class='ocr_line' id='line_1_47' title="bbox 307 2979 1954 3057; baseline 0.002 -21"><span class='ocrx_word' id='word_1_295' title='bbox 307 2979 365 3036; x_wconf 84' lang='grc' dir='ltr'>ἐν</span> <span class='ocrx_word' id='word_1_296' title='bbox 397 2980 443 3053; x_wconf 80' lang='grc' dir='ltr'>ᾧ</span> <span class='ocrx_word' id='word_1_297' title='bbox 473 2982 524 3036; x_wconf 75' lang='grc' dir='ltr'>οἱ</span> <span class='ocrx_word' id='word_1_298' title='bbox 555 2983 698 3056; x_wconf 73' lang='grc' dir='ltr'>ἅγιοι</span> <span class='ocrx_word' id='word_1_299' title='bbox 731 2982 822 3038; x_wconf 84' lang='grc' dir='ltr'>καὶ</span> <span class='ocrx_word' id='word_1_300' title='bbox 856 2983 1114 3057; x_wconf 85' lang='grc' dir='ltr'>μακάριοι</span> <span class='ocrx_word' id='word_1_301' title='bbox 1148 2982 1286 3038; x_wconf 73' lang='grc' dir='ltr'>ἑπτὰ</span> <span class='ocrx_word' id='word_1_302' title='bbox 1338 2983 1697 3056; x_wconf 85' lang='grc' dir='ltr'>κεκοίμηνται</span> <span class='ocrx_word' id='word_1_303' title='bbox 1743 2979 1954 3046; x_wconf 77' lang='grc' dir='ltr'>παῖδες.</span> 
     </span>
    </p>
   </div>
   <div class='ocr_carea' id='block_1_48' title="bbox 309 3069 1954 3148">
    <p class='ocr_par' dir='ltr' id='par_1_48' title="bbox 309 3069 1954 3148">
     <span class='ocr_line' id='line_1_48' title="bbox 309 3069 1954 3148; baseline 0.001 -22"><span class='ocrx_word' id='word_1_304' title='bbox 309 3076 563 3145; x_wconf 78' lang='grc' dir='ltr'>Ὕστερον</span> <span class='ocrx_word' id='word_1_305' title='bbox 596 3069 652 3126; x_wconf 74' lang='grc' dir='ltr'>δὲ</span> <span class='ocrx_word' id='word_1_306' title='bbox 692 3071 781 3127; x_wconf 82' lang='grc' dir='ltr'>ἐπὶ</span> <span class='ocrx_word' id='word_1_307' title='bbox 837 3073 1064 3135; x_wconf 71' lang='grc' dir='ltr'>Λέοντος</span> <span class='ocrx_word' id='word_1_308' title='bbox 1118 3077 1216 3128; x_wconf 89' lang='grc' dir='ltr'>τοῦ</span> <span class='ocrx_word' id='word_1_309' title='bbox 1283 3072 1602 3148; x_wconf 75' lang='grc' dir='ltr'>σοφωτάτου</span> <span class='ocrx_word' id='word_1_310' title='bbox 1662 3069 1954 3148; x_wconf 75' lang='grc' dir='ltr'>βασιλέως,</span> 
     </span>
    </p>
   </div>
   <div class='ocr_carea' id='block_1_49' title="bbox 307 3160 1957 3237">
    <p class='ocr_par' dir='ltr' id='par_1_49' title="bbox 307 3160 1957 3237">
     <span class='ocr_line' id='line_1_49' title="bbox 307 3160 1957 3237; baseline 0 -21"><span class='ocrx_word' id='word_1_311' title='bbox 307 3160 376 3218; x_wconf 85' lang='grc' dir='ltr'>τὸ</span> <span class='ocrx_word' id='word_1_312' title='bbox 455 3161 656 3233; x_wconf 74' lang='grc' dir='ltr'>ταύτης</span> <span class='ocrx_word' id='word_1_313' title='bbox 706 3161 856 3237; x_wconf 77' lang='grc' dir='ltr'>ἃγιον</span> <span class='ocrx_word' id='word_1_314' title='bbox 938 3162 1196 3236; x_wconf 73' lang='grc' dir='ltr'>κομισθὲν</span> <span class='ocrx_word' id='word_1_315' title='bbox 1277 3160 1557 3236; x_wconf 83' lang='grc' dir='ltr'>λείψανον,</span> <span class='ocrx_word' id='word_1_316' title='bbox 1619 3161 1672 3216; x_wconf 76' lang='grc' dir='ltr'><strong>ἐν</strong></span> <span class='ocrx_word' id='word_1_317' title='bbox 1729 3165 1798 3236; x_wconf 76' lang='grc' dir='ltr'>τῇ</span> <span class='ocrx_word' id='word_1_318' title='bbox 1869 3162 1957 3216; x_wconf 86' lang='lat'>61:&#39;</span> 
     </span>
    </p>
   </div>
   <div class='ocr_carea' id='block_1_50' title="bbox 2066 1987 3718 2060">
    <p class='ocr_par' dir='ltr' id='par_1_50' title="bbox 2066 1987 3718 2060">
     <span class='ocr_line' id='line_1_50' title="bbox 2066 1987 3718 2060; baseline 0.004 -20"><span class='ocrx_word' id='word_1_319' title='bbox 2066 1992 2354 2050; x_wconf 88' lang='lat' dir='ltr'>secuta,et</span> <span class='ocrx_word' id='word_1_320' title='bbox 2385 1987 2676 2059; x_wconf 89' lang='lat' dir='ltr'>discipula</span> <span class='ocrx_word' id='word_1_321' title='bbox 2697 1989 2886 2060; x_wconf 90' lang='lat' dir='ltr'>ipsius</span> <span class='ocrx_word' id='word_1_322' title='bbox 2916 1989 3091 2056; x_wconf 86' lang='lat' dir='ltr'>facta,</span> <span class='ocrx_word' id='word_1_323' title='bbox 3112 1989 3307 2045; x_wconf 90' lang='lat' dir='ltr'>eidem</span> <span class='ocrx_word' id='word_1_324' title='bbox 3338 1993 3718 2049; x_wconf 85' lang='lat' dir='ltr'>ministrabat</span> 
     </span>
    </p>
   </div>
   <div class='ocr_carea' id='block_1_51' title="bbox 2063 2074 3713 2152">
    <p class='ocr_par' dir='ltr' id='par_1_51' title="bbox 2063 2074 3713 2152">
     <span class='ocr_line' id='line_1_51' title="bbox 2063 2074 3713 2152; baseline 0.004 -24"><span class='ocrx_word' id='word_1_325' title='bbox 2063 2090 2252 2145; x_wconf 88' lang='lat' dir='ltr'>usque</span> <span class='ocrx_word' id='word_1_326' title='bbox 2279 2074 2353 2129; x_wconf 91' lang='lat' dir='ltr'>ad</span> <span class='ocrx_word' id='word_1_327' title='bbox 2383 2075 2514 2146; x_wconf 85' lang='lat' dir='ltr'>ejus</span> <span class='ocrx_word' id='word_1_328' title='bbox 2545 2076 3179 2148; x_wconf 89' lang='lat' dir='ltr'>passionem.Cumque</span> <span class='ocrx_word' id='word_1_329' title='bbox 3208 2085 3578 2152; x_wconf 78' lang='lat' dir='ltr'>unguentum</span> <span class='ocrx_word' id='word_1_330' title='bbox 3593 2095 3713 2135; x_wconf 88' lang='lat' dir='ltr'>una</span> 
     </span>
    </p>
   </div>
   <div class='ocr_carea' id='block_1_52' title="bbox 2064 2163 3709 2236">
    <p class='ocr_par' dir='ltr' id='par_1_52' title="bbox 2064 2163 3709 2236">
     <span class='ocr_line' id='line_1_52' title="bbox 2064 2163 3709 2236; baseline 0.005 -19"><span class='ocrx_word' id='word_1_331' title='bbox 2064 2179 2200 2218; x_wconf 88' lang='lat' dir='ltr'>cum</span> <span class='ocrx_word' id='word_1_332' title='bbox 2223 2163 2407 2219; x_wconf 88' lang='lat' dir='ltr'>altera</span> <span class='ocrx_word' id='word_1_333' title='bbox 2445 2165 2624 2219; x_wconf 85' lang='lat' dir='ltr'>Maria</span> <span class='ocrx_word' id='word_1_334' title='bbox 2655 2165 2934 2228; x_wconf 87' lang='lat' dir='ltr'>deferret,</span> <span class='ocrx_word' id='word_1_335' title='bbox 2968 2167 3161 2236; x_wconf 88' lang='lat' dir='ltr'>prima</span> <span class='ocrx_word' id='word_1_336' title='bbox 3211 2169 3709 2224; x_wconf 71' lang='lat' dir='ltr'>resurrectionem</span> 
     </span>
    </p>
   </div>
   <div class='ocr_carea' id='block_1_53' title="bbox 2063 2252 3709 2330">
    <p class='ocr_par' dir='ltr' id='par_1_53' title="bbox 2063 2252 3709 2330">
     <span class='ocr_line' id='line_1_53' title="bbox 2063 2252 3709 2330; baseline 0.005 -25"><span class='ocrx_word' id='word_1_337' title='bbox 2063 2252 2226 2318; x_wconf 84' lang='lat' dir='ltr'>vidit,</span> <span class='ocrx_word' id='word_1_338' title='bbox 2283 2270 2417 2308; x_wconf 92' lang='lat' dir='ltr'>cum</span> <span class='ocrx_word' id='word_1_339' title='bbox 2467 2270 2710 2326; x_wconf 88' lang='lat' dir='ltr'>vespere</span> <span class='ocrx_word' id='word_1_340' title='bbox 2771 2255 3159 2312; x_wconf 89' lang='lat' dir='ltr'>Sabbatorum</span> <span class='ocrx_word' id='word_1_341' title='bbox 3215 2257 3361 2312; x_wconf 88' lang='lat' dir='ltr'>vidit</span> <span class='ocrx_word' id='word_1_342' title='bbox 3409 2259 3709 2330; x_wconf 80' lang='lat' dir='ltr'>angelum,</span> 
     </span>
    </p>
   </div>
   <div class='ocr_carea' id='block_1_54' title="bbox 2062 2344 3710 2417">
    <p class='ocr_par' dir='ltr' id='par_1_54' title="bbox 2062 2344 3710 2417">
     <span class='ocr_line' id='line_1_54' title="bbox 2062 2344 3710 2417; baseline 0.004 -20"><span class='ocrx_word' id='word_1_343' title='bbox 2062 2359 2238 2398; x_wconf 89' lang='lat' dir='ltr'>mane</span> <span class='ocrx_word' id='word_1_344' title='bbox 2261 2349 2460 2398; x_wconf 89' lang='lat' dir='ltr'>autem</span> <span class='ocrx_word' id='word_1_345' title='bbox 2488 2344 2636 2400; x_wconf 92' lang='lat' dir='ltr'>duos</span> <span class='ocrx_word' id='word_1_346' title='bbox 2696 2345 2938 2417; x_wconf 88' lang='lat' dir='ltr'>angelos</span> <span class='ocrx_word' id='word_1_347' title='bbox 2986 2346 3047 2400; x_wconf 92' lang='lat' dir='ltr'>in</span> <span class='ocrx_word' id='word_1_348' title='bbox 3079 2347 3232 2402; x_wconf 88' lang='lat' dir='ltr'>albis</span> <span class='ocrx_word' id='word_1_349' title='bbox 3285 2365 3369 2403; x_wconf 71' lang='grc' dir='ltr'>εει</span> <span class='ocrx_word' id='word_1_350' title='bbox 3392 2354 3600 2404; x_wconf 75' lang='lat' dir='ltr'>entes:</span> <span class='ocrx_word' id='word_1_351' title='bbox 3652 2354 3710 2404; x_wconf 89' lang='lat' dir='ltr'>et</span> 
     </span>
    </p>
   </div>
   <div class='ocr_carea' id='block_1_55' title="bbox 2062 2433 3710 2506">
    <p class='ocr_par' dir='ltr' id='par_1_55' title="bbox 2062 2433 3710 2506">
     <span class='ocr_line' id='line_1_55' title="bbox 2062 2433 3710 2506; baseline 0.004 -20"><span class='ocrx_word' id='word_1_352' title='bbox 2062 2449 2298 2487; x_wconf 89' lang='lat' dir='ltr'>rursum</span> <span class='ocrx_word' id='word_1_353' title='bbox 2330 2433 2526 2504; x_wconf 91' lang='lat' dir='ltr'>ipsum</span> <span class='ocrx_word' id='word_1_354' title='bbox 2559 2435 3084 2506; x_wconf 90' lang='lat' dir='ltr'>Dominum,quem</span> <span class='ocrx_word' id='word_1_355' title='bbox 3109 2436 3493 2492; x_wconf 82' lang='lat' dir='ltr'>hortulanum</span> <span class='ocrx_word' id='word_1_356' title='bbox 3513 2439 3710 2494; x_wconf 83' lang='lat' dir='ltr'>existi-</span> 
     </span>
    </p>
   </div>
   <div class='ocr_carea' id='block_1_56' title="bbox 2062 2521 3712 2600">
    <p class='ocr_par' dir='ltr' id='par_1_56' title="bbox 2062 2521 3712 2600">
     <span class='ocr_line' id='line_1_56' title="bbox 2062 2521 3712 2600; baseline 0.004 -24"><span class='ocrx_word' id='word_1_357' title='bbox 2062 2521 2284 2586; x_wconf 91' lang='lat' dir='ltr'>mabat,</span> <span class='ocrx_word' id='word_1_358' title='bbox 2319 2521 2541 2577; x_wconf 84' lang='lat' dir='ltr'>audivit</span> <span class='ocrx_word' id='word_1_359' title='bbox 2591 2522 2700 2578; x_wconf 90' lang='lat' dir='ltr'>sibi</span> <span class='ocrx_word' id='word_1_360' title='bbox 2763 2523 3099 2579; x_wconf 89' lang='lat' dir='ltr'>dicentem:</span> <span class='ocrx_word' id='word_1_361' title='bbox 3134 2525 3263 2579; x_wconf 90' lang='lat' dir='ltr'>Noli</span> <span class='ocrx_word' id='word_1_362' title='bbox 3295 2542 3388 2581; x_wconf 93' lang='lat' dir='ltr'>me</span> <span class='ocrx_word' id='word_1_363' title='bbox 3449 2532 3712 2600; x_wconf 88' lang='lat' dir='ltr'>tangere.</span> 
     </span>
    </p>
   </div>
   <div class='ocr_carea' id='block_1_57' title="bbox 2063 2610 3716 2684">
    <p class='ocr_par' dir='ltr' id='par_1_57' title="bbox 2063 2610 3716 2684">
     <span class='ocr_line' id='line_1_57' title="bbox 2063 2610 3716 2684; baseline 0.006 -20"><span class='ocrx_word' id='word_1_364' title='bbox 2063 2612 2202 2666; x_wconf 88' lang='lat' dir='ltr'>Post</span> <span class='ocrx_word' id='word_1_365' title='bbox 2233 2610 2489 2666; x_wconf 86' lang='lat' dir='ltr'>divinam</span> <span class='ocrx_word' id='word_1_366' title='bbox 2521 2611 2702 2684; x_wconf 90' lang='lat' dir='ltr'>igitur</span> <span class='ocrx_word' id='word_1_367' title='bbox 2725 2614 2872 2666; x_wconf 75' lang='lat'>117</span> <span class='ocrx_word' id='word_1_368' title='bbox 2926 2613 3140 2669; x_wconf 88' lang='lat' dir='ltr'>Christi</span> <span class='ocrx_word' id='word_1_369' title='bbox 3171 2616 3610 2682; x_wconf 82' lang='lat' dir='ltr'>ascensionem,</span> <span class='ocrx_word' id='word_1_370' title='bbox 3641 2617 3716 2673; x_wconf 89' lang='lat' dir='ltr'>ad</span> 
     </span>
    </p>
   </div>
   <div class='ocr_carea' id='block_1_58' title="bbox 2065 2699 3714 2778">
    <p class='ocr_par' dir='ltr' id='par_1_58' title="bbox 2065 2699 3714 2778">
     <span class='ocr_line' id='line_1_58' title="bbox 2065 2699 3714 2778; baseline 0.004 -23"><span class='ocrx_word' id='word_1_371' title='bbox 2065 2699 2331 2756; x_wconf 88' lang='lat' dir='ltr'>divinum</span> <span class='ocrx_word' id='word_1_372' title='bbox 2386 2703 2713 2769; x_wconf 89' lang='lat' dir='ltr'>Joannem,</span> <span class='ocrx_word' id='word_1_373' title='bbox 2765 2702 3100 2774; x_wconf 86' lang='lat' dir='ltr'>apostolum</span> <span class='ocrx_word' id='word_1_374' title='bbox 3178 2708 3238 2757; x_wconf 90' lang='lat' dir='ltr'>et</span> <span class='ocrx_word' id='word_1_375' title='bbox 3290 2706 3714 2778; x_wconf 87' lang='lat' dir='ltr'>evangelistam</span> 
     </span>
    </p>
   </div>
   <div class='ocr_carea' id='block_1_59' title="bbox 2064 2789 3712 2868">
    <p class='ocr_par' dir='ltr' id='par_1_59' title="bbox 2064 2789 3712 2868">
     <span class='ocr_line' id='line_1_59' title="bbox 2064 2789 3712 2868; baseline 0.005 -24"><span class='ocrx_word' id='word_1_376' title='bbox 2064 2790 2364 2860; x_wconf 89' lang='lat' dir='ltr'>Ephesum</span> <span class='ocrx_word' id='word_1_377' title='bbox 2395 2789 2770 2861; x_wconf 86' lang='lat' dir='ltr'>profecta,ibi</span> <span class='ocrx_word' id='word_1_378' title='bbox 2799 2797 3000 2846; x_wconf 87' lang='lat' dir='ltr'>sancte</span> <span class='ocrx_word' id='word_1_379' title='bbox 3019 2791 3398 2861; x_wconf 88' lang='lat' dir='ltr'>obdormivit,</span> <span class='ocrx_word' id='word_1_380' title='bbox 3433 2799 3491 2849; x_wconf 89' lang='lat' dir='ltr'>et</span> <span class='ocrx_word' id='word_1_381' title='bbox 3519 2795 3712 2868; x_wconf 91' lang='lat' dir='ltr'>depo-</span> 
     </span>
    </p>
   </div>
   <div class='ocr_carea' id='block_1_60' title="bbox 2065 2878 3718 2953">
    <p class='ocr_par' dir='ltr' id='par_1_60' title="bbox 2065 2878 3718 2953">
     <span class='ocr_line' id='line_1_60' title="bbox 2065 2878 3718 2953; baseline 0.004 -20"><span class='ocrx_word' id='word_1_382' title='bbox 2065 2880 2178 2934; x_wconf 89' lang='lat' dir='ltr'>sita</span> <span class='ocrx_word' id='word_1_383' title='bbox 2199 2878 2312 2933; x_wconf 83' lang='lat' dir='ltr'>fuit</span> <span class='ocrx_word' id='word_1_384' title='bbox 2342 2878 2418 2934; x_wconf 89' lang='lat' dir='ltr'>ad</span> <span class='ocrx_word' id='word_1_385' title='bbox 2448 2879 2783 2951; x_wconf 89' lang='lat' dir='ltr'>ingressum</span> <span class='ocrx_word' id='word_1_386' title='bbox 2808 2880 3131 2951; x_wconf 58' lang='lat' dir='ltr'>speluncae,</span> <span class='ocrx_word' id='word_1_387' title='bbox 3165 2882 3227 2936; x_wconf 90' lang='lat' dir='ltr'>in</span> <span class='ocrx_word' id='word_1_388' title='bbox 3276 2899 3394 2953; x_wconf 92' lang='lat' dir='ltr'>qua</span> <span class='ocrx_word' id='word_1_389' title='bbox 3425 2885 3614 2940; x_wconf 87' lang='lat' dir='ltr'>sancti</span> <span class='ocrx_word' id='word_1_390' title='bbox 3649 2902 3718 2940; x_wconf 89' lang='lat' dir='ltr'>ac</span> 
     </span>
    </p>
   </div>
   <div class='ocr_carea' id='block_1_61' title="bbox 2063 2968 3714 3040">
    <p class='ocr_par' dir='ltr' id='par_1_61' title="bbox 2063 2968 3714 3040">
     <span class='ocr_line' id='line_1_61' title="bbox 2063 2968 3714 3040; baseline 0.004 -17"><span class='ocrx_word' id='word_1_391' title='bbox 2063 2968 2218 3024; x_wconf 89' lang='lat' dir='ltr'>bcati</span> <span class='ocrx_word' id='word_1_392' title='bbox 2243 2973 2470 3040; x_wconf 89' lang='lat' dir='ltr'>septem</span> <span class='ocrx_word' id='word_1_393' title='bbox 2501 2969 2668 3040; x_wconf 91' lang='lat' dir='ltr'>pueri</span> <span class='ocrx_word' id='word_1_394' title='bbox 2699 2968 3170 3026; x_wconf 89' lang='lat' dir='ltr'>obdormierunt.</span> <span class='ocrx_word' id='word_1_395' title='bbox 3195 2972 3500 3027; x_wconf 90' lang='lat' dir='ltr'>Postremo</span> <span class='ocrx_word' id='word_1_396' title='bbox 3514 2977 3714 3029; x_wconf 88' lang='lat' dir='ltr'>autem</span> 
     </span>
    </p>
   </div>
   <div class='ocr_carea' id='block_1_62' title="bbox 2065 3057 3710 3132">
    <p class='ocr_par' dir='ltr' id='par_1_62' title="bbox 2065 3057 3710 3132">
     <span class='ocr_line' id='line_1_62' title="bbox 2065 3057 3710 3132; baseline 0.002 -19"><span class='ocrx_word' id='word_1_397' title='bbox 2065 3057 2172 3114; x_wconf 92' lang='lat' dir='ltr'>sub</span> <span class='ocrx_word' id='word_1_398' title='bbox 2205 3059 2396 3114; x_wconf 90' lang='lat' dir='ltr'>Leone</span> <span class='ocrx_word' id='word_1_399' title='bbox 2430 3057 2706 3130; x_wconf 87' lang='lat' dir='ltr'>Sapiente</span> <span class='ocrx_word' id='word_1_400' title='bbox 2738 3059 3097 3130; x_wconf 88' lang='lat' dir='ltr'>imperatore</span> <span class='ocrx_word' id='word_1_401' title='bbox 3130 3060 3549 3132; x_wconf 69' lang='lat' dir='ltr'>sanctaaipsius</span> <span class='ocrx_word' id='word_1_402' title='bbox 3570 3062 3710 3116; x_wconf 91' lang='lat' dir='ltr'>reli-</span> 
     </span>
    </p>
   </div>
   <div class='ocr_carea' id='block_1_63' title="bbox 2065 3147 3709 3222">
    <p class='ocr_par' dir='ltr' id='par_1_63' title="bbox 2065 3147 3709 3222">
     <span class='ocr_line' id='line_1_63' title="bbox 2065 3147 3709 3222; baseline 0.002 -18"><span class='ocrx_word' id='word_1_403' title='bbox 2065 3147 2220 3220; x_wconf 79' lang='lat' dir='ltr'>quiaa</span> <span class='ocrx_word' id='word_1_404' title='bbox 2250 3147 2551 3216; x_wconf 70' lang='lat' dir='ltr'>delatas,in</span> <span class='ocrx_word' id='word_1_405' title='bbox 2583 3148 2945 3204; x_wconf 88' lang='lat' dir='ltr'>monasterio</span> <span class='ocrx_word' id='word_1_406' title='bbox 2970 3149 3167 3205; x_wconf 88' lang='lat' dir='ltr'>Sancti</span> <span class='ocrx_word' id='word_1_407' title='bbox 3189 3149 3405 3218; x_wconf 82' lang='lat' dir='ltr'>Lazari,</span> <span class='ocrx_word' id='word_1_408' title='bbox 3428 3150 3587 3222; x_wconf 89' lang='lat' dir='ltr'>quod</span> <span class='ocrx_word' id='word_1_409' title='bbox 3609 3151 3709 3207; x_wconf 90' lang='lat' dir='ltr'>ille</span> 
     </span>
    </p>
   </div>
   <div class='ocr_carea' id='block_1_64' title="bbox 303 3237 1957 3327">
    <p class='ocr_par' dir='ltr' id='par_1_64' title="bbox 303 3250 1954 3327">
     <span class='ocr_line' id='line_1_64' title="bbox 303 3250 1954 3327; baseline 0 -20"><span class='ocrx_word' id='word_1_410' title='bbox 303 3250 474 3308; x_wconf 74' lang='grc' dir='ltr'>αὐτοῦ</span> <span class='ocrx_word' id='word_1_411' title='bbox 523 3251 841 3327; x_wconf 76' lang='grc' dir='ltr'>συσταθείσῃ</span> <span class='ocrx_word' id='word_1_412' title='bbox 903 3255 1044 3327; x_wconf 79' lang='grc' dir='ltr'>μονῇ</span> <span class='ocrx_word' id='word_1_413' title='bbox 1099 3255 1200 3307; x_wconf 86' lang='grc' dir='ltr'>τοῦ</span> <span class='ocrx_word' id='word_1_414' title='bbox 1258 3251 1418 3327; x_wconf 76' lang='grc' dir='ltr'>ἁγίου</span> <span class='ocrx_word' id='word_1_415' title='bbox 1487 3253 1740 3327; x_wconf 83' lang='grc' dir='ltr'>Λαζάρου</span> <span class='ocrx_word' id='word_1_416' title='bbox 1797 3272 1954 3308; x_wconf 85' lang='grc' dir='ltr'>κατε-</span> 
     </span>
    </p>
   </div>
   <div class='ocr_carea' id='block_1_65' title="bbox 2072 3237 3064 3327">
    <p class='ocr_par' dir='ltr' id='par_1_65' title="bbox 2072 3237 3064 3311">
     <span class='ocr_line' id='line_1_65' title="bbox 2072 3237 3064 3311; baseline 0.001 -17"><span class='ocrx_word' id='word_1_417' title='bbox 2072 3243 2458 3310; x_wconf 81' lang='lat' dir='ltr'>exstruxerat,</span> <span class='ocrx_word' id='word_1_418' title='bbox 2489 3238 2772 3311; x_wconf 82' lang='lat' dir='ltr'>depositae</span> <span class='ocrx_word' id='word_1_419' title='bbox 2804 3237 3064 3296; x_wconf 89' lang='lat' dir='ltr'>fuerunt.</span> 
     </span>
    </p>
   </div>
   <div class='ocr_carea' id='block_1_66' title="bbox 302 3341 464 3414">
    <p class='ocr_par' dir='ltr' id='par_1_66' title="bbox 302 3341 464 3414">
     <span class='ocr_line' id='line_1_66' title="bbox 302 3341 464 3414; baseline 0.019 -17"><span class='ocrx_word' id='word_1_420' title='bbox 302 3341 464 3414; x_wconf 76' lang='grc' dir='ltr'>τὲθη.</span> 
     </span>
    </p>
   </div>
   <div class='ocr_carea' id='block_1_67' title="bbox 846 3451 1386 3508">
    <p class='ocr_par' dir='ltr' id='par_1_67' title="bbox 846 3451 1386 3508">
     <span class='ocr_line' id='line_1_67' title="bbox 846 3451 1386 3508; baseline -0.004 0"><span class='ocrx_word' id='word_1_421' title='bbox 846 3451 1024 3508; x_wconf 75' lang='grc' dir='ltr'>ΜΠΝΙ</span> <span class='ocrx_word' id='word_1_422' title='bbox 1059 3451 1152 3508; x_wconf 87' lang='grc' dir='ltr'>ΤΩ</span> <span class='ocrx_word' id='word_1_423' title='bbox 1176 3451 1386 3508; x_wconf 85' lang='grc' dir='ltr'>ΑΥΤΩ.</span> 
     </span>
    </p>
   </div>
   <div class='ocr_carea' id='block_1_68' title="bbox 509 3545 1739 3705">
    <p class='ocr_par' dir='ltr' id='par_1_68' title="bbox 509 3545 1739 3705">
     <span class='ocr_line' id='line_1_68' title="bbox 1127 3545 1177 3594; baseline 0 -36"><span class='ocrx_word' id='word_1_424' title='bbox 1127 3545 1177 3594; x_wconf 68' lang='grc' dir='ltr'>[μ</span> 
     </span>
     <span class='ocr_line' id='line_1_69' title="bbox 509 3545 1739 3705; baseline 0 -20"><span class='ocrx_word' id='word_1_425' title='bbox 509 3627 779 3699; x_wconf 80' lang='grc' dir='ltr'>’Δθλησις</span> <span class='ocrx_word' id='word_1_426' title='bbox 805 3631 907 3684; x_wconf 89' lang='grc' dir='ltr'>τοῦ</span> <span class='ocrx_word' id='word_1_427' title='bbox 938 3545 1519 3705; x_wconf 51' lang='grc' dir='ltr'>άγίοιξζὴρομάρτυρος</span> <span class='ocrx_word' id='word_1_428' title='bbox 1551 3634 1739 3686; x_wconf 78' lang='grc' dir='ltr'>Φωκᾶ.</span> 
     </span>
    </p>
   </div>
   <div class='ocr_carea' id='block_1_69' title="bbox 385 3761 1956 3839">
    <p class='ocr_par' dir='ltr' id='par_1_69' title="bbox 385 3761 1956 3839">
     <span class='ocr_line' id='line_1_70' title="bbox 385 3761 1956 3839; baseline 0.002 -22"><span class='ocrx_word' id='word_1_429' title='bbox 385 3766 582 3826; x_wconf 80' lang='grc' dir='ltr'>Φωκᾶς</span> <span class='ocrx_word' id='word_1_430' title='bbox 610 3763 639 3818; x_wconf 85' lang='grc' dir='ltr'>ὁ</span> <span class='ocrx_word' id='word_1_431' title='bbox 665 3763 995 3838; x_wconf 76' lang='grc' dir='ltr'>ἱερομάρτυρ</span> <span class='ocrx_word' id='word_1_432' title='bbox 1025 3762 1095 3832; x_wconf 79' lang='grc' dir='ltr'>ἦν</span> <span class='ocrx_word' id='word_1_433' title='bbox 1152 3761 1240 3818; x_wconf 72' lang='grc' dir='ltr'>ἰπὶ</span> <span class='ocrx_word' id='word_1_434' title='bbox 1293 3769 1394 3834; x_wconf 81' lang='grc' dir='ltr'>τῆς</span> <span class='ocrx_word' id='word_1_435' title='bbox 1447 3761 1736 3839; x_wconf 80' lang='grc' dir='ltr'>βασιλείας</span> <span class='ocrx_word' id='word_1_436' title='bbox 1765 3769 1956 3839; x_wconf 82' lang='grc' dir='ltr'>Τραϊα-</span> 
     </span>
    </p>
   </div>
   <div class='ocr_carea' id='block_1_70' title="bbox 307 3849 1959 3929">
    <p class='ocr_par' dir='ltr' id='par_1_70' title="bbox 307 3849 1959 3929">
     <span class='ocr_line' id='line_1_71' title="bbox 307 3849 1959 3929; baseline 0.001 -22"><span class='ocrx_word' id='word_1_437' title='bbox 307 3856 431 3922; x_wconf 85' lang='grc' dir='ltr'>νοῦ,</span> <span class='ocrx_word' id='word_1_438' title='bbox 491 3850 542 3907; x_wconf 76' lang='grc' dir='ltr'><strong>ἐν</strong></span> <span class='ocrx_word' id='word_1_439' title='bbox 598 3852 871 3926; x_wconf 76' lang='grc' dir='ltr'>ἀμέμπτῳ</span> <span class='ocrx_word' id='word_1_440' title='bbox 923 3849 1197 3925; x_wconf 78' lang='grc' dir='ltr'>πολιτείᾳ,</span> <span class='ocrx_word' id='word_1_441' title='bbox 1257 3852 1347 3907; x_wconf 85' lang='grc' dir='ltr'>καὶ</span> <span class='ocrx_word' id='word_1_442' title='bbox 1407 3851 1692 3914; x_wconf 85' lang='grc' dir='ltr'>παντοίαις</span> <span class='ocrx_word' id='word_1_443' title='bbox 1747 3853 1959 3929; x_wconf 85' lang='grc' dir='ltr'>ἀρεταῖς</span> 
     </span>
    </p>
   </div>
   <div class='ocr_carea' id='block_1_71' title="bbox 307 3938 1959 4018">
    <p class='ocr_par' dir='ltr' id='par_1_71' title="bbox 307 3938 1959 4018">
     <span class='ocr_line' id='line_1_72' title="bbox 307 3938 1959 4018; baseline -0.001 -21"><span class='ocrx_word' id='word_1_444' title='bbox 307 3939 668 4016; x_wconf 86' lang='grc' dir='ltr'>διαλάμπων.</span> <span class='ocrx_word' id='word_1_445' title='bbox 729 3941 1036 4015; x_wconf 82' lang='grc' dir='ltr'>Κρατηθεῖς</span> <span class='ocrx_word' id='word_1_446' title='bbox 1082 3943 1198 4010; x_wconf 75' lang='grc' dir='ltr'>οὖν,</span> <span class='ocrx_word' id='word_1_447' title='bbox 1255 3938 1610 4016; x_wconf 85' lang='grc' dir='ltr'>προσηνέχθη</span> <span class='ocrx_word' id='word_1_448' title='bbox 1650 3944 1959 4018; x_wconf 77' lang='grc' dir='ltr'>’Λφρικανῷ</span> 
     </span>
    </p>
   </div>
   <div class='ocr_carea' id='block_1_72' title="bbox 303 4029 1960 4107">
    <p class='ocr_par' dir='ltr' id='par_1_72' title="bbox 303 4029 1960 4107">
     <span class='ocr_line' id='line_1_73' title="bbox 303 4029 1960 4107; baseline -0.001 -19"><span class='ocrx_word' id='word_1_449' title='bbox 303 4037 393 4104; x_wconf 83' lang='grc' dir='ltr'>τῷ</span> <span class='ocrx_word' id='word_1_450' title='bbox 449 4029 697 4106; x_wconf 76' lang='grc' dir='ltr'>ἐπάρχῳ.</span> <span class='ocrx_word' id='word_1_451' title='bbox 754 4030 852 4086; x_wconf 81' lang='grc' dir='ltr'>Καὶ</span> <span class='ocrx_word' id='word_1_452' title='bbox 911 4029 1228 4106; x_wconf 79' lang='grc' dir='ltr'>ἐρωτηθεὶς,</span> <span class='ocrx_word' id='word_1_453' title='bbox 1286 4029 1625 4106; x_wconf 84' lang='grc' dir='ltr'>ὡμολόγησε</span> <span class='ocrx_word' id='word_1_454' title='bbox 1679 4031 1770 4087; x_wconf 85' lang='grc' dir='ltr'>τὸν</span> <span class='ocrx_word' id='word_1_455' title='bbox 1830 4036 1960 4107; x_wconf 81' lang='grc' dir='ltr'>Χρι·</span> 
     </span>
    </p>
   </div>
   <div class='ocr_carea' id='block_1_73' title="bbox 307 4113 1955 4196">
    <p class='ocr_par' dir='ltr' id='par_1_73' title="bbox 307 4113 1955 4196">
     <span class='ocr_line' id='line_1_74' title="bbox 307 4113 1955 4196; baseline -0.001 -20"><span class='ocrx_word' id='word_1_456' title='bbox 307 4121 461 4176; x_wconf 87' lang='grc' dir='ltr'>στόν.</span> <span class='ocrx_word' id='word_1_457' title='bbox 517 4119 798 4184; x_wconf 76' lang='grc' dir='ltr'>Ἀντιστᾶς</span> <span class='ocrx_word' id='word_1_458' title='bbox 855 4116 913 4174; x_wconf 72' lang='grc' dir='ltr'>δὲ</span> <span class='ocrx_word' id='word_1_459' title='bbox 968 4117 1115 4192; x_wconf 79' lang='grc' dir='ltr'>αὖτῷ</span> <span class='ocrx_word' id='word_1_460' title='bbox 1149 4120 1296 4175; x_wconf 84' lang='grc' dir='ltr'>καὶὸ</span> <span class='ocrx_word' id='word_1_461' title='bbox 1354 4113 1598 4196; x_wconf 76' lang='grc' dir='ltr'>ἔπαρχος</span> <span class='ocrx_word' id='word_1_462' title='bbox 1629 4120 1680 4175; x_wconf 73' lang='grc' dir='ltr'>ἐν</span> <span class='ocrx_word' id='word_1_463' title='bbox 1740 4119 1955 4196; x_wconf 88' lang='grc' dir='ltr'>λόγοις,</span> 
     </span>
    </p>
   </div>
   <div class='ocr_carea' id='block_1_74' title="bbox 307 4209 1955 4289">
    <p class='ocr_par' dir='ltr' id='par_1_74' title="bbox 307 4209 1955 4289">
     <span class='ocr_line' id='line_1_75' title="bbox 307 4209 1955 4289; baseline 0 -22"><span class='ocrx_word' id='word_1_464' title='bbox 307 4211 406 4267; x_wconf 83' lang='grc' dir='ltr'>καὶ</span> <span class='ocrx_word' id='word_1_465' title='bbox 461 4210 771 4285; x_wconf 84' lang='grc' dir='ltr'>πειρασθεὶς</span> <span class='ocrx_word' id='word_1_466' title='bbox 829 4209 1226 4289; x_wconf 75' lang='grc' dir='ltr'>βλασφημῆσαι</span> <span class='ocrx_word' id='word_1_467' title='bbox 1287 4211 1381 4284; x_wconf 74' lang='grc' dir='ltr'>μὲν</span> <span class='ocrx_word' id='word_1_468' title='bbox 1441 4212 1532 4267; x_wconf 88' lang='grc' dir='ltr'>τὸν</span> <span class='ocrx_word' id='word_1_469' title='bbox 1574 4213 1828 4286; x_wconf 83' lang='grc' dir='ltr'>Χριστὸν,</span> <span class='ocrx_word' id='word_1_470' title='bbox 1858 4212 1955 4267; x_wconf 86' lang='lat' dir='ltr'>a6-</span> 
     </span>
    </p>
   </div>
   <div class='ocr_carea' id='block_1_75' title="bbox 306 4297 1956 4378">
    <p class='ocr_par' dir='ltr' id='par_1_75' title="bbox 306 4297 1956 4378">
     <span class='ocr_line' id='line_1_76' title="bbox 306 4297 1956 4378; baseline -0.002 -20"><span class='ocrx_word' id='word_1_471' title='bbox 306 4302 406 4358; x_wconf 81' lang='grc' dir='ltr'>τὸν</span> <span class='ocrx_word' id='word_1_472' title='bbox 459 4297 516 4356; x_wconf 74' lang='grc' dir='ltr'>δὶ</span> <span class='ocrx_word' id='word_1_473' title='bbox 565 4301 1003 4374; x_wconf 78' lang='grc' dir='ltr'>τιμωρήσασθαι,</span> <span class='ocrx_word' id='word_1_474' title='bbox 1063 4303 1288 4373; x_wconf 79' lang='grc' dir='ltr'>σεισμοῦ</span> <span class='ocrx_word' id='word_1_475' title='bbox 1337 4300 1657 4375; x_wconf 83' lang='grc' dir='ltr'>γενομένου,</span> <span class='ocrx_word' id='word_1_476' title='bbox 1707 4299 1956 4378; x_wconf 74' lang='grc' dir='ltr'>ἐξαίφνης</span> 
     </span>
    </p>
   </div>
   <div class='ocr_carea' id='block_1_76' title="bbox 307 4388 1958 4463">
    <p class='ocr_par' dir='ltr' id='par_1_76' title="bbox 307 4388 1958 4463">
     <span class='ocr_line' id='line_1_77' title="bbox 307 4388 1958 4463; baseline 0.001 -19"><span class='ocrx_word' id='word_1_477' title='bbox 307 4392 492 4444; x_wconf 88' lang='grc' dir='ltr'>πεσὼν</span> <span class='ocrx_word' id='word_1_478' title='bbox 552 4389 686 4462; x_wconf 88' lang='grc' dir='ltr'>μετᾶ</span> <span class='ocrx_word' id='word_1_479' title='bbox 731 4392 838 4443; x_wconf 81' lang='grc' dir='ltr'>τῶν</span> <span class='ocrx_word' id='word_1_480' title='bbox 900 4389 990 4443; x_wconf 84' lang='grc' dir='ltr'>ὑπ’</span> <span class='ocrx_word' id='word_1_481' title='bbox 1076 4388 1226 4462; x_wconf 83' lang='grc' dir='ltr'>αὐτῷ</span> <span class='ocrx_word' id='word_1_482' title='bbox 1307 4393 1675 4463; x_wconf 81' lang='grc' dir='ltr'>στρατιωτῶν,</span> <span class='ocrx_word' id='word_1_483' title='bbox 1759 4390 1958 4452; x_wconf 76' lang='grc' dir='ltr'>ἄπνους</span> 
     </span>
    </p>
   </div>
   <div class='ocr_carea' id='block_1_77' title="bbox 304 4475 1954 4556">
    <p class='ocr_par' dir='ltr' id='par_1_77' title="bbox 304 4475 1954 4556">
     <span class='ocr_line' id='line_1_78' title="bbox 304 4475 1954 4556; baseline -0.001 -20"><span class='ocrx_word' id='word_1_484' title='bbox 304 4478 506 4536; x_wconf 83' lang='grc' dir='ltr'>ἔκειτο.</span> <span class='ocrx_word' id='word_1_485' title='bbox 569 4475 747 4535; x_wconf 52' lang='lat' dir='ltr'>una</span> <span class='ocrx_word' id='word_1_486' title='bbox 791 4477 1226 4554; x_wconf 79' lang='grc' dir='ltr'>προσευξάμενος</span> <span class='ocrx_word' id='word_1_487' title='bbox 1303 4477 1330 4533; x_wconf 82' lang='grc' dir='ltr'>ὁ</span> <span class='ocrx_word' id='word_1_488' title='bbox 1390 4479 1568 4553; x_wconf 76' lang='grc' dir='ltr'>ἅγιος,</span> <span class='ocrx_word' id='word_1_489' title='bbox 1623 4475 1812 4556; x_wconf 73' lang='grc' dir='ltr'>ἤγειρε</span> <span class='ocrx_word' id='word_1_490' title='bbox 1865 4480 1954 4535; x_wconf 84' lang='grc' dir='ltr'>καὶ</span> 
     </span>
    </p>
   </div>
   <div class='ocr_carea' id='block_1_78' title="bbox 304 4567 1953 4644">
    <p class='ocr_par' dir='ltr' id='par_1_78' title="bbox 304 4567 1953 4644">
     <span class='ocr_line' id='line_1_79' title="bbox 304 4567 1953 4644; baseline -0.002 -18"><span class='ocrx_word' id='word_1_491' title='bbox 304 4569 470 4626; x_wconf 80' lang='grc' dir='ltr'>αὐτὸν</span> <span class='ocrx_word' id='word_1_492' title='bbox 502 4567 593 4624; x_wconf 79' lang='grc' dir='ltr'>καὶ</span> <span class='ocrx_word' id='word_1_493' title='bbox 651 4567 778 4630; x_wconf 80' lang='grc' dir='ltr'>τοὺς</span> <span class='ocrx_word' id='word_1_494' title='bbox 840 4569 1199 4644; x_wconf 84' lang='grc' dir='ltr'>στρατιώτας.</span> <span class='ocrx_word' id='word_1_495' title='bbox 1261 4567 1362 4627; x_wconf 84' lang='grc' dir='ltr'>Καὶ</span> <span class='ocrx_word' id='word_1_496' title='bbox 1431 4568 1597 4625; x_wconf 88' lang='grc' dir='ltr'>πάλιν</span> <span class='ocrx_word' id='word_1_497' title='bbox 1641 4569 1953 4644; x_wconf 80' lang='grc' dir='ltr'>κρατηθεὶς,</span> 
     </span>
    </p>
   </div>
   <div class='ocr_carea' id='block_1_79' title="bbox 306 4654 1953 4732">
    <p class='ocr_par' dir='ltr' id='par_1_79' title="bbox 306 4654 1953 4732">
     <span class='ocr_line' id='line_1_80' title="bbox 306 4654 1953 4732; baseline 0.001 -19"><span class='ocrx_word' id='word_1_498' title='bbox 306 4656 589 4728; x_wconf 83' lang='grc' dir='ltr'>ἀπεστάλη</span> <span class='ocrx_word' id='word_1_499' title='bbox 624 4654 844 4730; x_wconf 70' lang='grc' dir='ltr'>δέσμιος</span> <span class='ocrx_word' id='word_1_500' title='bbox 897 4657 1034 4732; x_wconf 87' lang='grc' dir='ltr'>πρὸς</span> <span class='ocrx_word' id='word_1_501' title='bbox 1093 4658 1380 4726; x_wconf 85' lang='grc' dir='ltr'>Τραϊανόν.</span> <span class='ocrx_word' id='word_1_502' title='bbox 1442 4660 1546 4714; x_wconf 77' lang='grc' dir='ltr'>Καὶ</span> <span class='ocrx_word' id='word_1_503' title='bbox 1599 4656 1829 4714; x_wconf 77' lang='grc' dir='ltr'>ἐνώπιον</span> <span class='ocrx_word' id='word_1_504' title='bbox 1858 4657 1953 4714; x_wconf 83' lang='lat' dir='ltr'>a6-</span> 
     </span>
    </p>
   </div>
   <div class='ocr_carea' id='block_1_80' title="bbox 305 4745 1953 4822">
    <p class='ocr_par' dir='ltr' id='par_1_80' title="bbox 305 4745 1953 4822">
     <span class='ocr_line' id='line_1_81' title="bbox 305 4745 1953 4822; baseline 0.001 -19"><span class='ocrx_word' id='word_1_505' title='bbox 305 4750 408 4803; x_wconf 89' lang='grc' dir='ltr'>τοῦ</span> <span class='ocrx_word' id='word_1_506' title='bbox 437 4747 674 4822; x_wconf 79' lang='grc' dir='ltr'>κηρύξας</span> <span class='ocrx_word' id='word_1_507' title='bbox 701 4747 791 4802; x_wconf 87' lang='grc' dir='ltr'>τὸν</span> <span class='ocrx_word' id='word_1_508' title='bbox 851 4746 1104 4821; x_wconf 85' lang='grc' dir='ltr'>Χριστὸν,</span> <span class='ocrx_word' id='word_1_509' title='bbox 1148 4745 1239 4801; x_wconf 85' lang='grc' dir='ltr'>καὶ</span> <span class='ocrx_word' id='word_1_510' title='bbox 1294 4747 1394 4815; x_wconf 78' lang='grc' dir='ltr'>τὴν</span> <span class='ocrx_word' id='word_1_511' title='bbox 1427 4746 1554 4822; x_wconf 78' lang='grc' dir='ltr'>περὶ</span> <span class='ocrx_word' id='word_1_512' title='bbox 1611 4747 1774 4803; x_wconf 81' lang='grc' dir='ltr'>αὐτοῦ</span> <span class='ocrx_word' id='word_1_513' title='bbox 1806 4748 1953 4805; x_wconf 85' lang='grc' dir='ltr'>οἷ’κο-</span> 
     </span>
    </p>
   </div>
   <div class='ocr_carea' id='block_1_81' title="bbox 307 4833 1953 4911">
    <p class='ocr_par' dir='ltr' id='par_1_81' title="bbox 307 4833 1953 4911">
     <span class='ocr_line' id='line_1_82' title="bbox 307 4833 1953 4911; baseline 0.001 -19"><span class='ocrx_word' id='word_1_514' title='bbox 307 4835 506 4908; x_wconf 81' lang='grc' dir='ltr'>νομίαν</span> <span class='ocrx_word' id='word_1_515' title='bbox 559 4841 732 4892; x_wconf 80' lang='grc' dir='ltr'>πᾶσαν</span> <span class='ocrx_word' id='word_1_516' title='bbox 795 4833 1106 4907; x_wconf 82' lang='grc' dir='ltr'>διεξελθὼν,</span> <span class='ocrx_word' id='word_1_517' title='bbox 1159 4836 1506 4911; x_wconf 75' lang='grc' dir='ltr'>κρεμασθεὶς,</span> <span class='ocrx_word' id='word_1_518' title='bbox 1588 4835 1795 4908; x_wconf 79' lang='grc' dir='ltr'>ἑξὲσθη.</span> <span class='ocrx_word' id='word_1_519' title='bbox 1856 4838 1953 4893; x_wconf 83' lang='grc' dir='ltr'>Καὶ</span> 
     </span>
    </p>
   </div>
   <div class='ocr_carea' id='block_1_82' title="bbox 307 4923 1955 5002">
    <p class='ocr_par' dir='ltr' id='par_1_82' title="bbox 307 4923 1955 5002">
     <span class='ocr_line' id='line_1_83' title="bbox 307 4923 1955 5002; baseline 0 -20"><span class='ocrx_word' id='word_1_520' title='bbox 307 4925 599 4983; x_wconf 72' lang='grc' dir='ltr'>ἐπὶπλίον</span> <span class='ocrx_word' id='word_1_521' title='bbox 640 4925 892 4999; x_wconf 70' lang='grc' dir='ltr'>ἐμμένων</span> <span class='ocrx_word' id='word_1_522' title='bbox 954 4929 1022 5000; x_wconf 78' lang='grc' dir='ltr'>τῇ</span> <span class='ocrx_word' id='word_1_523' title='bbox 1081 4923 1158 4987; x_wconf 74' lang='grc' dir='ltr'>εἷς</span> <span class='ocrx_word' id='word_1_524' title='bbox 1213 4925 1446 4998; x_wconf 87' lang='grc' dir='ltr'>Χριστὸν</span> <span class='ocrx_word' id='word_1_525' title='bbox 1505 4924 1804 5002; x_wconf 74' lang='grc' dir='ltr'>ὁμολογίᾳ,</span> <span class='ocrx_word' id='word_1_526' title='bbox 1882 4929 1955 4992; x_wconf 84' lang='grc' dir='ltr'>εἰς</span> 
     </span>
    </p>
   </div>
   <div class='ocr_carea' id='block_1_83' title="bbox 308 5009 1954 5091">
    <p class='ocr_par' dir='ltr' id='par_1_83' title="bbox 308 5009 1954 5091">
     <span class='ocr_line' id='line_1_84' title="bbox 308 5009 1954 5091; baseline 0.001 -20"><span class='ocrx_word' id='word_1_527' title='bbox 308 5010 570 5072; x_wconf 73' lang='grc' dir='ltr'>ἄσϐεστον</span> <span class='ocrx_word' id='word_1_528' title='bbox 637 5009 931 5086; x_wconf 70' lang='grc' dir='ltr'>ἐνεϐλήθηο</span> <span class='ocrx_word' id='word_1_529' title='bbox 985 5015 1078 5070; x_wconf 84' lang='grc' dir='ltr'>καὶ</span> <span class='ocrx_word' id='word_1_530' title='bbox 1135 5012 1186 5085; x_wconf 69' lang='grc' dir='ltr'>ἐξ</span> <span class='ocrx_word' id='word_1_531' title='bbox 1241 5013 1408 5084; x_wconf 75' lang='grc' dir='ltr'>αὐτῆς</span> <span class='ocrx_word' id='word_1_532' title='bbox 1469 5015 1626 5091; x_wconf 77' lang='grc' dir='ltr'>ὑγιής</span> <span class='ocrx_word' id='word_1_533' title='bbox 1707 5015 1954 5088; x_wconf 77' lang='grc' dir='ltr'>ἐξελθὼν,</span> 
     </span>
    </p>
   </div>
   <div class='ocr_carea' id='block_1_84' title="bbox 311 5101 1955 5182">
    <p class='ocr_par' dir='ltr' id='par_1_84' title="bbox 311 5101 1955 5182">
     <span class='ocr_line' id='line_1_85' title="bbox 311 5101 1955 5182; baseline 0.001 -22"><span class='ocrx_word' id='word_1_534' title='bbox 311 5104 390 5168; x_wconf 77' lang='grc' dir='ltr'>εἷς</span> <span class='ocrx_word' id='word_1_535' title='bbox 419 5102 655 5178; x_wconf 88' lang='grc' dir='ltr'>λουτρὸν</span> <span class='ocrx_word' id='word_1_536' title='bbox 711 5101 962 5182; x_wconf 78' lang='grc' dir='ltr'>σφοδρῶς</span> <span class='ocrx_word' id='word_1_537' title='bbox 1015 5103 1343 5180; x_wconf 78' lang='grc' dir='ltr'>ὲκπυρωθὶν,</span> <span class='ocrx_word' id='word_1_538' title='bbox 1401 5103 1492 5160; x_wconf 84' lang='grc' dir='ltr'>καὶ</span> <span class='ocrx_word' id='word_1_539' title='bbox 1553 5105 1812 5180; x_wconf 79' lang='grc' dir='ltr'>ὑπερκαὶν</span> <span class='ocrx_word' id='word_1_540' title='bbox 1847 5105 1955 5162; x_wconf 75' lang='grc' dir='ltr'>εἷ’σ-</span> 
     </span>
    </p>
   </div>
   <div class='ocr_carea' id='block_1_85' title="bbox 310 5190 1956 5272">
    <p class='ocr_par' dir='ltr' id='par_1_85' title="bbox 310 5190 1956 5272">
     <span class='ocr_line' id='line_1_86' title="bbox 310 5190 1956 5272; baseline 0.003 -24"><span class='ocrx_word' id='word_1_541' title='bbox 310 5195 492 5268; x_wconf 81' lang='grc' dir='ltr'>ήχθη.</span> <span class='ocrx_word' id='word_1_542' title='bbox 521 5195 611 5252; x_wconf 84' lang='grc' dir='ltr'><strong>Ἐν</strong></span> <span class='ocrx_word' id='word_1_543' title='bbox 639 5194 686 5267; x_wconf 83' lang='grc' dir='ltr'>ᾦ</span> <span class='ocrx_word' id='word_1_544' title='bbox 714 5193 806 5250; x_wconf 87' lang='grc' dir='ltr'>τὸν</span> <span class='ocrx_word' id='word_1_545' title='bbox 839 5194 968 5249; x_wconf 83' lang='grc' dir='ltr'>Θεὸν</span> <span class='ocrx_word' id='word_1_546' title='bbox 1003 5190 1331 5268; x_wconf 79' lang='grc' dir='ltr'>δοξολογῶν,</span> <span class='ocrx_word' id='word_1_547' title='bbox 1365 5192 1604 5268; x_wconf 87' lang='grc' dir='ltr'>καθάπερ</span> <span class='ocrx_word' id='word_1_548' title='bbox 1636 5195 1688 5249; x_wconf 84' lang='grc' dir='ltr'><strong>ἐν</strong></span> <span class='ocrx_word' id='word_1_549' title='bbox 1734 5200 1803 5271; x_wconf 78' lang='grc' dir='ltr'>τῇ</span> <span class='ocrx_word' id='word_1_550' title='bbox 1831 5194 1956 5272; x_wconf 86' lang='grc' dir='ltr'>δρο-</span> 
     </span>
    </p>
   </div>
   <div class='ocr_carea' id='block_1_86' title="bbox 314 5278 1958 5360">
    <p class='ocr_par' dir='ltr' id='par_1_86' title="bbox 314 5278 1958 5360">
     <span class='ocr_line' id='line_1_87' title="bbox 314 5278 1958 5360; baseline 0.004 -23"><span class='ocrx_word' id='word_1_551' title='bbox 314 5278 537 5356; x_wconf 77' lang='grc' dir='ltr'>σοϐόλῳ</span> <span class='ocrx_word' id='word_1_552' title='bbox 557 5281 771 5356; x_wconf 85' lang='grc' dir='ltr'>καμίνῳ</span> <span class='ocrx_word' id='word_1_553' title='bbox 804 5283 856 5338; x_wconf 75' lang='grc' dir='ltr'>οἱ</span> <span class='ocrx_word' id='word_1_554' title='bbox 888 5284 1035 5359; x_wconf 76' lang='grc' dir='ltr'>ἅγιοι</span> <span class='ocrx_word' id='word_1_555' title='bbox 1087 5287 1234 5358; x_wconf 81' lang='grc' dir='ltr'>τρεῖς</span> <span class='ocrx_word' id='word_1_556' title='bbox 1291 5279 1501 5353; x_wconf 85' lang='grc' dir='ltr'>παῖδες,</span> <span class='ocrx_word' id='word_1_557' title='bbox 1559 5281 1841 5360; x_wconf 75' lang='grc' dir='ltr'>παρέδωκε</span> <span class='ocrx_word' id='word_1_558' title='bbox 1895 5290 1958 5344; x_wconf 79' lang='grc' dir='ltr'>τό</span> 
     </span>
    </p>
   </div>
   <div class='ocr_carea' id='block_1_87' title="bbox 313 5375 1370 5446">
    <p class='ocr_par' dir='ltr' id='par_1_87' title="bbox 313 5375 1370 5446">
     <span class='ocr_line' id='line_1_88' title="bbox 313 5375 1370 5446; baseline 0.003 -19"><span class='ocrx_word' id='word_1_559' title='bbox 313 5375 543 5446; x_wconf 88' lang='grc' dir='ltr'>πνεῦμα.</span> <span class='ocrx_word' id='word_1_560' title='bbox 1367 5379 1370 5382; x_wconf 34' lang='grc' dir='ltr'>ί</span> 
     </span>
    </p>
   </div>
   <div class='ocr_carea' id='block_1_88' title="bbox 312 5495 1962 5578">
    <p class='ocr_par' dir='ltr' id='par_1_88' title="bbox 312 5495 1962 5578">
     <span class='ocr_line' id='line_1_89' title="bbox 312 5495 1962 5578; baseline 0.002 -24"><span class='ocrx_word' id='word_1_561' title='bbox 312 5496 417 5554; x_wconf 82' lang='grc' dir='ltr'>Καὶ</span> <span class='ocrx_word' id='word_1_562' title='bbox 449 5495 682 5568; x_wconf 79' lang='grc' dir='ltr'>ἄθλησις</span> <span class='ocrx_word' id='word_1_563' title='bbox 710 5503 806 5554; x_wconf 77' lang='grc' dir='ltr'>τοῦ</span> <span class='ocrx_word' id='word_1_564' title='bbox 867 5496 1021 5574; x_wconf 80' lang='grc' dir='ltr'>ἁγίου</span> <span class='ocrx_word' id='word_1_565' title='bbox 1042 5567 1067 5578; x_wconf 40' lang='grc' dir='ltr'><strong>Δ</strong></span> <span class='ocrx_word' id='word_1_566' title='bbox 1080 5499 1353 5578; x_wconf 71' lang='grc' dir='ltr'>μάρτυρος</span> <span class='ocrx_word' id='word_1_567' title='bbox 1409 5498 1689 5578; x_wconf 80' lang='grc' dir='ltr'>Τροφίμου</span> <span class='ocrx_word' id='word_1_568' title='bbox 1750 5503 1838 5557; x_wconf 77' lang='grc' dir='ltr'>καὶ</span> <span class='ocrx_word' id='word_1_569' title='bbox 1865 5511 1962 5575; x_wconf 85' lang='grc' dir='ltr'>τῆς</span> 
     </span>
    </p>
   </div>
   <div class='ocr_carea' id='block_1_89' title="bbox 910 5567 1376 5632">
    <p class='ocr_par' dir='ltr' id='par_1_89' title="bbox 910 5567 1376 5632">
     <span class='ocr_line' id='line_1_90' title="bbox 910 5567 1376 5632; baseline 0.004 -7"><span class='ocrx_word' id='word_1_570' title='bbox 910 5567 1172 5632; x_wconf 72' lang='grc' dir='ltr'>συνοδίας</span> <span class='ocrx_word' id='word_1_571' title='bbox 1191 5567 1376 5628; x_wconf 74' lang='grc' dir='ltr'>αὐτοῦ.</span> 
     </span>
    </p>
   </div>
   <div class='ocr_carea' id='block_1_90' title="bbox 388 5684 1966 5771">
    <p class='ocr_par' dir='ltr' id='par_1_90' title="bbox 388 5684 1966 5771">
     <span class='ocr_line' id='line_1_91' title="bbox 388 5684 1966 5771; baseline 0.011 -33"><span class='ocrx_word' id='word_1_572' title='bbox 388 5687 686 5767; x_wconf 77' lang='grc' dir='ltr'>Τρόφιμος,</span> <span class='ocrx_word' id='word_1_573' title='bbox 717 5686 805 5740; x_wconf 78' lang='grc' dir='ltr'>καὶ</span> <span class='ocrx_word' id='word_1_574' title='bbox 838 5684 1102 5765; x_wconf 75' lang='grc' dir='ltr'>Θεόφιλος</span> <span class='ocrx_word' id='word_1_575' title='bbox 1151 5687 1203 5741; x_wconf 78' lang='grc' dir='ltr'>οἱ</span> <span class='ocrx_word' id='word_1_576' title='bbox 1259 5690 1355 5742; x_wconf 88' lang='grc' dir='ltr'>τοῦ</span> <span class='ocrx_word' id='word_1_577' title='bbox 1411 5689 1645 5765; x_wconf 78' lang='grc' dir='ltr'>Χριστοῦ</span> <span class='ocrx_word' id='word_1_578' title='bbox 1701 5691 1966 5771; x_wconf 80' lang='grc' dir='ltr'>μάρτυρες</span> 
     </span>
    </p>
   </div>
   <div class='ocr_carea' id='block_1_91' title="bbox 634 5777 1686 5873">
    <p class='ocr_par' dir='ltr' id='par_1_91' title="bbox 634 5777 1686 5873">
     <span class='ocr_line' id='line_1_92' title="bbox 634 5777 1686 5873; baseline 0.002 -1"><span class='ocrx_word' id='word_1_579' title='bbox 634 5810 896 5873; x_wconf 68' lang='grc' dir='ltr'>ΡΔΤΕΟΧ..</span> <span class='ocrx_word' id='word_1_580' title='bbox 946 5811 1056 5872; x_wconf 78' lang='lat' dir='ltr'>Gn.</span> <span class='ocrx_word' id='word_1_581' title='bbox 1105 5811 1342 5873; x_wconf 83' lang='lat' dir='ltr'>CXVII.</span> <span class='ocrx_word' id='word_1_582' title='bbox 1681 5777 1686 5780; x_wconf 21' lang='grc' dir='ltr'><strong>Ι</strong></span> 
     </span>
    </p>
   </div>
   <div class='ocr_carea' id='block_1_92' title="bbox 2620 3439 3149 3497">
    <p class='ocr_par' dir='ltr' id='par_1_92' title="bbox 2620 3439 3149 3497">
     <span class='ocr_line' id='line_1_93' title="bbox 2620 3439 3149 3497; baseline 0 -1"><span class='ocrx_word' id='word_1_583' title='bbox 2620 3439 2862 3497; x_wconf 85' lang='lat' dir='ltr'><strong>EODEM</strong></span> <span class='ocrx_word' id='word_1_584' title='bbox 2896 3441 3149 3497; x_wconf 85' lang='lat' dir='ltr'>MENSE.</span> 
     </span>
    </p>
   </div>
   <div class='ocr_carea' id='block_1_93' title="bbox 2580 3529 3198 3586">
    <p class='ocr_par' dir='ltr' id='par_1_93' title="bbox 2580 3529 3198 3586">
     <span class='ocr_line' id='line_1_94' title="bbox 2580 3529 3198 3586; baseline 0.002 -1"><span class='ocrx_word' id='word_1_585' title='bbox 2580 3529 2682 3586; x_wconf 91' lang='lat' dir='ltr'>Die</span> <span class='ocrx_word' id='word_1_586' title='bbox 2711 3529 2993 3586; x_wconf 88' lang='lat' dir='ltr'>vicesima</span> <span class='ocrx_word' id='word_1_587' title='bbox 3023 3530 3198 3586; x_wconf 88' lang='lat' dir='ltr'>tertia</span> 
     </span>
    </p>
   </div>
   <div class='ocr_carea' id='block_1_94' title="bbox 2286 3618 3497 3689">
    <p class='ocr_par' dir='ltr' id='par_1_94' title="bbox 2286 3618 3497 3689">
     <span class='ocr_line' id='line_1_95' title="bbox 2286 3618 3497 3689; baseline -0.001 -14"><span class='ocrx_word' id='word_1_588' title='bbox 2286 3619 2572 3675; x_wconf 80' lang='lat' dir='ltr'>Certamen</span> <span class='ocrx_word' id='word_1_589' title='bbox 2599 3622 2936 3675; x_wconf 79' lang='lat' dir='ltr'>sacrosancti</span> <span class='ocrx_word' id='word_1_590' title='bbox 2990 3619 3252 3689; x_wconf 81' lang='lat' dir='ltr'>martyris</span> <span class='ocrx_word' id='word_1_591' title='bbox 3283 3618 3497 3674; x_wconf 74' lang='lat' dir='ltr'>Phocae.</span> 
     </span>
    </p>
   </div>
   <div class='ocr_carea' id='block_1_95' title="bbox 2139 3742 3711 3815">
    <p class='ocr_par' dir='ltr' id='par_1_95' title="bbox 2139 3742 3711 3815">
     <span class='ocr_line' id='line_1_96' title="bbox 2139 3742 3711 3815; baseline -0.001 -15"><span class='ocrx_word' id='word_1_592' title='bbox 2139 3745 2365 3800; x_wconf 86' lang='lat' dir='ltr'>Phocas</span> <span class='ocrx_word' id='word_1_593' title='bbox 2391 3748 2809 3815; x_wconf 88' lang='lat' dir='ltr'>sacromartyr,</span> <span class='ocrx_word' id='word_1_594' title='bbox 2842 3743 3172 3814; x_wconf 84' lang='lat' dir='ltr'>imperante</span> <span class='ocrx_word' id='word_1_595' title='bbox 3213 3742 3486 3815; x_wconf 88' lang='lat' dir='ltr'>Trajano,</span> <span class='ocrx_word' id='word_1_596' title='bbox 3518 3743 3711 3798; x_wconf 86' lang='lat' dir='ltr'>incul-</span> 
     </span>
    </p>
   </div>
   <div class='ocr_carea' id='block_1_96' title="bbox 2067 3831 3712 3908">
    <p class='ocr_par' dir='ltr' id='par_1_96' title="bbox 2067 3831 3712 3908">
     <span class='ocr_line' id='line_1_97' title="bbox 2067 3831 3712 3908; baseline 0 -18"><span class='ocrx_word' id='word_1_597' title='bbox 2067 3833 2222 3908; x_wconf 87' lang='lat' dir='ltr'>patis</span> <span class='ocrx_word' id='word_1_598' title='bbox 2259 3831 2528 3888; x_wconf 91' lang='lat' dir='ltr'>moribus</span> <span class='ocrx_word' id='word_1_599' title='bbox 2587 3837 2646 3887; x_wconf 91' lang='lat' dir='ltr'>et</span> <span class='ocrx_word' id='word_1_600' title='bbox 2703 3831 3038 3906; x_wconf 89' lang='lat' dir='ltr'>omnigenis</span> <span class='ocrx_word' id='word_1_601' title='bbox 3091 3831 3410 3886; x_wconf 87' lang='lat' dir='ltr'>virtutibus</span> <span class='ocrx_word' id='word_1_602' title='bbox 3468 3831 3712 3890; x_wconf 73' lang='lat' dir='ltr'>eﬂ‘ulsit.</span> 
     </span>
    </p>
   </div>
   <div class='ocr_carea' id='block_1_97' title="bbox 2066 3919 3710 3995">
    <p class='ocr_par' dir='ltr' id='par_1_97' title="bbox 2066 3919 3710 3995">
     <span class='ocr_line' id='line_1_98' title="bbox 2066 3919 3710 3995; baseline -0.001 -17"><span class='ocrx_word' id='word_1_603' title='bbox 2066 3921 2544 3995; x_wconf 90' lang='lat' dir='ltr'>Comprehensus</span> <span class='ocrx_word' id='word_1_604' title='bbox 2575 3926 2772 3977; x_wconf 87' lang='lat' dir='ltr'>autem</span> <span class='ocrx_word' id='word_1_605' title='bbox 2801 3927 2859 3976; x_wconf 90' lang='lat' dir='ltr'>et</span> <span class='ocrx_word' id='word_1_606' title='bbox 2888 3921 2962 3976; x_wconf 89' lang='lat' dir='ltr'>ad</span> <span class='ocrx_word' id='word_1_607' title='bbox 2995 3920 3340 3977; x_wconf 83' lang='lat' dir='ltr'>Africanum</span> <span class='ocrx_word' id='word_1_608' title='bbox 3362 3919 3710 3992; x_wconf 74' lang='lat' dir='ltr'>praefectum</span> 
     </span>
    </p>
   </div>
   <div class='ocr_carea' id='block_1_98' title="bbox 2066 4011 3712 4086">
    <p class='ocr_par' dir='ltr' id='par_1_98' title="bbox 2066 4011 3712 4086">
     <span class='ocr_line' id='line_1_99' title="bbox 2066 4011 3712 4086; baseline -0.001 -18"><span class='ocrx_word' id='word_1_609' title='bbox 2066 4012 2379 4078; x_wconf 88' lang='lat' dir='ltr'>adductus,</span> <span class='ocrx_word' id='word_1_610' title='bbox 2401 4011 2473 4066; x_wconf 87' lang='lat' dir='ltr'>ab</span> <span class='ocrx_word' id='word_1_611' title='bbox 2499 4028 2688 4083; x_wconf 88' lang='lat' dir='ltr'>eoque</span> <span class='ocrx_word' id='word_1_612' title='bbox 2710 4012 3128 4086; x_wconf 86' lang='lat' dir='ltr'>interrogatus,</span> <span class='ocrx_word' id='word_1_613' title='bbox 3158 4011 3456 4066; x_wconf 87' lang='lat' dir='ltr'>Christum</span> <span class='ocrx_word' id='word_1_614' title='bbox 3479 4011 3712 4068; x_wconf 77' lang='lat' dir='ltr'>confes-</span> 
     </span>
    </p>
   </div>
   <div class='ocr_carea' id='block_1_99' title="bbox 2067 4101 3711 4173">
    <p class='ocr_par' dir='ltr' id='par_1_99' title="bbox 2067 4101 3711 4173">
     <span class='ocr_line' id='line_1_100' title="bbox 2067 4101 3711 4173; baseline 0 -16"><span class='ocrx_word' id='word_1_615' title='bbox 2067 4119 2166 4157; x_wconf 92' lang='lat' dir='ltr'>sus</span> <span class='ocrx_word' id='word_1_616' title='bbox 2198 4101 2416 4159; x_wconf 87' lang='lat' dir='ltr'>est.Cui</span> <span class='ocrx_word' id='word_1_617' title='bbox 2444 4118 2580 4156; x_wconf 90' lang='lat' dir='ltr'>cum</span> <span class='ocrx_word' id='word_1_618' title='bbox 2597 4101 2910 4173; x_wconf 54' lang='lat' dir='ltr'>praefectus</span> <span class='ocrx_word' id='word_1_619' title='bbox 2935 4101 3128 4157; x_wconf 91' lang='lat' dir='ltr'>verbis</span> <span class='ocrx_word' id='word_1_620' title='bbox 3151 4101 3585 4167; x_wconf 89' lang='lat' dir='ltr'>contradicens,</span> <span class='ocrx_word' id='word_1_621' title='bbox 3613 4120 3711 4157; x_wconf 92' lang='lat' dir='ltr'>co-</span> 
     </span>
    </p>
   </div>
   <div class='ocr_carea' id='block_1_100' title="bbox 2066 4191 3714 4263">
    <p class='ocr_par' dir='ltr' id='par_1_100' title="bbox 2066 4191 3714 4263">
     <span class='ocr_line' id='line_1_101' title="bbox 2066 4191 3714 4263; baseline -0.001 -15"><span class='ocrx_word' id='word_1_622' title='bbox 2066 4196 2308 4248; x_wconf 89' lang='lat' dir='ltr'>naretur</span> <span class='ocrx_word' id='word_1_623' title='bbox 2320 4191 2618 4247; x_wconf 86' lang='lat' dir='ltr'>Christum</span> <span class='ocrx_word' id='word_1_624' title='bbox 2632 4191 3265 4263; x_wconf 88' lang='lat' dir='ltr'>blasphemare,ipsum</span> <span class='ocrx_word' id='word_1_625' title='bbox 3273 4206 3387 4263; x_wconf 91' lang='lat' dir='ltr'>que</span> <span class='ocrx_word' id='word_1_626' title='bbox 3401 4192 3714 4247; x_wconf 87' lang='lat' dir='ltr'>tormentis</span> 
     </span>
    </p>
   </div>
   <div class='ocr_carea' id='block_1_101' title="bbox 2067 4280 3712 4354">
    <p class='ocr_par' dir='ltr' id='par_1_101' title="bbox 2067 4280 3712 4354">
     <span class='ocr_line' id='line_1_102' title="bbox 2067 4280 3712 4354; baseline -0.001 -17"><span class='ocrx_word' id='word_1_627' title='bbox 2067 4281 2564 4354; x_wconf 72' lang='lat' dir='ltr'>subjicere,terraa</span> <span class='ocrx_word' id='word_1_628' title='bbox 2585 4286 2750 4336; x_wconf 91' lang='lat' dir='ltr'>motu</span> <span class='ocrx_word' id='word_1_629' title='bbox 2771 4280 3197 4354; x_wconf 85' lang='lat' dir='ltr'>facto,repente</span> <span class='ocrx_word' id='word_1_630' title='bbox 3215 4280 3433 4337; x_wconf 88' lang='lat' dir='ltr'>cadens</span> <span class='ocrx_word' id='word_1_631' title='bbox 3446 4298 3564 4337; x_wconf 88' lang='lat' dir='ltr'>una</span> <span class='ocrx_word' id='word_1_632' title='bbox 3578 4298 3712 4337; x_wconf 91' lang='lat' dir='ltr'>cum</span> 
     </span>
    </p>
   </div>
   <div class='ocr_carea' id='block_1_102' title="bbox 2068 4369 3713 4443">
    <p class='ocr_par' dir='ltr' id='par_1_102' title="bbox 2068 4369 3713 4443">
     <span class='ocr_line' id='line_1_103' title="bbox 2068 4369 3713 4443; baseline 0 -17"><span class='ocrx_word' id='word_1_633' title='bbox 2068 4370 2356 4443; x_wconf 89' lang='lat' dir='ltr'>subjectis</span> <span class='ocrx_word' id='word_1_634' title='bbox 2409 4369 2521 4426; x_wconf 88' lang='lat' dir='ltr'>sibi</span> <span class='ocrx_word' id='word_1_635' title='bbox 2572 4369 2886 4437; x_wconf 90' lang='lat' dir='ltr'>militibus,</span> <span class='ocrx_word' id='word_1_636' title='bbox 2948 4371 3320 4427; x_wconf 84' lang='lat' dir='ltr'>exanimatus</span> <span class='ocrx_word' id='word_1_637' title='bbox 3361 4371 3574 4441; x_wconf 88' lang='lat' dir='ltr'>jacuit.</span> <span class='ocrx_word' id='word_1_638' title='bbox 3601 4370 3713 4426; x_wconf 92' lang='lat' dir='ltr'>Sed</span> 
     </span>
    </p>
   </div>
   <div class='ocr_carea' id='block_1_103' title="bbox 2067 4459 3715 4534">
    <p class='ocr_par' dir='ltr' id='par_1_103' title="bbox 2067 4459 3715 4534">
     <span class='ocr_line' id='line_1_104' title="bbox 2067 4459 3715 4534; baseline -0.001 -19"><span class='ocrx_word' id='word_1_639' title='bbox 2067 4465 2343 4534; x_wconf 89' lang='lat' dir='ltr'>precatus</span> <span class='ocrx_word' id='word_1_640' title='bbox 2374 4465 2637 4528; x_wconf 85' lang='lat' dir='ltr'>sanctus,</span> <span class='ocrx_word' id='word_1_641' title='bbox 2671 4460 2845 4516; x_wconf 91' lang='lat' dir='ltr'>illum</span> <span class='ocrx_word' id='word_1_642' title='bbox 2878 4462 3126 4534; x_wconf 88' lang='lat' dir='ltr'>ejusque</span> <span class='ocrx_word' id='word_1_643' title='bbox 3157 4460 3381 4516; x_wconf 90' lang='lat' dir='ltr'>milites</span> <span class='ocrx_word' id='word_1_644' title='bbox 3430 4459 3503 4514; x_wconf 88' lang='lat' dir='ltr'>ad</span> <span class='ocrx_word' id='word_1_645' title='bbox 3534 4460 3715 4514; x_wconf 87' lang='lat' dir='ltr'>vitam</span> 
     </span>
    </p>
   </div>
   <div class='ocr_carea' id='block_1_104' title="bbox 2065 4549 3712 4621">
    <p class='ocr_par' dir='ltr' id='par_1_104' title="bbox 2065 4549 3712 4621">
     <span class='ocr_line' id='line_1_105' title="bbox 2065 4549 3712 4621; baseline -0.002 -16"><span class='ocrx_word' id='word_1_646' title='bbox 2065 4549 2377 4605; x_wconf 86' lang='lat' dir='ltr'>revocavit.</span> <span class='ocrx_word' id='word_1_647' title='bbox 2435 4551 2661 4605; x_wconf 82' lang='lat' dir='ltr'>Rursus</span> <span class='ocrx_word' id='word_1_648' title='bbox 2711 4553 2909 4605; x_wconf 90' lang='lat' dir='ltr'>autem</span> <span class='ocrx_word' id='word_1_649' title='bbox 2958 4550 3450 4621; x_wconf 89' lang='lat' dir='ltr'>comprehensus,</span> <span class='ocrx_word' id='word_1_650' title='bbox 3481 4549 3712 4603; x_wconf 87' lang='lat' dir='ltr'>vinctus</span> 
     </span>
    </p>
   </div>
   <div class='ocr_carea' id='block_1_105' title="bbox 2066 4636 3717 4710">
    <p class='ocr_par' dir='ltr' id='par_1_105' title="bbox 2066 4636 3717 4710">
     <span class='ocr_line' id='line_1_106' title="bbox 2066 4636 3717 4710; baseline -0.004 -14"><span class='ocrx_word' id='word_1_651' title='bbox 2066 4639 2140 4696; x_wconf 89' lang='lat' dir='ltr'>ad</span> <span class='ocrx_word' id='word_1_652' title='bbox 2162 4639 2483 4710; x_wconf 91' lang='lat' dir='ltr'>Trajanum</span> <span class='ocrx_word' id='word_1_653' title='bbox 2517 4639 2740 4694; x_wconf 91' lang='lat' dir='ltr'>missus</span> <span class='ocrx_word' id='word_1_654' title='bbox 2771 4644 2896 4694; x_wconf 90' lang='lat' dir='ltr'>est:</span> <span class='ocrx_word' id='word_1_655' title='bbox 2922 4654 3038 4709; x_wconf 92' lang='lat' dir='ltr'>quo</span> <span class='ocrx_word' id='word_1_656' title='bbox 3060 4643 3358 4710; x_wconf 80' lang='lat' dir='ltr'>praesente</span> <span class='ocrx_word' id='word_1_657' title='bbox 3383 4652 3516 4690; x_wconf 90' lang='lat' dir='ltr'>cum</span> <span class='ocrx_word' id='word_1_658' title='bbox 3547 4636 3717 4691; x_wconf 88' lang='lat' dir='ltr'>Chri-</span> 
     </span>
    </p>
   </div>
   <div class='ocr_carea' id='block_1_106' title="bbox 2067 4724 3714 4799">
    <p class='ocr_par' dir='ltr' id='par_1_106' title="bbox 2067 4724 3714 4799">
     <span class='ocr_line' id='line_1_107' title="bbox 2067 4724 3714 4799; baseline -0.002 -15"><span class='ocrx_word' id='word_1_659' title='bbox 2067 4733 2222 4784; x_wconf 90' lang='lat' dir='ltr'>stum</span> <span class='ocrx_word' id='word_1_660' title='bbox 2252 4726 2657 4799; x_wconf 72' lang='lat' dir='ltr'>praadicasset,</span> <span class='ocrx_word' id='word_1_661' title='bbox 2692 4727 2884 4798; x_wconf 89' lang='lat' dir='ltr'>deque</span> <span class='ocrx_word' id='word_1_662' title='bbox 2937 4727 3216 4782; x_wconf 87' lang='lat' dir='ltr'>universa</span> <span class='ocrx_word' id='word_1_663' title='bbox 3239 4726 3368 4798; x_wconf 91' lang='lat' dir='ltr'>ejus</span> <span class='ocrx_word' id='word_1_664' title='bbox 3403 4724 3714 4796; x_wconf 85' lang='lat' dir='ltr'>dispensa-</span> 
     </span>
    </p>
   </div>
   <div class='ocr_carea' id='block_1_107' title="bbox 2066 4813 3712 4887">
    <p class='ocr_par' dir='ltr' id='par_1_107' title="bbox 2066 4813 3712 4887">
     <span class='ocr_line' id='line_1_108' title="bbox 2066 4813 3712 4887; baseline -0.002 -16"><span class='ocrx_word' id='word_1_665' title='bbox 2066 4817 2225 4871; x_wconf 89' lang='lat' dir='ltr'>tione</span> <span class='ocrx_word' id='word_1_666' title='bbox 2265 4815 2668 4883; x_wconf 89' lang='lat' dir='ltr'>disseruisset,</span> <span class='ocrx_word' id='word_1_667' title='bbox 2717 4831 3044 4887; x_wconf 89' lang='lat' dir='ltr'>suspensus</span> <span class='ocrx_word' id='word_1_668' title='bbox 3088 4814 3500 4887; x_wconf 83' lang='lat' dir='ltr'>despexusque</span> <span class='ocrx_word' id='word_1_669' title='bbox 3556 4813 3712 4869; x_wconf 85' lang='lat' dir='ltr'>fuit:</span> 
     </span>
    </p>
   </div>
   <div class='ocr_carea' id='block_1_108' title="bbox 2065 4904 3713 4977">
    <p class='ocr_par' dir='ltr' id='par_1_108' title="bbox 2065 4904 3713 4977">
     <span class='ocr_line' id='line_1_109' title="bbox 2065 4904 3713 4977; baseline -0.003 -15"><span class='ocrx_word' id='word_1_670' title='bbox 2065 4921 2323 4976; x_wconf 90' lang='lat' dir='ltr'>cumque</span> <span class='ocrx_word' id='word_1_671' title='bbox 2354 4904 2542 4977; x_wconf 84' lang='lat' dir='ltr'>magis</span> <span class='ocrx_word' id='word_1_672' title='bbox 2574 4905 2636 4959; x_wconf 93' lang='lat' dir='ltr'>in</span> <span class='ocrx_word' id='word_1_673' title='bbox 2668 4905 2886 4960; x_wconf 91' lang='lat' dir='ltr'>Christi</span> <span class='ocrx_word' id='word_1_674' title='bbox 2915 4904 3294 4960; x_wconf 85' lang='lat' dir='ltr'>confessione</span> <span class='ocrx_word' id='word_1_675' title='bbox 3316 4908 3713 4976; x_wconf 84' lang='lat' dir='ltr'>permaneret,</span> 
     </span>
    </p>
   </div>
   <div class='ocr_carea' id='block_1_109' title="bbox 2067 4993 3715 5066">
    <p class='ocr_par' dir='ltr' id='par_1_109' title="bbox 2067 4993 3715 5066">
     <span class='ocr_line' id='line_1_110' title="bbox 2067 4993 3715 5066; baseline -0.001 -16"><span class='ocrx_word' id='word_1_676' title='bbox 2067 4996 2128 5050; x_wconf 92' lang='lat' dir='ltr'>in</span> <span class='ocrx_word' id='word_1_677' title='bbox 2161 4993 2471 5050; x_wconf 90' lang='lat' dir='ltr'>ardentem</span> <span class='ocrx_word' id='word_1_678' title='bbox 2502 4993 2807 5049; x_wconf 83' lang='lat' dir='ltr'>fornacem</span> <span class='ocrx_word' id='word_1_679' title='bbox 2839 4993 3114 5066; x_wconf 90' lang='lat' dir='ltr'>injectus,</span> <span class='ocrx_word' id='word_1_680' title='bbox 3141 5011 3211 5050; x_wconf 85' lang='lat' dir='ltr'>ex</span> <span class='ocrx_word' id='word_1_681' title='bbox 3255 5010 3442 5065; x_wconf 87' lang='lat' dir='ltr'>eaque</span> <span class='ocrx_word' id='word_1_682' title='bbox 3485 4993 3715 5050; x_wconf 89' lang='lat' dir='ltr'>incolu-</span> 
     </span>
    </p>
   </div>
   <div class='ocr_carea' id='block_1_110' title="bbox 2067 5081 3714 5151">
    <p class='ocr_par' dir='ltr' id='par_1_110' title="bbox 2067 5081 3714 5151">
     <span class='ocr_line' id='line_1_111' title="bbox 2067 5081 3714 5151; baseline 0 -12"><span class='ocrx_word' id='word_1_683' title='bbox 2067 5084 2182 5140; x_wconf 88' lang='lat' dir='ltr'>mis</span> <span class='ocrx_word' id='word_1_684' title='bbox 2212 5081 2555 5151; x_wconf 90' lang='lat' dir='ltr'>evadens,in</span> <span class='ocrx_word' id='word_1_685' title='bbox 2582 5082 2864 5139; x_wconf 89' lang='lat' dir='ltr'>balneum</span> <span class='ocrx_word' id='word_1_686' title='bbox 2886 5083 3051 5140; x_wconf 89' lang='lat' dir='ltr'>valde</span> <span class='ocrx_word' id='word_1_687' title='bbox 3082 5083 3518 5140; x_wconf 87' lang='lat' dir='ltr'>inﬂammatum</span> <span class='ocrx_word' id='word_1_688' title='bbox 3539 5088 3598 5139; x_wconf 90' lang='lat' dir='ltr'>et</span> <span class='ocrx_word' id='word_1_689' title='bbox 3618 5099 3714 5139; x_wconf 89' lang='lat' dir='ltr'>su-</span> 
     </span>
    </p>
   </div>
   <div class='ocr_carea' id='block_1_111' title="bbox 2068 5173 3714 5248">
    <p class='ocr_par' dir='ltr' id='par_1_111' title="bbox 2068 5173 3714 5248">
     <span class='ocr_line' id='line_1_112' title="bbox 2068 5173 3714 5248; baseline 0.001 -20"><span class='ocrx_word' id='word_1_690' title='bbox 2068 5189 2178 5248; x_wconf 90' lang='lat' dir='ltr'>pra</span> <span class='ocrx_word' id='word_1_691' title='bbox 2206 5173 2449 5230; x_wconf 91' lang='lat' dir='ltr'>modum</span> <span class='ocrx_word' id='word_1_692' title='bbox 2476 5189 2796 5230; x_wconf 89' lang='lat' dir='ltr'>accensum</span> <span class='ocrx_word' id='word_1_693' title='bbox 2857 5174 3185 5241; x_wconf 90' lang='lat' dir='ltr'>immissus,</span> <span class='ocrx_word' id='word_1_694' title='bbox 3247 5175 3328 5231; x_wconf 90' lang='lat' dir='ltr'>ibi</span> <span class='ocrx_word' id='word_1_695' title='bbox 3369 5175 3558 5231; x_wconf 91' lang='lat' dir='ltr'>Deum</span> <span class='ocrx_word' id='word_1_696' title='bbox 3588 5175 3714 5230; x_wconf 89' lang='lat' dir='ltr'>lau-</span> 
     </span>
    </p>
   </div>
   <div class='ocr_carea' id='block_1_112' title="bbox 2070 5264 3715 5339">
    <p class='ocr_par' dir='ltr' id='par_1_112' title="bbox 2070 5264 3715 5339">
     <span class='ocr_line' id='line_1_113' title="bbox 2070 5264 3715 5339; baseline -0.001 -18"><span class='ocrx_word' id='word_1_697' title='bbox 2070 5264 2409 5334; x_wconf 86' lang='lat' dir='ltr'>dans,velut</span> <span class='ocrx_word' id='word_1_698' title='bbox 2436 5270 2556 5321; x_wconf 87' lang='lat' dir='ltr'>tres</span> <span class='ocrx_word' id='word_1_699' title='bbox 2579 5266 2766 5322; x_wconf 87' lang='lat' dir='ltr'>sancti</span> <span class='ocrx_word' id='word_1_700' title='bbox 2779 5267 2949 5339; x_wconf 91' lang='lat' dir='ltr'>pueri</span> <span class='ocrx_word' id='word_1_701' title='bbox 2962 5267 3023 5322; x_wconf 91' lang='lat' dir='ltr'>in</span> <span class='ocrx_word' id='word_1_702' title='bbox 3036 5267 3270 5324; x_wconf 88' lang='lat' dir='ltr'>camino</span> <span class='ocrx_word' id='word_1_703' title='bbox 3287 5283 3420 5323; x_wconf 91' lang='lat' dir='ltr'>rore</span> <span class='ocrx_word' id='word_1_704' title='bbox 3451 5281 3715 5339; x_wconf 86' lang='lat' dir='ltr'>asperso,</span> 
     </span>
    </p>
   </div>
   <div class='ocr_carea' id='block_1_113' title="bbox 2073 5353 2646 5428">
    <p class='ocr_par' dir='ltr' id='par_1_113' title="bbox 2073 5353 2646 5428">
     <span class='ocr_line' id='line_1_114' title="bbox 2073 5353 2646 5428; baseline 0 -17"><span class='ocrx_word' id='word_1_705' title='bbox 2073 5354 2352 5428; x_wconf 86' lang='lat' dir='ltr'>spiritum</span> <span class='ocrx_word' id='word_1_706' title='bbox 2381 5353 2646 5412; x_wconf 89' lang='lat' dir='ltr'>tradidit.</span> 
     </span>
    </p>
   </div>
   <div class='ocr_carea' id='block_1_114' title="bbox 2073 5500 3725 5573">
    <p class='ocr_par' dir='ltr' id='par_1_114' title="bbox 2073 5500 3725 5573">
     <span class='ocr_line' id='line_1_115' title="bbox 2073 5500 3725 5573; baseline -0.001 -19"><span class='ocrx_word' id='word_1_707' title='bbox 2073 5501 2146 5555; x_wconf 85' lang='lat' dir='ltr'>Et</span> <span class='ocrx_word' id='word_1_708' title='bbox 2175 5504 2448 5555; x_wconf 82' lang='lat' dir='ltr'>certamen</span> <span class='ocrx_word' id='word_1_709' title='bbox 2477 5500 2654 5555; x_wconf 79' lang='lat' dir='ltr'>sancti</span> <span class='ocrx_word' id='word_1_710' title='bbox 2683 5502 2944 5572; x_wconf 80' lang='lat' dir='ltr'>martyris</span> <span class='ocrx_word' id='word_1_711' title='bbox 2979 5501 3266 5573; x_wconf 78' lang='lat' dir='ltr'>Trophimi</span> <span class='ocrx_word' id='word_1_712' title='bbox 3315 5507 3368 5556; x_wconf 87' lang='lat' dir='ltr'>et</span> <span class='ocrx_word' id='word_1_713' title='bbox 3424 5500 3725 5556; x_wconf 80' lang='lat' dir='ltr'>sociorum.</span> 
     </span>
    </p>
   </div>
   <div class='ocr_carea' id='block_1_115' title="bbox 2151 5706 3729 5780">
    <p class='ocr_par' dir='ltr' id='par_1_115' title="bbox 2151 5706 3729 5780">
     <span class='ocr_line' id='line_1_116' title="bbox 2151 5706 3729 5780; baseline -0.003 -19"><span class='ocrx_word' id='word_1_714' title='bbox 2151 5706 2510 5780; x_wconf 87' lang='lat' dir='ltr'>Trophimus</span> <span class='ocrx_word' id='word_1_715' title='bbox 2539 5723 2606 5763; x_wconf 87' lang='lat' dir='ltr'>ac</span> <span class='ocrx_word' id='word_1_716' title='bbox 2638 5706 3000 5780; x_wconf 81' lang='lat' dir='ltr'>Theophilus</span> <span class='ocrx_word' id='word_1_717' title='bbox 3030 5707 3246 5762; x_wconf 90' lang='lat' dir='ltr'>Christi</span> <span class='ocrx_word' id='word_1_718' title='bbox 3271 5712 3562 5776; x_wconf 89' lang='lat' dir='ltr'>martyres</span> <span class='ocrx_word' id='word_1_719' title='bbox 3594 5716 3729 5758; x_wconf 87' lang='lat' dir='ltr'>cum</span> 
     </span>
    </p>
   </div>
   <div class='ocr_carea' id='block_1_116' title="bbox 3407 5829 3480 5884">
    <p class='ocr_par' dir='ltr' id='par_1_116' title="bbox 3407 5829 3480 5884">
     <span class='ocr_line' id='line_1_117' title="bbox 3407 5829 3480 5884; baseline 0 0"><span class='ocrx_word' id='word_1_720' title='bbox 3407 5829 3480 5884; x_wconf 82' lang='lat'>18</span> 
     </span>
    </p>
   </div>
  </div>
