4184 6326
430 361 548 421 555

1753 345 2177 410 MENOLOGII
2223 345 2424 405 PARS
2468 344 2579 408 IIl.

3715 348 3834 410 556

425 491 652 548 sanctis
695 488 872 544 sociis
917 485 1208 550 vixerunt,
1231 484 1588 557 imperante,
1621 483 1725 538 Dei
1756 479 2076 554 permissu,

2198 476 2332 549 μετά
2357 482 2459 545 τῆς
2491 475 2636 552 ἱερὰς
2667 473 2914 538 συνοδίας
2971 476 3156 547 αὐτοῦ,
3215 477 3471 553 ὑπῆρχον
3532 478 3650 550 μὶν,
3707 481 3840 535 κατά

426 579 784 653 impiissimo
817 583 1068 650 tyranno
1124 573 1512 630 Diocletiano.
1547 571 1844 627 Christum
1875 575 2072 624 autem

425 667 882 727 confitentes.ad
912 682 972 720 se
1000 663 1350 720 accedentes
1381 662 1443 716 in
1481 661 1607 732 ejus
1629 659 1872 714 nomine
1909 657 2076 713 dcccc

425 761 574 815 bant
603 763 780 827 atque
812 753 1208 825 baptizabant.
1242 749 1470 821 Cogniti
1503 749 1682 822 igitur
1725 752 1783 802 et
1812 760 2075 817 compre-

428 849 622 914 hensi,
653 845 832 901 vincti
860 844 932 898 ad
964 843 1135 898 illum
1168 839 1407 895 adducti
1440 845 1618 893 sunt:
1642 853 1897 908 cumque
1920 835 2078 889 Chri-

429 944 585 994 stum
617 936 911 1006 abnegare
945 939 1003 986 et
1058 930 1237 985 idolis
1287 927 1624 984 sacriﬁcare
1671 926 2075 998 adigerentur,

428 1045 538 1082 nec
569 1026 982 1096 obtemperare
1011 1020 1250 1086 vellent,
1287 1017 1437 1072 178
1469 1017 1722 1088 graviter
1762 1014 2075 1080 verberati,

429 1116 726 1188 lignisque
760 1111 1057 1182 suspensi,
1083 1107 1295 1179 depexi
1320 1110 1480 1173 sunt,
1507 1105 1780 1176 saxisque
1831 1103 2026 1159 obruti
2061 1118 2074 1158 :

429 1222 566 1260 mox
597 1220 626 1258 e
661 1201 838 1274 lignis
869 1197 1148 1270 depositi,
1169 1195 1744 1266 atqueiningentem
1776 1192 2078 1248 caminum

426 1292 656 1364 injecti,
677 1290 778 1346 sed
803 1289 904 1344 Dei
931 1286 1119 1360 gratia
1133 1286 1205 1341 ab
1236 1283 1641 1349 eoliberati,et
1669 1282 2078 1337 illaesiexeun-

426 1384 627 1450 tes,ita
639 1387 790 1435 utne
804 1378 1089 1450 capillum
1116 1374 1358 1447 quidem
1373 1389 1577 1428 eorum
1603 1370 2078 1445 tetigissetignis,

425 1469 950 1543 obstupefecerunt
999 1471 1341 1539 tyrannum.
1403 1464 1711 1540 Postremo
1773 1459 2079 1515 inclinatis

426 1560 776 1625 cervicibus,
809 1573 976 1612 sacra
1007 1571 1212 1610 eorum
1245 1552 1440 1624 capita
1474 1551 1739 1606 abscissa
1769 1555 1927 1604 sunt.

2183 566 2538 642 συγχώρησιν
2589 571 2746 634 Θεοῦ,
2805 567 2894 622 ἐπὶ
2957 567 3240 642 βασιλείας
3299 567 3697 638 Διοκλητιανοῦ
3743 575 3839 625 τοῦ

2188 655 2657 731 παρανομωτάτου
2735 656 2825 711 καὶ
2896 656 3386 731 τυραννικωτᾶτου,
3452 660 3545 714 τὸν
3605 660 3838 734 Χριστὸν

2184 743 2607 820 ὁμολογοῦντες,
2639 745 2727 800 καὶ
2776 745 2904 810 τοὺς
2962 750 3442 822 προσερχομένους
3501 751 3715 820 αὐτοῖς,
3751 750 3837 806 ἐπὶ

2183 839 2263 906 τῷ
2296 833 2526 907 ὀνόματι
2558 834 2724 890 αὑτοῦ
2757 832 3101 899 διδάσκοντες
3153 839 3242 892 καὶ
3279 839 3654 913 βαπτίζοντες.
3715 849 3835 895 Δια-

2185 924 2506 997 ·ςνωσθέντες
2557 922 2614 978 δέ
2671 925 2762 979 καὶ
2819 927 3197 1000 κρατηθέντες,
3282 930 3625 1003 παρέστησαν
3705 927 3834 984 ἆνώο

2187 1033 2312 1067 πιον
2368 1012 2532 1068 αὐτοῦ
2593 1011 2833 1087 δέσμιοι·
2892 1014 2983 1070 καὶ
3041 1016 3462 1090 ἀναγκασθέντες
3504 1019 3835 1090 ἀρνήσασθαι

2192 1101 2286 1173 μέν
2316 1101 2408 1156 τὸν
2456 1103 2716 1176 Χριστὸν,
2775 1104 2928 1157 θῦσαι
2989 1100 3047 1158 δέ
3096 1109 3214 1169 τοῖς
3270 1102 3550 1175 εἰδώλοις,
3608 1106 3697 1161 καὶ
3761 1109 3833 1180 μὴ

2187 1192 2518 1258 πεισθέντες,
2599 1189 2904 1266 έτύιρθησαν
2957 1189 3230 1270 σφοδρῶς.
3295 1195 3389 1249 Kal
3451 1197 3836 1268 κρεμασθέντες

2188 1278 2275 1334 ἐπὶ
2334 1277 2520 1350 ξύλου,
2607 1280 2914 1352 έξέσθησαν.
2975 1282 3105 1337 Εἶτα
3177 1279 3675 1355 ἑλιθοϐολήθησαν,
3739 1288 3836 1341 Καὶ

2187 1368 2320 1442 μετὰ
2348 1369 2516 1424 ταῦτα
2543 1375 2640 1425 τοῦ
2693 1372 2859 1443 ξύλου
2914 1367 3418 1442 καταϐιϐασθέντες,
3482 1373 3558 1436 εἷς
3613 1374 3835 1449 κάμινον

2183 1455 2428 1533 μεγάλην
2491 1456 2886 1531 ἐνεϐλήθησαν.
2968 1459 3147 1519 Ἀλλά
3193 1464 3424 1533 καὶτῆς
3479 1465 3714 1537 καμίνου
3771 1471 3838 1540 τῇ

2180 1551 2281 1601 τοῦ
2315 1552 2448 1602 Θεοῦ
2480 1547 2762 1624 ῥυσθέντες
2795 1551 3008 1626 χάριτι,
3043 1551 3130 1606 καὶ
3188 1549 3450 1616 ἀϐλαϐεῖς
3507 1554 3834 1624 ἐξελθόντες,

427 1650 504 1710 ὡς
541 1644 683 1721 μηδὲ
710 1650 919 1721 τριχῶν
945 1644 1224 1716 ἁψαμένου
1257 1640 1433 1695 αὐτῶν
1464 1643 1562 1694 τοῦ
1592 1639 1784 1712 πυρὸς,
1818 1635 2115 1708 ἐξέπληξαν
2146 1635 2238 1690 τὸν
2272 1635 2548 1712 τύραννον.
2594 1639 2696 1694 Καὶ
2730 1638 2889 1702 τέλος
2937 1640 3218 1704 κλίναντες
3250 1641 3377 1706 τοὺς
3435 1643 3693 1718 αὐχένας,
3742 1646 3836 1706 τὰς

427 1738 575 1812 ἱερὰς
601 1735 776 1792 αὐτῶν
809 1732 1049 1807 κεφαλὰς
1076 1732 1489 1804 ἀπετμήθησαν.

429 1858 493 1911 Ει
522 1856 961 1911 commemoratio
998 1851 1241 1928 fratrum
1265 1847 1707 1928 nostrorumgui
1724 1846 1782 1900 in
1805 1845 2072 1914 Bulgaria

2195 1844 2290 1900 Kal
2330 1845 2523 1917 μνήμη
2583 1850 2690 1901 τῶν
2750 1844 2801 1902 ἐν
2857 1845 3176 1928 Βουλγαρίᾳ
3232 1848 3545 1927 σφαγέντων
3591 1847 3836 1928 ἀδελφῶν

1014 1921 1297 1990 interfecti
1335 1927 1485 1976 sunt.

505 2045 840 2114 Imperante
871 2038 1200 2109 Nicephoro
1249 2034 1533 2091 Stauracii
1594 2038 1760 2105 patre
1818 2034 2087 2088 Romaaos

433 2134 590 2188 inter
613 2135 671 2187 et
694 2129 974 2202 Bulgaros
997 2126 1223 2181 bellum
1247 2123 1667 2194 contigit.Cum
1690 2125 1887 2176 autem
1905 2121 2084 2175 victo-

433 2222 584 2276 riam
617 2220 689 2274 de
722 2216 1337 2287 hostibusimperator
1359 2212 1685 2275 retulisset,
1720 2209 2087 2265 exhilaratus

431 2309 689 2383 populus
721 2307 868 2362 cibis
895 2311 950 2360 et
984 2303 1220 2375 potibus
1259 2300 1624 2373 indulgebat.
1659 2299 1771 2353 Sed
1805 2298 2086 2355 concitati

434 2417 468 2456 a
498 2397 736 2454 diabolo
767 2394 867 2467 qui
896 2393 1115 2464 reliqui
1149 2391 1382 2446 fuerant
1408 2389 1664 2461 Bulgari,
1697 2390 2088 2458 Romaaasque

437 2489 638 2561 copias
669 2491 850 2542 noctu
885 2483 1099 2550 adorti,
1127 2481 1544 2552 imperatorem
1579 2478 1818 2550 quidem
1851 2483 2089 2548 captum

437 2577 823 2636 occiderunt;
856 2579 1105 2629 caateros
1128 2587 1284 2630 vero.
1318 2569 1425 2640 qui
1470 2567 1578 2623 sub
1631 2583 1698 2621 eo
1732 2566 2087 2634 militabant,

435 2667 653 2740 partim
685 2659 1285 2731 interfecerepartim
1310 2658 1567 2729 captivos
1598 2655 1916 2711 abduxere.
1943 2656 2088 2710 Hinc

437 2755 539 2828 qui
561 2763 792 2825 tempus
814 2751 973 2807 nacti
995 2767 1114 2805 non
1147 2754 1286 2803 sunt
1314 2747 1510 2802 statim
1534 2747 1763 2817 periere
1791 2761 1802 2800 :
1831 2744 1930 2817 qui
1955 2761 2087 2800 vero

435 2846 510 2901 ad
542 2843 842 2917 proximos
875 2846 1108 2895 montes
1128 2838 1330 2910 fugere
1363 2840 1705 2908 potuerunt,
1757 2834 2088 2889 incolumes

436 2949 693 2990 evasere.
729 2931 772 2987 li
797 2946 958 2994 vero,
993 2928 1094 3000 qui
1127 2928 1189 2982 in
1223 2931 1576 2998 potestatem
1609 2924 1870 2979 hostium
1909 2940 2087 2978 vene-

434 3029 593 3083 runt.
619 3019 861 3092 impulsi
909 3019 1213 3075 Christum
1262 3016 1557 3087 abnegare
1605 3015 1892 3084 (nondum
1926 3013 2086 3067 enim

437 3129 573 3168 eum
606 3109 838 3181 Bulgari
865 3109 1266 3179 agnoverant),
1299 3120 1410 3159 nec
1456 3103 1516 3157 id
1573 3102 1766 3158 facere
1796 3102 2084 3168 volentes,

2917 1921 2951 1989 ἡ
2962 1921 3098 1992 μῶν,

2264 2033 2384 2086 Ἐπὶ
2417 2039 2516 2102 τῆς
2552 2031 2830 2108 βασιλείας
2889 2031 3208 2114 Νικηφόρου
3263 2041 3363 2092 τοῦ
3405 2038 3609 2112 πατρὸς
3665 2045 3840 2093 Σταυ-

2191 2127 2384 2194 ρακὶου
2442 2116 2638 2192 συνέϐη
2699 2122 2944 2197 πόλεμον
3035 2125 3280 2198 γενέσθαι
3335 2126 3634 2199 Ῥωμαίοις
3699 2127 3832 2200 μετὰ

2191 2208 2550 2286 Βουλγάρων.
2607 2211 2704 2269 Καὶ
2751 2216 2848 2267 τοῦ
2909 2211 3178 2288 βασιλέως
3248 2215 3385 2269 κατά
3438 2217 3635 2289 κράτος
3687 2218 3845 2287 νική-

2192 2320 2410 2362 σαντος.
2460 2299 2512 2356 ἐν
2564 2306 2796 2379 τρυφαῖς
2852 2303 2944 2358 καὶ
3004 2303 3194 2366 πότοις
3251 2303 3547 2380 ἐσχόλαζεν
3606 2307 3633 2361 ὁ
3688 2305 3843 2377 λαὸς,

2193 2387 2403 2463 χαίρων
2437 2385 2607 2444 διὰτὸ
2639 2398 2879 2460 νικῆσαι.
2915 2389 3074 2450 Ἀλλ’
3111 2393 3215 2448 ὑπὸ
3271 2398 3370 2448 τοῦ
3421 2390 3685 2450 διαϐόλου
3736 2393 3848 2450 διε-

2191 2477 2468 2551 γερθέντες
2552 2481 2606 2534 οἱ
2687 2479 3127 2558 περιλειφθέντες
3209 2482 3544 2558 Βούλγαροι,
3622 2483 3712 2539 καὶ
3769 2489 3846 2556 τῷ

2192 2566 2490 2639 Ῥωμαϊκῷ
2547 2567 2892 2633 ἐπιπεσόντες
2948 2570 2999 2626 ἐν
3055 2571 3207 2626 νυκτὶ
3259 2571 3644 2644 στρατεύματι,
3685 2575 3842 2628 αὐτόν

2190 2677 2250 2712 τε
2271 2656 2362 2712 τὸν
2399 2654 2627 2732 βασιλέα
2657 2658 2956 2733 ἐκράτησαν
2988 2659 3076 2714 καὶ
3131 2659 3369 2730 ἀνεῖλον,
3427 2660 3518 2715 καὶ
3569 2661 3696 2724 τοὺς
3757 2663 3844 2717 ὑπ’

2193 2747 2375 2814 αὐτὸν,
2421 2747 2550 2809 τοὺς
2615 2747 2710 2819 μέν
2770 2747 3210 2824 ἐφόνευσαν,τοὺς
3265 2748 3322 2804 δέ
3377 2748 3842 2826 ᾑχμαλώτευσαν.

2195 2839 2464 2893 Ἐντεῦθεν
2505 2835 2623 2894 ὅσοι
2658 2839 2755 2910 μέν
2787 2838 2998 2912 καιρίας
3054 2839 3158 2895 οὐκ
3215 2837 3482 2910 ἐδέξαντο,
3542 2842 3842 2913 παραυτίκα

2194 2927 2478 2992 ἀπέθανον·
2539 2927 2660 2982 ὅσοι
2730 2925 2787 2983 δέ
2872 2925 3073 2983 δασέων
3146 2930 3315 3003 ὁρέων
3375 2927 3684 3004 ἐδράξαντο,
3737 2929 3840 2986 διε·

2194 3019 2460 3088 σώθησαν.
2494 3018 2560 3075 Οἱ
2627 3014 2684 3072 δέ
2737 3019 3095 3092 κρατηθέντες
3156 3023 3371 3088 ζῶντες,
3430 3019 3843 3095 ἀναγκασθέντες

2195 3107 2531 3182 ἀρνήσασθαι
2586 3105 2678 3160 τὸν
2738 3106 3001 3180 Χριστόν·
3063 3104 3216 3162 οῦπω
3265 3109 3367 3182 γὰρ
3427 3106 3738 3184 ἐπέγνωσαν
3793 3109 3842 3165 οἱ

432 3201 611 3258 variis
642 3198 926 3268 durisque
959 3195 1166 3250 mortis
1227 3193 1542 3264 generibus
1594 3191 1844 3262 subjecti
1874 3191 2039 3246 fuere
2068 3206 2081 3246 :

2199 3195 2507 3272 Βούλγαροι
2559 3192 2741 3251 αὐτόν·
2795 3197 2886 3252 καὶ
2973 3198 3048 3270 μή
3107 3197 3437 3268 πεισθέντες,
3475 3198 3848 3276 πολυτρόποις

435 3296 494 3346 et
521 3288 621 3343 alii
657 3285 901 3358 quidem
928 3283 1124 3356 gladio
1156 3280 1514 3346 obtruncati,
1532 3280 1630 3335 alii
1654 3297 1789 3335 vero
1813 3280 2087 3351 suspensi

436 3383 495 3433 et
524 3373 814 3435 sulfocati,
845 3373 947 3428 alii
980 3372 1114 3426 telis
1147 3370 1429 3436 confossi,
1454 3369 1551 3424 alui
1577 3369 1835 3440 denique
1869 3369 1941 3423 ad
1963 3386 2090 3424 car-

435 3483 634 3524 cerem
666 3471 724 3521 et
745 3463 1007 3520 inediam
1035 3460 1329 3528 damnati,
1364 3459 1634 3531 martyrii
1657 3475 1902 3515 cursum
1948 3475 2090 3514 cons

439 3559 840 3614 summarunt.

507 3827 580 3882 Et
609 3829 910 3880 certamen
960 3823 1476 3878 sacrosanctorum
1502 3821 1829 3888 martyrum
1869 3815 2090 3888 Apolli-

443 3914 607 3970 naris
639 3919 697 3969 et
727 3913 922 3967 Vitalii
954 3910 1217 3982 episcopi
1249 3911 1565 3968 Ravennae.
1602 3912 1658 3961 et
1681 3906 2005 3978 Apollonii,
2033 3911 2092 3960 et

444 4002 689 4076 Eugenii
721 4001 1018 4071 martyris,
1055 4005 1113 4054 et
1139 3999 1424 4054 Susannae
1456 3996 1518 4050 in
1552 3996 1825 4050 Leucate.

1007 4179 1247 4236 EODEM
1278 4177 1530 4232 MENSE.

944 4267 1045 4323 Die
1077 4265 1356 4322 vicesima
1387 4269 1600 4335 quarta

576 4359 730 4418 179
764 4357 1050 4417 Certamen
1077 4361 1279 4412 sancta
1331 4354 1595 4422 martyris
1627 4353 1942 4410 Christina.

507 4520 725 4578 Christi
758 4522 984 4589 martyr
1012 4514 1312 4571 Christina
1345 4516 1471 4567 erat
1499 4528 1569 4567 ex
1602 4510 1749 4566 urbe
1779 4513 1948 4584 Tyro.
1975 4513 2086 4568 Pa-

2197 3286 2286 3341 καὶ
2318 3285 2592 3362 χαλεποῖς
2639 3287 2890 3352 θανάτοις
2949 3283 3360 3360 ὑπεϐλήθησαν·
3414 3291 3467 3344 οἱ
3529 3291 3623 3363 μέν
3712 3291 3848 3367 ξίφει

2194 3378 2288 3437 τὰς
2339 3374 2578 3454 κεφαλὰς
2631 3378 3047 3450 ἀπετμήθησαν
3110 3378 3168 3431 οἱ
3218 3375 3276 3432 δέ
3327 3379 3685 3454 κρατηθέντες
3737 3379 3848 3434 έτεο

2198 3464 2533 3536 λειώθησαν,
2593 3465 3006 3541 κρεμασθέντες,
3066 3468 3155 3522 καὶ
3225 3467 3623 3543 ἀπεπνίγησαν·
3685 3467 3848 3524 ἀλλοι

2201 3551 2384 3628 βέλεσι
2461 3556 2948 3624 κατακεντηθέντες
3037 3554 3454 3626 ἐτελειώθησαν,
3512 3556 3617 3616 Καὶ
3675 3554 3851 3634 ἕτεροι

2195 3642 2411 3718 φυλακῇ
2438 3645 2528 3698 καὶ
2561 3643 2713 3716 λιμῷ
2741 3645 3237 3715 καταδικασθέντες,
3266 3647 3358 3702 τὸν
3411 3650 3508 3702 τοῦ
3543 3647 3841 3723 μαρτυρίου

2196 3729 2400 3806 δρόμον
2432 3732 2699 3789 ἐτέλεσαν.

2266 3821 2369 3880 Καὶ
2429 3820 2660 3892 ἄθλησις
2713 3827 2822 3878 τῶν
2880 3824 3043 3901 ἁγίων
3104 3825 3521 3901 ἱερομαρτόρων
3567 3823 3844 3883 Ἀπολλι-

2193 3911 2404 3987 ναρίου,
2462 3912 2554 3968 καὶ
2615 3911 2870 3969 Βιταλίου
2952 3914 3252 3969 ἐπισκόπου
3357 3909 3668 3984 Ῥαϐέννης,
3751 3915 3838 3970 καὶ

2190 3999 2608 4070 Ἀπολλωνίου,
2691 4002 2780 4058 καὶ
2871 4004 3144 4078 μάρτυρος
3223 4003 3498 4080 Εὗγενίου,
3569 4005 3661 4060 καὶ
3742 4012 3841 4074 τῆς

2196 4093 2487 4162 Σωσάννης
2513 4095 2613 4156 τῆς
2643 4090 2696 4147 έν
2726 4097 2804 4165 τῷ
2824 4094 3094 4169 Λευκάτῃ.

2739 4201 2923 4260 MHNI
2962 4203 3052 4258 ΤΩ
3092 4203 3290 4260 ΛΥΤΩ.

3021 4297 3090 4347 Δ“.

3021 4297 3090 4347 Δ“.

2408 4378 2680 4452 νΑθλησις
2701 4387 2804 4452 τῆς
2835 4292 3298 4459 ἀγίαξίμάρτυρος
3327 4382 3636 4460 Χριστίνης.

2266 4514 2330 4572 Ἠ
2355 4517 2457 4569 τοῦ
2507 4516 2745 4586 Χριστοῦ
2807 4517 3013 4591 μάρτυς
3092 4516 3352 4590 Χριστίνα
3439 4519 3658 4594 ὑπῆρχε
3746 4520 3840 4593 μὲν

437 4617 588 4668 trem
610 4616 810 4668 autem
841 4607 1071 4664 militiai
1103 4603 1447 4677 praefectum
1465 4607 1656 4668 nacta,
1692 4601 1754 4656 in
1793 4601 2082 4658 excelsam

2195 4602 2254 4658 έκ
2321 4610 2422 4673 τῆς
2481 4603 2698 4667 πόλεως
2771 4589 2975 4678 Τύρου·
3063 4589 3444 4682 στρατηλάτην
3511 4589 3843 4679 δέηπατέρα

436 4701 650 4755 turrim
682 4699 753 4754 ab
786 4697 890 4752 illo
923 4696 1230 4767 deportata
1260 4692 1471 4760 fuit,ne
1503 4707 1536 4746 a
1558 4691 1841 4763 quopiam
1857 4691 2088 4746 videre-

434 4795 552 4855 tur,
570 4806 705 4844 cum
737 4789 800 4843 in
831 4787 1104 4844 eamdem
1139 4785 1348 4840 turrim
1378 4782 1650 4854 proprios
1672 4779 2088 4837 deosadvexis-

436 4885 545 4940 set.
579 4880 752 4951 eique
775 4879 1176 4950 praecepisset,
1202 4882 1268 4931 ut
1298 4875 1418 4929 illis
1450 4873 1831 4936 sacrificaret,
1865 4889 2085 4944 eosque

438 4968 735 5024 adoraret.
776 4971 848 5023 At
895 4967 1001 5022 illa
1030 4965 1438 5021 inﬁrmitatem
1483 4979 1686 5019 eorum
1720 4962 2082 5035 intelligens,

431 5072 812 5128 nequaquam
857 5057 932 5112 iis
975 5057 1244 5111 animum
1297 5052 1594 5108 advertit:
1646 5051 1748 5106 sed
1779 5051 1911 5107 οωιί
1951 5051 2082 5123 pul-

433 5145 837 5203 chritudinem
870 5161 939 5200 ex
969 5144 1232 5199 fenestra
1260 5141 1651 5213 prospiciens,
1675 5141 2081 5212 factoremque

431 5253 503 5292 ex
535 5233 814 5307 operibus
836 5248 1219 5304 cognoscens,
1243 5230 1403 5285 idola
1424 5229 1699 5284 contrivit
1720 5229 1812 5301 dej
1825 5231 2076 5303 ecitque.

429 5323 813 5397 Deprehensa
842 5321 1110 5394 igitur.et
1139 5335 1208 5373 ex
1239 5317 1386 5371 turri
1419 5316 2079 5388 deposita,cruciatibus

427 5413 762 5471 omnibusa
785 5409 1025 5484 proprio
1052 5413 1217 5481 patre
1253 5405 1520 5478 subjecta
1577 5405 1706 5460 fuit.
1744 5406 1972 5463 Deinde
2016 5409 2078 5463 in

427 5502 758 5562 custodiam
791 5501 1052 5568 detrusa,
1087 5497 1284 5554 cibum
1315 5494 1388 5551 ab
1432 5495 1640 5569 angelo
1691 5497 1943 5566 sumpsit
1971 5513 1983 5550 :
2016 5497 2077 5553 in

423 5611 588 5654 mare
621 5598 820 5650 autem
853 5589 1141 5666 projecta,
1175 5603 1391 5660 aquam
1441 5603 1547 5658 pro
1579 5585 1936 5657 baptismate
1970 5586 2072 5642 ha-

421 5686 571 5742 buit.
605 5685 816 5740 Postea
849 5699 917 5739 ex
939 5679 1088 5737 mari
1123 5693 1378 5750 egressa,
1413 5675 1751 5746 iterumque
1784 5674 1843 5730 in
1875 5692 2074 5732 carce-

2197 4687 2425 4766 ἔχουσα,
2475 4691 2554 4756 εἷς
2609 4693 2811 4767 πύργον
2878 4692 3088 4768 ὑψηλὸν
3147 4696 3403 4770 κατήχθη
3457 4697 3582 4767 παρ’
3639 4695 3841 4750 ἐκείνου

2196 4782 2334 4855 πρὸς
2391 4781 2453 4836 τὸ
2534 4785 2610 4854 μὴ
2663 4784 2919 4852 θεαθῆναι
2983 4784 3086 4838 ὑπό
3165 4805 3337 4852 τινος,
3417 4779 3841 4848 ἀναϐιϐάσαντος

2198 4869 2275 4933 εἲς
2305 4872 2395 4924 τὸν
2424 4870 2632 4946 πύργον
2665 4872 2756 4926 καὶ
2813 4871 2942 4934 τοὺς
2996 4873 3188 4928 έαυτοῦ
3247 4872 3423 4943 θεοὺς,
3462 4875 3552 4929 καὶ
3603 4874 3842 4949 προστά-

2195 4958 2382 5029 ξαντος
2431 4959 2567 5034 αὐτῇ
2637 4963 2781 5024 θύειν
2863 4961 2954 5016 καὶ
3039 4968 3362 5034 προσκυνεῖν
3419 4963 3623 5028 αὺτοῖς.
3683 4961 3843 5022 Ἀλλ’

2193 5046 2372 5118 ἐκείνη
2403 5051 2785 5119 κατανοήσασα
2838 5052 2938 5120 τὴν
2997 5050 3266 5106 ἀσθένειαν
3328 5051 3525 5119 αὐτῶν,
3585 5050 3840 5126 οὐδαμῶς

2191 5143 2488 5212 προσεῖχεν
2519 5140 2727 5200 αὐτοῖς.
2761 5143 2875 5197 Τοῦ
2903 5138 2960 5195 δέ
3013 5141 3249 5216 οὐρανοῦ
3277 5143 3342 5196 τὸ
3371 5141 3578 5205 κάλλος
3609 5140 3698 5198 διὰ
3747 5153 3836 5205 θυ-

2192 5223 2343 5303 ρίδος
2377 5227 2674 5301 βλέπουσα,
2704 5229 2793 5284 καὶ
2823 5228 2882 5284 ἐκ
2931 5233 3039 5284 τῶν
3071 5231 3398 5304 ποιημάτων
3450 5231 3540 5286 τὸν
3595 5241 3838 5304 Δημιου-

2189 5317 2320 5392 ργὸν
2353 5319 2754 5388 κατανοήσασα,
2803 5319 3087 5393 συνέτριψε
3139 5320 3205 5373 τὰ
3248 5317 3473 5389 εἶ’δωλα,
3507 5321 3597 5375 καὶ
3654 5319 3839 5397 ἕρῥιψε

2189 5407 2356 5462 κάτω.
2415 5407 2512 5461 Καὶ
2572 5405 2982 5482 διαγνωσθεῖσα,
3031 5409 3120 5463 καὶ
3179 5413 3275 5464 τοῦ
3346 5410 3560 5484 πύργου
3617 5406 3837 5466 καταϐι-

2189 5489 2464 5560 ϐασθεῖσα,
2551 5500 2750 5559 πάσαις
2831 5496 3130 5572 τιμωρίαις
3215 5494 3631 5569 καθυπεϐλήθη,
3694 5502 3840 5572 παρά

2185 5589 2280 5640 τοῦ
2313 5586 2516 5641 οἰκείου
2547 5587 2773 5661 πατρός.
2831 5589 3286 5653 ’Δποκλεισθεῖσα
3341 5587 3399 5644 δὲ
3449 5588 3539 5644 καὶ
3601 5588 3679 5650 εἷς
3737 5611 3841 5666 φυ-

2186 5676 2383 5747 Αακήν,
2417 5673 2668 5754 ἐτρέφετο
2727 5678 2830 5733 ὑπὸ
2885 5679 3150 5754 ἀγγέλου·
3207 5679 3296 5735 καὶ
3356 5676 3683 5757 ριφεῖσα·έν
3740 5689 3836 5744 θα·-
