4184 6326
372 318 508 380 557
1905 325 2208 389 JULIUS.
3681 365 3801 422 558

368 448 585 527 λάσσῃ,
620 450 837 524 ἐδέξατο
889 454 951 509 τὸ
1003 451 1150 528 ὕδωρ
1208 455 1285 517 εἲς
1347 454 1911 550 βάπτισμα.-Καὶτής
1944 458 1982 510 θι

2094 465 2120 522 λ
2153 478 2279 518 rem
2312 467 2602 539 conjecta,
2637 479 2772 542 post
2798 448 2982 546 patris
3007 479 3096 533 sui
3130 479 3527 540 interitumad
3550 490 3796 550 Dionem

369 539 599 614 λάσσης
659 543 967 615 ἐξελθοῦσα,
1029 544 1361 615 ἀπεκλείσθη
1413 544 1577 600 πάλιν
1638 545 1717 636 εἰς
1770 545 1982 636 φυλακή

2160 553 2475 620 praesidem
2507 557 2567 612 in
2599 563 2988 630 quaestionem
3013 566 3287 636 adducta,
3322 571 3639 631 dirissimis
3669 597 3798 635 ver-

365 634 484 689 Καὶ
557 634 697 705 μετά
753 633 1011 703 τελευτὴν
1063 639 1160 690 τοῦ
1216 636 1421 710 πατρὸς
1463 637 1633 705 αὐτῆς
1679 635 1752 692 είς
1808 635 1982 707 έξὲτασ

2152 639 2395 699 beribus
2425 663 2579 704 cassa
2608 656 2714 704 est.
2742 654 3046 710 Postremo
3074 674 3209 713 cum
3251 660 3324 715 ob
3355 668 3586 733 patrata
3619 670 3792 726 mira-

364 722 619 797 ἀχθεῖσα
678 722 836 778 Δίωνι
893 727 972 796 τῷ
1029 721 1279 798 ἄρχοντι,
1339 724 1538 802 έτύφθη
1602 724 1873 802 σφοδρῶς.
1934 732 1981 781 Κ

2152 731 2281 786 cula
2310 736 2646 808 complures
2701 742 2773 795 ad
2825 744 3001 799 fidem
3060 748 3274 804 Christi
3314 721 3789 823 amplectendam

365 816 935 890 θαυματουργήσασα,
987 812 1235 877 πολλοὺς
1293 814 1518 884 ἐποίησε
1573 821 1850 872 πιστεῦσαι

2149 819 2510 895 adduxisset,
2573 831 2858 887 mamillis
2905 835 3205 907 abscissis,
3263 841 3568 915 hastisque
3628 851 3789 906 cordi

359 906 504 973 στῷ.
543 903 644 957 Καὶ
674 901 803 966 τοὺς
849 902 1085 976 μαστοὺς
1141 902 1452 975 ἐκκοπεῖσα,
1504 907 1594 960 καὶ
1650 905 1785 962 κατά
1813 903 1982 981 καρδίε

2146 907 2370 980 inﬁxis,
2405 913 2583 970 vitam
2617 917 2826 974 finivit.

357 989 653 1067 πληγεῖσα
679 999 797 1056 τοῖς
827 994 1156 1069 κονταρίοις,
1184 994 1500 1067 ἐτελειώθη.

929 1103 1110 1160 ΜΗΝΙ
1149 1105 1238 1160 ΤΩ
1276 1107 1480 1165 ΑΥΤΩ.

2696 1111 2934 1170 EODEM
2973 1115 3223 1176 MENSE.

1161 1198 1260 1252 ΚΕ.
2638 1207 2741 1263 Die
2773 1209 3052 1268 vicesima
3080 1216 3288 1286 quinta

474 1289 694 1361 Μνήμη
724 1290 822 1357 τῆς
853 1288 1006 1365 ἁγίας
1053 1293 1252 1416 *Ανόνης
1287 1295 1388 1358 τῆς
1430 1290 1636 1364 μητρὸς
1663 1297 1762 1360 τῆς
1793 1297 1921 1346 Oeo-

1107 1383 1138 1416 τ
1173 1381 1292 1416 κου.

2246 1297 2693 1360 Commemoratio
2717 1315 2926 1366 sanctae
2960 1312 3137 1368 Annae
3160 1319 3355 1373 matris
3387 1321 3664 1391 Deipara.

2135 1478 2307 1533 Anna
2337 1483 2693 1539 venerabilis
2724 1493 2914 1542 mater
2942 1490 3212 1561 gloriosas
3261 1497 3524 1556 Dominae
3555 1508 3774 1560 nostras

2137 1567 2398 1638 Deiparaa
2431 1587 2781 1645 semperque
2819 1578 3067 1651 Virginis
3100 1584 3314 1650 Marias,
3367 1595 3493 1643 erat
3517 1607 3587 1646 ex
3617 1595 3772 1648 tribu

431 1477 639 1546 νΑννα,
669 1479 703 1546 ἡ
736 1472 1004 1550 σεϐασμία
1054 1479 1241 1553 μήτηρ
1299 1484 1399 1546 τῆς
1447 1476 1664 1551 ἐνδόξου
1722 1485 2024 1554 Δεσποίνης

349 1567 530 1638 ἡμῶν
587 1565 874 1633 Θεοτόκου,
934 1566 1022 1622 καὶ
1100 1566 1456 1643 ἀειπαρθένου
1513 1569 1744 1642 Μαρίας,
1801 1572 1866 1640 ἧν
1929 1575 2024 1644 μὲν

350 1655 414 1710 ἐκ
478 1654 664 1734 φυλῆς
719 1657 874 1724 Λευῗ,
932 1658 1039 1712 ἀπὸ
1099 1656 1356 1728 Βηθλεὲμ
1386 1656 1444 1712 δὲ
1471 1665 1571 1727 τῆς
1605 1657 1895 1731 Ἰουδαίας,
1931 1673 1982 1725 θι

2133 1655 2262 1710 Levi
2286 1657 2356 1712 de
2391 1660 2976 1734 BethlehemJudaeaa,
2997 1669 3118 1725 ﬁlia
3144 1674 3402 1731 Matthan
3427 1681 3769 1737 sacerdotis.

347 1744 539 1819 γάτηρ
601 1746 818 1801 Ματθάν
873 1749 970 1800 τοῦ
1025 1745 1236 1816 ἱερέως·
1297 1745 1444 1807 ὅστις
1500 1748 1719 1840 Ματθάν
1775 1749 1982 1826 ὑπῆρχε

2132 1745 2235 1799 Hic
2265 1763 2400 1801 vero
2425 1751 2680 1806 Matthan
2715 1757 3043 1813 sacerdotio
3073 1760 3446 1834 fungebatur,
3481 1778 3766 1840 regnante

350 1833 654 1906 ἱερατεύων
713 1832 798 1888 ἐπὶ
860 1841 961 1904 τῆς
1021 1833 1301 1910 βασιλείας
1354 1841 1456 1904 τῆς
1502 1833 1872 1910 Κλεοπάτρας,
1915 1860 1982 1913 πρ

2094 1841 2097 1882 L
2129 1832 2456 1905 CleOpatra,
2490 1845 2810 1911 antequam
2843 1845 3102 1902 Herodes
3148 1827 3444 1922 Avntipatri
3478 1827 3634 1914 ﬁlius
3665 1878 3768 1915 re-

347 1928 456 1992 τῆς
491 1921 774 1998 βασιλείας
829 1921 1080 1999 Ἡρώδου
1138 1925 1259 1978 υἱοῦ
1319 1924 1696 2010 ’Δντιπάτρου.
1756 1927 1982 2002 Ἕσχεδ

2122 1931 2333 1992 gnaret
2365 1944 2377 1981 :
2411 1927 2618 1984 habuit
2646 1937 2843 1987 autem
2879 1941 2996 1990 tres
3047 1938 3222 2008 ﬁlias,
3278 1921 3538 2010 Mariam,
3569 1951 3763 2007 Soben

349 2013 657 2089 θυγατέρας
754 2018 925 2087 τρεῖς,
1003 2013 1236 2087 Μαρίαν,
1341 2009 1578 2112 ξόϐηνκ
1625 2015 1716 2112 οιαὶ
1790 2019 1982 2112 ’ᾏνναν

2123 2019 2180 2067 et
2209 2017 2460 2074 Annam.
2486 2020 2694 2090 Nupsit
2715 2029 2908 2078 autem
2929 2027 3120 2096 prima
3152 2030 3275 2086 ﬁlia
3303 2033 3366 2086 in
3393 2036 3762 2112 Bethlehem,

352 2099 581 2173 Ἐγημε
611 2099 670 2155 δὶ
699 2102 735 2170 ἡ
792 2101 984 2176 πρώτη
1049 2102 1290 2200 θυγάτηρ
1345 2100 1405 2200 ἐν
1441 2101 1982 2200 Βηθλεὲμζκαί.

2118 2106 2439 2177 genuitque
2470 2108 2764 2176 Salomen,
2799 2130 2928 2184 quae
2961 2121 3019 2169 et
3045 2118 3244 2176 Maria.
3294 2123 3496 2180 Altera
3525 2099 3760 2200 quoque

355 2187 642 2260 Σαλώμην
695 2191 798 2258 τήν
852 2188 1086 2264 Μαρίαν.
1141 2190 1206 2246 Ἦ
1263 2187 1320 2278 δε
1378 2188 1599 2265 δευτέρα
1648 2192 1738 2247 καὶ
1787 2193 1922 2264 αὐτή
1956 2194 1982 2250 ἐκ

2118 2197 2322 2266 nupsit
2369 2197 2430 2253 in
2462 2199 2826 2269 Bethlehem,
2863 2210 2922 2259 et
2945 2209 3150 2278 genuit
3178 2211 3477 2269 Elisabeth
3510 2187 3764 2275 matrem

349 2275 634 2350 Βηθλεὲμ,
694 2277 784 2333 καὶ
845 2273 1019 2335 ἔτεκεν
1097 2277 1380 2335 Ἐλισάϐετ
1454 2281 1552 2350 τήν
1633 2282 1842 2359 μητέρα
1913 2290 1982 2339 to‘

2119 2283 2524 2344 Praecursoris.
2567 2292 2740 2346 Anna
2786 2310 2919 2348 vero
2954 2299 3157 2368 nupsit
3185 2301 3245 2354 in
3295 2307 3453 2357 terra
3483 2306 3761 2376 Galilaam,

351 2363 711 2441 Προδρόμου.
779 2368 842 2424 Ἥ
903 2365 961 2422 δὲ
1013 2368 1184 2426 Ἄννα
1238 2369 1314 2432 είς
1369 2371 1472 2438 τήν
1530 2373 1633 2463 γῆν
1693 2378 1793 2441 τῆς
1842 2379 1974 2428 Γαλι

2118 2377 2177 2426 et
2203 2375 2409 2444 genuit
2429 2377 2669 2432 Mariam
2693 2381 3008 2450 Deiparam
3081 2386 3163 2442 ita
3189 2394 3254 2442 ut
3293 2389 3545 2463 Salome,
3571 2363 3762 2452 Elisa:

352 2449 536 2524 λαίας,
594 2456 686 2511 καὶ
744 2453 919 2511 ἔτεκεν
979 2455 1186 2532 Μαρίαν
1238 2458 1338 2528 τήν
1379 2458 1661 2517 Θεοτόκον.
1719 2465 1806 2524 Ὡς
1866 2464 1982 2517 εῖνα

2113 2459 2252 2515 beth
2291 2479 2358 2518 ac
2387 2465 2641 2536 Deipara
2697 2449 2845 2524 180
2879 2471 2998 2526 sint
3055 2475 3234 2530 trium
3267 2449 3545 2536 sororum,
3599 2449 3758 2541 filias.

348 2543 451 2611 τήν
485 2545 788 2618 Σαλώμην,
839 2545 929 2601 καὶ
981 2547 1079 2615 τὴν
1137 2543 1447 2617 Ἐλἰσά6ετ,
1494 2547 1583 2603 καὶ
1611 2550 1712 2637 τήν
1745 2551 1982 2607 Θεοτόκοε

2111 2551 2314 2621 Itaque
2347 2556 2518 2609 Anna
2548 2571 2679 2610 cum
2708 2559 3103 2630 genuisset,ut
3135 2567 3361 2635 praefati
3399 2587 3757 2637 sumus,ma-

354 2632 640 2706 θυγατέρας
697 2632 947 2713 ἀδελφῶν
1005 2641 1170 2708 τριῶν
1227 2635 1489 2724 θηλειῶν.
1521 2638 1584 2696 ’Π
1618 2635 1675 2692 δὲ
1705 2638 1893 2708 Ἀννα,
1926 2642 1982 2694 ὼε

2109 2656 2284 2711 gnam
2311 2643 2649 2713 utilitatem,
2669 2648 2993 2719 mundique
3027 2632 3753 2724 salutem,immaculatam

354 2718 601 2795 εἴπομεν,
631 2728 924 2800 γεννήσασα
978 2726 1042 2781 τὸ
1102 2726 1238 2804 μέγα
1290 2723 1514 2805 ὄφελος,
1572 2729 1674 2798 τὴν
1726 2731 1982 2803 σωτηρίαη

2110 2731 2421 2801 omnisque
2444 2732 2594 2786 labis
2625 2741 2923 2805 expertem
2957 2741 3289 2812 Deiparam,
3322 2763 3572 2820 eamque
3619 2753 3756 2808 edu-

352 2815 458 2866 τοῦ
481 2811 708 2885 κόσμου,
763 2816 858 2884 τὴν
904 2818 1198 2892 ἄχραντον,
1254 2817 1344 2873 καὶ
1401 2817 1774 2893 ὑπεράμωμον
1805 2823 1982 2879 Θεοτό-

2109 2823 2318 2884 casset,
2340 2825 2517 2891 atque
2547 2822 2610 2877 in
2641 2825 2929 2895 templum
2963 2811 3197 2885 Domini
3228 2811 3750 2905 adduxisset,Deo-

353 2920 473 2969 κον,
524 2901 612 2957 καὶ
666 2903 1068 2980 ἀναθρεψαμένη
1128 2905 1218 2960 καὶ
1275 2907 1625 2982 ἀπαγάγοῦσα
1681 2908 1734 2964 ἐν
1777 2911 1858 2985 τῷ
1887 2919 1982 2986 ναιῖ

2107 2925 2219 2979 que
2249 2909 2582 2980 obtulisset,
2615 2913 2688 2968 ad
2720 2914 2915 2985 ipsum
2946 2918 3211 2989 gaudens
3240 2924 3531 2996 migravit.

349 2990 572 3064 Κυρίου,
629 2992 716 3047 καὶ
773 2993 1029 3050 ἀναθεῖσα
1087 2993 1253 3066 αὐτὴν
1304 2999 1383 3068 τῷ
1441 3001 1580 3069 Θεῷ,
1639 2999 1778 3075 πρὸς
1836 3001 1996 3060 αὑτὸν

345 3077 612 3155 χαίρουσα
642 3079 792 3154 ἐξεδή
802 3104 994 3156 μησεν.

658 3191 757 3246 Καὶ
792 3193 982 3265 μνήμη
1029 3199 1127 3260 τῆς
1166 3192 1314 3256 ὁσίας
1347 3193 1673 3271 Εύπραξίας.

2348 3186 2416 3240 Εε
2458 3191 2899 3243 commemoratio
2927 3197 3126 3248 sancta
3169 3197 3490 3266 Eupraxiaz.

409 3298 470 3353 Ἡ
530 3297 653 3353 ὁσία
728 3297 1002 3372 Εὐπραξία
1073 3297 1140 3369 ἦν
1221 3303 1315 3372 μὲν
1373 3301 1462 3356 ἐπὶ
1535 3310 1636 3372 τῆς
1716 3304 1993 3380 βασιλείας

333 3385 646 3458 Θεοδοσίου,
725 3388 787 3443 οὗ
861 3388 950 3444 καὶ
1026 3392 1287 3466 συγγενής
1362 3392 1673 3468 ἐτύγχανενο
1752 3397 1989 3472 θυγάτηρ

333 3474 390 3533 δὲ
430 3479 744 3554 Ἀντιγόνου
800 3483 898 3534 τοῦ
958 3477 1345 3555 συγκλητικοῦ.
1403 3482 1480 3539 Οῦ
1537 3481 1984 3556 τελευτήσαντος,

329 3567 466 3636 αὐτὴ
500 3567 647 3641 παρά
701 3574 800 3636 τῆς
864 3569 1072 3644 μητρὸς
1130 3570 1438 3644 Εύπραξίας
1472 3571 1688 3644 ἀνετέθη
1721 3578 1799 3645 τῷ
1834 3575 1983 3650 βασι-

328 3653 417 3710 λεῖ
448 3657 521 3720 ὡς
552 3663 818 3732 συγγενεῖ,
879 3657 967 3713 καὶ
1027 3657 1307 3732 ἐπιτρόπῳ
1364 3659 1555 3730 αὐτῆς,
1608 3661 1982 3738 φροντίζεσθαι

325 3747 417 3801 ὑπ’
495 3746 680 3803 αὑτοῦ.
758 3747 865 3803 Καὶ
964 3752 1356 3820 μνηστευθεῖσα
1430 3748 1778 3825 συγκλητικῷ
1848 3773 1977 3823 τινι,

326 3835 547 3907 ἐπείπερ
604 3835 807 3900 ἐκεῖνος
861 3836 968 3908 πρὸ
1022 3843 1121 3906 τῆς
1181 3837 1461 3916 συναφείας
1515 3837 1882 3911 ἐτελεύτησεν,
1912 3843 1978 3897 τὰ

327 3924 645 4000 ὑπάρχοντα
699 3923 834 3993 αὐτὴ
898 3923 1063 3980 δοῦσα
1112 3932 1386 4001 πτωχοῖς,
1447 3928 1584 4000 μετά
1636 3935 1736 3998 τῆς
1771 3933 1976 4006 μητρὸς

324 4012 492 4082 αὐτῆς
520 4007 790 4068 κατέλαϐε
844 4014 943 4082 τὴν
999 4012 1051 4067 ἐν
1112 4013 1375 4088 Αἰγύπτῳ
1420 4013 1582 4070 πόλιν
1629 4012 1843 4087 Θηϐῶν.
1878 4019 1974 4074 Καὶ

327 4099 644 4156 εἷσεῖιθοῦσα
677 4101 752 4162 εἷς
779 4100 844 4155 τὸ
879 4104 1262 4175 μοναστήριον,
1295 4102 1346 4158 ἐν
1406 4104 1451 4176 ᾧ
1503 4105 1752 4181 ὑπῆρχον
1785 4107 1974 4164 ἑκατὸν

329 4191 677 4260 μονάζουσαι,
737 4190 1073 4265 ἀπεκείρατο.
1134 4192 1239 4247 Καὶ
1296 4192 1432 4261 αύτὴ
1495 4196 1590 4266 μὶν
1632 4194 1977 4272 προσήδρευ-

328 4298 409 4332 σεν
456 4284 536 4352 τῷ
598 4278 950 4352 μοναστηρίῳ
1006 4281 1105 4348 τήν
1164 4279 1446 4356 ἷσάγγελον
1483 4282 1673 4357 βιοῦσα
1705 4287 1871 4355 ζωήν.
1913 4286 1972 4342 Ἡ

325 4363 378 4421 δὲ
412 4371 595 4442 μήτηρ
637 4369 806 4437 αὐτῆς
859 4371 1219 4444 περιελθοῦσα
1268 4371 1337 4425 τὰ
1389 4372 1507 4424 κατ’
1537 4371 1806 4442 ἀνατολὴν
1839 4377 1972 4444 κτή-

320 4477 460 4527 ματα
496 4456 688 4525 αὐτῆς,
720 4457 808 4512 καὶ
867 4456 934 4512 τά
971 4461 1066 4531 μὲν
1124 4457 1452 4528 πωλήσασα,
1482 4459 1572 4514 καὶ
1626 4457 1790 4516 δοῦσα
1819 4484 1968 4525 πτω-

316 4551 469 4619 χοῖς,
521 4548 589 4600 τὰ
643 4543 701 4600 δὲ
749 4545 1067 4618 ἐκκλησίαις
1117 4547 1391 4619 ἀναθεῖσα,
1453 4549 1774 4625 ὑπέστρεψεν
1807 4552 1883 4617 εἰς
1907 4555 1970 4609 τὸ
2003 4567 2049 4630 D

327 4635 712 4708 μοναστήριον,
769 4635 859 4690 καὶ
922 4634 1104 4710 ὀλίγον
1166 4631 1500 4692 ἐπιϐιώσασα
1543 4637 1836 4713 ἐκοιμήθη.
1871 4641 1967 4697 Καὶ

326 4723 460 4794 μετά
513 4727 677 4779 ταῦτα
730 4727 765 4794 ἡ
825 4724 1098 4800 Εὑπραξία
1160 4725 1408 4801 μεγάλης
1467 4727 1662 4803 ἀρετῆς
1716 4728 1966 4800 ἑλθοῦσα,

318 4811 405 4865 καὶ
438 4811 687 4886 θαύματα
715 4815 1010 4884 ποιήσασα,
1033 4813 1370 4870 ἀνεπαύσατο
1396 4815 1447 4871 έν
1481 4816 1681 4893 Κυρίῳ.

565 4921 664 4975 Καὶ
712 4922 905 4994 μνήμη
965 4927 1065 4990 τῆς
1125 4921 1276 4983 ὁσίας
1323 4920 1716 4997 Ὀλυμπιάδος.

384 5030 449 5084 Ἦ
513 5029 637 5089 ὁσία
693 5030 1004 5103 Ὀλυμπιὰς
1067 5032 1312 5108 ὑπῆρχεν
1373 5032 1459 5088 ἐπὶ
1526 5038 1626 5100 τῆς
1690 5035 1970 5110 βασιλείας

312 5115 614 5191 Ἀρκαδίου
669 5118 759 5174 καὶ
818 5119 1110 5195 Ὁνωρίου,
1169 5125 1276 5174 τῶν
1337 5121 1468 5176 υἱῶν
1532 5121 1824 5179 Θεοδοσίου
1876 5129 1970 5180 τοῦ

313 5204 598 5280 Μεγάλου.
671 5209 910 5283 θυγάτηρ
982 5209 1079 5282 μὲν
1165 5208 1462 5266 Ἀκούνδου
1525 5216 1622 5268 τοῦ
1703 5213 1969 5286 κόμητος,

307 5293 507 5371 ἐγγόνη
570 5295 631 5351 δὲ
687 5293 992 5354 Ἀϐλαϐίου
1046 5302 1143 5354 τοῦ
1201 5297 1466 5376 ἐπάρχουο
1499 5301 1684 5380 νύμφη
1719 5301 1777 5357 δὲ
1809 5303 1972 5376 μόνον

304 5385 719 5459 χρηματίσασα,
775 5389 907 5462 γυνὴ
971 5385 1029 5442 δὶ
1081 5387 1322 5451 οὐδενός.
1381 5395 1490 5444 Τοῦ
1543 5391 1644 5465 γάρ
1705 5387 1970 5454 λαϐόντος

307 5473 484 5542 αὐτὴν
547 5476 686 5550 πρὸς
751 5476 947 5553 Κύριον
1025 5475 1454 5550 ἐκδημήσαντος,
1540 5482 1802 5557 παρθένος
1862 5484 1975 5555 ἅμα

303 5561 394 5616 καὶ
461 5566 613 5640 χήρα
675 5562 927 5637 διέμεινε.
982 5567 1340 5622 Διατελέσασα
1413 5567 1472 5623 δὲ
1527 5570 1700 5625 πάντα
1725 5572 1817 5626 τὸν
1854 5572 1972 5648 βίον

303 5649 480 5725 αὐτῆς
541 5651 596 5711 έν
662 5653 932 5725 νηστείαις
990 5657 1078 5713 καὶ
1134 5663 1496 5734 προσευχαῖς,
1553 5659 1644 5716 καὶ
1698 5665 1816 5725 ταῖς
1866 5665 1974 5720 τῶν

2176 3291 2389 3349 Sancta
2417 3293 2729 3362 Eupraxia,
2761 3294 3089 3367 imperante
3128 3301 3477 3371 Theodosio,
3510 3309 3743 3382 claruit,

2103 3381 2274 3451 cujus
2306 3385 2365 3435 et
2394 3380 2590 3437 affinis
2619 3381 2882 3449 fuit,ﬁlia
2901 3391 3097 3442 autem
3119 3392 3398 3465 Antigoni
3418 3380 3740 3458 senatorisi

2100 3485 2214 3540 quo
2248 3469 2546 3536 defuncto,
2572 3471 2699 3541 ipsa
2729 3489 2763 3526 a
2785 3479 2973 3529 matre
3005 3477 3298 3547 Eupraxia
3315 3483 3387 3536 ad
3424 3485 3740 3558 imperato-

2096 3575 2221 3612 rem
2252 3557 2505 3614 adducta
2537 3564 2820 3630 tanquam
2868 3563 3107 3620 afﬁnem
3169 3573 3227 3621 et
3292 3557 3737 3640 procuratorem

2095 3645 2406 3713 suum,sub
2439 3647 2570 3718 ejus
2591 3648 2776 3703 tutela
2805 3649 3242 3709 vixit.Senatori
3277 3665 3475 3714 autem
3497 3666 3733 3724 cuidam

2093 3735 2407 3806 desponsa,
2433 3752 2569 3792 cum
2597 3736 2714 3802 hic,
2731 3744 3050 3810 antequam
3075 3744 3126 3796 ei
3158 3747 3738 3819 copularetur,obiis—

2093 3829 2200 3891 set,
2234 3824 2547 3880 facultates
2601 3842 2736 3881 suas
2776 3831 3140 3900 pauperibus
3195 3835 3580 3910 distribuens,
3616 3863 3735 3902 una

2089 3929 2222 3968 cum
2253 3919 2442 3968 matre
2474 3914 2535 3968 in
2562 3915 2770 3970 urbem
2799 3917 3027 3990 [Egypti
3053 3921 3278 3979 Thebas
3308 3932 3640 3987 concessit:
3676 3941 3734 3990 et

2087 4003 2516 4057 monasterium
2565 4004 2852 4077 ingressa,
2886 4007 2948 4062 in
2979 4026 3095 4079 quo
3127 4018 3366 4070 centum
3408 4022 3732 4078 sanctimo-

2084 4091 2274 4146 niales
2304 4091 2619 4164 degebant,
2678 4095 2856 4152 vitam
2914 4099 3140 4170 angelis
3196 4106 3490 4174 aequalem
3541 4110 3726 4170 duxit.

2085 4181 2266 4234 Mater
2291 4197 2426 4234 vero
2457 4198 2591 4235 cum
2619 4198 2755 4238 suas
2781 4187 3211 4258 possessiones,
3245 4209 3375 4262 quae
3407 4195 3468 4250 in
3491 4198 3729 4256 Oriente

2083 4273 2273 4333 erant,
2298 4269 2656 4324 circumiens
2682 4271 3066 4343 vendidisset,
3095 4294 3314 4350 easque
3345 4286 3561 4354 partim
3583 4306 3729 4360 pau-

2083 4357 2324 4427 peribus
2357 4357 2637 4427 dedisset,
2669 4362 2887 4432 partim
2941 4366 3209 4422 ecclesiis
3268 4357 3603 4443 obtulisset,
3650 4379 3725 4434 ad

2081 4448 2511 4502 monasterium
2542 4453 3014 4523 regressa,paulo
3045 4461 3179 4526 post
3209 4458 3728 4520 obdormivit.Post

2082 4536 2208 4591 hinc
2237 4537 2531 4607 Eupraxia
2560 4555 2694 4592 cum
2727 4539 2800 4593 ad
2831 4541 3067 4598 culmen
3099 4545 3333 4602 virtutis
3367 4549 3719 4623 devenisset,

2083 4629 2141 4679 et
2167 4625 2455 4680 miracula
2484 4631 2798 4696 patrasset,
2831 4631 3122 4700 requievit
3151 4634 3210 4688 in
3242 4635 3512 4693 Domino.

2290 4929 2356 4982 Et
2391 4933 2834 4986 commemoratio
2885 4941 3088 4991 sancta:
3139 4939 3502 5010 Olympiadis.

2152 5036 2364 5090 Sancta
2393 5033 2714 5106 Olympias,
2749 5037 3181 5110 imperantibus
3233 5047 3477 5104 Arcadio
3528 5057 3586 5108 et
3615 5055 3723 5112 Hoo

2082 5125 2250 5180 norio
2285 5123 2424 5178 ﬁliis
2457 5123 2769 5180 Theodosii
2798 5129 3012 5201 Magni,
3046 5132 3170 5189 ﬁlia
3196 5135 3310 5190 fuit
3345 5139 3573 5196 Acundi
3623 5162 3725 5200 co-

2081 5213 2266 5282 mitis,
2303 5213 2499 5284 neptis
2525 5218 2724 5269 autem
2758 5216 2993 5294 Ablab'ii
3025 5222 3309 5292 praefecti,
3345 5245 3563 5300 sponsa
3593 5238 3724 5288 tan-

2082 5307 2209 5357 tum
2239 5300 2558 5372 appellata,
2593 5302 2818 5360 nullius
2849 5311 3048 5363 tamen
3081 5327 3263 5369 uxor:
3298 5316 3398 5387 qui
3423 5319 3727 5377 enimeam

2082 5392 2350 5455 duxerat,
2385 5407 2520 5445 cum
2563 5391 2637 5446 ad
2684 5394 3002 5452 Dominum
3036 5401 3366 5473 migrasset,
3401 5407 3530 5478 ipsa
3567 5410 3726 5484 virgo

2085 5480 2263 5536 simul
2285 5485 2344 5534 et
2369 5480 2544 5534 vidua
2576 5485 2878 5540 remansit.
2916 5487 3172 5545 Cunctos
3211 5498 3410 5549 autem
3442 5498 3571 5552 vita;
3605 5480 3730 5554 dies

2084 5572 2145 5626 in
2171 5569 2446 5643 jejuniis,
2471 5571 2841 5630 orationibus
2892 5581 2952 5630 et
2980 5594 3213 5636 summa
3242 5583 3302 5636 in
3333 5601 3625 5655 pauperes
3657 5587 3732 5642 li-

2091 5659 2406 5717 beralitate
2442 5661 2825 5735 transigebat.
2860 5665 3014 5730 Quas
3035 5684 3172 5724 vero
3197 5671 3540 5741 possidebat
3559 5674 3738 5732 facul-
