4202 6314
438 405 557 466 559
1738 380 2162 443 MENOLOGII
2209 379 2406 440 PARS
2445 379 2554 441 ΙΙΙ.
3726 373 3848 434 560

440 543 592 594 tates
651 547 858 591 omnes
926 529 988 586 in
1030 525 1385 584 famulatum
1442 521 1794 595 pontificum
1869 515 2083 571 Christi

2208 508 2466 584 δεομένων
2523 507 2813 581 εὐποιῒαις,
2869 509 2960 564 καὶ
3013 511 3209 576 πᾶσαν,
3240 507 3305 578 ἦν
3360 506 3498 580 εἶχε,
3532 504 3844 576 περιουσίαν

440 625 800 683 exhauriens
833 663 846 689 ,
923 619 1163 674 beatum
1237 616 1526 670 Joannem
1597 610 2084 680 Chrysostomum

442 718 697 774 maxime
747 710 1102 776 honorabat,
1152 705 1340 762 eidem
1393 705 1454 759 in
1484 702 1607 758 suis
1634 697 2085 756 inﬁrmitatibus

440 807 800 865 deserviens.
835 803 1156 870 Postquam
1187 801 1386 851 autem
1431 793 1532 849 ille
1591 792 1884 864 injustum
1928 786 2081 843 exsi-

438 901 585 954 lium
609 895 754 951 181
794 893 866 950 ab
893 889 1158 946 Eudoxia
1189 885 1566 958 imperatrice
1590 898 1802 955 passus
1852 879 2082 945 fuisset,

440 986 679 1042 tandem
712 989 771 1038 et
801 983 928 1054 ipsa
959 977 1352 1035 confessionis
1385 989 1606 1031 corona
1657 974 1942 1028 exornata
1975 973 2082 1023 est.

438 1079 581 1132 Nam
626 1091 732 1146 pro
790 1072 1036 1126 veritate
1087 1067 1367 1140 relegata,
1418 1063 1636 1120 multas
1671 1059 2085 1115 tribulationes

439 1164 740 1219 sustinuit.
772 1161 882 1215 Sed
914 1175 1104 1231 usque
1133 1157 1194 1213 in
1229 1157 1409 1211 ﬁnem
1471 1155 1586 1209 Deo
1629 1151 1848 1225 gratias
1907 1164 2087 1221 agens

441 1255 716 1326 spiritum
753 1251 1018 1308 tradidit.

438 1481 502 1533 Et
533 1475 978 1534 commemoratio
1005 1478 1319 1527 sanctorum
1352 1472 1422 1524 65
1472 1470 1701 1522 Patrum
1750 1470 2083 1530 nostrorum,

653 1550 750 1619 qui
788 1550 848 1602 in
881 1548 1078 1616 quinta
1118 1541 1330 1615 synodo
1371 1537 1696 1610 congregati
1724 1543 1872 1594 sunt.

508 1696 680 1750 Anno
714 1692 967 1762 septimo
988 1687 1308 1744 Iustiniani
1342 1682 1746 1756 imperatoris,
1770 1680 2090 1736 Anthimus

438 1783 757 1839 haareticus
788 1780 979 1835 factus
1003 1783 1094 1834 est
1124 1771 1816 1841 Constantinopolitanus
1839 1768 2089 1840 patriar-

2187 603 2466 658 κενώσασα
2498 601 2573 664 εἷς
2607 601 2890 676 θεραπείαν
2941 604 3050 657 τῶν
3090 604 3186 654 τοῦ
3243 601 3485 672 Χριστοῦ
3517 597 3846 674 ἀρχιερέων,

2190 691 2278 747 καὶ
2331 693 2423 748 τὸν
2476 693 2738 765 μακάριον
2799 692 3055 760 Ἰωάννην
3123 689 3214 744 τὸν
3273 687 3660 763 Χρυσόστομον
3731 685 3850 741 δια-

2189 784 2462 859 φερόντως
2519 783 2818 855 τιμήσασα,
2876 781 2966 836 καὶ
3043 777 3096 834 έν
3155 783 3274 840 ταῖς
3333 777 3629 842 ἀσθενείαις
3689 788 3851 853 θερα-

2191 870 2450 941 πεύσασα,
2511 868 2805 945 ἐπειδήπερ
2891 869 3094 932 ἐκεῖνος
3169 865 3354 922 ἄδικον
3445 865 3650 943 έξορίαν
3705 866 3853 940 παρᾶ

2189 967 2289 1030 τῆς
2325 960 2648 1036 βασιλίσσης
2687 956 2951 1030 Εὐδοξίας
3011 959 3237 1027 ὑπέστη,
3296 956 3384 1012 ἐπὶ
3413 955 3559 1012 τέλει
3592 955 3682 1011 καὶ
3713 954 3850 1023 αύτή

2190 1054 2269 1122 τῷ
2325 1056 2424 1119 τῆς
2481 1048 2787 1122 ὁμολογίας
2860 1048 3248 1119 κατεκοσμήθη
3309 1044 3574 1118 στεφάνῳ.
3637 1045 3853 1119 Ἐξορι-

2193 1145 2376 1205 σθεῖσα
2403 1139 2503 1216 γὰρ
2559 1140 2690 1214 ὑπὲρ
2738 1145 2840 1209 τῆς
2897 1136 3183 1208 ἀληθείας,
3231 1135 3477 1197 πολλοὺς
3517 1136 3854 1211 πειρασμοὺς

2198 1229 2503 1302 ὑπέμεινεν.
2562 1227 2737 1286 Ἀλλά
2831 1227 2998 1303 μέχρι
3065 1226 3256 1288 τέλους
3315 1225 3711 1302 εύχαριστοῦσα
3774 1229 3855 1296 τῷ

2193 1323 2310 1391 Θεῷ
2341 1320 2403 1374 τὸ
2435 1322 2644 1392 πνεῦμα
2675 1319 2960 1393 παρέθετο.

2195 1469 2297 1528 Καὶ
2332 1471 2524 1544 μνήμη
2573 1475 2682 1525 τῶν
2731 1467 2898 1544 ἁγίων
2950 1465 3003 1539 Ei
3038 1469 3328 1544 ⁸ῐξειτέρων,
3371 1470 3478 1522 τῶν
3511 1465 3562 1522 ἐν
3593 1471 3659 1542 τῇ
3692 1468 3730 1523 ε’
3762 1488 3856 1522 συ-

2739 1538 2884 1614 νόδῳ
2915 1538 3301 1598 συνελθόντων.

2268 1663 2358 1732 Τῷ
2401 1654 2622 1732 ἑϐδόμῳ
2682 1653 2787 1714 ἔτει
2842 1664 2945 1726 τῆς
3004 1659 3391 1715 Ἰουστινιανοῦ
3452 1654 3759 1733 βασιλείας,
3791 1656 3859 1724 ἦν

2193 1747 2543 1826 πατριάρχης
2602 1745 3235 1808 Κωνσταντινουπόλεως
3295 1747 3562 1819 Ἀνθιμος
3622 1747 3650 1800 ὁ
3708 1746 3856 1821 αἱρε-

442 1835 709 1943 ξὶῖείάμιί
741 1835 885 1924 olim
913 1864 1290 1939 Trapezuntis
1327 1835 1640 1934 episcopus
1673 1835 1928 1914 eratsed
1950 1857 2087 1913 inde

2208 1838 2370 1908 εικὸς,
2423 1837 2659 1913 γεγονὼς
2714 1838 2808 1910 μὲν
2856 1839 3267 1911 Τραπεζοῦντος
3325 1835 3646 1906 ἐπίσκοπος,
3691 1855 3857 1906 μετα-

2260 1929 2284 1943 Α
2319 1928 2332 1942 ﬁ
2424 1925 2468 1943 κς
2607 1927 2622 1943 \
2985 1937 3002 1943 -
3040 1925 3054 1943 \
3159 1925 3172 1943 9
3376 1925 3390 1943 κ
3533 1928 3559 1939 ι’
3735 1923 3770 1943 ’Ν

447 1962 794 2024 translatus,
850 1957 924 2012 ad
982 1971 1258 2028 magnam
1317 1952 1492 2022 regias
1541 1950 1707 2005 urbis
1747 1947 2086 2004 cathedram

445 2050 733 2108 ascendit.
765 2049 908 2102 Cum
939 2063 1074 2102 vero
1098 2043 1413 2099 haereticus
1446 2045 1620 2105 esset,
1654 2038 1726 2094 ab
1751 2037 2092 2094 orthodoxis

448 2142 674 2214 ejectus
707 2137 954 2204 est,etin
987 2133 1322 2206 ejuslocum
1356 2127 1796 2186 sanctissimum
1817 2127 2092 2183 Ecclesia)

447 2225 1121 2297 Constantinoiiolitanaa
1176 2221 1609 2294 presbyterum,
1660 2224 1718 2273 et
1752 2217 2094 2286 Sampsonis

449 2316 833 2374 Xenodochio
864 2313 1211 2386 praafectum
1244 2313 1474 2365 Menam
1514 2311 1809 2380 Agapetus
1866 2323 2094 2379 magnas

450 2411 648 2464 Romae
666 2421 814 2476 papa
832 2403 1126 2458 ordinavit
1154 2402 1231 2455 Eo
1255 2400 1508 2472 praesule
1524 2398 1832 2452 innotuere
1853 2398 2096 2453 Severus

451 2503 508 2552 et
530 2499 758 2555 Petrus.
793 2494 1066 2548 homines
1100 2490 1372 2546 haeresim
1405 2487 1724 2544 omnemin
1750 2487 1960 2559 seipsis
1982 2487 2094 2542 cir-

450 2584 872 2645 cumferentes,
909 2580 1009 2651 qui
1043 2578 1366 2634 Ecclesiam
1398 2576 1608 2630 Christi
1652 2575 2096 2646 perturbarunt,

452 2671 815 2729 orthodoxos
846 2675 1126 2725 vexantes
1177 2666 1572 2732 Quamobrem
1595 2665 1964 2721 Justinianus
1986 2667 2095 2721 im-

451 2768 689 2834 perator
702 2759 993 2831 synodum
1013 2757 1319 2826 sexaginta
1349 2754 1614 2825 quinque
1637 2759 1976 2808 sanctorum
1999 2758 2096 2809 Pa-

452 2857 606 2906 trum
641 2846 1223 2918 Constantinopolim
1245 2843 1833 2914 convocavit,eosque
1856 2860 1991 2897 cum
2006 2860 2096 2898 as-

453 2939 648 2997 seclis.
683 2955 920 2994 necnon
953 2939 1259 2991 universas
1291 2932 2096 2989 haeresesanathematizavit.

451 3030 600 3084 Hinc
630 3028 892 3084 Ecclesia
937 3027 1038 3082 Dei
1075 3025 1424 3080 memoriam
1456 3025 1635 3098 hujus
1696 3023 1904 3096 synodi
1936 3039 2100 3078 reco-

452 3118 606 3185 lens,
640 3118 826 3173 Deum
858 3116 1171 3190 gloriﬁcat.

1003 3296 1244 3351 EODEM
1275 3295 1525 3352 MENSE.

951 3384 1056 3441 Die
1110 3385 1392 3440 vicesima
1441 3389 1606 3440 sexta

523 3475 677 3533 182
701 3477 990 3534 Certamen
1015 3478 1355 3560 sacrosancti
1376 3477 1638 3545 martyris
1668 3475 1950 3532 Hermolai
1980 3483 2032 3531 et

1129 3563 1399 3603 sociorum
1409 3588 1421 3600 .

523 3673 872 3749 Hermolaus
891 3672 1563 3745 sacromartyr,ejusque
1579 3671 1723 3727 socii
1748 3672 2103 3746 Hermippus

453 3769 511 3819 et
540 3765 973 3828 Hermocrates,
1000 3779 1070 3818 ex
1103 3762 1261 3818 clero
1321 3762 1598 3817 Ecclesim
1631 3762 2101 3818 Nicomediensis

453 3852 807 3925 presbyteri,
827 3851 1045 3922 reliqui
1077 3850 1314 3906 fuerant
1344 3867 1414 3905 ex
1445 3851 1648 3923 viginti
1677 3850 1944 3905 millibus
1965 3867 2100 3906 san-

454 3948 706 4010 ctorum,
740 3958 888 4012 quos
919 3942 981 3996 in
1013 3941 1268 3995 ecclesia
1288 3941 1508 4011 impvus
1538 3941 1929 3996 Maximianus
1943 3957 2101 3996 com-

452 4030 665 4086 bussit.
699 4032 765 4084 In
798 4030 1056 4100 quadam
1106 4035 1306 4084 autem
1349 4028 1712 4084 domuncula
1767 4030 2117 4094 absconditi,

455 4125 644 4173 erant.
677 4121 998 4188 Postquam
1029 4134 1166 4172 vero
1216 4122 1456 4172 sanctus
1487 4118 1910 4174 Panteleemon
1943 4137 2102 4174 com-

453 4207 884 4279 prehensus,et
913 4207 975 4260 in
1010 4207 1403 4277 quaestionem
1427 4206 1500 4261 ad
1529 4207 1777 4278 impium
1800 4209 2102 4264 Maximia-

454 4311 598 4349 num
629 4294 922 4350 adductus
977 4295 1210 4362 fuisset,
1268 4295 1612 4366 compulsus
1671 4302 1760 4351 est
1816 4297 2101 4368 indicare,

452 4384 700 4440 ubinam
724 4382 1075 4438 Hermolaus
1090 4383 1304 4438 lateret
1331 4400 1614 4454 :cumque
1645 4385 1886 4440 mentiri
1912 4387 2102 4443 nesci-

453 4477 564 4544 ret,
597 4473 795 4528 locum
820 4472 1130 4528 confessus
1169 4472 1299 4528 fuit.
1333 4473 1497 4544 Capti
1526 4472 1706 4544 igitur
1731 4475 2102 4546 Hermolaus,

452 4564 810 4636 Hermippus
863 4568 920 4617 et
951 4563 1386 4627 Hermocrates,
1441 4562 1764 4636 vinctique,
1825 4571 1883 4620 et
1912 4566 1985 4621 ad
2015 4572 2106 4638 ty-

2198 1928 2369 1989 τεθεὶς
2421 1925 2480 1981 δὲ
2533 1927 2623 1981 καὶ
2681 1925 3091 2001 προχειρισθεὶς
3148 1925 3435 2001 ἀρχιερεὺς
3466 1928 3564 1979 τοῦ
3611 1923 3854 1998 μεγάλου

2201 2018 2395 2092 θρόνου
2448 2022 2548 2086 τῆς
2611 2015 2963 2092 βασιλεύσης.
3024 2013 3185 2071 Ἀλλ’
3252 2015 3522 2090 αἱρετικὸς
3583 2011 3654 2068 ὣν
3717 2013 3855 2068 ἐκεῖ·

2199 2127 2312 2172 νος,
2371 2100 2639 2176 ἐξεϐλήθη
2700 2105 2845 2179 παρᾶ
2892 2109 2998 2159 τῶν
3057 2101 3386 2177 ὀρθοδόξων,
3443 2105 3532 2158 καὶ
3575 2104 3857 2178 ἐχειροτοο

2202 2197 2342 2265 νήθη
2403 2196 2514 2249 ἀντ’
2575 2193 2738 2249 αὑτοῦ
2796 2200 2988 2264 Μηνᾶς
3049 2195 3078 2249 ὁ
3135 2194 3435 2269 ἁγιώτατος
3493 2189 3860 2267 πρεσϐύτερος

2199 2291 2299 2354 τῆς
2330 2281 2658 2354 Ἑκκλησίας
2708 2281 3360 2350 Κωνσταντινουπόλεως,
3408 2283 3498 2338 καὶ
3567 2279 3858 2358 ξενοδόχος

2201 2377 2307 2428 τῶν
2371 2374 2613 2447 Σαμψὼν
2667 2373 2771 2428 ὑπὸ
2844 2373 3159 2449 Ἀγαπητοῦ
3243 2375 3394 2426 παπα
3450 2374 3549 2440 τῆς
3611 2373 3861 2446 μεγάλης

2201 2464 2448 2535 Ῥώμης.
2529 2463 2653 2519 Ἐπὶ
2735 2461 2931 2517 τούτου
2992 2457 3343 2536 ἀναφανέντες
3428 2462 3692 2536 Σεύηρος,
3767 2461 3860 2516 καὶ

2206 2553 2431 2626 Πέτρος,
2492 2549 2765 2625 ἄνθρωποι
2826 2556 2997 2605 πᾶσαν
3059 2551 3265 2626 αἳρεσιν
3325 2549 3376 2603 ἐν
3432 2550 3649 2610 ἑαυτοῖς
3705 2570 3864 2624 περι-

2207 2640 2480 2715 φέροντες,
2543 2641 2632 2695 καὶ
2688 2641 2788 2710 τήν
2845 2644 2946 2695 τοῦ
3001 2643 3235 2716 Χριστοῦ
3290 2637 3624 2709 Ἐκκλησίαν
3660 2640 3858 2713 ταράσ-

2207 2751 2411 2796 σοντες,
2469 2729 2702 2785 ἐλύπουν
2761 2729 2889 2791 τοὺς
2950 2726 3297 2803 ὀρθοδὸξους.
3361 2729 3467 2784 Καὶ
3531 2730 3862 2802 συγκαΛέσας

2208 2817 2431 2875 σύνοδον
2488 2820 2905 2890 ἱξηκονταπέντε
2961 2819 3131 2893 ἁγίων
3193 2819 3440 2894 πατέρων
3484 2817 3866 2880 Ἰουστινιανὸς

2208 2911 2235 2964 ὁ
2321 2907 2576 2985 βασιλεὺς
2636 2908 2688 2964 ἐν
2773 2905 3375 2976 Κωνσταντινουπόλει,
3480 2908 3863 2980 ἀναθεμάτισεν

2207 2999 2404 3062 αὐτους
2473 3018 2532 3053 τε
2585 2997 2677 3052 καὶ
2723 2995 2852 3060 τοὺς
2914 2997 3226 3074 ὁμόφρονας
3277 2997 3476 3066 αὐτῶν,
3535 2999 3627 3052 καὶ
3688 3002 3860 3052 πᾶσαν

2209 3089 2438 3159 αἳρεσιν.
2491 3090 2719 3144 Ἔκτοτε
2776 3086 2866 3142 οὑν
2927 3089 3256 3162 ἑορτάζουσα
3309 3090 3343 3157 ἡ
3397 3091 3493 3143 τοῦ
3556 3091 3690 3144 Θεοῦ
3739 3089 3864 3145 Ἐκ-

2210 3175 2414 3247 κλησία
2459 3177 2558 3246 τήν
2626 3174 2888 3246 τοιαύτην
2952 3176 3269 3248 ἀνάμνησιν,
3316 3172 3524 3247 δοξάζει
3568 3176 3658 3231 τὸν
3707 3177 3861 3237 Θεὸν,

2756 3294 2941 3353 MHNI
2980 3297 3072 3352 ΤΩ
3111 3297 3313 3353 ΑΥΤΩ.

3010 3384 3097 3453 KC

2205 3471 2474 3545 ’Άθλησις
2502 3477 2600 3529 τοῦ
2641 3471 2800 3549 ἁγίου
2849 3473 3246 3563 ἱερομάξτυρος
3292 3473 3608 3550 Ἐρμολάου
3640 3474 3729 3530 καὶ
3757 3479 3867 3532 τῶν

2876 3546 2972 3602 σὺν
3022 3546 3194 3618 αὐτῷ.

2276 3659 2591 3733 Ἑρμόλαος
2638 3661 2667 3716 ὁ
2737 3659 3070 3736 ἱερομάρτυρ
3122 3660 3212 3715 καὶ
3264 3661 3318 3716 οἱ
3387 3658 3479 3715 σὺν
3532 3662 3682 3735 αύτῷ
3733 3663 3866 3739 Ἑρ-

2211 3771 2440 3823 μιππος,
2509 3749 2599 3805 καὶ
2669 3749 3051 3824 Ἑρμοκράτῆς
3121 3749 3182 3805 ἐκ
3243 3753 3341 3805 τοῦ
3389 3749 3602 3823 κλήρου
3667 3758 3765 3821 τῆς
3816 3751 3868 3807 ἐν

2206 3837 2551 3913 Νικομηδείᾳ
2621 3838 2957 3910 Ἔκκλησίας
3000 3840 3252 3915 ὑπῆρχον
3300 3835 3660 3918 πρεσϐύτεροι
3711 3862 3866 3914 περι-

2209 3926 2520 4002 λειφθέντες
2575 3927 2634 3983 ἐκ
2685 3932 2794 3983 τῶν
2851 3929 3154 3983 καυθέντων
3220 3925 3528 4001 δυσμυρίων
3588 3929 3754 4005 ἁγίων
3815 3931 3868 3986 ἐν

2206 4020 2275 4091 τῇ
2339 4015 2604 4089 ἐκκλησίᾳ
2653 4017 2756 4071 ὑπὸ
2817 4017 3161 4090 Μαξιμιανοῦ
3229 4021 3326 4072 τοῦ
3394 4013 3708 4090 δυσσεϐοῦς,
3774 4021 3865 4075 καὶ

2207 4105 2577 4182 κρυπτόμενοι
2629 4103 2681 4160 ἔν
2729 4126 2832 4160 τινι
2881 4103 3166 4179 δωματίῳ.
3202 4105 3354 4162 Ἐπεὶ
3405 4103 3462 4161 δὲ
3490 4108 3518 4161 ὁ
3549 4108 3703 4182 ἅγιος
3735 4113 3874 4164 Πανο

2206 4195 2499 4268 τελεήμων
2545 4194 2860 4270 κρατηθεὶς,
2911 4195 3001 4250 καὶ
3072 4195 3151 4257 είς
3224 4194 3459 4266 ὶξέτασιν
3511 4197 3700 4272 ἀχθεὶς
3751 4199 3872 4254 Μα-

2211 4285 2442 4357 ξιμιανῷ
2496 4289 2575 4356 τῷ
2633 4279 2906 4353 δυσσεϐεῖ,
2982 4283 3291 4358 ἠναγκάσθη
3370 4285 3494 4357 περὶ
3559 4285 3874 4361 Ἐρμολάου

2213 4373 2407 4442 εἰπεῖν,
2470 4377 2581 4428 ποῦ
2643 4375 2960 4448 κρύπτεται·
3030 4374 3121 4428 καὶ
3193 4374 3269 4446 μὴ
3328 4371 3490 4438 εἰδὼς
3561 4373 3877 4450 ψεύδεσθαι,

2213 4461 2547 4538 ὡμολόγησε
2593 4463 2685 4518 τὸν
2733 4461 2926 4518 τόπον·
2994 4462 3367 4537 ἐκρατήθησαν
3417 4465 3508 4520 καὶ
3559 4465 3711 4521 αὐτοὶ
3759 4468 3878 4541 Ἑρ-

2219 4553 2451 4626 μόλαος,
2506 4555 2846 4627 Ἕρμιππος,
2902 4551 2990 4607 καὶ
3040 4553 3442 4628 Ἑρμοκράτης.
3499 4553 3600 4610 Καὶ
3655 4551 3873 4626 δέσμιοι

455 4615 806 4636 η-----ι-ι---
870 4615 915 4617 τί
1830 4615 1881 4620 η
1914 4615 1985 4621 —-
2020 4615 2062 4638 -α

449 4670 704 4709 rannum
733 4652 998 4711 adducti.
1033 4652 1220 4708 libere
1247 4653 1546 4708 Christum
1578 4654 1832 4709 confessi
1859 4663 2026 4722 sunt;
2052 4663 2096 4713 e1

2215 4642 2582 4717 παραστάντες
2650 4646 2729 4714 τῷ
2800 4641 3062 4714 τυράννῳ,
3136 4641 3510 4716 ὡμολόγησαν
3595 4641 3876 4720 παρῥησίᾳ

450 4743 616 4799 idola
647 4743 890 4814 quidem
918 4742 1252 4798 irridebant
1298 4742 1654 4814 probrisque
1688 4745 2104 4816 incessebant;

449 4848 551 4886 eos
583 4837 783 4887 autem
821 4832 921 4902 qui
955 4832 1017 4887 in
1050 4832 1158 4888 illa
1186 4831 1780 4901 crederent,miseros
1797 4835 2104 4892 vocabant.

449 4921 855 4987 Quamobrem
882 4922 1132 4980 diversis
1167 4924 1478 4979 tormentis
1534 4926 2106 5000 excruciati,_capite

453 5012 613 5084 plexi
646 5019 822 5067 sunt:
858 5019 1035 5086 atque
1067 5014 1152 5070 ita
1194 5016 1612 5084 consummati,
1645 5035 1897 5090 regnum
1919 5020 2105 5076 indis-

453 5101 705 5158 solubile
733 5103 1028 5176 vitamque
1061 5105 1486 5176 sempiternam
1517 5115 1891 5180 receperunt.

526 5245 594 5300 Et
629 5251 904 5302 certamen
934 5248 1114 5302 sancti
1145 5248 1410 5317 martyris
1437 5247 1630 5304 Sancti
1658 5257 1711 5306 et
1741 5253 2031 5311 sociorum.

520 5416 612 5480 Hi,
638 5417 831 5472 Marco
859 5415 1163 5472 Antonino
1195 5415 1628 5490 imperante,ex
1659 5422 1804 5480 urbe
1828 5427 2107 5484 Ravenna

448 5506 772 5580 provinciae
811 5507 998 5564 Italiaa
1047 5507 1311 5563 fuerunt.
1354 5509 1519 5576 Quod
1572 5517 1772 5570 autem
1803 5516 2103 5576 Christum

450 5599 910 5663 conﬁterentur,
942 5615 977 5654 a
1006 5598 1332 5670 provincia)
1363 5600 1640 5672 praefecto
1664 5605 2103 5677 comprehensi,

450 5690 708 5760 primum
742 5688 982 5761 quidem
1015 5687 1353 5747 durissimis
1388 5690 1694 5763 suppliciis
1725 5695 1918 5751 allecti
1943 5704 2100 5767 sunt,

2213 4733 2305 4787 τὸν
2355 4732 2610 4806 Χριστὸν,
2675 4729 2766 4784 καὶ
2815 4731 2885 4784 τὰ
2936 4727 3142 4785 εἴδωλα
3190 4726 3545 4804 διεχλεύασαν
3615 4732 3705 4786 καὶ
3773 4729 3878 4788 διέ-

2215 4841 2402 4895 συραν,
2438 4821 2528 4875 καὶ
2593 4818 2722 4881 τοὺς
2774 4817 2851 4881 είς
2896 4817 3030 4874 αὑτὰ
3077 4818 3430 4882 πιστεύοντας
3479 4819 3712 4885 ἀθλίους
3763 4821 3882 4878 ἐπε-

2214 4911 2467 4968 κάλεσαν.
2533 4912 2689 4974 Ὅθεν
2759 4905 3038 4986 διαφόρως
3118 4908 3548 4984 τιμωρηθέντες,
3617 4911 3884 4988 ἀπεκείρα-

2217 5001 2499 5071 λίσθησαν·
2534 4998 2622 5054 καὶ
2654 4995 2800 5054 οὕτω
2846 4995 3226 5062 τελειωθέντες
3277 4994 3552 5055 ἀπέλαϐον
3599 4999 3876 5076 βασιλείαν

2213 5092 2313 5160 τὴν
2342 5086 2677 5145 ἀκατάλυτον
2707 5087 2799 5142 καὶ
2835 5088 2978 5159 ζωήν
3007 5085 3208 5146 ἀΐδιον.

2215 5243 2318 5301 Καὶ
2366 5238 2597 5312 ἄθλησις
2638 5243 2736 5296 τοῦ
2780 5237 3267 5319 ἁγίουᾘμάρτρρας
3320 5241 3584 5319 Σάγκτου,
3636 5241 3724 5296 καὶ
3774 5246 3876 5309 τῆς

2810 5308 3057 5374 συνοδίας
3073 5308 3276 5368 ἀύτοῦ.

2285 5431 2451 5490 Οὗτοι
2506 5430 2757 5506 ὑπῆρχον
2813 5427 2899 5484 ἐπὶ
2947 5435 3050 5499 τῆς
3105 5429 3388 5504 βασιλείας
3419 5432 3645 5506 Μάρκου
3676 5430 3876 5487 ’Δντω-

2211 5522 2383 5586 νίνου,
2451 5518 2511 5575 ἐκ
2571 5514 2864 5589 Ῥαϐέννης
2929 5522 3030 5588 τῆς
3097 5518 3316 5582 πόλεως
3373 5523 3563 5598 χώρας
3622 5519 3872 5586 Ἰταλίας·

2212 5610 2310 5666 Διὰ
2333 5606 2392 5665 δὲ
2422 5609 2519 5678 τὴν
2551 5606 2627 5671 εἷς
2661 5607 2891 5683 Χριστὸν
2945 5607 3250 5684 ὁμολογίαν
3316 5613 3673 5687 κρατηθέντες
3733 5613 3881 5687 παρὰ

2211 5703 2308 5756 τοῦ
2359 5706 2458 5770 τῆς
2521 5698 2710 5774 χώρας
2768 5694 3063 5775 ἄρχοντος,
3113 5703 3331 5776 πρῶτον
3385 5701 3482 5774 μὲν
3515 5697 3877 5773 ἐϐασανίσθη-
