  <div class='ocr_page' id='page_1' title='image "/cluster/home/n/w/nwhite01/storage/ocr_20150623/117/mdp.39015038086818/288.png"; bbox 0 0 4184 6326; ppageno 0'>
   <div class='ocr_carea' id='block_1_1' title="bbox 415 384 529 450">
    <p class='ocr_par' dir='ltr' id='par_1_1' title="bbox 415 384 529 450">
     <span class='ocr_line' id='line_1_1' title="bbox 415 384 529 450; baseline -0.026 -1"><span class='ocrx_word' id='word_1_1' title='bbox 415 384 529 450; x_wconf 75' lang='grc'>861</span> 
     </span>
    </p>
   </div>
   <div class='ocr_carea' id='block_1_2' title="bbox 1927 384 2224 451">
    <p class='ocr_par' dir='ltr' id='par_1_2' title="bbox 1927 384 2224 451">
     <span class='ocr_line' id='line_1_2' title="bbox 1927 384 2224 451; baseline -0.007 -3"><span class='ocrx_word' id='word_1_2' title='bbox 1927 384 2224 451; x_wconf 77' lang='lat' dir='ltr'>IULIUS.</span> 
     </span>
    </p>
   </div>
   <div class='ocr_carea' id='block_1_3' title="bbox 3685 393 3802 454">
    <p class='ocr_par' dir='ltr' id='par_1_3' title="bbox 3685 393 3802 454">
     <span class='ocr_line' id='line_1_3' title="bbox 3685 393 3802 454; baseline -0.017 0"><span class='ocrx_word' id='word_1_3' title='bbox 3685 393 3802 454; x_wconf 85' lang='lat'>562</span> 
     </span>
    </p>
   </div>
   <div class='ocr_carea' id='block_1_4' title="bbox 414 515 2070 597">
    <p class='ocr_par' dir='ltr' id='par_1_4' title="bbox 414 515 2065 597">
     <span class='ocr_line' id='line_1_4' title="bbox 414 515 2065 597; baseline -0.001 -22"><span class='ocrx_word' id='word_1_4' title='bbox 414 540 512 575; x_wconf 90' lang='grc' dir='ltr'>σαν</span> <span class='ocrx_word' id='word_1_5' title='bbox 568 515 842 597; x_wconf 72' lang='grc' dir='ltr'>σφοδρῶς,</span> <span class='ocrx_word' id='word_1_6' title='bbox 899 520 991 576; x_wconf 81' lang='grc' dir='ltr'>τὸν</span> <span class='ocrx_word' id='word_1_7' title='bbox 1049 519 1279 596; x_wconf 82' lang='grc' dir='ltr'>Χριστὸν</span> <span class='ocrx_word' id='word_1_8' title='bbox 1339 521 1666 596; x_wconf 68' lang='grc' dir='ltr'>ἀρνήσασθαι</span> <span class='ocrx_word' id='word_1_9' title='bbox 1726 540 2065 596; x_wconf 85' lang='grc' dir='ltr'>καταναγκα-</span> 
     </span>
    </p>
   </div>
   <div class='ocr_carea' id='block_1_5' title="bbox 2182 515 3834 597">
    <p class='ocr_par' dir='ltr' id='par_1_5' title="bbox 2182 522 3834 596">
     <span class='ocr_line' id='line_1_5' title="bbox 2182 522 3834 596; baseline 0.003 -19"><span class='ocrx_word' id='word_1_10' title='bbox 2182 526 2244 577; x_wconf 90' lang='lat' dir='ltr'>ut</span> <span class='ocrx_word' id='word_1_11' title='bbox 2275 522 2359 578; x_wconf 91' lang='lat' dir='ltr'>sic</span> <span class='ocrx_word' id='word_1_12' title='bbox 2389 522 2679 596; x_wconf 86' lang='lat' dir='ltr'>abnegare</span> <span class='ocrx_word' id='word_1_13' title='bbox 2704 524 3004 580; x_wconf 80' lang='lat' dir='ltr'>Christum</span> <span class='ocrx_word' id='word_1_14' title='bbox 3053 522 3473 596; x_wconf 80' lang='lat' dir='ltr'>adigerentur:</span> <span class='ocrx_word' id='word_1_15' title='bbox 3525 524 3628 579; x_wconf 89' lang='lat' dir='ltr'>sed</span> <span class='ocrx_word' id='word_1_16' title='bbox 3669 526 3728 581; x_wconf 92' lang='lat' dir='ltr'>id</span> <span class='ocrx_word' id='word_1_17' title='bbox 3772 543 3834 582; x_wconf 91' lang='lat' dir='ltr'>se</span> 
     </span>
    </p>
   </div>
   <div class='ocr_carea' id='block_1_6' title="bbox 416 607 2069 685">
    <p class='ocr_par' dir='ltr' id='par_1_6' title="bbox 416 607 2069 685">
     <span class='ocr_line' id='line_1_6' title="bbox 416 607 2069 685; baseline -0.001 -22"><span class='ocrx_word' id='word_1_18' title='bbox 416 609 658 682; x_wconf 83' lang='grc' dir='ltr'>ζόμενοι.</span> <span class='ocrx_word' id='word_1_19' title='bbox 720 609 824 666; x_wconf 86' lang='grc' dir='ltr'>Καὶ</span> <span class='ocrx_word' id='word_1_20' title='bbox 878 614 1042 665; x_wconf 88' lang='grc' dir='ltr'>τοῦτο</span> <span class='ocrx_word' id='word_1_21' title='bbox 1113 611 1190 683; x_wconf 75' lang='grc' dir='ltr'>μὴ</span> <span class='ocrx_word' id='word_1_22' title='bbox 1271 613 1622 682; x_wconf 76' lang='grc' dir='ltr'>ποιήσαντες,</span> <span class='ocrx_word' id='word_1_23' title='bbox 1695 607 2069 685; x_wconf 77' lang='grc' dir='ltr'>παρεδόθησαν</span> 
     </span>
    </p>
   </div>
   <div class='ocr_carea' id='block_1_7' title="bbox 413 695 2070 775">
    <p class='ocr_par' dir='ltr' id='par_1_7' title="bbox 413 695 2070 775">
     <span class='ocr_line' id='line_1_7' title="bbox 413 695 2070 775; baseline -0.002 -21"><span class='ocrx_word' id='word_1_24' title='bbox 413 697 656 775; x_wconf 76' lang='grc' dir='ltr'>φυλακῇ.</span> <span class='ocrx_word' id='word_1_25' title='bbox 715 700 942 755; x_wconf 80' lang='grc' dir='ltr'>Ἔπειτα</span> <span class='ocrx_word' id='word_1_26' title='bbox 995 706 1096 769; x_wconf 90' lang='grc' dir='ltr'>τῆς</span> <span class='ocrx_word' id='word_1_27' title='bbox 1156 699 1406 770; x_wconf 80' lang='grc' dir='ltr'>φυλακῆς</span> <span class='ocrx_word' id='word_1_28' title='bbox 1463 695 1846 769; x_wconf 72' lang='grc' dir='ltr'>ἐκϐληθέντες,</span> <span class='ocrx_word' id='word_1_29' title='bbox 1903 697 2070 753; x_wconf 80' lang='grc' dir='ltr'>πάλιν</span> 
     </span>
    </p>
   </div>
   <div class='ocr_carea' id='block_1_8' title="bbox 415 787 2074 865">
    <p class='ocr_par' dir='ltr' id='par_1_8' title="bbox 415 787 2074 865">
     <span class='ocr_line' id='line_1_8' title="bbox 415 787 2074 865; baseline 0 -23"><span class='ocrx_word' id='word_1_30' title='bbox 415 787 861 864; x_wconf 65' lang='grc' dir='ltr'>ἐτιμωρήθησαν.</span> <span class='ocrx_word' id='word_1_31' title='bbox 893 790 951 846; x_wconf 77' lang='grc' dir='ltr'><strong>Ὀ</strong></span> <span class='ocrx_word' id='word_1_32' title='bbox 1006 789 1099 862; x_wconf 75' lang='grc' dir='ltr'>μὶν</span> <span class='ocrx_word' id='word_1_33' title='bbox 1151 791 1255 865; x_wconf 78' lang='grc' dir='ltr'>γὰρ</span> <span class='ocrx_word' id='word_1_34' title='bbox 1315 788 1501 865; x_wconf 82' lang='grc' dir='ltr'>χαλκᾶ</span> <span class='ocrx_word' id='word_1_35' title='bbox 1553 787 1761 844; x_wconf 76' lang='grc' dir='ltr'>πέταλα</span> <span class='ocrx_word' id='word_1_36' title='bbox 1816 807 2074 861; x_wconf 88' lang='grc' dir='ltr'>πεπυρω-</span> 
     </span>
    </p>
   </div>
   <div class='ocr_carea' id='block_1_9' title="bbox 418 876 2074 954">
    <p class='ocr_par' dir='ltr' id='par_1_9' title="bbox 418 876 2074 954">
     <span class='ocr_line' id='line_1_9' title="bbox 418 876 2074 954; baseline -0.001 -22"><span class='ocrx_word' id='word_1_37' title='bbox 418 879 552 952; x_wconf 88' lang='grc' dir='ltr'>μένα</span> <span class='ocrx_word' id='word_1_38' title='bbox 579 879 718 933; x_wconf 86' lang='grc' dir='ltr'>κατὰ</span> <span class='ocrx_word' id='word_1_39' title='bbox 772 883 881 933; x_wconf 82' lang='grc' dir='ltr'>τῶν</span> <span class='ocrx_word' id='word_1_40' title='bbox 941 881 1194 954; x_wconf 73' lang='grc' dir='ltr'>πλευρῶν</span> <span class='ocrx_word' id='word_1_41' title='bbox 1253 876 1490 953; x_wconf 80' lang='grc' dir='ltr'>ἐδέξατο·</span> <span class='ocrx_word' id='word_1_42' title='bbox 1545 879 1573 934; x_wconf 84' lang='grc' dir='ltr'><strong>ὁ</strong></span> <span class='ocrx_word' id='word_1_43' title='bbox 1621 876 1678 934; x_wconf 80' lang='grc' dir='ltr'>δὶ</span> <span class='ocrx_word' id='word_1_44' title='bbox 1719 877 1932 952; x_wconf 78' lang='grc' dir='ltr'>θηρίοις</span> <span class='ocrx_word' id='word_1_45' title='bbox 1963 876 2074 947; x_wconf 74' lang='grc' dir='ltr'>ἐξε-</span> 
     </span>
    </p>
   </div>
   <div class='ocr_carea' id='block_1_10' title="bbox 414 965 2073 1046">
    <p class='ocr_par' dir='ltr' id='par_1_10' title="bbox 414 965 2073 1046">
     <span class='ocr_line' id='line_1_10' title="bbox 414 965 2073 1046; baseline -0.002 -22"><span class='ocrx_word' id='word_1_46' title='bbox 414 967 571 1039; x_wconf 81' lang='grc' dir='ltr'>δόθη’</span> <span class='ocrx_word' id='word_1_47' title='bbox 609 969 636 1025; x_wconf 85' lang='grc' dir='ltr'>ὁ</span> <span class='ocrx_word' id='word_1_48' title='bbox 679 967 737 1025; x_wconf 72' lang='grc' dir='ltr'>δὲ</span> <span class='ocrx_word' id='word_1_49' title='bbox 796 969 872 1032; x_wconf 81' lang='grc' dir='ltr'>εἷς</span> <span class='ocrx_word' id='word_1_50' title='bbox 933 967 1192 1045; x_wconf 78' lang='grc' dir='ltr'>σιδηροῦν</span> <span class='ocrx_word' id='word_1_51' title='bbox 1253 969 1444 1046; x_wconf 85' lang='grc' dir='ltr'>θρόνον</span> <span class='ocrx_word' id='word_1_52' title='bbox 1500 969 1891 1045; x_wconf 72' lang='grc' dir='ltr'>πεπυρωμένον</span> <span class='ocrx_word' id='word_1_53' title='bbox 1947 965 2073 1021; x_wconf 74' lang='grc' dir='ltr'>ἐκα-</span> 
     </span>
    </p>
   </div>
   <div class='ocr_carea' id='block_1_11' title="bbox 414 1051 2072 1132">
    <p class='ocr_par' dir='ltr' id='par_1_11' title="bbox 414 1051 2072 1132">
     <span class='ocr_line' id='line_1_11' title="bbox 414 1051 2072 1132; baseline -0.002 -22"><span class='ocrx_word' id='word_1_54' title='bbox 414 1055 601 1125; x_wconf 73' lang='grc' dir='ltr'>θέσθη.</span> <span class='ocrx_word' id='word_1_55' title='bbox 634 1056 740 1112; x_wconf 79' lang='grc' dir='ltr'>Καὶ</span> <span class='ocrx_word' id='word_1_56' title='bbox 773 1058 905 1132; x_wconf 82' lang='grc' dir='ltr'>γυνή</span> <span class='ocrx_word' id='word_1_57' title='bbox 959 1077 1042 1120; x_wconf 90' lang='grc' dir='ltr'>τις</span> <span class='ocrx_word' id='word_1_58' title='bbox 1091 1062 1353 1131; x_wconf 79' lang='grc' dir='ltr'>τυφθεῖσα</span> <span class='ocrx_word' id='word_1_59' title='bbox 1409 1057 1516 1111; x_wconf 85' lang='grc' dir='ltr'>ἀπὸ</span> <span class='ocrx_word' id='word_1_60' title='bbox 1571 1055 1787 1132; x_wconf 75' lang='grc' dir='ltr'>πρωίας</span> <span class='ocrx_word' id='word_1_61' title='bbox 1839 1051 1944 1115; x_wconf 72' lang='grc' dir='ltr'>ἕως</span> <span class='ocrx_word' id='word_1_62' title='bbox 1987 1053 2072 1108; x_wconf 71' lang='grc' dir='ltr'>ἑσ-</span> 
     </span>
    </p>
   </div>
   <div class='ocr_carea' id='block_1_12' title="bbox 411 1143 2072 1222">
    <p class='ocr_par' dir='ltr' id='par_1_12' title="bbox 411 1143 2072 1222">
     <span class='ocr_line' id='line_1_12' title="bbox 411 1143 2072 1222; baseline -0.002 -22"><span class='ocrx_word' id='word_1_63' title='bbox 411 1144 600 1218; x_wconf 82' lang='grc' dir='ltr'>πέρας,</span> <span class='ocrx_word' id='word_1_64' title='bbox 655 1145 744 1200; x_wconf 86' lang='grc' dir='ltr'>καὶ</span> <span class='ocrx_word' id='word_1_65' title='bbox 798 1145 886 1202; x_wconf 65' lang='grc' dir='ltr'>ἰπὶ</span> <span class='ocrx_word' id='word_1_66' title='bbox 940 1145 1106 1217; x_wconf 80' lang='grc' dir='ltr'>ξύλου</span> <span class='ocrx_word' id='word_1_67' title='bbox 1162 1151 1546 1222; x_wconf 82' lang='grc' dir='ltr'>κρεμασθεῖσα,</span> <span class='ocrx_word' id='word_1_68' title='bbox 1595 1144 1686 1201; x_wconf 84' lang='grc' dir='ltr'>καὶ</span> <span class='ocrx_word' id='word_1_69' title='bbox 1730 1143 1943 1220; x_wconf 80' lang='grc' dir='ltr'>θηρίοις</span> <span class='ocrx_word' id='word_1_70' title='bbox 1975 1143 2072 1198; x_wconf 81' lang='grc' dir='ltr'>έκ-</span> 
     </span>
    </p>
   </div>
   <div class='ocr_carea' id='block_1_13' title="bbox 414 1231 2072 1310">
    <p class='ocr_par' dir='ltr' id='par_1_13' title="bbox 414 1231 2072 1310">
     <span class='ocr_line' id='line_1_13' title="bbox 414 1231 2072 1310; baseline -0.001 -22"><span class='ocrx_word' id='word_1_71' title='bbox 414 1231 643 1292; x_wconf 85' lang='grc' dir='ltr'>δοθεῖσα.</span> <span class='ocrx_word' id='word_1_72' title='bbox 680 1237 782 1292; x_wconf 85' lang='grc' dir='ltr'>Καὶ</span> <span class='ocrx_word' id='word_1_73' title='bbox 834 1233 1029 1297; x_wconf 71' lang='grc' dir='ltr'>’ίπποις</span> <span class='ocrx_word' id='word_1_74' title='bbox 1089 1233 1464 1310; x_wconf 88' lang='grc' dir='ltr'>προσδεθεῖσα,</span> <span class='ocrx_word' id='word_1_75' title='bbox 1525 1234 1616 1289; x_wconf 82' lang='grc' dir='ltr'>καὶ</span> <span class='ocrx_word' id='word_1_76' title='bbox 1673 1233 1763 1289; x_wconf 75' lang='grc' dir='ltr'>ἐπὶ</span> <span class='ocrx_word' id='word_1_77' title='bbox 1801 1231 1947 1288; x_wconf 78' lang='grc' dir='ltr'>πολὺ</span> <span class='ocrx_word' id='word_1_78' title='bbox 1979 1252 2072 1286; x_wconf 88' lang='grc' dir='ltr'>συ-</span> 
     </span>
    </p>
   </div>
   <div class='ocr_carea' id='block_1_14' title="bbox 414 1320 2070 1399">
    <p class='ocr_par' dir='ltr' id='par_1_14' title="bbox 414 1320 2070 1399">
     <span class='ocr_line' id='line_1_14' title="bbox 414 1320 2070 1399; baseline -0.002 -21"><span class='ocrx_word' id='word_1_79' title='bbox 414 1325 644 1399; x_wconf 78' lang='grc' dir='ltr'>ρομένη.</span> <span class='ocrx_word' id='word_1_80' title='bbox 691 1321 977 1399; x_wconf 75' lang='grc' dir='ltr'>παρέδωκε</span> <span class='ocrx_word' id='word_1_81' title='bbox 1028 1325 1092 1380; x_wconf 88' lang='grc' dir='ltr'>τὸ</span> <span class='ocrx_word' id='word_1_82' title='bbox 1149 1328 1385 1398; x_wconf 83' lang='grc' dir='ltr'>πνεῦμα.</span> <span class='ocrx_word' id='word_1_83' title='bbox 1445 1324 1512 1382; x_wconf 78' lang='grc' dir='ltr'>Οἱ</span> <span class='ocrx_word' id='word_1_84' title='bbox 1573 1320 1630 1379; x_wconf 69' lang='grc' dir='ltr'>δὲ</span> <span class='ocrx_word' id='word_1_85' title='bbox 1687 1320 1878 1378; x_wconf 82' lang='grc' dir='ltr'>λοιποὶ</span> <span class='ocrx_word' id='word_1_86' title='bbox 1910 1320 1962 1378; x_wconf 78' lang='grc' dir='ltr'>ἐν</span> <span class='ocrx_word' id='word_1_87' title='bbox 2002 1323 2070 1394; x_wconf 78' lang='grc' dir='ltr'>τῇ</span> 
     </span>
    </p>
   </div>
   <div class='ocr_carea' id='block_1_15' title="bbox 412 1409 2071 1493">
    <p class='ocr_par' dir='ltr' id='par_1_15' title="bbox 412 1409 2071 1493">
     <span class='ocr_line' id='line_1_15' title="bbox 412 1409 2071 1493; baseline -0.001 -25"><span class='ocrx_word' id='word_1_88' title='bbox 412 1414 628 1493; x_wconf 78' lang='grc' dir='ltr'>φυλακῇ</span> <span class='ocrx_word' id='word_1_89' title='bbox 714 1410 1023 1489; x_wconf 73' lang='grc' dir='ltr'>βληθέντες,</span> <span class='ocrx_word' id='word_1_90' title='bbox 1109 1414 1378 1490; x_wconf 87' lang='grc' dir='ltr'>σχοινίοις</span> <span class='ocrx_word' id='word_1_91' title='bbox 1491 1412 1894 1488; x_wconf 77' lang='grc' dir='ltr'>ἀπεπνίγησαν,</span> <span class='ocrx_word' id='word_1_92' title='bbox 1979 1409 2071 1466; x_wconf 78' lang='grc' dir='ltr'>καὶ</span> 
     </span>
    </p>
   </div>
   <div class='ocr_carea' id='block_1_16' title="bbox 417 1499 2074 1581">
    <p class='ocr_par' dir='ltr' id='par_1_16' title="bbox 417 1499 2074 1581">
     <span class='ocr_line' id='line_1_16' title="bbox 417 1499 2074 1581; baseline -0.003 -22"><span class='ocrx_word' id='word_1_93' title='bbox 417 1504 551 1579; x_wconf 78' lang='grc' dir='ltr'>βορὰ</span> <span class='ocrx_word' id='word_1_94' title='bbox 577 1509 696 1565; x_wconf 84' lang='grc' dir='ltr'>τοῖς</span> <span class='ocrx_word' id='word_1_95' title='bbox 725 1504 878 1558; x_wconf 78' lang='grc' dir='ltr'>κυσὶν</span> <span class='ocrx_word' id='word_1_96' title='bbox 925 1502 1237 1581; x_wconf 66' lang='grc' dir='ltr'>ἐρρίφησαν,</span> <span class='ocrx_word' id='word_1_97' title='bbox 1297 1504 1387 1559; x_wconf 77' lang='grc' dir='ltr'>καὶ</span> <span class='ocrx_word' id='word_1_98' title='bbox 1437 1500 1685 1577; x_wconf 74' lang='grc' dir='ltr'>ἄψαυστα</span> <span class='ocrx_word' id='word_1_99' title='bbox 1726 1501 1794 1557; x_wconf 79' lang='grc' dir='ltr'>τὰ</span> <span class='ocrx_word' id='word_1_100' title='bbox 1843 1499 2074 1576; x_wconf 79' lang='grc' dir='ltr'>λείψανα</span> 
     </span>
    </p>
   </div>
   <div class='ocr_carea' id='block_1_17' title="bbox 413 1588 2070 1668">
    <p class='ocr_par' dir='ltr' id='par_1_17' title="bbox 413 1588 2070 1668">
     <span class='ocr_line' id='line_1_17' title="bbox 413 1588 2070 1668; baseline -0.003 -20"><span class='ocrx_word' id='word_1_101' title='bbox 413 1592 586 1648; x_wconf 77' lang='grc' dir='ltr'>αὐτῶν</span> <span class='ocrx_word' id='word_1_102' title='bbox 643 1590 1019 1667; x_wconf 83' lang='grc' dir='ltr'>διαμείναντα,</span> <span class='ocrx_word' id='word_1_103' title='bbox 1076 1598 1159 1666; x_wconf 79' lang='grc' dir='ltr'>τῷ</span> <span class='ocrx_word' id='word_1_104' title='bbox 1215 1598 1451 1668; x_wconf 79' lang='grc' dir='ltr'>ποταμῷ</span> <span class='ocrx_word' id='word_1_105' title='bbox 1511 1590 1755 1666; x_wconf 81' lang='grc' dir='ltr'>Ῥοδανῷ</span> <span class='ocrx_word' id='word_1_106' title='bbox 1819 1588 2070 1667; x_wconf 68' lang='grc' dir='ltr'>έναπερῥί</span> 
     </span>
    </p>
   </div>
   <div class='ocr_carea' id='block_1_18' title="bbox 453 1702 614 1752">
    <p class='ocr_par' dir='ltr' id='par_1_18' title="bbox 453 1702 614 1752">
     <span class='ocr_line' id='line_1_18' title="bbox 453 1702 614 1752; baseline 0.019 -17"><span class='ocrx_word' id='word_1_107' title='bbox 453 1702 614 1752; x_wconf 91' lang='grc' dir='ltr'>ησαν.</span> 
     </span>
    </p>
   </div>
   <div class='ocr_carea' id='block_1_19' title="bbox 413 1701 2071 1846">
    <p class='ocr_par' dir='ltr' id='par_1_19' title="bbox 413 1701 2071 1846">
     <span class='ocr_line' id='line_1_19' title="bbox 453 1702 614 1738; baseline 0.019 -3"><span class='ocrx_word' id='word_1_108' title='bbox 453 1702 614 1738; x_wconf 80' lang='grc' dir='ltr'>τσαν.</span> 
     </span>
     <span class='ocr_line' id='line_1_20' title="bbox 413 1701 2071 1846; baseline -0.001 -21"><span class='ocrx_word' id='word_1_109' title='bbox 413 1701 448 1758; x_wconf 60' lang='grc' dir='ltr'>φ</span> <span class='ocrx_word' id='word_1_110' title='bbox 474 1717 581 1825; x_wconf 44' lang='grc' dir='ltr'>δΚαὶ</span> <span class='ocrx_word' id='word_1_111' title='bbox 619 1771 813 1844; x_wconf 81' lang='grc' dir='ltr'>μνήμη</span> <span class='ocrx_word' id='word_1_112' title='bbox 844 1774 942 1826; x_wconf 83' lang='grc' dir='ltr'>τοῦ</span> <span class='ocrx_word' id='word_1_113' title='bbox 974 1769 1127 1826; x_wconf 84' lang='grc' dir='ltr'>ὁσίου</span> <span class='ocrx_word' id='word_1_114' title='bbox 1150 1771 1408 1827; x_wconf 84' lang='grc' dir='ltr'>Ἰωάννου</span> <span class='ocrx_word' id='word_1_115' title='bbox 1434 1773 1532 1826; x_wconf 83' lang='grc' dir='ltr'>τοῦ</span> <span class='ocrx_word' id='word_1_116' title='bbox 1567 1766 2071 1846; x_wconf 71' lang='grc' dir='ltr'>Παλαιολαυρίτου,</span> 
     </span>
    </p>
   </div>
   <div class='ocr_carea' id='block_1_20' title="bbox 409 1859 1173 1938">
    <p class='ocr_par' dir='ltr' id='par_1_20' title="bbox 409 1859 1173 1938">
     <span class='ocr_line' id='line_1_21' title="bbox 409 1859 1173 1938; baseline 0.003 -22"><span class='ocrx_word' id='word_1_117' title='bbox 409 1862 496 1916; x_wconf 79' lang='grc' dir='ltr'>καὶ</span> <span class='ocrx_word' id='word_1_118' title='bbox 529 1863 625 1916; x_wconf 85' lang='grc' dir='ltr'>τοῦ</span> <span class='ocrx_word' id='word_1_119' title='bbox 655 1859 815 1936; x_wconf 74' lang='grc' dir='ltr'>ἁγίου</span> <span class='ocrx_word' id='word_1_120' title='bbox 846 1860 1173 1938; x_wconf 85' lang='grc' dir='ltr'>Μαυρικίου.</span> 
     </span>
    </p>
   </div>
   <div class='ocr_carea' id='block_1_21' title="bbox 969 1979 1505 2038">
    <p class='ocr_par' dir='ltr' id='par_1_21' title="bbox 969 1979 1505 2038">
     <span class='ocr_line' id='line_1_22' title="bbox 969 1979 1505 2038; baseline -0.004 0"><span class='ocrx_word' id='word_1_121' title='bbox 969 1979 1152 2038; x_wconf 82' lang='grc' dir='ltr'>ΜΗΝΙ</span> <span class='ocrx_word' id='word_1_122' title='bbox 1181 1979 1271 2035; x_wconf 85' lang='grc' dir='ltr'>ΤΩ</span> <span class='ocrx_word' id='word_1_123' title='bbox 1306 1981 1505 2036; x_wconf 83' lang='grc' dir='ltr'>ΑΥΤΩ.</span> 
     </span>
    </p>
   </div>
   <div class='ocr_carea' id='block_1_22' title="bbox 1192 2074 1294 2125">
    <p class='ocr_par' dir='ltr' id='par_1_22' title="bbox 1192 2074 1294 2125">
     <span class='ocr_line' id='line_1_23' title="bbox 1192 2074 1294 2125; baseline -0.02 0"><span class='ocrx_word' id='word_1_124' title='bbox 1192 2074 1294 2125; x_wconf 89' lang='lat' dir='ltr'>KZ’</span> 
     </span>
    </p>
   </div>
   <div class='ocr_carea' id='block_1_23' title="bbox 478 2161 1993 2244">
    <p class='ocr_par' dir='ltr' id='par_1_23' title="bbox 478 2161 1993 2244">
     <span class='ocr_line' id='line_1_24' title="bbox 478 2161 1993 2244; baseline -0.005 -18"><span class='ocrx_word' id='word_1_125' title='bbox 478 2166 750 2241; x_wconf 74' lang='grc' dir='ltr'>’Ἂθλησις</span> <span class='ocrx_word' id='word_1_126' title='bbox 798 2170 900 2224; x_wconf 89' lang='grc' dir='ltr'>τοῦ</span> <span class='ocrx_word' id='word_1_127' title='bbox 951 2166 1104 2244; x_wconf 77' lang='grc' dir='ltr'>ἁγίου</span> <span class='ocrx_word' id='word_1_128' title='bbox 1161 2163 1652 2243; x_wconf 72' lang='grc' dir='ltr'>μεγαλομάρτυρος</span> <span class='ocrx_word' id='word_1_129' title='bbox 1684 2161 1993 2236; x_wconf 83' lang='grc' dir='ltr'>Ιῐαντελεή-</span> 
     </span>
    </p>
   </div>
   <div class='ocr_carea' id='block_1_24' title="bbox 1142 2260 1328 2314">
    <p class='ocr_par' dir='ltr' id='par_1_24' title="bbox 1142 2260 1328 2314">
     <span class='ocr_line' id='line_1_25' title="bbox 1142 2260 1328 2314; baseline 0 -19"><span class='ocrx_word' id='word_1_130' title='bbox 1142 2260 1328 2314; x_wconf 86' lang='grc' dir='ltr'>μονος.</span> 
     </span>
    </p>
   </div>
   <div class='ocr_carea' id='block_1_25' title="bbox 478 2363 2065 2442">
    <p class='ocr_par' dir='ltr' id='par_1_25' title="bbox 478 2363 2065 2442">
     <span class='ocr_line' id='line_1_26' title="bbox 478 2363 2065 2442; baseline -0.005 -18"><span class='ocrx_word' id='word_1_131' title='bbox 478 2367 908 2441; x_wconf 77' lang='grc' dir='ltr'>Παντελιήμων,</span> <span class='ocrx_word' id='word_1_132' title='bbox 965 2367 994 2421; x_wconf 85' lang='grc' dir='ltr'>ὁ</span> <span class='ocrx_word' id='word_1_133' title='bbox 1042 2370 1139 2422; x_wconf 87' lang='grc' dir='ltr'>τοῦ</span> <span class='ocrx_word' id='word_1_134' title='bbox 1213 2367 1446 2442; x_wconf 77' lang='grc' dir='ltr'>Χριστοῦ</span> <span class='ocrx_word' id='word_1_135' title='bbox 1533 2364 1785 2438; x_wconf 79' lang='grc' dir='ltr'>μέγιστος</span> <span class='ocrx_word' id='word_1_136' title='bbox 1841 2363 2065 2437; x_wconf 79' lang='grc' dir='ltr'>μάρτυς,</span> 
     </span>
    </p>
   </div>
   <div class='ocr_carea' id='block_1_26' title="bbox 409 2449 2070 2532">
    <p class='ocr_par' dir='ltr' id='par_1_26' title="bbox 409 2449 2070 2532">
     <span class='ocr_line' id='line_1_27' title="bbox 409 2449 2070 2532; baseline -0.004 -20"><span class='ocrx_word' id='word_1_137' title='bbox 409 2459 473 2529; x_wconf 81' lang='grc' dir='ltr'>ἧν</span> <span class='ocrx_word' id='word_1_138' title='bbox 511 2459 603 2532; x_wconf 75' lang='grc' dir='ltr'>μὶν</span> <span class='ocrx_word' id='word_1_139' title='bbox 633 2456 694 2514; x_wconf 76' lang='grc' dir='ltr'>ἐκ</span> <span class='ocrx_word' id='word_1_140' title='bbox 718 2460 820 2522; x_wconf 82' lang='grc' dir='ltr'>τῆς</span> <span class='ocrx_word' id='word_1_141' title='bbox 879 2456 1094 2518; x_wconf 87' lang='grc' dir='ltr'>πόλεως</span> <span class='ocrx_word' id='word_1_142' title='bbox 1149 2451 1548 2528; x_wconf 85' lang='grc' dir='ltr'>Νικομηδείας,</span> <span class='ocrx_word' id='word_1_143' title='bbox 1590 2453 1705 2516; x_wconf 76' lang='grc' dir='ltr'>υἱὸς</span> <span class='ocrx_word' id='word_1_144' title='bbox 1741 2449 1798 2507; x_wconf 72' lang='grc' dir='ltr'>δὲ</span> <span class='ocrx_word' id='word_1_145' title='bbox 1830 2451 2070 2526; x_wconf 83' lang='grc' dir='ltr'>Εὐστορ-</span> 
     </span>
    </p>
   </div>
   <div class='ocr_carea' id='block_1_27' title="bbox 406 2539 2068 2625">
    <p class='ocr_par' dir='ltr' id='par_1_27' title="bbox 406 2539 2068 2625">
     <span class='ocr_line' id='line_1_28' title="bbox 406 2539 2068 2625; baseline -0.004 -22"><span class='ocrx_word' id='word_1_146' title='bbox 406 2548 526 2625; x_wconf 85' lang='grc' dir='ltr'>γίου</span> <span class='ocrx_word' id='word_1_147' title='bbox 583 2546 893 2618; x_wconf 67' lang='grc' dir='ltr'>νΕλληνος,</span> <span class='ocrx_word' id='word_1_148' title='bbox 951 2545 1041 2601; x_wconf 86' lang='grc' dir='ltr'>καὶ</span> <span class='ocrx_word' id='word_1_149' title='bbox 1101 2539 1392 2615; x_wconf 74' lang='grc' dir='ltr'>Εὐϐούλης</span> <span class='ocrx_word' id='word_1_150' title='bbox 1469 2546 1825 2618; x_wconf 74' lang='grc' dir='ltr'>Χριπιανῆς,</span> <span class='ocrx_word' id='word_1_151' title='bbox 1885 2541 2068 2616; x_wconf 71' lang='grc' dir='ltr'>ἰατρὸς</span> 
     </span>
    </p>
   </div>
   <div class='ocr_carea' id='block_1_28' title="bbox 409 2629 2069 2713">
    <p class='ocr_par' dir='ltr' id='par_1_28' title="bbox 409 2629 2069 2713">
     <span class='ocr_line' id='line_1_29' title="bbox 409 2629 2069 2713; baseline -0.005 -21"><span class='ocrx_word' id='word_1_152' title='bbox 409 2638 507 2706; x_wconf 84' lang='grc' dir='ltr'>τήν</span> <span class='ocrx_word' id='word_1_153' title='bbox 565 2637 790 2713; x_wconf 85' lang='grc' dir='ltr'>τέχνην,</span> <span class='ocrx_word' id='word_1_154' title='bbox 853 2633 1136 2711; x_wconf 82' lang='grc' dir='ltr'>διδαχθεὶς</span> <span class='ocrx_word' id='word_1_155' title='bbox 1212 2633 1412 2704; x_wconf 88' lang='grc' dir='ltr'>ταύτην</span> <span class='ocrx_word' id='word_1_156' title='bbox 1477 2633 1571 2706; x_wconf 76' lang='grc' dir='ltr'>μὶν</span> <span class='ocrx_word' id='word_1_157' title='bbox 1648 2630 1793 2704; x_wconf 84' lang='grc' dir='ltr'>παρᾶ</span> <span class='ocrx_word' id='word_1_158' title='bbox 1848 2629 2069 2706; x_wconf 78' lang='grc' dir='ltr'>Εὐφρο-</span> 
     </span>
    </p>
   </div>
   <div class='ocr_carea' id='block_1_29' title="bbox 412 2719 2066 2800">
    <p class='ocr_par' dir='ltr' id='par_1_29' title="bbox 412 2719 2066 2800">
     <span class='ocr_line' id='line_1_30' title="bbox 412 2719 2066 2800; baseline -0.005 -21"><span class='ocrx_word' id='word_1_159' title='bbox 412 2725 598 2793; x_wconf 84' lang='grc' dir='ltr'>σύνου,</span> <span class='ocrx_word' id='word_1_160' title='bbox 630 2725 783 2795; x_wconf 78' lang='grc' dir='ltr'>δόξαν</span> <span class='ocrx_word' id='word_1_161' title='bbox 821 2726 1084 2799; x_wconf 82' lang='grc' dir='ltr'>μεγίστην</span> <span class='ocrx_word' id='word_1_162' title='bbox 1147 2719 1374 2800; x_wconf 75' lang='grc' dir='ltr'>ἔχοντος</span> <span class='ocrx_word' id='word_1_163' title='bbox 1431 2720 1484 2776; x_wconf 76' lang='grc' dir='ltr'>ἐν</span> <span class='ocrx_word' id='word_1_164' title='bbox 1539 2725 1659 2783; x_wconf 90' lang='grc' dir='ltr'>τοῖς</span> <span class='ocrx_word' id='word_1_165' title='bbox 1705 2719 1934 2793; x_wconf 76' lang='grc' dir='ltr'>ἰατροῖς·</span> <span class='ocrx_word' id='word_1_166' title='bbox 1968 2719 2066 2788; x_wconf 81' lang='grc' dir='ltr'>τὴν</span> 
     </span>
    </p>
   </div>
   <div class='ocr_carea' id='block_1_30' title="bbox 413 2802 2064 2888">
    <p class='ocr_par' dir='ltr' id='par_1_30' title="bbox 413 2802 2064 2888">
     <span class='ocr_line' id='line_1_31' title="bbox 413 2802 2064 2888; baseline -0.005 -19"><span class='ocrx_word' id='word_1_167' title='bbox 413 2810 474 2869; x_wconf 70' lang='grc' dir='ltr'>δὲ</span> <span class='ocrx_word' id='word_1_168' title='bbox 499 2818 602 2868; x_wconf 88' lang='grc' dir='ltr'>τοῦ</span> <span class='ocrx_word' id='word_1_169' title='bbox 631 2815 865 2888; x_wconf 85' lang='grc' dir='ltr'>Χριστοῦ</span> <span class='ocrx_word' id='word_1_170' title='bbox 897 2814 1077 2869; x_wconf 85' lang='grc' dir='ltr'>πίστιν</span> <span class='ocrx_word' id='word_1_171' title='bbox 1137 2814 1284 2888; x_wconf 82' lang='grc' dir='ltr'>παρᾶ</span> <span class='ocrx_word' id='word_1_172' title='bbox 1342 2809 1656 2886; x_wconf 80' lang='grc' dir='ltr'>Ἐρμολάου</span> <span class='ocrx_word' id='word_1_173' title='bbox 1698 2812 1796 2864; x_wconf 84' lang='grc' dir='ltr'>τοῦ</span> <span class='ocrx_word' id='word_1_174' title='bbox 1834 2802 2064 2883; x_wconf 77' lang='grc' dir='ltr'>πρεσὸυ-</span> 
     </span>
    </p>
   </div>
   <div class='ocr_carea' id='block_1_31' title="bbox 411 2895 2067 2982">
    <p class='ocr_par' dir='ltr' id='par_1_31' title="bbox 411 2895 2067 2982">
     <span class='ocr_line' id='line_1_32' title="bbox 411 2895 2067 2982; baseline -0.007 -18"><span class='ocrx_word' id='word_1_175' title='bbox 411 2903 597 2975; x_wconf 67' lang='grc' dir='ltr'>τέρου,</span> <span class='ocrx_word' id='word_1_176' title='bbox 630 2905 713 2982; x_wconf 71' lang='grc' dir='ltr'>ὑφ’</span> <span class='ocrx_word' id='word_1_177' title='bbox 753 2905 814 2959; x_wconf 83' lang='grc' dir='ltr'>οῦ</span> <span class='ocrx_word' id='word_1_178' title='bbox 844 2904 934 2960; x_wconf 81' lang='grc' dir='ltr'>καὶ</span> <span class='ocrx_word' id='word_1_179' title='bbox 991 2900 1317 2974; x_wconf 67' lang='grc' dir='ltr'>έϐαπτίσθη.</span> <span class='ocrx_word' id='word_1_180' title='bbox 1374 2905 1453 2956; x_wconf 80' lang='grc' dir='ltr'>Δι’</span> <span class='ocrx_word' id='word_1_181' title='bbox 1504 2899 1570 2971; x_wconf 65' lang='grc' dir='ltr'>ἦν</span> <span class='ocrx_word' id='word_1_182' title='bbox 1621 2899 1713 2955; x_wconf 79' lang='grc' dir='ltr'>καὶ</span> <span class='ocrx_word' id='word_1_183' title='bbox 1762 2895 1930 2954; x_wconf 83' lang='grc' dir='ltr'>παῖδα</span> <span class='ocrx_word' id='word_1_184' title='bbox 1962 2898 2067 2953; x_wconf 83' lang='grc' dir='ltr'>ὑπὸ</span> 
     </span>
    </p>
   </div>
   <div class='ocr_carea' id='block_1_32' title="bbox 417 2988 2065 3068">
    <p class='ocr_par' dir='ltr' id='par_1_32' title="bbox 417 2988 2065 3068">
     <span class='ocr_line' id='line_1_33' title="bbox 417 2988 2065 3068; baseline -0.004 -20"><span class='ocrx_word' id='word_1_185' title='bbox 417 2991 640 3068; x_wconf 75' lang='grc' dir='ltr'>ἐχίδνης</span> <span class='ocrx_word' id='word_1_186' title='bbox 696 2990 994 3068; x_wconf 75' lang='grc' dir='ltr'>πληγέντα,</span> <span class='ocrx_word' id='word_1_187' title='bbox 1051 2992 1141 3047; x_wconf 85' lang='grc' dir='ltr'>καὶ</span> <span class='ocrx_word' id='word_1_188' title='bbox 1217 2990 1586 3055; x_wconf 79' lang='grc' dir='ltr'>θανατωθέντα</span> <span class='ocrx_word' id='word_1_189' title='bbox 1640 2988 1916 3058; x_wconf 76' lang='grc' dir='ltr'>ἀνέστησε,</span> <span class='ocrx_word' id='word_1_190' title='bbox 1975 2988 2065 3043; x_wconf 83' lang='grc' dir='ltr'>καὶ</span> 
     </span>
    </p>
   </div>
   <div class='ocr_carea' id='block_1_33' title="bbox 411 3075 2066 3161">
    <p class='ocr_par' dir='ltr' id='par_1_33' title="bbox 411 3075 2066 3161">
     <span class='ocr_line' id='line_1_34' title="bbox 411 3075 2066 3161; baseline -0.003 -23"><span class='ocrx_word' id='word_1_191' title='bbox 411 3081 615 3161; x_wconf 46' lang='lat' dir='ltr'>meiat</span> <span class='ocrx_word' id='word_1_192' title='bbox 646 3081 951 3158; x_wconf 71' lang='grc' dir='ltr'>ἀναβλέψαι</span> <span class='ocrx_word' id='word_1_193' title='bbox 1003 3081 1246 3152; x_wconf 55' lang='lat' dir='ltr'>ﬁmi-nar</span> <span class='ocrx_word' id='word_1_194' title='bbox 1302 3081 1392 3136; x_wconf 84' lang='grc' dir='ltr'>καὶ</span> <span class='ocrx_word' id='word_1_195' title='bbox 1445 3078 1590 3137; x_wconf 73' lang='grc' dir='ltr'>ἄλλα</span> <span class='ocrx_word' id='word_1_196' title='bbox 1629 3075 1819 3134; x_wconf 71' lang='grc' dir='ltr'>πολλὰ</span> <span class='ocrx_word' id='word_1_197' title='bbox 1849 3076 2066 3152; x_wconf 84' lang='grc' dir='ltr'>διενήρ-</span> 
     </span>
    </p>
   </div>
   <div class='ocr_carea' id='block_1_34' title="bbox 411 3166 2061 3247">
    <p class='ocr_par' dir='ltr' id='par_1_34' title="bbox 411 3166 2061 3247">
     <span class='ocr_line' id='line_1_35' title="bbox 411 3166 2061 3247; baseline -0.003 -20"><span class='ocrx_word' id='word_1_198' title='bbox 411 3192 546 3247; x_wconf 79' lang='grc' dir='ltr'>γησε</span> <span class='ocrx_word' id='word_1_199' title='bbox 602 3173 868 3245; x_wconf 83' lang='grc' dir='ltr'>θαύματα.</span> <span class='ocrx_word' id='word_1_200' title='bbox 931 3172 1294 3247; x_wconf 80' lang='grc' dir='ltr'>Διαγνωσθεὶς</span> <span class='ocrx_word' id='word_1_201' title='bbox 1368 3169 1426 3226; x_wconf 71' lang='grc' dir='ltr'>δὲ</span> <span class='ocrx_word' id='word_1_202' title='bbox 1479 3174 1560 3242; x_wconf 78' lang='grc' dir='ltr'>τῷ</span> <span class='ocrx_word' id='word_1_203' title='bbox 1621 3166 1837 3245; x_wconf 82' lang='grc' dir='ltr'>βασιλεῖ</span> <span class='ocrx_word' id='word_1_204' title='bbox 1889 3169 2061 3238; x_wconf 55' lang='lat' dir='ltr'>Mair.-</span> 
     </span>
    </p>
   </div>
   <div class='ocr_carea' id='block_1_35' title="bbox 2175 613 3838 687">
    <p class='ocr_par' dir='ltr' id='par_1_35' title="bbox 2175 613 3838 687">
     <span class='ocr_line' id='line_1_36' title="bbox 2175 613 3838 687; baseline 0.002 -20"><span class='ocrx_word' id='word_1_205' title='bbox 2175 613 2601 669; x_wconf 89' lang='lat' dir='ltr'>commissuros</span> <span class='ocrx_word' id='word_1_206' title='bbox 2629 621 2934 687; x_wconf 82' lang='lat' dir='ltr'>negantes,</span> <span class='ocrx_word' id='word_1_207' title='bbox 2964 615 3026 669; x_wconf 91' lang='lat' dir='ltr'>in</span> <span class='ocrx_word' id='word_1_208' title='bbox 3057 629 3356 670; x_wconf 89' lang='lat' dir='ltr'>carcerem</span> <span class='ocrx_word' id='word_1_209' title='bbox 3386 615 3666 686; x_wconf 87' lang='lat' dir='ltr'>conjecti,</span> <span class='ocrx_word' id='word_1_210' title='bbox 3701 632 3838 670; x_wconf 82' lang='lat' dir='ltr'>mox</span> 
     </span>
    </p>
   </div>
   <div class='ocr_carea' id='block_1_36' title="bbox 2178 701 3837 773">
    <p class='ocr_par' dir='ltr' id='par_1_36' title="bbox 2178 701 3837 773">
     <span class='ocr_line' id='line_1_37' title="bbox 2178 701 3837 773; baseline 0.001 -18"><span class='ocrx_word' id='word_1_211' title='bbox 2178 701 2316 758; x_wconf 89' lang='lat' dir='ltr'>inde</span> <span class='ocrx_word' id='word_1_212' title='bbox 2349 702 2568 773; x_wconf 89' lang='lat' dir='ltr'>educti,</span> <span class='ocrx_word' id='word_1_213' title='bbox 2599 721 2805 759; x_wconf 86' lang='lat' dir='ltr'>rursus</span> <span class='ocrx_word' id='word_1_214' title='bbox 2856 703 2994 758; x_wconf 88' lang='lat' dir='ltr'>torti</span> <span class='ocrx_word' id='word_1_215' title='bbox 3043 704 3246 759; x_wconf 87' lang='lat' dir='ltr'>fuere:</span> <span class='ocrx_word' id='word_1_216' title='bbox 3298 709 3356 758; x_wconf 92' lang='lat' dir='ltr'>et</span> <span class='ocrx_word' id='word_1_217' title='bbox 3409 703 3564 759; x_wconf 92' lang='lat' dir='ltr'>alius</span> <span class='ocrx_word' id='word_1_218' title='bbox 3596 703 3837 773; x_wconf 88' lang='lat' dir='ltr'>quidem</span> 
     </span>
    </p>
   </div>
   <div class='ocr_carea' id='block_1_37' title="bbox 2179 791 3838 864">
    <p class='ocr_par' dir='ltr' id='par_1_37' title="bbox 2179 791 3838 864">
     <span class='ocr_line' id='line_1_38' title="bbox 2179 791 3838 864; baseline 0 -18"><span class='ocrx_word' id='word_1_219' title='bbox 2179 792 2501 848; x_wconf 76' lang='lat' dir='ltr'>candentes</span> <span class='ocrx_word' id='word_1_220' title='bbox 2531 793 2788 848; x_wconf 85' lang='lat' dir='ltr'>laminas</span> <span class='ocrx_word' id='word_1_221' title='bbox 2815 808 3011 848; x_wconf 80' lang='lat' dir='ltr'>aeneas</span> <span class='ocrx_word' id='word_1_222' title='bbox 3060 792 3345 848; x_wconf 82' lang='lat' dir='ltr'>lateribus</span> <span class='ocrx_word' id='word_1_223' title='bbox 3393 792 3695 864; x_wconf 88' lang='lat' dir='ltr'>subjectas</span> <span class='ocrx_word' id='word_1_224' title='bbox 3727 791 3838 846; x_wconf 90' lang='lat' dir='ltr'>ha-</span> 
     </span>
    </p>
   </div>
   <div class='ocr_carea' id='block_1_38' title="bbox 2179 877 3842 949">
    <p class='ocr_par' dir='ltr' id='par_1_38' title="bbox 2179 877 3842 949">
     <span class='ocr_line' id='line_1_39' title="bbox 2179 877 3842 949; baseline 0.001 -15"><span class='ocrx_word' id='word_1_225' title='bbox 2179 877 2342 948; x_wconf 89' lang='lat' dir='ltr'>buit;</span> <span class='ocrx_word' id='word_1_226' title='bbox 2371 881 2524 936; x_wconf 88' lang='lat' dir='ltr'>alius</span> <span class='ocrx_word' id='word_1_227' title='bbox 2553 880 2694 936; x_wconf 91' lang='lat' dir='ltr'>feris</span> <span class='ocrx_word' id='word_1_228' title='bbox 2728 881 3013 949; x_wconf 88' lang='lat' dir='ltr'>traditus;</span> <span class='ocrx_word' id='word_1_229' title='bbox 3040 881 3193 937; x_wconf 86' lang='lat' dir='ltr'>alius</span> <span class='ocrx_word' id='word_1_230' title='bbox 3224 882 3286 935; x_wconf 91' lang='lat' dir='ltr'>in</span> <span class='ocrx_word' id='word_1_231' title='bbox 3315 881 3456 936; x_wconf 93' lang='lat' dir='ltr'>sede</span> <span class='ocrx_word' id='word_1_232' title='bbox 3482 881 3679 936; x_wconf 85' lang='lat' dir='ltr'>ferrea</span> <span class='ocrx_word' id='word_1_233' title='bbox 3709 897 3842 936; x_wconf 87' lang='lat' dir='ltr'>can-</span> 
     </span>
    </p>
   </div>
   <div class='ocr_carea' id='block_1_39' title="bbox 2178 968 3838 1043">
    <p class='ocr_par' dir='ltr' id='par_1_39' title="bbox 2178 968 3838 1043">
     <span class='ocr_line' id='line_1_40' title="bbox 2178 968 3838 1043; baseline 0.002 -20"><span class='ocrx_word' id='word_1_234' title='bbox 2178 968 2355 1025; x_wconf 83' lang='lat' dir='ltr'>dente</span> <span class='ocrx_word' id='word_1_235' title='bbox 2381 971 2695 1043; x_wconf 90' lang='lat' dir='ltr'>impositus</span> <span class='ocrx_word' id='word_1_236' title='bbox 2720 970 3113 1036; x_wconf 73' lang='lat' dir='ltr'>est.Quaedam</span> <span class='ocrx_word' id='word_1_237' title='bbox 3138 976 3336 1026; x_wconf 88' lang='lat' dir='ltr'>autem</span> <span class='ocrx_word' id='word_1_238' title='bbox 3365 970 3584 1026; x_wconf 90' lang='lat' dir='ltr'>mulier</span> <span class='ocrx_word' id='word_1_239' title='bbox 3609 988 3643 1026; x_wconf 95' lang='lat' dir='ltr'>a</span> <span class='ocrx_word' id='word_1_240' title='bbox 3661 986 3838 1026; x_wconf 90' lang='lat' dir='ltr'>mane</span> 
     </span>
    </p>
   </div>
   <div class='ocr_carea' id='block_1_40' title="bbox 2178 1060 3835 1133">
    <p class='ocr_par' dir='ltr' id='par_1_40' title="bbox 2178 1060 3835 1133">
     <span class='ocr_line' id='line_1_41' title="bbox 2178 1060 3835 1133; baseline 0 -19"><span class='ocrx_word' id='word_1_241' title='bbox 2178 1075 2366 1131; x_wconf 90' lang='lat' dir='ltr'>usque</span> <span class='ocrx_word' id='word_1_242' title='bbox 2397 1061 2471 1114; x_wconf 88' lang='lat' dir='ltr'>ad</span> <span class='ocrx_word' id='word_1_243' title='bbox 2500 1077 2806 1132; x_wconf 84' lang='lat' dir='ltr'>vesperam</span> <span class='ocrx_word' id='word_1_244' title='bbox 2860 1061 3060 1133; x_wconf 83' lang='lat' dir='ltr'>ﬂagris</span> <span class='ocrx_word' id='word_1_245' title='bbox 3111 1077 3281 1127; x_wconf 62' lang='lat' dir='ltr'>caesa,</span> <span class='ocrx_word' id='word_1_246' title='bbox 3334 1078 3470 1116; x_wconf 84' lang='lat' dir='ltr'>mox</span> <span class='ocrx_word' id='word_1_247' title='bbox 3514 1061 3575 1114; x_wconf 89' lang='lat' dir='ltr'>in</span> <span class='ocrx_word' id='word_1_248' title='bbox 3608 1060 3835 1132; x_wconf 80' lang='lat' dir='ltr'>lignum</span> 
     </span>
    </p>
   </div>
   <div class='ocr_carea' id='block_1_41' title="bbox 2179 1150 3834 1222">
    <p class='ocr_par' dir='ltr' id='par_1_41' title="bbox 2179 1150 3834 1222">
     <span class='ocr_line' id='line_1_42' title="bbox 2179 1150 3834 1222; baseline -0.001 -16"><span class='ocrx_word' id='word_1_249' title='bbox 2179 1166 2489 1222; x_wconf 89' lang='lat' dir='ltr'>suspensa,</span> <span class='ocrx_word' id='word_1_250' title='bbox 2522 1150 2782 1222; x_wconf 89' lang='lat' dir='ltr'>ferisque</span> <span class='ocrx_word' id='word_1_251' title='bbox 2815 1150 3066 1222; x_wconf 77' lang='lat' dir='ltr'>objecta,</span> <span class='ocrx_word' id='word_1_252' title='bbox 3101 1151 3268 1222; x_wconf 90' lang='lat' dir='ltr'>equis</span> <span class='ocrx_word' id='word_1_253' title='bbox 3298 1150 3538 1205; x_wconf 91' lang='lat' dir='ltr'>demum</span> <span class='ocrx_word' id='word_1_254' title='bbox 3570 1150 3834 1222; x_wconf 86' lang='lat' dir='ltr'>alligata,</span> 
     </span>
    </p>
   </div>
   <div class='ocr_carea' id='block_1_42' title="bbox 2177 1240 3831 1314">
    <p class='ocr_par' dir='ltr' id='par_1_42' title="bbox 2177 1240 3831 1314">
     <span class='ocr_line' id='line_1_43' title="bbox 2177 1240 3831 1314; baseline -0.002 -18"><span class='ocrx_word' id='word_1_255' title='bbox 2177 1241 2249 1296; x_wconf 90' lang='lat' dir='ltr'>ab</span> <span class='ocrx_word' id='word_1_256' title='bbox 2273 1241 2465 1312; x_wconf 91' lang='lat' dir='ltr'>iisque</span> <span class='ocrx_word' id='word_1_257' title='bbox 2487 1240 2709 1296; x_wconf 84' lang='lat' dir='ltr'>diutius</span> <span class='ocrx_word' id='word_1_258' title='bbox 2735 1247 2986 1314; x_wconf 85' lang='lat' dir='ltr'>raptata,</span> <span class='ocrx_word' id='word_1_259' title='bbox 3011 1242 3285 1313; x_wconf 88' lang='lat' dir='ltr'>spiritum</span> <span class='ocrx_word' id='word_1_260' title='bbox 3310 1240 3572 1296; x_wconf 85' lang='lat' dir='ltr'>tradidit.</span> <span class='ocrx_word' id='word_1_261' title='bbox 3594 1240 3831 1310; x_wconf 84' lang='lat' dir='ltr'>Reliqui</span> 
     </span>
    </p>
   </div>
   <div class='ocr_carea' id='block_1_43' title="bbox 2176 1331 3832 1403">
    <p class='ocr_par' dir='ltr' id='par_1_43' title="bbox 2176 1331 3832 1403">
     <span class='ocr_line' id='line_1_44' title="bbox 2176 1331 3832 1403; baseline -0.002 -16"><span class='ocrx_word' id='word_1_262' title='bbox 2176 1349 2313 1388; x_wconf 86' lang='lat' dir='ltr'>vero</span> <span class='ocrx_word' id='word_1_263' title='bbox 2360 1334 2422 1388; x_wconf 90' lang='lat' dir='ltr'>in</span> <span class='ocrx_word' id='word_1_264' title='bbox 2451 1349 2751 1389; x_wconf 87' lang='lat' dir='ltr'>carcerem</span> <span class='ocrx_word' id='word_1_265' title='bbox 2783 1333 3029 1400; x_wconf 91' lang='lat' dir='ltr'>detrusi,</span> <span class='ocrx_word' id='word_1_266' title='bbox 3062 1332 3422 1403; x_wconf 88' lang='lat' dir='ltr'>funibusque</span> <span class='ocrx_word' id='word_1_267' title='bbox 3455 1331 3832 1403; x_wconf 84' lang='lat' dir='ltr'>strangulati,</span> 
     </span>
    </p>
   </div>
   <div class='ocr_carea' id='block_1_44' title="bbox 2179 1422 3832 1495">
    <p class='ocr_par' dir='ltr' id='par_1_44' title="bbox 2179 1422 3832 1495">
     <span class='ocr_line' id='line_1_45' title="bbox 2179 1422 3832 1495; baseline -0.003 -15"><span class='ocrx_word' id='word_1_268' title='bbox 2179 1423 2426 1480; x_wconf 88' lang='lat' dir='ltr'>canibus</span> <span class='ocrx_word' id='word_1_269' title='bbox 2483 1423 2557 1478; x_wconf 92' lang='lat' dir='ltr'>ad</span> <span class='ocrx_word' id='word_1_270' title='bbox 2613 1424 3013 1479; x_wconf 83' lang='lat' dir='ltr'>devorandum</span> <span class='ocrx_word' id='word_1_271' title='bbox 3070 1422 3319 1495; x_wconf 84' lang='lat' dir='ltr'>projecti</span> <span class='ocrx_word' id='word_1_272' title='bbox 3367 1427 3536 1477; x_wconf 90' lang='lat' dir='ltr'>sunt:</span> <span class='ocrx_word' id='word_1_273' title='bbox 3580 1438 3832 1492; x_wconf 88' lang='lat' dir='ltr'>quorum</span> 
     </span>
    </p>
   </div>
   <div class='ocr_carea' id='block_1_45' title="bbox 2178 1510 3832 1584">
    <p class='ocr_par' dir='ltr' id='par_1_45' title="bbox 2178 1510 3832 1584">
     <span class='ocr_line' id='line_1_46' title="bbox 2178 1510 3832 1584; baseline -0.002 -16"><span class='ocrx_word' id='word_1_274' title='bbox 2178 1512 2331 1568; x_wconf 76' lang='lat'>183</span> <span class='ocrx_word' id='word_1_275' title='bbox 2365 1513 2632 1584; x_wconf 68' lang='lat' dir='ltr'>reliquiae</span> <span class='ocrx_word' id='word_1_276' title='bbox 2665 1529 2800 1568; x_wconf 92' lang='lat' dir='ltr'>cum</span> <span class='ocrx_word' id='word_1_277' title='bbox 2830 1513 3066 1568; x_wconf 80' lang='lat' dir='ltr'>intach</span> <span class='ocrx_word' id='word_1_278' title='bbox 3099 1511 3481 1579; x_wconf 87' lang='lat' dir='ltr'>mansissent,</span> <span class='ocrx_word' id='word_1_279' title='bbox 3506 1511 3569 1566; x_wconf 90' lang='lat' dir='ltr'>in</span> <span class='ocrx_word' id='word_1_280' title='bbox 3599 1510 3832 1566; x_wconf 84' lang='lat' dir='ltr'>Rhoda-</span> 
     </span>
    </p>
   </div>
   <div class='ocr_carea' id='block_1_46' title="bbox 2177 1601 3085 1674">
    <p class='ocr_par' dir='ltr' id='par_1_46' title="bbox 2177 1601 3085 1674">
     <span class='ocr_line' id='line_1_47' title="bbox 2177 1601 3085 1674; baseline -0.004 -16"><span class='ocrx_word' id='word_1_281' title='bbox 2177 1619 2320 1658; x_wconf 90' lang='lat' dir='ltr'>num</span> <span class='ocrx_word' id='word_1_282' title='bbox 2353 1602 2598 1658; x_wconf 83' lang='lat' dir='ltr'>ﬂuvium</span> <span class='ocrx_word' id='word_1_283' title='bbox 2620 1602 2796 1674; x_wconf 80' lang='lat' dir='ltr'>jactaa</span> <span class='ocrx_word' id='word_1_284' title='bbox 2825 1601 3085 1657; x_wconf 89' lang='lat' dir='ltr'>fuerunt.</span> 
     </span>
    </p>
   </div>
   <div class='ocr_carea' id='block_1_47' title="bbox 2249 1777 3828 1847">
    <p class='ocr_par' dir='ltr' id='par_1_47' title="bbox 2249 1777 3828 1847">
     <span class='ocr_line' id='line_1_48' title="bbox 2249 1777 3828 1847; baseline -0.003 -10"><span class='ocrx_word' id='word_1_285' title='bbox 2249 1783 2321 1837; x_wconf 87' lang='lat' dir='ltr'>Et</span> <span class='ocrx_word' id='word_1_286' title='bbox 2346 1781 2834 1838; x_wconf 86' lang='lat' dir='ltr'>commemoratio</span> <span class='ocrx_word' id='word_1_287' title='bbox 2867 1781 3056 1838; x_wconf 89' lang='lat' dir='ltr'>sancti</span> <span class='ocrx_word' id='word_1_288' title='bbox 3101 1779 3345 1838; x_wconf 87' lang='lat' dir='ltr'>Joannis</span> <span class='ocrx_word' id='word_1_289' title='bbox 3376 1777 3828 1847; x_wconf 71' lang='lat' dir='ltr'>Palaeolauritaa,</span> 
     </span>
    </p>
   </div>
   <div class='ocr_carea' id='block_1_48' title="bbox 2098 1871 2762 1957">
    <p class='ocr_par' dir='ltr' id='par_1_48' title="bbox 2098 1871 2762 1957">
     <span class='ocr_line' id='line_1_49' title="bbox 2098 1871 2762 1957; baseline 0 -30"><span class='ocrx_word' id='word_1_290' title='bbox 2098 1890 2151 1957; x_wconf 81' lang='grc' dir='ltr'>Β</span> <span class='ocrx_word' id='word_1_291' title='bbox 2182 1876 2242 1927; x_wconf 89' lang='lat' dir='ltr'>et</span> <span class='ocrx_word' id='word_1_292' title='bbox 2264 1871 2456 1927; x_wconf 86' lang='lat' dir='ltr'>sancti</span> <span class='ocrx_word' id='word_1_293' title='bbox 2480 1871 2762 1928; x_wconf 82' lang='lat' dir='ltr'>Mauritii.</span> 
     </span>
    </p>
   </div>
   <div class='ocr_carea' id='block_1_49' title="bbox 2737 1987 3268 2044">
    <p class='ocr_par' dir='ltr' id='par_1_49' title="bbox 2737 1987 3268 2044">
     <span class='ocr_line' id='line_1_50' title="bbox 2737 1987 3268 2044; baseline 0.002 -1"><span class='ocrx_word' id='word_1_294' title='bbox 2737 1987 2978 2044; x_wconf 84' lang='lat' dir='ltr'><strong>EODEM</strong></span> <span class='ocrx_word' id='word_1_295' title='bbox 3017 1987 3268 2044; x_wconf 82' lang='lat' dir='ltr'>MENSE.</span> 
     </span>
    </p>
   </div>
   <div class='ocr_carea' id='block_1_50' title="bbox 2638 2079 3367 2152">
    <p class='ocr_par' dir='ltr' id='par_1_50' title="bbox 2638 2079 3367 2152">
     <span class='ocr_line' id='line_1_51' title="bbox 2638 2079 3367 2152; baseline -0.005 -17"><span class='ocrx_word' id='word_1_296' title='bbox 2638 2079 2742 2135; x_wconf 91' lang='lat' dir='ltr'>Die</span> <span class='ocrx_word' id='word_1_297' title='bbox 2785 2079 3067 2135; x_wconf 87' lang='lat' dir='ltr'>vicesima</span> <span class='ocrx_word' id='word_1_298' title='bbox 3097 2079 3367 2152; x_wconf 89' lang='lat' dir='ltr'>septima.</span> 
     </span>
    </p>
   </div>
   <div class='ocr_carea' id='block_1_51' title="bbox 2251 2175 3756 2250">
    <p class='ocr_par' dir='ltr' id='par_1_51' title="bbox 2251 2175 3756 2250">
     <span class='ocr_line' id='line_1_52' title="bbox 2251 2175 3756 2250; baseline -0.001 -18"><span class='ocrx_word' id='word_1_299' title='bbox 2251 2177 2536 2234; x_wconf 81' lang='lat' dir='ltr'>Certamen</span> <span class='ocrx_word' id='word_1_300' title='bbox 2563 2179 2740 2234; x_wconf 75' lang='lat' dir='ltr'>sancti</span> <span class='ocrx_word' id='word_1_301' title='bbox 2784 2181 2972 2250; x_wconf 82' lang='lat' dir='ltr'>magni</span> <span class='ocrx_word' id='word_1_302' title='bbox 3014 2180 3273 2248; x_wconf 75' lang='lat' dir='ltr'>martyris</span> <span class='ocrx_word' id='word_1_303' title='bbox 3307 2175 3756 2234; x_wconf 71' lang='lat' dir='ltr'>Pantaleemom’s.</span> 
     </span>
    </p>
   </div>
   <div class='ocr_carea' id='block_1_52' title="bbox 2248 2362 3828 2438">
    <p class='ocr_par' dir='ltr' id='par_1_52' title="bbox 2248 2362 3828 2438">
     <span class='ocr_line' id='line_1_53' title="bbox 2248 2362 3828 2438; baseline -0.001 -18"><span class='ocrx_word' id='word_1_304' title='bbox 2248 2364 2672 2422; x_wconf 89' lang='lat' dir='ltr'>Panteleemon</span> <span class='ocrx_word' id='word_1_305' title='bbox 2718 2367 3012 2422; x_wconf 85' lang='lat' dir='ltr'>maximus</span> <span class='ocrx_word' id='word_1_306' title='bbox 3061 2365 3276 2422; x_wconf 89' lang='lat' dir='ltr'>Christi</span> <span class='ocrx_word' id='word_1_307' title='bbox 3308 2371 3552 2438; x_wconf 81' lang='lat' dir='ltr'>martyr,</span> <span class='ocrx_word' id='word_1_308' title='bbox 3587 2380 3655 2421; x_wconf 83' lang='lat' dir='ltr'>ex</span> <span class='ocrx_word' id='word_1_309' title='bbox 3685 2362 3828 2419; x_wconf 86' lang='lat' dir='ltr'>urbe</span> 
     </span>
    </p>
   </div>
   <div class='ocr_carea' id='block_1_53' title="bbox 2177 2454 3828 2529">
    <p class='ocr_par' dir='ltr' id='par_1_53' title="bbox 2177 2454 3828 2529">
     <span class='ocr_line' id='line_1_54' title="bbox 2177 2454 3828 2529; baseline -0.001 -18"><span class='ocrx_word' id='word_1_310' title='bbox 2177 2455 2538 2522; x_wconf 87' lang='lat' dir='ltr'>Nicomedia,</span> <span class='ocrx_word' id='word_1_311' title='bbox 2561 2455 2720 2512; x_wconf 84' lang='lat' dir='ltr'>filius</span> <span class='ocrx_word' id='word_1_312' title='bbox 2740 2457 2853 2512; x_wconf 86' lang='lat' dir='ltr'>fuit</span> <span class='ocrx_word' id='word_1_313' title='bbox 2881 2457 3172 2529; x_wconf 83' lang='lat' dir='ltr'>Eustorgii</span> <span class='ocrx_word' id='word_1_314' title='bbox 3206 2456 3448 2521; x_wconf 84' lang='lat' dir='ltr'>ethnici,</span> <span class='ocrx_word' id='word_1_315' title='bbox 3483 2463 3541 2510; x_wconf 91' lang='lat' dir='ltr'>et</span> <span class='ocrx_word' id='word_1_316' title='bbox 3568 2454 3828 2510; x_wconf 91' lang='lat' dir='ltr'>Eubules</span> 
     </span>
    </p>
   </div>
   <div class='ocr_carea' id='block_1_54' title="bbox 2176 2544 3829 2618">
    <p class='ocr_par' dir='ltr' id='par_1_54' title="bbox 2176 2544 3829 2618">
     <span class='ocr_line' id='line_1_55' title="bbox 2176 2544 3829 2618; baseline -0.001 -18"><span class='ocrx_word' id='word_1_317' title='bbox 2176 2545 2547 2610; x_wconf 64' lang='lat' dir='ltr'>Christianas,</span> <span class='ocrx_word' id='word_1_318' title='bbox 2580 2546 2949 2618; x_wconf 83' lang='lat' dir='ltr'>professione</span> <span class='ocrx_word' id='word_1_319' title='bbox 2990 2546 3296 2602; x_wconf 88' lang='lat' dir='ltr'>medicus:</span> <span class='ocrx_word' id='word_1_320' title='bbox 3355 2562 3532 2617; x_wconf 89' lang='lat' dir='ltr'>quam</span> <span class='ocrx_word' id='word_1_321' title='bbox 3584 2544 3829 2616; x_wconf 88' lang='lat' dir='ltr'>quidem</span> 
     </span>
    </p>
   </div>
   <div class='ocr_carea' id='block_1_55' title="bbox 2177 2634 3832 2707">
    <p class='ocr_par' dir='ltr' id='par_1_55' title="bbox 2177 2634 3832 2707">
     <span class='ocr_line' id='line_1_56' title="bbox 2177 2634 3832 2707; baseline -0.002 -16"><span class='ocrx_word' id='word_1_322' title='bbox 2177 2640 2365 2691; x_wconf 89' lang='lat' dir='ltr'>artem</span> <span class='ocrx_word' id='word_1_323' title='bbox 2419 2635 2492 2690; x_wconf 89' lang='lat' dir='ltr'>ab</span> <span class='ocrx_word' id='word_1_324' title='bbox 2544 2635 2934 2707; x_wconf 88' lang='lat' dir='ltr'>Euphrosyno</span> <span class='ocrx_word' id='word_1_325' title='bbox 2987 2635 3306 2691; x_wconf 80' lang='lat' dir='ltr'>maximam</span> <span class='ocrx_word' id='word_1_326' title='bbox 3359 2635 3517 2690; x_wconf 88' lang='lat' dir='ltr'>inter</span> <span class='ocrx_word' id='word_1_327' title='bbox 3569 2634 3832 2688; x_wconf 89' lang='lat' dir='ltr'>medicos</span> 
     </span>
    </p>
   </div>
   <div class='ocr_carea' id='block_1_56' title="bbox 2175 2723 3832 2799">
    <p class='ocr_par' dir='ltr' id='par_1_56' title="bbox 2175 2723 3832 2799">
     <span class='ocr_line' id='line_1_57' title="bbox 2175 2723 3832 2799; baseline -0.002 -18"><span class='ocrx_word' id='word_1_328' title='bbox 2175 2726 2421 2799; x_wconf 80' lang='lat' dir='ltr'>gloriam</span> <span class='ocrx_word' id='word_1_329' title='bbox 2454 2725 2667 2797; x_wconf 87' lang='lat' dir='ltr'>adepto</span> <span class='ocrx_word' id='word_1_330' title='bbox 2701 2726 3027 2794; x_wconf 88' lang='lat' dir='ltr'>didicerat;</span> <span class='ocrx_word' id='word_1_331' title='bbox 3061 2727 3279 2781; x_wconf 88' lang='lat' dir='ltr'>Christi</span> <span class='ocrx_word' id='word_1_332' title='bbox 3319 2732 3516 2781; x_wconf 87' lang='lat' dir='ltr'>autem</span> <span class='ocrx_word' id='word_1_333' title='bbox 3551 2725 3728 2782; x_wconf 83' lang='lat' dir='ltr'>fidem</span> <span class='ocrx_word' id='word_1_334' title='bbox 3761 2723 3832 2781; x_wconf 91' lang='lat' dir='ltr'>ab</span> 
     </span>
    </p>
   </div>
   <div class='ocr_carea' id='block_1_57' title="bbox 2177 2814 3830 2888">
    <p class='ocr_par' dir='ltr' id='par_1_57' title="bbox 2177 2814 3830 2888">
     <span class='ocr_line' id='line_1_58' title="bbox 2177 2814 3830 2888; baseline -0.001 -18"><span class='ocrx_word' id='word_1_335' title='bbox 2177 2815 2490 2870; x_wconf 85' lang='lat' dir='ltr'>Hermolao</span> <span class='ocrx_word' id='word_1_336' title='bbox 2523 2814 2867 2888; x_wconf 85' lang='lat' dir='ltr'>presbytero</span> <span class='ocrx_word' id='word_1_337' title='bbox 2923 2816 3170 2886; x_wconf 89' lang='lat' dir='ltr'>accepit.</span> <span class='ocrx_word' id='word_1_338' title='bbox 3205 2832 3240 2870; x_wconf 87' lang='lat' dir='ltr'>a</span> <span class='ocrx_word' id='word_1_339' title='bbox 3269 2831 3385 2886; x_wconf 89' lang='lat' dir='ltr'>quo</span> <span class='ocrx_word' id='word_1_340' title='bbox 3417 2821 3476 2870; x_wconf 93' lang='lat' dir='ltr'>et</span> <span class='ocrx_word' id='word_1_341' title='bbox 3502 2815 3830 2885; x_wconf 89' lang='lat' dir='ltr'>baptizatus</span> 
     </span>
    </p>
   </div>
   <div class='ocr_carea' id='block_1_58' title="bbox 2177 2903 3830 2975">
    <p class='ocr_par' dir='ltr' id='par_1_58' title="bbox 2177 2903 3830 2975">
     <span class='ocr_line' id='line_1_59' title="bbox 2177 2903 3830 2975; baseline -0.002 -16"><span class='ocrx_word' id='word_1_342' title='bbox 2177 2910 2302 2960; x_wconf 90' lang='lat' dir='ltr'>est:</span> <span class='ocrx_word' id='word_1_343' title='bbox 2337 2903 2409 2959; x_wconf 91' lang='lat' dir='ltr'>ob</span> <span class='ocrx_word' id='word_1_344' title='bbox 2442 2920 2693 2975; x_wconf 86' lang='lat' dir='ltr'>eamque</span> <span class='ocrx_word' id='word_1_345' title='bbox 2748 2910 2807 2958; x_wconf 88' lang='lat' dir='ltr'>et</span> <span class='ocrx_word' id='word_1_346' title='bbox 2864 2920 3112 2974; x_wconf 90' lang='lat' dir='ltr'>puerum</span> <span class='ocrx_word' id='word_1_347' title='bbox 3146 2905 3358 2975; x_wconf 65' lang='lat' dir='ltr'>viperas</span> <span class='ocrx_word' id='word_1_348' title='bbox 3409 2920 3612 2959; x_wconf 85' lang='lat' dir='ltr'>morsu</span> <span class='ocrx_word' id='word_1_349' title='bbox 3642 2904 3830 2957; x_wconf 89' lang='lat' dir='ltr'>inter-</span> 
     </span>
    </p>
   </div>
   <div class='ocr_carea' id='block_1_59' title="bbox 2174 2992 3829 3062">
    <p class='ocr_par' dir='ltr' id='par_1_59' title="bbox 2174 2992 3829 3062">
     <span class='ocr_line' id='line_1_60' title="bbox 2174 2992 3829 3062; baseline -0.002 -14"><span class='ocrx_word' id='word_1_350' title='bbox 2174 2993 2394 3049; x_wconf 90' lang='lat' dir='ltr'>fectum</span> <span class='ocrx_word' id='word_1_351' title='bbox 2416 2993 2489 3048; x_wconf 90' lang='lat' dir='ltr'>ad</span> <span class='ocrx_word' id='word_1_352' title='bbox 2511 2993 2686 3048; x_wconf 89' lang='lat' dir='ltr'>vitam</span> <span class='ocrx_word' id='word_1_353' title='bbox 2714 2993 3026 3062; x_wconf 87' lang='lat' dir='ltr'>revocavit,</span> <span class='ocrx_word' id='word_1_354' title='bbox 3054 2999 3108 3047; x_wconf 84' lang='lat' dir='ltr'>et</span> <span class='ocrx_word' id='word_1_355' title='bbox 3141 3010 3296 3048; x_wconf 70' lang='lat' dir='ltr'>casco</span> <span class='ocrx_word' id='word_1_356' title='bbox 3328 2992 3516 3047; x_wconf 88' lang='lat' dir='ltr'>visum</span> <span class='ocrx_word' id='word_1_357' title='bbox 3547 2992 3829 3061; x_wconf 85' lang='lat' dir='ltr'>restituit,</span> 
     </span>
    </p>
   </div>
   <div class='ocr_carea' id='block_1_60' title="bbox 2176 3081 3828 3156">
    <p class='ocr_par' dir='ltr' id='par_1_60' title="bbox 2176 3081 3828 3156">
     <span class='ocr_line' id='line_1_61' title="bbox 2176 3081 3828 3156; baseline -0.003 -16"><span class='ocrx_word' id='word_1_358' title='bbox 2176 3090 2236 3140; x_wconf 90' lang='lat' dir='ltr'>et</span> <span class='ocrx_word' id='word_1_359' title='bbox 2263 3084 2379 3140; x_wconf 91' lang='lat' dir='ltr'>alia</span> <span class='ocrx_word' id='word_1_360' title='bbox 2406 3084 2576 3156; x_wconf 88' lang='lat' dir='ltr'>plura</span> <span class='ocrx_word' id='word_1_361' title='bbox 2609 3084 2893 3140; x_wconf 88' lang='lat' dir='ltr'>miracula</span> <span class='ocrx_word' id='word_1_362' title='bbox 2944 3083 3212 3156; x_wconf 88' lang='lat' dir='ltr'>patravit.</span> <span class='ocrx_word' id='word_1_363' title='bbox 3252 3082 3486 3137; x_wconf 80' lang='lat' dir='ltr'>Delatus</span> <span class='ocrx_word' id='word_1_364' title='bbox 3525 3088 3721 3137; x_wconf 88' lang='lat' dir='ltr'>autem</span> <span class='ocrx_word' id='word_1_365' title='bbox 3753 3081 3828 3136; x_wconf 88' lang='lat' dir='ltr'>ad</span> 
     </span>
    </p>
   </div>
   <div class='ocr_carea' id='block_1_61' title="bbox 2173 3173 3826 3246">
    <p class='ocr_par' dir='ltr' id='par_1_61' title="bbox 2173 3173 3826 3246">
     <span class='ocr_line' id='line_1_62' title="bbox 2173 3173 3826 3246; baseline -0.002 -16"><span class='ocrx_word' id='word_1_366' title='bbox 2173 3174 2593 3230; x_wconf 81' lang='lat' dir='ltr'>Maximianum</span> <span class='ocrx_word' id='word_1_367' title='bbox 2615 3173 3064 3246; x_wconf 84' lang='lat' dir='ltr'>imperatorem,</span> <span class='ocrx_word' id='word_1_368' title='bbox 3090 3178 3149 3228; x_wconf 89' lang='lat' dir='ltr'>et</span> <span class='ocrx_word' id='word_1_369' title='bbox 3167 3173 3655 3244; x_wconf 86' lang='lat' dir='ltr'>comprehensus.</span> <span class='ocrx_word' id='word_1_370' title='bbox 3690 3188 3826 3226; x_wconf 91' lang='lat' dir='ltr'>cum</span> 
     </span>
    </p>
   </div>
   <div class='ocr_carea' id='block_1_62' title="bbox 414 3258 2070 3338">
    <p class='ocr_par' dir='ltr' id='par_1_62' title="bbox 414 3258 2062 3338">
     <span class='ocr_line' id='line_1_63' title="bbox 414 3258 2062 3338; baseline -0.002 -23"><span class='ocrx_word' id='word_1_371' title='bbox 414 3267 610 3335; x_wconf 61' lang='grc' dir='ltr'>μιανῷ,</span> <span class='ocrx_word' id='word_1_372' title='bbox 640 3263 731 3318; x_wconf 83' lang='grc' dir='ltr'>καὶ</span> <span class='ocrx_word' id='word_1_373' title='bbox 761 3263 1075 3338; x_wconf 82' lang='grc' dir='ltr'>κρατηθεὶς,</span> <span class='ocrx_word' id='word_1_374' title='bbox 1129 3263 1221 3318; x_wconf 79' lang='grc' dir='ltr'>καὶ</span> <span class='ocrx_word' id='word_1_375' title='bbox 1277 3262 1370 3317; x_wconf 76' lang='grc' dir='ltr'>τὸν</span> <span class='ocrx_word' id='word_1_376' title='bbox 1428 3259 1657 3336; x_wconf 86' lang='grc' dir='ltr'>Χριστὸν</span> <span class='ocrx_word' id='word_1_377' title='bbox 1690 3258 2062 3333; x_wconf 77' lang='grc' dir='ltr'>ὁμολογήσας,</span> 
     </span>
    </p>
   </div>
   <div class='ocr_carea' id='block_1_63' title="bbox 2182 3258 3827 3338">
    <p class='ocr_par' dir='ltr' id='par_1_63' title="bbox 2182 3261 3827 3330">
     <span class='ocr_line' id='line_1_64' title="bbox 2182 3261 3827 3330; baseline -0.003 -10"><span class='ocrx_word' id='word_1_378' title='bbox 2182 3264 2475 3320; x_wconf 85' lang='lat' dir='ltr'>Christum</span> <span class='ocrx_word' id='word_1_379' title='bbox 2547 3264 2854 3320; x_wconf 89' lang='lat' dir='ltr'>confessus</span> <span class='ocrx_word' id='word_1_380' title='bbox 2921 3264 3152 3330; x_wconf 85' lang='lat' dir='ltr'>fuisset,</span> <span class='ocrx_word' id='word_1_381' title='bbox 3211 3262 3459 3318; x_wconf 87' lang='lat' dir='ltr'>diversis</span> <span class='ocrx_word' id='word_1_382' title='bbox 3515 3261 3827 3317; x_wconf 89' lang='lat' dir='ltr'>tormentis</span> 
     </span>
    </p>
   </div>
   <div class='ocr_carea' id='block_1_64' title="bbox 408 3345 2063 3429">
    <p class='ocr_par' dir='ltr' id='par_1_64' title="bbox 408 3345 2063 3429">
     <span class='ocr_line' id='line_1_65' title="bbox 408 3345 2063 3429; baseline -0.003 -22"><span class='ocrx_word' id='word_1_383' title='bbox 408 3346 729 3422; x_wconf 71' lang='grc' dir='ltr'>ἔϐασανίσθη</span> <span class='ocrx_word' id='word_1_384' title='bbox 790 3349 1088 3429; x_wconf 71' lang='grc' dir='ltr'>διαφόρως.</span> <span class='ocrx_word' id='word_1_385' title='bbox 1149 3351 1246 3406; x_wconf 82' lang='grc' dir='ltr'>Καὶ</span> <span class='ocrx_word' id='word_1_386' title='bbox 1301 3350 1612 3406; x_wconf 87' lang='grc' dir='ltr'>τελευταῖον</span> <span class='ocrx_word' id='word_1_387' title='bbox 1667 3353 1765 3417; x_wconf 74' lang='grc' dir='ltr'>την</span> <span class='ocrx_word' id='word_1_388' title='bbox 1829 3345 1918 3403; x_wconf 74' lang='grc' dir='ltr'>διὰ</span> <span class='ocrx_word' id='word_1_389' title='bbox 1967 3351 2063 3402; x_wconf 90' lang='grc' dir='ltr'>τοῦ</span> 
     </span>
    </p>
   </div>
   <div class='ocr_carea' id='block_1_65' title="bbox 410 3435 2062 3519">
    <p class='ocr_par' dir='ltr' id='par_1_65' title="bbox 410 3435 2062 3519">
     <span class='ocr_line' id='line_1_66' title="bbox 410 3435 2062 3519; baseline -0.003 -22"><span class='ocrx_word' id='word_1_390' title='bbox 410 3441 594 3518; x_wconf 76' lang='grc' dir='ltr'>ξίφους</span> <span class='ocrx_word' id='word_1_391' title='bbox 654 3441 922 3519; x_wconf 78' lang='grc' dir='ltr'>ἀπόφασιν</span> <span class='ocrx_word' id='word_1_392' title='bbox 977 3435 1187 3509; x_wconf 73' lang='grc' dir='ltr'>λαϐὼν,</span> <span class='ocrx_word' id='word_1_393' title='bbox 1247 3436 1419 3501; x_wconf 78' lang='grc' dir='ltr'>δεθεὶς</span> <span class='ocrx_word' id='word_1_394' title='bbox 1475 3437 1719 3508; x_wconf 82' lang='grc' dir='ltr'>ἁλύσεσι,</span> <span class='ocrx_word' id='word_1_395' title='bbox 1768 3437 1860 3492; x_wconf 88' lang='grc' dir='ltr'>καὶ</span> <span class='ocrx_word' id='word_1_396' title='bbox 1896 3457 2062 3492; x_wconf 86' lang='grc' dir='ltr'>κατα-</span> 
     </span>
    </p>
   </div>
   <div class='ocr_carea' id='block_1_66' title="bbox 413 3524 2064 3604">
    <p class='ocr_par' dir='ltr' id='par_1_66' title="bbox 413 3524 2064 3604">
     <span class='ocr_line' id='line_1_67' title="bbox 413 3524 2064 3604; baseline -0.003 -17"><span class='ocrx_word' id='word_1_397' title='bbox 413 3526 599 3587; x_wconf 74' lang='grc' dir='ltr'>λαϐὼν</span> <span class='ocrx_word' id='word_1_398' title='bbox 627 3531 722 3586; x_wconf 87' lang='grc' dir='ltr'>τὸν</span> <span class='ocrx_word' id='word_1_399' title='bbox 753 3531 923 3586; x_wconf 89' lang='grc' dir='ltr'>τόπον</span> <span class='ocrx_word' id='word_1_400' title='bbox 978 3537 1080 3601; x_wconf 83' lang='grc' dir='ltr'>τῆς</span> <span class='ocrx_word' id='word_1_401' title='bbox 1136 3528 1498 3600; x_wconf 82' lang='grc' dir='ltr'>τελειώσεως,</span> <span class='ocrx_word' id='word_1_402' title='bbox 1526 3525 1822 3604; x_wconf 82' lang='grc' dir='ltr'>προσεδέθη</span> <span class='ocrx_word' id='word_1_403' title='bbox 1858 3524 2064 3603; x_wconf 83' lang='grc' dir='ltr'>δένδρώ</span> 
     </span>
    </p>
   </div>
   <div class='ocr_carea' id='block_1_67' title="bbox 414 3615 2067 3696">
    <p class='ocr_par' dir='ltr' id='par_1_67' title="bbox 414 3615 2067 3696">
     <span class='ocr_line' id='line_1_68' title="bbox 414 3615 2067 3696; baseline -0.002 -21"><span class='ocrx_word' id='word_1_404' title='bbox 414 3618 622 3683; x_wconf 81' lang='grc' dir='ltr'>ἐλαίας.</span> <span class='ocrx_word' id='word_1_405' title='bbox 691 3621 790 3675; x_wconf 83' lang='grc' dir='ltr'>Καὶ</span> <span class='ocrx_word' id='word_1_406' title='bbox 853 3620 1194 3693; x_wconf 83' lang='grc' dir='ltr'>ἀποτμηθεὶς</span> <span class='ocrx_word' id='word_1_407' title='bbox 1284 3621 1383 3687; x_wconf 84' lang='grc' dir='ltr'>τήν</span> <span class='ocrx_word' id='word_1_408' title='bbox 1469 3619 1734 3696; x_wconf 76' lang='grc' dir='ltr'>κεφαλὴν,</span> <span class='ocrx_word' id='word_1_409' title='bbox 1823 3615 2067 3694; x_wconf 75' lang='grc' dir='ltr'>ἔῤῥευσεν</span> 
     </span>
    </p>
   </div>
   <div class='ocr_carea' id='block_1_68' title="bbox 409 3704 2067 3785">
    <p class='ocr_par' dir='ltr' id='par_1_68' title="bbox 409 3704 2067 3785">
     <span class='ocr_line' id='line_1_69' title="bbox 409 3704 2067 3785; baseline -0.001 -21"><span class='ocrx_word' id='word_1_410' title='bbox 409 3712 572 3784; x_wconf 81' lang='grc' dir='ltr'>αἷμα,</span> <span class='ocrx_word' id='word_1_411' title='bbox 603 3708 693 3765; x_wconf 86' lang='grc' dir='ltr'>καὶ</span> <span class='ocrx_word' id='word_1_412' title='bbox 723 3709 888 3785; x_wconf 74' lang='grc' dir='ltr'>γάλαο</span> <span class='ocrx_word' id='word_1_413' title='bbox 941 3709 1072 3784; x_wconf 77' lang='grc' dir='ltr'>ὅπερ</span> <span class='ocrx_word' id='word_1_414' title='bbox 1126 3704 1292 3785; x_wconf 74' lang='grc' dir='ltr'>μέχρι</span> <span class='ocrx_word' id='word_1_415' title='bbox 1345 3711 1444 3773; x_wconf 81' lang='grc' dir='ltr'>τῆς</span> <span class='ocrx_word' id='word_1_416' title='bbox 1504 3709 1747 3782; x_wconf 78' lang='grc' dir='ltr'>σήμερον</span> <span class='ocrx_word' id='word_1_417' title='bbox 1802 3707 2067 3780; x_wconf 83' lang='grc' dir='ltr'>φαινόμε-</span> 
     </span>
    </p>
   </div>
   <div class='ocr_carea' id='block_1_69' title="bbox 409 3797 2067 3875">
    <p class='ocr_par' dir='ltr' id='par_1_69' title="bbox 409 3797 2067 3875">
     <span class='ocr_line' id='line_1_70' title="bbox 409 3797 2067 3875; baseline -0.003 -20"><span class='ocrx_word' id='word_1_418' title='bbox 409 3821 522 3871; x_wconf 87' lang='grc' dir='ltr'>νον,</span> <span class='ocrx_word' id='word_1_419' title='bbox 605 3801 836 3875; x_wconf 78' lang='grc' dir='ltr'>παρέχει</span> <span class='ocrx_word' id='word_1_420' title='bbox 911 3805 1028 3862; x_wconf 89' lang='grc' dir='ltr'>τοῖς</span> <span class='ocrx_word' id='word_1_421' title='bbox 1111 3797 1584 3875; x_wconf 79' lang='grc' dir='ltr'>προσερχομένοις</span> <span class='ocrx_word' id='word_1_422' title='bbox 1665 3799 1795 3852; x_wconf 82' lang='grc' dir='ltr'>πᾶσι</span> <span class='ocrx_word' id='word_1_423' title='bbox 1851 3801 2067 3860; x_wconf 84' lang='grc' dir='ltr'>πιστοῖς</span> 
     </span>
    </p>
   </div>
   <div class='ocr_carea' id='block_1_70' title="bbox 412 3887 641 3962">
    <p class='ocr_par' dir='ltr' id='par_1_70' title="bbox 412 3887 641 3962">
     <span class='ocr_line' id='line_1_71' title="bbox 412 3887 641 3962; baseline 0.009 -18"><span class='ocrx_word' id='word_1_424' title='bbox 412 3887 641 3962; x_wconf 69' lang='grc' dir='ltr'>ἰάματα.</span> 
     </span>
    </p>
   </div>
   <div class='ocr_carea' id='block_1_71' title="bbox 721 4001 1753 4080">
    <p class='ocr_par' dir='ltr' id='par_1_71' title="bbox 721 4001 1753 4080">
     <span class='ocr_line' id='line_1_72' title="bbox 721 4001 1753 4080; baseline -0.002 -18"><span class='ocrx_word' id='word_1_425' title='bbox 721 4004 822 4063; x_wconf 82' lang='grc' dir='ltr'>Καὶ</span> <span class='ocrx_word' id='word_1_426' title='bbox 868 4004 1062 4080; x_wconf 82' lang='grc' dir='ltr'>μνήμη</span> <span class='ocrx_word' id='word_1_427' title='bbox 1093 4008 1194 4074; x_wconf 86' lang='grc' dir='ltr'>τῆς</span> <span class='ocrx_word' id='word_1_428' title='bbox 1241 4001 1398 4078; x_wconf 76' lang='grc' dir='ltr'>ἁγίας</span> <span class='ocrx_word' id='word_1_429' title='bbox 1423 4002 1753 4074; x_wconf 74' lang='grc' dir='ltr'>Ἀνθούσης.</span> 
     </span>
    </p>
   </div>
   <div class='ocr_carea' id='block_1_72' title="bbox 483 4134 2068 4213">
    <p class='ocr_par' dir='ltr' id='par_1_72' title="bbox 483 4134 2068 4213">
     <span class='ocr_line' id='line_1_73' title="bbox 483 4134 2068 4213; baseline -0.003 -17"><span class='ocrx_word' id='word_1_430' title='bbox 483 4144 544 4197; x_wconf 85' lang='grc' dir='ltr'><strong><em>Ἥ</em></strong></span> <span class='ocrx_word' id='word_1_431' title='bbox 576 4139 695 4196; x_wconf 77' lang='grc' dir='ltr'>ὁσία</span> <span class='ocrx_word' id='word_1_432' title='bbox 733 4145 1007 4204; x_wconf 81' lang='grc' dir='ltr'>νΔνθουσα</span> <span class='ocrx_word' id='word_1_433' title='bbox 1068 4138 1289 4212; x_wconf 84' lang='grc' dir='ltr'>ὑπῆρχε</span> <span class='ocrx_word' id='word_1_434' title='bbox 1348 4138 1441 4213; x_wconf 75' lang='grc' dir='ltr'>μὲν</span> <span class='ocrx_word' id='word_1_435' title='bbox 1484 4135 1573 4192; x_wconf 75' lang='grc' dir='ltr'>ἐπὶ</span> <span class='ocrx_word' id='word_1_436' title='bbox 1630 4143 1731 4206; x_wconf 88' lang='grc' dir='ltr'>τῆς</span> <span class='ocrx_word' id='word_1_437' title='bbox 1789 4134 2068 4213; x_wconf 87' lang='grc' dir='ltr'>βασιλείας</span> 
     </span>
    </p>
   </div>
   <div class='ocr_carea' id='block_1_73' title="bbox 416 4222 2070 4288">
    <p class='ocr_par' dir='ltr' id='par_1_73' title="bbox 416 4222 2070 4288">
     <span class='ocr_line' id='line_1_74' title="bbox 416 4222 2070 4288; baseline -0.005 0"><span class='ocrx_word' id='word_1_438' title='bbox 416 4229 826 4288; x_wconf 78' lang='grc' dir='ltr'>Κωνσταντίνοῦ</span> <span class='ocrx_word' id='word_1_439' title='bbox 881 4231 982 4284; x_wconf 86' lang='grc' dir='ltr'>τοῦ</span> <span class='ocrx_word' id='word_1_440' title='bbox 1031 4223 1400 4287; x_wconf 76' lang='grc' dir='ltr'>Καϐαλλίνου.</span> <span class='ocrx_word' id='word_1_441' title='bbox 1462 4227 1854 4284; x_wconf 79' lang='grc' dir='ltr'>Καταλιποῦσα</span> <span class='ocrx_word' id='word_1_442' title='bbox 1894 4222 1952 4280; x_wconf 76' lang='grc' dir='ltr'>δὲ</span> <span class='ocrx_word' id='word_1_443' title='bbox 1978 4225 2070 4280; x_wconf 87' lang='grc' dir='ltr'>τὸν</span> 
     </span>
    </p>
   </div>
   <div class='ocr_carea' id='block_1_74' title="bbox 415 4309 2070 4393">
    <p class='ocr_par' dir='ltr' id='par_1_74' title="bbox 415 4309 2070 4393">
     <span class='ocr_line' id='line_1_75' title="bbox 415 4309 2070 4393; baseline -0.003 -19"><span class='ocrx_word' id='word_1_444' title='bbox 415 4320 646 4393; x_wconf 83' lang='grc' dir='ltr'>κόσμον,</span> <span class='ocrx_word' id='word_1_445' title='bbox 702 4317 792 4374; x_wconf 83' lang='grc' dir='ltr'>καὶ</span> <span class='ocrx_word' id='word_1_446' title='bbox 844 4318 936 4373; x_wconf 85' lang='grc' dir='ltr'>τὸν</span> <span class='ocrx_word' id='word_1_447' title='bbox 995 4317 1230 4392; x_wconf 88' lang='grc' dir='ltr'>Χριστὸν</span> <span class='ocrx_word' id='word_1_448' title='bbox 1308 4317 1611 4387; x_wconf 88' lang='grc' dir='ltr'>ποθήσασα,</span> <span class='ocrx_word' id='word_1_449' title='bbox 1662 4315 1714 4370; x_wconf 76' lang='grc' dir='ltr'>ὲν</span> <span class='ocrx_word' id='word_1_450' title='bbox 1774 4309 1922 4390; x_wconf 67' lang='grc' dir='ltr'>ὄρεσι</span> <span class='ocrx_word' id='word_1_451' title='bbox 1980 4316 2070 4369; x_wconf 78' lang='grc' dir='ltr'>καὶ</span> 
     </span>
    </p>
   </div>
   <div class='ocr_carea' id='block_1_75' title="bbox 419 4399 2074 4481">
    <p class='ocr_par' dir='ltr' id='par_1_75' title="bbox 419 4399 2074 4481">
     <span class='ocr_line' id='line_1_76' title="bbox 419 4399 2074 4481; baseline -0.002 -19"><span class='ocrx_word' id='word_1_452' title='bbox 419 4407 711 4478; x_wconf 83' lang='grc' dir='ltr'>σπηλαίοις</span> <span class='ocrx_word' id='word_1_453' title='bbox 769 4399 1058 4481; x_wconf 78' lang='grc' dir='ltr'>διέτριϐεν.</span> <span class='ocrx_word' id='word_1_454' title='bbox 1146 4404 1246 4459; x_wconf 82' lang='grc' dir='ltr'>Καὶ</span> <span class='ocrx_word' id='word_1_455' title='bbox 1332 4404 1564 4478; x_wconf 80' lang='grc' dir='ltr'>εὑροῦσα</span> <span class='ocrx_word' id='word_1_456' title='bbox 1651 4403 1897 4479; x_wconf 89' lang='grc' dir='ltr'>μοναχόν</span> <span class='ocrx_word' id='word_1_457' title='bbox 1949 4423 2074 4458; x_wconf 87' lang='grc' dir='ltr'>τινα</span> 
     </span>
    </p>
   </div>
   <div class='ocr_carea' id='block_1_76' title="bbox 417 4490 2072 4570">
    <p class='ocr_par' dir='ltr' id='par_1_76' title="bbox 417 4490 2072 4570">
     <span class='ocr_line' id='line_1_77' title="bbox 417 4490 2072 4570; baseline -0.003 -19"><span class='ocrx_word' id='word_1_458' title='bbox 417 4491 779 4570; x_wconf 71' lang='grc' dir='ltr'>πρεσϐύτερον</span> <span class='ocrx_word' id='word_1_459' title='bbox 842 4493 998 4569; x_wconf 65' lang='grc' dir='ltr'>ἅγιον</span> <span class='ocrx_word' id='word_1_460' title='bbox 1058 4491 1114 4549; x_wconf 75' lang='grc' dir='ltr'>ἐν</span> <span class='ocrx_word' id='word_1_461' title='bbox 1167 4497 1287 4555; x_wconf 87' lang='grc' dir='ltr'>τοῖς</span> <span class='ocrx_word' id='word_1_462' title='bbox 1343 4490 1575 4568; x_wconf 88' lang='grc' dir='ltr'>χωρίοις</span> <span class='ocrx_word' id='word_1_463' title='bbox 1614 4496 1712 4547; x_wconf 91' lang='grc' dir='ltr'>τοῦ</span> <span class='ocrx_word' id='word_1_464' title='bbox 1771 4493 2072 4549; x_wconf 85' lang='grc' dir='ltr'>Μαντινέου</span> 
     </span>
    </p>
   </div>
   <div class='ocr_carea' id='block_1_77' title="bbox 416 4577 2070 4658">
    <p class='ocr_par' dir='ltr' id='par_1_77' title="bbox 416 4577 2070 4658">
     <span class='ocr_line' id='line_1_78' title="bbox 416 4577 2070 4658; baseline -0.001 -19"><span class='ocrx_word' id='word_1_465' title='bbox 416 4581 938 4658; x_wconf 66' lang='grc' dir='ltr'>προσκαθεζόμενον,</span> <span class='ocrx_word' id='word_1_466' title='bbox 1006 4581 1211 4638; x_wconf 79' lang='grc' dir='ltr'>ἐκεῖνον</span> <span class='ocrx_word' id='word_1_467' title='bbox 1280 4581 1594 4656; x_wconf 75' lang='grc' dir='ltr'>ἐμιμήσατο</span> <span class='ocrx_word' id='word_1_468' title='bbox 1671 4580 1747 4645; x_wconf 69' lang='grc' dir='ltr'>εἷς</span> <span class='ocrx_word' id='word_1_469' title='bbox 1820 4577 2070 4652; x_wconf 73' lang='grc' dir='ltr'>ἄσκησιν.</span> 
     </span>
    </p>
   </div>
   <div class='ocr_carea' id='block_1_78' title="bbox 419 4651 2148 4747">
    <p class='ocr_par' dir='ltr' id='par_1_78' title="bbox 419 4651 2148 4747">
     <span class='ocr_line' id='line_1_79' title="bbox 419 4651 2148 4747; baseline -0.002 -19"><span class='ocrx_word' id='word_1_470' title='bbox 419 4651 516 4728; x_wconf 66' lang='grc' dir='ltr'>ι(εεί</span> <span class='ocrx_word' id='word_1_471' title='bbox 550 4673 628 4736; x_wconf 78' lang='grc' dir='ltr'>εἷς</span> <span class='ocrx_word' id='word_1_472' title='bbox 656 4651 1259 4746; x_wconf 21' lang='grc' dir='ltr'>τοσοῦτοννπροσῆλθεν</span> <span class='ocrx_word' id='word_1_473' title='bbox 1310 4651 1524 4747; x_wconf 63' lang='grc' dir='ltr'>αρετῆς,</span> <span class='ocrx_word' id='word_1_474' title='bbox 1558 4671 1635 4734; x_wconf 86' lang='grc' dir='ltr'>ὡς</span> <span class='ocrx_word' id='word_1_475' title='bbox 1671 4671 1761 4726; x_wconf 88' lang='grc' dir='ltr'>καὶ</span> <span class='ocrx_word' id='word_1_476' title='bbox 1793 4669 1871 4733; x_wconf 87' lang='grc' dir='ltr'>εἰς</span> <span class='ocrx_word' id='word_1_477' title='bbox 1903 4651 2069 4746; x_wconf 82' lang='grc' dir='ltr'>φοῦρ-</span> <span class='ocrx_word' id='word_1_478' title='bbox 2103 4651 2148 4714; x_wconf 82' lang='lat' dir='ltr'><strong>D</strong></span> 
     </span>
    </p>
   </div>
   <div class='ocr_carea' id='block_1_79' title="bbox 418 4758 2065 4840">
    <p class='ocr_par' dir='ltr' id='par_1_79' title="bbox 418 4758 2065 4840">
     <span class='ocr_line' id='line_1_80' title="bbox 418 4758 2065 4840; baseline -0.002 -22"><span class='ocrx_word' id='word_1_479' title='bbox 418 4783 506 4818; x_wconf 88' lang='grc' dir='ltr'>νον</span> <span class='ocrx_word' id='word_1_480' title='bbox 581 4761 832 4818; x_wconf 74' lang='grc' dir='ltr'>ἔκκαὲντα</span> <span class='ocrx_word' id='word_1_481' title='bbox 906 4759 1156 4840; x_wconf 77' lang='grc' dir='ltr'>σφοδρῶς</span> <span class='ocrx_word' id='word_1_482' title='bbox 1215 4758 1496 4831; x_wconf 79' lang='grc' dir='ltr'>εἶσελθεῖν,</span> <span class='ocrx_word' id='word_1_483' title='bbox 1553 4760 1643 4814; x_wconf 83' lang='grc' dir='ltr'>καὶ</span> <span class='ocrx_word' id='word_1_484' title='bbox 1714 4761 1791 4832; x_wconf 82' lang='grc' dir='ltr'>μὴ</span> <span class='ocrx_word' id='word_1_485' title='bbox 1848 4766 2065 4829; x_wconf 85' lang='grc' dir='ltr'>καῆναι.</span> 
     </span>
    </p>
   </div>
   <div class='ocr_carea' id='block_1_80' title="bbox 419 4843 2073 4925">
    <p class='ocr_par' dir='ltr' id='par_1_80' title="bbox 419 4843 2073 4925">
     <span class='ocr_line' id='line_1_81' title="bbox 419 4843 2073 4925; baseline -0.005 -15"><span class='ocrx_word' id='word_1_486' title='bbox 419 4852 570 4911; x_wconf 73' lang='grc' dir='ltr'>Μετὰ</span> <span class='ocrx_word' id='word_1_487' title='bbox 599 4849 656 4907; x_wconf 79' lang='grc' dir='ltr'>δὲ</span> <span class='ocrx_word' id='word_1_488' title='bbox 682 4849 943 4921; x_wconf 76' lang='grc' dir='ltr'>τελευτὴν</span> <span class='ocrx_word' id='word_1_489' title='bbox 1005 4848 1283 4908; x_wconf 88' lang='grc' dir='ltr'>Σισιννίου</span> <span class='ocrx_word' id='word_1_490' title='bbox 1337 4853 1438 4905; x_wconf 92' lang='grc' dir='ltr'>τοῦ</span> <span class='ocrx_word' id='word_1_491' title='bbox 1501 4847 1802 4925; x_wconf 81' lang='grc' dir='ltr'>ἁγιωτάτου</span> <span class='ocrx_word' id='word_1_492' title='bbox 1842 4843 2073 4925; x_wconf 81' lang='grc' dir='ltr'>πρεσϐυ-</span> 
     </span>
    </p>
   </div>
   <div class='ocr_carea' id='block_1_81' title="bbox 419 4933 2068 5016">
    <p class='ocr_par' dir='ltr' id='par_1_81' title="bbox 419 4933 2068 5016">
     <span class='ocr_line' id='line_1_82' title="bbox 419 4933 2068 5016; baseline -0.004 -19"><span class='ocrx_word' id='word_1_493' title='bbox 419 4941 598 5016; x_wconf 82' lang='grc' dir='ltr'>τέρου,</span> <span class='ocrx_word' id='word_1_494' title='bbox 658 4938 1050 5016; x_wconf 88' lang='grc' dir='ltr'>διαγνωσθεῖσα</span> <span class='ocrx_word' id='word_1_495' title='bbox 1109 4939 1212 4996; x_wconf 79' lang='grc' dir='ltr'>ὑπὸ</span> <span class='ocrx_word' id='word_1_496' title='bbox 1267 4941 1365 4994; x_wconf 83' lang='grc' dir='ltr'>τοῦ</span> <span class='ocrx_word' id='word_1_497' title='bbox 1421 4933 1789 5010; x_wconf 76' lang='grc' dir='ltr'>Καϐαλλίνου,</span> <span class='ocrx_word' id='word_1_498' title='bbox 1836 4936 1920 4993; x_wconf 70' lang='grc' dir='ltr'>δτι</span> <span class='ocrx_word' id='word_1_499' title='bbox 1975 4936 2068 4999; x_wconf 75' lang='grc' dir='ltr'>τὰς</span> 
     </span>
    </p>
   </div>
   <div class='ocr_carea' id='block_1_82' title="bbox 421 5023 2067 5107">
    <p class='ocr_par' dir='ltr' id='par_1_82' title="bbox 421 5023 2067 5107">
     <span class='ocr_line' id='line_1_83' title="bbox 421 5023 2067 5107; baseline -0.003 -21"><span class='ocrx_word' id='word_1_500' title='bbox 421 5029 574 5107; x_wconf 80' lang='grc' dir='ltr'>ἁγίας</span> <span class='ocrx_word' id='word_1_501' title='bbox 617 5030 824 5092; x_wconf 80' lang='grc' dir='ltr'>εἰκόνας</span> <span class='ocrx_word' id='word_1_502' title='bbox 879 5033 1016 5104; x_wconf 79' lang='grc' dir='ltr'>τιμᾷ</span> <span class='ocrx_word' id='word_1_503' title='bbox 1071 5028 1162 5084; x_wconf 84' lang='grc' dir='ltr'>καὶ</span> <span class='ocrx_word' id='word_1_504' title='bbox 1223 5023 1388 5099; x_wconf 76' lang='grc' dir='ltr'>σέϐει,</span> <span class='ocrx_word' id='word_1_505' title='bbox 1449 5027 1756 5103; x_wconf 83' lang='grc' dir='ltr'>ἠναγκάσθη</span> <span class='ocrx_word' id='word_1_506' title='bbox 1789 5026 1936 5103; x_wconf 86' lang='grc' dir='ltr'>παρᾶ</span> <span class='ocrx_word' id='word_1_507' title='bbox 1961 5029 2067 5081; x_wconf 84' lang='grc' dir='ltr'>τῶν</span> 
     </span>
    </p>
   </div>
   <div class='ocr_carea' id='block_1_83' title="bbox 423 5117 2073 5195">
    <p class='ocr_par' dir='ltr' id='par_1_83' title="bbox 423 5117 2073 5195">
     <span class='ocr_line' id='line_1_84' title="bbox 423 5117 2073 5195; baseline -0.003 -19"><span class='ocrx_word' id='word_1_508' title='bbox 423 5120 859 5194; x_wconf 76' lang='grc' dir='ltr'>ἀποσταλέντων,</span> <span class='ocrx_word' id='word_1_509' title='bbox 921 5121 1252 5195; x_wconf 76' lang='grc' dir='ltr'>ἀρνήσασθαι</span> <span class='ocrx_word' id='word_1_510' title='bbox 1303 5119 1402 5188; x_wconf 79' lang='grc' dir='ltr'>τῆν</span> <span class='ocrx_word' id='word_1_511' title='bbox 1486 5117 1696 5174; x_wconf 89' lang='grc' dir='ltr'>τούτων</span> <span class='ocrx_word' id='word_1_512' title='bbox 1762 5117 2073 5194; x_wconf 88' lang='grc' dir='ltr'>προσκύνη-</span> 
     </span>
    </p>
   </div>
   <div class='ocr_carea' id='block_1_84' title="bbox 423 5204 2072 5287">
    <p class='ocr_par' dir='ltr' id='par_1_84' title="bbox 423 5204 2072 5287">
     <span class='ocr_line' id='line_1_85' title="bbox 423 5204 2072 5287; baseline -0.002 -21"><span class='ocrx_word' id='word_1_513' title='bbox 423 5232 526 5270; x_wconf 93' lang='grc' dir='ltr'>σιν.</span> <span class='ocrx_word' id='word_1_514' title='bbox 587 5211 684 5269; x_wconf 82' lang='grc' dir='ltr'>Καὶ</span> <span class='ocrx_word' id='word_1_515' title='bbox 743 5212 820 5284; x_wconf 80' lang='grc' dir='ltr'>μὴ</span> <span class='ocrx_word' id='word_1_516' title='bbox 879 5214 1181 5287; x_wconf 78' lang='grc' dir='ltr'>πεισφεῖσα,</span> <span class='ocrx_word' id='word_1_517' title='bbox 1245 5207 1444 5286; x_wconf 77' lang='grc' dir='ltr'>ἐτύφθη</span> <span class='ocrx_word' id='word_1_518' title='bbox 1505 5205 1776 5285; x_wconf 76' lang='grc' dir='ltr'>σφοδρῶς.</span> <span class='ocrx_word' id='word_1_519' title='bbox 1833 5207 1983 5264; x_wconf 84' lang='grc' dir='ltr'>Ἐπεὶ</span> <span class='ocrx_word' id='word_1_520' title='bbox 2015 5204 2072 5262; x_wconf 64' lang='grc' dir='ltr'>δὲ</span> 
     </span>
    </p>
   </div>
   <div class='ocr_carea' id='block_1_85' title="bbox 426 5296 2072 5373">
    <p class='ocr_par' dir='ltr' id='par_1_85' title="bbox 426 5296 2072 5373">
     <span class='ocr_line' id='line_1_86' title="bbox 426 5296 2072 5373; baseline -0.001 -19"><span class='ocrx_word' id='word_1_521' title='bbox 426 5301 500 5373; x_wconf 80' lang='grc' dir='ltr'>μή</span> <span class='ocrx_word' id='word_1_522' title='bbox 557 5297 828 5373; x_wconf 83' lang='grc' dir='ltr'>δυναμένη</span> <span class='ocrx_word' id='word_1_523' title='bbox 882 5304 1078 5370; x_wconf 84' lang='grc' dir='ltr'>τεκεῖν,</span> <span class='ocrx_word' id='word_1_524' title='bbox 1135 5301 1203 5372; x_wconf 80' lang='grc' dir='ltr'>τῇ</span> <span class='ocrx_word' id='word_1_525' title='bbox 1241 5301 1338 5353; x_wconf 90' lang='grc' dir='ltr'>τοῦ</span> <span class='ocrx_word' id='word_1_526' title='bbox 1394 5297 1664 5373; x_wconf 82' lang='grc' dir='ltr'>βασιλέως</span> <span class='ocrx_word' id='word_1_527' title='bbox 1716 5296 1952 5371; x_wconf 81' lang='grc' dir='ltr'>ἐμήνυσε</span> <span class='ocrx_word' id='word_1_528' title='bbox 1977 5321 2072 5373; x_wconf 86' lang='grc' dir='ltr'>γυ-</span> 
     </span>
    </p>
   </div>
   <div class='ocr_carea' id='block_1_86' title="bbox 419 5385 2070 5466">
    <p class='ocr_par' dir='ltr' id='par_1_86' title="bbox 419 5385 2070 5466">
     <span class='ocr_line' id='line_1_87' title="bbox 419 5385 2070 5466; baseline 0 -21"><span class='ocrx_word' id='word_1_529' title='bbox 419 5391 563 5446; x_wconf 89' lang='grc' dir='ltr'>ναικὶ</span> <span class='ocrx_word' id='word_1_530' title='bbox 602 5388 792 5446; x_wconf 85' lang='grc' dir='ltr'>παιδία</span> <span class='ocrx_word' id='word_1_531' title='bbox 841 5388 936 5445; x_wconf 85' lang='grc' dir='ltr'>δύο</span> <span class='ocrx_word' id='word_1_532' title='bbox 982 5396 1258 5466; x_wconf 87' lang='grc' dir='ltr'>γεννῆσαι,</span> <span class='ocrx_word' id='word_1_533' title='bbox 1306 5388 1369 5443; x_wconf 81' lang='grc' dir='ltr'>τὸ</span> <span class='ocrx_word' id='word_1_534' title='bbox 1429 5389 1525 5462; x_wconf 76' lang='grc' dir='ltr'>μὲν</span> <span class='ocrx_word' id='word_1_535' title='bbox 1584 5385 1760 5466; x_wconf 74' lang='grc' dir='ltr'>ἄρσεν,</span> <span class='ocrx_word' id='word_1_536' title='bbox 1789 5389 1852 5444; x_wconf 85' lang='grc' dir='ltr'>τὸ</span> <span class='ocrx_word' id='word_1_537' title='bbox 1884 5387 1942 5444; x_wconf 73' lang='grc' dir='ltr'>δὲ</span> <span class='ocrx_word' id='word_1_538' title='bbox 1972 5395 2070 5459; x_wconf 84' lang='grc' dir='ltr'>θῆ-</span> 
     </span>
    </p>
   </div>
   <div class='ocr_carea' id='block_1_87' title="bbox 423 5475 2073 5556">
    <p class='ocr_par' dir='ltr' id='par_1_87' title="bbox 423 5475 2073 5556">
     <span class='ocr_line' id='line_1_88' title="bbox 423 5475 2073 5556; baseline -0.001 -23"><span class='ocrx_word' id='word_1_539' title='bbox 423 5477 512 5534; x_wconf 80' lang='grc' dir='ltr'>λυ’</span> <span class='ocrx_word' id='word_1_540' title='bbox 568 5479 765 5535; x_wconf 79' lang='grc' dir='ltr'>τούτου</span> <span class='ocrx_word' id='word_1_541' title='bbox 820 5480 1140 5556; x_wconf 83' lang='grc' dir='ltr'>γενομένου,</span> <span class='ocrx_word' id='word_1_542' title='bbox 1199 5475 1442 5549; x_wconf 80' lang='grc' dir='ltr'>ἀπελύθη</span> <span class='ocrx_word' id='word_1_543' title='bbox 1495 5480 1594 5548; x_wconf 68' lang='grc' dir='ltr'>τῆς</span> <span class='ocrx_word' id='word_1_544' title='bbox 1656 5479 1910 5554; x_wconf 82' lang='grc' dir='ltr'>βασάνου.</span> <span class='ocrx_word' id='word_1_545' title='bbox 1969 5479 2073 5536; x_wconf 84' lang='grc' dir='ltr'>Καὶ</span> 
     </span>
    </p>
   </div>
   <div class='ocr_carea' id='block_1_88' title="bbox 427 5563 2071 5643">
    <p class='ocr_par' dir='ltr' id='par_1_88' title="bbox 427 5563 2071 5643">
     <span class='ocr_line' id='line_1_89' title="bbox 427 5563 2071 5643; baseline -0.001 -19"><span class='ocrx_word' id='word_1_546' title='bbox 427 5569 568 5624; x_wconf 74' lang='grc' dir='ltr'>οὕτω</span> <span class='ocrx_word' id='word_1_547' title='bbox 625 5568 988 5643; x_wconf 83' lang='grc' dir='ltr'>παρεσκεύασε</span> <span class='ocrx_word' id='word_1_548' title='bbox 1041 5568 1139 5636; x_wconf 77' lang='grc' dir='ltr'>τὴν</span> <span class='ocrx_word' id='word_1_549' title='bbox 1203 5565 1522 5642; x_wconf 87' lang='grc' dir='ltr'>βασίλισσαν</span> <span class='ocrx_word' id='word_1_550' title='bbox 1584 5563 1894 5637; x_wconf 85' lang='grc' dir='ltr'>διατεθῆναι</span> <span class='ocrx_word' id='word_1_551' title='bbox 1934 5567 2071 5641; x_wconf 85' lang='grc' dir='ltr'>πρὸς</span> 
     </span>
    </p>
   </div>
   <div class='ocr_carea' id='block_1_89' title="bbox 2173 3352 3826 3424">
    <p class='ocr_par' dir='ltr' id='par_1_89' title="bbox 2173 3352 3826 3424">
     <span class='ocr_line' id='line_1_90' title="bbox 2173 3352 3826 3424; baseline -0.003 -14"><span class='ocrx_word' id='word_1_552' title='bbox 2173 3353 2542 3410; x_wconf 83' lang='lat' dir='ltr'>excruciatus</span> <span class='ocrx_word' id='word_1_553' title='bbox 2576 3353 2706 3408; x_wconf 88' lang='lat' dir='ltr'>fuit.</span> <span class='ocrx_word' id='word_1_554' title='bbox 2741 3354 3046 3409; x_wconf 90' lang='lat' dir='ltr'>Postremo</span> <span class='ocrx_word' id='word_1_555' title='bbox 3077 3359 3320 3424; x_wconf 88' lang='lat' dir='ltr'>accepta</span> <span class='ocrx_word' id='word_1_556' title='bbox 3349 3352 3557 3424; x_wconf 90' lang='lat' dir='ltr'>capitis</span> <span class='ocrx_word' id='word_1_557' title='bbox 3589 3357 3826 3406; x_wconf 90' lang='lat' dir='ltr'>senten-</span> 
     </span>
    </p>
   </div>
   <div class='ocr_carea' id='block_1_90' title="bbox 2172 3440 3825 3513">
    <p class='ocr_par' dir='ltr' id='par_1_90' title="bbox 2172 3440 3825 3513">
     <span class='ocr_line' id='line_1_91' title="bbox 2172 3440 3825 3513; baseline -0.004 -13"><span class='ocrx_word' id='word_1_558' title='bbox 2172 3445 2275 3512; x_wconf 90' lang='lat' dir='ltr'>tia,</span> <span class='ocrx_word' id='word_1_559' title='bbox 2332 3443 2584 3500; x_wconf 89' lang='lat' dir='ltr'>vinculis</span> <span class='ocrx_word' id='word_1_560' title='bbox 2632 3446 3008 3511; x_wconf 89' lang='lat' dir='ltr'>constrictus,</span> <span class='ocrx_word' id='word_1_561' title='bbox 3067 3449 3127 3500; x_wconf 90' lang='lat' dir='ltr'>et</span> <span class='ocrx_word' id='word_1_562' title='bbox 3176 3443 3249 3498; x_wconf 90' lang='lat' dir='ltr'>ad</span> <span class='ocrx_word' id='word_1_563' title='bbox 3305 3442 3504 3498; x_wconf 92' lang='lat' dir='ltr'>locum</span> <span class='ocrx_word' id='word_1_564' title='bbox 3549 3440 3825 3513; x_wconf 91' lang='lat' dir='ltr'>supplicii</span> 
     </span>
    </p>
   </div>
   <div class='ocr_carea' id='block_1_91' title="bbox 2175 3531 3826 3606">
    <p class='ocr_par' dir='ltr' id='par_1_91' title="bbox 2175 3531 3826 3606">
     <span class='ocr_line' id='line_1_92' title="bbox 2175 3531 3826 3606; baseline -0.004 -16"><span class='ocrx_word' id='word_1_565' title='bbox 2175 3533 2407 3600; x_wconf 89' lang='lat' dir='ltr'>ductus,</span> <span class='ocrx_word' id='word_1_566' title='bbox 2433 3534 2600 3589; x_wconf 76' lang='lat' dir='ltr'>olivae</span> <span class='ocrx_word' id='word_1_567' title='bbox 2624 3533 2921 3606; x_wconf 86' lang='lat' dir='ltr'>alligatus,</span> <span class='ocrx_word' id='word_1_568' title='bbox 2946 3539 3005 3589; x_wconf 91' lang='lat' dir='ltr'>et</span> <span class='ocrx_word' id='word_1_569' title='bbox 3025 3533 3216 3605; x_wconf 87' lang='lat' dir='ltr'>capite</span> <span class='ocrx_word' id='word_1_570' title='bbox 3243 3538 3571 3595; x_wconf 87' lang='lat' dir='ltr'>truncatus,</span> <span class='ocrx_word' id='word_1_571' title='bbox 3597 3531 3826 3602; x_wconf 86' lang='lat' dir='ltr'>sangui-</span> 
     </span>
    </p>
   </div>
   <div class='ocr_carea' id='block_1_92' title="bbox 2174 3619 3824 3694">
    <p class='ocr_par' dir='ltr' id='par_1_92' title="bbox 2174 3619 3824 3694">
     <span class='ocr_line' id='line_1_93' title="bbox 2174 3619 3824 3694; baseline -0.003 -15"><span class='ocrx_word' id='word_1_572' title='bbox 2174 3640 2312 3680; x_wconf 89' lang='lat' dir='ltr'>nem</span> <span class='ocrx_word' id='word_1_573' title='bbox 2345 3629 2403 3679; x_wconf 91' lang='lat' dir='ltr'>et</span> <span class='ocrx_word' id='word_1_574' title='bbox 2431 3623 2523 3678; x_wconf 89' lang='lat' dir='ltr'>lac</span> <span class='ocrx_word' id='word_1_575' title='bbox 2553 3623 2788 3689; x_wconf 89' lang='lat' dir='ltr'>emisit;</span> <span class='ocrx_word' id='word_1_576' title='bbox 2822 3640 2953 3694; x_wconf 73' lang='lat' dir='ltr'>quas</span> <span class='ocrx_word' id='word_1_577' title='bbox 2975 3638 3164 3693; x_wconf 90' lang='lat' dir='ltr'>usque</span> <span class='ocrx_word' id='word_1_578' title='bbox 3191 3623 3254 3676; x_wconf 90' lang='lat' dir='ltr'>in</span> <span class='ocrx_word' id='word_1_579' title='bbox 3278 3621 3634 3676; x_wconf 86' lang='lat' dir='ltr'>hodiernum</span> <span class='ocrx_word' id='word_1_580' title='bbox 3668 3619 3824 3674; x_wconf 90' lang='lat' dir='ltr'>diem</span> 
     </span>
    </p>
   </div>
   <div class='ocr_carea' id='block_1_93' title="bbox 2174 3707 3822 3784">
    <p class='ocr_par' dir='ltr' id='par_1_93' title="bbox 2174 3707 3822 3784">
     <span class='ocr_line' id='line_1_94' title="bbox 2174 3707 3822 3784; baseline -0.004 -16"><span class='ocrx_word' id='word_1_581' title='bbox 2174 3713 2640 3784; x_wconf 86' lang='lat' dir='ltr'>conspiciuntur,</span> <span class='ocrx_word' id='word_1_582' title='bbox 2675 3717 2734 3767; x_wconf 91' lang='lat' dir='ltr'>et</span> <span class='ocrx_word' id='word_1_583' title='bbox 2763 3710 3039 3767; x_wconf 84' lang='lat' dir='ltr'>ﬁdelibus</span> <span class='ocrx_word' id='word_1_584' title='bbox 3083 3710 3360 3766; x_wconf 88' lang='lat' dir='ltr'>omnibus</span> <span class='ocrx_word' id='word_1_585' title='bbox 3404 3707 3822 3765; x_wconf 85' lang='lat' dir='ltr'>accedentibus</span> 
     </span>
    </p>
   </div>
   <div class='ocr_carea' id='block_1_94' title="bbox 2175 3800 2844 3873">
    <p class='ocr_par' dir='ltr' id='par_1_94' title="bbox 2175 3800 2844 3873">
     <span class='ocr_line' id='line_1_95' title="bbox 2175 3800 2844 3873; baseline -0.004 -15"><span class='ocrx_word' id='word_1_586' title='bbox 2175 3800 2511 3858; x_wconf 88' lang='lat' dir='ltr'>curationes</span> <span class='ocrx_word' id='word_1_587' title='bbox 2540 3805 2844 3873; x_wconf 66' lang='lat' dir='ltr'>praestant.</span> 
     </span>
    </p>
   </div>
   <div class='ocr_carea' id='block_1_95' title="bbox 2423 4005 3579 4066">
    <p class='ocr_par' dir='ltr' id='par_1_95' title="bbox 2423 4005 3579 4066">
     <span class='ocr_line' id='line_1_96' title="bbox 2423 4005 3579 4066; baseline 0.002 -3"><span class='ocrx_word' id='word_1_588' title='bbox 2423 4009 2496 4063; x_wconf 86' lang='lat' dir='ltr'>Et</span> <span class='ocrx_word' id='word_1_589' title='bbox 2544 4007 2982 4062; x_wconf 73' lang='lat' dir='ltr'>commemoratio</span> <span class='ocrx_word' id='word_1_590' title='bbox 3030 4011 3238 4063; x_wconf 60' lang='lat' dir='ltr'>sancte</span> <span class='ocrx_word' id='word_1_591' title='bbox 3302 4005 3579 4066; x_wconf 67' lang='lat' dir='ltr'>Anthusz.</span> 
     </span>
    </p>
   </div>
   <div class='ocr_carea' id='block_1_96' title="bbox 2248 4137 3828 4212">
    <p class='ocr_par' dir='ltr' id='par_1_96' title="bbox 2248 4137 3828 4212">
     <span class='ocr_line' id='line_1_97' title="bbox 2248 4137 3828 4212; baseline 0.001 -18"><span class='ocrx_word' id='word_1_592' title='bbox 2248 4140 2461 4195; x_wconf 87' lang='lat' dir='ltr'>Sancta</span> <span class='ocrx_word' id='word_1_593' title='bbox 2489 4139 2759 4195; x_wconf 86' lang='lat' dir='ltr'>Anthusa</span> <span class='ocrx_word' id='word_1_594' title='bbox 2804 4139 3027 4205; x_wconf 87' lang='lat' dir='ltr'>ﬂoruit,</span> <span class='ocrx_word' id='word_1_595' title='bbox 3074 4140 3404 4212; x_wconf 90' lang='lat' dir='ltr'>imperante</span> <span class='ocrx_word' id='word_1_596' title='bbox 3443 4137 3828 4196; x_wconf 88' lang='lat' dir='ltr'>Constantino</span> 
     </span>
    </p>
   </div>
   <div class='ocr_carea' id='block_1_97' title="bbox 2177 4228 3830 4287">
    <p class='ocr_par' dir='ltr' id='par_1_97' title="bbox 2177 4228 3830 4287">
     <span class='ocr_line' id='line_1_98' title="bbox 2177 4228 3830 4287; baseline 0.001 -2"><span class='ocrx_word' id='word_1_597' title='bbox 2177 4229 2503 4287; x_wconf 89' lang='lat' dir='ltr'>Caballino.</span> <span class='ocrx_word' id='word_1_598' title='bbox 2536 4231 2682 4286; x_wconf 91' lang='lat' dir='ltr'>Cum</span> <span class='ocrx_word' id='word_1_599' title='bbox 2711 4236 2912 4286; x_wconf 90' lang='lat' dir='ltr'>autem</span> <span class='ocrx_word' id='word_1_600' title='bbox 2960 4230 3230 4287; x_wconf 92' lang='lat' dir='ltr'>abdicato</span> <span class='ocrx_word' id='word_1_601' title='bbox 3277 4231 3493 4287; x_wconf 76' lang='lat' dir='ltr'>saaculo</span> <span class='ocrx_word' id='word_1_602' title='bbox 3533 4228 3830 4286; x_wconf 86' lang='lat' dir='ltr'>Christum</span> 
     </span>
    </p>
   </div>
   <div class='ocr_carea' id='block_1_98' title="bbox 2181 4320 3831 4394">
    <p class='ocr_par' dir='ltr' id='par_1_98' title="bbox 2181 4320 3831 4394">
     <span class='ocr_line' id='line_1_99' title="bbox 2181 4320 3831 4394; baseline -0.001 -19"><span class='ocrx_word' id='word_1_603' title='bbox 2181 4321 2648 4392; x_wconf 89' lang='lat' dir='ltr'>concupisceret,</span> <span class='ocrx_word' id='word_1_604' title='bbox 2672 4320 2732 4376; x_wconf 90' lang='lat' dir='ltr'>in</span> <span class='ocrx_word' id='word_1_605' title='bbox 2765 4321 3068 4376; x_wconf 90' lang='lat' dir='ltr'>montibus</span> <span class='ocrx_word' id='word_1_606' title='bbox 3091 4327 3144 4376; x_wconf 89' lang='lat' dir='ltr'>et</span> <span class='ocrx_word' id='word_1_607' title='bbox 3170 4321 3472 4394; x_wconf 87' lang='lat' dir='ltr'>speluncis</span> <span class='ocrx_word' id='word_1_608' title='bbox 3503 4337 3633 4376; x_wconf 89' lang='lat' dir='ltr'>sese</span> <span class='ocrx_word' id='word_1_609' title='bbox 3667 4337 3831 4376; x_wconf 84' lang='lat' dir='ltr'>exer-</span> 
     </span>
    </p>
   </div>
   <div class='ocr_carea' id='block_1_99' title="bbox 2181 4410 3831 4482">
    <p class='ocr_par' dir='ltr' id='par_1_99' title="bbox 2181 4410 3831 4482">
     <span class='ocr_line' id='line_1_100' title="bbox 2181 4410 3831 4482; baseline 0.001 -16"><span class='ocrx_word' id='word_1_610' title='bbox 2181 4410 2336 4466; x_wconf 90' lang='lat' dir='ltr'>cuit:</span> <span class='ocrx_word' id='word_1_611' title='bbox 2397 4415 2456 4466; x_wconf 93' lang='lat' dir='ltr'>et</span> <span class='ocrx_word' id='word_1_612' title='bbox 2511 4415 2782 4466; x_wconf 81' lang='lat' dir='ltr'>sanctum</span> <span class='ocrx_word' id='word_1_613' title='bbox 2831 4412 3151 4482; x_wconf 88' lang='lat' dir='ltr'>quemdam</span> <span class='ocrx_word' id='word_1_614' title='bbox 3207 4412 3567 4466; x_wconf 88' lang='lat' dir='ltr'>monachum</span> <span class='ocrx_word' id='word_1_615' title='bbox 3597 4428 3664 4465; x_wconf 89' lang='lat' dir='ltr'>ac</span> <span class='ocrx_word' id='word_1_616' title='bbox 3695 4428 3831 4481; x_wconf 89' lang='lat' dir='ltr'>pre-</span> 
     </span>
    </p>
   </div>
   <div class='ocr_carea' id='block_1_100' title="bbox 2182 4498 3828 4576">
    <p class='ocr_par' dir='ltr' id='par_1_100' title="bbox 2182 4498 3828 4576">
     <span class='ocr_line' id='line_1_101' title="bbox 2182 4498 3828 4576; baseline -0.001 -22"><span class='ocrx_word' id='word_1_617' title='bbox 2182 4498 2486 4570; x_wconf 86' lang='lat' dir='ltr'>sbyterum</span> <span class='ocrx_word' id='word_1_618' title='bbox 2515 4500 2576 4554; x_wconf 93' lang='lat' dir='ltr'>in</span> <span class='ocrx_word' id='word_1_619' title='bbox 2603 4500 2882 4555; x_wconf 86' lang='lat' dir='ltr'>Mantinei</span> <span class='ocrx_word' id='word_1_620' title='bbox 2915 4502 3089 4556; x_wconf 87' lang='lat' dir='ltr'>terris</span> <span class='ocrx_word' id='word_1_621' title='bbox 3138 4507 3604 4556; x_wconf 90' lang='lat' dir='ltr'>commorantem</span> <span class='ocrx_word' id='word_1_622' title='bbox 3634 4505 3828 4576; x_wconf 61' lang='lat' dir='ltr'>nacta,</span> 
     </span>
    </p>
   </div>
   <div class='ocr_carea' id='block_1_101' title="bbox 2182 4587 3830 4661">
    <p class='ocr_par' dir='ltr' id='par_1_101' title="bbox 2182 4587 3830 4661">
     <span class='ocr_line' id='line_1_102' title="bbox 2182 4587 3830 4661; baseline 0 -19"><span class='ocrx_word' id='word_1_623' title='bbox 2182 4587 2340 4643; x_wconf 89' lang='lat' dir='ltr'>hunc</span> <span class='ocrx_word' id='word_1_624' title='bbox 2361 4588 2424 4643; x_wconf 93' lang='lat' dir='ltr'>in</span> <span class='ocrx_word' id='word_1_625' title='bbox 2445 4588 2723 4661; x_wconf 88' lang='lat' dir='ltr'>religiosa</span> <span class='ocrx_word' id='word_1_626' title='bbox 2745 4591 3164 4645; x_wconf 78' lang='lat' dir='ltr'>exercitatione</span> <span class='ocrx_word' id='word_1_627' title='bbox 3189 4589 3547 4644; x_wconf 89' lang='lat' dir='ltr'>imitandum</span> <span class='ocrx_word' id='word_1_628' title='bbox 3569 4589 3830 4658; x_wconf 90' lang='lat' dir='ltr'>suscepit</span> 
     </span>
    </p>
   </div>
   <div class='ocr_carea' id='block_1_102' title="bbox 2180 4678 3825 4750">
    <p class='ocr_par' dir='ltr' id='par_1_102' title="bbox 2180 4678 3825 4750">
     <span class='ocr_line' id='line_1_103' title="bbox 2180 4678 3825 4750; baseline 0 -18"><span class='ocrx_word' id='word_1_629' title='bbox 2180 4694 2367 4750; x_wconf 91' lang='lat' dir='ltr'>eoque</span> <span class='ocrx_word' id='word_1_630' title='bbox 2399 4678 2460 4733; x_wconf 91' lang='lat' dir='ltr'>in</span> <span class='ocrx_word' id='word_1_631' title='bbox 2481 4678 2794 4734; x_wconf 91' lang='lat' dir='ltr'>virtutibus</span> <span class='ocrx_word' id='word_1_632' title='bbox 2821 4678 3089 4750; x_wconf 90' lang='lat' dir='ltr'>profecit,</span> <span class='ocrx_word' id='word_1_633' title='bbox 3113 4686 3178 4734; x_wconf 93' lang='lat' dir='ltr'>ut</span> <span class='ocrx_word' id='word_1_634' title='bbox 3197 4679 3502 4734; x_wconf 91' lang='lat' dir='ltr'>ardentem</span> <span class='ocrx_word' id='word_1_635' title='bbox 3525 4678 3825 4733; x_wconf 89' lang='lat' dir='ltr'>caminum</span> 
     </span>
    </p>
   </div>
   <div class='ocr_carea' id='block_1_103' title="bbox 2178 4767 3828 4839">
    <p class='ocr_par' dir='ltr' id='par_1_103' title="bbox 2178 4767 3828 4839">
     <span class='ocr_line' id='line_1_104' title="bbox 2178 4767 3828 4839; baseline 0.001 -18"><span class='ocrx_word' id='word_1_636' title='bbox 2178 4768 2464 4839; x_wconf 90' lang='lat' dir='ltr'>ingressa,</span> <span class='ocrx_word' id='word_1_637' title='bbox 2497 4768 2725 4824; x_wconf 90' lang='lat' dir='ltr'>nullam</span> <span class='ocrx_word' id='word_1_638' title='bbox 2757 4767 3012 4823; x_wconf 63' lang='lat' dir='ltr'>flammae</span> <span class='ocrx_word' id='word_1_639' title='bbox 3038 4769 3344 4824; x_wconf 64' lang='lat' dir='ltr'>lassionem</span> <span class='ocrx_word' id='word_1_640' title='bbox 3385 4768 3656 4824; x_wconf 88' lang='lat' dir='ltr'>senserit.</span> <span class='ocrx_word' id='word_1_641' title='bbox 3689 4770 3828 4823; x_wconf 91' lang='lat' dir='ltr'>Post</span> 
     </span>
    </p>
   </div>
   <div class='ocr_carea' id='block_1_104' title="bbox 2179 4856 3830 4930">
    <p class='ocr_par' dir='ltr' id='par_1_104' title="bbox 2179 4856 3830 4930">
     <span class='ocr_line' id='line_1_105' title="bbox 2179 4856 3830 4930; baseline 0.001 -18"><span class='ocrx_word' id='word_1_642' title='bbox 2179 4856 2405 4912; x_wconf 90' lang='lat' dir='ltr'>obitum</span> <span class='ocrx_word' id='word_1_643' title='bbox 2422 4874 2556 4912; x_wconf 91' lang='lat' dir='ltr'>vero</span> <span class='ocrx_word' id='word_1_644' title='bbox 2580 4857 2938 4912; x_wconf 88' lang='lat' dir='ltr'>sanctissimi</span> <span class='ocrx_word' id='word_1_645' title='bbox 2960 4857 3289 4929; x_wconf 82' lang='lat' dir='ltr'>presbyteri</span> <span class='ocrx_word' id='word_1_646' title='bbox 3308 4858 3777 4930; x_wconf 84' lang='lat' dir='ltr'>Sisinnii,agnita</span> <span class='ocrx_word' id='word_1_647' title='bbox 3795 4874 3830 4913; x_wconf 90' lang='lat' dir='ltr'>a</span> 
     </span>
    </p>
   </div>
   <div class='ocr_carea' id='block_1_105' title="bbox 2179 4945 3830 5020">
    <p class='ocr_par' dir='ltr' id='par_1_105' title="bbox 2179 4945 3830 5020">
     <span class='ocr_line' id='line_1_106' title="bbox 2179 4945 3830 5020; baseline 0.002 -19"><span class='ocrx_word' id='word_1_648' title='bbox 2179 4945 2501 5011; x_wconf 88' lang='lat' dir='ltr'>Caballino,</span> <span class='ocrx_word' id='word_1_649' title='bbox 2535 4947 2693 5017; x_wconf 87' lang='lat' dir='ltr'>quod</span> <span class='ocrx_word' id='word_1_650' title='bbox 2725 4953 2960 5002; x_wconf 89' lang='lat' dir='ltr'>sanctas</span> <span class='ocrx_word' id='word_1_651' title='bbox 2990 4947 3278 5020; x_wconf 82' lang='lat' dir='ltr'>imagines</span> <span class='ocrx_word' id='word_1_652' title='bbox 3311 4948 3632 5004; x_wconf 89' lang='lat' dir='ltr'>honoraret</span> <span class='ocrx_word' id='word_1_653' title='bbox 3669 4948 3830 5004; x_wconf 90' lang='lat' dir='ltr'>cole-</span> 
     </span>
    </p>
   </div>
   <div class='ocr_carea' id='block_1_106' title="bbox 2179 5034 3831 5109">
    <p class='ocr_par' dir='ltr' id='par_1_106' title="bbox 2179 5034 3831 5109">
     <span class='ocr_line' id='line_1_107' title="bbox 2179 5034 3831 5109; baseline 0.003 -20"><span class='ocrx_word' id='word_1_654' title='bbox 2179 5040 2409 5106; x_wconf 88' lang='lat' dir='ltr'>retque,</span> <span class='ocrx_word' id='word_1_655' title='bbox 2451 5034 2650 5091; x_wconf 90' lang='lat' dir='ltr'>missis</span> <span class='ocrx_word' id='word_1_656' title='bbox 2680 5035 2752 5091; x_wconf 90' lang='lat' dir='ltr'>ad</span> <span class='ocrx_word' id='word_1_657' title='bbox 2803 5052 2934 5092; x_wconf 91' lang='lat' dir='ltr'>eam</span> <span class='ocrx_word' id='word_1_658' title='bbox 2977 5037 3204 5092; x_wconf 88' lang='lat' dir='ltr'>nuntiis</span> <span class='ocrx_word' id='word_1_659' title='bbox 3253 5038 3562 5109; x_wconf 89' lang='lat' dir='ltr'>compulsa</span> <span class='ocrx_word' id='word_1_660' title='bbox 3591 5038 3831 5094; x_wconf 89' lang='lat' dir='ltr'>illarum</span> 
     </span>
    </p>
   </div>
   <div class='ocr_carea' id='block_1_107' title="bbox 2179 5122 3834 5198">
    <p class='ocr_par' dir='ltr' id='par_1_107' title="bbox 2179 5122 3834 5198">
     <span class='ocr_line' id='line_1_108' title="bbox 2179 5122 3834 5198; baseline 0.003 -19"><span class='ocrx_word' id='word_1_661' title='bbox 2179 5122 2586 5183; x_wconf 89' lang='lat' dir='ltr'>adorationem</span> <span class='ocrx_word' id='word_1_662' title='bbox 2607 5124 2920 5198; x_wconf 87' lang='lat' dir='ltr'>abnegare,</span> <span class='ocrx_word' id='word_1_663' title='bbox 2954 5125 3108 5183; x_wconf 76' lang='grc'>184</span> <span class='ocrx_word' id='word_1_664' title='bbox 3139 5142 3273 5182; x_wconf 88' lang='lat' dir='ltr'>cum</span> <span class='ocrx_word' id='word_1_665' title='bbox 3302 5127 3406 5183; x_wconf 89' lang='lat' dir='ltr'>illa</span> <span class='ocrx_word' id='word_1_666' title='bbox 3438 5130 3628 5184; x_wconf 88' lang='lat' dir='ltr'>facere</span> <span class='ocrx_word' id='word_1_667' title='bbox 3658 5143 3834 5184; x_wconf 91' lang='lat' dir='ltr'>recu-</span> 
     </span>
    </p>
   </div>
   <div class='ocr_carea' id='block_1_108' title="bbox 2182 5213 3832 5291">
    <p class='ocr_par' dir='ltr' id='par_1_108' title="bbox 2182 5213 3832 5291">
     <span class='ocr_line' id='line_1_109' title="bbox 2182 5213 3832 5291; baseline 0.004 -23"><span class='ocrx_word' id='word_1_668' title='bbox 2182 5218 2358 5285; x_wconf 88' lang='lat' dir='ltr'>saret,</span> <span class='ocrx_word' id='word_1_669' title='bbox 2391 5213 2537 5270; x_wconf 89' lang='lat' dir='ltr'>diris</span> <span class='ocrx_word' id='word_1_670' title='bbox 2558 5214 2898 5272; x_wconf 89' lang='lat' dir='ltr'>verberibus</span> <span class='ocrx_word' id='word_1_671' title='bbox 2927 5233 3081 5272; x_wconf 57' lang='lat' dir='ltr'>exesa</span> <span class='ocrx_word' id='word_1_672' title='bbox 3109 5217 3238 5272; x_wconf 89' lang='lat' dir='ltr'>fuit.</span> <span class='ocrx_word' id='word_1_673' title='bbox 3271 5218 3380 5273; x_wconf 89' lang='lat' dir='ltr'>Sed</span> <span class='ocrx_word' id='word_1_674' title='bbox 3411 5235 3544 5274; x_wconf 93' lang='lat' dir='ltr'>cum</span> <span class='ocrx_word' id='word_1_675' title='bbox 3578 5219 3832 5291; x_wconf 81' lang='lat' dir='ltr'>impera-</span> 
     </span>
    </p>
   </div>
   <div class='ocr_carea' id='block_1_109' title="bbox 2181 5303 3835 5379">
    <p class='ocr_par' dir='ltr' id='par_1_109' title="bbox 2181 5303 3835 5379">
     <span class='ocr_line' id='line_1_110' title="bbox 2181 5303 3835 5379; baseline 0.003 -22"><span class='ocrx_word' id='word_1_676' title='bbox 2181 5303 2327 5358; x_wconf 87' lang='lat' dir='ltr'>toris</span> <span class='ocrx_word' id='word_1_677' title='bbox 2356 5320 2541 5359; x_wconf 86' lang='lat' dir='ltr'>uxore</span> <span class='ocrx_word' id='word_1_678' title='bbox 2580 5305 2643 5360; x_wconf 91' lang='lat' dir='ltr'>in</span> <span class='ocrx_word' id='word_1_679' title='bbox 2682 5311 2885 5378; x_wconf 91' lang='lat' dir='ltr'>partus</span> <span class='ocrx_word' id='word_1_680' title='bbox 2929 5306 3343 5363; x_wconf 82' lang='lat' dir='ltr'>difficultatem</span> <span class='ocrx_word' id='word_1_681' title='bbox 3375 5308 3698 5379; x_wconf 90' lang='lat' dir='ltr'>incidente,</span> <span class='ocrx_word' id='word_1_682' title='bbox 3730 5308 3835 5363; x_wconf 90' lang='lat' dir='ltr'>illa</span> 
     </span>
    </p>
   </div>
   <div class='ocr_carea' id='block_1_110' title="bbox 2182 5392 3833 5466">
    <p class='ocr_par' dir='ltr' id='par_1_110' title="bbox 2182 5392 3833 5466">
     <span class='ocr_line' id='line_1_111' title="bbox 2182 5392 3833 5466; baseline 0.002 -19"><span class='ocrx_word' id='word_1_683' title='bbox 2182 5392 2524 5461; x_wconf 86' lang='lat' dir='ltr'>indicasset,</span> <span class='ocrx_word' id='word_1_684' title='bbox 2572 5394 2744 5451; x_wconf 91' lang='lat' dir='ltr'>binos</span> <span class='ocrx_word' id='word_1_685' title='bbox 2792 5395 3072 5462; x_wconf 85' lang='lat' dir='ltr'>infantes,</span> <span class='ocrx_word' id='word_1_686' title='bbox 3107 5399 3459 5466; x_wconf 90' lang='lat' dir='ltr'>masculum,</span> <span class='ocrx_word' id='word_1_687' title='bbox 3495 5399 3740 5465; x_wconf 89' lang='lat' dir='ltr'>scilicet,</span> <span class='ocrx_word' id='word_1_688' title='bbox 3775 5403 3833 5452; x_wconf 89' lang='lat' dir='ltr'>et</span> 
     </span>
    </p>
   </div>
   <div class='ocr_carea' id='block_1_111' title="bbox 2179 5481 3832 5558">
    <p class='ocr_par' dir='ltr' id='par_1_111' title="bbox 2179 5481 3832 5558">
     <span class='ocr_line' id='line_1_112' title="bbox 2179 5481 3832 5558; baseline 0.002 -22"><span class='ocrx_word' id='word_1_689' title='bbox 2179 5481 2486 5553; x_wconf 87' lang='lat' dir='ltr'>feminam,</span> <span class='ocrx_word' id='word_1_690' title='bbox 2509 5484 2949 5556; x_wconf 90' lang='lat' dir='ltr'>imperatricem</span> <span class='ocrx_word' id='word_1_691' title='bbox 2967 5502 3095 5542; x_wconf 90' lang='lat' dir='ltr'>esse</span> <span class='ocrx_word' id='word_1_692' title='bbox 3119 5487 3448 5557; x_wconf 84' lang='lat' dir='ltr'>enixuram,</span> <span class='ocrx_word' id='word_1_693' title='bbox 3473 5487 3832 5558; x_wconf 89' lang='lat' dir='ltr'>idque,sicut</span> 
     </span>
    </p>
   </div>
   <div class='ocr_carea' id='block_1_112' title="bbox 2182 5573 3825 5649">
    <p class='ocr_par' dir='ltr' id='par_1_112' title="bbox 2182 5573 3825 5649">
     <span class='ocr_line' id='line_1_113' title="bbox 2182 5573 3825 5649; baseline 0.002 -22"><span class='ocrx_word' id='word_1_694' title='bbox 2182 5573 2558 5644; x_wconf 69' lang='lat' dir='ltr'>praedixerat,</span> <span class='ocrx_word' id='word_1_695' title='bbox 2590 5575 2970 5649; x_wconf 85' lang='lat' dir='ltr'>contigisset;</span> <span class='ocrx_word' id='word_1_696' title='bbox 3004 5593 3039 5631; x_wconf 94' lang='lat' dir='ltr'>a</span> <span class='ocrx_word' id='word_1_697' title='bbox 3080 5578 3393 5631; x_wconf 90' lang='lat' dir='ltr'>tormentis</span> <span class='ocrx_word' id='word_1_698' title='bbox 3436 5576 3707 5638; x_wconf 87' lang='lat' dir='ltr'>liberata,</span> <span class='ocrx_word' id='word_1_699' title='bbox 3741 5577 3825 5630; x_wconf 91' lang='lat' dir='ltr'>sic</span> 
     </span>
    </p>
   </div>
   <div class='ocr_carea' id='block_1_113' title="bbox 426 5653 2070 5738">
    <p class='ocr_par' dir='ltr' id='par_1_113' title="bbox 426 5653 2070 5733">
     <span class='ocr_line' id='line_1_114' title="bbox 426 5653 2070 5733; baseline 0 -19"><span class='ocrx_word' id='word_1_700' title='bbox 426 5659 612 5730; x_wconf 76' lang='grc' dir='ltr'>αὐτὴν,</span> <span class='ocrx_word' id='word_1_701' title='bbox 672 5659 746 5723; x_wconf 81' lang='grc' dir='ltr'>ὡς</span> <span class='ocrx_word' id='word_1_702' title='bbox 793 5660 883 5714; x_wconf 85' lang='grc' dir='ltr'>καὶ</span> <span class='ocrx_word' id='word_1_703' title='bbox 938 5659 1013 5721; x_wconf 78' lang='grc' dir='ltr'>εἷς</span> <span class='ocrx_word' id='word_1_704' title='bbox 1074 5658 1281 5733; x_wconf 85' lang='grc' dir='ltr'>μητρὸς</span> <span class='ocrx_word' id='word_1_705' title='bbox 1330 5655 1475 5729; x_wconf 76' lang='grc' dir='ltr'>τάξιν</span> <span class='ocrx_word' id='word_1_706' title='bbox 1530 5653 1700 5733; x_wconf 62' lang='grc' dir='ltr'>ἔχειν.</span> <span class='ocrx_word' id='word_1_707' title='bbox 1746 5656 1848 5715; x_wconf 85' lang='grc' dir='ltr'>Καὶ</span> <span class='ocrx_word' id='word_1_708' title='bbox 1904 5655 2070 5724; x_wconf 75' lang='grc' dir='ltr'>οὕτως</span> 
     </span>
    </p>
   </div>
   <div class='ocr_carea' id='block_1_114' title="bbox 2182 5653 3826 5738">
    <p class='ocr_par' dir='ltr' id='par_1_114' title="bbox 2183 5663 3826 5738">
     <span class='ocr_line' id='line_1_115' title="bbox 2183 5663 3826 5738; baseline 0.002 -21"><span class='ocrx_word' id='word_1_709' title='bbox 2183 5663 2623 5734; x_wconf 88' lang='lat' dir='ltr'>imperatricem</span> <span class='ocrx_word' id='word_1_710' title='bbox 2656 5681 2792 5738; x_wconf 83' lang='lat' dir='ltr'>erga</span> <span class='ocrx_word' id='word_1_711' title='bbox 2822 5683 2883 5721; x_wconf 90' lang='lat' dir='ltr'>se</span> <span class='ocrx_word' id='word_1_712' title='bbox 2916 5665 3131 5731; x_wconf 79' lang='lat' dir='ltr'>aﬂ‘ecit,</span> <span class='ocrx_word' id='word_1_713' title='bbox 3164 5671 3230 5720; x_wconf 91' lang='lat' dir='ltr'>ut</span> <span class='ocrx_word' id='word_1_714' title='bbox 3253 5665 3459 5721; x_wconf 90' lang='lat' dir='ltr'>matris</span> <span class='ocrx_word' id='word_1_715' title='bbox 3490 5665 3619 5720; x_wconf 92' lang='lat' dir='ltr'>loco</span> <span class='ocrx_word' id='word_1_716' title='bbox 3651 5664 3723 5720; x_wconf 87' lang='lat' dir='ltr'>ab</span> <span class='ocrx_word' id='word_1_717' title='bbox 3755 5680 3826 5720; x_wconf 86' lang='lat' dir='ltr'>ea</span> 
     </span>
    </p>
   </div>
   <div class='ocr_carea' id='block_1_115' title="bbox 429 5750 722 5828">
    <p class='ocr_par' dir='ltr' id='par_1_115' title="bbox 429 5750 722 5828">
     <span class='ocr_line' id='line_1_116' title="bbox 429 5750 722 5828; baseline 0.01 -22"><span class='ocrx_word' id='word_1_718' title='bbox 429 5750 722 5828; x_wconf 71' lang='grc' dir='ltr'>ἰκοιμήθη.</span> 
     </span>
    </p>
   </div>
   <div class='ocr_carea' id='block_1_116' title="bbox 2183 5751 3695 5826">
    <p class='ocr_par' dir='ltr' id='par_1_116' title="bbox 2183 5751 3695 5826">
     <span class='ocr_line' id='line_1_117' title="bbox 2183 5751 3695 5826; baseline 0.003 -19"><span class='ocrx_word' id='word_1_719' title='bbox 2183 5751 2518 5810; x_wconf 86' lang='lat' dir='ltr'>haberetur.</span> <span class='ocrx_word' id='word_1_720' title='bbox 2552 5758 2743 5826; x_wconf 73' lang='lat' dir='ltr'>Atque</span> <span class='ocrx_word' id='word_1_721' title='bbox 2772 5757 2931 5811; x_wconf 92' lang='lat' dir='ltr'>hunc</span> <span class='ocrx_word' id='word_1_722' title='bbox 2962 5757 3022 5811; x_wconf 90' lang='lat' dir='ltr'>in</span> <span class='ocrx_word' id='word_1_723' title='bbox 3054 5756 3299 5812; x_wconf 91' lang='lat' dir='ltr'>modum</span> <span class='ocrx_word' id='word_1_724' title='bbox 3323 5754 3695 5811; x_wconf 88' lang='lat' dir='ltr'>obdormivit.</span> 
     </span>
    </p>
   </div>
  </div>
