4202 6314
417 333 534 394 563

971 471 1211 528 EODEM
1250 471 1501 525 MENSE.

917 562 1016 615 Die
1038 561 1321 617 vicesima
1341 565 1566 616 octava.

563 649 850 706 Certamen
875 651 1052 706 sancti
1075 655 1336 722 martyris
1363 651 1639 707 Eustathii
1667 652 1920 719 Ancyrae.

485 848 826 904 Eustathius
847 848 1060 904 Christi
1085 854 1326 922 martyr,
1346 867 1481 906 cum
1506 847 1871 922 professione
1895 846 2065 902 miles

416 944 589 1005 esset,
623 955 689 993 ac
719 939 1004 1010 religione
1047 940 1437 1010 Christianus,
1468 941 1540 996 ad
1573 939 1912 996 Cornelium
1946 941 2067 992 Au—

415 1044 567 1096 cyrm
598 1029 913 1098 praesidem
955 1029 1265 1098 adductus,
1327 1031 1861 1100 interrogatusque,
1896 1027 2063 1083 Chri-

414 1121 570 1170 stum
603 1117 786 1171 libere
845 1119 1150 1174 confessus
1210 1126 1319 1178 est.
1362 1119 1757 1184 Quamobrem
1811 1117 2067 1190 graviter

414 1206 755 1262 verberatus
787 1209 1211 1280 spondylisque
1266 1211 1600 1282 perforatis,
1658 1207 1901 1264 funibus
1932 1206 2067 1262 alli-

411 1301 601 1368 gatus,
636 1303 904 1368 raptatur
933 1299 1004 1354 ab
1058 1300 1204 1354 urbe
1262 1302 1496 1371 Ancyra
1524 1315 1712 1370 usque
1743 1297 1817 1353 ad
1847 1298 2067 1370 Sanga-

410 1403 544 1440 rum
575 1386 840 1453 ﬂuvium,
873 1395 1158 1460 sequente
1188 1407 1256 1445 ac
1285 1390 1517 1445 vidente
1549 1389 1759 1444 eodem
1789 1387 2062 1459 prmside.

415 1475 542 1530 Illic
570 1493 707 1530 vero
740 1477 801 1531 in
835 1478 1004 1533 theca
1053 1479 1340 1546 inclusus,
1393 1480 1454 1532 in
1513 1478 1788 1533 eumdem
1821 1477 2064 1530 ﬂuvium

416 1565 797 1638 demergitur.
819 1567 950 1635 Sed,
976 1568 1091 1622 Deo
1115 1568 1370 1635 volente,
1387 1568 1808 1639 superveniens
1833 1565 2066 1620 divinus

415 1655 683 1725 angelus,
705 1656 936 1711 thecam
959 1656 1031 1711 ad
1058 1662 1277 1713 terram
1308 1657 1528 1724 eduxit,
1555 1657 1945 1726 inventusque
1979 1659 2068 1708 est

414 1745 476 1797 in
512 1762 580 1798 ea
608 1751 847 1801 sanctus
879 1746 1101 1800 illaasus
1151 1752 1208 1800 et
1255 1745 1559 1818 psallens:
1594 1747 1701 1810 Qui
1749 1744 1976 1800 habitat
2005 1743 2066 1797 in

413 1831 708 1902 adjutorio
742 1834 1053 1900 Altissimi,
1104 1840 1162 1889 et
1209 1841 1442 1890 caetera.
1476 1835 1641 1900 Quod
1679 1851 1812 1888 cum
1844 1849 2065 1904 praeses
2098 1843 2142 1907 Β

411 1922 738 1989 didicisset,
763 1924 988 1994 pudore
1015 1923 1310 1994 perfusus,
1335 1924 1545 1978 educto
1576 1923 1770 1995 gladio
1802 1922 2063 1994 seipsum

412 2012 470 2064 in
495 2013 750 2067 teremit.
787 2013 1032 2068 Sanctus
1055 2019 1254 2069 autem
1283 2019 1508 2084 martyr
1529 2029 1726 2076 orans,
1760 2012 2062 2082 divinique

413 2103 676 2157 muneris
708 2104 1001 2174 particeps
1030 2104 1221 2158 factus
1252 2121 1357 2175 per
1384 2104 1662 2158 emissam
1689 2103 1800 2158 sibi
1833 2103 2063 2158 caelitus

411 2192 768 2260 columbam,
803 2193 1078 2248 manibus
1136 2194 1476 2265 apparentis
1533 2193 1727 2265 angeli
1787 2193 2060 2265 spiritum

410 2281 690 2336 tradidit:
718 2283 845 2353 ejus
867 2299 1001 2336 vero
1033 2282 1301 2353 reliquias
1333 2284 1396 2339 in
1427 2283 1632 2338 eadem
1665 2281 1808 2337 urbe
1830 2285 2063 2354 Ancyra

408 2369 690 2440 depositas
719 2370 908 2428 fuere.

575 2580 724 2635 185
760 2582 830 2634 Et
857 2587 1131 2635 certamen
1158 2583 1337 2636 sancti
1363 2583 1626 2652 martyris
1652 2581 1866 2638 Acacit.

478 2695 725 2749 Aeacius
743 2695 958 2750 Christi
977 2702 1202 2768 martyr
1223 2697 1795 2768 claruit,imperante
1811 2696 2055 2751 Licinio:

407 2783 479 2839 ad
505 2801 683 2855 quem
705 2785 1155 2855 adductus,cum
1178 2787 1479 2842 Christum
1502 2788 1807 2843 confessus
1827 2786 2056 2854 fuisset,

407 2891 730 2944 suspensus
780 2880 838 2929 et
890 2877 1341 2932 excarniﬁcatus
1391 2884 1497 2934 est.
1534 2878 1756 2932 Deinde
1785 2875 2056 2931 Terentio

403 2963 680 3033 praefecto
729 2964 1002 3034 traditus,
1056 2967 1302 3037 ejusque
1347 2967 1524 3038 jussu
1573 2967 1635 3020 in
1701 2965 2055 3020 candentem

404 3053 585 3106 ollam
615 3054 765 3124 pice,
800 3054 929 3108 oleo
961 3055 1220 3125 seboque
1251 3055 1488 3125 plenam
1522 3056 1796 3127 injectus,
1826 3053 2056 3108 incolu-

409 3143 520 3196 mis
552 3144 751 3197 evasit.
801 3143 1149 3199 Praefectum
1188 3162 1323 3199 vero
1367 3149 1687 3216 Apameam
1719 3150 1778 3200 et
1813 3143 2055 3215 Apollo—

1693 330 2121 394 MENOLOGII
2163 327 2371 392 PARS
2415 327 2521 391 ῙΠ.

2093 471 2147 534 Α

2729 463 2912 520 MHNI
2950 465 3036 542 T9
3075 466 3276 539 arra.

2946 553 3050 608 Kﬂ'

2243 647 2511 716 νΑθλησις
2565 647 2664 698 τοῦ
2721 642 2879 718 ἁγίου
2939 641 3213 734 μάρτυρος
3270 641 3574 706 Εὐσταθίου
3629 643 3761 716 Ἀγ.

2903 734 3094 790 κυρας,

2241 832 2562 900 Εὐστάθιος,
2619 831 2647 886 ό
2701 835 2799 886 τοῦ
2881 833 3118 906 Χριστοῦ
3203 833 3430 905 μάρτυς,
3492 829 3831 904 στρατιώτης

2174 924 2271 996 μὲν
2317 923 2404 997 ᾖν,
2462 922 2777 997 χριστιανὸς
2838 919 2916 990 δὶ,
2974 921 3064 976 καὶ
3141 919 3478 996 προσαχθεὶς
3537 918 3831 991 Κορνηλίῳ

2168 1018 2246 1084 τῷ
2296 1013 2532 1086 ἡγεμόνι
2620 1011 2911 1085 Ἀγκύρας,
2989 1011 3078 1065 καὶ
3163 1009 3481 1085 ἐρωτηθεὶς,
3551 1007 3832 1085 παρρησίᾳ

2171 1099 2504 1176 ὡμολόγησε
2531 1100 2622 1154 τὸν
2673 1098 2928 1175 Χριστόν.
2985 1100 3140 1163 Ὀθεν
3196 1097 3398 1175 ἐτύφθη
3434 1095 3706 1176 σφοδρῶς,
3739 1098 3830 1150 καὶ

2168 1191 2298 1252 τοὺς
2357 1187 2729 1265 ἀστραγάλους
2805 1188 3124 1261 τρυπηθεὶς,
3203 1187 3294 1242 καὶ
3351 1187 3621 1264 σχοινίοις
3680 1206 3833 1260 περι-

2172 1278 2436 1357 λειφθεὶς,
2487 1277 2701 1352 σύρεται
2751 1278 2858 1333 ἀπὸ
2904 1284 3003 1346 τῆς
3046 1277 3262 1340 πόλεως
3307 1276 3573 1354 Ἀγκύρας
3601 1273 3706 1338 ἕως
3733 1279 3829 1330 τοῦ

2173 1370 2458 1445 Σαγγάρου
2515 1371 2789 1441 ποταμοῦ,
2844 1366 3276 1430 ἀκολουθοῦντος
3324 1368 3415 1422 καὶ
3449 1368 3690 1442 ὁρῶντος
3729 1369 3829 1420 τοῦ

2170 1459 2470 1534 ἡγεμόνος.
2529 1460 2738 1514 Ἐκείσε
2797 1454 2856 1512 ’δὲ
2913 1457 2962 1512 έν
3018 1456 3405 1532 γλωσσοκόμῳ
3461 1455 3710 1530 βληθεὶς,
3745 1454 3827 1531 έῤ-

2175 1549 2306 1627 ῥίφη
2366 1547 2417 1602 ἐν
2477 1551 2555 1620 τῷ
2610 1551 2866 1619 ποταμῷ.
2929 1549 3055 1603 Κατ’
3139 1543 3382 1601 εὐδοκίαν
3441 1543 3499 1600 δὲ
3541 1551 3638 1600 τοῦ
3696 1548 3827 1598 Θεοῦ

2173 1637 2392 1702 ἐπιστὰς
2420 1638 2562 1700 θεῖος
2595 1633 2852 1712 ἄγγελος,
2913 1635 3141 1710 ἐξήγαγε
3197 1637 3258 1690 τὸ
3311 1635 3709 1710 γλωσσόκομον
3739 1633 3828 1689 ἐπὶ

2170 1730 2270 1797 τήν
2329 1728 2516 1804 ξηρὰν,
2575 1727 2664 1781 καὶ
2718 1725 2908 1800 εὑρέθη
2972 1724 3023 1780 έν
3083 1724 3228 1798 αὐτῷ
3289 1727 3316 1780 6
3367 1727 3520 1801 ἅγιος
3551 1720 3825 1793 ἀϐλαϐὴς,

2173 1816 2424 1891 ψάλλωψ
2459 1818 2514 1871 Ὀ
2545 1821 2814 1871 κατοικῶν
2871 1815 2922 1870 ἐν
2987 1815 3217 1890 βοηθείᾳ
3270 1820 3366 1870 τοῦ
3421 1817 3693 1888 Ὑψίστου,
3733 1815 3822 1885 καὶ

2172 1909 2238 1960 τὰ
2269 1908 2412 1979 ἑξῆς,
2447 1907 2646 1964 Μαθὼν
2703 1903 2760 1960 δὲ
2809 1910 2972 1960 τοῦτο
3031 1906 3059 1959 6
3107 1907 3333 1980 ἡγεμὼν
3362 1905 3451 1960 καὶ
3491 1903 3823 1980 αἰσχυνθεὶς,

2175 1995 2520 2068 σπασάμενος
2582 1995 2880 2070 μάχαιραν,
2942 1992 3151 2050 ἀνεῖλεν
3211 1993 3420 2051 ἑαυτόν.
3469 1995 3527 2047 Ὀ
3576 1991 3632 2048 δὲ
3662 1992 3819 2067 ’ἅγιος

2177 2088 2378 2159 μάρτυς
2431 2085 2738 2158 εὐξάμενος,
2813 2085 2900 2139 καὶ
2985 2079 3309 2157 μεταλαϐὼν
3361 2090 3460 2154 τῆς
3514 2081 3660 2146 θείας
3716 2080 3826 2136 δω-

2173 2182 2294 2248 ρεᾶς
2361 2173 2450 2229 διὰ
2512 2177 2610 2244 τῆς
2675 2172 3077 2252 ἐκπεμφθείσης
3141 2173 3286 2246 αὐτῷ
3352 2173 3635 2248 οὐρανόθεν
3677 2193 3830 2246 περι-

2171 2269 2380 2341 στερᾶς,
2453 2269 2574 2326 ταῖς
2646 2263 2804 2338 χερσὶ
2879 2267 2974 2318 τοῦ
3050 2260 3396 2340 ἐπιφανέντος
3474 2261 3706 2339 ἀγγέλου
3761 2262 3826 2316 τὸ

2170 2360 2382 2428 πνεῦμα
2437 2356 2724 2431 παρέθετο.
2783 2355 2884 2411 Καὶ
2943 2355 3197 2426 κατετέθη
3237 2355 3299 2410 τὸ
3353 2351 3610 2428 λείψανον
3663 2351 3828 2407 αὐτοῦ

2171 2443 2222 2498 έν
2257 2443 2393 2518 αὐτῇ
2424 2447 2492 2517 τῇ
2523 2443 2686 2498 πόλει
2710 2443 2973 2519 ’Δγκύρᾳ.

2312 2569 2416 2626 Καὶ
2443 2567 2677 2639 ἂθλησις
2725 2573 2820 2625 τοῦ
2869 2569 3027 2646 ἁγίου
3088 2567 3361 2646 μὸίρτυρος
3397 2571 3680 2629 Ἀκακίου.

2241 2687 2511 2757 Ἀκάκιος,
2566 2688 2594 2742 6
2651 2692 2746 2742 τοῦ
2804 2688 3042 2762 Χριστοῦ
3106 2690 3332 2763 μάρτυς,
3365 2695 3431 2758 ἦν
3481 2688 3570 2743 ἐπὶ
3601 2695 3702 2758 τῆς
3734 2689 3823 2763 βα-

2169 2775 2371 2839 σιλείας
2407 2776 2702 2847 Λικιννίου,
2745 2778 2790 2849 ᾧ
2834 2777 2925 2833 καὶ
2981 2778 3274 2854 παραστὰς,
3320 2779 3410 2834 καὶ
3466 2779 3556 2833 τὸν
3588 2778 3819 2855 Χριστὸν

2167 2864 2544 2939 ὁμολογήσας,
2599 2867 2687 2920 καὶ
2747 2866 3070 2941 κρεμασθεὶς
3126 2865 3331 2937 ἐξέσθη.
3365 2869 3499 2921 Εἶτα
3545 2863 3816 2942 παρεδόθη

2167 2957 2437 3029 Τερεντίῳ
2491 2959 2572 3027 τῷ
2629 2954 2880 3030 ἐπάρχῳο
2944 2956 3031 3032 ὑφ’
3105 2955 3168 3012 οὗ
3226 2957 3304 3018 εἷς
3359 2959 3596 3032 τήγανον
3655 2977 3821 3012 πεπυ-

2166 3044 2410 3118 ρωμένον
2469 3041 2760 3117 ἐνεϐλήθη,
2821 3045 3017 3115 πίσσης
3073 3047 3163 3102 καὶ
3218 3045 3405 3103 ἐλαίου
3461 3048 3551 3103 καὶ
3603 3047 3817 3108 στέατος

2165 3132 2624 3207 πεπληρωμένον.
2671 3135 2776 3190 Καὶ
2839 3132 2997 3204 μνδέν
3059 3133 3360 3206 ἀδικηθεὶς,
3391 3137 3467 3200 εἷς
3496 3136 3815 3210 Ἀπάμειαν,

406 3231 644 3286 niadem
662 3232 978 3286 abeuntem
999 3233 1166 3304 sequi
1181 3234 1753 3305 compulsus,ibique
1773 3234 1837 3288 in
1858 3234 2056 3289 fanum

2171 3221 2254 3276 καὶ
2321 3221 2745 3279 Ἀπολλωνιάδα
2817 3229 2896 3296 τῷ
2953 3225 3183 3301 ἡγεμόνι
3261 3227 3621 3302 ἀπερχοπὲνῳ
3694 3226 3818 3282 ἀκο-

407 3319 702 3374 idolorum
728 3319 1198 3384 adductus,fusis
1220 3323 1494 3393 precibus
1516 3323 1836 3378 simulacra
1856 3325 2058 3379 omnia

407 3409 696 3463 contrivit.
708 3411 916 3464 Postea
935 3410 1167 3466 tribuno
1181 3412 1830 3484 traditus,graviterque
1845 3430 2053 3480 cassus,

410 3514 545 3551 cum
575 3497 716 3552 feris
747 3501 1046 3571 pugnavit.
1108 3503 1236 3556 Mox
1296 3503 1358 3556 in
1415 3501 1719 3557 fornacem
1777 3503 2055 3574 injectus,

405 3587 630 3642 illmsus
664 3590 1006 3660 permansit.
1041 3591 1335 3646 Tribunus
1366 3609 1499 3646 vero
1530 3591 1895 3665 frigefactam
1936 3593 2055 3648 for-

405 3693 610 3731 nacem
645 3680 1012 3746 existimans,
1070 3697 1205 3736 cum
1266 3698 1395 3736 eam
1452 3682 1684 3736 visurus
1736 3683 2051 3754 appropin-

403 3772 630 3835 quaret,
667 3769 906 3824 Bamma
936 3770 1303 3840 combustus,
1337 3772 1397 3825 in
1448 3772 1750 3843 pulverem
1782 3772 2056 3827 redactus

402 3858 590 3909 est.At
621 3859 868 3912 Aeacius
901 3859 1248 3914 Possidonio
1279 3861 1518 3931 praesidi
1559 3862 1831 3928 traditus,
1864 3861 2056 3933 gravi-

400 3945 628 4014 busque
661 3949 886 4002 catenis
930 3948 1138 4002 ferreis
1192 3949 1613 4014 circumdatus,
1656 3951 1920 4005 Miletum
1952 3951 2054 4005 ab-

400 4031 612 4086 ductus
668 4034 818 4088 fuit:
877 4034 975 4088 ubi
1036 4054 1172 4090 cum
1229 4036 1390 4092 idola
1420 4055 1626 4093 rursus
1657 4040 2051 4107 contrivisset,

400 4122 589 4190 capite
621 4122 1026 4191 obtruncatus,
1060 4126 1406 4196 sanguinem
1441 4134 1497 4181 et
1535 4127 1625 4181 lac
1655 4128 1871 4182 emisit.

470 4301 540 4354 Et
568 4306 868 4357 certamen
903 4309 1242 4358 sanctorum
1292 4305 1695 4376 apostolorum
1745 4307 2050 4375 Procbori,

397 4390 706 4447 Nicanoris
738 4398 797 4447 et
827 4393 1144 4449 sociorum.

953 4512 1192 4567 EODEM
1232 4514 1481 4569 MENSE.

889 4601 994 4656 Die
1040 4601 1319 4658 vicesima
1370 4620 1546 4659 nona.

643 4693 927 4746 Certamen
974 4694 1159 4748 sancti
1201 4697 1469 4764 martyris
1517 4693 1796 4750 Callinici.

466 4794 788 4852 Callinicus
818 4798 1032 4853 Christi
1096 4806 1320 4872 martyr
1377 4818 1446 4856 ex
1505 4802 1745 4872 regione
1804 4801 2042 4868 Ciliciae,

393 4883 762 4940 Christianus
793 4903 928 4941 cum
961 4895 1136 4954 esset,
1160 4890 1523 4962 verbumque
1545 4891 1761 4946 Christi
1784 4891 2042 4958 doceret,

393 4971 760 5041 hortabatur,
812 4991 845 5029 a
888 4977 1068 5031 rebus
1117 4978 1357 5047 quidem
1406 4980 1570 5035 vanis
1619 4997 1680 5035 se
1721 4980 2042 5050 abstinere,

393 5060 804 5116 universorum
837 5069 1035 5118 autem
1060 5064 1341 5120 factorem
1372 5068 1671 5123 Christum
1703 5086 2040 5142 agnoscere.

391 5148 784 5212 Quamobrem
818 5153 1306 5223 comprehensus,
1331 5160 1389 5208 et
1418 5156 1490 5209 ad
1521 5159 1833 5226 praesidem
1866 5159 2044 5214 addu-

392 5243 541 5304 ctus,
576 5240 909 5311 omnigenis
966 5240 1037 5295 ab
1101 5258 1166 5295 eo
1220 5245 1534 5299 tormentis
1592 5246 1893 5317 subjectus
1920 5255 2040 5304 est:

393 5343 528 5380 mox
563 5326 770 5382 ferreis
802 5327 1218 5384 calceamentis
1250 5348 1385 5387 cum
1418 5333 1595 5389 clavis
1627 5339 1814 5392 acutis
1847 5338 2042 5393 subli-

393 5416 562 5486 gatis,
597 5423 733 5470 ante
758 5433 941 5487 equos
963 5435 1152 5488 usque
1180 5419 1253 5474 ad
1275 5421 1483 5478 urbem
1516 5425 1801 5497 Gangram
1836 5427 2042 5482 stadiis

397 5505 698 5577 sexaginta
727 5505 996 5560 dissitam
1023 5523 1259 5563 currere
1282 5509 1547 5581 adactus,
1571 5531 1706 5568 cum
1738 5516 2043 5586 sexaginta

395 5587 585 5642 stadia
600 5586 848 5658 pedibus
869 5587 1453 5658 confecisset,videns
1471 5595 1832 5649 abducentes
1846 5594 2040 5665 ipsum

394 5676 614 5733 milites
668 5693 790 5750 prae
849 5675 947 5732 siti
1003 5677 1264 5736 animam
1321 5698 1515 5756 agere,
1561 5683 1710 5739 fusis
1765 5685 2040 5756 precibus

2168 3311 2386 3375 λουθεῖν
2444 3313 2782 3387 ἠναγκάσθη.
2858 3315 3025 3370 Ἔνθα
3099 3314 3151 3370 ἐν
3218 3314 3296 3388 τῷ
3370 3320 3484 3389 ναῷ
3546 3316 3820 3391 εἰσαχθεὶς

2165 3406 2271 3456 τῶν
2351 3400 2617 3473 εὶδώλων,
2677 3404 3122 3478 προσευχόμενος
3181 3406 3356 3460 πάντα
3418 3408 3698 3481 συνέτριψε
3754 3407 3821 3460 τὰ

2166 3487 2344 3561 ξόανα.
2416 3492 2566 3549 Μετὰ
2627 3491 2792 3548 ταῦτα
2858 3495 2937 3566 τῷ
2997 3489 3272 3570 τριϐούνῳ
3319 3493 3669 3572 παραδοθεὶς,
3724 3497 3817 3550 καὶ

2164 3580 2382 3659 τυφθεὶς
2437 3580 2686 3660 σφοδρῶς
2748 3583 3210 3660 ὲθηριομάχησεν.
3272 3585 3403 3640 Εἶτα
3459 3587 3534 3648 εἷς
3583 3589 3813 3662 φοῦρνον

2165 3667 2490 3745 ἐμϐληθεὶς,
2520 3669 2772 3742 ἀϐλαϐὴς
2831 3672 3117 3748 διέμεινεν.
3184 3676 3346 3747 Δόξας
3381 3673 3436 3730 δὲ
3467 3677 3494 3730 6
3526 3672 3814 3751 τριϐοῦνος

2164 3762 2376 3836 ψυχρὸν
2439 3763 2571 3816 εἷναι
2625 3763 2716 3818 τὸν
2774 3768 3028 3840 φοῦρνον,
3084 3764 3172 3820 καὶ
3241 3765 3597 3840 προσεγγίσας
3655 3764 3812 3836 ἰδεῖν,

2165 3849 2322 3911 αὐτὸς
2391 3852 2486 3924 μὲν
2558 3853 2867 3921 κατακαεὶς,
2929 3853 3004 3916 εἷς
3065 3853 3344 3930 κονιορτὸν
3415 3855 3641 3929 ἐγένετο·
3687 3857 3714 3911 6
3755 3854 3814 3912 δὲ

2164 3941 2411 4003 Ἀκάκιος
2441 3941 2715 4018 παρεδόθη
2769 3941 3088 4018 Ποσιδωνίῳ
3133 3949 3212 4017 τῷ
3259 3943 3504 4021 ἄρχοντι.
3540 3949 3636 4002 Καὶ
3667 3967 3816 4023 περι-

2160 4029 2331 4094 τεθεὶς
2365 4032 2531 4106 βαρέα
2587 4029 2804 4108 σίδηρα,
2863 4031 3013 4110 ἤχθη
3071 4033 3148 4096 εἷς
3205 4034 3472 4106 Μίλητον·
3507 4037 3596 4090 καὶ
3644 4037 3811 4093 πάλιν

2163 4119 2453 4196 συντρίψας
2480 4122 2549 4175 τὰ
2595 4119 2817 4191 εἴδωλα,
2877 4121 3090 4195 ἐτμήθη
3151 4124 3248 4194 τὴν
3302 4123 3568 4199 κεφαλὴν,
3597 4133 3700 4197 τῆς
3728 4148 3818 4182 τοο

2165 4215 2272 4280 μῆς
2306 4208 2569 4284 ῥευσάσης
2599 4213 2736 4284 αἷμα
2764 4211 2853 4266 καὶ
2883 4211 3044 4287 γάλα.

2231 4298 2328 4352 Καὶ
2392 4297 2624 4371 ἄθλησις
2688 4305 2795 4355 τῶν
2867 4301 3035 4377 ἁγίων
3104 4304 3425 4361 ἀποστόλων
3498 4307 3810 4385 Προχόρου,

2157 4389 2500 4464 Νικάνωρος,
2531 4391 2622 4444 καὶ
2650 4395 2758 4446 τῶν
2792 4391 2884 4446 σὺν
2920 4391 3124 4456 αύτοῖς.

2709 4510 2894 4566 ΜΗΝΙ
2930 4515 3014 4564 ΤΩ
3051 4513 3254 4569 ΑΥΤΩ.

2989 4599 3043 4653 Θ.

2945 4601 3043 4654 KG‘

2335 4685 2624 4758 Ἀθλησις,
2650 4690 2748 4742 τοῦ
2780 4688 2936 4763 ἁγίου
2970 4687 3243 4765 μάρτυρος
3276 4689 3624 4751 Καλλινίκου.

2229 4793 2552 4858 Καλλίνικος
2602 4797 2630 4850 6
2686 4801 2782 4852 τοῦ
2832 4799 3067 4863 Χριστοῦ
3125 4802 3348 4874 μάρτυς,
3375 4802 3442 4872 ἦν
3491 4805 3589 4877 μὲν
3621 4803 3680 4859 έκ
3707 4811 3808 4875 τῆς

2157 4884 2344 4958 χώρας
2385 4883 2655 4946 Κιλικίας
2716 4888 3032 4960 Χριστιανὸς
3100 4887 3157 4944 δὶ
3223 4887 3320 4962 ὢν,
3387 4893 3474 4947 καὶ
3535 4890 3804 4948 διδάσκω-ι

2152 4971 2445 5049 τὸνλόγον
2505 4978 2600 5028 τοῦ
2654 4979 2897 5051 Χριστοῦ
2954 4978 3186 5054 παρῄνει
3249 4981 3343 5052 μὲν
3372 4980 3669 5057 ἀπέχεσθαι
3700 4989 3807 5038 τῶν

2159 5064 2428 5136 ματαίων,
2479 5066 2572 5120 τὸν
2629 5062 2686 5120 δὲ
2742 5069 2979 5137 ποιητὴν
3038 5074 3136 5124 τοῦ
3193 5073 3392 5134 παντὸς
3425 5069 3805 5149 ἔπιγινώσκειν

2155 5152 2406 5227 Χριστόν.
2455 5156 2612 5212 Ὅθεν
2661 5157 2971 5230 κρατηθεὶς,
3027 5159 3179 5234 ἢχθη
3226 5161 3361 5235 πρὸς
3405 5162 3498 5216 τὸν
3539 5164 3806 5239 ἡγεμόνα,

2156 5240 2246 5295 καὶ
2276 5242 2402 5318 παρ’
2435 5242 2598 5297 αὐτοῦ
2649 5244 2930 5308 παντοίαις
2985 5247 3244 5322 βασάνοις
3293 5245 3646 5321 ὑποϐληθεὶς,
3683 5253 3809 5306 ὑπο-

2154 5327 2372 5403 δήματα
2403 5329 2602 5407 σιδηρᾶ
2647 5335 2781 5406 μετᾶ
2821 5333 2970 5403 ἣλων
3020 5335 3182 5406 ὀξέων
3242 5337 3494 5411 ὑπεδέθη,
3528 5338 3614 5394 καὶ
3646 5341 3810 5416 ἠναγ-

2150 5421 2318 5487 κάσθη
2381 5421 2595 5497 τρέχειν
2665 5421 2969 5498 ἔμπροσθε)
3032 5429 3140 5480 τῶν
3204 5427 3391 5483 ἳππων
3471 5431 3641 5504 μέχρι
3703 5432 3802 5499 τῆς

2151 5509 2364 5573 πόλεως
2422 5512 2662 5587 Γάγγρας
2713 5513 3028 5588 ἀπεχούσης
3077 5513 3324 5579 σταδίους
3374 5517 3651 5589 ἐξήκοντα.
3697 5519 3799 5576 Καὶ

2148 5598 2406 5667 πεζεύσας
2451 5598 2708 5670 ἐξήκοντα
2754 5599 2966 5671 στάδια,
3014 5604 3104 5658 καὶ
3154 5601 3286 5660 ΐδὼν
3332 5607 3460 5670 τοὺς
3491 5607 3795 5684 ἀπάγοντας

2149 5687 2304 5743 αὐτὸν
2339 5690 2671 5766 στρατιώτας
2715 5695 2796 5765 τῷ
2844 5689 2986 5767 δίψει
3034 5695 3533 5774 λειποψυχοῦντας,
3565 5718 3795 5776 προσευ·
