4184 6326
401 370 520 431 565

1973 373 2274 438 IULIUS.

3705 379 3825 442 866

403 500 633 574 ξάμενος
683 498 944 578 ἰξήγαγεν
1001 498 1150 578 ὕδωρ
1208 500 1268 559 ἑκ
1321 511 1424 574 τῆς
1481 512 1610 579 γῆς,
1661 506 1751 560 καὶ
1807 503 2053 559 ἐπότισεν

2172 521 2387 578 aquam
2419 520 2449 561 e
2482 510 2639 562 terra
2661 506 2881 575 eduxit,
2907 522 3125 577 eosque
3152 507 3390 578 potavit.
3415 508 3562 562 Cum
3593 525 3726 565 vero
3760 513 3822 568 in

407 589 621 654 αὐτοὺς.
658 590 756 646 Καὶ
789 592 991 669 φθάσας
1048 594 1148 662 τήν
1210 592 1370 647 πόλιν
1431 593 1693 670 Γάγγραν,
1725 591 2053 662 ἀπεκλείσθη

405 678 481 742 εἰς
542 677 815 758 φυλακήν.
877 682 979 738 Καὶ
1041 683 1175 755 μετά
1233 681 1421 757 ὀλίγας
1475 685 1686 759 ἡμέρας
1743 688 1844 752 τῆς
1876 679 2058 759 φυλα-

407 775 509 839 κῆς
567 764 882 841 ἐκϐληθεὶς,
938 771 1026 826 καὶ
1075 772 1534 846 καταναγκασθεῗς
1593 773 1922 845 ἀρνήσασθαι
1971 769 2062 824 τὸν

409 860 661 933 Χριστὸν,
694 860 784 914 καὶ
821 861 897 932 μή
931 861 1190 927 πεισθεὶς,
1231 861 1360 937 πυρὶ
1411 859 1726 932 ἐτελειώθη.
1761 861 1863 918 Καὶ
1893 879 2060 914 κατε-

405 949 533 1018 τέθη
594 949 656 1004 τὸ
713 949 900 1022 τίμιον
958 949 1125 1004 αὐτοῦ
1183 949 1440 1025 λείψανον
1499 952 1656 1026 χερσὶ
1721 952 2056 1025 Χριστιανῶν

408 1033 460 1088 ἐν
491 1033 637 1107 αὐτῷ
664 1040 745 1108 τῷ
772 1037 929 1108 τόπῳ
959 1043 1060 1106 τῆς
1089 1036 1443 1100 τελειώσεως.

476 1125 575 1180 Καὶ
611 1127 805 1199 μνήμη
853 1130 950 1181 τοῦ
1007 1126 1160 1182 ὁσίου
1221 1129 1426 1201 [ἰατρὸς
1458 1129 1619 1200 ἡμῶν
1648 1125 1738 1182 καὶ
1769 1127 2059 1201 ὁμολογη-

404 1217 499 1269 τοῦ
529 1216 779 1272 Ἰωάννου
813 1215 1227 1292 μητροπολίτου
1254 1214 1631 1288 Χαλκηδόνος.

948 1315 1130 1374 MHNI
1171 1317 1260 1372 T0
1298 1319 1495 1373 ΑΥΤΩ.

1200 1405 1259 1462 Α,

509 1495 632 1565 Μνή
642 1516 718 1567 μη
746 1497 843 1549 τοῦ
877 1493 1149 1571 μακαρίου
1179 1496 1432 1551 Ἰωάννου
1462 1498 1560 1550 τοῦ
1591 1494 1949 1570 στρατιώτου.

477 1599 644 1663 Οὗτος
702 1601 769 1671 ἦν
828 1600 918 1656 ἐπὶ
1005 1601 1307 1659 Ἰουλιανοῦ
1360 1605 1458 1656 τοῦ
1516 1595 1835 1677 παραϐάτου
1898 1619 2062 1675 στρα-

404 1690 713 1762 τευόμενος.
773 1690 1132 1754 Ἀποσταλεὶς
1193 1691 1284 1746 οῦν
1350 1693 1486 1764 μετά
1535 1689 1621 1745 καῖ
1671 1688 1868 1766 ἆτέρων
1899 1708 2057 1764 στρα-

405 1784 614 1835 τιωτῶν
676 1779 752 1843 εἷς
809 1779 901 1835 τὸν
961 1782 1099 1837 κατά
1147 1786 1254 1836 τῶν
1317 1785 1652 1856 Χριστιανῶν
1687 1778 1955 1854 διωγμὸν,
1988 1777 2054 1847 ἦν

2174 594 2384 649 urbem
2405 595 2695 666 Gangram
2719 593 3174 666 pervenisset,in
3196 609 3494 650 carcerem
3517 597 3822 667 conjectus

2176 684 2500 754 paucisque
2521 689 2655 755 post
2675 683 2881 738 diebus
2904 681 3043 738 inde
3067 682 3336 747 eductus,
3355 684 3825 756 compellebatur

2176 773 2474 829 Christum
2506 775 2659 831 186
2692 774 3022 846 abnegare;
3075 775 3233 845 quod
3280 791 3416 830 cum
3449 793 3510 832 se
3542 777 3826 831 commis-

2176 880 2381 918 surum
2439 870 2701 935 negaret,
2756 864 2890 933 igne
2942 863 3120 918 vitam
3187 864 3413 920 finivit:
3471 865 3824 921 veneranda:

2174 959 2371 1007 autem
2401 953 2563 1007 illius
2614 952 2883 1024 reliquias
2939 953 3217 1009 manibus
3259 955 3731 1010 Christianorum
3764 955 3827 1010 in

2175 1041 2382 1097 eodem
2415 1042 2691 1114 supplicii
2726 1042 2853 1097 loco
2885 1041 3169 1113 depositas
3195 1043 3455 1098 fuerunt.

2245 1133 2313 1186 Et
2343 1132 2827 1187 commemoratio
2851 1132 3038 1188 sancti
3070 1133 3262 1188 Patris
3292 1132 3480 1188 nostri
3511 1137 3571 1188 et
3599 1133 3826 1189 confes-

2173 1221 2324 1276 soris
2352 1220 2594 1277 Joannis
2625 1221 3020 1292 metropolitaa
3051 1221 3461 1279 Chalcedonis.

2728 1321 2969 1374 EODEM
3007 1320 3260 1376 MENSE.

2761 1409 2864 1464 Die
2905 1409 3227 1465 tricesima.

2422 1498 2873 1554 Commemoratio
2904 1498 3053 1553 beati
3080 1500 3310 1556 Joannis
3353 1500 3570 1556 militis.

2241 1596 2345 1650 Hic
2377 1595 2484 1650 sub
2514 1595 2746 1651 Iuliano
2777 1598 3059 1668 Apostata
3097 1597 3411 1653 militabat.
3446 1598 3588 1652 Cum
3622 1603 3822 1653 autem

2170 1685 2388 1741 missus
2419 1685 2630 1740 fuisset
2654 1702 2773 1740 una
2795 1702 2928 1741 cum
2962 1687 3094 1742 aliis
3122 1686 3436 1752 militibus,
3456 1693 3522 1742 ut
3541 1687 3820 1743 Christia-

2169 1793 2280 1832 nos
2295 1777 2914 1848 persequeretur,illos
2933 1777 3171 1848 quidem
3191 1777 3467 1850 persequi
3486 1777 3815 1846 videbatur;

412 1868 504 1940 μὲν
561 1872 678 1931 τοῖς
739 1869 908 1946 ὁρῶσι
977 1866 1234 1940 διώκτης·
1297 1869 1590 1944 συνεμάχει
1630 1865 1686 1923 δὲ
1732 1867 1912 1944 κρύφα
1938 1871 2053 1930 τοῖς

2170 1865 2267 1920 sed
2299 1865 2450 1920 clam
2485 1865 2906 1936 patriocinium
2935 1867 3410 1922 Christianorum
3444 1867 3805 1938 suscipiens,

406 1958 778 2031 Χριπιανοῖς·
816 1963 934 2020 τοῖς
996 1960 1090 2031 μὲν
1141 1957 1248 2033 πρό
1299 1962 1395 2013 τοῦ
1445 1960 1783 2032 κρατηθῆναι
1830 1956 2052 2028 μηνύων

404 2050 611 2123 φυγεῖν
670 2049 792 2108 τοῖς
854 2043 912 2101 δὶ
971 2051 1108 2120 μετά
1165 2047 1266 2115 τήν
1324 2044 1648 2122 κατάσχεσιν
1704 2044 1877 2120 λάθρα
1933 2041 2056 2098 ἐπι-

400 2137 534 2189 νοῶν
564 2136 664 2203 τήν
697 2133 1017 2210 ἀπόδρασιν.
1077 2134 1154 2194 Οὐ
1206 2134 1370 2208 μόνον
1403 2132 1460 2190 δὶ
1496 2135 1559 2190 τὸ
1591 2134 1865 2207 συμπαθὲς
1915 2132 2053 2208 πρὸς

399 2225 625 2288 τούτους
655 2221 1024 2294 ἐπεδείκνυτο,
1072 2223 1219 2281 ἀλλά
1274 2227 1364 2280 καὶ
1421 2230 1540 2288 τοῖς
1589 2222 1816 2279 ἐνδεέσιν
1849 2221 2055 2298 ἐχορή-

398 2333 480 2390 γει
539 2315 607 2369 τά
661 2312 964 2386 ἕπιτηδεια.
1026 2317 1127 2372 Καὶ
1185 2319 1519 2391 προσευχαῖς
1582 2313 1673 2369 καὶ
1758 2312 2054 2385 νηστείαις,

399 2403 488 2458 καὶ
543 2408 655 2460 τῶν
709 2403 946 2470 ἀσθενῶν
1007 2405 1340 2480 ἐπισκέψεσι,
1396 2404 1487 2460 καὶ
1542 2409 1662 2466 ταῖς
1711 2408 1818 2459 τῶν
1859 2397 2054 2458 θλιϐο-

405 2494 576 2566 μένων
633 2496 1001 2568 παραμυθίαις
1058 2496 1148 2550 τὸν
1215 2495 1332 2570 βίον
1391 2495 1557 2550 αὐτοῦ
1613 2492 1908 2567 ἐπεκόσμει
1963 2491 2054 2548 καὶ

400 2584 538 2656 πρὸς
589 2583 652 2639 τὸ
711 2584 905 2657 σεμνὸν
959 2584 1406 2661 κατερῥύθμισεν.
1461 2582 1619 2642 Οὕτω
1651 2577 1710 2639 δὶ
1743 2583 1971 2660 βιώσας,
2002 2579 2056 2636 ἑν

402 2671 586 2748 Κυρίῳ
643 2674 999 2729 ἀνεπαύσατω
1088 2674 1176 2729 καὶ
1263 2675 1519 2744 κατετέθη
1590 2673 1641 2728 ἐν
1701 2673 1877 2745 τόπῳ,
1936 2666 2059 2726 ἔνθα

401 2763 492 2816 καὶ
552 2763 604 2816 οἱ
661 2763 797 2832 ξένοι
858 2762 1108 2819 ἐτίθεντο·
1179 2761 1427 2838 ἐγνώσθη
1485 2761 1544 2818 δὶ
1589 2761 1807 2836 ὕστερον
1841 2761 2057 2838 γυναικί

399 2874 508 2907 τινι
541 2850 612 2907 δι’
641 2853 1054 2928 ἀποκαλύψεως
1096 2856 1154 2916 ες
1210 2853 1346 2928 αὐτῇ
1404 2853 1642 2925 ἐπιστὰς,
1679 2855 1782 2923 τὴν
1808 2873 1867 2907 τε
1897 2851 1949 2906 ἐν
1978 2856 2060 2925 τῷ

406 2941 513 3015 βίῳ
543 2946 729 3018 πρᾶξιν
762 2943 924 2998 αὐτοῦ
955 2941 1043 2998 καὶ
1073 2945 1103 2999 ὃ
1134 2943 1467 3013 ἐπεκέκλητο
1502 2939 1700 3015 ὄνομα,
1733 2939 2056 3018 διεσάφησε.

398 3037 833 3109 Θαυματουργῶν
892 3031 950 3088 δὲ
998 3034 1089 3088 καὶ
1149 3032 1296 3089 ἄλλα
1351 3031 1560 3103 πολλὰ,
1591 3031 1778 3107 ἐπέχει
1811 3032 1899 3087 καὶ
1931 3031 2058 3096 τοὺς

398 3118 459 3196 δρ
469 3120 674 3194 ασμοὺς
704 3126 810 3177 τῶν
845 3120 1090 3182 δούλων.

471 3303 572 3358 Καὶ
609 3302 804 3375 μνήμη
836 3305 944 3357 τῶν
978 3301 1147 3378 ἁγίων
1177 3298 1500 3355 ἀποστόλων
1529 3299 1690 3370 Σίλα,
1725 3299 2052 3369 Σιλουανοῦ,

403 3392 755 3468 Κρίσκεντος,
789 3392 1110 3449 Ἐπαινετοῦ
1133 3390 1222 3445 καὶ
1257 3388 1627 3466 Ἀνδρονίκου.

949 3480 1134 3537 MHNI
1173 3486 1261 3536 ΤΩ
1300 3484 1503 3540 ΑΥΤΩ.

1179 3574 1288 3627 AA‘

579 3661 849 3732 ’Δθλησις
878 3667 978 3730 τῆς
1027 3660 1183 3736 ἁγίας
1239 3658 1513 3734 μάρτυρος
1547 3659 1873 3728 Ἰουλίττης.

478 3751 764 3820 Ἰουλίττα,
797 3755 960 3823 ἡτοῦ
1017 3755 1250 3827 Χριστοῦ
1311 3752 1536 3827 μάρτυς,
1593 3753 1658 3819 ἦν
1721 3751 1815 3824 μὲν
1865 3749 1926 3805 ἐκ
1953 3744 2053 3805 πό-

407 3841 543 3904 λεως
617 3842 945 3914 Καισαρείας
1023 3837 1430 3902 Καππαδοκίας.
1509 3837 1665 3910 δίκην
1741 3837 1797 3894 δὲ
1853 3836 2056 3914 ἔχουσα

402 3932 539 4007 πρὸς
590 3953 711 3987 τινα
762 3929 1148 3986 πλεονεκτικὸν
1204 3927 1390 4002 ἄνδρα,
1451 3929 1544 3984 καὶ
1605 3929 1804 4004 βίαιον,
1857 3928 1916 3991 ὃς
1948 3935 2054 4004 γῆς

402 4020 602 4092 ταύτης
655 4022 718 4076 τὸ
774 4017 964 4075 πλεῖον
1026 4019 1339 4091 ἀποτεμὼν,
1395 4018 1485 4073 καὶ
1546 4017 1768 4095 ἀγροὺς,
1795 4018 1886 4073 καὶ
1922 4021 2053 4087 ζῶα,

402 4110 489 4164 καὶ
538 4108 755 4183 κώμας,
811 4108 901 4164 καὶ
957 4107 1192 4178 οἰκέτας,
1248 4105 1338 4163 καῖ
1393 4112 1566 4162 πᾶσαν
1624 4109 1726 4176 τὴν
1776 4110 1878 4162 τοῦ
1935 4105 2055 4182 βίου

401 4201 736 4268 κατασκευήν
809 4199 948 4272 πρὸς
1022 4199 1211 4253 ἑαυτὸν
1303 4198 1618 4268 μετέστησε,
1699 4200 2052 4272 καταφρονῶν

401 4294 503 4344 τοῦ
560 4286 770 4344 δικαίου
827 4287 916 4342 καὶ
975 4290 1071 4342 τοῦ
1127 4290 1284 4356 θεοῦ,
1338 4286 1695 4360 συκοφάνταις
1735 4285 1825 4340 καὶ
1855 4281 2056 4359 ψευδο-

409 4377 659 4453 μάρτυσι,
706 4377 796 4432 καὶ
856 4372 1214 4450 δωροδοκίαις
1272 4378 1380 4429 τῶν
1467 4371 1795 4443 δικαζόντων
1847 4373 2056 4448 ἐπερει-

404 4465 649 4540 δόμενος·
710 4471 1026 4544 παραστᾶσα
1106 4469 1185 4538 τῷ
1272 4461 1572 4534 δικάζοντι,
1631 4465 1723 4520 καὶ
1781 4465 2051 4540 ἀρξαμένη

403 4555 772 4613 ἀναδιδάσκειν
830 4558 932 4626 τήν
988 4559 1084 4610 τοῦ
1169 4551 1360 4630 ἀνδρὸς
1413 4552 1722 4631 τυραννίδα,
1780 4549 2048 4624 διεϐλήθη

399 4649 526 4723 παρ’
583 4647 769 4718 αὐτοῦ,
827 4647 900 4709 ὡς
961 4645 1046 4716 εἴη
1109 4646 1436 4721 Χριστιανή.
1507 4643 1604 4699 Καὶ
1681 4646 1818 4718 πρὸς
1879 4641 2048 4718 μηδὲν

400 4734 589 4792 ἰδοῦσα
671 4741 780 4790 τῶν
849 4734 1156 4808 παρόντων,
1211 4731 1358 4788 ἀλλά
1438 4734 1649 4788 πάντων
1705 4735 2050 4808 καταφρονή-

399 4845 552 4881 σασα’
589 4825 1048 4902 Ἐῥρέτω,εἶπεν,
1114 4823 1142 4877 ὁ
1205 4823 1343 4899 βίος,
1405 4825 1497 4877 καὶ
1560 4824 1595 4892 ἠ
1662 4822 1858 4878 τούτου
1899 4820 2046 4896 δόξα.

398 4915 546 4991 Ἐγὼ
569 4915 670 4990 γὰρ
719 4915 810 4970 τὸν
859 4914 1108 4968 ἁπάντων
1155 4909 1515 4988 δημιουργὸν,
1545 4911 1636 4965 καὶ
1674 4912 1914 4982 ποιητὴν
1947 4911 2050 4966 οὐκ

395 5006 725 5079 ἀρνήσομαι.
805 5001 1057 5078 Παραυτά
1130 5001 1222 5056 οὗν
1299 5001 1328 5055 ὁ
1402 4998 1588 5064 ἄδικος
1649 5001 1842 5074 κριτὴς
1915 5002 2043 5075 πυρὶ

395 5093 596 5164 ταύτην
653 5090 986 5169 παρέδωκεν.
1043 5093 1104 5148 Ἡ
1160 5088 1217 5145 δὲ
1275 5091 1507 5163 κάμινος
1557 5093 1894 5165 περισχοῦσα
1946 5096 2048 5159 τῆς

396 5186 551 5261 ἁγίας
597 5185 661 5239 τὸ
715 5187 895 5256 σῶμα,
955 5180 1136 5252 ὣσπερ
1192 5201 1273 5243 τις
1327 5180 1573 5254 θάλαμος
1632 5180 1917 5257 φωτεινὸς,
1947 5180 2047 5248 τήν

398 5275 491 5348 μὶν
524 5275 711 5349 ψυχήν
770 5273 858 5327 επὶ
907 5272 1007 5340 τήν
1066 5269 1315 5344 οὐράνιον
1364 5270 1553 5343 χώραν
1603 5265 1864 5343 ἔπεμψεν,
1894 5269 1956 5324 τὸ
1988 5265 2046 5324 δὶ

391 5365 574 5436 τίμιον
604 5361 771 5432 αὐτῆς
831 5365 992 5432 σῶμα
1046 5357 1296 5433 ἀκέραιον
1353 5355 1647 5414 διεσώσατο
1675 5363 1794 5420 τοῖς
1827 5361 2044 5431 προσή-

393 5474 568 5520 κουσι,
597 5450 688 5506 καὶ
721 5455 850 5505 πᾶσι
879 5454 996 5511 τοῖς
1031 5453 1270 5509 πιστοῖς.

395 5560 489 5615 Καὶ
525 5560 719 5633 μνήμη
769 5560 866 5612 τοῦ
922 5556 1076 5612 ὁσίου
1134 5555 1343 5682 ἓῗτρὸς
1397 5556 1555 5627 ἡμῶν
1607 5551 1917 5629 Εὖδοκίμου
1945 5557 2043 5610 τοῦ

1215 5647 1299 5682 ου.

1215 5647 1299 5686 ου.

465 5719 640 5782 Οῦτος
673 5719 702 5774 ὁ
737 5717 1002 5794 μακάριος
1037 5716 1283 5791 ὑπῆρχεν
1330 5713 1418 5770 ἐπὶ
1467 5721 1569 5786 τῆς
1603 5713 1883 5790 βασιλείας
1914 5721 2042 5773 Θεο-

2085 4614 2132 4678 D

2161 1956 2296 2011 aliis
2327 1955 2914 2026 quidem.antequam
2943 1962 3319 2028 caperentur,
3349 1956 3724 2029 significabat
3751 1962 3818 2011 ut

2158 2046 2458 2117 fugerent;
2475 2045 2610 2101 aliis
2626 2052 3102 2117 vero,postquam
3120 2045 3534 2118 comprehensi
3553 2046 3809 2110 fuerant,

2162 2135 2456 2190 occultam
2495 2133 2691 2207 fugam
2735 2134 2999 2206 parabat.
3033 2137 3231 2206 Neque
3261 2151 3394 2190 vero
3428 2135 3811 2192 commisera-

2161 2222 2385 2278 tionem
2417 2221 2703 2278 duntaxat
2733 2239 2869 2291 erga
2898 2223 3043 2278 istos
3075 2223 3462 2292 ostendebat;
3498 2222 3601 2279 sed
3629 2223 3808 2278 etiam

2160 2311 2566 2385 indigentibus
2624 2311 2962 2367 necessaria
3019 2311 3453 2384 suppeditabat,
3511 2313 3813 2383 vitamque

2164 2417 2329 2456 suam
2370 2400 2762 2461 orationibus,
2799 2401 3074 2473 jejuniis,
3125 2400 3500 2456 inﬁrmorum
3530 2400 3816 2456 visitatio-

2163 2490 2361 2556 nibus,
2394 2489 2873 2560 afﬂictorumque
2929 2489 3338 2546 consolatione
3380 2490 3726 2558 exornabat,
3760 2495 3820 2544 et

2162 2579 2235 2634 ad
2269 2579 2503 2634 honesti
2562 2595 2834 2634 normam
2894 2578 3271 2634 reformabat.
3327 2581 3519 2651 Atque
3563 2579 3722 2634 hunc
3753 2579 3816 2633 in

2163 2667 2406 2723 modum
2436 2684 2574 2723 cum
2603 2668 2863 2731 vixisset,
2897 2667 2956 2721 in
2988 2667 3240 2723 Domino
3263 2668 3816 2740 requievit.deposi-

2163 2768 2375 2832 tusque
2406 2760 2518 2815 fuit
2575 2761 2636 2815 in
2694 2759 2845 2826 loco,
2896 2758 2998 2814 ubi
3056 2760 3352 2832 peregrini
3385 2760 3812 2817 condebantur.

2163 2849 2486 2907 Novissime
2543 2855 2742 2904 autem
2799 2847 3036 2903 cuidam
3097 2849 3331 2904 mulieri
3390 2867 3497 2922 per
3528 2850 3814 2906 visionem

2165 2939 2464 2994 innotuit:
2519 2939 2573 2994 ei
2631 2939 2791 2993 enim
2849 2953 3164 3008 apparens,
3212 2937 3343 2991 vitm
3376 2937 3616 3009 quidem
3648 2946 3813 2995 actus

2163 3045 2501 3100 nomenque
2545 3045 2719 3084 suum
2767 3026 3078 3082 indicavit:
3128 3027 3415 3083 miracula
3456 3034 3656 3083 autem
3682 3028 3812 3100 plu-

2163 3120 2317 3175 rima
2345 3125 2576 3191 patrat;
2610 3117 2714 3174 sed
2746 3133 3048 3174 servorum
3079 3116 3140 3172 in
3183 3117 3393 3188 primis
3423 3118 3624 3191 fugam
3649 3119 3813 3175 cohi-

2164 3209 2285 3264 bet.

2235 3301 2306 3354 Et
2335 3297 2820 3355 commemoratio
2845 3302 3186 3353 sanctorum
3218 3297 3626 3370 apostolorum
3657 3297 3813 3370 Silae,

2162 3388 2404 3456 Silvani,
2435 3388 2788 3457 Crescentis,
2816 3389 3077 3460 Epaaneti
3113 3393 3171 3442 et
3199 3387 3544 3445 Andronici.

2714 3477 2959 3534 EODEM
3009 3478 3261 3534 MENSE.

2651 3567 2754 3623 Die
2787 3566 3089 3622 tricesima
3118 3569 3330 3638 prima.

2339 3655 2487 3711 187
2523 3656 2810 3712 Certamen
2849 3662 3054 3710 sanctae
3103 3659 3367 3725 martyris
3395 3656 3634 3716 Julittae.

2229 3753 2434 3809 Julitta
2463 3753 2677 3808 Christi
2707 3759 2932 3823 martyr
2995 3769 3066 3807 ex
3121 3752 3387 3809 Caasarea
3430 3756 3813 3828 Cappadocia)

2160 3843 2306 3899 urbe
2321 3841 2736 3907 oriunda,cum
2755 3841 2921 3897 litem
2939 3841 3183 3896 haberet
3195 3842 3474 3899 adversus
3496 3847 3814 3916 quemdam

2159 3932 2351 3988 virum
2408 3947 2648 3987 avarum
2706 3935 2763 3986 et
2837 3931 3185 3999 violentum,
3245 3934 3348 4005 qui
3406 3939 3577 3990 terrae
3633 3935 3812 4009 hujus

2160 4021 2598 4096 plenitudinem
2628 4020 2738 4076 sibi
2768 4021 3278 4089 vendicaturus,et
3299 4030 3555 4097 agros,et
3583 4027 3814 4085 anima-

2159 4111 2262 4177 lia,
2288 4116 2346 4166 et
2373 4127 2574 4184 pagos,
2609 4117 2667 4167 et
2697 4128 2916 4181 servos,
2944 4117 3004 4168 et
3031 4128 3272 4168 omnem
3300 4113 3432 4169 vitas
3462 4123 3813 4187 apparatum

2160 4200 2236 4256 ad
2266 4202 2530 4272 seipsum
2585 4201 2990 4268 transtulerat,
3036 4203 3335 4274 justitiam
3391 4210 3569 4275 atque
3627 4207 3812 4263 Deum

2161 4291 2330 4346 ﬂocci
2348 4290 2636 4362 pendens,
2662 4291 3214 4360 calumniatoribus,
3233 4293 3517 4364 falsisque
3540 4297 3813 4367 testibus,

2161 4386 2220 4435 et
2249 4380 2598 4436 muneribus
2621 4380 2929 4452 judicibus
2970 4381 3186 4437 oblatis
3219 4383 3480 4438 confisus
3511 4401 3522 4438 :
3558 4401 3813 4456 cumque

2161 4469 2266 4524 illa
2296 4485 2494 4525 coram
2543 4469 2746 4542 judice
2804 4475 3046 4538 astaret,
3105 4473 3497 4543 ccepissetque
3551 4474 3810 4530 hominis

2163 4559 2536 4630 tyrannicam
2594 4559 3041 4630 usurpationem
3092 4575 3422 4630 exponere;
3473 4561 3545 4615 ab
3578 4563 3806 4631 eodem,

2159 4647 2318 4718 quod
2349 4647 2685 4702 Christiana
2715 4653 2890 4714 esset,
2924 4654 3199 4703 accusata
3253 4648 3383 4702 fuit.
3433 4653 3500 4702 At
3527 4649 3632 4705 illa
3657 4652 3810 4708 nihil

2157 4735 2544 4807 prmseutium
2576 4740 2938 4806 respectans,
2992 4734 3096 4790 sed
3143 4736 3346 4790 omnia
3375 4743 3762 4795 contemnens
3791 4756 3805 4795 :

2157 4825 2388 4879 Abeant
2441 4823 2658 4894 inquit,
2713 4823 2850 4891 vita,
2909 4823 3156 4895 ejusque
3213 4824 3433 4896 gloria:
3495 4842 3601 4898 ego
3645 4828 3806 4883 enim

2155 4929 2355 4968 rerum
2386 4912 2656 4967 omnium
2707 4911 2994 4967 factorem
3044 4917 3103 4966 et
3150 4913 3517 4970 conditorem
3549 4932 3671 4972 non
3701 4933 3808 4973 ne-

2155 5001 2323 5074 gabo.
2347 5000 2628 5071 Exemplo
2649 5000 2851 5071 itaque
2881 5001 3126 5072 iniquus
3139 5001 3328 5073 judex
3350 5001 3607 5058 flammis
3635 5005 3805 5061 illam

2155 5091 2533 5162 adiudicavit.
2593 5091 2823 5146 Fornax
2879 5107 3012 5146 vero
3082 5098 3299 5148 sanctaa
3357 5111 3592 5166 corpus,
3651 5098 3810 5153 velut

2156 5181 2503 5254 splendidus
2535 5181 2852 5250 thalamus,
2903 5182 3230 5254 complexa,
3273 5185 3534 5241 animam
3565 5189 3808 5258 quidem

2154 5271 2228 5327 ad
2285 5272 2584 5327 caelestem
2641 5271 2945 5344 regionem
3001 5273 3370 5342 transmisit;
3404 5277 3808 5332 venerandum

2155 5367 2352 5418 autem
2385 5361 2514 5433 ejus
2544 5377 2757 5433 corpus
2803 5362 3101 5434 integrum
3151 5367 3210 5416 et
3251 5363 3661 5437 incorruptum
3707 5383 3808 5422 co-

2153 5452 2366 5525 gnatis,
2401 5456 2459 5505 et
2485 5450 2776 5505 universis
2808 5449 3086 5506 fidelibus
3113 5453 3382 5509 servavit.

2223 5559 2294 5613 Et
2318 5559 2760 5612 commemoratio
2801 5558 2980 5639 sancti
3021 5557 3207 5641 Ratris
3235 5561 3414 5615 nostri
3440 5561 3730 5617 Eudocimi

2839 5642 3108 5697 Jumons.

2224 5718 2326 5774 Hic
2359 5717 2587 5786 beatus,
2621 5717 2950 5788 imperante
2982 5717 3304 5790 Theophila
3334 5718 3546 5775 Christi
3603 5720 3795 5792 hoste,
