4202 6314
373 396 487 457 567

1657 393 2087 456 MENOLOGII
2132 393 2332 455 PARS
2374 397 2482 458 III.

377 531 608 586 claruit.
669 532 952 586 Parentes
1007 529 1382 603 Cappadoces
1439 530 1627 596 fuere,
1688 531 1789 599 qui
1822 528 2025 584 saeculi

2151 528 2302 605 ρί>.ου
2331 533 2427 584 τοῦ
2461 529 2842 605 μισοχρίστου.
2895 529 2973 586 Οὗ
3019 528 3072 584 οἷ
3122 528 3438 605 γεννήτορες
3469 525 3560 584 σὺν
3591 531 3661 604 τῇ
3689 533 3787 584 τοῦ

378 619 760 693 splendorem
781 621 1037 691 (patricii
1061 620 1278 692 quippe
1319 620 1511 690 erant)
1533 635 1668 674 cum
1699 619 2028 674 orthodoxa

375 709 664 782 religione
691 707 1544 781 conjunxerant.Quamobrem
1575 708 1933 764 Eudocimus
1956 707 2026 762 ab

377 800 462 854 eis
520 799 593 854 ad
645 799 919 854 virtutem
971 798 1193 870 optime
1260 798 1563 864 educatus,
1596 798 1670 854 ad
1727 797 2032 854 Candidati

378 888 670 943 honorem
702 905 736 943 a
765 888 1085 959 Theophilo
1119 894 1452 959 provectus.
1475 888 1704 943 militiai
1728 887 2036 960 praefectu-

373 994 503 1032 ram
535 977 712 1031 etiam
745 976 1019 1043 obtinuit,
1049 977 1310 1047 primum
1346 976 1587 1048 quidem
1622 977 1778 1048 apud
1809 977 2032 1047 Cappa-

380 1065 593 1120 docum
626 1065 1012 1137 provinciam,
1038 1066 1252 1122 deinde
1275 1067 1430 1138 apud
1454 1067 2034 1123 CharsianumJusta

379 1155 603 1225 ubique
628 1161 846 1210 statera
869 1160 1014 1222 erat,
1035 1160 1094 1210 et
1116 1156 1705 1229 regula,omnemque
1727 1155 2036 1228 aequalita-

381 1249 501 1298 tem
551 1244 893 1313 observans,
954 1245 1245 1317 plurimas
1303 1246 1566 1318 quotidie
1626 1247 2036 1317 eleemosynas

382 1333 682 1405 erogabat,
715 1333 996 1390 ecclesias
1041 1334 1382 1402 exornabat,
1433 1335 1636 1390 viduas
1668 1340 1727 1390 et
1777 1333 2036 1407 pupillos

380 1421 736 1490 vindicabat,
796 1423 950 1479 188
1009 1428 1068 1479 et
1126 1425 1393 1480 omnium
1444 1425 1711 1480 absolute
1750 1425 2036 1479 virtutum

385 1512 646 1584 speciem
676 1513 993 1569 referebat.
1047 1515 1159 1568 Per
1215 1515 1374 1570 hunc
1429 1514 1673 1570 modum
1706 1511 2033 1569 secundum

383 1603 572 1657 Deum
602 1608 890 1672 versatus,
914 1603 1179 1675 corporis
1197 1603 1546 1675 aegritudine
1567 1602 1807 1659 tandem
1842 1619 2038 1658 corre-

383 1695 543 1761 plus,
575 1689 847 1762 spiritum
868 1690 988 1746 Deo
1019 1690 1298 1748 reddidit.
1319 1692 1460 1764 Ejus
1491 1697 1690 1747 autem
1717 1689 2038 1763 propinqui

384 1777 734 1834 mandatum
757 1779 944 1851 ipsius
965 1779 1304 1851 implentes,
1325 1779 1600 1836 eumdem
1623 1797 1757 1836 cum
1780 1779 2038 1835 vestibus

2138 617 2261 693 βίου
2315 619 2632 698 περιφανείᾳ
2690 619 2989 695 (πατρίκιοι
3039 615 3142 695 γὰρ
3227 617 3413 692 ἦσαν.)
3499 615 3789 694 ὀρθόδοξοι

2135 707 2519 785 ἐγνωρίζοντο·
2582 706 2938 772 Καππάδοκες
2999 709 3061 764 τὸ
3120 707 3296 784 γένος.
3357 708 3451 763 Διὸ
3520 705 3708 772 καλῶς
3761 709 3788 763 ὁ

2133 795 2451 871 Εὐδόκιμος
2536 797 2871 874 ἀναγόμενος
2941 799 3031 854 ὑπ’
3089 796 3265 852 αὑτῶν
3317 797 3387 853 τὰ
3434 797 3510 861 εἷς
3570 797 3786 872 ἀρετὴν,

2134 884 2455 950 κανδιδᾶτος
2516 887 2620 944 ὑπὸ
2676 887 2947 967 Θεοφίλου
3022 884 3285 962 ἐτιμήθη,
3344 885 3434 941 καὶ
3493 908 3790 962 στρατοπε-

2137 974 2362 1052 δάρχειν
2397 977 2624 1053 ἐτάχθη·
2675 978 2892 1052 πρῶτον
2957 977 3050 1051 μὶν
3103 976 3239 1032 κατᾶ
3283 976 3382 1046 τήν
3418 973 3791 1032 Καππαδοκῶν

2139 1067 2352 1142 χώραν,
2410 1065 2595 1123 ἔπειτα
2663 1069 2798 1123 κατά
2849 1068 2912 1123 τὸ
2968 1065 3286 1141 Χαρσιανόνο
3350 1066 3510 1142 ζυγός
3563 1087 3648 1129 τις
3708 1064 3788 1121 δί-

2137 1178 2296 1220 καιος
2357 1154 2430 1212 ὣν
2485 1158 2576 1213 καὶ
2606 1157 2805 1229 κανὼν,
2863 1157 2952 1212 καὶ
3017 1156 3243 1226 ἰσότητα
3273 1162 3445 1211 πᾶσαν
3479 1157 3788 1233 φυλάττων,

2138 1246 2511 1320 ἐλεημοσύνας
2584 1269 2642 1303 τε
2715 1245 2974 1312 πλείστας
3055 1245 3285 1302 ἐκτελῶν
3354 1247 3470 1301 καθ’
3539 1244 3789 1316 ἐκάστην,

2139 1336 2226 1390 καὶ
2266 1336 2360 1399 τὰς
2419 1337 2712 1408 ἐκκλησίας
2758 1333 3130 1414 καλλιεργῶν·
3191 1337 3370 1411 χήρας
3400 1337 3491 1391 καὶ
3527 1336 3794 1414 ὀρφανοὺς

2141 1422 2390 1498 ἐκδικῶν,
2452 1426 2542 1481 καὶ
2603 1425 2791 1490 ἁπλῶς
2836 1428 3014 1499 πάσης
3071 1429 3264 1503 ἀρετῆς
3325 1424 3467 1482 ἰδέαν
3526 1427 3793 1503 μετερχό-

2146 1533 2330 1587 μενος.
2389 1516 2540 1571 Κατά
2598 1516 2726 1572 Θεὸν
2789 1517 2880 1572 οὗν
2939 1515 3427 1590 πολιτευσάμενος,
3483 1515 3627 1589 νόσῳ
3686 1537 3793 1570 σωο

2146 1607 2350 1678 ματικῇ
2382 1605 2762 1681 κατασχεθεὶς,
2793 1607 2854 1662 τὸ
2889 1609 3100 1680 πνεῦμα
3158 1605 3322 1662 αὐτοῦ
3366 1610 3446 1678 τῷ
3484 1609 3600 1678 Θιῷ
3632 1604 3798 1680 παρέο

2145 1695 2292 1750 θετο.
2327 1694 2396 1751 Οἱ
2455 1691 2511 1750 δέ
2569 1696 2938 1769 προσήκοντες
2994 1697 3093 1765 τήν
3152 1695 3318 1751 αὐτοῦ
3371 1694 3618 1751 κέλευσιν
3675 1693 3804 1749 ἁπο-

2144 1779 2511 1858 πληροῦντες,
2547 1785 2682 1857 μετά
2736 1789 2844 1840 τῶν
2903 1782 3240 1858 ἐνδυμάτων,
3271 1785 3362 1840 καὶ
3393 1781 3801 1858 ὑποδημάτων-

386 1871 444 1922 et
481 1868 899 1925 calceamentis
948 1869 1329 1942 sepelierunt,
1365 1887 1540 1943 quem
1581 1871 1735 1928 Deus
1766 1869 2038 1942 pluribus

2151 1868 2372 1946 ἔθαψαν,
2424 1872 2658 1947 θαύμασι
2715 1873 2954 1938 πολλοῖς
3010 1873 3102 1930 καὶ
3160 1873 3263 1930 ὑπὸ
3323 1875 3420 1930 τοῦ
3477 1876 3618 1929 Θεοῦ
3650 1870 3805 1946 δοξα-

387 1958 693 2016 miraculis
723 1959 1058 2016 illustravit.

701 2113 966 2209 ΜΕΝ
978 2113 1126 2208 SE
1179 2112 1751 2210 AUGUSTO

1035 2278 1139 2334 Die
1168 2278 1382 2349 prima.

534 2367 686 2424 189
739 2369 1023 2424 Certamen
1069 2373 1392 2426 sanctorum
1441 2367 1894 2424 Maccabaeorum.

457 2523 786 2593 Eleazarus,
821 2524 906 2579 vir
956 2524 1057 2580 ille
1107 2523 1598 2596 spectatissimus,
1633 2521 1733 2592 qui
1766 2521 2043 2576 Hieroso-

387 2610 562 2684 lymis
584 2614 908 2684 habitabat,
933 2613 1216 2687 magister
1235 2618 1362 2670 erat
1380 2618 1608 2686 septem
1631 2617 1848 2668 sanctae
1877 2609 2041 2665 Solo-

391 2703 650 2758 monidis
701 2704 983 2762 filiorum.
1039 2703 1462 2775 Hierosolymis
1513 2719 1648 2757 vero
1704 2718 1739 2756 a
1796 2699 2040 2754 Seleuco

390 2809 526 2865 rege
562 2792 955 2862 depopulatis,
980 2799 1154 2865 atque
1190 2792 1570 2848 Hebraeorum
1601 2789 1819 2862 populo
1851 2789 1912 2844 in
1945 2806 2040 2844 ca-

391 2881 715 2952 ptivitatem
751 2882 1025 2952 adducto,
1069 2882 1292 2937 detenti
1332 2881 1575 2936 fuerunt
1620 2886 1678 2935 et
1724 2879 1842 2948 isti,
1871 2894 2043 2950 coge-

391 2972 672 3044 banturq;
697 2990 720 3028 ς
743 2992 813 3030 ex
826 2973 1091 3046 gentium
1108 2973 1361 3028 victimis
1374 2973 1771 3044 degustare.et
1785 2969 2042 3040 pollutos

393 3061 704 3116 comedere
740 3063 936 3129 cibos;
996 3078 1304 3132 nunquam
1356 3066 1554 3115 autem
1587 3059 1766 3126 suasi,
1800 3057 1904 3112 sed
1935 3074 2040 3128 pro

393 3151 602 3220 patriis
633 3150 860 3222 ivg.bus
892 3151 1286 3218 decertantes,
1340 3149 1585 3203 diversis
1645 3145 2044 3218 subjiciuntur

2147 1959 2354 2020 σθέντα.

2438 2134 2763 2230 ΜΗΝΙ
2843 2129 3505 2232 ΑΥΓΟΥΣΤΩ

2751 2289 2841 2346 Ἐν
2872 2291 2941 2363 τῇ
2983 2289 3195 2364 πρώτῃ.

2469 2378 2736 2450 ’Άθλησις
2763 2383 2870 2435 τῶν
2895 2379 3066 2454 ἅγίων
3093 2374 3477 2436 Μακκαϐαίων.

2220 2520 2478 2598 Ἐλεάζαρ
2537 2522 2566 2577 ὁ
2621 2521 2954 2598 τιμιώτατος
3015 2519 3343 2585 διδάσκαλος
3401 2521 3469 2590 ἦν
3531 2523 3638 2576 τῶν
3671 2516 3804 2573 ἱπτὲι

2147 2606 2385 2666 σπαίδων
2432 2617 2532 2682 τῆς
2585 2612 2741 2686 ἁγίας
2778 2610 3193 2687 Σολομωνίδος,
3249 2613 3518 2666 κατοιγῶν
3549 2607 3600 2664 ἐν
3636 2609 3802 2678 Ἰερο-

2149 2702 2438 2774 σολύμοις.
2470 2704 2853 2778 Πορθήσαντος
2885 2699 2942 2758 δὲ
2976 2700 3248 2758 Σελεύκου
3282 2703 3379 2757 τού
3419 2697 3696 2776 βασιλέως
3721 2698 3810 2752 τὰ·

2149 2789 2538 2866 οιεροσὸλυμα,
2600 2793 2688 2848 καὶ
2745 2793 2807 2848 τὸ
2863 2797 2969 2847 τῶν
3027 2788 3298 2866 Ἐϐραίων
3333 2792 3489 2866 γένος
3531 2788 3800 2865 αἱχμαλω

2147 2881 2415 2952 τίσαντος,
2473 2882 2843 2958 ἐκρατήθησαν
2901 2882 2989 2937 καὶ
3062 2881 3238 2937 οὗτοι⁶
3306 2881 3395 2936 καὶ
3455 2879 3803 2955 ἠναγκάσθη-

2151 2991 2242 3024 σαν
2299 2969 2605 3042 ἐλληνιγῶν
2659 2969 3057 3046 ἀπογεύσασθαι
3129 2975 3324 3034 θυσιῶν
3383 2969 3473 3023 καὶ
3538 2987 3800 3044 μιαροφαο

2148 3068 2330 3135 γῆσαι.
2392 3063 2486 3130 Μὴ
2545 3062 2848 3126 πεισθέντες
2905 3060 2981 3132 δὲ,
3044 3060 3166 3115 αλλ’
3224 3061 3354 3135 ὑπὲρ
3395 3063 3505 3114 τῶν
3554 3058 3794 3128 πατρίων

2150 3151 2549 3224 ἀγωνισάμενοι
2599 3153 2803 3225 νόμων,
2855 3148 3137 3229 διαφόροις
3189 3144 3573 3220 ὑπεϐλήθησαν
3621 3167 3797 3220 τιμω-

393 3241 676 3295 cruciatib
703 3257 772 3296 is.
793 3241 988 3294 Primo
1009 3241 1247 3310 quidem
1273 3239 1574 3295 Eleazarus
1592 3237 1808 3292 acriter
1828 3252 2037 3302 caesus,

2159 3243 2318 3315 ρίαις.
2362 3243 2466 3297 Καὶ
2523 3246 2738 3316 πρῶτον
2803 3241 2896 3314 μὶν
2954 3242 2981 3295 ὁ
3040 3241 3366 3315 Ἐλεάζαρος
3420 3237 3634 3318 τυφθεὶς
3693 3255 3797 3314 capo

391 3329 571 3399 inque
602 3329 797 3399 ignem
823 3329 1101 3401 injectus,
1125 3345 1300 3383 orans
1323 3329 1597 3400 spiritum
1629 3327 1744 3380 Deo
1777 3323 2038 3380 tradidit.

391 3419 565 3474 Pueri
599 3417 811 3473 deinde
843 3418 1053 3474 eodem
1083 3436 1198 3489 quo
1230 3417 1352 3473 nati
1383 3420 1620 3472 fuerant
1642 3414 2043 3481 ordine,alius

390 3513 524 3579 post
571 3508 754 3563 alium
785 3509 1044 3576 adducti,
1093 3509 1424 3575 tormentis,
1459 3507 1750 3578 equuleis,
1781 3505 1948 3570 rotis,
1989 3509 2046 3559 et

391 3598 511 3670 igni
549 3599 822 3670 expositi,
856 3617 961 3670 pro
1011 3601 1230 3670 pietate
1263 3604 1403 3653 sunt
1433 3597 1792 3668 consumpti,
1827 3595 2045 3650 mentis

391 3687 654 3758 profecto
678 3689 970 3744 iationem
989 3707 1109 3760 prae
1123 3705 1184 3743 se
1198 3688 1454 3742 ferentes
1476 3702 1813 3758 supremam
1832 3685 2049 3740 haben-

393 3783 513 3832 tem
547 3778 606 3832 in
637 3779 947 3850 passiones
979 3773 1356 3850 potestatem.
1387 3777 1577 3832 Tertio
1634 3776 1786 3831 I90
1839 3791 2045 3830 eorum

395 3875 585 3925 mater
612 3871 948 3926 Soiomonis
981 3877 1189 3941 sponte
1217 3870 1519 3924 fornacem
1551 3869 1836 3940 ingressa,
1870 3883 2047 3938 super

393 3959 664 4030 proprios
697 3960 948 4014 moritur
978 3959 1154 4014 ﬁlios.

463 4185 533 4241 Et
561 4191 831 4240 certamen
862 4183 1041 4239 sancti
1072 4185 1329 4253 martyris
1353 4185 1568 4239 Leontii
1597 4189 1647 4237 et
1679 4185 1972 4239 sociorum.

465 4416 685 4476 Christi
745 4423 1036 4491 martyres
1095 4417 1395 4483 Leontius,
1449 4422 1508 4471 et
1563 4415 1900 4472 Alexander
1928 4433 2050 4473 una

398 4527 533 4566 cum
564 4510 785 4565 sanctis
808 4509 929 4564 suis
961 4507 1158 4575 sociis,
1180 4504 1802 4577 fuerunttemporibus
1821 4506 2050 4562 Diocle-

397 4601 544 4656 tiani
567 4599 946 4673 imperatoris
968 4617 1040 4655 ex
1067 4597 1429 4670 Pamphyliae
1453 4595 1966 4669 regione,diversis
1987 4597 2047 4651 in

396 4689 544 4746 locis
565 4691 836 4757 nati,una
856 4696 1054 4745 tamen
1073 4694 1271 4744 mente
1293 4703 1430 4760 erga
1451 4685 1765 4741 Dominum
1789 4692 2054 4741 nostrum

398 4781 600 4834 Jesum
657 4781 954 4834 Christum
1019 4779 1287 4845 animati,
1343 4782 1546 4848 utpote
1603 4792 1675 4830 ex
1703 4775 2053 4831 Christianis

400 4868 513 4922 orti
545 4870 1042 4939 progenitoribus.
1070 4871 1274 4941 Itaque
1301 4869 1457 4923 inter
1484 4884 1544 4922 se
1605 4867 1754 4921 inito
1777 4865 2050 4935 consilio,

400 4965 578 5032 atque
635 4960 865 5015 cunctis
918 4961 1098 5033 hujus
1155 4958 1356 5015 saeculi
1427 4958 1606 5013 rebus
1672 4957 2050 5028 contemptis,

399 5055 778 5107 accesserunt
795 5049 867 5105 ad
890 5050 1088 5105 Dianae
1105 5049 1308 5105 fanum
1327 5067 1340 5116 ;
1361 5065 1548 5120 eoque
1569 5047 2054 5119 ingressi,omnia

399 5144 736 5196 everterunt
765 5139 944 5194 idola.
1003 5140 1228 5212 Cogniti
1264 5139 1461 5212 igitur,
1499 5144 1556 5193 et
1612 5137 2047 5210 comprehensi,

395 5226 776 5282 vehementer
826 5225 1154 5292 caeduntur,
1186 5225 1602 5297 unguibusque
1658 5224 1866 5280 ferreis
1899 5223 2049 5278 dila-

395 5317 659 5380 niantur,
691 5331 757 5370 ac
790 5314 1021 5369 subulis
1054 5314 1209 5369 oculi
1244 5330 1448 5369 eorum
1495 5314 1957 5385 transfiguntur:
1991 5319 2049 5368 et

395 5404 682 5462 custodias
713 5402 933 5471 traditi,
954 5401 1026 5457 ad
1058 5403 1260 5473 plures
1292 5401 1418 5457 dies
1446 5403 1574 5456 sine
1606 5401 1736 5456 cibo
1769 5418 2047 5472 perman-

396 5498 623 5551 serunt.
659 5494 738 5548 De
771 5508 1005 5547 carcere
1035 5497 1242 5563 postea
1277 5491 1495 5555 educti,
1526 5491 1668 5545 feris
1697 5497 1834 5544 sunt
1865 5508 2044 5562 expo-

396 5584 513 5641 siti.
548 5581 660 5638 Sed
717 5599 818 5638 eos
873 5580 1088 5636 bellua:
1146 5581 1390 5636 minime
1439 5580 1742 5635 laeserunt.
1793 5579 2042 5636 Demum

395 5672 574 5748 gladii
603 5677 845 5745 accepta
865 5669 1181 5740 sententia,
1199 5671 1389 5743 capite
1417 5669 1582 5727 fuere
1612 5667 1966 5726 obtruncati.

2158 3335 2290 3404 ρῶς,
2346 3329 2435 3385 καὶ
2495 3330 2572 3392 εἷς
2622 3331 2684 3385 τὸ
2741 3334 2848 3405 πῢρ
2905 3330 3153 3403 βληθεὶς,
3212 3329 3301 3385 καὶ
3360 3328 3649 3402 εὐξάμενος
3690 3331 3801 3399 τῶ-

2149 3425 2283 3492 Θεῷ,
2350 3421 2411 3475 τὸ
2487 3423 2697 3493 πνεῦμα
2747 3419 3050 3494 παρέδωκε.
3112 3419 3368 3492 Δεύτερον
3401 3415 3458 3474 δὲ
3508 3419 3561 3473 οἱ
3616 3413 3803 3477 παῖδες

2148 3509 2283 3564 κατᾶ
2336 3509 2481 3582 τάξιν
2543 3511 2616 3570 ὡς
2677 3510 3037 3584 ἐγεννήθησαν
3095 3511 3214 3573 καθ’
3271 3512 3348 3573 εἷς
3403 3510 3803 3584 ἀχθέντες,καὶ

2152 3595 2552 3673 ἀρθρεμϐόλοις
2612 3598 2702 3654 καὶ
2770 3598 3152 3660 καταπέλταις.
3232 3599 3322 3653 καὶ
3406 3605 3653 3674 τροχοῖς,
3713 3602 3800 3655 καὶ

2150 3687 2277 3761 πυρί
2335 3687 3008 3760 προσομιλήσαντες,ὑπὲρ
3068 3683 3342 3750 εὐσεϐείας
3383 3686 3803 3761 ἐτελειώθησαν,

2152 3775 2413 3847 δείξαντες
2468 3772 2640 3839 ὅντως
2669 3778 2758 3832 τὸν
2815 3776 3079 3851 λογισμὸν
3133 3777 3503 3853 αὐτοκράτορα
3548 3782 3655 3833 τῶν
3708 3800 3807 3833 πα-

2151 3868 2280 3925 θῶν.
2315 3867 2416 3922 Καὶ
2446 3865 2628 3939 τρίτον
2686 3868 2721 3936 ἡ
2783 3867 2960 3921 αὐτῶν
3024 3869 3206 3942 μήτηρ
3271 3865 3596 3940 Σολομωνὶς
3648 3868 3806 3923 αύτο-

2155 3956 2362 4028 μάτως’
2397 3956 2470 4018 εἷς
2504 3957 2602 4026 τὴν
2639 3955 2866 4030 κάμινον
2916 3954 3237 4019 εἷ’σελθοίδσα
3265 3962 3382 4019 τοῖς
3416 3953 3581 4021 ῗδίοις
3613 3956 3807 4013 ἐπαπέ-

2151 4047 2276 4101 θανε
2298 4045 2529 4109 τέκνοις.

2153 4188 2260 4246 Καὶ
2311 4187 2538 4260 ἄθλησις
2587 4193 2685 4246 τοῦ
2736 4190 3214 4266 ἁγίουμμάρτυρος
3270 4191 3526 4247 Λεοντίου
3578 4189 3667 4247 καὶ
3709 4197 3809 4262 τῆς

2751 4259 2997 4327 συνοδίας
3020 4259 3214 4320 ἀύτοῦ·

2227 4405 2506 4476 Λεόντιος,
2563 4405 2653 4461 καὶ
2715 4403 3074 4481 Ἀλέξανδρος
3131 4407 3183 4460 οἱ
3235 4402 3331 4461 τοῦ
3407 4407 3643 4480 Χριστοῦ
3679 4404 3813 4480 μάρ-

2155 4517 2310 4574 τυρες
2372 4496 2505 4569 μετὰ
2554 4499 2653 4561 τῆς
2707 4497 2853 4571 ἱερᾶς
2907 4493 3158 4559 συνοδίας
3196 4493 3394 4564 αὐτῶν,
3426 4495 3677 4570 ὑπῆρχον
3713 4494 3802 4547 ἐπὶ

2160 4594 2258 4654 τῆς
2313 4584 2587 4661 βασιλείας
2639 4584 3032 4656 Διοκλητιανοῦ
3079 4584 3141 4640 ἐκ
3189 4591 3290 4654 τῆς
3335 4585 3522 4659 χώρας
3579 4587 3806 4659 Happe-

2085 4639 2131 4704 Β
2166 4639 2401 4744 λίάςίέκ
2431 4639 2705 4753 διασύρων
2740 4639 2840 4748 μὲν
2869 4675 3090 4750 χωρίων
3121 4639 3292 4740 ὃντες,
3330 4639 3455 4747 μίαν
3491 4639 3547 4728 δέ
3575 4639 3805 4747 γνῶμην

2164 4763 2384 4841 ἔχοντες
2415 4765 2550 4841 πρὸς
2577 4767 2670 4820 τὸν
2722 4764 2915 4841 Κύριον
2974 4767 3135 4838 ἡμῶν
3192 4768 3404 4836 Ἰησοῦν
3448 4763 3701 4836 Χριστὸν,
3736 4761 3809 4824 ὡς

2164 4858 2480 4932 Χριστιανοὶ
2539 4856 2594 4912 ἐγ
2653 4856 2938 4932 προγόνων
2989 4859 3374 4934 τυγχάνοντες.
3428 4857 3600 4922 lion-7,
3630 4853 3810 4907 τοίνυν

2166 4946 2616 5021 βουλευσάμενοι,
2667 4947 2754 5001 καὶ
2808 4946 2981 5000 πάντα
3027 4949 3093 5001 τὰ
3143 4943 3373 5022 βιωτικὶ
3416 4943 3490 5006 είς
3525 4939 3678 4998 οὐδὲν
3712 4939 3816 4995 λο-

2161 5036 2472 5109 γισάμενοι,
2531 5031 2829 5091 κατέλαϐον
2886 5036 2949 5091 τὸ
3005 5042 3108 5106 τῆς
3165 5029 3492 5109 Ἀρτέμιδος
3521 5030 3685 5105 ἱερόν.
3717 5029 3815 5084 Καὶ

2161 5124 2213 5180 ἐν
2275 5123 2425 5200 αύτῷ
2481 5125 2785 5203 γενόμενοι,
2845 5127 3206 5201 κατέστρεψαν
3263 5123 3436 5179 πάντα
3483 5122 3551 5176 τὰ
3589 5118 3819 5176 ε’ἰδωλα.

2161 5214 2490 5279 Γνωσθέντες
2541 5215 2630 5269 οὖν
2707 5214 2797 5269 καὶ
2870 5215 3252 5290 κρατηθέντες,
3310 5211 3612 5288 ἐτύφθησαν
3682 5229 3823 5282 σφο-

2160 5301 2326 5380 δρῶς,
2393 5305 2481 5360 καὶ
2559 5303 2694 5378 μετά
2764 5301 3003 5380 σιδηρῶν
3065 5301 3280 5378 ὀνύχων
3350 5301 3660 5372 ἐξέσθησαν,
3726 5293 3822 5351 καὶ

2161 5389 2449 5456 σουϐλίοις
2477 5398 2595 5455 τοῖς
2635 5391 2946 5471 ὀφθαλμοῖς
2993 5392 3429 5464 ἐξεκεντήθησαν.
3465 5388 3567 5446 Καὶ
3600 5385 3820 5466 φυλακῇ

2156 5478 2570 5560 παραδοθέντες,
2622 5480 2850 5560 ἄτροφοι
2921 5480 3196 5556 διέμειναν
3243 5480 3332 5535 ἐπὶ
3389 5478 3633 5540 πολλαῖς
3684 5474 3823 5550 ὴμέ-

2155 5595 2271 5650 ρας.
2349 5573 2484 5630 Εἶτα
2555 5579 2655 5642 τῆς
2732 5569 2982 5650 φυλακῆς
3064 5567 3442 5643 ἐκϐληθέντες,
3519 5567 3824 5640 ἐθηριομά-

2152 5685 2356 5745 χησαν·
2384 5663 2453 5720 τὰ
2479 5660 2536 5719 δὶ
2569 5661 2735 5739 θηρία
2783 5661 2892 5739 ούχ
2949 5661 3156 5738 ἥψαντο
3215 5663 3418 5718 αὐτῶν.
3475 5656 3582 5715 Καὶ
3615 5650 3822 5710 λαϐόν-

2147 5778 2256 5829 τες,
2324 5755 2424 5824 τὴν
2503 5751 2592 5808 διὰ
2665 5751 2852 5831 ξίφους
2920 5751 3214 5828 ἀπόφασιν,
3274 5747 3812 5830 ἁπεκεφαλίσθησαν·

3667 397 3787 459 568
3865 416 3868 418 ‘
