4184 6326
130 5377 168 5422 ,κ’

173 5429 310 5534 \

444 423 560 483 569

1003 555 1179 610 ΜΠΝῙ
1220 555 1314 610 ΤΩ
1353 556 1547 609 ΑΥΤΩ.

1253 643 1311 698 Β.

452 739 727 810 νΑθλησις
759 744 857 796 τοῦ
887 739 1043 815 ἁγίου
1085 740 1484 831 ἱιρρμάρτυρος
1545 739 1824 818 Στεφάνου
1882 736 1972 792 καὶ
2001 740 2106 790 τῶν

1134 818 1228 866 σὺν
1262 818 1431 885 αὐτῷ.

533 917 807 998 Στέφανος
866 919 894 973 6
953 919 1285 994 ἱερομάρτυρ
1367 918 1434 988 ἦν
1519 916 1604 972 ἐπὶ
1667 920 1765 986 τῆς
1829 912 2112 992 βασιλείας

458 1005 831 1084 Οὖαλεριανοῦ
891 1006 950 1063 ἐκ
1003 1014 1103 1077 τῆς
1155 1007 1394 1072 παλαιᾶς
1449 1008 1673 1080 Ῥώμης
1707 1050 1721 1062 .
1794 1005 2112 1078 Κρυπτόμε-

461 1119 549 1161 νος
609 1096 667 1153 δὲ
727 1095 816 1154 διά
871 1097 962 1153 τὸν
1019 1093 1263 1174 διωγμὸν
1323 1096 1374 1153 ἐν
1428 1097 1732 1171 οἰκήματι,
1789 1095 1919 1158 τοὺς
1977 1101 2115 1171 πρὸς

463 1189 622 1244 αὐτὸν
709 1187 1183 1263 παραγενομένους
1263 1186 1544 1258 Ἕλληνας
1638 1182 1940 1257 ἐϐάπτιζε,
2024 1183 2114 1238 καὶ

465 1277 748 1340 διακόνους
780 1321 794 1347 ,
854 1277 943 1332 καὶ
996 1273 1394 1352 πρεσϐυτέρους
1453 1275 1788 1352 ἐχειροτόνει
1825 1320 1839 1346 ,
1872 1276 1959 1329 καὶ
2021 1275 2112 1329 τὸν

465 1367 592 1422 Θεὸν
646 1365 941 1442 παρεκάλει
1043 1365 1174 1440 ὑπὲρ
1230 1369 1328 1436 τῆς
1390 1370 1488 1421 τοῦ
1542 1365 1755 1439 κόσμου
1817 1363 2112 1439 σωτηρίας.

466 1459 772 1529 Ἰασάμενος
823 1455 880 1511 δὲ
934 1457 1025 1511 καὶ
1076 1457 1176 1525 τήν
1241 1456 1506 1532 θυγατέρα
1565 1454 1821 1529 Ἐμεσίου
1877 1457 1974 1510 τοῦ
2015 1450 2116 1524 δη-

470 1546 730 1622 μάρχου,
785 1543 1177 1615 παρεσκεύασεν
1237 1544 1395 1600 αὐτὸν
1459 1546 1838 1622 βαπτισθῆναι·
1901 1543 1991 1598 καὶ
2052 1543 2116 1597 οὐ

471 1637 634 1710 μόνον
669 1633 850 1707 αὐτὸν,
883 1634 1029 1690 ἆλλὰ
1073 1634 1164 1690 καὶ
1221 1633 1438 1704 πλῆθος
1489 1632 1699 1710 ἀνδρῶν
1727 1655 1784 1689 τε
1811 1632 1901 1688 καὶ
1926 1652 2117 1706 γυναι-

468 1729 578 1780 κῶν
613 1770 627 1793 ,
687 1721 881 1779 οἵτινες
960 1722 1244 1802 διαφόροις
1325 1724 1617 1798 τιμωρίαις
1678 1722 2118 1792 ἐτελειώθησαν.

468 1815 544 1872 Τά
601 1811 658 1868 δὲ
708 1811 933 1887 λείψανα
980 1813 1160 1868 αὐτῶν
1220 1814 1531 1890 συναγαγὼν
1581 1814 1608 1868 ὁ
1641 1810 1927 1889 ἀρχιερεὺς
1987 1811 2122 1866 Στέ-

471 1921 634 1980 φανος
667 1943 681 1970 ,
741 1900 978 1975 ἐντίμως
1036 1900 1318 1974 ἐκήδευσεν
1352 1944 1365 1959 .

465 1996 686 2067 ’Ἄρεως
753 1990 1104 2066 ἀναγκασθεὶς
1190 1991 1450 2047 εἰσελθεῖν
1483 2037 1500 2058 ,
1551 1991 1640 2046 καὶ
1697 1997 2116 2067 προσκυνῆσαι,

470 2079 708 2152 εἰσῆλθε,
762 2085 856 2134 καῖ
911 2080 1367 2155 προσευξάμενος,
1421 2075 1688 2136 κατέϐαλε
1741 2081 1804 2136 τὸ
1863 2077 2114 2136 εἷ’δωλον.

469 2171 572 2228 Καὶ
607 2170 742 2244 μετὰ
795 2174 963 2225 ταῦτα
1008 2169 1344 2246 λειτουργῶν
1397 2170 1824 2249 ἀπεκεφαλίσθη,
1879 2171 1970 2226 καὶ
2016 2191 2117 2225 κα-

467 2257 652 2330 τετέθη
689 2259 741 2314 έν
771 2258 908 2334 αὐτῇ
959 2262 1030 2334 τῇ
1069 2257 1301 2335 καθέδρᾳ
1361 2259 1451 2315 σὺν
1511 2264 1591 2334 τῷ
1652 2262 1870 2334 μαθητῇ
1927 2261 2116 2328 αὐτοῦ,

468 2350 555 2406 ἐπὶ
586 2355 780 2426 χεῖρας
807 2353 1094 2425 κρατοῦντι
1123 2352 1186 2406 τὸ
1218 2357 1317 2421 τῆς
1361 2350 1596 2414 πίστεως
1628 2352 1778 2428 ἅγιον
1813 2345 2116 2425 σύμϐολον.

467 2467 563 2523 Καὶ
594 2466 801 2545 εὕρεσις
849 2471 955 2523 τῶν
1006 2467 1268 2546 λεικάνων
1309 2473 1414 2546 ⁵’τοῦ
1461 2467 1620 2546 ἁγίου
1667 2469 1941 2546 μάρτυρος
1973 2465 2118 2523 Δάδα

1003 2540 1230 2594 καὶτῶν
1274 2539 1366 2595 σὺν
1418 2539 1584 2614 αὐτῷ.

541 2657 706 2716 Οὗτοι
762 2657 812 2712 οἱ
845 2658 994 2732 ἅγιοι
1059 2657 1326 2733 μάρτυρες
1388 2658 1640 2732 ὑπῆρχον
1702 2657 1790 2713 ἐπὶ
1849 2657 2121 2730 Μαξιμια-

470 2751 566 2800 νοῦ
592 2751 691 2801 τοῦ
725 2745 992 2822 βασιλέως
1025 2744 1075 2800 έν
1107 2750 1176 2820 τῇ
1208 2746 1367 2802 πόλει
1428 2747 1752 2821 Δοροστόλῷ
1779 2747 1831 2800 έν
1860 2750 1928 2820 τῇ
1961 2749 2122 2822 χώρᾳ

470 2843 569 2904 τῆς
627 2842 878 2910 Θρᾳκης.
935 2838 1304 2910 Κρατηθέντες
1359 2833 1416 2890 δέ
1467 2837 1556 2890 καὶ
1618 2837 1984 2910 παραστάντες
2039 2841 2118 2908 τῷ

477 2924 702 2999 ἄρχοντι
737 2971 751 2996 ,
806 2925 1218 2999 ἠναγκάσθησαν
1280 2927 1434 2980 θῦσαι
1488 2931 1606 2987 τοῖς
1666 2925 1961 2987 εἰδώλοις.
2023 2925 2120 2980 Καὶ

480 3015 553 3086 μή
617 3016 937 3084 πεισθέντες,
1000 3009 1367 3085 ἐνεϐλήθησαν
1425 3015 1500 3077 είς
1561 3013 1832 3090 φυλακὴν.
1892 3018 2005 3072 Τοῦ
2065 3012 2121 3069 δὲ

473 3102 629 3176 ἁγίου
711 3104 966 3176 Μαξίμου
1055 3105 1587 3178 ὑπαναγινώσκοντος
1665 3110 1783 3167 τοῖς
1859 3105 2118 3179 μάρτυσιν

467 3189 634 3248 αὐτοῦ
689 3194 784 3256 τὰς
840 3194 981 3254 θείας
1037 3196 1299 3272 Γραφὰς,
1366 3195 1740 3259 ὑπνώσσαντες
1799 3196 1968 3268 ὁρῶσι
2027 3194 2116 3249 τὸν

1951 414 2384 478 AUGUS'I‘US.

2134 551 2186 617 Α

3742 401 3868 477 570’

2769 549 3008 605 EODEM
3057 546 3307 603 MENSE.

2826 639 2928 694 Die
2961 638 3224 693 secunda

2219 740 2501 795 Certamen
2551 741 2887 796 sacrosancti
2943 738 3204 808 martyris
3261 738 3532 808 Stephani
3589 745 3641 792 et
3688 740 3860 794 socio-

2962 826 3104 866 rum.

2288 919 2621 990 Stephanus
2645 935 2812 975 sacer
2832 923 3058 990 martyr
3086 918 3198 974 fuit
3257 917 3565 973 Valeriano
3602 916 3862 988 impera-

2222 1013 2347 1064 tore
2381 1027 2449 1065 ex
2481 1010 2726 1080 antiqua
2752 1011 2937 1065 Roma
2990 1011 3134 1065 Cum
3190 1015 3389 1065 autem
3448 1014 3692 1081 propter
3721 1024 3864 1080 per-

2221 1101 2587 1156 secutionem
2616 1101 2722 1156 sub
2784 1100 3147 1156 domuncula
3196 1101 3476 1167 latitaret,
3510 1115 3612 1154 eos
3660 1098 3761 1169 qui
3793 1098 3866 1153 ad

2224 1189 2421 1260 ipsum
2453 1207 2522 1245 ex
2555 1189 2827 1263 gentibus
2853 1190 3236 1254 accedebant,
3267 1188 3634 1261 baptizabat;
3670 1187 3870 1243 diaco-

2221 1295 2350 1345 nos,
2387 1281 2439 1333 el
2471 1279 2848 1351 presbyteros
2909 1278 3335 1346 consecrabat;
3381 1279 3684 1348 Deumque
3733 1293 3868 1348 pre-

2221 1366 2466 1422 cabatur
2495 1385 2600 1439 pro
2633 1369 2839 1423 mundi
2882 1369 3354 1424 salute.Sanitati
3388 1384 3520 1422 vero
3554 1367 3866 1439 peripsum

2224 1458 2499 1513 restituta
2529 1458 2653 1513 lilia
2691 1458 2909 1514 Emesii
2971 1458 3194 1513 tribuni
3249 1457 3460 1530 plebis,
3513 1472 3634 1512 non
3690 1455 3866 1510 modo

2222 1547 2420 1611 illum,
2454 1546 2558 1602 sed
2584 1547 2844 1603 virorum
2867 1548 3067 1615 etiam,
3104 1548 3547 1618 mulierumque
3592 1545 3862 1600 multitu-

2225 1635 2425 1690 dinem
2457 1635 2710 1703 induxit,
2739 1643 2804 1691 ut
2855 1636 3327 1709 baptizarentur:
3361 1636 3463 1707 qui
3523 1635 3699 1690 variis
3735 1649 3867 1688 con-

2221 1724 2446 1794 sumpti
2479 1730 2618 1779 sunt
2644 1724 3026 1781 cruciatibus.
3079 1726 3298 1780 Horum
3355 1729 3552 1779 autem
3585 1722 3868 1792 reliquias

2224 1812 2510 1886 colligens
2540 1815 2804 1886 pontifex
2835 1814 3188 1886 Stephanus,
3223 1814 3548 1869 honoriﬁce
3577 1810 3869 1884 sepelivit.

1426 1904 1559 1958 Εἶτα
1617 1901 1670 1958 ἐν
1727 1906 1808 1975 τῷ
1861 1905 1975 1974 ναῷ
2025 1903 2117 1955 τοῦ

2232 1904 2378 1959 Exin
2410 1905 2698 1977 templum
2720 1905 2919 1961 Martis
2949 1912 3188 1962 coactus
3211 1905 3484 1971 introire,
3509 1910 3566 1959 et
3603 1903 3871 1972 adorare,

2232 1994 2554 2066 ingressus,
2572 1996 2874 2067 Deumque
2888 1995 3261 2068 deprecatus,
3294 1992 3870 2068 prostravitidolum.

2228 2085 2370 2138 Post
2397 2083 2524 2140 haec
2545 2083 2688 2140 dum
2722 2085 2906 2141 sacris
2942 2085 3081 2141 I91
3121 2086 3248 2157 ipse
3279 2085 3644 2157 fungeretur.
3679 2081 3870 2152 capite

2229 2175 2619 2232 obtruncatur
2648 2195 2660 2232 :
2695 2195 2763 2234 ac
2789 2178 3096 2250 depositus
3124 2177 3237 2233 fuit
3286 2177 3348 2232 in
3407 2177 3538 2248 ipsa
3567 2174 3870 2239 cathedra,

2230 2266 2410 2323 simul
2439 2285 2574 2324 cum
2608 2285 2714 2323 suo
2745 2267 3059 2340 discipulo,
3087 2268 3186 2340 qui
3220 2283 3404 2323 manu
3435 2272 3711 2322 sanctum
3731 2263 3868 2320 fidei

2230 2357 2564 2429 symbolum
2589 2358 2847 2414 tenebat.

2227 2478 2296 2532 Et
2325 2479 2567 2533 inventio
2624 2478 3022 2558 reliquiarum.
3050 2479 3226 2533 sancti
3283 2477 3547 2547 martyris
3601 2473 3768 2530 Dacia:
3823 2480 3875 2529 et

2909 2566 3200 2606 soczorum.

2302 2659 2369 2712 Hi
2403 2659 2588 2714 sancti
2614 2665 2923 2729 martyres,
2957 2658 3309 2714 Maximiano
3363 2657 3742 2728 imperatore,
3772 2654 3876 2709 de—

2231 2747 2449 2820 gebant
2477 2747 2538 2802 in
2572 2747 2881 2802 Dorostolo
2915 2748 3175 2802 Thraciae
3207 2747 3478 2802 civitate:
3531 2744 3754 2800 detenti
3780 2760 3879 2798 au-

2231 2843 2374 2905 tem,
2409 2843 2467 2892 et
2496 2844 2634 2892 ante
2666 2838 2980 2909 praesidem
3015 2843 3262 2903 stantes,
3306 2834 3482 2890 idolis
3514 2833 3876 2907 cogebantur

2230 2926 2586 2982 sacrificare.
2623 2925 2788 2991 Quod
2820 2942 2954 2980 cum
2984 2925 3179 2980 facere
3199 2925 3617 2989 detrectarent,
3644 2923 3705 2976 in
3748 2938 3876 2975 car-

2230 3033 2425 3071 cerem
2456 3016 2698 3070 fuerunt
2731 3015 2958 3087 injecti.
2992 3014 3202 3069 Sancto
3234 3030 3368 3068 vero
3401 3013 3650 3067 Maximo
3666 3010 3874 3082 praele-

2229 3111 2402 3178 gente
2435 3105 2558 3159 suis
2582 3104 2944 3176 martyribus
2975 3120 3172 3159 sacras
3200 3103 3550 3174 Scripturas,
3574 3099 3880 3156 obdormi-

2230 3201 2463 3250 scentes
2487 3193 2599 3266 ipsi
2655 3193 2958 3250 diabolum
2989 3194 3320 3260 intuentur,
3363 3192 3463 3263 qui
3495 3190 3711 3245 bellica
3740 3205 3873 3261 per-

467 3278 724 3337 διάϐολον
779 3281 927 3338 ὅπλα
983 3281 1262 3356 πολεμικὰ
1309 3288 1609 3358 κρατοῦντα
1655 3284 1742 3339 καὶ
1795 3285 1909 3340 κατ’
1942 3284 2117 3338 αὐτῶν

2232 3285 2532 3357 stringens
2553 3299 2739 3348 arma.
2772 3284 2834 3338 in
2862 3300 2961 3339 eos
2991 3282 3324 3356 pugnabat:
3359 3289 3537 3351 atque
3586 3294 3872 3351 experge-

465 3371 817 3444 πολεμοῦντα
852 3419 864 3430 .
927 3373 1028 3429 Καὶ
1086 3371 1448 3448 διεγερθέντες
1503 3371 1642 3429 εἶδον
1704 3374 1928 3449 ἄγγελον
1987 3375 2119 3428 Θεοῦ

466 3463 664 3531 θάρσος
695 3462 882 3524 αὐτοῖς
945 3461 1297 3534 ἐμποιοῦντα.
1354 3465 1489 3518 Εἶτα
1544 3462 1845 3540 ἐτύφθησαν
1905 3461 2118 3527 δεινῶς,

464 3551 554 3604 καὶ
587 3545 845 3612 λαϐόντες
880 3551 976 3619 τὴν
1029 3548 1118 3605 διὰ
1175 3551 1359 3627 ξίφους
1411 3551 1702 3630 ἀπόφασιν,
1734 3552 1987 3628 ἤχθησαν
2041 3553 2116 3614 εἰς

468 3642 560 3695 τὸν
593 3641 759 3695 τόπον
817 3645 923 3696 τῶν
984 3639 1312 3711 καταδίκων,
1368 3644 1522 3698 κάκεῖ
1577 3645 1674 3708 τὰς
1726 3642 1964 3721 κεφαλάς
2012 3645 2117 3698 ἀπ-

472 3731 790 3802 ετμήθησαν
857 3731 987 3802 μηνὶ
1050 3729 1360 3806 Ἀπριλλίῳ
1405 3739 1510 3802 κη’.
1570 3731 1880 3805 Εύρέθησαν
1943 3730 2000 3788 δὲ
2054 3735 2120 3788 τὰ

470 3820 629 3892 τίμια
689 3817 919 3892 λείψανα
972 3819 1148 3875 αὐτῶν
1208 3818 1279 3874 δι’
1336 3821 1571 3896 ἀγγέλου
1633 3822 1765 3894 μηνί
1816 3821 2118 3898 Αὐγούστῳ

474 3906 742 3982 δευτέρᾳ·
805 3910 959 3963 ἅτινα
1041 3914 1132 3964 νῦν
1191 3911 1530 3966 κατάκεινται
1587 3910 1639 3966 ἐν
1693 3915 1772 3984 τῷ
1831 3909 1966 3985 οἴκῳ
2018 3919 2117 3981 τῆς

474 3999 630 4073 ἁγίας
663 3998 930 4054 Θεοτόκου
972 3999 1024 4053 ἐν
1083 4005 1201 4061 τοῖς
1255 4000 1575 4075 Βιγλεντίας
1635 4000 1803 4066 ἰάσεις
1861 4002 2116 4066 πλείστας

471 4085 824 4144 ἐπιτελοῦντα
851 4094 968 4151 τοῖς
999 4090 1471 4165 προσερχομένοις
1501 4091 1709 4155 αὐτοῖς.

471 4200 570 4256 Καὶ
605 4199 914 4275 ἀνακομιδῆ
943 4206 1041 4257 τοῦ
1094 4201 1355 4285 λειῴίίνου
1380 4209 1498 4285 ,τοῦ
1529 4205 1684 4280 ἁγίου
1713 4210 2117 4285 πρωτομάρτυ-

1076 4294 1172 4349 ρος
1200 4275 1511 4335 Στεωάνου.

543 4379 664 4436 Ἐπὶ
720 4387 819 4450 τῆς
882 4379 1161 4456 βασιλείας
1220 4386 1630 4441 Κωνσταντίνου
1711 4391 1808 4442 τοῦ
1877 4389 2119 4465 μεγάλου

476 4468 787 4547 ἐφανερώθη
832 4472 894 4526 τὸ
955 4471 1208 4546 λείψανον
1269 4479 1366 4529 τοῦ
1426 4476 1585 4552 ἁγίου
1645 4481 2120 4554 Πρωτομάρτυρος

478 4561 772 4636 Στεφάνου.
805 4561 974 4634 Ἀνὴρ
1006 4563 1106 4638 γάρ
1136 4584 1218 4624 τις
1251 4563 1416 4618 οἰκῶν
1449 4568 1546 4635 τήν
1579 4567 1799 4640 κώμην,
1832 4567 1885 4623 ἐν
1917 4569 1954 4643 ᾗ
1985 4571 2118 4625 αὐτὸ

2228 3374 2388 3436 facti.
2413 3374 2687 3445 angelum
2721 3372 3052 3432 Deivident.
3077 3374 3397 3443 quieorum
3440 3369 3874 3440 animoserige-

2228 3464 2349 3520 bat.
2367 3463 2701 3519 Crudeliter
2729 3470 2936 3535 postea
2963 3464 3354 3519 verberantur
3384 3480 3396 3516 :
3431 3469 3489 3517 et
3516 3459 3697 3534 gladii
3732 3475 3874 3514 sen-

2229 3554 2475 3608 tentiam
2508 3553 2853 3624 subeuntes,
2888 3554 2961 3608 ad
3018 3570 3258 3608 reorum
3290 3554 3487 3608 locum
3523 3550 3681 3606 ducti
3717 3553 3876 3617 sunt,

2226 3641 2426 3712 ibique
2485 3649 2663 3713 caput
2719 3643 2804 3698 eis
2858 3642 3189 3699 abscissum
3239 3641 3463 3696 mensis
3510 3637 3732 3709 Aprilis
3781 3637 3875 3690 die

2224 3731 2502 3786 vicesima
2528 3738 2754 3788 octava.
2795 3732 3060 3786 Pretiosa
3081 3731 3347 3802 ipsorum
3369 3731 3602 3800 lipsana
3634 3744 3738 3798 per
3769 3741 3871 3779 an-

2224 3820 2421 3893 gelum
2472 3827 2708 3892 reperta
2769 3827 2908 3876 sunt
2965 3823 3059 3877 die
3105 3819 3366 3876 secunda
3421 3817 3692 3890 Augusti.
3743 3832 3873 3886 quae

2226 3928 2388 3967 nunc
2413 3912 2618 3983 jacent
2647 3913 2708 3967 in
2753 3913 2975 3984 templo
3033 3917 3252 3968 sancta:
3301 3910 3565 3981 Deiparm
3625 3907 3684 3961 in
3717 3907 3872 3978 Vigi-

2225 4001 2426 4057 lantiaa
2459 4002 2686 4057 aedibus
2711 4003 2923 4074 posito,
2955 4001 3363 4074 plurimasque
3395 3999 3667 4055 efficiunt
3697 4011 3871 4051 sana-

2224 4092 2418 4147 tiones
2447 4091 2867 4147 accedentibus
2896 4091 2973 4147 ad
2999 4109 3085 4147 ea.

2229 4211 2290 4264 Et
2323 4208 2616 4265 translatio
2644 4208 3012 4337 reliquiarwtn
3044 4211 3224 4294 sancti
3245 4206 3518 4278 Stephani
3547 4213 3871 4278 protomar-

2994 4298 3126 4337 uris.

2994 4298 3126 4352 yrzs.

2297 4393 2635 4462 Imperante
2704 4392 3093 4447 Constantino
3152 4391 3361 4463 Magno
3419 4391 3674 4443 inventas
3729 4388 3870 4440 sunt

2230 4480 2498 4551 reliquiae
2580 4481 2770 4535 sancti
2851 4480 3132 4552 Stephani
3187 4477 3662 4550 protomartyris.
3731 4473 3868 4538 Qui-

2229 4570 2364 4626 dam
2398 4572 2557 4626 enim
2590 4571 2920 4642 presbyter.
2956 4571 3246 4626 Lucianus
3278 4571 3540 4625 nomine.
3579 4565 3678 4637 qui
3712 4564 3772 4618 in
3806 4579 3875 4617 ea

478 4649 580 4704 ὑπὸ
621 4657 723 4724 γῆν
781 4649 1095 4724 ἐκρύπτετο,
1128 4648 1510 4730 πρεσϐύτερος,
1570 4664 1868 4720 Λουκιανος
1923 4655 2117 4733 ὄνομα,

2233 4660 2371 4715 villa
2401 4659 2727 4721 habitabat.
2757 4659 2857 4713 ubi
2875 4659 2980 4714 sub
3003 4665 3161 4713 terra
3192 4658 3411 4713 eaedem
3443 4653 3872 4726 reliquiaelate-

479 4739 537 4794 ἐκ
566 4743 714 4805 θείας
745 4740 1003 4804 ὀπτασίας
1058 4741 1205 4816 εὗρεν
1267 4743 1420 4803 αὐτό.
1476 4746 1573 4800 Καὶ
1625 4749 1727 4822 γάρ
1772 4749 1890 4823 τρὶς
1944 4750 2122 4823 τούτῳ

480 4828 751 4907 ἐπιφανεὶς
814 4833 842 4886 6
898 4833 1252 4907 πρώταθλος,
1312 4835 1498 4890 ἐαυτὸν
1560 4835 1956 4909 κατεδηλωσεν.
2018 4841 2121 4897 Καὶ

483 4921 666 4992 μαθὼν
714 4924 875 4975 τοῦτο
908 4923 936 4976 6
997 4921 1424 4996 ἀρχιεπίσκοπος
1485 4926 1758 4998 Ἰωάννης,
1825 4928 1917 4984 καὶ
1949 4936 2124 5004 χαρᾶς

480 5009 745 5082 πλησθεὶς
776 5014 868 5067 τὸν
927 5013 1093 5067 τόπον
1146 5013 1239 5068 σὺν
1297 5021 1376 5088 τῷ
1434 5015 1634 5092 κλήρῳ
1678 5016 1963 5077 κατέλαϐε.
2022 5020 2123 5077 Καὶ

482 5099 736 5176 ἀνορύξας
777 5101 897 5178 εὗρε
943 5104 1034 5156 τὸν
1069 5103 1251 5178 σορόν.
1284 5105 1470 5184 ’Ἄφνω
1523 5105 1580 5161 δὲ
1638 5109 1861 5182 σεισμὸς
1920 5109 2124 5184 ἐγένετο

487 5189 678 5266 μέγας,
708 5192 800 5246 καὶ
833 5188 1033 5247 εὐωδία
1061 5191 1317 5264 πλείστη.

1030 5398 1214 5457 ΜΒΝΙ
1253 5403 1336 5456 ΤΩ
1373 5404 1576 5462 ΑΥΤΩ.

1281 5492 1334 5546 Γ,

559 5575 767 5648 Μνήμη
816 5595 926 5630 των
985 5575 1146 5631 ὁσίων
1167 5577 1500 5706 ἸΔαλρῐάτου
1530 5583 1620 5637 καὶ
1671 5581 1922 5638 Φαύστου
1971 5584 2060 5639 καὶ

1211 5671 1340 5706 σαακ
1371 5673 1454 5706 ου.

1211 5671 1340 5706 σαακ
1352 5671 1454 5710 ιου.

559 5747 620 5806 Ὁ
652 5746 803 5810 ὅσιος
864 5746 1128 5812 Ἰσαάκιος
1178 5749 1442 5827 πρότερον
1505 5751 1555 5807 ἐν
1606 5757 1674 5827 τῇ
1703 5755 1911 5829 ἡρήμῳ
1965 5754 2132 5826 ἀσκή-

2233 4749 2394 4817 bant,
2429 4748 2626 4803 divina
2655 4749 2881 4803 visione
2902 4747 3264 4811 admonitus,
3289 4747 3423 4802 illas
3451 4745 3700 4800 invenit.
3731 4743 3876 4797 Huic

2234 4855 2370 4892 cum
2402 4838 2634 4908 primus
2665 4837 2889 4893 athleta
2947 4838 3119 4892 tertio
3175 4837 3568 4908 apparuisset,
3613 4835 3876 4906 seipsum

2235 4926 2654 4982 manifestavit.
2679 4926 2844 4992 Quod
2874 4927 2975 4982 ubi
3009 4927 3244 4982 rescivit
3283 4928 3542 4982 Joannes
3581 4924 3874 4995 archiepi-

2238 5033 2471 5087 scopus,
2501 5033 2735 5071 summa
2764 5015 2972 5071 laetitia
3002 5017 3272 5086 affectus,
3305 5033 3425 5072 una
3457 5032 3593 5071 cum
3624 5015 3782 5070 clero
3816 5013 3876 5066 in

2236 5107 2432 5162 locum
2465 5105 2637 5160 illum
2668 5106 2997 5178 processit:
3027 5123 3280 5178 cumque
3341 5106 3663 5172 eﬂ'odisset,
3714 5104 3878 5160 locu-

2237 5197 2363 5252 lum
2397 5195 2637 5267 reperit.
2673 5197 2937 5268 Repente
2969 5203 3170 5252 autem
3197 5202 3368 5252 terra:
3401 5204 3599 5254 motus
3631 5211 3878 5268 magnus

2238 5286 2429 5341 factus
2452 5289 2562 5352 est,
2597 5289 2655 5340 et
2684 5285 2980 5357 plurimus
3009 5286 3280 5361 fragrans
3310 5286 3475 5343 odor.

2793 5403 3034 5460 EODEM
3073 5406 3217 5461 ΜΕΝ
3223 5405 3326 5462 SE.

2918 5502 3022 5558 Die
3056 5505 3234 5560 tertia

2348 5590 2500 5647 I92
2526 5591 2794 5646 Memoria
2820 5599 3159 5719 sanctIoruin.
3182 5593 3448 5660 Dalmati,
3486 5594 3697 5660 Fausti,
3729 5596 3780 5644 et

2983 5680 3179 5719 saacu.

2983 5680 3179 5719 saacu.

2318 5760 2529 5816 Beatus
2557 5760 2816 5817 Isaacius
2843 5760 3011 5833 prius
3039 5761 3102 5815 in
3161 5777 3360 5819 eremo
3389 5763 3667 5818 virtutem
3715 5773 3885 5819 exer-
