4202 6314
337 339 451 399 57!

1619 333 2056 397 MENOLOGII
2095 333 2302 398 PARS
2346 333 2452 396 III.

3635 339 3752 401 572

334 489 498 539 cens,
525 469 791 543 corporis
817 471 1236 527 affectionibus
1259 469 1556 535 edomitis,
1589 467 1990 524 dmmonibus-

2110 488 2223 537 σας,
2253 467 2341 522 καὶ
2371 469 2438 523 τὰ
2481 471 2626 540 πάθη
2683 473 2783 526 τοῦ
2831 469 3088 544 σώματος
3142 471 3444 545 νεκρώσας,
3502 470 3755 536 καὶτοὺς

336 576 452 632 que
481 560 766 620 subactis.
801 561 1000 616 divina
1043 567 1247 632 postea
1268 557 1636 630 providentia
1657 557 1988 614 Constanti-

343 651 609 722 nopolim
644 653 977 715 concessit;
1012 657 1069 707 et
1099 652 1160 706 in
1196 650 1452 722 quodam
1485 665 1860 705 commorans
1892 666 1992 704 ur-

343 740 438 796 bis
471 742 854 807 monasterio,
889 741 1046 812 quod
1099 757 1260 795 nunc
1298 739 1548 795 Dalmati
1594 746 1990 811 nuncupatur,

342 831 547 886 multis
580 848 687 885 sua
717 831 951 888 virtute.
990 837 1048 885 et
1077 829 1349 884 doctrina
1407 831 1610 890 suasit.
1652 835 1719 884 ut
1771 828 1990 884 mundo

344 919 630 974 derelicto
665 920 942 974 monachi
975 919 1208 986 fierent,
1228 937 1293 975 ac
1325 936 1528 974 secum
1560 919 1950 975 convenirent
1977 936 1991 974 :

348 1026 418 1064 ex
451 1009 668 1080 quibus
697 1009 812 1064 fuit
839 1010 1165 1072 Dalmatus,
1197 1016 1255 1066 et
1296 1011 1544 1066 Faustus
1600 1010 1762 1065 illius
1811 1010 1991 1066 ﬁlius.

344 1100 477 1170 Ipse
511 1100 670 1153 enim
701 1115 836 1154 cum
868 1099 1179 1154 Theodosii
1212 1099 1586 1172 imperatoris
1626 1099 1994 1170 temporibus

345 1187 519 1243 miles
552 1194 726 1254 esset,
756 1189 1012 1260 quadam
1043 1189 1136 1242 die
1169 1189 1310 1243 dum
1332 1189 1481 1244 forte
1504 1190 1567 1244 in
1599 1195 1870 1244 sanctum
1901 1189 1997 1244 in-

343 1277 794 1349 cidisset,hujus
808 1277 1113 1351 degustato
1128 1277 1696 1350 colloquio,uxorem
1721 1278 1995 1350 filiosque

345 1367 652 1435 deserens,
677 1369 958 1423 Faustum
984 1368 1172 1422 filium
1196 1368 1390 1423 solum
1424 1384 1624 1424 secum
1659 1384 1993 1434 assumens,

346 1457 421 1511 ad
453 1473 587 1512 eum
620 1473 682 1512 se
712 1458 1056 1519 contulit,et
1085 1459 1427 1513 monasticae
1448 1459 1579 1513 vitm
1602 1474 1732 1513 sese
1748 1457 1995 1526 addixit,

345 1561 521 1601 suum
552 1546 734 1601 etiam
760 1547 952 1602 filium
985 1547 1356 1602 detondens:
1382 1554 1559 1619 atque
1593 1548 1740 1604 adeo
1772 1547 1846 1602 ad
1870 1550 1993 1602 vir-

346 1641 533 1690 tutem
567 1642 707 1690 sunt
735 1635 916 1702 enixi,
944 1643 1008 1690 ut
1039 1636 1412 1692 celeberrimi
1462 1638 1618 1709 apud
1677 1638 1997 1708 imperato-

347 1741 472 1780 rem
497 1731 695 1779 essent
727 1731 786 1779 et
816 1731 1087 1781 senatum
1119 1743 1185 1782 ac
1217 1727 1474 1798 plurima
1495 1728 1674 1782 etiam
1708 1727 1998 1782 miracula

2101 555 2363 631 δαίμονας
2396 561 2645 632 νικήσας,
2677 559 2896 636 ὕστερον
2955 562 3095 618 κατὰ
3152 561 3295 626 θείαν
3354 563 3613 636 πρόνοιαν
3645 582 3749 617 παα

2101 649 2348 725 ρεγὲνετο
2407 650 2482 713 εἰς
2541 651 3137 724 Κωνσταντινουπολιν,
3183 653 3272 708 καὶ
3329 653 3754 728 προσκαθεσθεὶς

2098 737 2175 791 ἐνὶ
2201 742 2308 793 τῶν
2339 746 2440 809 τῆς
2493 739 2709 802 πόλεως
2763 740 3167 816 μοναστηρίων,
3216 740 3244 795 ὃ
3296 743 3394 795 τοῦ
3451 735 3745 811 Δαλματου

2097 831 2188 880 νῦν
2222 825 2462 902 λέγεται,
2514 825 2605 883 διὰ
2657 829 2757 898 τήν
2810 830 3003 903 ἁρετὴν
3059 829 3248 898 αὐτοῦ,
3303 830 3393 883 καὶ
3448 834 3549 896 τῆς
3595 824 3747 882 διδα-

2101 916 2326 979 σκαλίας
2355 916 2602 981 πολλοὺς
2647 915 2824 973 ἔπεισε
2873 915 3193 973 καταλιπεῖν
3253 919 3345 972 τὸν
3399 918 3631 990 κόσμον,
3662 917 3752 971 καὶ

2097 1008 2340 1083 γενέσθαι
2380 1006 2679 1082 μοναχοῦς,
2710 1008 2800 1062 καὶ
2830 1006 3087 1074 σωθῆναι.
3149 1006 3236 1078 Ἐξ
3295 1003 3368 1060 ὤν
3415 1008 3550 1076 ἦσαν
3608 1005 3752 1062 Δάλ-

2104 1117 2293 1170 ματος,
2321 1096 2409 1152 καὶ
2442 1100 2688 1160 Φαῦστος
2749 1099 2776 1152 6
2837 1097 2952 1159 υίὸς
3010 1095 3195 1153 αὐτοῦ.
3229 1096 3397 1158 Οὗτος
3427 1096 3527 1172 γὰρ
3587 1116 3752 1170 στρα-

2099 1186 2304 1256 τιώτης
2364 1182 2437 1240 ὢν
2497 1185 2586 1241 ἐπὶ
2643 1192 2744 1256 τῆς
2807 1186 3084 1263 βασιλείας
3165 1183 3484 1254 Θεοδοσίου,
3539 1183 3591 1239 ἐν
3649 1189 3748 1256 μιᾷ

2101 1273 2354 1330 ἀπελθὼν
2411 1274 2500 1330 καὶ
2555 1277 2837 1350 συντυχὼν
2885 1279 2965 1347 τῷ
3023 1275 3195 1351 ἁγίῳ,
3252 1274 3342 1330 καὶ
3393 1280 3496 1344 τῆς
3545 1271 3748 1328 ἐκείνου

2104 1363 2328 1436 ὁμιλίας
2381 1366 2712 1438 γευσάμενος
2744 1408 2758 1436 ,
2818 1363 3136 1420 καταλιπὼν
3224 1362 3316 1419 καί
3371 1368 3602 1440 γυναῖκα
3656 1361 3747 1416 καὶ

2101 1454 2280 1525 τέκνα,
2317 1455 2482 1527 μόνον
2518 1451 2576 1509 δε
2603 1454 2697 1509 τὸν
2727 1455 2842 1510 υἱὸν
2905 1453 3070 1509 αὐτοῦ
3128 1456 3376 1508 Φαῦστον
3437 1446 3752 1518 ἀναλαϐὼν,

2102 1540 2318 1612 ἀπῆλθε
2347 1544 2484 1612 πρὸς
2516 1543 2698 1613 αὐτὸν,
2753 1543 2842 1599 καὶ
2891 1542 3071 1618 γέγονε
3131 1543 3396 1618 μοναχὸς,
3457 1541 3752 1616 ἀποκείρας

2101 1631 2190 1686 καὶ
2216 1645 2310 1688 τον
2347 1633 2463 1688 υἱὸν
2493 1633 2678 1690 αὐτοῦ.
2713 1637 2818 1689 Καὶ
2868 1632 3040 1694 οὕτως
3088 1632 3449 1708 ἠγωνίσαντο,
3481 1631 3556 1693 ὡς
3604 1650 3755 1705 περι-

2105 1717 2298 1793 ϐόητοι
2330 1721 2575 1797 γενέσθαι
2627 1722 2906 1798 βασιλεῦσι
2963 1721 3055 1778 καὶ
3115 1719 3426 1799 συγκλήτῳ,
3486 1718 3577 1775 καὶ
3626 1717 3756 1784 θαῦ-

343 1820 651 1886 patrarent
680 1815 754 1870 ad
781 1815 879 1869 Dei
911 1816 1182 1888 gloriam.
1219 1816 1309 1872 SIC
1341 1823 1476 1888 post
1525 1817 1732 1872 lsaacii
1765 1816 1993 1871 obitum

2110 1834 2249 1886 ματα
2281 1811 2512 1892 διάφορα
2544 1813 2618 1876 εἲς
2645 1811 2799 1884 δόξαν
2859 1817 2993 1869 Θεοῦ
3059 1810 3384 1869 ἐπιτελέσαι·
3431 1811 3520 1866 καὶ
3581 1809 3752 1871 οὕτως

343 1905 524 1958 vitam
557 1905 862 1959 ﬁnierunt.

909 2026 1152 2082 EODEM
1185 2028 1433 2084 MENSE.

1006 2117 1111 2173 Die
1143 2125 1357 2188 quarta

525 2210 807 2264 Certamen
837 2219 1041 2266 sanctce
1064 2214 1326 2281 martyris
1353 2213 1427 2268 Ia:
1457 2219 1510 2267 et
1526 2214 1816 2268 sociorum.

418 2380 551 2434 Haec
582 2379 799 2451 Sapore
831 2381 1148 2436 Persarum
1172 2397 1308 2454 rege
1340 2381 1563 2447 floruit,
1629 2398 1878 2438 summas
1913 2398 1997 2438 se-

349 2472 607 2526 nectutis
641 2477 811 2527 mtate
844 2480 1137 2544 provecta.
1173 2474 1615 2546 Comprehensa
1633 2482 1831 2532 autem
1863 2491 1998 2532 cum

347 2576 565 2614 novem
597 2559 862 2616 millibus
881 2562 1482 2635 Christianorum,qui
1497 2565 1708 2636 captivi
1736 2565 1997 2630 abducti,

355 2665 389 2704 a
421 2667 728 2722 magorum
760 2651 1128 2723 principibus
1159 2654 1389 2710 diverso
1423 2662 1852 2712 tormentorum
1902 2672 2003 2728 ge—

351 2755 494 2795 nere
530 2741 1175 2808 excruciabantur,una
1205 2761 1340 2799 cum
1371 2745 1444 2799 iis
1473 2745 1587 2800 ista
1617 2746 1798 2801 etiam
1829 2744 2002 2800 beata

355 2829 656 2884 cruciatus
688 2832 985 2887 constanti
1033 2833 1233 2889 animo
1293 2835 1659 2905 pertulit:et
1687 2841 2002 2907 postquam

349 2922 554 2977 multis
585 2923 694 2978 fuit
721 2925 911 2996 poenis
944 2933 1169 2996 vexata,
1203 2929 1395 3001 capite
1428 2929 1601 3001 plexa
1637 2936 1747 2987 est.

346 3065 502 3122 193
529 3066 598 3122 Et
627 3075 902 3126 certamen
928 3072 1394 3196 sanctilmartyris
1415 3073 1726 3130 Eleutherit'
1777 3074 2002 3130 cubicu-

1121 3159 1253 3196 ανιι.

1121 3159 1253 3197 ανιε.

423 3253 800 3310 Eleutherius
832 3255 1046 3312 Christi
1078 3264 1324 3330 martyr.
1357 3261 1710 3317 Maximiano
1741 3263 1997 3335 impera-

355 3353 506 3414 tore,
560 3363 626 3402 ex
679 3347 826 3402 urbe
886 3349 1160 3420 Byzantio
1215 3353 1525 3420 oriundus,
1567 3372 1722 3411 unus
1753 3362 1880 3413 erat
1933 3373 2004 3413 ex

363 3435 759 3506 senatoribus,
791 3435 1068 3509 idemque
1091 3439 1152 3494 in
1174 3457 1422 3498 numero
1452 3444 1858 3501 cunuchorum
1892 3447 2003 3502 im-

361 3525 620 3597 peratori
652 3525 986 3582 familiaris.
1022 3530 1165 3584 Cum
1197 3537 1394 3586 autem
1427 3531 1546 3588 Deo
1581 3533 1906 3606 placuisset
1930 3536 2003 3593 ob

361 3613 782 3669 mandatorum
813 3614 977 3671 illius
1009 3616 1359 3684 doctrinam,
1398 3637 1517 3677 non
1577 3629 1774 3678 tamen
1806 3623 2003 3680 divino

359 3703 658 3775 perfectus
690 3711 816 3758 erat
831 3703 1408 3777 baptismate.Quare
1439 3712 1686 3783 cupiens
1699 3714 2002 3786 baptizari,

357 3793 1046 3865 rogavitimperatorem,
1089 3805 1156 3853 ut
1177 3799 1288 3853 sibi
1330 3803 1785 3870 permitteretin
1832 3823 2004 3863 suum

364 3881 717 3937 suburbium
751 3887 1355 3958 pergereJmpetrata
1379 3897 1576 3948 autem
1597 3893 1898 3964 facultate,
1932 3897 2005 3952 ad

366 3970 690 4042 Sangarum
722 3970 967 4028 ﬂuvium
1006 3978 1275 4043 accessit,
1310 3978 1513 4052 ibique
1558 3983 2005 4044 subterraneam

363 4060 677 4114 ecclesiam
713 4068 1087 4132 construens,
1147 4068 1557 4140 presbyterum
1609 4074 1873 4144 adduxit,
1931 4079 2004 4134 ab

361 4164 549 4217 eoque
574 4147 900 4240 baptizatus
925 4151 1056 4206 fuit.
1104 4154 1175 4208 Ut
1204 4173 1337 4210 vero
1383 4158 1802 4230 imperatorem
1851 4166 2010 4240 fuge-

360 4241 470 4300 ret,
504 4235 774 4290 morbum
809 4245 1103 4294 causatur.
1141 4243 1307 4307 Quod
1364 4245 1464 4300 ubi
1497 4250 1885 4310 Maximianus
1920 4235 2008 4311 re-

362 4324 551 4388 scivit,
578 4323 651 4379 ad
682 4324 879 4380 locum
911 4328 1219 4396 accedens,
1254 4336 1630 4408 propriisque
1652 4341 1840 4396 oculis
1861 4349 2006 4399 tem-

360 4412 526 4484 plum
541 4413 868 4486 altarisque
893 4426 1242 4489 apparatum
1267 4423 1638 4494 intuitus,ira
1661 4433 2003 4491 excanduit:

361 4507 420 4557 et
448 4505 948 4576 comprehensum
1007 4509 1436 4579 Eleutherium,
1482 4515 1628 4573 diris
1660 4519 1853 4590 primo
1886 4527 2002 4579 tor-

359 4593 575 4648 mentis
599 4594 887 4667 subjecit:
925 4613 1060 4653 mox
1090 4601 1282 4672 capite
1313 4602 1712 4664 obtruncavit.

916 4743 1158 4799 EODEM
1187 4747 1440 4806 MENSE.

1017 4833 1120 4890 Die
1153 4838 1363 4907 quinta

597 4914 879 4975 Certamen
933 4925 1116 4979 sancti
1169 4929 1435 4999 martyris
1475 4932 1754 5003 Eusignii.

429 5037 740 5130 Eusignius
767 5045 980 5102 Christi
1006 5056 1232 5122 martyr
1257 5069 1326 5107 ex
1356 5072 1571 5130 magna
1618 5059 1763 5116 urbe
1795 5065 2004 5120 Antio-

357 5124 510 5226 chia,
561 5129 790 5226 militias
823 5134 941 5190 dux
979 5138 1092 5193 fuit
1139 5124 1505 5212 temporibus
1535 5147 1864 5206 Constantii
1898 5171 1999 5226 pa-

360 5215 467 5314 tris
487 5219 686 5314 magni
709 5219 1379 5300 Constantini,vixitque
1412 5250 1597 5304 usque
1629 5238 1702 5293 ad
1737 5215 2005 5314 tempora

353 5303 574 5358 Juliani
605 5309 1406 5386 ApostataaComprehensus
1427 5303 1624 5378 autem
1652 5303 2001 5389 Christianas

359 5390 494 5489 ﬁdei
527 5410 723 5489 causa,
747 5401 1062 5468 quaestioni
1098 5405 1430 5475 subjicitur.
1466 5411 1730 5484 Cumque
1763 5427 2001 5489 aposta-

354 5487 477 5535 tam
511 5482 1076 5561 redargueret,quod
1099 5493 1216 5548 Deo
1248 5511 1383 5550 vero
1414 5482 1718 5567 derelicto,
1753 5482 1825 5561 ad
1853 5526 2002 5567 vana

354 5568 516 5665 idola
541 5576 821 5645 tanquam
840 5578 913 5634 ad
944 5579 1087 5638 deos
1111 5583 1477 5648 accessisset,
1501 5587 1756 5648 fustibus
1787 5611 1998 5665 caesus,

356 5657 639 5730 durisque
698 5669 1012 5726 tormentis
1075 5673 1445 5729 excruciatus
1512 5681 1620 5732 est.
1682 5657 1997 5756 Postquam

2027 3214 2079 3282 Ο

2106 1901 2241 1975 μετὰ
2267 1903 2527 1972 τελευτήν
2557 1903 2819 1958 ἰσαακίου
2849 1903 3228 1969 τελειωθῆναι.

2627 2027 2810 2084 ΜΗΝΙ
2865 2030 2951 2083 ΤΩ
3006 2027 3192 2084 ΑΥΤΩ
3209 2071 3222 2084 .

2901 2119 2953 2173 Δ,

2176 2207 2444 2280 ’Δθλησις
2494 2215 2596 2280 τῆς
2653 2209 2808 2286 ἁγίας
2853 2209 3126 2302 μάρτυρος
3167 2208 3282 2271 Ἵας
3311 2207 3399 2271 κςὶ
3427 2209 3535 2263 τῶν
3587 2203 3684 2262 σὺν

2838 2302 2978 2356 αυτῃ
2999 2325 3014 2340 ο

2179 2386 2327 2459 Αὕτη
2366 2386 2434 2455 iv
2492 2386 2579 2444 ἐπὶ
2642 2383 2928 2456 Σαϐωρίου
2990 2386 3262 2464 βασιλέως
3319 2388 3560 2462 Περσῶν,
3619 2404 3752 2452 πρε-

2107 2471 2376 2547 σϐυτάτην
2408 2472 2613 2552 ἔχουσα
2638 2478 2737 2546 τήν
2797 2475 3039 2546 ⁴ἡλικίαν,
3077 2473 3401 2551 Συνελήφθη
3466 2471 3556 2529 οῦν
3621 2473 3754 2547 μετᾶ

2106 2563 2257 2620 ἐννεα
2289 2563 2561 2641 χιλιάδων
2595 2567 2925 2641 Χριστιανῶν
2983 2562 3385 2641 αἰχμαλώτων,
3442 2562 3590 2635 παρᾶ
3641 2565 3748 2616 τῶν

2107 2655 2435 2732 ἀρχιμάγων
2485 2653 2766 2735 διαφόροις
2827 2657 3082 2732 βασάνοις
3136 2651 3570 2730 παραδοθέντων.
3623 2651 3754 2707 Μεθ’

2108 2743 2290 2800 ὤνκαὶ
2322 2748 2356 2816 ἡ
2403 2745 2640 2822 μακαρία
2693 2751 2814 2808 ταῖς
2867 2743 3162 2820 τιμωρίαις
3219 2743 3571 2816 ἐνεκαρτέρει,
3630 2736 3754 2809 ἥτις

2112 2836 2247 2908 μετὰ
2303 2835 2532 2891 πολλῶν
2603 2835 2850 2912 βασάνων
2911 2832 3090 2898 αῗκίας
3123 2878 3138 2906 ,
3194 2834 3294 2903 τήν
3343 2828 3588 2908 κεφαλὴν
3649 2830 3752 2884 ἀπ-

2109 2927 2318 2999 ετμήθη
2329 2967 2342 2980 .

2111 3068 2217 3125 Καὶ
2271 3066 2505 3138 ἄθλησις
2554 3070 2654 3125 τοῦ
2706 3066 2862 3145 άγίρυ
2925 3069 3198 3145 μάρτυρος
3259 3061 3604 3138 Ἐλευθερίου
3661 3063 3756 3117 τοῦ

2683 3136 3144 3215 κοῦϐικουλαρίου
3168 3182 3182 3196 .

2186 3263 2552 3340 Ἐλευθέριος,
2583 3265 2612 3320 6
2656 3268 2754 3320 τοῦ
2787 3267 3022 3338 Χριστοῦ
3059 3264 3284 3339 μάρτυς,
3313 3261 3380 3331 iv
3445 3259 3536 3334 μὶν
3570 3257 3630 3312 ἐκ
3655 3262 3756 3326 τῆς

2110 3353 2330 3418 πόλεως
2379 3353 2677 3424 Βυζαντίου
2707 3353 2793 3409 ἐπὶ
2824 3361 2926 3424 τῆς
2959 3351 3238 3429 βασιλείας
3286 3349 3648 3422 Μαξιμιανοῦ,
3681 3346 3758 3407 εἷς

2111 3452 2211 3515 τῆς
2243 3444 2557 3518 συγκλήτου
2590 3488 2605 3516 ,
2639 3443 2904 3518 εὐνοῦχος
2954 3440 3040 3514 δι,
3071 3440 3160 3496 καὶ
3187 3441 3268 3514 τῷ
3302 3437 3520 3516 βασιλεῖ
3548 3456 3760 3511 προσῳ-

2111 3535 2413 3608 κειωμένος
2445 3579 2458 3592 .
2521 3532 2673 3590 Ἐπεὶ
2729 3529 2787 3588 δε
2844 3530 3172 3607 εὐηρέστησε
3227 3529 3322 3604 μὲν
3368 3532 3449 3600 τῷ
3499 3530 3616 3598 Θεῷ
3672 3522 3760 3580 διὰ

2111 3633 2210 3695 τῆς
2240 3629 2349 3680 τῶν
2384 3621 2619 3680 ἐντολῶν
2653 3622 2820 3679 αὐτοῦ
2877 3619 3257 3688 διδασκαλίας,
3283 3618 3379 3674 οὐκ
3425 3619 3492 3686 iv
3527 3614 3584 3672 δε
3613 3635 3756 3669 τετεο

2113 3715 2414 3790 λειωμένος
2467 3719 2546 3788 τῷ
2602 3713 2730 3787 θείῳ
2791 3713 3145 3790 βαπτίσματι,
3185 3709 3275 3766 καὶ
3333 3706 3507 3764 θέλων
3571 3707 3760 3782 βαπτιο

2115 3808 2323 3878 σθῆναι,
2353 3806 2597 3882 ᾐτήσατο
2627 3807 2720 3860 τόν
2767 3803 3013 3881 βασιλέα,
3073 3802 3222 3857 ἐᾶσαι
3280 3799 3439 3856 αὐτὸν
3494 3795 3750 3853 ἀπελθεῖν

2114 3897 2188 3959 εἰς
2214 3897 2277 3952 τὸ
2306 3898 2624 3972 προάστειον
2672 3893 2856 3950 αὐτοῦ·
2913 3892 3002 3949 καὶ
3057 3892 3240 3968 τυχὼν
3303 3897 3404 3960 τῆς
3461 3887 3758 3959 αίτήσεως,

2115 3986 2328 4056 ἀπῆλθε
2375 3984 2618 4056 πλησίον
2647 3989 2744 4040 τοῦ
2803 3986 3088 4058 Σαγγάρου
3144 3983 3419 4054 ποταμοῦ.
3453 3977 3556 4036 Καὶ
3586 3979 3755 4046 ποιή-

2114 4098 2209 4139 σας
2269 4077 2372 4131 ὑπὸ
2427 4083 2530 4152 γῆν
2575 4075 2818 4150 κρυπτὴν
2872 4071 3208 4141 ἐκκλησίαν,
3255 4069 3344 4124 καὶ
3392 4061 3754 4142 πρεσϐύτερον

2113 4167 2326 4244 ἀγαγὼν
2364 4210 2377 4236 ,
2437 4161 2732 4236 ἐϐαπτίσθη
2792 4165 2932 4220 ἐκεῖο
2991 4163 3082 4218 καὶ
3139 4161 3311 4218 θέλων
3359 4158 3604 4234 ἐκφυγεῖν
3661 4156 3753 4211 τὸν

2119 4255 2365 4333 βασιλέα,
2425 4255 2826 4333 προεφασίσατο
2881 4253 3067 4309 νόσον.
3121 4251 3221 4305 Καὶ
3284 4247 3472 4322 μαθὼν
3529 4250 3695 4302 ταῦτα
3728 4245 3755 4298 6

2115 4345 2454 4418 Μαξιμιανὸς
2510 4341 2836 4420 παρεγένετο
2893 4341 2980 4397 ἐπὶ
3027 4341 3119 4396 τὸν
3172 4338 3364 4408 τόπον,
3421 4336 3512 4392 καὶ
3574 4335 3755 4395 αὐτοῖς

2114 4436 2423 4514 ὀφθαλμοῖς
2451 4431 2582 4489 ίδὼν
2612 4433 2704 4489 τὸν
2731 4432 2857 4487 ναὸν
2895 4476 2909 4503 ,
2939 4431 3030 4487 καὶ
3057 4431 3155 4499 τήν
3189 4429 3483 4502 εὐκοσμίαν
3534 4427 3634 4480 τοῦ
3661 4435 3754 4488 θυ-

2115 4526 2431 4602 σιαστηρίου
2465 4568 2480 4595 ,
2532 4522 2777 4601 ὠργίσθη
2814 4542 2827 4556 °
2904 4522 2994 4577 καὶ
3050 4522 3320 4598 κρατήσας
3375 4518 3531 4574 αὐτὸν
3564 4560 3577 4584 ,
3662 4514 3753 4569 καὶ

2114 4615 2375 4690 πρότερον
2409 4616 2609 4678 ἱκανῶς
2645 4613 2962 4691 βασανίσας,
2995 4610 3218 4686 ὕστερον
3252 4604 3664 4685 ἀπεκεφάλισεν.

2675 4759 2858 4818 ΜΠΝῘ
2889 4759 2981 4814 ΤΩ
3011 4759 3199 4814 ΔΠὬ.

2906 4848 2962 4902 Ε.

2258 4941 2355 4996 Καὶ
2387 4937 2618 5010 ἄθλησις
2664 4942 2759 4993 τοῦ
2812 4936 2965 5013 ἁγίου
2998 4937 3270 5012 μάρτυρος
3299 4932 3612 5008 Εὐσιγνίου.

2185 5059 2493 5134 Εῦσίγνιος,
2553 5059 2581 5111 6
2623 5060 2719 5111 τοῦ
2783 5056 3024 5127 Χριστοῦ
3068 5053 3292 5128 μάρτυς,
3341 5051 3410 5120 iv
3446 5051 3540 5124 μὶν
3575 5049 3634 5104 ἐκ
3660 5054 3760 5117 τῆς

2119 5146 2365 5224 μεγάλης
2396 5147 2757 5222 Ἀντιοχείας,
2779 5146 2963 5222 γέγονε
3011 5140 3068 5198 δὲ
3125 5141 3422 5218 στρατηγὸς
3474 5140 3755 5197 Κώνσταν-

2112 5258 2206 5300 τος
2273 5241 2369 5292 τοῦ
2427 5236 2629 5310 πατρὸς
2683 5238 2782 5291 τοῦ
2841 5231 3088 5308 μεγάλου
3148 5232 3558 5288 Κωνσταντίνου
3591 5246 3605 5262 ·
3662 5224 3752 5281 καὶ

2115 5325 2399 5402 ὃιαρκέσας
2462 5325 2660 5402 μέχρις
2709 5319 3016 5380 ἰουΛιανοῦ
3064 5324 3161 5375 τοῦ
3241 5313 3558 5394 παραϐάτου
3595 5362 3608 5386 ,
3664 5314 3755 5371 καί

2109 5414 2395 5492 κρατηθεὶς
2448 5417 2521 5478 ὡς
2581 5413 2901 5490 Χριστιανὸς
2980 5407 3134 5486 ἤχθη
3203 5407 3279 5471 εἷς
3329 5406 3606 5478 ἐξέτασιν*
3665 5403 3753 5460 καὶ

2111 5505 2328 5582 ἐλέγξας
2354 5505 2447 5560 τὸν
2500 5499 2841 5580 παραϐάτην,
2901 5502 2974 5564 ὡς
3025 5501 3114 5555 τὸν
3190 5497 3368 5569 ἀληθῆ
3431 5499 3560 5552 Θεὸν
3591 5515 3754 5550 κατα-

2111 5594 2361 5665 λιπόντα,
2394 5596 2486 5650 καί
2513 5599 2630 5657 τοῖς
2675 5593 2928 5668 ματαίοις
2985 5587 3241 5651 εἰδώλοις
3274 5586 3646 5663 προσελθοντα
3676 5585 3750 5646 ὡς

2107 5685 2274 5755 θεοῖς,
2329 5684 2544 5757 ἐξετάθη
2579 5683 2656 5747 είς
2691 5684 2974 5759 μάστιγας.
3031 5678 3134 5735 Καὶ
3190 5676 3527 5752 τιμωρηθεὶς
3587 5674 3751 5747 ἰσχυ-
