4184 6326
455 366 573 424 573

1945 359 2389 423 AUGUSTUS.

3735 367 3858 427 574

455 500 583 570 ρῶς,
645 493 871 569 ἐπείπερ
920 498 1041 556 ταῖς
1107 492 1350 566 πληγαις
1413 491 1754 561 κατεπονηθη
1789 490 1943 562 (ἐτῶν
2003 489 2092 565 γὰρ

2222 496 2420 547 autem
2452 493 2638 566 plagis
2668 510 2818 566 pene
2847 495 3148 552 confectus
3180 501 3337 552 esset
3363 497 3514 569 (erat
3562 501 3718 555 enim
3751 517 3855 555 an-

450 585 516 652 ἧν
554 585 743 639 ἑκατὸν
777 581 926 657 δέκα)
963 581 1238 660 ἀπερρίφη
1295 580 1346 636 έν
1397 579 1636 659 φυλακῇ.
1688 579 1786 633 Καὶ
1840 579 1973 652 μετά
2021 597 2106 632 τι-

453 694 548 737 νας
579 674 792 749 ἡμέρας
827 675 928 742 τῆς
986 671 1235 750 φυλακῆς
1294 665 1605 741 ἐκϐληθεὶς,
1664 668 1754 723 καὶ
1811 667 1976 723 πάλιν
2028 671 2108 738 τῷ

453 760 741 838 παραϐάτῃ
810 763 1088 838 παραστὰς
1171 763 1507 836 ἠναγκάζετο
1591 759 1920 834 ἀρνήσασθαι
2010 757 2104 830 μὲν

450 854 543 908 τὸν
573 853 828 929 Χριστὸν,
864 854 1017 906 θῦσαι
1063 848 1120 906 δὲ
1177 857 1292 913 τοῖς
1351 849 1624 914 εἰδώλοις.
1686 848 1789 904 Καὶ
1853 848 1927 922 μὴ
1988 867 2110 901 πει-

455 940 617 1007 σθεὶς,
649 938 797 995 ἀλλὰ
826 944 994 994 πάλιν
1046 937 1265 1012 ἐλέγξας
1318 938 1414 993 τὸν
1472 938 1750 1012 τύραννον,
1810 935 1946 1010 ξίφει
2006 934 2105 1000 τὴν

451 1028 693 1104 κεφαλὴν
720 1029 1035 1102 ἀπετμήθη·
1071 1027 1160 1084 καὶ
1213 1027 1386 1089 οὕτως
1437 1026 1755 1096 ἐτελειώθη,
1805 1018 2102 1079 ἀπολαϐὼν

449 1121 703 1196 στέφανον
736 1120 1071 1195 ἀμάραντον,
1103 1118 1196 1173 καὶ
1231 1118 1377 1188 ζωὴν
1409 1116 1654 1176 αἰώνιον.

1001 1329 1184 1388 MHNI
1223 1331 1317 1386 To
1352 1332 1550 1399 Am,

1258 1419 1298 1488 ξ

453 1509 517 1564 Ἡ
579 1508 1001 1587 μιταμόριρωσις
1057 1511 1155 1563 τοῦ
1222 1505 1424 1594 Κυρίου
1491 1509 1652 1581 ἡμῶν
1722 1507 1900 1578 Ἰησοῦ
1961 1511 2103 1582 Χρι-

1201 1600 1350 1638 στου.

525 1685 755 1756 Ἐπειδὴ
786 1685 975 1744 πολλά
1003 1688 1128 1762 περί
1157 1684 1418 1742 κινδύνων
1471 1685 1562 1742 καί
1617 1707 1776 1741 τινων
1837 1685 2098 1760 λυπηρῶν

457 1777 484 1831 ὁ
513 1778 743 1847 Χριστὸς
771 1778 910 1852 πρὸς
938 1777 1068 1839 τοὺς
1116 1778 1362 1850 μαθητὰς
1411 1773 1696 1851 διελέχθη⁶
1754 1776 1842 1830 καὶ
1891 1775 1957 1830 τά
2007 1776 2102 1848 μὲν

2211 598 2424 637 norum
2456 589 2696 638 centum
2727 600 2793 640 ac
2826 585 3145 655 decem),in
3163 603 3460 642 carcerem
3484 587 3854 644 detruditur:

2211 672 2366 727 unde
2398 672 2627 744 aliquot
2655 679 2784 744 post
2807 674 3015 729 diebus
3040 676 3854 743 oductus,etiterumincon-

2213 767 2481 832 spectum
2504 770 2786 834 apostatae
2817 765 3158 835 productus,
3177 767 3646 836 compellebatur
3659 768 3859 823 Chris-

2214 856 2338 904 tum
2357 851 2674 924 abnegare,
2709 859 2768 907 et
2798 853 2975 908 idolis
2999 854 3355 910 sacriﬁcare.
3393 855 3502 911 Sed
3527 873 3660 912 cum
3696 857 3768 912 ad
3801 859 3860 912 id

2216 939 2415 994 induci
2446 957 2566 995 non
2600 948 2822 1012 posset,
2883 943 3027 1013 quin
3085 945 3282 1014 potius
3314 951 3630 1015 tyrannum
3657 964 3863 1002 rursus

2217 1027 2574 1100 increparet,
2605 1030 2802 1102 gladio
2835 1037 3012 1103 caput
3041 1033 3093 1086 ei
3133 1040 3476 1104 amputatur
3505 1051 3518 1088 :
3573 1042 3749 1105 atque
3781 1037 3861 1091 ita

2215 1117 2488 1184 decessit,
2568 1137 2847 1176 coronam
2904 1121 3483 1191 immarcescibilem,
3558 1125 3855 1196 vitamque

2213 1213 2495 1262 aeternam
2525 1207 2794 1281 adeptus.

2756 1327 2995 1382 EODEM
3042 1329 3187 1383 MEN
3193 1328 3294 1387 SE.

2896 1428 2999 1484 Die
3051 1434 3215 1484 sexta

2282 1527 2434 1583 194
2470 1529 2906 1600 Transﬂguratio
2937 1532 3158 1586 Domini
3184 1533 3363 1587 nostri
3396 1533 3522 1587 Jesu
3553 1531 3775 1589 Christi.

2278 1695 2598 1764 Postquam
2629 1693 2817 1749 multa
2848 1693 2918 1749 de
2950 1694 3251 1765 periculis,
3289 1694 3541 1764 aliisque
3584 1694 3849 1749 molestis

2211 1783 2386 1839 rebus
2408 1784 2481 1840 ad
2515 1784 2839 1857 discipulos
2872 1803 3009 1841 suos
3059 1787 3328 1841 Christus
3361 1787 3762 1853 disseruisset,
3796 1790 3855 1838 et

453 1865 586 1934 ἦσαν
621 1862 672 1918 έν
716 1869 795 1937 τῷ
853 1863 1080 1939 παρόντι
1142 1863 1268 1939 βίῳ,
1326 1865 1393 1918 τά
1451 1862 1508 1918 δὲ
1563 1863 1737 1939 ἀγαθὰ
1793 1861 1843 1918 ἓν
1897 1863 2092 1935 ἐλπίσι1

2212 1874 2591 1946 haecquidem
2625 1877 2831 1931 essein
2863 1877 3140 1949 praesenti
3172 1876 3481 1943 vita,bona
3510 1893 3642 1932 vero
3667 1877 3726 1930 in
3748 1893 3850 1947 spe

457 1951 798 2027 βουλόμενος
856 1951 1056 2016 αὐτοὺς
1110 1951 1556 2029 πληροφορῆσαι,
1633 1951 1725 2007 καί
1777 1949 1967 2022 δεῖξαι,
2023 1953 2106 2015 τίς

453 2041 660 2111 ἐστινὴ
695 2039 822 2112 δόξα
874 2041 1074 2112 ἐκείνη,
1130 2043 1248 2114 μεθ’
1307 2041 1374 2110 ἦς
1436 2037 1627 2114 μέλλει
1687 2043 2101 2118 παραγενέσθαι,

452 2128 704 2208 ἀναιρέρει
736 2129 935 2192 αὐτοὺς
967 2129 1044 2192 εἲς
1077 2125 1204 2203 ὅρος
1241 2129 1451 2204 ὑψηλὸν
1484 2131 1601 2184 κατ’
1631 2127 1793 2200 ἰδίαν,
1823 2130 1914 2184 καὶ
1949 2151 2102 2203 μετε-

453 2221 722 2296 μορφώθη
756 2214 1059 2293 ἔμπροσθεν
1093 2219 1302 2289 αὐτῶν,
1328 2220 1418 2274 καὶ
1475 2216 1714 2292 ἔλαμψεν
1762 2219 1824 2273 τὸ
1872 2221 2098 2293 πρόσω-

448 2331 548 2364 πον
581 2308 747 2364 αὐτοῦ
809 2310 881 2371 ὡς
914 2311 941 2364 ὁ
972 2309 1159 2381 ἣλιος,
1203 2309 1270 2364 τὰ
1318 2307 1375 2365 δὲ
1426 2310 1618 2382 ἱμάτια
1668 2307 1832 2364 αὐτοῦ
1891 2309 2098 2384 ἐγένετο

448 2397 696 2474 λαμπρὰ,
731 2400 806 2462 ὡς
837 2401 899 2453 τὸ
951 2403 1085 2478 φῶς.
1133 2400 1238 2456 Καὶ
1291 2394 1548 2476 ὤφθησαν
1603 2399 1789 2460 αὐτοῖς
1838 2406 2094 2469 Μωυσῆς,

443 2489 534 2543 καὶ
563 2487 756 2551 Ἠλίας
812 2492 928 2562 μετ’
987 2488 1152 2543 αὐτοῦ
1202 2487 1626 2551 συλλαλοῦντες.
1672 2488 1807 2551 Τοὺς
1864 2493 2007 2564 τρεῖς
2039 2486 2096 2542 δὲ

449 2577 646 2650 μόνους
682 2581 792 2632 τῶν
851 2575 1038 2633 ἄλλων
1094 2573 1514 2654 παραλαμϐάνει
1573 2577 1648 2640 ὡς
1706 2578 2091 2652 ὑπερέχοντας·

447 2669 682 2737 Μωυσῆς
717 2665 775 2721 δὲ
803 2668 894 2722 καὶ
952 2665 1147 2723 Ἠλίαν
1207 2673 1282 2730 εἰς
1337 2667 1498 2740 μέσον
1557 2667 1810 2743 παράγει,
1862 2668 1958 2729 τὰς
2017 2665 2093 2728 εἷς

449 2758 606 2811 αυτὸν
637 2757 736 2811 οὐκ
761 2756 924 2832 ὀρθὰς
959 2756 1214 2818 ὑπονοίας
1247 2757 1393 2832 παρά
1419 2762 1538 2818 τοῖς
1577 2755 1816 2818 πολλοῖς
1865 2763 2092 2832 γινομέι

447 2866 539 2910 νας
622 2843 1028 2920 διορθούμενος.
1115 2843 1342 2914 Ἐπειδή
1402 2847 1502 2921 γάρ
1558 2865 1699 2907 τινες
1777 2847 1871 2918 μὶν
1932 2844 2090 2899 αὐτὸν

448 2933 633 2989 Ἠλίαν
663 2928 875 3009 ἔλεγον,
909 2933 1073 2990 ἄλλοι
1107 2931 1166 2989 δὲ
1193 2933 1478 3010 Ἱερεμίαν·
1525 2930 1615 2988 διὰ
1659 2938 1820 2988 τοῦτο
1864 2933 2090 2995 τούτους

449 3025 796 3095 παρέστησεν,
823 3021 916 3078 *ίνα
945 3029 1063 3086 τοῖς
1125 3024 1398 3096 μαθηταῖς
1451 3021 1597 3098 δείξῃ
1647 3023 1711 3078 τὸ
1763 3023 1923 3096 μέσον
1981 3027 2089 3077 τῶν

447 3110 661 3168 δούλων
692 3113 780 3168 καὶ
810 3117 908 3168 τοῦ
941 3113 1238 3182 Δεσπότου,
1269 3114 1360 3168 καὶ
1419 3113 1826 3190 πληροφορήσῃ
1875 3111 2088 3183 αὐτοὺς,

442 3200 526 3256 ὅτι
556 3201 648 3256 καὶ
680 3204 930 3272 θανάτου,
963 3203 1054 3258 καὶ
1089 3209 1234 3272 ζωῆς
1267 3201 1508 3276 ἐξουσίαν
1541 3200 1678 3278 ἔχει.

994 3311 1174 3366 ΜΗΝΙ
1214 3313 1296 3364 ΤΩ
1338 3313 1535 3366 ΑΥΤΩ.

1248 3402 1300 3455 Ζ.

654 3489 925 3561 ’Ἀθλησις
953 3493 1048 3546 τοῦ
1080 3490 1231 3565 ἁγίου
1267 3490 1544 3567 μάρτυρος
1574 3491 1858 3564 Δομετίου.

513 3609 778 3683 Δομέτιος
808 3610 836 3664 ὁ
865 3613 962 3664 τοῦ
991 3611 1226 3684 Χριστοῦ
1260 3611 1466 3682 μάρτυς
1498 3608 1564 3678 ἦν
1610 3609 1702 3682 μὶν
1756 3608 1843 3664 ἐπὶ
1895 3629 2093 3685 τυραν-

441 3696 587 3762 νίδος
621 3698 928 3754 Ἰουλιανοῦ
957 3702 1054 3753 τοῦ
1111 3693 1426 3774 παραϐάτου
1457 3698 1516 3753 ἐκ
1541 3703 1641 3765 τῆς
1686 3699 1873 3774 γώρας
1935 3706 2090 3773 Φρυ-

441 3789 586 3861 γίας.
619 3789 793 3858 Ὁρῶν
829 3785 886 3842 δὶ
914 3787 1042 3852 τοὺς
1087 3784 1480 3863 προκειμένους
1532 3793 1611 3860 τῷ
1651 3789 1898 3864 τυράννῳ
1947 3785 2095 3842 πολ-

443 3878 572 3941 λοὺς
612 3873 794 3944 ὄντας,
847 3876 938 3932 καὶ
999 3879 1118 3931 καθ’
1181 3877 1408 3948 ἑκάστην
1469 3877 1946 3950 προστιθεμένους,
2001 3878 2088 3932 καὶ

439 3967 808 4042 ἀρνουμένους
861 3967 954 4040 μὶν
1012 3968 1103 4021 τὸν
1183 3967 1436 4042 Χριστὸν,
1519 3971 1953 4041 προσκυνοῦντας
2036 3963 2093 4020 δὲ

437 4062 554 4118 τοῖς
588 4053 866 4125 εἰδώλοις,
910 4055 1217 4132 ἐδυσφόρει,
1275 4056 1365 4110 καὶ
1423 4056 1735 4130 ἠγανάκτει,
1795 4057 1882 4111 καὶ
1942 4055 2088 4131 λύπῃ

439 4144 627 4218 πολλῇ
661 4147 963 4218 συνείχετο.
1001 4146 1087 4201 Ἐν
1119 4148 1217 4217 μιᾷ
1249 4143 1338 4198 οὖν
1389 4149 1495 4199 τῶν
1548 4147 1770 4218 ἡμερῶν
1824 4143 2092 4221 ἷπποδρο-

442 4234 568 4308 μίας
602 4231 1054 4307 ἐπιτελουμένης,
1114 4233 1204 4288 καὶ
1252 4233 1438 4297 θυσίας
1488 4235 1935 4313 προσφερομένης
1972 4241 2089 4298 τοῖς

437 4321 763 4399 ἀκαθάρτοις
795 4320 1074 4397 δαίμοσιν,
1127 4323 1233 4398 οὐχ
1287 4324 1592 4397 ὑπέμεινεν·
1649 4323 1795 4379 ἀλλά
1841 4323 2090 4395 ζηλώσας

441 4413 594 4484 ζήλῳ
627 4416 810 4484 θεῖκῷ,
862 4409 989 4483 ἔστη
1052 4413 1214 4485 μέσον
1275 4416 1372 4468 τοῦ
1429 4414 1676 4488 θεάτρου,
1734 4413 1822 4469 καὶ
1881 4413 2089 4488 μεγάλῃ

437 4507 592 4579 φωνῇ
625 4504 717 4558 τόν
749 4523 807 4558 τε
846 4504 1154 4575 ἀποστάτην
1217 4503 1513 4560 Ἰουλιανὸν
1571 4505 1940 4578 ἀνεθεμάτισε,
1998 4508 2086 4560 καί

2215 1966 2801 2034 afﬁrmasset,volens
2834 1967 2906 2021 iis
2937 1966 3368 2032 demonstrare,
3402 1983 3679 2038 quaenam
3696 1970 3853 2021 esset

2212 2054 2316 2110 illa
2335 2055 2542 2127 gloria,
2565 2072 2700 2111 cum
2732 2072 2848 2127 qua
2877 2062 3158 2111 venturus
3194 2062 3338 2122 erat,
3399 2056 3720 2127 assumpsit
3751 2072 3851 2110 eos

2211 2144 2269 2198 in
2303 2151 2567 2200 montem
2599 2145 2896 2200 excelsum
2914 2151 3270 2211 seorsum,et
3290 2145 3742 2218 transﬁguratus
3763 2149 3854 2198 est

2209 2250 2409 2288 coram
2443 2235 2564 2289 eis:
2600 2239 2657 2288 et
2688 2234 3060 2306 resplenduit
3110 2234 3290 2290 facies
3350 2236 3478 2305 ejus
3529 2234 3682 2288 sicut
3739 2232 3850 2301 sol,

2206 2323 2556 2378 vestimenta
2578 2329 2773 2378 autem
2799 2324 2927 2394 ejus
2955 2323 3111 2378 facta
3131 2328 3269 2378 sunt
3299 2323 3611 2394 splendida
3642 2327 3707 2376 ut
3726 2321 3848 2376 lux.

2206 2413 2274 2466 Et
2303 2418 2708 2484 apparuerunt
2738 2412 2857 2466 illis
2889 2414 3114 2484 Moyses
3172 2418 3231 2467 et
3280 2413 3458 2480 Elias,
3491 2429 3625 2468 cum
3658 2429 3727 2467 eo
3757 2411 3848 2466 lo-

2205 2509 2476 2573 quentes.
2501 2504 2640 2557 Tres
2684 2509 2880 2558 autem
2941 2508 3171 2557 tantum
3221 2519 3291 2558 ex
3329 2502 3452 2557 illis
3505 2501 3846 2573 assumpsit,

2203 2596 2488 2662 tanquam
2522 2591 2991 2647 excellentiores.
3027 2594 3282 2664 Moysem
3312 2609 3448 2648 vero
3481 2597 3540 2646 et
3569 2591 3754 2647 Eliam
3787 2591 3848 2644 in

2203 2681 2466 2735 medium
2497 2681 2792 2751 produxit,
2826 2687 2890 2734 ut
2919 2681 3117 2736 minus
3138 2688 3329 2736 rectas
3359 2683 3849 2752 opiniones,quas

2203 2770 2377 2824 multi
2409 2770 2480 2824 de
2525 2785 2588 2824 se
2645 2769 2963 2836 habebant,
3022 2770 3366 2842 corrigeret.
3408 2773 3550 2824 Nam
3601 2771 3842 2841 quidam

2204 2859 2396 2930 ipsum
2430 2858 2616 2912 Ellam
2676 2857 2974 2924 dicebant,
3007 2858 3108 2912 alii
3146 2859 3501 2913 Jeremiam:
3535 2865 3712 2929 atque
3745 2859 3842 2912 id-

2201 2947 2357 3002 circo
2383 2946 2526 3001 istos
2558 2945 2822 3013 adduxit,
2854 2951 2918 2999 ut
2965 2946 3273 3016 discipulis
3329 2947 3690 3012 ostenderet,
3724 2946 3844 3000 dis-

2202 3035 2430 3090 crimen
2486 3051 2615 3090 esse
2657 3035 2814 3089 inter
2859 3050 3058 3089 servos
3116 3041 3173 3089 et
3225 3035 3540 3089 Dominum
3584 3053 3597 3102 ;
3640 3035 3844 3106 eisque

2199 3123 2602 3196 persuaderet,
2663 3140 2724 3179 se
2781 3123 2990 3178 mortis
3042 3123 3291 3196 vitasque
3339 3129 3695 3196 potestatem
3737 3124 3842 3180 ha-

2123 3223 2172 3290 c
2200 3213 2360 3270 bere.

2756 3313 2998 3369 EODEM
3035 3313 3286 3370 MENSE.

2832 3404 2932 3459 Die
2974 3405 3226 3475 septima

2470 3493 2756 3548 Certamen
2802 3495 2983 3548 sancti
3021 3495 3258 3548 Dometii
3284 3498 3570 3564 martyris.

2269 3610 2486 3680 Martyr
2517 3609 2733 3664 Christi
2765 3607 3090 3674 Dometius,
3125 3611 3500 3680 tyrannidem
3531 3616 3844 3666 exercente

2197 3697 2432 3752 Iuliano
2465 3700 2854 3768 Apostata,ex
2882 3695 3122 3768 regione
3155 3697 3421 3768 Phrygiae
3447 3698 3578 3751 fuit.
3629 3699 3842 3752 Vidcns

2199 3793 2397 3842 autem
2431 3786 2765 3856 complures
2798 3792 3049 3857 tyranno
3070 3802 3298 3841 morem
3319 3793 3610 3858 gerere,et
3635 3787 3696 3841 in
3719 3788 3845 3842 dies

2200 3877 2400 3950 augeri
2434 3892 2637 3931 eorum
2665 3890 3003 3942 numerum,
3037 3875 3132 3946 qui
3169 3875 3466 3931 Christum
3517 3877 3842 3947 ejurarent,

2198 3973 2257 4021 et
2285 3964 2446 4020 idola
2471 3964 2772 4031 colerent;
2806 3963 3132 4019 molesleid
3164 3965 3406 4032 ferebat,
3441 3966 3639 4020 animo
3655 3982 3842 4039 ange-

2199 4055 2391 4124 batur,
2426 4071 2776 4126 summaque
2838 4055 3077 4110 tristitia
3136 4055 3525 4111 afficiebatur.
3577 4056 3839 4121 Quadam

2199 4145 2378 4218 igitur
2407 4144 2501 4199 die
2533 4161 2667 4199 cum
2690 4142 2814 4198 ludi
2849 4143 3144 4199 circenses
3169 4145 3839 4202 ﬁerent.etsacrillcium

2199 4234 2524 4290 immundis
2541 4234 2854 4289 daemoniis
2867 4234 3266 4298 oll‘erretur,id
3285 4236 3535 4292 tolerare
3553 4237 3837 4308 nequivit;

2199 4325 2302 4380 sed
2333 4325 2528 4378 divino
2552 4323 2674 4378 zelo
2711 4322 3136 4390 inﬂammatus,
3161 4325 3223 4379 in
3250 4325 3511 4381 medium
3533 4333 3836 4397 spectacu-

2197 4413 2320 4466 lum
2349 4411 2648 4478 exsiliens,
2683 4410 2802 4464 alta
2832 4427 2969 4465 voce
3001 4415 3344 4482 Apostatam
3365 4413 3663 4467 lulianum
3695 4429 3837 4467 ana-

2199 4505 2612 4570 tliematizavit,
2645 4504 2794 4559 I95
2817 4503 3163 4559 idololatras
3185 4505 3575 4575 consputavit,
3601 4511 3660 4559 et
3686 4505 3835 4560 falso

435 4589 562 4651 τοὺς
597 4586 1138 4665 εἷδωλολατροῦντας
1170 4587 1470 4659 διέπτυσεν,
1502 4592 1589 4645 καὶ
1630 4590 1758 4654 τοὺς
1807 4588 2083 4665 ψευδωνύ-

2207 4595 2436 4648 nomine
2463 4591 2792 4664 appellatos
2823 4590 2964 4646 deos
2984 4593 3539 4657 risit.Quamobrem
3567 4609 3833 4664 compre-

442 4699 574 4752 μους
633 4677 787 4742 θεοὺς
841 4676 1128 4753 έχλεύασε.
1187 4680 1485 4750 Κρατηθεὶς
1569 4680 1688 4750 οὗν,
1764 4679 1855 4736 καὶ
1913 4679 2082 4741 δεθεὶς

438 4767 720 4844 ἀσφαλῶς,
753 4764 1026 4842 παρεδόθη
1055 4771 1134 4840 τῷ
1166 4765 1416 4842 ἄρχοντι·
1449 4769 1536 4822 καὶ
1569 4766 1784 4830 πολλὰς
1819 4768 2082 4843 βασάνους

439 4857 699 4927 ὑποστὰς,
729 4855 1061 4927 ἀπεκλείσθη
1096 4856 1170 4918 εἷς
1231 4856 1500 4933 φυλακήν.
1551 4857 1653 4914 Καὶ
1714 4859 1849 4931 μετὰ
1893 4857 2082 4934 ὀλίγας

433 4947 642 5021 ἡμέρας
667 4952 768 5014 τῆς
819 4943 1068 5020 φυλακῆς
1127 4939 1430 5014 ἐκϐληθεὶς,
1489 4947 1576 5000 καὶ
1636 4948 2084 5022 καταναγκασθεῖς

434 5035 767 5111 ἀρνήσασθαι
802 5036 895 5090 τὸν
927 5034 1181 5109 Χριστὸν,
1212 5038 1302 5090 καὶ
1355 5037 1430 5108 μή
1480 5037 1740 5107 πεισθεὶς,
1797 5038 1934 5116 ξίφει
1980 5041 2081 5109 τήν

433 5125 578 5200 ἱερὰν
615 5125 780 5181 αὐτοῦ
811 5124 1058 5198 κεφαλήν
1090 5125 1405 5198 ἀπετμήθη.

436 5241 540 5298 Καὶ
599 5243 634 5310 ἡ
691 5240 993 5316 ἀνάμνησις
1059 5248 1171 5320 τῆς
1246 5241 1594 5320 καταλύσεως
1667 5249 1774 5299 τῶν
1861 5249 2082 5320 Περσῶν

983 5312 1076 5366 καὶ
1104 5309 1212 5367 τῶν
1249 5309 1521 5390 Ἄδαμον.

504 5411 625 5468 Ἐπὶ
680 5418 783 5481 τῆς
845 5409 1122 5486 βασιλείας
1184 5411 1532 5487 Ἡρακλείου,
1593 5413 1847 5491 Χοσρόης
1893 5414 1921 5470 ὀ
1973 5419 2080 5470 τῶν

435 5506 651 5576 Περσῶν
707 5499 962 5575 βασιλεὺς
1023 5499 1304 5557 ἀπέστειλε
1363 5503 1665 5577 στρατηγὸν
1728 5505 1863 5576 μετά
1920 5502 2079 5559 δυνά-

438 5613 583 5666 μεως
635 5587 855 5660 πολλῆς
916 5588 1074 5649 λαοῦ.
1137 5591 1232 5645 Καὶ
1319 5593 1643 5668 κατέστρεψε
1705 5601 1878 5649 πᾶσαν
1942 5597 2083 5651 Ῥω-

439 5681 639 5755 μαϊκὴν
668 5679 971 5738 πολιτείαν.
1003 5681 1178 5737 Ἦλθε
1235 5678 1292 5736 δὲ
1334 5681 1423 5736 καὶ
1482 5683 1510 5735 ὁ
1563 5682 1724 5746 αὐτὸς
1781 5686 2080 5761 στρατηγὸς

434 5769 526 5826 καὶ
587 5771 758 5846 μέχρι
815 5766 1202 5843 Χαλκηδόνος,
1261 5768 1606 5847 βουλόμενος
1670 5779 1934 5849 κρατῆσαι
1989 5774 2079 5828 καὶ

2198 4683 2438 4748 hensus,
2491 4680 2787 4749 arctisque
2843 4679 3092 4735 vinculis
3160 4681 3534 4747 constrictus,
3593 4681 3833 4752 praesidi

2196 4773 2484 4827 traditur:
2517 4784 2770 4839 cumque
2802 4768 3078 4838 plurimis
3113 4769 3418 4840 suppliciis
3447 4776 3830 4838 tortusesset,

2194 4862 2253 4916 in
2285 4877 2584 4918 carcerem
2618 4859 2969 4930 conjicitur:
2995 4859 3151 4914 unde
3184 4861 3388 4932 paucis
3437 4867 3572 4933 post
3623 4862 3834 4918 diebus

2195 4956 2510 5017 extractus,
2540 4947 3008 5020 compellebatur
3049 4950 3347 5005 Christum
3407 4954 3660 5023 ejurare.
3722 4951 3833 5008 Sed

2192 5056 2326 5094 cum
2353 5039 2413 5094 id
2442 5039 2636 5094 facere
2668 5038 3186 5111 recusaret,gladio
3208 5057 3441 5096 sacrum
3474 5041 3636 5098 illius
3657 5049 3835 5114 caput

2193 5134 2564 5200 amputatum
2596 5127 2726 5181 iuit.

2375 5238 2442 5291 Et
2474 5237 2737 5291 memoria
2762 5235 2926 5291 cadis
2955 5237 3246 5293 Persarum
3285 5244 3336 5294 et
3358 5240 3691 5297 Abarorum.

2263 5425 2533 5482 Heraclio
2591 5426 2948 5498 imperatore
3002 5426 3307 5494 Chosroes,
3365 5429 3679 5486 Persarum
3736 5447 3840 5486 rex

2192 5515 2402 5570 ducem
2435 5516 2596 5570 misit
2624 5533 2757 5572 cum
2790 5517 2985 5589 magni
3009 5519 3300 5573 exercitus
3333 5518 3630 5587 robore,et
3654 5527 3833 5575 totam

2192 5607 2520 5660 Romanam
2552 5604 2841 5660 ditionem
2873 5606 3232 5675 devastavit;
3295 5615 3472 5679 atque
3529 5611 3653 5679 ipse
3711 5608 3830 5664 dux

2190 5695 2622 5751 Chalcedonem
2677 5712 2865 5765 usque
2914 5697 3210 5766 profectus
3243 5704 3350 5765 est,
3384 5700 3647 5770 cogitans
3669 5699 3829 5754 Con-

2191 5783 2632 5856 stantinopolim
2681 5784 2860 5840 etiam
2893 5786 2957 5840 in
2983 5790 3339 5856 potestatem
3367 5787 3657 5858 redigere.
3687 5790 3831 5846 Cum
