  <div class='ocr_page' id='page_1' title='image "/cluster/home/n/w/nwhite01/storage/ocr_20150623/117/mdp.39015038086818/295.png"; bbox 0 0 4184 6326; ppageno 0'>
   <div class='ocr_carea' id='block_1_1' title="bbox 323 361 444 422">
    <p class='ocr_par' dir='ltr' id='par_1_1' title="bbox 323 361 444 422">
     <span class='ocr_line' id='line_1_1' title="bbox 323 361 444 422; baseline 0.008 -1"><span class='ocrx_word' id='word_1_1' title='bbox 323 361 444 422; x_wconf 77' lang='lat'>575</span> 
     </span>
    </p>
   </div>
   <div class='ocr_carea' id='block_1_2' title="bbox 1551 365 2389 428">
    <p class='ocr_par' dir='ltr' id='par_1_2' title="bbox 1551 365 2389 428">
     <span class='ocr_line' id='line_1_2' title="bbox 1551 365 2389 428; baseline -0.002 0"><span class='ocrx_word' id='word_1_2' title='bbox 1551 365 1989 428; x_wconf 84' lang='lat' dir='ltr'>MENOLOGII</span> <span class='ocrx_word' id='word_1_3' title='bbox 2037 366 2234 428; x_wconf 83' lang='lat' dir='ltr'>PARS</span> <span class='ocrx_word' id='word_1_4' title='bbox 2282 365 2389 426; x_wconf 86' lang='grc' dir='ltr'>ΠΙ.</span> 
     </span>
    </p>
   </div>
   <div class='ocr_carea' id='block_1_3' title="bbox 3611 364 3732 427">
    <p class='ocr_par' dir='ltr' id='par_1_3' title="bbox 3611 364 3732 427">
     <span class='ocr_line' id='line_1_3' title="bbox 3611 364 3732 427; baseline 0.033 -5"><span class='ocrx_word' id='word_1_5' title='bbox 3611 364 3732 427; x_wconf 78' lang='lat'>576</span> 
     </span>
    </p>
   </div>
   <div class='ocr_carea' id='block_1_4' title="bbox 325 491 1972 572">
    <p class='ocr_par' dir='ltr' id='par_1_4' title="bbox 325 496 1968 572">
     <span class='ocr_line' id='line_1_4' title="bbox 325 496 1968 572; baseline 0.005 -24"><span class='ocrx_word' id='word_1_6' title='bbox 325 502 524 552; x_wconf 90' lang='lat' dir='ltr'>autem</span> <span class='ocrx_word' id='word_1_7' title='bbox 551 496 727 552; x_wconf 84' lang='lat' dir='ltr'>vellet</span> <span class='ocrx_word' id='word_1_8' title='bbox 756 496 1060 553; x_wconf 82' lang='lat' dir='ltr'>Heraclius</span> <span class='ocrx_word' id='word_1_9' title='bbox 1116 499 1324 553; x_wconf 82' lang='lat' dir='ltr'>Persas</span> <span class='ocrx_word' id='word_1_10' title='bbox 1381 497 1738 568; x_wconf 83' lang='lat' dir='ltr'>distrahere,</span> <span class='ocrx_word' id='word_1_11' title='bbox 1795 499 1968 572; x_wconf 88' lang='lat' dir='ltr'><strong>eique</strong></span> 
     </span>
    </p>
   </div>
   <div class='ocr_carea' id='block_1_5' title="bbox 2089 491 3730 572">
    <p class='ocr_par' dir='ltr' id='par_1_5' title="bbox 2089 491 3730 570">
     <span class='ocr_line' id='line_1_5' title="bbox 2089 491 3730 570; baseline -0.001 -18"><span class='ocrx_word' id='word_1_12' title='bbox 2089 503 2182 567; x_wconf 83' lang='grc' dir='ltr'>τῆς</span> <span class='ocrx_word' id='word_1_13' title='bbox 2237 493 2882 558; x_wconf 80' lang='grc' dir='ltr'>Κωνσταντινουπό)εως.</span> <span class='ocrx_word' id='word_1_14' title='bbox 2940 493 3124 552; x_wconf 81' lang='grc' dir='ltr'>Θὲλων</span> <span class='ocrx_word' id='word_1_15' title='bbox 3204 491 3263 550; x_wconf 74' lang='grc' dir='ltr'>δὶ</span> <span class='ocrx_word' id='word_1_16' title='bbox 3319 496 3349 549; x_wconf 87' lang='grc' dir='ltr'>ὁ</span> <span class='ocrx_word' id='word_1_17' title='bbox 3405 491 3730 570; x_wconf 78' lang='grc' dir='ltr'>Ἡράκλειος</span> 
     </span>
    </p>
   </div>
   <div class='ocr_carea' id='block_1_6' title="bbox 324 585 1970 658">
    <p class='ocr_par' dir='ltr' id='par_1_6' title="bbox 324 585 1970 658">
     <span class='ocr_line' id='line_1_6' title="bbox 324 585 1970 658; baseline 0.001 -17"><span class='ocrx_word' id='word_1_18' title='bbox 324 603 382 641; x_wconf 93' lang='lat' dir='ltr'>m</span> <span class='ocrx_word' id='word_1_19' title='bbox 413 586 583 642; x_wconf 85' lang='lat' dir='ltr'>litum</span> <span class='ocrx_word' id='word_1_20' title='bbox 602 587 770 658; x_wconf 88' lang='lat' dir='ltr'>copia</span> <span class='ocrx_word' id='word_1_21' title='bbox 783 603 904 643; x_wconf 92' lang='lat' dir='ltr'>non</span> <span class='ocrx_word' id='word_1_22' title='bbox 919 585 1392 654; x_wconf 88' lang='lat' dir='ltr'>adesset,relicta</span> <span class='ocrx_word' id='word_1_23' title='bbox 1407 587 1658 646; x_wconf 75' lang='lat' dir='ltr'>civitatis</span> <span class='ocrx_word' id='word_1_24' title='bbox 1683 605 1826 645; x_wconf 88' lang='lat' dir='ltr'>cura</span> <span class='ocrx_word' id='word_1_25' title='bbox 1846 588 1970 644; x_wconf 85' lang='lat' dir='ltr'>ﬂlio</span> 
     </span>
    </p>
   </div>
   <div class='ocr_carea' id='block_1_7' title="bbox 326 676 1971 748">
    <p class='ocr_par' dir='ltr' id='par_1_7' title="bbox 326 676 1971 748">
     <span class='ocr_line' id='line_1_7' title="bbox 326 676 1971 748; baseline 0.001 -16"><span class='ocrx_word' id='word_1_26' title='bbox 326 693 431 732; x_wconf 89' lang='lat' dir='ltr'>suo</span> <span class='ocrx_word' id='word_1_27' title='bbox 460 677 871 739; x_wconf 85' lang='lat' dir='ltr'>Constantino,</span> <span class='ocrx_word' id='word_1_28' title='bbox 907 676 1059 732; x_wconf 90' lang='lat' dir='ltr'>clam</span> <span class='ocrx_word' id='word_1_29' title='bbox 1089 677 1424 748; x_wconf 73' lang='lat' dir='ltr'>egreditur;</span> <span class='ocrx_word' id='word_1_30' title='bbox 1454 695 1520 734; x_wconf 87' lang='lat' dir='ltr'>ac</span> <span class='ocrx_word' id='word_1_31' title='bbox 1543 678 1735 734; x_wconf 85' lang='lat' dir='ltr'>navim</span> <span class='ocrx_word' id='word_1_32' title='bbox 1761 695 1971 734; x_wconf 85' lang='lat' dir='ltr'>ascen—</span> 
     </span>
    </p>
   </div>
   <div class='ocr_carea' id='block_1_8' title="bbox 326 765 1970 834">
    <p class='ocr_par' dir='ltr' id='par_1_8' title="bbox 326 765 1970 834">
     <span class='ocr_line' id='line_1_8' title="bbox 326 765 1970 834; baseline 0.003 -15"><span class='ocrx_word' id='word_1_33' title='bbox 326 765 584 834; x_wconf 88' lang='lat' dir='ltr'>dens,in</span> <span class='ocrx_word' id='word_1_34' title='bbox 619 767 782 821; x_wconf 81' lang='lat' dir='ltr'>Ponti</span> <span class='ocrx_word' id='word_1_35' title='bbox 809 765 1006 821; x_wconf 87' lang='lat' dir='ltr'>fauces</span> <span class='ocrx_word' id='word_1_36' title='bbox 1039 767 1249 832; x_wconf 80' lang='lat' dir='ltr'>evasit,</span> <span class='ocrx_word' id='word_1_37' title='bbox 1284 768 1480 823; x_wconf 85' lang='lat' dir='ltr'>Persis</span> <span class='ocrx_word' id='word_1_38' title='bbox 1516 768 1823 825; x_wconf 89' lang='lat' dir='ltr'>occultus:</span> <span class='ocrx_word' id='word_1_39' title='bbox 1849 768 1970 824; x_wconf 89' lang='lat' dir='ltr'>col-</span> 
     </span>
    </p>
   </div>
   <div class='ocr_carea' id='block_1_9' title="bbox 324 854 1971 932">
    <p class='ocr_par' dir='ltr' id='par_1_9' title="bbox 324 854 1971 932">
     <span class='ocr_line' id='line_1_9' title="bbox 324 854 1971 932; baseline 0.002 -24"><span class='ocrx_word' id='word_1_40' title='bbox 324 854 598 926; x_wconf 78' lang='lat' dir='ltr'>lectoque</span> <span class='ocrx_word' id='word_1_41' title='bbox 629 854 890 909; x_wconf 84' lang='lat' dir='ltr'>exercitu</span> <span class='ocrx_word' id='word_1_42' title='bbox 923 855 982 908; x_wconf 93' lang='lat' dir='ltr'>in</span> <span class='ocrx_word' id='word_1_43' title='bbox 999 854 1299 910; x_wconf 83' lang='lat' dir='ltr'>Persidem</span> <span class='ocrx_word' id='word_1_44' title='bbox 1325 856 1971 932; x_wconf 90' lang='lat' dir='ltr'>discedens,regionem</span> 
     </span>
    </p>
   </div>
   <div class='ocr_carea' id='block_1_10' title="bbox 323 944 1971 1021">
    <p class='ocr_par' dir='ltr' id='par_1_10' title="bbox 323 944 1971 1021">
     <span class='ocr_line' id='line_1_10' title="bbox 323 944 1971 1021; baseline 0.002 -21"><span class='ocrx_word' id='word_1_45' title='bbox 323 945 633 1000; x_wconf 79' lang='lat' dir='ltr'>destruxit.</span> <span class='ocrx_word' id='word_1_46' title='bbox 666 944 896 1000; x_wconf 85' lang='lat' dir='ltr'>Certior</span> <span class='ocrx_word' id='word_1_47' title='bbox 925 961 1058 999; x_wconf 88' lang='lat' dir='ltr'>vero</span> <span class='ocrx_word' id='word_1_48' title='bbox 1085 945 1274 1001; x_wconf 82' lang='lat' dir='ltr'>factus</span> <span class='ocrx_word' id='word_1_49' title='bbox 1306 946 1631 1003; x_wconf 81' lang='lat' dir='ltr'>Abarorum</span> <span class='ocrx_word' id='word_1_50' title='bbox 1671 949 1971 1021; x_wconf 87' lang='lat' dir='ltr'>princeps,</span> 
     </span>
    </p>
   </div>
   <div class='ocr_carea' id='block_1_11' title="bbox 324 1033 1974 1110">
    <p class='ocr_par' dir='ltr' id='par_1_11' title="bbox 324 1033 1974 1110">
     <span class='ocr_line' id='line_1_11' title="bbox 324 1033 1974 1110; baseline 0.003 -21"><span class='ocrx_word' id='word_1_51' title='bbox 324 1033 482 1106; x_wconf 91' lang='lat' dir='ltr'>quod</span> <span class='ocrx_word' id='word_1_52' title='bbox 513 1034 816 1088; x_wconf 89' lang='lat' dir='ltr'>Heraclius</span> <span class='ocrx_word' id='word_1_53' title='bbox 849 1035 908 1090; x_wconf 90' lang='lat' dir='ltr'>in</span> <span class='ocrx_word' id='word_1_54' title='bbox 940 1035 1181 1091; x_wconf 88' lang='lat' dir='ltr'>Perside</span> <span class='ocrx_word' id='word_1_55' title='bbox 1236 1042 1410 1102; x_wconf 88' lang='lat' dir='ltr'>esset,</span> <span class='ocrx_word' id='word_1_56' title='bbox 1444 1043 1615 1110; x_wconf 90' lang='lat' dir='ltr'>rupto</span> <span class='ocrx_word' id='word_1_57' title='bbox 1676 1039 1839 1109; x_wconf 85' lang='lat' dir='ltr'>pacis</span> <span class='ocrx_word' id='word_1_58' title='bbox 1865 1038 1974 1094; x_wconf 68' lang='lat' dir='ltr'>fae-</span> 
     </span>
    </p>
   </div>
   <div class='ocr_carea' id='block_1_12' title="bbox 324 1123 1968 1197">
    <p class='ocr_par' dir='ltr' id='par_1_12' title="bbox 324 1123 1968 1197">
     <span class='ocr_line' id='line_1_12' title="bbox 324 1123 1968 1197; baseline 0.003 -20"><span class='ocrx_word' id='word_1_59' title='bbox 324 1123 484 1184; x_wconf 84' lang='lat' dir='ltr'>dere.</span> <span class='ocrx_word' id='word_1_60' title='bbox 518 1139 707 1194; x_wconf 90' lang='lat' dir='ltr'>usque</span> <span class='ocrx_word' id='word_1_61' title='bbox 738 1123 811 1178; x_wconf 92' lang='lat' dir='ltr'>ad</span> <span class='ocrx_word' id='word_1_62' title='bbox 837 1140 1079 1179; x_wconf 80' lang='lat' dir='ltr'>auream</span> <span class='ocrx_word' id='word_1_63' title='bbox 1108 1126 1341 1181; x_wconf 85' lang='lat' dir='ltr'>Portam</span> <span class='ocrx_word' id='word_1_64' title='bbox 1376 1127 1968 1197; x_wconf 87' lang='lat' dir='ltr'>pervenit.etbellum</span> 
     </span>
    </p>
   </div>
   <div class='ocr_carea' id='block_1_13' title="bbox 325 1214 1972 1291">
    <p class='ocr_par' dir='ltr' id='par_1_13' title="bbox 325 1214 1972 1291">
     <span class='ocr_line' id='line_1_13' title="bbox 325 1214 1972 1291; baseline 0.002 -21"><span class='ocrx_word' id='word_1_65' title='bbox 325 1214 875 1270; x_wconf 89' lang='lat' dir='ltr'>intulit.0bsidione</span> <span class='ocrx_word' id='word_1_66' title='bbox 908 1215 1106 1286; x_wconf 83' lang='lat' dir='ltr'>itaque</span> <span class='ocrx_word' id='word_1_67' title='bbox 1131 1223 1288 1272; x_wconf 87' lang='lat' dir='ltr'>terra</span> <span class='ocrx_word' id='word_1_68' title='bbox 1313 1218 1582 1289; x_wconf 91' lang='lat' dir='ltr'>marique</span> <span class='ocrx_word' id='word_1_69' title='bbox 1608 1217 1749 1273; x_wconf 90' lang='lat' dir='ltr'>urbs</span> <span class='ocrx_word' id='word_1_70' title='bbox 1771 1219 1972 1291; x_wconf 86' lang='lat' dir='ltr'>cinge-</span> 
     </span>
    </p>
   </div>
   <div class='ocr_carea' id='block_1_14' title="bbox 323 1301 1973 1378">
    <p class='ocr_par' dir='ltr' id='par_1_14' title="bbox 323 1301 1973 1378">
     <span class='ocr_line' id='line_1_14' title="bbox 323 1301 1973 1378; baseline 0.003 -21"><span class='ocrx_word' id='word_1_71' title='bbox 323 1301 516 1358; x_wconf 90' lang='lat' dir='ltr'>batur.</span> <span class='ocrx_word' id='word_1_72' title='bbox 551 1305 624 1356; x_wconf 85' lang='lat' dir='ltr'>At</span> <span class='ocrx_word' id='word_1_73' title='bbox 654 1301 757 1357; x_wconf 90' lang='lat' dir='ltr'>Dei</span> <span class='ocrx_word' id='word_1_74' title='bbox 791 1302 1045 1374; x_wconf 91' lang='lat' dir='ltr'>populus</span> <span class='ocrx_word' id='word_1_75' title='bbox 1075 1310 1134 1358; x_wconf 93' lang='lat' dir='ltr'>et</span> <span class='ocrx_word' id='word_1_76' title='bbox 1164 1305 1524 1376; x_wconf 86' lang='lat' dir='ltr'>patriarcha,</span> <span class='ocrx_word' id='word_1_77' title='bbox 1557 1306 1809 1378; x_wconf 89' lang='lat' dir='ltr'>publicis</span> <span class='ocrx_word' id='word_1_78' title='bbox 1840 1323 1973 1378; x_wconf 87' lang='lat' dir='ltr'>pre-</span> 
     </span>
    </p>
   </div>
   <div class='ocr_carea' id='block_1_15' title="bbox 325 1392 1977 1459">
    <p class='ocr_par' dir='ltr' id='par_1_15' title="bbox 325 1392 1977 1459">
     <span class='ocr_line' id='line_1_15' title="bbox 325 1392 1977 1459; baseline 0.002 -11"><span class='ocrx_word' id='word_1_79' title='bbox 325 1392 493 1448; x_wconf 91' lang='lat' dir='ltr'>cibus</span> <span class='ocrx_word' id='word_1_80' title='bbox 515 1392 827 1459; x_wconf 87' lang='lat' dir='ltr'>institutis,</span> <span class='ocrx_word' id='word_1_81' title='bbox 861 1393 1348 1451; x_wconf 77' lang='lat' dir='ltr'>circumferentes</span> <span class='ocrx_word' id='word_1_82' title='bbox 1380 1398 1771 1452; x_wconf 67' lang='lat' dir='ltr'>sanctissimze</span> <span class='ocrx_word' id='word_1_83' title='bbox 1804 1397 1977 1452; x_wconf 86' lang='lat' dir='ltr'>Geni-</span> 
     </span>
    </p>
   </div>
   <div class='ocr_carea' id='block_1_16' title="bbox 325 1481 1974 1554">
    <p class='ocr_par' dir='ltr' id='par_1_16' title="bbox 325 1481 1974 1554">
     <span class='ocr_line' id='line_1_16' title="bbox 325 1481 1974 1554; baseline 0.004 -19"><span class='ocrx_word' id='word_1_84' title='bbox 325 1483 491 1536; x_wconf 89' lang='lat' dir='ltr'>tricis</span> <span class='ocrx_word' id='word_1_85' title='bbox 525 1481 623 1537; x_wconf 91' lang='lat' dir='ltr'>Dei</span> <span class='ocrx_word' id='word_1_86' title='bbox 655 1483 1206 1554; x_wconf 89' lang='lat' dir='ltr'>imaginem,hostes</span> <span class='ocrx_word' id='word_1_87' title='bbox 1233 1487 1816 1542; x_wconf 83' lang='lat' dir='ltr'>exterminarunt.Ex</span> <span class='ocrx_word' id='word_1_88' title='bbox 1836 1493 1974 1542; x_wconf 90' lang='lat' dir='ltr'>tunc</span> 
     </span>
    </p>
   </div>
   <div class='ocr_carea' id='block_1_17' title="bbox 321 1573 1972 1650">
    <p class='ocr_par' dir='ltr' id='par_1_17' title="bbox 321 1573 1972 1650">
     <span class='ocr_line' id='line_1_17' title="bbox 321 1573 1972 1650; baseline 0.003 -23"><span class='ocrx_word' id='word_1_89' title='bbox 321 1588 429 1643; x_wconf 89' lang='lat' dir='ltr'>pro</span> <span class='ocrx_word' id='word_1_90' title='bbox 458 1573 780 1645; x_wconf 81' lang='lat' dir='ltr'>gratiarum</span> <span class='ocrx_word' id='word_1_91' title='bbox 805 1575 1036 1631; x_wconf 86' lang='lat' dir='ltr'>actione</span> <span class='ocrx_word' id='word_1_92' title='bbox 1067 1575 1209 1632; x_wconf 88' lang='lat' dir='ltr'>urbs</span> <span class='ocrx_word' id='word_1_93' title='bbox 1240 1577 1360 1650; x_wconf 89' lang='lat' dir='ltr'>agit</span> <span class='ocrx_word' id='word_1_94' title='bbox 1378 1576 1723 1650; x_wconf 85' lang='lat' dir='ltr'>hujusmodi</span> <span class='ocrx_word' id='word_1_95' title='bbox 1748 1577 1972 1650; x_wconf 84' lang='lat' dir='ltr'>suppli-</span> 
     </span>
    </p>
   </div>
   <div class='ocr_carea' id='block_1_18' title="bbox 324 1663 640 1719">
    <p class='ocr_par' dir='ltr' id='par_1_18' title="bbox 324 1663 640 1719">
     <span class='ocr_line' id='line_1_18' title="bbox 324 1663 640 1719; baseline 0.003 -1"><span class='ocrx_word' id='word_1_96' title='bbox 324 1663 640 1719; x_wconf 90' lang='lat' dir='ltr'>cationem.</span> 
     </span>
    </p>
   </div>
   <div class='ocr_carea' id='block_1_19' title="bbox 392 1752 1972 1830">
    <p class='ocr_par' dir='ltr' id='par_1_19' title="bbox 392 1752 1972 1830">
     <span class='ocr_line' id='line_1_19' title="bbox 392 1752 1972 1830; baseline 0.006 -25"><span class='ocrx_word' id='word_1_97' title='bbox 392 1752 462 1806; x_wconf 90' lang='lat' dir='ltr'>Et</span> <span class='ocrx_word' id='word_1_98' title='bbox 502 1756 990 1811; x_wconf 85' lang='lat' dir='ltr'>commemoratio</span> <span class='ocrx_word' id='word_1_99' title='bbox 1058 1756 1474 1830; x_wconf 87' lang='lat' dir='ltr'>religiosarum</span> <span class='ocrx_word' id='word_1_100' title='bbox 1523 1757 1972 1830; x_wconf 89' lang='lat' dir='ltr'>imperatricum</span> 
     </span>
    </p>
   </div>
   <div class='ocr_carea' id='block_1_20' title="bbox 323 1840 988 1901">
    <p class='ocr_par' dir='ltr' id='par_1_20' title="bbox 323 1840 988 1901">
     <span class='ocr_line' id='line_1_20' title="bbox 323 1840 988 1901; baseline 0.008 -7"><span class='ocrx_word' id='word_1_101' title='bbox 323 1840 652 1898; x_wconf 83' lang='lat' dir='ltr'>Pulcheriae</span> <span class='ocrx_word' id='word_1_102' title='bbox 676 1850 736 1899; x_wconf 87' lang='lat' dir='ltr'>et</span> <span class='ocrx_word' id='word_1_103' title='bbox 766 1848 988 1901; x_wconf 88' lang='lat' dir='ltr'>lrenes.</span> 
     </span>
    </p>
   </div>
   <div class='ocr_carea' id='block_1_21' title="bbox 875 1965 1402 2022">
    <p class='ocr_par' dir='ltr' id='par_1_21' title="bbox 875 1965 1402 2022">
     <span class='ocr_line' id='line_1_21' title="bbox 875 1965 1402 2022; baseline 0.004 -2"><span class='ocrx_word' id='word_1_104' title='bbox 875 1965 1118 2020; x_wconf 84' lang='lat' dir='ltr'>EODEM</span> <span class='ocrx_word' id='word_1_105' title='bbox 1149 1965 1376 2022; x_wconf 87' lang='lat' dir='ltr'><strong>MENSE</strong></span> <span class='ocrx_word' id='word_1_106' title='bbox 1389 2005 1402 2022; x_wconf 91' lang='lat'>.</span> 
     </span>
    </p>
   </div>
   <div class='ocr_carea' id='block_1_22' title="bbox 977 2055 1318 2112">
    <p class='ocr_par' dir='ltr' id='par_1_22' title="bbox 977 2055 1318 2112">
     <span class='ocr_line' id='line_1_22' title="bbox 977 2055 1318 2112; baseline 0.006 -2"><span class='ocrx_word' id='word_1_107' title='bbox 977 2055 1083 2110; x_wconf 91' lang='lat' dir='ltr'>Die</span> <span class='ocrx_word' id='word_1_108' title='bbox 1113 2062 1318 2112; x_wconf 89' lang='lat' dir='ltr'>octava</span> 
     </span>
    </p>
   </div>
   <div class='ocr_carea' id='block_1_23' title="bbox 536 2150 1760 2227">
    <p class='ocr_par' dir='ltr' id='par_1_23' title="bbox 536 2150 1760 2227">
     <span class='ocr_line' id='line_1_23' title="bbox 536 2150 1760 2227; baseline 0.002 -20"><span class='ocrx_word' id='word_1_109' title='bbox 536 2150 690 2208; x_wconf 73' lang='lat'>190</span> <span class='ocrx_word' id='word_1_110' title='bbox 723 2153 1009 2209; x_wconf 80' lang='lat' dir='ltr'>Certamen</span> <span class='ocrx_word' id='word_1_111' title='bbox 1028 2157 1204 2211; x_wconf 79' lang='lat' dir='ltr'>sancti</span> <span class='ocrx_word' id='word_1_112' title='bbox 1233 2156 1500 2227; x_wconf 79' lang='lat' dir='ltr'>martyris</span> <span class='ocrx_word' id='word_1_113' title='bbox 1530 2156 1760 2212; x_wconf 78' lang='lat' dir='ltr'>Marini.</span> 
     </span>
    </p>
   </div>
   <div class='ocr_carea' id='block_1_24' title="bbox 397 2269 1974 2344">
    <p class='ocr_par' dir='ltr' id='par_1_24' title="bbox 397 2269 1974 2344">
     <span class='ocr_line' id='line_1_24' title="bbox 397 2269 1974 2344; baseline 0.003 -20"><span class='ocrx_word' id='word_1_114' title='bbox 397 2269 612 2325; x_wconf 88' lang='lat' dir='ltr'>Christi</span> <span class='ocrx_word' id='word_1_115' title='bbox 649 2277 873 2343; x_wconf 78' lang='lat' dir='ltr'>martyr</span> <span class='ocrx_word' id='word_1_116' title='bbox 893 2273 1173 2341; x_wconf 88' lang='lat' dir='ltr'>Marinus,</span> <span class='ocrx_word' id='word_1_117' title='bbox 1211 2273 1974 2344; x_wconf 84' lang='lat' dir='ltr'>Diocletianoimperatore,</span> 
     </span>
    </p>
   </div>
   <div class='ocr_carea' id='block_1_25' title="bbox 326 2356 1974 2418">
    <p class='ocr_par' dir='ltr' id='par_1_25' title="bbox 326 2356 1974 2418">
     <span class='ocr_line' id='line_1_25' title="bbox 326 2356 1974 2418; baseline 0.004 -8"><span class='ocrx_word' id='word_1_118' title='bbox 326 2356 440 2411; x_wconf 87' lang='lat' dir='ltr'>fuit</span> <span class='ocrx_word' id='word_1_119' title='bbox 469 2373 539 2412; x_wconf 80' lang='lat' dir='ltr'>ex</span> <span class='ocrx_word' id='word_1_120' title='bbox 565 2359 852 2415; x_wconf 88' lang='lat' dir='ltr'>Anazarbi</span> <span class='ocrx_word' id='word_1_121' title='bbox 900 2361 1154 2417; x_wconf 83' lang='lat' dir='ltr'>civitate.</span> <span class='ocrx_word' id='word_1_122' title='bbox 1188 2361 1561 2418; x_wconf 91' lang='lat' dir='ltr'>Christianus</span> <span class='ocrx_word' id='word_1_123' title='bbox 1611 2368 1809 2417; x_wconf 87' lang='lat' dir='ltr'>autem</span> <span class='ocrx_word' id='word_1_124' title='bbox 1841 2377 1974 2417; x_wconf 90' lang='lat' dir='ltr'>cum</span> 
     </span>
    </p>
   </div>
   <div class='ocr_carea' id='block_1_26' title="bbox 328 2448 1979 2521">
    <p class='ocr_par' dir='ltr' id='par_1_26' title="bbox 328 2448 1979 2521">
     <span class='ocr_line' id='line_1_26' title="bbox 328 2448 1979 2521; baseline 0.003 -20"><span class='ocrx_word' id='word_1_125' title='bbox 328 2453 504 2506; x_wconf 91' lang='lat' dir='ltr'>esset.</span> <span class='ocrx_word' id='word_1_126' title='bbox 538 2448 875 2521; x_wconf 90' lang='lat' dir='ltr'>multosque</span> <span class='ocrx_word' id='word_1_127' title='bbox 908 2468 978 2506; x_wconf 82' lang='lat' dir='ltr'>ex</span> <span class='ocrx_word' id='word_1_128' title='bbox 1009 2451 1354 2506; x_wconf 84' lang='lat' dir='ltr'>infidelibus</span> <span class='ocrx_word' id='word_1_129' title='bbox 1384 2451 1459 2507; x_wconf 89' lang='lat' dir='ltr'>ad</span> <span class='ocrx_word' id='word_1_130' title='bbox 1488 2452 1786 2507; x_wconf 86' lang='lat' dir='ltr'>Christum</span> <span class='ocrx_word' id='word_1_131' title='bbox 1800 2451 1979 2506; x_wconf 88' lang='lat' dir='ltr'>addu-</span> 
     </span>
    </p>
   </div>
   <div class='ocr_carea' id='block_1_27' title="bbox 327 2537 1975 2612">
    <p class='ocr_par' dir='ltr' id='par_1_27' title="bbox 327 2537 1975 2612">
     <span class='ocr_line' id='line_1_27' title="bbox 327 2537 1975 2612; baseline 0.002 -22"><span class='ocrx_word' id='word_1_132' title='bbox 327 2542 491 2591; x_wconf 90' lang='lat' dir='ltr'>ceret</span> <span class='ocrx_word' id='word_1_133' title='bbox 521 2544 579 2592; x_wconf 90' lang='lat' dir='ltr'>et</span> <span class='ocrx_word' id='word_1_134' title='bbox 600 2537 942 2609; x_wconf 88' lang='lat' dir='ltr'>baptizaret,</span> <span class='ocrx_word' id='word_1_135' title='bbox 975 2539 1362 2595; x_wconf 89' lang='lat' dir='ltr'>denuntiatus</span> <span class='ocrx_word' id='word_1_136' title='bbox 1412 2546 1502 2596; x_wconf 89' lang='lat' dir='ltr'>est</span> <span class='ocrx_word' id='word_1_137' title='bbox 1556 2541 1712 2612; x_wconf 88' lang='lat' dir='ltr'>apud</span> <span class='ocrx_word' id='word_1_138' title='bbox 1745 2540 1975 2612; x_wconf 83' lang='lat' dir='ltr'>Lysiam</span> 
     </span>
    </p>
   </div>
   <div class='ocr_carea' id='block_1_28' title="bbox 328 2626 1974 2701">
    <p class='ocr_par' dir='ltr' id='par_1_28' title="bbox 328 2626 1974 2701">
     <span class='ocr_line' id='line_1_28' title="bbox 328 2626 1974 2701; baseline 0.003 -22"><span class='ocrx_word' id='word_1_139' title='bbox 328 2626 712 2697; x_wconf 72' lang='lat' dir='ltr'>praefectum;</span> <span class='ocrx_word' id='word_1_140' title='bbox 745 2645 812 2684; x_wconf 92' lang='lat' dir='ltr'>ac</span> <span class='ocrx_word' id='word_1_141' title='bbox 843 2627 1141 2691; x_wconf 87' lang='lat' dir='ltr'>detentus.</span> <span class='ocrx_word' id='word_1_142' title='bbox 1175 2636 1353 2701; x_wconf 83' lang='lat' dir='ltr'>atque</span> <span class='ocrx_word' id='word_1_143' title='bbox 1387 2636 1523 2684; x_wconf 89' lang='lat' dir='ltr'>ante</span> <span class='ocrx_word' id='word_1_144' title='bbox 1563 2630 1757 2701; x_wconf 91' lang='lat' dir='ltr'>ipsum</span> <span class='ocrx_word' id='word_1_145' title='bbox 1785 2636 1974 2695; x_wconf 91' lang='lat' dir='ltr'>stans,</span> 
     </span>
    </p>
   </div>
   <div class='ocr_carea' id='block_1_29' title="bbox 323 2713 1978 2787">
    <p class='ocr_par' dir='ltr' id='par_1_29' title="bbox 323 2713 1978 2787">
     <span class='ocr_line' id='line_1_29' title="bbox 323 2713 1978 2787; baseline 0.002 -19"><span class='ocrx_word' id='word_1_146' title='bbox 323 2713 743 2787; x_wconf 89' lang='lat' dir='ltr'>Christumque</span> <span class='ocrx_word' id='word_1_147' title='bbox 774 2718 1104 2784; x_wconf 79' lang='lat' dir='ltr'>confessus,</span> <span class='ocrx_word' id='word_1_148' title='bbox 1163 2719 1412 2774; x_wconf 78' lang='lat' dir='ltr'>caeditur</span> <span class='ocrx_word' id='word_1_149' title='bbox 1456 2719 1862 2776; x_wconf 86' lang='lat' dir='ltr'>vehementer.</span> <span class='ocrx_word' id='word_1_150' title='bbox 1919 2723 1978 2772; x_wconf 91' lang='lat' dir='ltr'>et</span> 
     </span>
    </p>
   </div>
   <div class='ocr_carea' id='block_1_30' title="bbox 323 2806 1971 2880">
    <p class='ocr_par' dir='ltr' id='par_1_30' title="bbox 323 2806 1971 2880">
     <span class='ocr_line' id='line_1_30' title="bbox 323 2806 1971 2880; baseline 0.002 -21"><span class='ocrx_word' id='word_1_151' title='bbox 323 2806 482 2876; x_wconf 81' lang='lat' dir='ltr'>gravi</span> <span class='ocrx_word' id='word_1_152' title='bbox 514 2806 669 2861; x_wconf 85' lang='lat' dir='ltr'>ferro</span> <span class='ocrx_word' id='word_1_153' title='bbox 702 2807 756 2862; x_wconf 89' lang='lat' dir='ltr'>ei</span> <span class='ocrx_word' id='word_1_154' title='bbox 806 2809 1106 2880; x_wconf 90' lang='lat' dir='ltr'>imposito.</span> <span class='ocrx_word' id='word_1_155' title='bbox 1166 2810 1228 2864; x_wconf 93' lang='lat' dir='ltr'>in</span> <span class='ocrx_word' id='word_1_156' title='bbox 1280 2827 1579 2865; x_wconf 89' lang='lat' dir='ltr'>carcerem</span> <span class='ocrx_word' id='word_1_157' title='bbox 1634 2809 1971 2880; x_wconf 79' lang='lat' dir='ltr'>conjicitur.</span> 
     </span>
    </p>
   </div>
   <div class='ocr_carea' id='block_1_31' title="bbox 325 2896 1976 2972">
    <p class='ocr_par' dir='ltr' id='par_1_31' title="bbox 325 2896 1976 2972">
     <span class='ocr_line' id='line_1_31' title="bbox 325 2896 1976 2972; baseline 0.002 -23"><span class='ocrx_word' id='word_1_158' title='bbox 325 2896 616 2952; x_wconf 84' lang='lat' dir='ltr'>Postridie</span> <span class='ocrx_word' id='word_1_159' title='bbox 638 2897 708 2952; x_wconf 90' lang='lat' dir='ltr'>ad</span> <span class='ocrx_word' id='word_1_160' title='bbox 747 2901 1138 2969; x_wconf 85' lang='lat' dir='ltr'>quaestionem</span> <span class='ocrx_word' id='word_1_161' title='bbox 1168 2901 1400 2960; x_wconf 86' lang='lat' dir='ltr'>ductus.</span> <span class='ocrx_word' id='word_1_162' title='bbox 1436 2908 1793 2972; x_wconf 89' lang='lat' dir='ltr'>coactusque</span> <span class='ocrx_word' id='word_1_163' title='bbox 1816 2899 1976 2954; x_wconf 88' lang='lat' dir='ltr'>Chri-</span> 
     </span>
    </p>
   </div>
   <div class='ocr_carea' id='block_1_32' title="bbox 326 2985 1972 3059">
    <p class='ocr_par' dir='ltr' id='par_1_32' title="bbox 326 2985 1972 3059">
     <span class='ocr_line' id='line_1_32' title="bbox 326 2985 1972 3059; baseline 0.002 -19"><span class='ocrx_word' id='word_1_164' title='bbox 326 2991 481 3040; x_wconf 86' lang='lat' dir='ltr'>stum</span> <span class='ocrx_word' id='word_1_165' title='bbox 514 2985 833 3059; x_wconf 83' lang='lat' dir='ltr'>abnegare,</span> <span class='ocrx_word' id='word_1_166' title='bbox 859 2996 916 3044; x_wconf 92' lang='lat' dir='ltr'>et</span> <span class='ocrx_word' id='word_1_167' title='bbox 937 2989 1114 3044; x_wconf 90' lang='lat' dir='ltr'>idolis</span> <span class='ocrx_word' id='word_1_168' title='bbox 1148 2991 1506 3049; x_wconf 81' lang='lat' dir='ltr'>sacriﬁcare.</span> <span class='ocrx_word' id='word_1_169' title='bbox 1537 3007 1648 3045; x_wconf 92' lang='lat' dir='ltr'>nec</span> <span class='ocrx_word' id='word_1_170' title='bbox 1678 2989 1752 3044; x_wconf 90' lang='lat' dir='ltr'>ad</span> <span class='ocrx_word' id='word_1_171' title='bbox 1801 2989 1859 3044; x_wconf 89' lang='lat' dir='ltr'>id</span> <span class='ocrx_word' id='word_1_172' title='bbox 1883 2989 1972 3044; x_wconf 88' lang='lat' dir='ltr'>in-</span> 
     </span>
    </p>
   </div>
   <div class='ocr_carea' id='block_1_33' title="bbox 324 3073 1972 3150">
    <p class='ocr_par' dir='ltr' id='par_1_33' title="bbox 324 3073 1972 3150">
     <span class='ocr_line' id='line_1_33' title="bbox 324 3073 1972 3150; baseline 0.003 -23"><span class='ocrx_word' id='word_1_173' title='bbox 324 3073 556 3130; x_wconf 89' lang='lat' dir='ltr'>ductus.</span> <span class='ocrx_word' id='word_1_174' title='bbox 591 3076 840 3146; x_wconf 91' lang='lat' dir='ltr'>pedibus</span> <span class='ocrx_word' id='word_1_175' title='bbox 871 3079 1073 3133; x_wconf 82' lang='lat' dir='ltr'>fuitex</span> <span class='ocrx_word' id='word_1_176' title='bbox 1107 3080 1362 3149; x_wconf 89' lang='lat' dir='ltr'>equuleo</span> <span class='ocrx_word' id='word_1_177' title='bbox 1396 3094 1744 3150; x_wconf 90' lang='lat' dir='ltr'>suspensus,</span> <span class='ocrx_word' id='word_1_178' title='bbox 1770 3076 1972 3150; x_wconf 82' lang='lat' dir='ltr'>ﬂagel-</span> 
     </span>
    </p>
   </div>
   <div class='ocr_carea' id='block_1_34' title="bbox 322 3161 1971 3237">
    <p class='ocr_par' dir='ltr' id='par_1_34' title="bbox 322 3161 1971 3237">
     <span class='ocr_line' id='line_1_34' title="bbox 322 3161 1971 3237; baseline 0.003 -21"><span class='ocrx_word' id='word_1_179' title='bbox 322 3161 515 3232; x_wconf 90' lang='lat' dir='ltr'>lisque</span> <span class='ocrx_word' id='word_1_180' title='bbox 547 3172 830 3219; x_wconf 88' lang='lat' dir='ltr'>contusus</span> <span class='ocrx_word' id='word_1_181' title='bbox 851 3185 864 3231; x_wconf 85' lang='lat'><strong>;</strong></span> <span class='ocrx_word' id='word_1_182' title='bbox 889 3167 1263 3236; x_wconf 88' lang='lat' dir='ltr'>lampadibus</span> <span class='ocrx_word' id='word_1_183' title='bbox 1282 3167 1499 3222; x_wconf 92' lang='lat' dir='ltr'>deinde</span> <span class='ocrx_word' id='word_1_184' title='bbox 1522 3174 1971 3237; x_wconf 82' lang='lat' dir='ltr'>exustus,atque</span> 
     </span>
    </p>
   </div>
   <div class='ocr_carea' id='block_1_35' title="bbox 2079 585 3730 663">
    <p class='ocr_par' dir='ltr' id='par_1_35' title="bbox 2079 585 3730 663">
     <span class='ocr_line' id='line_1_35' title="bbox 2079 585 3730 663; baseline -0.002 -21"><span class='ocrx_word' id='word_1_185' title='bbox 2079 587 2526 661; x_wconf 75' lang='grc' dir='ltr'>ἀντιπερισπάσαι</span> <span class='ocrx_word' id='word_1_186' title='bbox 2580 585 2708 649; x_wconf 77' lang='grc' dir='ltr'>τοὺς</span> <span class='ocrx_word' id='word_1_187' title='bbox 2764 585 2992 663; x_wconf 80' lang='grc' dir='ltr'>Πὲρσας,</span> <span class='ocrx_word' id='word_1_188' title='bbox 3052 587 3190 642; x_wconf 88' lang='grc' dir='ltr'>λαοῦ</span> <span class='ocrx_word' id='word_1_189' title='bbox 3248 585 3492 661; x_wconf 85' lang='grc' dir='ltr'>ἀπορῶν,</span> <span class='ocrx_word' id='word_1_190' title='bbox 3566 605 3730 641; x_wconf 87' lang='grc' dir='ltr'>κατα-</span> 
     </span>
    </p>
   </div>
   <div class='ocr_carea' id='block_1_36' title="bbox 2079 670 3733 748">
    <p class='ocr_par' dir='ltr' id='par_1_36' title="bbox 2079 670 3733 748">
     <span class='ocr_line' id='line_1_36' title="bbox 2079 670 3733 748; baseline -0.003 -16"><span class='ocrx_word' id='word_1_191' title='bbox 2079 673 2256 732; x_wconf 86' lang='grc' dir='ltr'>λιπὼν</span> <span class='ocrx_word' id='word_1_192' title='bbox 2286 677 2386 745; x_wconf 79' lang='grc' dir='ltr'>τήν</span> <span class='ocrx_word' id='word_1_193' title='bbox 2418 675 2582 732; x_wconf 85' lang='grc' dir='ltr'>πόλιν</span> <span class='ocrx_word' id='word_1_194' title='bbox 2607 680 2688 748; x_wconf 79' lang='grc' dir='ltr'>τῷ</span> <span class='ocrx_word' id='word_1_195' title='bbox 2718 675 2822 747; x_wconf 79' lang='grc' dir='ltr'>υἱῷ</span> <span class='ocrx_word' id='word_1_196' title='bbox 2854 674 3018 730; x_wconf 79' lang='grc' dir='ltr'>αὐτοῦ</span> <span class='ocrx_word' id='word_1_197' title='bbox 3072 675 3486 746; x_wconf 83' lang='grc' dir='ltr'>Κωνσταντίνῳ,</span> <span class='ocrx_word' id='word_1_198' title='bbox 3527 670 3733 744; x_wconf 73' lang='grc' dir='ltr'>¹ἐξῆλθε</span> 
     </span>
    </p>
   </div>
   <div class='ocr_carea' id='block_1_37' title="bbox 2079 761 3729 842">
    <p class='ocr_par' dir='ltr' id='par_1_37' title="bbox 2079 761 3729 842">
     <span class='ocr_line' id='line_1_37' title="bbox 2079 761 3729 842; baseline -0.002 -23"><span class='ocrx_word' id='word_1_199' title='bbox 2079 762 2274 842; x_wconf 86' lang='grc' dir='ltr'>λάθρα,</span> <span class='ocrx_word' id='word_1_200' title='bbox 2306 765 2396 822; x_wconf 78' lang='grc' dir='ltr'>καὶ</span> <span class='ocrx_word' id='word_1_201' title='bbox 2429 761 2602 840; x_wconf 76' lang='grc' dir='ltr'>ἐμϐὰς</span> <span class='ocrx_word' id='word_1_202' title='bbox 2647 764 2724 828; x_wconf 84' lang='grc' dir='ltr'>είς</span> <span class='ocrx_word' id='word_1_203' title='bbox 2773 764 3000 834; x_wconf 85' lang='grc' dir='ltr'>πλοῖον,</span> <span class='ocrx_word' id='word_1_204' title='bbox 3054 765 3116 820; x_wconf 88' lang='grc' dir='ltr'>τὸ</span> <span class='ocrx_word' id='word_1_205' title='bbox 3152 765 3336 820; x_wconf 85' lang='grc' dir='ltr'>στενὸν</span> <span class='ocrx_word' id='word_1_206' title='bbox 3380 761 3729 841; x_wconf 59' lang='grc' dir='ltr'>ἀναδραμὼν,</span> 
     </span>
    </p>
   </div>
   <div class='ocr_carea' id='block_1_38' title="bbox 2079 851 3730 932">
    <p class='ocr_par' dir='ltr' id='par_1_38' title="bbox 2079 851 3730 932">
     <span class='ocr_line' id='line_1_38' title="bbox 2079 851 3730 932; baseline -0.004 -20"><span class='ocrx_word' id='word_1_207' title='bbox 2079 852 2241 912; x_wconf 82' lang='grc' dir='ltr'>ἔλαθε</span> <span class='ocrx_word' id='word_1_208' title='bbox 2292 855 2423 919; x_wconf 73' lang='grc' dir='ltr'>τοὺς</span> <span class='ocrx_word' id='word_1_209' title='bbox 2481 861 2709 928; x_wconf 86' lang='grc' dir='ltr'>Περσας,</span> <span class='ocrx_word' id='word_1_210' title='bbox 2768 856 2855 910; x_wconf 83' lang='grc' dir='ltr'>καὶ</span> <span class='ocrx_word' id='word_1_211' title='bbox 2918 857 3227 932; x_wconf 87' lang='grc' dir='ltr'>συναγαγὼν</span> <span class='ocrx_word' id='word_1_212' title='bbox 3289 853 3443 918; x_wconf 79' lang='grc' dir='ltr'>λαὸν,</span> <span class='ocrx_word' id='word_1_213' title='bbox 3505 852 3596 908; x_wconf 84' lang='grc' dir='ltr'>καὶ</span> <span class='ocrx_word' id='word_1_214' title='bbox 3655 851 3730 907; x_wconf 81' lang='grc' dir='ltr'>είς</span> 
     </span>
    </p>
   </div>
   <div class='ocr_carea' id='block_1_39' title="bbox 2079 939 3731 1021">
    <p class='ocr_par' dir='ltr' id='par_1_39' title="bbox 2079 939 3731 1021">
     <span class='ocr_line' id='line_1_39' title="bbox 2079 939 3731 1021; baseline -0.003 -21"><span class='ocrx_word' id='word_1_215' title='bbox 2079 941 2314 1020; x_wconf 75' lang='grc' dir='ltr'>Περσίδα</span> <span class='ocrx_word' id='word_1_216' title='bbox 2347 943 2619 1017; x_wconf 79' lang='grc' dir='ltr'>ἀπελθὼν,</span> <span class='ocrx_word' id='word_1_217' title='bbox 2674 943 2904 1021; x_wconf 75' lang='grc' dir='ltr'>ἠφάνιζε</span> <span class='ocrx_word' id='word_1_218' title='bbox 2950 945 3049 1013; x_wconf 75' lang='grc' dir='ltr'>τὴν</span> <span class='ocrx_word' id='word_1_219' title='bbox 3103 943 3313 1018; x_wconf 84' lang='grc' dir='ltr'>χώραν.</span> <span class='ocrx_word' id='word_1_220' title='bbox 3370 941 3565 998; x_wconf 79' lang='grc' dir='ltr'>Μαθὼν</span> <span class='ocrx_word' id='word_1_221' title='bbox 3619 939 3731 996; x_wconf 82' lang='grc' dir='ltr'>δὲὸ</span> 
     </span>
    </p>
   </div>
   <div class='ocr_carea' id='block_1_40' title="bbox 2076 1029 3728 1112">
    <p class='ocr_par' dir='ltr' id='par_1_40' title="bbox 2076 1029 3728 1112">
     <span class='ocr_line' id='line_1_40' title="bbox 2076 1029 3728 1112; baseline -0.004 -19"><span class='ocrx_word' id='word_1_222' title='bbox 2076 1042 2185 1093; x_wconf 90' lang='grc' dir='ltr'>τῶν</span> <span class='ocrx_word' id='word_1_223' title='bbox 2219 1032 2470 1112; x_wconf 75' lang='grc' dir='ltr'>Ἀϐάρων</span> <span class='ocrx_word' id='word_1_224' title='bbox 2521 1033 2711 1112; x_wconf 73' lang='grc' dir='ltr'>ἅρχων</span> <span class='ocrx_word' id='word_1_225' title='bbox 2767 1037 2858 1092; x_wconf 86' lang='grc' dir='ltr'>τὸν</span> <span class='ocrx_word' id='word_1_226' title='bbox 2910 1033 3233 1112; x_wconf 82' lang='grc' dir='ltr'>Ἡράκλειον</span> <span class='ocrx_word' id='word_1_227' title='bbox 3278 1033 3331 1090; x_wconf 83' lang='grc' dir='ltr'>ἐν</span> <span class='ocrx_word' id='word_1_228' title='bbox 3381 1036 3449 1106; x_wconf 82' lang='grc' dir='ltr'>τῇ</span> <span class='ocrx_word' id='word_1_229' title='bbox 3513 1029 3728 1108; x_wconf 91' lang='grc' dir='ltr'>Περσίδι</span> 
     </span>
    </p>
   </div>
   <div class='ocr_carea' id='block_1_41' title="bbox 2080 1121 3725 1201">
    <p class='ocr_par' dir='ltr' id='par_1_41' title="bbox 2080 1121 3725 1201">
     <span class='ocr_line' id='line_1_41' title="bbox 2080 1121 3725 1201; baseline -0.003 -19"><span class='ocrx_word' id='word_1_230' title='bbox 2080 1123 2225 1197; x_wconf 74' lang='grc' dir='ltr'>ὄντα,</span> <span class='ocrx_word' id='word_1_231' title='bbox 2260 1125 2427 1189; x_wconf 84' lang='grc' dir='ltr'>λύσας</span> <span class='ocrx_word' id='word_1_232' title='bbox 2457 1128 2557 1198; x_wconf 73' lang='grc' dir='ltr'>τὴν</span> <span class='ocrx_word' id='word_1_233' title='bbox 2613 1127 2860 1201; x_wconf 81' lang='grc' dir='ltr'>εἰρήνην,</span> <span class='ocrx_word' id='word_1_234' title='bbox 2912 1124 3051 1195; x_wconf 78' lang='grc' dir='ltr'>ἦλθε</span> <span class='ocrx_word' id='word_1_235' title='bbox 3102 1127 3269 1201; x_wconf 72' lang='grc' dir='ltr'>μέχρι</span> <span class='ocrx_word' id='word_1_236' title='bbox 3316 1132 3416 1194; x_wconf 81' lang='grc' dir='ltr'>τῆς</span> <span class='ocrx_word' id='word_1_237' title='bbox 3463 1121 3725 1198; x_wconf 84' lang='grc' dir='ltr'>Χρυσείας</span> 
     </span>
    </p>
   </div>
   <div class='ocr_carea' id='block_1_42' title="bbox 2082 1210 3724 1291">
    <p class='ocr_par' dir='ltr' id='par_1_42' title="bbox 2082 1210 3724 1291">
     <span class='ocr_line' id='line_1_42' title="bbox 2082 1210 3724 1291; baseline -0.003 -19"><span class='ocrx_word' id='word_1_238' title='bbox 2082 1218 2320 1291; x_wconf 83' lang='grc' dir='ltr'>ΙΙόρτης,</span> <span class='ocrx_word' id='word_1_239' title='bbox 2379 1217 2471 1272; x_wconf 84' lang='grc' dir='ltr'>καὶ</span> <span class='ocrx_word' id='word_1_240' title='bbox 2534 1215 2817 1289; x_wconf 76' lang='grc' dir='ltr'>ἐπολέμει.</span> <span class='ocrx_word' id='word_1_241' title='bbox 2875 1213 3294 1290; x_wconf 81' lang='grc' dir='ltr'>Ἐπολιορκεῖτο</span> <span class='ocrx_word' id='word_1_242' title='bbox 3353 1211 3510 1282; x_wconf 66' lang='grc' dir='ltr'>οῦνὴ</span> <span class='ocrx_word' id='word_1_243' title='bbox 3561 1210 3724 1274; x_wconf 78' lang='grc' dir='ltr'>πόλις</span> 
     </span>
    </p>
   </div>
   <div class='ocr_carea' id='block_1_43' title="bbox 2082 1301 3728 1381">
    <p class='ocr_par' dir='ltr' id='par_1_43' title="bbox 2082 1301 3728 1381">
     <span class='ocr_line' id='line_1_43' title="bbox 2082 1301 3728 1381; baseline -0.004 -21"><span class='ocrx_word' id='word_1_244' title='bbox 2082 1303 2170 1360; x_wconf 90' lang='grc' dir='ltr'>διά</span> <span class='ocrx_word' id='word_1_245' title='bbox 2212 1327 2270 1361; x_wconf 88' lang='grc' dir='ltr'>τε</span> <span class='ocrx_word' id='word_1_246' title='bbox 2313 1309 2418 1381; x_wconf 77' lang='grc' dir='ltr'>γῆς</span> <span class='ocrx_word' id='word_1_247' title='bbox 2477 1305 2566 1360; x_wconf 85' lang='grc' dir='ltr'>καὶ</span> <span class='ocrx_word' id='word_1_248' title='bbox 2628 1303 2922 1374; x_wconf 77' lang='grc' dir='ltr'>Θαλάσσης.</span> <span class='ocrx_word' id='word_1_249' title='bbox 2985 1303 3165 1362; x_wconf 76' lang='grc' dir='ltr'>’Δλλα</span> <span class='ocrx_word' id='word_1_250' title='bbox 3223 1301 3542 1363; x_wconf 81' lang='grc' dir='ltr'>λιτανεύσας</span> <span class='ocrx_word' id='word_1_251' title='bbox 3575 1301 3728 1355; x_wconf 85' lang='grc' dir='ltr'>ὁτοῦ</span> 
     </span>
    </p>
   </div>
   <div class='ocr_carea' id='block_1_44' title="bbox 2081 1389 3728 1469">
    <p class='ocr_par' dir='ltr' id='par_1_44' title="bbox 2081 1389 3728 1469">
     <span class='ocr_line' id='line_1_44' title="bbox 2081 1389 3728 1469; baseline -0.006 -17"><span class='ocrx_word' id='word_1_252' title='bbox 2081 1399 2214 1453; x_wconf 89' lang='grc' dir='ltr'>Θεοῦ</span> <span class='ocrx_word' id='word_1_253' title='bbox 2271 1395 2428 1463; x_wconf 85' lang='grc' dir='ltr'>λαὸς,</span> <span class='ocrx_word' id='word_1_254' title='bbox 2475 1393 2565 1450; x_wconf 84' lang='grc' dir='ltr'>καὶ</span> <span class='ocrx_word' id='word_1_255' title='bbox 2597 1395 2625 1450; x_wconf 93' lang='grc' dir='ltr'>ὁ</span> <span class='ocrx_word' id='word_1_256' title='bbox 2658 1395 3032 1469; x_wconf 81' lang='grc' dir='ltr'>πατριάρχης,</span> <span class='ocrx_word' id='word_1_257' title='bbox 3095 1393 3452 1468; x_wconf 82' lang='grc' dir='ltr'>βαστάζοντες</span> <span class='ocrx_word' id='word_1_258' title='bbox 3505 1390 3603 1460; x_wconf 80' lang='grc' dir='ltr'>τήν</span> <span class='ocrx_word' id='word_1_259' title='bbox 3654 1389 3728 1444; x_wconf 79' lang='grc' dir='ltr'>εἰ·</span> 
     </span>
    </p>
   </div>
   <div class='ocr_carea' id='block_1_45' title="bbox 2080 1478 3730 1560">
    <p class='ocr_par' dir='ltr' id='par_1_45' title="bbox 2080 1478 3730 1560">
     <span class='ocr_line' id='line_1_45' title="bbox 2080 1478 3730 1560; baseline -0.005 -18"><span class='ocrx_word' id='word_1_260' title='bbox 2080 1487 2212 1542; x_wconf 86' lang='grc' dir='ltr'>κόνα</span> <span class='ocrx_word' id='word_1_261' title='bbox 2242 1493 2340 1556; x_wconf 79' lang='grc' dir='ltr'>τῆς</span> <span class='ocrx_word' id='word_1_262' title='bbox 2397 1484 2693 1560; x_wconf 81' lang='grc' dir='ltr'>ὑπεραγίας</span> <span class='ocrx_word' id='word_1_263' title='bbox 2749 1478 3038 1552; x_wconf 82' lang='grc' dir='ltr'>Θεοτὸκου,</span> <span class='ocrx_word' id='word_1_264' title='bbox 3096 1483 3327 1556; x_wconf 72' lang='grc' dir='ltr'>ἠφάνισε</span> <span class='ocrx_word' id='word_1_265' title='bbox 3379 1479 3510 1544; x_wconf 79' lang='grc' dir='ltr'>τοὺς</span> <span class='ocrx_word' id='word_1_266' title='bbox 3559 1479 3730 1536; x_wconf 88' lang='grc' dir='ltr'>πολε-</span> 
     </span>
    </p>
   </div>
   <div class='ocr_carea' id='block_1_46' title="bbox 2085 1567 3732 1650">
    <p class='ocr_par' dir='ltr' id='par_1_46' title="bbox 2085 1567 3732 1650">
     <span class='ocr_line' id='line_1_46' title="bbox 2085 1567 3732 1650; baseline -0.003 -21"><span class='ocrx_word' id='word_1_267' title='bbox 2085 1575 2262 1650; x_wconf 86' lang='grc' dir='ltr'>μίους.</span> <span class='ocrx_word' id='word_1_268' title='bbox 2319 1577 2552 1632; x_wconf 85' lang='grc' dir='ltr'>’Έκτοτε</span> <span class='ocrx_word' id='word_1_269' title='bbox 2609 1572 2666 1628; x_wconf 71' lang='grc' dir='ltr'>δὲ</span> <span class='ocrx_word' id='word_1_270' title='bbox 2722 1574 3122 1649; x_wconf 81' lang='grc' dir='ltr'>εὖχαριστοῦσα</span> <span class='ocrx_word' id='word_1_271' title='bbox 3173 1573 3209 1642; x_wconf 72' lang='grc' dir='ltr'>ἡ</span> <span class='ocrx_word' id='word_1_272' title='bbox 3267 1568 3432 1632; x_wconf 87' lang='grc' dir='ltr'>πόλις</span> <span class='ocrx_word' id='word_1_273' title='bbox 3488 1567 3732 1626; x_wconf 73' lang='grc' dir='ltr'>ἐπιτελεῖ</span> 
     </span>
    </p>
   </div>
   <div class='ocr_carea' id='block_1_47' title="bbox 2079 1663 2676 1736">
    <p class='ocr_par' dir='ltr' id='par_1_47' title="bbox 2079 1663 2676 1736">
     <span class='ocr_line' id='line_1_47' title="bbox 2079 1663 2676 1736; baseline 0 -15"><span class='ocrx_word' id='word_1_274' title='bbox 2079 1667 2179 1736; x_wconf 75' lang='grc' dir='ltr'>τὴν</span> <span class='ocrx_word' id='word_1_275' title='bbox 2206 1665 2464 1736; x_wconf 69' lang='grc' dir='ltr'>τοιαύτην</span> <span class='ocrx_word' id='word_1_276' title='bbox 2494 1663 2676 1736; x_wconf 79' lang='grc' dir='ltr'>λιτήν.</span> 
     </span>
    </p>
   </div>
   <div class='ocr_carea' id='block_1_48' title="bbox 2153 1746 3728 1830">
    <p class='ocr_par' dir='ltr' id='par_1_48' title="bbox 2153 1746 3728 1830">
     <span class='ocr_line' id='line_1_48' title="bbox 2153 1746 3728 1830; baseline -0.006 -19"><span class='ocrx_word' id='word_1_277' title='bbox 2153 1756 2257 1812; x_wconf 88' lang='grc' dir='ltr'>Καὶ</span> <span class='ocrx_word' id='word_1_278' title='bbox 2295 1756 2486 1830; x_wconf 84' lang='grc' dir='ltr'>μνήμη</span> <span class='ocrx_word' id='word_1_279' title='bbox 2517 1759 2624 1810; x_wconf 87' lang='grc' dir='ltr'>τῶν</span> <span class='ocrx_word' id='word_1_280' title='bbox 2676 1748 2912 1810; x_wconf 76' lang='grc' dir='ltr'>εὐσεϐῶν</span> <span class='ocrx_word' id='word_1_281' title='bbox 2963 1748 3296 1829; x_wconf 84' lang='grc' dir='ltr'>βασιλισσῶν</span> <span class='ocrx_word' id='word_1_282' title='bbox 3357 1746 3728 1824; x_wconf 83' lang='grc' dir='ltr'>Πουλχερίας,</span> 
     </span>
    </p>
   </div>
   <div class='ocr_carea' id='block_1_49' title="bbox 2001 1844 2466 1941">
    <p class='ocr_par' dir='ltr' id='par_1_49' title="bbox 2001 1844 2466 1941">
     <span class='ocr_line' id='line_1_49' title="bbox 2001 1844 2466 1941; baseline 0 -39"><span class='ocrx_word' id='word_1_283' title='bbox 2001 1875 2049 1941; x_wconf 81' lang='grc' dir='ltr'><strong>Β</strong></span> <span class='ocrx_word' id='word_1_284' title='bbox 2079 1847 2171 1902; x_wconf 80' lang='grc' dir='ltr'>καὶ</span> <span class='ocrx_word' id='word_1_285' title='bbox 2203 1844 2466 1922; x_wconf 71' lang='grc' dir='ltr'>Εἰρήνης.</span> 
     </span>
    </p>
   </div>
   <div class='ocr_carea' id='block_1_50' title="bbox 2636 1961 3174 2023">
    <p class='ocr_par' dir='ltr' id='par_1_50' title="bbox 2636 1961 3174 2023">
     <span class='ocr_line' id='line_1_50' title="bbox 2636 1961 3174 2023; baseline -0.009 0"><span class='ocrx_word' id='word_1_286' title='bbox 2636 1967 2814 2023; x_wconf 76' lang='grc' dir='ltr'>ΜΠΝΙ</span> <span class='ocrx_word' id='word_1_287' title='bbox 2852 1967 2940 2018; x_wconf 84' lang='grc' dir='ltr'>ΤΩ</span> <span class='ocrx_word' id='word_1_288' title='bbox 2977 1961 3174 2019; x_wconf 85' lang='grc' dir='ltr'>ΛΥΤΩ.</span> 
     </span>
    </p>
   </div>
   <div class='ocr_carea' id='block_1_51' title="bbox 2877 2055 2937 2107">
    <p class='ocr_par' dir='ltr' id='par_1_51' title="bbox 2877 2055 2937 2107">
     <span class='ocr_line' id='line_1_51' title="bbox 2877 2055 2937 2107; baseline 0 -32"><span class='ocrx_word' id='word_1_289' title='bbox 2877 2055 2937 2107; x_wconf 72' lang='grc' dir='ltr'>η.</span> 
     </span>
    </p>
   </div>
   <div class='ocr_carea' id='block_1_52' title="bbox 2305 2146 3573 2230">
    <p class='ocr_par' dir='ltr' id='par_1_52' title="bbox 2305 2146 3573 2230">
     <span class='ocr_line' id='line_1_52' title="bbox 2305 2146 3573 2230; baseline -0.007 -17"><span class='ocrx_word' id='word_1_290' title='bbox 2305 2153 2574 2226; x_wconf 83' lang='grc' dir='ltr'>Ἀθλησις</span> <span class='ocrx_word' id='word_1_291' title='bbox 2606 2157 2705 2210; x_wconf 85' lang='grc' dir='ltr'>τοῦ</span> <span class='ocrx_word' id='word_1_292' title='bbox 2733 2151 2893 2230; x_wconf 92' lang='grc' dir='ltr'>ἁγίου</span> <span class='ocrx_word' id='word_1_293' title='bbox 2929 2153 3204 2228; x_wconf 72' lang='grc' dir='ltr'>μάρτυρος</span> <span class='ocrx_word' id='word_1_294' title='bbox 3231 2146 3498 2225; x_wconf 84' lang='grc' dir='ltr'>Μαρίνου.</span> <span class='ocrx_word' id='word_1_295' title='bbox 3567 2173 3573 2178; x_wconf 65' lang='grc' dir='ltr'><strong><em>τ</em></strong></span> 
     </span>
    </p>
   </div>
   <div class='ocr_carea' id='block_1_53' title="bbox 2150 2261 3728 2348">
    <p class='ocr_par' dir='ltr' id='par_1_53' title="bbox 2150 2261 3728 2348">
     <span class='ocr_line' id='line_1_53' title="bbox 2150 2261 3728 2348; baseline -0.01 -17"><span class='ocrx_word' id='word_1_296' title='bbox 2150 2273 2214 2331; x_wconf 78' lang='grc' dir='ltr'>Ὀ</span> <span class='ocrx_word' id='word_1_297' title='bbox 2241 2276 2340 2328; x_wconf 83' lang='grc' dir='ltr'>τοῦ</span> <span class='ocrx_word' id='word_1_298' title='bbox 2372 2272 2609 2348; x_wconf 78' lang='grc' dir='ltr'>Χριστοῦ</span> <span class='ocrx_word' id='word_1_299' title='bbox 2662 2273 2869 2348; x_wconf 79' lang='grc' dir='ltr'>μάρτυς</span> <span class='ocrx_word' id='word_1_300' title='bbox 2911 2271 3159 2344; x_wconf 88' lang='grc' dir='ltr'>Μαρῖνος</span> <span class='ocrx_word' id='word_1_301' title='bbox 3221 2267 3441 2342; x_wconf 78' lang='grc' dir='ltr'>ὑπῆρχε</span> <span class='ocrx_word' id='word_1_302' title='bbox 3493 2263 3588 2337; x_wconf 74' lang='grc' dir='ltr'>μὶν</span> <span class='ocrx_word' id='word_1_303' title='bbox 3639 2261 3728 2317; x_wconf 71' lang='grc' dir='ltr'>ἐπὶ</span> 
     </span>
    </p>
   </div>
   <div class='ocr_carea' id='block_1_54' title="bbox 2079 2353 3725 2438">
    <p class='ocr_par' dir='ltr' id='par_1_54' title="bbox 2079 2353 3725 2438">
     <span class='ocr_line' id='line_1_54' title="bbox 2079 2353 3725 2438; baseline -0.007 -19"><span class='ocrx_word' id='word_1_304' title='bbox 2079 2369 2179 2432; x_wconf 82' lang='grc' dir='ltr'>τῆς</span> <span class='ocrx_word' id='word_1_305' title='bbox 2215 2359 2490 2438; x_wconf 77' lang='grc' dir='ltr'>βασιλείας</span> <span class='ocrx_word' id='word_1_306' title='bbox 2551 2359 2972 2431; x_wconf 87' lang='grc' dir='ltr'>Διοκλητιανοῦ,</span> <span class='ocrx_word' id='word_1_307' title='bbox 3033 2355 3094 2414; x_wconf 63' lang='grc' dir='ltr'>ἔκ</span> <span class='ocrx_word' id='word_1_308' title='bbox 3138 2362 3240 2428; x_wconf 82' lang='grc' dir='ltr'>τῆς</span> <span class='ocrx_word' id='word_1_309' title='bbox 3293 2353 3510 2417; x_wconf 85' lang='grc' dir='ltr'>πόλεως</span> <span class='ocrx_word' id='word_1_310' title='bbox 3563 2355 3725 2411; x_wconf 79' lang='grc' dir='ltr'>Ἀνα-</span> 
     </span>
    </p>
   </div>
   <div class='ocr_carea' id='block_1_55' title="bbox 2083 2443 3726 2528">
    <p class='ocr_par' dir='ltr' id='par_1_55' title="bbox 2083 2443 3726 2528">
     <span class='ocr_line' id='line_1_55' title="bbox 2083 2443 3726 2528; baseline -0.007 -21"><span class='ocrx_word' id='word_1_311' title='bbox 2083 2447 2304 2527; x_wconf 76' lang='grc' dir='ltr'>ζαρϐου.</span> <span class='ocrx_word' id='word_1_312' title='bbox 2332 2452 2653 2528; x_wconf 81' lang='grc' dir='ltr'>Χριστιανὸς</span> <span class='ocrx_word' id='word_1_313' title='bbox 2687 2448 2743 2506; x_wconf 74' lang='grc' dir='ltr'>δὶ</span> <span class='ocrx_word' id='word_1_314' title='bbox 2773 2447 2871 2520; x_wconf 81' lang='grc' dir='ltr'>ὣν,</span> <span class='ocrx_word' id='word_1_315' title='bbox 2901 2448 2992 2504; x_wconf 85' lang='grc' dir='ltr'>καὶ</span> <span class='ocrx_word' id='word_1_316' title='bbox 3032 2444 3282 2510; x_wconf 80' lang='grc' dir='ltr'>πολλοὺς</span> <span class='ocrx_word' id='word_1_317' title='bbox 3325 2449 3433 2500; x_wconf 80' lang='grc' dir='ltr'>τῶν</span> <span class='ocrx_word' id='word_1_318' title='bbox 3485 2443 3726 2499; x_wconf 80' lang='grc' dir='ltr'>ἀπίστων</span> 
     </span>
    </p>
   </div>
   <div class='ocr_carea' id='block_1_56' title="bbox 2079 2533 3724 2619">
    <p class='ocr_par' dir='ltr' id='par_1_56' title="bbox 2079 2533 3724 2619">
     <span class='ocr_line' id='line_1_56' title="bbox 2079 2533 3724 2619; baseline -0.007 -21"><span class='ocrx_word' id='word_1_319' title='bbox 2079 2545 2370 2619; x_wconf 83' lang='grc' dir='ltr'>προσάγων</span> <span class='ocrx_word' id='word_1_320' title='bbox 2431 2545 2510 2614; x_wconf 81' lang='grc' dir='ltr'>τῷ</span> <span class='ocrx_word' id='word_1_321' title='bbox 2565 2544 2803 2617; x_wconf 77' lang='grc' dir='ltr'>Χριστῷ,</span> <span class='ocrx_word' id='word_1_322' title='bbox 2859 2540 2949 2595; x_wconf 81' lang='grc' dir='ltr'>καὶ</span> <span class='ocrx_word' id='word_1_323' title='bbox 3013 2539 3317 2614; x_wconf 80' lang='grc' dir='ltr'>βαπτίζων,</span> <span class='ocrx_word' id='word_1_324' title='bbox 3373 2533 3724 2606; x_wconf 79' lang='grc' dir='ltr'>κατεμηνύθη</span> 
     </span>
    </p>
   </div>
   <div class='ocr_carea' id='block_1_57' title="bbox 2080 2622 3728 2709">
    <p class='ocr_par' dir='ltr' id='par_1_57' title="bbox 2080 2622 3728 2709">
     <span class='ocr_line' id='line_1_57' title="bbox 2080 2622 3728 2709; baseline -0.007 -20"><span class='ocrx_word' id='word_1_325' title='bbox 2080 2639 2161 2706; x_wconf 81' lang='grc' dir='ltr'>τῷ</span> <span class='ocrx_word' id='word_1_326' title='bbox 2218 2628 2444 2709; x_wconf 78' lang='grc' dir='ltr'>ἡγεμόνι</span> <span class='ocrx_word' id='word_1_327' title='bbox 2505 2630 2694 2703; x_wconf 80' lang='grc' dir='ltr'>Λυσίᾳ.</span> <span class='ocrx_word' id='word_1_328' title='bbox 2758 2628 2864 2686; x_wconf 84' lang='grc' dir='ltr'>Καὶ</span> <span class='ocrx_word' id='word_1_329' title='bbox 2948 2627 3233 2704; x_wconf 79' lang='grc' dir='ltr'>κρατηθεὶς</span> <span class='ocrx_word' id='word_1_330' title='bbox 3288 2625 3377 2680; x_wconf 84' lang='grc' dir='ltr'>καὶ</span> <span class='ocrx_word' id='word_1_331' title='bbox 3452 2622 3728 2697; x_wconf 75' lang='grc' dir='ltr'>παραστὰς</span> 
     </span>
    </p>
   </div>
   <div class='ocr_carea' id='block_1_58' title="bbox 2081 2711 3728 2792">
    <p class='ocr_par' dir='ltr' id='par_1_58' title="bbox 2081 2711 3728 2792">
     <span class='ocr_line' id='line_1_58' title="bbox 2081 2711 3728 2792; baseline -0.008 -15"><span class='ocrx_word' id='word_1_332' title='bbox 2081 2722 2317 2778; x_wconf 74' lang='grc' dir='ltr'>ἐνώπιον</span> <span class='ocrx_word' id='word_1_333' title='bbox 2351 2721 2536 2789; x_wconf 82' lang='grc' dir='ltr'>αὐτοῦ,</span> <span class='ocrx_word' id='word_1_334' title='bbox 2563 2720 2652 2776; x_wconf 84' lang='grc' dir='ltr'>καὶ</span> <span class='ocrx_word' id='word_1_335' title='bbox 2682 2720 2774 2776; x_wconf 88' lang='grc' dir='ltr'>τὸν</span> <span class='ocrx_word' id='word_1_336' title='bbox 2806 2719 3032 2792; x_wconf 75' lang='grc' dir='ltr'>Χριστὸν</span> <span class='ocrx_word' id='word_1_337' title='bbox 3093 2715 3472 2790; x_wconf 78' lang='grc' dir='ltr'>ὁμολογήσας,</span> <span class='ocrx_word' id='word_1_338' title='bbox 3527 2711 3728 2789; x_wconf 68' lang='grc' dir='ltr'>ἑτύφθη</span> 
     </span>
    </p>
   </div>
   <div class='ocr_carea' id='block_1_59' title="bbox 2083 2801 3726 2892">
    <p class='ocr_par' dir='ltr' id='par_1_59' title="bbox 2083 2801 3726 2892">
     <span class='ocr_line' id='line_1_59' title="bbox 2083 2801 3726 2892; baseline -0.008 -24"><span class='ocrx_word' id='word_1_339' title='bbox 2083 2809 2335 2892; x_wconf 60' lang='grc' dir='ltr'>σφοδρῶς</span> <span class='ocrx_word' id='word_1_340' title='bbox 2393 2811 2494 2868; x_wconf 78' lang='grc' dir='ltr'>Καὶ</span> <span class='ocrx_word' id='word_1_341' title='bbox 2527 2808 2724 2884; x_wconf 83' lang='grc' dir='ltr'>σίδηρα</span> <span class='ocrx_word' id='word_1_342' title='bbox 2779 2809 2944 2885; x_wconf 72' lang='grc' dir='ltr'>βαρέα</span> <span class='ocrx_word' id='word_1_343' title='bbox 2995 2805 3314 2883; x_wconf 74' lang='grc' dir='ltr'>περιτεθεὲς,</span> <span class='ocrx_word' id='word_1_344' title='bbox 3363 2802 3439 2865; x_wconf 85' lang='grc' dir='ltr'>είς</span> <span class='ocrx_word' id='word_1_345' title='bbox 3478 2801 3726 2892; x_wconf 64' lang='grc' dir='ltr'>φυλακὴν</span> 
     </span>
    </p>
   </div>
   <div class='ocr_carea' id='block_1_60' title="bbox 2083 2891 3728 2973">
    <p class='ocr_par' dir='ltr' id='par_1_60' title="bbox 2083 2891 3728 2973">
     <span class='ocr_line' id='line_1_60' title="bbox 2083 2891 3728 2973; baseline -0.008 -15"><span class='ocrx_word' id='word_1_346' title='bbox 2083 2891 2375 2972; x_wconf 76' lang='grc' dir='ltr'>ἐνεϐλήθη,</span> <span class='ocrx_word' id='word_1_347' title='bbox 2428 2901 2519 2956; x_wconf 88' lang='grc' dir='ltr'>καὶ</span> <span class='ocrx_word' id='word_1_348' title='bbox 2573 2904 2642 2973; x_wconf 81' lang='grc' dir='ltr'>τῇ</span> <span class='ocrx_word' id='word_1_349' title='bbox 2697 2901 2817 2972; x_wconf 73' lang='grc' dir='ltr'>ὶξῆς</span> <span class='ocrx_word' id='word_1_350' title='bbox 2874 2899 3066 2973; x_wconf 79' lang='grc' dir='ltr'>ἀχθεὶς</span> <span class='ocrx_word' id='word_1_351' title='bbox 3133 2894 3211 2960; x_wconf 70' lang='grc' dir='ltr'>είς</span> <span class='ocrx_word' id='word_1_352' title='bbox 3293 2893 3582 2970; x_wconf 76' lang='grc' dir='ltr'>ἐρώτησιν,</span> <span class='ocrx_word' id='word_1_353' title='bbox 3640 2891 3728 2946; x_wconf 86' lang='grc' dir='ltr'>καὶ</span> 
     </span>
    </p>
   </div>
   <div class='ocr_carea' id='block_1_61' title="bbox 2081 2984 3728 3068">
    <p class='ocr_par' dir='ltr' id='par_1_61' title="bbox 2081 2984 3728 3068">
     <span class='ocr_line' id='line_1_61' title="bbox 2081 2984 3728 3068; baseline -0.009 -20"><span class='ocrx_word' id='word_1_354' title='bbox 2081 2992 2434 3068; x_wconf 79' lang='grc' dir='ltr'>ἀναγκασθεὶς</span> <span class='ocrx_word' id='word_1_355' title='bbox 2469 2991 2799 3066; x_wconf 81' lang='grc' dir='ltr'>ἀρνήσασθαι</span> <span class='ocrx_word' id='word_1_356' title='bbox 2829 2989 2920 3043; x_wconf 88' lang='grc' dir='ltr'>τὸν</span> <span class='ocrx_word' id='word_1_357' title='bbox 2963 2987 3220 3062; x_wconf 72' lang='grc' dir='ltr'>Χριστὸν,</span> <span class='ocrx_word' id='word_1_358' title='bbox 3271 2984 3360 3040; x_wconf 86' lang='grc' dir='ltr'>καὶ</span> <span class='ocrx_word' id='word_1_359' title='bbox 3414 2987 3567 3047; x_wconf 86' lang='grc' dir='ltr'>θῦσαι</span> <span class='ocrx_word' id='word_1_360' title='bbox 3614 2987 3728 3041; x_wconf 81' lang='grc' dir='ltr'>τοῖς</span> 
     </span>
    </p>
   </div>
   <div class='ocr_carea' id='block_1_62' title="bbox 2082 3066 3725 3152">
    <p class='ocr_par' dir='ltr' id='par_1_62' title="bbox 2082 3066 3725 3152">
     <span class='ocr_line' id='line_1_62' title="bbox 2082 3066 3725 3152; baseline -0.009 -15"><span class='ocrx_word' id='word_1_361' title='bbox 2082 3066 2360 3148; x_wconf 70' lang='grc' dir='ltr'>εἷδώλοις,</span> <span class='ocrx_word' id='word_1_362' title='bbox 2396 3079 2486 3135; x_wconf 84' lang='grc' dir='ltr'>καὶ</span> <span class='ocrx_word' id='word_1_363' title='bbox 2522 3079 2597 3152; x_wconf 81' lang='grc' dir='ltr'>μή</span> <span class='ocrx_word' id='word_1_364' title='bbox 2659 3077 2924 3142; x_wconf 83' lang='grc' dir='ltr'>πεισθεὶς,</span> <span class='ocrx_word' id='word_1_365' title='bbox 2978 3074 3285 3150; x_wconf 75' lang='grc' dir='ltr'>ἐκρεμάσθη</span> <span class='ocrx_word' id='word_1_366' title='bbox 3318 3072 3377 3127; x_wconf 77' lang='grc' dir='ltr'>ἐκ</span> <span class='ocrx_word' id='word_1_367' title='bbox 3404 3076 3510 3126; x_wconf 88' lang='grc' dir='ltr'>τῶν</span> <span class='ocrx_word' id='word_1_368' title='bbox 3543 3066 3725 3124; x_wconf 81' lang='grc' dir='ltr'>ποδῶν</span> 
     </span>
    </p>
   </div>
   <div class='ocr_carea' id='block_1_63' title="bbox 2081 3164 3722 3240">
    <p class='ocr_par' dir='ltr' id='par_1_63' title="bbox 2081 3164 3722 3240">
     <span class='ocr_line' id='line_1_63' title="bbox 2081 3164 3722 3240; baseline -0.008 -15"><span class='ocrx_word' id='word_1_369' title='bbox 2081 3171 2168 3226; x_wconf 80' lang='grc' dir='ltr'>ἐπὶ</span> <span class='ocrx_word' id='word_1_370' title='bbox 2196 3169 2382 3240; x_wconf 72' lang='grc' dir='ltr'>ξύλου,</span> <span class='ocrx_word' id='word_1_371' title='bbox 2423 3169 2512 3224; x_wconf 90' lang='grc' dir='ltr'>καὶ</span> <span class='ocrx_word' id='word_1_372' title='bbox 2565 3168 2840 3237; x_wconf 76' lang='grc' dir='ltr'>κατεκόπη</span> <span class='ocrx_word' id='word_1_373' title='bbox 2888 3169 3007 3227; x_wconf 86' lang='grc' dir='ltr'>ταῖς</span> <span class='ocrx_word' id='word_1_374' title='bbox 3062 3164 3324 3238; x_wconf 78' lang='grc' dir='ltr'>μάστιξιν.</span> <span class='ocrx_word' id='word_1_375' title='bbox 3386 3164 3518 3218; x_wconf 79' lang='grc' dir='ltr'>Εἶτα</span> <span class='ocrx_word' id='word_1_376' title='bbox 3572 3179 3722 3214; x_wconf 82' lang='grc' dir='ltr'>κατε·</span> 
     </span>
    </p>
   </div>
   <div class='ocr_carea' id='block_1_64' title="bbox 323 3238 1972 3332">
    <p class='ocr_par' dir='ltr' id='par_1_64' title="bbox 323 3251 1970 3326">
     <span class='ocr_line' id='line_1_64' title="bbox 323 3251 1970 3326; baseline 0.003 -21"><span class='ocrx_word' id='word_1_377' title='bbox 323 3251 395 3306; x_wconf 91' lang='lat' dir='ltr'>ad</span> <span class='ocrx_word' id='word_1_378' title='bbox 423 3259 753 3307; x_wconf 81' lang='lat' dir='ltr'>extremum</span> <span class='ocrx_word' id='word_1_379' title='bbox 777 3271 964 3324; x_wconf 87' lang='lat' dir='ltr'>usque</span> <span class='ocrx_word' id='word_1_380' title='bbox 987 3255 1260 3326; x_wconf 84' lang='lat' dir='ltr'>spiritum</span> <span class='ocrx_word' id='word_1_381' title='bbox 1283 3257 1344 3310; x_wconf 92' lang='lat' dir='ltr'>in</span> <span class='ocrx_word' id='word_1_382' title='bbox 1367 3256 1578 3310; x_wconf 87' lang='lat' dir='ltr'>Christi</span> <span class='ocrx_word' id='word_1_383' title='bbox 1595 3255 1970 3311; x_wconf 79' lang='lat' dir='ltr'>confessione</span> 
     </span>
    </p>
   </div>
   <div class='ocr_carea' id='block_1_65' title="bbox 2089 3238 3723 3332">
    <p class='ocr_par' dir='ltr' id='par_1_65' title="bbox 2089 3238 3723 3332">
     <span class='ocr_line' id='line_1_65' title="bbox 2089 3238 3723 3332; baseline -0.008 -17"><span class='ocrx_word' id='word_1_384' title='bbox 2089 3238 2504 3332; x_wconf 42' lang='lat' dir='ltr'>Ki‘q—XGP‘RG&#39;CL&#39;</span> <span class='ocrx_word' id='word_1_385' title='bbox 2562 3257 2652 3312; x_wconf 84' lang='grc' dir='ltr'>καὶ</span> <span class='ocrx_word' id='word_1_386' title='bbox 2713 3254 2879 3331; x_wconf 70' lang='grc' dir='ltr'>μεχρι</span> <span class='ocrx_word' id='word_1_387' title='bbox 2936 3252 3248 3314; x_wconf 81' lang='grc' dir='ltr'>τελευταίας</span> <span class='ocrx_word' id='word_1_388' title='bbox 3297 3251 3569 3318; x_wconf 80' lang='grc' dir='ltr'>ἀναπνοῆς</span> <span class='ocrx_word' id='word_1_389' title='bbox 3624 3247 3723 3322; x_wconf 82' lang='grc' dir='ltr'>ἐμ-</span> 
     </span>
    </p>
   </div>
   <div class='ocr_carea' id='block_1_66' title="bbox 320 3342 1967 3413">
    <p class='ocr_par' dir='ltr' id='par_1_66' title="bbox 320 3342 1967 3413">
     <span class='ocr_line' id='line_1_66' title="bbox 320 3342 1967 3413; baseline 0.003 -20"><span class='ocrx_word' id='word_1_390' title='bbox 320 3342 668 3410; x_wconf 88' lang='lat' dir='ltr'>persistens,</span> <span class='ocrx_word' id='word_1_391' title='bbox 688 3342 868 3413; x_wconf 85' lang='lat' dir='ltr'>gladii</span> <span class='ocrx_word' id='word_1_392' title='bbox 902 3345 1264 3399; x_wconf 89' lang='lat' dir='ltr'>sententiam</span> <span class='ocrx_word' id='word_1_393' title='bbox 1297 3345 1516 3411; x_wconf 87' lang='lat' dir='ltr'>subiit;</span> <span class='ocrx_word' id='word_1_394' title='bbox 1550 3351 1609 3400; x_wconf 90' lang='lat' dir='ltr'>et</span> <span class='ocrx_word' id='word_1_395' title='bbox 1638 3351 1802 3399; x_wconf 87' lang='lat' dir='ltr'>extra</span> <span class='ocrx_word' id='word_1_396' title='bbox 1819 3345 1967 3400; x_wconf 89' lang='lat' dir='ltr'>civi-</span> 
     </span>
    </p>
   </div>
   <div class='ocr_carea' id='block_1_67' title="bbox 320 3432 1970 3505">
    <p class='ocr_par' dir='ltr' id='par_1_67' title="bbox 320 3432 1970 3505">
     <span class='ocr_line' id='line_1_67' title="bbox 320 3432 1970 3505; baseline 0.004 -24"><span class='ocrx_word' id='word_1_397' title='bbox 320 3432 502 3483; x_wconf 87' lang='lat' dir='ltr'>tatem</span> <span class='ocrx_word' id='word_1_398' title='bbox 525 3438 810 3501; x_wconf 85' lang='lat' dir='ltr'>raptatus,</span> <span class='ocrx_word' id='word_1_399' title='bbox 876 3450 1043 3488; x_wconf 90' lang='lat' dir='ltr'>sacro</span> <span class='ocrx_word' id='word_1_400' title='bbox 1103 3434 1298 3505; x_wconf 90' lang='lat' dir='ltr'>capite</span> <span class='ocrx_word' id='word_1_401' title='bbox 1351 3433 1778 3501; x_wconf 85' lang='lat' dir='ltr'>obtruncatur;</span> <span class='ocrx_word' id='word_1_402' title='bbox 1839 3434 1970 3505; x_wconf 82' lang='lat' dir='ltr'>eius</span> 
     </span>
    </p>
   </div>
   <div class='ocr_carea' id='block_1_68' title="bbox 319 3521 1968 3596">
    <p class='ocr_par' dir='ltr' id='par_1_68' title="bbox 319 3521 1968 3596">
     <span class='ocr_line' id='line_1_68' title="bbox 319 3521 1968 3596; baseline 0.004 -24"><span class='ocrx_word' id='word_1_403' title='bbox 319 3535 455 3574; x_wconf 87' lang='lat' dir='ltr'>vero</span> <span class='ocrx_word' id='word_1_404' title='bbox 486 3521 736 3578; x_wconf 87' lang='lat' dir='ltr'>cadaver</span> <span class='ocrx_word' id='word_1_405' title='bbox 783 3524 1029 3579; x_wconf 88' lang='lat' dir='ltr'>canibus</span> <span class='ocrx_word' id='word_1_406' title='bbox 1087 3524 1412 3580; x_wconf 89' lang='lat' dir='ltr'>vorandum</span> <span class='ocrx_word' id='word_1_407' title='bbox 1462 3525 1816 3596; x_wconf 87' lang='lat' dir='ltr'>projectum,</span> <span class='ocrx_word' id='word_1_408' title='bbox 1879 3541 1968 3579; x_wconf 87' lang='lat' dir='ltr'>se-</span> 
     </span>
    </p>
   </div>
   <div class='ocr_carea' id='block_1_69' title="bbox 319 3609 1965 3685">
    <p class='ocr_par' dir='ltr' id='par_1_69' title="bbox 319 3609 1965 3685">
     <span class='ocr_line' id='line_1_69' title="bbox 319 3609 1965 3685; baseline 0.002 -22"><span class='ocrx_word' id='word_1_409' title='bbox 319 3609 573 3682; x_wconf 68' lang='lat' dir='ltr'>pulturae</span> <span class='ocrx_word' id='word_1_410' title='bbox 605 3611 918 3668; x_wconf 82' lang='lat' dir='ltr'>aXanthio</span> <span class='ocrx_word' id='word_1_411' title='bbox 968 3613 1226 3684; x_wconf 87' lang='lat' dir='ltr'>quodam</span> <span class='ocrx_word' id='word_1_412' title='bbox 1283 3614 1382 3685; x_wconf 89' lang='lat' dir='ltr'>pio</span> <span class='ocrx_word' id='word_1_413' title='bbox 1441 3613 1562 3668; x_wconf 88' lang='lat' dir='ltr'>viro</span> <span class='ocrx_word' id='word_1_414' title='bbox 1622 3613 1736 3668; x_wconf 85' lang='lat' dir='ltr'>fuit</span> <span class='ocrx_word' id='word_1_415' title='bbox 1786 3612 1965 3668; x_wconf 87' lang='lat' dir='ltr'>tradi-</span> 
     </span>
    </p>
   </div>
   <div class='ocr_carea' id='block_1_70' title="bbox 323 3705 470 3754">
    <p class='ocr_par' dir='ltr' id='par_1_70' title="bbox 323 3705 470 3754">
     <span class='ocr_line' id='line_1_70' title="bbox 323 3705 470 3754; baseline 0.014 -2"><span class='ocrx_word' id='word_1_416' title='bbox 323 3705 470 3754; x_wconf 86' lang='lat' dir='ltr'>tum.</span> 
     </span>
    </p>
   </div>
   <div class='ocr_carea' id='block_1_71' title="bbox 392 3819 1901 3906">
    <p class='ocr_par' dir='ltr' id='par_1_71' title="bbox 392 3819 1901 3906">
     <span class='ocr_line' id='line_1_71' title="bbox 392 3819 1901 3906; baseline 0.001 -33"><span class='ocrx_word' id='word_1_417' title='bbox 392 3819 464 3874; x_wconf 84' lang='lat' dir='ltr'>Et</span> <span class='ocrx_word' id='word_1_418' title='bbox 491 3827 766 3877; x_wconf 83' lang='lat' dir='ltr'>certamen</span> <span class='ocrx_word' id='word_1_419' title='bbox 789 3825 969 3879; x_wconf 77' lang='lat' dir='ltr'>sancti</span> <span class='ocrx_word' id='word_1_420' title='bbox 994 3823 1178 3906; x_wconf 69' lang='lat' dir='ltr'>Patris</span> <span class='ocrx_word' id='word_1_421' title='bbox 1205 3821 1384 3906; x_wconf 73' lang='lat' dir='ltr'>nostri</span> <span class='ocrx_word' id='word_1_422' title='bbox 1407 3821 1697 3879; x_wconf 58' lang='lat' dir='ltr'>ﬁmzliani</span> <span class='ocrx_word' id='word_1_423' title='bbox 1720 3820 1901 3894; x_wconf 77' lang='lat' dir='ltr'>Cyzici</span> 
     </span>
    </p>
   </div>
   <div class='ocr_carea' id='block_1_72' title="bbox 1010 3897 1274 3966">
    <p class='ocr_par' dir='ltr' id='par_1_72' title="bbox 1010 3897 1274 3966">
     <span class='ocr_line' id='line_1_72' title="bbox 1010 3897 1274 3966; baseline 0 -17"><span class='ocrx_word' id='word_1_424' title='bbox 1010 3897 1274 3966; x_wconf 80' lang='lat' dir='ltr'>episcopi.</span> 
     </span>
    </p>
   </div>
   <div class='ocr_carea' id='block_1_73' title="bbox 395 3998 1974 4074">
    <p class='ocr_par' dir='ltr' id='par_1_73' title="bbox 395 3998 1974 4074">
     <span class='ocr_line' id='line_1_73' title="bbox 395 3998 1974 4074; baseline 0.001 -22"><span class='ocrx_word' id='word_1_425' title='bbox 395 3998 642 4054; x_wconf 88' lang='lat' dir='ltr'>Sanctus</span> <span class='ocrx_word' id='word_1_426' title='bbox 674 4002 847 4056; x_wconf 88' lang='lat' dir='ltr'>Pater</span> <span class='ocrx_word' id='word_1_427' title='bbox 867 4007 1071 4056; x_wconf 91' lang='lat' dir='ltr'>noster</span> <span class='ocrx_word' id='word_1_428' title='bbox 1124 4007 1182 4057; x_wconf 94' lang='lat' dir='ltr'>et</span> <span class='ocrx_word' id='word_1_429' title='bbox 1238 4017 1489 4074; x_wconf 88' lang='lat' dir='ltr'>magnus</span> <span class='ocrx_word' id='word_1_430' title='bbox 1549 4018 1718 4058; x_wconf 91' lang='lat' dir='ltr'>sacer</span> <span class='ocrx_word' id='word_1_431' title='bbox 1749 4005 1974 4072; x_wconf 84' lang='lat' dir='ltr'>martyr</span> 
     </span>
    </p>
   </div>
   <div class='ocr_carea' id='block_1_74' title="bbox 325 4089 1970 4162">
    <p class='ocr_par' dir='ltr' id='par_1_74' title="bbox 325 4089 1970 4162">
     <span class='ocr_line' id='line_1_74' title="bbox 325 4089 1970 4162; baseline 0.004 -22"><span class='ocrx_word' id='word_1_432' title='bbox 325 4093 502 4156; x_wconf 88' lang='lat' dir='ltr'>atque</span> <span class='ocrx_word' id='word_1_433' title='bbox 561 4089 866 4144; x_wconf 83' lang='lat' dir='ltr'>confessor</span> <span class='ocrx_word' id='word_1_434' title='bbox 917 4091 1269 4147; x_wconf 69' lang='lat' dir='ltr'>Emilianus</span> <span class='ocrx_word' id='word_1_435' title='bbox 1327 4091 1694 4162; x_wconf 85' lang='lat' dir='ltr'>temporibus</span> <span class='ocrx_word' id='word_1_436' title='bbox 1765 4106 1970 4146; x_wconf 81' lang='lat' dir='ltr'>eorum</span> 
     </span>
    </p>
   </div>
   <div class='ocr_carea' id='block_1_75' title="bbox 328 4174 1970 4252">
    <p class='ocr_par' dir='ltr' id='par_1_75' title="bbox 328 4174 1970 4252">
     <span class='ocr_line' id='line_1_75' title="bbox 328 4174 1970 4252; baseline 0.003 -23"><span class='ocrx_word' id='word_1_437' title='bbox 328 4174 552 4229; x_wconf 87' lang='lat' dir='ltr'>exstitit</span> <span class='ocrx_word' id='word_1_438' title='bbox 581 4176 1134 4250; x_wconf 87' lang='lat' dir='ltr'>imperatorum,qui</span> <span class='ocrx_word' id='word_1_439' title='bbox 1168 4179 1526 4252; x_wconf 83' lang='lat' dir='ltr'>imaginibus</span> <span class='ocrx_word' id='word_1_440' title='bbox 1549 4178 1970 4246; x_wconf 83' lang='lat' dir='ltr'>erantinfensi,</span> 
     </span>
    </p>
   </div>
   <div class='ocr_carea' id='block_1_76' title="bbox 332 4261 1972 4339">
    <p class='ocr_par' dir='ltr' id='par_1_76' title="bbox 332 4261 1972 4339">
     <span class='ocr_line' id='line_1_76' title="bbox 332 4261 1972 4339; baseline 0.004 -23"><span class='ocrx_word' id='word_1_441' title='bbox 332 4261 516 4334; x_wconf 81' lang='lat' dir='ltr'>Cyzici</span> <span class='ocrx_word' id='word_1_442' title='bbox 543 4265 877 4337; x_wconf 91' lang='lat' dir='ltr'>episcopus.</span> <span class='ocrx_word' id='word_1_443' title='bbox 911 4267 1039 4322; x_wconf 90' lang='lat' dir='ltr'>Non</span> <span class='ocrx_word' id='word_1_444' title='bbox 1094 4268 1311 4339; x_wconf 89' lang='lat' dir='ltr'>pietate</span> <span class='ocrx_word' id='word_1_445' title='bbox 1364 4267 1540 4322; x_wconf 90' lang='lat' dir='ltr'>modo</span> <span class='ocrx_word' id='word_1_446' title='bbox 1598 4274 1658 4322; x_wconf 91' lang='lat' dir='ltr'>et</span> <span class='ocrx_word' id='word_1_447' title='bbox 1703 4267 1972 4336; x_wconf 90' lang='lat' dir='ltr'>scientia,</span> 
     </span>
    </p>
   </div>
   <div class='ocr_carea' id='block_1_77' title="bbox 331 4354 1972 4429">
    <p class='ocr_par' dir='ltr' id='par_1_77' title="bbox 331 4354 1972 4429">
     <span class='ocr_line' id='line_1_77' title="bbox 331 4354 1972 4429; baseline 0.002 -23"><span class='ocrx_word' id='word_1_448' title='bbox 331 4354 680 4424; x_wconf 73' lang='lat' dir='ltr'>cmterisque</span> <span class='ocrx_word' id='word_1_449' title='bbox 713 4355 1162 4427; x_wconf 76' lang='lat' dir='ltr'>institutis,qua3</span> <span class='ocrx_word' id='word_1_450' title='bbox 1185 4356 1336 4412; x_wconf 84' lang='lat' dir='ltr'>veris</span> <span class='ocrx_word' id='word_1_451' title='bbox 1370 4363 1508 4412; x_wconf 89' lang='lat' dir='ltr'>sunt</span> <span class='ocrx_word' id='word_1_452' title='bbox 1533 4356 1710 4429; x_wconf 88' lang='lat' dir='ltr'>digna</span> <span class='ocrx_word' id='word_1_453' title='bbox 1733 4356 1972 4428; x_wconf 79' lang='lat' dir='ltr'>pontiﬁ-</span> 
     </span>
    </p>
   </div>
   <div class='ocr_carea' id='block_1_78' title="bbox 329 4442 1976 4518">
    <p class='ocr_par' dir='ltr' id='par_1_78' title="bbox 329 4442 1976 4518">
     <span class='ocr_line' id='line_1_78' title="bbox 329 4442 1976 4518; baseline 0.002 -22"><span class='ocrx_word' id='word_1_454' title='bbox 329 4442 629 4510; x_wconf 84' lang='lat' dir='ltr'>cibus,sed</span> <span class='ocrx_word' id='word_1_455' title='bbox 662 4445 1072 4501; x_wconf 89' lang='lat' dir='ltr'>misericordia</span> <span class='ocrx_word' id='word_1_456' title='bbox 1101 4447 1280 4501; x_wconf 89' lang='lat' dir='ltr'>etiam</span> <span class='ocrx_word' id='word_1_457' title='bbox 1311 4463 1452 4518; x_wconf 88' lang='lat' dir='ltr'>erga</span> <span class='ocrx_word' id='word_1_458' title='bbox 1473 4461 1787 4518; x_wconf 90' lang='lat' dir='ltr'>pauperes,</span> <span class='ocrx_word' id='word_1_459' title='bbox 1811 4461 1976 4500; x_wconf 90' lang='lat' dir='ltr'>com-</span> 
     </span>
    </p>
   </div>
   <div class='ocr_carea' id='block_1_79' title="bbox 328 4532 1973 4608">
    <p class='ocr_par' dir='ltr' id='par_1_79' title="bbox 328 4532 1973 4608">
     <span class='ocr_line' id='line_1_79' title="bbox 328 4532 1973 4608; baseline 0.002 -21"><span class='ocrx_word' id='word_1_460' title='bbox 328 4532 734 4600; x_wconf 88' lang='lat' dir='ltr'>miseratione,</span> <span class='ocrx_word' id='word_1_461' title='bbox 760 4535 1305 4608; x_wconf 88' lang='lat' dir='ltr'>longanimitate,ac</span> <span class='ocrx_word' id='word_1_462' title='bbox 1331 4535 1698 4608; x_wconf 80' lang='lat' dir='ltr'>benignitate</span> <span class='ocrx_word' id='word_1_463' title='bbox 1721 4533 1973 4590; x_wconf 82' lang='lat' dir='ltr'>refulsit.</span> 
     </span>
    </p>
   </div>
   <div class='ocr_carea' id='block_1_80' title="bbox 2085 3340 3728 3427">
    <p class='ocr_par' dir='ltr' id='par_1_80' title="bbox 2085 3340 3728 3427">
     <span class='ocr_line' id='line_1_80' title="bbox 2085 3340 3728 3427; baseline -0.008 -19"><span class='ocrx_word' id='word_1_464' title='bbox 2085 3354 2274 3427; x_wconf 84' lang='grc' dir='ltr'>μείνας</span> <span class='ocrx_word' id='word_1_465' title='bbox 2301 3355 2372 3426; x_wconf 79' lang='grc' dir='ltr'>τῇ</span> <span class='ocrx_word' id='word_1_466' title='bbox 2405 3351 2482 3414; x_wconf 65' lang='grc' dir='ltr'>είς</span> <span class='ocrx_word' id='word_1_467' title='bbox 2511 3351 2743 3427; x_wconf 88' lang='grc' dir='ltr'>Χριστὸν</span> <span class='ocrx_word' id='word_1_468' title='bbox 2793 3346 3089 3422; x_wconf 80' lang='grc' dir='ltr'>ὁμολογίᾳ,</span> <span class='ocrx_word' id='word_1_469' title='bbox 3137 3340 3300 3402; x_wconf 71' lang='grc' dir='ltr'>ἔλαϐε</span> <span class='ocrx_word' id='word_1_470' title='bbox 3345 3347 3447 3414; x_wconf 81' lang='grc' dir='ltr'>τήν</span> <span class='ocrx_word' id='word_1_471' title='bbox 3499 3341 3588 3399; x_wconf 80' lang='grc' dir='ltr'>διὰ</span> <span class='ocrx_word' id='word_1_472' title='bbox 3633 3345 3728 3396; x_wconf 87' lang='grc' dir='ltr'>τοῦ</span> 
     </span>
    </p>
   </div>
   <div class='ocr_carea' id='block_1_81' title="bbox 2083 3430 3728 3520">
    <p class='ocr_par' dir='ltr' id='par_1_81' title="bbox 2083 3430 3728 3520">
     <span class='ocr_line' id='line_1_81' title="bbox 2083 3430 3728 3520; baseline -0.007 -24"><span class='ocrx_word' id='word_1_473' title='bbox 2083 3442 2267 3520; x_wconf 74' lang='grc' dir='ltr'>ξίφους</span> <span class='ocrx_word' id='word_1_474' title='bbox 2325 3435 2617 3518; x_wconf 71' lang='grc' dir='ltr'>ἀπόφασιν.</span> <span class='ocrx_word' id='word_1_475' title='bbox 2677 3437 2780 3495; x_wconf 81' lang='grc' dir='ltr'>Καὶ</span> <span class='ocrx_word' id='word_1_476' title='bbox 2839 3435 3118 3499; x_wconf 71' lang='grc' dir='ltr'>ὁλκυσθεὶς</span> <span class='ocrx_word' id='word_1_477' title='bbox 3165 3430 3268 3506; x_wconf 74' lang='grc' dir='ltr'>ἔξω</span> <span class='ocrx_word' id='word_1_478' title='bbox 3330 3439 3439 3520; x_wconf 14' lang='grc' dir='ltr'>,τῆς</span> <span class='ocrx_word' id='word_1_479' title='bbox 3491 3431 3728 3520; x_wconf 80' lang='grc' dir='ltr'>πόλεως,</span> 
     </span>
    </p>
   </div>
   <div class='ocr_carea' id='block_1_82' title="bbox 2081 3517 3730 3608">
    <p class='ocr_par' dir='ltr' id='par_1_82' title="bbox 2081 3517 3730 3608">
     <span class='ocr_line' id='line_1_82' title="bbox 2081 3517 3730 3608; baseline -0.008 -22"><span class='ocrx_word' id='word_1_480' title='bbox 2081 3517 2181 3599; x_wconf 79' lang='grc' dir='ltr'>τήν</span> <span class='ocrx_word' id='word_1_481' title='bbox 2217 3532 2364 3606; x_wconf 76' lang='grc' dir='ltr'>ἱερὰν</span> <span class='ocrx_word' id='word_1_482' title='bbox 2395 3517 2638 3608; x_wconf 76' lang='grc' dir='ltr'>κεφαλὴν</span> <span class='ocrx_word' id='word_1_483' title='bbox 2673 3527 2841 3582; x_wconf 79' lang='grc' dir='ltr'>αὐτοῦ</span> <span class='ocrx_word' id='word_1_484' title='bbox 2872 3526 3186 3598; x_wconf 82' lang='grc' dir='ltr'>ἀπετμήθη.</span> <span class='ocrx_word' id='word_1_485' title='bbox 3219 3523 3292 3580; x_wconf 87' lang='grc' dir='ltr'>Τὸ</span> <span class='ocrx_word' id='word_1_486' title='bbox 3323 3519 3380 3577; x_wconf 72' lang='grc' dir='ltr'>δὶ</span> <span class='ocrx_word' id='word_1_487' title='bbox 3427 3524 3587 3593; x_wconf 90' lang='grc' dir='ltr'>σῶμα</span> <span class='ocrx_word' id='word_1_488' title='bbox 3634 3517 3730 3573; x_wconf 80' lang='grc' dir='ltr'>αὐ-</span> 
     </span>
    </p>
   </div>
   <div class='ocr_carea' id='block_1_83' title="bbox 2080 3609 3726 3698">
    <p class='ocr_par' dir='ltr' id='par_1_83' title="bbox 2080 3609 3726 3698">
     <span class='ocr_line' id='line_1_83' title="bbox 2080 3609 3726 3698; baseline -0.009 -22"><span class='ocrx_word' id='word_1_489' title='bbox 2080 3624 2183 3676; x_wconf 90' lang='grc' dir='ltr'>τοῦ</span> <span class='ocrx_word' id='word_1_490' title='bbox 2215 3619 2364 3698; x_wconf 75' lang='grc' dir='ltr'>ριιρὲν</span> <span class='ocrx_word' id='word_1_491' title='bbox 2395 3623 2512 3680; x_wconf 86' lang='grc' dir='ltr'>τοῖς</span> <span class='ocrx_word' id='word_1_492' title='bbox 2543 3617 2695 3672; x_wconf 82' lang='grc' dir='ltr'>κυσὶν</span> <span class='ocrx_word' id='word_1_493' title='bbox 2730 3616 2806 3681; x_wconf 81' lang='grc' dir='ltr'>εἰς</span> <span class='ocrx_word' id='word_1_494' title='bbox 2857 3617 3085 3692; x_wconf 84' lang='grc' dir='ltr'>βρῶσιν,</span> <span class='ocrx_word' id='word_1_495' title='bbox 3140 3613 3244 3669; x_wconf 85' lang='grc' dir='ltr'>ὑπὸ</span> <span class='ocrx_word' id='word_1_496' title='bbox 3300 3612 3542 3674; x_wconf 82' lang='grc' dir='ltr'>Ξανθίου</span> <span class='ocrx_word' id='word_1_497' title='bbox 3586 3609 3726 3670; x_wconf 79' lang='grc' dir='ltr'>τινὸς</span> 
     </span>
    </p>
   </div>
   <div class='ocr_carea' id='block_1_84' title="bbox 2085 3705 2854 3785">
    <p class='ocr_par' dir='ltr' id='par_1_84' title="bbox 2085 3705 2854 3785">
     <span class='ocr_line' id='line_1_84' title="bbox 2085 3705 2854 3785; baseline -0.007 -18"><span class='ocrx_word' id='word_1_498' title='bbox 2085 3705 2355 3773; x_wconf 75' lang='grc' dir='ltr'>εὖλαϐοῦς</span> <span class='ocrx_word' id='word_1_499' title='bbox 2386 3705 2659 3785; x_wconf 85' lang='grc' dir='ltr'>παρεδόθη</span> <span class='ocrx_word' id='word_1_500' title='bbox 2687 3709 2854 3785; x_wconf 76' lang='grc' dir='ltr'>ταφῇ.</span> 
     </span>
    </p>
   </div>
   <div class='ocr_carea' id='block_1_85' title="bbox 2087 3808 3732 3892">
    <p class='ocr_par' dir='ltr' id='par_1_85' title="bbox 2087 3808 3732 3892">
     <span class='ocr_line' id='line_1_85' title="bbox 2087 3808 3732 3892; baseline -0.01 -14"><span class='ocrx_word' id='word_1_501' title='bbox 2087 3820 2190 3880; x_wconf 80' lang='grc' dir='ltr'>Καὶ</span> <span class='ocrx_word' id='word_1_502' title='bbox 2249 3818 2477 3892; x_wconf 74' lang='grc' dir='ltr'>ἄθλησις</span> <span class='ocrx_word' id='word_1_503' title='bbox 2531 3821 2629 3892; x_wconf 79' lang='grc' dir='ltr'>τοῦ</span> <span class='ocrx_word' id='word_1_504' title='bbox 2688 3816 2840 3892; x_wconf 81' lang='grc' dir='ltr'>ὁσίου</span> <span class='ocrx_word' id='word_1_505' title='bbox 2898 3814 3107 3892; x_wconf 74' lang='grc' dir='ltr'>Πατρὸς</span> <span class='ocrx_word' id='word_1_506' title='bbox 3181 3815 3342 3886; x_wconf 75' lang='grc' dir='ltr'>ἡμῶν</span> <span class='ocrx_word' id='word_1_507' title='bbox 3403 3808 3732 3884; x_wconf 74' lang='grc' dir='ltr'>Λΐμιλιανοῦ</span> 
     </span>
    </p>
   </div>
   <div class='ocr_carea' id='block_1_86' title="bbox 2611 3885 3196 3956">
    <p class='ocr_par' dir='ltr' id='par_1_86' title="bbox 2611 3885 3196 3956">
     <span class='ocr_line' id='line_1_86' title="bbox 2611 3885 3196 3956; baseline -0.002 -12"><span class='ocrx_word' id='word_1_508' title='bbox 2611 3887 2910 3944; x_wconf 72' lang='grc' dir='ltr'>ἰπισκόπου</span> <span class='ocrx_word' id='word_1_509' title='bbox 2942 3885 3196 3956; x_wconf 76' lang='grc' dir='ltr'>Κυζίκου.</span> 
     </span>
    </p>
   </div>
   <div class='ocr_carea' id='block_1_87' title="bbox 2155 3988 3732 4073">
    <p class='ocr_par' dir='ltr' id='par_1_87' title="bbox 2155 3988 3732 4073">
     <span class='ocr_line' id='line_1_87' title="bbox 2155 3988 3732 4073; baseline -0.009 -18"><span class='ocrx_word' id='word_1_510' title='bbox 2155 3997 2487 4073; x_wconf 71' lang='grc' dir='ltr'>Αἰμιλιανὸς</span> <span class='ocrx_word' id='word_1_511' title='bbox 2519 3997 2548 4052; x_wconf 93' lang='grc' dir='ltr'>ὁ</span> <span class='ocrx_word' id='word_1_512' title='bbox 2581 3995 2632 4052; x_wconf 71' lang='grc' dir='ltr'>ἐν</span> <span class='ocrx_word' id='word_1_513' title='bbox 2667 3994 2840 4070; x_wconf 81' lang='grc' dir='ltr'>ἁγίοις</span> <span class='ocrx_word' id='word_1_514' title='bbox 2870 3995 3059 4069; x_wconf 75' lang='grc' dir='ltr'>Πατὴρ</span> <span class='ocrx_word' id='word_1_515' title='bbox 3091 3991 3250 4062; x_wconf 80' lang='grc' dir='ltr'>ἡμῶν</span> <span class='ocrx_word' id='word_1_516' title='bbox 3283 3989 3373 4045; x_wconf 79' lang='grc' dir='ltr'>καὶ</span> <span class='ocrx_word' id='word_1_517' title='bbox 3425 3988 3593 4065; x_wconf 69' lang='grc' dir='ltr'>μέγας</span> <span class='ocrx_word' id='word_1_518' title='bbox 3646 3988 3732 4042; x_wconf 70' lang='grc' dir='ltr'>ἱε-</span> 
     </span>
    </p>
   </div>
   <div class='ocr_carea' id='block_1_88' title="bbox 2089 4075 3732 4168">
    <p class='ocr_par' dir='ltr' id='par_1_88' title="bbox 2089 4075 3732 4168">
     <span class='ocr_line' id='line_1_88' title="bbox 2089 4075 3732 4168; baseline -0.01 -23"><span class='ocrx_word' id='word_1_519' title='bbox 2089 4093 2392 4168; x_wconf 84' lang='grc' dir='ltr'>ρομάρτυρ,</span> <span class='ocrx_word' id='word_1_520' title='bbox 2423 4086 2514 4142; x_wconf 81' lang='grc' dir='ltr'>καὶ</span> <span class='ocrx_word' id='word_1_521' title='bbox 2545 4082 2925 4160; x_wconf 77' lang='grc' dir='ltr'>ὁμολογητής,</span> <span class='ocrx_word' id='word_1_522' title='bbox 2976 4081 3043 4152; x_wconf 81' lang='grc' dir='ltr'>ἦν</span> <span class='ocrx_word' id='word_1_523' title='bbox 3081 4080 3175 4154; x_wconf 75' lang='grc' dir='ltr'>μὶν</span> <span class='ocrx_word' id='word_1_524' title='bbox 3222 4077 3310 4134; x_wconf 78' lang='grc' dir='ltr'>ἐπὶ</span> <span class='ocrx_word' id='word_1_525' title='bbox 3357 4082 3468 4134; x_wconf 89' lang='grc' dir='ltr'>τῶν</span> <span class='ocrx_word' id='word_1_526' title='bbox 3518 4075 3732 4168; x_wconf 79' lang='grc' dir='ltr'>χρόνων</span> 
     </span>
    </p>
   </div>
   <div class='ocr_carea' id='block_1_89' title="bbox 2086 4163 3736 4250">
    <p class='ocr_par' dir='ltr' id='par_1_89' title="bbox 2086 4163 3736 4250">
     <span class='ocr_line' id='line_1_89' title="bbox 2086 4163 3736 4250; baseline -0.009 -16"><span class='ocrx_word' id='word_1_527' title='bbox 2086 4163 2194 4234; x_wconf 74' lang='grc' dir='ltr'>τῶν</span> <span class='ocrx_word' id='word_1_528' title='bbox 2241 4163 2630 4250; x_wconf 11' lang='grc' dir='ltr'>γείκονομάχων</span> <span class='ocrx_word' id='word_1_529' title='bbox 2685 4171 2978 4248; x_wconf 71' lang='grc' dir='ltr'>βασιλέων,</span> <span class='ocrx_word' id='word_1_530' title='bbox 3029 4168 3327 4230; x_wconf 65' lang='grc' dir='ltr'>ἐπίσκοπος</span> <span class='ocrx_word' id='word_1_531' title='bbox 3368 4173 3468 4237; x_wconf 79' lang='grc' dir='ltr'>τῆς</span> <span class='ocrx_word' id='word_1_532' title='bbox 3519 4163 3736 4225; x_wconf 77' lang='grc' dir='ltr'>πόλεως</span> 
     </span>
    </p>
   </div>
   <div class='ocr_carea' id='block_1_90' title="bbox 2089 4256 3733 4339">
    <p class='ocr_par' dir='ltr' id='par_1_90' title="bbox 2089 4256 3733 4339">
     <span class='ocr_line' id='line_1_90' title="bbox 2089 4256 3733 4339; baseline -0.012 -13"><span class='ocrx_word' id='word_1_533' title='bbox 2089 4268 2345 4338; x_wconf 80' lang='grc' dir='ltr'>Κυζίκου’</span> <span class='ocrx_word' id='word_1_534' title='bbox 2375 4265 2645 4339; x_wconf 80' lang='grc' dir='ltr'>διέλαμπε</span> <span class='ocrx_word' id='word_1_535' title='bbox 2684 4263 2742 4319; x_wconf 68' lang='grc' dir='ltr'>δὲ</span> <span class='ocrx_word' id='word_1_536' title='bbox 2774 4263 2836 4319; x_wconf 78' lang='grc' dir='ltr'>οὐ</span> <span class='ocrx_word' id='word_1_537' title='bbox 2900 4261 3064 4336; x_wconf 89' lang='grc' dir='ltr'>μόνον</span> <span class='ocrx_word' id='word_1_538' title='bbox 3114 4256 3352 4331; x_wconf 74' lang='grc' dir='ltr'>εὐσεϐείᾳ</span> <span class='ocrx_word' id='word_1_539' title='bbox 3398 4256 3486 4313; x_wconf 81' lang='grc' dir='ltr'>καὶ</span> <span class='ocrx_word' id='word_1_540' title='bbox 3537 4256 3733 4332; x_wconf 80' lang='grc' dir='ltr'>γνώσει</span> 
     </span>
    </p>
   </div>
   <div class='ocr_carea' id='block_1_91' title="bbox 2089 4346 3736 4433">
    <p class='ocr_par' dir='ltr' id='par_1_91' title="bbox 2089 4346 3736 4433">
     <span class='ocr_line' id='line_1_91' title="bbox 2089 4346 3736 4433; baseline -0.012 -17"><span class='ocrx_word' id='word_1_541' title='bbox 2089 4360 2179 4417; x_wconf 86' lang='grc' dir='ltr'>καὶ</span> <span class='ocrx_word' id='word_1_542' title='bbox 2207 4363 2276 4433; x_wconf 76' lang='grc' dir='ltr'>τῇ</span> <span class='ocrx_word' id='word_1_543' title='bbox 2308 4358 2480 4432; x_wconf 77' lang='grc' dir='ltr'>λοιπῇ</span> <span class='ocrx_word' id='word_1_544' title='bbox 2510 4356 2830 4412; x_wconf 72' lang='grc' dir='ltr'>καταπάτει</span> <span class='ocrx_word' id='word_1_545' title='bbox 2865 4351 3142 4427; x_wconf 79' lang='grc' dir='ltr'>πρεπούσῃ</span> <span class='ocrx_word' id='word_1_546' title='bbox 3185 4356 3304 4412; x_wconf 88' lang='grc' dir='ltr'>τοῖς</span> <span class='ocrx_word' id='word_1_547' title='bbox 3349 4346 3520 4410; x_wconf 74' lang='grc' dir='ltr'>ὅντως</span> <span class='ocrx_word' id='word_1_548' title='bbox 3572 4346 3736 4420; x_wconf 84' lang='grc' dir='ltr'>ἀρχι-</span> 
     </span>
    </p>
   </div>
   <div class='ocr_carea' id='block_1_92' title="bbox 2093 4434 3732 4526">
    <p class='ocr_par' dir='ltr' id='par_1_92' title="bbox 2093 4434 3732 4526">
     <span class='ocr_line' id='line_1_92' title="bbox 2093 4434 3732 4526; baseline -0.011 -22"><span class='ocrx_word' id='word_1_549' title='bbox 2093 4452 2320 4526; x_wconf 88' lang='grc' dir='ltr'>ερεῦσιν,</span> <span class='ocrx_word' id='word_1_550' title='bbox 2353 4444 2620 4502; x_wconf 73' lang='grc' dir='ltr'>ἀλλὰκαὶ</span> <span class='ocrx_word' id='word_1_551' title='bbox 2675 4443 3037 4518; x_wconf 70' lang='grc' dir='ltr'>ἐλεημοσύνη,</span> <span class='ocrx_word' id='word_1_552' title='bbox 3097 4442 3185 4496; x_wconf 75' lang='grc' dir='ltr'>καὶ</span> <span class='ocrx_word' id='word_1_553' title='bbox 3247 4434 3571 4526; x_wconf 78' lang='grc' dir='ltr'>συμπαθείᾳ,</span> <span class='ocrx_word' id='word_1_554' title='bbox 3632 4455 3732 4526; x_wconf 78' lang='grc' dir='ltr'>μα·-</span> 
     </span>
    </p>
   </div>
   <div class='ocr_carea' id='block_1_93' title="bbox 2092 4522 3729 4615">
    <p class='ocr_par' dir='ltr' id='par_1_93' title="bbox 2092 4522 3729 4615">
     <span class='ocr_line' id='line_1_93' title="bbox 2092 4522 3729 4615; baseline -0.012 -21"><span class='ocrx_word' id='word_1_555' title='bbox 2092 4522 2362 4615; x_wconf 24' lang='grc' dir='ltr'>κνροθυμίᾳ</span> <span class='ocrx_word' id='word_1_556' title='bbox 2391 4557 2448 4590; x_wconf 89' lang='grc' dir='ltr'>τε</span> <span class='ocrx_word' id='word_1_557' title='bbox 2477 4535 2566 4590; x_wconf 85' lang='grc' dir='ltr'>καὶ</span> <span class='ocrx_word' id='word_1_558' title='bbox 2598 4529 2960 4610; x_wconf 82' lang='grc' dir='ltr'>χρηστότητι.</span> <span class='ocrx_word' id='word_1_559' title='bbox 2993 4534 3130 4608; x_wconf 80' lang='grc' dir='ltr'>Εἶχε</span> <span class='ocrx_word' id='word_1_560' title='bbox 3158 4527 3214 4586; x_wconf 72' lang='grc' dir='ltr'>δὲ</span> <span class='ocrx_word' id='word_1_561' title='bbox 3243 4528 3330 4584; x_wconf 84' lang='grc' dir='ltr'>καὶ</span> <span class='ocrx_word' id='word_1_562' title='bbox 3365 4524 3531 4596; x_wconf 81' lang='grc' dir='ltr'>ζῆλον</span> <span class='ocrx_word' id='word_1_563' title='bbox 3549 4522 3729 4615; x_wconf 18' lang='grc' dir='ltr'>*θεῖκδν</span> 
     </span>
    </p>
   </div>
   <div class='ocr_carea' id='block_1_94' title="bbox 328 4609 1972 4705">
    <p class='ocr_par' dir='ltr' id='par_1_94' title="bbox 328 4623 1972 4698">
     <span class='ocr_line' id='line_1_94' title="bbox 328 4623 1972 4698; baseline 0.002 -23"><span class='ocrx_word' id='word_1_564' title='bbox 328 4623 497 4678; x_wconf 91' lang='lat' dir='ltr'>Zelus</span> <span class='ocrx_word' id='word_1_565' title='bbox 526 4624 615 4678; x_wconf 92' lang='lat' dir='ltr'>illi</span> <span class='ocrx_word' id='word_1_566' title='bbox 647 4625 883 4681; x_wconf 88' lang='lat' dir='ltr'>divinus</span> <span class='ocrx_word' id='word_1_567' title='bbox 914 4631 1040 4682; x_wconf 88' lang='lat' dir='ltr'>erat</span> <span class='ocrx_word' id='word_1_568' title='bbox 1096 4642 1201 4698; x_wconf 89' lang='lat' dir='ltr'>pro</span> <span class='ocrx_word' id='word_1_569' title='bbox 1250 4625 1365 4680; x_wconf 79' lang='lat' dir='ltr'>fide</span> <span class='ocrx_word' id='word_1_570' title='bbox 1407 4624 1756 4686; x_wconf 83' lang='lat' dir='ltr'>orthodoxa.</span> <span class='ocrx_word' id='word_1_571' title='bbox 1790 4623 1972 4678; x_wconf 81' lang='lat' dir='ltr'>fiden-</span> 
     </span>
    </p>
   </div>
   <div class='ocr_carea' id='block_1_95' title="bbox 2089 4609 3736 4705">
    <p class='ocr_par' dir='ltr' id='par_1_95' title="bbox 2093 4609 3736 4705">
     <span class='ocr_line' id='line_1_95' title="bbox 2093 4609 3736 4705; baseline -0.011 -20"><span class='ocrx_word' id='word_1_572' title='bbox 2093 4609 2224 4705; x_wconf 70' lang='grc' dir='ltr'>ὗπὶρ</span> <span class='ocrx_word' id='word_1_573' title='bbox 2255 4609 2355 4698; x_wconf 78' lang='grc' dir='ltr'>τῆς</span> <span class='ocrx_word' id='word_1_574' title='bbox 2388 4609 2680 4702; x_wconf 78' lang='grc' dir='ltr'>ὀρθοδόξου</span> <span class='ocrx_word' id='word_1_575' title='bbox 2716 4623 2966 4685; x_wconf 85' lang='grc' dir='ltr'>πίστεως·</span> <span class='ocrx_word' id='word_1_576' title='bbox 3011 4623 3100 4676; x_wconf 82' lang='grc' dir='ltr'>καί</span> <span class='ocrx_word' id='word_1_577' title='bbox 3153 4615 3409 4676; x_wconf 75' lang='grc' dir='ltr'>διέϐαλλε</span> <span class='ocrx_word' id='word_1_578' title='bbox 3459 4613 3736 4705; x_wconf 65' lang='grc' dir='ltr'>παρῥησίᾳ</span> 
     </span>
    </p>
   </div>
   <div class='ocr_carea' id='block_1_96' title="bbox 330 4712 1970 4788">
    <p class='ocr_par' dir='ltr' id='par_1_96' title="bbox 330 4712 1970 4788">
     <span class='ocr_line' id='line_1_96' title="bbox 330 4712 1970 4788; baseline 0.002 -24"><span class='ocrx_word' id='word_1_579' title='bbox 330 4717 536 4783; x_wconf 90' lang='lat' dir='ltr'>terque</span> <span class='ocrx_word' id='word_1_580' title='bbox 569 4715 761 4770; x_wconf 87' lang='lat' dir='ltr'>verbis</span> <span class='ocrx_word' id='word_1_581' title='bbox 793 4732 893 4771; x_wconf 90' lang='lat' dir='ltr'>eos</span> <span class='ocrx_word' id='word_1_582' title='bbox 924 4714 1382 4788; x_wconf 89' lang='lat' dir='ltr'>perstringebat,</span> <span class='ocrx_word' id='word_1_583' title='bbox 1441 4713 1544 4786; x_wconf 92' lang='lat' dir='ltr'>qui</span> <span class='ocrx_word' id='word_1_584' title='bbox 1603 4712 1970 4780; x_wconf 89' lang='lat' dir='ltr'>adoratione,</span> 
     </span>
    </p>
   </div>
   <div class='ocr_carea' id='block_1_97' title="bbox 329 4801 1977 4880">
    <p class='ocr_par' dir='ltr' id='par_1_97' title="bbox 329 4801 1977 4880">
     <span class='ocr_line' id='line_1_97' title="bbox 329 4801 1977 4880; baseline 0.003 -27"><span class='ocrx_word' id='word_1_585' title='bbox 329 4807 386 4854; x_wconf 92' lang='lat' dir='ltr'>et</span> <span class='ocrx_word' id='word_1_586' title='bbox 409 4801 633 4858; x_wconf 87' lang='lat' dir='ltr'>honore</span> <span class='ocrx_word' id='word_1_587' title='bbox 667 4821 865 4861; x_wconf 87' lang='lat' dir='ltr'>sacras</span> <span class='ocrx_word' id='word_1_588' title='bbox 895 4807 1186 4880; x_wconf 88' lang='lat' dir='ltr'>imagines</span> <span class='ocrx_word' id='word_1_589' title='bbox 1236 4805 1483 4861; x_wconf 90' lang='lat' dir='ltr'>minime</span> <span class='ocrx_word' id='word_1_590' title='bbox 1541 4803 1977 4876; x_wconf 88' lang='lat' dir='ltr'>prosequeban-</span> 
     </span>
    </p>
   </div>
   <div class='ocr_carea' id='block_1_98' title="bbox 327 4891 1976 4968">
    <p class='ocr_par' dir='ltr' id='par_1_98' title="bbox 327 4891 1976 4968">
     <span class='ocr_line' id='line_1_98' title="bbox 327 4891 1976 4968; baseline 0.002 -27"><span class='ocrx_word' id='word_1_591' title='bbox 327 4894 442 4951; x_wconf 90' lang='lat' dir='ltr'>tur,</span> <span class='ocrx_word' id='word_1_592' title='bbox 478 4891 791 4949; x_wconf 68' lang='lat' dir='ltr'>haereticos</span> <span class='ocrx_word' id='word_1_593' title='bbox 822 4895 983 4965; x_wconf 89' lang='lat' dir='ltr'>ipsos</span> <span class='ocrx_word' id='word_1_594' title='bbox 1009 4895 1525 4968; x_wconf 84' lang='lat' dir='ltr'>appellaus,atque</span> <span class='ocrx_word' id='word_1_595' title='bbox 1540 4892 1976 4950; x_wconf 86' lang='lat' dir='ltr'>Christiinimi-</span> 
     </span>
    </p>
   </div>
   <div class='ocr_carea' id='block_1_99' title="bbox 329 4979 1974 5054">
    <p class='ocr_par' dir='ltr' id='par_1_99' title="bbox 329 4979 1974 5054">
     <span class='ocr_line' id='line_1_99' title="bbox 329 4979 1974 5054; baseline 0.001 -22"><span class='ocrx_word' id='word_1_596' title='bbox 329 4994 446 5032; x_wconf 93' lang='lat' dir='ltr'>cos.</span> <span class='ocrx_word' id='word_1_597' title='bbox 462 4979 696 5038; x_wconf 89' lang='lat' dir='ltr'>Delatus</span> <span class='ocrx_word' id='word_1_598' title='bbox 721 4984 922 5054; x_wconf 88' lang='lat' dir='ltr'>itaque</span> <span class='ocrx_word' id='word_1_599' title='bbox 941 5002 974 5040; x_wconf 88' lang='lat' dir='ltr'>a</span> <span class='ocrx_word' id='word_1_600' title='bbox 995 4985 1256 5040; x_wconf 89' lang='lat' dir='ltr'>veritatis</span> <span class='ocrx_word' id='word_1_601' title='bbox 1279 4983 1550 5040; x_wconf 91' lang='lat' dir='ltr'>hostibus</span> <span class='ocrx_word' id='word_1_602' title='bbox 1571 4982 1727 5054; x_wconf 88' lang='lat' dir='ltr'>apud</span> <span class='ocrx_word' id='word_1_603' title='bbox 1759 4981 1974 5037; x_wconf 85' lang='lat' dir='ltr'>Christi</span> 
     </span>
    </p>
   </div>
   <div class='ocr_carea' id='block_1_100' title="bbox 327 5067 1974 5143">
    <p class='ocr_par' dir='ltr' id='par_1_100' title="bbox 327 5067 1974 5143">
     <span class='ocr_line' id='line_1_100' title="bbox 327 5067 1974 5143; baseline 0.003 -22"><span class='ocrx_word' id='word_1_604' title='bbox 327 5067 728 5124; x_wconf 86' lang='lat' dir='ltr'>adversarium</span> <span class='ocrx_word' id='word_1_605' title='bbox 780 5073 1200 5143; x_wconf 88' lang='lat' dir='ltr'>imperatorem</span> <span class='ocrx_word' id='word_1_606' title='bbox 1243 5074 1518 5140; x_wconf 88' lang='lat' dir='ltr'>Leonem,</span> <span class='ocrx_word' id='word_1_607' title='bbox 1550 5072 1974 5142; x_wconf 91' lang='lat' dir='ltr'>detentusque,</span> 
     </span>
    </p>
   </div>
   <div class='ocr_carea' id='block_1_101' title="bbox 325 5155 1975 5232">
    <p class='ocr_par' dir='ltr' id='par_1_101' title="bbox 325 5155 1975 5232">
     <span class='ocr_line' id='line_1_101' title="bbox 325 5155 1975 5232; baseline 0.002 -22"><span class='ocrx_word' id='word_1_608' title='bbox 325 5155 396 5210; x_wconf 87' lang='lat' dir='ltr'>ad</span> <span class='ocrx_word' id='word_1_609' title='bbox 433 5173 569 5212; x_wconf 91' lang='lat' dir='ltr'>eum</span> <span class='ocrx_word' id='word_1_610' title='bbox 600 5159 830 5216; x_wconf 86' lang='lat' dir='ltr'>vinctus</span> <span class='ocrx_word' id='word_1_611' title='bbox 861 5161 1176 5218; x_wconf 89' lang='lat' dir='ltr'>adducitur</span> <span class='ocrx_word' id='word_1_612' title='bbox 1197 5166 1405 5232; x_wconf 86' lang='lat' dir='ltr'>;atque</span> <span class='ocrx_word' id='word_1_613' title='bbox 1435 5162 1767 5216; x_wconf 90' lang='lat' dir='ltr'>innumeris</span> <span class='ocrx_word' id='word_1_614' title='bbox 1784 5161 1975 5232; x_wconf 90' lang='lat' dir='ltr'>primo</span> 
     </span>
    </p>
   </div>
   <div class='ocr_carea' id='block_1_102' title="bbox 327 5245 1979 5322">
    <p class='ocr_par' dir='ltr' id='par_1_102' title="bbox 327 5245 1979 5322">
     <span class='ocr_line' id='line_1_102' title="bbox 327 5245 1979 5322; baseline 0.003 -23"><span class='ocrx_word' id='word_1_615' title='bbox 327 5245 634 5317; x_wconf 87' lang='lat' dir='ltr'>subjectus</span> <span class='ocrx_word' id='word_1_616' title='bbox 659 5248 1164 5318; x_wconf 81' lang='lat' dir='ltr'>afﬂictationibus,</span> <span class='ocrx_word' id='word_1_617' title='bbox 1188 5255 1394 5322; x_wconf 88' lang='lat' dir='ltr'>postea</span> <span class='ocrx_word' id='word_1_618' title='bbox 1421 5250 1608 5320; x_wconf 87' lang='lat' dir='ltr'>patris</span> <span class='ocrx_word' id='word_1_619' title='bbox 1640 5249 1862 5304; x_wconf 79' lang='lat' dir='ltr'>finibus</span> <span class='ocrx_word' id='word_1_620' title='bbox 1886 5265 1979 5304; x_wconf 83' lang='lat' dir='ltr'>ex-</span> 
     </span>
    </p>
   </div>
   <div class='ocr_carea' id='block_1_103' title="bbox 330 5335 1978 5410">
    <p class='ocr_par' dir='ltr' id='par_1_103' title="bbox 330 5335 1978 5410">
     <span class='ocr_line' id='line_1_103' title="bbox 330 5335 1978 5410; baseline 0.002 -23"><span class='ocrx_word' id='word_1_621' title='bbox 330 5335 1012 5409; x_wconf 87' lang='lat' dir='ltr'>terminatus.plurimas</span> <span class='ocrx_word' id='word_1_622' title='bbox 1043 5352 1360 5410; x_wconf 90' lang='lat' dir='ltr'>perpessus</span> <span class='ocrx_word' id='word_1_623' title='bbox 1391 5337 1454 5391; x_wconf 91' lang='lat' dir='ltr'>in</span> <span class='ocrx_word' id='word_1_624' title='bbox 1487 5335 1696 5391; x_wconf 83' lang='lat' dir='ltr'>exsilio</span> <span class='ocrx_word' id='word_1_625' title='bbox 1717 5335 1978 5391; x_wconf 80' lang='lat' dir='ltr'>vexatio-</span> 
     </span>
    </p>
   </div>
   <div class='ocr_carea' id='block_1_104' title="bbox 330 5434 1088 5495">
    <p class='ocr_par' dir='ltr' id='par_1_104' title="bbox 330 5434 1088 5495">
     <span class='ocr_line' id='line_1_104' title="bbox 330 5434 1088 5495; baseline 0.007 -17"><span class='ocrx_word' id='word_1_626' title='bbox 330 5440 458 5495; x_wconf 86' lang='lat' dir='ltr'>nes,</span> <span class='ocrx_word' id='word_1_627' title='bbox 493 5434 942 5484; x_wconf 88' lang='lat' dir='ltr'>consummatus</span> <span class='ocrx_word' id='word_1_628' title='bbox 979 5434 1088 5483; x_wconf 93' lang='lat' dir='ltr'>est.</span> 
     </span>
    </p>
   </div>
   <div class='ocr_carea' id='block_1_105' title="bbox 406 5557 1910 5617">
    <p class='ocr_par' dir='ltr' id='par_1_105' title="bbox 406 5557 1910 5617">
     <span class='ocr_line' id='line_1_105' title="bbox 406 5557 1910 5617; baseline 0.002 -4"><span class='ocrx_word' id='word_1_629' title='bbox 406 5557 555 5614; x_wconf 77' lang='lat' dir='ltr'>I97</span> <span class='ocrx_word' id='word_1_630' title='bbox 589 5561 663 5616; x_wconf 83' lang='lat' dir='ltr'>Et</span> <span class='ocrx_word' id='word_1_631' title='bbox 691 5564 959 5617; x_wconf 77' lang='lat' dir='ltr'>memoria</span> <span class='ocrx_word' id='word_1_632' title='bbox 977 5561 1156 5617; x_wconf 78' lang='lat' dir='ltr'>sancti</span> <span class='ocrx_word' id='word_1_633' title='bbox 1182 5559 1366 5614; x_wconf 79' lang='lat' dir='ltr'>Patris</span> <span class='ocrx_word' id='word_1_634' title='bbox 1393 5561 1568 5616; x_wconf 73' lang='lat' dir='ltr'>nostri</span> <span class='ocrx_word' id='word_1_635' title='bbox 1602 5559 1910 5616; x_wconf 64' lang='lat' dir='ltr'>Theodosii.</span> 
     </span>
    </p>
   </div>
   <div class='ocr_carea' id='block_1_106' title="bbox 405 5699 1980 5761">
    <p class='ocr_par' dir='ltr' id='par_1_106' title="bbox 405 5699 1980 5761">
     <span class='ocr_line' id='line_1_106' title="bbox 405 5699 1980 5761; baseline 0.003 -7"><span class='ocrx_word' id='word_1_636' title='bbox 405 5701 656 5760; x_wconf 90' lang='lat' dir='ltr'>Sanctus</span> <span class='ocrx_word' id='word_1_637' title='bbox 686 5704 862 5760; x_wconf 86' lang='lat' dir='ltr'>Pater</span> <span class='ocrx_word' id='word_1_638' title='bbox 891 5708 1094 5761; x_wconf 87' lang='lat' dir='ltr'>noster</span> <span class='ocrx_word' id='word_1_639' title='bbox 1125 5699 1488 5758; x_wconf 80' lang='lat' dir='ltr'>Theodosius</span> <span class='ocrx_word' id='word_1_640' title='bbox 1519 5713 1552 5758; x_wconf 76' lang='grc' dir='ltr'>ο.</span> <span class='ocrx_word' id='word_1_641' title='bbox 1599 5699 1837 5758; x_wconf 72' lang='lat' dir='ltr'>tenellis</span> <span class='ocrx_word' id='word_1_642' title='bbox 1871 5715 1980 5758; x_wconf 87' lang='lat' dir='ltr'>un-</span> 
     </span>
    </p>
   </div>
   <div class='ocr_carea' id='block_1_107' title="bbox 2081 4701 3738 4793">
    <p class='ocr_par' dir='ltr' id='par_1_107' title="bbox 2081 4701 3738 4793">
     <span class='ocr_line' id='line_1_107' title="bbox 2081 4701 3738 4793; baseline -0.011 -18"><span class='ocrx_word' id='word_1_643' title='bbox 2081 4719 2210 4782; x_wconf 75' lang='grc' dir='ltr'>τοῦς</span> <span class='ocrx_word' id='word_1_644' title='bbox 2273 4719 2348 4792; x_wconf 78' lang='grc' dir='ltr'>μὴ</span> <span class='ocrx_word' id='word_1_645' title='bbox 2408 4717 2870 4793; x_wconf 74' lang='grc' dir='ltr'>προσκυνοῦντας,</span> <span class='ocrx_word' id='word_1_646' title='bbox 2931 4710 3022 4766; x_wconf 87' lang='grc' dir='ltr'>καὶ</span> <span class='ocrx_word' id='word_1_647' title='bbox 3103 4713 3382 4782; x_wconf 81' lang='grc' dir='ltr'>τιμῶντας</span> <span class='ocrx_word' id='word_1_648' title='bbox 3429 4705 3524 4767; x_wconf 77' lang='grc' dir='ltr'>τὰς</span> <span class='ocrx_word' id='word_1_649' title='bbox 3584 4701 3738 4777; x_wconf 85' lang='grc' dir='ltr'>ἁγίας</span> 
     </span>
    </p>
   </div>
   <div class='ocr_carea' id='block_1_108' title="bbox 2085 4790 3741 4881">
    <p class='ocr_par' dir='ltr' id='par_1_108' title="bbox 2085 4790 3741 4881">
     <span class='ocr_line' id='line_1_108' title="bbox 2085 4790 3741 4881; baseline -0.01 -18"><span class='ocrx_word' id='word_1_650' title='bbox 2085 4790 2322 4873; x_wconf 75' lang='grc' dir='ltr'>εἰκόνας,</span> <span class='ocrx_word' id='word_1_651' title='bbox 2353 4790 2659 4881; x_wconf 72' lang='grc' dir='ltr'>αἱρετικοῦς</span> <span class='ocrx_word' id='word_1_652' title='bbox 2718 4801 2917 4864; x_wconf 72' lang='grc' dir='ltr'>αὐτοὺς</span> <span class='ocrx_word' id='word_1_653' title='bbox 2979 4799 3300 4870; x_wconf 80' lang='grc' dir='ltr'>ἀποκαλῶν,</span> <span class='ocrx_word' id='word_1_654' title='bbox 3358 4817 3447 4851; x_wconf 86' lang='grc' dir='ltr'>και</span> <span class='ocrx_word' id='word_1_655' title='bbox 3505 4790 3741 4881; x_wconf 76' lang='grc' dir='ltr'>ἐχθροὺς</span> 
     </span>
    </p>
   </div>
   <div class='ocr_carea' id='block_1_109' title="bbox 2085 4880 3740 4973">
    <p class='ocr_par' dir='ltr' id='par_1_109' title="bbox 2085 4880 3740 4973">
     <span class='ocr_line' id='line_1_109' title="bbox 2085 4880 3740 4973; baseline -0.011 -19"><span class='ocrx_word' id='word_1_656' title='bbox 2085 4902 2180 4954; x_wconf 92' lang='grc' dir='ltr'>τοῦ</span> <span class='ocrx_word' id='word_1_657' title='bbox 2210 4880 2473 4973; x_wconf 85' lang='grc' dir='ltr'>Χριστοῦ.</span> <span class='ocrx_word' id='word_1_658' title='bbox 2509 4888 2840 4963; x_wconf 74' lang='grc' dir='ltr'>Διαϐληθείς</span> <span class='ocrx_word' id='word_1_659' title='bbox 2872 4891 2962 4946; x_wconf 78' lang='grc' dir='ltr'>οὖν</span> <span class='ocrx_word' id='word_1_660' title='bbox 2995 4893 3077 4961; x_wconf 81' lang='grc' dir='ltr'>τῷ</span> <span class='ocrx_word' id='word_1_661' title='bbox 3125 4886 3470 4962; x_wconf 85' lang='grc' dir='ltr'>μισοχρίστῳ</span> <span class='ocrx_word' id='word_1_662' title='bbox 3523 4880 3740 4973; x_wconf 81' lang='grc' dir='ltr'>βασιλεῖ</span> 
     </span>
    </p>
   </div>
   <div class='ocr_carea' id='block_1_110' title="bbox 2087 4971 3737 5061">
    <p class='ocr_par' dir='ltr' id='par_1_110' title="bbox 2087 4971 3737 5061">
     <span class='ocr_line' id='line_1_110' title="bbox 2087 4971 3737 5061; baseline -0.012 -17"><span class='ocrx_word' id='word_1_663' title='bbox 2087 4971 2454 5061; x_wconf 76' lang='grc' dir='ltr'>Λὲοντιπαρᾶ</span> <span class='ocrx_word' id='word_1_664' title='bbox 2491 4988 2597 5039; x_wconf 89' lang='grc' dir='ltr'>τῶν</span> <span class='ocrx_word' id='word_1_665' title='bbox 2653 4989 2752 5051; x_wconf 79' lang='grc' dir='ltr'>τῆς</span> <span class='ocrx_word' id='word_1_666' title='bbox 2809 4979 3068 5050; x_wconf 81' lang='grc' dir='ltr'>ἀληθείας</span> <span class='ocrx_word' id='word_1_667' title='bbox 3128 4976 3368 5053; x_wconf 79' lang='grc' dir='ltr'>ἐχθρῶν,</span> <span class='ocrx_word' id='word_1_668' title='bbox 3425 4971 3737 5050; x_wconf 76' lang='grc' dir='ltr'>κρατηθεὶς,</span> 
     </span>
    </p>
   </div>
   <div class='ocr_carea' id='block_1_111' title="bbox 2087 5065 3738 5154">
    <p class='ocr_par' dir='ltr' id='par_1_111' title="bbox 2087 5065 3738 5154">
     <span class='ocr_line' id='line_1_111' title="bbox 2087 5065 3738 5154; baseline -0.01 -20"><span class='ocrx_word' id='word_1_669' title='bbox 2087 5081 2240 5154; x_wconf 76' lang='grc' dir='ltr'>ἢχθη</span> <span class='ocrx_word' id='word_1_670' title='bbox 2306 5075 2527 5151; x_wconf 72' lang='grc' dir='ltr'>δέσμιος</span> <span class='ocrx_word' id='word_1_671' title='bbox 2583 5075 2720 5151; x_wconf 87' lang='grc' dir='ltr'>πρὸς</span> <span class='ocrx_word' id='word_1_672' title='bbox 2772 5071 2957 5128; x_wconf 74' lang='grc' dir='ltr'>αὐτόν.</span> <span class='ocrx_word' id='word_1_673' title='bbox 3019 5069 3123 5126; x_wconf 76' lang='grc' dir='ltr'>Καὶ</span> <span class='ocrx_word' id='word_1_674' title='bbox 3187 5067 3403 5145; x_wconf 86' lang='grc' dir='ltr'>μυρίαις</span> <span class='ocrx_word' id='word_1_675' title='bbox 3471 5065 3738 5154; x_wconf 75' lang='grc' dir='ltr'>κακῴσεσι</span> 
     </span>
    </p>
   </div>
   <div class='ocr_carea' id='block_1_112' title="bbox 2088 5153 3739 5240">
    <p class='ocr_par' dir='ltr' id='par_1_112' title="bbox 2088 5153 3739 5240">
     <span class='ocr_line' id='line_1_112' title="bbox 2088 5153 3739 5240; baseline -0.01 -16"><span class='ocrx_word' id='word_1_676' title='bbox 2088 5153 2534 5236; x_wconf 74' lang='grc' dir='ltr'>καθυποϐληθεῖς</span> <span class='ocrx_word' id='word_1_677' title='bbox 2588 5164 2877 5240; x_wconf 84' lang='grc' dir='ltr'>πρότερον,</span> <span class='ocrx_word' id='word_1_678' title='bbox 2934 5160 3154 5234; x_wconf 72' lang='grc' dir='ltr'>ὕστερον</span> <span class='ocrx_word' id='word_1_679' title='bbox 3209 5156 3525 5231; x_wconf 76' lang='grc' dir='ltr'>ἐξορισθεῖς,</span> <span class='ocrx_word' id='word_1_680' title='bbox 3568 5153 3620 5209; x_wconf 72' lang='grc' dir='ltr'>ἐν</span> <span class='ocrx_word' id='word_1_681' title='bbox 3672 5156 3739 5226; x_wconf 78' lang='grc' dir='ltr'>τῇ</span> 
     </span>
    </p>
   </div>
   <div class='ocr_carea' id='block_1_113' title="bbox 2087 5244 3739 5332">
    <p class='ocr_par' dir='ltr' id='par_1_113' title="bbox 2087 5244 3739 5332">
     <span class='ocr_line' id='line_1_113' title="bbox 2087 5244 3739 5332; baseline -0.009 -19"><span class='ocrx_word' id='word_1_682' title='bbox 2087 5257 2267 5332; x_wconf 73' lang='grc' dir='ltr'>ἰξορίᾳ</span> <span class='ocrx_word' id='word_1_683' title='bbox 2315 5253 2565 5316; x_wconf 76' lang='grc' dir='ltr'>πολλοὺς</span> <span class='ocrx_word' id='word_1_684' title='bbox 2631 5251 2968 5329; x_wconf 77' lang='grc' dir='ltr'>πειρασμοῦς</span> <span class='ocrx_word' id='word_1_685' title='bbox 3029 5248 3347 5322; x_wconf 80' lang='grc' dir='ltr'>ὑπομείνας,</span> <span class='ocrx_word' id='word_1_686' title='bbox 3425 5244 3739 5329; x_wconf 64' lang='grc' dir='ltr'>ἐτελειώθη,</span> 
     </span>
    </p>
   </div>
   <div class='ocr_carea' id='block_1_114' title="bbox 2091 5547 3738 5635">
    <p class='ocr_par' dir='ltr' id='par_1_114' title="bbox 2091 5547 3738 5635">
     <span class='ocr_line' id='line_1_114' title="bbox 2091 5547 3738 5635; baseline -0.009 -17"><span class='ocrx_word' id='word_1_687' title='bbox 2091 5561 2198 5620; x_wconf 79' lang='grc' dir='ltr'>Καὶ</span> <span class='ocrx_word' id='word_1_688' title='bbox 2263 5563 2456 5635; x_wconf 83' lang='grc' dir='ltr'>μνήμη</span> <span class='ocrx_word' id='word_1_689' title='bbox 2514 5563 2615 5616; x_wconf 89' lang='grc' dir='ltr'>τοῦ</span> <span class='ocrx_word' id='word_1_690' title='bbox 2671 5557 2822 5614; x_wconf 84' lang='grc' dir='ltr'>ὁσίου</span> <span class='ocrx_word' id='word_1_691' title='bbox 2885 5555 3095 5632; x_wconf 72' lang='grc' dir='ltr'>[πατρὸς</span> <span class='ocrx_word' id='word_1_692' title='bbox 3179 5554 3342 5627; x_wconf 75' lang='grc' dir='ltr'>ἡμῶν</span> <span class='ocrx_word' id='word_1_693' title='bbox 3425 5547 3738 5606; x_wconf 84' lang='grc' dir='ltr'>Θεοδοσίου.</span> 
     </span>
    </p>
   </div>
   <div class='ocr_carea' id='block_1_115' title="bbox 2167 5687 3738 5774">
    <p class='ocr_par' dir='ltr' id='par_1_115' title="bbox 2167 5687 3738 5774">
     <span class='ocr_line' id='line_1_115' title="bbox 2167 5687 3738 5774; baseline -0.008 -18"><span class='ocrx_word' id='word_1_694' title='bbox 2167 5695 2457 5762; x_wconf 80' lang='grc' dir='ltr'>Θεοδόσιος</span> <span class='ocrx_word' id='word_1_695' title='bbox 2498 5700 2527 5754; x_wconf 90' lang='grc' dir='ltr'>ὁ</span> <span class='ocrx_word' id='word_1_696' title='bbox 2573 5698 2626 5755; x_wconf 74' lang='grc' dir='ltr'>ὁν</span> <span class='ocrx_word' id='word_1_697' title='bbox 2685 5698 2865 5774; x_wconf 75' lang='grc' dir='ltr'>ἁγίοις</span> <span class='ocrx_word' id='word_1_698' title='bbox 2918 5696 3104 5772; x_wconf 81' lang='grc' dir='ltr'>Πατὴρ</span> <span class='ocrx_word' id='word_1_699' title='bbox 3163 5695 3348 5768; x_wconf 70' lang='grc' dir='ltr'>ἡμῶν,</span> <span class='ocrx_word' id='word_1_700' title='bbox 3409 5692 3460 5762; x_wconf 68' lang='grc' dir='ltr'>ἆξ</span> <span class='ocrx_word' id='word_1_701' title='bbox 3515 5687 3738 5745; x_wconf 81' lang='grc' dir='ltr'>ἁπαλῶν</span> 
     </span>
    </p>
   </div>
  </div>
