4202 6314
395 333 513 396 577

1853 328 2290 398 AUGUSTUS.

3692 327 3812 389 578

398 459 616 538 ὀνύχων
642 463 714 535 τῇ
739 462 837 515 τοῦ
884 461 1128 535 Χριστοῦ
1179 457 1378 536 ἐντολῇ
1435 462 1777 538 πειθαρχῶν,
1827 465 1893 537 τῇ
1949 463 2044 518 λε-

2188 462 2371 531 ;uibus
2392 460 2810 533 obtemperans
2843 459 3057 516 Christi
3088 463 3384 532 prmoepto
3415 457 3628 515 aientis
3655 475 3669 512 :
3701 459 3810 525 Qui

403 550 599 626 γούσῃ·
636 550 820 612 Ὀστις
859 547 958 606 οὐκ
1011 548 1206 628 ἀφήσει
1263 551 1469 626 πατέρα
1523 555 1614 607 καί
1675 551 1906 626 μητέρα,
1963 552 2052 608 καὶ

400 637 674 718 ἀδελφοὺς
705 639 798 692 καὶ
830 635 1090 715 ἀδελφὰς,
1145 639 1236 693 καὶ
1292 638 1515 715 ἀγροὺς,
1563 641 1653 696 καὶ
1704 639 1904 708 οἰκίαν,
1961 642 2052 697 καὶ

401 729 505 804 ἀρῃ
538 728 628 782 τὸν
663 726 893 802 σταυρὸν
913 725 1101 795 αὐτοῦ,
1131 728 1218 782 καὶ
1251 726 1547 794 ἀκολουθεῖ
1576 729 1750 784 ὀπίσω
1812 751 1937 802 μου,
1989 731 2052 785 οὐ

408 817 629 873 δύναταί
659 839 766 891 μου
795 819 927 872 εἶναι
991 819 1264 889 μαθητήςο
1324 818 1613 874 κατέλιπεν
1673 819 1903 888 ἃπαντα,
1964 819 2053 875 καὶ

403 907 535 982 ἄρας
567 908 733 962 αὐτοῦ
761 907 855 962 τὸν
885 906 1112 982 σταυρὸν
1144 905 1227 961 ἐπ’
1257 903 1450 980 ὢμων,
1483 909 1862 980 ἠκολούθησεν
1907 909 2054 982 αὐτῷ

397 995 719 1071 προθύμως.
755 995 856 1052 Καὶ
890 994 1188 1070 γενόμενος
1247 998 1512 1071 μοναχὸς,
1563 997 1831 1075 ἐμάκρυνε
1877 1009 2057 1076 φυλα-

410 1084 581 1142 δεύων
611 1084 663 1141 έν
695 1089 764 1160 τῇ
795 1083 1012 1160 ἐρήμῳ·
1073 1085 1207 1141 ποτὲ
1266 1086 1361 1159 μὶν
1423 1083 1476 1141 ἐν
1528 1083 1678 1162 ὄρεσι
1735 1083 2054 1164 διατρίϐων,

407 1176 540 1231 ποτὶ
570 1173 629 1231 δὲ
671 1175 723 1230 ἐν
782 1175 1075 1246 σπηλαίοις
1137 1173 1520 1250 διαιτώμενος,
1579 1178 1666 1232 καὶ
1723 1178 2058 1255 τρεφόμενος

401 1264 462 1320 ἐκ
494 1270 602 1321 τῶν
630 1270 854 1341 καρπῶν
883 1269 988 1320 τῶν
1023 1262 1285 1342 δένδρων,
1322 1265 1414 1322 καὶ
1459 1271 1567 1322 τῶν
1614 1266 2052 1346 παραφυομένων

402 1359 522 1416 ταῖς
550 1354 771 1429 πέτραις
795 1354 1061 1429 βοτανῶν·
1099 1351 1150 1408 ἐν
1205 1353 1357 1408 νυκτὶ
1412 1356 1500 1410 καὶ
1553 1353 1735 1432 ἡμέρᾳ
1780 1355 1874 1412 τὸν
1927 1359 2056 1413 Θεὸν

402 1441 754 1520 παρακαλῶν,
787 1443 921 1516 ὑπὶρ
951 1443 1147 1498 ἑαυτοῦ
1195 1442 1286 1499 καὶ
1339 1444 1474 1520 ὑπὲρ
1534 1451 1640 1515 τῆς
1691 1451 1789 1502 τοῦ
1844 1445 2059 1520 κόσμου

405 1533 700 1610 σωτηρίας.
760 1533 920 1592 Οὕτω
990 1531 1050 1590 δὲ
1119 1533 1292 1610 βιοὺς,
1350 1533 1566 1607 ἐδέξατο
1618 1537 1707 1592 καὶ
1766 1540 2057 1611 θαυμάτων

402 1625 591 1700 χάριν,
646 1623 737 1678 καὶ
795 1621 1043 1686 πολλοὺς
1099 1624 1458 1688 ἀσθενοῦντας
1517 1625 1866 1702 θεραπεύσας,
1925 1628 2062 1703 πρὸς

406 1713 531 1768 Θιὸν
565 1710 714 1787 ἐξεδή
726 1733 866 1786 μησε
897 1713 1132 1790 χαίρων.

2159 570 2280 609 non
2311 554 2615 626 relinquet
2642 559 2893 625 patrem,
2929 559 2988 608 et
3037 556 3311 618 matrem,
3365 556 3422 606 et
3467 550 3704 619 fratres,
3761 556 3820 606 et

2161 660 2418 709 sorores,
2453 650 2511 698 et
2538 659 2730 716 agros,
2763 649 2821 699 et
2850 643 3115 709 domum,
3142 658 3209 697 ac
3241 657 3362 696 non
3394 639 3815 696 tolletcrucem

2163 749 2350 801 suam,
2383 738 2442 788 et
2473 739 2754 804 sequetur
2784 749 2902 795 me,
2933 749 3054 788 non
3075 737 3272 804 potest
3292 747 3461 786 meus
3494 746 3622 786 esse
3646 728 3820 784 disci-

2161 823 2374 895 pulus;
2408 829 2622 878 cuncta
2652 822 2995 894 dereliquit.
3028 837 3388 892 crucemque
3417 836 3608 884 suam,
3635 836 3817 892 super

2163 913 2444 967 humeros
2477 912 2714 975 tollens,
2750 911 3029 966 alacriter
3083 919 3321 966 secutus
3373 916 3463 965 est
3517 925 3702 974 eum;
3759 913 3818 964 et

2164 1001 2492 1056 solitariam
2523 1001 2701 1055 vitam
2729 1000 3059 1072 amplexus,
3086 999 3332 1056 secessit
3353 999 3584 1068 fugiens
3609 998 3668 1052 in
3693 1014 3821 1054 ere-

2167 1106 2353 1145 mum.
2390 1090 2457 1144 Et
2487 1089 2664 1144 modo
2694 1091 2755 1144 in
2789 1090 3092 1145 montibus
3129 1089 3494 1156 versabatur,
3552 1088 3726 1143 modo
3759 1089 3821 1144 in

2167 1179 2470 1252 speluncis
2501 1179 2774 1252 degebat,
2827 1186 3005 1251 atque
3066 1196 3135 1234 ex
3192 1179 3473 1235 arborum
3529 1177 3820 1233 fructibus

2166 1268 2513 1324 vescebatur
2543 1269 2865 1341 herbisque
2900 1268 3365 1325 adnascentibus
3396 1269 3457 1324 in
3487 1268 3694 1339 petris,
3717 1267 3818 1322 diu

2167 1366 2465 1433 noctuque
2489 1361 2678 1416 Deum
2703 1360 3030 1433 deprecans
3049 1377 3154 1432 pro
3174 1376 3281 1415 sua
3306 1365 3364 1414 et
3381 1360 3588 1415 mundi
3605 1359 3816 1414 salute.

2167 1451 2358 1522 Atque
2389 1449 2473 1504 ita
2493 1449 2671 1504 vitam
2703 1466 2906 1523 agens,
2931 1451 3153 1506 donum
3183 1449 3362 1505 etiam
3391 1449 3819 1504 miraculorum

2168 1539 2422 1612 accepit;
2458 1556 2525 1596 ac
2579 1539 2849 1613 pluribus
2899 1541 3156 1595 inﬁrmis
3215 1540 3467 1595 sanitate
3521 1539 3817 1608 restituta,

2170 1629 2339 1684 laatus
2373 1630 2681 1703 emigravit
2708 1631 2782 1686 ad
2814 1631 3018 1686 Deum.

405 1838 507 1894 Καὶ
549 1839 742 1911 μνήμη
799 1842 897 1894 τοῦ
965 1838 1017 1894 έν
1070 1837 1510 1915 ἀγίοιςᾼῌατρὸς
1560 1842 1720 1914 ἡμῶν
1779 1842 1868 1897 καὶ
1923 1854 2046 1907 θαυ-

2188 1829 2242 1884 Et
2318 1826 2584 1883 memoria
2659 1831 2837 1883 sancti
2871 1827 3098 1915 "Patris
3177 1826 3358 1883 nostri
3437 1827 3821 1897 thaumaturgi

916 1911 1230 1988 ματουργοῦ
1258 1911 1548 1986 Μύρωνος.

482 2026 683 2102 Μύρων
718 2028 746 2084 ὁ
779 2026 830 2084 ἐν
884 2027 1062 2103 ἁγίοις
1120 2027 1210 2083 καὶ
1269 2025 1432 2105 μέγας
1491 2030 1778 2107 ἱεράρχης,
1835 2033 1901 2102 ἦν
1967 2034 2060 2106 μὶν

408 2120 469 2174 ἐκ
498 2126 600 2189 τῆς
631 2120 802 2190 νήσου
837 2119 1080 2194 Κρήτης,
1115 2117 1204 2174 ἐπὶ
1233 2125 1336 2188 τῆς
1389 2118 1670 2195 βασιλείας
1720 2122 1929 2195 Δεκίου,
1979 2122 2064 2178 εὖ·

406 2213 576 2284 γενῶν
612 2205 670 2263 δὲ
699 2208 900 2282 γονέων
932 2207 1072 2264 υἱός.
1103 2207 1218 2285 Ὑφ’
1251 2209 1325 2266 ὧν
1372 2208 1462 2264 καὶ
1522 2211 1768 2287 ζευχθεὶς
1825 2211 2062 2285 γυναικὶ,

415 2298 764 2354 ἐπολιτεύετο
829 2291 1082 2361 εὐσεϐῶς*
1141 2298 1230 2352 καὶ
1312 2297 1672 2374 ἐργαζόμενος
1730 2299 2064 2371 ζσπουδαίως

414 2389 514 2454 τήν
537 2395 666 2462 γῆν.
731 2385 1000 2465 διέτρεφεν
1061 2387 1121 2443 ἐκ
1175 2392 1283 2443 τῶν
1343 2393 1564 2463 καρπῶν
1624 2391 1753 2453 τοὺς
1810 2391 2064 2463 πένητας.

418 2477 609 2552 Ἕχων
666 2473 724 2531 δέ
777 2494 912 2530 ποτε
966 2482 1146 2544 κῆπον
1233 2471 1546 2550 ἐρεϐίνθων,
1603 2479 1750 2553 εὗρεν
1809 2478 1860 2534 ἐν
1922 2483 2069 2553 αύτῷ

417 2563 752 2628 κλέπτοντάς
806 2587 957 2627 τινας
1034 2560 1359 2639 ἐρεϐίνθους.
1422 2565 1632 2631 Οῗτινες
1691 2567 1913 2626 ἐδόκουν
1972 2571 2065 2644 μὶν

420 2657 670 2730 συνάγειν
749 2649 1075 2728 ἐρεϐίνθους,
1162 2650 1469 2727 ἐλάμϐανον
1523 2655 1579 2712 δὲ
1651 2658 1904 2724 ἀκάνθας.
1967 2660 2069 2717 Καὶ

425 2741 548 2806 δοὸς
582 2745 765 2805 αὐτοῖς
798 2739 1129 2817 ἐρεϐίνθους,
1163 2744 1447 2802 ἀπέλυσεν.
1501 2747 1597 2804 Καὶ
1643 2748 1846 2811 ἄλλους
1895 2751 2068 2823 εὑρὼν

432 2832 484 2886 ἐν
515 2837 586 2906 τῇ
618 2833 780 2889 αλωνι
813 2835 1142 2908 γεμίσαντας
1169 2833 1297 2897 τοὺς
1356 2838 1587 2899 σάκκους
1647 2838 1848 2893 ἑαυτῶν
1899 2838 2072 2910 σίτου,

425 2922 513 2976 καὶ
573 2925 650 2995 μή
709 2920 1040 2996 δυναμένους
1096 2924 1348 3000 κουφίσαι
1404 2924 1621 2996 αὐτοὺς,
1675 2927 1933 2999 ἐπέθηκεν
1985 2929 2073 2985 ἐπὶ

425 3015 532 3067 τῶν
567 3008 732 3085 ὢμων
762 3014 938 3069 αὐτῶν
971 3011 1102 3076 τοὺς
1134 3013 1387 3084 σάκκους,
1419 3015 1509 3070 καὶ
1556 3015 1811 3088 ἀπέλυσε,
1859 3040 2072 3096 παραγ-

427 3101 614 3177 γείλας
644 3102 919 3173 ἀπελθεῖν,
953 3103 1043 3159 καὶ
1106 3109 1304 3178 μηκέτι
1355 3103 1576 3180 κλέψαῖ.
1629 3109 1762 3165 Εἶτα
1819 3129 2077 3186 χειροτο-

423 3192 604 3262 νηθεὶς
634 3189 1018 3269 πρεσϐύτερος,
1050 3195 1139 3250 καὶ
1197 3195 1333 3268 μετά
1384 3200 1553 3252 ταῦτα
1598 3197 1918 3273 ἐπίσκοπος,
1977 3202 2066 3257 καὶ
2105 3213 2152 3279 C

423 3285 523 3348 τῆς
564 3281 642 3346 εἷς
672 3282 800 3346 τοὺς
829 3284 1062 3356 πένητας
1094 3283 1474 3359 ἐλεημοσύνης
1508 3285 1787 3362 μηδέποτε
1817 3291 2080 3350 ἐπιλαθόο

429 3394 612 3447 μενος,
640 3373 692 3430 ἐν
726 3374 915 3450 εἰρήνῃ
940 3374 1238 3450 ἐκοιμήθη.

562 3510 667 3570 Καὶ
695 3509 930 3584 ἄθλησις
960 3518 1059 3570 τοῦ
1088 3513 1253 3591 ἆγίου
1287 3516 1562 3593 μάρτυρος
1591 3519 1946 3581 Ἀντῶνίνου.

501 3628 845 3698 Ἀντωνῖνος,
878 3632 908 3689 ὁ
955 3637 1052 3689 τοῦ
1107 3633 1343 3706 Χριστοῦ
1406 3633 1632 3712 μάρτυς,
1688 3639 1754 3708 ἧν
1819 3640 1914 3712 μὶν
1976 3641 2082 3697 ἀπὸ

428 3715 846 3796 Ἀλεξανδρείας
872 3728 972 3792 τῆς
999 3721 1238 3794 πόλεως,
1287 3725 1610 3798 Χριστιανὸς
1670 3724 1727 3782 δὲ
1780 3729 1871 3783 καὶ
1922 3728 2083 3786 εὐλα-

433 3801 537 3876 ϐὴς
569 3808 659 3863 καὶ
686 3804 1026 3883 φοϐούμενος
1080 3811 1172 3866 τὸν
1233 3811 1387 3868 Θεόν.
1437 3813 1535 3868 Διά
1580 3819 1740 3870 τοῦτο
1793 3819 2083 3890 κρατηθεὶς

435 3895 540 3951 ὑπὸ
571 3901 675 3951 τῶν
710 3894 1160 3976 είδωλολατρῶν,
1213 3902 1514 3977 προσήχθη
1564 3907 1644 3974 τῷ
1692 3902 1942 3980 ἄρχοντι’
1993 3905 2084 3960 καὶ

435 3984 730 4060 ἐρωτηθεὶς
760 3985 1095 4064 ὡμολόγησε
1150 3988 1242 4044 τὸν
1291 3989 1547 4061 Χριστόν.
1608 3993 1944 4068 Κρεμασθεὶς
1992 3995 2083 4050 οῦν

436 4074 525 4130 ἐπὶ
557 4074 745 4149 ξύλου,
776 4075 960 4148 ἐξέσθη
1005 4075 1278 4156 σφοδρῶς.
1337 4078 1440 4138 Καὶ
1495 4079 1930 4156 ἀναγκαζόμενος
1983 4085 2087 4140 ὑπὸ

434 4168 544 4219 τῶν
578 4161 793 4238 δημίων
824 4167 912 4221 καὶ
945 4171 1056 4222 τῶν
1085 4167 1504 4242 παρισταμένων
1534 4173 1615 4243 τῷ
1644 4168 1871 4248 ἄρχοντι
1927 4194 2090 4250 στρα-

437 4257 675 4324 τιωτῶν,
733 4254 1069 4329 ἀρνήσασθαι
1127 4259 1221 4312 τὸν
1279 4258 1544 4330 Χριστὸν,
1600 4260 1690 4315 καὶ
1743 4260 2088 4333 ἀπολυθῆναι

436 4347 536 4408 τῆς
573 4341 831 4415 βασάνου,
863 4343 1024 4405 αὐτὸς
1077 4341 1293 4417 μᾶλλον
1357 4346 1574 4422 μεγάλῃ
1632 4351 1700 4422 τῇ
1761 4354 1939 4424 φωνῇ,
1995 4352 2090 4407 τὸν

443 4429 538 4502 μὶν
569 4431 797 4504 Χριστὸν
830 4432 959 4488 Θεὸν
992 4431 1253 4503 ἀληθινὸν
1289 4435 1635 4507 ἀνεκήρυττε·
1667 4437 1733 4492 τὰ
1783 4435 1840 4494 δὶ
1889 4437 2092 4497 εἴδωλα

439 4519 530 4573 καὶ
557 4518 686 4581 τοὺς
714 4527 1150 4596 προσκυνοῦντας
1180 4522 1316 4579 αὐτά
1345 4521 1580 4600 διέσυρε,
1635 4529 1726 4582 καὶ
1773 4527 2089 4605 ἐχλεύαζεν.

2863 1903 3127 1972 Myronis.

2244 2009 2444 2080 Myron
2478 2012 2720 2063 sanctus
2751 2023 3118 2080 magnusque
3148 2006 3415 2080 pontifex
3446 2006 3559 2061 fuit
3608 2023 3677 2062 ex
3727 2008 3818 2062 in-

2173 2096 2303 2151 sula
2328 2097 2534 2165 Cretae,
2569 2097 2744 2152 Decio
2777 2097 3155 2168 imperatore,
3190 2096 3483 2152 nobilium
3508 2101 3823 2168 parentum

2175 2185 2354 2251 ﬁlius,
2379 2202 2414 2241 a
2435 2185 2650 2258 quibus
2671 2185 2969 2241 connubio
2994 2185 3227 2240 femina
3248 2186 3515 2257 junctus,
3542 2203 3611 2240 ex
3634 2185 3824 2256 pieta-

2175 2277 2249 2330 tis
2280 2276 2483 2349 regula
2509 2276 2686 2331 vitam
2720 2293 2888 2332 suam
2945 2275 3273 2347 dirigebat;
3313 2292 3379 2330 ac
3411 2281 3628 2330 terram
3662 2275 3824 2331 omni

2175 2380 2318 2421 cura
2347 2365 2571 2432 colens,
2603 2365 2894 2420 fructibus
2934 2381 3225 2437 pauperes
3276 2364 3490 2420 alebat.
3535 2366 3674 2420 Cum
3709 2381 3821 2419 au—

2179 2459 2295 2509 tem
2331 2453 2569 2508 hortum
2602 2454 2921 2525 quemdam
2967 2454 3158 2508 cicere
3209 2453 3505 2508 consitum
3556 2452 3821 2519 haberet,

2177 2541 2400 2612 reperit
2421 2541 2709 2612 quosdam
2734 2542 2889 2597 cicer
2906 2540 3435 2614 subripientes.qui
3459 2540 3598 2596 dum
3613 2545 3826 2613 putant

2177 2631 2333 2686 cicer
2361 2630 2660 2703 colligere,
2693 2631 2894 2702 spinas
2923 2630 3295 2702 accipiebant
3321 2647 3334 2684 :
3367 2636 3427 2685 at
3456 2631 3582 2702 ipse
3636 2631 3826 2688 cicere

2178 2719 2314 2774 dato
2347 2735 2447 2774 eos
2476 2719 2722 2774 dimisit.
2753 2719 2897 2774 Aliis
2929 2720 3106 2773 etiam
3148 2719 3557 2791 deprehensis,
3610 2721 3710 2791 qui
3767 2721 3827 2776 in

2179 2809 2310 2880 ejus
2339 2824 2478 2862 area
2509 2823 2709 2863 saccos
2740 2807 3130 2879 impleverant
3158 2807 3477 2870 frumento,
3506 2824 3698 2880 neque
3725 2827 3828 2882 po-

2181 2902 2376 2952 terant
2406 2913 2506 2953 eos
2539 2898 2768 2964 eﬂ‘erre,
2799 2899 2925 2969 ipse
2947 2897 3188 2952 illorum
3210 2897 3477 2952 humeris
3496 2915 3698 2953 saccos
3724 2900 3829 2953 im-

2181 2990 2399 3060 posuit.
2434 2993 2494 3043 et
2523 2987 2738 3042 missos
2766 2986 2926 3052 fecit,
2957 2985 3287 3042 admonens
3316 2991 3382 3040 ut
3433 2986 3684 3053 abirent,
3720 3004 3830 3044 nec

2182 3076 2440 3149 amplius
2470 3077 2829 3132 furarentur.
2861 3076 3176 3149 Presbyter
3195 3081 3402 3149 postea
3423 3082 3828 3144 consecratus,

2187 3183 2255 3223 ac
2287 3166 2502 3222 deinde
2536 3167 2874 3240 episcopus,
2906 3172 2964 3220 et
2991 3165 3467 3222 misericordiam
3504 3182 3642 3239 erga
3686 3183 3838 3240 pau-

2195 3273 2368 3330 peres
2426 3273 2738 3330 nunquam
2795 3273 2865 3313 ex
2922 3255 3123 3312 animo
3201 3255 3508 3327 abjiciens,
3570 3256 3630 3311 in
3700 3273 3847 3330 pace

2195 3347 2440 3419 quievit.

2331 3501 2486 3560 108
2517 3503 2585 3559 ει
2614 3509 2890 3559 certamen
2921 3503 3100 3558 sancti
3129 3503 3391 3572 martyris
3423 3501 3706 3558 Antonini.

2269 3627 2606 3683 Antoninus
2631 3627 2845 3682 Christi
2868 3631 3094 3698 martyr
3115 3642 3183 3681 ex
3207 3626 3350 3682 urbe
3370 3625 3856 3698 prodiitAlexan-

2197 3716 2348 3784 dria,
2382 3717 2468 3772 vir
2515 3715 2957 3784 Christifidelis,
3017 3716 3175 3787 pius,
3234 3732 3302 3770 ac
3352 3715 3567 3770 timens
3625 3715 3853 3771 Deum:

2197 3811 2517 3878 propterea
2546 3803 2618 3860 ab
2650 3804 2986 3860 idololatris
3017 3804 3505 3876 comprehensus,
3538 3804 3611 3860 ad
3638 3805 3853 3876 praefe-

2199 3900 2361 3950 ctum
2418 3893 2781 3962 adducitur;
2841 3900 3020 3966 atque
3079 3895 3498 3966 interrogatus,
3556 3893 3855 3949 Christum

2201 3983 2538 4040 conﬁtetur.
2569 3986 2636 4040 In
2665 3984 2890 4058 lignum
2911 3985 3111 4056 itaque
3136 4000 3484 4053 suspensus,
3509 3983 3726 4038 acriter
3745 3983 3859 4039 fuit

2202 4073 2565 4130 dilaniatus:
2610 4081 2970 4147 coactusque
3017 4091 3054 4131 a
3101 4074 3412 4130 lictoribus
3459 4079 3517 4129 et
3564 4073 3854 4129 militibus

2201 4163 2477 4238 praafecto
2497 4165 2852 4231 astantibus,
2881 4165 3180 4221 Christum
3213 4163 3530 4236 abnegare,
3565 4169 3628 4216 ut
3657 4179 3693 4218 a
3719 4179 3856 4218 cru-

2203 4255 2364 4311 ciatu
2385 4254 2809 4320 absolveretur,
2837 4273 2906 4312 eo
2928 4257 3114 4328 magis
3133 4256 3259 4327 ipse
3278 4253 3578 4310 Christum
3610 4253 3854 4326 quidem

2205 4347 2392 4403 Deum
2423 4362 2625 4402 verum
2665 4346 3066 4419 praadicabat;
3115 4346 3275 4402 idola
3322 4362 3458 4401 vero
3509 4351 3569 4400 et
3615 4344 3857 4404 illorum

2205 4436 2466 4492 cultores
2528 4436 2845 4509 sugillabat
2875 4435 3244 4506 ridebatque.
3274 4435 3385 4490 Diu
3409 4440 3607 4489 autem
3639 4434 3699 4488 in
3735 4440 3856 4490 tor-

2207 4526 2430 4582 mentis
2453 4525 2959 4598 persistens,ignis
2974 4524 3332 4580 sententiam
3355 4522 3657 4578 subiit.Sic
3673 4523 3856 4578 Deum

439 4607 714 4663 Ἐπιπολὺ
749 4606 806 4665 δὲ
833 4617 955 4672 ταῖς
991 4612 1246 4687 βασάνοις
1299 4618 1808 4690 προσκαρτερήσας,
1849 4619 1948 4688 τήν
2005 4617 2074 4675 διε

2200 4621 2497 4688 precatus,
2522 4621 2700 4686 atque
2732 4631 2832 4670 eos
2858 4615 2959 4684 qui
3009 4613 3277 4680 aderant,
3332 4617 3396 4666 ut
3445 4611 3637 4666 solum
3688 4611 3852 4666 Chri-

439 4699 536 4750 τοῦ
591 4697 762 4770 πυρὸς
823 4699 1092 4777 ἀπόφασιν
1146 4697 1332 4758 ἔλαϐε.
1397 4703 1496 4758 Καὶ
1555 4702 1727 4767 οὕτως
1782 4705 2091 4781 εὐξάμενος,

440 4783 533 4839 καὶ
589 4786 720 4848 τοὺς
785 4795 1134 4864 παρεστῶτας
1190 4788 1408 4867 διδάξας
1468 4793 1634 4867 μόνον
1693 4795 1785 4851 τὸν
1861 4799 2090 4873 Χριστὸν

438 4875 720 4964 γνωρίζειν
754 4879 908 4946 Θεὸν,
944 4880 1172 4956 βληθεὶς
1230 4881 1307 4945 είς
1362 4883 1464 4954 τήν
1507 4884 1762 4958 κάμινον,
1812 4885 2094 4964 παρέδωκε

441 4963 541 5032 τὴν
577 4965 844 5039 μακαρίαν
879 4969 1048 5025 αὐτοῦ
1077 4973 1288 5047 ψυχήν.

516 5054 627 5142 Καὶ⁸
675 5055 909 5128 ἄθλησις
956 5063 1063 5115 τῶν
1119 5060 1288 5135 ἁγίων
1351 5060 1638 5139 μαρτύρων
1723 5061 2092 5142 Ἐλευθερίου,

446 5140 737 5209 Λεονίδους
754 5149 845 5202 καὶ
874 5152 984 5205 τῶν
1015 5149 1252 5220 νηπίων.

995 5295 1184 5353 ΜΗΝΙ
1222 5297 1312 5354 ΤΩ
1349 5299 1540 5354 ΑΥἸὩ.

1244 5385 1301 5440 θ,

670 5469 941 5542 ’Λθλησις
963 5477 1059 5528 τοῦ
1091 5472 1250 5548 ἁγίου
1282 5472 1593 5530 ἀποστόλου
1624 5475 1857 5534 Ματθία.

514 5585 758 5650 Ματθίας
788 5591 939 5645 ὁτοῦ
989 5595 1227 5662 Χριστοῦ
1276 5590 1608 5660 ἀπόστολος,
1669 5593 1933 5668 πρὸτερον
1999 5596 2092 5668 μὲν

443 5674 619 5742 ἧνείς
649 5681 752 5733 τῶν
813 5674 1197 5754 ἐϐδομήκοντα
1255 5680 1598 5752 ἀποστόλων,
1661 5679 1975 5760 διαπρέπων
2037 5684 2091 5742 ἐν

2203 4711 2361 4760 stum
2404 4705 2581 4760 Deum
2615 4707 3028 4778 agnoscerent,
3092 4702 3385 4764 hortatus,
3439 4701 3503 4756 in
3551 4699 3851 4759 fornacem

2202 4793 2482 4866 injectus,
2512 4793 2746 4851 beatam
2777 4809 2947 4848 suam
2978 4791 3240 4848 animam
3271 4791 3389 4846 Deo
3421 4789 3686 4848 tradidit.

2278 5057 2344 5108 Et,
2371 5050 2673 5108 certamen
2727 5050 3077 5113 sanctorum
3132 5048 3464 5119 martyrum
3509 5044 3853 5116 Eleutherii,

2206 5143 2482 5203 Leonidis
2511 5145 2572 5196 et
2599 5153 2941 5213 puerorum.

2765 5281 3011 5339 EODEM
3049 5281 3306 5337 MENSE.

2879 5369 2981 5426 Die
3023 5387 3184 5428 nona

2502 5469 2785 5528 Certamen
2814 5469 2994 5525 sancti
3021 5468 3259 5539 apostoli
3288 5465 3556 5523 Matthiae.

2276 5588 2548 5649 Matthias
2576 5587 2794 5646 Christi
2825 5584 3129 5659 apostolus
3155 5584 3412 5656 primum
3431 5581 3672 5656 quidem
3693 5592 3854 5634 unus

2207 5686 2335 5740 erat
2363 5696 2434 5736 ex
2466 5677 2842 5750 septuaginta
2871 5673 3178 5746 apostolis,
3230 5673 3393 5730 omni
3432 5671 3641 5726 virtute
3695 5665 3854 5722 inter
