4184 6326
417 376 534 436 579

1684 373 2113 436 MENOLOGll
2159 371 2362 432 PARS
2409 372 2541 432 llll.

3714 373 3835 436 580

418 527 539 575 eos,
573 515 748 581 atque
781 511 1092 566 honestate
1124 511 1443 568 excellens.
1489 513 1809 580 Postquam
1863 512 2044 562 auten

2178 505 2338 559 αύτοῖ
2391 503 2444 558 ἐν
2476 506 2616 578 πάσῃ
2646 502 2812 578 ἀρετῇ
2842 503 2932 558 καὶ
2963 501 3316 575 κοσμιότητι.
3350 502 3501 558 Ἐπεὶ
3534 498 3827 569 δὶἾούδας

417 599 594 655 Judas
628 601 956 666 lscariotes,
990 601 1091 670 qui
1127 617 1196 653 ex
1227 599 1538 654 duodecim
1571 604 1697 653 erat
1734 595 2064 668 discipulis,

417 695 661 760 propter
690 689 994 743 avaritiam
1028 688 1342 743 Dominum
1377 694 1647 743 nostrum
1677 687 1880 742 Jesum
1910 685 2068 741 Chri-

415 785 570 832 stum
600 778 816 832 Judaeis
859 777 1079 832 invidia
1129 777 1372 848 repletis
1424 777 1705 849 prodidit,
1753 776 2066 847 ipsumque

416 869 665 922 intuitus
697 867 771 922 ad
794 866 1014 921 caedem
1035 882 1222 937 usque
1247 867 1500 939 ﬂagellis
1523 873 1838 922 contusum
1862 863 2067 919 abiens

415 957 526 1012 sibi
551 963 800 1010 mortem
837 956 1046 1026 laqueo
1079 956 1392 1022 conscivit;
1431 956 1819 1011 duodecimus
1864 969 2065 1008 nume~

415 1063 516 1101 rus
547 1045 660 1101 fuit
689 1045 1041 1099 diminutus.
1075 1047 1217 1100 Tum
1248 1048 1456 1100 Petrus
1505 1062 1624 1100 una
1675 1062 1809 1100 cum
1859 1045 2063 1098 decem

415 1135 746 1205 discipulis,
773 1133 872 1204 qui
896 1151 1028 1188 cum
1061 1135 1189 1205 ipso
1212 1141 1400 1202 erant,
1426 1134 1869 1206 precationibus
1893 1133 2062 1187 insis-

414 1229 564 1289 tens,
599 1223 765 1277 misit
795 1229 1017 1277 sortes:
1053 1228 1112 1277 et
1143 1222 1358 1277 cecidit
1388 1240 1516 1277 sors
1538 1239 1717 1293 super
1739 1221 2062 1286 Matthiam,

415 1318 471 1367 et
501 1312 926 1367 adnumeratus
961 1317 1050 1366 est
1078 1329 1213 1366 cum
1261 1312 1540 1367 undecim
1588 1310 1886 1382 Apostolis
1934 1310 2064 1365 loco

412 1404 574 1459 Judaa
606 1404 924 1459 Iscariotas.
975 1406 1117 1459 Post
1163 1404 1290 1459 haac
1339 1405 1402 1458 in
1452 1404 1725 1458 ulteriori
1774 1402 2069 1473 Ethiopia

411 1493 746 1565 prmdicans
774 1493 1181 1565 Evangelium,
1213 1498 1394 1563 atque
1425 1493 1646 1548 multos
1691 1491 2065 1558 illuminans,

413 1582 689 1637 detentus
720 1582 792 1636 ab
825 1582 1193 1649 infidelibus,
1228 1588 1286 1636 et
1315 1582 1643 1654 plurimum
1682 1597 1891 1648 casus,
1947 1582 2065 1636 Deo

407 1672 649 1728 tradidit
682 1672 978 1743 spiritum,

406 1809 558 1865 199
591 1811 660 1864 Et
718 1815 987 1864 certamen
1039 1808 1222 1893 sancti
1275 1811 1536 1879 martyris
1585 1809 1803 1864 Iuliani
1863 1814 1913 1863 et
1967 1825 2062 1864 so-

1107 1897 1335 1935 morum.

473 1999 540 2054 Hi
602 1999 960 2070 imperatore
1016 1999 1208 2054 Leone
1291 1999 1685 2054 Iconomacho
1759 1997 2047 2053 claruere.

403 2089 546 2143 Cum
577 2105 714 2143 vero
742 2087 1084 2144 orthodoxae
1118 2088 1255 2144 fidei
1289 2092 1507 2151 essent,
1543 2089 1850 2160 Deumque
1882 2087 2050 2141 time-

397 2183 552 2241 rent,
586 2183 645 2233 et
673 2177 1039 2233 venerabiles
1069 2178 1294 2232 honore
1314 2182 1817 2248 prosequerentur
1839 2176 2052 2248 imagi-

397 2284 523 2331 nes,
560 2267 912 2338 martyrium
945 2266 1242 2321 obierunt.
1287 2266 1840 2321 Animadvertentes
1889 2267 2051 2322 enim

397 2355 569 2411 illum
600 2373 634 2411 a
665 2362 1007 2410 sanctarum
1033 2356 1355 2428 imaginum
1380 2355 1723 2410 adoratione
1756 2372 2048 2422 aversum,

397 2451 575 2518 atque
609 2461 708 2500 eas
741 2445 876 2516 igne
905 2443 1240 2511 absumere,
1277 2445 1466 2499 zelum
1500 2461 1566 2500 ex
1597 2445 1708 2500 hoc
1751 2446 2048 2518 concipie-

400 2535 566 2601 bant,
601 2550 852 2590 muarore
894 2533 1402 2589 contabescentes.
1465 2539 1539 2588 At
1594 2550 1726 2588 cum
1784 2534 2051 2591 viderent

399 2623 801 2679 venerandam
836 2623 1013 2679 etiam
1042 2624 1254 2678 Christi
1281 2624 1621 2694 imaginem,
1645 2641 1775 2696 quae
1799 2625 1860 2680 in
1883 2627 2050 2681 Erea

398 2718 570 2787 porta
603 2712 890 2773 exstabat.
929 2713 1186 2786 effringi,
1221 2729 1437 2786 mgrum
1472 2714 1654 2769 animi
1714 2731 1953 2769 sensum
1987 2715 2046 2770 in

396 2801 662 2858 medium
695 2803 1114 2874 protulerunt;
1158 2807 1216 2857 et
1270 2808 1505 2874 arrepto
1565 2803 1884 2874 spathario,
1947 2805 2045 2875 qui

393 2891 636 2958 scalam,
693 2891 946 2963 efﬁgiem
1000 2891 1430 2958 destructurus,
1483 2892 1860 2960 ascendebat,
1912 2910 2046 2950 eum

397 2998 519 3036 una
549 2997 684 3036 cum
719 2981 879 3036 scala
895 2981 1264 3053 dejicientes,
1291 2981 1716 3036 interfecerunt
1738 3002 1752 3048 ;
1773 2988 1949 3054 atque
1976 2984 2048 3039 ad

395 3071 547 3124 iram
583 3076 880 3125 commoto
916 3076 1186 3141 tyranno,
1218 3070 1318 3125 alii
1353 3070 1593 3142 quidem
1623 3071 1822 3126 statim
1853 3072 2047 3144 gladio

397 3163 741 3231 consumpti
773 3161 966 3230 (multi
998 3163 1158 3217 enim
1191 3168 1362 3217 erant
1390 3178 1660 3228 numero,
1693 3163 1850 3218 inter
1901 3181 2047 3234 quos

2079 1886 2128 1950 B

2175 593 2614 668 ὁτῐσκαριώτης,
2647 594 2724 656 εἷς
2777 591 3040 667 ὑπάρχων
3097 595 3206 646 τῶν
3266 587 3476 644 δωδεκα
3531 597 3821 665 μαθητῶν,

2174 678 2264 735 διὰ
2295 681 2653 758 φιλαργυρίαν
2684 679 2966 751 παρέδωκε
3014 681 3103 735 τὸν
3157 680 3350 754 Κύριον
3398 681 3557 750 ἡμῶν
3610 681 3820 750 ἰησοῦν

2173 772 2402 844 Χριστὸν
2433 777 2550 834 τοῖς
2590 772 2789 848 φθόνου
2843 769 3306 843 πεπληρωμένοις
3362 766 3669 832 Ἰουδαίοις
3729 772 3819 826 καὶ

2173 858 2300 912 ἰόὼν
2331 859 2414 913 δτι
2445 857 2840 934 ἐφραγελλώθη
2873 860 3010 935 πρὸς
3041 860 3103 914 τὸ
3135 860 3530 927 θανατωθῆναι,
3567 859 3816 914 ἀπελθὼν

2172 946 2471 1020 ἀπήγξατο,
2505 943 2742 1002 ἐνέλιπεν
2777 948 2804 1001 ὁ
2836 947 3068 1022 ἀριθμὸς
3099 951 3208 1002 τῶν
3258 944 3488 1003 δώδεκα.
3540 947 3638 1001 Καὶ
3689 969 3815 1004 στα-

2171 1034 2281 1095 θεὶς
2319 1033 2394 1094 εἷς
2447 1035 2763 1109 προσευχὴν
2819 1035 2847 1089 ὁ
2907 1029 3109 1108 Πέτρος
3164 1034 3298 1106 μετὰ
3355 1037 3461 1088 τῶν
3524 1035 3616 1088 σὺν
3668 1034 3814 1108 αύτῷ

2171 1116 2299 1173 δέκα
2332 1125 2612 1192 μαθητῶν,
2645 1117 2808 1176 ἔϐαλε
2860 1120 3088 1196 κλῆρον,
3139 1121 3226 1176 καὶ
3260 1117 3416 1176 ἔπεσε
3464 1119 3674 1194 κλῆρος
3724 1121 3816 1176 ἐπῗ

2170 1210 2436 1278 Ματθιαν,
2497 1210 2586 1264 καὶ
2659 1211 3135 1287 συγκατεψηφίσθη
3225 1211 3358 1284 μετὰ
3431 1214 3541 1265 τῶν
3625 1208 3814 1266 ἕνδεκα

2167 1297 2489 1354 ἀποστόλων
2537 1300 2647 1354 ἀντὶ
2707 1297 2883 1357 Ἰούδα
2945 1303 3042 1354 τοῦ
3099 1301 3471 1376 Ἰσκαριώτου·
3532 1299 3620 1354 καὶ
3679 1301 3812 1372 μετᾶ

2165 1392 2332 1443 ταῦτα
2361 1391 2600 1464 κηρύξας
2631 1389 2694 1444 τὸ
2747 1388 3077 1466 Εὐαγγέλιον
3137 1389 3189 1445 ἐν
3247 1393 3315 1464 τῇ
3365 1385 3466 1460 ἔξω
3523 1389 3807 1462 Αἰθιοπίᾳ·

2165 1479 2254 1533 καὶ
2289 1479 2541 1544 πολλοὺς
2565 1480 2824 1558 φωτίσας,
2881 1480 3172 1554 κρατηθεὶς
3224 1480 3326 1534 ὑπὸ
3380 1483 3488 1534 τῶν
3545 1478 3807 1548 ἀπίστων,

2165 1567 2254 1622 καὶ
2288 1566 2516 1624 πλεῖστα
2546 1569 2784 1647 τυφθεῖς,
2815 1573 2895 1641 τῷ
2929 1567 3048 1641 Θεῷ
3071 1571 3140 1624 τὸ
3166 1573 3379 1642 πνεῦμα
3407 1570 3690 1643 παρέθετο.

2166 1811 2262 1865 Καὶ
2323 1809 2551 1882 ἄθλησις
2608 1816 2704 1867 τοῦ
2762 1813 3278 1888 ἁγίουμμάρτυρος
3365 1809 3667 1870 Ἰουλιανοῦ
3719 1814 3806 1869 καί

2679 1891 2780 1953 τῆς
2808 1882 3060 1945 συνοδίας
3087 1882 3278 1941 uinci.

2231 2001 2396 2057 Οὗτοι
2430 2001 2681 2076 ὑπῆρχον
2715 1999 2802 2055 ἐπὶ
2831 2008 2931 2070 τῆς
2966 1999 3244 2076 βασιλείας
3281 2002 3507 2062 Λέοντος
3555 2004 3652 2056 τοῦ
3699 2000 3798 2058 Εἰ-

2158 2089 2501 2165 κονομάχου.
2534 2094 2718 2150 Ὅντες
2754 2087 2809 2144 δὲ
2841 2088 3144 2164 ὀρθόδοξοι,
3177 2088 3265 2144 καί
3295 2091 3386 2145 τὸν
3421 2091 3547 2145 Θεὸν
3599 2085 3798 2168 φοϐού-

2163 2199 2338 2252 μενοι,
2370 2179 2583 2241 καὶτὰς
2642 2179 2828 2252 τιμίας
2885 2177 3095 2242 εῗκόνας
3151 2184 3436 2252 τιμῶντες,
3495 2177 3806 2255 ἐμαρτύρη-

2158 2269 2571 2343 σαν.Ὀρῶντες
2601 2269 2702 2343 γὰρ
2761 2269 2923 2324 αὐτὸν
2983 2271 3080 2338 τήν
3141 2274 3250 2324 τῶν
3311 2273 3519 2324 σεπτῶν
3578 2268 3802 2324 εἰκόνων

2157 2359 2524 2436 προσκύνησιν
2561 2358 3058 2434 ἀποστρεφόμενον,
3113 2359 3202 2413 καὶ
3253 2358 3416 2421 αὐτας
3463 2358 3590 2432 πυρὶ
3649 2379 3805 2414 κατα·

2156 2449 2402 2515 καίονται,
2433 2447 2809 2518 ἐζηλοτύπουν
2836 2447 3199 2521 λυπούμενοι.
3247 2449 3372 2502 Ὅτε
3417 2445 3474 2502 δὲ
3531 2446 3671 2502 εἶδον
3714 2448 3801 2502 καὶ

2154 2539 2256 2606 τήν
2287 2535 2480 2611 Χαλκῇ
2512 2536 2662 2612 πύλῃ
2693 2536 2880 2609 τιμίαν
2911 2535 3092 2590 εῗκόνα
3145 2539 3241 2591 τοῦ
3299 2539 3536 2611 Χριστοῦ
3587 2535 3805 2609 διορυσ-

2156 2627 2415 2700 σομὲνην,
2449 2626 2733 2700 ἐξήνεγκαν
2766 2626 2863 2694 τὴν
2907 2623 3089 2695 λύπην
3142 2623 3218 2687 είς
3266 2628 3401 2702 φῶς.
3455 2623 3552 2678 Καὶ
3595 2627 3801 2699 κρατή-

2156 2736 2343 2778 σαντες
2399 2715 2491 2769 τὸν
2547 2713 2634 2768 ἐπὶ
2692 2719 2796 2784 τῆς
2851 2713 3055 2775 σκάὶας
3136 2708 3405 2768 ἀναϐάντα
3482 2713 3804 2788 σπαθάριον,

2155 2804 2288 2878 πρὸς
2321 2804 2384 2858 τὸ
2415 2800 2715 2857 καταλῦσαι
2745 2803 2844 2869 τήν
2878 2800 3080 2871 εῗκόνα,
3130 2803 3220 2856 καὶ
3271 2801 3520 2876 ῥίψαντες
3575 2800 3662 2856 ἐπὶ
3707 2802 3806 2869 τήν

2152 2896 2252 2968 γῆν
2320 2893 2456 2964 μετᾶ
2510 2894 2611 2956 τῆς
2671 2889 2894 2960 σκάλας,
2953 2890 3282 2945 ἀπέκτειναν·
3343 2890 3432 2944 καὶ
3490 2892 3804 2960 κινήσαντες

2157 2983 2231 3044 εἷς
2267 2982 2439 3054 θυμὸν
2471 2982 2562 3036 τὸν
2589 2980 2869 3053 τύραννον,
2905 2981 2952 3034 οἱ
3001 2981 3094 3054 μὶν
3149 2979 3452 3055 παραυτίκα
3501 2979 3640 3058 ξίφει
3690 2979 3805 3034 ἐτε-

2155 3071 2485 3142 λειώθησαν,
2517 3067 2728 3124 πολλοὶ
2782 3069 2872 3124 τὸν
2923 3069 3154 3145 ἀριθμὸν
3215 3065 3382 3131 ὄντες
3435 3067 3484 3123 ἐν
3533 3071 3616 3130 οἷς
3668 3069 3803 3136 ἦσαν

2154 3159 2245 3214 καὶ
2275 3165 2523 3235 γυναῖκες
2554 3159 2652 3214 ούκ
2711 3158 2919 3234 ὀλίγαι,
2977 3159 3067 3214 καὶ
3125 3158 3304 3233 Μαρία
3332 3161 3366 3227 ἡ
3401 3157 3676 3233 πατρικία.
3738 3158 3805 3216 Οἱ

392 3249 594 3320 plures
625 3249 887 3304 feminas.
924 3255 983 3302 et
1043 3251 1222 3304 Maria
1271 3251 1564 3322 patricia),
1610 3250 1710 3305 alii
1762 3251 2044 3306 custodiis

2161 3247 2217 3302 δὲ
2274 3246 2491 3325 φυλακῇ
2545 3244 2960 3323 παραδοθέντες,
3033 3247 3121 3301 καὶ
3181 3247 3249 3301 τὰ
3300 3248 3567 3318 πρόσωπα
3640 3268 3802 3302 κατα-

391 3337 615 3404 traditi,
648 3353 715 3391 ac
747 3337 894 3392 facie
922 3337 1236 3406 combusti,
1272 3339 1683 3411 plurimosque
1714 3342 1873 3412 passi
1905 3358 2040 3397 cru-

380 3426 590 3488 ciatus,
627 3427 824 3498 capite
858 3427 1027 3482 fuere
1060 3427 1416 3485 obtruncati.

451 3515 522 3568 Et
556 3515 1054 3570 commemoratio
1087 3517 1276 3571 sancti
1326 3516 1697 3574 Constantini
1743 3519 2039 3592 archiepi-

381 3604 542 3676 scopi
573 3605 753 3678 regia
787 3604 972 3661 urbis.

950 3727 1192 3785 EODEM
1231 3729 1482 3785 MENSE.

1029 3817 1133 3873 Die
1165 3817 1397 3874 decima

382 3902 669 3959 Certamen
697 3915 1015 3962 sanctorum
1063 3913 1374 3982 martyrum
1421 3911 1708 3976 Laurenti,
1755 3912 1937 3982 Xystis
1985 3919 2038 3967 et

1056 3979 1352 4050 Hippolyti.

454 4097 636 4151 Erant
665 4097 761 4151 isti
797 4099 1166 4170 temporibus
1197 4101 1358 4157 Decii
1389 4103 1784 4174 imperatoris.
1818 4106 1888 4160 Et
1916 4107 2034 4178 Xy-

387 4188 512 4239 stus
543 4184 787 4256 quidem
819 4189 1066 4244 Athenis
1097 4196 1291 4254 natus,
1327 4191 1427 4246 ubi
1484 4193 1873 4266 philosophiae
1906 4203 2030 4251 stu-

387 4273 500 4328 diis
530 4291 770 4346 operam
803 4277 1070 4343 navavit;
1105 4281 1349 4335 Romam
1381 4297 1515 4337 vero
1547 4284 1866 4355 profectus,
1901 4292 2034 4358 post

383 4363 664 4434 Stephani
699 4367 850 4420 sacri
890 4369 1167 4440 martyris
1199 4369 1424 4425 obitum
1458 4372 1772 4445 episcopus
1821 4391 2032 4431 conse-

382 4460 600 4507 cratur.
632 4455 894 4527 Cumque
929 4473 1076 4528 quas
1104 4457 1361 4514 habebat
1398 4460 1674 4515 Ecclesiaa
1725 4463 2027 4533 pecunias,

380 4543 741 4615 pauperibus
761 4561 865 4616 per
881 4547 1176 4602 Laurentii
1201 4547 1434 4604 diaconi
1458 4566 1670 4606 manus
1693 4551 2027 4608 distribuis-

2148 3339 2386 3410 καὲντες,
2445 3337 2534 3391 καὶ
2598 3334 2785 3391 πολλὰ
2871 3333 3019 3390 δεινᾶ
3104 3335 3451 3407 ὑποστάντες,
3535 3335 3804 3413 ἀπεκεφα-

2153 3424 2317 3498 λίσθη
2327 3447 2442 3482 σαν.

2223 3518 2324 3576 Καὶ
2365 3519 2560 3589 μνήμη
2592 3521 2690 3571 τοῦ
2742 3515 2793 3570 ἰν
2855 3515 3036 3590 ἁγίοις
3091 3515 3494 3572 Κωνσταντίνου
3553 3517 3804 3592 ἀργιεπι-

2150 3606 2355 3664 σκόπου
2385 3613 2485 3677 τῆς
2519 3603 2803 3682 βασιλίδος
2833 3605 3070 3668 πόλεως.

2695 3717 2871 3774 ΜΗΝΙ
2914 3717 3005 3773 ΤΩ
3043 3717 3241 3774 ΑΥΤΩ.

2943 3805 2980 3860 Ι,

2141 3905 2406 3978 Ἀθλησις
2429 3910 2537 3962 τῶν
2584 3903 2752 3980 ἁγίων
2796 3902 3103 3980 μαρτύρων
3157 3902 3514 3979 Λαυρεντίου,
3570 3904 3787 3962 Ξύστου

2724 3974 2824 4031 καῖ
2847 3974 3195 4033 Ἱππολύτου.

2210 4078 2377 4136 Οὗτοι
2430 4077 2683 4151 ὑπῆρχον
2743 4074 2830 4130 ἐπὶ
2893 4080 2994 4144 τῆς
3055 4072 3333 4149 βασιλείας
3385 4075 3593 4131 Δεκίου⁶
3628 4076 3655 4130 ὁ
3690 4075 3784 4148 μὲν

2138 4168 2350 4230 Ξύστος
2381 4166 2432 4238 ἐξ
2489 4169 2760 4236 Ἀθηνῶν,
2819 4160 2946 4229 ἔνθα
3001 4165 3090 4218 καὶ
3147 4165 3238 4218 τὸν
3295 4171 3396 4232 τῆς
3457 4165 3785 4244 φιλοσοφίας

2137 4256 2346 4328 ἤσκησε
2377 4255 2562 4331 λόγον.
2598 4254 3038 4330 Παραγενόμενος
3098 4251 3156 4309 δὶ
3214 4252 3266 4309 ἐν
3323 4255 3514 4330 Ῥώμῃ
3567 4254 3784 4330 ἐχειρο-

2135 4347 2340 4416 τονήθη
2376 4344 2672 4407 ἐπίσκοπος
2705 4344 2840 4417 μετὰ
2862 4341 3122 4411 τελευτὴν
3175 4342 3448 4420 Στεφάνου
3493 4347 3588 4398 τοῦ
3637 4345 3782 4414 ἱερο-

2141 4431 2599 4510 μάρτυρος.Δοὺς
2647 4429 2704 4486 δὲ
2755 4429 2846 4486 διὰ
2901 4431 3092 4507 χειρὸς
3148 4429 3473 4508 Λαυρεντίου
3530 4428 3781 4485 διακόνου

2134 4523 2200 4578 τὰ
2255 4521 2526 4597 προσόντα
2583 4521 2735 4593 αύτῷ
2791 4520 2912 4595 ἱερὰ
2965 4522 3231 4595 χρήματα
3309 4523 3581 4594 πτωχοῖς,
3634 4516 3776 4593 λέγει

382 4606 606 4697 set,.ait
624 4633 712 4688 illi
734 4606 1084 4700 :laurenti,
1107 4654 1237 4692 cras
1261 4639 1434 4694 Decio
1457 4640 1762 4696 trademur
1789 4641 1862 4698 ad
1890 4606 2023 4698 elixa-

2155 4613 2310 4684 κύτῷ·
2376 4606 2683 4685 Λαυρέντιε,
2742 4606 2928 4686 αὔριον
3018 4607 3427 4684 παραδιδόμεθα
3479 4608 3648 4681 Δεκίῳ
3704 4608 3779 4669 εἰς

383 4738 543 4778 men.
578 4725 658 4778 Ac
680 4723 855 4794 juxta
885 4725 1014 4798 ejus
1046 4728 1492 4798 praedictionem
1524 4729 1819 4790 detentus.
1847 4732 2024 4787 mini-

381 4827 596 4882 meque
627 4813 929 4879 inductus,
958 4822 1024 4871 ut
1052 4816 1227 4872 idolis
1259 4819 1642 4888 sacriﬁcaret,
1675 4822 1866 4894 capite
1916 4822 2030 4878 fuit

385 4899 792 4957 obtruncatus.
830 4904 1069 4961 Delatus
1101 4908 1279 4963 etiam
1338 4909 1708 4980 Laurentius,
1755 4928 1890 4968 cum
1935 4929 2028 4968 sa-

381 5004 544 5043 cram
579 4992 1012 5061 supelleetilem
1043 4995 1116 5050 ab
1147 5013 1215 5051 eo
1260 4999 1652 5068 postularent,
1713 5000 2028 5072 imponens

381 5078 508 5148 ipse
549 5095 728 5150 super
756 5098 964 5138 currus
995 5085 1238 5141 claudos
1267 5103 1651 5162 mancosque,
1685 5091 1900 5160 quibus
1922 5108 2027 5162 pe-

383 5167 622 5222 cuniam
676 5179 1033 5240 erogaverat,
1089 5179 1226 5228 ante
1284 5175 1704 5248 imperatorem
1762 5179 2024 5245 adduxit,

382 5255 586 5311 dicens
616 5273 628 5311 :
668 5259 733 5311 Hi
769 5266 926 5326 sunt,
956 5261 1054 5331 qui
1087 5263 1403 5334 pecuniam
1455 5267 1815 5323 custodiunt.
1867 5271 2026 5325 Tunc

383 5361 562 5416 super
618 5347 1001 5403 candentium
1060 5351 1384 5407 carbonum
1445 5361 1665 5411 cratem
1726 5363 2023 5425 extensus,

384 5435 540 5490 200
573 5435 818 5490 tradidit
847 5438 1140 5508 spiritum.
1177 5441 1426 5496 Sanctus
1483 5461 1620 5499 vero
1677 5446 2026 5517 Hippolytus

380 5540 586 5580 eorum
619 5541 930 5580 assumens
957 5527 1266 5599 reliquias,
1289 5536 1466 5602 atque
1493 5532 2023 5605 sepeliens,captus

377 5613 534 5679 fuit;
567 5620 624 5670 et
654 5614 929 5688 alligatus
981 5617 1054 5672 ad
1115 5618 1435 5675 indomitos
1496 5638 1702 5694 equos,
1757 5628 2022 5694 raptatus

374 5713 842 5766 consummatur.

2137 4701 2389 4774 ἐξέτασιν.
2437 4701 2582 4755 Κατὰ
2631 4698 2688 4754 δὲ
2725 4699 2824 4768 τὴν
2884 4699 3190 4775 πρόρῥησιν
3249 4699 3416 4754 αὐτοῦ
3471 4699 3779 4774 κρατηθεὶς,

2136 4792 2226 4846 καὶ
2262 4791 2338 4864 μή
2370 4788 2608 4852 πεισθεὶς
2644 4789 2799 4843 θῦσαι
2857 4794 2976 4853 τοῖς
3027 4786 3302 4857 εἰδώλοις,
3355 4786 3781 4867 ἀπεκεφαλίσθη.

2137 4883 2477 4958 Προσαχθεὶς
2507 4878 2674 4936 δὲκαὶ
2705 4882 3048 4956 Λαυρέντιος,
3103 4881 3192 4936 καὶ
3235 4882 3302 4936 τὰ
3349 4881 3468 4957 ἱερὰ
3522 4885 3784 4958 γρήματα

2137 4973 2552 5047 ἀπαιτούμενος,
2587 4972 2786 5036 ἐπιθεὶς
2818 4973 2896 5036 εἷς
2951 4973 3048 5036 τὰς
3093 4972 3299 5046 ἁμάξας
3354 4972 3480 5036 τοὺς
3535 4972 3781 5049 χωλοὺς,

2135 5065 2225 5120 καὶ
2281 5063 2616 5134 ἀναπήρους,
2663 5064 2746 5125 οἷς
2804 5059 3068 5135 διένειμεν
3121 5063 3188 5116 τὰ
3246 5063 3529 5137 χρήματα,
3587 5063 3781 5138 ἢγαγεν

2135 5149 2439 5228 ἔμπροσθεν
2470 5156 2568 5206 τοῦ
2604 5150 2895 5227 βασιλέως,
2930 5152 3117 5207 εἰπών.
3167 5149 3335 5206 Οὗτοί
3393 5150 3525 5205 εἶσιν
3577 5153 3629 5206 οἱ
3674 5157 3781 5207 τῶν

2137 5245 2442 5318 χρημάτων
2488 5239 2745 5319 φύλακες.
2806 5241 2942 5297 Τότε
3029 5239 3307 5303 ἀπλωθεὶς
3365 5237 3450 5293 ἐπ’
3525 5239 3782 5315 ἐσχάρας,

2134 5331 2415 5405 παρέδωκε
2440 5333 2503 5387 τὸ
2529 5335 2763 5405 πνεῦμα.
2803 5333 2864 5389 Ὁ
2916 5329 2972 5387 δὲ
3020 5331 3172 5406 ἅγιος
3221 5327 3548 5393 Ἱππόλυτος
3597 5327 3780 5386 λαϐὼν

2131 5424 2198 5478 τὰ
2228 5422 2461 5495 λείψανα
2491 5421 2688 5486 αὐτῶν,
2722 5419 2810 5474 καὶ
2845 5419 3034 5494 θάψας,
3068 5419 3365 5491 ἐκρατήθη.
3401 5420 3504 5474 Καὶ
3551 5417 3782 5495 προσδε-

2133 5512 2246 5576 θεὶς
2279 5510 2476 5573 ’ίπποις
2510 5508 2741 5585 ἀγρίοις,
2774 5509 3068 5580 ἐτελειώθη
3101 5507 3419 5584 συρόμενος.
