4202 6314
402 383 526 447 581

951 515 1131 572 ΜΗΝΙ
1170 513 1264 572 ΤΩ
1299 516 1492 572 ΑΥΤΩ.

1185 602 1274 658 IA'

589 689 856 762 Ἀθλησις
883 691 984 746 τοῦ
1016 690 1176 765 ἀγίου
1205 689 1603 767 ὶερομάρτυρος
1633 689 1880 750 Εὔπλου.

481 791 883 853 Εὔπλοςὸτοῦ
941 793 1175 864 Χριστοῦ
1239 789 1442 867 μάρτυς
1505 792 1754 866 ὑπῆρχεν
1812 791 1899 846 ἐπὶ
1956 797 2058 860 τῆς

413 881 690 959 βασιλείας
721 879 1118 950 Διοκλητιανοῦ
1151 879 1208 934 ἐκ
1235 887 1336 950 τῆς
1382 878 1597 942 πόλεως
1649 880 1900 948 Κατάνης
1961 887 2061 948 τῆς

408 971 460 1026 ἐν
492 968 718 1040 Σικελίᾳ
744 970 812 1040 τῇ
844 968 1016 1040 νήσῳ.
1079 965 1340 1029 Διάκονος
1373 964 1429 1021 δὲ
1458 964 1531 1022 ὤν
1555 974 1654 1036 τῆς
1688 966 1741 1023 ἐν
1785 968 1921 1039 αὐτῇ
1971 965 2056 1021 ἐκ·

409 1054 662 1126 κλησίας,
696 1051 941 1108 ἐδίδασκε
969 1053 1061 1108 τὸν
1095 1051 1226 1108 λαὸν
1287 1054 1386 1121 τήν
1438 1053 1514 1116 είς
1562 1053 1804 1128 Χριστὸν
1856 1053 2056 1121 πίστιν,

417 1148 874 1221 ὑπαναγινώσκων
901 1145 996 1206 τὰς
1029 1144 1176 1219 ἱερὰς
1234 1146 1464 1221 Γραφάς·
1517 1140 1632 1200 ὅθεν
1686 1143 2057 1220 διαγνωσθεῖς,

411 1237 502 1292 καὶ
534 1236 822 1311 κρατηθεὶς
882 1235 985 1290 ὑπὸ
1041 1239 1138 1288 τοῦ
1195 1234 1485 1310 ἃρχοντος,
1543 1235 1633 1290 καὶ
1689 1236 1780 1290 τὸν
1830 1236 2057 1308 Χριστὸν

410 1327 737 1399 ἀρνήσασθαι
772 1323 1032 1399 βιασθεὶς,
1063 1325 1153 1379 καὶ
1209 1326 1285 1397 μὴ
1344 1325 1604 1393 πεισθεὶς,
1656 1322 1814 1394 ὶδέοη
1871 1330 2064 1400 χεῖρας

411 1412 721 1478 καὶπόδας.
764 1413 860 1468 Καὶ
911 1413 1237 1487 κρεμασθεὶς
1297 1412 1386 1469 ἐπὶ
1448 1413 1640 1484 ξύλου,
1698 1415 1857 1490 χερσὶ
1914 1412 2064 1479 σιδη-

410 1510 531 1578 ραῖς
592 1504 682 1559 καὶ
747 1499 891 1574 ὄνυξι
944 1502 1304 1573 κατεξαίνετο,
1363 1502 1452 1558 καὶ
1510 1504 1752 1578 βαρείαις
1835 1502 2060 1577 σφύραις

415 1595 478 1649 τά
507 1594 636 1651 ὀστᾶ
667 1588 1027 1666 συνετρίϐετο.
1064 1593 1198 1650 Εἶτα
1251 1597 1347 1646 ruﬁ
1405 1591 1569 1663 ξύλου
1625 1587 2061 1672 καταϐιϐασθεὶς,

415 1684 631 1760 φυλακῇ
690 1681 1039 1760 ὲναπερῥίφηο
1127 1678 1250 1738 ἔνθα
1307 1679 1562 1757 διψήσας,
1622 1682 1710 1738 καὶ
1771 1684 1847 1756 μή
1917 1681 2064 1758 ἔχων

411 1771 558 1849 ὕδωρ
590 1774 782 1842 πίνειν,
839 1769 1298 1846 προσευξάμενος,
1355 1773 1538 1846 πηγὴν
1589 1770 1783 1836 ὕδατος
1837 1771 2065 1847 ἐξήγαγε

1900 381 2334 447 AUGUSTUS.

2083 516 2140 584 Α

3699 400 3818 462 582

2719 523 2958 579 EODEM
2998 524 3251 580 MENSE.

2754 613 2856 669 Die
2887 614 3210 671 undecima

2408 701 2694 758 Certamen
2723 706 3062 759 sacrosancti
3090 707 3352 776 martyris
3383 710 3573 779 Eupli.

2238 806 2461 878 Euplus
2492 809 2708 864 Christi
2739 816 2987 881 martyr,
3021 810 3387 868 Diocletiano
3437 813 3818 886 imperatore,

2173 911 2240 950 ex
2261 897 2405 951 urbe
2432 898 2650 954 Catana
2672 899 2731 953 in
2757 900 2956 955 Sicilia
2977 901 3174 956 insula
3195 903 3424 958 claruit.
3452 905 3596 960 Cum
3619 913 3819 962 autem

2172 986 2232 1040 in
2265 986 2532 1056 ejusdem
2568 989 2729 1044 urbis
2761 990 3013 1045 ecclesia
3043 990 3332 1048 diaconus
3381 1000 3556 1060 esset,
3603 995 3819 1051 Christi

2173 1075 2286 1130 fide
2318 1077 2602 1147 populum
2636 1078 2958 1145 imbuebat,
2995 1097 3194 1136 sacras
3225 1082 3555 1155 Scripturas
3607 1084 3817 1155 praele-

2169 1166 2736 1237 gens.Quamobrem
2759 1168 3078 1232 delatus,et
3098 1186 3132 1224 a
3157 1171 3410 1241 praaside
3433 1174 3820 1244 comprehen-

2171 1270 2292 1321 sus,
2327 1271 2459 1310 cum
2490 1256 2788 1310 Christum
2813 1256 3106 1331 abnegare
3125 1261 3720 1331 compelleretur,nec
3743 1263 3816 1318 ad

2173 1342 2232 1396 id
2263 1344 2602 1399 faciendum
2636 1346 2836 1401 induci
2870 1353 3091 1418 posset,
3122 1349 3398 1405 manibus
3447 1350 3818 1422 pedibusque

2171 1433 2368 1505 ligatis
2399 1435 2460 1488 in
2517 1435 2839 1506 equuleum
2900 1453 3249 1508 suspensus,
3309 1439 3518 1494 ferreis
3567 1441 3819 1496 manicis

2176 1523 2630 1595 unguiculisque
2671 1524 2964 1597 despexus
3014 1533 3122 1593 est,
3155 1528 3546 1599 gravibusque
3586 1530 3819 1584 malleis

2175 1627 2310 1666 ossa
2331 1612 2460 1684 ejus
2482 1613 2782 1669 confracta
2803 1622 2959 1671 sunt.
2994 1621 3202 1671 Postea
3223 1634 3292 1672 ex
3315 1618 3568 1689 equuleo
3592 1619 3822 1691 deposi-

2175 1706 2291 1767 tus,
2350 1701 2411 1756 in
2469 1718 2768 1758 carcerem
2826 1705 3201 1761 detruditur:
3255 1706 3354 1761 ubi
3416 1708 3646 1775 sitiens,
3708 1724 3820 1763 nec

2176 1807 2388 1862 aquam
2421 1792 2493 1848 ad
2517 1793 2839 1849 bibendum
2862 1795 3110 1857 habens,
3128 1796 3275 1851 fusis
3297 1797 3572 1869 precibus
3595 1797 3818 1852 fontem

405 1870 509 1932 τῆς
540 1869 668 1939 γῆς,
699 1863 786 1917 καὶ
821 1863 960 1916 πιὼν
995 1860 1360 1937 εὐχαρίστησε
1387 1866 1467 1934 τῷ
1497 1867 1633 1934 Θεῷ.
1691 1863 1846 1920 Μετά
1891 1867 2060 1918 ταῦτα

2177 1860 2344 1952 aqua;
2379 1898 2446 1938 ex
2479 1887 2637 1938 terra
2667 1884 2887 1948 eduxit,
2918 1885 3249 1957 bibensque
3275 1860 3492 1958 gratias
3533 1888 3649 1941 Deo
3682 1887 3821 1959 egit.

406 1957 509 2020 τῆς
543 1948 790 2024 φυλακῆς
833 1943 1144 2019 ἐκϐληθεὶς,
1203 1948 1295 2002 καὶ
1352 1949 1446 2012 τάς
1495 1949 1660 2012 ἀκοὰς
1715 1950 1879 2006 αὐτοῦ
1932 1970 2059 2004 σου-

409 2036 594 2100 ϐλίοις
626 2036 1039 2116 διατρυπηθεὶς,
1069 2037 1382 2094 τελευταῖον
1431 2039 1570 2118 ξίφει
1615 2041 1715 2110 τήν
1764 2041 1910 2116 ἱερὰν
1963 2040 2060 2095 αὐ-

401 2133 498 2184 τοῦ
526 2129 773 2209 κεφαλὴν
803 2127 1240 2206 ἀπεκεφαλίσθη.

956 2247 1143 2304 ΜΠΝΙ
1182 2247 1275 2303 ΤΩ
1311 2247 1515 2304 ΑΥΤΩ.

1195 2335 1282 2390 1Α“

403 2423 676 2496 ’Ἄθλησις
731 2428 842 2480 τῶν
901 2423 1069 2501 ἁγίων
1135 2423 1422 2500 μαρτύρων
1480 2425 1708 2482 Φωτίου
1764 2427 1853 2481 καὶ
1920 2427 2058 2483 Ἀνι-

1127 2513 1322 2567 κητου.

478 2613 694 2674 Φώτιος
736 2613 825 2667 καὶ
883 2610 1191 2682 ’Δνίκητος,
1225 2614 1276 2668 οἱ
1305 2617 1408 2668 τοῦ
1467 2615 1715 2688 Χριστοῦ
1771 2615 2060 2690 μάρτυρες,

417 2701 667 2776 ὑπῆρχον
703 2700 798 2773 μὲν
830 2698 920 2756 ἐπὶ
949 2708 1048 2770 τῆς
1106 2699 1387 2776 βασιλείας
1431 2699 1846 2772 Διοκλητιανοῦ·
1905 2703 1971 2772 ἦν
2005 2700 2063 2758 δὲ

415 2791 443 2844 ὁ
496 2791 709 2851 Φώτιος
764 2790 981 2863 ἀνεψιὸς
1038 2795 1135 2845 τοῦ
1193 2791 1497 2860 Ἀνικήτου.
1558 2795 2061 2866 Δημηγορήσαντος

419 2876 477 2933 δὲ
509 2877 900 2949 Διοκλητιανοῦ
931 2878 982 2935 ἐν
1037 2879 1400 2954 Νικιιμηδείᾳ,
1459 2898 1549 2937 και
1602 2884 1777 2937 πάντα
1830 2883 1897 2937 τά
1955 2884 2060 2958 βα-

417 2969 734 3042 σανιστήρια
763 2968 838 3030 εἰς
902 2968 1062 3040 μέσον
1123 2971 1438 3042 προθέντος,
1496 2971 1585 3024 καὶ
1644 2970 2061 3040 ἀπειλήσαντος,

421 3056 495 3118 ὠς
555 3055 610 3111 εἷ’
656 3078 736 3118 τις
793 3059 978 3113 ἑαυτὸν
1037 3059 1363 3129 Χριστιανὸν
1431 3058 1787 3134 ὁμολογήσει,
1850 3072 2061 3134 θανατῳ

424 3146 789 3201 ὑποπεσεῖται.
852 3147 1039 3222 παρὼν
1086 3148 1114 3202 ὁ
1152 3146 1441 3218 Ἀνίκητος
1495 3150 1816 3222 Χριστιανὸν
1877 3151 2062 3206 ἓαυτὸν

2172 1976 2312 2028 Tum
2347 1990 2376 2027 e
2409 1990 2645 2030 carcere
2673 1981 2990 2044 extractus,
3023 1977 3266 2032 auribus
3298 1977 3526 2033 subulis
3559 1977 3822 2050 perfora-

2173 2063 2270 2128 tis,
2305 2070 2674 2135 postremum
2705 2065 2901 2138 gladio
2934 2083 3123 2123 cassus
3155 2072 3261 2122 est.

2733 2253 2974 2311 EODEM
3013 2253 3265 2310 MENSE.

2751 2343 2854 2398 Die
2887 2343 3239 2400 duodecima

2173 2430 2319 2486 201
2381 2430 2666 2487 Certamen
2749 2439 3080 2559 sanctiora?
3156 2440 3470 2505 martyrum
3527 2435 3719 2492 Photii
3776 2442 3829 2490 et

2917 2521 3036 2559 mce
3063 2522 3102 2559 ι.

2917 2521 3102 2560 mcen.

2244 2627 2490 2682 Photius
2521 2633 2700 2699 atque
2732 2629 3035 2696 Anicetus,
3069 2629 3283 2685 Christi
3317 2637 3632 2702 martyres,
3689 2632 3820 2686 Dio-

2172 2715 2427 2771 cletiano
2450 2717 2810 2788 imperatore
2831 2719 3339 2774 claruerunt.Erat
3359 2727 3554 2775 autem
3579 2721 3823 2776 Photius

2171 2803 2404 2860 Aniceti
2438 2821 2642 2877 nepos.
2673 2807 2818 2860 Cum
2845 2823 2978 2862 vero
3011 2807 3083 2862 ad
3125 2809 3481 2863 Nicomediae
3533 2810 3821 2880 pupulum

2171 2895 2519 2949 concionem
2549 2895 2954 2952 Diocletianus
2976 2896 3246 2956 haberet.
3270 2904 3602 2969 cunctaque
3623 2899 3683 2952 in
3709 2915 3823 2953 me-

2171 2985 2334 3040 dium
2378 2991 2673 3040 tormenta
2725 2986 3036 3058 proferret,
3099 2988 3496 3042 comminatus
3554 2987 3702 3055 fore,
3757 2995 3820 3044 ut

2169 3075 2346 3130 morti
2386 3075 2818 3137 succumberet,
2851 3077 2950 3147 qui
2984 3092 3046 3130 se
3077 3077 3475 3132 Christianum
3505 3077 3817 3132 conﬁtere-

2169 3169 2304 3222 tur:
2337 3170 2540 3220 astans
2570 3165 2854 3221 Anicetus
2885 3165 3287 3221 Christianum
3322 3183 3451 3222 sese
3493 3166 3648 3220 elata
3676 3183 3818 3222 voce

427 3238 633 3310 μεγάνη
666 3239 735 3309 τῇ
764 3239 918 3314 φωνῇ
959 3235 1297 3312 ἀνεκήρυξεν.
1359 3237 1462 3294 Καὶ
1520 3239 1809 3314 κρατηθεὶς
1857 3238 2057 3318 ἐτόφθη

2176 3255 2549 3309 enuntiavit:
2607 3255 3210 3327 comprehensusque,
3293 3255 3673 3310 vehementer
3731 3260 3821 3310 est

421 3322 698 3400 σφοδρῶς,
726 3325 814 3380 καὶ
845 3326 911 3381 τά
957 3324 1041 3381 ἐπ’
1089 3325 1246 3380 αὐτὸν
1307 3324 1646 3382 ἀπολυθέντα
1701 3329 1869 3402 θηρία
1924 3331 2062 3403 ἡμε-

419 3413 627 3489 ρώτερα
682 3409 970 3488 προϐάτων
1046 3413 1340 3486 ἀπέδειξεν.
1399 3416 1532 3473 Εἶτα
1605 3417 2061 3492 προσευξάμενος,

417 3505 700 3578 συνέτριψε
738 3503 800 3558 τὸ
847 3508 942 3558 τοῦ
989 3504 1303 3580 Ἠρακλὲως
1343 3503 1550 3578 ξόανον.
1609 3501 1804 3562 Λαϐὼν
1855 3505 1912 3562 δὲ
1962 3510 2063 3578 τήν

419 3589 505 3646 διά
531 3593 722 3670 ξίφους
754 3594 1046 3670 ἀπόφασιν,
1103 3595 1200 3650 καῒ
1259 3592 1478 3668 μέλλων
1537 3594 2060 3672 ἀποκεφαλισθῆναι,

419 3677 490 3736 δι’
518 3682 692 3758 εὐχῆς
723 3682 946 3759 ἐξήρανε
973 3688 1071 3740 τοῦ
1103 3681 1310 3757 δημίου
1336 3685 1438 3752 τήν
1470 3690 1652 3761 χεῖρα.
1708 3687 1847 3743 Τότε
1891 3707 2062 3761 προσ-

420 3767 641 3847 δραμὼν
676 3773 705 3826 ό
738 3772 974 3840 Φώτιος,
1032 3775 1314 3844 ἠσπάσατο
1363 3773 1546 3829 αὐτόν·
1605 3775 1694 3829 καὶ
1747 3776 2060 3847 κρατηθεὶς,

418 3858 670 3933 συνεδέθη
729 3863 900 3935 αὐτῷ·
954 3863 1045 3918 καὶ
1104 3863 1402 3942 ἀμφότεροι
1486 3861 1758 3941 διαφόρως
1843 3865 2062 3940 βασανι-

415 3951 645 4022 σθέντες,
676 3947 836 4016 τέλος
865 3953 995 4027 πυρὶ
1024 3951 1443 4023 ἐτελειώθησαν.

964 4071 1149 4128 MHNI
1189 4073 1275 4126 ΤΩ
1311 4071 1511 4128 ΑΥΤΩ.

1204 4160 1282 4215 11"

417 4257 484 4315 Ἠ
515 4256 794 4330 μετάθεσις
813 4260 910 4333 τος)
946 4257 1223 4333 λειψάνου
1265 4262 1370 4333 *τοῦ
1429 4257 1582 4314 ὁσίου
1639 4259 1846 4333 [πατρὸς
1900 4259 2062 4333 ἡμῶν

845 4328 1100 4404 Μαξίμου
1127 4333 1224 4386 τοῦ
1254 4331 1632 4406 ὁμολογητοῦ.

486 4455 660 4516 Οὗτος
701 4455 767 4524 ἦν
827 4458 966 4511 κατά
1020 4455 1148 4518 τοὺς
1207 4455 1442 4531 χρόνους
1501 4457 1918 4513 Κωνσταντίνου
1967 4462 2065 4513 τοῦ

415 4545 800 4616 ἐπικληθέντος
887 4548 1248 4622 Πευγωνάτου,
1338 4546 1498 4610 ὄντος
1571 4547 1847 4624 ἀπογόνου
1899 4550 2062 4623 Ἦρα-

424 4633 632 4689 κλείου.
665 4639 792 4696 Ταῖς
828 4636 1109 4711 μεγίσταις
1143 4637 1233 4690 οὗν
1283 4642 1494 4710 τιμαῖς,
1551 4638 1655 4693 ὑπὸ
1713 4643 1818 4694 τῶν
1874 4641 2064 4714 πρώην

426 4720 694 4798 βασιλέων
728 4722 1024 4798 δεξιωθεὶς,
1059 4726 1146 4781 καὶ
1181 4726 1364 4788 ἱκανὸς
1398 4725 1470 4781 ὥν
1504 4725 1556 4781 ἐν
1584 4732 1701 4790 ταῖς
1754 4728 2063 4794 πολιτικαῖς

419 4811 718 4884 διοικήσεσι
776 4815 845 4870 τὰ
909 4817 1150 4889 πρακτέα
1235 4817 1556 4893 ὑφηγεῖσθαι
1643 4815 1914 4896 διαλόγων
1973 4823 2063 4878 καὶ

419 4902 662 4976 τρόπων,
720 4905 810 4959 καὶ
867 4905 965 4974 τὴν
1015 4905 1123 4960 ἀπὸ
1185 4907 1379 4980 χρόνοι
1431 4907 1656 4978 σύνεσιν,
1717 4908 1796 4974 εἷς
1849 4919 1912 4967 το
1968 4917 2065 4968 τοῦ

422 4995 881 5070 πρωτοσηκρίτου
937 4989 1309 5070 προεϐιϐάσθη
1369 4995 1606 5070 ἀξίωμα.
1666 4999 1770 5055 Καὶ
1853 5001 2064 5072 βουλῆς

422 5087 539 5144 τοῖς
594 5081 875 5157 βασιλεῦσι
935 5083 1125 5159 γέγονέ
1178 5085 1462 5147 κοινωνός.
1522 5086 1671 5141 Ἐπεὶ
1703 5084 1822 5158 δέἡ
1855 5092 2068 5164 πονηρὰ

427 5173 514 5226 καὶ
545 5169 779 5250 ἕκφυλος
813 5171 940 5247 δόξα
969 5178 1074 5229 τῶν
1112 5173 1235 5246 μίαν
1269 5173 1494 5245 θέλησιν
1525 5174 1612 5230 ἰπὶ
1659 5184 1760 5246 τῆς
1807 5175 1896 5233 διά
1938 5200 2067 5253 σαρ-

420 5262 516 5323 κὸς
550 5267 646 5316 τοῦ
676 5269 910 5339 Χριστοῦ
972 5264 1292 5336 οἰκονομίας
1346 5265 1593 5336 ἀνοήτως
1647 5266 1736 5322 καὶ
1792 5264 2064 5333 δυσσεϐῶς

417 5352 719 5426 ἑπεκρατει,
773 5357 898 5412 ὅσον
957 5355 1040 5412 ἐπ’
1101 5354 1285 5420 αὐτοῖς
1344 5359 1470 5429 μίαν
1523 5363 1628 5412 τῶν
1692 5356 1788 5414 δύο
1855 5361 2066 5439 φύσεωυ

419 5441 808 5516 ἀναιρούντων,
865 5445 956 5500 καὶ
1015 5443 1359 5519 διατάγματα
1413 5467 1536 5500 τινα
1588 5449 1688 5515 τὴν
1746 5448 2064 5524 κακοδοξίαν

415 5533 744 5605 κρατόνοντα
800 5537 936 5592 κατά
990 5537 1090 5605 τήν
1149 5536 1352 5610 ἀγοράν
1409 5535 1772 5611 ἐπομπεύετο,
1829 5541 1918 5596 καὶ
1978 5543 2066 5600 ἐπὶ

415 5631 516 5690 τῆς
553 5624 798 5700 μεγάλης
848 5622 1138 5702 προῧκειτο
1182 5625 1494 5696 ἐκκλησίας,
1541 5628 1640 5684 οὐκ
1692 5629 2066 5707 ἀνασχόμενος

417 5717 485 5788 τῇ
514 5719 624 5770 τῶν
657 5711 864 5771 ἀσεϐῶν
907 5716 1168 5791 κοινωνίᾳ
1224 5711 1550 5774 συνασεϐεῖν·
1611 5717 1766 5798 ἀφεὶς
1819 5721 1914 5781 τάς
1971 5743 2069 5780 κο-

2173 3360 2391 3410 οεεευες
2416 3349 2474 3398 et
2498 3343 2728 3399 belluas
2759 3345 2818 3399 in
2843 3362 2978 3401 eum
3011 3345 3309 3400 immissas
3331 3345 3535 3401 ovibus
3552 3345 3816 3400 mitiores

2173 3433 2386 3491 effecit.
2423 3435 2609 3490 Orans
2641 3434 2878 3500 deinde,
2931 3435 3200 3491 Herculis
3247 3436 3524 3492 contrivit
3565 3435 3813 3490 idolum.

2174 3526 2429 3595 Accepta
2457 3530 2653 3580 autem
2677 3523 2854 3596 gladii
2881 3525 3195 3582 sententia.
3223 3525 3506 3596 dumjam
3530 3531 3706 3596 caput
3727 3524 3814 3579 illi

2175 3618 2330 3667 esset
2352 3613 2802 3683 amputandum,
2824 3613 2970 3667 fusis
2993 3613 3542 3684 precibusmanum
3575 3613 3815 3668 tortoris

2173 3701 2400 3756 aridam
2414 3700 2693 3756 reddidit.
2709 3703 2868 3756 Tunc
2891 3718 3208 3756 accurrens
3232 3703 3475 3756 Photius
3498 3702 3666 3756 illum
3689 3718 3818 3756 am-

2172 3791 2479 3862 plexatur;
2513 3789 2931 3861 detentusque,
2964 3789 3144 3844 simul
3176 3807 3308 3844 cum
3333 3806 3400 3844 eo
3431 3791 3660 3846 vinctus
3692 3795 3818 3845 est:

2173 3895 2241 3934 ac
2271 3885 2521 3950 uterque
2547 3878 2794 3934 diversis
2847 3879 3091 3935 affectus
3139 3878 3518 3947 cruciatibus,
3577 3879 3817 3934 tandem

2171 3967 2286 4024 fuit
2314 3968 2447 4042 igne
2479 3975 2885 4041 consumptus.

2733 4084 2973 4141 EODEM
3020 4085 3272 4142 MENSE.

2710 4174 2812 4230 Die
2845 4173 3079 4230 decima
3111 4175 3286 4230 tertia

2180 4264 2499 4322 Translatio
2528 4263 2895 4336 reliquiarum
2925 4265 3127 4406 sfancti.
3151 4266 3337 4320 Patris
3373 4267 3550 4320 nostri
3592 4264 3828 4322 Maximi

2829 4353 2928 4392 con
2960 4352 3172 4392 essorzs.

2829 4352 2958 4392 com
2957 4352 3172 4392 8380115.

2247 4453 2477 4510 Exstitit
2509 4453 2606 4509 hic
2636 4454 3003 4526 temporibus
3026 4453 3398 4510 Constantini
3429 4458 3823 4525 cognomento

2178 4544 2483 4616 Pogonati,
2517 4542 2771 4598 Heraclii
2803 4543 3058 4614 nepotis.
3094 4544 3299 4613 Itaque
3338 4541 3610 4596 maximis
3655 4555 3824 4595 acce-

2098 4617 2144 4682 D
2177 4637 2314 4706 ptus
2349 4631 2678 4687 honoribus
2709 4648 2743 4687 a
2796 4631 3114 4702 prmteritis
3163 4629 3641 4702 imperatoribus,
3688 4645 3823 4684 cum

2177 4727 2333 4776 esset
2354 4721 2478 4792 ipse
2503 4720 2576 4775 ad
2598 4720 2942 4791 reipublicaa
2968 4736 3215 4775 munera
3235 4719 3508 4786 idoneus,
3534 4718 3824 4773 sermoni-

2174 4810 2285 4866 bus
2315 4809 2701 4880 moribusque
2731 4827 2861 4880 quas
2912 4815 3054 4863 sunt
3105 4809 3333 4877 agenda
3381 4808 3705 4871 suadendo,
3757 4823 3826 4864 ac

2173 4898 2353 4971 longa
2379 4914 2580 4953 rerum
2602 4898 2966 4969 experientia
2987 4897 3250 4963 edoctus,
3275 4898 3348 4953 ad
3377 4898 3553 4969 primi
3582 4914 3616 4953 a
3637 4913 3825 4953 secre-

2175 4999 2252 5054 tis
2283 4998 2629 5071 dignitatem
2661 4998 2773 5054 fuit
2801 5004 3129 5070 promotus.
3157 5004 3334 5070 atque
3357 5016 3392 5054 a
3412 4998 3676 5054 consiliis
3701 5003 3826 5053 erat

2174 5087 2655 5160 imperatoribus.
2691 5090 2900 5143 Postea
2930 5104 3064 5142 vero
3097 5104 3276 5159 quam
3308 5088 3574 5161 improba
3605 5094 3661 5144 et
3691 5087 3826 5143 bar-

2173 5179 2318 5235 bara
2349 5195 2554 5234 eorum
2585 5179 2893 5250 praevaluit
2921 5179 3146 5250 opinio,
3180 5179 3280 5250 qui
3312 5195 3493 5234 unam
3540 5179 3698 5234 circa
3727 5178 3824 5232 in-

2177 5268 2540 5324 carnationis
2572 5269 2787 5324 Christi
2829 5269 3224 5324 oeconomiam
3280 5267 3460 5323 stulte
3515 5283 3580 5322 ac
3641 5267 3824 5337 impie

2175 5359 2538 5413 voluntatem
2573 5358 2939 5426 asserebant,
2971 5358 3219 5414 alteram
3251 5376 3322 5413 ex
3342 5357 3574 5414 duabus
3597 5356 3826 5411 naturis

2178 5457 2250 5512 de
2282 5456 2478 5512 medio
2509 5457 2882 5524 auferentes;
2917 5461 2976 5511 et
3032 5473 3139 5528 per
3183 5457 3506 5511 constituta
3554 5453 3828 5525 qumdam

2179 5547 2398 5602 malam
2429 5547 2874 5618 prmseferentia
2903 5547 3268 5618 Opinionem,
3304 5545 3484 5600 veluti
3522 5560 3623 5612 per
3656 5557 3826 5610 pom-

2176 5653 2312 5708 pam
2336 5636 2399 5690 in
2421 5635 2547 5691 foro
2570 5637 3000 5700 ostentabatur,
3035 5640 3092 5689 et
3119 5649 3296 5704 super
3316 5648 3531 5704 magna
3559 5627 3830 5684 exstabat

2180 5725 2472 5795 ecclesia;
2497 5741 2619 5784 non
2647 5725 2847 5784 ferens
2878 5725 3012 5793 iste,
3044 5719 3541 5780 communicando
3564 5729 3700 5773 cum
3721 5713 3829 5768 im-
