4202 6314
411 315 553 388 ,883

1718 316 2151 377 MENOLOGII
2195 316 2404 379 PARS
2449 318 2550 381 Ill.

3716 325 3836 388 584

427 449 564 523 piis,
590 448 765 506 simul
798 449 979 522 impie
1011 448 1398 524 agere,elegit
1427 449 1623 520 potius
1654 449 1919 522 abjectus
1951 467 2070 506 esse

2202 472 2398 544 σμικάς
2431 471 2627 547 ἀρχὰς,
2663 470 2837 527 είλετο
2875 470 3087 546 μᾶλλον
3129 470 3181 530 ἔν
3231 477 3309 544 τῷ
3360 471 3496 546 οἷίλιῳ
3552 479 3648 530 τοῦ
3707 479 3841 532 Θεοῦ

432 540 585 596 202
620 540 680 593 in
713 539 888 596 domo
924 539 1047 606 Dei,
1080 555 1256 610 quam
1289 538 1558 594 habitare
1590 539 1650 593 in
1681 539 2083 595 tabernaculis

439 635 817 702 peccatorum
863 630 1166 684 Profectus
1191 629 1368 701 igitur
1393 629 1453 683 in
1479 629 1856 701 ChrySOpolis
1880 645 2084 683 mona-

439 721 709 786 sterium,
742 735 974 774 comam
1007 718 1302 789 deposuit,
1332 717 1429 772 ubi
1466 725 1668 789 postea
1699 719 1980 792 magister
2002 718 2083 773 fa-

432 816 562 864 ctus
594 816 700 864 est.
740 808 938 862 Divino
972 806 1181 862 exinde
1213 807 1334 862 zelo
1366 807 1526 862 velut
1554 809 1688 881 igne
1739 825 2080 877 succensus,

435 901 832 972 antiquiorem
884 901 1131 956 Romam
1182 901 1364 962 venit,
1423 906 1481 955 et
1529 917 1696 972 papas
1735 902 2081 959 beatissimo

436 991 684 1047 Martino
708 990 989 1049 suasit,ut
1010 989 1426 1061 particularem
1453 991 1746 1062 synodum
1771 1009 2084 1066 congrega-

434 1085 545 1141 ret,
579 1086 756 1150 atque
811 1078 992 1135 duces
1037 1079 1097 1134 in
1145 1079 1329 1150 impio
1376 1080 1647 1154 dogmate
1693 1098 1921 1147 eorum,
1981 1083 2080 1153 qui

432 1186 614 1224 unam
648 1170 708 1225 in
739 1170 970 1225 Christo
1001 1169 1367 1225 voluntatem
1401 1171 1798 1239 somniabant,
1833 1174 2082 1229 anathe-

431 1265 586 1314 mate
613 1258 988 1330 percelleret.
1026 1262 1098 1313 At
1123 1276 1428 1314 sermones
1460 1262 1637 1316 etiam
1697 1263 2081 1317 conscribens

430 1349 503 1404 ad
534 1349 1012 1419 redarguendum
1049 1366 1148 1404 eos
1181 1349 1281 1420 qui
1310 1350 1390 1404 ita
1413 1350 1844 1416 sentiebant,et
1863 1352 2083 1423 episto-

431 1438 518 1494 las
579 1456 967 1510 componens,
1030 1439 1643 1495 demonstrationibus
1723 1457 1793 1495 ex
1850 1441 2079 1497 ratione

430 1528 851 1600 Scripturaque
883 1528 1214 1600 desumptis
1247 1529 1648 1603 integritatem
1690 1535 1906 1585 nostra
1940 1531 2078 1586 fidei

430 1618 909 1689 comprobantes,
943 1619 1164 1689 ubique
1199 1623 1488 1674 terrarum
1514 1618 1938 1675 disseminavit.
1965 1622 2076 1675 Ro-

430 1723 528 1762 ma
558 1713 754 1762 autem
787 1725 907 1763 una
935 1724 1069 1762 cum
1092 1707 1322 1762 duobus
1355 1709 1479 1763 suis
1501 1708 1810 1780 discipulis
1832 1710 2082 1765 Anasta-

2195 561 2578 640 παρερῥῑφθαι,
2637 562 2671 631 ἢ
2734 561 2785 618 ἐν
2844 564 3196 637 σκηνώμασιν
3254 561 3600 640 ἁμαρτωλῶν
3655 587 3843 621 κατοι-

2191 657 2325 708 κεῖν.
2358 648 2693 710 Καταλαϐὼν
2723 655 2812 708 οῦν
2851 655 2912 709 τὸ
2963 654 3016 708 ἐν
3059 653 3398 726 Χρυσοπόλει
3452 659 3840 728 μονασττςριον,

2192 743 2292 810 τήν
2321 741 2499 813 κόμην
2531 742 2779 806 ἀπέθετο.
2845 744 2923 800 Οῦ
2969 743 3057 797 καὶ
3105 745 3428 817 καθηγητὴς
3482 744 3704 817 ὕστερον
3749 748 3842 821 γέ-

2446 831 2468 849 ⁴Ρ
2633 831 2643 850 Ι
2776 834 2787 852 Ι
2951 827 2977 847 ν
3189 833 3203 852 ο
3265 834 3278 850 \
3463 835 3474 849 I
3579 831 3592 852 ἦ
3770 835 3782 851 \

2192 851 2368 904 γονεν.
2405 840 2534 885 ch:
2565 842 2691 904 θειῳ
2726 832 2880 904 ζηλῳ
2939 853 3120 906 ωσπερ
3185 854 3288 888 υπο
3346 854 3515 908 πυρος
3574 837 3839 908 εξαφθεις,

2189 919 2287 986 τήν
2320 913 2683 994 πρεσϐυτέραν
2723 921 2944 992 Ῥώμην
3002 917 3286 979 κατέλαϐε.
3348 921 3452 978 Καὶ
3512 925 3690 977 πάπαν
3746 925 3837 980 τὸν

2195 1009 2610 1081 μακαριώτατον
2665 1015 2957 1084 Μαρτῖνον,
2995 1011 3227 1078 τοπικὴν
3287 1011 3535 1085 ἀθροῖσαι
3588 1010 3834 1083 σύνοδον,

2189 1096 2278 1150 καὶ
2339 1097 2721 1169 ἀναθεματίσαι
2789 1096 2917 1159 τοὺς
3001 1097 3280 1171 ἀρχηγοὺς
3358 1102 3457 1151 τοῦ
3543 1095 3836 1162 δυσσεϐοῦς

2191 1181 2484 1258 δόγματος,
2517 1190 2622 1240 τῶν
2661 1185 2782 1257 μίαν
2830 1185 2918 1240 ἐπὶ
2951 1191 3190 1260 Χριστοῦ
3235 1184 3456 1257 Θέλησιν
3511 1185 3837 1262 ληρῳδούν-

2187 1296 2320 1344 των,
2362 1277 2704 1352 παρέπεισεν·
2769 1274 2914 1331 ἀλλά
2961 1277 3046 1332 καὶ
3107 1276 3183 1340 εἷς
3236 1273 3466 1352 ἔλεγχον
3526 1282 3631 1332 τῶν
3693 1278 3835 1334 οὕτω

2190 1363 2534 1442 φρονούντων
2570 1364 2773 1440 λόγοῦς
2805 1367 3040 1440 γράψας,
3098 1366 3186 1420 καὶ
3247 1365 3541 1428 ἐπιστολὰς
3589 1367 3839 1442 λογικαῖς

2187 1451 2515 1524 ἀποδείξεσι,
2575 1454 2664 1509 καὶ
2720 1461 3008 1532 γραφικαῖς
3055 1462 3154 1525 τῆς
3215 1457 3336 1510 καθ’
3393 1457 3542 1529 ἡμᾶς
3598 1456 3834 1520 πίστεως

2185 1545 2286 1614 τήν
2344 1540 2619 1620 ἀκρίϐειαν
2683 1540 3012 1620 βεϐαιούσης
3097 1545 3326 1615 συνθεὶς,
3398 1551 3679 1620 πανταχοῦ
3732 1554 3835 1616 τῆς

2189 1633 2518 1706 οἰκουμένης
2577 1633 2893 1707 ἐξέπεμψεν.
2956 1635 3276 1708 Ἀναζεύξας
3338 1632 3395 1690 δὲ
3449 1636 3554 1690 ἀπὸ
3610 1637 3833 1708 Ῥώμης

2191 1726 2324 1798 μετά
2351 1729 2458 1780 τῶν
2489 1722 2584 1779 δύο
2619 1724 2979 1780 Ἀναστασίων
3023 1729 3129 1779 τῶν
3196 1727 3451 1796 μαθητῶν
3509 1726 3698 1792 αὐτοῦ,
3757 1726 3834 1788 εἰς

431 1797 533 1852 siis
562 1796 868 1857 secedens.
901 1814 1039 1852 reus
1070 1797 1226 1867 apud
1277 1804 1549 1852 senatum
1580 1798 1790 1854 haeresi
1822 1799 2070 1871 impera-

2187 1813 2411 1879 εὐθύνας
2444 1816 2589 1888 παρά
2625 1821 2727 1883 τῆς
2776 1812 3083 1891 συγκλήτου
3132 1814 3470 1882 καθίσταται,
3531 1812 3833 1888 ὁμοδοξού-

427 1888 573 1942 toris
633 1887 1108 1942 consentientem
1171 1888 1572 1954 constituitur,
1632 1889 1790 1958 quod
1849 1891 2076 1945 cunctis

426 1993 654 2032 morem
676 1977 1019 2049 gerentibus
1037 1977 1380 2049 imperatori
1402 1977 1527 2048 ipse
1555 1977 1717 2033 solus
1742 1977 2078 2048 obsisteret,

428 2071 604 2137 atque
638 2066 788 2121 alios
818 2066 996 2122 etiam
1052 2066 1126 2121 ad
1172 2066 1565 2122 defectionem
1618 2068 1922 2128 excitaret.
1974 2085 2082 2138 per

430 2156 712 2226 epistolas
744 2156 879 2210 illos
936 2156 1248 2223 inducens,
1310 2161 1375 2210 ut
1415 2157 1714 2210 contraria
1765 2157 2075 2212 sentirent.

432 2247 753 2316 PrOpterea
782 2245 844 2300 in
867 2245 1194 2300 custodiam
1223 2262 1407 2316 prope
1429 2246 1734 2301 Thraciam
1783 2247 2038 2301 mittitur
2062 2263 2074 2300 :

434 2339 491 2388 et
521 2350 906 2405 perseverans
938 2335 1064 2406 ipse
1095 2335 1156 2388 in
1188 2334 1516 2389 orthodoxa
1547 2334 1683 2399 fide,
1730 2335 1975 2390 dextera
2008 2352 2076 2390 ac

426 2423 634 2495 lingua
662 2423 1004 2494 amputatis,
1039 2423 1208 2478 illinc
1238 2425 1298 2478 in
1332 2424 1572 2479 Lazicen
1603 2423 1939 2495 relegatur:
1973 2425 2072 2480 ubi

426 2513 498 2568 ad
524 2519 642 2568 tres
666 2529 857 2568 annos
881 2513 1057 2567 vitam
1092 2512 1432 2576 traducens,
1467 2518 1525 2567 et
1553 2513 1776 2584 proprii
1810 2515 2076 2586 corporis

421 2601 769 2672 indigentiis
799 2603 927 2674 ipse
956 2601 1328 2669 ministrans,
1375 2601 1588 2673 plenus
1646 2603 1900 2666 dierum,
1944 2609 2076 2674 post

424 2691 660 2746 brevem
684 2691 959 2747 morbum
984 2691 1043 2746 in
1072 2692 1321 2746 Domino
1344 2691 1652 2762 requievit,
1687 2693 2074 2765 sepultusque

421 2781 536 2836 fuit
556 2782 617 2836 in
644 2781 832 2836 sancti
859 2781 1084 2836 Arsenii
1109 2782 1471 2836 monasterio
1496 2782 1556 2836 in
1573 2782 1780 2837 eadem
1798 2783 2072 2838 Lazorum

425 2871 708 2942 regione:
745 2871 843 2925 ubi
875 2871 936 2925 in
995 2871 1122 2925 dies
1178 2870 1369 2926 multa
1425 2878 1704 2942 operatur
1762 2873 2070 2929 miracula.

423 2962 745 3030 Postquam
777 2975 912 3015 vero
945 2959 1332 3016 obtruncatus
1364 2965 1472 3026 est,
1505 2961 1768 3033 linguam
1792 2961 1846 3017 ei
1876 2961 2070 3018 denuo

420 3065 526 3121 per
538 3049 870 3122 prodigium
894 3049 1162 3105 referunt
1181 3066 1216 3105 a
1243 3051 1358 3104 Deo
1373 3041 2070 3122 restitutam,etquandiu

417 3138 812 3195 vixitdiserte
830 3138 1013 3194 fuisse
1041 3139 1325 3194 locutum.
1343 3141 1424 3194 Ex
1449 3139 1683 3196 duobus
1707 3145 1905 3196 autem
1935 3141 2065 3212 ejus

421 3227 732 3298 discipulis
763 3229 957 3297 major
985 3227 1224 3298 quidem
1256 3233 1399 3283 natu
1421 3229 1792 3295 Anastasius,
1816 3229 2062 3301 perinde

419 3332 488 3371 ac
518 3316 819 3388 magister,
853 3315 1056 3389 lingua
1085 3323 1144 3372 et
1172 3316 1415 3372 dextera
1443 3316 1854 3385 obtruncatus,
1887 3319 1949 3374 in
1972 3336 2066 3375 re-

421 3411 650 3460 motum
664 3405 940 3460 exsilium
953 3405 1340 3478 exturbatur;j
1351 3407 1525 3462 unior
1540 3423 1674 3463 vero
1691 3407 1754 3464 in
1766 3408 2066 3480 quoddam

415 3494 680 3550 Thracia
713 3497 932 3552 missus
963 3501 1223 3552 castrum
1254 3495 1336 3552 ibi
1367 3495 1487 3553 vita
1513 3497 1752 3554 functus
1785 3502 1892 3555 est.

971 3789 1214 3846 EODEM
1253 3788 1505 3846 MENSE.

932 3878 1037 3936 Die
1068 3878 1300 3934 decima
1327 3883 1540 3951 quarta

415 3964 569 4024 208
600 3969 866 4024 Memoria
921 3968 1563 4053 sacrosanctimartyris
1612 3971 1862 4026 Marcelli
1914 3970 2063 4043 Apa-

1027 4055 1158 4094 meae
1188 4055 1449 4110 episcopi.

487 4161 590 4216 Hic
621 4163 949 4218 Theodosio
980 4163 1342 4235 imperatore
1368 4181 1438 4219 ex
1465 4167 1657 4236 Cypro
1687 4167 1916 4238 prodiit
1961 4167 2062 4222 in-

415 4249 567 4317 sula,
599 4251 769 4322 cujus
799 4251 1333 4307 administrationis
1355 4253 1657 4324 provincia
1673 4271 1809 4309 cum
1833 4255 1884 4311 ei
1911 4261 2067 4311 esset

411 4341 753 4406 commissa,
787 4340 1154 4396 mundanam
1185 4342 1309 4412 ipse
1367 4357 1580 4412 gerens
1625 4343 2059 4413 praefecturam,

409 4428 557 4484 adeo
582 4429 863 4501 pietatem
885 4434 1272 4500 exactamque
1293 4429 1585 4484 rationem
1608 4430 1670 4484 in
1695 4431 1874 4488 rebus
1885 4448 2066 4505 agen-

409 4517 501 4574 dis
529 4517 868 4588 adhibebat,
903 4524 970 4574 ut
998 4534 1207 4574 omnes
1238 4517 1312 4574 ad
1337 4519 2062 4590 suipertraxeritadmiia-

407 4611 656 4668 tionem.
692 4610 779 4666 Ad
809 4610 1187 4682 pontiﬁcium
1216 4624 1354 4665 vero
1381 4608 1655 4666 ordinem
1711 4610 2059 4680 translatus,

410 4706 588 4772 atque
618 4706 895 4773 Apamea)
923 4700 986 4756 in
1020 4699 1188 4772 Syria
1219 4701 1533 4773 episcOpus
1583 4700 1963 4766 constitutus,
1998 4703 2060 4758 in

411 4791 641 4845 caeteris
663 4791 939 4846 omnibus
962 4790 1124 4862 juste
1156 4794 1216 4845 et.
1236 4794 1437 4845 sancte
1458 4805 1706 4846 munere
1731 4807 1836 4848 suo
1850 4790 2058 4866 funge-

408 4875 603 4931 batur.
637 4877 915 4934 Fervidus
947 4878 1125 4934 etiam
1181 4883 1307 4933 erat
1357 4878 1572 4933 Christi
1628 4878 1768 4935 ﬁdei
1819 4881 2056 4949 zelotes,

407 4965 690 5022 ecclesias
721 4967 794 5022 ad
826 4967 930 5023 Dei
958 4967 1209 5040 gloriam
1240 4973 1616 5036 construens,
1648 4974 1708 5026 et
1763 4969 2060 5026 idolorum

407 5055 548 5111 fana
578 5053 893 5112 destruens
919 5073 933 5124 ;
967 5072 1222 5128 quorum
1251 5072 1459 5124 unum,
1495 5057 1655 5130 quod
1679 5059 1834 5115 Jovis
1889 5060 2057 5116 dice-

409 5144 604 5212 batur,
627 5160 760 5201 cum
785 5161 906 5201 non
938 5145 1164 5202 sineret
1183 5144 1284 5216 qui
1313 5146 1376 5202 in
1399 5163 1467 5202 eo
1491 5146 2057 5217 insidebatdaemon,

409 5235 608 5308 ipsum
638 5235 928 5306 comburi,
959 5252 1069 5292 nec
1101 5234 1576 5310 quibuscumque
1610 5239 1904 5296 machinis
1928 5240 2055 5297 solo

413 5325 676 5397 aequari;
712 5329 954 5381 sanctus
984 5329 1228 5397 accepta
1256 5341 1430 5398 aqua,
1481 5343 1669 5400 eaque
1719 5329 2057 5400 benedicta,

414 5421 760 5488 struemque
790 5414 1088 5488 lignorum
1120 5429 1189 5470 ea
1219 5430 1557 5489 aspergens,
1589 5422 1655 5474 ut
1684 5418 1839 5492 ignis
1860 5421 2060 5476 conci-

411 5510 672 5579 peretur,
698 5510 875 5577 atque
896 5504 1102 5560 fanum
1125 5503 1402 5560 incendio
1430 5513 1902 5576 consumeretur,
1928 5510 2063 5567 eﬂ‘e—

412 5598 512 5654 cit.
545 5597 918 5669 Quapropter
947 5593 1019 5650 ab
1050 5592 1384 5648 idololatris
1414 5595 1540 5666 ipse
1569 5600 2057 5669 comprehensus,

413 5693 592 5762 atque
624 5687 687 5745 in
717 5686 917 5759 ignem
945 5683 1219 5758 injectus,
1255 5700 1538 5751 coronam
1565 5686 1808 5760 accepit.

2188 1926 2286 1975 σης
2349 1907 2420 1976 τῇ
2447 1909 2542 1959 τοῦ
2579 1904 2848 1980 βασιλέως
2905 1905 3126 1978 αἱρέσει·
3163 1905 3244 1959 ὅτι
3304 1904 3514 1959 πάντων
3574 1905 3832 1960 ὑπεικόν-

2184 2015 2290 2048 των
2351 1998 2430 2065 τῷ
2493 1991 2732 2068 βασιλεῖ,
2791 1993 2952 2050 αὐτός
3008 2015 3066 2048 τε
3129 1993 3296 2065 μόνος
3349 1991 3681 2063 ἀνθίσταται,
3735 1993 3827 2048 καὶ

2183 2083 2311 2142 τοὺς
2342 2080 2548 2144 ἄλλους
2581 2082 2655 2143 εἰς
2693 2082 3021 2137 ἀποστασίαν
3083 2088 3242 2147 κινεῖ,
3306 2082 3518 2136 ἐναντία
3579 2080 3668 2137 διὰ
3719 2087 3826 2136 τῶν

2184 2169 2488 2226 ἐπιστολῶν
2521 2177 2761 2249 φρονεῖν,
2799 2171 3134 2244 μεταπείθων
3195 2171 3414 2235 αὐτούς.
3473 2171 3597 2228 Ἐπὶ
3651 2171 3830 2244 τούτῳ

2184 2262 2453 2332 πέμπεται
2487 2259 2538 2316 ἐν
2572 2265 2784 2338 φρουρᾷ
2839 2261 2975 2315 κατά
3029 2261 3128 2329 τήν
3186 2261 3422 2336 Θρᾴκην.
3479 2262 3579 2316 Καὶ
3640 2261 3830 2333 ἐπιμέ-

2182 2371 2288 2404 νων
2321 2353 2388 2423 τῇ
2423 2349 2703 2424 ὀρθοδὸξῳ
2733 2349 2933 2416 πίστει,
2963 2351 3062 2418 τὴν
3095 2355 3255 2425 χεῖρα
3285 2351 3372 2404 καὶ
3429 2351 3528 2420 τήν
3581 2351 3829 2426 γλῶτταν

2184 2441 2673 2514 ἀκρωτηριάζεται.
2731 2437 2990 2504 Κάκεῖθεν
3051 2439 3126 2501 εἷς
3189 2439 3480 2514 ὑπερορίαν
3539 2441 3676 2495 κατᾶ
3729 2441 3829 2508 τὴν

2183 2531 2423 2598 Λαζικὴν
2455 2530 2748 2600 πέμπεται.
2779 2530 2948 2593 ’Ένθα
2999 2528 3082 2584 ἐπὶ
3145 2530 3288 2604 τρισὶ
3342 2526 3398 2583 δὲ
3449 2530 3674 2605 χρόνοις
3724 2527 3837 2583 δια-

2179 2620 2385 2693 γαγὼν,
2415 2618 2502 2674 καὶ
2531 2623 2649 2681 ταῖς
2682 2617 2914 2681 οίκείαις
2944 2623 3042 2674 τοῦ
3099 2621 3354 2692 σώματος
3409 2619 3621 2694 χρείαις
3671 2618 3830 2679 αὐτὸς

2184 2707 2687 2781 ὑπηρετησάμενος,
2744 2708 2834 2762 καὶ
2908 2706 3134 2783 πλήρης
3215 2711 3438 2781 ἡμερῶν
3522 2708 3829 2782 γενόμενος,

2185 2797 2377 2872 μικρὸν
2433 2799 2684 2866 νοσήσας,
2745 2795 3081 2852 ἀνεπαύσατο
3141 2797 3191 2852 ἐν
3255 2795 3460 2870 Κυρίῳ.
3521 2796 3624 2854 Καὶ
3680 2818 3834 2853 κατε-

2179 2886 2304 2953 τέθη
2339 2885 2390 2941 ἐν
2422 2889 2490 2960 τῇ
2543 2889 2681 2960 μονῇ
2732 2891 2828 2941 τοῦ
2888 2886 3040 2962 ἁγίου
3095 2885 3397 2961 Ἀρσενίου,
3457 2885 3506 2940 ἐν
3568 2885 3702 2960 αὐτῇ
3758 2890 3826 2960 τῇ

2179 2978 2340 3051 χώρᾳ
2367 2980 2472 3030 τῶν
2506 2981 2720 3046 Λαζῶν,
2771 2975 2985 3038 πολλὰς
3044 2976 3334 3048 θαυμάτων
3391 2974 3655 3051 ἐνεργείας
3712 2978 3828 3040 καθ’

2179 3066 2404 3135 εκάστην
2438 3071 2633 3124 ποιῶν.
2669 3067 2892 3141 Λέγεται
2945 3063 3025 3136 δὶ,
3077 3065 3212 3138 μετά
3256 3067 3356 3136 τήν
3411 3065 3672 3138 ἐκτομὴν,
3724 3065 3827 3121 αῦ-

2107 3193 2148 3259 C
2181 3167 2262 3218 θις
2297 3154 2399 3209 ὑπὸ
2431 3158 2565 3210 Θεοῦ
2621 3152 2942 3229 παραδόξως
2995 3157 3434 3224 ἀποκαταστῆναι
3490 3154 3589 3222 τὴν
3647 3153 3832 3229 γλῶτ-

2175 3265 2294 3313 ταν,
2352 3243 2441 3298 καὶ
2500 3248 2710 3318 τρανῶς
2796 3244 3143 3320 φθέγγεσθαι,
3209 3244 3406 3317 μέχρις
3462 3244 3523 3298 ἂν
3583 3248 3664 3317 τῷ
3723 3244 3828 3316 βίῳ

2176 3334 2446 3409 ὑπῆρχεν.
2479 3335 2598 3391 Τῶν
2661 3330 2718 3387 δὲ
2775 3331 2870 3387 δύο
2928 3332 3092 3389 αὐτοῦ
3150 3335 3434 3406 μαθητῶν,
3468 3334 3496 3389 ὁ
3531 3334 3626 3406 μὶν
3689 3354 3829 3410 πρε-

2175 3420 2435 3500 σϐύτερος
2463 3425 2812 3486 Ἀναστάσιος
2836 3423 2933 3479 ’ἶσα
2961 3429 3042 3498 τῷ
3074 3421 3388 3497 διδασκάλῳ
3419 3425 3518 3495 τήν
3573 3423 3824 3498 γλῶτταν

2171 3514 2260 3570 καὶ
2319 3515 2416 3584 τήν
2475 3519 2636 3590 χεῖρα
2691 3512 2947 3586 τμηθεὶς,
3037 3513 3246 3587 μακρὰν
3306 3511 3593 3589 ἐξωρίσθη.
3651 3515 3713 3572 Ὁ
3769 3510 3829 3569 δὲ

2171 3602 2453 3677 νεώτερος,
2485 3600 2537 3658 ἔν
2595 3621 2702 3657 τινι
2753 3606 2860 3656 τῶν
2915 3601 3053 3656 κατά
3106 3602 3206 3672 τήν
3266 3601 3480 3677 Θρᾴκην
3543 3602 3820 3678 φρουρίων

2171 3692 2459 3771 πεμφθεὶς,
2489 3692 2580 3748 τὸν
2619 3691 2736 3767 βίον
2762 3687 3075 3749 κατέλυσεν.

2719 3807 2901 3866 ΜΗΝΙ
2939 3809 3028 3865 ΤΩ
3064 3811 3257 3863 ΛΠῺ.

2951 3903 3027 3950 ΙΔ¹

2692 3985 2846 4074 ἁγίου
2958 3986 3356 4074 ἱερομάρτρρος

3491 3983 3822 4060 Μαρκέλλου

2659 4055 2961 4114 ἐπισκόπου
2990 4055 3318 4131 ’Ἀπαμείας.

2171 3988 2290 4058 Μνή
2301 4008 2378 4060 μη
2483 3990 2580 4042 τοῦ

2242 4165 2414 4230 Οῦτος
2437 4169 2652 4244 γέγονεν
2679 4165 2767 4222 ἐπὶ
2798 4163 3090 4223 Θεοδοσίου
3136 4171 3236 4222 τοῦ
3292 4163 3580 4242 βασιλέως,
3626 4165 3683 4220 ἐκ
3726 4172 3826 4234 τῆς

2172 4256 2431 4332 Κυπρίων
2463 4257 2790 4329 ὁρμώμενος
2833 4258 3020 4327 νήσου,
3081 4256 3134 4312 ἐν
3194 4255 3232 4330 ᾖ
3290 4257 3561 4328 κοσμικὴν
3620 4257 3825 4328 πράξας

2169 4347 2373 4423 ἀρχὴν,
2405 4347 2496 4402 καὶ
2527 4348 2624 4415 τὴν
2685 4345 2957 4416 διοίκησιν
3005 4347 3178 4415 αὐτῆς
3231 4346 3562 4409 πιστευθεὶς,
3618 4345 3824 4405 πάντας

2169 4435 2457 4510 ἐξέπληξεν
2489 4431 2758 4508 εὐσεϐείᾳ,
2807 4437 2900 4491 καὶ
2947 4430 3194 4508 ἀκριϐείᾳ
3240 4431 3364 4507 περὶ
3410 4431 3479 4486 τὰ
3534 4430 3823 4503 πράγματα

2171 4525 2484 4602 χρώμενος.
2518 4525 2611 4588 Εἰς
2646 4522 2703 4580 δὲ
2730 4526 2831 4594 τήν
2863 4523 3184 4598 ἱεραρχικήν
3216 4519 3362 4590 τάξιν
3423 4513 3680 4593 μεταϐὰς,
3728 4519 3820 4573 καὶ

2171 4613 2476 4689 Ἀπαμείας
2529 4621 2628 4684 τῆς
2683 4615 2819 4669 κατᾶ
2877 4613 3075 4690 Συρίαν
3156 4608 3452 4671 ἐπίσκοπος
3527 4606 3814 4674 καταστὰς,

2167 4707 2305 4781 πρός
2335 4725 2394 4759 τε
2429 4707 2496 4759 τά
2553 4702 2699 4760 ἄλλα
2752 4701 2979 4764 δικαίως
3040 4697 3427 4756 ἐπολιτεύσατο
3484 4696 3577 4753 καὶ
3631 4695 3812 4758 ὁσίως.

2167 4795 2268 4851 Καὶ
2316 4791 2383 4865 δὴ
2444 4793 2644 4868 θερμὸς
2695 4799 2795 4863 τῆς
2849 4791 2985 4847 κατὰ
3041 4790 3268 4866 Χριστὸν
3328 4789 3587 4854 πίστεως,
3639 4787 3820 4861 γέγονε

2171 4884 2452 4954 ζηλωτὴς,
2513 4881 2802 4954 ἐκκλησίας
2861 4902 2920 4938 τε
2975 4882 3052 4946 εἷς
3101 4878 3256 4952 δόξαν
3345 4883 3480 4934 Θεοῦ
3537 4880 3818 4944 συνιστῶν,

2168 4973 2256 5028 καὶ
2289 4971 2450 5036 ναοὺς
2475 4969 2799 5035 εἷδωλικοῦς
2829 4972 3125 5039 καθαιρῶν.
3184 4975 3277 5024 Ὧν
3329 4964 3417 5024 ἕνα
3469 4969 3546 5042 μὴ
3605 4985 3822 5042 συγχω-

2169 5067 2392 5137 ροῦντος
2423 5060 2570 5134 αὐτῷ
2613 5064 2710 5117 τοῦ
2767 5061 2819 5116 ἐν
2869 5060 3020 5133 αὖτῷ
3078 5057 3338 5132 δαίμονος
3389 5059 3744 5127 κατακαῆναι,
3775 5057 3810 5126 ἢ

2171 5155 2445 5227 μηχαναῖς
2471 5171 2578 5206 τισι
2636 5145 3073 5221 καταϐληθῆναι,
3131 5149 3190 5212 ὃς
3247 5146 3465 5223 ἐλέγετο
3521 5149 3618 5201 τοῦ
3673 5145 3820 5208 Διός·

2167 5236 2354 5296 λαϐὼν
2385 5237 2532 5317 ὕδωρ
2573 5240 2600 5296 ὁ
2633 5239 2784 5317 ἅγιος
2816 5238 2906 5294 καὶ
2937 5237 3265 5314 εὐλογήσας,
3299 5235 3388 5291 καὶ
3421 5241 3539 5298 τοῖς
3592 5228 3822 5290 στοιϐα-

2169 5335 2340 5396 σθεῖσι
2393 5326 2579 5398 ξύλοις
2628 5327 2943 5406 ἐπιρράνας,
2991 5327 3296 5404 ἀναφθῆναι
3338 5325 3428 5380 καὶ
3485 5327 3820 5388 κατακαῆναι

2166 5419 2451 5489 πεποίηκε.
2488 5417 2783 5494 Συσχεθεὶς
2814 5415 2872 5473 δὲ
2912 5415 3002 5472 ἐπὶ
3030 5415 3209 5488 τούτῳ
3260 5414 3365 5470 ὑπὸ
3420 5417 3527 5470 τῶν
3586 5409 3820 5468 εἰδωλο-

2169 5511 2408 5586 λατρῶν,
2438 5506 2529 5565 καί
2577 5507 2654 5572 εἷς
2712 5510 2819 5583 πῦρ
2882 5505 3131 5584 βληθεὶς,
3191 5503 3281 5562 τὸν
3339 5499 3594 5581 στέφανον
3651 5499 3814 5575 ἠνέγ-

2166 5620 2320 5660 κατο.
