4184 6326
332 330 446 390 585
1801 334 1954 394 AUG
1967 335 2002 394 Ε

2121 335 2240 396 US.
3619 340 3734 400 586

883 464 1060 521 Mum
1099 466 1189 521 Te
1225 456 1426 523 Ar'rn.
2005 467 2064 532 Α
2642 471 2881 525 EODEM
2937 471 3184 525 MENSE.

1130 563 1214 620 IE‘
2587 560 2689 614 Die
2735 559 2968 614 decima
3008 559 3232 632 quinta.

404 665 463 720 Ἡ
493 665 762 738 κοίμησις
813 672 910 737 τῆς
976 665 1332 744 ὑπερενδόξου
1391 670 1692 742 Δεσποίνης
1748 672 1908 743 ἡμῶν

1025 739 1314 796 Θεοτόκου.

2117 666 2359 720 )ormitt‘o
2416 668 2825 736 gloriosissima:
2880 669 3128 724 Domina
3201 675 3408 725 nostra?
3455 668 3738 740 Deiparae.

1069 761 1314 800 εοτοκου.

2162 871 2304 924 Cum
2336 871 2656 941 placuisset
2681 871 2799 926 Deo
2824 890 2990 928 suam
3022 873 3366 944 genitricem
3399 873 3473 930 ad
3497 891 3556 930 se
3575 891 3740 930 assu-

2095 959 2516 1030 mere,ipsiper
2543 961 2819 1031 angelum
2847 962 3300 1017 translationem
3325 979 3493 1017 suam
3513 980 3742 1018 annun-

2092 1047 2286 1101 tiavit:
2326 1065 2456 1118 qum
2488 1048 2587 1102 ubi
2613 1049 2854 1117 audivit,
2890 1050 3087 1106 lmtata
3118 1057 3244 1118 est;
3280 1056 3339 1106 et
3360 1051 3432 1106 ad
3475 1058 3738 1107 montem

2093 1136 2385 1191 Olivarum
2421 1138 2775 1207 ascendens,
2810 1156 2944 1194 cum
2991 1147 3238 1210 orasset,
3299 1141 3541 1195 domum
3571 1158 3736 1197 suam

2093 1225 2443 1292 revertitur;
2478 1227 2944 1298 prmparatisque
2977 1229 3414 1300 omnibus,qua3
3445 1230 3518 1284 ad
3541 1231 3738 1300 sepul-

2095 1318 2286 1368 turam
2317 1321 2486 1369 erant
2515 1317 2870 1378 necessaria,
2898 1335 3070 1372 suum
3114 1319 3342 1389 accepit
3387 1319 3597 1373 Filium
3625 1336 3636 1373 :
3672 1336 3739 1374 ac

2093 1401 2319 1473 ingenti
2345 1404 2566 1457 tonitru
2595 1403 3032 1476 facto,apostoli
3067 1422 3274 1460 omnes
3306 1422 3376 1460 ex
3410 1411 3579 1460 terrm
3604 1406 3738 1459 ﬁni-

2092 1490 2202 1545 bus
2234 1507 2338 1561 per
2363 1491 2550 1546 nubes
2582 1493 2656 1548 ad
2679 1493 3130 1549 immaculatum
3152 1495 3281 1566 ejus
3300 1512 3514 1566 corpus
3533 1513 3742 1550 curan-

2092 1579 2234 1634 dum
2265 1587 2644 1637 accesserunt
2672 1599 2684 1636 :
2721 1589 2779 1637 et
2809 1601 2990 1654 supra
3020 1585 3241 1639 lectum
3273 1585 3401 1656 ipsa
3427 1601 3556 1639 sese
3576 1602 3739 1639 com-

403 872 529 927 Ὅτε
560 873 586 926 6
614 871 819 946 Κύριος
851 875 1011 947 ἡμῶν
1042 876 1135 930 καὶ
1166 876 1296 941 Θεὸς
1326 872 1659 952 προσλαϐεῖν
1723 874 1984 948 εὖδόκησε

335 961 432 1028 τὴν
465 961 657 1015 ἑαυτοῦ
687 961 928 1038 Μητέρα,
964 962 1035 1018 δι’
1081 965 1321 1040 ἀγγέλου
1353 966 1489 1040 αὐτῇ
1520 969 1619 1037 τήν
1663 967 1831 1036 αὐτῆς
1889 988 1981 1040 με⁶

336 1051 586 1104 τάστασιν
617 1053 1007 1123 κατεμήνυσεν.
1066 1054 1130 1111 Ἢ
1191 1054 1248 1110 δὲ
1305 1055 1578 1110 ἀκούσασα
1648 1058 1846 1132 ἑχάρη’
1894 1058 1979 1111 καὶ

340 1139 634 1193 ἀνελθοῦσα
662 1138 737 1201 εἰς
785 1141 848 1195 τὸ
906 1136 1033 1215 ὅρος
1077 1149 1183 1198 τῶν
1240 1143 1497 1215 Ἐλαιῶν,
1542 1147 1628 1200 καὶ
1689 1149 1977 1219 προσευξασ

342 1229 498 1299 μὲνη,
533 1228 858 1306 ὑπέστρεψεν
889 1231 965 1293 εἰς
992 1233 1085 1287 τὸν
1135 1236 1286 1289 οἷκον
1345 1235 1530 1304 αὐτῆς.
1584 1237 1678 1290 Καὶ
1736 1236 1982 1309 εὐτρεπί-

339 1338 470 1371 σκσα
497 1317 565 1372 τὰ
596 1318 731 1393 πρὸς
762 1321 861 1387 τὴν
892 1322 1074 1398 ταφὴν
1116 1323 1344 1393 ἅπαντα,
1406 1321 1681 1399 ἐξεδέχετο
1736 1326 1826 1380 τὸν
1860 1325 1979 1378 Υὶὸν

337 1406 525 1475 αὐτῆς.
591 1407 696 1463 Καὶ
765 1409 1069 1483 γενομένης
1131 1411 1359 1486 βροντῆς
1429 1413 1694 1487 μεγάλης,
1754 1412 1981 1487 παρεγὲ-

336 1516 490 1550 νοντο
523 1497 580 1551 οἱ
610 1495 911 1553 ἀπόστολοι
942 1497 1132 1562 πάντες
1187 1498 1247 1554 ἐκ
1307 1505 1409 1556 τῶν
1464 1501 1708 1574 περάτων
1740 1509 1838 1572 τῆς
1883 1509 1986 1575 γῆς

336 1581 423 1639 διὰ
447 1585 696 1663 νεφελῶν
744 1587 881 1662 πρὸς
932 1587 996 1642 τὸ
1055 1586 1313 1658 κηδεῦσαι
1369 1591 1432 1646 τὸ
1486 1591 1755 1666 ἄχραντον
1815 1591 1983 1660 αὐτῆς

332 1679 509 1746 σῶμα.
579 1676 674 1729 Καὶ
734 1679 1170 1749 σχηματισθεῖσα
1227 1677 1313 1733 ἐπὶ
1398 1683 1498 1744 τῆς
1556 1679 1772 1751 κλίνης,
1853 1701 1986 1748 παρ-

2117 1677 2634 1736 >011ens,sanctam
2695 1689 2863 1726 suam
2896 1673 3157 1727 animam
3216 1674 3276 1727 in
3337 1689 3549 1728 manus
3607 1673 3741 1727 Filii

330 1761 475 1818 ἐθετο
506 1763 615 1832 τὴν
645 1764 795 1839 ἁγίαν
827 1764 992 1835 αὐτῆς
1027 1767 1217 1841 ψυχὴν
1247 1767 1322 1828 εἷς
1377 1768 1568 1844 χεῖρας
1604 1773 1702 1824 τοῦ
1732 1770 1860 1824 Υἱοῦ
1890 1787 1979 1840 καὶ

2117 1757 2313 1828 )eique
2348 1758 2438 1813 sui
2471 1759 2930 1832 tradidit.Ipsius
2961 1778 3098 1816 vero
3118 1761 3504 1832 purissimum
3528 1778 3742 1832 corpus

330 1857 462 1908 Θεοῦ
493 1853 692 1922 αὐτῆς.
727 1854 806 1910 Τὸ
837 1851 896 1909 δὲ
941 1855 1322 1931 πανάχραντον
1380 1857 1548 1927 αὐτῆς
1605 1857 1860 1933 λείψανον
1884 1880 1979 1913 τα-

2117 1870 2125 1900 ι
2155 1849 2672 1920 sanctisapostolis
2703 1851 3160 1922 sepultumpost
3179 1853 3410 1907 tertiam
3434 1851 3595 1906 diem
3619 1867 3740 1905 non

331 1943 421 2018 φὲν
459 1943 570 1996 ὑπὸ
613 1947 720 1997 τῶν
776 1941 945 2018 ἁγίων
1007 1942 1348 2018 ἀποστόΛων,
1406 1949 1541 2020 μετά
1596 1947 1784 2024 τρίτην
1840 1949 1978 2021 ἡμὲ-

2117 1942 2183 1990 est
2209 1943 2529 2008 repertum.
2563 1939 2912 2010 Sepulcrum
2963 1940 3116 1996 204
3177 1941 3335 1996 enim
3386 1940 3738 2012 adaperiens

331 2052 424 2106 ραν
457 2031 575 2106 οὐχ
615 2032 829 2104 εὑρέθη.
879 2034 1118 2106 Ἀνοίξας
1171 2035 1273 2110 γὰρ
1328 2037 1355 2091 6
1416 2042 1616 2110 Θωμᾶς
1667 2039 1760 2093 τὸν
1791 2037 1982 2116 τάφον,

2117 2027 2364 2094 Thomas,
2397 2027 2499 2098 qui
2530 2043 2662 2082 sero
2689 2033 2947 2094 venerat,
2981 2035 3046 2084 ut
3103 2030 3403 2100 lipsanum
3435 2030 3730 2096 adoraret,

334 2129 468 2196 πρὸς
497 2124 571 2178 τὸ
602 2131 979 2198 προσκυνῆσαι
1008 2125 1069 2180 τὸ
1118 2124 1374 2200 λείψανον
1433 2127 1674 2202 (ὕστερον
1729 2129 1832 2206 γὰρ
1873 2114 1985 2198 νῆλ-

2119 2114 2244 2168 llud
2275 2115 2736 2187 haudquaquam
2765 2118 2987 2172 invenit
3017 2136 3031 2184 ;
3065 2119 3123 2172 id
3153 2119 3447 2190 siquidem
3472 2123 3736 2173 transtu-

334 2212 462 2283 θεν),
496 2210 614 2285 οὐχ
647 2211 794 2286 εὗρεν
848 2211 999 2268 αὐτό.
1044 2213 1318 2284 Μετέθηκε
1365 2213 1465 2290 γὰρ
1520 2215 1652 2270 αὐτὸ
1689 2215 1718 2270 ὀ
1749 2203 1877 2280 Θεὸς
1933 2216 1986 2271 ἐν

2120 2209 2246 2259 erat
2275 2206 2427 2260 Deus
2459 2205 2521 2259 in
2553 2205 2771 2272 locum,
2802 2223 2980 2276 quem
3023 2207 3148 2278 ipse
3184 2209 3295 2263 scit
3328 2224 3340 2274 ;
3400 2207 3502 2262 sed
3553 2207 3739 2261 lintea

373 2305 384 2320 Ι
553 2304 584 2322 τ’
678 2301 731 2322 7‘
888 2305 900 2323 ν
958 2305 970 2326 Ι
1124 2305 1138 2326 ε
1199 2303 1208 2324 7
1439 2305 1480 2325 N‘

326 2324 505 2376 τοπῳ,
538 2325 589 2375 ῳ
647 2317 789 2358 οιοεν
843 2324 1026 2367 αυτος·
1089 2318 1382 2381 ευρεθησαν
1435 2319 1491 2364 οε
1552 2308 1714 2381 μόναι
1760 2309 1815 2363 αἱ
1872 2329 1984 2363 σιν-

2117 2292 2384 2349 luntaxat
2411 2293 2576 2348 fuere
2607 2301 2860 2366 reperta.

331 2390 502 2456 δόνες.

467 2516 571 2574 Καὶ
604 2515 838 2588 ἄθλησις
866 2522 965 2573 τοῦ
1013 2519 1167 2594 ἁγίου
1214 2523 1493 2596 μάρτυρος
1522 2520 1840 2596 Οῦρσικίου.

2308 2519 2376 2572 Et
2407 2524 2688 2572 certamen
2744 2517 2922 2574 sancti
2981 2521 3240 2588 martyris
3306 2521 3526 2575 Ursicii.

397 2647 458 2704 Ὀ
487 2650 589 2701 τοῦ
620 2650 858 2714 Χριστοῦ
888 2649 1092 2722 μάρτυς
1142 2648 1433 2724 Οὐρσίκιος
1463 2649 1530 2719 ἦν
1587 2649 1675 2704 ἐπὶ
1731 2656 1832 2718 τῆς
1889 2650 1988 2725 βα-

331 2733 540 2797 σιλείας
562 2736 931 2808 Μαξιμιανοῦ,
1000 2734 1059 2791 ἐκ
1111 2741 1212 2802 τῆς
1271 2739 1461 2814 χώρας
1515 2742 1614 2793 τοῦ
1647 2736 1986 2813 Ἰλλυρικοῦ,

333 2823 434 2891 τὴν
479 2824 629 2896 τάξιν
681 2824 1042 2900 στρατιώτης,
1097 2827 1198 2896 τήν
1269 2827 1416 2899 ἀξίαν
1495 2822 1806 2903 τριϐοῦιος.
1848 2831 1985 2900 Χρι-

343 2913 557 2975 στιανὸς
591 2910 646 2968 δὲ
676 2911 769 2984 ὢν,
801 2915 1153 2988 κατεμηνύθη
1186 2921 1265 2988 τῷ
1300 2913 1530 2992 ἄρχοντι
1566 2919 1667 2973 ὑπὸ
1697 2919 1816 2980 ἑνὸς
1879 2922 1987 2972 τῶν

346 3002 434 3055 ὑπ’
491 3003 654 3058 αὐτὸν
742 3009 1110 3076 στρατιωτῶν.
1197 3007 1296 3060 Καὶ
1365 3009 1676 3080 κρατηθεὶς,
1746 3003 1988 3077 ἐϐιάζετο

2122 3028 2227 3083 pso
2244 3010 2533 3065 militabat
2559 3009 3186 3081 ;detentusque,idolis
3210 3012 3740 3083 cogebaturlilare;

345 3090 495 3144 θῦσαι
525 3097 646 3154 τοῖς
694 3090 967 3157 εἷδώλοις.
1018 3095 1108 3164 Μὴ
1166 3094 1402 3159 πεισθεὶς
1461 3094 1540 3167 δὲ,
1598 3094 1798 3176 ἐτύφθη
1859 3117 1989 3174 0'ch-

2117 3106 2161 3155 tt
2189 3118 2308 3155 non
2340 3117 2569 3160 suasus,
2593 3099 2840 3154 caeditur
2870 3099 3103 3165 acriter,
3131 3106 3188 3154 et
3209 3117 3422 3155 manus
3447 3101 3744 3172 pedesque

343 3179 506 3256 δρῶς.
533 3184 633 3239 Καὶ
669 3181 844 3247 δεθεὶς
875 3189 1066 3259 χεῖρας
1120 3186 1211 3240 καὶ
1263 3184 1436 3251 πόδας
1492 3191 1764 3264 σχοινίοις
1793 3193 1994 3266 παχέσι

2117 3191 2356 3257 vinctus,
2382 3190 2596 3244 crassis
2627 3189 2866 3243 funibus
2898 3190 3050 3257 oleo,
3087 3189 3248 3257 sebo,
3283 3191 3483 3246 resina
3527 3197 3584 3245 et
3615 3191 3744 3261 pice

2169 2651 2385 2705 Christi
2418 2656 2643 2723 martyr
2673 2653 2935 2706 Ursicius
2968 2652 3336 2723 temporibus
3367 2654 3745 2726 imperatoris

2098 2739 2434 2794 Maximiani
2459 2740 2570 2794 fuit
2598 2757 2668 2794 ex
2727 2740 2948 2812 Illyrici
3003 2742 3263 2812 regione,
3310 2743 3517 2797 ordine
3550 2744 3742 2811 miles,

2099 2828 2382 2900 dignitate
2417 2827 3097 2884 tribunus.Christianus
3129 2847 3263 2884 cum
3297 2836 3474 2900 esset,
3509 2832 3745 2886 denun-

2101 2922 2280 2975 tiatus
2313 2925 2402 2975 est
2434 2920 2590 2990 apud
2621 2920 3042 2990 imperatorem
3076 2938 3110 2976 a
3161 2922 3440 2992 quodam,
3502 2922 3602 2992 qui
3635 2922 3741 2976 sub

341 3274 648 3346 χρισθεῖσιν
683 3271 872 3346 ἐλαίῳ,
903 3274 992 3329 καὶ
1026 3271 1228 3345 στέατι,
1291 3277 1380 3331 καὶ
1419 3277 1636 3354 ῥητίνη,
1671 3281 1759 3334 καὶ
1809 3280 1997 3355 πίσσῃ,

341 3361 426 3415 καὶ
462 3360 806 3436 ἐμπρησθεὶς
849 3364 977 3438 πυρὶ
1038 3363 1351 3420 κατεκαίετο
1405 3367 1675 3438 ἀνηλεῶς.
1738 3369 1996 3442 Καιομέ-

341 3473 442 3505 νων
473 3448 539 3506 δὲ
567 3455 679 3507 τῶν
713 3457 918 3528 χειρῶν
946 3454 1037 3508 καὶ
1092 3459 1199 3509 τῶν
1259 3453 1467 3524 ποδῶν,
1522 3455 1820 3534 ἀνακράξας
1872 3458 1996 3530 ἔφη’

344 3539 507 3596 Καλᾶ
536 3541 628 3594 καὶ
662 3537 842 3596 δίκαια
871 3541 1090 3617 πάσχω.
1124 3544 1301 3614 Ἀειαι
1358 3545 1457 3618 γάρ
1517 3546 1648 3600 εἰσιν
1708 3547 1762 3601 αἱ
1821 3550 2002 3623 Ᾰεῖρες

343 3631 497 3685 αὗται
545 3630 808 3699 καύσεως,
873 3630 955 3686 ὅτι
1012 3633 1104 3687 τὸν
1157 3633 1417 3707 τύραννον
1468 3635 1694 3691 κάκιστα
1755 3637 2000 3692 ἀπολλύ-

345 3740 513 3790 μενον
539 3718 593 3775 ἐν
625 3720 884 3794 πολέμῳ,
917 3721 993 3784 ὡς
1055 3724 1132 3794 μὴ
1195 3719 1395 3800 ὢφελε,
1448 3722 1796 3781 διεσώσαντο.
1828 3730 2001 3781 Τοῦτο

342 3809 582 3871 ἀκούσας
645 3809 674 3864 6
723 3809 1010 3883 τύραννος,
1091 3811 1182 3865 καὶ
1263 3812 1595 3887 αἰσχυνθεὶς,
1655 3812 1837 3890 βαλὼν
1926 3815 2002 3878 εἷς

343 3895 498 3972 ὕδωρ
533 3898 632 3960 τὰς
683 3904 874 3974 χεῖρας
935 3899 1124 3971 αὐτοῦ,
1181 3901 1270 3955 καὶ
1322 3897 1676 3972 κατασϐέσας,
1739 3903 2003 3960 ἀπέλυσεν

346 3986 540 4045 αὐτόν.
572 3984 731 4043 Ἀλλ’
764 3985 985 4064 ὕστερον
1045 3988 1210 4045 πάλιν
1269 3991 1558 4066 κρατηθεὶς
1609 3993 1638 4047 6
1679 3995 1850 4069 ἅγιος,
1909 3993 2007 4049 ἁπ-

347 4073 712 4153 εκεςραλίσθη.

351 4203 455 4257 Καὶ
503 4203 540 4270 ἡ
600 4201 905 4284 ἀνάμνησις
961 4206 1092 4284 τῆςμ
1115 4203 1838 4284 γενομένηςμκαταστροφῆς
1869 4203 2008 4263 ἐλέει

863 4279 997 4330 Θεοῦ
1029 4277 1137 4330 τῶν
1168 4277 1509 4352 Ἀγαρηνῶν.

428 4387 559 4445 Ἐπῖ
616 4395 716 4457 τῆς
781 4388 1064 4464 βασιλείας
1124 4391 1348 4454 Γέοντος
1404 4395 1502 4446 τοῦ
1572 4391 1816 4468 Ἰσαύρου
1872 4391 2013 4463 ἦλθε

357 4478 577 4547 πλῆθος
618 4477 763 4532 πολὺ
819 4482 926 4533 τῶν
986 4485 1340 4554 Σαρακηνῶν,
1417 4481 1510 4536 καὶ
1568 4481 2011 4557 περιεκόκλωσαν

2108 3280 2296 3346 illitis,
2330 3285 2507 3350 atque
2539 3279 2670 3349 igne
2722 3278 3044 3344 succensis,
3105 3279 3564 3335 comburebalur
3621 3280 3747 3350 ipse

2104 3369 2442 3424 crudeliter.
2478 3370 2616 3438 Ejus
2649 3372 2846 3422 autem
2881 3367 3174 3435 manibus,
3211 3369 3580 3440 pedibusque
3608 3387 3749 3424 con-

2105 3456 2512 3529 flagrantibus,
2546 3455 2910 3523 exclamans,
2943 3456 3058 3510 ait:
3093 3457 3229 3510 Jure
3254 3458 3476 3527 optimo
3505 3459 3628 3512 haec
3643 3475 3743 3528 pa-

2105 3545 2461 3618 tior:dignm
2495 3545 2651 3599 enim
2678 3561 2889 3598 manus
2921 3545 3048 3598 istae
3079 3545 3748 3617 incendio,quippequa3

2108 3641 2447 3705 tyrannum,
2477 3633 2617 3687 dum
2669 3634 2728 3687 in
2762 3633 2903 3687 belli
2962 3631 3282 3687 deterrimo
3308 3634 3585 3689 discrime
3618 3652 3751 3705 per-

2109 3725 2368 3790 deretur,
2402 3722 2557 3794 quod
2607 3723 2834 3775 utinam
2868 3738 3174 3791 nunquam
3221 3727 3574 3792 patrassent,
3608 3723 3749 3792 ipsae

2110 3812 2568 3868 servarunt.lloc
2599 3811 2800 3864 audito
2836 3816 3122 3880 tyrannus
3169 3811 3396 3881 pudore
3454 3811 3750 3882 perfusus,

2109 3919 2261 3973 aqua
2292 3901 2452 3955 illius
2473 3898 2749 3954 manibus
2791 3899 3113 3969 immersis,
3148 3905 3323 3970 atque
3351 3900 3560 3956 ardore
3588 3919 3748 3956 com-

2111 4008 2336 4064 presso,
2373 3991 2568 4061 ipsum
2597 3988 2842 4043 dimisit.
2879 3989 2989 4044 Sed
3032 3995 3238 4060 postea
3268 3996 3505 4045 sanctus
3534 3991 3751 4045 iterum

2111 4080 2596 4151 comprehensus,
2622 4078 2812 4149 capite
2843 4077 2956 4132 fuit
2987 4077 3392 4134 obtruncatus.

2112 4208 2178 4261 Et
2214 4207 2477 4260 memoria
2503 4206 2640 4274 ejus,
2668 4217 2794 4272 qum
2819 4219 2918 4273 cpe
2948 4205 3047 4258 Dei
3075 4206 3298 4273 accidit,
3330 4207 3496 4262 caedis
3548 4207 3755 4276 impio-

2652 4291 2776 4330 rum
2807 4277 3212 4344 Agarenorum.

2187 4397 2522 4464 Imperante
2536 4393 2727 4448 Leone
2741 4392 2940 4447 lsauro
2951 4409 3327 4460 ,numerosus
3339 4395 3763 4450 Saracenorum

2119 4483 2410 4538 exercitus
2433 4482 2687 4548 venit,ac
2719 4486 2876 4537 terra
2899 4482 3165 4551 marique
3190 4483 3765 4553 Constantinopolim

356 4574 460 4641 τὴν
507 4572 1106 4645 Κωνσταντινούπολιν,
1170 4571 1260 4629 διά
1309 4596 1368 4630 τε
1435 4583 1538 4650 γῆς
1570 4576 1661 4630 καὶ
1711 4574 2002 4646 θαλάσσης1

2121 4571 2530 4636 circumdedit,
2567 4577 2624 4624 et
2646 4569 3037 4624 urbemillam
3070 4570 3376 4625 obsidione
3429 4572 3764 4642 opprimere

360 4661 457 4715 καὶ
514 4655 776 4716 ἐϐούλετο
834 4659 1203 4738 πολιορκῆσαι
1261 4663 1449 4734 αὐτήν.
1515 4662 1741 4726 Ἰδόντες
1801 4661 1858 4720 δὲ
1911 4666 2012 4733 τήν

364 4749 606 4825 ἀνάγκην
663 4753 762 4805 τοῦ
823 4749 1117 4827 βασιλέως,
1172 4752 1542 4828 βουληθέντος
1601 4752 1786 4809 δοῦναι
1832 4753 2015 4816 αὐτοῖς

364 4840 565 4909 πάκτα,
614 4838 773 4895 αὐτοὶ
839 4839 928 4896 καὶ
979 4840 1223 4919 φύλακας
1260 4837 1450 4918 ἔλεγον
1501 4842 1891 4920 ἐγκαταστῆσαι
1947 4847 2016 4918 τῇ

366 4929 552 4987 πόλει.
588 4927 749 4988 ’Δλλ’
782 4929 810 4985 6
840 4936 957 4994 τοῖς
1018 4931 1382 5009 ὑπερηφάνοις
1438 4933 1885 5006 ἀντιτασσόμενος
1916 4933 2022 4990 Κό-

371 5040 512 5096 ριος,
533 5016 808 5094 ἄπρακτον
830 5019 1002 5094 ῑδειξε
1029 5024 1128 5092 τὴν
1166 5023 1398 5098 βουλήν.
1459 5024 1562 5082 Καὶ
1595 5022 1724 5081 ἰδὼν
1750 5025 1778 5080 ὁ
1831 5026 2020 5101 ἅρχων

372 5108 574 5180 αὐτῶν,
605 5109 882 5167 ὃτιοῦδὶν
913 5110 1085 5180 ἃνύει,
1141 5111 1237 5167 κᾶν
1294 5112 1554 5178 εἰσελθεῖν
1612 5114 1717 5169 ἀπὸ
1773 5120 1872 5183 τῆς
1926 5118 2024 5170 τοῦ

375 5197 688 5274 Βοσπορίου
717 5198 926 5275 πόρτης
960 5195 1218 5277 ἔφιππος,
1247 5201 1336 5256 καὶ
1385 5206 1492 5257 τῶν
1548 5200 1733 5258 ἄλλων
1765 5197 2022 5258 ἆϐλαϐὢν

373 5285 758 5358 εἰσελθόντων,
792 5291 820 5346 6
861 5289 1027 5345 αὐτοῦ
1083 5287 1256 5353 ἳππος
1317 5292 1485 5365 μόνος
1544 5286 1868 5367 ὀρθοὸολῶν
1925 5293 2028 5350 οῦκ

376 5373 691 5448 εἰσήρχετο.
775 5378 870 5433 Καὶ
966 5373 1275 5453 ἀναϐλέψας
1329 5379 1418 5435 καὶ
1506 5377 1634 5435 ἰδὼν
1695 5379 1874 5435 ἐπάνω
1928 5387 2028 5451 τῆς

375 5464 588 5539 πόρτης
616 5467 714 5535 τήν
757 5467 940 5522 εἰκόνα
994 5473 1097 5538 τῆς
1151 5468 1440 5539 Θεοτόκου,
1500 5465 1643 5544 ἔγνω
1695 5474 1860 5525 τοῦτο
1913 5491 2026 5525 πα-

380 5557 514 5623 θεῖν,
573 5551 664 5609 διᾶ
715 5555 778 5610 τὸ
832 5553 1231 5634 βλασφημῆσαι
1291 5557 1368 5621 εἷς
1421 5559 1613 5630 αὐτήν.
1675 5558 1880 5615 Λοιπὸν
1937 5559 2027 5613 οὗν

385 5640 714 5717 ὕπὲστοεψαν
746 5643 1033 5720 ἄπρακτοι*
1067 5643 1158 5700 καὶ
1207 5647 1342 5701 κατά
1395 5648 1457 5702 τὸ
1517 5645 1738 5721 Αἰγαῖον
1785 5647 2025 5721 πὲλαγος

667 5763 930 5828 Paeon.
973 5765 1098 5826 Gn.
1139 5763 1383 5830 CXVII.

2121 4661 2852 4728 meditabantur.Cumque
2874 4659 3294 4730 imperatorem
3312 4661 3764 4717 animadvertis-

2126 4757 2314 4809 senta
2338 4751 2711 4807 necessitatis
2729 4750 2926 4822 urgeri
2947 4751 3258 4821 angustiis,
3292 4757 3469 4823 atque
3493 4769 3627 4808 cum
3647 4751 3764 4808 illis

2128 4843 2202 4899 ad
2219 4840 2623 4898 conditionem
2650 4844 2924 4910 paratum
2945 4839 3344 4908 descendere;
3377 4843 3771 4898 autumabant

2131 4931 2242 5003 ipsi
2269 4928 2615 5002 praesidium
2634 4927 2815 4983 etiam
2829 4928 3136 5000 imponere
3149 4929 3768 4988 civitati.AtDominus

2132 5019 2364 5091 ille,qui
2390 5017 2663 5090 superbis
2724 5017 2968 5086 resistit,
3002 5018 3235 5075 irritum
3275 5037 3482 5076 eorum
3513 5020 3775 5076 reddidit

2133 5109 2472 5167 consilium.
2509 5106 2841 5179 Explorans
2872 5107 3032 5164 enim
3063 5109 3224 5164 illius
3255 5111 3445 5182 gentis
3475 5111 3776 5184 princeps,

2136 5199 2294 5272 quod
2325 5197 2475 5252 nihil
2506 5196 3184 5268 proﬁceret,postulavit,
3209 5199 3323 5256 sibi
3354 5201 3567 5257 saltem
3599 5201 3781 5257 licere

2135 5306 2242 5363 per
2271 5286 2556 5360 Bosphori
2585 5290 2817 5359 portam
2840 5304 2993 5359 equo
3034 5288 3398 5346 insidentem
3427 5291 3677 5363 ingredi.
3711 5295 3786 5345 At

2136 5378 2272 5436 aliis
2302 5376 2453 5433 citra
2471 5391 2687 5431 noxam
2720 5375 3184 5445 introeuntibus,
3218 5379 3366 5436 205
3405 5379 3534 5452 ejus
3567 5379 3786 5436 solum-

2137 5466 2312 5522 modo
2339 5481 2526 5536 equus
2540 5480 2670 5520 sese
2699 5464 3113 5537 erigens,intr0
3135 5467 3380 5524 minime
3407 5468 3780 5539 pervadebat.

2138 5559 2298 5613 Tunc
2316 5555 2416 5611 ille
2439 5553 2722 5610 attollens
2738 5554 3041 5623 0culos,ac
3065 5573 3246 5629 supra
3267 5562 3498 5629 portam
3520 5557 3783 5628 Deiparae

2140 5645 2391 5702 intuitus
2423 5643 2829 5716 imaginem,id
2863 5646 2913 5699 ei
2946 5644 3213 5701 accidere
3247 5645 3783 5717 intellexit,quiain

3427 5763 3501 5824 19
