4202 6314
436 320 552 377 587

1759 305 2187 366 MENOLOGII
2231 309 2436 370 PARS
2484 312 2594 370 III.

3722 314 3844 374 588

431 453 625 524 ipsam
655 445 1061 518 blasphemias
1090 442 1603 512 cmiserat.ltaque
1628 438 1920 494 reinfecta
1948 445 2081 493 sunt

2193 439 2479 512 γενόμενοι
2510 441 2602 496 σὺν
2634 447 2750 505 τοῖς
2784 440 3028 517 πλοίοις,
3083 442 3187 499 ὑπὸ
3246 443 3500 519 χαλάζης
3555 442 3844 521 πυρώδους

425 539 645 595 reversi
673 554 685 590 :
707 542 763 590 et
790 552 926 590 cum
957 534 1030 589 ad
1062 549 1224 588 mare
1247 533 1503 601 zEgaaum
1526 545 1662 584 cum
1687 527 1933 582 navibus
1951 544 2085 599 per-

427 632 754 695 venissent,
787 626 1039 681 ferventi
1075 622 1366 696 grandine
1404 620 1664 692 percussi
1689 619 2014 692 perierunt.

989 739 1231 795 EODEM
1272 737 1524 794 MENSE.

970 830 1076 884 Die
1107 828 1339 883 decima
1381 831 1547 882 sexta

715 923 1000 976 Certamen
1017 920 1194 975 sancti
1217 918 1473 987 martyris
1499 916 1797 972 Diomedis.

513 1147 777 1205 Diomedi
805 1145 1021 1201 Christi
1053 1144 1299 1215 martyri
1331 1145 1544 1198 Tarsus
1575 1142 1796 1197 Ciliciae
1816 1143 1957 1196 urbs
1979 1159 2084 1214 pa-

437 1242 553 1295 tria
582 1239 712 1293 fuit.
768 1239 970 1291 Artem
1030 1233 1322 1288 didicerat
1380 1232 1695 1288 medicam.
1734 1233 2084 1287 Diocletiani

435 1345 572 1383 vero
606 1325 982 1398 imperatoris
1007 1323 1374 1394 temporibus
1388 1324 1564 1377 Tarso
1583 1322 2083 1389 cedens,Nicaaam

435 1417 876 1491 proficiscitur;
908 1414 1010 1468 ubi
1038 1413 1255 1484 pietate
1290 1429 1427 1483 erga
1453 1413 1659 1478 Deum,
1693 1417 1750 1466 et
1771 1411 1914 1465 artis
1948 1427 2081 1465 me-

437 1508 582 1562 dicas
605 1506 818 1577 peritia
848 1504 998 1558 bene
1028 1501 1369 1557 merebatur
1398 1500 1470 1554 de
1497 1500 1638 1565 illis,
1664 1500 1764 1570 qui
1792 1499 1864 1554 ad
1888 1500 2084 1570 ipsum

434 1594 816 1652 accedebant.
854 1593 1000 1647 Hinc
1033 1591 1264 1645 delatus
1296 1596 1386 1644 est
1436 1589 1592 1660 apud
1640 1590 2081 1659 imperatorem.

437 1685 550 1740 Sed
585 1685 684 1755 qui
719 1700 852 1737 eum
886 1680 1317 1752 apprehensuri
1349 1678 2083 1749 advenerant,cumipsum

429 1775 558 1847 jam
591 1773 666 1828 ad
714 1772 1033 1827 Dominum
1078 1771 1362 1841 migrasse
1394 1769 1775 1838 reperissent,
1811 1767 2082 1838 ejusdem

438 1868 617 1936 caput
661 1862 1110 1924 obtruncarunt,
1174 1864 1233 1913 et
1300 1857 1646 1929 imperatori
1704 1857 2076 1912 attulerunt:

441 1953 600 2024 quod
633 1957 907 2023 spectans
939 1947 1482 2021 imperator,jussit
1512 1945 1742 2013 referri,
1773 1953 1830 2001 et
1850 1946 2084 2017 corpori

437 2043 704 2115 adjungi,
739 2058 854 2112 quo
879 2041 1056 2106 facto,
1091 2039 1291 2094 statim
1310 2039 1409 2109 qui
1441 2037 1810 2093 deduxerant
1840 2037 2082 2106 milites,

437 2148 680 2187 suorum
713 2130 1020 2185 oculorum
1052 2143 1436 2197 usum,quem
1467 2127 1955 2193 amiserant,cum
1978 2143 2082 2181 ca-

438 2225 544 2292 put
574 2225 984 2290 amputarunt,
1006 2216 1287 2271 dicuntur
1313 2215 1630 2286 recepisse.
1669 2215 1856 2284 Hujus
1885 2219 2084 2269 autem

435 2308 712 2380 pretiosa:
744 2305 1012 2376 reliquiae
1044 2303 1369 2360 aﬁdelibus
1401 2309 1460 2359 et
1482 2303 1595 2374 piis
1612 2303 1750 2358 viris
1764 2303 2083 2375 sepultura

437 2396 670 2451 traditas
700 2395 963 2450 fuerunt.

577 2593 644 2646 Et
691 2596 964 2646 certamen
1005 2588 1346 2644 sacrosancti
1374 2591 1635 2657 martyris
1667 2590 1934 2658 Myronis.

508 2707 850 2764 Exstitithic
864 2705 1038 2762 Decio
1058 2706 1504 2776 imperatore,et
1518 2705 1827 2776 Antipatro
1848 2705 1966 2760 Ach
1976 2706 2082 2761 aiaa

437 2797 736 2871 praefecto,
770 2796 1081 2869 presbyter
1127 2795 1418 2850 ecclesias.
1469 2795 1571 2849 Die
1628 2794 1828 2865 itaque
1868 2795 2081 2850 Christi

437 2887 621 2942 natali
656 2903 843 2952 sacra,
879 2885 1189 2954 Antipatro
1248 2885 1310 2938 in
1351 2883 1660 2938 ecclesiam
1701 2882 1987 2955 profecto,
2019 2890 2085 2940 ut

435 2977 804 3032 Christianos
834 2974 1638 3045 comprehenderet,zeloiste
1655 2975 2083 3046 repletus,eum

436 3065 775 3121 durioribus
807 3064 980 3120 dictis
1008 3063 1323 3120 lacessivit.
1357 3065 1727 3134 Quapropter
1757 3080 2079 3134 suspensus

433 3155 756 3210 dilaniatur
789 3171 802 3208 :
837 3154 896 3207 in
929 3153 1231 3208 fornacem
1256 3153 1466 3206 exinde
1490 3153 2080 3224 injicitur.Atfornax

2192 3143 2404 3221 ὕϐρισεν
2465 3147 2642 3205 αὐτόν.

435 3249 708 3298 sanctum
733 3241 974 3312 quidem
994 3241 1244 3295 servavit
1265 3241 1627 3296 incolumem
1653 3259 1666 3308 ;
1691 3257 1792 3296 eos
1815 3242 2078 3313 vero,qui

434 3334 590 3388 circa
619 3333 810 3403 ipsam
835 3330 1091 3397 stabant,
1121 3330 1276 3384 viros
1334 3330 1662 3384 combussit
1717 3329 1792 3384 ad
1839 3336 2079 3386 centum

435 3420 888 3492 quinquaginta.
921 3420 1002 3474 Ac
1033 3420 1247 3473 iterum
1263 3424 1499 3473 coactus
1531 3425 1770 3474 sanctus
1798 3419 1974 3474 idolis
1988 3437 2082 3475 sa-

439 3511 728 3577 crificare,
762 3527 871 3564 nec
903 3509 976 3564 ad
1006 3509 1065 3563 id
1096 3507 1396 3574 inductus,
1416 3509 1488 3563 ab
1521 3509 1786 3564 humeris
1807 3509 1879 3564 ad
1902 3509 2082 3581 pedes

439 3599 719 3656 detractis
743 3617 812 3654 ex
843 3604 977 3654 cute
1010 3599 1162 3654 206
1185 3597 1350 3667 loris,
1371 3615 1559 3654 unum
1585 3599 1744 3654 exiis
1765 3599 2080 3671 arripiens,

438 3690 502 3744 in
533 3689 909 3754 proconsulis
950 3688 1177 3743 vultum
1230 3688 1494 3744 vibravit.
1556 3691 1768 3744 Postea
1817 3689 2084 3745 discissis

439 3779 717 3834 carnibus
738 3777 1096 3849 discerpitur
1120 3795 1133 3832 :
1162 3784 1338 3848 atque
1371 3778 1829 3850 ipsumintuitus
1843 3779 2084 3851 Antipa-

443 3874 550 3934 ter,
575 3867 788 3922 rubore
822 3869 1104 3935 sutTusus,
1136 3868 1264 3938 ipse
1324 3868 1436 3921 sibi
1469 3885 1680 3923 manus
1727 3868 1950 3923 intulit.
1984 3868 2087 3923 Hic

438 3961 634 4012 autem
675 3956 942 4026 Cyzicum
966 3955 1286 4023 delatus,et
1310 3956 1382 4011 ab
1400 3956 1504 4012 illo
1535 3957 1888 4028 proconsule
1907 3957 2086 4030 gladii

447 4049 690 4115 accepta.
721 4045 1040 4113 sententia,
1073 4044 1400 4100 decollatus
1430 4045 1563 4100 fuit.

1007 4306 1246 4362 EODEM
1277 4307 1421 4362 MEN
1429 4305 1530 4361 SE.

929 4405 1030 4462 Die
1061 4406 1295 4462 decima
1347 4407 1602 4478 septima

518 4498 807 4556 Certamen
837 4499 1014 4553 sancti
1050 4499 1311 4582 martyris
1339 4497 1525 4566 Pauli,
1560 4495 1808 4553 Iuliana:
1857 4505 1907 4552 et
1940 4513 2023 4552 so-

1158 4585 1388 4624 olorum.

518 4687 784 4744 Fuerunt
814 4687 933 4758 isti,
959 4687 1280 4744 Aureliano
1311 4687 1691 4758 imperatore,
1725 4685 2088 4742 Ptolemaida

447 4777 814 4844 nati,fratres
840 4777 1167 4832 secundum
1191 4793 1451 4832 carnem.
1490 4779 1562 4829 At
1580 4775 1798 4830 Paulus
1812 4775 2092 4830 divinitus

446 4865 772 4935 inspiratas
795 4867 1116 4922 meditatus
1136 4867 1490 4938 Scripturas,
1520 4864 1738 4920 Judwis
1756 4866 2090 4935 Grmcisque

444 4972 510 5008 os
543 4953 1065 5010 obstruebat.Dum
1099 4973 1234 5010 vero
1266 4958 1327 5009 in
1359 4957 1590 5010 civitate
1623 4956 1945 5026 imperator
1964 4971 2090 5009 ver-

444 5043 1114 5111 saretur,denuntiatus,
1143 5046 1192 5097 ei
1227 5045 1458 5099 sistitur
1491 5062 1503 5097 :
1539 5050 1596 5099 et
1625 5045 1922 5099 Christum
1949 5062 2090 5099 con-

441 5131 655 5194 fessus,
691 5132 1092 5201 suspenditur,
1126 5138 1183 5184 et
1214 5132 1562 5201 depectitur.
1597 5134 1778 5196 Quem
1801 5151 1968 5187 soror
1998 5133 2088 5186 in-

446 5218 613 5284 tuita,
649 5224 706 5272 et
737 5226 947 5274 contra
980 5226 1294 5291 tyrannum
1329 5221 1826 5292 exclamans,ipsa
1852 5237 2087 5292 quoque

443 5308 990 5378 comprehenditur,
1025 5326 1092 5363 ac
1150 5326 1438 5379 suspensa
1470 5311 1846 5378 dilaceratur,
1905 5312 2086 5383 inque

441 5396 699 5450 lebetem
727 5397 856 5467 pice
891 5397 1275 5452 ebullientem
1310 5399 1484 5453 ambo
1514 5401 1918 5470 conjiciuntur
1946 5419 1958 5470 ;
1984 5401 2086 5455 sed

440 5485 609 5540 nulla
638 5503 708 5541 ex
737 5487 849 5541 hoc
871 5503 1023 5541 noxa
1049 5490 1762 5558 accepta,superferreum
1780 5491 2085 5560 grabatum

427 5575 683 5648 ignitum
719 5576 1203 5644 extenduntur,et
1239 5593 1419 5647 super
1449 5578 1667 5633 lumbis
1687 5578 1984 5648 vapulant.
2018 5581 2083 5636 In

425 5681 730 5722 carcerem
770 5671 978 5738 postea
1008 5665 1602 5738 detrusi,angelicum
1626 5667 1820 5722 cibum
1847 5684 2081 5724 sumen-

2196 530 2506 591 ἀπώλοντο.

2739 763 2916 818 ΜΗΝΙ
2966 767 3056 820 ΤΩ
3094 765 3288 819 ΑΥΤΩ.

2994 855 3014 907 1
3052 856 3064 876 ι

2334 937 2607 1011 νΔθλησις
2688 945 2785 996 τοῦ
2844 939 2999 1016 ἁγίου
3025 856 3334 1018 ζμάρτυρος
3368 939 3700 1014 Διομήδους.

2267 1143 2610 1216 Διομήδηςὸ
2665 1149 2764 1200 τοῦ
2815 1147 3051 1220 Χριστοῦ
3113 1143 3349 1220 μάρτυς,
3377 1145 3448 1214 ἦν
3504 1147 3599 1219 μὲν
3629 1145 3686 1202 ἐκ
3706 1148 3847 1222 Ταρ-

2193 1239 2289 1288 σοῦ
2318 1239 2419 1298 τῆς
2451 1233 2725 1295 Κιλικίας.
2760 1236 3082 1308 Μετήρχετο
3117 1232 3174 1288 δὲ
3203 1235 3302 1302 τήν
3335 1235 3586 1310 ἰατρικὴν
3623 1237 3843 1310 τέχνην.

2192 1325 2317 1380 Ἐπὶ
2378 1322 2435 1378 δὲ
2490 1331 2590 1393 τῆς
2683 1323 2960 1398 βασιλείας
3026 1323 3440 1394 Διοκλητιανοῦ,
3525 1324 3843 1380 καταλιπὼν

2188 1415 2288 1482 τὴν
2321 1415 2550 1486 Ταρσὸν,
2601 1413 2922 1490 παρεγένετο
2974 1413 3050 1476 είς
3107 1412 3455 1484 Νίκαιαν,διὰ
3508 1421 3610 1483 τῆς
3664 1417 3843 1470 θεοσε-

2192 1499 2340 1566 ϐείας
2370 1504 2458 1558 καὶ
2488 1506 2589 1572 τήν
2617 1506 2754 1558 κατὰ
2799 1506 2901 1572 τὴν
2959 1503 3207 1578 ἷατρίκὴν
3259 1505 3460 1579 τέχνην
3511 1503 3844 1578 ἐπιστήμης,

2191 1593 2485 1667 εὐεργετῶν
2534 1593 2661 1656 τοὺς
2715 1595 3042 1666 προσιόντας
3125 1592 3293 1664 αὐτῷ’
3368 1591 3487 1656 ὅθεν
3571 1589 3837 1664 διεϐλήθη

2187 1687 2266 1752 τῷ
2321 1680 2555 1756 βασιλεῖ.
2607 1682 2755 1738 Ἐπεὶ
2817 1680 2874 1737 δὲ
2930 1683 2982 1736 οἱ
3037 1683 3174 1753 πρὸς
3231 1683 3293 1737 τὸ
3362 1689 3626 1757 κρατῆσαι
3678 1683 3837 1738 αὐτὸν

2116 1773 2623 1877 Βπαραγενόμενοι
2709 1771 2864 1848 εὗρον
2960 1773 3097 1844 πρὸς
3158 1771 3360 1847 Κύριον
3436 1768 3840 1844 ἐκδημήσαντα,

2193 1862 2460 1934 ἀπέτεμον
2494 1861 2661 1916 αὐτοῦ
2693 1863 2792 1930 τὴν
2851 1861 3120 1935 κεφαλὴν,
3173 1861 3262 1916 καὶ
3322 1861 3458 1936 πρὸς
3488 1863 3580 1916 τὸν
3619 1861 3842 1937 βασιλέα

2192 1951 2491 2024 ἀπήγαγον,
2549 1953 2652 2007 ’Ἡν
2708 1952 3035 2023 θεασάμενος
3085 1952 3112 2005 ὁ
3202 1951 3480 2024 βασιλεὺς,
3569 1950 3842 2006 ἐκέλευσεν

2191 2038 2558 2114 ἀπενεχθῆναι
2634 2039 2800 2108 αὐτὴν
2884 2040 2971 2094 καὶ
3023 2042 3388 2113 προστεθῆναι
3441 2044 3521 2111 τῷ
3600 2040 3839 2112 σώματι.

2193 2128 2296 2183 Καὶ
2351 2127 2549 2182 τούτου
2625 2123 2961 2202 γενομένου,
3050 2126 3266 2203 λέγεται
3351 2129 3655 2204 παραυτίκα
3709 2129 3841 2192 τοὺς

2193 2217 2503 2292 ἀπάγοντας
2583 2218 2750 2285 αύτήν
2826 2219 3161 2293 στρατιώτας
3237 2214 3535 2273 ἀπολαϐεῖν
3596 2219 3704 2273 τῶν
3761 2218 3847 2273 oi-

2190 2306 2347 2362 κείων
2404 2305 2706 2382 ὀφθαλμῶν
2765 2308 2865 2374 τὴν
2922 2305 3217 2382 ἐνέργειαν,
3275 2305 3343 2376 ἤν
3401 2303 3699 2378 ἀπέϐαλον,
3756 2307 3846 2364 ὅτε

2188 2401 2285 2452 τοῦ
2313 2397 2467 2473 ἁγίου
2499 2399 2768 2470 ἀπέτεμον
2801 2397 2902 2466 τὴν
2953 2399 3225 2474 κεφαλήν.
3281 2398 3360 2455 Τὸ
3417 2395 3476 2453 δὲ
3527 2398 3715 2471 τίμιον
3749 2398 3849 2453 αύ-

2187 2490 2290 2542 τοῦ
2323 2485 2578 2561 λείψανον
2609 2484 2887 2560 παρεδόθη
2919 2490 3062 2560 ταφῇ
3112 2487 3213 2541 ὑπὸ
3254 2483 3501 2542 εὐλαϐὦν
3533 2485 3765 2562 ἀνδρῶν.

2263 2593 2360 2648 Καὶ
2392 2592 2621 2663 ἄθλησις
2678 2596 2775 2646 τοῦ
2825 2591 2981 2667 ἁγίου
3037 2591 3436 2668 ἱερομάρτυρος
3477 2593 3765 2668 Μύρωνος.

2261 2700 2432 2762 Οὗτος
2492 2700 2739 2775 ὑπῆρχεν
2797 2695 2884 2752 ἐπὶ
2975 2697 3163 2754 Δεκίου
3219 2703 3318 2754 τοῦ
3398 2698 3688 2775 βασιλέως,
3746 2699 3835 2754 καὶ

2191 2791 2544 2864 Ἀντιπάτρου
2603 2788 2874 2865 ἄρχοντος
2924 2786 3180 2864 Ἀχαίας,
3212 2785 3577 2865 πρεσϐύτερος
3618 2797 3718 2860 τῆς
3751 2789 3835 2845 ἐκ·

2189 2878 2444 2949 κλησίας.
2507 2879 2651 2935 Κατὰ
2708 2878 2800 2932 οὗν
2854 2880 2954 2948 τήν
3013 2878 3224 2952 ἡμέραν
3280 2883 3387 2934 τῶν
3420 2881 3657 2954 Χριστοῦ
3688 2901 3840 2954 γενε-

2189 2969 2355 3024 θλίων
2383 2973 2479 3023 τοῦ
2511 2969 2873 3043 Ἀντιπάτρου
2900 2968 2974 3030 εἷς
3029 2969 3128 3037 τήν
3175 2967 3467 3040 ἐκκλησίαν
3503 2967 3841 3033 ἀπελθόντος

2185 3058 2313 3121 τοὺς
2343 3058 2700 3131 Χριστιανοὺς
2740 3065 3030 3132 κρατῆσαι,
3086 3057 3245 3121 αὐτὸς
3307 3057 3481 3129 ζήλου
3537 3057 3828 3130 πλησθεὶς,

2726 3147 2820 3202 Διὸ
2875 3147 3220 3221 κρεμασθεὶς,
3309 3146 3526 3220 έξέσθη.
3587 3149 3714 3206 Εἶτα
3764 3151 3839 3212 εἷς

2186 3238 2417 3310 κάμινον
2480 3231 2775 3306 ἐνεϐλήθη.
2832 3238 2893 3293 Ἡ
2953 3234 3009 3290 δὲ
3069 3236 3300 3308 κάμινος
3355 3237 3445 3292 τὸν
3532 3238 3626 3310 μὲν
3688 3241 3836 3312 ἅγιον

2187 3325 2445 3404 ἐφύλαξεν
2507 3319 2748 3386 ἀϐλαϐἧο
2809 3325 2935 3387 τοὺς
2992 3323 3050 3379 δὲ
3115 3326 3237 3401 περὶ
3292 3325 3461 3396 αὐτὴν
3518 3325 3837 3400 κατέφλεξεν

2186 3412 2381 3489 ἄνδρας
2424 3418 2532 3469 τῶν
2588 3415 2948 3486 παρεστώτων
3008 3415 3196 3470 ἑκατὸν
3250 3418 3610 3486 πεντήκοντα.
3661 3418 3720 3473 Ὁ
3782 3415 3841 3472 δὲ

2188 3505 2342 3578 ἅγιος
2375 3503 2540 3558 πάλιν
2601 3504 2952 3578 ἀναγκασθεὶς
3012 3507 3164 3568 θῦσαι
3223 3511 3342 3567 τοῖς
3413 3502 3689 3576 εἰδώλοις,
3746 3509 3839 3560 καί

2193 3597 2269 3670 μὴ
2301 3597 2558 3664 πεισθεὶς,
2592 3596 2999 3672 λωροτομεῖται
3031 3595 3138 3651 ἀπὸ
3193 3601 3303 3652 τῶν
3358 3595 3527 3672 ὣμων
3566 3595 3670 3660 ἕως
3726 3603 3837 3654 τῶν

2189 3684 2395 3742 ποδῶν.
2430 3686 2515 3758 Ἐξ
2563 3687 2637 3740 ὧν
2696 3681 2881 3740 λαϐὼν
2938 3682 2992 3741 ἓν
3053 3684 3257 3760 λῶρον,
3317 3686 3393 3750 εἷς
3441 3687 3504 3742 τὸ
3542 3687 3835 3762 πρόσωπον

2188 3779 2286 3830 τοῦ
2345 3775 2650 3830 ἀνθυπάτου
2705 3775 3007 3845 ἠκόντισεν.
3068 3776 3201 3832 Εἶτα
3275 3775 3444 3848 ξέεται
3499 3778 3597 3839 τὰς
3674 3775 3838 3833 ἐκδα-

2194 3865 2373 3941 ρείσας
2402 3864 2619 3940 σάρκας.
2679 3864 2785 3920 Καὶ
2845 3861 2975 3919 ἰδὼν
3029 3864 3188 3920 αὐτὸν
3249 3866 3276 3920 ὁ
3328 3865 3689 3941 Ἀντίπατρος
3745 3869 3837 3922 καὶ

2195 3952 2466 4027 αἲσχύνης
2495 3952 2829 4027 πληρωθεὶς,
2863 3952 3071 4007 ἀνεῖλεν
3131 3952 3290 4008 αὐτὸν
3345 3953 3571 4016 οἰκείαις
3628 3957 3842 4030 χερσίν.

2195 4043 2258 4100 Ὀ
2291 4040 2349 4096 δὲ
2381 4043 2579 4097 ἐκεῖθεν
2614 4041 2665 4096 ἐν
2699 4042 2916 4114 Κυζίκῳ
2968 4041 3183 4116 ἀχθεὶς,
3241 4042 3332 4098 καὶ
3362 4044 3509 4120 παρὰ
3553 4048 3650 4099 τοῦ
3683 4046 3852 4104 ’Δνθ-

2197 4130 2404 4186 υπάτου
2436 4130 2706 4208 ἀπόφασιν
2763 4132 2864 4200 τὴν
2927 4128 3015 4186 διὰ
3068 4129 3167 4186 τοῦ
3247 4131 3436 4210 ξίφους
3495 4127 3700 4202 λαϐὼν,
3757 4135 3847 4188 τὸν

2197 4219 2401 4296 αὐχένα
2437 4219 2672 4292 ἐτμήθη.

2755 4319 2940 4375 MHNI
2978 4323 3062 4397 T9
3102 4319 3300 4399 ΛΥΤῼ.

2994 4408 3071 4463 IZ'

2273 4495 2542 4571 νΔθλησις
2573 4499 2671 4550 τοῦ
2701 4495 2861 4571 ἁγίου
2897 4492 3456 4571 μάρτυρος-βαύλρυ,
3495 4491 3584 4546 καὶ
3636 4493 3774 4549 Ἰου-

2523 4566 2718 4636 λιανῆς
2746 4562 2835 4622 καὶ
2887 4562 2990 4639 τῆς
3041 4562 3292 4627 συνοδίας
3323 4562 3521 4622 αὐτῶν.

2275 4684 2440 4743 Οὗτοι
2475 4685 2728 4759 ὑπῆρχον
2771 4683 2859 4738 ἐπὶ
2918 4681 3266 4758 Αύρηλιανοῦ
3321 4685 3419 4736 τοῦ
3473 4679 3738 4758 βασιλέως
3789 4679 3842 4735 έν

2199 4777 2268 4848 τῇ
2295 4772 2458 4829 πόλει
2502 4771 2861 4847 Πτολεμαΐδι.
2919 4775 3252 4848 Ἐτύγχανον
3314 4769 3372 4826 δε
3430 4768 3657 4848 ἀδελφοὶ
3713 4771 3851 4826 κατά

2202 4865 2392 4939 σάρκα.
2426 4865 2486 4920 Ὀ
2518 4860 2575 4917 δὲ
2628 4861 2844 4924 Παῦλος
2895 4863 2992 4925 τὰς
3052 4861 3444 4926 θεοπνεύστους
3492 4860 3703 4939 Γραφὰς
3751 4881 3850 4934 με·

2201 4949 2456 5023 λετήσας,
2520 4952 2874 5024 ἐπεστόμιζεν
2935 4950 3232 5013 Ἰουδαίους
3304 4973 3363 5006 τε
3413 4951 3504 5005 καὶ
3553 4949 3850 5020 Ἓλληνας.

2203 5040 2639 5113 Ἐπιδημήσαντι
2675 5039 2732 5096 δὲ
2760 5045 2828 5114 τῇ
2860 5040 3021 5096 πόλει
3077 5046 3156 5112 τῷ
3217 5039 3456 5116 βασιλεῖ,
3527 5041 3602 5113 μή
3646 5038 3850 5110 λαθὼν,

2199 5136 2436 5210 παρέστη
2493 5133 2658 5205 αὐτῷ.
2717 5133 2812 5186 Καὶ
2862 5132 2952 5187 τὸν
3006 5132 3234 5206 Χριστὸν
3292 5131 3669 5205 ὁμολογήσας,
3719 5151 3851 5204 κρε-

2203 5224 2422 5294 μασθείς
2482 5223 2672 5293 ξέεται.
2727 5222 2824 5276 "Ov
2887 5219 3076 5275 ἰδοῦσα
3132 5221 3166 5289 ἠ
3257 5218 3490 5296 ἀδελφὴ,
3549 5219 3637 5274 καὶ
3685 5240 3847 5273 κατα-

2197 5307 2440 5381 ϐοήσασα
2505 5315 2602 5364 τοῦ
2657 5310 2944 5384 τυράννου,

2194 5403 2558 5474 κρεμασθεῖσα
2643 5401 2832 5470 eam,
2919 5399 3008 5455 καὶ
3097 5399 3148 5452 ἐν
3212 5393 3407 5468 λέϐητι
3461 5398 3596 5471 μετὰ
3650 5397 3846 5466 πίσσης

2200 5491 2454 5565 βράζοντι
2484 5490 2783 5566 ἀμφότεροι
2834 5485 3232 5561 ἐμϐάλλονται.
3292 5489 3420 5542 Εἶτα
3481 5489 3555 5560 μή
3619 5481 3848 5561 βλαϐέν-

2193 5579 2398 5645 τες,ἐπὶ
2429 5575 2742 5654 κραϐϐάτου
2793 5576 3022 5654 σιδηροῦ
3074 5579 3578 5652 πεπυρακτωμένου
3609 5577 3849 5632 ἁπλοῦν-

2193 5691 2302 5742 ται,
2336 5669 2519 5724 καὶτά
2547 5668 2656 5742 ψύα
2712 5669 2910 5722 ἄνωθεν
2968 5667 3284 5723 τύπτονταί.
3345 5667 3478 5724 Εἶτα
3537 5661 3848 5739 έϐλήθησαν

3031 5315 3305 5384 κρατεῖται
3367 5310 3458 5362 καὶ
3537 5307 3693 5379 αὐτή.
3753 5309 3846 5362 Καὶ
