4202 6314
361 345 477 403 589

1864 338 2284 400 AUGUSTUS
2296 385 2312 400 .

3650 354 3771 414 590

362 473 414 529 έν
463 478 534 542 τῆ
623 470 863 551 φυλακῇο
941 472 1033 526 καὶ
1116 470 1416 547 ἀγγελικὴν
1474 471 1682 548 τροφὴν
1735 467 2014 542 δεξάμενοι

2136 476 2239 542 les,
2257 474 2618 529 corroborati
2659 479 2832 543 sunt;
2869 493 2898 530 e
2931 478 3200 532 custodia
3220 479 3432 535 exinde
3456 483 3649 538 educti
3668 503 3776 540 caa-

361 562 672 638 ἐνίσχυσαν·
764 561 877 616 εἶτα
970 557 1331 631 ἐκϐληθέντες
1418 561 1732 614 τύπτονται.
1789 555 2024 633 Στρατό-

367 674 517 715 νιγος
552 650 631 723 δὲ,
682 651 774 706 καὶ
833 648 1130 724 Κοδρᾶτος,
1183 651 1270 705 καὶ
1307 650 1558 712 ’Λκάκιος
1613 651 1665 704 οἱ
1697 647 1891 722 δήμιοι
1920 651 2028 702 τῶν

364 743 536 818 ἁγίων
571 743 913 817 φεισάμενοι,
948 738 1038 794 σὺν
1070 740 1263 803 αὐτοῖς
1294 736 1825 817 ἁπεκεφαλίσθησαν.

367 867 469 925 Καὶ
502 865 734 936 ἄθλησις
778 869 890 939 τῷν
951 863 1118 939 ἁγίων
1145 935 1155 939 _
1181 863 1475 939 μπρτύρων
1511 865 1876 939 ηΣτρὰτωνος,
1910 869 2022 917 Φι-

831 935 1042 993 λίππου
1071 935 1161 991 καὶ
1184 935 1557 1011 Ἐὐτυχιανοῦ.

437 1045 681 1102 Οὗτοιέν
743 1042 1085 1119 Νικομηδείᾳ
1132 1046 1200 1117 τῇ
1261 1042 1420 1100 πόλει
1483 1037 1871 1117 διατρίϐοντες,
1904 1040 2023 1097 ἐπί-

368 1134 524 1198 τοδες
582 1136 906 1210 ἀπήρχοντο
989 1132 1066 1196 εἷς
1119 1132 1182 1188 τὸ
1239 1133 1501 1208 θέατρον,
1549 1130 1689 1187 ὥστε
1743 1133 1837 1186 τὸν
1897 1152 2021 1185 συν-

370 1226 761 1300 αθροιζόμενυν
794 1223 926 1279 λαὸν
958 1227 1247 1297 κατηχεῖν,
1282 1223 1368 1276 καὶ
1427 1228 1528 1291 τῆς
1563 1219 2022 1296 εἰδωλολατρείας

369 1316 614 1392 ἁφιστᾷν,
644 1313 734 1368 καὶ
781 1314 852 1384 τῇ
903 1316 1000 1367 τοῦ
1056 1313 1291 1386 Χριστοῦ
1350 1309 1524 1365 πίστει
1584 1311 1899 1385 προσάγειν,
1933 1311 2020 1364 Ἐν

368 1410 465 1479 μιᾷ
512 1406 602 1459 οῦν
659 1408 771 1459 τῶν
831 1406 1081 1476 ἡμερῶν,
1139 1403 1289 1456 κενὸν
1351 1403 1653 1476 ἀνθρώπων
1683 1403 1711 1455 ὁ
1742 1403 1929 1476 ἄρχων
1961 1401 2023 1455 τὸ

374 1497 596 1570 θέατρον
624 1491 778 1564 ἰδὼν,
814 1492 905 1547 καὶ
961 1493 1064 1561 τήν
1124 1491 1300 1546 αἰνίαν
1365 1491 1575 1564 μαθὼν,
1636 1491 1718 1546 ὅτι
1782 1491 1884 1545 ὑπὸ
1912 1495 2019 1544 τῶν

369 1585 537 1659 ἁγίων
569 1581 858 1656 μαρτύρων
891 1582 943 1634 οὶ
1002 1580 1169 1655 δχλοι
1231 1577 1634 1652 διδασκόμενοι,
1691 1581 1786 1641 τὰς
1821 1579 1872 1634 έν
1903 1585 2021 1641 τοῖς

367 1675 597 1746 θεάμασι
653 1669 947 1726 κατέλιπον
999 1669 1226 1740 ἡδονὰς,
1283 1670 1371 1724 καὶ
1413 1671 1593 1724 καινὸν
1657 1689 1776 1724 τινα
1831 1671 2018 1743 μετέρ-

367 1783 558 1838 χονται
624 1761 771 1836 βίον,
837 1765 945 1816 τῶν
1006 1759 1274 1833 πατρῴων
1335 1756 1680 1834 ὑπεριδόντες
1734 1760 1891 1829 θεῶν,
1927 1757 2018 1813 οὖν

2131 561 2371 616 duntur.
2405 564 2772 619 Stratonicus
2800 570 3020 629 autem,
3081 567 3386 636 Codratus,
3421 574 3479 624 et
3530 574 3774 630 Aeacius

2131 651 2388 721 lictores,
2423 653 2582 724 quod
2614 656 2834 710 sanctis
2863 662 3198 726 parcerent,
3233 657 3423 729 capite
3469 661 3635 717 fuere
3670 663 3777 717 ob-

2132 743 2411 798 truncati.

2130 871 2203 923 Et
2234 877 2505 926 certamen
2536 878 2852 927 sanctorum
2902 878 3209 944 martyrum
3265 876 3584 945 Strationis,
3633 880 3776 935 Phi-

2631 944 2772 1014 lippi
2800 951 2851 998 et
2906 947 3272 1017 Eutychiani.

2205 1043 2350 1093 Dum
2382 1045 2622 1111 agerent
2653 1041 2712 1094 hi
2746 1041 3127 1112 Nicomediae,
3177 1045 3458 1101 adierunt
3514 1065 3583 1102 ex
3613 1065 3774 1105 com-

2129 1128 2322 1199 posito
2353 1128 2672 1195 theatrum,
2704 1135 2769 1184 ut
2797 1131 3081 1202 populum
3105 1133 3186 1187 ibi
3227 1141 3644 1207 congregatum
3677 1138 3774 1192 in—

2132 1223 2634 1290 struerent,atque
2657 1221 2728 1276 ab
2752 1221 3050 1277 idolorum
3073 1224 3236 1278 cultu
3258 1230 3678 1295 averterent,et
3699 1229 3772 1284 ad

2129 1311 2343 1364 Christi
2366 1311 2732 1366 adducerent
2755 1313 3221 1378 fidem.Quadam
3244 1315 3424 1386 igitur
3455 1316 3549 1372 die
3580 1319 3770 1373 anim-

2131 1400 2442 1454 advertens
2500 1401 2813 1471 praefectus
2890 1403 3189 1457 theatrum
3244 1405 3589 1460 hominibus
3643 1424 3770 1462 esse

2125 1507 2400 1559 vacuum,
2433 1508 2500 1546 ac
2528 1492 2745 1545 certior
2773 1491 2984 1559 factus,
3019 1492 3076 1547 id
3129 1492 3266 1548 inde
3299 1495 3584 1566 evenisse,
3615 1497 3773 1568 quod

2128 1580 2384 1652 populus
2417 1598 2448 1635 a
2480 1582 2700 1635 sanctis
2721 1582 3081 1652 martyribus
3114 1583 3379 1652 edoctus,
3404 1601 3439 1640 a
3464 1591 3772 1657 spectacu-

2125 1671 2320 1725 lorum
2347 1671 2749 1741 voluptatibus
2773 1671 3102 1737 destiterat,
3134 1679 3192 1728 et
3220 1691 3370 1729 nova
3399 1676 3671 1746 quaedam
3695 1678 3774 1731 vi-

2129 1760 2304 1815 vendi
2338 1761 2630 1828 instituta,
2666 1761 2873 1831 patriis
2905 1761 3018 1815 diis
3070 1763 3443 1832 posthabitis,
3499 1765 3647 1820 αυτ
3681 1783 3776 1820 se-

365 1855 526 1926 τὰχει
581 1850 709 1912 τοὺς
756 1851 944 1925 ἁγίους
1002 1855 1343 1920 παραστῆναι
1394 1847 1626 1905 κελευει.
1683 1845 1784 1904 Καὶ
1816 1845 1882 1916 δὴ
1912 1868 2012 1901 πα-

2128 1847 2420 1918 quebatur
2443 1866 2456 1914 ;
2482 1849 2666 1919 jussit
2693 1867 2722 1904 e
2746 1850 2990 1921 vestigio
3021 1856 3260 1907 sanctos
3284 1852 3357 1906 ad
3381 1870 3442 1907 se
3473 1855 3772 1909 accersiri.

370 1941 648 2014 ρεστὰντες
694 1981 709 2006 ,
759 1939 845 1993 καὶ
931 1939 1033 2008 τὴν
1093 1937 1167 1999 εἰς
1229 1937 1460 2012 Χριστὸν
1511 1935 1686 1991 πίστιν
1744 1933 1900 1990 αὐτοί
1959 1955 2018 1990 τε

365 2023 514 2104 ἔχειν
579 2025 1052 2100 ὁμολογήσαντες,
1109 2025 1197 2080 καὶ
1272 2022 1399 2085 τοὺς
1458 2021 1666 2086 ἄλλους
1725 2020 2014 2092 διδάσκειν,

364 2119 622 2192 ἀχθέντες
652 2115 730 2176 εἰς
755 2115 821 2171 τὸ
868 2115 1114 2189 θέατρον,
1174 2113 1386 2189 θηρίοις
1446 2109 1768 2171 ἐκδίδονται.
1812 2121 2015 2189 Διαιρυ-

367 2205 666 2282 λαχθὲντες
698 2202 756 2260 δὲ
785 2204 836 2278 ἐξ
870 2203 1044 2258 αὐτῶν
1086 2197 1372 2271 ἀϐλαϐεῖς,
1420 2202 1511 2256 καὶ
1566 2201 1793 2276 τρόποις
1825 2198 2015 2276 διαφό-

363 2317 479 2369 ροις
537 2293 956 2367 δοκιμασθέντες
1012 2291 1315 2362 κολάσεων,
1344 2291 1407 2346 τὸ
1437 2290 1748 2347 τελευταῖον
1794 2285 2013 2363 ἐμϐληο

363 2387 538 2448 θέντες
571 2383 724 2461 πυρὶ,
757 2383 819 2439 τὸ
869 2384 1000 2460 ὑπὲρ
1054 2385 1294 2458 Χριστοῦ
1347 2379 1741 2458 διηγωνίσαντο
1771 2378 2010 2436 στάδιον.

365 2475 465 2530 Καὶ
497 2476 838 2544 νικήσαντες,
866 2472 957 2527 καὶ
996 2473 1089 2528 τὸν
1146 2472 1404 2547 στέφανον
1435 2477 1537 2541 τῆς
1587 2469 1746 2541 νίκης
1812 2465 2016 2526 λαϐόν-

359 2583 467 2631 τες,
499 2557 774 2618 ἁπέλαϐον
807 2559 1084 2638 βασιλείαν
1116 2559 1381 2638 οὐρανῶν.

938 2667 1122 2726 ΜΗΝΙ
1151 2669 1241 2724 ΤΩ
1273 2669 1445 2724 ΑΥΤΩ

926 2846 1091 2922 ἁγίων
1141 2759 1404 2922 Ιῗιαρτόρ
1415 2866 1487 2900 ων

1071 2919 1308 2993 Λαύρου.

367 2848 635 2920 Ἀθλησις
722 2851 831 2903 τῶν
926 2846 1091 2921 ἁγίων
1169 2845 1487 2921 -μαρτύρων
1585 2845 1825 2921 Φλώρου
1921 2845 2010 2900 καὶ

446 3038 614 3095 Οὗτοι
671 3038 922 3112 ὑπῆρχον
979 3033 1204 3108 δίδυμοι
1272 3033 1550 3111 ἀδελφοὶ,
1609 3034 1854 3105 λιθοξόοι
1909 3035 2007 3102 τήν

369 3127 590 3203 τέχνην.
624 3127 771 3185 Μετὰ
823 3123 881 3181 δὲ
934 3126 1034 3194 τὴν
1089 3129 1197 3180 τῶν
1253 3122 1594 3180 διδασκάλων
1647 3125 1827 3180 αὐτῶν
1878 3125 2007 3200 ὑπὲρ

2126 1939 2227 1992 Cui
2258 1939 2371 2010 ipsi
2400 1940 2903 2006 astantes,Christi
2936 1940 3116 1995 ﬁdem
3145 1958 3179 1996 a
3209 1959 3271 1996 se
3304 1943 3772 2014 teneri,eamque

2126 2027 2274 2082 alios
2308 2027 2507 2084 doceri
2539 2029 2887 2096 confessi,in
2913 2029 3208 2084 theatrum
3239 2031 3577 2099 ducti,feris
3592 2049 3773 2104 expo-

2124 2121 2369 2170 nuntur.
2405 2117 2519 2171 Sed
2549 2117 2622 2172 ab
2655 2118 2773 2172 illis
2796 2118 2968 2172 illmsi
2993 2120 3224 2189 servati,
3253 2127 3567 2191 postquam
3596 2122 3773 2177 variis

2125 2205 2288 2260 fuere
2321 2207 2550 2277 probati
2566 2208 3200 2274 cruciatibus,tandem
3224 2210 3282 2264 in
3317 2211 3512 2283 ignem
3542 2212 3770 2282 injecti,

2125 2300 2427 2350 certamen
2451 2313 2556 2367 pro
2589 2297 2818 2351 Christo
2861 2301 3183 2366 certarunt,
3200 2305 3260 2354 et
3286 2300 3534 2355 victoria
3562 2301 3771 2366 relata,

2123 2384 2382 2439 victoria:
2412 2385 2769 2456 recipientes
2826 2402 3129 2454 coronam,
3182 2388 3464 2444 caelorum
3524 2406 3772 2461 regnum

2125 2479 2265 2529 sunt
2292 2475 2617 2531 consecuti.

2692 2670 2932 2724 EODEM
2973 2671 3116 2724 MEN
3125 2671 3204 2724 SE

2649 2767 2750 2821 Die
2783 2766 3014 2822 decima
3045 2771 3250 2822 octava

2195 2858 2476 2913 Certamen
2497 2863 2811 2911 sancto-rum
2857 2862 3171 2925 martyrum
3228 2855 3382 2910 Βίονὶ
3411 2863 3463 2910 et
3505 2860 3694 2911 Lauri.

2193 3030 2375 3082 Erant
2394 3027 2491 3082 isti
2523 3027 2735 3081 fratres
2752 3042 2871 3080 uno
2887 3025 3214 3095 eodemque
3234 3024 3376 3080 editi
3408 3027 3763 3096 partu,scul-

2121 3121 2358 3188 pturam
2418 3120 2782 3171 exercentes.
2843 3116 2982 3169 Post
3041 3113 3407 3170 exantlatum
3465 3130 3604 3168 vero
3662 3132 3766 3185 pro

365 3187 601 3293 Χρίστοῦ
662 3187 1002 3292 μαρτυρίανξ
1037 3215 1428 3276 καταλιπόντες
1474 3215 1571 3277 τὰς
1618 3211 1669 3268 ἐν
1731 3187 2008 3286 Βυζαντίῷ

2124 3207 2352 3261 Christo
2383 3222 2417 3260 a
2447 3206 2570 3260 suis
2600 3205 2897 3276 magistris
2927 3203 3583 3276 martyrium,Byzantio
3607 3222 3770 3260 sece-

362 3300 639 3381 διατριϐὰς
722 3305 1082 3380 παρεγένοντο
1178 3303 1229 3358 ἐν
1316 3307 1396 3375 τῷ
1461 3303 1781 3377 ἸΛλυρικῷ.
1849 3303 2014 3359 Ἔνθα

356 3397 502 3472 ποιρὰ
541 3400 620 3468 τῷ
678 3396 917 3471 ἡγεμόνι
979 3391 1229 3466 μέταλλά
1285 3413 1409 3448 τινα
1458 3391 1861 3463 διερευνῶντες,
1913 3394 2011 3462 τήν

357 3484 557 3541 οἰκείαν
616 3483 817 3560 τίχνην
879 3482 1222 3559 εἰργάζοντο.
1279 3484 1410 3538 Εἶτα
1465 3484 1592 3557 παρ’
1651 3482 1820 3537 αὐτοῦ
1874 3481 2010 3536 ἁπο-

359 3574 674 3631 στέλλονται
720 3575 858 3648 πρὸς
922 3571 1216 3628 Λικίννιον.
1271 3571 1373 3628 Καὶ
1441 3571 1529 3626 ὑπ’
1589 3570 1755 3626 αὐτοῦ
1813 3565 2011 3626 ἔλαϐον

365 3666 673 3740 χρήματα,
735 3663 1003 3737 ἀνεγεῖραι
1054 3665 1172 3722 τοῖς
1231 3657 1485 3721 εἰδώλοις
1542 3661 1684 3715 ναὸν.
1741 3659 1923 3718 ’Δλλὰ
1949 3660 2016 3715 τὰ

372 3755 464 3826 μὲν
497 3754 764 3829 χρήματα
804 3756 922 3812 τοῖς
977 3748 1171 3820 πὲνησι
1230 3747 1489 3804 δέδωκαν⁹
1520 3749 1612 3805 τὸν
1646 3746 1704 3803 δὲ
1732 3749 1856 3804 ναὸν
1905 3749 2013 3823 εἰρ-

352 3844 600 3919 γάζοντο.
637 3842 743 3900 Καὶ
777 3838 867 3896 ὅτε
930 3839 1212 3910 ἐτελέσθη,
1270 3839 1653 3912 συντρίψαντες
1691 3840 1758 3893 τὰ
1787 3835 2011 3909 εἴδωλα,

362 3934 692 4008 καθιέρωσαν
765 3931 928 3986 αὐτὸν
1025 3928 1103 3992 εἰς
1183 3925 1337 3999 δόξαν
1416 3931 1675 4004 Χριστοῦ.
1731 3930 1894 3991 Γνοὺς
1956 3927 2014 3984 δὲ

363 4028 524 4078 τοῦτο
554 4019 849 4090 Λικίννιος,
883 4015 1134 4075 ἐνέϐαλεν
1189 4017 1384 4080 αὐτοὺς
1416 4016 1492 4080 εἰς
1542 4017 1708 4095 φρέαρ
1770 4016 1924 4093 βαθύ·
1959 4018 2010 4072 ἐν

365 4113 410 4184 ᾧ
441 4113 534 4173 τὰς
589 4112 793 4166 ἑαυτῶν
847 4108 1030 4184 ψυχὰς
1075 4105 1394 4184 παρέδωκαν
1440 4110 1520 4179 τῷ
1578 4111 1716 4179 Θεῷ.
1777 4106 1900 4163 Ἐπὶ
1958 4104 2015 4161 δὲ

365 4198 770 4256 Κωνσταντίνου
826 4198 924 4254 τοῦ
989 4197 1232 4271 μεγάλου
1301 4196 1679 4272 φανερωθέντα
1739 4197 1807 4250 τὰ
1859 4195 2014 4268 τίμια

365 4290 539 4346 αὐτῶν
574 4289 800 4363 λείψανα
841 4287 1227 4358 ἂπανήχθησαν
1288 4286 1365 4348 εἰς
1418 4285 2014 4343 Κωνσταντινὸύπολιν·

366 4381 452 4436 καὶ
486 4375 917 4448 ἀπετελέσθησαν
945 4375 998 4431 ἐν
1027 4376 1202 4448 τόπῳ,
1236 4374 1285 4430 ἐν
1323 4375 1368 4447 ᾧ
1415 4378 1507 4430 νῦν
1541 4376 1902 4431 κατάκεινται.

373 4495 472 4552 Καὶ
529 4492 760 4564 ἄθλησις
817 4497 926 4567 τῷν
984 4492 1154 4567 ἁγίων
1211 4489 1498 4567 μαρτύρων
1559 4491 1783 4566 Ἑρμοῦ,
1839 4497 2008 4566 Σερα-

828 4561 1042 4626 πίωνος
1071 4563 1161 4618 καὶ
1214 4561 1551 4618 Ηόλυαίνου.

441 4671 608 4729 Οὗτοι
639 4667 1025 4741 διαϐληθέντες
1057 4671 1158 4725 ὑπὸ
1200 4674 1308 4724 τῶν
1367 4670 1630 4739 ἀπίστων,
1665 4669 1748 4724 δτι
1778 4670 1869 4724 τὸν
1921 4673 2015 4744 μὶν

371 4761 601 4837 Χριστόν
631 4757 902 4830 σέϐονται,
956 4761 1024 4816 τὰ
1077 4757 1134 4814 δὲ
1184 4756 1389 4814 εἴδωλα
1441 4755 1848 4833 βδελύσσονται,
1879 4781 2015 4835 κρα-

367 4851 617 4921 τηθέντες
700 4855 780 4922 τῷ
858 4847 1088 4925 ἐπάρχῳ
1171 4845 1515 4922 παρέστησαν
1600 4848 1847 4921 Ῥώμης.
1910 4849 2014 4904 Καὶ

373 4939 814 5016 ὁμολογήσαντες
888 4936 1164 5014 παρῥησία
1214 4939 1313 5006 τήν
1376 4939 1452 5000 εἱς
1519 4937 1758 5012 Χριστὸν
1809 4938 2015 5006 πίστιν,

372 5034 588 5104 πρῶτον
653 5029 747 5101 μέν
803 5026 856 5082 έν
912 5029 1292 5100 σκοτεινοτάτῃ
1343 5026 1432 5080 καὶ
1493 5023 1866 5100 δυσωδεστάτῃ
1922 5027 2019 5081 ἀπ·

367 5117 720 5186 εκ).είσθησαν
751 5116 992 5192 φυλακῇ.
1036 5118 1171 5172 Εἶτα
1201 5110 1556 5185 ἐκϐληθέντες
1588 5121 1688 5183 τῆς
1741 5114 2015 5189 φυλακῆς,

369 5208 461 5261 καὶ
496 5211 650 5270 θῦσαι
677 5211 792 5269 τοῖς
852 5204 1110 5266 εἰδώλοις
1175 5205 1251 5276 μή
1310 5201 1749 5276 καταδεξάμενοι,
1783 5203 1871 5260 δίὰ
1900 5227 2016 5261 στε-

367 5297 610 5351 νοτάτῶν
667 5295 755 5350 καὶ
828 5294 1208 5369 δυσπορεότων
1291 5313 1685 5368 κατασυρονται
1769 5294 2016 5370 χωρίων,

366 5386 637 5461 σχοινίοις
663 5383 957 5458 δεδεμένου
1020 5384 1109 5439 καὶ
1169 5383 1224 5438 έν
1282 5384 1431 5454 αὐτῷ
1485 5387 1566 5455 τῷ
1624 5383 1896 5459 σύρεσθαι,
1929 5386 2016 5440 καὶ

367 5481 488 5537 ταῖς
539 5477 763 5551 πέτραις
814 5476 1252 5550 προσρήγνυσθαι
1284 5517 1298 5543 ,
1376 5477 1455 5544 τῷ
1536 5477 1652 5544 Θεῷ
1731 5474 1829 5535 τὰς
1873 5476 2020 5551 ἱερὰς

368 5567 549 5620 αὐτῶν
582 5566 876 5641 παρέθεντο
925 5565 1128 5639 ψυχάς.
1189 5563 1272 5619 Τὰ
1327 5559 1385 5616 δὲ
1441 5561 1598 5634 τίμια
1653 5563 1743 5616 καὶ
1795 5565 2022 5644 πανίερα

371 5657 550 5711 αὐτῶν
615 5653 846 5728 λείψανά
900 5673 1044 5716 τινες
1098 5657 1212 5708 τῶν
1267 5646 1516 5707 εὖλαϐὦν
1575 5651 1935 5728 Χριστιανῶν,
1968 5659 2018 5713 ἐν

2119 3295 2417 3362 dentes,in
2444 3293 2744 3365 lllyricum
2769 3298 3061 3348 venerunt
3085 3292 3215 3346 :ubi
3238 3292 3394 3363 apud
3423 3292 3770 3364 praefectum

2118 3385 2180 3438 in
2211 3383 2568 3454 quibusdam
2629 3382 3005 3437 elaborandis
3037 3381 3295 3436 metallis
3327 3381 3581 3453 propriaa
3627 3383 3771 3437 artis

2115 3490 2357 3544 operam
2391 3471 2837 3543 impendebant.
2857 3470 2934 3524 Ab
2967 3471 3180 3525 eodem
3212 3475 3418 3541 postea
3447 3471 3614 3525 missi
3633 3476 3773 3526 sunt

2116 3562 2190 3617 ad
2225 3563 2587 3627 Licinium,a
2618 3578 2733 3631 quo
2767 3577 3043 3615 nummos
3076 3564 3438 3629 acceperunt
3467 3559 3539 3613 ad
3563 3560 3770 3614 fanum

2116 3650 2293 3705 idolis
2325 3650 2693 3723 erigendum.
2723 3652 2792 3703 At
2840 3648 3125 3718 pecunias
3165 3648 3528 3718 pauperibus
3559 3648 3771 3702 distri-

2114 3741 2391 3805 buentes,
2427 3738 2718 3809 templum
2744 3742 3152 3804 construxere,
3177 3737 3335 3807 quod
3362 3736 3461 3791 ubi
3493 3737 3606 3790 fuit
3635 3754 3770 3807 per-

2112 3831 2356 3898 fectum,
2392 3827 2629 3884 contriti
2662 3826 2859 3895 idolis,
2893 3827 2967 3881 ad
2998 3827 3100 3881 Dei
3131 3826 3377 3898 gloriam
3392 3826 3766 3892 dedicarunt,

2116 3921 2234 3974 Hoc
2265 3916 2754 3990 agnito,Licinius
2785 3932 2886 3970 eos
2919 3916 2981 3970 in
3012 3914 3372 3986 profundum
3394 3920 3636 3986 puteum
3662 3915 3766 3970 de-

2114 4009 2310 4076 trusit,
2344 4007 2444 4062 ubi
2472 4022 2610 4060 suas
2640 4005 2870 4060 animas
2894 4005 3010 4059 Deo
3042 4004 3434 4062 tradiderunt.
3459 4005 3764 4076 Tempori-

2114 4099 2224 4152 bus
2255 4102 2454 4152 autem
2486 4094 2676 4166 Magni
2697 4093 3067 4148 Constantini
3090 4094 3760 4166 manifestataaipsorum

2113 4185 2404 4256 reliquiae,
2431 4183 3010 4254 Constantinopolim
3032 4182 3198 4237 fuere
3248 4183 3574 4251 translatae,
3615 4189 3673 4238 et
3702 4185 3760 4240 in

2115 4293 2183 4331 eo
2214 4275 2366 4345 loco,
2400 4273 2499 4330 ubi
2532 4290 2690 4329 nunc
2713 4273 2938 4346 jacent,
2964 4272 3309 4329 reconditas.

2190 4491 2344 4548 208
2368 4492 2436 4546 Et
2469 4495 2744 4567 certamen
2773 4495 3089 4567 sanctorum
3117 4494 3432 4567 martyrum
3462 4488 3697 4552 Hermw,

2587 4562 2903 4630 Serapionis
2950 4566 3002 4614 et
3038 4560 3300 4631 Polymni.

2197 4681 2263 4735 Hi
2296 4679 2367 4733 ab
2399 4677 2744 4733 inﬁdelibus
2771 4677 3051 4743 accusati,
3084 4680 3150 4730 ut
3187 4676 3287 4746 qui
3318 4675 3616 4730 Christum
3640 4675 3770 4746 qui-

2126 4770 2262 4824 dem
2288 4766 2740 4835 colerent,idola
2769 4781 2904 4820 vero
2936 4769 3411 4829 contemnerent,
3444 4770 3501 4820 et
3526 4781 3767 4820 aversa-

2126 4862 2352 4924 rentur,
2389 4855 2634 4921 detenti,
2666 4870 2865 4909 coram
2897 4853 3174 4925 praefecto
3207 4856 3406 4908 Romae
3433 4858 3726 4909 steterunt
3754 4873 3770 4920 ;

2128 4954 2304 5018 atque
2332 4945 2547 5000 Christi
2580 4943 2758 4998 fidem
2819 4943 3074 4998 fidenter
3130 4942 3407 5010 confessi,
3467 4943 3660 5014 primo
3710 4945 3774 4999 in

2128 5035 2618 5091 obscurissimum
2653 5033 3141 5103 teterrimumque
3202 5049 3502 5088 carcerem
3533 5034 3776 5088 fuerunt

2129 5125 2333 5198 injecti
2361 5140 2372 5176 :
2407 5127 2611 5194 postea
2637 5123 2708 5176 de
2727 5120 2994 5176 custodia
3015 5121 3374 5188 educti,cum
3405 5123 3581 5177 idolis
3596 5125 3776 5178 sacri-

2131 5219 2308 5272 ficare
2334 5215 2584 5280 nollent,
2613 5213 2854 5267 funibus
2884 5212 3164 5278 devincti,
3199 5230 3306 5284 per
3323 5214 3688 5268 arctissimos
3718 5218 3778 5268 et

2129 5308 2465 5361 inaccessos
2497 5303 2678 5359 calles
2709 5307 3038 5375 raptantur.
3064 5304 3212 5357 Dum
3235 5309 3435 5359 autem
3466 5304 3779 5360 traheren-

2132 5403 2247 5466 tur,
2273 5395 2458 5466 petris
2490 5393 2706 5462 collisi,
2734 5410 2932 5448 sacras
2958 5409 3093 5448 suas
3117 5393 3348 5448 animas
3366 5394 3482 5448 Deo
3506 5393 3774 5448 tradide-

2130 5490 2289 5541 runt.
2325 5483 2711 5539 Venerabiles
2735 5499 2868 5538 vero
2909 5483 3436 5552 sanctissimasque
3459 5497 3662 5537 eorum
3688 5497 3778 5534 re-

2130 5575 2351 5646 liquias
2381 5579 2562 5629 noctu
2593 5572 2835 5644 quidam
2858 5571 2940 5643 pii
2963 5572 3280 5626 Christiani
3305 5571 3456 5624 clam
3470 5571 3777 5632 abeuntes,

2135 5669 2312 5736 atque
2347 5663 2800 5732 tollentes,cum
2830 5660 3077 5731 psalmis
3105 5667 3164 5713 et
3193 5658 3432 5730 hymnis
3463 5653 3780 5727 sepulturae
