4184 6326
454 317 568 379 591

1739 313 2178 376 MENOLOGII
2222 313 2442 374 PARS.
2480 314 2579 375 lll.

3736 324 3850 387 592

452 448 750 506 dederunt
778 449 851 505 ad
872 449 1122 523 gloriam
1147 449 1363 505 Christi
1389 449 1510 504 veri
1573 449 1673 505 Dei
1722 448 1934 518 nostri,
1992 465 2074 520 pri

2214 444 2366 500 νυκτὶ
2398 443 2722 512 ἀπελθόντες
2747 447 2946 527 κρύφα,
3000 450 3093 506 καὶ
3150 449 3473 524 ἀνελόμενοι
3536 457 3671 527 μετᾶ
3716 455 3848 529 ψαλ-

452 556 572 612 quo
604 540 957 613 martyrium
989 540 1266 596 alacriter
1295 540 1623 597 subierant.

1019 853 1261 909 EODEM
1282 852 1533 908 MENSE.

1013 942 1115 997 Die
1150 941 1384 997 decima
1412 958 1573 998 nona

522 1044 811 1098 Certamen
838 1041 1018 1097 sancti
1056 1043 1248 1125 magni
1275 1044 1539 1112 martyris
1565 1041 1801 1096 Andrew
1854 1047 1907 1096 et
1935 1056 2026 1096 so-

1161 1128 1389 1168 ciorum.

517 1248 755 1304 Exstitit
781 1247 900 1315 hic,
917 1247 1272 1303 Maximiano
1301 1248 1657 1319 imperante,
1691 1246 1808 1302 dux
1836 1246 2096 1301 militum

444 1337 507 1393 in
540 1338 781 1395 Oriente
807 1336 916 1392 sub
946 1336 1259 1404 Antiocho,
1276 1336 1379 1408 qui
1410 1336 1589 1392 totius
1621 1335 1913 1391 exercitus
1942 1352 2097 1407 prte-

443 1427 735 1483 fecturam
765 1422 1239 1500 gerebat.ltaque
1270 1425 1342 1481 ab
1374 1442 1444 1480 eo
1465 1425 1593 1496 ipse
1614 1441 1750 1480 cum
1776 1424 1910 1479 aliis
1926 1424 2096 1480 duci-

442 1516 556 1573 bus
600 1517 821 1572 missus
876 1515 1161 1571 adversus
1214 1517 1446 1584 Persas,
1507 1513 1737 1570 Christo
1797 1515 2089 1583 invocato,

443 1608 656 1662 Persas
686 1604 1041 1678 proﬂigavit,
1071 1609 1131 1658 et
1181 1620 1250 1659 ex
1309 1603 1612 1675 insperata
1661 1602 1906 1658 victoria
1955 1620 2091 1659 suos

446 1694 888 1751 commilitones
926 1694 1002 1749 ad
1031 1693 1247 1749 Christi
1279 1693 1458 1748 fidem
1490 1679 1731 1749 attraxit
1762 1709 1775 1748 :
1805 1693 1905 1764 qui
1935 1693 2093 1764 apud

446 1784 803 1841 Antiochum
829 1783 1032 1853 delati,
1064 1781 1313 1855 perinde
1343 1799 1411 1839 ac
1439 1783 1547 1850 rei,
1579 1787 1718 1838 ante
1755 1782 1928 1838 illum
1948 1798 2092 1838 con-

447 1874 767 1930 stiterunt:
800 1878 860 1929 et
889 1874 1016 1944 ipse
1050 1871 1293 1943 quidem
1325 1888 1504 1944 super
1531 1871 1724 1927 ferreo
1755 1871 1939 1945 ignito
1961 1886 2091 1945 gra-

446 1963 586 2018 bato
612 1963 916 2035 expositus
941 1962 1103 2034 ;ejus
1116 1977 1249 2017 vero
1275 1962 1419 2017 socii
1441 1960 1517 2017 ad
1532 1961 2096 2035 quadragintaligna

449 2052 730 2110 manibus
759 2052 1005 2108 fuerunt
1033 2051 1216 2107 afﬁxi.
1247 2053 1295 2107 A
1351 2051 1519 2107 mille
1578 2051 1791 2107 exinde
1847 2051 2092 2107 alterius

448 2140 703 2215 agminis
733 2140 1047 2209 militibus,
1073 2140 1324 2212 jubente
1351 2140 1662 2208 Antiocho,
1695 2156 1766 2195 ex
1802 2141 1966 2196 illius
1997 2157 2093 2196 re-

446 2231 640 2305 gionis
669 2229 887 2285 finibus
919 2234 1059 2285 sunt
1083 2228 1398 2300 ejecti.Sed
1429 2230 1538 2285 hos
1560 2230 1739 2284 etiam
1760 2229 2092 2286 admonens

443 2325 707 2385 sanctus,
731 2318 807 2375 ad
836 2319 1051 2375 Christi
1083 2318 1263 2374 fidem
1294 2317 1575 2374 traduxit.
1607 2318 1775 2385 Quod
1796 2319 1896 2374 ubi
1918 2321 2094 2376 resci-

438 2410 521 2465 vit
548 2408 899 2478 Antiochus,
935 2408 1096 2480 ipsos
1148 2424 1284 2463 cum
1318 2408 1443 2463 suis
1479 2414 1848 2479 persecutus,
1882 2426 2090 2466 omnes

435 2498 631 2571 gladio
663 2497 1059 2562 obtruncavit,
1093 2513 1348 2569 quorum
1371 2502 1711 2569 postremus
1740 2498 1851 2554 fuit
1880 2499 2091 2571 glorio-

436 2588 712 2645 sissimus
740 2587 958 2643 Christi
982 2591 1209 2659 martyr
1235 2586 1504 2643 Andreas
1546 2587 1773 2643 athleta
1826 2588 2086 2644 celeber-

435 2679 646 2735 rimus.

504 2880 658 2937 209
689 2883 769 2936 Et
795 2886 1071 2937 certamen
1126 2881 1308 2964 sancti
1361 2881 1620 2949 martyris
1669 2882 1938 2938 Timothei
1964 2889 2017 2938 et

1117 2967 1390 3007 8001011071
1398 2991 1411 3006 .

504 3080 811 3136 Gloriosus
862 3079 1079 3135 Christi
1138 3086 1365 3153 martyr
1419 3081 1762 3138 Timotheus
1819 3083 1882 3139 in
1940 3085 2086 3141 Gaza

2214 539 2332 608 μῶν
2384 536 2475 590 καὶ
2529 536 2714 610 ὕμνων
2780 537 2935 615 τάφῳ
3022 539 3465 616 παραδεδώκασιν
3499 585 3515 613 ,
3575 542 3652 605 εἷς
3701 539 3848 619 δόξαν

2211 626 2447 699 Χριστοῦ
2475 629 2572 680 τοῦ
2601 625 2869 698 ἀληθινοῦ
2911 633 3043 684 Θεοῦ
3102 632 3287 703 ἡμῶν,
3346 627 3418 685 δι’
3447 631 3507 686 ’ὸν
3563 634 3847 708 προθύμως

2212 711 2628 787 ἐτελειώθησαν.

2766 853 2944 908 ΜΠΝΙ
2974 853 3066 910 ΤΩ
3097 854 3293 910 ΑΥΤΩ.

2993 941 3074 999 ΙΘ¹

2208 1033 2480 1107 Ἀθλησις
2539 1040 2635 1092 τοῦ
2694 1036 2876 1126 ἁγίου..
2908 1036 3391 1132 μεγαλομάρτυρος
3447 1041 3703 1118 Ἀνδρέου
3757 1045 3841 1101 καὶ

2808 1131 2916 1166 των
2948 1132 3040 1166 συν
3064 1131 3211 1185 αυτῳ
3225 1157 3236 1171 .

2277 1241 2447 1303 Οὗτος
2503 1242 2748 1319 ὑπῆρχεν
2829 1243 2916 1299 ἐπὶ
2964 1252 3062 1315 τῆς
3137 1246 3417 1322 βασιλείας
3485 1251 3842 1325 Μσιξιμιιινοῦ⁹

2207 1328 2589 1403 στρατηλάτης
2618 1332 2669 1387 ἐν
2701 1336 2770 1407 τῇ
2802 1333 3042 1408 ἀνατολῇ
3076 1337 3236 1412 χώρᾳ
3266 1339 3370 1393 ὑπὸ
3425 1340 3717 1416 Ἀντιόχον
3745 1348 3840 1412 τῆς

2204 1416 2369 1509 ὅληςμ
2423 1419 2623 1492 τάξεως
2680 1428 3085 1499 στρατηγοῦντα
3117 1470 3129 1482 .
3188 1428 3549 1494 Ἀποσταλεὶς
3612 1427 3669 1486 δὲ
3720 1435 3842 1509 παρ’

2204 1505 2371 1596 αὐτοῦ
2406 1511 2519 1581 μεθ’
2578 1509 2774 1583 ἑτέρων
2824 1513 3210 1587 στρατηλατῶν
3259 1516 3395 1571 κατὰ
3438 1522 3544 1572 τῶν
3607 1505 3839 1596 Περσῶν,

2200 1595 2663 1686 ἐπικαλεσάμενος
2695 1601 2790 1656 τὸτ
2821 1602 3075 1677 Χριστὸν,
3129 1603 3256 1668 τοὺς
3301 1607 3510 1682 Πέρσας
3565 1595 3839 1686 ἐτρέψατο.

2200 1684 2304 1743 Καὶ
2335 1685 2422 1741 ἐπὶ
2453 1690 2521 1761 τῇ
2546 1688 2856 1762 ἀνελπίστῳ
2884 1689 3032 1760 νίκὴ.
3062 1690 3194 1756 τοὺς
3224 1691 3318 1749 σὺν
3376 1694 3524 1768 αὐτῷ
3581 1684 3716 1773 πρὸς
3745 1701 3838 1769 τὴν

2199 1777 2296 1827 τοῦ
2346 1775 2590 1849 Χριστοῦ
2668 1777 2849 1834 πίστιν
2907 1778 3285 1838 ἐπεσπάσατο.
3340 1779 3735 1855 Διαϐληθέντες
3788 1786 3843 1843 δὲ

2204 1862 2497 1940 Ἀντιόχῳ,
2547 1868 2884 1942 παρέστησαν
2938 1868 3084 1941 αὐτῷ
3139 1870 3215 1932 ὡς
3265 1869 3573 1933 κατάδικοι.
3618 1876 3720 1933 Καὶ
3751 1879 3840 1933 αὗ-

2200 1952 2293 2013 τὸς
2327 1954 2420 2026 μὲν
2451 1954 2539 2010 ἐπὶ
2569 1954 2764 2028 κλίνης
2805 1955 3030 2033 σιδηρᾶς
3090 1960 3430 2035 πορευθείσης
3481 1962 3747 2037 ἡπλώθη.
3780 1969 3843 2024 Οἱ

2203 2037 2262 2095 δὲ
2318 2041 2412 2097 σὺν
2470 2044 2616 2117 αὐτῷ
2662 2047 2715 2100 ὲν
2769 2048 3131 2123 τετραγώνοις
3193 2047 3378 2119 ξύλοις
3436 2052 3841 2126 καθηλώθησαν

2201 2130 2295 2193 τὰς
2330 2138 2540 2209 χεῖρας.
2575 2135 2702 2190 Εἶτα
2733 2135 2834 2190 ὑπὸ
2868 2136 3071 2211 χιλίων
3102 2136 3296 2211 ἑτέρων
3352 2147 3726 2216 στρατιωτῶν,
3752 2149 3844 2200 τοῦ

2202 2221 2492 2298 ’Λντιόχου
2522 2225 2940 2299 προστάξαντος,
2971 2229 3077 2280 τῶν
3127 2226 3292 2300 ὁρίων
3318 2234 3419 2299 τῆς
3474 2232 3673 2308 χώρας
3703 2234 3841 2305 ἁπη-

2202 2314 2462 2385 λάθησαν.
2494 2312 2602 2376 Οὓς
2633 2315 2959 2385 νουθετήσας
2990 2315 3018 2369 6
3042 2316 3218 2390 ἅγιος,
3249 2318 3386 2392 πρὸς
3435 2321 3537 2388 τήν
3598 2321 3673 2387 εἷς
3702 2324 3840 2399 Χρι..

2200 2405 2322 2459 στὸν
2358 2403 2632 2478 μὶτήγαγε
2663 2404 2869 2461 πίστιν.
2918 2404 3016 2459 Καὶ
3071 2409 3233 2461 τοῦτο
3278 2407 3438 2481 γνοὺς
3472 2410 3502 2464 6
3537 2411 3846 2487 Ἀντίοχος,

2196 2494 2285 2549 καὶ
2314 2490 2649 2566 καταδιώξας
2685 2495 2818 2565 μετὰ
2844 2497 2952 2549 τῶν
3016 2494 3104 2549 ὑπ’
3163 2495 3349 2567 αὐτὸν,
3404 2496 3613 2563 πάντας
3672 2501 3844 2556 ἀνεῖλε

2195 2587 2314 2644 τοῖς
2362 2583 2586 2657 ξίφεσι.
2653 2584 2755 2640 Καὶ
2817 2577 3047 2658 ἔσχατον
3096 2582 3310 2640 πάντων
3368 2585 3460 2642 τὸν
3521 2588 3843 2662 πανένδοξον

2198 2673 2450 2747 μάρτυρα
2502 2676 2601 2728 τοῦ
2678 2674 2912 2747 Χριστοῦ
2998 2669 3254 2747 Ἀνδρέαν
3323 2677 3416 2733 τὸν
3461 2675 3517 2733 έν
3583 2679 3842 2753 ἀθληταῖς

2196 2758 2478 2835 ἀοίδιμον.

2196 2876 2294 2932 Καὶ
2326 2876 2557 2949 ἄθλησις
2605 2880 2704 2932 τοῦ
2758 2874 2918 2968 ἁγίου
2959 2877 3235 2971 μάρτυρος
3285 2880 3566 2955 Τιμοθέου
3624 2886 3846 2942 καὶτῶν

2868 2970 2962 3004 συν
2996 2970 3163 3023 αυτῳ.

2263 3080 2309 3134 Ο
2365 3072 2581 3147 ἔνδοξος
2623 3079 2722 3132 τοῦ
2771 3080 3012 3152 Χριστοῦ
3081 3096 3287 3154 μαρτυς
3334 3078 3607 3153 Τιμόθεος
3664 3084 3840 3159 ὑπῆρ-

431 3168 765 3224 Palmstinm
796 3169 1030 3224 civitate
1061 3173 1403 3237 natus,cum
1433 3169 1707 3226 doctrina
1726 3177 1784 3227 et
1810 3174 2074 3231 moribus

2192 3183 2287 3241 χεν
2321 3164 2380 3220 ἐκ
2437 3163 2820 3235 Παλαιστίνης,
2866 3165 2926 3262 ἔα.
2979 3165 3197 3262 πόλεως
3256 3166 3453 3239 Γάζης
3517 3172 3625 3245 βίῳ
3665 3170 3723 3228 δὶ
3751 3173 3839 3228 καὶ

431 3257 713 3312 omnibus
747 3263 906 3312 esset
942 3258 1210 3314 numeris
1242 3258 1571 3328 absolutus,
1604 3261 1913 3319 veritatem
1942 3265 2078 3321 edo-

431 3345 913 3402 cebat.Detentus
944 3346 1145 3418 itaque
1178 3346 1554 3403 stetitcoram
1578 3350 1737 3405 Gazae
1766 3353 2078 3425 praefecto;

428 3440 489 3490 et
542 3435 964 3509 interrogatus,
1026 3452 1208 3507 seque
1260 3436 1663 3493 Christianum
1748 3440 2077 3514 confessus,

423 3524 641 3580 Christi
663 3525 1081 3595 oeconomiam,
1113 3525 1365 3597 ejusque
1394 3531 1640 3599 propter
1678 3545 1787 3585 nos
1817 3534 2077 3606 peregri-

421 3616 750 3683 nationem,
785 3619 845 3670 et
872 3614 1351 3670 incarnationem
1383 3617 1712 3691 theologica
1749 3636 2073 3692 exponens,

421 3705 719 3777 vapulavit
748 3703 1106 3760 crudeliter:
1141 3705 1490 3777 cunctisque
1522 3711 1953 3767 tormentorum
1976 3730 2070 3786 ge-

423 3794 668 3849 neribus
697 3800 964 3861 vexatus,
998 3811 1065 3850 ac
1090 3794 1257 3851 nullo
1296 3795 1472 3850 modo
1505 3796 1743 3867 cedens,
1803 3800 1923 3873 igni
1955 3807 2072 3858 tra~

420 3881 791 3949 ditus,ﬁnem
822 3883 1298 3954 accepit.Eadem
1331 3883 1448 3950 die,
1472 3886 1800 3958 eademque
1829 3889 1893 3944 in
1927 3893 2072 3947 urbe

420 3971 681 4042 Agapius
711 3972 1026 4039 etThecla,
1081 3973 1182 4043 qui
1241 3973 1306 4028 in
1337 3990 1573 4030 carcere
1627 3976 2068 4050 detinebantur,

420 4059 580 4128 quod
609 4060 671 4114 in
704 4060 947 4115 nomine
1004 4060 1223 4117 Christi
1277 4062 1579 4131 docerent,
1613 4068 1951 4142 multosque
2001 4090 2070 4128 ex

419 4145 764 4202 infidelibus
795 4147 867 4203 ab
899 4165 1099 4203 errore
1129 4157 1507 4206 revocassent
1536 4153 1609 4208 ad
1640 4155 1976 4229 Dominum,
2011 4166 2071 4217 et

419 4235 806 4307 baptizarent,
840 4253 1040 4293 coram
1093 4238 1372 4309 praefecto
1430 4246 1712 4314 astantes,
1751 4262 1946 4317 neque
2004 4255 2069 4305 ut

418 4325 596 4382 idolis
627 4327 1312 4397 sacriﬁcarent,inducti,
1347 4329 1453 4385 sed
1486 4337 1705 4388 sartam
1729 4339 2065 4410 tectamque

414 4414 519 4470 Dei
551 4413 933 4472 dilectionem
966 4415 1518 4480 servantes,belluis
1548 4419 2062 4498 objecti,martyrii

412 4523 692 4564 coronam
723 4508 1076 4566 retulerunt.

2188 3252 2344 3328 λόγῳ
2373 3254 2802 3328 κατηρτισμένος
2868 3250 2962 3325 ὥν,
3024 3251 3353 3319 διδάσκαλος
3410 3264 3515 3327 τῆς
3577 3258 3837 3330 ἀληθείας

2183 3339 2391 3417 ἐγένετο
2425 3384 2441 3399 .
2501 3341 2599 3397 Καὶ
2653 3344 2940 3418 κρατηθεὶς
2972 3387 2988 3414 ,
3044 3345 3281 3419 παρέσση
3352 3350 3435 3419 τῷ
3488 3350 3597 3419 τῆς
3659 3350 3838 3421 Γάζης

2183 3426 2444 3505 ἄρχοντι.
2502 3430 2605 3489 Καὶ
2671 3430 2966 3507 ἐρωτηθεὶς
3001 3473 3015 3500 ,
3069 3433 3158 3488 καὶ
3241 3435 3570 3507 Χριστιανὸν
3652 3438 3838 3493 ἑαυτὸν

2182 3515 2563 3594 ὁμολογήσας,
2594 3518 2683 3574 καὶ
2732 3521 2830 3589 τὴν
2857 3523 2953 3573 τοῦ
2983 3521 3218 3595 Χριστοῦ
3276 3519 3628 3598 θεολογήσας
3679 3526 3834 3581 οἶκο-

2181 3607 2373 3680 νομίαν
2406 3629 2464 3664 τε
2509 3608 2600 3663 καὶ
2638 3609 2739 3678 τὴν
2787 3606 2857 3663 δι’
2905 3610 3054 3682 ἡμᾶς
3112 3608 3407 3683 ἐπιδημίαν
3465 3613 3562 3668 καὶ
3622 3616 3836 3689 σάρκω-

2181 3718 2284 3767 σιν,
2319 3696 2520 3774 ἐτύφθη
2571 3695 2841 3776 σφοδρῶς.
2910 3697 3016 3754 Καὶ
3073 3699 3348 3754 παντοίων
3407 3701 3660 3776 βασάνων
3692 3725 3833 3781 προ-

2179 3787 2496 3861 σωμίλησεν
2556 3784 2748 3849 ίδέαις³
2806 3788 2897 3842 καὶ
2955 3784 3087 3860 μηδ’
3142 3786 3290 3850 ὅλως
3350 3793 3649 3865 καμφθεὶς,
3701 3793 3833 3869 πυρὶ

2176 3872 2529 3951 παραδοθεὶς,
2570 3874 2882 3947 ἐτελειώθη.
2944 3877 3075 3933 Κατ’
3105 3875 3311 3946 ἐκείνην
3369 3875 3428 3932 δὶ
3479 3882 3583 3950 τήν
3616 3882 3830 3955 ἡμέραν

2175 3962 2228 4018 έν
2260 3963 2398 4039 αὐτῇ
2428 3969 2497 4040 τῇ
2545 3964 2706 4021 πόλει
2738 3963 3021 4041 Ἀγάπιος,
3053 3964 3140 4020 καὶ
3182 3963 3379 4036 Θέκλα,
3437 3967 3830 4026 κατακλειστοι

2174 4050 2324 4116 ὄντες
2356 4052 2433 4116 εἲς
2466 4051 2742 4128 φυλακὴν,
2775 4051 2865 4109 διὰ
2920 4055 2982 4109 τὸ
3041 4050 3308 4109 διδάσκειν
3366 4053 3456 4111 ἐπὶ
3486 4062 3569 4130 τῷ
3601 4058 3830 4131 ὀνόματι

2169 4146 2268 4197 τοῦ
2307 4144 2562 4216 Χριστοῦ,
2631 4143 2721 4198 καὶ
2779 4142 3030 4205 πολλοὺς
3086 4147 3192 4198 τῶν
3252 4143 3494 4200 ἀπίστων
3556 4147 3665 4202 ἀπὸ
3722 4153 3825 4214 τῆς

2170 4229 2381 4303 πλάνης
2432 4231 2767 4311 ἐπιστρέφειν
2826 4232 2914 4288 ἐπὶ
2970 4233 3060 4288 τὸν
3110 4231 3327 4308 Κύριον,
3358 4233 3446 4288 καὶ
3508 4235 3822 4309 βαπτίζειν,

2168 4323 2529 4393 παραστάντες
2574 4326 2656 4395 τῷ
2711 4322 2859 4395 αὐτῷ
2907 4320 3156 4398 ἄρχοντι,
3217 4321 3305 4376 καὶ
3372 4322 3448 4394 μὴ
3505 4325 3820 4387 πεισθέντες

2169 4413 2321 4473 θῦσαι
2347 4417 2467 4475 τοῖς
2508 4409 2790 4480 εἰδώλοις,
2823 4411 2950 4468 ἀλλ’
3006 4411 3358 4486 ἀντεχόμενοι
3389 4415 3490 4480 τῆς
3551 4412 3693 4486 πρὸς
3726 4413 3820 4469 τὸν

2166 4500 2397 4575 Χριστὸν
2485 4502 2703 4576 ἀγάπης
2735 4543 2750 4570 ,
2832 4503 2990 4575 θηρσὶ
3074 4500 3453 4578 προσριφέντες
3539 4502 3636 4557 τὸν
3721 4510 3824 4571 τῆς

2089 4580 2137 4644 D
2177 4589 2473 4665 μαρτυρίας
2503 4589 2826 4664 ἐκομίσαντο
2854 4592 3134 4666 στέφανον.

976 4723 1218 4781 EODEM
1260 4724 1490 4781 MENSE

1037 4812 1140 4869 Die
1170 4812 1451 4870 vicesima

691 4903 953 4957 Memoria
980 4905 1157 4959 sancti
1180 4904 1470 4974 praphetae
1491 4907 1781 4964 Samuelis.

476 5012 712 5069 Samuel
741 5015 1036 5086 gloriosus
1056 5024 1114 5072 et
1139 5034 1392 5089 magnus
1426 5021 1523 5076 Dei
1558 5024 1847 5094 propheta
1878 5026 1939 5081 in
1959 5028 2052 5084 Ju-

401 5101 531 5156 dma
561 5107 726 5158 ortus
758 5111 866 5173 est,
904 5122 973 5159 ex
1006 5112 1209 5160 monte
1243 5107 1521 5177 Ephraim
1581 5110 1653 5165 de
1686 5113 1844 5169 tribu
1891 5116 2046 5184 Levi,

401 5188 561 5243 filius
582 5190 800 5247 Elcana
833 5197 890 5246 et
918 5194 1126 5248 Annae.
1148 5193 1411 5251 Habebat
1439 5202 1637 5253 autem
1670 5200 1886 5258 Elcana
1899 5204 2045 5262 duas

399 5290 630 5345 uxores,
666 5294 916 5348 quarum
972 5295 1095 5335 una
1121 5282 1311 5347 Anna,
1345 5283 1691 5342 Phaananna
1719 5288 1912 5347 altera
1939 5310 2043 5365 ap-

395 5364 748 5433 pellabatur.
782 5369 853 5422 Et
881 5369 1226 5424 Phaenanna
1254 5370 1495 5441 quidem
1526 5374 1711 5430 ﬁlium
1748 5364 2038 5453 habebat;

394 5457 565 5512 Anna
596 5474 732 5514 vero
779 5474 1087 5534 nunquam
1144 5469 1450 5534 genuerat.
1500 5467 1784 5524 Ascendit
1840 5480 2039 5533 autem

389 5547 610 5604 Elcana
639 5565 759 5605 una
789 5565 924 5606 cum
956 5552 1127 5607 Anna
1155 5553 1217 5610 in
1249 5553 1468 5623 Selom,
1497 5559 1564 5610 ut
1608 5555 1795 5615 Deum
1827 5564 2036 5625 adora-

388 5644 480 5694 ret
512 5657 524 5694 :
558 5641 661 5697 sed
686 5642 973 5700 Dominus
994 5645 1182 5717 ipsius
1213 5652 1449 5705 uterum
1484 5648 1899 5727 obstruxerat;
1924 5677 2033 5719 nec

2725 4739 2904 4795 unm
2933 4738 3023 4794 Ta
3051 4737 3256 4807 Arro,

2372 4915 2573 4987 Μνήμη
2608 4917 2705 4970 τοῦ
2751 4914 2904 4990 ἁγίου
2955 4829 3240 4993 Ιίξροφῆτου
3298 4913 3595 4988 Σαμουήλ.

2231 5036 2497 5111 Σαμουὴλ
2530 5039 2557 5093 6
2589 5034 2825 5110 ἔνδοξος,
2864 5037 2952 5094 καὶ
3015 5038 3181 5115 μέγας
3242 5042 3341 5093 τοῦ
3395 5044 3535 5095 Θεοῦ
3593 5042 3813 5119 προφή-

2154 5147 2298 5199 της,
2361 5126 2606 5203 ύπῆρχεν
2664 5126 2725 5183 ἐκ
2778 5134 2879 5197 τῆς
2933 5127 3120 5203 χώρας
3192 5125 3477 5201 Ἰουδαίας,
3536 5129 3592 5201 ἐξ
3650 5126 3813 5206 ὅρους

2156 5217 2418 5294 Ἐφραίμ,
2467 5217 2525 5271 ἐκ
2555 5216 2734 5293 φυλῆς
2767 5216 2916 5288 Aeni,
2948 5217 3065 5279 υἱὸς
3122 5215 3372 5287 Ἐλκανὰ,
3430 5216 3523 5272 καὶ
3582 5219 3806 5289 Ἀννης.

2150 5305 2212 5361 Ὁ
2244 5302 2301 5360 δὲ
2351 5304 2587 5362 Ἐλκανὰ
2644 5302 2740 5360 δύο
2794 5308 3054 5381 γυναῖκας
3110 5302 3289 5380 ἔσχεν·
3350 5300 3527 5378 ὄνομα
3581 5308 3653 5380 τῇ
3713 5307 3810 5379 μὲν

2150 5394 2342 5468 πρώτῃ
2391 5394 2575 5461 Ἅννα,
2624 5396 2692 5467 τῇ
2752 5391 2809 5448 δὲ
2853 5392 3074 5466 δευτέρᾳ
3128 5395 3413 5450 Φαινάννα.
3470 5396 3581 5451 Καὶ
3641 5395 3711 5465 ἦν
3744 5399 3817 5471 τῇ

2153 5483 2246 5556 μὲν
2280 5482 2551 5557 Φαινάννῃ
2584 5479 2823 5537 παιδίονο
2858 5484 2927 5555 τῇ
2961 5479 3018 5536 δὲ
3068 5482 3236 5557 Ἀννῃ
3271 5482 3369 5537 οὐκ
3424 5482 3496 5551 ἦν
3556 5483 3815 5542 παιδίον.

2147 5572 2247 5626 Καὶ
2278 5565 2440 5640 ἀνέϐη
2482 5568 2718 5626 Ἐλκανᾶ.
2755 5577 3123 5643 προσκυνῆσαι
3178 5575 3257 5642 τῷ
3309 5574 3423 5642 Θεῷ
3481 5569 3539 5625 ἐν
3585 5571 3816 5650 Σηλὼμ

2147 5660 2281 5734 μετὰ
2306 5666 2407 5730 τῆς
2440 5661 2661 5731 Ἀννης.
2696 5661 2757 5717 Ὀ
2817 5655 2874 5713 δὲ
2924 5659 3121 5733 Κύριος
3178 5657 3469 5715 ἀπέκλεισε
3528 5661 3635 5729 τήν
3692 5665 3814 5737 μή..
