4184 6326
437 402 560 464 593

1913 399 2360 463 AUGUSTUS.

3733 395 3852 456 594

439 556 570 610 τραν
605 533 799 600 αὐτῆς,
841 533 931 588 καὶ
983 529 1195 587 παιδίον
1256 533 1359 587 οὐκ
1414 531 1606 601 ἐποίει,
1667 533 1756 586 καὶ
1811 529 2078 598 ἐλυπεῖτοτ

2206 533 2359 588 filios
2391 533 2496 588 illa
2525 531 2890 605 procreabat.
2927 532 3296 602 Quapmpter
3321 543 3476 600 mgra
3493 527 3692 584 animo
3725 535 3852 586 erat

444 621 584 678 διότι
646 620 952 690 ὠνειδίζετο
1010 619 1114 674 ὑπὸ
1167 626 1269 688 τῆς
1327 621 1634 686 Φαινάννης
1721 618 1796 680 ὡς
1855 617 2090 682 ἄτεκνος.

444 712 796 787 Ιῐροσηύξατο
830 710 920 765 οῦν
974 710 1110 784 πρὸς
1167 710 1258 764 τὸν
1321 710 1474 778 Θεὸν,
1532 709 1622 763 καὶ
1681 702 1943 763 συνέλαϐε
1997 709 2089 762 τὸν

444 798 737 875 Σαμουὴλ,
768 801 859 856 καὶ
889 797 1099 854 ἀνέθετο
1144 797 1302 854 αὑτὸν
1362 803 1437 870 τῷ
1492 802 1628 870 Θεῷ.
1688 799 1787 854 Ἢν
1850 794 1907 851 δὲ
1965 798 2090 851 ἀνα-

442 893 774 969 τρεφσῖμενος
804 887 857 944 ἐν
897 893 976 962 τῷ
1014 892 1126 960 ναῷ
1174 885 1394 962 Κυρίου.
1450 887 1552 942 Καὶ
1607 887 1695 942 ὃτε
1742 885 1964 964 ἔφθασεν
2017 886 2091 948 εἷς

444 980 638 1056 μέτρον
668 979 915 1049 ἡλικίας,
947 979 1012 1047 ἧν
1047 977 1379 1054 λειτουργῶν
1432 975 1672 1032 ἐναντίον
1729 975 1946 1048 Κυρίου,
1999 974 2089 1029 καὶ

439 1068 637 1145 κρίνων
667 1068 760 1123 τὸν
794 1065 926 1122 λαὸν
953 1071 1052 1122 τοῦ
1083 1065 1325 1142 Ἰσραὴλ.
1389 1066 1563 1128 Οὗτος
1618 1061 1808 1141 ἔχρισε
1854 1064 1944 1118 καὶ
1996 1063 2088 1118 τὸν

441 1157 624 1213 Σαοὺλ
661 1155 906 1233 βασιλέα’
936 1157 1054 1212 εἶτα
1079 1156 1172 1212 τὸν
1217 1150 1404 1212 Δαϐίδ.
1445 1155 1550 1210 Καὶ
1601 1154 1678 1217 εἷς
1731 1153 1861 1229 βαθὺ
1913 1159 2088 1229 γῆρας

440 1245 638 1316 ἐλθὼν,
668 1246 804 1321 πρὸς
836 1245 963 1301 Θεὸν
998 1241 1354 1316 ἐξεδήμησεν,
1385 1239 1682 1320 προλαϐὼν
1714 1245 1814 1312 τὴν
1871 1243 2086 1319 σάρκω-

436 1357 516 1392 σιν
547 1340 645 1392 τοῦ
674 1337 914 1410 Χριστοῦ
943 1329 1036 1406 ἔτη
1073 1333 1236 1408 χίλια
1263 1335 1554 1409 τριάκοντα
1585 1333 1760 1391 πέντε.
1865 1352 1872 1362 ’

681 1553 788 1609 Καὶ
821 1551 1054 1623 ἄθλησις
1083 1555 1192 1607 τῶν
1219 1551 1385 1627 ἁγίων
1419 1550 1488 1622 λζ
1520 1550 1826 1627 μαρτύρων.

502 1693 749 1767 Σευῆρός
779 1715 861 1757 τις
893 1695 1237 1770 Χριστιανὸς,
1286 1695 1550 1770 ὑπάρχων
1605 1695 1712 1749 ἀπὸ
1759 1691 1928 1764 Σίδης
1975 1699 2078 1763 τῆς

430 1781 782 1859 Παμφυλίας,
839 1785 1181 1858 περιήρχετο
1240 1787 1412 1837 πᾶσαν
1493 1783 1656 1839 πόλιν
1715 1783 1806 1837 καὶ
1865 1781 2074 1857 χώραν,

2203 628 2260 676 et
2286 639 2316 677 a
2342 622 2699 690 Phamanna,
2724 625 2924 691 utpote
2950 617 3431 689 sterilis,probris
3455 616 3845 672 afﬁciebatur.

2201 712 2395 766 Oravit
2417 712 2614 782 itaque
2640 711 2844 778 Deum,
2871 714 2928 763 et
2949 707 3284 763 Samuelem
3311 706 3845 776 concepit,ipsum-

2201 817 2314 871 que
2333 803 2449 856 Deo
2468 801 2701 856 dicavit.
2726 799 3101 854 Educabatur
3120 798 3230 852 iste
3253 797 3316 852 in
3343 795 3574 851 Domini
3601 795 3844 866 templo:

2197 896 2372 962 atque
2405 892 2505 946 ubi
2545 891 2616 947 ad
2675 891 2964 962 integram
3023 888 3291 960 pervenit
3345 892 3600 954 mtatem,
3662 886 3844 941 sacris

2194 981 2541 1036 muneribus
2573 996 2771 1035 coram
2790 979 3040 1033 Domino
3064 977 3436 1050 fungebatur,
3462 992 3528 1031 ac
3556 975 3841 1047 populum

2193 1070 2373 1125 Israel
2399 1069 2726 1140 judicabat.
2760 1069 2914 1124 210
2955 1069 3086 1138 Ipse
3131 1066 3308 1121 etiam
3353 1065 3589 1121 Saulem
3639 1065 3700 1119 in
3744 1081 3838 1119 re-

2191 1177 2322 1231 gem
2349 1161 2540 1226 unxit,
2584 1167 2790 1232 postea
2854 1159 3167 1225 Davidem;
3229 1163 3290 1212 et
3345 1157 3419 1212 ad
3475 1156 3835 1229 profundum

2192 1251 2426 1307 senium
2457 1256 2789 1324 provectus,
2822 1249 3094 1321 migravit
3141 1248 3215 1304 ad
3272 1248 3614 1315 Dominum,
3661 1245 3835 1301 annis

2190 1341 2355 1396 mille
2388 1346 2446 1396 et
2475 1340 2719 1413 triginta
2749 1339 3013 1411 quinque
3041 1342 3177 1394 ante
3209 1336 3425 1393 Christi
3473 1335 3834 1393 incarnatio-

2188 1447 2347 1486 nem.

2185 1548 2254 1603 Et
2291 1554 2567 1604 certamen
2594 1553 2907 1602 sanctorum
2929 1550 3131 1616 septem
3163 1549 3215 1600 et
3247 1543 3483 1613 triginta
3503 1546 3830 1613 martyrum.

2256 1682 2504 1748 Quidam
2532 1682 2926 1748 Christianus,
2956 1679 3200 1736 nomine
3249 1678 3516 1748 Severus,
3568 1675 3718 1732 Sidm
3766 1675 3828 1730 in

2184 1772 2533 1844 Pamphylia
2558 1777 2754 1840 natus,
2789 1775 3032 1826 cunctas
3059 1768 3324 1824 civitates
3357 1773 3660 1837 totamque
3704 1765 3828 1819 cir~

428 1856 695 1927 διδάσκων
726 1873 817 1926 τὸν
847 1871 1014 1948 λὸγον
1057 1856 1154 1927 τοῦ
1193 1875 1451 1948 Χριστοῦ.
1501 1873 1708 1929 Ἐλθὼν
1759 1869 1817 1926 δῖε
1858 1856 1964 1926 καὶ
2001 1870 2078 1933 εις

2194 1863 2447 1918 cumibat
2475 1862 2798 1934 regionem,
2829 1861 3070 1916 verbum
3103 1859 3357 1914 edocens
3413 1856 3650 1911 Christi.
3683 1856 3826 1910 Cum

432 1961 888 2018 Φιλιππούπολιν
936 1969 1037 2032 τῆς
1092 1961 1328 2036 Θρᾴκης,
1377 1962 1525 2036 εὗρεν
1577 1960 1940 2018 Ἀπελλιανὸν
1987 1961 2078 2016 τὸν

431 2051 676 2126 ἡγεμόνα
731 2055 1081 2127 τιμωροῦνται
1134 2051 1261 2115 τοὺς
1320 2051 1510 2126 ἁγίους
1597 2051 1869 2128 μάρτυρας
1922 2052 2077 2127 τριά-

431 2163 597 2196 κοντα
653 2141 745 2196 καὶ
805 2138 858 2214 ἓξ
927 2142 1293 2216 ὑπάρχοντας.
1381 2142 1483 2198 Καὶ
1565 2141 2076 2218 παρρησιασάμενος

430 2231 529 2299 τήν
589 2226 888 2302 εὐσέϐειαν,
959 2229 1251 2305 κρατηθεὶς
1335 2228 1537 2306 ἐτύφθη
1625 2228 1901 2306 σφοδρῶςο
1987 2232 2080 2284 καὶ

429 2320 570 2376 οὕτω
596 2319 694 2394 μὲν
748 2319 994 2395 κεφαλὴν
1052 2320 1366 2393 ἀπετμήθη·
1427 2318 1662 2392 Μέμνων
1709 2318 1766 2375 δὲ
1796 2321 1823 2374 ὁ
1858 2327 2079 2376 Κεντου-

429 2409 557 2485 ρίων
613 2409 693 2472 είς
753 2407 850 2464 δύο
900 2410 1089 2472 κίονας
1151 2407 1320 2472 δεθεὶς
1377 2409 1466 2464 καὶ
1523 2410 1792 2480 τανυθείς,
1854 2407 2075 2487 ἐξεδάρη

422 2497 548 2572 τρία
579 2496 735 2574 λῶρα
771 2498 876 2552 ἀπὸ
927 2495 1172 2576 κεφαλῆς
1229 2497 1393 2573 μέχρι
1449 2495 1651 2555 ποδῶν.
1702 2499 1834 2555 Εἶτα
1884 2517 2076 2574 χειρο-

426 2587 755 2660 κοπηθέντες
814 2588 906 2644 καὶ
973 2586 1466 2660 ποδοκοπηοέντες,
1549 2589 1640 2644 καὶ
1725 2588 1800 2651 εἷς
1850 2589 2078 2663 κάμινον

429 2673 797 2751 ἐμϐληθέντες
830 2675 1064 2740 ἅπαντες
1095 2676 1200 2732 ὑπὸ
1230 2684 1356 2752 γῆν,
1390 2677 1806 2750 ἐτελειώθησαν.

507 2858 606 2914 Καὶ
666 2858 856 2932 μνήμη
914 2863 1015 2928 τῆς
1076 2857 1229 2935 ἁγίας
1281 2857 1631 2930 Θεοκλητοῦς
1683 2864 1784 2928 τῆς
1860 2859 2076 2932 θαυμα-

437 2949 689 3020 τουργοῦ.

985 3041 1165 3098 MHNI
1202 3045 1287 3095 ΤΩ
1324 3042 1526 3099 ΑΥΤΩ.

1199 3129 1302 3188 ΚΑ¹

502 3217 773 3288 Ἀθλησις
825 3223 924 3289 τῆς
977 3217 1131 3328 ὰγίῗς
1193 3217 1466 3310 μάρτυρος
1550 3219 1768 3290 Βάσσης
1819 3218 1910 3274 καὶ
1965 3223 2072 3275 τῶν
2103 3262 2151 3328 C

1032 3287 1232 3345 τέκνων
1268 3287 1460 3356 αὐτῆς.

499 3413 564 3471 Ἦ
600 3416 698 3468 τοῦ
755 3416 992 3489 Χριστοῦ
1051 3411 1254 3488 μάρτυς
1313 3412 1496 3471 Βάσσα
1554 3413 1774 3490 ὑπῆρχε
1835 3415 1930 3488 μὶν
1989 3412 2077 3469 ἐπὶ

429 3504 528 3572 τῆς
561 3500 842 3578 βασίλείας
882 3505 1246 3576 Μαξιμιανοῦ,
1302 3502 1363 3559 ἐκ
1412 3505 1696 3578 προγόνων
1747 3506 2074 3579 Χριστιανή.

431 3594 810 3664 Συνοικήσασα
841 3589 898 3647 δὲ
927 3592 1218 3667 Οὐαλερίῳ
1274 3593 1411 3669 ἱερεῖ
1456 3598 1565 3648 τῶν
1617 3591 1888 3664 εἰδώλων,
1935 3592 2076 3669 ἐγίν-

429 3702 558 3750 νησε
608 3687 757 3756 τρεῖς
816 3681 986 3755 υἱοὺς,
1047 3683 1292 3757 Θέογνιν,
1353 3684 1640 3758 Ἀγάπιον,
1707 3683 1797 3738 καὶ
1855 3685 2073 3738 Πιστόν⁶

432 3768 522 3832 οὕς
579 3771 673 3825 καὶ
729 3769 1016 3845 ἀνέθρεψεν
1075 3766 1337 3833 εὐσεϐῶς.
1425 3770 1784 3846 Κηρύττουσα
1856 3769 1914 3826 δὲ
1984 3772 2076 3826 τὸν

431 3859 686 3932 Χριστὸν,
712 3859 804 3914 καὶ
859 3857 989 3921 τοὺς
1035 3861 1518 3936 προσερχομένους
1564 3862 1704 3934 αὐτῇ
1753 3858 2076 3916 διδάσκουσα

428 3949 527 4018 τὴν
577 3947 654 4010 εἷς
711 3949 874 4004 αὐτὸν
931 3946 1136 4019 πίστιν,
1195 3948 1540 4022 κατεμηνύθη
1593 3953 1672 4021 τῷ
1725 3956 1826 4018 τῆς
1886 3948 2074 4024 χώρας

431 4034 658 4114 ἄρχοντι
691 4037 838 4114 παρᾶ
900 4041 1000 4092 τοῦ
1055 4037 1260 4092 οἱκείου
1318 4035 1532 4112 ἀνδρός,
1589 4037 1687 4092 Καὶ
1743 4041 2075 4114 κρατηθεῖσα

434 4127 702 4199 μετὰτῶν
729 4125 936 4182 παίδων
997 4126 1190 4198 αὐτῆς,
1239 4129 1475 4202 παρέστη
1538 4128 1708 4200 αὐτῷ.
1772 4127 1870 4185 Καὶ
1927 4134 2073 4207 πρῶ·

428 4235 518 4278 τος
549 4217 578 4271 ὁ
609 4219 830 4292 Θέογνις
891 4214 1248 4292 ὁμολογήσας
1297 4217 1390 4272 τὸν
1450 4218 1696 4292 Χριστὸν,
1753 4219 2075 4292 κρεμασθεῖς

431 4303 622 4376 ἐξέετο,
681 4307 1039 4380 παρεστώσης
1086 4313 1186 4375 τῆς
1247 4307 1474 4382 μητρὸς,
1558 4307 1647 4361 καὶ
1723 4307 2071 4385 παραθαρῥυ-

426 4394 626 4465 νούσης
668 4394 828 4450 αὑτὸν
883 4396 1022 4471 πρὸς
1075 4397 1168 4450 τὸν
1229 4396 1432 4469 ἀγῶνα.
1497 4395 1756 4469 Δεύτερος
1808 4398 2074 4473 ’Λγαπιος

427 4485 666 4560 τυφθεὶς,
696 4486 760 4540 τὸ
791 4482 964 4561 δέρμα
989 4491 1091 4554 τῆς
1120 4484 1363 4563 κεφαλῆς
1412 4484 1578 4541 αὑτοῦ
1625 4483 1846 4562 ἐξεδάρη
1903 4487 2071 4564 μέχρι

427 4577 522 4627 τοῦ
552 4574 803 4644 στήθους.
839 4573 936 4627 Καὶ
991 4571 1174 4648 τρίτος
1233 4573 1260 4627 ὁ
1313 4574 1507 4636 Πιστὸς
1569 4570 1851 4650 διαφόροις
1907 4587 2070 4640 καθυ-

428 4657 681 4733 πεϐλήθη
715 4659 988 4738 βασάνοις.
1016 4662 1118 4718 Καὶ
1157 4661 1317 4725 τέλος
1372 4664 1422 4718 οἱ
1478 4667 1625 4738 τρεῖς
1684 4662 1849 4740 μέχρι
1908 4667 2070 4728 θανά-

426 4771 523 4805 του
549 4753 620 4825 τῇ
651 4750 730 4814 εἰς
759 4751 991 4826 Χριστὸν
1042 4749 1315 4826 ὁμολογίᾳ
1365 4750 1737 4826 ἐμμείναντες,
1785 4754 1920 4826 μετὰ
1965 4761 2066 4824 τῆς

430 4839 636 4917 μητρὸς
667 4840 843 4897 αὐτῶν
871 4838 1400 4920 ἆπεκεφαλίσθησαν.

603 4965 709 5021 Καὶ
740 4961 971 5037 ἄθλησις
997 4970 1096 5022 τοῦ
1125 4966 1282 5042 ἁγίου
1317 4968 1587 5042 μάρτυρος
1617 4966 1876 5026 Λουκίου.

498 5095 790 5161 Λούκιοςὺ
836 5103 933 5154 τοῦ
985 5097 1220 5176 Χριστοῦ
1277 5101 1482 5176 μάρτυς
1546 5101 1792 5176 ὑπῆρχεν
1853 5099 1912 5156 ἐκ
1967 5107 2066 5172 τῆς

425 5183 640 5250 πόλεως
692 5191 948 5267 Κυρήνης
1002 5196 1102 5260 τῆς
1160 5188 1295 5245 κατᾶ
1377 5183 1607 5261 Λιϐύην·
1693 5194 1910 5263 πρῶτος
1967 5197 2066 5262 τῆς

425 5276 592 5344 αὐτῆς
621 5277 834 5343 πόλεως
891 5281 980 5336 καὶ
1041 5277 1401 5356 συγκάθεδρος
1464 5285 1562 5337 τοῦ
1618 5283 1917 5357 ἡγεμόνος,
1981 5303 2070 5357 με-

426 5365 568 5441 γέθει
626 5369 900 5444 σώματος,
953 5370 1042 5425 καὶ
1102 5368 1347 5425 πλούτου
1433 5368 1716 5443 δυναστείᾳ
1786 5371 2068 5446 ὑπερέχων

424 5457 551 5523 τοὺς
613 5462 730 5515 κατ’
789 5459 972 5518 αὐτόν.
1049 5460 1338 5536 Ὑπάρχων
1395 5458 1454 5516 δὲ
1507 5461 1599 5516 καὶ
1682 5459 1927 5516 εἰδώλων
1984 5473 2070 5528 οε-

430 5550 722 5622 ραπευτὴς,
760 5547 1095 5625 ὑπερεμάχει
1126 5556 1224 5619 τῆς
1269 5551 1555 5622 θρησκείας
1603 5553 1712 5605 τῶν
1764 5550 2070 5622 Ἑλλήνων,

429 5637 674 5714 ἰσχυρῶς
725 5637 1116 5714 προσκείμενος
1163 5638 1336 5694 αὐτῶν
1396 5643 1464 5714 τῇ
1491 5636 1695 5714 πλάνῃ.
1745 5639 1872 5713 Ἀφ’
1902 5639 1964 5693 οὗ
2015 5638 2072 5696 δὲ

431 5729 684 5784 ἐθεάσατο
739 5729 828 5784 τὸν
894 5729 1055 5804 μέγαν
1142 5729 1508 5804 ἱερομάρτυρα
1595 5727 1899 5804 Θεόδωρον,
1983 5732 2072 5784 καὶ

2184 1958 2382 2008 autem
2413 1951 2896 2023 Philippopolim,
2920 1950 3180 2006 Thraciae
3203 1949 3519 2016 civitatem,
3546 1945 3822 2012 venisset,

2182 2042 2405 2112 reperit
2428 2041 2804 2113 Apellianum
2827 2040 3192 2112 praefectum,
3216 2038 3316 2110 qui
3345 2036 3566 2092 ibidem
3594 2041 3828 2091 sanctos

2184 2137 2475 2203 martyres
2536 2131 2776 2202 triginta
2835 2147 2937 2185 sex
2993 2145 3242 2184 numero
3319 2124 3712 2182 excruciabat.
3769 2126 3840 2178 Et

2185 2227 2388 2294 aperte
2414 2221 2539 2292 ipse
2551 2221 2834 2291 pietatem
2856 2219 3158 2291 professus
3180 2223 3357 2288 atque
3371 2215 3836 2287 comprehensus

2186 2312 2402 2366 acriter
2456 2309 2570 2365 fuit
2627 2309 2990 2375 verberatus,
3053 2312 3110 2362 et
3178 2306 3368 2378 capite
3425 2305 3834 2361 obtruncatus.

2186 2403 2460 2455 Memnon
2473 2416 2607 2454 vero
2631 2399 2900 2454 centurio
2923 2397 2996 2454 ad
3019 2396 3165 2452 duas
3183 2395 3487 2451 devinctus
3500 2394 3832 2461 columnas;

2185 2491 2622 2560 distentusque,
2659 2489 2994 2544 excoriatur
3048 2486 3238 2541 tribus
3298 2484 3441 2540 loris
3473 2501 3507 2540 a
3536 2483 3727 2555 capite
3755 2482 3832 2538 ad

2183 2578 2366 2652 pedes
2385 2577 2698 2632 detractis:
2723 2576 2921 2631 caeteri
2943 2590 3150 2631 omnes
3173 2573 3449 2628 manibus
3465 2572 3832 2644 pedibusque

2185 2667 2529 2740 amputatis,
2581 2668 2643 2722 in
2699 2666 3004 2722 fornacem
3058 2665 3508 2721 subterraneam
3557 2661 3832 2735 conjecti,

2184 2759 2470 2830 martyrio
2501 2757 2666 2812 fuere
2699 2755 3059 2827 consumpti.

2255 2852 2330 2903 Et
2358 2847 2844 2903 commemdratio
2895 2847 3113 2900 sancta:
3169 2843 3506 2899 Theoclitus
3560 2842 3834 2898 thauma-

2185 2940 2392 3010 turgaa.

2741 3025 2982 3083 EODEM
3019 3023 3269 3080 MENSE.

2681 3115 2784 3170 Die
2821 3114 3102 3168 vicesima
3127 3111 3322 3183 prima

2225 3204 2507 3262 Certamen
2535 3211 2734 3260 sanctce
2765 3204 3030 3275 martyris
3058 3203 3239 3257 Bassa
3271 3207 3322 3257 et
3357 3199 3598 3270 ﬁliorum
3641 3213 3785 3268 ejus.

2260 3375 2476 3430 Christi
2520 3378 2745 3447 martyr
2800 3373 2980 3429 Bassa
3032 3371 3399 3445 temporibus
3454 3366 3832 3442 imperatoris

2189 3464 2526 3520 Maximiani
2551 3465 2792 3520 exstitit.
2817 3461 3124 3519 Connubio
3151 3468 3348 3519 autem
3359 3461 3573 3533 juncta
3598 3458 3828 3514 Valerio

2188 3554 2486 3609 idolorum
2509 3553 2822 3624 sacerdoti,
2856 3559 2975 3608 tres
3004 3551 3209 3625 genuit
3237 3552 3414 3617 filios,
3469 3550 3830 3622 Theognem,

2188 3644 2498 3716 Agapium,
2532 3649 2588 3698 et
2620 3643 2868 3709 Pistum,
2903 3659 3052 3713 quos
3083 3641 3156 3696 ad
3200 3641 3483 3712 pietatem
3540 3637 3830 3694 educavit.

2187 3733 2330 3787 Cum
2364 3749 2498 3787 vero
2526 3732 2828 3789 Christum
2859 3731 3230 3801 praadicaret,
3264 3729 3512 3800 ejusque
3544 3727 3722 3782 ﬁdem
3753 3725 3828 3782 ad

2189 3838 2250 3877 se
2273 3821 2622 3876 accedentes
2639 3821 2934 3889 edoceret,
2969 3825 3242 3875 accusata
3273 3823 3361 3872 est
3381 3835 3414 3872 a
3435 3817 3673 3889 prOprio
3705 3816 3827 3870 viro

2185 3911 2342 3982 apud
2374 3911 2533 3965 illius
2563 3911 2820 3983 regionis
2845 3910 3189 3982 praefectum
3215 3927 3229 3976 ;
3259 3913 3317 3964 et
3345 3913 3516 3979 capta
3542 3923 3664 3962 una
3693 3921 3829 3962 cum

2186 4001 2309 4057 suis
2343 4001 2482 4056 ﬁliis
2513 4006 2649 4056 ante
2681 4001 2854 4056 illum
2912 4000 3093 4056 stetit.
3146 4002 3228 4055 Ac
3275 3999 3469 4070 primo
3526 3997 3829 4071 Theognes

2185 4090 2483 4146 Christum
2514 4091 2842 4158 confessus,
2893 4106 3218 4162 suspensus
3272 4087 3650 4155 dilaceratur,
3701 4088 3832 4159 ipsa

2185 4186 2414 4236 astante
2447 4185 2657 4248 matre,
2691 4180 2980 4250 illumque
3012 4179 3085 4235 ad
3133 4183 3438 4233 certamen
3494 4177 3827 4246 excitante;

2186 4269 2446 4326 secundo
2476 4270 2734 4342 Agapius
2755 4269 3020 4338 caeditur,
3047 4268 3221 4338 eique
3245 4267 3454 4339 capitis
3474 4265 3627 4322 cutis
3638 4283 3827 4338 usque

2185 4358 2257 4414 ad
2288 4363 2492 4430 pectus
2522 4357 2890 4424 detrahitur;
2943 4357 3114 4412 tertio
3164 4357 3360 4412 Pistus
3413 4355 3658 4412 diversis
3708 4361 3828 4410 tor-

2185 4449 2402 4502 mentis
2435 4447 2768 4519 subjicitur.
2801 4446 3060 4502 Tandem
3092 4445 3224 4500 2Il
3263 4450 3380 4500 tres
3411 4443 3591 4499 simul
3635 4459 3826 4515 usque

2184 4536 2258 4591 ad
2290 4542 2543 4593 mortem
2573 4537 2632 4591 in
2672 4537 2886 4591 Christi
2917 4534 3292 4590 confessione
3351 4537 3830 4606 perseverantes,

2103 4620 2150 4684 D
2182 4627 2373 4697 capite
2403 4643 2524 4683 una
2553 4642 2686 4682 cum
2721 4631 2906 4680 matre
2935 4624 3177 4679 fuerunt
3205 4622 3562 4678 obtruncati.

2463 4987 2535 5041 Et
2563 4991 2832 5042 certamen
2859 4985 3035 5040 sancti
3063 4983 3324 5052 martyris
3358 4982 3534 5038 Lucis.

2257 5112 2467 5167 Lucius
2498 5110 2712 5166 Christi
2746 5114 2970 5181 martyr
2999 5106 3217 5180 prodiit
3248 5124 3318 5163 ex
3354 5107 3579 5180 Cyrene
3631 5107 3826 5180 Libya)

2185 5203 2440 5266 civitate,
2473 5200 2748 5272 princeps
2780 5199 2905 5270 ipse
2937 5197 3204 5269 ejusdem
3259 5195 3444 5265 urbis,
3479 5202 3536 5252 et
3564 5196 3829 5268 praefecti

2187 5307 2474 5357 assessor,
2533 5289 2798 5360 corporis
2863 5285 3293 5359 magnitudine,
3371 5285 3830 5358 divitiarumque

2186 5379 2453 5451 potentia
2465 5377 2742 5433 omnibus
2765 5393 2884 5432 sua:
2908 5375 3266 5431 conditionis
3288 5375 3828 5431 antecellens.Cum

2188 5473 2385 5526 autem
2417 5471 2575 5522 esset
2603 5465 2899 5520 idolorum
2932 5465 3148 5532 cultor,
3176 5464 3511 5520 Graecorum
3543 5463 3830 5535 supersti-

2187 5557 2406 5612 tionem
2436 5555 2866 5627 propugnabat,
2899 5570 3102 5608 eorum
3124 5552 3505 5609 vehementer
3519 5551 3828 5607 adhaarens

2189 5646 2395 5701 errori.
2430 5647 2748 5715 Postquam
2778 5661 2912 5698 vero
2945 5659 3223 5715 magnum
3246 5658 3477 5698 sacrum
3508 5647 3829 5712 martyrem

2189 5735 2561 5790 Theodorum
2585 5733 2852 5804 ejusdem
2873 5731 3122 5786 civitatis
3146 5731 3486 5801 episcopum
3517 5746 3622 5801 pro
3649 5728 3826 5782 Chri-
