4184 6326
406 419 525 480 595

1728 416 2155 480 MENOLOGII
2201 418 2404 479 PARS
2451 420 2559 483 Ill.

3688 422 3814 486 596

407 556 497 607 sto
528 551 952 616 decertantem,
985 556 1044 605 et
1075 551 1331 607 victorias
1363 568 1644 607 coronam
1670 552 2053 622 recipientem

2172 545 2467 604 ἐπίσκοπον
2496 554 2597 616 τῆς
2637 550 2805 621 αὐτῆς
2853 551 3069 614 πόλεως
3126 553 3259 627 ὑπὲρ
3316 556 3551 629 Χριστοῦ
3612 555 3822 630 ἀγωνι-

410 640 715 712 spectavit,
750 640 945 695 cordis
977 642 1431 712 compunctione
1492 642 1707 696 Christi
1744 642 1933 713 gratia
1963 648 2051 696 ta-

404 734 556 796 ctus,
591 729 859 784 divinum
920 730 1180 801 suscepit
1223 729 1622 801 baptismum:
1676 731 2052 801 suadensque

407 818 585 873 etiam
613 817 913 888 praefecto,
945 822 1011 871 ut
1041 817 1397 889 baptismate
1442 819 1799 888 initiaretur,
1851 835 2053 874 secum

408 910 601 979 ipsum
635 925 966 976 assumens,
1004 908 1064 963 in
1114 910 1369 980 Cyprum
1420 909 1735 981 navigavit.
1787 910 2050 979 Cumque

410 998 804 1069 comperisset
850 997 933 1051 ibi
981 998 1347 1053 Christianos
1391 998 1665 1066 detineri,
1709 1003 1767 1052 et
1813 1005 2057 1070 propter

411 1087 711 1141 Christum
733 1087 1003 1151 mactari,
1030 1104 1157 1141 sese
1190 1104 1309 1142 una
1329 1105 1462 1142 cum
1487 1088 1868 1158 martyribus,
1901 1088 2055 1144 clam

409 1174 682 1247 praeside,
717 1175 1076 1244 devinciens,
1113 1175 1277 1231 dedit
1310 1177 1664 1244 tortoribus;
1699 1183 2056 1249 coactusque

412 1264 587 1319 idolis
620 1264 978 1333 sacriﬁcare,
1011 1282 1132 1320 non
1165 1266 1339 1320 modo
1371 1266 1444 1321 ad
1476 1265 1535 1320 id
1567 1266 1766 1321 induci
1799 1283 1919 1321 non
1950 1284 2054 1338 po-

412 1354 545 1421 tuit,
579 1354 682 1408 sed
718 1354 981 1409 calcibus
1014 1355 1191 1410 etiam
1245 1372 1409 1410 aram
1456 1356 1773 1427 impellens
1822 1356 2053 1411 evertit.

406 1444 712 1499 Concitato
747 1445 945 1518 itaque
977 1445 1052 1501 ad
1071 1446 1221 1500 iram
1243 1445 1516 1516 praeside,
1542 1451 1719 1517 caput
1750 1445 1800 1500 ei
1824 1445 2055 1500 abscin-

405 1532 587 1591 ditur.

975 1696 1215 1754 EODEM
1253 1698 1500 1753 MENSE.

881 1816 989 1872 Die
1019 1815 1297 1871 vicesima
1325 1814 1586 1871 secunda

2161 637 2417 709 σάμενον,
2450 640 2539 694 καὶ
2596 637 2837 696 Λαϐόντα
2882 642 2974 696 τὸν
3028 645 3129 707 τῆς
3178 640 3337 712 νίκης
3382 641 3664 717 στέφανον,
3718 664 3820 698 κα-

2159 727 2409 801 τανυγεὶς
2472 728 2577 782 ὑπὸ
2625 736 2727 799 τῆς
2787 729 3014 805 χάριτος
3068 734 3166 786 τοῦ
3220 734 3488 806 Χριστοῦ,
3543 731 3606 787 τὸ
3668 738 3817 796 θεῖον

2162 809 2373 886 ἐδέξατο
2437 815 2735 890 βάπτισμα.
2803 817 2997 880 Πείσας
3083 817 3141 873 δὲ
3214 820 3303 873 καὶ
3390 818 3482 874 τὸν
3570 821 3820 896 ἡγεμόνα

2167 905 2549 980 βαπτισθῆναι,
2605 903 2912 981 παρέλαϐεν
2974 906 3134 962 αὐτὸν
3179 909 3269 962 καί
3318 908 3680 964 κατέπλευσεν
3740 910 3821 971 εἰς

2165 992 2403 1067 Κύπρον.
2466 996 2566 1051 Καὶ
2627 995 2796 1070 εὑρὼν
2859 995 2910 1050 ἐν
2969 995 3106 1070 αὐτῇ
3181 998 3618 1073 κεκρατημένους
3674 1002 3823 1072 Χρι-

2165 1083 2439 1155 στιανοὺς,
2468 1086 2556 1140 καὶ
2610 1085 3007 1164 φονευομένους
3065 1085 3154 1142 διὰ
3203 1089 3292 1142 τὶν
3348 1089 3600 1164 Χριστὸν,
3658 1084 3821 1144 ἔλαθε

2162 1173 2252 1227 τὸν
2314 1174 2577 1249 ἄρχοντα.
2638 1173 2744 1230 Καὶ
2804 1174 3073 1247 συνδήσας
3131 1177 3318 1232 ἑαυτὸν
3374 1182 3498 1240 τοῖς
3559 1179 3818 1253 μάρτυσι,

2164 1261 2446 1338 παρέδωκε
2499 1268 2617 1326 τοῖς
2680 1264 3049 1332 βασανισταῖς.
3109 1267 3213 1323 Καὶ
3276 1265 3599 1343 βιαζόμενος
3660 1270 3817 1330 θῦσαι

2163 1356 2282 1412 ταῖς
2313 1350 2589 1423 εἲδώλοις,
2623 1354 2724 1408 οὐκ
2755 1352 3001 1425 ἐπείσθη,
3053 1354 3199 1410 ἀλλά
3249 1352 3505 1418 λακτίσας
3547 1355 3639 1411 τὸν
3701 1356 3819 1431 βω-

2170 1442 2271 1513 μὸν
2305 1441 2611 1517 ἀνέτρεψεν·
2643 1442 2733 1498 καὶ
2763 1444 3097 1521 παροργίσας
3144 1446 3234 1500 τὸν
3287 1447 3550 1521 ἄρχοντα,
3600 1444 3815 1518 ἐτμήθη

2162 1530 2265 1599 τὴν
2294 1528 2562 1610 κεφαλήν.

2710 1696 2896 1752 MHNI
2936 1697 3028 1772 Τᾳ
3066 1699 3270 1776 arra.

2929 1812 3039 1867 KB‘

412 1929 693 1988 Certamen
740 1935 917 1988 sancti
965 1933 1229 2017 martyris
1286 1932 1621 2002 Agathonici
1677 1939 1732 1987 et
1784 1935 2053 1988 sociorum

2163 1930 2433 2004 ’Δθλησις
2511 1937 2608 1989 τοῦ
2687 1934 2841 2024 ἁγίου
2929 1934 3638 2027 μέρτυρρςυἊγαθονίκου
3718 1942 3813 1995 καὶ

1162 2008 1297 2076 ejus.

482 2159 812 2215 Eutolmius
843 2175 1043 2215 comes
1075 2159 1147 2214 ab
1178 2159 1537 2231 imperatore
1568 2159 1922 2215 Maximiano
1962 2159 2056 2214 Ni-

412 2249 684 2305 comedia
714 2249 930 2305 missus
961 2250 1023 2304 in
1056 2251 1359 2305 Ponticam
1378 2252 1702 2323 regionem,
1727 2255 1792 2305 ut
1812 2267 1842 2305 e
1861 2249 2056 2305 medio

415 2337 780 2392 Christianos
802 2338 1057 2405 tolleret,
1085 2339 1158 2393 ad
1185 2339 1516 2410 emporium
1546 2340 1773 2410 Carpon
1805 2339 2054 2411 appulit.

412 2426 497 2481 Ibi
532 2433 803 2481 sanctum
826 2427 1090 2482 Zoticum
1122 2444 1254 2483 cum
1285 2429 1407 2483 suis
1428 2427 1736 2499 discipulis
1758 2429 2057 2484 Christum

415 2516 799 2571 confitentem
832 2516 1226 2588 comperiens,
1260 2533 1360 2572 eos
1406 2518 1736 2573 trucidavit.
1788 2518 2058 2573 Nicome—

412 2604 571 2659 diam
622 2606 833 2660 exinde
890 2622 1182 2672 reversus,
1242 2606 1574 2677 certiorque
1631 2606 1843 2678 factus,
1899 2606 2057 2677 quod

410 2696 760 2767 Princippus
789 2713 895 2767 per
925 2696 1242 2766 quemdam
1273 2696 1705 2767 Agathonicum
1727 2698 1958 2751 Graecos
1983 2695 2055 2751 ab

409 2784 704 2841 idolorum
735 2785 899 2841 cultu
943 2790 1251 2853 averteret,
1303 2786 1546 2842 mittens
1603 2786 2059 2859 comprehendit

407 2878 726 2946 utrumque
758 2875 936 2929 simul
965 2891 1099 2929 cum
1131 2875 1264 2930 aliis
1293 2876 1563 2947 pluribus
1590 2875 1974 2931 Christianis:
1999 2880 2057 2930 et

412 2980 613 3019 secum
634 2964 796 3035 ipsos
826 2964 1103 3020 trahebat
1122 2964 1197 3021 ad
1219 2965 1770 3037 imperatorem,qui
1789 2966 1850 3021 in
1872 2965 2054 3020 Thra-

414 3054 505 3109 cia
534 3054 1033 3110 commorabatur.
1066 3055 1209 3110 Cum
1242 3056 1394 3112 212
1427 3063 1625 3112 autem
1659 3056 1720 3111 in
1756 3055 2054 3127 quoddam

408 3142 744 3212 castellum,
798 3146 1111 3200 Potamum
1169 3151 1598 3217 nuncupatum,
1666 3144 2053 3217 pervenisset,

405 3233 724 3301 Zenonem,
759 3234 1214 3305 Theoprepium,
1248 3239 1424 3305 atque
1464 3234 1862 3305 Acindynum,
1913 3233 2054 3288 dum

408 3325 682 3396 progredi
713 3323 813 3378 isti
834 3340 956 3378 non
976 3324 1594 3393 valerent,interemit,
1608 3331 1667 3379 et
1682 3324 2051 3380 Chalcedone

407 3418 683 3468 sanctum
715 3412 1093 3468 Severianum
1124 3414 1417 3469 mactavit.
1453 3414 1886 3486 Agathonicum
1914 3430 2050 3469 vero

408 3519 544 3558 cum
574 3503 804 3559 caeteris
835 3502 1218 3573 concaptivis,
1250 3508 1309 3557 et
1364 3503 1680 3574 Princippo
1731 3503 2053 3559 crudeliter

405 3592 665 3664 Byzantii
696 3592 1092 3660 verberatum,
1126 3591 1517 3663 Selymbriam
1541 3608 1730 3664 usque
1753 3592 2051 3664 perduxit,

403 3680 506 3735 ubi
538 3681 925 3736 Maximianus
955 3680 1166 3753 agebat
1192 3697 1205 3747 ;
1238 3679 1439 3750 ibique
1470 3680 1558 3735 illi
1591 3696 1659 3737 ac
1691 3681 1821 3753 ejus
1875 3682 2052 3737 sociis

402 3774 579 3841 caput
607 3770 955 3843 amputavit.

401 3940 469 3995 Et
502 3944 765 3997 memoria
791 3950 995 3998 sanctae
1025 3943 1312 4009 Anthusw,
1345 3950 1398 3999 et
1444 3951 1720 4000 certamen
1763 3945 2055 4001 Athanasii

900 4017 1138 4084 episc0pi
1179 4021 1229 4069 et
1259 4017 1553 4070 sociorum.

474 4162 690 4217 Christi
746 4168 969 4234 martyr
1022 4165 1294 4219 Anthusa
1342 4166 1707 4238 temporibus
1759 4169 2051 4225 Valeriani

399 4251 779 4323 imperatoris
799 4252 1040 4307 exstitit.
1051 4252 1330 4308 Seleuciaa
1344 4253 1623 4311 divitibus
1636 4260 2054 4329 nataparenti-

402 4340 537 4409 bus,
569 4339 672 4396 sed
703 4341 999 4396 idolorum
1033 4342 1359 4399 cultoribus
1390 4362 1402 4398 :
1433 4345 1563 4417 ipsa
1606 4351 1807 4402 tamen
1836 4348 2051 4403 Christi

403 4429 698 4486 desiderio
715 4430 1386 4503 inflammata,parentes
1399 4432 1760 4507 domumque
1773 4436 2016 4508 reliquit
2036 4454 2050 4504 ;

406 4525 465 4576 et
494 4520 890 4577 Charisimum
923 4537 990 4577 ac
1019 4521 1389 4593 Neaphytum
1412 4540 1551 4579 suos
1573 4523 1829 4581 famulos
1848 4543 2050 4582 secum

405 4626 738 4682 assumens,
767 4610 842 4666 ad
871 4627 1039 4666 suam
1070 4612 1365 4668 nutricem
1396 4613 1703 4671 discedere
1735 4617 2047 4685 simulans,

403 4701 467 4756 in
496 4701 707 4757 urbem
726 4676 980 4757 'Tarsum
1002 4700 1115 4756 iter
1134 4700 1413 4771 instituit,
1438 4708 1502 4758 ut
1519 4703 1882 4777 baptismum
1899 4676 2047 4762 reci;
2077 4676 2124 4740 D

404 4793 671 4862 peret.At
683 4790 913 4845 Domini
939 4791 1185 4863 angelus
1207 4793 1502 4864 arripiens
1518 4795 1678 4850 Tarsi
1704 4796 2047 4869 episcopum

404 4878 817 4949 Athanasium,
848 4879 1016 4935 duxit
1046 4881 1105 4935 in
1155 4881 1318 4938 illius
1366 4900 1678 4940 occursum
1726 4886 1790 4941 in
1820 4886 1911 4942 via
1941 4905 1956 4956 ;
1990 4892 2050 4943 et

406 4982 541 5022 cum
571 4966 695 5022 illic
726 4984 894 5038 aquae
925 4969 1095 5041 copia
1124 4987 1245 5026 non
1278 4978 1453 5043 esset,
1504 4991 1681 5031 orans
1733 4976 2047 5048 episcopus

405 5072 622 5127 aquam
651 5061 872 5113 eterra
913 5059 1134 5126 eduxit,
1183 5066 1360 5132 atque
1404 5064 1619 5135 ipsam,
1668 5066 1914 5138 ejusque
1960 5066 2048 5122 fa-

404 5144 601 5201 mulos
629 5144 963 5216 baptizavit.
996 5148 1083 5202 Ad
1116 5154 1364 5205 matrem
1395 5158 1599 5221 postea
1629 5172 1882 5228 reversa,
1934 5156 2046 5212 mi-

404 5237 686 5308 nimeque
713 5244 1005 5310 suscepta,
1029 5241 1418 5296 monasticam
1443 5245 1617 5300 vitam
1640 5248 2044 5318 amplexaest:

407 5329 465 5379 et
490 5326 675 5396 probe
707 5342 812 5380 suo
840 5325 987 5382 inito
1010 5329 1356 5396 certamine,
1390 5333 1698 5401 requievit.
1724 5337 2049 5410 EpiscOpus

404 5431 541 5471 vero
590 5415 949 5470 Athanasius
979 5432 1013 5471 a
1043 5416 1355 5473 Valeriano
1404 5418 1681 5477 detentus
1738 5440 1858 5480 una
1912 5444 2048 5483 cum

406 5505 734 5562 Charisimo
768 5510 826 5560 et
855 5506 1178 5577 Neophyto,
1211 5524 1279 5563 ac
1308 5508 1634 5581 plurimum
1683 5519 1860 5569 antea
1911 5533 2046 5573 cru—

407 5599 618 5665 ciatus,
650 5596 841 5669 capite
869 5596 1083 5653 deinde
1104 5597 1217 5653 fuit
1244 5599 1659 5659 obtruncatus:
1689 5609 1748 5659 et
1778 5605 1862 5660 sic
1892 5623 2051 5663 mar-

410 5691 557 5764 tyrio
592 5688 952 5761 consumpti,
984 5705 1227 5762 regnum
1260 5691 1534 5747 cmlorum
1566 5702 1938 5768 receperunt.

2687 2005 2787 2076 τῆς
2819 2005 3065 2070 συνοδίας
3095 2005 3282 2065 αὐτοῦ.

2234 2155 2606 2230 Εὐτόλμιοςὸ
2654 2157 2854 2232 κόμης,
2912 2158 3242 2223 ἀποσταλεὶς
3302 2161 3449 2236 παρὰ
3510 2166 3608 2217 τοῦ
3659 2164 3815 2239 βασι-

2165 2246 2306 2309 λέως
2363 2248 2709 2320 Μαξιμιανοῦ
2737 2247 2797 2303 ἐκ
2826 2247 3194 2323 Νικομηδείας
3250 2248 3337 2305 ἐπὶ
3387 2252 3489 2321 τήν
3538 2253 3814 2321 Ποντικήν

2165 2336 2377 2409 χώραν,
2408 2333 2498 2389 ἐπὶ
2528 2336 2591 2390 τὸ
2643 2336 2883 2413 ἀναιρεῖν
2943 2337 3072 2400 τοὺς
3123 2337 3503 2413 Χριστιανοὺς,
3551 2336 3823 2396 κατέλαϐε

2162 2426 2224 2479 τὸ
2256 2424 2521 2500 ἐμπόριον
2547 2426 2609 2480 τὸ
2638 2424 2933 2502 λεγόμενον
2962 2429 3208 2500 Κάρπην·
3238 2428 3329 2483 καὶ
3360 2428 3474 2484 ἐκεῖ
3521 2431 3615 2486 τὸν
3664 2431 3821 2507 ἅγιον

2163 2514 2401 2569 Ζωτικὸν
2435 2514 2528 2569 σὺν
2560 2520 2677 2577 τοῖς
2713 2518 2981 2589 μαθηταῖς
3040 2519 3206 2572 αὑτοῦ
3257 2518 3429 2595 εὑρὼν
3459 2519 3554 2575 τὸν
3583 2522 3816 2595 Χριστὸν

2164 2603 2588 2678 ὁμολογοῦντας,
2634 2604 2939 2661 ἀπέκτεινεν
2999 2606 3218 2672 αὐτούς.
3276 2609 3412 2666 Εἶτα
3471 2610 3820 2683 ὑποστρέψας

2165 2691 2243 2755 εἷς
2275 2693 2675 2767 Νικομήδειαν,
2704 2695 2795 2750 καὶ
2843 2696 3031 2769 μαθὼν
3084 2697 3168 2751 ὅτι
3200 2698 3228 2752 ὁ
3262 2696 3498 2773 Πρίγκιψ
3538 2696 3630 2753 διᾶ
3664 2719 3818 2761 τινος

2166 2782 2525 2857 Ἀγαθονίκου
2583 2783 2844 2858 ἀφίστατο
2899 2785 3029 2848 τοὺς
3084 2784 3363 2857 Ἓλληνας
3448 2787 3507 2842 ἐκ
3564 2794 3665 2858 τῆς
3710 2792 3820 2843 τῶν

2164 2868 2411 2927 εἰδώλων
2472 2872 2782 2948 θρησκείας,
2842 2872 3190 2946 ἀποστείλας,
3260 2875 3602 2953 ἀμφοτέρους
3658 2876 3819 2952 ἐκρά-

2160 2983 2293 3032 τησε
2328 2962 2461 3036 μετά
2489 2964 2579 3018 καὶ
2637 2961 2822 3019 ἄλλων
2874 2965 2977 3020 οὐκ
3030 2961 3233 3040 ὀλίγων
3294 2969 3658 3040 Χριστιανῶν.
3710 2968 3815 3024 Καὶ

2164 3048 2314 3106 εἷλκε
2376 3053 2494 3123 μεθ’
2551 3052 2742 3107 ἑαυτοῦ
2814 3053 2951 3128 πρὸς
3032 3054 3122 3108 τὸν
3213 3053 3440 3130 βασιλέα
3493 3053 3547 3111 ἐν
3604 3056 3812 3131 Θρᾴκῃ.

2162 3137 2371 3196 Ἐλθών
2404 3138 2463 3195 δὲ
2510 3140 2562 3195 ἐν
2616 3141 2814 3218 χωρίῳ
2871 3143 3154 3218 λεγομένῳ
3211 3149 3475 3218 Ηοταμῷ,
3529 3143 3813 3223 ἐφόνευσεν

2164 3229 2410 3299 Ζήνωνα,
2465 3231 2822 3305 Θεοπρέπιον,
2880 3231 2970 3286 καὶ
3027 3230 3367 3304 ’Δκίνδυνον,
3429 3235 3507 3308 μή
3580 3231 3815 3309 δυναμέ-

2163 3338 2289 3379 νους
2375 3325 2763 3393 περιπατῆσαιο
2846 3319 2924 3382 εἷς
3001 3318 3059 3376 δὲ
3116 3320 3448 3393 Χαλκηδόνα
3504 3324 3597 3379 τὸν
3656 3323 3809 3399 ἅγιον

2161 3409 2517 3483 Σευηριανόν·
2551 3408 2626 3471 εἷς
2679 3406 2736 3464 δὲ
2781 3412 2843 3465 τὸ
2889 3411 3179 3479 Βυζάντιον
3227 3414 3319 3468 τὸν
3375 3414 3526 3491 ἅγιον
3587 3416 3816 3493 ’Δγαθό-

2160 3517 2331 3567 νικον,
2368 3498 2642 3571 μετὰτῶν
2693 3496 2906 3554 λοιπῶν
2965 3498 3299 3576 συνδεσμίων
3348 3503 3440 3558 καὶ
3486 3508 3586 3560 τοῦ
3632 3506 3813 3581 Πρίγ-

2159 3605 2387 3653 κιππος,
2415 3586 2589 3661 τύψας
2621 3585 2897 3665 σφοδρῶς,
2931 3590 3211 3667 ἀπήγαγεν
3262 3587 3369 3655 ἓως
3422 3591 3811 3669 Σηλυμϐρίας’

2160 3671 2282 3739 ἔνθα
2337 3676 2366 3729 ὁ
2420 3675 2764 3749 Μαζιμιανὸς
2818 3676 2999 3753 διῆγεο
3067 3678 3159 3734 καὶ
3239 3678 3355 3737 ἐκεῖ
3418 3683 3811 3762 ἀπεκεφάλισεν

2161 3762 2320 3819 αὐτὸν
2351 3764 2486 3838 μετὰ
2514 3771 2618 3836 τῆς
2657 3764 2907 3830 συνοδίας
2937 3768 3125 3825 αὑτοῦ.

2162 3925 2265 3981 καὶ
2325 3928 2679 4026 “nam
2719 3929 3360 4026 ιέγέῖπιξηῖλγθράσξιεη
3403 3933 3496 4026 καὶ
3542 3933 3813 4023 ..ἄθλησις

2470 3998 2685 4054 ανασίυυ
2716 3998 3018 4055 ἐπισκόπου
3056 4002 3145 4057 καὶ
3174 3998 3280 4060 τῶν
3302 3998 3405 4060 ’σὺν
3437 4005 3606 4082 αὐτῷ.

2229 4165 2294 4223 ἸΙ
2351 4168 2447 4221 τοῦ
2504 4167 2740 4243 Χριστοῦ
2802 4166 3008 4245 μάρτυς
3066 4171 3341 4236 ’Δνθουσα
3416 4173 3665 4251 ὑπῆρχεν
3723 4175 3812 4232 ἐπὶ

2158 4261 2259 4325 τῆς
2292 4253 2573 4330 βασιλείας
2621 4254 3016 4332 Οὐαλεριανυῦ,
3072 4256 3131 4315 ἐκ
3183 4268 3287 4331 τῆς
3335 4260 3552 4327 πόλεως
3610 4263 3811 4321 Σελευ-

2159 4343 2328 4415 κείας,
2359 4343 2598 4421 θυγάτηρ
2628 4344 2907 4402 πλουσίων
2957 4349 3053 4422 μὲν
3103 4349 3333 4425 γονέων,
3384 4349 3808 4428 είδωλοΛατρῶν

2160 4430 2237 4491 δέ.
2271 4431 2426 4490 Ἀλλ’
2457 4432 2592 4503 αὗτή
2622 4436 2908 4506 ποθήσασα
2934 4436 3027 4492 τὸν
3079 4440 3124 4496 7
3129 4439 3333 4511 ριστὸν,
3377 4437 3662 4495 κατέλιπεν
3715 4441 3807 4496 καὶ

2156 4527 2358 4600 γονεῖς,
2389 4522 2479 4577 καὶ
2524 4521 2720 4579 οἰκίαν·
2774 4526 2863 4580 καὶ
2908 4523 3301 4602 παραλαϐοῦσα
3348 4529 3655 4605 Χαρίσιμον
3712 4531 3803 4585 καὶ

2159 4611 2431 4691 Νεόφυτον
2466 4610 2595 4676 τοὺς
2651 4612 2861 4677 οἰκέτας
2920 4615 3111 4688 αὐτῆς,
3168 4617 3259 4673 καὶ
3316 4618 3801 4695 προσποιησαμένη

2155 4700 2291 4777 πρὸς
2317 4702 2417 4769 τὴν
2449 4701 2653 4780 τροφὸν
2688 4700 2964 4776 ἀπελθεῖν,
3015 4704 3198 4780 εἴχετο
3248 4707 3384 4784 πρὸς
3441 4707 3649 4786 Ταρσὸν
3701 4709 3802 4778 τὴν

2154 4789 2320 4845 πόλιν
2380 4788 2531 4863 ὁδοῦ,
2596 4789 2911 4867 βουλομένη
2977 4794 3365 4868 βαπτισθῆναι,
3419 4794 3687 4875 Ἀγγελος
3748 4795 3807 4853 δέ

2156 4878 2359 4956 Κυρίου
2419 4879 2663 4955 ἁρπάσας
2717 4881 2809 4936 τὸν
2865 4880 3161 4940 ἐπίσκοπον
3216 4888 3430 4961 Ταρσοῦ
3485 4888 3804 4952 Ἀθανάσιον

2154 4967 2351 5045 ἤγαγεν
2402 4969 2478 5031 εἰς
2532 4968 2850 5041 συνάντησιν
2910 4972 3079 5043 αὐτῆς
3137 4976 3274 5030 κατὰ
3337 4977 3437 5045 τὴν
3493 4974 3643 5034 ὁδόν.
3704 4978 3807 5034 Καὶ

2156 5055 2271 5113 ἐπεὶ
2329 5056 2430 5112 οὐκ
2494 5060 2561 5127 ἦν
2645 5056 2815 5133 ὕδωρ,
2902 5063 3342 5136 προσευξάμενος
3401 5066 3430 5120 ὁ
3487 5064 3807 5138 ἐπίσκοπος,

2157 5145 2412 5224 ἐξήγαγεν
2469 5146 2615 5223 ὕδωρ
2668 5146 2730 5203 ἐκ
2782 5151 2882 5215 τῆς
2938 5158 3063 5225 γῆς,
3120 5154 3213 5207 καὶ
3296 5150 3585 5212 ἐϐάπτισεν
3642 5156 3807 5226 αὐτὴν

2154 5239 2328 5292 τεκαὶ
2358 5257 2484 5299 τους
2538 5236 2753 5302 οἷ’κέτας
2814 5237 3002 5310 αὐτῆς.
3063 5243 3196 5299 Εἶτα
3239 5242 3618 5320 ὑποστρέψασα
3673 5246 3809 5319 πρὸς

2154 5326 2255 5397 τήν
2292 5325 2503 5401 μητέρα
2530 5328 2621 5383 καὶ
2655 5329 2732 5402 μὴ
2792 5325 3067 5405 δεχθεῖσα,
3130 5331 3342 5407 ἐγένετο
3406 5337 3651 5409 μοναχῆ.
3703 5335 3809 5390 Καὶ

2157 5414 2342 5478 καλῶς
2398 5414 2804 5490 ἀγωνισαμένη,
2862 5417 3221 5479 ἀνεπαύσατο.
3282 5422 3344 5479 Ὁ
3401 5419 3459 5475 δὲ
3516 5420 3811 5484 ἐπίσκοπος

2155 5503 2503 5575 Ἀθανάσιος,
2558 5506 2860 5579 πρατηθεὶς
2923 5506 3027 5562 ὑπὸ
3085 5507 3459 5583 Οὗαλεριανοῦ
3509 5511 3646 5584 μετά
3696 5513 3810 5567 Χα-

2158 5594 2405 5670 ρισίμου,
2437 5593 2525 5648 καὶ
2557 5594 2858 5673 Νεοφότου,
2890 5598 2981 5651 καὶ
3036 5596 3266 5654 πλεῖστα
3311 5599 3575 5677 πρότερον
3637 5599 3807 5675 βασα-

2156 5683 2375 5753 νισθεὶς,
2408 5682 2627 5759 ὕστερον
2659 5684 3085 5762 ἀπεκεφαλίσθη.
3119 5688 3222 5744 Καὶ
3254 5688 3399 5745 οὕτω
3426 5687 3801 5746 τελειωθέντες

2156 5767 2431 5828 ἀπέλαϐον
2466 5770 2747 5849 βασιλείαν
2785 5773 3053 5853 οὐρανῶν.
