4184 6326
375 409 503 468 597
1891 413 2034 475 AUC

2146 417 2334 481 LTUS.
3685 421 3807 484 598

958 543 1142 597 MHNI
1180 547 1263 595 ΤΩ
1302 545 1479 598 ΔΥΤΩ

2709 551 2949 606 EODEM
2988 550 3132 604 MEN
3138 549 3240 604 SE.

1175 637 1278 692 Kl“
2666 641 2769 695 Die
2793 639 3074 695 vicesima
3105 639 3282 693 tertia

379 725 662 797 ’Λθλησις
746 729 856 781 τῶν
940 725 1122 804 ἀγίωιί
1182 725 1483 804 ,μαρτύρων
1553 728 1740 801 ἱερέων
1798 730 1899 804 Ὣρ
1955 727 2034 781 κα

2155 729 2308 784 218
2341 730 2623 786 Certamen
2651 737 2966 804 sanctorum
2995 733 3304 798 martyrum
3359 727 3698 782 sacerdotum
3731 729 3807 784 0r

1071 795 1384 872 ngam;
1606 795 1615 801 ·
1871 795 1880 804 ·

2793 809 2844 856 et
2877 795 3158 870 Orepseosi

454 888 756 963 Εἰρηναῖος
815 889 844 942 6
905 888 1168 962 μακάριος
1255 887 1580 963 λειτουργὸς
1661 889 1877 965 ὑπῆρχε
1948 892 2045 942 τοῦ

387 979 627 1052 Χριστοῦ
662 978 796 1050 μετᾶ
850 981 947 1032 τοῦ
1007 975 1168 1053 ἁγίου
1228 983 1350 1051 Ὥρ,
1400 977 1491 1032 καὶ
1534 983 1630 1033 τοῦ
1685 978 1837 1054 ἁγίου
1886 979 2043 1054 Ὀρέ-

386 1070 554 1140 ψεως,
605 1064 804 1128 ο’ίτινες
863 1065 1222 1141 κηρύττοντες
1275 1067 1366 1121 τὸν
1430 1068 1684 1142 Χριστον,
1740 1066 2046 1140 ἐκρατήθη-

388 1177 479 1210 σαν
544 1157 647 1210 ὑπὸ
705 1160 810 1210 τῶν
871 1153 1331 1232 εἷδωλολατρων.
1389 1156 1489 1214 Καὶ
1547 1157 1915 1233 παραστάντες
1965 1161 2046 1228 τῷ

384 1247 610 1320 ἄρχοντι
647 1290 660 1315 ,
719 1240 1144 1314 ἐϐασανίσθησαν
1234 1243 1534 1322 διαφόρως’
1622 1247 1733 1301 εἶτα
1790 1245 1842 1300 ἐν
1897 1247 2038 1321 πυρὶ

387 1333 793 1410 ἀπερρῥίφησαν
831 1379 842 1391 .
906 1335 1010 1390 Καὶ
1096 1337 1346 1410 παραυτᾶ
1406 1336 1564 1390 ὑετοῦ
1615 1331 2041 1411 καταρραγέντος

381 1422 604 1496 ἄνωθεν,
664 1423 755 1478 καὶ
811 1428 911 1479 τοῦ
967 1425 1140 1500 πυρὸς
1201 1419 1538 1497 σϐεσθέντος,
1593 1423 1818 1498 ἐξῆλθον
1870 1419 2042 1479 ἀϐλόμ

382 1511 544 1576 δεῖς.
605 1511 703 1568 Καὶ
758 1514 890 1586 μετᾶ
972 1517 1142 1568 ταῦτα
1202 1514 1418 1590 θηρίοις
1498 1511 1878 1590 παρεδόθησαν
1966 1513 2043 1578 εἷς

391 1603 614 1678 βρῶσιν.
672 1600 851 1659 ’Λλλὰ
901 1601 991 1656 καὶ
1047 1602 1105 1656 ἐκ
1158 1601 1365 1657 τούτων
1423 1600 1753 1678 ἐρρύσθησαν
1810 1601 2042 1676 προνοίᾳ

386 1695 540 1748 Θεοῦ.
602 1693 705 1748 Καὶ
760 1690 848 1746 ἐπὶ
905 1689 1069 1762 ξύλου
1119 1692 1510 1767 κρεμασθέντες
1566 1689 1850 1761 ἐξέσθησαν
1907 1712 2035 1768 σφο-

387 1779 549 1854 δρῶς·
581 1783 672 1836 καὶ
704 1781 870 1837 πάλιν
905 1785 1144 1856 Χριστοῦ
1211 1781 1473 1836 ἐπινεύσει
1535 1778 1802 1854 διέμειναν
1861 1775 2036 1834 ἀϐλα-

386 1865 523 1932 ϐεῖς.
569 1871 707 1925 Τότε
766 1868 971 1932 ἰδόντες
1028 1871 1081 1925 οἱ
1139 1868 1541 1945 εἰδωλολάτραι
1599 1869 1663 1924 τὸ
1711 1867 2038 1941 ἀμετάθετον

382 1964 482 2027 τῆς
512 1959 742 2033 γνώμης
775 1958 976 2031 αὐτῷν,
1007 1958 1097 2012 καὶ
1129 1957 1214 2012 ἐπὶ
1264 1955 1456 2013 πλεῖον
1518 1958 1772 2030 μανέντες
1825 1957 2033 2029 ὁμοθυ-

387 2045 556 2120 μαδὸν
583 2045 911 2115 ἐπεισῆλθον
974 2046 1234 2108 αὖτοῖς·ὁ
1269 2048 1364 2119 μὶν
1420 2045 1610 2119 ξύλοις
1664 2045 1879 2101 τύπτων
1940 2046 2033 2100 αὐ-

380 2136 530 2198 τοὺςο
563 2134 674 2191 ὁδὶ
714 2135 891 2200 λίθοις
950 2131 1250 2209 συντρίϐων
1310 2135 1441 2198 τοὺς
1495 2133 1720 2193 ὀδόντας
1774 2135 1972 2207 αὐτῶν,
2007 2136 2034 2189 6

383 2224 439 2281 δὲ
468 2228 527 2282 έκ
563 2230 774 2302 τριχῶν
832 2224 1032 2295 ἕλκων,
1065 2227 1093 2282 ὁ
1126 2224 1186 2281 δὲ
1240 2231 1356 2288 τοῖς
1415 2228 1542 2281 ποσὶ
1605 2225 1876 2295 λακτίζων
1943 2224 2036 2280 καὶ

382 2320 720 2389 συμπατῶν.
770 2315 878 2372 Καὶ
943 2313 1102 2378 τέλος
1162 2315 1433 2390 σχοινίοις
1496 2313 1756 2387 δήσαντες
1813 2313 2033 2384 αὐτοὺς,

381 2406 469 2460 καὶ
503 2405 758 2480 σύραντες
785 2399 887 2475 ἔξω
910 2411 1010 2473 τῆς
1043 2403 1303 2470 πόλειως,
1337 2403 1472 2483 ξίφει
1501 2404 1596 2466 τὰς
1649 2404 1798 2478 ἱερὰς
1857 2403 2032 2458 αὐτῶν

383 2493 648 2567 ἂπέτεμον
699 2492 964 2570 κεφαλάς.

383 2630 478 2686 Καὶ
511 2626 742 2700 ἄθλησις
773 2633 870 2685 τοῦ
901 2628 1061 2703 ἁγίου
1113 2632 1385 2702 μάρτυρος
1442 2629 1755 2703 Σιλουανοῦ
1813 2629 2033 2686 ἐπισκό-

841 2702 1066 2756 πουκαί
1106 2706 1215 2757 τῶν
1259 2703 1352 2756 σὺν
1405 2702 1574 2775 αὐτῷ,

453 2808 520 2864 Ol
571 2809 714 2883 ἅγιοι
770 2812 890 2862 τοῦ
927 2810 1164 2882 Χριστοῦ
1227 2811 1494 2885 μάρτυρες
1555 2809 1873 2880 Σιλουανὸς,
1921 2816 2033 2864 Σα-

386 2892 560 2968 ϐῖνος,
614 2896 702 2951 καὶ
753 2899 1062 2972 Πανθήριος
1124 2900 1380 2974 ὑπῆρχον
1444 2899 1540 2972 μὲν
1599 2897 1659 2953 ἐκ
1684 2905 1786 2968 τῆς
1845 2898 2033 2974 χώρας

386 2993 621 3062 Θρᾳκης,
698 2986 784 3042 ἐπὶ
866 2994 968 3056 τῆς
1053 2987 1334 3056 βασιλείας
1406 2986 1822 3059 Διοκλητιανοῦ.
1899 2989 2032 3064 Χρι-

386 3075 589 3130 στιανοὶ
670 3073 727 3130 δὲ
787 3073 906 3132 ὅντε
1027 3075 1141 3131 ἐ““
1438 3078 1453 3097 ‘
1544 3082 1572 3092 ”
2004 3075 2031 3089 ”

912 3097 977 3147 ς,
1058 3078 1306 3132 οίοασκον
1365 3076 1454 3132 ἐπι
1506 3099 1584 3150 τῳ
1642 3076 1872 3151 ὀνόματι
1936 3099 2033 3132 του

384 3168 640 3237 Χριστοῦ.
673 3165 830 3228 Ὀθεν
875 3165 1233 3240 κρατηθέντες
1267 3165 1370 3220 ὑπὸ
1426 3169 1535 3220 τῶν
1594 3162 2032 3238 είδωλολατρῶν,

380 3249 759 3327 παρεδόθησαν
820 3258 900 3326 τῷ
956 3260 1056 3323 τῆς
1114 3253 1304 3329 χώρας
1360 3257 1607 3329 ἄρχοντι.
1669 3253 1764 3309 Kal
1825 3253 2037 3330 ἐρωτη-

381 3342 557 3404 θέντες
587 3342 678 3396 καὶ
708 3343 801 3397 τὸν
831 3343 1061 3417 Χριστὸν
1125 3341 1597 3418 ὁμολογήσαντες,
1656 3348 1874 3418 πρῶτον
1939 3344 2034 3417 μὶν

382 3429 684 3508 έτύφθησαν
744 3430 1018 3510 σφοδρῶς.
1079 3433 1308 3490 Ἔπειτα
1339 3432 1556 3508 φυλακῇ
1614 3432 2039 3510 πὰραδοθέντες,

385 3517 863 3592 ἐταλαιπωροῦντο
892 3523 946 3576 ἐν
981 3522 1116 3595 αὐτῇ
1145 3520 1300 3595 λιμῷ
1323 3523 1412 3577 καὶ
1445 3520 1591 3595 δίψει
1622 3521 2039 3597 παραδοθέντες,

383 3606 858 3683 ἐταλαιπωροῦντο
891 3609 943 3664 έν
975 3609 1115 3684 αύτῇ
1166 3609 1315 3683 λίμῷ
1347 3611 1435 3665 καὶ
1499 3608 1642 3684 δίψει
1697 3611 2036 3684 πιεζόμενοι.

394 3698 496 3753 Καὶ
531 3699 664 3770 μετᾶ
691 3696 908 3761 πολλὰς
935 3698 1148 3774 ἡμέρας
1194 3706 1295 3768 τῆς
1352 3699 1600 3774 φυλακῆς
1655 3695 2033 3772 ἐκϐληθέντες,

390 3783 555 3840 πάλιν
611 3786 982 3862 ἠναγκάζοντο
1057 3787 1385 3862 ἀρνήσασθαι
1473 3788 1567 3861 μὶν
1633 3789 1724 3842 τὸν
1779 3790 2033 3863 Χριστὸν,

395 3875 548 3928 θῦσαι
601 3872 659 3929 δὲ
703 3880 822 3936 τοῖς
854 3875 1134 3938 είδώλοις“
1205 3878 1280 3950 μὴ
1338 3878 1640 3939 πεισθέντες
1701 3875 1776 3948 δὲ,
1830 3898 2037 3952 κρεμα-

394 3961 639 4033 σθέντες,
696 3963 981 4037 ἐξέσθησαν
1034 3969 1341 4036 τοσοῦτον,
1392 3959 1493 4028 ἕως
1543 3987 1602 4021 τε
1659 3973 1888 4044 φανῆναι
1968 3968 2034 4022 τὰ

393 4050 682 4127 σπλάγχνα
709 4053 907 4111 αὐτῶν.
941 4053 1040 4110 Καὶ
1102 4057 1236 4127 μετὰ
1288 4055 1390 4122 τῆς
1448 4051 1650 4132 ἄφατον
1709 4053 1918 4126 ἐκείνην
1950 4077 2030 4110 τι-

2222 901 2361 954 Erat
2388 900 2598 956 beatus
2628 901 2891 954 Irenaeus
2920 897 3136 953 Christi
3170 898 3445 954 minister
3499 915 3621 955 una
3665 916 3800 955 cum

2152 989 2372 1044 sanctis
2403 990 2480 1045 Or
2509 995 2568 1044 et
2598 991 2839 1060 Orepse,
2873 988 2973 1058 qui
2999 986 3139 1042 dum
3167 987 3471 1044 Christum
3503 988 3801 1058 praedica-

2149 1082 2304 1144 rent,
2338 1077 2409 1132 ab
2442 1077 2772 1132 idololatris
2803 1076 2967 1130 fuere
2994 1076 3445 1146 comprehensi;
3493 1081 3672 1146 atque
3701 1093 3803 1131 co-

2149 1183 2274 1222 ram
2307 1169 2584 1238 praelecto
2615 1172 2900 1236 astantes,
2944 1165 3189 1221 diversis
3243 1173 3389 1222 sunt
3436 1166 3624 1220 vexati
3677 1171 3801 1219 tor-

2148 1257 2390 1312 mentis.
2425 1259 2490 1311 In
2522 1257 2721 1328 ignem
2745 1261 2950 1328 postea
2971 1255 3198 1327 injecti,
3224 1272 3254 1309 e
3281 1255 3530 1327 vestigio
3558 1253 3748 1310 imbre
3771 1271 3802 1310 e

2148 1347 2294 1401 cmlo
2322 1345 2593 1414 cadente,
2627 1364 2695 1402 ac
2750 1347 3036 1400 restincto
3094 1345 3253 1418 igne,
3303 1345 3634 1399 incolumes
3685 1345 3798 1416 ipsi

2147 1441 2478 1492 evaserunt.
2508 1436 2669 1491 Feris
2702 1435 2915 1490 exinde
2937 1433 3181 1489 vorandi
3214 1433 3455 1505 objecti,
3480 1433 3585 1488 sed
3607 1449 3680 1488 ex
3702 1433 3798 1487 his

2145 1529 2324 1584 etiam
2342 1530 2442 1584 Dei
2459 1528 2831 1601 providentia
2844 1527 3032 1599 erepti
3050 1545 3062 1583 :
3089 1527 3151 1582 in
3173 1526 3334 1598 ligno
3347 1543 3481 1581 mox
3503 1525 3800 1598 suspensi,

2143 1618 2359 1673 acriter
2387 1618 2771 1686 dilaniantur,
2803 1618 3139 1687 iterumque
3195 1615 3408 1670 Christi
3430 1621 3578 1670 nutu
3624 1614 3798 1670 illwsi

2142 1715 2622 1780 permanserunt.
2667 1710 2830 1764 Tunc
2884 1707 3181 1763 idolorum
3233 1707 3515 1775 cultores,
3564 1707 3801 1778 cognita

2143 1797 2383 1852 illorum
2415 1799 2596 1853 animi
2631 1798 2987 1866 constantia,
3021 1801 3198 1867 atque
3232 1813 3298 1850 eo
3331 1795 3518 1867 magis
3550 1795 3612 1849 in
3637 1796 3798 1850 furo-

2067 1917 2119 1980 B
2150 1904 2274 1941 rem
2302 1887 2516 1956 adacti,
2543 1888 2812 1942 unanimi
2838 1886 3282 1957 conspiratione
3304 1885 3541 1939 irruunt
3562 1884 3622 1939 in
3655 1901 3757 1939 eos
3782 1899 3797 1938 :

2149 1981 2208 2030 et
2235 1976 2388 2031 alius
2419 1977 2675 2031 fustibus
2706 1977 2868 2047 ipsos
2897 1975 3174 2046 percutit,
3208 1974 3364 2028 saxis
3395 1973 3548 2028 alius
3588 1989 3792 2029 eorum

2144 2065 2401 2120 conterit
2429 2065 2657 2131 dentes,
2677 2065 2830 2119 alius
2847 2063 3096 2134 capillos
3127 2063 3343 2129 evellit,
3363 2061 3627 2116 calcibus
3642 2061 3795 2115 alius

2146 2154 2404 2224 impellit
2433 2159 2608 2224 atque
2640 2154 2951 2208 conculcat
2978 2171 2991 2207 :
3027 2168 3094 2207 ac
3119 2151 3356 2206 tandem
3376 2149 3796 2221 funibusipsos

2146 2242 2573 2310 obvincientes,
2609 2248 2667 2296 et
2697 2247 2862 2298 extra
2891 2242 3188 2296 civitatem
3220 2245 3546 2312 raptantes,
3597 2237 3793 2310 gladio

2147 2348 2346 2388 sacras
2377 2332 2619 2386 illorum
2651 2331 2909 2386 cervices
2940 2334 3343 2402 amputarunt.

2217 2642 2289 2694 Et
2307 2646 2578 2696 certamen
2606 2640 2788 2694 sancti
2811 2638 3076 2708 martyris
3105 2637 3322 2694 Silvani
3351 2643 3403 2692 et
3426 2636 3716 2692 sociorum.

2217 2808 2413 2863 Sancti
2458 2808 2671 2862 Christi
2733 2812 3025 2879 martyres
3079 2807 3374 2871 Silvanus,
3430 2805 3687 2860 Sabinus
3737 2809 3795 2858 et

2145 2897 2498 2952 Pantherius
2529 2914 2600 2951 ex
2638 2896 2899 2952 Thraciae
2929 2895 3190 2968 regione,
3223 2895 3590 2950 Diocletiano
3613 2893 3796 2964 impe-

2144 2990 2361 3050 ratore,
2392 2987 2650 3041 fuerunt.
2687 2987 2829 3041 Cum
2861 2990 3057 3040 autem
3090 2983 3406 3039 Christiani
3457 2987 3676 3048 essent,
3729 2981 3794 3036 in

2145 3074 2387 3129 nomine
2409 3073 2623 3128 Christi
2646 3072 2958 3128 docebant.
2988 3073 3355 3142 QuaprOpter
3375 3067 3792 3124 abidololatris

2144 3164 2581 3235 comprehensi,
2616 3163 2778 3218 illius
2800 3162 3116 3234 provincias
3135 3159 3411 3232 praefecto
3442 3157 3790 3224 traduntur;

2064 3287 2107 3354 ρ
2147 3258 2205 3309 et
2233 3253 2603 3325 interrogati,
2635 3252 3052 3323 Christumque
3085 3249 3362 3318 confessi,
3421 3248 3618 3354 primo
3647 3247 3796 3354 'qui-

2151 3346 2285 3402 dem
2300 3347 2609 3402 caeduntur
2634 3347 3014 3402 vehementer
3039 3361 3051 3399 :
3083 3344 3307 3400 carceri
3332 3339 3793 3414 posteaaddicti,

2150 3435 2370 3490 ibidem
2403 3436 2558 3492 fame
2590 3435 2805 3507 sitique
2836 3435 3238 3491 afﬂictantur:
3287 3449 3355 3488 ac
3401 3431 3606 3487 multis
3661 3435 3796 3502 post

2149 3525 2358 3581 diebus
2389 3527 2460 3581 de
2493 3525 2764 3581 custodia
2794 3524 3012 3588 educti,
3046 3523 3240 3578 denuo
3274 3522 3572 3576 Christum
3619 3537 3791 3592 coge-

2147 3614 2365 3670 bantur
2396 3615 2708 3687 denegare,
2745 3620 2802 3668 et
2833 3613 3011 3668 idolis
3060 3611 3417 3667 sacriﬁcium
3455 3611 3687 3664 offerre.
3726 3611 3796 3662 At

2147 3722 2267 3759 non
2299 3704 2479 3772 suasi,
2513 3705 2810 3776 suspensi,
2845 3703 2990 3758 adeo
3015 3707 3155 3756 sunt
3175 3700 3470 3766 dilaniati,
3496 3705 3561 3754 ut
3584 3714 3791 3753 eorum

2143 3793 2367 3848 viscera
2393 3797 2766 3864 apparerent.
2795 3793 2933 3846 Post
2961 3791 3132 3845 illum
3161 3806 3297 3844 vero
3339 3787 3790 3844 acerbissimum

2145 3882 2494 3951 cruciatum,
2528 3881 2707 3955 gladii
2740 3887 2980 3953 accepta
3003 3879 3320 3946 sententia,
3354 3877 3532 3932 vincti
3571 3876 3646 3932 ad
3678 3893 3793 3930 caa-

2144 3971 2277 4026 dem
2310 3973 2642 4028 ducuntur:
2677 3972 2831 4028 214
2856 3976 3035 4042 atque
3065 3969 3165 4026 ubi
3213 3968 3287 4024 ad
3337 3969 3536 4023 locum
3587 3982 3790 4038 perve-

2139 4067 2358 4117 nerunt
2381 4062 2672 4132 martyrii,
2698 4065 2959 4128 orantes,
2991 4059 3181 4132 capite
3211 4058 3376 4114 fuere
3434 4055 3795 4112 obtruncati!

394 4141 646 4214 μωρίαν,
701 4143 802 4211 τὴν
861 4140 951 4197 διὰ
1003 4147 1098 4197 τοῦ
1146 4144 1334 4217 ξίφους
1390 4138 1650 4206 λαϐόντες
1701 4143 1968 4222 ἀπόφασιν
2005 4188 2020 4214 ,
2085 4144 2291 4223 ἤγοντο
2349 4146 2562 4223 δέσμιοι
2619 4148 2706 4204 ἐπὶ
2764 4148 2828 4204 τὸ
2912 4149 3250 4226 φονευθῆναι.
3312 4145 3410 4200 Καὶ
3495 4143 3794 4221 φθάσαντες

390 4228 789 4305 κεφαλίσθησαν
800 4275 814 4289 .

393 4383 496 4439 Καὶ
531 4386 724 4459 μνήμη
777 4388 889 4462 τοῦ⁸
926 4384 977 4440 ἐν
1019 4384 1212 4462 ἁγίοιςΔ
1252 4387 1473 4462 Πατρὸς-
1519 4389 1680 4460 ἡμῶν
1736 4389 2033 4446 Εύσταθίού

871 4456 1169 4513 ἐπισκοπόυ
1200 4456 1558 4533 Ἀντιοχείας.

460 4604 759 4670 Εὐστάθιος
792 4609 818 4661 6
866 4610 962 4662 τοῦ
1013 4609 1252 4682 Χριστοῦ
1316 4609 1586 4685 ἱεράρχης
1643 4610 1914 4687 ὑπῆρχεν,
1945 4610 2031 4667 ἐπὶ

391 4701 488 4762 τῆς
545 4695 820 4769 βασιλείας
868 4697 1269 4751 Κωνσταντίνου
1326 4702 1423 4752 τοῦ
1481 4698 1784 4773 Μεγάλου,
1844 4699 2034 4776 ἀρχιε-

390 4782 656 4848 πίσκοπος
685 4786 1041 4860 Ἀντιοχείας.
1094 4787 1282 4847 "Oath
1336 4787 1424 4842 γαὶ
1485 4787 1537 4842 ἐν
1594 4792 1662 4862 τῇ
1721 4788 1912 4864 πρώτῃ
1944 4811 2034 4844 συ-

389 4871 534 4947 νόδῳ
562 4879 670 4930 τῶν
719 4875 768 4930 ἐν
803 4877 1005 4948 Νικαίᾳ
1061 4876 1387 4951 τριακοσίων
1449 4874 1578 4933 δέκα
1606 4879 1694 4934 καὶ
1753 4880 1894 4934 ὀκτὼ
1926 4887 2036 4935 Πα-

388 4961 558 5037 τέρων
637 4964 902 5042 ὑπῆρχε,
989 4967 1286 5040 συνήγορος
1357 4966 1481 5040 έμὲν
1566 4975 1668 5038 τῆς
1750 4967 2032 5039 ἀληθείας,

393 5050 686 5116 ἀντίπαλος
716 5050 774 5108 δὲ
811 5059 906 5109 τοῦ
935 5051 1192 5127 ψεύδους.
1233 5055 1329 5109 Διά
1360 5052 1416 5109 δὲ
1468 5055 1530 5110 τὸ
1560 5055 2032 5134 παρρησιάσασθαι

393 5141 490 5208 τῆν
547 5141 826 5212 ἀλήθειαν,
883 5143 1094 5217 ἐγένετο
1156 5143 1356 5218 ἐχθρὸς
1407 5151 1524 5206 τοῖς
1584 5147 2032 5220 ’Δρειανοῖς.Καὶ

395 5230 528 5302 μετᾶ
567 5229 826 5300 τελευτὴν
889 5233 1286 5288 Κωνσταντίνου
1341 5237 1438 5288 τοῦ
1479 5234 1748 5310 Μεγάλου,
1781 5243 1880 5305 τῆς
1934 5237 2030 5312 βα-

380 5318 598 5381 ,σελείας
656 5324 1025 5394 κρατήσαντος
1085 5323 1456 5377 Κωνσταντίου
1507 5325 1627 5378 υἱοῦ
1682 5324 1881 5394 αὐτοῦ,
1941 5327 2030 5380 καὶ

384 5413 503 5471 τοῖς
558 5411 858 5484 ’Δρειανοῖς
916 5413 1332 5484 προσκειμένου,
1393 5413 1636 5483 ἠτήσατο
1704 5409 1961 5477 Εὐσέϐιος
2003 5416 2030 5469 6

376 5496 763 5570 ,Νικομηδείας
810 5500 1104 5569 ἀπελθεῖν,
1159 5500 1247 5555 καὶ
1307 5503 1591 5566 θεάσασθαι
1649 5505 1740 5558 τὸν
1775 5503 1826 5558 ἐν
1858 5505 2029 5579 Ἱερο-

387 5585 657 5660 σολύμοις
715 5589 840 5644 ναόν
871 5633 884 5645 .
974 5589 1074 5645 Καὶ
1159 5596 1257 5659 τῆς
1341 5590 1608 5661 αἰτήσεως
1673 5593 1880 5666 τυχὼν,
1937 5595 2025 5648 καὶ

383 5676 642 5740 ἀπὲλθὼν
673 5720 686 5742 ,
735 5680 1050 5753 συνήθροισε
1104 5679 1230 5737 τοὺς
1289 5681 1608 5753 Ἀρειανοὺς
1675 5679 2024 5745 ἐπισκόπους.

385 5766 483 5821 Καὶ
568 5766 972 5840 παρασκευάσας
1038 5773 1262 5843 γυναῖκα
1345 5769 1708 5842 βαστάζουσαν
1785 5768 2024 5846 παιδίον,

2067 4562 2114 4625 D

2145 4391 2218 4443 Et
2245 4389 2510 4444 memoria
2531 4388 2715 4444 sancti
2743 4387 2927 4470 Patris
2957 4384 3136 4469 nostri
3169 4383 3445 4440 Eustathii
3476 4382 3787 4438 Antiochiae

2833 4473 3096 4528 episcopz.

2216 4605 2557 4660 Eustathius
2600 4603 2814 4658 Christi
2878 4600 3141 4673 pontifex
3201 4605 3346 4669 erat,
3403 4595 3789 4652 Constantino

2147 4697 2351 4767 Magno
2382 4696 2734 4766 imperante,
2769 4691 3096 4748 Antiochia)
3132 4687 3634 4759 archiepiscopus,
3684 4684 3788 4754 qui

2146 4785 2323 4839 etiam
2345 4785 2406 4838 in
2433 4785 2625 4855 prima
2644 4783 2877 4837 Nicaena
2899 4778 3124 4851 synodo
3147 4781 3549 4831 trecentorum
3581 4774 3786 4830 decem

2147 4879 2204 4927 et
2229 4879 2360 4928 octo
2383 4875 2623 4928 Patrum
2651 4870 2938 4936 interfuit,
2962 4868 3226 4923 veritatis
3249 4865 3488 4938 quidem
3507 4868 3786 4930 assertor,

2145 4963 2439 5016 mendacii
2496 4967 2695 5017 autem
2753 4960 3148 5030 impugnator.
3208 4958 3277 5010 Et
3333 4955 3474 5026 quia
3533 4954 3788 5010 ﬁdenter

2138 5038 2496 5106 denuntiabat
2527 5050 2855 5108 veritatem,
2891 5048 3026 5102 odio
3083 5045 3600 5117 prosequebantur
3657 5059 3792 5097 eum

2145 5142 2366 5196 Ariani.
2401 5142 2540 5194 Post
2569 5139 2758 5210 Magni
2789 5138 2967 5204 igitur
2996 5135 3369 5190 Constantini
3401 5133 3793 5201 obitum,cum

2141 5231 2566 5288 Constantinus
2598 5230 2725 5301 ejus
2760 5229 2938 5296 ﬁlius,
2999 5227 3099 5297 qui
3151 5226 3383 5280 Arianis
3427 5223 3790 5289 adhaarebat,

2141 5323 2432 5394 potiretur
2463 5320 2737 5392 imperio,
2771 5317 3060 5373 Eusebius
3110 5315 3576 5371 Nicomediensis
3604 5313 3794 5368 facul-

2142 5417 2324 5467 tatem
2357 5415 2566 5482 petens
2596 5408 2875 5472 abeundi,
2908 5406 3342 5477 templumque,
3377 5403 3534 5475 quod
3579 5403 3794 5458 Hiero-

2141 5501 2386 5572 solymis
2419 5499 2706 5566 exstabat,
2753 5497 3075 5564 invisendi,
3127 5512 3370 5567 compos
3418 5493 3534 5548 voti
3581 5491 3797 5546 factus:

2139 5597 2195 5646 et
2227 5590 2546 5662 profectus,
2582 5589 2812 5643 Arianaa
2843 5587 2982 5641 fidei
3033 5586 3344 5656 episcopos
3397 5581 3794 5654 congregavit-

2137 5683 2208 5735 Et
2221 5680 2540 5751 quamdam
2565 5679 2852 5733 inducens
2873 5675 3158 5729 feminam
3173 5677 3500 5744 gestantem
3516 5684 3789 5740 puerum,

2137 5775 2203 5824 ut
2226 5775 2552 5836 accusaret,
2578 5773 2635 5821 et
2654 5767 2879 5822 diceret
2906 5763 3211 5818 Eustathio
3239 5767 3444 5816 natum
3477 5758 3792 5814 infantem:
