4184 6326
362 333 483 401 599

1657 323 2096 392 MENOLOGHI
2142 326 2340 387 PARS
2383 326 2491 388 III.

3654 336 3781 399 600

367 463 526 519 llum
560 462 819 535 deponit
844 462 1215 534 ;litterisque
1247 462 1401 517 datis
1449 464 1524 518 ad
1574 463 2021 533 imperatorem,

2161 461 2503 530 ιατῆγορῆσαι
2557 456 2646 511 καὶ
2705 456 2900 528 εΐπεῖν,
2955 459 3039 514 ὅτι
3093 462 3192 516 τοῦ
3248 462 3550 526 Εὖσταθίου
3612 463 3781 537 ἐστὶν,

380 553 573 607 suasit
603 552 678 616 ei,
711 557 777 606 ut
808 551 1264 623 Philippopolim
1301 552 1498 623 ipsum
1545 551 1874 623 relegaret:
1930 545 2029 601 ubi

382 641 706 712 plurimum
740 641 1081 695 Eustathius
1112 645 1371 706 vexatus,
1430 642 1610 696 tinem
1670 637 1915 709 accepit.
1961 641 2035 691 At

375 731 603 785 femina
635 729 738 784 illa
765 736 974 800 postea
1002 729 1276 786 confessa
1324 736 1431 795 est,
1493 745 1745 802 puerum
1790 725 2030 798 quidem

381 823 546 889 patre
578 817 883 872 Eustathio
926 818 1192 890 genitum
1242 836 1363 875 non
1422 818 1622 886 fuisse,
1685 817 1789 872 sed
1845 815 2031 871 altero

371 910 631 981 quodam
659 909 718 963 fa
732 909 839 964 bro
874 911 1105 965 mrario.

380 1037 449 1090 Et
474 1036 736 1089 memoria
764 1038 942 1090 sancti
971 1036 1156 1091 Patris
1183 1038 1363 1093 nostri
1390 1038 1597 1093 Metetii
1625 1019 2033 1105 archiepiscopi

1037 1108 1363 1165 Antiochia.

454 1232 721 1288 Meletius
754 1233 1116 1289 orthodoxus
1149 1234 1250 1290 ille
1282 1234 1496 1291 Christi
1525 1233 1799 1290 Ecclesiaa
1831 1235 2034 1305 pastor

384 1322 752 1393 temporibus
810 1323 1138 1378 Constantii
1190 1324 1567 1396 imperatoris
1621 1322 1885 1379 exstitit:
1939 1323 2033 1378 cui

385 1411 765 1465 Constantius
789 1428 923 1466 cum
946 1412 1199 1467 Arianus
1223 1412 1505 1483 esset,ubi
1538 1413 1762 1468 vacavit
1791 1428 1825 1467 a
1852 1410 2031 1479 bello,

387 1501 681 1571 synodum
729 1501 1056 1556 Antiochiae
1117 1503 1454 1557 convocavit
1510 1502 1585 1558 ad
1641 1500 2033 1574 rejiciendum

393 1592 774 1658 llomousion,
837 1597 895 1647 et
955 1594 1409 1664 supponendum
1469 1592 2034 1665 praedicandumque

392 1680 799 1735 lieterousion.
836 1683 908 1735 At
937 1698 1070 1736 cum
1120 1682 1445 1737 Antiochia)
1496 1683 1755 1738 Ecclesia
1799 1681 2037 1736 viduata

392 1775 552 1824 esset
583 1775 838 1841 pastore,
872 1770 1037 1841 prius
1068 1770 1293 1842 placuit
1322 1773 1665 1844 episcopum
1703 1770 2034 1826 Antiochiae

2132 549 2358 618 καθαρεῖ
2413 544 2595 604 αὐτόν.
2652 546 2754 602 Καὶ
2834 548 3046 623 γράψας
3102 550 3238 623 πρὸς
3339 552 3429 607 τὸν
3531 552 3783 626 βασιλέα,

2133 626 2344 688 ἔπεισεν
2404 633 2639 709 ἐξορίσαι
2694 635 2856 691 αὐτὸν
2915 636 2991 700 είς
3051 639 3505 696 Φιλιππούπολιν
3541 686 3556 701 .
3614 644 3782 699 Ἔνθα

2133 723 2223 776 καὶ
2281 720 2469 778 πολλᾶ
2523 724 2834 800 πειρασθεῖς
2890 725 3216 798 ἐτελειώθη·
3250 729 3284 796 ἠ
3328 726 3384 782 δὲ
3438 732 3575 804 γυνή
3626 732 3778 806 ὠμο-

2138 808 2368 885 λόγησεν
2400 810 2642 887 ὕστερον,
2683 812 2767 868 ὅτι
2821 815 2885 869 τὸ
2942 812 3162 869 παιδίον
3218 815 3518 882 Εὐσταοίου
3551 820 3647 892 μὲν
3682 821 3779 876 οὐκ

2134 902 2224 970 ἦν,
2258 900 2404 956 ἀλλὰ
2425 906 2521 957 τοῦ
2545 903 2818 979 χαλκέως.

2138 1026 2243 1084 Καῖ
2283 1030 2478 1102 μνήμη
2539 1035 2636 1109 τοῦ
2689 1031 2741 1086 ἐν
2798 1030 3455 1109 ἆγίοιςᾼΠατρὸςᾼὴμῶν
3518 1037 3785 1094 Μελετίου

2542 1103 2981 1179 ἀρχιεπισκόπου
3003 1103 3368 1182 Ἀντιοχείας.

2208 1215 2497 1291 Μελὲτιος,
2549 1220 2579 1274 ὁ
2624 1219 2916 1295 ὀρθόδοξος
2972 1224 3187 1296 ποιμὴν
3244 1225 3346 1295 τῆς
3393 1230 3491 1282 τοῦ
3546 1233 3788 1302 Χριστοῦ

2136 1305 2489 1379 Ἐκκλησίας,
2524 1307 2770 1385 ὑπῆρχεν
2802 1309 2888 1365 ἐπὶ
2919 1317 3020 1382 τῆς
3056 1310 3332 1388 βασιλείας
3386 1316 3792 1375 Κωνσταντίου.

2137 1400 2321 1459 Ὀστις
2376 1399 2755 1464 Κωνστάντιος
2812 1401 3090 1477 ’Δρειανὸς
3126 1399 3224 1473 ὣν,
3268 1403 3360 1459 καὶ
3419 1404 3685 1483 εύκαιρῶν
3734 1408 3797 1465 ἐκ

2135 1489 2233 1541 τοῦ
2262 1487 2536 1561 πολέμου,
2592 1491 2863 1567 συνήγαγε
2911 1489 3135 1547 σύνοδον
3196 1492 3249 1547 ἐν
3308 1496 3651 1573 Ἀντιοχείᾳ,
3704 1497 3794 1552 ἐπὶ

2136 1580 2215 1649 τῷ
2242 1577 2544 1653 ἀρνηθῆναι
2586 1581 2681 1654 μὲν
2739 1581 2802 1636 τὸ
2854 1581 3178 1655 ὁμοούσιον,
3249 1584 3674 1663 ἀντεισαχθῆναι
3707 1585 3794 1660 δὶ,

2139 1667 2229 1722 καὶ
2276 1672 2585 1743 κυρωθῆναι
2639 1670 2704 1726 τὸ
2762 1671 3157 1748 Ἐτεροούσιον.
3219 1676 3333 1745 Τῆς
3393 1672 3452 1731 δὲ
3499 1675 3796 1749 ἐκκλησίας

2146 1755 2485 1832 Ἀντιοχείας
2542 1756 2803 1831 ποιμένος
2888 1760 3263 1835 χηρευούσης,
3339 1760 3502 1838 ἤρεσε
3569 1770 3792 1839 πρῶτον

392 1859 712 1931 designari,
748 1875 813 1913 ac
844 1864 1047 1929 postea
1080 1860 1149 1914 de
1181 1860 1296 1915 ﬁde
1330 1861 1641 1916 disserere.
1677 1862 1814 1915 Erat
1842 1864 2038 1915 autem

2161 1844 2383 1917 {uideat
2436 1845 2727 1901 ἐπίσκοπον
2814 1848 3200 1924 Ἀντιοχείας,
3284 1851 3374 1907 καὶ
3429 1854 3554 1908 τότε
3626 1859 3798 1926 ζητη-

392 1948 657 2004 Meletius
693 1952 832 2002 tunc
862 1949 1171 2019 episcopus
1203 1950 1498 2019 Sebastes,
1548 1950 1758 2005 doctus
1799 1949 2037 2021 quidem

388 2038 496 2104 vir,
525 2036 627 2091 sed
656 2042 899 2108 prOpter
928 2036 1391 2109 inobsequentes
1450 2039 1721 2094 subditos
1768 2038 2042 2094 abdicata

391 2127 534 2182 sede
566 2126 826 2197 quietam
858 2126 1034 2181 vitam
1090 2128 1317 2199 agebat.
1371 2129 1790 2183 Existimantes
1840 2128 2039 2199 itaque

398 2216 657 2271 hzeretici
684 2216 840 2269 hunc
858 2215 1066 2270 eadem
1089 2233 1224 2271 cum
1254 2218 1397 2289 ipsis
1416 2216 2043 2289 sentire,postularunt

398 2308 471 2362 ab
501 2307 881 2377 imperatore,
909 2312 973 2360 ut
1013 2306 1115 2361 ille
1162 2307 1490 2362 Antiochim
1535 2308 1851 2378 episcopus
1896 2324 2040 2363 con-

398 2397 761 2450 stitueretur.
794 2396 1115 2464 Postquam
1146 2413 1281 2450 vero
1338 2396 1451 2450 fuit
1485 2396 1729 2465 electus,
1779 2401 2042 2469 rogatus,

395 2490 461 2539 ut
487 2482 793 2540 veritatem
825 2484 976 2539 211»
1009 2484 1319 2554 proferret,
1356 2489 1520 2539 stans
1552 2485 1678 2556 ipse
1712 2485 1773 2539 in
1826 2485 2041 2552 medio,

397 2572 759 2631 Homousion
783 2572 1204 2644 comprobavit,
1229 2573 1659 2645 haareticosque
1678 2574 1901 2645 pudore
1918 2591 2048 2645 per-

396 2664 568 2720 fudit.
602 2664 706 2718 Hic
738 2679 950 2735 magno
986 2664 1316 2735 imperante
1347 2664 1676 2720 Theodosio
1707 2666 2047 2723 Constanti-

400 2752 669 2823 nopolim
718 2752 1037 2824 profectus,
1089 2768 1157 2807 ac
1206 2752 1497 2826 Theologo
1549 2755 1825 2827 Gregorio
1870 2771 2049 2827 super

401 2843 683 2898 thronum
715 2840 1019 2910 collocaio,
1053 2840 1273 2897 ibidem
1305 2841 1486 2897 vitam
1518 2842 1728 2898 ﬁnivit.

402 3042 472 3095 Et
497 3040 766 3095 memoria
793 3040 970 3095 sancti
998 3040 1183 3114 Patris
1228 3041 1406 3114 nostri
1461 3040 1720 3114 Callinici
1765 3041 2045 3114 archiepi-

865 3112 1013 3179 εσορὶ
1043 3110 1562 3182 Constantinopolis.

2150 1934 2308 2002 θῆναι
2365 1934 2489 2010 περὶ
2546 1937 2645 2005 τῆς
2696 1936 2929 2000 πίστεως
2964 1979 2977 1994 .
3032 1940 3133 1995 Ἦν
3221 1937 3277 1994 δὲ
3353 1942 3478 1997 τότε
3534 1942 3804 2006 Μελέτιος

2153 2022 2481 2087 Ἐπίσκοπος
2540 2018 2906 2097 Σεϐαστείας,
3000 2025 3187 2102 λόγιος
3264 2029 3359 2102 μὶν
3437 2032 3623 2106 ἀνήρ’
3712 2030 3804 2088 διὰ

2154 2107 2210 2165 δέ
2280 2111 2379 2180 τήν
2437 2116 2543 2167 τῶν
2624 2114 2957 2190 ὑποχειρίων
3039 2118 3397 2189 ἀνυποταξίαν
3458 2125 3799 2197 παραιτησά-

2157 2219 2339 2272 μενος,
2379 2202 2467 2255 καὶ
2520 2205 2837 2278 ἡσυχάζων.
2898 2204 3232 2277 Νομίσαντες
3293 2206 3349 2263 δὲ
3400 2210 3452 2264 οἳ
3509 2210 3803 2287 αἱρετικοί,

2151 2287 2220 2343 τὰ
2273 2287 2484 2346 ἐκείνων
2570 2297 2785 2369 φρονεῖν
2870 2293 3051 2365 αὐτὸν,
3139 2295 3410 2370 ᾐτήσαντο
3491 2300 3584 2355 τὸν
3646 2302 3804 2377 βασι-

2157 2374 2251 2431 λέα
2283 2422 2298 2449 ,
2357 2377 2558 2434 ἐκεῖνον
2611 2384 3024 2457 προστήσασθαι
3076 2383 3373 2442 ἐπίσκοπον
3433 2374 3798 2465 Ἀντιοχείας,

2156 2463 2271 2521 ἐπεὶ
2343 2462 2401 2521 δὲ
2473 2470 2890 2547 προεχειρίσθη,
2956 2472 3048 2527 καὶ
3114 2474 3429 2551 προετράπη
3483 2477 3546 2532 τὸ
3600 2462 3803 2549 ἆληθὶς

2154 2553 2320 2609 εἰπεῖν
2380 2555 2508 2618 στὰς
2565 2556 2619 2619 ἐς
2681 2558 2866 2633 μέσον,
2921 2557 3160 2637 ἔκύρωσε
3220 2564 3315 2636 μὲν
3361 2563 3425 2620 τὸ
3477 2566 3803 2646 ὁμοούσιον,

2153 2643 2461 2721 κατῄσχυνε
2490 2642 2547 2702 δὲ
2579 2646 2706 2710 τοὺς
2735 2648 3061 2723 αίρετικοὺς.
3129 2649 3304 2716 Οὗτος
3361 2655 3449 2709 καὶ
3485 2654 3572 2711 ἐπὶ
3602 2642 3803 2712 Θεοδοέ

2156 2732 2274 2788 σίου
2314 2738 2411 2788 τοῦ
2469 2733 2725 2811 Μεγάλου
2781 2737 2835 2793 ἐν
2894 2742 3465 2799 Κωνσταντινουπόλει
3513 2742 3689 2810 ἐλθὼν
3715 2747 3807 2801 καὶ

2153 2822 2244 2877 τὸν
2283 2823 2562 2901 Θεολόγον
2619 2826 2921 2903 Γρηγόριον
2951 2832 3031 2902 τῷ
3076 2830 3261 2906 θρόνῳ
3310 2831 3720 2912 ἐγκαθιδρύσας,
3753 2835 3808 2892 ἐν

2157 2911 2293 2987 αὐτῇ
2340 2912 2433 2969 τὸν
2470 2914 2586 2991 βίον
2628 2914 2913 2975 ἀπέλιπεν.

2156 3037 2264 3094 Καὶ
2299 3040 2487 3122 μνήμη
2544 3043 2642 3096 τοῦ
2689 3038 2749 3122 ἐν
2781 3041 2962 3122 ἁγίοις
2992 3045 3204 3122 Πατρὸς
3256 3048 3420 3122 ἡμξρν
3478 3047 3810 3106 Καλλινίκου

2424 3111 2861 3186 ἂρχιεπισκόπου
2891 3111 3536 3184 Κωνσταντινουπόλεως.

478 3236 727 3292 Sanctus
757 3238 926 3289 Patsr
954 3237 1159 3288 noster
1187 3234 1508 3290 Callinicus
1565 3235 1877 3309 presbyter
1926 3242 2049 3293 erat

2210 3224 2569 3315 ,Καλλίνικος
2600 3229 2628 3284 ὁ
2660 3227 2714 3285 ἐν
2746 3228 2921 3306 ἁγίοις
2980 3234 3166 3309 Ιῐατήρ
3210 3236 3371 3309 ἡμῶν
3402 3236 3647 3314 ὑπῆρχεν
3679 3260 3815 3315 πρε-

410 3326 630 3397 Magnae
676 3322 971 3378 Ecclesia.
1035 3325 1283 3395 Propter
1339 3325 1469 3397 ejus
1526 3332 1724 3382 autem
1777 3327 2054 3383 virtutem

409 3411 1313 3484 creatusfuitConstantinopolis
1330 3414 1667 3485 patriarcha
1679 3416 1750 3470 aI
1756 3416 2056 3472 ustiniano

414 3503 668 3559 Heraclii
701 3508 936 3575 nepote,
990 3503 1090 3574 qui
1137 3503 1248 3558 sibi
1298 3504 1425 3577 ipse
1464 3504 1666 3577 plures
1719 3507 2057 3579 excogitans

410 3593 843 3659 tribulationes,
879 3592 1061 3647 edixit
1078 3592 1401 3664 aliquando
1425 3595 1799 3666 patriarchm,
1827 3603 1894 3652 ut
1913 3614 2060 3669 pras-

410 3700 507 3739 ces
539 3681 848 3739 adhiberet
879 3699 984 3754 pro
1019 3680 1379 3739 destruendo
1427 3684 1649 3757 templo
1697 3685 2058 3742 beatissima

408 3772 720 3830 Genitricis
755 3771 876 3827 Dei.
932 3774 1007 3826 At
1056 3770 1152 3828 hic
1199 3789 1555 3844 responsum
1598 3773 1877 3844 reddidit,
1936 3791 2058 3831 non

408 3869 637 3918 exstare
660 3876 865 3933 preces
878 3878 983 3931 pro
1008 3860 1502 3929 destruendo,sed
1515 3880 1621 3935 pro
1636 3865 2056 3921 construendo.

409 3956 655 4007 Coactus
688 3967 822 4005 vero
853 3949 925 4004 ab
954 3950 1046 4016 iis,
1081 3951 1180 4020 qui
1212 3951 1380 4006 missi
1412 3951 1667 4021 fuerant,
1714 3952 2057 4025 imperatori

405 4042 638 4095 morem
668 4054 893 4110 gerere,
956 4043 1186 4093 tantum
1217 4040 1336 4094 ait:
1396 4040 1592 4096 Gloria
1638 4042 1866 4098 Christo
1916 4043 2059 4113 Deo,

413 4127 515 4199 qui
550 4127 691 4182 talia
721 4127 992 4181 sustinet.
1026 4128 1387 4198 Imperatore
1420 4128 1597 4201 igitur
1636 4129 1709 4185 ob
1760 4132 1891 4203 ejus
1926 4149 2060 4204 per-

414 4218 751 4272 versitatem
782 4216 1032 4287 imperio
1066 4222 1260 4285 exuto,
1321 4217 1566 4273 naribus
1607 4224 1665 4273 et
1707 4220 1911 4292 lingua
1959 4221 2060 4276 ob-

414 4309 712 4371 truncato,
767 4311 827 4360 et
881 4305 943 4359 in
991 4306 1350 4361 Chersonem
1399 4307 1666 4377 expulso,
1724 4309 2060 4382 iterumque

416 4396 517 4450 Dei
550 4393 945 4467 permissione
985 4410 1055 4449 ex
1114 4395 1387 4467 Bulgaria
1438 4395 1660 4451 viribus
1716 4399 2059 4470 assumptis,

415 4482 667 4556 imperio
723 4483 951 4555 potito;
1004 4488 1314 4555 correptus
1358 4483 1531 4539 fuita
1562 4484 1918 4541 satellitibus
1965 4504 2063 4559 pa-

2166 3312 2422 3393 σῦυτερος
2449 3323 2551 3406 τῇς
2590 3318 2858 3394 Μεγαλης
2910 3320 3263 3392 Ἐκκλησίας·
3324 3321 3414 3381 διὰ
3466 3323 3524 3382 δε
3549 3312 3650 3398 την
3680 3312 3817 3406 προ·

2166 3406 2362 3461 σοῦσαν
2449 3405 2596 3480 αύτῷ
2708 3408 2902 3485 ἆρετήν
2981 3412 3372 3489 προεχειρίσθη
3471 3405 3816 3494 πατριάρχης

2167 3495 2802 3562 Κωνσταντινουπόλεως
2843 3500 2945 3554 ὑπό
3001 3502 3389 3559 Ἰουστινιανοῦ
3444 3508 3542 3561 τοῦ
3588 3505 3814 3584 ἐγγόνου

2165 3585 2512 3660 Ἡρακλείου.
2579 3587 2678 3643 "Oc
2764 3587 2911 3661 αὐτῷ
2987 3587 3205 3655 πολλὰς
3265 3590 3494 3649 ἐπινοῶν
3580 3593 3817 3671 θλίψεις,

2168 3673 2401 3748 ἐμήνυσὲ
2430 3695 2563 3730 ποτε
2592 3672 2776 3731 δοῦναι
2809 3676 2978 3753 εὐχὴν
3023 3677 3112 3733 ἰπὶ
3180 3680 3484 3758 καθαιρέσει
3539 3690 3670 3740 ναοῦ
3720 3694 3820 3756 τῆς

2170 3762 2457 3838 ὑπεραγίας
2535 3765 2823 3820 Θεοτὸκου.
2880 3766 2942 3823 Ὁ
3023 3764 3080 3822 δὲ
3146 3768 3484 3843 ἆντεμήνυσε
3542 3774 3619 3846 μὴ
3681 3774 3817 3830 εἶναι

2169 3852 2340 3928 εὐχὴν
2374 3852 2463 3908 ἐπὶ
2519 3858 2891 3932 καταστροφῇ,
2924 3854 3054 3911 ἀλλ’
3110 3855 3200 3913 ἐπὶ
3258 3858 3552 3937 οἰκοδομῇ.
3612 3863 3816 3934 Βιαζό-

2172 3962 2329 4015 μενος
2386 3938 2443 3995 δὲ
2500 3940 2649 4018 παρὰ
2703 3946 2811 3998 τῶν
2869 3943 3290 4002 ἀποσταλέντων
3347 3952 3576 4020 ποιῆσαι
3632 3952 3694 4007 τὸ
3724 3957 3820 4008 τοῦ

2174 4028 2444 4107 βασιλέως
2477 4029 2820 4108 πρόσταγμα,
2861 4031 3026 4106 μόλις
3074 4036 3244 4090 εἶπεν·
3310 4034 3439 4109 δόξα
3494 4040 3711 4115 Χριστῷ
3740 4046 3819 4116 τῷ

2171 4124 2289 4193 Θεῷ
2342 4125 2422 4193 τῷ
2479 4120 2796 4196 ἀνεχομὲνῳ
2828 4164 2843 4179 .
2894 4125 3004 4181 Τοῦ
3086 4123 3357 4199 βασιλέως
3424 4127 3519 4183 οὗν
3569 4126 3660 4184 διὰ
3714 4132 3815 4200 τήν

2172 4209 2386 4279 ἀταξίαν
2451 4207 2616 4264 αὐτοῦ
2686 4215 2784 4279 τῆς
2834 4210 3112 4285 βασιλείας
3167 4212 3510 4287 ἐκπεσόντος,
3567 4218 3657 4273 καὶ
3714 4220 3815 4289 τήν

2171 4296 2292 4374 ῥῖνα
2320 4296 2408 4353 καὶ
2460 4299 2560 4367 τήν
2586 4295 2835 4374 γλῶτταν
2866 4297 3252 4374 ἐκτμηθέντος,
3309 4305 3403 4359 καὶ
3456 4302 3533 4366 εἶς
3565 4309 3815 4381 χερσῶνα

2171 4388 2559 4464 ἐξορισθὲντος,
2617 4389 2707 4445 καὶ
2763 4391 2928 4446 πάλιν
2981 4397 3115 4448 Θεοῦ
3183 4397 3533 4470 συγχωρήσει
3564 4395 3811 4471 προσλα-

2172 4473 2410 4552 ϐομένου
2442 4477 2669 4553 δύναμιν
2702 4477 2761 4534 ἐκ
2821 4481 3188 4564 ΒουΛγαρίας,
3239 4484 3330 4540 καὶ
3383 4487 3482 4551 τῆς
3537 4484 3817 4552 Βασιλείας

413 4574 694 4643 triarcha,
729 4580 787 4629 et
816 4575 1065 4629 Romam
1094 4573 1411 4647 relegatus,
1440 4579 1617 4645 atque
1666 4575 1729 4630 in
1762 4592 2049 4633 cameram

2170 4569 2557 4643 κρατήσαντος,
2588 4566 2814 4643 ἡρπάγη
2848 4570 2877 4624 ὁ
2907 4573 3256 4649 πατριὰρχης
3317 4572 3419 4629 ὑπὸ
3479 4578 3596 4630 πῶν
3654 4571 3817 4652 δορυ-

418 4681 586 4720 muro
620 4662 1017 4720 exstrinsecus
1049 4664 1506 4738 circumseptam
1536 4664 1874 4736 conclusus,
1916 4683 2060 4723 con-

419 4758 748 4810 summatus
780 4760 887 4811 est.

420 4960 494 5015 Et
532 4963 805 5014 certamen
869 4962 1205 5087 sacrosancstt
1257 4961 1520 5047 martyris
1573 4960 1777 5019 Irencei
1821 4962 2067 5034 episcopi

1179 5049 1350 5087 zrmu.

1179 5049 1350 5090 zrmu.

495 5147 671 5203 Sacer
692 5147 907 5202 Christi
932 5155 1156 5221 martyr
1186 5153 1445 5205 Irenasus
1475 5150 1805 5223 imperante
1837 5150 2067 5208 Diocle-

420 5235 583 5292 tiano
610 5235 741 5294 fuit.
772 5234 1038 5292 Edocens
1059 5242 1259 5293 autem
1282 5254 1403 5308 eos,
1445 5240 1546 5309 qui
1595 5239 1670 5296 ad
1719 5240 1916 5311 ipsum
1965 5239 2066 5296 ad-

424 5324 760 5394 ventabant,
793 5330 970 5396 atque
1000 5325 1062 5380 in
1095 5325 1309 5381 Christi
1342 5326 1582 5381 veritate
1636 5327 1980 5394 instituens,
2012 5332 2070 5383 et

423 5414 655 5472 Christo
686 5419 886 5485 aperte
918 5413 1268 5485 praedicans,
1302 5414 1533 5470 delatus
1564 5421 1655 5471 est
1692 5415 1765 5471 ab
1819 5415 2070 5473 idolola-

426 5507 532 5563 tris
587 5503 743 5576 apud
798 5501 1049 5574 probum
1118 5503 1499 5575 przefectum;
1545 5522 1613 5561 ac
1661 5504 1958 5574 detentus,
2013 5511 2072 5562 et

426 5594 653 5652 catenis
675 5591 999 5659 devinctus,
1032 5592 1197 5648 stetit
1238 5599 1374 5650 ante
1426 5593 1615 5649 illum.
1670 5595 2071 5666 Interrogatus

428 5704 581 5756 vero,
612 5683 782 5756 cujus
814 5682 1095 5752 nominis,
1139 5683 1409 5753 fortuna),
1460 5683 1788 5757 religionis,
1839 5685 2070 5755 patrias,

2173 4655 2378 4731 φόρων,
2426 4655 2517 4710 καὶ
2569 4655 2645 4717 εἷς
2694 4656 2922 4731 Ἀώμην
2972 4658 3260 4737 ἐξωρίσθη.
3319 4663 3423 4720 Καὶ
3480 4662 3815 4740 ἐγκλεισθεὶς

2172 4745 2250 4891 il:
2280 4745 2527 4890 κὲιμάραν
2581 4750 2662 4819 τῷ
2716 4746 2887 4822 τείχει
2941 4753 3405 4829 περιφραχθεῖσαν
3464 4747 3677 4830 ἔξωθεν,
3708 4754 3823 4812 ἐτε-

2213 4838 2308 4891 ειώ
2345 4857 2404 4905 η.

2175 4955 2280 5014 Καὶ
2336 4954 2570 5027 ἄθλησις
2647 4959 2746 5040 τοῦ
2820 4956 2978 5040 ἁγίου
3034 4958 3461 5040 -ἱερομάρτυρος
3525 4961 3826 5040 Εἲρηναίου

2700 5027 3000 5085 ἐπισκόπου
3032 5027 3289 5106 Σιρμίοιὶ.

2246 5146 2303 5200 '0
2357 5147 2454 5201 τοῦ
2510 5146 2749 5222 Χριστοῦ
2805 5145 3135 5224 ἲερομάρτυρ
3215 5149 3514 5225 Εἰρηναῖος
3574 5150 3824 5229 ὑπῆρχεν

2178 5235 2266 5292 ἐπὶ
2322 5240 2424 5305 τῆς
2480 5233 2759 5310 βασιλείας
2816 5235 3231 5309 Διοκλητιανοῦ·
3287 5236 3555 5297 διδάσκων
3617 5239 3676 5298 δι
3703 5241 3834 5303 τοὺς

2178 5323 2661 5402 προσερχομένους
2693 5324 2862 5397 αὐτῷ,
2891 5325 2981 5381 καὶ
3011 5332 3276 5404 κατηχῶν
3307 5329 3503 5393 αὐτοὺς
3531 5332 3627 5387 τὸν
3663 5332 3830 5405 λόγον

2176 5421 2277 5484 τῆς
2309 5412 2594 5484 ἀληθείας,
2622 5413 2714 5469 καὶ
2744 5414 2835 5469 τὸν
2879 5415 3117 5490 Χριστὸν
3183 5417 3465 5497 παρῥησίᾳ
3520 5419 3833 5496 κηρύττων,

2178 5502 2528 5577 κατεμηνύθη
2556 5497 2757 5578 Ηρόϐῳ
2784 5505 2866 5576 τῷ
2911 5504 3141 5580 ἡγεμόνι
3205 5507 3308 5563 ὑπὸ
3356 5513 3464 5566 τῶν
3525 5506 3835 5565 εἰδωλολα-

2178 5598 2346 5669 τρῶν.
2402 5592 2506 5651 Καὶ
2562 5594 2851 5670 κρατηθεὶς
2898 5595 2988 5649 καὶ
3047 5593 3218 5660 δεθεὶς
3277 5597 3527 5674 ἁλύσεσι,
3581 5600 3825 5677 παρέστη

2183 5683 2351 5757 αύτῷ.
2387 5682 2487 5738 Καὶ
2521 5680 2816 5760 ἐρωτηθεὶς
2847 5679 3043 5758 ὄνομα,
3070 5685 3301 5762 τύχνην,
3360 5688 3615 5767 πατρίδα,
3647 5684 3828 5765 σέϐας,
