4202 6314
454 405 564 466 601

1958 396 2398 460 AUGUSTUS.

3747 403 3867 464 602

453 534 816 610 ἐπιτήδευμα,
870 537 1040 592 πάντα
1099 536 1277 606 ἀφεὶς,
1353 534 1550 591 δοῦλυν
1609 532 1790 604 Ἰησοῦ
1866 533 2099 605 Χριστοῦ

2218 534 2395 600 atque
2424 531 2678 588 instituti
2698 537 2873 600 esset,
2903 533 3134 588 cmteris
3156 533 3436 588 omnibus
3457 535 3584 606 ipse
3605 538 3868 604 omissis,

458 629 646 684 ἑαυτὸν
680 627 1031 703 ὡμολόγησε.
1081 627 1307 700 Τυφθεὶς
1367 626 1455 680 οὖν
1518 621 1790 701 σφοδρῶς,
1837 617 2110 696 παρεδόθη

456 718 702 792 φυλακῇ,
751 715 804 770 ἐν
863 716 1001 788 αύτῇ
1057 715 1505 790 ταλαιπωρηθεὶς
1559 713 1824 789 ἰσχυρῶς,
1881 715 1990 766 τῶν
2026 707 2113 764 δε-

455 806 827 881 σμοφυλάκων
916 804 1285 880 παραγγελίαν
1375 803 1699 876 δεξαμένων,
1785 803 1861 875 μή
1953 800 2116 873 μόνον

457 894 718 973 ἀσφαλῶς
745 899 930 970 τηρεῖν
977 893 1162 963 αὐτὸν,
1213 894 1360 949 ἀλλὰ
1430 890 1572 966 μηδὲ
1628 895 1939 967 συγχωρεῖν
1997 909 2118 942 τινα

457 985 743 1053 εἰσελθεῖν,
827 987 918 1040 καὶ
975 988 1324 1057 θεραπεῦσαι,
1385 987 1419 1055 ἢ
1493 986 1856 1058 προσαγαγεῖν
1941 1001 1994 1035 τι
2052 979 2120 1033 τά

456 1077 594 1150 πρὸς
618 1075 825 1152 τροφὴν
856 1072 1161 1144 ἐπιτήδεια.
1213 1073 1362 1132 Μετὰ
1417 1073 1634 1135 πολλάς
1691 1071 1872 1126 τοίνυν
1903 1068 2114 1143 ἡμέρας

456 1169 558 1230 τῆς
609 1163 858 1242 φυλακῆς
915 1158 1229 1234 ἐκϐληθεὶς,
1285 1163 1376 1218 καὶ
1430 1163 1598 1219 πάλιν
1653 1158 2114 1234 καταναγκασθεὶς

460 1255 792 1328 ἀρνήσασθαι
852 1254 941 1307 τὸν
1004 1254 1232 1328 Χριστὸν
1292 1253 1381 1308 καὶ
1439 1255 1592 1307 θῦσαι
1657 1257 1774 1313 τοῖς
1828 1247 2108 1317 εἰδώλοις,

458 1345 546 1399 καὶ
632 1345 708 1415 μή
773 1342 1034 1414 πεισθεὶς,
1095 1337 1414 1413 ἐϐασανίσθη
1487 1339 1767 1420 σφοδρῶς·
1822 1340 1912 1395 καὶ
1977 1341 2108 1411 μετᾶ

459 1439 618 1490 τοῦτο
679 1430 866 1489 λαϐὼν
918 1435 1019 1504 τῆν
1081 1432 1170 1489 διά
1224 1439 1324 1490 τοῦ
1380 1433 1563 1507 ξίφους
1625 1433 1918 1507 ἀπόφασιν,
1977 1430 2106 1485 ἀπεο

457 1525 628 1604 κεφαλ
639 1526 760 1597 ίσθη
771 1569 782 1582 .

533 1645 629 1700 Καὶ
662 1644 891 1716 ἄθλησις
921 1648 1018 1699 τοῦ
1049 1643 1207 1720 ἁγίου
1265 1644 1661 1720 ίερομάρτυρος
1714 1641 2032 1717 Εἲρηναίου.

531 1762 704 1824 Οὗτος
789 1761 1032 1835 ὑπῆρχεν
1111 1759 1198 1814 ἐπὶ
1254 1766 1354 1828 τῆς
1418 1757 1696 1835 βασιλείας
1739 1760 1964 1833 Μάρκου
2016 1755 2106 1811 καὶ

463 1850 808 1921 Ἀντωνίνου,
841 1849 1075 1924 ἀρχαῖος
1103 1848 1262 1924 ἀνὴρ,
1298 1846 1566 1924 διάδοχος
1612 1847 1966 1924 χρηματίσας
1995 1851 2102 1901 τῶν

462 1943 628 2016 ἁγίων
663 1942 1006 2008 ἀποστόλων,
1047 1942 1136 1996 καὶ
1195 1939 1563 2011 ἐπισκοπῆσας
1618 1941 1668 1996 ἐν
1729 1940 1890 1996 πόλει
1939 1947 2108 2014 Λουγ-

465 2029 692 2099 δούνων,
727 2032 916 2106 χώρας
951 2029 1214 2092 Γαλλίας.
1262 2029 1357 2084 Καὶ
1421 2025 1650 2105 βίϐλους
1709 2029 1924 2092 πολλάς
1981 2050 2105 2105 συγ-

462 2120 806 2196 γραψάμενος
843 2116 1164 2196 βεϐαιούσας
1220 2121 1318 2189 τῆν
1379 2117 1668 2195 ὂρθόδοξον
1728 2118 1928 2189 πίστιν,
1986 2125 2105 2181 ταῖς

460 2209 813 2281 Ἐκκλησίαις
842 2209 1258 2266 καταλέλοιπεν.
1293 2211 1380 2282 Ἐξ
1439 2211 1510 2264 ὧν
1572 2211 1622 2264 οἱ
1670 2209 2106 2285 μεταγενέστεροι

455 2297 550 2362 τάς
580 2299 832 2374 ἀφορμάς
862 2306 962 2368 τῆς
994 2299 1281 2374 ἑρμηνείας
1337 2303 1446 2354 τῶν
1505 2299 1659 2353 θείων
1718 2303 1942 2375 Γραφῶν
2007 2297 2104 2353 λα-

455 2381 664 2456 ϐόντες,
701 2386 1023 2458 ἐξῆπλωσαν
1053 2388 1128 2450 εἰς
1183 2393 1354 2442 πᾶσαν
1399 2389 1496 2457 τήν
1533 2387 1882 2460 οἰκουμένην.
1923 2385 2103 2448 Πολὺς

457 2475 545 2529 οὗν
608 2475 684 2539 είς
745 2477 946 2554 ἀφετην
1007 2477 1097 2532 καὶ
1155 2482 1358 2552 γνῶσιν
1434 2477 1744 2552 γενόμενος,
1811 2477 1947 2551 μετά
2004 2478 2102 2545 τῆν

458 2566 594 2641 ὑπὲρ
628 2571 868 2642 Χριστοῦ
926 2569 1180 2641 ἄθλησιν,
1213 2567 1305 2622 καὶ
1356 2568 1418 2622 τὸ
1476 2566 1638 2630 τέλος
1691 2569 1949 2622 Ποθεινοῦ
2006 2570 2104 2621 τοῦ

450 2655 768 2728 ἐπισκόπου,
828 2655 1128 2722 ἐπίσκοπος
1181 2655 1572 2732 προεχειρίσθη
1653 2663 1750 2727 τῆς
1809 2655 2106 2730 εἰρημένης

455 2743 688 2810 πόλεως.
723 2748 824 2804 Καὶ
860 2745 1112 2810 πολλοὺς
1142 2751 1251 2802 τῶν
1295 2747 1533 2802 ἀπίστων
1571 2745 1776 2822 λόγοις,
1810 2746 1898 2800 καὶ
1949 2743 2101 2800 διδαο

459 2835 706 2900 σκαλίαις
745 2837 1012 2912 ἁρπάσας,
1069 2838 1160 2894 καὶ
1211 2843 1293 2911 τῷ
1346 2840 1572 2913 Χριστῷ
1633 2837 1906 2914 μάρτυρας
1964 2858 2100 2913 προ·

460 2927 730 3000 σαγαγὼν,
760 2926 1070 2983 τελευταῖον
1121 2929 1212 2983 καὶ
1271 2927 1433 2990 αὐτὸς
1488 2926 1775 3004 κρατηθεὶς
1834 2927 1936 2982 ὑπὸ
1992 2931 2101 2982 τῶν

464 3011 727 3086 διωκτῶν,
757 3016 847 3071 καὶ
879 3017 1018 3096 ξίφει
1044 3015 1380 3089 τελειωθεὶς,
1411 3017 1547 3093 πρὸς
1589 3017 1716 3072 Θεὸν
1749 3014 2102 3091 ἐξεδήμησεν,

459 3099 751 3160 ἀποῖαϐὼν
783 3108 883 3179 τῆν
912 3104 1280 3182 ἀποκειμένην
1308 3104 1455 3179 αύτῷ
1491 3105 1790 3183 βασιλείαν.

1018 3227 1198 3284 MHNI
1226 3231 1315 3281 ΤΩ
1350 3227 1544 3282 ΑΥΤΩ.

1239 3343 1336 3392 ΚΔ¹

668 3439 936 3514 ’Ἀθλησες
966 3439 1062 3498 τοῦ
1096 3441 1256 3519 άγίου
1293 3445 1570 3520 μάρτυρος
1601 3445 1887 3502 Τατιανοῦ.

527 3560 804 3630 Τατιανὸς,
866 3559 893 3614 ὁ
940 3559 1038 3614 τοῦ
1069 3563 1308 3636 Χριστοῦ
1343 3561 1568 3637 μάρτυς,
1621 3561 1868 3638 ὑπῆρχεν
1917 3563 1976 3618 ἐκ
2003 3570 2103 3634 τῆς

460 3644 648 3719 χώρας
705 3645 962 3722 Κρατίας,
1010 3650 1280 3702 κατοικῶν
1334 3646 1574 3718 πλησίον
1626 3651 1724 3703 τοῦ
1805 3649 2104 3705 Μαντινὲου

458 3734 550 3786 καὶ
591 3731 859 3789 διδάσκων
911 3733 1040 3799 τοὺς
1095 3734 1582 3812 προσερχομένους
1640 3738 1792 3810 αὐτῷ
1849 3737 2107 3803 ἀπίστους

461 3823 559 3890 τῆν
617 3823 692 3885 εἷς
753 3824 990 3898 Χριστὸν
1045 3825 1245 3882 πίστιν.
1301 3825 1660 3901 Διαγνωσθεὶς
1719 3823 1776 3880 δὲ
1831 3825 2102 3904 ἐκρατήθη

464 3913 608 3987 παρὰ
637 3917 743 3967 τῶν
773 3912 1082 3984 Ἑλλήνων,
1123 3915 1214 3969 καὶ
1276 3913 1449 3977 δεθεὶς
1509 3914 1784 3985 ἁλύσεσιν,
1815 3913 1970 3992 ἤχθη
2031 3917 2106 3980 εἷς

466 3999 932 4076 Κλαυδιούπολνν,
965 4004 1054 4059 καὶ
1100 4001 1374 4078 παρεδόθη
1432 4009 1512 4077 τῷ
1561 4005 1818 4081 ἡγεμόνι.
1853 4006 1950 4061 Καὶ
2002 4009 2103 4078 τῆν

464 4090 645 4162 ἀληθῆ
678 4091 856 4148 πίστιν
885 4091 1195 4168 κηρύττων,
1255 4092 1454 4172 ἐτύφθη
1516 4092 1768 4174 σφοδρῶς
1821 4096 1909 4151 καὶ
1966 4117 2103 4171 παρ-

465 4177 624 4252 εδόθη
665 4181 906 4259 φυλακῇ.
968 4183 1114 4238 Μετά
1170 4180 1227 4237 δὲ
1276 4184 1339 4238 τὸ
1393 4181 1885 4257 ταλαιπωρηθῆναι
1944 4185 2102 4241 αὐτὸν

463 4269 684 4336 ἱκανῶς,
717 4265 1008 4342 ἐκϐληθεὶς
1036 4269 1204 4328 πάλιν
1261 4273 1576 4346 ἠναγκάσθη
1629 4272 1960 4346 ἀρνήσασθαι
2014 4276 2106 4331 τὸν

463 4360 715 4436 Χριστόν.
749 4362 848 4416 Καὶ
883 4363 959 4434 μὴ
1015 4363 1252 4425 πεισθεὶς
1313 4361 1512 4441 ἐτύφθη
1575 4362 1759 4434 ξύλοις
1820 4365 2106 4440 μεγάλοις,

463 4449 552 4504 καὶ
636 4447 885 4525 σιδήροις
965 4456 1263 4527 πυρωθεῖσι
1332 4449 1663 4530 κατεφλέγη.
1752 4455 1878 4510 Εἶτα
1937 4452 2106 4519 δεθεὶς

465 4540 754 4614 σχοινίοις,
787 4539 1009 4614 ἐσύρετο
1042 4538 1132 4596 διὰ
1165 4540 1332 4614 μὲσης
1361 4548 1462 4612 τῆς
1522 4541 1738 4606 πόλεως
1766 4545 2105 4618 τυπτόμενος

2139 1895 2186 1959 Β

2222 635 2284 672 se
2313 621 2448 675 Iesu
2471 621 2689 676 Christi
2721 639 2954 677 servum
2985 621 3292 678 confessus
3315 628 3423 680 est.
3455 624 3686 680 Acriter
3715 626 3868 681 216

2219 710 2396 782 igitur
2436 729 2777 784 percussus,
2837 715 3120 771 custodias
3180 714 3455 783 traditur,
3515 721 3574 770 et
3628 733 3870 789 magnas

2219 801 2438 858 ibidem
2466 806 2713 875 pertulit
2741 806 3131 873 calamitates,
3157 806 3344 878 jussis
3367 808 3622 862 carceris
3672 814 3871 862 custo-

2217 888 2392 946 dibus
2448 909 2569 947 non
2631 895 2807 949 modo
2859 895 3178 967 diligenter
3248 896 3442 966 ipsum
3529 911 3868 962 asservare;

2219 981 2320 1036 sed
2353 985 2578 1038 nemini
2612 986 2980 1056 permittere,
3018 991 3082 1040 ut
3114 985 3186 1040 ad
3211 985 3377 1039 illum
3405 986 3869 1056 curandum,scu

2217 1070 2290 1124 ad
2323 1071 2526 1143 aliqua
2557 1074 2608 1128 ei
2641 1073 3009 1129 ali'erendum
3041 1075 3346 1129 esculenta
3377 1075 3670 1131 introiret.
3719 1077 3868 1148 Ergo

2217 1165 2349 1232 post
2377 1163 2600 1219 multos
2632 1163 2758 1220 dies
2786 1164 2858 1220 de
2891 1181 3126 1220 carcere
3157 1163 3428 1233 eductus,
3453 1180 3520 1219 ac
3553 1164 3747 1220 denuo
3779 1182 3872 1221 co-

2216 1255 2382 1306 actus
2401 1251 2737 1309 desciscere
2758 1255 3059 1322 aChristo,
3092 1254 3388 1325 idolisque
3423 1254 3778 1325 sacriﬁcare,
3812 1261 3870 1311 et

2214 1339 2381 1394 nullo
2413 1342 2591 1397 modo
2623 1343 2695 1398 ad
2727 1343 2785 1397 id
2819 1360 2879 1398 se
2913 1343 3112 1398 induci
3144 1359 3376 1415 passus,
3401 1343 3654 1417 ﬂagellis
3685 1345 3867 1400 vehe-

2215 1435 2449 1485 menter
2474 1432 2881 1489 contunditur.
2907 1436 3046 1488 Post
3079 1434 3205 1488 hinc
3232 1433 3412 1506 gladii
3447 1435 3689 1490 subiens
3730 1451 3866 1491 sen-

2215 1519 2484 1588 tentiam,
2512 1521 2704 1591 capite
2737 1522 3040 1592 plectitur.

2409 1637 2478 1690 Et
2506 1643 2778 1692 certamen
2807 1639 3141 1694 sacrosancti
3170 1641 3429 1707 martyris
3457 1639 3675 1695 Irenzei.

2285 1757 2518 1810 Exstitit
2547 1758 2661 1825 hic,
2693 1758 3127 1829 imperantibus
3185 1759 3376 1812 Marco
3436 1762 3494 1811 et
3541 1758 3862 1826 Antonino,

2213 1844 2422 1915 priscae
2457 1847 2646 1901 aetatis
2676 1848 2783 1914 vir,
2818 1847 3221 1918 apostolorum
3251 1863 3580 1913 successor,
3604 1847 3867 1918 episcopi

2215 1951 2464 1988 munere
2498 1936 2557 1989 in
2583 1937 2862 2005 Lugduno
2888 1937 3090 1992 Gallia:
3113 1937 3351 1991 civitate
3372 1936 3630 1991 functus.
3661 1937 3868 1991 Plures

2214 2023 2392 2077 etiam
2417 2025 2773 2096 conscripsit
2803 2025 2986 2080 libros
3009 2025 3082 2079 ad
3107 2024 3496 2080 orthodoxam
3521 2025 3697 2079 fidem
3727 2043 3865 2080 con-

2215 2110 2590 2180 ﬁrmandam,
2625 2131 2658 2169 a
2693 2114 2910 2186 quibus
2941 2131 3087 2170 ansa
3118 2119 3354 2187 arrepta
3402 2115 3760 2186 posteriores
3791 2114 3864 2168 ad

2212 2198 2690 2272 interpretandas
2721 2203 2954 2258 divinas
2985 2203 3340 2276 Scripturas,
3372 2204 3644 2258 universo
3677 2208 3862 2258 terra-

2211 2307 2343 2345 rum
2377 2291 2504 2346 orbi
2539 2309 2637 2348 eas
2671 2300 3088 2365 exposuerunt.
3121 2294 3386 2351 Celebris
3417 2295 3618 2364 itaque
3651 2294 3863 2348 virtute

2211 2398 2278 2436 ac
2320 2381 2677 2450 eruditione,
2735 2389 3052 2454 postquam
3109 2401 3213 2455 pro
3270 2384 3502 2440 Christo
3559 2389 3861 2438 certamen

2211 2470 2500 2526 Pothinus
2535 2472 2848 2543 episcopus
2910 2474 3363 2540 consummavit,
3423 2472 3550 2544 ipse
3601 2472 3862 2546 prmfatm

2210 2559 2376 2615 urbis
2423 2561 2738 2633 episcopus
2769 2561 3152 2636 designatur;
3206 2581 3274 2618 ac
3321 2563 3542 2618 multos
3590 2562 3864 2617 inﬁdeles

2211 2649 2610 2719 sermonibus,
2647 2656 2702 2704 et
2730 2651 3038 2719 doctrinis,
3071 2652 3704 2724 adhortationibusque
3727 2652 3866 2707 abs-

2211 2737 2451 2791 trahens
2479 2738 2550 2793 ab
2610 2755 2832 2806 errore,
2875 2745 3052 2810 atque
3103 2741 3237 2795 illos
3285 2741 3516 2796 Christo
3570 2746 3861 2812 martyres

2208 2825 2519 2898 adjugens,
2552 2827 2790 2883 tandem
2825 2835 2882 2882 et
2911 2829 3039 2900 ipse
3095 2831 3562 2901 comprehensus
3594 2848 3627 2886 a
3656 2847 3858 2901 perse-

2209 2916 2532 2984 cutoribus,
2566 2922 2625 2972 et
2652 2917 2847 2989 gladio
2879 2917 3206 2988 confectus,
3243 2918 3316 2974 ad
3349 2919 3533 2974 Deum
3561 2919 3856 2992 migravit,

2207 3009 2479 3075 paratum
2511 3004 2624 3059 sibi
2655 3021 2902 3077 regnum
2934 3005 3249 3078 recipiens.

2774 3221 3012 3278 EODEM
3050 3222 3299 3278 MENSE.

2708 3327 2812 3384 Die
2843 3329 3124 3386 vicesima
3153 3335 3365 3402 quarta

2411 3434 2559 3491 217
2597 3436 2878 3493 Certamen
2909 3440 3089 3494 sancti
3115 3438 3382 3510 martyris
3414 3439 3654 3494 Tatiam'.

2287 3553 2567 3608 Tatianus
2599 3554 2815 3610 Christi
2844 3561 3072 3626 martyr
3101 3555 3215 3610 fuit
3244 3573 3314 3611 ex
3345 3557 3543 3613 Gratia
3582 3556 3820 3629 regione
3848 3573 3861 3612 :

2216 3647 2274 3696 et
2298 3641 2454 3713 apud
2480 3643 2842 3699 Mantineam
2868 3644 3110 3716 degens,
3142 3650 3318 3715 atque
3349 3645 3423 3700 ad
3473 3662 3534 3700 se
3578 3645 3864 3700 acceden-

2216 3736 2304 3785 tes
2335 3730 2608 3786 intideles
2640 3730 2819 3786 ﬁdem
2876 3733 3092 3788 Christi
3152 3733 3428 3802 edocens,
3489 3734 3560 3789 ab
3610 3735 3865 3788 ethnicis

2216 3819 2512 3884 detentus,
2542 3825 2598 3874 et
2627 3821 2852 3875 catenis
2883 3822 3260 3889 constrictus,
3292 3823 3724 3896 Claudiopolim
3748 3823 3864 3879 du-

2215 3910 2388 3974 citur,
2418 3924 2486 3963 ac
2519 3909 2772 3964 traditur
2800 3910 3080 3981 praefecto
3107 3929 3121 3978 ;
3177 3928 3494 3984 veramque
3545 3914 3866 3968 enuntians

2215 3999 2395 4054 ﬁdem
2428 3999 2750 4055 crudeliter
2778 4000 3045 4069 caeditur,
3082 4006 3142 4056 et
3172 4001 3233 4057 in
3264 4019 3563 4059 carcerem
3584 4003 3864 4059 mittitur.

2213 4090 2534 4160 Postquam
2563 4105 2702 4144 vero
2734 4090 3017 4145 aerumnis
3047 4090 3160 4145 fuit
3187 4091 3357 4147 valde
3376 4093 3863 4162 vexatus,iterum

2216 4183 2538 4249 extractus,
2570 4179 2868 4234 Christum
2921 4181 3150 4252 cogitur
3195 4181 3507 4256 denegare.
3559 4183 3672 4238 Sed
3701 4184 3775 4240 ad
3806 4184 3864 4238 id

2213 4285 2596 4340 nequaquam
2624 4269 2927 4338 inductus,
2961 4271 3304 4343 ingentibus
3335 4271 3594 4328 fustibus
3625 4291 3864 4345 percus-

2217 4375 2339 4427 sus,
2371 4363 2428 4413 et
2458 4359 2640 4431 ignito
2699 4359 2858 4415 ferro
2916 4360 3300 4429 combustus;
3359 4362 3604 4418 funibus
3661 4369 3868 4434 postea

2215 4449 2466 4515 vinctus,
2496 4465 2604 4520 per
2621 4448 2882 4504 mediam
2908 4449 3118 4505 urbem
3140 4457 3430 4522 raptatur,
3465 4469 3782 4523 percussus
3811 4458 3870 4508 et

2217 4537 2620 4593 conculcatus.
2655 4539 2919 4610 Cumque
2950 4539 3024 4594 ad
3046 4540 3298 4595 civitatis
3321 4546 3552 4611 portam
3564 4543 3865 4611 pervenis-

464 4630 553 4683 καὶ
610 4628 1082 4705 συμπατούμενος.
1145 4629 1248 4687 Καὶ
1296 4631 1386 4685 ὅτε
1444 4627 1640 4704 ἔφθασε
1671 4634 1767 4702 τῆν
1801 4632 1981 4705 πύλην
2012 4642 2106 4705 τῆς

2221 4631 2330 4696 set,
2364 4643 2426 4682 se
2457 4627 2650 4682 crucis
2681 4628 2850 4699 signo
2881 4627 3144 4699 signans,
3167 4628 3370 4683 audita
3398 4627 3655 4702 desuper
3701 4648 3863 4701 voce,

468 4718 706 4791 πόλεως,
763 4719 1062 4798 σφραγίσας
1121 4719 1308 4775 ἑαυτὸν
1365 4723 1444 4792 τῷ
1504 4720 1718 4794 σημείῳ
1767 4727 1864 4778 τοῦ
1919 4724 2108 4799 τιμίου

468 4815 719 4888 σταυροῦ,
750 4812 840 4867 καὶ
899 4819 1086 4890 φωνῆς
1143 4809 1340 4868 ἄνωθεν
1395 4811 1696 4876 ἐπακούσας
1753 4815 2106 4892 εὐαγγελιζο-

471 4902 636 4972 μὲνης
661 4903 730 4958 τὰ
760 4899 1095 4976 ἀποκείμενα
1125 4901 1271 4975 αὐτῷ
1298 4901 1493 4978 ἀγαθὰ,
1522 4906 1602 4975 τῷ
1630 4907 1749 4976 Θεῷ
1801 4904 1864 4958 τὸ
1893 4910 2108 4979 πνεῦμα

464 4992 747 5066 παρέθετο,
769 4991 858 5046 καὶ
890 4990 1059 5070 ἐτάφη
1088 4991 1152 5048 τὸ
1179 4992 1362 5065 τίμιον
1401 4991 1566 5048 αὐτοῦ
1597 4990 1848 5068 λείψανον
1881 4992 1933 5050 ἰν
1965 4996 2106 5070 αὐτῇ

461 5084 530 5154 τῇ
562 5079 745 5138 πόλει.

465 5197 560 5253 Καὶ
591 5197 820 5271 ἄθλησις
850 5203 948 5276 τοῦ
976 5197 1131 5276 άγίου
1185 5199 1457 5276 μάρτυρος
1514 5197 1796 5276 Εὐτυχίόυ
1859 5205 2106 5274 μαθητοῦ

776 5275 873 5326 τοῦ
903 5271 1056 5348 ἁγίου
1088 5271 1338 5328 Ἰωάννου
1359 5271 1456 5328 τοῦ
1487 5271 1781 5346 Θεολόγου.

532 5389 788 5466 Εύτυχὴς
820 5390 848 5444 ὁ
877 5394 974 5445 τοῦ
1005 5393 1244 5465 Χριστοῦ
1273 5390 1497 5464 μάρτυς,
1531 5390 1740 5464 ἐγένετο
1783 5389 1876 5464 μὲν
1909 5389 1969 5445 ἐκ
2005 5397 2104 5460 τῆς

464 5476 978 5544 Σεϐαστουπόλεωςο
1041 5477 1130 5536 διὰ
1210 5479 1268 5535 δὲ
1323 5481 1414 5535 τὸν
1459 5484 1596 5557 πρὸς
1648 5482 1880 5556 Χριστὸν
1938 5481 2104 5546 πόθον

460 5571 778 5628 καταλιπὼν
831 5571 921 5626 καὶ
977 5567 1213 5647 πατρίδα
1272 5569 1366 5625 καὶ
1440 5575 1645 5645 γονεῖς,
1702 5569 1916 5641 ἀπῆλθε
1970 5573 2107 5646 πρὸς

461 5664 553 5718 τὸν
587 5664 744 5739 ἅγιον
802 5660 1055 5731 Ἰωάννην
1108 5661 1200 5715 τὸν
1259 5657 1553 5736 Θεολόγον,
1609 5660 1702 5715 καὶ
1759 5659 1982 5736 γέγονεν
2011 5661 2105 5716 αύ-

464 5759 562 5810 τοῦ
615 5752 886 5827 μαθητής.
947 5751 1050 5807 Καὶ
1112 5750 1495 5823 μιμησάμενος
1555 5749 1714 5805 αὐτὸν
1760 5749 1835 5812 εἷς
1892 5752 2107 5823 ἀρετὴν,

2220 4733 2350 4788 quas
2373 4716 2485 4787 ipsi
2513 4721 2843 4787 praeparata
2861 4715 3020 4771 dona
3039 4717 3599 4790 annuntiabat,spiri
3610 4724 3733 4775 tum
3748 4721 3865 4775 Deo

2218 4805 2504 4860 tradidit:
2537 4804 2786 4875 ejusque
2817 4804 3182 4862 venerabiles
3241 4806 3510 4879 reliquiae
3562 4809 3624 4864 in
3659 4809 3866 4866 eadem

2217 4893 2450 4950 civitate
2481 4892 2735 4949 conditas
2768 4892 3029 4949 fuerunt.

2217 5197 2290 5250 Et
2345 5201 2619 5251 certamen
2673 5195 3197 5273 sancti_mart_yr1's_
3266 5198 3526 5273 ῌιιιῃοῆἰὶ
3599 5199 3868 5273 discipuli

2670 5267 2850 5322 sancti
2874 5267 3102 5322 Joannis
3135 5267 3412 5340 Theologi.

2290 5391 2608 5465 Eutycbius
2652 5391 2866 5447 Christi
2919 5398 3146 5465 martyr
3220 5396 3591 5470 Sehastopoli
3669 5404 3868 5468 natus,

2217 5489 2460 5556 propter
2488 5483 2698 5538 Christi
2733 5482 3120 5555 desiderium,
3162 5488 3391 5558 patriae,
3425 5505 3492 5544 ac
3522 5491 3868 5560 parentibus

2217 5576 2427 5629 nuntio
2455 5575 2730 5639 remisso,
2765 5575 3014 5630 secessit
3041 5575 3112 5630 ad
3142 5577 3433 5634 Joannem
3482 5580 3867 5651 Theologum,

2221 5670 2277 5718 et
2304 5665 2466 5719 illius
2525 5663 2708 5719 evasit
2752 5663 3124 5734 discipulus:
3176 5668 3346 5738 cujus
3407 5669 3529 5738 ipse
3588 5668 3866 5720 virtutem

2218 5754 2505 5823 imitatus,
2539 5754 2639 5807 Dei
2671 5753 2860 5823 gratia
2881 5754 3145 5823 repletus
3174 5755 3319 5809 fuit:
3372 5756 3688 5825 divinoque
3739 5752 3871 5808 zelo
