4184 6326
354 379 481 438 ’603
1684 371 2002 432 MENOLO

2115 374 2117 429 ἶ
2164 371 2358 432 PARS
2403 372 2514 434 Ill.
3651 378 3775 438 σοι

359 513 718 574 commotus,
752 508 970 561 erroris
1010 507 1378 562 munitiones
1428 506 1659 574 evertit,
1715 505 2002 561 idolorum

2127 504 2356 578 χάριτος
2385 503 2630 577 ἐπλήσθη
2664 508 2818 564 Θεοῦ.
2853 509 2955 565 Καὶ
3017 508 3148 581 θείῳ
3181 510 3338 582 ζήλῳ
3384 510 3648 580 κινηθεὶς,
3706 510 3777 565 τὰ

355 600 496 653 fana
528 596 653 652 solo
677 596 950 667 aequavit,
982 600 1040 649 et
1071 594 1346 650 inﬁdeles
1371 594 1755 650 adChristum
1770 611 2002 649 conver-

2120 592 2460 667 ὀχυρώματα
2517 601 2620 664 τῆς
2673 593 2889 667 πλάνης
2938 596 3211 673 ἀνέτρεψε·
3268 599 3397 661 τοὺς
3455 596 3617 660 ναοὺς
3667 603 3779 655 τῶν

355 693 513 754 tens,
547 685 879 757 baptizavit.
914 687 1054 739 Post
1093 684 1372 756 Theologi
1421 689 1618 739 autem
1671 684 2002 750 transitum,

2120 679 2366 737 εἰδώλων
2425 683 2801 760 κατέστρεψεν
2860 686 2989 749 τοὺς
3050 686 3307 749 ἀπίστους
3367 686 3455 742 ἐπὶ
3509 687 3604 743 τὸν
3666 689 3774 743 Κύ-

359 775 672 831 discedens
703 774 777 829 ad
809 780 1082 829 sanctum
1114 774 1389 842 Paulum,
1431 790 1641 845 passus
1692 779 1783 828 est
1832 772 2002 828 simul

2121 788 2238 842 ριον
2295 773 2539 845 Χριστὸν
2596 773 2935 852 ἐπιστρέφων
2989 771 3295 845 ἐϐάπτιζεν.
3358 776 3513 835 Μετά
3558 773 3618 832 δὶ
3672 778 3773 846 τήν

359 881 494 920 cum
525 881 595 918 eo
628 862 883 928 vincula,
919 866 1234 930 tormenta,
1285 868 1463 932 atque
1514 859 1793 932 ﬂagella:
1845 866 1903 915 et
1949 861 2002 914 in

2122 861 2442 932 μετάστασιν
2470 866 2570 917 τοῦ
2601 861 2897 938 Θεολόγου,
2959 864 3210 929 ἀπελθὼν
3270 866 3408 941 πρὸς
3464 866 3556 920 τὸν
3612 865 3770 942 ἅγιον

354 955 658 1010 fornacem
678 953 852 1008 etiam
883 952 1159 1023 injectus,
1181 951 2013 1024 pluviadescendente,illam-

2116 948 2353 1020 Παῦλον,
2388 953 2811 1018 συνεκακοπάθει
2842 955 2994 1028 αὖτῷ
3057 955 3109 1011 ἐν
3176 961 3295 1019 ταῖς
3339 956 3609 1030 θλίψεσιν,
3643 957 3774 1012 ὑπο-

360 1062 474 1116 que
511 1044 946 1114 exstinguente,
994 1042 1138 1097 exiit
1190 1042 1458 1097 illaesus:
1512 1059 1580 1097 ac
1622 1041 1841 1096 belluis
1891 1046 2002 1096 tra-

2123 1038 2297 1114 μένων
2332 1040 2506 1118 δεσμά
2563 1047 2655 1101 καὶ
2713 1042 3077 1122 στρεϐλώσεις
3130 1048 3222 1103 καὶ
3286 1048 3578 1122 μάστιγας.
3630 1050 3771 1121 Ἐμ-

359 1134 518 1189 ditus
554 1133 867 1202 vorandus,
900 1132 1128 1188 nullam
1162 1132 1234 1187 ab
1267 1132 1351 1187 eis
1396 1131 1706 1187 lmsionem
1758 1130 2009 1202 accepit.

356 1224 579 1279 Exinde
605 1240 638 1279 a
662 1225 763 1279 Dei
785 1223 993 1295 angelo
1021 1222 1560 1293 ductus,Ephesum
1574 1220 2007 1293 proﬁciscitur;

358 1320 418 1370 et
446 1314 537 1368 sui
568 1314 833 1385 magistri
864 1329 1037 1386 grege
1068 1312 1221 1368 218
1256 1311 1469 1379 reviso,
1501 1312 1717 1365 iterum
1762 1311 1823 1365 in
1871 1326 2008 1381 pro-

355 1403 550 1475 priam
582 1420 645 1458 se
677 1402 934 1459 contulit
982 1402 1301 1471 civitatem,
1353 1400 1455 1456 ubi
1504 1400 1720 1472 plenus
1772 1399 2008 1455 dierum

354 1490 665 1563 requievit.

353 1770 420 1824 Et
468 1773 734 1825 memoria
786 1771 968 1826 sancti
1023 1772 1208 1825 Patris
1260 1767 1441 1824 nostri
1499 1770 1669 1824 Mena;
1729 1766 2007 1836 archiepi-

829 1844 978 1911 scopi
1007 1840 1531 1910 Constantinopolis.

427 1956 677 2012 Sanctus
699 1959 872 2012 Pater
891 1962 1097 2012 noster
1120 1958 1320 2011 Menas
1355 1960 1505 2023 erat,
1535 1953 1868 2009 Iustiniano
1898 1952 2013 2006 im-

354 2051 625 2116 perante,
657 2045 967 2118 presbyter
996 2045 1264 2101 ecclesiis
1309 2041 2009 2113 ConstantinOpolitanaa.

357 2134 605 2206 Propter
625 2135 755 2207 ejus
778 2140 977 2190 autem
998 2136 1275 2191 virtutem
1300 2134 1523 2189 electus
1542 2130 2009 2187 fuitConstanti-

354 2224 589 2295 nopolis
610 2224 968 2295 patriarcha,
993 2229 1050 2279 et
1070 2240 1103 2279 a
1128 2241 1281 2295 papa
1304 2225 1500 2278 Romae
1522 2225 1781 2294 Agapeto
1798 2235 2007 2275 conse-

352 2318 574 2381 cratus,
600 2315 702 2384 qui
728 2319 867 2369 tunc
898 2314 1184 2385 temporis
1215 2316 1402 2368 Roma
1431 2312 1575 2367 illuc
1604 2311 1905 2383 profectus
1935 2308 2008 2365 ad

354 2402 796 2474 componendas
810 2403 1173 2474 qumstiones
1196 2399 2007 2467 ecclesiasticas,Anthimum

355 2491 709 2548 baireticum
735 2493 1114 2549 anathemate
1142 2492 1717 2565 percellens,throno
1741 2488 2012 2546 exturba-

356 2586 538 2637 verat.
575 2581 688 2637 Sed
713 2583 826 2637 hoc
857 2584 1104 2639 Romam
1147 2583 1363 2638 iterum
1418 2597 1672 2649 reverso,
1725 2585 1785 2635 et
1828 2578 2005 2650 paulo

354 2674 491 2741 post
517 2671 635 2725 vita
662 2669 890 2737 functo,
924 2670 1077 2725 alius
1108 2672 1408 2726 Romanus
1436 2668 1700 2741 pontifex
1722 2666 2005 2723 fuitdesi-

352 2763 586 2830 gnatus,
621 2760 721 2830 qui
749 2765 884 2832 post
913 2759 1157 2831 aliquod
1191 2765 1424 2832 tempus
1447 2763 1506 2813 et
1526 2759 1652 2829 ipse
1676 2756 2007 2839 Constanti-

354 2847 618 2919 n0polim
670 2854 899 2920 petens,
968 2848 1295 2903 honoribus
1353 2852 1444 2903 est
1501 2848 1767 2917 affectus,
1829 2850 2005 2916 atque

352 2937 760 2993 amantissime
775 2944 1054 3010 exceptus
1068 2943 1193 2992 tum
1206 2939 1280 2993 ab
1294 2937 1810 3008 imperatore,tum
1824 2936 2005 2990 etiam

361 3043 394 3081 a
422 3026 796 3098 patriarcha;
830 3027 933 3083 sed
981 3027 1167 3082 animi
1196 3026 1456 3081 levitate
1508 3026 1721 3093 elatus,
1767 3040 2005 3097 pcenam

355 3116 731 3171 sanctissimo
755 3118 937 3171 Mena:
970 3116 1269 3188 irrogavit,
1302 3132 1376 3169 ne
1410 3114 1669 3186 amplius
1699 3130 1827 3168 rem
1858 3112 2007 3167 divi-

350 3221 492 3259 nam
518 3205 765 3260 faceret.
799 3206 870 3259 Et
898 3206 1009 3260 iste
1040 3204 1312 3277 quidem,
1338 3209 1543 3275 utpote
1576 3204 1676 3258 Dei
1707 3202 1999 3274 pontlfex,

349 3294 524 3350 laetus
556 3311 793 3366 poenam
827 3295 1027 3350 subiit.
1063 3296 1138 3349 At
1165 3312 1302 3350 vero
1358 3293 1683 3365 imperator
1729 3293 1801 3348 ad
1849 3293 1999 3347 iram

350 3389 707 3450 commotus,
735 3383 974 3455 injuriis
996 3385 1272 3439 affectum
1300 3399 1515 3454 papam
1543 3384 1791 3437 Romam
1821 3381 2005 3436 remi-

350 3472 446 3527 sit.
481 3473 551 3525 Et
577 3477 714 3542 post
751 3473 878 3527 haec
909 3478 1150 3528 sanctus
1190 3474 1409 3537 Menas,
1462 3471 1646 3543 probe
1688 3487 1862 3544 grege
1913 3469 2003 3524 di-

349 3565 538 3627 recto,
577 3561 848 3633 migravit
879 3562 953 3617 ad
984 3562 1192 3618 Deum.

458 3745 525 3798 Bt
555 3748 831 3799 certamen
862 3744 1005 3799 beati
1032 3744 1297 3813 martyris
1329 3743 1553 3812 Georgii
1581 3743 1911 3797 Limnwotw.

428 3903 640 3959 Beatus
657 3905 941 3973 Georgius
954 3905 1145 3975 primo
1168 3904 1240 3959 ab
1262 3902 1666 3959 adolescentia
1678 3902 1999 3958 asceticum

356 3989 488 4043 vitae
514 3990 852 4046 institutum
887 3991 947 4045 in
979 3992 1212 4062 Olympi
1251 3992 1556 4046 montibus
1604 4007 1806 4062 agens,
1863 4007 1999 4045 cum

355 4076 530 4148 plura
587 4078 817 4133 virtutis
877 4078 1158 4134 subiisset
1235 4081 1605 4146 certamina;
1665 4080 1999 4151 imperante

356 4170 566 4237 postea
596 4167 786 4222 Leone
816 4169 1042 4235 Isauro,
1068 4168 1170 4238 qui
1202 4184 1399 4223 sacras
1430 4168 1721 4240 imagines
1763 4184 1998 4224 aversa-

357 4254 533 4309 batur
547 4260 724 4325 atque
746 4256 1003 4323 delebat,
1032 4262 1494 4328 sanctorumque
1516 4259 1696 4313 etiam
1714 4258 2000 4328 reliquias

356 4342 636 4398 incendio
662 4343 1004 4400 assumebat
1018 4362 1031 4411 ;
1047 4344 1243 4399 divino
1264 4345 1391 4416 ipse
1408 4344 1529 4400 zelo
1542 4344 1999 4417 impulsus,ante

354 4431 528 4487 illum
558 4438 749 4501 stans,
782 4439 841 4489 et
893 4434 1182 4505 loquendi
1231 4433 1504 4490 libertate
1549 4439 1803 4506 arrepta,
1862 4451 1998 4490 eum

351 4519 675 4579 fortissime
704 4523 1025 4595 redarguit,
1058 4524 1301 4579 atheum
1332 4523 1663 4595 appellans,
1723 4529 1783 4579 et
1830 4524 1996 4579 Anti-

2045 1870 2093 1935 B

2116 1126 2345 1203 ϐληθεὶς
2380 1131 2439 1188 δὲ
2467 1134 2559 1189 καὶ
2591 1134 2668 1198 εἰς
2722 1138 2979 1210 κάμινον,
3026 1135 3249 1210 ἐξῆλθεν
3309 1131 3584 1210 ἀϐλαϐὴς,
3616 1138 3773 1192 ὑετοῦ

2112 1220 2472 1286 κατελθόντος
2502 1223 2592 1278 καὶ
2650 1221 3083 1288 κατασϐέσαντος
3143 1226 3336 1297 αὐτήν.
3395 1227 3495 1282 Καὶ
3554 1228 3776 1298 θηθίοις

2116 1306 2291 1375 δοθεὶς
2322 1312 2398 1374 εἷς
2458 1313 2687 1389 βρῶσιν,
2746 1314 2847 1370 οὐκ
2901 1313 3145 1387 ἠδικήθη
3208 1317 3339 1392 παρ’
3397 1314 3597 1372 αὐτῶν·
3658 1318 3778 1372 εἶτα

2115 1399 2220 1455 ὑπὸ
2274 1403 2373 1455 τοῦ
2431 1401 2578 1465 θείου
2637 1401 2875 1479 ἀγγέλου
2935 1402 3329 1482 ὁδηγούμενος,
3392 1404 3635 1476 ἀπῆλθεν
3695 1405 3775 1468 είς

2111 1490 2367 1566 Ἔφεσον,
2398 1492 2489 1546 καὶ
2517 1491 2580 1546 τὸ
2610 1492 2871 1566 ποίμνιον
2929 1497 3027 1549 τοῦ
3086 1491 3421 1551 διδασκάλου
3477 1492 3775 1569 ἐπισκεψά-

2119 1600 2305 1653 μενος,
2335 1580 2657 1658 παρεγένετο
2713 1581 2880 1638 πάλιν
2932 1581 3009 1645 εἷς
3067 1584 3166 1654 τήν
3226 1581 3365 1639 ίδίαν
3426 1583 3612 1640 πόλιν·
3642 1578 3771 1639 ἔνθα

2112 1667 2338 1743 πλήρης
2369 1671 2588 1745 ἡμερῶν
2620 1669 2915 1746 γενόμενος
2947 1671 3307 1732 ἀνεπαύσατο.

2186 1769 2287 1822 Καὶ
2321 1770 2512 1841 μνήμη
2553 1772 2656 1847 τοῦ
2681 1768 2733 1824 ἐν
2773 1770 2945 1847 ἁγίοις
2978 1772 3191 1847 Πατρὸς
3221 1774 3382 1847 ἡμῶν
3416 1773 3580 1843 Μηνᾶ
3608 1771 3700 1847 ἀρ-

2402 1841 2768 1914 χιεπισκόπου
2818 1841 3484 1907 ΚώνσταντινουπόΛεως.

2187 1949 2320 2006 Ὁέν
2346 1949 2524 2023 ἁγίοις
2573 1950 2760 2026 Πατὴρ
2801 1952 2965 2023 ἡμῶν
3023 1953 3217 2022 Μηνᾶς
3279 1952 3495 2028 ὑπῆρχε
3528 1953 3622 2026 μὶν
3677 1951 3769 2008 ἐπὶ

2113 2043 2216 2107 τῆς
2278 2035 2561 2110 βασιλείας
2644 2040 3033 2096 Ἰουστινιανοῦ
3116 2036 3481 2116 πρεσϐύτερος
3556 2048 3656 2111 τῆς
3714 2042 3769 2096 ἐν

2114 2126 2694 2182 Κωνσταντινουπόλει
2718 2127 3071 2201 Ἐκκλησίας,
3104 2126 3193 2185 διὰ
3224 2127 3281 2185 δὶ
3304 2131 3405 2200 τὴν
3438 2128 3603 2185 αὐτοῦ
3632 2131 3763 2206 ἀρε-

2113 2215 2213 2283 τὴν
2245 2214 2593 2291 πατριάρχης
2648 2218 3043 2294 προεχειρίσθη
3108 2216 3762 2289 Κωνσταντινουπόλεως,

2115 2304 2522 2380 χειροτονηθεὶς
2553 2302 2611 2360 δὲ
2643 2306 2747 2362 ὑπὸ
2772 2308 3089 2382 Ἀγαπητοῦ
3119 2308 3272 2362 πάπα
3299 2309 3545 2382 Ῥώμης,
3606 2306 3764 2363 ἀνελ-

2116 2393 2303 2458 θόντος
2334 2393 2395 2449 ἐκ
2420 2400 2521 2463 τῆς
2577 2394 2803 2467 Ῥώμης
2849 2394 2995 2466 τότε,
3046 2394 3138 2451 ἐπὶ
3191 2394 3481 2473 διορθώσει
3510 2401 3620 2452 τῶν
3670 2396 3761 2452 ἐκ-

2112 2481 2516 2553 κλησιαστικῶν
2548 2486 2901 2557 ζητημάτων,
2953 2485 3041 2540 καὶ
3096 2486 3587 2559 ἀναθεματίσαντος
3634 2487 3769 2544 Ἀν-

2114 2573 2274 2645 θιμον
2306 2570 2400 2626 τὸν
2447 2572 2736 2647 αἱρετικὸν,
2794 2572 2884 2628 καὶ
2940 2577 3037 2628 τοῦ
3121 2574 3318 2650 θρόνου
3369 2574 3762 2638 ἀπελάσαντος.

2115 2658 2293 2716 Ἀλλά
2319 2662 2518 2717 τούτου
2565 2660 2733 2718 πᾶλιν
2794 2662 3229 2737 ὑποστρέψαντος
3263 2662 3339 2726 είς
3369 2664 3614 2738 Ῥώμην,
3668 2665 3765 2719 καὶ

2117 2748 2249 2821 μετά
2337 2749 2528 2826 μικρὸν
2587 2748 3031 2822 τελευτήσαντος,
3107 2750 3503 2826 ἐχειροτονήθη
3554 2752 3760 2826 ἓτερος.

2113 2841 2215 2896 Καὶ
2242 2841 2377 2913 μετά
2402 2840 2604 2916 χρόνον
2662 2840 2784 2895 τινά
2815 2838 3058 2905 ἀνελθὼν
3111 2841 3203 2895 καὶ
3250 2841 3416 2904 αὐτὸς
3475 2840 3552 2904 εἷς
3606 2845 3762 2899 Κων-

2113 2924 2595 2994 σταντινούπολιν,
2656 2925 2917 2998 ἐτιμήθη,
2974 2925 3065 2981 καὶ
3114 2923 3371 2999 ἐδεξιώθη
3405 2924 3762 3004 φιλοφρόνως

2111 3021 2259 3092 παρά
2282 3018 2464 3074 τετοῦ
2500 3018 2790 3088 βασιλέως,
2820 3019 2910 3081 καὶ
2939 3022 3035 3074 τοῦ
3065 3021 3433 3094 πατριάρχου,
3465 3018 3568 3076 Καὶ
3596 3019 3765 3094 ὑπερ-

2111 3107 2293 3180 αρθεὶς
2378 3107 2480 3162 ὑπὸ
2564 3109 2924 3182 κουφότητος,
3011 3105 3243 3163 δέδωκεν
3329 3106 3604 3182 ἐπιτίμιον
3680 3112 3761 3181 τῷ

2112 3195 2402 3271 ἁγιωτάτῳ
2460 3199 2622 3269 Μηνᾷ
2696 3200 2773 3270 μὴ
2842 3197 3197 3274 λειτουργεῖν.
3256 3198 3362 3254 Καὶ
3447 3196 3606 3263 αὐτὸς
3666 3197 3761 3271 μὶν

2111 3284 2323 3359 ἐδέξατο
2356 3289 2565 3365 χαίρων
2596 3292 2659 3345 τὸ
2700 3289 3001 3363 ἐπιτίμιον,
3048 3291 3123 3352 ὡς
3176 3294 3311 3346 Θεοῦ
3366 3289 3677 3367 ἀρχιερεύς.
3705 3295 3763 3345 Ὃ

2110 3375 2167 3433 δὲ
2224 3378 2482 3453 βασιλεὺς
2540 3379 2812 3455 ὀργισθεὶς
2829 3424 2846 3451 ,
2917 3381 3053 3454 μετά
3108 3376 3318 3457 ὕϐρεων
3403 3380 3762 3455 ἀπεπέμψατο

2105 3464 2200 3519 τὸν
2247 3467 2429 3521 πάπαν
2490 3465 2565 3528 εἷς
2610 3464 2860 3539 Ῥώμην.
2920 3464 3026 3523 Καὶ
3102 3465 3238 3540 μετά
3291 3471 3460 3522 ταῦτα
3516 3466 3546 3522 ὅ
3602 3467 3758 3542 ἅγιος

2108 3555 2296 3624 Μηνᾶς
2319 3553 2503 3618 καλῶς
2537 3556 2719 3620 ίθύνας
2747 3556 2811 3610 τὸ
2863 3555 3148 3630 ποίμνιον,
3206 3557 3345 3633 πρὸς
3395 3556 3525 3613 Θεὸν
3570 3555 3754 3630 ἐξεδή-

2110 3664 2187 3716 μη
2196 3664 2280 3698 σεν
2290 3689 2304 3702 .

2216 3749 2312 3804 Καὶ
2362 3748 2596 3821 ἄθλησις
2646 3754 2743 3806 τοῦ
2802 3749 3200 3828 όσιομάρτυρος
3248 3750 3522 3828 Γεωργίου
3550 3756 3647 3808 τοῦ

2743 3824 3120 3896 Λιμναιώτουζ

2176 3912 2450 3988 Γεώργιος
2482 3913 2510 3967 ὁ
2544 3912 2810 3987 μακάριος
2867 3912 2925 3968 ἐκ
2974 3917 3168 3988 νεαρᾶς
3224 3920 3326 3984 τῆς
3367 3913 3599 3984 ἡλικίας
3651 3914 3753 3982 τὴν

2106 4000 2406 4072 ἀπητικὴν
2432 3999 2710 4078 διαγωγὴν
2741 4001 3004 4079 πρότερον
3029 4001 3082 4057 ἐν
3112 4008 3229 4064 τοῖς
3250 4003 3390 4058 κατά
3415 4003 3507 4058 τὸν
3531 4002 3753 4076 Ὄλυμ-

2104 4111 2207 4145 πον
2232 4086 2410 4163 ὄρεσιν
2442 4087 2746 4162 ἐκτελέσας,
2803 4091 2896 4146 καὶ
2952 4090 3202 4154 πολλοὺς
3257 4093 3469 4168 ἀγῶνας
3518 4089 3752 4166 ἐνδειξά-

2109 4199 2288 4254 μενος,
2321 4178 2544 4254 ῧστερον
2588 4179 2676 4235 ἐπὶ
2706 4187 2807 4250 τῆς
2842 4180 3125 4256 βασιλείας
3176 4180 3409 4246 Λέοντος
3462 4185 3561 4238 τοῦ
3585 4181 3752 4238 Ἰσαύ-

2105 4286 2204 4340 ρου
2232 4270 2330 4321 τοῦ
2358 4269 2454 4328 τὰς
2493 4266 2647 4341 ἀγίας
2708 4266 2916 4330 εἷκόνας
2971 4268 3454 4345 ἀποστρεφομένου
3499 4268 3589 4324 καὶ
3642 4267 3743 4322 ἀπ-

2104 4352 2450 4433 αλείφοντος,
2484 4355 2574 4411 καὶ
2602 4356 2670 4412 τὰ
2698 4361 2810 4412 τῶν
2877 4356 3050 4432 ἁγίων
3081 4356 3309 4432 λείψανα
3335 4357 3742 4425 κατακαίοντος,

2107 4443 2262 4517 ζήλῳ
2289 4444 2455 4517 θεϊκῷ
2499 4446 2767 4516 κινηθεὶς,
2824 4446 2918 4501 καὶ
2975 4447 3188 4510 σταθεὶς
3219 4444 3521 4521 ἔμπροσθεν
3554 4442 3738 4525 αὐτοῦ,

2101 4532 2192 4587 καὶ
2273 4532 2788 4609 παρρησιασάμενος
2862 4532 3088 4609 ἤλεγξεν
3155 4535 3311 4591 αὐτὸν
3367 4531 3738 4607 ἀνδρειότατα,

354 4612 558 4667 christi
592 4630 1021 4685 praacursorem
1052 4613 1553 4685 imitatoremque.
1596 4614 1997 4685 Comprehen-

2115 4623 2263 4686 ἄθεον
2299 4621 2465 4677 εἰπὼν
2494 4623 2585 4678 καὶ
2613 4627 2712 4677 τοῦ
2741 4623 3128 4699 ’Λντιχρίστου
3157 4621 3476 4699 πρόδρομον
3521 4621 3613 4677 καὶ
3647 4643 3741 4696 μι-

354 4717 453 4756 sus
484 4702 706 4773 itaque,
739 4720 807 4758 ac
834 4704 1218 4759 vehementer
1273 4702 1664 4771 excruciatus,
1712 4702 1994 4758 custodias

353 4789 467 4843 fuit
490 4791 757 4859 traditus,
793 4810 862 4848 ex
886 4810 1003 4864 qua
1022 4799 1156 4865 post
1173 4794 1392 4849 multas
1415 4808 1711 4847 aerumnas
1725 4791 1994 4858 eductus,

352 4879 671 4951 cogebatur
699 4882 1087 4954 chirographo
1118 4883 1343 4938 cultum
1371 4883 1523 4939 219
1570 4882 1996 4937 venerabilium

352 4968 678 5040 imaginum
710 4970 1028 5044 abnegare.
1083 4972 1194 5027 Sed
1240 4989 1376 5027 cum
1427 4972 1489 5026 id
1539 4972 1735 5027 facere
1789 4972 1994 5038 nollet,

354 5056 588 5111 diversa
607 5058 1231 5116 subiittormentorum
1252 5077 1488 5133 genera.
1512 5062 1761 5116 Naribus
1783 5060 1997 5115 deinde

357 5144 743 5214 obtruncatis,
768 5154 943 5219 atque
965 5150 1156 5226 capite
1177 5155 1404 5216 exusto,
1427 5150 1645 5220 gratias
1660 5151 1775 5204 Deo
1794 5166 1991 5220 agens,

357 5234 600 5289 tradith
630 5236 928 5307 spiritum,
962 5254 1152 5293 annos
1200 5243 1376 5294 natus
1426 5237 1688 5308 quinque
1722 5243 1779 5292 et
1809 5255 1993 5295 nona-

355 5325 538 5398 ginta.

907 5445 1147 5501 EODEM
1184 5446 1329 5500 ΜΕΝ
1336 5444 1437 5500 SE.

854 5535 956 5590 Die
984 5535 1263 5590 vicesima
1292 5534 1501 5606 quinta

485 5626 752 5681 Memoria
778 5627 959 5681 sancti
986 5624 1219 5695 apostoli
1255 5626 1365 5679 Titi
1394 5624 1564 5680 Creta:
1590 5626 1849 5695 episcopi.

424 5806 585 5861 Titus
615 5806 829 5861 Christi
860 5804 1166 5877 apostolus
1195 5802 1416 5876 prodiit
1444 5820 1514 5859 ex
1556 5802 1755 5860 insula
1799 5802 1991 5864 Creta.

2108 4713 2312 4785 μητήν.
2371 4711 2677 4787 Κρατηθεὶς
2707 4712 2800 4767 οῦν
2843 4712 2932 4767 καὶ
2962 4712 3299 4787 τιμωρηθεὶς
3332 4711 3577 4787 ίσχυρῶς
3607 4731 3749 4788 παρ-

2106 4797 2267 4870 εδόθη
2301 4798 2541 4876 φυλακῇ
2573 4801 2662 4855 καὶ
2722 4801 2775 4855 ἐν
2834 4800 2970 4875 αὐτῇ
3026 4799 3470 4877 ταλαιπωρηθεῖς
3527 4798 3749 4871 ἱκανῶς,

2106 4884 2396 4959 ἐκϐληθεὶς
2452 4889 2620 4959 αὐτῆς
2675 4890 3005 4964 ἠναγκάζετο
3075 4888 3357 4967 ἐγγράφως
3414 4889 3748 4964 ἀρνήσασθαι

2103 4982 2203 5050 τὴν
2234 4985 2342 5035 τῶν
2372 4985 2581 5036 σεπτῶν
2632 4980 2855 5036 εἰκόνιον
2913 4982 3305 5056 προσκύνησιν.
3362 4984 3452 5050 Μή
3510 4982 3748 5046 πεισθεὶς

2106 5066 2164 5124 δὲ
2191 5068 2563 5143 πολυτρόποις
2608 5069 2854 5146 βασάνων
2930 5067 3100 5132 ῒδέαις
3156 5069 3599 5143 προσομιλήσας,
3633 5073 3750 5126 εἶτα

2102 5159 2202 5227 τὴν
2261 5158 2381 5234 ῥῖνα
2426 5157 2680 5232 τμηθεὶς,
2738 5158 2830 5214 καὶ
2886 5160 2988 5228 τὴν
3043 5156 3289 5237 κεφαλὴν
3347 5159 3749 5236 καταφλεχθεὶς

2104 5247 2441 5323 εὐχαριστῶν
2492 5252 2572 5319 τῷ
2601 5251 2717 5319 Θεῷ
2744 5248 2806 5302 τὸ
2856 5250 3069 5321 πνεῦμα
3096 5245 3445 5323 παρέδωκεν,
3485 5247 3746 5326 ὑπάρχων

2102 5334 2236 5392 ἐτῶν
2269 5336 2760 5409 ἐνενηκονταπέντε.

2636 5446 2823 5503 ΜΗΝΙ
2872 5446 2966 5502 ΤΩ
3010 5449 3213 5503 ΑΥΤΩ.

2851 5540 2960 5592 ΚΕ*

2211 5629 2414 5698 Μνήμη
2461 5629 2556 5681 τοῦ
2599 5627 2759 5700 ἁγίου
2788 5623 3099 5767 ἀέτοξντόλου
3144 5626 3310 5682 Τίτου
3341 5626 3641 5683 ἐπισκόπου

2362 5726 2365 5727 ν
2857 5718 2885 5773 ρ
2930 5718 3049 5766 της.

2170 5803 2332 5865 Τίτος
2362 5800 2391 5856 ὂ
2446 5807 2544 5859 τοῦ
2597 5807 2841 5879 Χριστοῦ
2897 5801 3225 5878 ἀπόστολος,
3280 5804 3489 5880 ἐγένετο
3550 5804 3645 5880 μὶν
3684 5802 3745 5859 ἐκ

4159 192 4184 230 .‘l
