4202 6314
332 340 464 408 607

1576 380 1585 383 -
1669 337 2098 400 MENOLOGII
2140 338 2348 401 PARS
2388 340 2500 406 III.

3639 340 3758 402 608

345 473 453 530 sed
474 470 823 529 Christianis
846 470 1111 527 inferret.
1144 470 1455 527 Blanditiis
1475 471 1655 545 igitur
1683 487 1718 526 a
1739 476 1991 543 tyranno

2117 474 2267 526 θῶντι
2305 470 2373 528 τὰ
2426 473 2714 547 χρήματα,
2771 471 2863 525 καὶ
2924 472 3001 545 μὴ
3059 467 3398 544 πολεμοῦντι
3429 466 3580 543 ἔθνη,
3613 468 3760 527 ἀλλᾶ

346 562 838 633 delinitus,atque
853 560 1343 633 persuasibilibus
1361 560 1552 616 verbis
1574 565 1811 617 coactus
1823 561 1989 616 Chri-

349 656 507 707 stum
536 650 849 724 abnegare,
877 668 989 707 nec
1017 656 1216 707 tamen
1247 650 1321 707 ad
1351 651 1412 706 id
1455 650 1756 721 inductus,
1790 654 1991 722 aperte

346 744 730 815 impugnatur
749 744 925 813 221,
960 747 1018 798 et
1048 742 1239 816 capite
1297 746 1657 814 amputatus,
1708 742 1991 814 martyrio

343 832 629 905 fungitur.
664 835 805 904 Ejus
829 838 1029 889 autem
1050 832 1320 904 reliquiae
1345 833 1665 902 translatae,
1699 832 1909 889 eodem
1931 833 1990 888 in

342 922 475 978 loco
506 923 670 977 fuere
700 923 997 994 repositas,
1030 923 1132 978 ubi
1187 924 1377 979 sancti
1428 923 1693 991 Adriani,
1744 928 1992 986 caetero-

342 1027 596 1082 rumque
629 1017 989 1081 sanctorum,
1024 1017 1084 1067 et
1131 1012 1375 1084 Stachys
1423 1012 1677 1084 apostoli
1722 1011 1991 1083 reliquias

336 1100 563 1172 jacent.

899 1219 1142 1275 EODEM
1182 1220 1436 1276 MENSE.

824 1308 927 1365 Die
958 1308 1241 1366 vicesima
1270 1309 1523 1381 septima

593 1399 860 1455 Memoria
888 1402 1070 1456 sancti
1097 1400 1282 1455 Patris
1310 1401 1485 1455 nostri
1513 1399 1743 1455 Liberii.

416 1529 628 1584 Beatus
660 1527 951 1597 Liberius,
983 1528 1248 1585 veritatis
1273 1528 1994 1602 propugnator,Constan-

340 1616 423 1672 tio
451 1616 783 1689 imperante
816 1623 943 1674 erat
999 1620 1199 1675 Romae
1261 1618 1596 1691 episcopus.
1657 1618 1802 1673 Cum
1858 1635 1994 1673 vero

343 1708 466 1763 zelo
499 1708 637 1763 ﬁdei
670 1709 1014 1766 orthodoxae
1046 1710 1302 1781 arderet,
1323 1710 1586 1781 suscepit
1605 1709 1992 1765 Athanasium

2100 559 2480 636 Χριστιανούς.
2513 559 2877 626 Κολακευθείς
2907 561 2998 616 οὖν
3055 561 3159 616 ὑπὸ
3204 564 3311 615 τοῦ
3351 561 3642 636 τυράννου,
3667 562 3759 617 καὶ

2098 646 2513 724 πιθανολογίαις
2569 649 2920 726 ἀναγκασθεὶς
2969 640 3303 725 ἀρνήσασθαι
3358 649 3451 704 τὸν
3499 650 3759 724 Χριστὸν,

2098 736 2189 793 καί
2221 741 2296 811 μή
2353 738 2615 811 πεισθεὶς,
2673 743 2916 814 φανερῶς
2971 732 3366 809 ἐπεϐουλεύθη,
3408 739 3498 794 καὶ
3529 740 3631 809 τήν
3662 760 3757 795 κε-

2100 828 2279 905 φαλὴν
2312 828 2676 902 ἀποτμηθεὶς,
2725 827 3047 898 ἐτελειώθη.
3088 828 3161 885 Τὸ
3208 825 3267 883 δὶ
3297 825 3556 902 λείψανον
3588 827 3759 885 αὐτοῦ

2099 917 2453 990 ἀνακομισθὲν
2485 916 2639 988 ἐτέθη
2691 914 2814 972 ἔνθα
2864 916 2927 971 τὸ
2981 920 3078 971 τοῦ
3128 917 3289 991 ἁγίου
3320 914 3636 992 Ἀδριανοῦ,
3665 916 3759 973 καὶ

2097 1008 2204 1062 τῶν
2235 1005 2445 1063 λοιπῶν
2479 1008 2674 1083 ἁγίων.
2709 1007 2794 1062 καὶ
2832 1007 3085 1081 Στάχυος
3114 1011 3212 1062 τοῦ
3243 1005 3578 1065 ἀποστόλου.

2643 1217 2827 1274 ΜΠΝΙ
2864 1216 2954 1275 ΤΩ
2993 1219 3200 1276 ΑΥΤΩ.

2209 1396 2419 1469 Μνήμη
2450 1398 2549 1451 τοῦ
2580 1396 2632 1451 ἐν
2665 1397 2848 1473 ἁγίοις
2874 1312 3107 1472 1ἰξατρὸς
3158 1397 3320 1470 ἡμῶν
3368 1390 3650 1473 Λιϐερίου.

2173 1518 2428 1597 Λιϐέριος
2479 1522 2509 1578 6
2560 1523 2828 1599 μακάριος
2879 1522 2969 1580 καὶ
3034 1530 3138 1593 τῆς
3196 1521 3461 1594 ἀληθείας
3512 1522 3762 1598 ύπέρμα-

2103 1630 2207 1685 χος
2253 1613 2321 1681 ἦν
2376 1609 2467 1667 ἐπί
2518 1618 2619 1682 τῆς
2680 1610 2960 1688 βασιλείας
3018 1613 3402 1669 Κωνσταντίου
3457 1611 3760 1674 ἐπίσκοπος

2102 1702 2347 1774 Ῥώμης.
2406 1700 2694 1778 Ὑπάρχων
2748 1699 2806 1757 δέ
2865 1700 3124 1774 ζηλωτὴς
3179 1709 3283 1773 τῆς
3340 1699 3637 1778 ὁρθοδόξου
3664 1704 3761 1757 πί-

347 1798 421 1854 ab
454 1799 750 1854 haareticis
780 1799 1156 1871 exagitatum,
1185 1799 1766 1872 atquelAlexandriaa
1783 1800 1998 1855 throno

2117 1811 2291 1863 ττεως,
2351 1787 2639 1861 ὑπεδέξατο
2695 1790 2788 1846 τὸν
2877 1792 3045 1868 μέγαν
3135 1790 3453 1857 Ἀθανᾶσιον
3514 1789 3759 1847 ὗποδιω-

353 1850 690 1959 ἱεξρᾲίξᾴιῇ
701 1850 749 1958 ἦ
756 1850 1219 1945 ιιέᾆῖἷέιῖίιξιῖιιζ
1228 1850 1617 1960 REX—55E;
1627 1850 1994 1945 magis;

2260 1850 2291 1863 ,,
2522 1850 2539 1861 ,
2877 1850 2888 1864 ,
2960 1850 2972 1868 ,
3209 1850 3227 1857 ν

2117 1881 2303 1955 ίθέντα
2334 1879 2437 1934 ὑπὸ
2494 1883 2602 1935 τῶν
2657 1881 2945 1955 αἱρετικῶν
3001 1882 3092 1936 καὶ
3148 1885 3246 1937 τοῦ
3278 1882 3475 1958 θρόνου
3507 1881 3758 1953 ’Δλεξαν-

350 1981 503 2032 Dum
540 1976 697 2031 enim
748 1977 905 2033 inter
946 1978 1104 2033 vivos
1160 1978 1415 2051 agebant
1470 1979 1891 2034 Constantinus
1940 1983 2001 2034 et

349 2064 642 2122 Constans
670 2067 931 2139 majores
992 2073 1137 2123 natu
1195 2068 1303 2123 filii
1360 2067 1550 2141 Magni
1605 2068 1998 2133 Constantini,

349 2155 839 2212 orthodoxaﬁdes
863 2161 1091 2213 servata
1112 2161 1203 2212 est
1219 2157 1343 2225 ;sed
1366 2156 1467 2212 ubi
1489 2157 1576 2212 illi
1591 2157 1998 2228 decesserunt,

351 2250 411 2299 et
434 2245 682 2301 relictus
712 2245 825 2301 fuit
855 2262 1056 2301 rerum
1087 2246 1366 2302 dominus
1396 2249 1774 2303 Canstantius
1804 2247 2004 2303 minor

352 2336 500 2387 natu
522 2333 813 2404 ﬁlius,qui
836 2334 1090 2389 Arianus
1111 2334 1997 2405 erat,pra3valuerunthmretici.

354 2424 725 2492 Quapropter
737 2421 917 2476 etiam
932 2422 1196 2477 Liberius
1210 2428 1522 2494 postquam
1542 2423 1796 2479 multum
1808 2422 2004 2479 redar-

361 2513 506 2585 guit,
539 2518 717 2582 atque
745 2511 1075 2583 increpavit
1102 2513 1518 2568 haereticorum
1548 2513 2007 2585 impietatem,in

362 2603 627 2658 Berceam
658 2602 922 2657 Thraciae
952 2602 1251 2659 civitatem
1284 2608 1374 2658 est
1401 2604 1717 2674 relegatus.
1771 2606 1843 2658 At
1871 2620 2005 2659 cum

358 2691 613 2746 Romani
644 2690 760 2745 ﬁde
793 2697 852 2747 et
880 2690 1199 2747 dilectione
1251 2708 1388 2764 erga
1434 2691 1610 2747 illum
1655 2698 1858 2748 essent
1906 2691 2006 2747 de-

353 2778 554 2848 vincti,
587 2784 967 2836 accesserunt
996 2780 1069 2835 ad
1126 2779 1570 2852 imperatorem,
1623 2785 2008 2853 exposcentes

355 2884 531 2924 eum:
566 2885 635 2925 ac
663 2875 979 2942 propterea
1017 2871 1266 2926 Romam
1315 2870 1532 2926 iterum
1588 2871 1828 2943 missus,
1873 2886 2008 2927 cum

354 2975 528 3015 suum
558 2948 799 3033 gregem
829 2965 990 3017 recte
1019 2959 1430 3033 gubernasset,
1461 2961 1737 3019 decessit.

352 3149 426 3205 Et
444 3149 708 3205 memoria
746 3151 929 3206 sancti
982 3152 1188 3277 Patris!
1209 3153 1388 3207 nostri
1442 3151 1709 3207 Paemenis
1765 3148 2003 3206 anacho-

1105 3239 1165 3277 re
1189 3238 1255 3277 ac.

1105 3238 1255 3278 rem.

430 3339 680 3395 Sanctus
709 3340 886 3396 Pater
932 3343 1137 3395 noster
1191 3340 1433 3395 Pcemen
1484 3355 1556 3394 ex
1613 3338 1841 3412 AEgypti
1897 3338 2011 3394 fuit

355 3429 599 3502 regione
630 3445 644 3482 :
677 3428 961 3485 derelicto
980 3434 1180 3484 autem
1197 3429 1444 3498 mundo,
1469 3429 1718 3485 secessit
1734 3445 1853 3483 una
1873 3445 2009 3483 cum

356 3519 480 3575 suis
511 3519 811 3593 germanis
841 3519 1126 3575 fratribus
1158 3520 1218 3575 in
1249 3520 1704 3588 monasterium,
1732 3524 1791 3575 et
1811 3534 2013 3574 mona-

353 3607 704 3664 chusfactus
730 3613 839 3664 est.
866 3607 1063 3664 Multis
1085 3614 1220 3680 post
1240 3609 1415 3663 annis
1443 3625 1579 3664 cum
1598 3624 1804 3663 eorum
1824 3610 2016 3662 mater

356 3696 431 3753 ad
490 3714 592 3753 eos
651 3697 999 3754 invisendos
1048 3698 1313 3770 profecta
1379 3703 1557 3764 esset,
1639 3697 1699 3751 id
1777 3695 2014 3767 assequi

357 3786 606 3843 minime
628 3788 861 3860 potuit:
895 3787 1273 3843 occluserant
1296 3787 1454 3842 enim
1480 3787 2016 3858 illijanuam.Dum

361 3893 497 3930 vero
529 3876 655 3931 haec
687 3875 749 3931 in
778 3877 1097 3949 gemitibus
1145 3876 1514 3948 persisteret,
1570 3876 1655 3931 ait
1702 3875 1775 3931 ad
1823 3875 2017 3947 ipsam

365 3967 631 4034 Pmmen,
666 3983 787 4021 non
820 3965 1072 4022 intuitus
1104 3982 1256 4022 eam.
1290 3965 1442 4031 Quid
1500 3971 1690 4037 optas,
1723 3982 1756 4020 ο
1787 3961 2021 4020 mater?

363 4055 501 4109 Haec
522 4071 694 4111 vero:
725 4056 834 4109 Vos
859 4055 1206 4127 conspicere
1236 4054 1387 4109 volo.
1422 4054 1526 4108 Cui
1554 4055 1707 4110 222
1738 4056 1977 4110 Poemen
2002 4068 2015 4106 :

367 4144 434 4196 In
466 4142 655 4197 altero
688 4143 905 4198 saeculo
937 4161 1047 4199 nos
1079 4144 1335 4199 invicem
1384 4142 1736 4198 videbimus.
1787 4144 1925 4209 Quas
1955 4147 2023 4197 ut

370 4231 617 4300 audivit,
675 4234 943 4289 recessit.
1004 4239 1080 4289 At
1134 4250 1256 4288 non
1311 4233 1425 4287 hoc
1482 4232 1676 4287 solum
1734 4233 2023 4287 memoria

366 4320 617 4393 dignum
648 4321 762 4377 iste
791 4323 995 4394 gessit,
1032 4322 1136 4377 sed
1186 4327 1245 4377 et
1300 4321 1419 4377 alia
1460 4321 1653 4393 plura.
1701 4321 2022 4377 Praefectus

369 4411 535 4468 enim
564 4413 851 4484 regionis,
875 4413 1308 4485 comprehenso
1331 4413 1555 4468 sororis
1585 4413 1714 4483 ejus
1746 4412 1869 4467 {ilio
1891 4430 2024 4484 pro-

372 4507 507 4575 pter
533 4501 866 4560 admissum
894 4501 1208 4576 ﬂagitium,
1241 4501 1584 4558 decreverat
1638 4500 1930 4574 supplicio
1960 4502 2024 4558 in

2103 1966 2281 2044 δρείας
2333 1966 2689 2039 ἀπελαθέντα,
2748 1969 3259 2047 παρῥησιαζόμενος
3311 1972 3410 2041 τὴν
3455 1966 3755 2029 εὐσέϐειαν.

2101 2060 2247 2121 Ἕως
2305 2057 2409 2135 γάρ
2463 2066 2727 2134 περιῆσαν
2787 2062 3213 2129 Κωνσταντῖνος,
3270 2063 3360 2117 καὶ
3422 2062 3760 2126 Κώνσταςοὶ

2105 2150 2314 2223 πρῶτοι
2350 2147 2463 2201 υἱοὶ
2491 2151 2588 2202 τοῦ
2644 2147 2888 2223 μεγάλου
2947 2148 3372 2221 Κωνσταντίνου,
3432 2148 3763 2228 ἐφυλάττετο

2105 2238 2141 2306 ἡ
2203 2233 2494 2312 ὀρθόδοξος
2548 2234 2754 2300 πίστις’
2815 2236 2978 2308 ἡνίκα
3034 2235 3092 2294 δέ
3147 2237 3341 2295 ἐκεῖνοι
3383 2236 3766 2311 ἐτελεύτησαν,

2106 2324 2196 2380 καὶ
2254 2323 2581 2404 κατελείφθη
2638 2346 2829 2402 κυριος
2904 2331 3013 2382 τῶν
3088 2329 3421 2404 πραγμάτων
3481 2327 3768 2383 Κωνστὰν-

2105 2434 2226 2475 τιος
2272 2415 2300 2469 6
2334 2411 2568 2480 ἔσχατος
2623 2416 2765 2484 υἱὸς,
2823 2416 3103 2491 Ἀρειανὸς
3156 2413 3254 2491 ὥν,
3317 2415 3681 2493 ὑπερίσχυσαν
3717 2425 3771 2479 οἱ

2108 2502 2391 2579 αἱρετικοί.
2448 2505 2612 2568 ’Όθεν
2668 2505 2758 2559 καὶ
2816 2500 3095 2580 Λιϐέριος,
3151 2506 3287 2578 μετά
3326 2507 3389 2563 τὸ
3433 2503 3622 2563 πολλά
3652 2503 3773 2561 δια-

2111 2592 2405 2667 λεχθῆναι,
2436 2593 2526 2648 καὶ
2559 2591 2769 2669 ἐλέγξαι
2800 2596 2899 2665 τήν
2941 2591 3252 2652 δυσσέϐειαν
3282 2600 3390 2652 τῶν
3452 2597 3765 2673 αἱρετικῶν,

2113 2680 2375 2758 ἐξωρίσθη
2405 2682 2481 2745 είς
2510 2684 2738 2758 Βέροιαν
2790 2690 2893 2754 τῆς
2949 2685 3187 2761 Θρᾴκης.
3222 2687 3401 2744 Ἀλλὰ
3446 2687 3629 2740 πίστιν
3680 2684 3772 2740 καὶ

2114 2769 2330 2845 ἀγάπην
2360 2767 2582 2847 ἔχοντες
2631 2773 2685 2827 οἱ
2741 2772 3012 2847 Ῥωμαῖοι
3064 2775 3203 2850 πρὸς
3233 2774 3416 2847 αὐτὸν,
3449 2775 3771 2850 προσῆλθον

2112 2858 2192 2935 τῷ
2228 2859 2463 2934 βασιλεῖ,
2519 2866 2805 2933 ζητοῦντες
2862 2864 3042 2922 αὐτόν.
3104 2865 3203 2921 Καὶ
3258 2862 3349 2921 διὰ
3400 2869 3571 2921 τοῦτο
3606 2861 3770 2921 πάλιν

2117 2949 2445 3015 ἀποσταλεὶς
2475 2950 2552 3015 εἰς
2582 2953 2831 3027 Ῥώμην,
2860 2955 2953 3010 καὶ
2996 2955 3060 3010 τὸ
3109 2955 3366 3029 ποίμνιον
3393 2953 3559 3012 αύτοῦ
3588 2952 3775 3020 καλῶς

2115 3038 2388 3115 ποιμάνας
2415 3039 2732 3114 ἐτελειώθη.

2117 3149 2218 3208 Καὶ
2285 3148 2478 3223 μνήμη
2534 3152 2632 3206 τοῦ
2689 3148 2841 3228 ὁσίου
2896 3151 3110 3226 Ηατρὸς
3170 3154 3335 3228 ἡμῶν
3387 3150 3652 3228 Ποιμένος
3678 3153 3776 3208 τοῦ

2750 3222 3139 3301 ἀναχωρητοῦ.

2189 3337 2251 3395 Ὁ
2308 3335 2360 3393 ἐν
2420 3337 2601 3412 ἁγίοις
2659 3338 2848 3412 Ηατήρ
2909 3341 3070 3414 ἡμῶν
3128 3342 3356 3415 Ποιμήν
3419 3342 3640 3418 ὑπῆρχε
3683 3342 3776 3415 μὲν

2121 3424 2181 3482 ἐκ
2207 3431 2307 3500 τῆς
2364 3430 2555 3504 χώρας
2610 3429 2914 3506 Αίγύπτου·
2974 3429 3293 3488 καταλιπὼν
3325 3429 3384 3488 δὶ
3419 3433 3508 3487 τὸν
3540 3432 3780 3514 κόσμον,

2121 3517 2364 3584 ἀπῆλθεν
2395 3517 2472 3580 εἷς
2502 3518 2566 3573 τὸ
2600 3522 2986 3596 μοναστήριον,
3049 3521 3185 3595 μετὰ
3237 3526 3347 3578 τῶν
3397 3520 3635 3599 γνησίων
3676 3521 3774 3576 αὐ-

2117 3612 2216 3665 τοῦ
2248 3604 2519 3684 ἀδελφῶν,
2577 3609 2667 3665 καὶ
2720 3609 2929 3686 ἐγένετό
2991 3611 3262 3687 μοναχός.
3320 3612 3423 3668 Καὶ
3467 3613 3603 3687 μετά
3640 3612 3777 3688 χρό-

2121 3719 2246 3761 νους
2282 3695 2529 3760 πολλοὺς
2585 3697 2898 3764 ἀπελθοῦσα
2952 3703 2989 3771 ἡ
3051 3703 3238 3777 μήτηρ
3278 3698 3447 3757 αἰ)τοῦ
3500 3698 3633 3757 ἰδεῖν
3684 3700 3777 3755 αύ-

2121 3786 2277 3855 τοὺς,
2332 3785 2432 3842 ούκ
2488 3783 2758 3859 ἠδυνήθη·
2823 3788 3148 3846 ἀπέκλεισαν
3207 3791 3310 3867 γὰρ
3368 3790 3505 3866 αύτῇ
3551 3792 3652 3860 τήν
3684 3788 3784 3854 θύ-

2126 3898 2243 3954 ραν.
2301 3878 2390 3942 Ὠς
2445 3874 2503 3932 δὲ
2560 3876 2788 3952 ἐπέμενε
2845 3878 3135 3948 κλαίουσα,
3192 3882 3311 3935 εἷπε
3366 3881 3504 3956 πρὸς
3552 3879 3720 3950 αὐτὴν
3755 3878 3783 3933 ὁ

2127 3966 2368 4039 Ποὶμὴν,
2407 3965 2483 4038 μὴ
2521 3966 2742 4042 βλέπων
2800 3966 2991 4039 αύτήν⁶
3052 3968 3117 4026 Τί
3170 3967 3346 4032 θέλεις
3395 3976 3607 4046 μῆτερς
3636 3970 3697 4026 Ἠ
3730 3965 3787 4022 δὲ

2128 4053 2265 4125 εἷπε,
2295 4052 2452 4110 Θέλω
2483 4051 2616 4110 ἰδεῖν
2680 4056 2843 4129 ὑμᾶς.
2904 4056 3010 4114 Καὶ
3064 4056 3210 4135 λέγει
3245 4059 3273 4114 6
3312 4060 3553 4131 Ποιμήν
3587 4059 3679 4115 Ἐν
3709 4060 3787 4128 τῷ

2125 4144 2323 4218 κόσμῳ
2382 4141 2570 4217 ἐκείνῳ
2621 4144 2868 4219 ὀψόμεθα
2920 4143 3229 4219 ἀλλήλους.
3287 4148 3351 4202 ’Π
3407 4145 3467 4202 δὲ
3518 4145 3788 4202 ἀκούσασα

2129 4233 2499 4310 ἀνεχώρησεν.
2532 4232 2605 4288 Ού
2641 4234 2810 4308 μόνον
2867 4232 2927 4290 δὲ
2980 4241 3145 4292 τοῦτο
3178 4235 3431 4307 ἐποίησεν
3465 4235 3611 4308 ἄξιον
3647 4236 3783 4307 μνή-

2132 4344 2265 4396 μης,
2293 4319 2442 4377 ἀλλὰ
2469 4323 2560 4377 καὶ
2588 4318 2747 4400 ἕτερα
2792 4322 3002 4382 πολλά.
3054 4325 3118 4380 ’Π
3175 4325 3280 4400 γὰρ
3312 4325 3501 4400 ἄρχων
3529 4330 3632 4393 τῆς
3657 4323 3785 4399 χώ-

2131 4431 2225 4486 ρας
2255 4412 2529 4487 κρατήσας
2579 4418 2680 4483 τῆς
2733 4409 2977 4491 ἀδελφῆς
3023 4413 3187 4468 αὐτοῦ
3216 4412 3306 4467 τὸν
3338 4413 3453 4467 υἱὸν
3481 4410 3569 4467 ἐπὶ
3599 4412 3783 4482 κακίᾳ,

2129 4495 2389 4557 ἐϐούλετο
2416 4505 2705 4576 τιμωρεῖν.
2765 4503 2865 4560 Καὶ
2928 4500 3111 4576 μαθὼν
3165 4500 3251 4557 ὅτι
3297 4504 3396 4556 τοῦ
3442 4499 3601 4576 ἁγίου
3643 4498 3787 4556 ἐστὶν

373 4593 545 4649 illum
604 4593 1115 4650 animadvertere:
1178 4597 1233 4647 et
1300 4592 1558 4664 cognito,
1621 4591 1778 4663 quod
1832 4597 2006 4648 sanct

2125 4590 2364 4666 ἀνεψιὸς,
2397 4589 2662 4664 ἐμήνυσεν
2722 4589 2891 4665 αύτῷ,
2945 4590 3029 4647 δτι
3082 4590 3147 4647 Εἰ
3206 4590 3405 4664 ἀξιοῖς,
3434 4589 3665 4646 ἀπολύω
3696 4589 3788 4645 αύ-

370 4699 559 4754 nepos
589 4688 747 4739 esset
774 4700 844 4739 ex
874 4698 1098 4752 sorore,
1131 4681 1483 4754 signiﬁcavit
1537 4681 1616 4750 ei,
1663 4680 1907 4737 dicens:
1958 4681 2006 4737 Si

2120 4679 2235 4736 τόν.
2294 4679 2357 4736 Ὁ
2415 4676 2474 4735 δὲ
2529 4679 2916 4755 ἀντεμήνυσεν·
2979 4680 3257 4753 Ἐξέτασον
3313 4682 3383 4737 τὰ
3436 4680 3555 4736 κατ’
3603 4678 3787 4735 αὐτόν’

372 4788 608 4842 acquum
641 4771 967 4839 censueris,
999 4771 1300 4827 dimittam
1331 4788 1489 4829 eum.
1521 4770 1625 4826 Cui
1663 4770 1904 4827 Pmmen
1935 4771 2006 4826 sic

2125 4767 2217 4824 καὶ
2250 4768 2297 4824 εἰ
2328 4766 2478 4840 ἄξιός
2536 4768 2648 4825 ἐστι
2708 4771 2963 4842 θανάτου,
3024 4769 3364 4836 ἀποθανέτω’
3411 4769 3459 4826 εί
3488 4768 3547 4826 δέ
3579 4771 3683 4845 μὴ,
3716 4768 3793 4832 ὡς

370 4857 680 4928 respondit
707 4875 721 4915 :
755 4861 822 4915 In
843 4860 1013 4916 illum
1036 4860 1352 4933 diligenter
1368 4859 1605 4931 inquire
1628 4875 1643 4915 :
1666 4864 1727 4914 et
1741 4860 1792 4914 si
1812 4859 2006 4915 morti:

2136 4856 2325 4933 βούλει
2382 4855 2637 4929 ποίησον.
2698 4858 2798 4915 Καὶ
2856 4862 3139 4934 θαυμάσας
3192 4861 3222 4916 ὁ
3275 4857 3463 4937 ἅρχων
3493 4859 3558 4915 τὸ
3586 4858 3798 4935 ἀπροσ-

373 4952 467 5003 est
493 4962 654 5016 reus,
683 4950 1014 5021 moriatur;
1068 4950 1117 5006 si
1148 4967 1289 5006 vero
1347 4967 1491 5020 non,
1536 4948 1629 5006 fac
1686 4948 1847 5021 quod
1896 4950 1981 5005 vis

2134 4948 2301 5011 παθές
2357 4946 2546 5018 αὐτοῦ,
2601 4947 2863 5005 ἀπέλυσεν
2924 4949 3115 5010 αὐτόν.
3171 4947 3366 5006 Πολλά
3432 4948 3490 5005 δὶ
3546 4948 3798 5025 θαύματα

376 5036 725 5094 Admiratus
755 5054 890 5093 vero
919 5039 1234 5111 praafectus
1266 5039 1395 5112 ejus
1423 5039 1692 5096 animum
1720 5038 2006 5095 aﬂ'ectibu:

2137 5038 2397 5108 ποιήσας,
2429 5036 2481 5092 ἐν
2511 5036 2704 5114 εἰρήνῃ
2729 5036 3092 5096 ἀνεπαύσατο.

382 5141 763 5197 nequaquam
795 5126 1152 5200 subjectum,
1181 5128 1353 5184 illum
1372 5127 1805 5185 dimisit.Plura
1834 5135 2033 5185 autem

384 5221 627 5274 sanctus
658 5222 937 5289 operatus
967 5217 1279 5284 miracula,
1310 5218 1375 5273 in
1403 5233 1549 5290 pace
1578 5220 1819 5290 quievit.

384 5335 453 5390 Et
511 5337 778 5391 memoria
832 5338 1012 5391 sancti
1061 5337 1249 5392 Patris
1300 5336 1479 5410 nostri
1560 5337 1716 5393 Hosii
1773 5338 2006 5399 Corduba

2149 5331 2250 5389 Καὶ
2309 5334 2507 5408 μνήμη
2561 5336 2657 5410 to?)
2722 5332 2773 5389 ἐν
2812 5333 3017 5410 Δἁγίοις,
3096 5334 3308 5410 ματρὸς
3390 5336 3551 5409 ἡμῶν
3626 5331 3804 5390 Ὁσίου

1078 5408 1344 5478 episcopi.

2311 5403 2321 5407 ⁷
2409 5403 2443 5408 θ’
2496 5403 2504 5405 ἡ
2635 5403 2934 5463 ἐπισκόπου
2975 5403 3319 5483 Κορδούόης.

459 5526 673 5585 Hosius
703 5526 990 5584 Cordubae
1013 5526 1357 5599 episcopus,
1379 5525 1600 5582 mundo
1622 5527 1873 5584 remisso
1890 5545 2006 5585 nun

2223 5524 2285 5581 Ὀ
2311 5523 2504 5587 ⁶Ὀσιος
2532 5522 2823 5587 ἐπίσκοπος
2852 5520 3202 5601 Κορδούϐης,
3231 5522 3550 5580 καταλιπὼν
3578 5524 3672 5579 τὸν
3704 5521 3808 5579 κόι-

387 5614 491 5685 ιίο,
523 5622 581 5674 et
608 5616 1012 5673 monasticum
1041 5615 1386 5670 institutum
1420 5613 1749 5686 amplexus,
1793 5618 2006 5675 ascetic

2158 5634 2321 5687 σμον,
2352 5611 2445 5669 καὶ
2472 5615 2710 5690 γεγονὼς
2774 5616 3043 5691 μοναχὸς,
3100 5614 3193 5670 καὶ
3249 5614 3303 5670 ἐν
3361 5614 3586 5686 ἀσκήσει
3616 5611 3808 5687 πολλῇ

387 5713 504 5767 vita
530 5707 793 5779 primum
837 5705 1164 5765 cxcelluit:
1225 5722 1363 5761 mox
1418 5703 1699 5761 omnibus
1749 5706 2006 5779 refulgen

2160 5706 2430 5781 πρότερον
2460 5703 2777 5780 διαπρέψας,
2826 5707 2915 5761 καὶ
2977 5704 3259 5780 μαντοίαις
3317 5704 3531 5782 ἀρεταῖς
3561 5701 3808 5779 διαλαμ-
