4202 6314
369 361 490 424 609

1882 353 2328 416 AUGUSTUS.

3649 363 3772 423 6l0

357 495 483 567 ψας,
513 491 605 547 καὶ
649 489 889 564 θαύμασι
944 487 1184 550 πολλοῖς
1242 488 1566 563 κοσμηθεὶς,
1624 487 2015 563 ἐχειροτονήθη

2144 487 2469 554 virtutibus,
2503 492 2562 544 et
2591 489 2896 544 miraculis
2954 495 3293 558 exornatus,
3317 509 3351 546 a
3382 496 3644 550 Romano
3679 513 3776 552 ar-

365 583 514 657 παρά
563 585 661 636 τοῦ
703 587 803 649 τῆς
848 579 1074 652 Ῥὼμης
1129 579 1566 653 ἆρχιεπισκὸπου
1617 584 1718 646 τῆς
1801 573 2019 638 πόλεως

366 663 690 744 Κορδούεης
721 668 1046 729 ἐπίσκοπος.
1077 665 1256 737 Ζῆλον
1291 665 1348 722 δὲ
1379 665 1526 742 ἔχων
1559 667 1691 742 ὑπὲρ
1722 671 1823 735 τῆς
1855 664 2018 739 ὀρθο-

372 760 532 832 δὸξου
592 759 852 828 πίστεως,
913 760 1238 834 παρεγένετο
1288 757 1339 814 ἐν
1422 761 1492 831 τῇ
1553 756 1762 832 μεγάλῃ
1811 751 2022 827 συνόδῳ

369 852 470 921 τήν
500 854 598 906 τοῦ
638 848 857 925 Ἀρείου
917 846 1105 921 μανίαν
1167 845 1491 923 διελέγχων,
1545 848 1633 901 καὶ
1687 847 1785 914 τήν
1844 849 2026 920 ψυχο-

370 935 554 1009 6λα6ἤ
583 941 790 1014 αἳρεσιν
822 935 1290 1012 ἀποκρουόμενος.
1343 934 1521 994 Ἀλλᾶ
1575 934 1666 990 καὶ
1720 937 1821 1005 τήν
1879 956 2028 1011 γενο-

368 1029 536 1103 μένην
599 1026 654 1084 ἐν
717 1024 961 1102 Σαρδικῇ
1022 1023 1252 1080 σύνοδον
1313 1027 1477 1087 αὐτὸς
1547 1026 1875 1100 συνεκρότει,
1960 1024 2028 1079 τά

362 1123 556 1193 πρῶτα
584 1117 637 1172 ἐν
686 1121 807 1179 τοῖς
862 1118 988 1172 τότε
1045 1114 1395 1179 συνελθοῦσιν
1454 1114 1774 1177 ἐπισκόποις
1829 1136 2028 1184 κεκτη-

376 1207 832 1282 μένος.“ῐ“στερον
896 1203 954 1260 δὶ
1005 1204 1095 1259 ἐπὶ
1150 1204 1523 1260 Κωνσταντίου
1575 1209 1672 1259 τοῦ
1733 1201 2022 1280 βασιλέως,

364 1298 653 1370 Ἀρειανοῦ
676 1293 854 1367 ὄντος,
887 1295 964 1358 εἷς
1026 1293 1238 1369 ἐξορίαν
1295 1290 1684 1370 παρεπέμφθη,
1748 1294 1882 1366 μετά
1936 1293 2023 1347 καὶ

376 1383 567 1440 ἄλλων
612 1381 842 1439 πολλῶν
901 1383 1238 1451 ἐπισκόπων,
1289 1390 1390 1452 τῆς
1445 1381 1736 1458 ὀρθοδόξου
1794 1381 2027 1445 πίστεως

371 1475 763 1548 ἂντεχόμενος.
801 1473 896 1527 Καὶ
941 1472 992 1526 ἐν
1024 1476 1094 1546 τῇ
1149 1471 1331 1547 ἐξορίᾳ
1385 1470 1576 1527 πολλά
1624 1469 1773 1526 δεινά
1818 1471 2028 1542 παθὼν,

2129 578 2506 652 chiepiscopo
2538 580 2851 652 episcopus
2869 581 3033 636 urbis
3062 581 3346 636 Cordubae
3371 591 3774 642 consecratur.

2134 670 2332 724 Zelum
2358 675 2556 725 autem
2591 670 2817 725 habens
2876 687 2981 742 pro
3041 671 3155 726 ﬁde
3213 673 3557 741 orthodoxa,
3592 675 3781 730 adfuit

2135 759 2195 813 in
2231 775 2445 832 magna
2475 759 2851 831 synodo,Arii
2878 760 3174 816 insaniam
3197 761 3577 835 redarguens,
3603 769 3779 836 atque

2135 848 2408 904 haeresim
2440 850 2752 904 animabus
2779 850 3017 904 noxiam
3049 851 3348 921 rejiciens.
3385 852 3494 906 Sed
3535 858 3592 907 et
3645 855 3780 910 Sar-

2136 937 2440 993 dicensem
2467 939 2758 1010 synodum
2784 940 2910 1010 ipse
2942 941 3414 1012 congregandam
3454 944 3696 1010 curavit,
3724 949 3784 999 et

2135 1027 2390 1098 primam
2414 1028 2617 1083 sedem
2642 1029 2850 1083 habuit
2870 1029 3028 1084 inter
3048 1031 3484 1102 episcopos,qui
3500 1049 3784 1089 convene-

2138 1120 2509 1173 rant.Postea
2523 1135 2558 1173 a
2579 1120 2922 1174 Constantio
2940 1121 3299 1192 imperatore
3316 1122 3534 1178 Ariano
3549 1123 3609 1178 in
3629 1126 3780 1178 exsi-

2137 1207 2283 1263 lium
2310 1225 2429 1264 una
2455 1225 2588 1264 cum
2611 1210 2744 1264 aliis
2762 1210 3032 1282 pluribus
3055 1212 3474 1284 episcopis,qui
3491 1214 3780 1270 orthodo-

2138 1313 2269 1352 xam
2294 1298 2473 1353 ﬁdem
2497 1299 2798 1354 mordicus
2815 1301 3610 1373 retinebant,pulsus,mulas
3630 1305 3690 1358 in
3715 1321 3781 1359 eo

2138 1404 2348 1458 passus
2389 1388 2826 1454 aftlictationes,
2856 1391 3176 1461 pluresque
3199 1392 3500 1446 sustinens
3536 1394 3787 1449 vexatio-

2137 1478 2440 1547 nes,laatus
2459 1479 2531 1533 ad
2556 1483 2756 1544 Deum,
2781 1496 3008 1551 proquo
3039 1481 3460 1552 decertaverat,
3493 1483 3781 1554 migravit.

368 1563 457 1618 καὶ
482 1561 778 1625 πλείστους
807 1559 1149 1635 πειρασμοὺς
1192 1560 1512 1633 ὑπομείνας,
1546 1561 1684 1636 πρὸς
1713 1560 1841 1616 Θεὸν
1873 1557 1942 1614 δι’
1968 1556 2025 1615 ὅν
2053 1563 2382 1637 ἠγωνίσατο,
2413 1565 2624 1639 χαίρων
2658 1563 3013 1638 ἐξεδήμησεν.

922 1676 1105 1732 MHNI
1145 1679 1232 1752 Τῼ
1271 1679 1468 1751 amp.

1141 1767 1253 1822 Ktl'

446 1859 656 1930 Μνήμη
683 1859 782 1911 τοῦ
813 1855 965 1910 ὁσίου
997 1856 1208 1948 Πατρὸς
1250 1858 1408 1928 ἡμῶν
1447 1854 1692 1917 Μωσέως
1721 1859 1819 1909 τοῦ
1849 1855 1943 1911 Αἰ-

1098 1939 1311 1992 θιοπος.

442 2067 617 2127 Οὗτος
651 2064 677 2118 ὁ
713 2066 985 2139 μακάριος
1030 2067 1110 2136 τῷ
1173 2064 1267 2135 μὲν
1324 2063 1468 2138 γένει
1527 2062 1594 2132 ἦν
1659 2061 1886 2138 Αῖθίοιιν
1953 2069 2024 2138 τῇ

371 2155 429 2211 δὲ
452 2155 614 2231 χρόᾳ,
651 2153 826 2226 μέλας
883 2148 1150 2228 ἀκριϐῶς,
1211 2152 1430 2224 οἷ’κέτης
1483 2151 1922 2226 πολιτευομένου
1951 2175 2028 2208 τι-

371 2243 490 2314 νὸς,
523 2242 584 2298 ὅν
618 2240 709 2298 διὰ
764 2239 987 2311 πολλὴν
1045 2238 1376 2317 δυστροπίαν
1433 2241 1522 2296 καὶ
1583 2241 1885 2318 λῃστρικὴν
1946 2240 2028 2297 δι-

375 2333 626 2410 αγωγὴν,
659 2331 919 2386 ἀπώσατο
952 2332 980 2386 6
1005 2327 1146 2394 ῗδιος
1177 2327 1466 2400 δεσπότης.
1501 2330 1673 2394 Οὗτός
1730 2352 1861 2386 ποτε
1907 2352 2034 2386 ποι-

381 2423 501 2496 μένι
580 2419 689 2476 τινὶ
749 2419 1175 2493 ἐμνησικάκησε,
1225 2417 1693 2493 παρεμποδίσαντι
1752 2420 1898 2491 αὐτῷ
1955 2418 2030 2482 εἷς

378 2517 630 2586 πρᾶγμα,
680 2508 739 2565 ὅν
804 2509 895 2564 καὶ
954 2508 1270 2564 ἀποκτεῖναι
1302 2504 1683 2566 ἐϐουλεύσατο.
1717 2511 1917 2574 Μαθὼν
1979 2509 2036 2565 δὲ

379 2601 463 2656 ὅτι
495 2599 660 2676 πέραν
692 2603 790 2654 τοῦ
820 2597 1032 2654 Νείλου
1061 2596 1197 2672 ἐστὶ,
1231 2595 1708 2672 πλημμυροῦντος
1763 2603 1861 2654 τοῦ
1907 2597 2032 2654 ὕδα-

383 2712 499 2758 τος,
528 2694 608 2763 τῷ
640 2688 869 2764 στόματι
933 2686 1110 2744 δακὼν
1168 2689 1266 2756 τήν
1302 2688 1601 2763 μάχαιραν,
1629 2690 1716 2744 καὶ
1748 2689 1848 2758 τὴν
1881 2688 2034 2745 ἐπεν-

393 2777 559 2848 δύτην
619 2782 685 2854 τῇ
742 2777 956 2856 κεφαλῆ
1033 2777 1258 2849 ἐπιθεὶς,
1338 2776 1730 2851 διανηξάμενος
1789 2777 2032 2854 ἐπέρασε.

380 2867 832 2942 Προαισθόμενος
854 2865 912 2922 δὲ
943 2869 971 2922 ὁ
1003 2869 1216 2941 ποιμὴν
1247 2868 1348 2936 τήν
1371 2868 1540 2922 αὐτοῦ
1572 2865 1805 2938 ἔλευσιν,
1865 2870 2038 2945 φυγὰς

385 2955 594 3032 ᾤχετο.
656 2957 717 3014 Ὀ
775 2954 853 3026 δὲ,
910 2955 1099 3033 κριοὺς
1175 2956 1435 3032 τέσσαρας
1507 2955 1824 3018 ἐπιλέκτους
1901 2979 2036 3035 σφα-

387 3047 570 3121 γήσας
598 3044 685 3099 καὶ
718 3043 884 3117 δήσας
933 3049 1106 3121 σειρᾷ,
1158 3045 1250 3100 τὸν
1314 3042 1510 3101 Νεῖλον
1563 3046 1887 3122 ἀντεπέρασε
1941 3068 2038 3101 κο-

387 3128 642 3207 λυμϐῶν.
676 3135 758 3192 Τὰ
787 3135 918 3210 κρέα
950 3133 1008 3190 δὲ
1037 3135 1219 3210 φαγὼν
1253 3134 1344 3190 καὶ
1372 3135 1441 3190 τὰ
1477 3133 1655 3190 κώδια
1712 3133 1842 3209 θ’ίνῳ
1897 3134 2038 3206 πλή-

2701 1683 2940 1738 EODEM
2986 1685 3216 1739 MENSE

2633 1773 2732 1827 Die
2760 1773 3041 1829 vicesima
3088 1780 3291 1830 octava

2055 1826 2102 1890 B
2137 1861 2289 1916 223
2318 1863 2586 1917 Memoria
2613 1865 2790 1918 sancti
2818 1864 3001 1919 Patris
3056 1867 3230 1919 nostri
3260 1865 3458 1936 Moysi:
3487 1867 3784 1937 Ethiopis.

2210 2062 2422 2116 Beatus
2450 2061 2562 2116 iste
2585 2077 2799 2133 genere
2821 2061 3315 2133 EthiOps,colore
3334 2080 3510 2135 quam
3532 2066 3788 2120 maxime

2139 2151 2325 2222 niger,
2381 2150 2693 2222 cujusdam
2725 2151 2864 2205 civis
2897 2168 3119 2218 servus,
3155 2170 3331 2224 quem
3363 2153 3550 2225 ipsius
3593 2155 3786 2210 domi—

2139 2255 2252 2293 nus
2279 2239 2588 2311 expulerat
2609 2245 2852 2310 propter
2882 2240 3011 2311 ejus
3041 2257 3276 2295 morum
3318 2245 3786 2314 perversitatem.

2139 2333 2314 2398 atque
2337 2328 2573 2383 furandi
2597 2328 3371 2386 consuetudinem.Hiccum
3390 2331 3450 2386 in
3470 2333 3787 2402 quemdam

2139 2421 2437 2486 pastorem
2473 2416 2626 2472 male
2674 2417 2972 2472 animatus
3004 2424 3184 2486 esset,
3213 2419 3373 2491 quod
3432 2421 3535 2476 ille
3569 2421 3680 2476 sibi
3715 2423 3788 2476 ad

2138 2506 2371 2561 facinus
2391 2506 2746 2578 patrandum
2774 2508 2968 2563 fuerat
2987 2508 3506 2580 impedimento,in
3526 2511 3792 2567 animum

2142 2597 2253 2652 sibi
2285 2598 2621 2667 induxerat,
2657 2615 2793 2653 eum
2828 2599 2900 2654 de
2931 2600 3129 2656 medio
3159 2600 3389 2656 tollere.
3420 2603 3649 2659 Certior
3686 2619 3792 2658 au-

2142 2693 2261 2743 tem
2291 2687 2481 2742 factus
2509 2688 2707 2758 ipsum
2739 2693 2902 2743 trans
2953 2689 3150 2744 Nilum
3208 2707 3402 2763 agere,
3453 2693 3790 2749 exundante

2140 2794 2314 2848 aqua,
2345 2794 2444 2832 ore
2475 2777 2734 2850 gladium
2769 2780 3202 2853 constringens,
3231 2783 3451 2854 penula
3480 2785 3656 2855 capiti
3690 2802 3788 2840 su-

2141 2867 2461 2938 perposita,
2519 2866 2718 2922 nando
2779 2868 3198 2925 transfretavit.
3281 2873 3355 2926 At
3398 2874 3790 2943 prmsentiens

2142 2960 2343 3028 pastor
2373 2956 2502 3027 ejus
2533 2957 2870 3028 adventum,
2905 2958 3138 3030 fugiens
3197 2960 3343 3015 abiit
3397 2978 3411 3028 ;
3467 2962 3593 3032 ipse
3650 2978 3788 3016 vero

2143 3050 2398 3116 quatuor
2411 3050 2675 3101 mactans
2690 3046 2934 3101 eximios
2948 3048 3258 3118 arietes,ac
3271 3049 3410 3103 fune
3427 3049 3790 3117 devinciens,

2145 3134 2406 3190 natando
2452 3135 2646 3189 Nilum
2671 3135 2887 3190 iterum
2911 3137 3178 3207 trajecit;
3200 3142 3258 3192 et
3279 3155 3409 3193 cum
3437 3139 3796 3194 comedisset

381 3245 497 3294 σας,
535 3223 754 3294 ἀπῆλθε
811 3225 946 3301 πρὸς
1005 3225 1133 3288 τοὺς
1192 3224 1441 3297 ἑταίρους
1497 3227 1686 3284 αὐτοῦ.
1741 3228 1923 3282 Ταῦτα
1981 3223 2034 3280 δὲ

2145 3241 2386 3292 carnes;
2410 3224 2670 3296 pellibus
2691 3225 2830 3279 vino
2850 3225 3094 3297 repletis
3117 3227 3191 3282 ad
3217 3245 3354 3283 suos
3379 3228 3568 3283 socios
3588 3229 3783 3283 rediit.

381 3313 738 3389 διηγησάμην
759 3314 855 3368 ἳνα
886 3311 1066 3386 δείξω,
1099 3311 1183 3368 ὅτι
1221 3311 1446 3369 δυνατόν
1494 3313 1605 3368 ἐστι
1653 3319 1770 3377 τοῖς
1833 3313 2033 3391 βουλο-

384 3403 594 3474 μένοις,
619 3401 714 3458 διὰ
749 3402 1033 3475 μετανοίας
1085 3410 1350 3473 σωθῆναι,
1384 3404 1558 3466 Οὗτος
1592 3403 1691 3477 ὀψέ
1719 3425 1851 3459 ποτε
1879 3426 2036 3459 κατα-

381 3493 566 3566 νυγεὶς
641 3491 702 3547 ἔκ
778 3513 924 3554 τινος
1007 3493 1374 3567 περιστάσεως
1413 3536 1428 3562 ,
1511 3492 1779 3548 ἐπέδωκεν
1847 3494 2033 3549 ἑαυτὸν

389 3581 762 3657 μοναστηρίῳ.
824 3580 924 3636 Καὶ
1002 3581 1176 3643 οὕτως
1235 3580 1517 3655 προσῆλθε
1599 3580 1668 3656 τῇ
1757 3581 2034 3655 μετανοίᾳ,

379 3670 458 3732 ὡς
489 3669 579 3724 καὶ
639 3668 771 3730 τοὺς
820 3669 1239 3745 συμπράκτορας
1296 3669 1459 3724 αὐτοῦ
1518 3671 1730 3745 ἀγαγεῖν
1779 3675 1857 3743 τῷ
1904 3673 2036 3744 Χρι-

382 3764 515 3831 στῷ.
578 3758 964 3832 Καθεζομένου
1025 3756 1082 3813 δέ
1128 3779 1263 3814 ποτε
1321 3758 1374 3814 ἐν
1459 3763 1536 3831 τῷ
1591 3757 1797 3832 κελλίῳ
1853 3760 2037 3830 αὐτοῦ,

383 3850 583 3926 λῃσταί
637 3871 779 3912 τινες
837 3844 1181 3924 προσέϐαλον
1236 3848 1403 3920 αὐτῷ,
1465 3851 1845 3923 ἀγνοήσαντες,
1903 3852 2039 3904 εῖναι

383 3941 548 3996 αὐτὸν
575 3940 665 3995 τὸν
701 3942 933 4008 Μωσῆν.
967 3938 1072 4003 Οῧς
1102 3939 1130 3993 6
1165 3939 1431 4014 μακάριος
1480 3935 1754 4012 δεσμήσας
1786 3939 2039 4014 σχοινίῳ,

384 4031 627 4106 καθάπερ
658 4029 854 4084 σάκκον
885 4028 1120 4104 ἀχύρου,
1179 4032 1299 4092 τοῖς
1354 4029 1548 4084 ἑαυτοῦ
1603 4028 1780 4102 ὣμοις
1813 4028 2040 4100 ἐπιθεὶς,

383 4123 464 4190 τῷ
493 4122 746 4194 Κυριακῷ
804 4116 1147 4193 παρεγένετο,
1207 4118 1296 4172 καί
1338 4139 1473 4188 φησι
1534 4119 1674 4190 πρὸς
1722 4118 1849 4181 τοὺς
1882 4116 2040 4174 ἀδελ-

387 4208 540 4286 φούς·
593 4205 818 4277 Ἐπειδὴ
882 4206 982 4262 οὐκ
1041 4204 1209 4278 ἔξεστί
1267 4227 1360 4279 μοι
1421 4204 1648 4276 ἀδικεῖν,
1708 4206 1936 4269 τούτους
1988 4205 2046 4262 δὲ

387 4298 542 4371 εὗρον
590 4295 916 4358 ἐπελθόντας
966 4316 1081 4368 μοι,
1135 4294 1190 4350 τί
1276 4294 1530 4351 κελεύετε
1604 4297 1731 4370 περὶ
1790 4296 2043 4367 toﬁ-raw;

388 4384 561 4440 Αὐτοὶ
625 4381 682 4438 δὲ
741 4383 1108 4460 γνωρίσαντες
1159 4382 1344 4451 αὐτὸν,
1403 4381 1485 4436 ὅτι
1549 4384 1757 4452 Μωσῆς
1815 4382 1957 4438 ἐστιν
2017 4384 2044 4438 ὁ

385 4469 719 4551 περιϐόητος
747 4472 1066 4547 λῄσταρχος
1123 4473 1214 4526 καὶ
1275 4471 1740 4546 ἀκαταγώνιστος,
1773 4470 2044 4546 ἐξομολο-

2142 3316 2273 3369 Hmc
2287 3315 2552 3369 enarravi
2577 3319 2641 3368 ut
2661 3315 3282 3386 ostendam,possibile
3309 3334 3437 3372 esse
3456 3317 3791 3372 volentibus

2139 3421 2246 3476 per
2267 3404 2678 3475 paenitentiam
2705 3406 2990 3476 consequi
3015 3406 3290 3461 salutem.
3317 3407 3429 3462 lste
3484 3425 3618 3463 vero
3661 3414 3793 3462 tan-

2143 3493 2279 3549 dem
2301 3510 2371 3549 ex
2393 3494 2650 3564 quodam
2675 3510 2814 3548 casu
2838 3501 3250 3566 compunctus,
3277 3513 3408 3551 sese
3431 3499 3797 3552 monasterio

2141 3583 2404 3638 addixit:
2439 3589 2616 3654 atque
2648 3583 2731 3638 ita
2751 3583 2825 3638 ad
2845 3585 3256 3654 pmnitentiam
3271 3587 3541 3652 accessit,
3575 3592 3790 3642 utsuos

2144 3673 2324 3728 etiam
2356 3673 2546 3726 socios
2588 3672 2663 3726 ad
2720 3673 3016 3728 Christum
3076 3673 3416 3729 adduceret.
3452 3676 3796 3744 Aliquando

2142 3761 2271 3833 ipso
2302 3761 2365 3815 in
2391 3760 2543 3815 cella
2573 3761 3091 3831 sedente,quidam
3124 3761 3693 3833 latronesimpetum
3728 3765 3787 3818 in

2147 3867 2281 3904 eum
2311 3849 2952 3921 fecerunt,ignorantes
2976 3851 3215 3922 Moysen
3242 3867 3372 3905 esse
3401 3868 3411 3904 :
3436 3869 3553 3921 quo
3587 3853 3797 3908 beatus

2145 3939 2284 3994 fune
2310 3939 2750 4011 constringens,
2776 3940 3022 4010 perinde
3054 3957 3120 3994 ac
3153 3941 3337 4011 paleae
3366 3957 3621 4010 saccum,
3676 3944 3798 3997 suis

2146 4029 2463 4098 imponens
2494 4029 2780 4094 humeris,
2815 4029 2888 4083 ad
2950 4029 3263 4084 Basilicam
3318 4047 3378 4084 se
3411 4031 3665 4086 contulit
3696 4049 3709 4100 ;
3745 4037 3805 4087 et

2146 4117 2426 4171 fratribus
2507 4118 2591 4172 ait
2646 4134 2659 4171 :
2711 4119 3002 4182 Quoniam
3053 4119 3199 4174 mihi
3261 4137 3382 4174 non
3432 4120 3576 4175 licet
3620 4121 3806 4176 ullam

2149 4207 2368 4262 inferre
2402 4207 2708 4278 injuriam,
2743 4212 2802 4263 et
2849 4208 2957 4263 hos
2989 4210 3182 4280 reperi
3247 4210 3308 4264 in
3366 4227 3460 4265 me
3523 4212 3805 4266 invaden-

2151 4301 2257 4366 tes,
2293 4297 2436 4367 quid
2465 4297 2536 4351 de
2589 4297 2910 4368 iisjubetis
2939 4299 2965 4353 ?
2993 4299 3084 4353 Illi
3144 4316 3280 4354 vero
3339 4301 3596 4371 cognito,
3650 4302 3806 4372 quod

2153 4386 2279 4457 ipse
2312 4386 2544 4458 Moyses
2577 4387 3023 4455 esset,famosus
3051 4389 3150 4443 ille
3182 4389 3485 4445 latronum
3503 4391 3804 4462 princeps,

2154 4481 2329 4546 atque
2356 4475 2856 4548 inexpugnabilis,
2893 4482 3008 4532 Deo
3029 4479 3305 4545 confessi,
3359 4478 3634 4532 abdicato
3694 4497 3801 4534 sae-

384 4562 686 4638 γησάμενοι
717 4566 798 4636 τῷ
827 4566 945 4634 Θεῷ
989 4561 1080 4616 καὶ
1143 4559 1321 4630 αὐτοὶ,
1374 4559 1729 4633 ἀπετάξαντο,
1766 4561 1856 4616 καὶ
1886 4563 2034 4637 γεγό‹

2155 4565 2308 4635 οιιΙο,
2344 4567 2620 4621 monachi
2649 4572 2962 4622 evaserunt
2979 4567 3402 4638 probatissimi.
3431 4568 3638 4636 Itaque
3663 4583 3800 4621 san-

383 4673 503 4706 νασι
540 4651 778 4727 μοναχοὶ
857 4648 1259 4724 δοκιμώτατοι.
1320 4650 1631 4726 Θεαρέστως
1679 4651 1770 4704 οὗν
1843 4651 2043 4726 βιώσας

387 4743 416 4796 6
447 4739 600 4817 ἀγίος
632 4742 831 4816 γέρων,
862 4738 952 4795 καὶ
977 4739 1070 4794 τὸν
1103 4735 1337 4813 δαίμονα
1369 4745 1470 4810 τῆς
1525 4737 1831 4802 ἀκολασίας
1885 4761 2042 4796 κατα-

389 4829 690 4900 παλαίσας,
721 4829 949 4902 τελευτᾷ
978 4828 1110 4885 ἐτιὶν
1168 4823 1550 4903 ἐϐδομήκοντα
1597 4830 1771 4901 πέντε,
1804 4832 2046 4906 γεγονὼς

385 4918 478 4975 καὶ
536 4914 928 4996 πρεσϐύτερος,
985 4919 1075 4976 καὶ
1131 4917 1450 4974 καταλιπὼν
1517 4920 1760 4992 μαθητὰς
1802 4917 2044 4994 ἐϐδομή-

389 5029 584 5068 κοντα.

949 5155 1137 5211 ΜΗΝΙ
1168 5156 1259 5210 ΤΩ
1289 5156 1490 5212 ΑΥΤΩ.

1168 5244 1273 5299 ΚΘ“

389 5334 459 5390 Ἠ
490 5332 746 5410 ἀποτομὴ
777 5335 875 5402 τῆς
903 5332 1091 5410 τιμίας
1139 5331 1385 5410 κεφαλῇς
1441 5337 1538 5387 τοῦ
1594 5334 1782 5410 τιμίου
1827 5335 2047 5410 ἐνδόξου

498 5353 746 5404 ξιποτομη
777 5354 875 5402 της
903 5354 955 5388 τι
1012 5354 1091 5395 ιας
1139 5353 1385 5407 κεφαΛης
1441 5353 1538 5387 του
1594 5353 1782 5406 τιμιου
1827 5353 1936 5393 ενδ(

498 5407 813 5480 προφήτου,
845 5353 1171 5481 προδιρόμου
1201 5405 1292 5460 καὶ
1326 5407 1629 5461 Βαπτιστοῦ
1661 5407 1936 5467 Ἰωάννου.

461 5598 564 5660 "Oc;
597 5595 650 5652 ἐν
679 5601 965 5673 γεννητοῖς
994 5602 1264 5672 γυναικῶν
1317 5601 1670 5673 μαρτυρεῖται
1708 5599 1840 5677 ὑπὲρ
1875 5606 2044 5661 ἅπαν-

385 5709 485 5753 τας
513 5689 649 5745 εἶναι
683 5688 786 5744 ὑπὸ
819 5692 1102 5764 Χριστοῦ,
1161 5689 1249 5746 καὶ
1309 5693 1605 5768 προφητῶν
1636 5694 2043 5771 περισσότερος,

2156 4659 2285 4710 ctus
2317 4672 2500 4711 senex
2515 4657 2762 4711 vitaDeo
2780 4662 2945 4728 grata
2977 4656 3805 4726 traducta,acincontinenti€e

2155 4745 2424 4800 daemone
2455 4745 2995 4813 devicto,moritur,
3029 4762 3218 4800 annos
3249 4751 3424 4801 natus
3457 4747 3721 4817 quinque
3749 4750 3808 4800 et

2156 4835 2553 4906 septuaginta,
2586 4835 2901 4907 presbyter
2933 4836 3110 4890 etiam
3142 4839 3397 4906 creatus,
3432 4835 3807 4910 septuaginta

2154 4923 2466 4995 discipulis
2493 4928 2628 4996 post
2650 4941 2711 4980 se
2743 4924 2990 4980 relictis.

2708 5152 2948 5207 EODEM
2989 5151 3246 5207 MENSE.

2691 5251 2793 5304 Die
2833 5250 3110 5306 vicesima
3133 5266 3292 5305 nona

2159 5349 2314 5404 224
2375 5349 2671 5404 Decollatio
2725 5351 2956 5419 gloriosi
3005 5351 3290 5422 propheta:
3346 5350 3708 5406 Praecursoris
3753 5356 3804 5406 ct

2709 5423 2974 5493 Baptista:
3002 5422 3253 5478 Joannis.

2228 5621 2331 5676 Hic
2363 5621 2462 5692 qui
2497 5622 2653 5676 inter
2676 5627 2846 5677 natos
2870 5622 3186 5677 mulierum
3211 5620 3506 5676 maximus
3533 5618 3803 5674 omnium

2159 5726 2307 5778 esse,
2335 5713 2391 5764 et
2445 5711 2870 5782 prophetarum
2927 5711 3464 5767 excellentissimus
3508 5724 3542 5763 a
3569 5704 3800 5762 Christo
