4184 6326
401 309 517 368 611

1725 303 2152 366 MENOLOGII
2198 302 2294 362 PA
2308 304 2396 364 RS
2440 304 2545 364 Ill.

3692 304 3812 368 612
3860 299 3865 303 ’

404 449 732 506 asseritur:
768 447 869 518 qui
892 446 1324 519 prasexsultans
1383 446 1455 501 ab
1512 450 1702 516 utero,
1755 444 2051 499 Christum

2170 442 2197 496 6
2226 444 2631 518 προσκιρτήσας
2669 442 2776 498 ἀπὸ
2804 443 3057 519 γαστρὸς,
3088 443 3177 498 καὶ
3206 447 3344 513 τοῖς,
3404 441 3458 498 ἐν
3488 445 3582 517 γῇ,
3611 441 3702 498 καὶ
3759 443 3811 498 ἐν

410 546 583 595 terra)
609 543 790 608 atque
821 535 1028 591 inferis
1059 535 1467 603 annuntiavit;
1498 536 1657 591 illius
1680 540 1807 590 erat
1842 534 2060 589 Zacha-

407 628 511 683 rias
539 626 862 699 pontiﬁcis,
879 631 940 681 et
960 625 1221 681 Elisabet
1244 624 1545 693 ;Gabriele
1571 624 1885 679 nuntiante
1901 623 2060 695 geni-

411 716 948 773 tus.Venerandum
978 720 1177 770 autem
1199 715 1254 769 ei
1285 719 1461 785 caput
1486 713 1558 769 ab
1573 713 1801 769 Herode
1814 712 2059 768 obtrun-

408 812 578 863 catur
608 810 854 878 propter
877 805 1198 860 scelestum
1220 805 1375 877 regis
1406 820 1536 859 cum
1563 803 1894 860 Herodiade
1912 819 2057 858 con-

407 895 794 952 cubitum.Ab
826 895 956 966 ipso
980 895 1189 950 matris
1205 894 1339 949 sinu
1354 893 1731 950 sanctitatem
1762 892 2061 951 isteindu—

405 985 853 1057 tus,puritatem
887 983 1707 1055 suscipiens,temperantiam
1727 981 2058 1054 amplexus,

407 1074 469 1128 in
500 1072 615 1127 cibi
644 1071 1008 1127 abstinentia
1038 1088 1099 1126 se
1132 1071 1527 1138 exercens,ab
1558 1070 1721 1126 omni
1746 1070 2057 1125 hominum

408 1162 858 1218 conversatione
888 1166 1178 1231 remotus,
1212 1165 1572 1232 eremum,ut
1589 1160 2057 1227 urbem,habita-

404 1253 506 1321 vit,
542 1269 680 1307 cum
709 1251 927 1307 belluis
957 1252 1177 1320 vivens,
1220 1251 1433 1307 cameli
1492 1250 1630 1322 pilis
1664 1251 1932 1316 vestitus,
1991 1265 2060 1305 ac

404 1358 550 1397 zona
591 1359 661 1397 ex
691 1342 851 1397 corio
902 1342 1306 1414 praecinctus;
1367 1346 1428 1397 et
1484 1341 1675 1396 instar
1728 1339 2057 1407 volucrum,

406 1431 538 1487 cibo
569 1431 846 1487 utebatur
895 1448 929 1486 a
977 1437 1190 1487 natura
1247 1436 1458 1503 sponte
1506 1429 1703 1486 oblato
1757 1446 1770 1484 :
1820 1429 2059 1484 assidue

402 1519 595 1592 legem
631 1520 732 1575 Dei
764 1520 1186 1588 meditabatur,
1219 1520 1392 1592 cujus
1450 1519 1848 1586 observantia,
1881 1523 2058 1588 atque

400 1610 669 1665 custodia
699 1610 783 1665 nil
815 1610 927 1682 ipsi
946 1627 1211 1681 unquam
1243 1610 1680 1680 antiquius.Hic
1700 1609 1862 1680 ipsos
1883 1612 2055 1662 natu-

398 1716 479 1754 rae
502 1700 789 1755 terminos
814 1699 1187 1754 transcendit
1214 1705 1304 1767 ;et
1331 1715 1548 1771 purum
1572 1703 1748 1768 atque
1768 1697 2056 1751 immacu-

397 1788 584 1844 latum
617 1805 796 1860 super
826 1805 1066 1844 omnem
1091 1794 1366 1844 naturam
1397 1788 1693 1843 Christum
1718 1785 2050 1858 baptizavit.

400 1880 544 1933 Cum
571 1878 771 1949 itaque
803 1878 1064 1934 Herodes
1094 1878 1330 1933 libidini
1360 1877 1529 1932 valde
1564 1876 1917 1948 indulgens,
1950 1876 2050 1929 Ju-

401 1967 585 2023 daicaa
616 1968 878 2040 regionis
911 1969 1229 2033 tetrarcha,
1263 1968 1463 2023 fratris
1491 1967 1582 2023 sui
1622 1967 1875 2039 Philippi
1907 1982 2052 2021 uxo-

396 2073 525 2112 rem
558 2056 669 2112 sibi
702 2059 763 2112 in
813 2057 1060 2113 thalami
1114 2059 1482 2113 consortium
1534 2056 1820 2125 duxisset,
1854 2055 2052 2111 divino

398 2147 686 2202 excitatus
703 2147 825 2202 zelo
856 2148 1167 2218 propheta,
1195 2152 1254 2202 et
1276 2147 1541 2202 veritatis
1555 2146 1738 2202 armis
1762 2146 2050 2211 munitus,

397 2237 481 2291 ait
509 2237 583 2291 ad
612 2242 973 2308 tyrannum:
1017 2239 1143 2292 Non
1192 2237 1333 2292 licet
1392 2236 1497 2291 tibi
1555 2235 1773 2291 habere
1807 2252 2052 2290 uxorem

398 2326 657 2398 Philippi
688 2325 888 2381 fratris
940 2326 1047 2381 tui.
1083 2326 1230 2380 Hinc
1288 2341 1557 2380 carceres
1611 2329 1670 2379 et
1726 2323 2052 2379 vinculain

400 2420 694 2485 sanctum,
713 2414 1037 2470 furibunda
1056 2414 1281 2469 femina
1310 2415 1371 2469 in
1403 2413 1464 2468 id
1494 2411 2050 2484 amatoremimpel-

399 2504 581 2560 lente.
615 2504 985 2575 Quapropter
1004 2502 1145 2558 dum
1162 2502 1433 2559 natatilia
1458 2501 1904 2557 celebrarentur
1918 2517 2051 2556 con-

403 2595 571 2662 vivia,
596 2592 879 2666 opiparis,
910 2597 1087 2664 atque
1115 2592 1464 2663 voluptariis
1513 2589 2053 2663 compotationibus

401 2684 474 2739 ad
514 2683 733 2738 mentis
765 2682 1178 2754 impotentiam
1231 2682 1665 2737 convivatorem
1689 2680 2055 2736 devolventi-

400 2773 615 2840 bus,en
647 2772 864 2827 chorea
885 2771 1239 2827 meretricia
1268 2771 1506 2843 puellae,
1531 2776 1590 2826 et
1608 2771 1923 2843 praemium
1941 2786 2052 2825 ca)-

404 2862 507 2918 des
524 2863 845 2934 prophetaa.
876 2863 917 2916 E
949 2860 1190 2934 vestigio
1222 2861 1402 2933 igitur
1419 2860 1666 2916 allatum
1689 2877 1868 2931 super
1889 2859 2053 2915 disco

396 2952 543 3025 justi
572 2956 750 3023 caput
780 2956 840 3006 et
868 2952 1218 3017 lascivienti,
1251 2956 1428 3023 atque
1486 2950 1771 3007 adulterae
1818 2951 2054 3006 feminae

404 3042 712 3110 traditum,
743 3042 937 3098 adhuc
969 3043 1321 3115 sanguinem
1370 3040 1630 3111 stillans,
1665 3041 2054 3112 eamdemque

403 3133 711 3204 proferens
742 3149 965 3187 vocem.
1002 3134 1148 3187 Acta
1178 3137 1318 3187 sunt
1345 3132 1472 3188 haec
1502 3133 1565 3186 in
1595 3132 1741 3187 urbe
1792 3131 2055 3197 Sebaste,

402 3239 534 3293 quas
561 3223 633 3277 ab
663 3223 992 3277 Jerusalem
1009 3222 1184 3276 distat
1208 3221 1386 3276 unius
1419 3221 1536 3275 diei
1563 3220 2052 3275 itinereEodem-

404 3328 518 3382 que
550 3311 608 3364 in
642 3310 902 3377 loco,ubi
934 3310 1035 3381 qui
1066 3315 1200 3381 post
1227 3310 1394 3364 illum
1420 3310 1685 3383 regnavit
1714 3309 2052 3377 Tetrarcha,

400 3399 593 3470 regias
624 3397 832 3453 domos
865 3398 1139 3465 firmavit,
1174 3403 1234 3453 et
1263 3399 1596 3453 convivium
1623 3398 1699 3453 ad
1748 3397 2053 3469 prophetae

400 3502 609 3542 necem
636 3486 750 3541 fuit
779 3486 1144 3543 celebratum
1169 3486 1422 3554 ;ibidem
1453 3485 2050 3559 propheticumillud,

401 3581 458 3630 et
489 3579 758 3631 sanctum
791 3593 1006 3648 corpus
1037 3577 1110 3632 ab
1138 3576 1407 3649 ejusdem
1438 3577 1832 3649 compositum
1874 3575 2054 3631 disci-

397 3666 576 3737 pulis,
614 3671 703 3721 est
725 3667 1122 3724 reconditum.

954 3776 1197 3833 EODEM
1234 3778 1378 3832 MEN
1384 3777 1486 3833 SE.

1001 3884 1104 3939 Die
1145 3884 1447 3940 tricesima

501 3973 651 4030 225
711 3975 979 4029 Memoria
1037 3973 1181 4028 beati
1236 3973 1468 4029 Fantim'
1528 3972 1938 4043 thaumaturgi.

468 4193 573 4249 Hic
620 4192 911 4264 originem
992 4193 1161 4247 duxit
1220 4208 1289 4248 ex
1346 4192 1729 4248 Calabrorum
1805 4193 2046 4265 regione

398 4282 642 4352 Georgio
674 4285 734 4336 et
764 4282 992 4353 Bryene
1022 4286 1198 4337 natus
1227 4280 1596 4353 parentibus.
1620 4282 1706 4336 Ab
1737 4282 1884 4353 ipsis
1910 4299 2043 4337 vero

393 4370 595 4426 fasciis
622 4370 743 4426 Deo
774 4376 1177 4438 consecratus,
1211 4370 1573 4427 monasterio
1614 4371 1883 4439 dicatur;
1916 4388 2039 4426 om-

395 4476 659 4531 nemque
688 4465 997 4515 assecutus
1012 4461 1385 4527 virtutem,ac
1398 4460 1588 4515 factus
1609 4458 1830 4531 probus
1844 4477 2045 4531 opera-

2167 535 2247 603 τῷ
2275 528 2378 605 ᾅδῃ
2403 530 2495 587 τὸν
2527 533 2754 606 Χριστὸν
2787 532 3045 607 κηρύξας,
3097 531 3255 594 οὗτος
3300 533 3366 601 ἦν
3399 532 3514 594 υἱὸς
3538 532 3813 608 Ζαχαρίου

2165 625 2262 676 τοῦ
2330 621 2632 698 ἀρχιερέως
2689 623 2779 676 καὶ
2839 616 3148 690 Ἐλισάϐετ,
3219 621 3270 693 ἐξ
3327 620 3653 698 ἐπαγγελίας
3707 627 3811 678 Pa-

2167 704 2337 783 ϐριήλ
2364 712 2603 786 τεχθείς.
2639 713 2887 784 Ἐτμήθη
2920 709 2978 766 δὶ
3030 712 3130 780 τὴν
3185 710 3374 785 τιμίαν
3402 711 3646 790 κεφαλὴν
3709 713 3811 769 ὑπό

2165 799 2421 876 Ἡρώδου
2450 797 2541 856 διὰ
2577 801 2677 870 τήν
2727 801 3040 875 παράνομον
3104 801 3246 875 μίξιν
3293 808 3394 872 τῆς
3446 799 3809 877 Ἡρωδιάδος.

2165 890 2338 954 Οὗτος
2368 891 2397 945 ὁ
2427 889 2478 963 ἐξ
2510 890 2684 960 αὐτῆς
2729 896 2831 959 τῆς
2879 887 3079 961 νηδύος
3134 891 3444 967 ἁγιωσύνην
3502 892 3815 966 περικείμε-

2165 1000 2277 1052 νος,
2306 979 2516 1056 ἁγνείαν
2573 978 3027 1054 εἷ’σοικισάμενος,
3085 982 3445 1058 σωφροσύνην
3497 980 3815 1056 ἀσπασάμε-

2164 1089 2281 1140 νος,
2330 1068 2589 1146 ἀτροφίαν
2651 1067 2912 1139 ἀσκήσας,
2970 1070 3061 1124 καὶ
3107 1071 3286 1141 πάσης
3342 1070 3640 1146 ἀνθρώπων
3696 1070 3817 1126 ἑπι-

2168 1158 2350 1233 μιξίας
2379 1156 2736 1235 ἀπερρωγὼς,
2767 1159 2858 1214 καὶ
2886 1160 2988 1228 τήν
3044 1156 3252 1234 ἔρημον
3305 1160 3380 1222 ὡς
3428 1158 3593 1216 πόλιν
3654 1161 3813 1233 οἰκή-

2167 1269 2285 1320 σας,
2318 1247 2533 1324 θηρίοις
2564 1245 3046 1321 συνδιαιτώμενςς,
3106 1249 3365 1322 καμήλου
3422 1250 3562 1324 θριξὶ
3618 1253 3815 1306 σκεπό-

2169 1358 2352 1411 μενος,
2435 1335 2729 1413 δερματίνῃ
2792 1338 2934 1413 ζώνῃ
2991 1338 3520 1415 περισφιγγόμενος,
3576 1341 3665 1395 καὶ
3718 1338 3815 1396 ’ίσα

2164 1431 2367 1496 πτηνοῖ
2403 1426 2466 1481 τὸ
2512 1433 2614 1497 τῆς
2670 1433 2881 1504 τροφῆς
2936 1426 3268 1500 κεκτημένος
3324 1427 3655 1502 αὐτόματον,
3717 1450 3811 1501 με-

2166 1516 2329 1587 λέτην
2367 1514 2424 1572 δέ
2457 1514 2708 1591 διηνεκῆ,
2738 1518 2829 1572 τὸν
2881 1521 2979 1572 τοῦ
3036 1521 3173 1574 Θεοῦ
3228 1519 3401 1592 νόμον
3457 1519 3813 1593 ποιούμενος,

2164 1608 2357 1682 ἠγεῖτο
2389 1613 2491 1676 τῆς
2515 1606 2686 1662 αὐτοῦ
2716 1606 2968 1684 φυλακῆς
3007 1606 3098 1662 καὶ
3128 1611 3438 1684 τηρήσεως,
3478 1608 3653 1664 πάντα
3692 1606 3811 1664 δεύ-

2162 1716 2292 1772 τερα
2322 1695 2412 1751 καὶ
2447 1693 2677 1765 ὑποδεῆ,
2711 1697 2739 1750 ὁ
2763 1695 2893 1759 τοὺς
2924 1698 3085 1771 ὅρους
3133 1692 3373 1773 ὑπερϐάς
3427 1704 3528 1768 τῆς
3578 1697 3813 1772 φύσεως,

2164 1785 2371 1841 καὶτὸν
2403 1789 2638 1861 καθαρὸν
2669 1787 2760 1841 καὶ
2819 1785 3128 1859 ἂμόλυντον
3179 1787 3273 1842 καὶ
3349 1787 3526 1859 πάσης
3567 1785 3814 1844 ἐπέκεινα

2165 1876 2378 1951 φύσεως
2414 1874 2677 1951 βαπτίσας
2709 1876 2970 1952 Χριστόν.
3026 1876 3224 1934 Τοίνυν
3258 1877 3286 1931 ὁ
3317 1878 3568 1949 πολήσας
3597 1878 3649 1934 ἐν
3681 1878 3812 1934 ἀκο-

2167 1963 2635 2041 λασίᾳἮρώδης,
2669 1969 2767 2020 τοῦ
2826 1963 3128 2023 Ἰουδαϊκοῦ
3184 1970 3502 2043 τετραρχῶν
3560 1964 3812 2045 ἐδάφους,

2164 2055 2264 2123 τήν
2296 2058 2393 2108 τοῦ
2423 2051 2665 2131 ἀδελφοῦ
2696 2053 2862 2110 αὐτοῦ
2889 2053 3178 2110 Φιλίππου
3209 2060 3440 2127 γυναῖκα
3469 2056 3604 2130 πρὸς
3634 2058 3811 2132 γάμον

2162 2143 2414 2219 ἠγάγετο.
2451 2141 2593 2214 Θείῳ
2650 2142 2742 2196 οῦν
2800 2141 3043 2213 κινηθεὶς
3096 2140 3256 2216 ζήλῳ
3293 2144 3321 2198 ὁ
3352 2146 3662 2221 προφήτης,
3719 2145 3810 2200 καὶ

2164 2230 2423 2301 ἀληθείας
2450 2230 2649 2293 δπλοις
2707 2231 3066 2307 φραξάμενος,
3124 2229 3283 2307 ἔλεγε
3332 2232 3469 2309 πρὸς
3498 2234 3588 2288 τὸν
3614 2232 3809 2310 τύραν-

2162 2338 2280 2375 νον’
2339 2322 2455 2380 Οὐκ
2513 2318 2685 2390 ἔξεστί
2739 2342 2823 2375 σοι
2905 2314 3052 2397 ἔχειν
3109 2331 3337 2397 γυναῖκα
3367 2322 3650 2379 Φιλίππου
3714 2327 3812 2379 τοῦ

2163 2406 2403 2486 ἀδελφοῦ
2435 2430 2554 2468 σου.
2589 2407 2863 2466 Ἐντεῦθεν
2925 2409 3142 2484 φυλακὴ
3172 2412 3262 2466 καὶ
3316 2407 3490 2483 δεσμά
3543 2411 3669 2485 περὶ
3720 2413 3811 2467 τὸν

2165 2497 2343 2571 ἅγιον,
2370 2504 2467 2553 τοῦ
2501 2503 2734 2573 μανικοῦ
2766 2498 2991 2573 γυναίου
3049 2499 3187 2573 πρὸς
3230 2504 3391 2555 τοῦτο
3447 2501 3539 2555 τὸν
3581 2499 3811 2577 ἐραστὴν

2165 2588 2558 2650 συνελάσαντος
2591 2633 2606 2647 .
2687 2589 2849 2645 ’Όθεν
2927 2585 3221 2664 γενεθλίων
3299 2586 3667 2663 τελουμένων,
3723 2590 3813 2645 καὶ

2163 2676 2337 2732 πότου
2363 2674 2630 2751 δαψιλοῦς
2687 2676 2778 2732 καὶ
2837 2674 3142 2755 φιληδόνου
3198 2677 3337 2752 πρὸς
3391 2678 3813 2754 παραφροσύνην

2166 2764 2554 2828 ἐκκυλίσαντος
2584 2765 2674 2821 τὸν
2708 2766 3017 2841 ἱστιάτορα,
3049 2765 3286 2842 ὄρχησις
3332 2768 3613 2845 ἑταιρικοῦ
3644 2769 3811 2845 θυγα-

2162 2854 2339 2931 τρίου,
2373 2854 2465 2910 καὶ
2528 2856 2744 2927 μισθὸς,
2790 2857 3078 2934 προφήτου
3152 2854 3445 2931 ἀναίρεσις.
3486 2855 3692 2914 Δῦτίκα
3722 2856 3815 2913 οῦν

2163 2944 2317 3018 ἤχθη
2355 2948 2442 3003 ἐπὶ
2503 2949 2731 3012 πίνακος
2782 2950 2816 3016 ἠ
2876 2952 2973 3003 τοῦ
3033 2946 3245 3003 δικαίου
3296 2946 3531 3026 κεφαλὴ,
3587 2946 3816 3017 ἐπεδόθη

2171 3040 2361 3113 μάχλῃ
2392 3040 2483 3095 καὶ
2518 3038 2812 3116 μοιχαλίδι
2837 3040 3077 3116 γυναικὶ,
3109 3037 3188 3096 ἔτι
3243 3044 3306 3097 τὸ
3337 3044 3476 3115 αἷμα
3533 3040 3817 3114 στάζουσα,

2165 3132 2253 3187 καὶ
2327 3134 2392 3187 τά
2473 3132 2608 3187 αὐτά
2692 3134 3063 3210 φθεγγομένη.
3151 3132 3433 3190 Ἐτελοῖτο
3516 3131 3574 3188 δὲ
3654 3138 3819 3189 ταῦτα

2165 3219 2217 3275 ἐν
2274 3225 2343 3294 τῇ
2405 3216 2656 3293 Σεϐαστῇ
2702 3221 2865 3276 πόλει
2954 3220 3241 3297 ἀπεχούσῃ
3294 3224 3394 3291 τῆς
3453 3220 3820 3297 Ἰερουσαλὴμ

2162 3309 2374 3384 ἡμέρας
2405 3308 2555 3383 δδῦν,
2586 3304 2709 3374 ἔνθα
2737 3310 2826 3365 καὶ
2886 3312 2914 3365 ὁ
2977 3312 3090 3385 μετ’
3151 3310 3356 3366 ἐκεῖνον
3400 3313 3561 3385 ἄρξας
3590 3314 3817 3388 τετράρ-

2163 3419 2294 3474 χης,
2322 3399 2454 3461 τοὺς
2485 3397 2879 3475 ἀνακτορικοὺς
2934 3398 3167 3474 ἐπήξατο
3230 3397 3454 3473 δόμους.
3486 3400 3593 3457 Καὶ
3625 3400 3652 3455 ὁ
3687 3423 3820 3474 προ-

2162 3487 2497 3566 φητοκτόνος
2531 3487 2782 3560 ἐτελέσθη
2816 3492 3007 3561 πότος,
3039 3488 3153 3545 ἐκεῖ
3205 3491 3295 3545 καὶ
3349 3491 3414 3545 τὸ
3470 3492 3809 3569 προφητικὸν

2161 3577 2334 3633 ἐκεῖνο
2362 3578 2453 3634 καὶ
2485 3578 2643 3655 ἅγιον
2669 3576 2989 3654 περιπαλέν
3018 3577 3164 3657 παρᾶ
3203 3583 3312 3634 τῶν
3339 3576 3496 3634 ἰδίων
3548 3585 3808 3653 μαθητῶν

2160 3665 2533 3743 ἀπεκρύπτετο
2567 3672 2746 3741 σῶμα.

2690 3784 2846 3839 MHN
2851 3787 2873 3838 Ι
2932 3789 3017 3837 ΤΩ
3076 3784 3281 3849 ΑΥΤΩ,

2955 3871 3015 3928 Α.

2297 3962 2505 4035 Μνήμη
2553 3964 2650 4017 τοῦ
2690 3960 2844 4017 όσίου
2900 3966 3316 4037 θαυματουργοῦ
3374 3963 3665 4022 Φαντίνου.

2225 4187 2400 4249 Οὗτος
2428 4184 2578 4242 εἷλκε
2624 4186 2688 4241 τὸ
2746 4187 2901 4261 γένος
2958 4187 3017 4242 ἐκ
3075 4188 3266 4263 χώρας
3312 4193 3424 4244 τῶν
3479 4184 3813 4270 Καὶαϐρῶν,

2154 4273 2425 4350 Γεωργίου
2455 4272 2547 4329 καὶ
2578 4276 2848 4348 Βρυέννης
2880 4274 3019 4336 υἱός’
3054 4274 3105 4348 ἐξ
3156 4274 3336 4330 αὐτῶν
3395 4273 3452 4330 δὲ
3478 4278 3588 4330 τῶν
3635 4295 3814 4348 σπαρ-

2154 4363 2333 4440 γάνων
2363 4367 2448 4436 τῷ
2501 4368 2619 4436 Θεῷ
2680 4364 3025 4439 ἀφιερωθεὶς,
3114 4363 3467 4440 μοναστηρίφ
3518 4362 3814 4434 ἐκδίδοται,

2151 4454 2245 4509 καὶ
2274 4457 2449 4508 πᾶσαν
2482 4453 2678 4529 ἀρετὴν
2735 4453 3081 4529 μετέρχεται,
3139 4455 3229 4509 καὶ
3288 4451 3593 4527 γενόμενος
3658 4452 3815 4528 ἐργά-

392 4550 516 4605 rius
539 4548 960 4606 mandatorum
977 4549 1322 4619 Dei,divinis
1352 4549 1566 4622 dignus
1589 4548 2049 4605 revelationibus

2163 4564 2258 4614 της
2286 4540 2516 4616 δόκιμος
2550 4546 2660 4598 τῶν
2693 4541 2931 4598 ἐντολῶν
2963 4547 3060 4598 τοῦ
3105 4547 3261 4617 Θεοῦ,
3318 4541 3473 4606 θείων
3529 4540 3805 4597 ἀποκαλύ-

393 4640 670 4698 et’ficitur.
707 4639 794 4695 Ad
828 4639 954 4696 dies
982 4640 1190 4713 viginti
1213 4640 1468 4713 jejunus
1492 4638 2050 4711 permansit.Nudus

394 4730 574 4784 etiam
596 4746 703 4800 per
733 4734 987 4800 quatuor
1017 4747 1208 4786 annos
1239 4729 1635 4802 perseveravit
1669 4745 1681 4783 :
1715 4729 2051 4784 innumeris

397 4817 774 4874 conﬂictatus
805 4819 1246 4876 calamitatibus
1278 4819 1350 4875 ob
1385 4820 1817 4875 Saracenorum
1857 4819 2049 4873 incur-

396 4907 614 4961 siones.
640 4908 784 4961 Cum
816 4908 899 4963 ita
928 4910 1234 4982 sexaginta
1255 4925 1441 4964 annos
1478 4909 1858 4980 perstitisset,
1895 4908 2048 4963 Vita-

396 4994 544 5049 lium
574 5012 641 5050 ac
674 4997 1070 5068 Nicephorum
1103 4999 1430 5070 discipulos
1477 5015 1677 5053 secum
1711 5014 2044 5065 assumens,

394 5083 467 5138 ad
495 5083 971 5155 Peloponnesum
985 5089 1216 5159 appulit
1238 5104 1250 5141 :
1269 5093 1328 5143 et
1357 5088 1458 5143 diu
1480 5087 1744 5143 Corinthi
1762 5091 2045 5155 versatus,

392 5172 596 5226 multis
628 5173 700 5227 ad
734 5174 985 5231 salutem
1017 5193 1227 5232 ansam
1258 5176 1436 5239 dedit,
1503 5178 1766 5232 Athenas
1815 5180 2044 5248 petens,

392 5261 801 5334 templumque
830 5265 1148 5321 Genitricis
1180 5265 1281 5318 Dei
1312 5265 1961 5334 veneratus,Larissam
1984 5282 2046 5320 se

392 5351 683 5418 contulit;
717 5359 892 5422 atque
922 5354 1096 5425 longo
1131 5355 1417 5425 temporis
1477 5354 1792 5409 intervallo
1817 5355 1890 5409 ad
1918 5371 2044 5409 san-

390 5441 467 5495 cti
502 5441 739 5496 Achillii
772 5442 1112 5514 sepulcrum
1168 5443 1539 5511 immoratus,
1566 5443 2046 5499 Thessalonicam

389 5531 1309 5607 proﬁciscitur,magnimartyris
1331 5534 1614 5589 Demetrii
1642 5532 1926 5606 prodigiis
1939 5533 2010 5589 de
2030 5566 2040 5571 -

391 5624 645 5681 lectatus
663 5640 677 5680 :
693 5641 919 5699 perque
941 5624 1204 5700 integros
1220 5629 1352 5682 octo
1367 5640 1558 5682 annos
1577 5627 1931 5682 consuetum
1947 5623 2044 5695 ab

2159 4637 2301 4706 ψεων
2326 4634 2699 4705 καταξιοῦται.
2753 4632 2852 4686 Καὶ
2912 4631 2999 4687 ἐπὶ
3059 4632 3269 4710 ἡμέρας
3316 4629 3494 4686 εἴκοσι
3540 4627 3807 4688 διετέλεσ-

2157 4728 2364 4791 νῆστις.
2399 4720 2574 4777 Ἀλλὰ
2603 4720 2691 4776 καὶ
2722 4722 2928 4796 γυμνὸς
2962 4720 3050 4777 ἐπὶ
3108 4723 3361 4798 τέσσαρσι
3405 4720 3634 4797 χρόνοις
3693 4719 3809 4778 διε-

2157 4811 2487 4886 καρτέρησε,
2559 4810 2649 4864 καὶ
2734 4810 2954 4885 μυρίαις
3039 4810 3412 4884 περιστάσεσιν
3498 4808 3804 4881 ἐπάλαισεν,

2157 4899 2209 4953 ἐν
2239 4903 2358 4961 ταῖς
2380 4902 2488 4953 τῶν
2525 4902 2853 4974 Σαρακηνῶν
2879 4896 3120 4975 ἐφόδοις.
3152 4900 3241 4954 Ἐν
3291 4898 3510 4962 τούτοις
3551 4898 3810 4969 ἐξήκοντα

2159 4991 2384 5065 χρόνοις
2470 4986 2775 5063 διαρκὲσας,
2838 4989 3098 5047 Βιτάλιον
3156 4991 3251 5045 καὶ
3310 4991 3626 5068 Νικηφόρον
3681 4991 3810 5055 τοὺς

2156 5081 2319 5136 αὐτοῦ
2348 5074 2682 5155 παραλαϐὼν
2720 5080 2988 5153 μαθητὰς,
3036 5084 3106 5156 τῇ
3167 5078 3578 5155 Πελοποννήσῳ
3636 5102 3804 5157 προσ-

2157 5165 2442 5227 επιϐαίνει.
2473 5170 2574 5225 Καὶ
2610 5169 2662 5224 ἐν
2719 5173 2971 5247 Κορίνθῳ
3030 5171 3231 5247 χρόνον
3292 5173 3490 5246 συχνὸν
3539 5170 3804 5248 προσδια-

2153 5261 2370 5335 τρίψας,
2431 5258 2669 5321 πολλοῖς
2726 5261 2987 5333 πρόξενος
3046 5260 3318 5337 σωτηρίας
3407 5259 3659 5331 κατέστη·
3712 5259 3798 5314 καὶ

2154 5354 2249 5415 τὰς
2289 5353 2517 5421 Ἀθήνας
2554 5348 2898 5422 καταλαϐὼν,
2959 5353 3049 5408 καὶ
3094 5354 3156 5408 τὸ
3215 5352 3371 5428 ἅγιον
3430 5354 3653 5428 τέμενος
3699 5358 3796 5419 τῆς

2155 5442 2420 5497 Θεοτόκου
2504 5444 2906 5516 προσκυνήσας,
2997 5441 3047 5497 ἐν
3135 5446 3203 5516 τῇ
3284 5443 3524 5517 Λαρίσσῃ
3573 5442 3797 5516 γίνεται·

2154 5534 2325 5605 ἱκανῷ
2356 5528 2417 5586 δὶ
2448 5531 2638 5606 χρόνῳ
2666 5535 2747 5604 τῷ
2775 5536 2872 5586 τοῦ
2920 5530 3075 5608 ἁγίου
3122 5530 3448 5589 Ἀχιλλείου
3478 5527 3802 5606 προσεδρεύ-

2157 5643 2252 5684 σας
2305 5619 2487 5694 τάφῳ,
2563 5618 2641 5683 είς
2699 5619 3101 5693 Θεσσαλονίκην
3162 5619 3404 5697 ἔρχεταί.
3487 5621 3585 5677 Καὶ
3640 5639 3805 5677 κατα-
