4202 6314
373 286 493 347 613

1032 286 1203 348 IMP.
1250 287 1543 351 BASlLlI
1583 286 1954 352 JUNIORIS
1997 286 2387 349 NOVELLIE
2428 287 3129 353 CONSTITUTIONES.

3675 304 3806 365 614--

368 417 652 495 τρυφήσας
731 419 840 472 τῶν
920 420 1019 472 τοῦ
1109 418 1600 497 μεγαλομάρτυρος
1705 418 2027 496 Δημητρίου

2151 420 2444 477 stinentiaa
2474 423 2814 478 institutum
2856 424 3143 493 retinens,
3193 426 3256 481 in
3304 427 3463 487 bona
3492 440 3794 493 senectute

374 507 688 579 θαυμάτων,
720 504 804 583 ἐφ’
833 504 993 571 ὅλοις
1027 507 1175 562 ὀκτὼ
1238 504 1376 562 ἔτεσι
1426 510 1521 565 τὸν
1575 512 1783 580 συνηθη
1840 510 2041 564 κανόνα

2151 525 2175 564 e
2206 509 2323 565 vita
2344 511 2640 583 migravit.

374 603 476 664 τῆς
499 594 816 671 ἐγκρατείας
845 596 1279 672 μετερχόμενος,
1309 596 1362 653 ἐν
1396 600 1544 674 γήρᾳ
1579 597 1736 672 καλῷ
1783 597 2038 655 καταλύει

377 685 470 740 τὸν
501 684 644 760 βίον.

932 805 1037 861 ΜΗ
1049 805 1121 864 NI
1157 810 1242 860 Tu
1279 808 1483 864 ΑΥΤΩ.

1148 896 1257 954 AA'

378 987 439 1043 ἸΙ
497 986 782 1050 κατάθεσις
849 991 952 1056 τῆς
1033 985 1230 1064 τιμίας
1318 986 1514 1059 ζώνης,
1581 992 1681 1054 τῆς
1744 987 2036 1064 ὗπεραγίας

1063 1057 1351 1114 Θεοτόκου.

440 1165 505 1220 Ὀ
547 1168 648 1219 τοῦ
706 1166 956 1238 μεγάλου
1016 1162 1311 1219 Θεοδοσίου
1364 1164 1483 1224 υἱὸς
1541 1164 1833 1241 ’Λρκάδιος
1865 1210 1879 1238 ,
1935 1168 2037 1238 τήν

372 1254 558 1327 τιμίαν
609 1253 789 1323 ζώνην
842 1256 942 1322 τῆς
1005 1253 1296 1330 ὑπεραγίας
1356 1254 1623 1309 Θεοτόκου
1699 1256 1750 1327 ἐξ
1808 1256 2035 1331 Ἱεροσο-

376 1343 566 1415 λύμων
626 1340 939 1417 ἐξαγαγὼν,
1003 1341 1427 1420 φυλαττομένην
1486 1343 1658 1398 ἐκεῖσε
1719 1345 1888 1420 μέχρι
1940 1351 2039 1402 τοῦ

378 1430 500 1487 τότε
529 1435 722 1506 καιροῦ
755 1429 889 1504 μετᾶ
942 1433 1031 1486 καὶ
1060 1438 1160 1501 τῆς
1187 1432 1376 1505 τιμίας
1434 1431 1680 1502 ἐσθῆτος,
1735 1432 1841 1487 ύπὸ
1896 1454 2038 1505 παρ-

381 1533 537 1588 θενου
619 1523 871 1597 γυναικός
925 1544 1071 1585 τινος
1108 1544 1121 1556 ·
1174 1522 1266 1577 καὶ
1351 1523 1403 1578 ἐν
1458 1525 2036 1580 Κωνσταντινουπόλει

2700 781 2942 837 EODEM
2982 784 3238 839 MENSE.

2644 878 2747 933 Die
2772 879 3076 936 tricesima
3103 882 3300 953 prima

2214 968 2492 1037 Depositio
2521 970 2850 1027 venerandae
2875 987 3024 1027 zona:
3050 977 3415 1034 sanctissima
3444 980 3720 1050 Deiparar.

2215 1151 2505 1206 Arcadius
2554 1154 2744 1224 Magni
2806 1155 3121 1210 Theodosii
3181 1157 3343 1214 ﬁlius
3399 1164 3797 1221 venerandam

2144 1239 2541 1294 sanctissimae
2579 1242 2894 1298 Genitricis
2951 1245 3053 1299 Dei
3106 1261 3312 1302 zonam
3372 1250 3798 1325 Hierosolymis

2143 1327 2426 1395 educens,
2459 1329 2560 1383 ubi
2592 1346 2782 1401 usque
2816 1333 2890 1387 ad
2933 1333 3039 1389 illa
3068 1340 3337 1406 tempora
3366 1355 3487 1393 una
3513 1357 3647 1396 cum
3669 1360 3797 1415 pre-

2142 1416 2295 1471 tiosa
2309 1424 2470 1472 veste
2492 1418 2687 1473 fuerat
2707 1436 2742 1475 a
2768 1422 3023 1491 quadam
3048 1424 3270 1497 virgine
3300 1436 3616 1501 asservata,
3642 1450 3797 1488 eam-

2142 1522 2257 1577 que
2290 1507 2872 1580 Constantinopolim
2898 1512 3571 1588 transferens,deposuit
3591 1523 3653 1575 in
3667 1522 3789 1577 ele-

382 1595 725 1685 ἀποκομίσας
757 1656 775 1683 ,
830 1612 1083 1666 κατέθετο
1132 1613 1184 1667 ἐν
1243 1610 1474 1687 λαμπρᾷ
1560 1613 1702 1687 θήκῃ
1738 1658 1755 1681 ,
1823 1614 1885 1683 ἣν
1943 1614 2032 1668 καὶ

2151 1595 2300 1666 ganti
2333 1596 2530 1663 theca,
2564 1614 2695 1668 quae
2729 1605 2935 1655 sancta
2963 1617 3114 1656 urna
3142 1601 3255 1658 fuit
3293 1607 3610 1677 appellata.
3644 1611 3793 1676 Qua-

384 1699 633 1755 ἐκάλεσεν
666 1698 820 1775 ἆγίαν
854 1700 1035 1774 σορόν.
1065 1700 1290 1774 Χρόνων
1335 1697 1393 1754 δὲ
1454 1697 1785 1763 διελθόντων
1843 1721 2035 1776 carpa-

2139 1682 2473 1756 dringentis
2505 1693 2641 1757 post
2670 1688 2845 1743 annis
2877 1689 2989 1743 Leo
3012 1691 3336 1762 imperator
3354 1695 3508 1751 hanc
3531 1705 3793 1756 sanctam

383 1789 584 1845 κοσίων
640 1787 788 1859 δέκα,
844 1788 992 1844 Λέων
1044 1789 1072 1843 ὁ
1131 1788 1386 1864 βασιλεὺς
1469 1786 1657 1861 ἤνοιξε
1724 1792 1823 1859 τήν
1881 1790 2034 1867 ἁγίαν

2151 1789 2357 1828 urnam
2386 1776 2619 1845 aperuit
2649 1782 2892 1848 propter
2917 1795 3163 1834 uxorem
3192 1782 3380 1852 ipsius
3409 1785 3561 1841 Zoen
3583 1787 3655 1842 ab
3677 1788 3794 1844 im-

384 1878 586 1951 ταύτην
622 1879 806 1956 σορὸν,
839 1876 929 1934 διὰ
954 1881 1055 1949 τὴν
1074 1879 1233 1934 τούτο
1272 1878 1499 1955 σύζυγον
1549 1881 1705 1950 Ζωήν
1763 1880 2035 1955 ἐνοχλου-

392 1971 559 2043 μένην
587 1969 690 2024 ὑπὸ
744 1967 1056 2042 πνεύματος
1112 1970 1437 2045 ἀκαθάρτου,
1496 1966 1622 2039 ἥτις
1678 1969 1769 2024 καὶ
1824 1970 2032 2039 ἠξιώθη

389 2059 531 2119 θείας
590 2056 870 2119 ὀπτασίας·
931 2058 1007 2121 ὡς
1063 2056 1109 2111 εἰ
1164 2056 1382 2131 ἐπιτεθῇ
1441 2059 1476 2127 ἡ
1531 2059 1691 2130 τιμία
1750 2058 1894 2128 ζώνη
1953 2048 2037 2113 ἐπ’

386 2148 548 2222 αὐτῇ,
604 2145 843 2217 τεύξεταί
894 2153 995 2216 τῆς
1053 2144 1245 2209 ῗάσεως
1277 2189 1292 2204 .
1368 2146 1580 2221 Εύρέθη
1638 2148 1729 2203 οὗν
1789 2149 1824 2217 ἡ
1875 2146 2036 2221 τιμία

386 2237 555 2307 ζώνη,
589 2236 663 2298 ὡς
693 2255 1041 2313 νεουφαθτος,
1087 2230 1521 2304 ἇποστίλϐουσα,
1570 2234 1842 2314 σφραγῖδα
1869 2232 2032 2312 ἔχου-

381 2347 447 2381 σα
475 2323 566 2381 διὰ
594 2327 864 2402 χρυσίνης
900 2323 1172 2401 βούλλης,
1202 2325 1295 2380 καὶ
1326 2322 1670 2381 κωδίκελλον
1700 2324 2034 2400 ἐμφαίνοντα

382 2413 874 2491 λεπομερῶς,καὶ
900 2413 994 2470 τόν
1020 2434 1080 2469 τε
1115 2415 1336 2488 χρόνον,
1394 2415 1493 2484 τὴν
1549 2411 1882 2486 ίνδικτιῶνα,
1939 2415 2031 2470 καὶ

380 2507 478 2575 τὴν
507 2499 743 2580 ἡμέραν,
774 2504 892 2559 καθ’
931 2504 998 2574 ἢν
1027 2500 1080 2557 ἐν
1135 2503 1709 2559 Κωνσταντινουπόλει
1765 2523 2031 2578 προσεκο-

384 2593 552 2667 μίσθη
610 2595 647 2663 ἡ
705 2592 831 2667 ἁγία
887 2592 1057 2663 ζώνηο
1136 2591 1228 2647 καὶ
1313 2596 1432 2654 πῶς
1504 2591 1656 2663 ἐτέθη
1719 2594 1875 2668 χερσῖ
1933 2597 2030 2648 τοῦ

388 2682 656 2758 βασιλέως
680 2676 831 2738 ἔνδον
862 2688 962 2752 τῆς
1022 2683 1200 2753 θήκης
1259 2681 1349 2736 ὑπ’
1401 2678 1564 2736 αξιτοῦ
1622 2687 2025 2759 σφραγισοεῖσα.

378 2778 477 2827 Ἢν
535 2772 625 2827 καὶ
678 2771 1055 2844 ἀσπασάμενος
1114 2772 1142 2826 ὁ
1206 2769 1490 2844 βασιλεὺς,
1551 2773 1640 2825 καὶ
1698 2768 1787 2826 διὰ
1841 2772 2028 2847 χειρὸς

383 2865 484 2917 to?)
541 2865 833 2931 τηνικαῦτα
888 2860 1237 2935 πατριάρχου
1290 2856 1490 2923 ἄνωθεν
1542 2861 1642 2928 τῆς
1702 2858 2027 2934 βασιλίσσης

386 2949 802 3026 ὑφαπλωθεῖσα,
858 2946 1165 3024 ἐλευθερίαν
1222 2952 1321 3004 τοῦ
1378 2950 1690 3021 νοσήματος
1738 2947 2022 3023 εἰργάσθη.

385 3040 484 3093 Καὶ
532 3035 725 3103 πάντες
796 3038 888 3093 τὸν
950 3040 1185 3112 Σωτῆρα
1258 3038 1493 3112 Χριστὸν
1580 3034 1828 3108 δοξαντες
1862 3082 1878 3107 ,
1934 3038 2024 3092 καὶ

375 3132 444 3202 τῇ
500 3127 754 3204 πανάγνῳ
810 3127 973 3183 αὐτοῦ
1024 3124 1237 3202 Μητὲρι
1305 3126 1508 3200 ὕμνους
1563 3126 2095 3219 εὐχαριστηρίουςρ

373 3214 691 3288 ἀποδόντες,
722 3216 1004 3273 κατέθεντο
1047 3217 1147 3286 τήν
1203 3216 1359 3292 ἁγίαν
1393 3216 1570 3287 ζώνην
1628 3215 1682 3271 ἐν
1740 3223 1810 3287 τῆ
1864 3216 2024 3290 τιμία

375 3311 543 3382 σορῷ,
575 3305 629 3362 ἐν
656 3306 694 3382 ᾖ
725 3313 1109 3383 προϋπῆρχεν.

2152 1876 2299 1931 puro
2332 1862 2547 1932 spiritu
2578 1869 2865 1931 vexatam,
2893 1883 3023 1937 quas
3080 1868 3278 1924 divina
3332 1872 3556 1929 visione
3615 1875 3794 1945 digna

2152 1949 2356 2005 habita
2383 1950 2779 2024 fuerat,atque
2811 1954 3139 2023 admonita,
3170 1957 3295 2014 fore
3326 1964 3409 2029 ut,
3453 1962 3501 2017 si
3528 1964 3580 2017 ei
3615 1981 3790 2021 vene.

2149 2039 2337 2095 rando.
2364 2057 2509 2097 zona
2533 2042 2960 2115 imponeretur,
2994 2046 3463 2107 incolumitatem
3477 2053 3792 2112 obtineret.

2149 2133 2353 2202 Itaque
2410 2138 2647 2203 reperta
2682 2134 2796 2189 fuit
2852 2135 3154 2194 adoranda
3198 2156 3361 2206 zona,
3420 2144 3666 2214 perinde
3723 2163 3792 2203 ac

2147 2238 2359 2277 recens
2390 2225 3016 2296 contexta,refulgens,
3049 2244 3229 2285 aurea
3257 2232 3488 2304 signata
3517 2234 3703 2305 bulla,
3735 2243 3795 2291 et

2146 2312 2422 2368 codicillo
2455 2314 2821 2371 adamussim
2853 2317 3007 2373 226
3030 2319 3334 2377 indicante
3365 2339 3611 2393 annum,
3636 2327 3793 2383 indi—

2144 2405 2404 2460 ctionem
2437 2405 2665 2462 etdiem
2690 2424 2807 2478 qua
2823 2409 3401 2485 ConstantinOpolim
3422 2416 3793 2476 fueratsacra

2143 2511 2288 2550 zona
2316 2501 2635 2567 asportata,
2669 2503 2853 2570 utque
2897 2500 3277 2572 imperatoris
3326 2508 3602 2565 manibus
3633 2510 3791 2567 intra

2143 2583 2376 2639 thecam
2409 2584 2769 2656 deposita,et
2797 2588 2870 2642 ah
2899 2589 3028 2660 ipso
3061 2591 3457 2663 signata.Eam
3479 2597 3789 2670 amplexus

2141 2677 2228 2727 est
2255 2672 2611 2745 imperator;
2642 2680 2701 2729 et
2728 2692 2835 2746 per
2862 2693 3108 2734 manum
3131 2685 3271 2736 tunc
3303 2687 3587 2756 temporis
3605 2688 3790 2759 patri-

2139 2761 2334 2817 archa)
2367 2778 2545 2834 super
2575 2764 3014 2835 imperatricem
3042 2769 3396 2840 explicata,a
3424 2776 3789 2834 morbolibe—

2138 2866 2265 2905 ram
2290 2849 2456 2904 illam
2479 2851 2943 2907 effecit.Cunctis
2966 2854 3205 2911 demum
3222 2859 3583 2918 Salvatorem
3615 2865 3781 2920 Chri-

2138 2943 2294 2993 stum
2317 2937 2809 3010 gloriﬁcantibus,
2842 2946 3020 3012 atque
3044 2943 3619 3004 immaculatissimm
3651 2953 3783 3023 ejus

2136 3027 2310 3082 matri
2342 3027 2598 3099 hymnos
2626 3045 2731 3099 pro
2753 3030 3078 3101 gratiarum
3107 3034 3341 3089 actione
3372 3036 3780 3110 reddentibus,

2134 3116 2395 3188 reposita
2424 3115 2536 3171 fuit
2566 3122 2770 3172 sancta
2798 3134 2943 3173 zona
2962 3119 3024 3174 in
3054 3122 3389 3179 veneranda
3404 3127 3640 3197 urna,in
3667 3144 3786 3199 qua

2134 3210 2310 3263 antea
2331 3205 2615 3262 exstabat.

984 3588 1888 3790 BASILII
2008 3586 3168 3787 JUNIORIS

1414 3891 2769 4051 POBPHYBOGENITI

661 4162 1645 4331 NOVELL/E
1761 4154 3494 4326 CONSTITUTIONES

1227 4432 1633 4515 (Lawanmv.
1676 4430 1786 4493 Jus
1818 4427 2410 4495 Graeco-Romanum.
2446 4431 2599 4487 tom.
2633 4425 2758 4501 l-ll,
2790 4425 2928 4507 fol.)

1155 4778 1234 4831 A.

373 4868 446 4923 Α.
480 4864 609 4939 Περὶ
674 4863 904 4928 κτίσεως
960 4866 1068 4918 τῶν
1129 4861 1459 4939 ἐκκλησιῶν,
1515 4862 1607 4918 καὶ
1652 4866 1763 4918 τῶν
1823 4861 2026 4937 εὐαγῶν

1108 4934 1270 4991 οἷ’κων
1281 4979 1295 4992 .

366 5032 694 5107 ’Υπόθεσιςλ
749 5034 869 5107 ’Ex_
914 5036 1024 5088 τῶν
1102 5033 1413 5106 Βαλσαμὼν
1494 5032 1592 5087 τοῦ
1662 5033 2019 5107 ’Δντιοχείας.

440 5102 822 5183 --Βασίλεεος
850 5104 878 5158 ὁ
910 5107 1028 5183 νέος
1058 5107 1157 5173 τήν
1222 5102 1506 5183 Νικηφρου
1562 5109 1675 5183 τοῦ.
1719 5102 1888 5183 Φωκᾶ
1941 5126 2023 5159 νο-

1244 5179 1320 5251 μὴ
1380 5179 1868 5251 κατασκευάζεσθαι
1936 5198 2018 5251 ys-

439 5246 572 5304 ωστὶ
634 5246 995 5324 μοναστήρια,
1055 5247 1091 5317 ἢ
1150 5246 1402 5324 ξενῶνας,
1445 5250 1872 5324 ἣγηροκομεῖα,
1932 5246 2022 5303 διὰ

437 5321 893 5395 νεαρᾷςίλταύτης
951 5321 1161 5394 ἀναιρεῖ
1195 5365 1209 5389 ,
1269 5321 1635 5395 ἀπολυθείσης
1663 5321 1821 5395 ,κατά
1876 5324 2020 5395 μῆνα

437 5390 770 5471 ξΑτὲρίλλιον
807 5390 1250 5466 ,ἐπινεμήσεως
1311 5394 1379 5465 α’,
1437 5398 1534 5447 τοῦ
1592 5392 1755 5471 ςυιιεζ
1818 5390 2017 5471 [qugd]

441 5178 697 5250 μοθεσίαν
747 5174 1130 5250 διοριζομένην
1155 5219 1181 5250 _,

441 5461 614 5529 ἔτους.

435 5553 496 5608 Ἡ
527 5552 588 5608 ἐκ
616 5556 750 5609 Θεοῦ
784 5548 1036 5627 βασιλεία
1075 5554 1237 5625 ἡμῶν
1295 5555 1386 5608 καὶ
1438 5553 1584 5631 παρὰ
1643 5559 1902 5630 μοναχῶν
1933 5555 2017 5610 ἐπ’

361 5635 624 5714 εὐλαϐείᾳ
651 5640 739 5695 καὶ
786 5640 952 5714 ἀρετῇ
1016 5642 1472 5717 μαρτυρουμένων
1527 5643 1617 5698 καὶ
1668 5644 1817 5719 παρὰ
1872 5640 2013 5698 πολ·

2929 4766 2975 4819 Ι.

2281 4857 2354 4909 De
2382 4855 2659 4909 struendis
2690 4852 2946 4921 ecclesiis,
2980 4861 3033 4909 et
3059 4854 3336 4925 religiosis
3363 4858 3633 4917 domibus.

2133 4932 2553 4998 Argumentum.
2576 4927 2662 4979 Ea:
2691 4925 3016 4981 Balsamone
3045 4928 3393 4984 Antiocheno
3423 4934 3781 5001 patriarcha.

2304 5026 2556 5108 Basilius
2580 5026 2786 5108 junior
2806 5027 3125 5108 _Nicephori
3156 5030 3392 5108 Phocea
3415 5032 3628 5108 legem,
3662 5053 3781 5108 qua

2205 5099 2306 5155 ille
2339 5104 2648 5173 statuerat,
2680 5114 2770 5173 ne;
2787 5098 2859 5153 de
2891 5115 3039 5173 noro
3072 5103 3456 5173 monasteria,
3477 5098 3581 5161 've1
3599 5098 3779 5163 teno-

2205 5189 2330 5246 nes,
2365 5170 2451 5246 vel
2473 5171 3274 5246 gerocomiaAconderentur,
3318 5170 3451 5246 perv
3482 5174 3777 5238 novellam

2202 5244 2354 5323 hanc
2387 5242 2624 5323 ahalet;
2659 5259 2788 5313 quae
2822 5243 2933 5297 fuit
2963 5243 3155 5323 edicta
3186 5242 3390 5302 mense
3447 5249 3653 5323 Aprili,
3686 5252 3780 5308 in-

2199 5314 2460 5370 dictione
2492 5315 2705 5385 prima,
2737 5332 2893 5370 anno
2924 5317 3131 5372 mundi
3163 5314 3562 5376 vmccccxcv'r.

2199 5558 2493 5613 Divinitus
2523 5560 2847 5615 constituta
2894 5562 3177 5633 majestas
3236 5569 3461 5635 nostra,
3534 5583 3664 5623 cum
3717 5570 3776 5625 et

2125 5663 2160 5703 a
2187 5647 2519 5715 monachis,
2553 5664 2809 5721 quorum
2842 5655 3058 5708 testata
3112 5652 3305 5725 pietas
3356 5662 3532 5727 atque
3588 5655 3772 5712 virtus
