4184 6326
405 315 524 378 615

1648 306 1808 368 IMP.
1861 302 2140 366 BASlLlI
2180 303 2569 368 JUNIORIS.

3691 307 3810 368 616

413 454 523 515 est,
557 453 618 503 et
646 448 719 502 ab
750 447 884 502 aliis
915 445 1120 500 multis
1147 443 1505 517 cognoverit,
1532 443 1725 515 legem
1747 456 1782 495 a
1810 437 2054 494 domino

2181 435 2280 489 λῶν
2339 434 2526 493 ἄλλων
2604 437 2954 511 ἀναμαθοῦσα
3021 439 3120 508 τήν
3173 437 3295 514 περὶ
3349 441 3455 494 τῶν
3506 436 3813 508 ἐκκλησιῶν

411 537 763 608 Nicephoro,
797 538 1149 605 usurpatore
1204 531 1461 604 imperii,
1495 531 1567 586 de
1627 526 1897 584 ecclesiis
1930 524 2054 592 Dei,

412 626 826 699 religiosisque
879 624 1177 691 domibus,
1236 623 1439 690 latam,
1486 638 1622 677 cum
1671 617 2057 692 praesentium

417 716 734 782 malorum,
769 720 893 770 tum
925 713 1274 770 universalis
1297 713 1476 784 hujus
1538 707 1938 766 subversionis
1970 709 2056 760 at-

419 825 534 880 que
563 806 936 862 confusionis
959 821 1197 860 causam
1229 809 1289 860 et
1317 803 1578 858 radicem
1607 801 1924 868 exstitisse,
1964 815 2062 854 ve-

416 898 526 952 luti
557 914 675 952 non
699 896 771 952 ad
788 896 1071 968 injuriam
1093 895 1634 965 contumeliamque
1657 892 1943 948 duntaxat
1962 905 2060 943 ec-

421 987 738 1042 clesiarum
792 991 850 1040 et
903 985 1315 1056 religiosarum
1372 983 1680 1051 domuum,
1713 981 1818 1037 sed
1873 978 2062 1051 ipsius

420 1093 654 1148 quoque
702 1077 802 1131 Dei
862 1074 1161 1130 conditam
1223 1090 1476 1144 cumque
1528 1072 1674 1128 adeo
1728 1070 1926 1141 reipsa
1987 1068 2061 1123 sit

420 1171 829 1238 comparatum
861 1165 922 1220 id
953 1181 1102 1231 esse,
1138 1163 1531 1234 compererit:
1564 1162 1724 1231 (nam
1749 1177 1819 1216 ex
1838 1174 1953 1230 quo
1968 1157 2063 1212 lex

418 1259 532 1314 ista
564 1259 743 1314 robur
767 1258 994 1326 habuit,
1027 1257 1175 1312 nihil
1195 1256 1334 1312 boni
1356 1256 1593 1328 penitus
1624 1254 1684 1308 in
1706 1251 2060 1308 hodiernum

420 1365 611 1419 usque
670 1348 830 1402 diem
888 1347 1046 1402 aetati
1106 1351 1324 1401 nostra;
1381 1343 1647 1416 contigit,
1705 1342 1809 1398 sed
1867 1340 2062 1412 potius

419 1455 448 1493 e
481 1438 777 1493 contrario
803 1437 1038 1492 nullum
1064 1436 1308 1490 omnino
1359 1451 1545 1506 genus
1575 1432 1928 1489 calamitatis
1970 1431 2065 1484 in-

419 1528 698 1598 termisit)
730 1527 932 1582 statuit
965 1543 1070 1597 per
1097 1525 1436 1597 religiosam
1469 1523 1620 1579 hanc
1668 1537 1909 1577 auream
1933 1519 2062 1574 bul-

420 1617 562 1686 lam,
596 1618 690 1673 cui
713 1616 1083 1688 subscripsit,
1113 1615 1302 1688 legem
1348 1615 1512 1669 illam
1556 1614 1722 1685 prius
1776 1613 1958 1666 latam
1989 1608 2063 1666 ab

420 1707 529 1762 hoc
559 1708 841 1778 praesenti
875 1706 970 1761 die
993 1720 1228 1760 cessare
1259 1703 1496 1770 debere,
1529 1719 1597 1757 ac
1619 1702 1900 1771 deinceps
1931 1701 2062 1755 irri-

2164 529 2260 578 τοῦ
2290 530 2424 581 Θεοῦ
2453 528 2540 582 καὶ
2571 532 2678 582 τῶν
2735 527 2942 602 εὖαγῶν
3003 526 3170 582 οἴκων
3204 527 3349 602 παρά
3401 532 3499 582 τοῦ
3555 533 3656 597 τῆς
3714 528 3814 603 βα-

2169 613 2374 677 σιλείας
2416 611 2707 681 ἐπιϐάντος
2762 621 2937 690 Κυροῦ
2995 616 3314 695 Νικηφόρου
3371 617 3611 672 τεθεῖσαν
3642 638 3812 690 νομο-

2169 704 2343 767 θεσίαν
2376 705 2551 762 αἰτίαν
2579 707 2670 761 καὶ
2701 707 2850 782 ῥίζαν
2907 711 3012 762 τῶν
3073 706 3353 780 παρόντων
3414 707 3660 780 γενέσθαι
3717 728 3811 761 κα·

2168 798 2278 847 κῶν
2337 795 2425 849 καὶ
2493 802 2594 864 τῆς
2653 795 3040 868 οἷκουμενικῆς
3099 796 3300 866 ταύτης
3357 795 3671 871 ἀνατροπῆς
3725 797 3814 850 καὶ

2169 882 2530 956 συγχύσεως,
2590 883 2682 940 ἅτε
2741 885 2818 957 μὴ
2871 886 3006 960 πρὸς
3084 881 3289 939 ἀδικίαν
3341 884 3432 940 καὶ
3493 881 3646 959 ὕϐριν
3705 889 3814 939 τῶν

2170 969 2474 1042 ἐκκλησιῶν
2536 973 2699 1045 μόνον
2755 973 2843 1028 καὶ
2902 978 3009 1028 τῶν
3062 975 3268 1050 εὐαγῶν
3331 971 3495 1029 οἷ’κων
3547 972 3693 1029 ἀλλά
3725 974 3813 1028 καὶ

2170 1058 2338 1114 αὐτοῦ
2378 1065 2474 1115 τοῦ
2532 1067 2667 1116 Θεοῦ
2723 1063 3046 1137 γενομένην,
3107 1061 3296 1126 ἄλλως
3349 1084 3408 1118 τε
3465 1061 3521 1118 δὲ
3550 1064 3639 1118 καὶ
3671 1060 3815 1138 ἔργῳ

2169 1152 2328 1203 τοῦτο
2382 1145 2766 1225 βεϐαιωθεῖσαν
2817 1151 2890 1225 (ἐξ
2951 1151 3077 1206 ὅτου
3121 1152 3224 1228 γάρ
3282 1153 3349 1208 τά
3399 1159 3500 1222 τῆς
3552 1151 3812 1223 τοιαύτης

2171 1247 2468 1323 ἐκράτησαν
2523 1248 2868 1322 νομοθεσίας,
2928 1249 3041 1305 οὐδ’
3101 1249 3399 1321 ὁπωσοῦν,
3461 1249 3572 1306 οὐδ’
3632 1251 3813 1306 ὁτιοῦν

2170 1339 2412 1414 χρηστὸν
2439 1336 2570 1414 ἄχρι
2629 1340 2720 1393 καὶ
2780 1342 3019 1415 σήμερον
3051 1345 3129 1412 τῷ
3157 1343 3276 1405 καθ’
3336 1345 3483 1414 ἡμᾶς
3541 1342 3818 1412 ἀπήντησε

2175 1429 2301 1504 βίῳ,
2356 1427 2500 1483 ἀ).λά
2555 1429 2865 1484 τούναντίον
2921 1435 3200 1508 συμφορᾶς
3276 1429 3490 1504 μᾶλλον
3564 1430 3818 1486 ἐπέλιπεν

2173 1515 2313 1579 εἶδος
2347 1516 2492 1581 ὅλως
2521 1515 2716 1591 οὐδὲν)”
2753 1518 2990 1589 θεσπίζει
3053 1517 3140 1574 διὰ
3198 1523 3293 1575 τοῦ
3345 1519 3608 1594 παρόντος
3665 1519 3816 1575 εὗσε-

2171 1602 2302 1669 6οὖς
2352 1605 2728 1686 ἐνυπογράφου
2786 1604 3234 1684 χρυσοϐούλλου,
3291 1611 3354 1665 τὸ
3400 1611 3499 1678 τήν
3559 1609 3812 1682 ῥηθεῖσαν

2171 1696 2495 1770 νομοθεσίαν
2538 1699 2716 1774 ἀργεῖν
2776 1699 2880 1754 ἀπὸ
2936 1701 3036 1768 τῆς
3079 1699 3358 1772 παρούσης
3415 1698 3615 1769 ταύτης
3676 1701 3816 1772 ἡμὲ-

419 1801 561 1865 tam,
594 1798 937 1868 nulliusque
984 1795 1270 1850 momenti
1319 1810 1600 1849 manere:
1636 1791 1891 1847 conditis
1921 1798 2058 1846 ante

2181 1809 2289 1862 ρας,
2323 1787 2516 1861 ἄκυρόν
2569 1809 2627 1842 τε
2657 1789 2746 1842 καὶ
2778 1789 3050 1864 ἄπρακτον
3107 1793 3203 1844 τοῦ
3263 1787 3462 1844 λοιποῦ
3521 1787 3814 1862 διαμένειν·

419 1893 585 1948 illam
609 1892 838 1964 legibus
871 1896 989 1947 tam
1023 1889 1094 1945 de
1122 1889 1391 1945 ecclesiis
1423 1889 1550 1954 Dei,
1582 1903 1759 1958 quam
1791 1886 1862 1940 de
1917 1885 2058 1940 reli-

418 1985 601 2057 giosis
630 1982 1048 2049 domibus,vim
1075 1981 1373 2050 roburque
1414 1995 1587 2034 suum
1618 1977 2060 2043 obtinentibus;

419 2089 567 2144 quas
599 2077 657 2126 et
704 2071 955 2126 illustris
987 2087 1126 2125 avus
1159 2069 1487 2140 majestatis
1519 2073 1759 2132 nostrae,
1794 2073 1848 2122 et
1897 2071 2066 2136 pater

422 2161 716 2232 ejusdem,
749 2167 808 2215 et
845 2161 1062 2215 abavus
1093 2159 1313 2229 optime
1373 2175 1440 2212 ac
1499 2156 1891 2227 religiossime
1926 2173 2065 2226 pro-

419 2251 781 2321 mulgarunt.
813 2251 1001 2318 thue
1025 2253 1229 2302 sancta
1259 2252 1318 2301 et
1348 2244 1740 2301 immutabilis
1771 2249 1927 2298 esset
1943 2245 2069 2299 huic

425 2338 808 2403 constitutio,
862 2337 1103 2407 prepria
1161 2352 1372 2390 manus
1431 2334 1811 2388 subnotatam
1889 2347 2068 2388 aureo

421 2445 658 2499 quoque
693 2427 886 2498 sigillo
921 2425 1252 2497 subsignari
1276 2424 1589 2496 jussimus.
1617 2422 1833 2476 Mensis
1858 2423 2071 2493 Aprilis

419 2518 514 2573 die
564 2519 657 2583 IV,
718 2516 1041 2572 indictione
1105 2516 1318 2587 prima,
1378 2531 1534 2570 anno
1584 2530 1674 2568 νηί
1723 2529 1874 2570 cccc.
1924 2530 2070 2569 xcw.

423 2606 663 2678 (Christi
695 2607 845 2680 987.)

2100 2789 2149 2843 II

2173 1875 2403 1952 ἐνεργεῖν
2439 1873 2496 1931 δὲ
2532 1875 2661 1942 τοὺς
2702 1878 2809 1947 πρὸ
2851 1880 3052 1948 ταύτης
3103 1877 3388 1952 κειμένους
3443 1879 3566 1953 περὶ
3622 1899 3681 1933 τε
3711 1883 3817 1932 τῶν

2171 1965 2479 2036 ἐκκλησιῶν
2502 1971 2599 2022 τοῦ
2630 1971 2764 2023 Θεοῦ
2806 1968 2897 2022 καὶ
2943 1973 3050 2024 τῶν
3111 1969 3316 2043 εύαγῶν
3375 1966 3539 2024 οἷ’κων
3592 1967 3820 2041 νόμους,

2171 2065 2262 2119 καὶ
2303 2062 2394 2126 οὓς
2425 2063 2455 2118 ὅ
2483 2085 2542 2119 τε
2570 2063 2825 2138 ἀοίδιμος
2874 2073 2974 2135 τῆς
3036 2065 3314 2140 βασιλείας
3363 2069 3526 2138 ἡμῶν
3575 2065 3816 2134 πάππος,

2176 2155 2205 2208 δ
2234 2175 2291 2208 τε
2321 2155 2499 2226 πατὴρ
2533 2154 2736 2209 ἐκείνου
2777 2154 2963 2224 πάλιν,
3013 2157 3042 2210 ὅ
3071 2177 3130 2210 τε
3178 2156 3492 2218 ἐπίπαππος
3540 2155 3734 2228 ἄριστά
3761 2177 3820 2210 τε

2175 2244 2263 2298 καὶ
2323 2241 2712 2320 θεοφῗλέστατα
2770 2241 2965 2315 ἔθησαν
3002 2290 3016 2303 .
3075 2247 3178 2302 Καὶ
3245 2244 3384 2300 ὣστε
3452 2244 3670 2320 ἀσφαλῆ
3731 2244 3822 2299 καὶ

2179 2331 2507 2405 ἀμετάθετον
2542 2335 2676 2387 εἶναι
2707 2333 2805 2402 τήν
2847 2338 3119 2408 παροῦσαν
3172 2331 3432 2407 διάταξιν,
3482 2334 3656 2406 οἰκείᾳ
3685 2333 3835 2408 χειρὶ

2183 2422 2673 2494 ὑποσημηνάμενοι
2707 2428 2898 2496 χρυσῴ
2928 2421 3186 2501 σφραγῖδι
3233 2423 3432 2494 ταύτην
3489 2423 3832 2500 ὐποσιρραγι-

2185 2522 2377 2581 σθηναι
2410 2509 2784 2585 διωρισάμεθα
2817 2511 2949 2585 μηνὶ
3000 2511 3313 2586 Ἀπριλλίῳ
3361 2509 3407 2568 δ’
3464 2509 3840 2585 ἒπινεμήσεως

2182 2603 2230 2658 α’
2259 2600 2311 2658 ἐν
2347 2599 2474 2670 ἔτει,
2507 2601 2676 2681 ςυιιςκ

543 2898 723 2967 Impp.
764 2895 960 2951 Basilii
998 2901 1048 2950 et
1081 2894 1429 2950 Constantini
1459 2911 1632 2949 aurea
1665 2894 1821 2950 bulla.
1854 2896 2179 2950 Venetorum
2209 2897 2601 2951 mercatoribus
2633 2895 2909 2951 libertates
2937 2897 3250 2952 concedens.
3273 2898 3363 2965 (A.
3405 2895 3555 2966 992.)
3587 2897 3682 2966 (1).

491 3067 555 3121 In
588 3067 832 3121 nomine
868 3067 1052 3137 patris
1083 3071 1195 3120 etc.

490 3157 742 3211 Basilius
774 3163 832 3211 et
871 3156 1296 3211 Constantinus
1336 3171 1566 3222 omnes,
1635 3155 1854 3226 quibus
1911 3155 2068 3209 istud

2181 3065 2499 3132 inventuri,
2529 3065 2854 3120 secundum
2888 3067 3164 3137 antiquas
3195 3064 3664 3121 consuetudines
3696 3083 3831 3121 cum

2181 3163 2456 3228 prompta
2503 3157 2806 3212 voluntate
2839 3147 3155 3212 indefessis
3187 3157 3461 3223 servitiis,
3491 3162 3550 3211 et
3579 3157 3826 3211 forsitan

419 3248 582 3317 pium
605 3253 874 3300 nostrum
909 3245 1169 3316 sigillum
1221 3246 1682 3311 demonstretur,
1737 3245 1943 3300 ﬁdeles
2000 3246 2064 3299 in
2106 3229 2148 3295 C
2179 3245 2488 3301 ambulant
2519 3251 2790 3300 nostrum
2823 3246 3141 3318 imperium
3174 3246 3235 3299 in
3269 3245 3823 3316 Longombardiam,

417 3338 534 3390 Deo
569 3337 959 3406 imperatores
995 3337 1423 3391 Romanorum.

488 3427 613 3479 Non
645 3424 840 3478 solum
871 3423 1298 3496 rogationibus,
1327 3441 1458 3494 quin
1491 3423 1598 3478 sub
1649 3441 1832 3479 manu
1863 3430 2067 3479 nostra

415 3519 572 3580 sunt,
631 3512 913 3567 obaudire
974 3512 1600 3567 misericordissimum
1651 3518 1710 3568 et
1768 3513 2064 3568 laudabile

418 3608 526 3672 est,
565 3601 666 3656 sed
700 3601 858 3656 enim
891 3606 948 3656 et
979 3607 1291 3656 extraneos
1347 3607 1405 3656 et
1462 3603 1798 3673 pertinente
1829 3603 2064 3673 publico

417 3695 702 3749 obaudire
734 3699 974 3766 rogatur
1003 3711 1136 3750 cum
1167 3695 1538 3766 providentia
1559 3695 1660 3765 [et]
1684 3696 1903 3766 pietate
1933 3713 1946 3762 ;
1972 3696 2064 3750 in-

416 3784 607 3854 deque
638 3785 798 3839 enim
821 3790 880 3839 et
910 3785 1098 3856 pietas
1124 3785 1489 3840 sufﬁcienter
1517 3785 1591 3840 ad
1614 3785 1915 3839 miseriam
1931 3802 2063 3855 pro-

415 3877 596 3948 pitius
625 3878 1089 3946 demonstretur,
1124 3877 1514 3948 lonquimque
1556 3878 1926 3950 [longinque]
1978 3882 2063 3932 et-

415 3967 571 4020 enim
607 3984 742 4021 cum
788 3967 1006 4038 pietate
1041 3967 1337 4038 imperiali
1373 3967 1547 4022 detur
1578 3967 1954 4039 significatio.

488 4059 531 4109 Α
565 4073 682 4126 qua
712 4056 872 4110 enim
905 4061 963 4110 et
994 4056 1111 4110 dux
1144 4056 1582 4122 Veneticorum,
1617 4061 1674 4110 et
1705 4057 1803 4126 qui
1831 4055 1939 4110 sub
1962 4055 2065 4110 illo

418 4148 602 4209 cst,et
631 4160 765 4198 cum
797 4145 992 4198 omnis
1024 4144 1214 4215 plebis
1247 4145 1675 4199 intercessione
1707 4161 1841 4199 cum
1864 4161 2066 4216 preca-

418 4236 641 4290 tionem
656 4235 730 4290 ad
748 4241 1019 4291 nostrum
1037 4237 1306 4292 fecerunt
1323 4237 1731 4307 imperium,ut
1743 4237 2066 4307 unusquis-

421 4345 538 4399 que
568 4344 743 4383 suum
775 4329 1098 4400 navigium,
1132 4329 1290 4399 quod
1323 4329 1394 4383 de
1427 4346 1534 4384 sua
1579 4329 1902 4400 provincia,
1963 4328 2067 4384 sed

416 4418 587 4472 enim
618 4423 678 4472 et
707 4417 779 4472 ab
811 4418 928 4473 alia
951 4418 1253 4489 provincia
1302 4424 1360 4472 et
1401 4418 1638 4473 civitate
1671 4435 1804 4472 cum
1833 4419 2066 4490 negotio

417 4507 733 4572 veniendo,
767 4507 918 4562 nihil
951 4507 1113 4562 aliud
1147 4507 1390 4573 donare,
1452 4506 1556 4562 sed
1607 4507 1830 4562 solidos
1874 4507 2021 4562 duos
2052 4525 2064 4574 ;

2175 3335 2430 3406 dirigere
2460 3334 2622 3389 illius
2652 3335 3070 3403 karicationes,
3105 3351 3352 3405 Operare
3395 3351 3531 3388 cum
3564 3335 3687 3389 suis
3719 3351 3830 3388 na-

2176 3425 2364 3495 vigiis,
2401 3429 2459 3480 et
2491 3425 2716 3478 nullam
2773 3425 3146 3479 occasionem
3206 3429 3308 3479 aut
3359 3424 3710 3478 memoriam
3764 3424 3823 3478 in

2175 3515 2288 3569 isto
2319 3515 2513 3569 facere
2545 3513 2799 3570 servitio.

2245 3603 2381 3658 Ideo
2399 3603 2718 3658 exaudiunt
2737 3619 2940 3658 eorum
2956 3603 3435 3674 deprecationem
3451 3603 3697 3674 etjussu
3721 3618 3829 3674 per

2179 3695 2358 3748 istum
2389 3709 2561 3747 suum
2606 3692 3032 3756 chrisobolum,
3086 3699 3150 3746 ut
3205 3692 3616 3763 unusquisque
3651 3708 3823 3746 suum

2180 3783 2495 3854 navigium,
2531 3781 2688 3852 quod
2713 3798 2780 3836 ex
2815 3783 3056 3836 Venetia
3087 3787 3144 3836 et
3173 3782 3244 3836 ab
3275 3782 3410 3837 aliis
3441 3781 3710 3852 partibus
3733 3797 3828 3834 ve-

2175 3875 2332 3929 niret
2361 3889 2494 3927 cum
2521 3873 2643 3928 suis
2674 3873 2956 3944 negotiis;
3001 3872 3152 3926 nihil
3201 3872 3363 3926 aliud
3384 3872 3607 3927 donare
3630 3872 3704 3927 ad
3735 3872 3821 3942 ip-

2177 3980 2305 4019 sum
2339 3962 2644 4034 publicum
2676 3979 2782 4033 pro
2812 3961 3181 4016 karicatione
3214 3961 3286 4016 de
3313 3961 3502 4016 Abido
3547 3961 3819 4015 veniente

2177 4052 2398 4108 solidos
2431 4051 2600 4116 duos,
2635 4055 2694 4106 et
2749 4050 3128 4106 discedentes
3179 4067 3281 4106 eos
3312 4067 3346 4105 a
3385 4068 3492 4106 sua
3522 4051 3826 4123 provincia

2177 4141 2518 4213 quindecim
2551 4146 2800 4206 tantum,
2834 4147 2899 4195 ut
2937 4141 3318 4212 pervenirent
3367 4157 3606 4196 omnem
3637 4140 3824 4194 dona-

2180 4232 2398 4285 tionem
2432 4246 2919 4301 unumquemque
2952 4230 3249 4300 navigium
3279 4230 3450 4284 XVII.

2247 4323 2318 4376 Et
2346 4321 2460 4392 ipsi
2493 4319 2668 4374 soluti
2701 4317 2994 4374 adducere
3025 4319 3137 4389 ipsi
3158 4319 3410 4374 Venitici
3445 4318 3825 4390 [Logothetm]

2176 4412 2250 4481 (3)
2283 4410 2354 4464 de
2387 4409 2585 4474 domo,
2611 4409 2711 4478 qui
2745 4407 2848 4462 illo
2873 4414 3136 4478 tempore
3162 4408 3309 4474 erit;
3343 4413 3401 4462 et
3430 4407 3531 4460 ille
3555 4406 3728 4459 detur
3748 4405 3822 4458 ab

2177 4499 2306 4570 ipso
2354 4497 2827 4564 commerciario,
2861 4497 3152 4552 cercando
3185 4495 3316 4550 illos
3347 4495 3472 4564 ipse
3529 4509 3818 4548 commer-

414 4598 691 4654 dicebant
712 4599 933 4653 etenim
966 4597 1038 4653 ab
1071 4598 1359 4653 hactenus
1391 4601 1617 4652 tantam
1640 4597 1862 4652 donare
1883 4614 2072 4668 quan:
2102 4602 2149 4666 D
2183 4587 2415 4655 οἱδνίοδ,
2450 4586 2810 4657 (ἶυᾶηάοῆυο
2840 4591 3136 4640 revertere
3179 4583 3494 4640 "Oluemnt
3522 4579 3595 4636 ad
3647 4595 3818 4635 suam

423 4689 675 4744 titatem.
711 4690 780 4743 Et
810 4689 942 4744 ideo
972 4687 1190 4742 multos
1213 4686 1722 4742 commeschabios
1771 4687 1850 4759 (2)
1887 4688 2070 4742 inter-

428 4783 728 4850 rogantes,
761 4777 1066 4833 inventum
1100 4781 1189 4833 est
1239 4776 1449 4849 magis,
1481 4793 1611 4847 quas
1642 4781 1708 4830 ut
1735 4775 1869 4847 plus
1899 4776 1972 4832 de
2005 4779 2072 4831 30

428 4867 638 4922 solidis
671 4866 896 4923 dabant
923 4867 1335 4939 unusquisque
1367 4866 1598 4936 navigio
1631 4867 1749 4922 Deo
1788 4872 2070 4922 coronato

428 4956 681 5026 imperio
714 4962 936 5012 nostro.
964 4958 1157 5012 Unum
1186 4957 1368 5021 enim,
1401 4973 1434 5011 a
1464 4973 1579 5027 quo
1610 4959 1670 5010 et
1715 4956 2073 5011 Christiano-

428 5061 562 5101 rum
593 5062 738 5117 gens
769 5047 988 5117 ﬁendo,
1041 5052 1098 5102 et
1128 5046 1313 5102 Deum
1345 5045 1657 5102 nobiscum
1690 5045 1828 5113 ﬁde,
1886 5046 2071 5102 alium

443 5140 509 5190 ut
539 5136 684 5206 [em]
713 5153 818 5206 pro
841 5137 1401 5207 promissione,quas
1432 5135 1761 5206 antiquitus
1781 5134 2070 5205 fecerunt,

425 5229 490 5278 ut
520 5241 640 5280 non
673 5224 867 5281 solum
898 5225 972 5281 ad
994 5227 1108 5280 ista
1127 5225 1200 5280 de
1223 5225 1300 5297 [ο]
1316 5225 1453 5280 data
1482 5225 2072 5281 conservatacivitate

493 5396 569 5474 (ι)
601 5403 1029 5459 Authenticum
1053 5401 1615 5474 Gracumnondum
1638 5402 1945 5460 inventum
1957 5410 2067 5459 est.

423 5472 626 5530 Ve'rsio
661 5475 865 5531 Latina
895 5490 1183 5545 perquam
1210 5472 1460 5545 barbare
1484 5473 1852 5545 facta,quam
1874 5480 2070 5532 textus

421 5544 970 5619 prmstat,exstatin
994 5544 1200 5619 codice
1224 5544 1613 5619 diplomatico
1646 5544 1701 5599 S.
1734 5545 1908 5599 Marci
1931 5547 2074 5602 Tre-

417 5616 766 5676 visaneo'cl.
795 5618 994 5691 xcod.
1020 5616 1520 5691 CLXXXI’folLS;
1582 5632 1833 5691 eamque
1881 5633 2072 5691 nuper

417 5699 552 5766 post
579 5693 728 5750 alios
758 5690 1076 5748 ediderunt
1103 5689 1262 5746 Tat‘el
1303 5694 1362 5746 et
1397 5688 1649 5746 Thomas
1683 5688 1985 5747 Urkunden‘
2019 5707 2067 5746 ι.

2179 4676 2562 4748 provinciam.

2250 4768 2330 4822 Ne
2358 4772 2556 4821 autem
2596 4765 2813 4820 habere
2844 4765 3146 4820 licentiam
3180 4781 3284 4836 pro
3317 4761 3591 4834 cupidate
3620 4765 3821 4816 tenere

2179 4856 2316 4913 illos
2354 4856 2487 4928 plus
2519 4855 2730 4913 diebus
2763 4855 2972 4922 tribus,
2999 4860 3058 4911 et
3085 4853 3211 4909 ilud
3239 4854 3428 4920 ﬁeret,
3471 4851 3825 4924 quandoque

2179 4943 2597 5015 necessitaqis]
2647 4958 2718 4998 ea
2782 4943 3012 4998 occasio
3071 4945 3180 5006 est,
3228 4940 3386 5011 quod
3444 4938 3620 4994 debet
3673 4936 3825 4991 viam

2181 5034 2310 5105 ejus
2341 5033 2658 5102 contraire,
2681 5037 2740 5088 et
2758 5032 2871 5104 ipsi
2886 5036 3084 5086 autem
3097 5029 3364 5084 Venetici
3386 5046 3493 5101 pro
3514 5027 3827 5085 occasioue

2181 5121 2547 5180 defensionis
2565 5138 2770 5177 eorum
2801 5121 3069 5192 alioquin
3092 5119 3252 5190 quod
3272 5119 3576 5192 negotium
3606 5117 3831 5174 habent

2180 5212 2254 5268 de
2275 5209 2833 5282 Constantinopolin
2854 5210 2916 5265 in
2939 5209 3062 5264 suis
3087 5208 3341 5280 navigiis
3367 5209 3582 5273 levare,
3604 5206 3834 5262 scilicet

2181 5402 2394 5458 alteren
2427 5402 2746 5456 Handels-u.
2793 5399 3160 5472 Staatsgesch-
3216 5399 3314 5453 der
3369 5399 3503 5466 Rep.
3570 5393 3831 5463 Venedig.

2182 5479 2326 5529 tom.
2358 5473 2378 5528 Ι
2406 5471 2686 5543 (Vindob.
2719 5473 2898 5543 1856),
2930 5471 2993 5542 p.
3021 5473 3108 5543 36,
3129 5472 3218 5543 39_.

2253 5545 2331 5614 (2)
2362 5541 2832 5602 COmmerciaros
2863 5541 3119 5615 intelligi
3139 5541 3398 5598 editores
3418 5542 3689 5596 monent.

2251 5607 2328 5686 (3)
2359 5617 2486 5744 Boi
2537 5615 2779 5672 verbum
2831 5607 3230 5688 supplendum
3280 5627 3410 5668 esse
3461 5625 3696 5667 censeo.
3730 5607 3835 5662 ZA-

2253 5705 2346 5744 Αιι.
2379 5705 2413 5744 Α
2491 5704 2604 5744 me.

2181 5704 2346 5746 CHAR.
2379 5705 2413 5744 Α
2447 5704 2604 5744 ωηο.
