4202 6314
299 320 417 381 61⁸7

1459 319 1850 380 ΝΟνΕωΛΕ
1895 317 2472 383 CONSTITUTION
2483 320 2572 380 ES

3603 321 3723 380 618

298 451 709 518 Amaltitanos,
757 451 994 519 Judeos,
1053 449 1553 523 Longombardos,
1599 449 1670 506 de
1720 451 1951 507 civitate
1981 455 2029 521 Α
2065 452 2367 507 hominem
2400 450 2620 506 habere
2650 450 2956 506 licentiam
2989 465 3254 520 unquam
3303 453 3567 520 tempore
3616 465 3724 521 per

307 542 434 596 Bari
451 546 509 595 et
522 539 911 605 aliorum,sed
929 539 1122 594 solum
1140 540 1378 595 illorum
1395 540 1694 612 negotium
1713 541 1965 596 adduxe-

311 631 450 686 rint.
480 629 700 695 Quodsi
725 630 836 684 hoc
857 629 1102 700 faciunt,
1125 647 1243 684 non
1269 628 1461 684 solum
1489 629 1624 684 illos
1644 630 1964 685 defendere

316 720 482 795 [non]
512 721 838 791 potuerint,
873 719 976 776 sed
1005 724 1063 774 et
1096 736 1267 774 suum
1291 719 1522 791 justum
1553 720 1963 791 perdiderunt.

373 812 626 882 Insuper
655 814 714 864 et
743 811 854 864 hoc
880 809 1188 880 jubemus,
1213 813 1281 863 ut
1306 823 1412 879 per
1434 808 1959 880 solumlogotheta,

310 904 408 974 qui
443 907 710 974 tempore
743 901 845 956 illo
875 901 988 956 erit
1045 900 1116 956 de
1164 901 1376 955 diorno
1428 901 1524 972 (4),
1576 902 1687 956 ista
1733 902 1964 971 navigia

307 992 380 1048 de
412 993 545 1048 istis
578 992 874 1046 Veneticis
907 996 966 1046 et
1013 992 1125 1063 ipsi
1179 991 1446 1046 Venetici
1498 996 1856 1061 scrutentur,
1907 995 1965 1046 et

309 1087 640 1155 pensentur
673 1085 732 1135 et
755 1080 1130 1152 judicentur,
1165 1079 1492 1136 secundum
1525 1080 1680 1151 quod
1713 1080 1783 1135 ab
1811 1080 1963 1136 anti-

310 1188 428 1242 quo
458 1170 573 1226 fuit
601 1169 971 1224 consuetudo
999 1190 1012 1238 ;
1047 1174 1104 1225 et
1135 1169 1356 1240 quibus
1381 1169 1679 1241 judicium
1710 1169 1962 1224 forsitan

312 1262 471 1316 inter
499 1259 638 1314 illos
670 1264 772 1314 aut
801 1276 936 1314 cum
967 1259 1102 1315 aliis
1136 1260 1709 1327 crescetur,scrutari
1732 1264 1790 1314 et
1804 1259 1962 1330 judi-

307 1367 440 1406 care
459 1367 566 1421 pro
588 1349 718 1421 ipso
748 1349 874 1404 solo
902 1349 1222 1421 logotheta,
1257 1355 1314 1404 et
1344 1365 1464 1403 non
1485 1365 1590 1420 pro
1616 1349 1731 1404 alio
1755 1347 1958 1419 judice

301 1439 788 1510 qualemcunque
817 1455 1104 1510 unquam.
1140 1439 1275 1493 Ideo
1293 1438 1574 1510 jubemus
1597 1443 1655 1493 et
1680 1437 1957 1493 omnibus

306 1527 679 1583 mandamus.
727 1567 739 1580 .
787 1568 800 1582 .
844 1528 974 1599 ,(5)
1024 1527 1136 1598 ipsi
1187 1527 1488 1582 cartularii
1539 1527 1640 1598 qui
1692 1527 1799 1582 sub
1852 1527 1956 1582 illo

304 1621 446 1672 sunt
475 1622 533 1672 et
561 1616 779 1672 notarii
812 1616 1238 1688 parohalasari,
1273 1615 1633 1670 luminarchi
1672 1613 1956 1688 [λιμενάρ-

305 1705 451 1780 χαι],
483 1704 825 1777 epologerni
857 1702 1158 1776 [ὀπολόγοι
1191 1706 1287 1757 τοί)⁹
1318 1704 1578 1777 γενικοῦ],
1631 1710 1688 1758 et
1728 1703 1816 1758 illi
1867 1705 1958 1759 di-

308 1799 526 1850 cuntur
544 1793 894 1861 silocalami,
918 1793 1434 1848 commerclariide
1450 1793 1652 1860 Avido,
1687 1798 1786 1848 aut
1807 1793 1956 1848 alios
1985 1819 2032 1884 Β

303 1883 601 1953 homines,
635 1882 734 1953 qui
768 1883 1050 1938 reductus
1085 1888 1150 1936 ut
1181 1882 1474 1954 imperiali
1499 1883 1734 1937 servitio
1766 1899 1952 1954 usque

305 1973 368 2027 in
400 1971 646 2028 minimo
675 1972 1152 2040 servitio,verum
1179 1971 1250 2026 de
1269 1972 1506 2044 publico
1529 1973 1708 2028 etiam
1723 1972 1953 2028 nullum

2072 543 2547 614 qualemcunque
2574 541 2946 596 occasionem
2999 543 3100 594 aut
3147 539 3260 610 ipsi
3310 538 3571 592 Venetici
3625 544 3727 593 aut

2073 633 2174 687 illo
2207 633 2452 704 navigiis
2486 635 2713 685 tentare
2744 635 2846 684 aut
2880 635 3120 700 tangere
3169 632 3271 683 aut
3319 628 3570 682 scrutari
3620 632 3726 683 aut

2071 721 2482 792 qualecunque
2515 719 2822 774 occasione
2846 718 3213 790 perquirere,
3236 721 3340 772 aut
3361 716 3556 772 dicere
3575 715 3722 786 illis,

2069 827 2174 880 pro
2209 809 2423 880 quibus
2454 808 2532 879 (6)
2565 813 2768 863 nostro
2799 808 3056 879 Imperio
3090 805 3535 862 commendabit
3583 805 3720 861 illos

2070 915 2199 954 esse
2223 899 2330 953 sub
2362 915 2541 954 manu
2575 898 2645 952 de
2678 897 2997 970 logothetis
3031 897 3102 950 de
3137 897 3346 950 diorno
3380 895 3526 964 solo,
3559 901 3618 950 et
3647 893 3721 950 ab

2067 987 2171 1042 illo
2206 988 2331 1043 solo
2367 989 2501 1042 illos
2533 993 2834 1059 pensetur.
2861 986 3235 1043 Observando
3260 985 3474 1040 etillos
3497 985 3720 1054 omnia,

2069 1095 2199 1148 quas
2227 1077 2628 1150 suprascripta
2659 1081 2816 1147 sunt,
2864 1082 2922 1131 et
2951 1093 3085 1132 cum
3119 1075 3250 1130 aliis
3283 1074 3537 1130 servitiis
3573 1091 3717 1145 ope-

2065 1185 2195 1224 rare
2229 1187 2362 1224 cum
2394 1169 2516 1223 suis
2543 1169 2788 1240 navigiis
2820 1185 2923 1239 pro
2973 1167 3346 1222 karicatione
3393 1165 3466 1220 de
3512 1169 3719 1220 nostro

2065 1260 2233 1314 hoste
2266 1259 2367 1329 qui
2399 1257 2644 1313 forsitan
2670 1257 2792 1312 vult
2822 1262 3026 1311 nostro
3058 1255 3310 1328 imperio
3339 1255 3400 1308 in
3424 1255 3716 1327 Longom-

2063 1349 2270 1405 bardia
2299 1349 2571 1422 dirigere.
2608 1348 2920 1403 Pensando
2953 1365 3164 1403 omnes
3198 1351 3256 1402 et
3287 1345 3711 1418 exspectando,

2063 1439 2162 1510 qui
2199 1455 2376 1494 ausus
2402 1439 2617 1494 fuisset
2649 1439 3039 1505 contrarium,
3063 1454 3194 1508 quae
3220 1436 3632 1508 nosjussimus
3657 1441 3715 1491 et

2064 1529 2190 1583 haec
2212 1528 2578 1599 scripsimus,
2597 1545 2701 1599 pro
2717 1528 2920 1599 quovis
2947 1527 3331 1598 praevaricare
3347 1531 3403 1581 et
3425 1526 3721 1582 contraire

2060 1616 2306 1685 faciunt,
2327 1634 2502 1688 super
2516 1634 2652 1672 eum
2669 1617 2864 1671 venire
2879 1615 3379 1687 disdignationem
3398 1619 3457 1669 et
3470 1615 3620 1670 iram
3645 1615 3719 1672 de

2061 1710 2264 1761 nostro
2279 1705 2527 1777 imperio
2543 1705 2894 1761 sufficiendo
2910 1705 3073 1759 omni
3091 1704 3579 1760 demonstratione
3594 1705 3722 1759 sola

2063 1794 2135 1849 de
2156 1799 2359 1849 nostro
2390 1795 2518 1866 ipso
2549 1794 2902 1850 chrisobulli
2938 1794 3163 1864 sigillo;
3195 1793 3355 1864 quod
3377 1793 3604 1849 factum
3629 1799 3720 1849 est

2062 1885 2126 1938 in
2159 1901 2362 1938 mense
2394 1885 2598 1939 Martio
2617 1884 2943 1939 indictione
2965 1884 3202 1954 quinta;
3224 1883 3285 1937 in
3309 1899 3424 1954 quo
3442 1888 3720 1938 etnostro

2064 1974 2162 2046 pio
2194 1978 2253 2028 et
2281 1990 2315 2028 a
2347 1975 2461 2028 Deo
2499 1973 2769 2028 ordinato
2803 1973 3054 2044 imperio
3086 1972 3476 2028 confirmavit.
3502 1975 3714 2029 Amen.

1963 2099 2060 2154 III.

308 2221 335 2250 ι(
365 2200 514 2271 Imp.
543 2197 745 2255 Basilii
781 2198 1295 2271 Porphyrogeniti,
1325 2202 1391 2253 ut
1418 2200 1781 2255 monasteria
1811 2198 1947 2268 sint,
1981 2213 2114 2271 quin
2144 2197 2302 2253 ultra
2331 2199 2453 2253 VIII
2482 2197 2573 2253 vel
2605 2198 2657 2254 Χ
2698 2199 3024 2271 monachos
3085 2198 3368 2267 habeant,
3416 2197 3715 2269 siquidem

1049 2292 1077 2320 «
1112 2270 1508 2326 sufﬁcientem
1538 2271 1613 2328 iis
1642 2277 1861 2328 terram
1892 2270 2238 2342 possideant
2269 2294 2320 2326 ι.
2352 2271 2529 2343 (Inter
2557 2272 2842 2342 975-996.)
2874 2270 2971 2342 [7].

1097 2387 1170 2442 A‘.

312 2473 604 2564 Baa‘ils‘i'gu
665 2476 794 2564 τοῖ’)Δ
820 2476 1343 2564 [Ιορφυρογεννήὶτου
1371 2549 1411 2564 η
1430 2475 1726 2563 νομοθεσία
1798 2475 1962 2564 νεαρᾶ

383 2550 448 2604 α’.
508 2547 1114 2623 Ἐκφωνηθεῖσααατᾶ
1194 2549 1288 2623 τὴν
1322 2613 1345 2623 __
1370 2548 1700 2623 Ἰανουάριον
1792 2547 1957 2622 μῆνα,

384 2625 484 2690 τῆς
513 2620 556 2682 θ’
587 2613 949 2687 ῗνδικτιῶνος,
978 2622 1144 2688 τοῦ,ζ
1173 2641 1209 2696 φ
1243 2618 1290 2674 δ’
1320 2613 1493 2683 ἔτους.

312 2706 393 2782 Td
444 2703 748 2782 mutilam”
794 2710 890 2774 σῆς
975 2706 1257 2782 παρούσης
1336 2704 1644 2782 διατάξεως,
1720 2707 1780 2762 ἐκ
1850 2714 1955 2763 τῶν

382 2775 855 2854 Ἀρμξενοπούλμου.
911 2775 1351 2854 ς-λᾉνατρέπει
1407 2775 1516 2854 τὴν
1591 2775 1956 2854 τεσσαρακου-

385 2846 619 2938 mei-tm,
649 2846 841 2939 ’μηδὲν
892 2846 1222 2939 ὠφελεῖσθαι
1262 2846 1638 2937 διοριζόέμενος
1687 2846 1814 2939 τοὺς
1863 2851 1958 2939 δυ-

388 2919 582 2982 νατοὺς
639 2919 960 2984 ἀδικοῦντας
1011 2923 1099 2976 καὶ
1157 2919 1616 2986 πλεονεκτοῦντας
1673 2925 1801 2988 τοὺς
1861 2924 1958 2979 πὲ-

392 3012 560 3067 νητας
594 2995 678 3067 ’τῇ
733 2994 1261 3067 τεσσαρακονταετία,
1323 2991 1466 3067 μηδέ
1520 2995 1648 3058 τοὺς
1721 2998 1957 3067 πένητας

391 3062 713 3118 ὑπὸτούτων
741 3067 847 3118 τῶν
894 3062 1147 3120 ’δυνατῶν
1204 3062 1600 3136 ἀδικουμένους
1659 3062 1954 3124 ἀποκλείε-

385 3147 503 3200 σθαι
560 3139 626 3208 τῇ
683 3139 1211 3228 τεσσαριακονταετίᾳο
1278 3136 1444 3228 ιμηξξ
1526 3139 1741 3228 ἱσχύειν
1822 3139 1954 3201 τοὺς

380 3207 804 3285 περιορισμοὺς,
845 3207 890 3262 ει
948 3209 1038 3264 καὶ
1099 3207 1530 3285 χρυσοϐούλλων
1591 3207 1947 3285 ἓῖιτόςλεῖσιν,

384 3277 582 3360 ἀδίκως
613 3277 704 3360 mg
744 3277 1150 3360 πλεονεκτικῶς
1197 3281 1605 3360 γεγενημένους-ο
1665 3280 1806 3360 μηδέ
1858 3277 1952 3360 τὸν

382 3347 648 3428 δῃμέσιον
679 3350 1062 3428 ἀποκλείεσβαι
1112 3347 1323 3428 χρᾶνῴ,
1371 3347 1519 3411 ἀλλά
1570 3347 1954 3428 ἀνακαλεῖσθαι

380 3419 469 3504 ξδ’
499 3419 637 3504 ἴδιον
694 3419 902 3504 δίκαιον
947 3426 1068 3504 ’ἀπὸ
1116 3419 1467 3504 ξᾸῦγοξόστου-
1506 3426 1798 3504 Καίσαρος,
1864 3427 1954 3483 καὶ

382 3491 719 3557 δικαιοῦσθαι
750 3495 872 3570 περὶ
903 3497 1002 3566 τὴν
1033 3491 1232 3554 τούτοις
1257 3497 1557 3572 ἀνάληψιν.

381 3595 445 3652 α’.
507 3593 636 3669 Περὶ
712 3598 1274 3670 τεσσαρακονταετίας.
1359 3629 1428 3641 -·
1511 3595 1842 3672 Ἐπειδήπερ
1921 3601 1956 3668 ἡ

323 3681 571 3758 βασιλεία
605 3704 730 3757 μου,
763 3683 851 3762 ἀφ’
883 3685 944 3739 οὗ
975 3687 1440 3763 ηὐτοκρατόρησε,
1490 3687 1580 3741 καὶ
1625 3687 1721 3749 τὰς
1768 3698 1958 3741 κινου-

321 3772 480 3844 μένας
541 3771 817 3835 ὑποθέσεις
872 3774 1016 3852 παρά
1068 3797 1127 3831 τε
1181 3781 1289 3831 τῶν
1347 3774 1625 3831 πλουσίων
1697 3777 1785 3830 καὶ
1844 3779 1953 3829 τῶν

322 3866 564 3938 πτωχῶν
619 3861 939 3939 ἐπεχείρησε
996 3870 1196 3936 ζητεῖν,
1257 3866 1405 3937 εὗρεν
1465 3863 1546 3920 ὅτι
1607 3868 1658 3919 οὶ
1713 3862 1963 3928 θέλοντες

323 3954 666 4011 πλεονεκτεῖν
722 3951 956 4025 δυνατοῖ,
1017 3953 1246 4030 εὔλογον
1308 3955 1564 4031 ἀφορμὴν
1619 3951 1814 4028 ἔχουσι
1860 3954 1960 4022 τὴν

316 4043 884 4122 τεσσαρακονταετίαν,
917 4045 1005 4100 καὶ
1035 4041 1427 4114 σπουδάζουσιν
1461 4043 1569 4099 εἷετε
1617 4039 1706 4098 διὰ
1755 4042 1961 4115 ξενίων,

319 4135 426 4192 εἴτε
457 4132 547 4190 διὰ
576 4131 720 4196 ἰδίας
777 4130 1087 4196 δυναστείας
1139 4133 1237 4202 τὴν
1296 4131 1557 4203 τοιαύτην
1605 4151 1964 4206 τεσσαρακον-

320 4225 531 4284 ταετῖαν
566 4218 838 4296 διαϐῆναι,
869 4225 957 4279 καὶ
992 4218 1180 4278 ἔκτοτε
1208 4222 1345 4278 κατά
1400 4220 1610 4277 τελείαν
1653 4218 1963 4276 δεσποτείαν

328 4319 499 4395 ἔχειν,
533 4314 666 4389 ἔπερ
696 4319 876 4379 κακῶς
932 4311 1362 4382 ἐπλεονέκτησαν
1408 4310 1536 4374 τοὺς
1584 4311 1833 4378 πένητας·
1885 4309 1969 4383 ἐξ·

325 4411 474 4475 ἐθετο
502 4408 604 4476 τὴν
631 4410 907 4480 παροῦσαν
939 4401 1282 4476 νομοθεσίαν,
1312 4405 1478 4456 τοῦτο
1510 4402 1603 4474 μὲν
1626 4400 1715 4455 καὶ
1741 4401 1808 4455 τὰ
1831 4419 1969 4475 προ-

319 4498 575 4576 γεγονότα
605 4489 992 4570 διορθουμένη,
1022 4493 1152 4544 τοῦο
1186 4487 1242 4544 δὲ
1271 4489 1360 4544 καὶ
1389 4491 1516 4552 τοὺς
1572 4494 1664 4544 νῦν
1716 4486 1971 4553 δυνατοὺς

320 4575 743 4652 ἀναστέλλουσα,
774 4577 864 4634 καὶ
923 4576 1050 4638 τοὺς
1104 4577 1388 4650 μετέπειτα
1435 4575 1751 4646 κωλύουσα,
1799 4575 1968 4652 γινώ-

319 4691 546 4733 σκοντας
578 4671 676 4740 ὡς,
710 4666 971 4742 οὐδεμίαν
1002 4665 1266 4744 ὠφέλειαν
1321 4666 1426 4721 ἀπὸ
1469 4665 1666 4721 τούτου
1709 4666 1970 4742 εὑρήσου-

321 4783 427 4832 σιν,
485 4762 613 4819 ἁλλ’
671 4761 1128 4838 ἀφαιρεθήσονται
1188 4756 1255 4811 τὰ
1311 4755 1582 4832 ἀλλότρια
1660 4757 1760 4812 οὐκ
1816 4756 1971 4813 αὐτοὶ

326 4854 516 4925 μόνον,
548 4851 694 4908 ἀλλὰ
724 4852 814 4906 καὶ
855 4851 906 4904 οἱ
935 4846 1281 4924 κληρονόμοι
1314 4848 1516 4904 αὐτῶν.
1559 4847 1680 4904 ’Ότι
1737 4847 1832 4920 μὲν
1880 4844 1970 4902 οὖν

323 4945 360 5012 ἡ
407 4942 658 5019 βασιλεία
713 4943 874 5015 ἡμῶν
934 4938 1033 4994 οὐκ
1085 4937 1360 5008 ἀσκόπως,
1421 4933 1534 4991 οὐδ’
1591 4934 1972 5010 ἆδοκιμάστως

317 5034 418 5104 τήν
474 5027 1022 5108 τεσσαρακονταετίαν
1080 5025 1389 5101 ἀνατρέπει,
1476 5023 1626 5081 ἀλλᾶ
1676 5024 1803 5088 τοὺς
1865 5024 1972 5079 πὲ-

319 5143 489 5194 νητας
532 5121 784 5192 ἐλεοῦσα,
813 5119 905 5174 καὶ
961 5120 1063 5172 τοῦ
1120 5115 1310 5170 κοινοῦ
1365 5115 1455 5169 καὶ
1513 5119 1611 5180 τῆς
1671 5114 1972 5176 συστάσεως

324 5212 492 5268 αὐτοῦ
549 5210 934 5289 φροντίζουσα,
995 5207 1086 5262 καὶ
1145 5204 1206 5259 τὸ
1266 5201 1472 5260 δίκαιον
1526 5205 1810 5280 ἀγαπῶσα,
1882 5202 1974 5259 καὶ

326 5300 430 5370 τὴν
489 5287 809 5373 πλεονεξίαν
869 5294 1228 5364 ἰκκόπτουσα,
1288 5294 1516 5370 φανερὸν
1583 5287 1731 5348 ἔσται
1789 5292 1841 5364 ἐξ
1898 5294 1970 5348 ὧν

402 5446 478 5517 (4)
509 5445 786 5517 Editores
816 5445 1027 5517 notant
1050 5456 1076 5517 ς,
1093 5461 1122 5490 ‹‹
1156 5439 1474 5517 Logotlieta
1526 5437 1598 5517 de
1647 5437 1822 5517 domo
1868 5439 1981 5517 erit

321 5507 626 5590 λοῇοἶὶέτης
662 5519 782 5590 τῶν.
823 5511 1117 5590 -οἰκε-ιακῶν
1151 5529 1200 5590 _s.
1241 5507 1355 5564 ’τοῦ
1411 5507 1610 5590 ἴδικοῖξ.
1643 5531 1673 5561 ››
1720 5514 1849 5590 _Imo
1899 5509 1982 5565 lo-

322 5583 788 5661 got'hetajdromi
815 5584 1242 5661 intelligendus
1275 5583 1796 5661 e_sse_vi_detur._lo,

397 5661 474 5732 (5)
505 5659 781 5715 Editores
804 5651 1123 5732 Logothétae
1153 5654 1451 5732 supplent.
1480 5654 1648 5732 Male.
1672 5654 1876 5711 Potius
1904 5651 1976 5708 de

315 5726 560 5807 ἐπάρχῳ
592 5726 1041 5805 παραθαλασσίτῃ
1072 5726 1470 5798 cogitaverim.
1502 5727 1582 5781 ID.

655 5851 932 5932 Parion,
975 5845 1087 5912 Gn.
1134 5843 1362 5908 CXLII.

2767 2389 2867 2458 IV.

2069 2479 2272 2534 Basilii
2294 2477 2764 2548 Porphyrogeniti
2808 2477 3024 2533 novella
3071 2477 3386 2533 constitutio
3430 2479 3722 2548 publicata

2067 2566 2248 2606 mense
2267 2551 2600 2617 Jannuario,
2633 2549 2932 2604 indictione
2963 2567 3040 2616 ιχ,
3075 2565 3221 2604 anno
3250 2567 3304 2605 γι
3335 2566 3393 2606 ιι.
3429 2565 3500 2604 ιο.
3538 2567 3646 2605 nn.

2069 2731 2099 2761 «
2121 2709 2323 2780 Capita
2343 2709 2792 2764 Constitutionis
2815 2709 2992 2780 hujus
3016 2727 3085 2764 ex
3111 2709 3549 2780 Harmenopulo
3572 2729 3597 2760 ι
3614 2750 3626 2764 .
3651 2740 3720 2751 --

2143 2780 2651 2850 Prmscriptionem
2683 2797 2976 2835 annorum
3008 2782 3099 2834 XL
3121 2781 3297 2846 tollit,
3329 2787 3620 2845 statuens,
3643 2797 3719 2835 ne

2139 2867 2431 2906 annorum
2489 2853 2578 2905 XL
2610 2851 2976 2923 prmscriptio
3037 2853 3470 2922 potentioribus
3505 2854 3716 2923 inopes

2138 2923 2360 2994 injuste
2419 2928 2595 2993 atque
2642 2939 2811 2978 avare
2862 2924 3336 2994 opprimentibus
3384 2923 3716 2994 quidquam

2180 2993 2361 3066 rosit;
2397 3010 2545 3049 neve
2570 3011 2862 3066 pauperes
2903 2993 2975 3049 ab
3025 2994 3237 3049 iisdem
3281 2993 3718 3066 potentioribus

2161 3065 2261 3120 tesi
2292 3082 2398 3137 per
2428 3064 2725 3121 annorum
2775 3067 2866 3120 XL
2912 3066 3423 3137 praescriptionem
3474 3064 3715 3137 submo-

2132 3136 2394 3192 veantur.
2436 3139 2514 3192 Ne
2557 3136 2949 3192 terminorum
2998 3153 3112 3208 quo
3163 3153 3232 3191 ue
3282 3136 3710 3208 descriptiones

2133 3209 2316 3262 robur
2343 3208 2620 3262 habeant.
2653 3209 2793 3262 licet
2822 3209 3017 3262 aureis
3041 3155 3219 3262 bullis
3269 3209 3707 3262 contineantur.

2133 3209 2316 3263 robur
2343 3208 2620 3275 habeant,
2653 3209 2793 3263 licet
2822 3209 3017 3263 aureis
3041 3208 3219 3263 bullis
3269 3209 3707 3275 contineantur,

2131 3280 2426 3351 siquidem
2459 3281 2679 3352 injuste
2711 3297 2778 3335 ac
2807 3279 3410 3352 .fraudulenterfactze
3439 3279 3580 3352 sint.
3616 3279 3713 3352 Fi-

2133 3350 2298 3423 scum
2312 3352 2490 3407 etiam
2512 3350 2678 3406 nullo
2693 3353 2974 3423 temporis
2990 3351 3298 3408 intervallo
3315 3352 3438 3406 vult
3453 3350 3708 3423 excludi,

2133 3422 2237 3478 sed
2268 3423 2343 3496 ab
2372 3425 2634 3496 Augusto
2660 3422 2888 3480 Cmsare
2911 3424 3012 3496 jus
3033 3439 3204 3479 suum
3227 3422 3711 3496 repetere,idque

2133 3495 2344 3550 merito
2378 3495 2754 3567 recuperare.

2138 3603 2188 3655 1.
2221 3621 2248 3651 ‹‹
2278 3602 2357 3656 De
2380 3617 2674 3657 annorum
2692 3618 2762 3656 XL
2785 3600 3233 3672 praascriptione
3259 3622 3310 3659 ».
3343 3632 3398 3642 —
3422 3600 3712 3667 Quoniam

2065 3690 2346 3761 majestas
2377 3706 2510 3745 mea
2539 3691 2851 3762 comperit,
2885 3707 2955 3744 ex
3003 3707 3118 3761 quo
3170 3691 3348 3761 cmpit
3396 3690 3711 3762 imperare,

2065 3784 2374 3850 motasque
2426 3784 2545 3834 tam
2603 3779 2675 3834 ab
2736 3780 3058 3850 opulentis,
3117 3796 3294 3852 quam
3353 3778 3712 3852 pauperibus

2066 3885 2273 3925 causas
2334 3869 2596 3924 instituit
2649 3885 3026 3942 cognoscere,
3085 3869 3504 3941 locupletiores
3552 3869 3718 3924 frau-

2067 3958 2400 4014 dandorum
2430 3958 2682 4014 aliorum
2701 3959 2947 4030 cupidos
2976 3963 3328 4030 praetextum
3351 3959 3569 4015 habere
3590 3975 3721 4031 pro.

2066 4048 2348 4118 habilem,
2381 4049 2669 4104 nimirum
2695 4065 2993 4104 annorum
3026 4049 3417 4122 quadraginta
3444 4049 3722 4121 praescri-

2067 4138 2370 4210 ptionem;
2406 4143 2463 4193 et
2492 4139 2554 4193 in
2585 4139 2696 4194 hoc
2761 4138 3126 4210 incumbere,
3179 4139 3296 4195 sive
3348 4137 3721 4204 muneribus,

2071 4229 2190 4284 sive
2211 4228 2434 4284 viribus
2466 4229 2590 4284 suis
2621 4228 3176 4298 intervenientibus,
3210 4234 3275 4284 ut
3295 4229 3407 4285 hoc
3429 4245 3724 4285 annorum

2072 4317 2463 4390 quadraginta
2477 4318 2734 4390 spatium
2751 4318 3223 4387 transeant,etab
3240 4335 3306 4374 eo
3320 4324 3586 4390 tempore
3597 4318 3726 4390 ple-

2073 4423 2150 4461 no
2164 4406 2432 4462 dominio
2445 4407 2790 4478 possideant
2803 4407 2906 4463 illa
2923 4408 3139 4478 quibus
3153 4408 3421 4480 improbe
3433 4423 3726 4478 pauperes

2005 4532 2050 4596 Β
2078 4495 2431 4552 fraudarunt
2459 4512 2472 4550 :
2505 4496 2659 4552 hanc
2691 4497 2881 4568 ipsam
2909 4496 3098 4569 legem
3123 4497 3278 4564 tulit,
3309 4497 3528 4568 partim
3549 4500 3615 4550 ut
3635 4510 3724 4561 ea,

2083 4602 2213 4657 quos
2245 4586 2531 4641 hactenus
2563 4586 2852 4653 accidere,
2881 4586 3166 4657 corrigat;
3193 4585 3407 4656 partim
3424 4589 3491 4640 ut
3518 4589 3728 4656 poten-

2081 4678 2192 4740 tes,
2219 4675 2320 4745 qui
2337 4675 2463 4746 jam
2485 4675 2703 4741 vivunt,
2726 4673 3048 4746 reprimat;
3071 4679 3129 4728 et
3149 4674 3403 4729 victuros
3427 4673 3729 4745 deinceps,

2083 4769 2391 4820 coerceat:
2426 4765 2700 4831 scituros,
2748 4780 2809 4818 se
2866 4763 3100 4818 nullum
3158 4763 3297 4818 hinc
3348 4763 3732 4820 commodum

2081 4856 2494 4925 percepturos,
2528 4852 2631 4908 sed
2660 4852 2924 4908 futurum
2956 4858 3022 4906 ut
3049 4869 3144 4908 res
3173 4852 3384 4908 alienae
3431 4869 3554 4908 non
3603 4859 3732 4908 tan-

2093 4948 2215 4997 tum
2247 4942 2410 5014 ipsis,
2447 4941 2550 4996 sed
2582 4947 2640 4997 et
2695 4941 2961 5013 ipsorum
2994 4941 3328 4998 haaredibus
3373 4942 3733 4999 adimantur.

2081 5031 2394 5086 Enimvero
2413 5046 2534 5084 non
2562 5030 2921 5101 inconsulto,
2945 5049 3056 5086 nec
3076 5031 3331 5087 absurde
3361 5033 3736 5105 majestatem

2084 5125 2350 5176 nostram
2363 5120 2515 5174 hanc
2533 5135 2826 5174 annorum
2842 5118 3231 5190 quadraginta
3244 5121 3745 5194 praescriptionem

2085 5209 2318 5278 tollere,
2351 5208 2454 5263 sed
2487 5209 3006 5263 commiseratione
3031 5214 3246 5264 tactam
3265 5226 3402 5283 erga
3423 5227 3735 5284 pauperes,

2085 5298 2276 5370 deque
2308 5297 2617 5369 republica
2647 5302 2704 5352 et
2758 5297 2886 5370 ejus
2930 5297 3241 5355 duratione
3289 5299 3630 5372 sollicitam,
3681 5305 3741 5357 et

2154 5441 2232 5514 (β)
2263 5441 2395 5495 Haec
2425 5439 2641 5495 verba:
2702 5446 2796 5495 aut
2844 5441 3036 5514 dicere,
3065 5441 3198 5511 illis,
3243 5459 3350 5512 pro
3400 5445 3616 5514 quibus,
3668 5443 3734 5497 in

2085 5513 2214 5568 cod.
2249 5514 2405 5567 inter
2432 5513 2672 5585 scrutari
2700 5517 2759 5566 et
2783 5519 2878 5566 aut
2905 5512 3283 5585 qualecunque
3300 5512 3513 5585 posita,
3530 5520 3735 5569 trans-

2084 5585 2360 5656 ponenda
2397 5601 2526 5656 esse
2558 5583 2834 5656 viderunt
2862 5584 3144 5656 editores.

2154 5655 2649 5779 (7)1.a1tiadtaturin
2707 5655 2979 5726 sequenti
3016 5655 3271 5728 novella,
3318 5671 3454 5728 cap.
3497 5657 3551 5710 3.
3597 5656 3731 5725 Ipsa

2154 5743 2204 5779 in
2237 5742 2336 5779 exs
2436 5768 2448 5779 .

2083 5742 2204 5781 non
2237 5731 2448 5780 exstat.

3367 5845 3446 5903 20
