4202 6314
415 359 535 420 619

1675 370 1840 432 IMP.
1886 365 2166 429 BASILII
2209 368 2568 430 JUNIOBIS

3700 361 3820 421 6°20

416 495 713 565 aequitatis
737 499 1057 567 amantem,
1092 501 1149 551 et
1167 500 1582 557 exscindenda;
1613 503 1869 560 avaritiae
1902 502 2070 574 cupi-

2196 500 2440 576 ἓθέλομεν
2473 501 2666 558 εἰπεῖν.
2709 497 2808 554 Καὶ
2858 497 2959 574 γὰρ
3027 495 3160 570 [καὶ]
3213 491 3400 550 πολλά
3455 493 3822 568 παρηνοχλή-

422 584 594 652 dam;
619 586 1000 657 perspicuum
1027 601 1097 640 ex
1130 585 1248 641 illis
1283 588 1402 659 ﬁet,
1437 607 1567 661 quae
1589 592 1804 648 dicturi
1846 609 2068 648 sumus.

424 677 660 747 Magnas
685 675 845 730 enim
879 675 1179 730 molestias
1211 693 1245 731 a
1273 681 1636 750 pauperibus
1685 682 1796 737 hoc
1829 681 2070 737 nomine

420 765 776 837 pertulimus
794 763 1080 834 etquibus
1093 766 1357 834 quotidie
1372 768 2073 826 circumvenianturfrau—

423 855 598 909 dibus
631 859 688 908 et
734 853 989 923 injuriis,
1024 854 1243 909 nostris
1276 856 1530 927 ipsemet
1560 861 1747 915 oculis
1790 861 2069 932 vidimus,

423 943 566 998 dum
596 941 927 1013 provincias
959 942 1192 1013 imperii
1214 948 1401 1001 nostri
1425 965 1896 1022 peragraremus,
1923 955 1980 1004 et
1999 948 2074 1004 ad

423 1031 829 1104 expeditiones
861 1031 1391 1102 proficisceremur.
1418 1037 1563 1094 Nam
1593 1057 1708 1111 quo
1731 1044 1901 1111 pacto
1925 1040 2073 1094 sim-

421 1122 658 1195 pliciter
687 1126 863 1190 atque
898 1126 1120 1177 temere
1156 1127 1440 1197 temporis
1468 1129 1744 1184 habenda
1767 1131 1880 1184 erit
1899 1129 2072 1198 ratio,

427 1229 561 1268 cum
596 1213 666 1283 is,
705 1212 805 1283 qui
839 1228 1154 1284 pauperem
1186 1217 1640 1287 circumscribit,
1693 1221 1905 1292 opibus
1937 1219 2078 1275 sub-

428 1302 623 1370 nixus,
651 1301 751 1357 diu
773 1302 1040 1372 potentia
1069 1303 1470 1378 felicitateque
1503 1325 1610 1363 sua
1633 1309 1883 1374 fruatur,
1909 1325 2076 1363 eam-

430 1409 545 1464 que
574 1391 902 1463 potentiam
935 1397 994 1446 et
1024 1392 1367 1450 felicitatem
1395 1413 1562 1452 suam
1595 1398 1668 1453 ad
1704 1414 2078 1453 successores

432 1497 571 1536 suos
593 1480 996 1535 transmittat?
1016 1497 1083 1536 ac
1101 1481 1369 1539 fortassis
1392 1486 1517 1556 ipse
1537 1485 1777 1558 quidem
1793 1486 2078 1557 patricius

430 1569 526 1635 sit,
561 1573 621 1624 at
650 1569 773 1624 nati
802 1585 872 1624 ex
905 1586 994 1638 eo,
1029 1575 1171 1641 puta
1202 1578 1446 1644 nepotes
1478 1579 1536 1628 et
1563 1579 1940 1646 pronepotes,
1996 1573 2078 1629 si-

429 1658 653 1715 militer
683 1664 952 1730 potentes
983 1666 1042 1714 et
1070 1659 1472 1718 familiaritate
1522 1663 1891 1734 principibus
1934 1680 2079 1718 con-

431 1748 646 1820 juncti,
676 1747 1020 1804 felicitatem
1050 1767 1217 1806 suam
1250 1752 1323 1807 ad
1357 1769 1463 1806 Lxx
1493 1752 1582 1806 vel
1614 1769 1644 1806 (ι
1673 1769 1860 1807 annos
1883 1769 2081 1824 porre-

2181 606 2352 667 θημεν
2386 592 2531 668 παρᾶ
2557 594 2666 645 τῶν
2700 591 2940 662 πτωχῶν
3001 587 3163 661 χάριν
3215 584 3410 639 τούτου
3458 583 3548 638 καὶ
3601 583 3696 645 τὰς
3744 603 3823 658 γι-

2178 686 2411 756 νομενας
2467 680 2542 742 εἷς
2602 676 2794 740 αὐτοὺς
2854 677 2973 740 καθ’
3057 675 3285 744 ἑκάστην
3362 671 3674 743 πλεονεξίας
3731 670 3824 726 καὶ

2181 770 2391 834 ἀδικίας
2420 775 2536 832 τοῖς
2570 767 2731 830 ἰδίοις
2766 769 2925 839 ἡμῶν
2956 762 3264 840 ὀφθαλμοῖς
3305 759 3547 834 εἷ’δομεν,
3600 757 3823 835 διερχό-

2187 863 2430 938 μενοιτά
2461 862 2666 934 θέματα
2722 861 2820 926 τῆς
2887 853 3168 933 βασιλείας
3211 855 3392 927 ἡμῶν,
3443 853 3532 908 καὶ
3585 851 3720 926 πρὸς
3759 851 3827 906 τὰ

2184 950 2417 1024 ταξείδια
2447 951 2841 1026 ἀπερχόμενοι.
2899 950 3024 1009 Πῶς
3065 945 3169 1020 γὰρ
3209 941 3401 1005 ἁπλῶς
3447 940 3537 995 καὶ
3586 939 3660 1001 ὡς
3709 938 3827 995 ἔτυ-

2183 1064 2279 1118 χεν
2313 1043 2590 1117 ἐνεργήσει
2630 1040 2857 1114 χρόνος,
2916 1034 3004 1091 ὅτε
3062 1032 3286 1095 δυνατὸς
3337 1030 3408 1086 ὣν
3444 1032 3471 1086 6
3498 1032 3592 1118 τὸν
3623 1028 3829 1118 πένητα

2183 1116 2606 1198 πλεονεκτάσας,
2662 1125 2834 1183 πολὺν
2907 1127 3105 1200 χρόνον
3191 1124 3410 1192 ποιήσει
3493 1116 3826 1174 δυναστεύων

2183 1220 2273 1276 καὶ
2331 1219 2641 1294 εὐημερῶν,
2699 1215 2791 1270 καὶ
2847 1215 2945 1282 τήν
3007 1210 3315 1267 δυναστείαν
3377 1208 3539 1264 αὐτοῦ
3591 1207 3682 1262 καὶ
3737 1207 3829 1261 εὐ-

2184 1310 2416 1385 ημερίαν
2451 1309 2530 1371 εἷς
2558 1308 2686 1369 τοὺς
2734 1301 3031 1379 δεαδόχους
3085 1301 3248 1357 αὐτοῦ
3303 1299 3682 1385 παραπέμψεις
3737 1295 3826 1351 καὶ

2184 1384 2353 1472 τυχὸν
2385 1397 2542 1458 οὗτος
2603 1395 2698 1467 μὲν
2753 1390 3035 1466 πατρίκιός
3092 1389 3257 1458 ἐστιν,
3307 1389 3360 1442 οἱ
3421 1384 3478 1442 δὲ
3537 1387 3585 1459 ἐξ
3644 1385 3828 1454 αὐτοῦ,

2188 1489 2304 1542 οἷον
2362 1482 2577 1561 ἔγγονοι
2628 1481 2719 1537 xxi
2774 1478 3100 1556 δισὲγγονοι,
3185 1477 3392 1550 ὁμοίως
3473 1475 3687 1530 δυνατοὶ
3739 1474 3826 1528 xui

2189 1576 2502 1646 οἶκειόκητα
2540 1569 2761 1648 ἔχοντες
2818 1571 2956 1646 πρὸς
3003 1569 3130 1632 τοὺς
3191 1567 3458 1644 βασιλεῖς,
3515 1565 3603 1620 καὶ
3665 1566 3832 1639 μέχρι

2187 1669 2294 1721 τῶν
2329 1659 2708 1736 ἑϐδομήκοντα
2761 1657 2798 1730 ἤ
2859 1659 3045 1714 ἑκατὸν
3105 1658 3321 1732 χρόνων
3379 1655 3477 1724 τὴν
3537 1653 3832 1727 εὐημερίαν

2190 1755 2364 1810 αὐτῶν
2423 1751 2917 1827 παρεκτεινομὲνην
2975 1744 3217 1823 ἔχοντες.
3277 1745 3402 1819 'Ap'
3461 1740 3552 1796 οῦν
3610 1741 3837 1804 τούτους

436 1843 593 1893 ctam
623 1838 969 1893 retineant?
997 1856 1115 1894 non
1147 1840 1282 1895 illos
1313 1858 1421 1896 nos
1471 1841 1878 1897 coercebimus
1899 1841 1926 1896 ?
1963 1857 2082 1896 non

2196 1843 2250 1899 οὐ
2314 1840 2687 1915 κωλύσομενς
2747 1838 2835 1894 καὶ
2892 1843 3009 1900 τοῖς
3065 1836 3259 1906 πένησι
3319 1832 3564 1906 δώσομεν
3598 1829 3836 1892 ἄκακῶς

439 1927 800 1999 pauperibus
828 1944 895 1983 ea
925 1929 1222 1998 dabimus,
1253 1931 1470 2000 quibus
1501 1930 1655 1986 male
1690 1935 1826 1985 sunt
1850 1930 2086 1986 defrau-

437 2016 610 2072 dati?
637 2018 862 2089 Quippe
893 2035 1029 2073 cum
1061 2020 1131 2090 is,
1187 2021 1286 2090 qui
1336 2020 1550 2075 fundos
1593 2037 1940 2076 communes
1987 2037 2084 2076 ac-

437 2107 643 2179 quirit,
695 2107 784 2161 vel
841 2108 1035 2179 majus
1091 2110 1346 2180 pretium
1407 2109 1642 2176 obtulit,
1703 2116 1915 2181 potens
1973 2115 2082 2180 est,

439 2197 690 2269 ejusque
721 2196 989 2252 haeredes
1020 2215 1226 2253 rursus
1259 2203 1378 2255 tam
1409 2199 1468 2254 in
1500 2199 1882 2271 patrimonio,
1907 2215 2085 2270 quam

436 2286 567 2358 ipsa
587 2291 879 2358 potestate
902 2286 1368 2355 succedunt,nec
1388 2289 1633 2359 pauperi
1659 2287 1855 2343 locum
1877 2287 2085 2342 adver-

441 2391 544 2432 sus
574 2393 636 2431 se
677 2375 1026 2447 experiundi
1057 2393 1257 2431 rerum
1293 2377 1532 2432 illarum
1583 2378 1824 2432 nomine
1875 2394 2089 2432 conce-

437 2464 606 2534 dunt,
671 2464 886 2535 quibus
944 2465 1121 2521 rebus
1172 2482 1307 2520 cum
1366 2467 1644 2537 nequiter
1693 2467 2084 2524 fraudarunt:

441 2554 688 2610 omnino
713 2553 1095 2609 manifestum
1122 2558 1229 2621 est,
1253 2560 1779 2627 quantumcunque
1805 2556 2088 2627 temporis

439 2644 669 2699 interea
695 2649 975 2711 transeat,
998 2645 1243 2698 minime
1262 2645 1699 2715 prohibendum
1720 2661 1847 2700 esse
1863 2662 2086 2717 paupe-

443 2749 588 2805 rem,
623 2733 944 2804 quominus
972 2738 1030 2790 et
1075 2733 1362 2805 requirat,
1414 2740 1471 2789 et
1515 2734 1743 2790 auferat
1799 2733 1881 2803 id,
1931 2734 2088 2806 quod

443 2841 616 2880 suum
651 2828 758 2879 est.
789 2824 931 2879 Nam
954 2823 1070 2878 nisi
1094 2824 1206 2878 hoc
1227 2823 1536 2892 faciamus,
1569 2841 1740 2880 avaro
1768 2825 2086 2880 fenestram

441 2915 799 2986 aperiemus,
832 2919 898 2968 ut
927 2913 1121 2969 dicat:
1155 2915 1444 2979 Quoniam
1477 2931 1581 2987 ego
1640 2931 1925 2986 prospera
1970 2915 2093 2969 for-

443 3009 588 3059 tuna
618 3004 786 3058 fruor
815 3002 1012 3070 hodie,
1045 3017 1155 3058 nec
1188 3021 1413 3075 pauper
1442 3003 1543 3058 ille
1568 3021 1803 3059 mecum
1835 3003 2090 3075 experiri

445 3099 643 3167 potest
667 3114 678 3150 :
714 3095 762 3149 si
795 3094 920 3165 pari
940 3094 1224 3149 felicitate
1248 3095 1406 3149 filius
1425 3112 1660 3166 quoque
1683 3112 1852 3150 meus
1866 3100 2089 3171 utatur,

444 3190 503 3239 et
527 3185 698 3240 nobis
728 3185 841 3239 hac
870 3183 1262 3255 prosperitate
1294 3184 1628 3239 fruentibus
1660 3185 1800 3240 anni
1833 3183 2090 3254 quadra-

444 3275 607 3346 ginta
636 3277 1014 3344 praetereant,
1035 3277 1136 3326 aut
1167 3273 1292 3342 ipse
1316 3273 1417 3329 diu
1448 3291 1544 3329 res
1575 3274 1865 3329 secundas
1897 3273 2088 3328 conti-

447 3380 628 3418 nuem
655 3379 667 3417 :
702 3362 1044 3434 inadempta
1076 3362 1627 3435 retinebimus,quae
1651 3363 2094 3435 acquisivimus,

447 3452 715 3523 adeoque
747 3450 894 3506 mihi
924 3452 1220 3523 rapaciter
1241 3469 1412 3525 agere
1438 3453 1722 3524 proderit.
1749 3453 1958 3524 [Atque
1985 3453 2097 3508 hoc

446 3539 829 3595 manifestum
862 3544 952 3595 est
981 3540 1159 3595 etiam
1192 3540 1264 3594 de
1297 3541 1704 3608 Malcinorum,
1765 3542 2094 3612 itidemque

447 3629 520 3686 de
553 3629 892 3685 Phocadum
921 3629 1168 3685 familia.
1222 3630 1448 3702 Quippe
1500 3631 1923 3686 Constantinus
1974 3633 2092 3686 Ma-

445 3719 641 3774 leinus
672 3719 977 3790 patricius,
999 3719 1416 3774 etEustathius
1442 3719 1571 3790 ejus
1594 3720 1773 3784 filius,
1793 3720 2094 3792 magister,

445 3824 635 3880 usque
668 3807 740 3864 ad
771 3813 1034 3876 centum,
1074 3808 1161 3864 vel
1194 3814 1432 3863 centum
1451 3810 1651 3881 viginti
1673 3825 1879 3872 annos,
1904 3808 2092 3862 felici-

445 3903 627 3954 tatem
655 3915 822 3954 suam
854 3898 1279 3953 continuarunt
1312 3916 1324 3953 :
1360 3900 1662 3955 Phocades
1709 3918 1865 3966 vero,
1918 3901 2094 3956 etiam

442 3987 602 4041 ultra
633 3987 744 4041 hoc
769 3987 1046 4058 spatium.
1073 3989 1216 4041 Nam
1239 3993 1298 4041 et
1317 4003 1456 4042 avus
1473 4005 1698 4058 eorum,
1733 3993 1790 4042 et
1815 3989 2095 4061 deinceps

440 4081 696 4146 pater,et
713 4082 919 4146 postea
933 4076 1503 4147 filii,propemodum
1518 4077 1764 4132 dixerim
1778 4122 1790 4144 ,
1805 4095 1839 4133 a
1856 4080 2095 4134 nemine

447 4163 843 4234 interruptam
875 4164 948 4219 ad
980 4181 1090 4219 nos
1121 4182 1310 4235 usque
1341 4167 1670 4236 potentiam
1687 4167 2094 4224 obtinuerunt.

443 4256 513 4309 Et
553 4269 817 4324 quonam
871 4255 1047 4309 modo
1108 4255 1325 4310 talibus
1383 4257 1751 4328 prmscriptio
1809 4259 2095 4329 temporis

451 4342 813 4410 subveniet?]
837 4359 954 4413 quo
973 4359 1208 4397 rursum
1227 4343 1403 4398 modo
1420 4361 1538 4398 non
1558 4344 1967 4417 reputabimus
1993 4364 2097 4418 po-

448 4436 672 4487 tentem
704 4432 928 4504 pariter
957 4431 1420 4499 etimbecillum,
1447 4433 1545 4503 qui
1570 4433 1641 4487 ab
1665 4433 1834 4488 initio
1854 4436 2095 4505 quidem

449 4539 675 4595 pauper
706 4527 813 4590 est,
847 4522 1131 4593 deinceps
1162 4526 1359 4576 autem
1393 4522 1737 4589 honoratus,
1774 4527 1831 4577 et
1859 4524 1931 4578 ad
1963 4524 2092 4596 glo-

2191 1933 2723 2002 ἐπλεονεκτήθησαν;
2755 1933 2852 1985 τοῦ
2887 1930 2986 2001 [τε]
3044 1927 3146 2003 γὰρ
3215 1924 3292 1988 εἷς
3347 1922 3668 1994 κοινότητας
3715 1940 3837 1996 χω-

2195 2024 2326 2099 ρίων
2384 2020 2840 2095 ἐπικτησαμὲνου,
2900 2018 2935 2087 ἢ
2995 2015 3162 2072 πλέον
3223 2013 3548 2082 ἐκτίσαντος,
3611 2010 3838 2067 δυνατοῦ

2191 2097 2582 2187 τυγχάνοντος,
2622 2109 2712 2164 καὶ
2768 2113 2876 2162 τῶν
2933 2106 3100 2160 αὐτοῦ
3158 2101 3433 2177 διαδόχων
3483 2099 3646 2156 πάλιν
3706 2097 3842 2172 μετὰ

2192 2209 2294 2271 τῆς
2337 2201 2686 2260 ὑποστάσεως
2739 2197 2827 2252 καὶ
2893 2195 2991 2263 τήν
3053 2191 3361 2248 δυναστείαν
3411 2188 3839 2264 διαδεχομένων,

2193 2291 2286 2347 καὶ
2333 2292 2408 2364 μή
2470 2286 2732 2344 διδόντων
2789 2287 2979 2361 χώραν
3031 2287 3111 2355 τῷ
3163 2283 3354 2352 πένητι
3412 2280 3551 2357 πρὸς
3606 2280 3668 2334 τὸ
3723 2278 3840 2333 κατ’

2197 2381 2372 2436 αὐτῶν
2398 2386 2615 2449 κινῆσαι
2644 2377 2768 2451 περὶ
2813 2377 2886 2430 ὧν
2939 2377 3120 2436 κακῶς
3177 2369 3602 2440 ἐπλεονέκτησαν
3655 2368 3837 2422 αὐτόν·

2197 2471 2414 2534 πάντως
2442 2467 2723 2545 πρόδηλόν
2758 2465 2925 2534 ἐστιν,
2959 2465 3044 2519 ὅτι
3075 2462 3201 2526 ὅσος
3224 2461 3284 2516 ἄν
3339 2460 3544 2535 χρόνος
3592 2457 3679 2513 ἐπὶ
3717 2457 3846 2513 τού-

2196 2581 2304 2615 των
2339 2555 2525 2633 διαϐῇ,
2571 2558 2855 2618 ἀκώλυτος
2889 2557 2916 2610 ὁ
2946 2555 3114 2624 πένης
3161 2551 3305 2606 ἔσται
3360 2550 3496 2625 πρὸς
3543 2549 3605 2603 τὸ
3657 2550 3839 2618 ζητεῖν

2195 2649 2284 2704 καὶ
2316 2648 2562 2722 ἀπαίρειν
2591 2645 2654 2701 τὸ
2688 2644 2845 2700 ἴδιον.
2881 2642 2944 2698 Ei
3007 2643 3082 2715 μὴ
3133 2640 3233 2716 γὰρ
3285 2643 3449 2694 τοῦτο
3508 2639 3840 2722 ποιήσομεν,

2197 2734 2434 2812 πάροδον
2458 2721 2713 2807 δώσομεν
2745 2736 2826 2804 τῷ
2855 2728 3155 2801 πλεονέκτῃ
3186 2731 3283 2782 τοῦ
3329 2724 3527 2800 λέγειν,
3573 2722 3656 2778 ὅτι
3687 2721 3841 2778 Ἐπεὶ

2197 2811 2302 2903 ἐγὼ
2335 2828 2573 2900 σήμερον
2635 2823 2910 2896 εὐημερῶ,
2968 2819 3058 2874 ναὶ
3111 2815 3172 2872 οὐ
3222 2813 3440 2870 δύναται
3486 2814 3604 2869 κατ’
3647 2811 3781 2886 ἐμοῦ
3810 2812 3838 2866 6

2198 2900 2364 2984 πενης
2421 2921 2662 2983 κινῆσαι,
2723 2911 2808 2965 ἐὰν
2860 2909 3180 2983 εὐημερήσῃ
3221 2906 3309 2960 καὶ
3343 2905 3371 2958 6
3401 2904 3517 2965 υἱός
3572 2923 3698 2976 μου,
3748 2900 3836 2956 καὶ

2201 3004 2289 3061 διὰ
2315 3011 2418 3074 τῆς
2467 3000 2761 3077 εὐημερίας
2813 3002 2972 3072 ἡμῶν
3035 2991 3198 3069 διαϐῇ
3239 2989 3772 3068 τεσσαρακονταετία,
3801 2990 3838 3059 ἢ

2201 3097 2305 3171 ἐγὼ
2335 3092 2578 3170 χρονίσω
2611 3091 2923 3164 εὐημερῶν,
2985 3082 3186 3162 ἔχομεν
3241 3083 3566 3160 ἀναφαίρετα
3615 3081 3680 3136 τά
3725 3078 3844 3134 ἐπι-

2201 3184 2487 3254 κτηθέντα,
2518 3181 2608 3237 καὶ
2670 3177 2930 3256 συμφέρει
2984 3197 3078 3249 μοι
3130 3175 3192 3229 τὸ
3231 3172 3596 3231 πλεονεκτεῖν.
3650 3173 3843 3244 [Τοῦτο

2203 3274 2260 3330 δὲ
2288 3273 2510 3353 (ξανερόν
2545 3268 2776 3326 ἐστικαὶ
2833 3265 2939 3339 ἀπὸ
2993 3271 3091 3334 τῆς
3141 3267 3329 3338 γενεᾶς
3375 3265 3482 3316 τῶν
3531 3258 3843 3328 Μαλεΐνων,

2201 3350 2488 3420 καὶνπάλιν
2519 3364 2624 3416 τῶν
2660 3355 2959 3414 Φωκάδων.
2991 3357 3053 3412 Ὀ
3088 3354 3181 3427 μὲν
3213 3353 3314 3429 γάρ
3354 3350 3638 3425 πατρίκιος
3688 3354 3847 3404 Κων-

2205 3459 2479 3514 σταντῐνος
2511 3454 2540 3508 6
2569 3447 2866 3519 Μαλεΐνος,
2917 3447 3006 3502 καὶ
3037 3447 3064 3500 6
3100 3447 3401 3520 μάγιστρος
3453 3441 3750 3500 Εὐστάθιος
3815 3439 3844 3492 ὁ

2201 3545 2400 3601 τούτου
2431 3543 2566 3613 υἱὸς,
2603 3539 2768 3615 μεχρι
2799 3542 2907 3593 τῶν
2939 3535 3126 3591 ἑκατὸν
3162 3533 3400 3609 χρόνων,
3433 3532 3466 3600 ἢ
3499 3531 3714 3585 καὶτῶν
3729 3529 3849 3583 ἑκα-

2203 3635 2295 3688 τὸν
2329 3631 2500 3687 εἷ’κοσι
2531 3630 2630 3699 τήν
2681 3623 2974 3700 εὐημερίαν
3037 3622 3199 3699 ἔσχον
3246 3617 3842 3694 συμπαρεκτεινομὲνην

2203 3722 2407 3784 αὐτοῖς.
2440 3721 2507 3778 Oi
2539 3718 2595 3775 δὲ
2627 3714 2888 3777 Φωκάδες
2945 3711 3089 3768 πολὺ
3127 3711 3336 3766 τούτων
3387 3708 3652 3764 ἐπέκτινα.
3685 3708 3753 3762 Ὀ
3789 3725 3849 3761 τε

2204 3812 2304 3887 γὰρ
2361 3810 2587 3870 πάππος
2647 3809 2745 3877 [αι.
2805 3804 3160 3880 πρόπαππος]
3236 3797 3434 3866 αὐτῶν,
3495 3795 3608 3850 εἶτα
3671 3793 3758 3849 καὶ
3818 3793 3846 3846 6

2203 3880 2406 3974 πατὴρ,
2445 3896 2578 3970 μετὰ
2609 3893 2665 3950 δὲ
2693 3898 2860 3949 ταῦτα
2897 3890 2988 3946 καὶ
3034 3891 3086 3944 oi
3143 3889 3340 3943 τούτου
3389 3885 3499 3940 uioi
3550 3880 3846 3959 ἀδιάδοχον

2205 3970 2400 4063 σχεδύν
2434 3986 2601 4042 εἴπεῖν
2653 3981 2758 4045 ἕως
2803 3984 2964 4052 ἡμῶν
3013 3980 3165 4053 εἶχον
3218 3978 3317 4045 τὴν
3374 3973 3700 4030 δυναστείαν.
3751 3970 3848 4025 Καὶ

2204 4061 2322 4139 πῶς
2357 4078 2410 4131 οἱ
2448 4078 2688 4130 τοιοῦτοι
2725 4073 3031 4148 βοηθοῦντα
3071 4065 3164 4122 τὸν
3203 4066 3408 4142 χρόνον
3459 4061 3637 4134 ἕξουσι
3670 4065 3746 4134 (7)
3781 4081 3795 4130 ἶ
3827 4061 3846 4133 1

2203 4164 2369 4223 πάλιν
2405 4163 2482 4236 δὲ,
2515 4168 2631 4225 πῶς
2665 4161 2726 4216 οὐ
2774 4159 3114 4234 λογισόμεθα
3165 4153 3387 4210 δυνατὸν
3428 4154 3520 4208 καὶ
3570 4150 3849 4222 ἀδύνατον,

2202 4258 2294 4312 τὸν
2330 4255 2566 4328 ἐξαρχῆς
2600 4251 2695 4324 μὲν
2725 4249 2948 4318 πένητα,
2998 4246 3220 4322 ὕστερον
3273 4242 3330 4299 δὲ
3373 4243 3713 4315 τιμώμενον,
3761 4237 3850 4293 καὶ

2203 4325 2534 4421 πρὸςῦῷος
2586 4338 2748 4411 δόξης
2806 4335 3182 4411 άναγόμενον;
3240 4331 3500 4388 ἀδύνατον
3577 4329 3690 4402 μὶν,
3748 4325 3853 4421 ἕως

2209 4415 2581 4508 ὑπάρχειτῶν
2645 4430 2815 4483 κάτω·
2876 4425 2966 4481 καὶ
3022 4425 3114 4479 τόν
3174 4423 3372 4497 χρόνον
3434 4419 3653 4492 βοηθεῖν
3703 4415 3852 4486 αὐτῷ

2204 4504 2660 4598 συγχωρήσομεν·
2695 4514 2916 4571 δυνατὸν
2978 4511 3056 4581 δὲ,
3118 4511 3203 4588 ἀφ’
3233 4507 3344 4598 ,οῦ-
3364 4509 3557 4598 καιροῦ
3585 4504 3846 4598 *τιμηθῇ

445 4613 550 4668 riae
584 4612 820 4668 culmen
855 4610 1137 4667 evectus?
1165 4611 1555 4678 imbecillum,
1590 4611 1874 4682 quamdiu
1907 4619 1996 4668 est
2025 4614 2086 4669 in

2196 4584 2293 4666 καὶ.
2311 4584 2464 4664 “16v.
2497 4584 2700 4683 χρόνον
2765 4601 2935 4678 μηδὲν
2994 4584 3174 4656 αὐτὸν
3214 4594 3532 4673 ὠφελοῦντα
3583 4587 3847 4662 δείξομεν.

443 4718 695 4759 numero
728 4701 1118 4757 inferiorum:
1161 4706 1220 4756 et
1268 4706 1500 4772 tempus
1551 4701 1688 4756 huic
1744 4718 2089 4758 succurrere

435 4792 850 4862 permittemus
876 4809 889 4845 :
924 4796 1247 4863 potentem,
1283 4807 1351 4845 ex
1382 4808 1498 4861 quo
1521 4796 1786 4863 tempore
1807 4808 2092 4847 consecu-

441 4885 538 4935 tus
569 4881 857 4936 honorem
887 4882 1102 4938 fuerit:
1138 4887 1198 4937 et
1225 4882 1378 4936 nihil
1410 4883 1460 4937 ei
1488 4883 1769 4953 prodesse
1819 4883 2092 4954 praescri-

441 4967 709 5038 ptionem
742 4971 1028 5039 temporis
1058 4969 1464 5041 probabimus.
1506 4971 1712 5035 Qualia
1735 4987 1876 5025 sane
1899 4988 2088 5043 saepe-

440 5071 694 5110 numero
726 5056 990 5126 quotidie
1023 5058 1220 5112 videre
1251 5064 1339 5113 est
1368 5059 1702 5126 usuvenire,
1736 5076 1803 5114 ac
1830 5076 2037 5115 recens
2058 5076 2093 5115 a

439 5144 614 5200 nobis
635 5145 780 5200 adeo
804 5152 1174 5217 compertum
1198 5152 1305 5201 est.
1342 5149 1678 5202 Invenimus
1701 5149 1860 5203 enim
1892 5149 2093 5204 Philo-

443 5232 656 5298 calem,
689 5231 761 5286 ab
789 5233 959 5287 initio
991 5232 1245 5288 fortunae
1274 5235 1468 5288 tenuis
1490 5235 2090 5304 hominem,etunum

443 5337 514 5376 ex
542 5320 832 5388 vicaneis;
892 5327 1098 5392 postea
1143 5320 1545 5393 splendidum,
1597 5329 1654 5378 et
1697 5325 2086 5395 Opulentum:

443 5408 545 5480 qui
577 5406 862 5480 quamdiu
892 5407 1162 5479 plebeius
1195 5413 1342 5476 erat,
1367 5410 1573 5465 eadem
1596 5428 1728 5466 cum
1753 5412 1876 5468 suis
1893 5413 2094 5469 convi-

439 5499 641 5554 caneis
729 5513 914 5553 onera
992 5497 1461 5570 pensitationum
1549 5501 1904 5574 sustinebat,
1982 5518 2092 5558 nec

2199 4703 2304 4759 Οἷα
2334 4698 2608 4759 πολλάκις
2641 4697 2759 4752 καθ’
2815 4695 3043 4763 ἑκάστην
3077 4685 3214 4745 ἔστιν
3275 4683 3410 4741 ἰδεῖν
3456 4677 3845 4757 συμϐαίνοντα,

2199 4791 2288 4845 καὶ
2323 4787 2441 4863 ἄρτι
2476 4789 2602 4862 παρ’
2656 4788 2817 4859 ἡμῶν
2875 4783 3092 4858 εὐρὲοη.
3147 4777 3257 4836 Καὶ
3311 4775 3411 4850 γὰρ
3474 4771 3704 4863 εὕρομεν
3760 4768 3853 4863 τὸν

2202 4855 2548 4948 Φιλοκάλην,
2578 4877 2867 4952 γενόμενον
2905 4872 2999 4945 μὲν
3047 4868 3324 4944 καταρχὰς
3354 4869 3461 4920 τῶν
3497 4859 3736 4952 εὐτελῶν
3765 4855 3855 4913 xui

2201 4945 2602 5043 χωριτῶννὲναί
2635 4945 2855 5038 ὕστερον
2909 4957 2987 5028 δὲ,
3019 4962 3129 5012 τῶν
3183 4951 3483 5031 περιδόξων
3531 4951 3621 5004 καὶ
3678 4945 3855 5002 πλου-

2206 5037 2356 5112 σίων.
2388 5057 2488 5116 ’Ός
2517 5050 2621 5114 ἕως
2654 5053 2748 5125 μὲν
2782 5052 3000 5124 ὑπῆρχε
3028 5051 3138 5102 τῶν
3195 5043 3363 5110 κάτω,
3419 5037 3690 5096 συνετέλει
3737 5041 3854 5099 τοῖς

2203 5148 2393 5202 ἑαυτοῦ
2426 5140 2816 5219 συγχωρίταις,
2883 5138 2978 5194 καὶ
3035 5133 3191 5191 οὐδὲν
3253 5131 3448 5193 αὐτοὺς
3493 5127 3856 5199 ἐκαινοτόμει.

2204 5235 2324 5312 Ἀφ’
2355 5234 2415 5288 οὗ
2445 5214 2722 5287 δὲντνοῦτον
2781 5229 2858 5290 εὶς
2909 5227 3076 5300 τιμὴν
3130 5226 3158 5278 ὁ
3205 5223 3337 5312 Θεὸς
3376 5219 3593 5312 ἀνῆγεν⁸
3620 5214 3854 5312 [ἀνῆξεν]

2204 5300 2609 5397 ἑϐδομαδαρίου
2641 5320 2738 5390 [αἱ.
2771 5313 3156 5391 ἑϐδομαρίου],
3208 5311 3328 5397 εἶτα,
3373 5306 3717 5397 κοιτωνίτου,
3767 5300 3856 5356 καὶ

2207 5393 2353 5484 μετάί
2382 5393 2549 5464 ταῦτα
2600 5400 3130 5482 πρωτοϐεστιαρίου,
3172 5400 3236 5454 τὸ
3286 5396 3416 5453 ὅλον
3470 5393 3529 5449 ἐκ
3581 5395 3681 5484 τοῦ
3727 5409 3860 5484 κατ-

2204 5498 2396 5574 ολίγον
2431 5497 2689 5574 ἐκράτησε
2715 5494 2948 5572 χωρίον,
2979 5491 3070 5548 καὶ
3101 5487 3425 5562 προάστειον
3473 5481 3610 5537 ἴδιον
3664 5477 3855 5548 ἐποίη-

502 5701 580 5772 (8)
611 5699 787 5756 Uncis
819 5697 1054 5755 inclusa
1084 5697 1376 5755 scholium
1409 5699 1720 5770 redolent;
1753 5700 2007 5758 fortasse
2039 5701 2310 5777 superius
2343 5698 2690 5773 reponenda
2720 5701 2881 5755 sunt.
