4202 6314
387 305 497 365 621

1547 293 1932 362 NOVELLIE
1973 294 2646 364 CONSTITUTIONES

3674 307 3797 372 622

389 455 498 502 σεν,
532 430 832 502 ἐναλλάξας
890 430 980 486 καὶ
1036 431 1136 501 τήν
1170 428 1484 503 ἐπωνυμίαν
1515 434 1612 485 τοῦ
1631 429 1884 484 τοιούτου
1915 448 2042 504 χω-

2159 435 2485 506 quidquam
2517 439 2578 493 in
2612 454 2713 494 eos
2745 437 2878 494 novi
2909 437 3284 493 moliebatur.
3319 439 3534 493 Verum
3561 455 3632 494 ex
3679 457 3796 510 quo

387 525 530 598 ρίου.
559 521 711 578 Ἐπεὶ
745 517 838 576 οὖν
896 519 1072 582 οὕτως
1128 520 1370 594 ἀνήχθη,
1439 519 1530 574 καὶ
1590 518 1768 580 οὕτως
1835 517 2044 592 ἐγένετο

385 612 452 667 τὰ
478 612 599 666 κατ’
632 609 815 682 αὐτὸν,
848 607 1209 683 ἐνδεχόμενόν
1266 607 1432 674 ἐστιν,
1494 606 1578 663 ἵνα
1609 605 1856 680 δώσομεν
1884 610 2046 660 τοῦτο

387 699 638 775 [τούτῳ]
697 697 773 761 εἷς
833 699 1111 774 βοήθειαν,
1161 697 1252 753 καὶ
1308 696 1724 771 καταλείψωμεν
1785 695 1954 772 ἔχειν,
2015 697 2047 750 ἅ

387 795 565 850 κακῶς
620 786 1089 859 ἐπλεονέκτησεν;
1148 787 1247 843 οὐκ
1298 785 1408 843 ἔστι
1460 784 1690 846 δίκαιον.
1748 789 1901 842 Ὅθεν
1957 785 2046 840 καὶ

388 883 423 950 ὴ
460 877 709 954 βασιλεία
733 881 901 950 ἡμῶν
933 877 1070 932 κατὰ
1096 877 1188 933 τὸν
1225 877 1397 933 τόπον
1463 871 1832 944 διαϐαίνουσα,
1864 874 1954 930 καὶ
1983 876 2047 930 τὸ

389 973 615 1042 πρᾶγμα
644 966 902 1042 ἐγκλήσει
962 971 1071 1022 τῶν
1131 969 1377 1037 πενήτων
1440 964 1754 1041 διαγνοῦσα,
1798 965 1866 1020 τὰ
1914 963 2045 1019 τού-

391 1079 487 1113 του
543 1057 818 1130 οἰκήματα
898 1055 1180 1126 πολυτελῆ
1267 1051 1395 1111 ὄντα
1501 1056 1854 1130 κατέστρεψεν
1938 1051 2046 1115 ἕως

395 1144 649 1224 ἒδάφους,
701 1145 791 1201 καὶ
847 1149 964 1207 τοῖς
1011 1145 1206 1216 πένησι
1259 1145 1325 1200 τὰ
1410 1146 1611 1200 ἑαυτῶν
1681 1141 2044 1199 ἀποδέδωκεν·

392 1237 582 1310 ἐκείνῳ
613 1235 670 1293 δὲ
727 1235 1034 1306 κατέλιπεν,
1095 1236 1228 1312 ὅπερ
1284 1235 1526 1312 ἐξαρχῆς
1581 1237 1697 1310 εἶχε
1754 1232 2043 1307 δημόσιον,

391 1329 619 1385 καὶτῶν
656 1329 913 1402 χωριτῶν
943 1323 1039 1380 ἕνα
1095 1323 1261 1380 πάλιν
1319 1325 1479 1380 αὐτὸν
1531 1324 1701 1380 ἐποίει
1754 1322 2044 1397 [ὲποίησε].

392 1416 618 1473 Δυνατοὶ
651 1413 708 1470 δὲ
743 1412 1136 1491 λογιζέσθωσαν
1170 1417 1271 1487 (9),
1337 1415 1412 1487 μή
1475 1413 1639 1486 μόνον
1692 1414 1744 1467 οἱ
1781 1415 2046 1479 τοιοῦτοι,

391 1504 658 1562 ἀλλὰκαὶ
707 1506 936 1566 ἅπαντες
992 1504 1044 1558 οἱ
1103 1503 1542 1578 ἀναγραφόμενοι
1600 1501 1739 1556 κατὰ
1799 1502 1961 1576 μέρος
1994 1499 2044 1554 ἐν

391 1600 460 1670 τῇ
521 1593 754 1668 διατάξει
812 1597 910 1650 τοῦ
962 1593 1296 1667 προπάππου
1353 1595 1514 1666 ἡμῶν
1599 1591 1690 1647 καὶ
1755 1591 2046 1665 βασιλέως,

391 1689 680 1759 (Ρωμανοῦ
727 1687 826 1740 τοῦ
881 1680 1157 1760 γέροντος.
1191 1684 1365 1745 Οὗτος
1417 1683 1519 1758 γὰρ
1548 1681 1637 1736 καὶ
1669 1681 1865 1743 αὐτοὺς
1919 1680 2048 1739 τοὺς

2156 525 2310 580 Deus
2341 543 2476 582 eum
2508 528 2580 583 ad
2612 529 2901 584 honorem
2941 526 3414 595 hebdomadarii,
3447 527 3663 582 deinde
3693 545 3798 583 cu-

2153 612 2448 685 bicularii,
2499 623 2705 689 postea
2763 617 3199 690 protovestiarii
3252 617 3519 688 provexit
3558 633 3571 670 :
3606 621 3796 672 totum

2154 703 2441 773 paulatim
2470 707 2664 762 vicum
2704 707 2981 775 obtinuit,
3037 724 3103 762 ac
3160 706 3568 763 suburbanum
3623 723 3796 762 suum

2155 793 2434 863 reddidit,
2456 797 2633 852 etiam
2665 797 3066 868 appellatione
3095 797 3204 852 vici
3227 801 3471 852 mutata.
3506 797 3795 861 Quoniam

2157 881 2335 954 igitur
2363 884 2423 940 in
2451 885 2611 942 hunc
2642 886 2886 942 modum
2914 891 3148 942 evectus
3176 887 3308 952 fuit,
3333 886 3581 957 ejusque
3595 902 3795 941 rerum

2155 971 2252 1026 hic
2283 972 2395 1028 fuit
2424 979 2611 1030 status
2647 975 2891 1031 :ﬁerine
2917 981 3130 1048 potest,
3181 981 3249 1030 ut
3301 976 3412 1029 hoc
3459 976 3658 1047 ipsum
3707 975 3796 1028 illi

2157 1061 2469 1118 subvenire
2519 1065 2940 1131 concedamus,
2997 1070 3055 1120 et
3111 1081 3180 1120 ea
3250 1064 3662 1136 relinquamus
3719 1065 3796 1134 ei,

2157 1151 2372 1221 quibus
2405 1155 2683 1224 nequiter
2711 1155 2860 1210 alios
2889 1153 3181 1210 fraudavit
3207 1155 3235 1210 ‘I
3261 1170 3380 1208 non
3429 1171 3666 1224 aequum
3686 1155 3798 1210 hoc

2155 1239 2619 1313 fuerit.Ideoque
2648 1244 2930 1315 majestas
2963 1249 3186 1311 nostra,
3220 1259 3354 1297 cum
3387 1245 3581 1298 locum
3602 1242 3798 1314 ipsum

2158 1330 2533 1398 transiret,ac
2545 1349 2670 1388 rem
2686 1333 2757 1389 de
2771 1334 3031 1404 querelis
3053 1349 3378 1405 pauperum
3403 1332 3799 1405 cognovisset:

2157 1421 2326 1477 villas
2349 1425 2476 1494 ejus
2507 1441 2649 1480 sane
2679 1441 2858 1495 quam
2887 1425 3181 1495 pretiosas
3234 1423 3308 1478 ad
3357 1423 3553 1494 ipsum
3610 1439 3800 1493 usque

2159 1512 2351 1567 solum
2374 1513 2575 1581 diruit,
2610 1531 2678 1570 ac
2699 1514 3060 1585 pauperibus
3094 1530 3200 1568 sua
3233 1513 3492 1568 restituit
3515 1529 3527 1567 :
3553 1512 3640 1566 illi
3661 1529 3799 1567 vero

2157 1601 2401 1672 reliquit
2422 1620 2557 1659 eum
2579 1604 2831 1659 fundum
2853 1604 3184 1676 publicum,
3219 1620 3396 1675 quem
3425 1604 3594 1659 initio
3628 1603 3802 1659 habe-

2157 1691 2276 1758 bat,
2302 1696 2360 1746 et
2383 1709 2588 1748 rursus
2619 1710 2808 1749 unum
2829 1711 2898 1748 ex
2927 1693 3184 1748 vicaneis
3243 1694 3458 1750 effecit.
3509 1694 3799 1748 Caeterum

395 1774 730 1852 σχολαρίους
789 1771 1050 1836 δυνατοὺς
1108 1771 1414 1846 ὠνόμασεν.
1473 1774 1666 1846 Ἡμεῖς
1724 1769 1782 1826 δὲ
1811 1770 2044 1846 λέγομεν

2156 1784 2427 1851 potentes
2471 1782 2904 1848 existimantor,
2945 1799 3065 1837 non
3121 1782 3462 1853 hujusmodi
3516 1783 3803 1837 duntaxat

393 1867 481 1920 καὶ
529 1865 759 1926 τούτους
816 1861 1094 1932 δυνατοὺς,
1156 1862 1512 1938 προστίθεμεν
1568 1859 1624 1916 δὲ
1681 1861 1770 1915 καὶ
1827 1881 2045 1935 πρωτο-

393 1954 743 2030 κεντάρχους.
778 1953 881 2010 Καὶ
913 1951 1015 2028 γὰρ
1045 1952 1272 2014 τούτους
1333 1949 1618 2022 δυνατοὺς,
1657 1947 1765 2021 ἤδη
1795 1970 2048 2026 πραγμα-

393 2049 560 2106 τικῶς
622 2041 942 2118 διέγνωμεν.
1002 2041 1100 2096 Διά
1152 2045 1318 2096 ταῦτα
1373 2045 1665 2116 τοιγαροῦν
1726 2039 2049 2112 θεσπίζομεν

398 2131 491 2189 διὰ
536 2139 640 2202 τῆς
694 2130 976 2207 παρούσης
1040 2133 1201 2204 ἡμῶν
1261 2129 1585 2204 νομοθεσίας
1639 2130 1706 2185 τὰ
1787 2129 1894 2203 πρὸ
1949 2133 2046 2184 τοῦ

394 2224 734 2298 προπάππου
781 2223 942 2296 ἡμῶν
1002 2221 1092 2275 καὶ
1153 2219 1445 2295 βασιλέως,
1485 2220 1768 2293 Ῥωμανοῦ
1801 2223 1899 2273 τοῦ
1955 2217 2049 2293 γέ-

395 2306 990 2385 ροντος,έπικτηθεντα
1041 2315 1157 2371 τοῖς
1216 2307 1462 2370 δυνατοῖς
1519 2309 1594 2368 είς
1643 2306 1870 2383 χωρίων
1927 2328 2050 2362 κοι-

391 2401 644 2473 νότητας,
739 2397 887 2455 ἀλλὰ
967 2397 1041 2453 δι’
1103 2399 1381 2476 ὶγγράφων
1468 2395 1875 2470 δικαιωμάτων,
1957 2396 2047 2452 καὶ

395 2494 726 2546 συστατικῶν
763 2490 1075 2565 μαρτυριῶν
1133 2489 1198 2544 τὸ
1257 2483 1473 2564 βέϐαιον
1531 2481 1749 2563 ἔχοντα,
1783 2484 2046 2554 δεσπόζε-

394 2582 514 2635 σθαι
547 2581 676 2655 παρ’
705 2577 904 2646 αὐτῶν,
936 2577 1073 2632 καθὰ
1102 2577 1192 2631 καὶ
1228 2578 1280 2631 οἱ
1311 2575 1538 2638 παλαιοὶ
1590 2575 1752 2648 νόμοι
1806 2573 2045 2650 λέγουσι.

394 2669 495 2722 Διὰ
546 2671 711 2722 τοῦτο
769 2663 826 2720 δὲ
905 2666 974 2720 τὰ
1038 2662 1276 2742 ἔγγραφοι
1358 2663 1723 2737 δικαιώματα,
1807 2665 1894 2719 καὶ
1953 2664 2048 2726 τὰς

401 2755 720 2817 συστατικὰς
808 2754 1103 2831 μαρτυρίας
1185 2753 1611 2830 προκομίζεσθαι
1703 2749 2045 2829 βουλόμεθα,

405 2847 558 2906 ὅπως
588 2845 640 2899 o't
669 2843 878 2900 δυνατοί
941 2846 1016 2918 μὴ
1069 2845 1510 2920 προφασίσωνται
1559 2843 1696 2898 κατὰ
1752 2843 2047 2918 περίνοιαν,

402 2935 472 2990 τὰ
509 2936 700 2988 νεωστί
758 2933 939 2996 αὐτοῖς
999 2932 1354 3003 ὲπικτηθέντα
1404 2939 1712 3007 κρατεῖσθαι
1769 2934 1896 3006 παρ’
1947 2933 2048 2987 αὐσ-

401 3027 512 3077 τῶν
543 3022 647 3077 ἀπὸ
672 3020 928 3078 παλαιοῦ.
956 3024 1093 3080 Ἀπὸ
1145 3022 1269 3078 τότε
1328 3020 1404 3090 δὲ,
1437 3023 1528 3076 καὶ
1590 3024 1756 3097 μέχρι
1803 3025 1901 3076 τοῦ
1929 3027 2046 3092 νῦν,

394 3111 516 3181 ἥτις
545 3111 653 3166 ἐστὶ
686 3113 876 3186 πρώτη
927 3109 1023 3166 τοῦ
1073 3110 1406 3184 Ἰανουαρίου
1440 3111 1630 3181 μηνὸς,
1661 3117 1760 3179 τῆς
1819 3110 2040 3181 ἐννάτης

394 3200 758 3271 ἰνδικτιῶνος,
789 3204 888 3256 τοῦ
920 3223 944 3262 ς
976 3222 1010 3278 φ
1043 3197 1070 3254 δ
1102 3199 1276 3270 ἔτους,
1332 3198 1478 3255 ἀλλὰ
1523 3199 1613 3254 καὶ
1671 3198 1749 3262 εἰς
1804 3200 1868 3255 τὸ
1897 3197 2042 3273 ἐξῇς,

395 3291 509 3346 ἐπεὶ
590 3291 682 3346 καὶ
758 3289 1101 3366 παραγγελία
1157 3288 1426 3368 ἔγγραφος
1491 3287 1696 3364 ἐγένετο
1775 3286 1864 3344 διὰ
1941 3295 2042 3358 τῆς

397 3377 742 3452 δηλωθείσης
793 3379 1115 3452 νομοθεσίας
1173 3383 1271 3434 τοῦ
1346 3379 1680 3454 προπάππου
1736 3380 1895 3452 ἡμῶν
1953 3379 2044 3432 καὶ

399 3468 688 3544 βασιλέως,
720 3469 1008 3542 Ῥωμανοῦ
1036 3472 1134 3523 τοῦ
1161 3467 1438 3544 γέροντος,
1476 3464 1643 3540 μηδὲν
1690 3467 1753 3522 τὸ
1811 3467 2041 3522 σύνολον

397 3558 629 3634 ἰσχύειν,
685 3555 723 3628 ἤ
788 3557 1074 3621 ἀκούεσθαι
1131 3557 1232 3625 τήν
1289 3557 1862 3632 τεσσαρακονταετίαν,
1907 3558 2046 3629 μήτε

397 3645 706 3702 τοκαθόλου
767 3647 903 3701 κατὰ
930 3650 1038 3701 τῶν
1093 3646 1340 3715 πενήτων
1399 3643 1665 3720 ἐνέργειάν
1693 3665 1817 3700 τινα
1842 3643 2043 3716 ταύτην

396 3734 568 3812 ἔχειν,
600 3738 737 3792 ὅπου
776 3737 911 3811 μετὰ
968 3739 1123 3807 [τῶν]
1183 3733 1419 3790 δυνατῶν
1453 3733 1695 3810 ἔχουσιν,
1742 3732 1868 3790 ἀλλ’
1899 3735 2043 3789 ἀντι-

397 3827 718 3904 στρέφεσθαι
791 3831 909 3888 τοῖς
963 3827 1158 3895 πένησι
1216 3825 1284 3880 τὰ
1335 3821 1465 3880 ἴδια.
1522 3826 1679 3894 Μήτε
1764 3825 1869 3896 μὴν
1919 3821 2046 3885 τοὺς

398 3912 656 3978 δυνατοὺς
689 3913 1029 3979 δικαιουσθαι
1061 3913 1139 3976 εἷς
1198 3914 1258 3968 τὸ
1315 3908 1607 3968 ἀναλαϐεῖν
1662 3912 1732 3966 τὰ
1759 3913 2046 3985 τιμήματα

394 4009 502 4060 τῶν
534 4007 796 4060 τοιούτων
827 4003 1032 4075 τόπων,
1090 4004 1125 4073 ἢ
1193 4002 1288 4065 τὰς
1325 3999 1664 4077 βελτιώσεις·
1715 3998 1840 4056 ἀλλ’
1871 3999 2044 4058 ἀπόλ.

397 4093 510 4151 λειν
542 4096 720 4151 καὶτὰ
746 4097 1058 4169 τιμήματα,
1117 4094 1206 4149 καὶ
1236 4095 1334 4156 τὰς
1391 4092 1728 4168 βελτιώσεις,
1761 4089 1899 4147 διότι
1956 4086 2045 4145 καὶ

393 4185 495 4253 τήν
544 4184 840 4258 είρημένην
902 4185 1226 4258 νομοθεσίαν
1286 4178 1618 4256 παραϐάντες
1678 4180 2044 4256 εὑρίσκονται.

398 4275 494 4329 Καὶ
534 4272 746 4346 μᾶλλον
803 4273 941 4345 ἄξιοί
1000 4273 1132 4329 εἰσιν
1195 4271 1522 4335 εὐθύνεσθαι.
1587 4272 1798 4347 Γράψας
1856 4270 1960 4346 γὰρ
2020 4272 2049 4327 ὁ

397 4362 585 4440 ῥηθεὶς
614 4363 945 4440 πρόπαππος
977 4365 1138 4437 ⁹ἡμῶν
1197 4360 1287 4416 καὶ
1351 4359 1628 4437 βασιλεὺς,
1679 4361 1960 4433 Ῥωμανὸς
2020 4362 2048 4415 ὁ

393 4449 588 4528 γέρων,
647 4455 734 4508 καὶ
797 4451 986 4526 εἷ’πὼν,
1019 4451 1103 4507 ὅτι
1163 4451 1300 4507 Ἀπὸ
1356 4448 1454 4506 τοῦ
1511 4454 1602 4504 νῦν
1663 4448 1863 4504 κωλύω
1919 4448 2049 4513 τοὺς

2159 1869 2470 1925 homines:
2505 1872 2608 1926 sed
2636 1873 2914 1938 universi,
2945 1871 3046 1941 qui
3097 1871 3446 1943 singillatim
3486 1872 3798 1943 perscripti

2159 1963 2298 2012 sunt
2329 1959 2389 2013 in
2412 1961 2839 2015 constitutione
2862 1961 3062 2031 proavi
3095 1961 3284 2016 nostri
3323 1966 3382 2015 et
3401 1961 3798 2032 imperatoris,

2158 2049 2406 2103 Romani
2432 2050 2699 2120 majoris.
2736 2050 2838 2105 Hic
2871 2050 3032 2105 enim
3083 2057 3140 2104 et
3169 2049 3331 2120 ipsos
3372 2049 3671 2104 scholares
3698 2065 3804 2120 ap-

2158 2135 2399 2207 pellavit
2428 2143 2720 2208 potentes,
2751 2154 2898 2209 quos
2925 2154 3068 2194 sane
3097 2155 3207 2194 nos
3255 2155 3491 2209 quoque
3530 2142 3804 2209 potentes

2157 2224 2432 2292 dicimus,
2476 2231 2535 2282 et
2579 2228 3107 2298 protocentarchos
3167 2227 3503 2299 adjicimus.
3545 2229 3688 2282 Nam
3747 2231 3806 2282 et

2157 2313 2266 2368 bos
2292 2319 2565 2385 potentes
2597 2333 2748 2384 esse,
2774 2317 2901 2388 jam
2963 2315 3122 2371 edita
3150 2316 3513 2389 pragmatica
3540 2332 3803 2386 pronun-

2158 2403 2452 2459 tiavimus.
2486 2405 2568 2460 Ob
2611 2405 2738 2461 haec
2770 2423 2905 2479 ergo
2937 2407 3239 2461 sancimus
3270 2406 3548 2476 praesenti
3581 2405 3806 2460 consti-

2157 2493 2388 2547 tutione
2419 2499 2646 2560 nostra,
2675 2498 2742 2548 ut
2792 2511 3164 2565 quascunque
3195 2494 3620 2565 acquisiverint
3647 2494 3804 2549 bona

2157 2587 2430 2652 potentes
2463 2583 2523 2636 in
2557 2583 2978 2637 communibus
3009 2583 3376 2639 consortium
3395 2583 3800 2654 praediis,ante

2155 2686 2438 2740 proavum
2492 2677 2763 2725 nostrum
2821 2677 2878 2726 et
2961 2671 3404 2742 imperatorem,
3466 2675 3799 2728 Romanum

2157 2758 2649 2829 majorem,modo
2684 2764 2814 2814 acta
2835 2764 3109 2830 sunt,per
3139 2761 3540 2814 instrumenta
3562 2761 3798 2832 scriptis

2158 2847 3074 2919 comprehensa,probabiliaque
3109 2849 3451 2904 testimonia
3470 2849 3652 2904 robur
3681 2849 3796 2904 ha-

2156 2935 2356 3004 beant,
2377 2937 2438 2991 in
2461 2954 2665 2992 eorum
2684 2936 2946 2992 dominio
2959 2943 3260 3005 maneant,
3295 2937 3799 3008 quemadmodum

2158 3029 2218 3080 et
2243 3030 2441 3081 vetera
2462 3026 2604 3097 jura
2633 3026 3224 3097 tradunt.Propterea
3252 3027 3804 3082 veroinstrumenta

2159 3115 2402 3186 scripta,
2435 3131 2567 3171 cum
2591 3115 2998 3186 probabilibus
3022 3115 3379 3171 testimoniis
3426 3116 3676 3187 proferri
3706 3133 3805 3170 vo-

2077 3179 2120 3247 C
2159 3202 2398 3260 lumus:
2432 3221 2506 3261 ne
2533 3205 2900 3277 potentiores
2931 3204 3089 3260 vafre
3147 3210 3487 3276 causentur,
3548 3223 3618 3260 ea
3673 3222 3804 3276 quae

2157 3308 2368 3348 recens
2390 3294 2960 3366 compararunt,jam
2993 3294 3136 3349 olim
3169 3294 3241 3349 ab
3272 3311 3334 3350 se
3364 3295 3672 3366 possideri.
3694 3295 3805 3350 Ve-

2153 3404 2287 3442 rum
2308 3404 2378 3442 ex
2410 3403 2478 3440 eo
2510 3391 2777 3456 tempore
2808 3387 2869 3440 in
2919 3385 3081 3440 hunc
3112 3400 3302 3455 usque
3335 3385 3515 3451 diem,
3551 3385 3652 3455 qui
3681 3384 3803 3454 pri-

2155 3493 2286 3532 mus
2310 3481 2401 3531 est
2428 3475 2654 3530 mensis
2689 3474 2974 3542 Januarii,
3008 3473 3353 3528 indictionis
3402 3490 3596 3542 nomn,
3656 3473 3800 3528 anni

2155 3580 2502 3620 vm.1c.1m.
2545 3563 2664 3617 imo
2719 3563 2898 3618 etiam
2959 3562 3260 3632 deinceps,
3312 3561 3797 3631 quandoquidem

2152 3653 2372 3708 factum
2399 3656 2488 3706 est
2509 3649 2888 3704 interdictum
2909 3649 3128 3720 scripto
3155 3649 3491 3720 expositum
3504 3665 3610 3719 per
3630 3647 3794 3702 indi-

2155 3746 2344 3796 catam
2369 3739 2856 3794 constitutionem
2877 3738 3075 3808 proavi
3107 3737 3294 3792 nostri
3318 3742 3376 3792 et
3393 3737 3792 3808 imperatoris,

2155 3829 2405 3886 Romani
2437 3828 2703 3899 majoris,
2732 3827 2884 3881 nihil
2945 3827 3006 3881 in
3059 3825 3402 3882 universum
3441 3826 3652 3893 valeat,
3685 3841 3795 3881 nec

2155 3919 2430 3975 audiatur
2459 3933 2750 3971 annorum
2797 3916 3190 3987 quadraginta
3245 3916 3613 3987 praescriptio
3647 3931 3798 3984 ;nec

2155 4025 2397 4081 prorsus
2419 4006 2603 4060 ullam
2627 4005 2907 4061 adversus
2929 4022 3220 4076 pauperes
3252 4005 3666 4061 efﬁcacitatem
3692 4006 3799 4059 ha-

2156 4097 2420 4167 beat,ubi
2445 4095 2670 4166 prmdia
2690 4111 2826 4150 cum
2848 4095 3192 4166 potentibus
3206 4095 3516 4166 possident
3538 4111 3550 4161 ;
3571 4094 3676 4150 sed
3697 4109 3802 4148 sua

2158 4187 2518 4260 pauperibus
2551 4186 2958 4241 restituantur.
2988 4188 3102 4240 Nec
3131 4187 3273 4240 item
3306 4184 3802 4256 quidquamjuris

2157 4283 2431 4350 potentes
2445 4275 2808 4342 habeant,ad
2822 4275 3228 4346 recipiendum
3244 4274 3537 4346 ejusmodi
3552 4274 3809 4329 locorum

2158 4368 2369 4440 pretia,
2402 4365 2494 4420 vel
2545 4365 3035 4420 meliorationes:
3097 4363 3202 4418 sed
3245 4368 3362 4418 tam
3415 4363 3542 4432 ipsa
3590 4361 3801 4432 pretia,

2160 4472 2339 4528 quam
2372 4454 2821 4508 meliorationes
2835 4452 3128 4519 amittant,
3153 4456 3467 4523 propterea
3485 4448 3644 4519 quod
3658 4447 3808 4502 indi-

400 4540 667 4604 δυνατοὺς
705 4547 803 4598 τοῦ
861 4545 935 4616 μή
998 4547 1177 4598 ποιεῖν
1233 4540 1543 4611 ἐπικτήσεις
1599 4539 1675 4601 εἷς
1734 4541 2047 4611 κοινότητας

2162 4549 2352 4600 catam
2385 4542 2874 4597 constitutionem
2889 4541 3140 4596 violasse
3165 4535 3806 4608 comperiantur,adeo—

396 4633 648 4708 χωρίων
688 4629 905 4706 ἔδειξεν,
956 4626 1040 4688 ὅτι
1071 4629 1261 4687 διόλου
1313 4631 1400 4684 καὶ
1457 4628 1535 4692 εἷς
1591 4627 1883 4704 ἀπέραντον
1916 4627 2054 4684 ἐκώ-

398 4720 555 4777 λυσεν
587 4721 803 4789 αὐτοὺς,
835 4721 924 4776 καὶ
984 4721 1084 4790 τὴν
1139 4719 1682 4793 τεσσαρακονταετίαν
1726 4718 1787 4774 οὐ
1821 4716 2052 4775 δέδωκεν

401 4813 585 4877 αὐτοῖς
614 4815 690 4876 εἱς
749 4814 1027 4890 βοήθειαν.
1063 4811 1142 4869 Ού
1179 4810 1341 4886 μόνον
1376 4807 1433 4865 δὲ
1471 4809 1546 4872 είς
1574 4809 1702 4872 τοὺς
1732 4809 2054 4885 παρέμπρο-

398 4913 516 4966 σθεν
583 4903 814 4977 χρόνους
869 4905 1038 4958 ταῦτα
1105 4903 1532 4974 νομοθετοῦμεν,
1591 4896 1738 4954 ἀλλά
1787 4897 2055 4954 καὶκατὰ

397 4995 502 5045 τῶν
566 4989 865 5047 διαϐάντων
927 4991 1144 5068 χρόνων
1197 4990 1488 5064 εἰσάγομεν
1571 4989 1674 5058 τὴν
1734 4988 2052 5061 νομοθεσίαν

398 5079 620 5151 ταύτην·
671 5079 929 5152 δηλονότι
965 5081 1054 5158 ἀφ’
1085 5079 1151 5133 οὗ
1209 5080 1243 5148 ἡ
1303 5076 1593 5151 νομοθεσία
1644 5080 1742 5132 τοῦ
1799 5077 2054 5152 προπάπ-

396 5189 503 5224 που
534 5172 696 5243 ἠμῶν
729 5172 816 5225 καὶ
884 5167 1175 5244 βασιλέως,
1236 5171 1334 5224 τοῦ
1391 5166 1587 5242 κυρίου
1627 5167 1906 5239 Ῥωμανοῦ
1961 5168 2058 5220 τοῦ

395 5259 674 5335 γέροντος,
734 5256 968 5332 ἐξετέθη.
1035 5257 1101 5315 Εἰ
1159 5257 1259 5332 γὰρ
1325 5257 1399 5331 μή
1465 5254 1877 5332 διορθωσόμεθα
1915 5251 2054 5328 ἄρτι,

398 5347 496 5403 ὅσα
549 5352 827 5406 κινοῦνται
883 5348 989 5404 ἀπὸ
1044 5352 1154 5403 τῶν
1231 5345 1638 5422 παρελθόντων,
1692 5349 1810 5407 πῶς
1865 5341 2057 5419 ἔχουσι

399 5435 753 5515 φυλαχθῆναι
779 5440 848 5494 τὰ
882 5435 1159 5513 μέλλοντα
1192 5456 1206 5508 ;
1239 5437 1330 5492 καὶ
1358 5440 1478 5499 πῶς
1513 5432 1700 5491 ἔχουσι
1755 5429 2060 5511 φοϐηθῆναι

2163 4649 2278 4705 que
2304 4647 2479 4704 prima
2508 4630 2705 4701 potius
2737 4629 2898 4701 digni
2931 4629 3067 4684 sint.
3093 4629 3238 4682 Nam
3269 4642 3402 4682 cum
3423 4627 3612 4697 legem
3660 4625 3806 4681 scri-

2161 4723 2350 4795 pserit
2379 4721 2572 4776 dictus
2622 4719 2722 4774 ille
2780 4722 2984 4774 noster
3034 4733 3286 4789 proavus
3347 4721 3406 4771 et
3460 4717 3805 4787 imperator,

2160 4814 2466 4868 Romanus
2487 4808 2698 4878 major,
2734 4808 2906 4878 eique
2937 4807 3276 4874 inseruerit,
3309 4804 3591 4876 deinceps
3623 4805 3809 4859 inter-

2162 4901 2359 4956 dicere
2383 4915 2444 4953 se
2477 4896 2856 4969 potentibus;
2885 4913 2960 4950 ne
2992 4895 3135 4966 quid
3167 4895 3238 4949 de
3279 4893 3808 4950 communitatibus

2161 4991 2429 5044 vicorum
2461 4990 2809 5056 comparent
2835 5002 2846 5038 :
2877 4985 3159 5052 ostendit,
3191 4989 3258 5038 ut
3284 4985 3628 5039 universum
3659 4988 3717 5038 et
3744 4983 3808 5036 in

2164 5077 2468 5133 inﬁnitum
2503 5091 2564 5130 se
2597 5075 2708 5129 hoc
2735 5075 2858 5128 illis
2879 5074 3395 5145 prohibuisse,nec
3411 5072 3812 5144 praescriptio-

2165 5183 2303 5223 nem
2333 5181 2630 5220 annorum
2650 5163 3042 5238 quadraginta
3083 5163 3470 5230 concessisse,
3501 5179 3632 5233 qua:
3664 5161 3810 5231 ipsis

2168 5257 2767 5326 succurreret.Neque
2784 5253 3192 5310 tantummodo
3206 5270 3313 5308 nos
3325 5269 3430 5324 pro
3447 5250 3812 5322 temporibus

2170 5344 2462 5400 secuturis
2485 5344 2639 5399 hanc
2682 5343 2873 5416 legem
2894 5343 3160 5412 ferimus,
3193 5341 3578 5397 verumetiam
3609 5339 3815 5394 adver-

2169 5452 2270 5491 sus
2292 5450 2520 5505 ea,qum
2552 5435 2993 5506 praaterierunt,
3027 5431 3299 5489 eamdem
3330 5428 3763 5486 introducimus
3797 5442 3810 5480 :

465 5620 542 5691 (9)
578 5621 780 5692 Merg.,
815 5615 1159 5690 Σημείωσαι,
1190 5615 1332 5678 τίνες
1363 5613 1612 5690 λέγονται
1645 5609 1883 5670 δυνατοί.
1915 5615 2047 5670 Nota

2156 5615 2213 5668 ui
2242 5614 2502 5669 dicantur
2537 5619 2811 5683 potentes.
