4202 6314
394 455 509 517 625

1527 453 1916 515 NOVELLIE
1961 453 2664 520 CONSTITUTIONES.

3685 461 3807 524 626

395 589 491 644 Καὶ
524 587 769 662 ἐγένοντο
824 583 920 640 δύο
977 587 1071 640 καὶ
1125 589 1273 660 τρεῖς
1325 583 1654 662 καλόγηροι.
1701 587 1836 643 Εἶτα
1864 585 2050 642 τελευ-

2165 589 2268 646 diu
2294 591 2456 648 vixit.
2507 592 2671 648 Idem
2722 597 2780 648 et
2821 592 2974 648 alius
3013 591 3167 646 villae
3215 609 3526 664 possessor
3555 594 3720 659 fecit,
3753 599 3812 650 et

393 677 670 750 τησάντων
721 677 922 747 αὐτῶν,
974 677 1238 752 ἐκράτησε
1282 676 1381 744 τὴν
1437 675 1727 747 ἐκκλησίαν
1762 678 1790 732 ὁ
1823 675 1910 732 ἐπὶ
1955 681 2053 732 τοῦ

395 769 566 825 τόπου
605 768 1028 842 μητροπολίτης
1075 768 1286 843 τυχὼν,
1331 767 1366 836 ἢ
1418 766 1734 838 ἐπισκοπος,
1779 768 1870 823 καὶ
1902 765 2052 825 ἴδιον-

397 861 672 928 ποιήσατο
727 859 955 927 ταύτην,
1013 856 1102 911 καὶ
1182 855 1434 929 ὠνόμασε
1501 858 1889 932 μοναστήριον.
1946 857 2053 914 Καὶ

398 948 508 1024 [καὶ
569 948 705 1020 εἶτα]
760 946 844 1002 δτι
899 946 964 1001 τὰ
1021 947 1115 1019 μὲν
1174 949 1282 1001 τῶν
1339 946 1607 1001 τοιούτων
1670 945 2052 1020 μοναστηρίωθ

398 1037 551 1094 αὐτοὶ
581 1037 779 1092 ἐκεῖνοι
827 1039 1151 1111 κρατοῦντες
1204 1036 1256 1091 οἱ
1310 1033 1719 1111 μητροπολῖται
1766 1033 1802 1104 ἤ
1837 1034 2054 1090 ἐπίσκο-

394 1148 511 1196 ποι,
543 1127 610 1181 τὰ
643 1124 701 1180 δὲ
739 1125 875 1180 κατὰ
934 1122 1139 1199 δωρεάν
1179 1145 1289 1180 τισι
1345 1121 1610 1195 διδόντες,
1665 1123 2052 1180 πλεονεκτοῦσι

391 1217 460 1273 τὰ
491 1216 694 1291 χωρία,
722 1215 812 1270 καὶ
871 1211 1146 1284 ἀδικοῦσι,
1202 1215 1289 1269 καὶ
1349 1212 1742 1292 ἔξαλείφουσιν.
1776 1215 1924 1271 Ἐπεὶ
1959 1212 2050 1269 οὗν

392 1307 584 1364 πολλὰ
627 1310 854 1361 τοιαῦτα
898 1306 1005 1381 πρὸ
1047 1309 1145 1360 τοῦ
1193 1306 1442 1380 βήματος
1491 1307 1652 1377 ἡμῶν
1703 1303 2049 1390 ἐκινήθησαν,

389 1394 688 1469 κελεύομεν
737 1395 838 1450 ’ὀσα
879 1399 1108 1450 τοιαῦτα
1153 1392 1244 1449 καὶ
1293 1393 1435 1448 οὕτω
1483 1392 1752 1468 γενόμενα
1790 1394 2052 1469 εύκτὴρια

392 1483 757 1560 εὑρίσκονται,
805 1487 922 1545 τοῖς
968 1479 1190 1553 πὲνησιν
1239 1482 1328 1537 ἵνα
1372 1481 1742 1558 παρέχωνται·
1775 1481 1838 1537 τὸ
1869 1480 1928 1536 δὲ
1950 1483 2048 1551 τῆς

395 1571 823 1650 μητροπόλεως,
871 1569 908 1642 ἤ
956 1579 1056 1642 τῆς
1121 1570 1422 1641 ἐπισκοπῆς
1477 1569 1660 1646 μέρος,
1714 1569 1913 1636 ἐκεῖθεν
1961 1591 2050 1626 τε·

392 1662 564 1727 λείως
595 1659 955 1734 ἐκϐάλληται.
1016 1663 1077 1719 Εἰ
1139 1659 1196 1718 δὲ
1250 1661 1341 1718 καὶ
1398 1661 1715 1738 προσώποις
1745 1663 1884 1718 τισὶν
1913 1659 2048 1716 ἐδω-

392 1756 633 1831 ρήσαντο
677 1753 846 1808 ταῦτα
895 1754 948 1808 οἱ
1001 1751 1434 1829 μητροπολῖται,
1466 1753 1501 1822 ἢ
1535 1753 1587 1806 οἱ
1619 1749 1928 1822 ἐπίσκοποι,
1955 1750 2047 1807 ’ίνα

388 1844 484 1898 καὶ
541 1843 609 1898 τὰ
653 1846 878 1898 τοιαῦτα
935 1843 1201 1916 πρόσωπα
1259 1840 1456 1897 ἐκεῖθεν
1525 1838 1966 1912 ἀποδιὼκωνται,
1998 1841 2044 1896 εἰ

387 1933 484 1988 καὶ
515 1932 661 2008 τάχα
689 1931 864 1988 πολὺν
898 1927 1085 2006 ἔχουσι
1119 1929 1318 2006 χρόνον
1367 1931 1466 2000 τήν
1501 1927 1810 1985 δεσποτείαν
1842 1929 2040 1988 αὐτῶν.

386 2020 560 2081 Ούδὶν
591 2025 691 2097 γὰρ
761 2021 967 2096 ἰσχύειν
1027 2020 1103 2083 εἷς
1159 2024 1327 2076 ταῦτα
1382 2019 1474 2075 τὸν
1524 2018 1725 2094 χρόνον
1761 2018 2042 2092 ὁρίζομεν,

387 2111 520 2169 ἀλλ’
553 2114 629 2175 ὡς
681 2111 892 2188 εἷ’ρηται
937 2109 1440 2188 παρακελευόμεθα,
1469 2110 1560 2164 ’ἰνα
1600 2111 1667 2164 τὰ
1721 2110 1814 2182 μὲν
1849 2111 2045 2181 εύκτή-

387 2224 482 2280 ρια
511 2208 628 2264 τοῖς
687 2201 949 2278 χωρίταις
1006 2201 1500 2272 ἆποκαθιστῶνται,
1556 2200 1646 2254 καὶ
1704 2200 1805 2254 ὦσι
1846 2198 1936 2254 καὶ
1969 2198 2047 2263 εἷς

381 2293 452 2347 τὸ
481 2293 602 2366 ἑξῆς
635 2292 916 2366 εύκτήρια,
947 2289 1074 2347 ἀλλ’
1124 2291 1225 2345 ὑπὸ
1276 2291 1344 2344 τὰ
1389 2288 1590 2364 χωρία·
1624 2289 1714 2343 καὶ
1741 2287 2044 2364 καλόγηροι

386 2380 445 2437 ἐν
477 2381 662 2442 αὐτοῖς
697 2379 1042 2456 ὑπάρχωσιν,
1101 2377 1219 2434 ὅσοι
1277 2379 1367 2434 καὶ
1424 2380 1618 2454 πρώην
1671 2379 1946 2454 ὑπῆρχον.
1979 2379 2046 2435 Ol

389 2466 452 2526 δὲ
480 2468 910 2543 μητροπολῖται,
961 2468 997 2537 ἢ
1057 2467 1366 2539 ἐπισκοποι,
1429 2463 1600 2540 μόνην
1642 2468 1739 2536 τήν
1773 2466 2044 2542 ἀναφορὰν

392 2560 446 2615 ἐν
470 2559 678 2630 αὐτοῖς,
711 2559 802 2612 καὶ
832 2558 930 2628 τὴν
965 2555 1252 2634 σφραγῖδα,
1309 2556 1398 2611 καὶ
1453 2557 1552 2626 τήν
1616 2553 1906 2630 διόρθωσιν
1934 2559 2045 2610 τῶν

398 2647 528 2710 ἴσως
585 2649 892 2722 γινομένων
953 2645 1284 2725 σφαλμάτων
1351 2647 1497 2722 παρὰ
1550 2649 1658 2700 τῶν
1715 2644 2044 2722 καλογήρων

397 2736 588 2814 ἔχωσι·
616 2737 707 2792 καὶ
743 2739 882 2811 μήτε
924 2739 1233 2808 συνήθειαν,
1287 2738 1425 2810 μήτε
1453 2756 1506 2790 τι
1537 2735 1783 2790 ὁπωσοῦν
1816 2732 1957 2790 ἄλλο
1989 2733 2048 2789 ἐκ

399 2827 602 2882 τούτων
636 2822 1014 2900 λαμϐάνωσιν,
1059 2827 1133 2888 ὡς
1182 2823 1338 2896 δῆθεν
1374 2826 1480 2879 απὸ
1515 2824 1904 2898 μοναστηρίου.
1934 2825 2050 2880 Ἵνα

403 2916 461 2973 δὲ
516 2917 910 2992 ἀναγκάζωνται
958 2919 1027 2973 τὰ
1076 2923 1310 2973 τοιαῦτα.
1374 2916 1556 2992 χωρία
1610 2911 1755 2990 ἔχειν
1817 2915 1867 2969 ἐν
1925 2918 2047 2976 τοῖς

403 3005 724 3079 δηλωθεῖσιν
780 3008 1085 3084 εὐκτηρίοις
1146 3007 1513 3082 καλογήρους,
1570 3005 1687 3062 ὅσοι
1730 3003 2048 3079 καὶπρότε-

399 3117 496 3173 ρον
526 3097 578 3152 iv
632 3095 815 3162 αὐτοῖς
861 3097 1021 3167 ἦσαν.
1081 3095 1146 3154 Ei
1209 3094 1268 3152 δὲ
1332 3095 1410 3160 εἴς
1464 3117 1586 3152 τινα
1612 3100 1718 3151 τῶν
1752 3095 1926 3151 αὐτῶν
1962 3093 2048 3150 £6-

393 3190 633 3265 κτηρίων
686 3187 951 3261 σολέμνια
998 3189 1146 3264 παρᾶ
1197 3187 1466 3265 βασιλέως
1513 3189 1547 3258 ἢ
1602 3184 1876 3265 φωταψίαι
1909 3187 2047 3260 [φω-

395 3279 608 3353 θαψίαι]
664 3279 974 3353 γεγόνασιν,
1029 3276 1218 3354 ἔχουσι
1278 3276 1335 3334 δὲ
1384 3279 1451 3333 τὰ
1505 3281 1730 3333 τοιαῦτα
1788 3276 2048 3350 εύκτήρια

391 3367 481 3422 καὶ
511 3368 844 3440 καθίσματα,
889 3367 937 3422 εἴ
981 3364 1127 3442 τάχα
1170 3367 1260 3422 καὶ
1316 3363 1524 3422 δίκαιον
1557 3368 1660 3423 οὐκ
1709 3361 1876 3438 ἔστιν,
1917 3362 2045 3421 ἀλλ’
2085 3354 2128 3423 Β

393 3455 484 3512 οῦν
568 3456 685 3512 ἐπεὶ
763 3457 1021 3531 προνοίας
1095 3454 1384 3532 βασιλικῆς
1447 3454 1674 3534 ἔφθασαν
1733 3455 2051 3528 ἀξιωθῆναι,

396 3545 486 3603 ἵνα
519 3545 818 3620 διαμένωσι
847 3548 939 3603 καὶ
987 3547 1065 3610 εἷς
1112 3548 1174 3602 τὸ
1223 3547 1365 3620 ἑξῆς,
1414 3545 1520 3603 εἴτε
1553 3547 1658 3603 ὑπὸ
1693 3547 2048 3623 μητροπολι-

394 3635 665 3706 τῶν,ε’ἓτε
720 3637 822 3692 ὑπὸ
882 3635 1218 3711 ἐπισκόπων,
1281 3638 1364 3693 ὑφ’
1422 3638 1496 3692 ὧν
1563 3637 1673 3715 [ὑφ’
1717 3635 1809 3712 ἤν]
1839 3638 1928 3693 καὶ
1959 3644 2047 3693 νῦν

395 3727 558 3796 εἰσὶ-ι,
591 3723 790 3802 ἔχοντα
845 3726 935 3782 καὶ
995 3725 1160 3782 πάλιν
1219 3726 1289 3783 τὰ
1344 3726 1478 3782 αὐτὰ
1532 3725 1862 3801 καθίσματα,
1901 3727 2048 3796 πλὴν

383 3815 476 3871 ἵνα
539 3817 614 3888 μὴ
673 3816 1144 3892 παραπέμπωνται
1218 3815 1295 3880 εἷς
1369 3813 1526 3892 ἕτερα
1598 3815 1887 3892 πρόσωπα.
1956 3817 2053 3872 Διὰ

387 3911 554 3962 τοῦτο
585 3905 688 3982 γὰρ
720 3909 754 3976 ἡ
792 3905 1042 3981 βασιλεία
1087 3909 1248 3980 ἡμῶν
1291 3905 1415 3962 οὐδὲ
1464 3910 1804 3983 μοναστήρια
1849 3909 2053 3982 ὀνομά-

392 4000 468 4066 ζει
533 3995 687 4066 αύτὰ,
749 3994 873 4050 ἀλλ’
924 3996 1182 4071 εὐκτήρια
1237 4000 1334 4051 τοῦ
1405 3997 1636 4073 χωρίου,
1697 3995 1900 4072 ἔχοντα
1955 3999 2049 4070 (ὡς

391 4082 634 4160 εἴρηται)
688 4085 778 4139 καὶ
835 4083 1201 4162 καλογήρους.
1261 4087 1402 4143 "Oa:
1458 4083 1515 4141 δὲ
1565 4084 1729 4142 πάλιν
1783 4086 1888 4142 ἀπὸ
1933 4107 2053 4163 χω-

393 4173 530 4247 ρίων
585 4173 675 4227 καὶ
728 4173 983 4229 τοιούτου
1039 4175 1244 4250 τρόπου
1305 4174 1627 4246 συνέστησαν
1688 4177 2052 4249 μοναστήρια,

389 4260 620 4340 ἔφθαζον
657 4259 713 4317 δὲ
742 4261 947 4318 πολλοὶ
1001 4266 1108 4318 τῶν
1168 4261 1583 4335 πλησιαζόντων
1617 4265 1668 4320 ἐν
1703 4264 1884 4328 αὐτοῖς
1917 4267 2053 4320 ἀπο-

386 4358 645 4428 καρῆναι,
724 4353 998 4430 ἀφώρισαν
1079 4374 1136 4408 τε
1212 4354 1299 4408 καὶ
1358 4353 1452 4415 τὰς
1513 4351 1651 4416 ἱδίας
1734 4353 2056 4433 ὀποστιιὶσεις

387 4439 524 4512 ἐκεῖ,
557 4440 645 4495 καὶ
705 4443 956 4517 γεγόνασι
1021 4442 1155 4516 μετᾶ
1209 4446 1376 4498 ταῦτα
1435 4443 1670 4520 μεγάλα,
1714 4444 1804 4498 καὶ
1837 4444 1968 4500 εἰσὶν
2003 4444 2056 4500 ἐν

389 4530 582 4592 αὐτοῖς
613 4529 712 4584 ἆνᾶ
773 4532 844 4602 η’,
902 4530 938 4600 ἢ
1001 4538 1050 4602 ι’,
1107 4531 1143 4600 ἢ
1202 4530 1445 4587 ἐπέκεινα
1501 4531 1832 4609 καλόγηροι,
1879 4533 1927 4589 εἲ
1963 4528 2053 4589 καὶ

383 4621 536 4696 τάχα
585 4616 790 4676 δίκαιον
849 4622 951 4677 οὐκ
1010 4617 1171 4693 ἔστιν,
1238 4621 1365 4678 ἀλλ’
1425 4623 1518 4678 οὗν
1577 4621 2054 4698 εύδοκοῦμεν,ἳνα

2162 696 2400 737 rursum
2432 682 2585 738 alius
2617 682 2910 749 similiter,
2959 682 3043 736 ita
3076 682 3340 752 quidem,
3373 688 3441 737 ut
3469 682 3586 738 duo
3621 688 3806 738 tresve

2163 771 2420 843 calogeri
2447 773 2678 828 flerent.
2704 773 2852 827 Hinc
2874 771 3169 826 defunctis
3191 771 3610 841 istis,obtinuit
3637 772 3803 828 illam

2163 860 2476 916 ecclesiam
2507 861 2621 917 loci
2649 861 2800 917 forte
2832 859 3229 932 metropolita,
3255 861 3344 916 vel
3379 863 3714 933 episcopus,
3748 867 3807 917 et

2163 950 2253 1004 sui
2295 951 2452 1022 juris
2482 967 2612 1007 eam
2665 951 2823 1018 fecit,
2881 967 2948 1005 ac
3000 951 3428 1006 monasterium
3458 951 3805 1006 nominavit.

2159 1037 2301 1094 Inde
2318 1040 2521 1096 talium
2536 1042 2816 1114 pleraque
2829 1039 3308 1097 .nonasteriorum
3323 1041 3409 1096 illi
3427 1041 3541 1113 ipsi
3553 1041 3812 1096 retinen-

2161 1134 2249 1185 tes
2282 1132 2696 1202 metropolitm,
2739 1134 2829 1187 vel
2861 1132 3142 1203 episcopi,
3192 1131 3475 1202 pleraque
3505 1148 3641 1187 vero
3672 1131 3808 1202 qui-

2160 1218 2412 1276 busdam
2450 1238 2557 1292 per
2608 1221 2991 1278 donationem
3049 1220 3445 1276 concedentes
3485 1220 3808 1276 fundorum

2159 1311 2449 1381 majorem
2480 1317 2710 1382 partem
2735 1329 2840 1383 pro
2863 1327 2926 1366 se
2941 1311 3276 1382 rapiunt,et
3296 1310 3534 1382 injuriis
3563 1315 3811 1383 gravant

2160 1405 2218 1455 et
2245 1400 2506 1456 abolent.
2540 1402 2830 1466 Quoniam
2853 1401 3032 1473 igitur
3062 1401 3370 1472 complura
3401 1401 3542 1456 talia
3571 1417 3677 1472 pro
3701 1399 3804 1454 tri-

2157 1489 2363 1545 bunali
2395 1496 2596 1546 nostro
2624 1495 2785 1546 mota
2808 1495 2966 1556 sunt,
3000 1490 3389 1557 mandamus;
3416 1495 3484 1546 ut
3512 1505 3802 1562 quacun-

2159 1595 2274 1650 que
2305 1580 2466 1649 talia,
2489 1581 2711 1652 talique
2736 1579 2911 1635 modo
2933 1579 3087 1635 facta
3117 1581 3490 1651 repetiuntur
3519 1580 3798 1648 oratoria,

2155 1670 2516 1740 pauperibus
2573 1670 3003 1736 restituantur;
3035 1673 3222 1740 utque
3252 1669 3651 1740 metropoleos
3700 1674 3803 1725 aut

2156 1760 2529 1831 episcopatus
2575 1775 2712 1831 pars
2752 1759 2891 1814 inde
2940 1759 3182 1831 penitur
3221 1758 3514 1830 ejiciatur.
3537 1758 3701 1823 Quod
3752 1758 3801 1813 si

2153 1849 2331 1904 etiam
2349 1849 2855 1920 metropolitmﬁel
2873 1849 3434 1920 episcopi,personis
3447 1847 3802 1918 quibusdam

2074 1978 2120 2042 Β
2151 1939 2276 1994 δίει)
2291 1939 2616 2008 donarunt;
2634 1936 3283 2011 expellanturindidem
3306 1942 3362 1992 et
3385 1936 3499 1992 illae
3513 1954 3802 2008 personae,

2159 2031 2393 2085 tametsi
2441 2030 2615 2103 longo
2645 2034 2909 2101 tempore
2940 2028 3189 2084 forsitan
3224 2043 3429 2083 eorum
3472 2027 3803 2082 dominium

2157 2119 2434 2175 habeant.
2460 2121 2603 2174 Nam
2626 2119 2687 2173 in
2710 2119 2803 2173 his
2826 2119 3338 2189 praiscriptionem
3365 2118 3648 2188 temporis
3674 2117 3806 2172 nul-

2156 2208 2284 2264 lum
2304 2208 2523 2264 habere
2545 2209 2728 2263 robur
2751 2208 3091 2275 statuimus,
3115 2207 3217 2262 sed
3241 2207 3641 2278 praacipimus,
3658 2222 3808 2276 quo-

2156 2298 2544 2354 madmodum
2578 2297 2802 2353 dictum
2829 2301 2938 2366 est,
2969 2302 3035 2351 ut
3080 2295 3640 2352 oratoriavillarum
3671 2312 3808 2367 pos-

2158 2388 2490 2445 sessoribus
2521 2388 2931 2453 restituantur,
2964 2391 3141 2456 atque
3173 2385 3352 2440 etiam
3401 2384 3463 2440 in
3495 2389 3800 2455 posterum

2158 2479 2279 2535 sint
2308 2478 2586 2543 oratoria,
2642 2493 2844 2532 verum
2901 2475 3140 2548 praediis
3196 2475 3436 2530 rusticis
3492 2474 3804 2545 subjecta;

2158 2568 2395 2639 sintque
2421 2567 2483 2621 in
2515 2567 2600 2621 eis
2632 2566 2885 2638 calogeri
2919 2565 3184 2632 totidem,
3245 2568 3389 2635 quot
3428 2563 3605 2618 etiam
3636 2564 3802 2634 prius

2159 2661 2348 2713 erant.
2373 2659 2446 2710 At
2466 2655 2879 2727 metropolitae,
2902 2655 2993 2709 vel
3024 2654 3309 2725 episcOpi,
3342 2652 3530 2709 solam
3553 2651 3802 2708 oblatio-

2160 2763 2300 2802 nem
2330 2746 2392 2800 in
2424 2745 2530 2812 eis,
2565 2750 2624 2800 et
2656 2743 3048 2816 signaculum,
3082 2749 3141 2797 et
3179 2741 3608 2798 correctionem
3641 2757 3801 2798 erra-

2159 2840 2377 2902 torum,
2411 2851 2542 2905 quae
2574 2851 2609 2889 a
2661 2833 2947 2904 calogeris
2977 2832 3126 2887 forte
3183 2831 3660 2896 committuntur,
3694 2831 3805 2886 ha-

2159 2925 2382 2980 beant:
2415 2939 2482 2978 ac
2539 2939 2736 2994 neque
2767 2920 3283 2988 consuetudinem,
3343 2935 3540 2990 neque
3573 2920 3806 2990 quidvis

2160 3013 2323 3071 aliud
2342 3012 2632 3085 ejusmodi
2659 3029 2729 3068 ex
2756 3012 2840 3066 eis
2861 3009 3176 3082 accipiant,
3201 3009 3360 3064 velut
3375 3009 3806 3064 amonasterio.

2160 3106 2455 3177 Cogantur
2484 3107 2683 3158 autem
2741 3101 2893 3156 villm
2924 3099 3073 3155 tales
3125 3101 3187 3155 in
3220 3097 3493 3154 oratoriis
3531 3097 3809 3154 indicatis

2159 3193 2379 3250 habere
2429 3195 2518 3246 tot
2564 3191 2888 3264 calogeros,
2923 3194 3068 3261 quot
3095 3190 3260 3262 prius
3291 3188 3353 3242 in
3383 3188 3470 3242 eis
3529 3191 3716 3244 erant.
3749 3188 3807 3242 Si

2155 3299 2291 3337 vero
2324 3282 2384 3336 in
2417 3281 2616 3352 aliquo
2649 3297 2719 3335 ex
2749 3280 2843 3335 his
2872 3279 3144 3334 oratoriis
3176 3278 3248 3334 ab
3298 3277 3656 3348 imperatore
3713 3276 3804 3332 vel

2157 3371 2473 3435 solemnia,
2503 3369 2593 3424 vel
2619 3370 3002 3425 accensiones
3041 3367 3338 3422 luminum
3367 3366 3535 3422 factm
3565 3365 3703 3432 sint,
3747 3371 3806 3421 et

2158 3462 2454 3517 sessiones
2488 3460 2665 3515 etiam
2696 3459 2954 3514 habeant
2982 3456 3326 3528 hujusmodi
3347 3456 3606 3511 oratoria
3627 3473 3642 3520 ;
3667 3455 3805 3510 licet

2157 3551 2269 3606 hoc
2291 3550 2560 3604 fortassis
2575 3549 2712 3620 jure
2745 3565 2867 3604 non
2887 3549 3011 3615 fiat,
3041 3551 3239 3602 tamen
3270 3549 3605 3616 propterea,
3639 3545 3796 3615 quod

2151 3641 2280 3714 jam
2327 3644 2462 3695 ante
2493 3639 2892 3710 provisionem
2939 3636 3307 3709 augustalem
3357 3635 3705 3703 meruerint,
3740 3635 3801 3688 in

2158 3735 2464 3803 posterum
2483 3745 2718 3800 quoque
2734 3725 3270 3798 permaneant,sive
3288 3724 3395 3779 sub
3412 3723 3807 3794 metropolitis

2161 3837 2265 3878 seu
2297 3819 2611 3893 episcopis,
2646 3819 2753 3874 sub
2785 3817 3000 3889 quibus
3036 3822 3094 3871 et
3123 3815 3298 3870 modo
3331 3819 3488 3882 sunt,
3536 3815 3804 3870 easdem-

2160 3929 2274 3983 que
2306 3910 2477 3966 sedes
2507 3925 2714 3964 rursus
2739 3907 3019 3977 habeant,
3043 3923 3108 3961 eo
3140 3905 3425 3960 nimirum
3457 3910 3806 3976 excepto,ne

2161 4000 2234 4057 ad
2265 4000 2412 4055 alias
2443 4013 2727 4070 personas
2768 3996 3267 4052 transmittantur.
3320 3996 3464 4049 Nam
3495 3999 3810 4065 propterea

2161 4091 2441 4162 majestas
2467 4092 2671 4144 nostra
2701 4104 2774 4142 ne
2825 4086 3188 4141 monasteria
3237 4084 3477 4156 quidem
3524 4101 3594 4139 ea
3621 4089 3807 4149 vocat,

2161 4180 2265 4236 sed
2297 4179 2450 4235 ruris
2501 4177 2791 4245 oratoria;
2824 4176 3128 4248 calogeros
3185 4175 3386 4242 etiam,
3418 4190 3525 4228 ceu
3558 4173 3806 4242 dictum,

2161 4269 2459 4326 habentia.
2506 4269 2905 4338 Quaecumque
2938 4281 3072 4321 vero
3130 4281 3369 4319 rursum
3428 4281 3497 4318 ex
3525 4263 3704 4332 villis,
3751 4269 3810 4318 et

2159 4359 2424 4416 indicato
2447 4357 2622 4414 modo
2646 4357 2801 4412 facta
2821 4361 2960 4411 sunt
2979 4353 3362 4419 monasteria,
3388 4354 3436 4408 si
3469 4353 3807 4424 complures

2162 4468 2232 4507 ex
2253 4447 2598 4519 vicinisjam
2614 4453 2748 4502 ante
2766 4445 3079 4517 contigerit
3095 4444 3155 4498 in
3174 4443 3258 4499 eis
3272 4441 3525 4507 tonderi,
3553 4457 3808 4511 quorum

2161 4539 2537 4613 patrimoniis
2569 4537 2690 4592 illic
2707 4534 3092 4602 consecratis,
3115 4548 3328 4603 magna
3357 4531 3638 4600 deinceps
3655 4530 3811 4584 facta

2163 4632 2304 4698 sint,
2329 4634 2395 4683 ut
2424 4629 2485 4683 in
2510 4626 2759 4699 singulis
2790 4623 2865 4680 ad
2895 4627 3050 4692 octo,
3080 4621 3172 4676 vel
3200 4620 3427 4683 decem,
3460 4617 3550 4672 vel
3603 4617 3806 4688 plures

387 4709 485 4764 ὦσι
553 4713 719 4764 ταῦτα
779 4710 883 4765 ὑπὸ
939 4709 1069 4775 τοὺς
1123 4710 1542 4788 μητροπολίτας
1599 4713 1688 4767 καὶ
1745 4712 1872 4775 τοὺς
1931 4712 2048 4768 ἐπι-

2162 4718 2416 4787 calogeri
2449 4716 2695 4788 degant:
2748 4718 2806 4768 et
2837 4713 2885 4768 si
2915 4709 3182 4766 fortassis
3215 4708 3326 4763 hoc
3359 4707 3496 4778 jure
3527 4722 3648 4761 non
3678 4707 3803 4772 ﬁat,

386 4801 653 4873 σκόπους,
683 4801 770 4855 καὶ
829 4799 919 4856 ἳνα
980 4798 1156 4874 μηδὲν
1216 4803 1267 4856 οἱ
1323 4805 1568 4858 τοιοῦτοι
1614 4799 2051 4890 διακωλύωνται,

382 4889 444 4944 τὸ
477 4886 770 4965 δωρεῖσθαι
817 4890 908 4945 καὶ
943 4889 1324 4965 παραπέμπειν
1383 4891 1540 4963 αύτᾶξ
1561 4889 1699 4946 ὅπου
1736 4886 2050 4968 βούλονται,

388 4979 545 5047 Πλὴν
579 4978 688 5053 ε’ἰγε
717 4984 1010 5056 προεῖχον,
1043 4978 1190 5035 ἀλλὰ
1255 4979 1344 5036 καὶ
1395 4979 1484 5036 νῦν
1519 4979 1708 5056 ἔχουσι
1737 4981 1803 5036 τὰ
1835 4984 2055 5041 τοιαῦτα

387 5066 639 5122 ἐπέκεινα
692 5072 803 5125 τῶν
863 5076 933 5141 η’,
993 5071 1027 5140 ἢ
1091 5077 1119 5124 ι’
1171 5069 1524 5147 καλογιςρων,
1558 5070 1648 5125 καὶ
1680 5069 1932 5145 ἰσχύουσι
1965 5067 2054 5126 διὰ

384 5163 485 5227 τῆς
545 5157 827 5234 εὐπορίας,
879 5163 946 5230 ἧς
1001 5155 1214 5236 ἔχουσι,
1270 5161 1498 5224 τούτους
1550 5159 1801 5218 διοικεῖν.
1850 5161 1927 5220 Ού
1950 5162 2051 5238 γὰρ

387 5243 640 5303 δύνανται
741 5247 860 5312 νέας
963 5250 1275 5323 ἐπικτήσεις
1365 5254 1659 5323 ποιεῖσθαι,
1743 5251 2053 5308 κωλυθέντα

387 5337 655 5413 πρότερον
718 5339 812 5412 μὶν
873 5341 1020 5414 παρά
1067 5345 1164 5395 τοῦ
1211 5341 1544 5417 προπάππου
1594 5343 1754 5415 ἡμῶν
1813 5342 1901 5395 καὶ
1955 5343 2050 5416 βα·

390 5423 592 5489 σιλὲως
651 5429 933 5502 Ῥωμανοῦ
989 5435 1084 5485 τοῦ
1137 5432 1412 5508 γέροντος.
1473 5435 1580 5486 Νῦν
1641 5428 1718 5499 δὲ,
1776 5430 1921 5503 παρὰ
1951 5437 2050 5500 τῆς

395 5513 685 5588 βασιλείας
743 5519 928 5590 ἡμῶν.
988 5517 1126 5577 Ἀπὸ
1182 5520 1283 5595 γὰρ
1339 5525 1439 5588 τῆς
1497 5517 1778 5594 παρούσης
1818 5520 2049 5590 νομοθε-

394 5623 517 5666 σιας
565 5605 655 5659 καὶ
705 5603 965 5670 πλείονας
1016 5606 1103 5662 ἐὰν
1155 5607 1484 5685 ἀφορίσωσιν
1537 5607 1611 5670 εἰς
1641 5605 1769 5669 τοὺς
1800 5606 2048 5682 καλογή-

397 5712 547 5765 ρους,
589 5691 643 5747 εἶ’
684 5715 744 5749 τε
802 5694 1244 5771 μητροπολίτης,
1304 5696 1349 5751 εἲ
1403 5716 1462 5750 τε
1520 5695 1840 5766 ὲπισκοπος,
1873 5693 2050 5752 διὰτὸ

324 5777 336 5788 ’
396 5782 500 5850 τῆν
537 5781 813 5855 βασιλείαν
869 5788 1029 5860 ἡμῶν
1089 5784 1206 5862 ἄρτι
1265 5783 1626 5862 διορίσασθαι,
1652 5785 1744 5842 ’ίνα
1783 5785 1883 5842 ὦσι
1919 5807 2048 5861 μον-

2162 4809 2356 4881 placet
2386 4811 2585 4861 tamen
2643 4802 2838 4870 nobis,
2870 4804 2935 4855 ut
2991 4798 3095 4853 illa
3125 4797 3234 4852 sub
3293 4795 3690 4868 metropolitis
3749 4799 3807 4850 et

2163 4895 2456 4969 episcopis
2487 4893 2626 4956 sint,
2657 4897 2715 4947 et
2742 4895 2809 4944 ut
2839 4889 2897 4943 hi
2931 4901 3307 4958 nequaquam
3356 4885 3807 4957 prohibeantur,

2162 5004 2278 5058 quo
2311 4984 2509 5040 minus
2533 4987 2591 5037 et
2619 4980 2863 5046 donent,
2895 4983 2954 5033 et
2983 4976 3394 5032 transmittant
3422 4992 3510 5042 ea,
3544 4991 3808 5046 quocun-

2162 5092 2277 5148 que
2307 5073 2548 5129 volunt:
2582 5069 2755 5126 modo
2807 5073 3008 5124 tamen
3065 5071 3124 5120 et
3156 5065 3322 5137 prius
3381 5064 3721 5130 habuerint,
3753 5068 3813 5118 et

2161 5180 2320 5219 nunc
2353 5161 2544 5217 adhuc
2573 5159 2830 5214 habeant
2860 5156 3018 5211 ultra
3046 5171 3162 5223 vm,
3194 5153 3285 5210 vel
3329 5172 3364 5208 χ
3396 5153 3719 5226 calogeros,
3752 5157 3812 5208 et

2159 5257 2393 5309 tantum
2425 5250 2659 5305 valeant
2701 5248 2762 5301 in
2820 5245 3013 5311 bonis,
3071 5261 3202 5315 quae
3263 5243 3590 5314 possident,
3621 5246 3688 5296 ut
3715 5240 3808 5296 his

2160 5341 2390 5399 alendis
2415 5339 2732 5396 sufﬁciant.
2748 5336 2973 5407 Quippe
2989 5349 3167 5388 novas
3182 5333 3487 5403 acquirere
3503 5335 3811 5402 nequeunt

2160 5432 2591 5507 possessiones,
2623 5429 2682 5484 id
2708 5429 2901 5484 facere
2952 5425 3253 5498 prohibita
3281 5424 3446 5495 prius
3504 5423 3744 5494 quidem
3775 5437 3809 5475 a

2158 5539 2380 5595 proavo
2398 5519 3058 5588 nostro,etimperatore
3077 5517 3340 5568 Romano
3360 5513 3615 5577 seniore,
3648 5525 3809 5565 nunc

2161 5616 2360 5668 autem
2383 5627 2417 5666 a
2440 5609 2748 5680 majestate
2767 5610 2988 5661 nostra.
3017 5605 3161 5658 Nam
3184 5605 3318 5673 post
3338 5601 3527 5672 legem
3543 5612 3806 5670 praesen-

2159 5704 2303 5768 tem,
2335 5699 2570 5755 etiamsi
2590 5697 2793 5769 plures
2815 5695 2970 5749 inter
2993 5692 3295 5763 calogeros
3318 5689 3671 5744 consecrent
3687 5683 3807 5738 sive

2161 5788 2542 5864 metropolita.
2571 5785 2889 5858 quispiam,
2943 5797 3047 5838 seu
3100 5779 3432 5851 episcopus,
3491 5777 3808 5846 propterea
