4202 6314
383 437 502 497 627

1673 421 1844 482 IMP.
1890 415 2174 479 BASlLlI
2215 415 2576 478 JUNIORIS

3681 411 3800 470 628

390 568 549 642 quod
573 567 852 640 majestas
875 567 1082 620 nostra
1105 558 1278 615 modo
1304 555 1599 624 statuerit,
1628 560 1695 610 ut
1733 556 2031 610 monaste-

2150 568 2401 642 αστήρια,
2435 565 2502 622 τὰ
2531 564 2777 621 ἐπέκεινα
2838 564 2912 636 η’,
2968 566 3002 634 ἢ
3066 563 3095 616 i‘
3145 561 3476 636 καλογήρων
3511 558 3728 637 ἔχοντα,
3759 582 3806 617 ει

391 663 482 716 ria
513 659 650 725 sint,
687 673 818 726 quae
851 655 1008 708 ultra
1035 668 1125 705 VIII
1175 647 1265 702 vel
1291 665 1326 702 x
1357 646 1659 718 calogeros
1708 645 1952 712 habent,
1989 643 2038 698 si

393 751 548 806 forte
571 745 964 801 sufﬁcientem
987 755 1222 812 quoque
1246 741 1332 791 tot
1353 735 1659 790 monachis
1675 741 1892 790 terram
1904 750 2040 806 pos-

400 839 655 903 sideant,
687 851 806 888 non
862 830 1231 886 admittimus
1263 841 1368 880 ea:
1403 825 1505 880 sed
1537 830 1881 896 reputamus
1912 829 2040 878 tan-

400 943 580 1000 quam
612 922 887 990 oratoria,
922 936 1053 990 quaa
1076 919 1137 972 in
1168 915 1482 972 consortiis
1511 913 1870 986 prandiorum
1897 929 2040 967 con-

398 1019 729 1078 struuntur,
755 1012 909 1066 sicut
929 1014 987 1064 et
1003 1006 1406 1079 praediximus,
1425 1020 1782 1074 rursumque
1800 1003 2040 1076 prmdiis

398 1121 467 1160 ea
488 1101 857 1173 subjicimus.
885 1095 1238 1152 Monasteria
1258 1111 1392 1149 vero
1415 1110 1522 1165 per
1543 1111 1603 1148 se
1628 1093 2034 1160 consistentia,

396 1198 454 1248 et
473 1193 600 1263 jam
633 1189 776 1245 olim
805 1204 1043 1260 magna,
1084 1185 1226 1240 licet
1254 1182 1429 1238 modo
1485 1182 1786 1254 calogeros
1817 1181 2036 1236 multos

393 1298 515 1337 non
545 1280 820 1345 habeant,
855 1275 958 1332 sed
988 1277 1136 1330 forte
1161 1290 1268 1345 per
1298 1271 1718 1343 negligentiam
1751 1275 2040 1342 metropo-

391 1369 536 1440 litaa,
566 1369 658 1425 vel
685 1367 968 1440 episc0pi,
1003 1366 1131 1420 sine
1189 1362 1478 1434 calogeris
1508 1362 1664 1428 sint;
1699 1361 2034 1429 statuimus,

392 1465 460 1516 ut
482 1472 720 1515 rursum
752 1453 1178 1527 metrepolibus
1211 1456 1269 1507 et
1296 1449 1735 1523 episc0patibus
1780 1449 2035 1516 subsint,

389 1555 573 1622 utque
597 1549 824 1605 donent
845 1562 913 1601 ac
943 1543 1352 1599 transmittant
1368 1557 1458 1608 ea,
1482 1545 1599 1595 tam
1618 1539 2035 1610 metropolitaa,

391 1656 572 1712 quam
606 1636 867 1710 episcopi
925 1647 1282 1706 quocunque
1339 1630 1474 1701 ipsi,
1525 1633 1584 1684 et
1641 1645 2037 1700 quancunque

392 1729 616 1784 volunt.

463 1821 517 1874 4.
576 1817 650 1872 De
710 1813 952 1870 tollenda
999 1810 1420 1882 praescﬁptione
1471 1808 1730 1878 temporis
1781 1807 2036 1862 adversus

386 1913 595 1978 ﬁscum.
626 1935 697 1946 -—
747 1906 968 1958 Praeter
999 1901 1125 1955 haec
1180 1898 1503 1963 sancimus,
1559 1913 1634 1952 ne
1693 1901 1926 1966 tempus
1959 1894 2036 1949 sit

386 1995 630 2068 aliquod
650 1994 930 2050 adversus
955 1991 1185 2057 ﬁscum,
1213 1987 1443 2059 quojus
1474 1985 1604 2057 ejus
1632 1984 1862 2040 excludi
1893 2001 2018 2055 pos-

385 2085 626 2141 sitzsed
649 2089 714 2138 ut
740 2083 917 2138 ﬁscus
968 2079 1266 2134 indicatus
1307 2078 1409 2147 jus
1457 2091 1632 2131 suum
1665 2073 1737 2130 ab
1768 2076 2028 2147 Augusto

381 2177 609 2231 Caesare
629 2176 878 2244 repetat,
913 2170 1162 2241 ejusque
1192 2163 1584 2238 recuperandi
1601 2164 1828 2235 justam
1858 2166 2026 2234 pote-

381 2270 594 2321 atatem
622 2263 856 2318 habeat.
891 2261 1037 2315 Nam
1065 2256 1364 2329 permulta
1395 2260 1553 2321 sunt,
1588 2269 1718 2324 qum
1749 2252 2025 2324 probant,

380 2371 555 2426 posse
579 2354 788 2408 ﬁscum
809 2349 1050 2405 omnino
1073 2363 1184 2403 sua
1212 2350 1500 2417 repetere.
1553 2343 1838 2412 Primum,
1868 2341 2028 2413 quod

382 2442 657 2499 sufﬁcere
686 2457 809 2496 non
848 2437 1034 2511 possit
1063 2437 1406 2507 imperator,
1438 2431 1511 2489 ad
1542 2448 1720 2503 quem
1769 2431 1870 2502 jus
1896 2432 2027 2503 ejus

383 2536 632 2604 Spectat,
663 2529 751 2585 illi
780 2529 883 2584 toti
915 2527 1005 2583 vel
1052 2523 1456 2598 inspiciundo,
1488 2522 1578 2578 vel
1635 2521 2024 2589 observando,

383 2625 630 2692 prOpter
653 2619 1070 2690 occupationes
1102 2620 1160 2671 et
1188 2631 1362 2670 curas
1385 2612 1456 2667 de
1479 2611 1786 2683 republica
1813 2611 2022 2679 varias,

386 2725 625 2783 quoque
653 2705 1156 2765 sollicitudinibus
1187 2703 1439 2759 inﬁnitis
1478 2701 1743 2772 undique
1773 2700 2026 2756 circum-

387 2799 561 2854 datus
593 2798 688 2853 sit.
741 2796 988 2863 Deinde,
1049 2793 1204 2866 quod
1260 2791 1387 2847 ﬁsci
1412 2791 1553 2863 jura
1604 2790 1664 2846 in
1695 2789 2028 2861 provincias

386 2887 665 2942 euntibus
722 2887 1010 2957 imponat.
1041 2881 1205 2938 Unde
1257 2880 1642 2935 manifestum
1700 2883 1809 2950 est,
1869 2876 2028 2950 quod

385 2993 762 3049 quaecunque
795 2976 883 3030 illi
940 2978 1121 3040 recte,
1182 2989 1249 3028 ac
1271 2972 1458 3043 juste,
1511 2987 1622 3026 nec
1666 2969 1742 3026 ad
1772 2968 2026 3025 circum-

380 3069 767 3139 scriptionem
799 3083 867 3122 ac
894 3063 1165 3120 fraudem
1197 3061 1325 3116 ﬁsci
1386 3059 1632 3128 faciunt,
1667 3060 1842 3115 ﬁrma
1871 3059 2023 3114 sint:

381 3174 513 3228 quae
540 3174 674 3212 vero
699 3156 782 3210 sic
805 3157 1146 3224 comparata
1165 3167 1287 3206 non
1310 3153 1469 3218 sunt,
1503 3147 1632 3204 sine
1663 3149 1876 3204 robore
1902 3164 2026 3203 ma-

383 3250 586 3300 neant.
644 3243 745 3299 Vel
771 3243 988 3314 potius,
1051 3238 1272 3310 siquid
1328 3238 1647 3294 dicendum
1705 3254 1812 3308 pro
1858 3236 2023 3307 ﬁsco,

383 3351 519 3389 cum
544 3332 795 3388 voluerit
824 3331 1167 3402 imperator,
1198 3327 1541 3383 facultatem
1562 3325 1742 3380 habet
1766 3325 1870 3381 illa
1895 3342 2030 3396 per-

385 3421 675 3494 sequendi
731 3436 800 3476 ac
856 3423 1034 3492 prout
1088 3418 1199 3490 ipsi
1254 3416 1470 3488 placet,
1529 3415 1866 3471 ordinandi.
1919 3417 2035 3471 Nec

392 3512 659 3582 alioquin
689 3509 980 3566 accidisse
1037 3506 1388 3579 reperietur,
1449 3505 1607 3576 quod
1638 3521 1935 3562 annorum
1966 3522 2037 3560 IL

393 3605 628 3672 tempus
660 3600 722 3654 in
749 3599 1122 3654 observatum
1169 3594 1485 3665 efﬂuxerit,
1518 3599 1577 3649 et
1607 3593 1764 3664 quod
1809 3595 2038 3650 interea

397 3707 520 3747 non
551 3689 760 3745 exierit
783 3688 1104 3759 inspector,
1139 3690 1241 3740 aut
1269 3684 1486 3755 aliquis
1526 3683 1873 3756 augustalis,
1908 3685 2036 3740 ﬁsci

389 3781 492 3853 jus
523 3784 965 3853 persecuturus.
1000 3776 1056 3831 Si
1087 3793 1223 3831 vero
1276 3773 1411 3830 talis
1443 3773 1740 3845 quispiam
1791 3773 1864 3829 ad
1895 3791 2036 3830 con-

395 3870 790 3926 servationem
820 3885 887 3923 ac
918 3865 1334 3938 repetitionem
1355 3864 1584 3936 jurium
1636 3864 1763 3919 ﬁsci
1794 3863 2035 3931 missus,

391 3960 582 4031 turpis
603 3958 754 4014 lucri
779 3955 1032 4028 cupidus
1053 3972 1120 4010 ac
1152 3953 1567 4010 fraudulentus
1598 3952 1950 4021 inveniatur,
1981 3959 2040 4008 et

392 4065 597 4104 eorum
620 4046 1069 4118 inquisitionem
1103 4060 1169 4098 ac
1199 4043 1638 4114 reparationem
1668 4043 1944 4115 negligat,
1978 4047 2036 4098 et

391 4153 564 4193 avaro
585 4135 974 4206 improboque
997 4133 1199 4188 animo
1227 4132 1495 4203 proditor
1516 4132 1746 4202 jurium
1773 4133 1901 4203 ejus
1931 4149 2033 4202 po-

393 4226 510 4280 tius
535 4241 665 4279 esse
693 4224 850 4276 visus
880 4221 1099 4286 fuerit;
1153 4237 1274 4275 non
1304 4226 1620 4292 propterea
1650 4222 1827 4276 ﬁscus
1858 4237 2037 4276 causa

393 4332 502 4371 sua
522 4313 818 4384 cadet,qui
830 4313 931 4384 jus
954 4327 1128 4366 suum
1147 4326 1455 4380 nunquam
1477 4310 1754 4380 persequi
1804 4309 2031 4364 deﬁnit.

390 4408 581 4476 Atque
615 4405 724 4459 hoc
755 4418 958 4458 revera
985 4400 1154 4456 factis
1180 4399 1325 4470 ipsis
1356 4399 1636 4470 majestas
1667 4414 1800 4454 mea
1824 4398 2036 4469 depre-

389 4496 620 4563 hendit,
653 4494 812 4566 quod
871 4497 999 4548 tum
1054 4492 1443 4563 inspectores,
1498 4494 1621 4544 tum
1670 4488 1771 4543 alii
1830 4505 2033 4543 curam

389 4586 518 4641 ﬁsci
549 4589 821 4658 gerentes
875 4581 976 4654 qui
1006 4581 1081 4637 ad
1114 4579 1482 4653 prmstandas
1513 4595 1726 4650 operas
1760 4578 2034 4632 emittun-

2147 655 2290 731 τάχα
2343 653 2433 710 καὶ
2489 656 2588 724 τήν
2647 653 2970 728 ἐξαρκοῦσαν
3033 656 3148 714 τοῖς
3205 649 3489 712 τοσούτοις
3531 655 3808 726 μοναχοῖς

2147 748 2248 820 γῆς
2280 739 2523 820 ἔχουσιν,
2575 745 2636 799 οὐ
2690 741 2991 818 δεχόμεθα⁵
3024 745 3212 798 ταῦτα.
3267 741 3428 796 Ἀλλ’
3459 740 3532 802 ὡς
3563 739 3639 802 είς
3673 740 3802 794 ἀνα-

2148 836 2430 897 κοινώσεις
2511 834 2737 910 χωρίων
2796 831 3056 907 γινόμενα
3115 829 3372 904 εὖκτήρια
3432 827 3798 903 λογιζόμεθα,

2148 926 2238 978 οἷα
2295 923 2385 978 καὶ
2433 923 2792 999 προείπομεν,
2850 920 2942 975 καὶ
2996 919 3100 974 ὑπὸ
3150 920 3218 973 τὰ
3267 918 3448 993 χωρία
3477 917 3642 973 πάλιν
3673 918 3806 974 αὐτὸ.

2147 1018 2429 1086 ποιοῦμεν.
2462 1013 2541 1068 Τὰ
2571 1010 2629 1067 δὲ
2659 1009 2959 1081 ίδιόστατα,
2989 1010 3079 1064 καὶ
3134 1008 3234 1063 ὅσα
3287 1006 3498 1081 μεγάλα
3533 1010 3808 1081 μοναστή-

2147 1123 2236 1178 ρια
2267 1102 2327 1158 ἐκ
2368 1102 2607 1159 παλαιοῦ
2657 1101 2816 1172 ἦσαν,
2869 1100 2914 1155 εί
2960 1101 3108 1174 τάχα
3163 1097 3254 1152 καὶ
3303 1097 3651 1173 καλογήρους
3685 1095 3803 1172 ἄρτι

2147 1190 2390 1255 πολλοὺς
2439 1192 2538 1248 οὐκ
2589 1195 2832 1267 έχουσιν,
2891 1188 3038 1245 ἀλλά
3090 1191 3159 1261 τῇ
3216 1185 3445 1261 ἀμελείᾳ
3497 1188 3666 1262 τυχὸν
3706 1192 3804 1242 τοῦ

2149 1279 2564 1357 μητροπολίτου
2617 1280 2651 1349 ἢ
2709 1283 2805 1334 τοῦ
2882 1276 3180 1332 ἐπισκόπου
3247 1274 3422 1350 χωρὶς
3482 1271 3799 1351 καλογὲρων

2145 1369 2267 1424 εἷσὶο
2301 1367 2677 1444 διοριζόμεθα,
2724 1369 2816 1421 ἳνα
2859 1367 2947 1421 καὶ
2996 1363 3160 1420 πάλιν
3207 1367 3376 1419 ταῦτα
3426 1363 3530 1418 ὑπὸ
3567 1365 3661 1424 τὰς
3693 1385 3804 1436 μη-

2141 1457 2436 1533 τροπόλεις
2493 1457 2584 1513 καὶ
2641 1457 2737 1518 τὰς
2785 1454 3080 1516 ἐπισκοπὰς
3141 1454 3450 1528 ὑπάρχωσι,
3500 1455 3592 1507 καὶ
3639 1453 3801 1528 χαρί-

2147 1553 2277 1617 ζωσι
2306 1553 2495 1618 ταῦτα,
2545 1547 2636 1603 καὶ
2680 1547 3118 1620 παραπέμπωσιν
3169 1545 3222 1598 οἳ
3275 1541 3682 1618 μητροπολῖται
3709 1543 3800 1598 καὶ

2145 1639 2198 1693 οἱ
2229 1638 2541 1711 ἐπίσκοποι,
2575 1636 2714 1693 ὅπου
2743 1635 2834 1691 καὶ
2867 1637 2957 1690 ὅτε
2989 1631 3225 1699 θέλουσι.

2217 1815 2280 1874 δ’.
2334 1818 2462 1893 Περὶ
2519 1821 2614 1872 τοῦ
2675 1814 2880 1892 χρόνου
2941 1815 3019 1886 μὴ
3088 1812 3222 1868 εἶναι
3281 1812 3417 1866 κατὰ
3465 1815 3564 1866 τοῦ
3619 1809 3799 1884 δημο-

2061 1929 2109 1994 Β
2144 1905 2282 1964 σίου.
2315 1939 2384 1949 -
2413 1906 2555 1994 Πρὸς
2609 1905 2824 1968 τούτοις
2881 1901 3227 1975 θεσπίζομεν,
3273 1901 3366 1954 ἳνα
3421 1901 3498 1973 μή
3598 1901 3800 1974 χρόνος

2139 1995 2276 2050 κατὰ
2301 1995 2396 2051 τοῦ
2447 1993 2739 2068 δημοσίου,
2791 1991 3087 2066 δυνάμενος
3139 1988 3448 2045 ἀποκλείειν
3494 1989 3557 2044 τὸ
3587 1987 3794 2044 δίκαιον

2135 2085 2351 2140 τούτου·
2401 2082 2529 2140 ἀλλ’
2572 2082 2665 2138 ’ίνα
2713 2085 2740 2138 ὁ
2791 2081 2975 2158 ῥηθεὶς
3033 2077 3300 2154 δημόσιος
3359 2077 3696 2148 ἀνακαλῆται
3733 2079 3797 2133 τὸ

2136 2171 2280 2228 ἴδιον
2314 2173 2522 2229 δίκαιον
2578 2172 2684 2228 ἀπὸ
2739 2171 3053 2245 Αὐγούστου
3113 2168 3404 2243 Καίσαρος,
3450 2167 3540 2222 καὶ
3572 2164 3796 2222 δικαιῶ-

2134 2285 2224 2319 ται
2278 2263 2403 2339 περὶ
2457 2264 2555 2332 τὴν
2614 2282 2809 2316 τουτου
2857 2257 3149 2333 ἀνάληψιν.
3212 2255 3405 2313 Πολλὰ
3463 2257 3564 2332 γὰρ
3597 2255 3798 2311 εἶσιτὰ

2135 2357 2464 2408 συνιστῶντα
2489 2355 2686 2407 τοῦτον
2733 2349 2979 2420 ἐκζητεῖν
3028 2346 3097 2402 δι’
3155 2345 3290 2402 ὅλου
3317 2348 3387 2402 τὰ
3416 2343 3548 2401 ἴδια·
3579 2349 3796 2420 πρῶτον

2139 2444 2260 2517 μὶν,
2307 2444 2370 2498 τὸ
2429 2443 2505 2515 μὴ
2567 2437 2820 2496 δύνασθαι
2877 2437 3116 2514 ἐξαρκεῖν
3147 2438 3240 2492 τὸν
3271 2439 3571 2512 κρατοῦντα
3597 2434 3793 2490 τούτου

2141 2531 2368 2608 βασιλέα
2397 2529 2566 2586 πάντα
2621 2527 2824 2585 ἐκεῖνον
2881 2525 3290 2590 ἐπισκέπτεσθαι
3349 2524 3439 2580 καὶ
3491 2523 3789 2598 ἐπιτηρεῖν,

2138 2621 2230 2678 διά
2254 2623 2316 2677 τὸ
2359 2619 2754 2694 πολυάσχολον
2813 2618 2905 2672 καὶ
2953 2615 3420 2694 πολυφρόντιστον
3452 2617 3550 2669 τοῦ
3578 2616 3792 2684 κοινοῦ,

2134 2709 2225 2765 καὶ
2274 2709 2336 2764 τὸ
2399 2707 2615 2782 μυρίαις
2671 2703 3011 2780 πανταχόθεν
3073 2701 3571 2779 περιστοιχίζεσθαι
3625 2720 3793 2779 φρον-

2133 2800 2292 2854 τίσιν⁸
2345 2792 2529 2852 ἔπειτα
2582 2793 2658 2868 δὲ,
2709 2795 2772 2849 τὸ
2825 2788 3121 2857 ἀνατιθέναι
3164 2793 3233 2846 τὰ
3277 2790 3472 2846 τούτου
3499 2794 3615 2852 τοῖς
3648 2789 3788 2864 ἐξερ-

2135 2882 2393 2960 χομένοις
2425 2884 2502 2948 είς
2544 2883 2608 2939 τὰ
2665 2884 2890 2958 θέματα.
2948 2883 3102 2945 Ὃθεν
3162 2877 3330 2950 δῆλόν
3389 2878 3553 2947 ἐστιν,
3586 2878 3659 2941 ὡς
3691 2877 3789 2933 ὅσα

2139 2978 2234 3050 μὲν
2286 2977 2338 3031 οἱ
2389 2979 2630 3030 τοιοῦτοι
2687 2971 2896 3040 καλῶς,
2955 2971 3044 3025 καὶ
3110 2970 3246 3044 μετὰ
3303 2966 3668 3039 δικαιοσύνης,
3698 2967 3788 3024 καὶ

2140 3069 2216 3140 μὴ
2275 3067 2412 3140 πρὸς
2471 3063 2815 3140 περιγραφὴν
2874 3061 3043 3116 αὐτοῦ
3099 3063 3372 3130 ποιοῦσιν,
3429 3058 3596 3133 παγία
3633 3059 3786 3112 εἶναι’

2134 3155 2200 3211 τὰ
2226 3153 2283 3210 δὲ
2318 3156 2394 3228 μὴ
2439 3152 2614 3216 οὕτως
2653 3149 2872 3227 ἔχοντα,
2929 3150 3201 3226 ἀνίσχυρα
3260 3152 3501 3222 μενοῦσι.
3562 3147 3787 3206 Μᾶλλον

2144 3242 2222 3314 δὲ,
2251 3244 2297 3299 εί
2329 3244 2440 3320 χρή
2489 3263 2542 3298 τι
2600 3241 2690 3296 καὶ
2745 3241 2878 3314 ὑπὲρ
2923 3243 3021 3294 τοῦ
3070 3236 3339 3311 δημοσίου
3371 3236 3564 3309 εἰπεῖν,
3612 3235 3735 3292 ὅταν
3767 3237 3794 3291 ὁ

2149 3331 2454 3412 βασιλεύειν
2487 3331 2677 3406 λαχὼν
2721 3328 3042 3406 βουληθείη,
3071 3328 3140 3381 ’ἰν’
3172 3321 3277 3402 ἔχῃ
3310 3324 3392 3381 ἐπ’
3420 3323 3598 3389 ἀδείας
3632 3330 3798 3380 ταῦτα

2148 3428 2351 3493 ζητεῖν,
2436 3421 2526 3476 καὶ
2613 3420 2686 3481 ὡς
2775 3417 2996 3494 ἀρεστὸν
3084 3417 3256 3488 αὐτῷ,
3323 3418 3492 3470 ταῦτα
3550 3412 3794 3470 διοικεῖν.

2145 3509 2364 3572 ’Ἄλλως
2421 3530 2480 3564 τε
2537 3504 2594 3563 δὲ
2643 3503 2769 3562 οὐδὲ
2845 3504 3210 3580 εὑρεθήσεται,
3269 3505 3344 3566 ὡς
3418 3504 3796 3578 ἀπερισκόπως

2143 3594 2658 3671 τεσσαρακονταετία
2707 3592 2923 3664 διῆλθε,
2981 3593 3070 3648 καὶ
3127 3593 3226 3648 οὐκ
3275 3591 3495 3665 ἐξῆλθεν
3555 3591 3794 3662 ἐπόπτης

2145 3689 2182 3758 ἢ
2230 3685 2536 3762 βασιλικὸς,
2589 3685 2840 3755 ζητήσων
2891 3682 2954 3736 τὸ
2999 3685 3096 3736 τοῦ
3151 3679 3422 3754 δημοσίου
3470 3677 3698 3737 δίκαιον.
3734 3680 3796 3738 Ei

2148 3774 2205 3832 δὲ
2237 3778 2265 3831 ὁ
2293 3780 2541 3839 τοιοῦτος
2586 3773 2722 3850 πρὸς
2772 3771 3024 3827 σύστασιν
3077 3769 3166 3826 καὶ
3209 3772 3271 3825 τὸ
3319 3770 3704 3836 ἀνακαλεῖσθαι
3731 3771 3798 3826 τὰ

2143 3870 2242 3921 τοῦ
2299 3863 2570 3938 δημοσίου
2623 3859 3102 3934 ἀποστελλόμενος
3168 3856 3370 3929 δίκαια,
3433 3857 3796 3936 αἷσχοκερδὴς

2145 3954 2234 4010 καὶ
2293 3952 2518 4028 δολερὸς
2594 3949 3001 4027 εὑρισκόμενος,
3075 3953 3290 4024 παρορᾷ
3365 3948 3458 4021 μὶν
3515 3951 3578 4004 τὸ
3632 3953 3798 4004 ταῦτα

2145 4043 2417 4114 ἐπιζητεῖν
2493 4042 2583 4097 καὶ
2685 4039 3065 4114 ἀναῤῥύεσθαι,
3141 4037 3500 4111 πλεονεκτικῇ
3578 4035 3636 4093 δὲ
3707 4039 3796 4094 καὶ

2148 4128 2410 4207 μοχθηρᾷ
2464 4130 2658 4206 γνώμῃ
2708 4124 2984 4204 προδότης
3037 4125 3250 4200 μᾶλλον
3297 4129 3404 4181 τῶν
3456 4126 3660 4182 ἐκείνου
3713 4125 3796 4182 δι-

2143 4221 2310 4275 καίων
2365 4220 2630 4291 ἀναφανῇ,
2709 4213 2867 4271 οὐδὶν
2934 4214 3081 4290 παρὰ
3134 4218 3296 4269 τοῦτο
3348 4218 3794 4291 κατακριθήσεται

2144 4311 2172 4364 ὁ
2223 4307 2510 4382 δημόσιος,
2557 4307 2585 4362 ὁ
2637 4302 2912 4378 μηδέποτε
2961 4302 3302 4376 παυσάμενος
3349 4305 3411 4358 τὸ
3467 4305 3656 4359 ἑαυτοῦ
3713 4302 3793 4358 δί-

2139 4420 2294 4454 καιον
2349 4399 2615 4468 ἐκζητεῖν.
2676 4396 2780 4451 Καὶ
2840 4398 3006 4450 τοῦτο
3064 4392 3145 4448 ἐπ’
3206 4395 3384 4450 αὐτῶν
3459 4397 3565 4446 τῶν
3621 4389 3792 4468 ἔργων

2140 4491 2536 4563 πραγματικῶς
2583 4486 2732 4558 εὗρεν
2777 4486 2813 4553 ἡ
2868 4482 3118 4558 βασιλεία
3170 4503 3298 4556 μου,
3348 4482 3420 4543 ὡς
3466 4481 3554 4535 καὶ
3604 4481 3654 4536 οἱ
3699 4481 3794 4536 ἐπ-

2145 4578 2326 4647 όπται,
2354 4576 2444 4631 καὶ
2490 4575 2542 4630 οἱ
2594 4572 2780 4635 ἄλλως
2827 4573 3222 4648 προνοούμενοι
3253 4575 3349 4626 τοῦ
3381 4568 3676 4644 δημοσίου,
3706 4571 3796 4626 καὶ

389 4679 506 4743 tur,
538 4675 808 4730 inﬁnitas
839 4672 1118 4728 adversus
1173 4686 1310 4726 eum
1367 4667 1608 4724 fraudes
1663 4666 2031 4738 excogitent;

2145 4667 2221 4731 εἷς
2295 4663 2546 4726 δουλείας
2604 4659 3097 4734 ἀποστελλόμενοι,
3179 4659 3408 4737 μυρίους
3462 4661 3579 4715 κατ’
3635 4661 3796 4715 αὐτοῦ

390 4764 666 4834 quodque
717 4763 889 4834 pauci
923 4761 1320 4832 reperiantur,
1355 4758 1456 4829 qui
1489 4756 1784 4812 mendatis
1816 4756 2035 4811 nostris

388 4852 450 4906 in
481 4851 760 4906 omnibus
790 4866 919 4920 quae
952 4850 1108 4906 dicta
1138 4853 1296 4917 sunt,
1329 4845 1715 4903 satisfaciant.

463 5050 514 5100 5.
549 5047 623 5100 De
653 5045 964 5101 homicidio.
992 5077 1058 5085 —
1091 5045 1211 5100 Hoc
1241 5060 1478 5115 quoque
1509 5043 1833 5108 sancimus,
1865 5046 1932 5095 ut
1955 5045 2036 5095 ta-

389 5135 561 5190 metsi
607 5134 700 5188 lex
766 5134 961 5203 prisca
990 5135 1086 5201 sit,
1141 5149 1258 5203 qua
1313 5131 1792 5204 protospatharii,
1853 5136 1910 5184 et
1939 5130 2032 5185 his

388 5223 745 5294 superiores,
765 5222 826 5275 in
841 5222 1143 5276 homicidii
1160 5221 1458 5291 piaculum
1474 5221 1825 5285 incidentes,
1843 5224 2030 5274 morte

385 5331 505 5369 non
537 5312 898 5378 afﬁciuntur,
934 5312 1035 5364 sed
1064 5310 1317 5364 infames
1359 5311 1527 5375 ﬁunt,
1560 5315 1618 5364 et
1648 5309 1764 5364 alia
1789 5309 2028 5378 patiun-

387 5409 501 5471 tur,
527 5416 918 5472 qumcunque,
945 5399 1049 5453 illa
1078 5399 1204 5470 lege
1227 5402 1448 5453 statuta
1479 5404 1648 5453 sunt:
1686 5403 1884 5452 tamen
1916 5397 2027 5463 illi,

386 5493 486 5563 qui
511 5490 707 5562 palam
738 5487 1043 5543 homicidii
1063 5488 1520 5555 convincuntur,
1545 5494 1603 5542 et
1625 5487 1791 5542 dolos
1815 5486 2025 5552 malos,

385 5587 486 5636 aut
507 5579 978 5651 conjurationes,
1013 5582 1114 5632 aut
1151 5576 1451 5648 improbas
1512 5577 1870 5642 molitiones,
1928 5580 2031 5630 aut

383 5672 743 5743 imposturas
761 5668 833 5723 ad
867 5666 1213 5722 detestabile
1236 5666 1468 5721 facinus
1491 5667 1601 5720 hoc
1647 5669 1902 5731 struunt,
1928 5671 2030 5719 aut

384 5776 627 5832 operam
657 5757 769 5819 sibi
799 5761 1114 5815 navaturos
1139 5755 1214 5814 ad
1243 5754 1306 5812 id
1333 5755 1609 5827 nequiter
1638 5754 2021 5827 persuadent,

2143 4755 2491 4831 τεχνάζονται
2546 4749 2764 4819 δόλους,
2822 4750 2912 4805 καὶ
2957 4749 3139 4824 ὀλίγοι
3187 4749 3544 4824 εὑρίσκονται,
3604 4751 3656 4804 οἱ
3705 4751 3798 4812 τὰς

2143 4845 2463 4922 προστάξεις
2512 4844 2670 4915 ἡμῶν
2724 4838 3128 4914 ἐκπληροῦντες
3177 4837 3265 4895 ἐπὶ
3313 4845 3443 4895 πᾶσι
3493 4845 3608 4902 τοῖς
3647 4859 3800 4914 ειρη-

2146 4936 2353 5010 μένοις.

2214 5026 2270 5081 ε’.
2306 5021 2436 5098 Περὶ
2468 5022 2653 5097 φόνου.
2699 5053 2766 5063 -
2811 5020 2906 5074 Καὶ
2957 5022 3121 5074 τοῦτο
3171 5017 3520 5090 θεσπίζομεν·
3568 5016 3613 5072 εί
3659 5015 3802 5091 τάχα

2139 5116 2227 5170 καὶ
2275 5115 2450 5184 νόμος
2499 5110 2735 5171 παλαιός
2777 5109 2910 5180 ἐστι,
2935 5107 3063 5170 τοὺς
3112 5107 3658 5182 πρωτοσπαθαρίους,
3711 5105 3801 5162 καὶ

2138 5206 2267 5265 τοὺς
2334 5199 2589 5274 ἀνωτέρω
2654 5197 2886 5266 τούτων,
2959 5202 3037 5269 τῷ
3099 5201 3305 5274 φονικῷ
3377 5196 3800 5270 περιπίπτοντας

2143 5293 2324 5366 μύσει,
2374 5291 2450 5363 μὴ
2497 5288 2880 5358 ἀποθνήσκειν,
2941 5284 3067 5340 ἀλλ’
3113 5285 3460 5358 ἀτιμοῦσθαι,
3497 5285 3802 5350 πανθαίνειν

2137 5381 2462 5457 [παθαίνειν]
2491 5400 2549 5434 τε
2579 5379 2666 5434 καὶ
2704 5375 2869 5446 ἄλλα,
2902 5375 2999 5430 ὅσα
3048 5380 3126 5447 τῷ
3173 5376 3329 5449 νόμῳ
3379 5375 3568 5448 ἐκείνῳ
3613 5373 3802 5450 διηγόο

2139 5490 2342 5547 ρευται”
2378 5467 2503 5525 ἀλλ’
2535 5469 2626 5523 οὗν
2673 5468 2802 5529 τοὺς
2848 5471 3092 5545 φανερῶς
3145 5465 3556 5542 ἐλεγχομένους
3595 5471 3796 5543 φονεῖς,

2137 5561 2227 5617 καὶ
2259 5558 2476 5628 δόλους,
2525 5557 2560 5627 ἢ
2617 5555 2979 5630 συνωμοσίας,
3119 5556 3401 5627 συσκευᾶς,
3452 5557 3488 5624 ἢ
3539 5551 3800 5620 ἐπιθέσεις

2135 5649 2272 5725 πρὸς
2299 5649 2362 5704 τὸ
2393 5647 2594 5721 μύσους
2644 5644 2788 5716 ἄξιον
2836 5648 2999 5699 τοῦτο
3044 5642 3199 5720 ἔργον
3248 5649 3562 5718 ποιοῦντας,
3606 5645 3642 5714 ἢ
3673 5645 3800 5700 τοὺς

2143 5738 2622 5814 ὑπηρετουμὲνους
2681 5737 2866 5801 αὐτοῖς
2924 5736 3360 5810 παραπείθοντας
3407 5736 3496 5792 καὶ
3567 5738 3628 5792 τὸ
3695 5758 3800 5793 πο-
