4202 6314
405 393 524 458 629

1565 389 1960 452 NOVELLE
2001 389 2672 452 CONSTITUTIONES

3703 388 3824 450 630

403 523 571 599 νηρὸν
603 521 973 592 ἐκτελοῦντας,
1004 523 1229 583 τούτους
1267 517 1438 594 μηδὲν
1464 519 1570 576 ἀπὸ
1599 526 1696 577 τοῦ
1741 521 2050 596 ἀξιώματος

2172 528 2224 579 et
2241 497 2433 580 scelus
2448 524 2642 595 ipsum
2660 522 2998 595 perﬁciunt,
3017 521 3252 578 nullum
3267 525 3325 577 et
3341 520 3628 592 dignitate
3643 520 3818 592 adju-

413 612 762 692 ωφελεῖσθαι,
795 611 924 666 ἀλλ’
980 611 1054 672 ὡς
1112 609 1358 680 ἀναξίους
1412 610 1504 665 καὶ
1561 609 1787 684 ἀτίμους
1833 608 2060 680 κολάζε-

406 714 527 767 σθαι
560 701 648 756 καὶ
679 701 1061 771 ἀποθνήσκειν.
1113 698 1266 769 Πλὴν
1322 703 1487 754 τοῦτο
1536 697 1764 776 λέγομεν
1796 701 2060 774 γίνεσθαι,

405 794 534 848 ὅταν
565 794 601 860 ἠ
633 789 866 857 συσκευὴ
898 787 957 843 ἐκ
1018 786 1250 861 μελέτης
1310 787 1399 842 καί
1452 785 1640 858 δόλου,
1700 789 1788 843 καὶ
1820 790 1855 858 ἡ
1889 809 2057 842 συνω-

410 879 578 953 μοσία
605 879 696 934 καὶ
730 882 764 949 ἡ
798 877 1034 942 ἐπίθεσις
1080 877 1188 932 ἀπὸ
1246 881 1498 953 φανεροῦ,
1529 878 1616 932 καὶ
1678 877 1784 932 ἀπὸ
1815 882 2058 950 πονηρᾶς

407 970 642 1045 γνώμης
677 970 990 1043 ὑπάρχωσι,
1014 967 1105 1022 καὶ
1137 972 1266 1021 πᾶσι
1324 967 1625 1043 καταφανὲς
1681 966 1790 1037 εἴη,
1822 967 1897 1032 ὡς
1928 987 2060 1041 πρυ-

403 1062 609 1134 τροπῇ,
641 1059 728 1112 καὶ
793 1057 1086 1112 συναινέσὲι
1143 1055 1234 1110 καὶ
1293 1053 1495 1127 είδήσει
1555 1057 1756 1126 αὐτῶν,
1789 1055 1896 1111 εἴτε
1926 1054 2059 1119 λαὸς

409 1146 636 1215 συνέστη
669 1189 689 1215 ,
746 1146 837 1199 καὶ
889 1139 1166 1219 προϐάντα
1233 1144 1395 1220 φόνον
1457 1142 1784 1218 ἐνήργησεν,
1844 1143 1950 1199 εἴτε
2007 1144 2060 1198 οἱ

411 1234 806 1310 ὑπρετούμενοι
865 1233 1039 1288 αὐτῶν
1102 1231 1362 1306 [αὐτοῖς]
1417 1229 1508 1287 διὰ
1561 1234 1661 1302 τήν
1711 1233 2061 1308 προύπαρξα-

407 1345 502 1379 σαν
541 1321 702 1396 μέσον
739 1321 918 1377 αὐτῶν
971 1342 1030 1375 τε
1083 1321 1173 1375 καὶ
1232 1325 1328 1375 τοῦ
1385 1322 1732 1398 φονευθέντος
1780 1320 2061 1396 διαμάχην

405 1415 496 1470 καὶ
563 1411 898 1490 φιλονεικίαν
979 1415 1139 1465 τοῦτο
1199 1409 1445 1466 ἐτέλεσαν
1481 1455 1496 1481 ,
1545 1413 1581 1482 ἢ
1651 1410 1803 1466 αὐτοὶ
1861 1411 2058 1467 ἐκεῖνοι

404 1503 784 1578 οἱκειοχείρως
814 1500 876 1555 τὸ
925 1503 1172 1555 τοιοῦτον
1206 1501 1437 1574 ἄθεσμον
1499 1494 1655 1576 ἔργον
1719 1501 2056 1576 εἰργάσαντο,

405 1591 442 1662 ἢ
495 1590 702 1654 ἄλλους
757 1588 1032 1666 γνωστοὺς
1089 1589 1274 1652 αὐτοῖς
1332 1590 1421 1645 καὶ
1479 1589 1677 1666 φίλους
1730 1591 2056 1664 παρέπεισαν

405 1685 570 1737 τοῦτο
600 1678 1013 1756 διαπράξασθαι.

479 1887 542 1944 ς’.
601 1879 733 1954 Περὶ
789 1881 897 1932 τῶν
956 1869 1393 1952 χρυσοϐούλ)ων
1431 1918 1443 1928 .

405 1975 526 2034 τοῖς
577 1966 832 2043 ἀνωτέρω
899 1965 1210 2041 εἰρημένοις
1295 1961 1648 2038 διοριζόμεθα
1731 1966 1818 2020 καὶ
1871 1969 2054 2021 τοῦτο’

404 2057 559 2116 Ἐπεὶ
616 2057 704 2111 καὶ
766 2049 1182 2131 χρυσοϐούλλια
1219 2052 1406 2108 πολλά
1455 2053 1760 2131 γεγόνασιν,
1807 2056 1895 2132 ἀφ’
1927 2053 1989 2110 οὗ
2021 2056 2054 2124 ἡ

416 2146 662 2223 βασιλεία
729 2147 882 2218 ἡμῶν
940 2150 1040 2214 τῆς
1095 2143 1556 2219 αὐτοκρατορικῆς
1606 2140 1771 2216 ἐπέϐη
1835 2145 2057 2220 ἀρχῆς,

412 2238 610 2312 μέχρις
644 2235 706 2289 οὗ
739 2235 765 2288 ὁ
796 2230 1062 2310 πρόεδρος
1095 2230 1376 2294 Βασίλειος
1433 2231 1522 2287 καὶ
1563 2234 2060 2308 παρακοιμώμενος

401 2320 630 2395 κατέϐη,
661 2323 735 2385 εἷς
768 2320 824 2377 δὲ
851 2321 979 2385 τοὺς
1007 2321 1294 2383 τοιούτους
1327 2322 1565 2396 χρόνους
1599 2321 1660 2376 ού
1690 2323 1758 2377 τά
1794 2319 2060 2378 δοκοῦντα

401 2417 539 2488 ἡμῖν
587 2413 813 2488 ἐγίνετο,
873 2409 1000 2466 ἀλλ’
1036 2412 1071 2480 ἡ
1122 2408 1332 2465 ἐκείνου
1372 2408 1426 2465 ἐν
1473 2416 1602 2466 πᾶσι
1662 2409 1884 2482 θέλησις
1914 2411 2057 2488 ἐνερ-

401 2509 550 2579 γεῖτο
581 2504 672 2558 καὶ
704 2500 1013 2575 πρόσταξις,
1064 2498 1548 2575 παρακελευόμεθα
1600 2499 1669 2554 τά
1727 2500 1782 2555 έν
1835 2499 2058 2562 ἐκείνοις

404 2599 524 2654 τοῖς
560 2591 787 2668 χρόνοις
846 2588 1114 2665 γενόμενα
1170 2583 1608 2664 χρυσοϐούλλια,
1668 2588 1840 2644 πάντα
1892 2587 2062 2664 ἄκυρα

414 2684 590 2757 μένειν
625 2681 714 2735 καὶ
747 2681 1096 2754 ἀνενέργητα·
1161 2678 1259 2732 ὅσα
1304 2675 1565 2748 δηλονότι
1627 2679 1702 2750 μὴ
1762 2678 2059 2751 προεκομί-

414 2782 616 2840 σθησαν
655 2770 786 2843 μετά
814 2773 973 2824 τοῦτο
1029 2771 1098 2841 τῇ
1157 2765 1405 2843 βασιλείᾳ
1459 2788 1587 2840 μο),
1647 2768 1734 2823 καὶ
1790 2767 1874 2836 τὸ,
1909 2770 2062 2824 ΕΤΠ-

418 2863 602 2916 ΡΠΘΗ
649 2857 699 2912 έν
752 2857 932 2920 αὐτοῖς
994 2855 1220 2933 έργάφη.
1281 2857 1346 2912 Ἠ
1404 2859 1507 2931 γάρ
1571 2857 1822 2930 βασιλεία
1879 2858 2065 2929 ἡμῶν,

416 2948 584 3018 ἡνίκα
612 2947 701 3003 τὸν
732 2945 1048 3018 δηλωθέντα
1104 2942 1370 3020 πρόεδρον
1427 2946 1515 3000 καὶ
1558 2947 2063 3023 παρακοιμώμενον

418 3037 747 3108 κατεδίκασε,
804 3037 1092 3110 πρόσταξιν
1154 3034 1380 3108 ἐξέθετο,
1436 3034 1525 3088 ἳνα
1581 3038 1775 3098 πάντες
1825 3036 1893 3090 τὰ
1946 3056 2065 3090 τοι-

417 3130 551 3182 αὕτα
599 3123 980 3202 προκομίσωσι
1017 3169 1030 3193 ,
1086 3122 1177 3178 καὶ
1258 3121 1513 3194 δέξωνται
1572 3118 1860 3198 βεϐαίωσιν
1885 3167 1911 3202 1,
1968 3129 2065 3180 τοῦ

415 3217 743 3273 ΕΤΙΙΡΙΙΘΗ
792 3211 1142 3288 οἷκειοχείρῳ
1197 3215 1356 3285 ἡμῶν
1415 3215 1597 3289 γραφῇ
1641 3214 2064 3289 προστιθεμένου

415 3305 470 3361 ἐν
501 3310 618 3367 τοῖς
649 3303 944 3366 τοιούτοις.
971 3271 1114 3360 ςζὈσα
1172 3300 1230 3357 δὲ
1284 3303 1348 3356 οὑ
1406 3271 1915 3376 προεκομίσθησαν;
1943 3301 2067 3358 οὐδὲ
2099 3271 2141 3338 C

418 3391 662 3467 ἐδέξαντο
687 3395 787 3462 τὴν
845 3387 1162 3468 βεϐαίωσιν,
1195 3391 1366 3466 ἄκυρα
1414 3390 1505 3446 καὶ
1553 3386 1780 3446 ἀϐέϐαια
1829 3389 2062 3447 ἔστωσαν

421 3484 495 3547 ὡς
523 3485 656 3546 νόθα
684 3485 770 3538 καὶ
805 3480 997 3556 ψευδῆ.
1046 3480 1110 3535 Et
1168 3482 1272 3556 γὰρ
1306 3478 1486 3550 ἀληθῆ
1547 3483 1705 3552 ἦσαν,
1761 3483 2065 3556 προεκομί·

422 3574 618 3642 σθησαν
650 3571 711 3626 ἂν
744 3569 890 3647 παρᾶ
911 3575 1018 3625 τῶν
1053 3569 1292 3646 ἐχόντων
1316 3567 1469 3624 αύτά.

492 3862 552 3929 ζ’.
585 3857 907 3917 Τελευταῖον
937 3855 994 3913 δὲ
1021 3856 1111 3913 καὶ
1142 3858 1205 3912 τὸ
1235 3855 1360 3933 περὶ
1418 3859 1515 3911 τοῦ
1566 3853 1778 3912 δικαίου
1829 3860 1936 3912 τῶν
1970 3878 2066 3912 πα-

417 3949 694 4026 νηγύρεων
756 3948 1066 4012 στασιασθέν
1127 3945 1445 4023 βουλόμεθα
1517 3947 1617 4015 τήν
1687 3947 2067 4021 προσήκουσαν

417 4040 563 4110 τάξιν
623 4039 840 4114 λαχεῖν.
901 4038 1052 4094 Ἐπεὶ
1125 4038 1227 4114 γὰρ
1286 4033 1583 4107 ἐδεήθησάν
1653 4057 1795 4099 τινες
1856 4033 2065 4113 διεγκα-

422 4133 678 4198 λοῦντες,
738 4127 812 4191 ὡς
865 4123 1096 4182 ἔκπαλαι
1152 4129 1260 4181 τῶν
1316 4125 1531 4201 χρόνων
1589 4125 1828 4200 ἐχόντων
1888 4126 2062 4181 αὐτῶν

421 4220 720 4293 πανήγυριν
768 4213 1162 4290 συνισταμένην
1224 4214 1278 4271 ἐν
1332 4219 1449 4277 τοῖς
1504 4212 1664 4276 ιδίοις
1691 4216 1906 4284 τόποις,
1963 4216 2064 4291 ἀφ-

423 4310 662 4364 ίστανται
706 4307 912 4364 τούτων
972 4309 1062 4362 καὶ
1118 4307 1498 4382 ἀναχωροῦσιν
1549 4305 1600 4359 οἱ
1629 4305 1727 4374 τὴν
1757 4307 2062 4382 πανήγυριν

419 4403 769 4462 συνιστῶντες
829 4397 1258 4474 πραγματευταὶ,
1317 4396 1407 4452 καὶ
1460 4393 1586 4458 τοὺς
1646 4397 1739 4468 μὲν
1797 4395 2064 4460 παλαιοὺς

421 4488 682 4551 δεσπότας
712 4495 813 4558 τῆς
836 4486 1192 4562 πανηγύρεως
1236 4484 1330 4559 έρή
1345 4505 1478 4557 μους
1536 4483 2062 4558 καταλιμπάνουσιν,

421 4577 472 4634 ἐν
508 4577 566 4634 δὲ
594 4582 716 4640 τοῖς
762 4577 954 4640 τόποις
1012 4579 1118 4631 τῶν
1176 4571 1601 4650 ὑποδεχομένων
1650 4573 1843 4638 αὐτοὺς
1887 4577 2062 4631 καινί-

2173 619 2439 671 mentum
2456 614 2824 686 capiant,sed
2841 618 3120 684 tanquam
3138 611 3481 684 illaindigni
3497 610 3819 666 etinfames

2171 707 2589 777 puniantur,ac
2605 704 2812 759 mortis
2829 703 3184 774 supplicium
3197 703 3362 758 feran
3375 703 3695 755 t.Attamen
3709 699 3820 754 hoc

2172 794 2302 849 fieri
2335 799 2476 850 tunc
2510 794 2724 850 debere
2757 794 3032 858 dicimus,
3081 809 3217 848 cum
3247 791 3542 847 insidiosa
3590 788 3819 844 molitio

2171 885 2600 958 proﬁsoiscitur
2631 901 2665 940 a
2691 884 2825 939 dolo
2849 883 3154 950 meditato,
3190 887 3248 938 et
3269 881 3602 952 conjuratio
3643 884 3822 950 atque

2171 973 2389 1030 invasis
2415 974 2636 1046 palam,
2662 977 2719 1028 et
2747 972 3020 1044 improbo
3044 972 3275 1027 exsistit
3295 971 3516 1036 animo,
3541 985 3818 1040 cumque,

2169 1063 2552 1120 manifestum
2605 1068 2695 1117 est
2749 1062 3048 1130 omnibus,
3113 1059 3272 1131 quod
3329 1059 3727 1124 hortantibus,
3763 1061 3822 1111 et

2169 1152 2657 1225 approbantibus,
2692 1156 2750 1206 et
2780 1149 3104 1206 scientibus
3132 1150 3276 1220 ipsis
3309 1155 3411 1204 aut
3439 1148 3690 1220 populus
3717 1165 3817 1203 co-

2168 1241 2359 1312 iverit,
2393 1245 2451 1296 et
2479 1241 2700 1295 caedem
2733 1240 3050 1296 admissam
3078 1239 3514 1311 designaverit;
3547 1242 3650 1293 aut
3684 1237 3818 1308 qui-

2169 1331 2304 1387 dam
2328 1348 2536 1402 operas
2562 1332 2707 1402 ipsis
2739 1335 3023 1386 navantes
3055 1334 3298 1401 propter
3341 1329 3531 1383 rixam
3591 1332 3648 1382 et
3674 1343 3815 1381 con-

2168 1423 2516 1489 tentionem,
2537 1437 2668 1492 qua)
2693 1421 2856 1492 prius
2879 1421 3036 1474 inter
3056 1420 3216 1491 ipsos
3230 1418 3560 1474 etoccisum
3579 1417 3819 1472 exstite-

2167 1515 2274 1580 rat,
2309 1528 2445 1566 eum
2475 1509 2877 1576 confecerint;
2912 1514 3013 1564 aut
3033 1509 3193 1580 quod
3225 1509 3464 1580 ipsimet
3489 1523 3595 1562 sua
3625 1521 3806 1562 manu

2165 1601 2396 1657 facinus
2457 1601 2752 1672 ejusmodi
2809 1599 3102 1656 nefarium
3158 1599 3650 1672 perpetraverint,
3709 1600 3811 1652 aut

2168 1691 2318 1746 alios
2346 1690 2456 1745 sibi
2485 1694 2677 1758 notos,
2714 1690 2774 1746 ef
2799 1690 3042 1758 amicos,
3077 1689 3151 1744 ad
3200 1687 3666 1761 perpetrandum
3697 1686 3806 1742 im~

2167 1779 2450 1852 pulerint.

1505 1908 1573 1918 —
1640 1877 1762 1932 Ἐπὶ
1814 1882 1944 1931 πᾶσι
2003 1874 2061 1930 δὲ

2233 1881 2283 1932 6.
2309 1878 2382 1932 De
2401 1877 2562 1932 bullis
2610 1880 2810 1932 aureis.
2840 1905 2907 1918 —
2967 1875 3130 1930 Ultra
3185 1891 3320 1930 vero
3344 1875 3502 1930 dicta
3542 1875 3816 1946 superius

2169 1967 2390 2036 omnia,
2415 1966 2524 2021 hoc
2545 1967 2723 2021 etiam
2747 1965 3090 2022 statuimus:
3114 1965 3402 2031 Quoniam
3425 1980 3618 2020 aureas
3633 1963 3810 2018 bullas

2169 2056 2370 2110 multae
2392 2055 2560 2111 factae
2599 2061 2759 2120 sunt,
2782 2072 2853 2110 ex
2883 2071 2998 2126 quo
3049 2055 3329 2127 majestas
3356 2059 3558 2109 nostra
3587 2051 3810 2125 princi-

2169 2150 2371 2216 patum
2402 2145 2848 2216 imperatorium
2881 2145 3048 2213 adiit,
3089 2144 3424 2216 usquedum
3456 2159 3677 2216 praeses
3709 2142 3809 2197 ille

2170 2235 2421 2290 Basilius
2453 2240 2512 2290 et
2569 2235 2874 2290 excubitor
2913 2239 3116 2289 noster
3173 2234 3438 2306 dejectus
3469 2233 3600 2300 fuit,
3655 2237 3714 2287 et
3741 2231 3816 2286 iis

2168 2325 2539 2396 temporibus
2571 2342 2691 2380 non
2715 2341 2846 2395 quae
2879 2324 3051 2378 nobis
3073 2323 3416 2378 viderentur
3435 2323 3656 2377 fiebant
3677 2339 3691 2387 ;
3713 2319 3817 2375 sed

2169 2413 2231 2468 in
2263 2414 2540 2469 omnibus
2571 2415 2840 2469 voluntas
2870 2414 3080 2485 ipsius,
3114 2418 3173 2467 et
3203 2411 3815 2484 quidquidjussisset,

2169 2503 2590 2576 perficiebatur
2610 2521 2622 2558 :
2640 2503 3018 2570 mandamus,
3038 2507 3105 2557 ut
3124 2518 3331 2556 omnes
3348 2503 3468 2556 illis
3485 2501 3654 2555 factae
3671 2505 3824 2556 tem‘

2172 2592 2418 2664 poribus
2435 2609 2629 2648 aureae
2652 2592 2830 2647 bullae
2847 2596 3130 2647 maneant
3149 2592 3427 2660 irritaa,ac
3449 2589 3822 2657 inefﬁcaces;

2173 2687 2317 2754 quot
2349 2682 2577 2738 scilicet
2606 2687 2810 2754 postea
2840 2682 3138 2754 majesta'ti
3192 2698 3339 2736 meae
3371 2680 3673 2752 producta)
3705 2696 3826 2735 non

2172 2771 2434 2838 fuerunt,
2461 2776 2518 2824 et
2546 2773 2608 2825 in
2651 2771 2866 2842 quibus
2925 2770 3190 2840 verbum,
3242 2787 3503 2837 sanum,
3565 2786 3686 2824 non
3717 2769 3829 2824 fuit

2174 2860 2548 2931 inscriptum.
2580 2861 2701 2924 Quo
2737 2859 2899 2914 enim
2919 2863 3184 2931 tempore
3206 2859 3486 2930 majestas
3518 2875 3651 2914 mea
3671 2875 3824 2930 prae-

2176 2951 2369 3007 sidem
2423 2956 2481 3006 et
2537 2951 2940 3006 excubitorem
2999 2949 3326 3005 indicatum
3385 2948 3821 3005 condemnavit.

2175 3040 2433 3095 edictum
2465 3038 2700 3112 publice
2733 3039 3062 3110 proposuit,
3084 3043 3152 3093 ut
3172 3039 3367 3093 cuncti
3391 3037 3585 3092 bullas
3608 3053 3818 3092 aureas

2175 3129 2467 3201 ejusmodi
2528 3127 2885 3200 proferrent,
2944 3132 3003 3182 et
3059 3127 3573 3183 conﬁrmationem
3614 3141 3819 3181 earum

2175 3219 2355 3274 talem
2388 3219 2762 3290 acciperent;
2797 3234 2914 3289 qua
2939 3217 3180 3272 verbum
3233 3233 3470 3272 sanun
3501 3234 3641 3285 run,
3674 3213 3822 3270 scri-

2175 3313 2350 3381 ptura
2378 3309 2634 3380 propriae
2661 3323 2876 3363 manus
2915 3325 2949 3363 a
2973 3308 3148 3363 nobis
3179 3308 3241 3362 in
3286 3309 3370 3363 eis
3400 3311 3821 3380 apponeretur-

2176 3401 2552 3470 Quaecunque
2582 3415 2717 3453 vero
2749 3398 3049 3470 productas
3079 3414 3199 3453 non
3233 3397 3494 3468 fuerunt,
3527 3413 3639 3452 nec
3679 3413 3824 3451 con-

2177 3497 2573 3552 ﬁrmationem
2605 3497 2778 3564 hanc,
2810 3496 3218 3564 obtinuerunt,
3248 3497 3430 3551 irritae
3455 3495 3824 3566 minimeque

2178 3588 2364 3643 firmae
2397 3593 2594 3656 sunto,
2646 3587 2825 3643 veluti
2856 3604 2977 3642 non
3036 3587 3316 3658 legitimze
3369 3592 3429 3641 et
3455 3586 3641 3641 falsaa.
3676 3588 3821 3640 Nam

2179 3677 2227 3732 si
2258 3693 2406 3732 veras
2434 3682 2633 3732 essent
2681 3677 2907 3747 utique,
2941 3675 3012 3732 ab
3053 3675 3196 3744 illis,
3239 3676 3338 3746 qui
3370 3675 3670 3730 habebant
3697 3690 3821 3743 eas,

2176 3766 2478 3837 productae
2509 3766 2781 3821 fuissent.

2248 3865 2554 3919 Postremo
2568 3864 2923 3918 concionum
2943 3863 3296 3918 solemnium
3321 3862 3570 3918 antistiti
3594 3862 3818 3932 locum,

2176 3968 2353 4022 quem
2384 3968 2673 4022 occupare
2707 3950 2901 4019 debet,
2947 3952 3338 4024 assignamus.
3362 3951 3449 4006 Ad
3481 3952 3818 4023 aliquorum

2174 4057 2433 4111 namque
2447 4057 2651 4111 preces
2666 4057 2800 4096 cum
2811 4041 3140 4112 antiquitus
3153 4041 3469 4096 conciones
3491 4041 3549 4095 in
3564 4041 3820 4112 ipsorum

2173 4129 2512 4202 regionibus
2560 4130 2982 4198 celebrassent,
3039 4130 3334 4186 antislites
3361 4131 3485 4202 jam
3534 4130 3593 4186 id
3623 4130 3816 4186 facere

2173 4225 2518 4274 recusantes
2531 4219 2964 4288 abscesserunt,
2986 4220 3152 4274 novis
3166 4219 3418 4275 subinde
3431 4219 3818 4276 concionibus

2174 4308 2333 4380 apud
2365 4326 2483 4376 eos,
2518 4326 2772 4380 quorum
2803 4309 3060 4381 hospitio
3105 4310 3446 4377 utebantur,
3487 4310 3684 4365 locum
3715 4309 3820 4365 da-

2173 4398 2311 4454 turi.
2347 4399 2670 4454 Statuimus
2688 4398 2868 4471 igitur
2896 4403 2978 4467 ut,
3006 4399 3245 4471 quando
3277 4400 3393 4454 tale
3417 4399 3561 4470 quid
3585 4399 3818 4454 accide-

2173 4487 2270 4554 rit,
2302 4486 2404 4542 ubi
2457 4505 2672 4560 nempe
2711 4489 3178 4556 concionatores,
3234 4494 3616 4556 mercatores,
3648 4487 3813 4541 indi-

2173 4592 2336 4648 genas
2371 4582 2473 4632 aut
2499 4578 2704 4645 exteri,
2735 4578 2992 4649 priorem
3023 4577 3338 4649 praesidem
3361 4576 3811 4646 dereliquerint,

422 4673 573 4738 ζουσι
606 4669 704 4736 τὴν
757 4669 1079 4742 πανήγυρινο
1139 4661 1458 4736 κελεύομεν,
1518 4661 1668 4739 εἴπερ
1717 4665 1849 4719 ποτὲ
1890 4669 2063 4720 τοιοῦ-

2174 4665 2408 4735 aliaque
2440 4665 2572 4721 loca
2601 4682 2779 4720 novas
2825 4667 3142 4720 conciones
3173 4665 3502 4719 instituturi
3533 4664 3811 4735 adierint,

415 4759 508 4813 τόν
538 4779 591 4814 τι
621 4760 881 4833 γήνηται,
915 4755 962 4811 εἰ
996 4756 1090 4830 μὲν
1117 4753 1312 4829 ἀθρόον
1335 4751 1529 4815 πάντες
1572 4753 1663 4808 καὶ
1712 4753 2064 4828 ὁμοθυμαδὸν

419 4848 472 4902 οἱ
503 4845 903 4922 πανηγυρισταὶ
956 4844 1044 4900 καὶ
1103 4840 1339 4917 ἔμποροι
1396 4843 1448 4897 οἳ
1504 4863 1563 4898 τε
1619 4841 1948 4918 αὐτόχθονες
1975 4846 2066 4900 καὶ

422 4938 473 4992 οἱ
507 4933 776 5007 ἐπήλυδες
820 4933 1132 5013 ἀφίστανται
1167 4933 1261 5006 μὲν
1293 4930 1399 4986 ἀπὸ
1450 4934 1548 4986 τοῦ
1592 4929 1831 4987 παλαιοῦ
1872 4930 2066 4989 δεσπό-

420 5049 513 5090 τος
542 5034 642 5098 τῆς
671 5025 1050 5102 πανηγύρεως,
1093 5022 1492 5098 προσέρχονται
1545 5019 1600 5077 δὲ
1647 5022 1850 5098 ἑτέροις
1877 5025 2067 5088 τόποις

419 5116 746 5187 καινίζοντες
769 5117 868 5186 τὴν
900 5115 1224 5189 πανήγυριν,
1270 5107 1416 5187 ἔχειν
1472 5109 1665 5176 αὐτους
1687 5113 1749 5167 τὸ
1782 5113 2064 5170 ἀκώλυτον

422 5206 512 5261 καὶ
548 5205 852 5279 ἐλεύθερον,
883 5205 973 5259 καὶ
1006 5203 1081 5265 ὡς
1113 5202 1172 5257 ἂν
1215 5198 1282 5270 δὴ
1320 5199 1612 5271 βούλονται
1645 5198 1937 5278 διενεργεῖν
1967 5206 2064 5273 τῆς

419 5294 775 5372 πανηγύρεως
832 5293 1063 5360 τοπικὴν
1156 5288 1431 5364 μετάθεσιν
1469 5333 1482 5360 ,
1573 5291 1646 5363 μή
1713 5289 2066 5366 βίαζομένους

421 5385 664 5453 πάντως,
695 5382 820 5439 ἀλλ’
873 5380 1128 5442 ἑκουσίως
1186 5380 1278 5434 καὶ
1334 5377 1665 5455 αὐθαιρέτως
1723 5380 1860 5456 πρός
1904 5386 2064 5438 τοῦτο

421 5473 771 5554 φερομένους.
819 5471 884 5529 Εἰ
917 5469 974 5526 δὲ
1031 5467 1303 5531 διάστασις
1361 5468 1412 5522 ἐν
1464 5473 1580 5530 τοῖς
1636 5476 2066 5545 πανηγυρισταῖς

415 5561 660 5641 γὲνηται,
711 5562 798 5617 καὶ
861 5561 912 5616 οἱ
966 5560 1058 5632 μὶν
1117 5559 1389 5632 αἱροῦνται
1449 5557 1582 5612 εἶναι
1638 5556 1690 5612 ἐν
1750 5559 1832 5622 οἶς
1874 5559 2066 5623 τόποις

417 5652 816 5728 ἐπανηγύριζον
875 5649 964 5704 καὶ
995 5649 1284 5723 πρότερον,
1317 5647 1371 5701 οἱ
1402 5644 1459 5700 δὲ
1513 5646 1718 5702 τούτων
1751 5648 2064 5725 ἀφίστανται

415 5745 504 5802 καὶ
569 5743 703 5818 πρὸς
761 5739 972 5816 ἐτέρους
1033 5735 1396 5812 μεθίστανται,
1453 5740 1746 5806 τηνικαῦτα
1782 5737 1844 5794 τὸ
1876 5735 2062 5816 διαφέ-

2176 4755 2234 4811 id
2259 4755 2452 4810 facere
2474 4756 2560 4810 eis
2583 4756 2776 4811 liceat.
2805 4755 3209 4810 Voluntariam
3231 4755 3415 4825 enim,
3435 4754 3812 4810 arbitrariam

2173 4862 2537 4917 prorsusque
2558 4845 2808 4900 liberam
2831 4845 2903 4899 iis
2934 4844 3110 4900 talem
3135 4844 3655 4900 translocationem
3685 4845 3812 4899 fore

2172 4934 2591 5005 praesumimus.
2617 4933 2782 4999 Quod
2807 4934 2855 4990 si
2877 4934 3034 4989 inter
3057 4935 3411 4989 concionum
3442 4934 3814 4990 ordinatores

2175 5023 2466 5078 dissensio
2495 5023 2914 5091 intercesserit,
2943 5024 3024 5079 ita
3042 5029 3108 5078 ut
3139 5024 3237 5078 alii
3262 5025 3573 5095 iniisdem,
3599 5025 3814 5096 quibus

2175 5119 2368 5179 antea,
2405 5113 2549 5169 locis
2576 5115 2890 5170 conciones
2937 5115 3238 5169 celebrare
3288 5120 3575 5188 satagant,
3609 5116 3710 5171 alii
3741 5116 3813 5171 de

2174 5203 2342 5258 novis
2383 5202 2530 5257 locis
2580 5203 2857 5276 cogitent,
2912 5220 3021 5258 nos
3048 5204 3287 5275 quidem
3332 5204 3433 5276 jus
3493 5205 3815 5277 prioritatis

2174 5291 2489 5364 prmvaleat
2519 5293 2853 5358 statuimus,
2883 5293 2963 5348 ita
2993 5298 3057 5348 ut
3086 5294 3266 5364 priori
3287 5293 3414 5348 loco
3446 5295 3818 5368 privilegium

2175 5383 2478 5438 communi
2525 5383 2800 5455 suffragio
2855 5383 3071 5437 fultum
3129 5388 3453 5440 remaneat.
3487 5387 3676 5456 Atque
3707 5385 3819 5439 hoc

2174 5472 2304 5527 loco
2338 5487 2459 5526 non
2493 5476 2581 5525 est
2609 5472 3084 5542 praetereundum
3115 5472 3275 5543 quod
3306 5472 3432 5527 istae
3465 5475 3817 5529 concionum

2177 5561 2594 5616 translationes
2614 5561 3058 5632 quadripartitee
3073 5567 3237 5630 sunt;
3260 5562 3532 5616 autenim
3556 5579 3589 5617 a
3606 5567 3813 5632 poten-

2174 5651 2330 5708 tibus
2354 5651 2426 5705 ad
2449 5656 2742 5722 potentes,
2767 5658 2867 5706 aut
2887 5652 2958 5707 ab
2983 5651 3407 5722 impotentibus
3430 5651 3502 5704 ad
3519 5652 3809 5720 impoten-

2175 5746 2280 5809 tes,
2313 5744 2416 5796 aut
2443 5756 2478 5795 a
2504 5740 2842 5812 potentibus
2874 5739 2945 5796 ab
2978 5741 3352 5812 impotentes,
3389 5743 3489 5794 aut
3518 5738 3588 5793 ab
3621 5737 3809 5805 impo-
