  <div class='ocr_page' id='page_1' title='image "/cluster/home/n/w/nwhite01/storage/ocr_20150623/117/mdp.39015038086818/323.png"; bbox 0 0 4202 6314; ppageno 0'>
   <div class='ocr_carea' id='block_1_1' title="bbox 448 415 565 478">
    <p class='ocr_par' dir='ltr' id='par_1_1' title="bbox 448 415 565 478">
     <span class='ocr_line' id='line_1_1' title="bbox 448 415 565 478; baseline -0.017 0"><span class='ocrx_word' id='word_1_1' title='bbox 448 415 565 478; x_wconf 79' lang='grc'>631</span> 
     </span>
    </p>
   </div>
   <div class='ocr_carea' id='block_1_2' title="bbox 1713 413 2614 480">
    <p class='ocr_par' dir='ltr' id='par_1_2' title="bbox 1713 413 2614 480">
     <span class='ocr_line' id='line_1_2' title="bbox 1713 413 2614 480; baseline 0.008 -7"><span class='ocrx_word' id='word_1_2' title='bbox 1713 413 1882 474; x_wconf 86' lang='lat' dir='ltr'>IMP.</span> <span class='ocrx_word' id='word_1_3' title='bbox 1927 413 2214 475; x_wconf 84' lang='lat' dir='ltr'>BASILII</span> <span class='ocrx_word' id='word_1_4' title='bbox 2257 415 2614 480; x_wconf 81' lang='lat' dir='ltr'>JUNIOPJS</span> 
     </span>
    </p>
   </div>
   <div class='ocr_carea' id='block_1_3' title="bbox 3752 420 3870 482">
    <p class='ocr_par' dir='ltr' id='par_1_3' title="bbox 3752 420 3870 482">
     <span class='ocr_line' id='line_1_3' title="bbox 3752 420 3870 482; baseline 0.017 -2"><span class='ocrx_word' id='word_1_5' title='bbox 3752 420 3870 482; x_wconf 88' lang='lat'>632</span> 
     </span>
    </p>
   </div>
   <div class='ocr_carea' id='block_1_4' title="bbox 454 543 2121 628">
    <p class='ocr_par' dir='ltr' id='par_1_4' title="bbox 454 543 2103 618">
     <span class='ocr_line' id='line_1_4' title="bbox 454 543 2103 618; baseline -0.003 -12"><span class='ocrx_word' id='word_1_6' title='bbox 454 547 722 606; x_wconf 87' lang='lat' dir='ltr'>tentibus</span> <span class='ocrx_word' id='word_1_7' title='bbox 740 547 811 604; x_wconf 88' lang='lat' dir='ltr'>ad</span> <span class='ocrx_word' id='word_1_8' title='bbox 832 551 1104 618; x_wconf 88' lang='lat' dir='ltr'>potentes</span> <span class='ocrx_word' id='word_1_9' title='bbox 1130 547 1256 601; x_wconf 81' lang='lat' dir='ltr'>ﬁeri</span> <span class='ocrx_word' id='word_1_10' title='bbox 1283 543 1493 599; x_wconf 84' lang='lat' dir='ltr'>solent.</span> <span class='ocrx_word' id='word_1_11' title='bbox 1529 545 1609 598; x_wconf 85' lang='lat' dir='ltr'>Ex</span> <span class='ocrx_word' id='word_1_12' title='bbox 1636 544 1727 599; x_wconf 88' lang='lat' dir='ltr'>his</span> <span class='ocrx_word' id='word_1_13' title='bbox 1751 561 1882 615; x_wconf 64' lang='lat' dir='ltr'>qna:</span> <span class='ocrx_word' id='word_1_14' title='bbox 1909 546 1981 601; x_wconf 91' lang='lat' dir='ltr'>de</span> <span class='ocrx_word' id='word_1_15' title='bbox 2007 548 2103 601; x_wconf 86' lang='lat' dir='ltr'>tri-</span> 
     </span>
    </p>
   </div>
   <div class='ocr_carea' id='block_1_5' title="bbox 2231 543 3870 628">
    <p class='ocr_par' dir='ltr' id='par_1_5' title="bbox 2231 546 3870 628">
     <span class='ocr_line' id='line_1_5' title="bbox 2231 546 3870 628; baseline 0.002 -27"><span class='ocrx_word' id='word_1_16' title='bbox 2231 566 2306 602; x_wconf 68' lang='grc' dir='ltr'>ιον</span> <span class='ocrx_word' id='word_1_17' title='bbox 2337 551 2404 622; x_wconf 81' lang='grc' dir='ltr'>τῇ</span> <span class='ocrx_word' id='word_1_18' title='bbox 2465 549 2793 625; x_wconf 78' lang='grc' dir='ltr'>ἀρχαιότητι</span> <span class='ocrx_word' id='word_1_19' title='bbox 2848 553 3085 624; x_wconf 82' lang='grc' dir='ltr'>κρατεῖν,</span> <span class='ocrx_word' id='word_1_20' title='bbox 3141 547 3236 604; x_wconf 83' lang='grc' dir='ltr'>καὶ</span> <span class='ocrx_word' id='word_1_21' title='bbox 3285 546 3413 612; x_wconf 76' lang='grc' dir='ltr'>τοὺς</span> <span class='ocrx_word' id='word_1_22' title='bbox 3471 550 3870 628; x_wconf 73' lang='grc' dir='ltr'>ἀφισταμένους</span> 
     </span>
    </p>
   </div>
   <div class='ocr_carea' id='block_1_6' title="bbox 455 634 2116 712">
    <p class='ocr_par' dir='ltr' id='par_1_6' title="bbox 455 634 2116 712">
     <span class='ocr_line' id='line_1_6' title="bbox 455 634 2116 712; baseline -0.002 -17"><span class='ocrx_word' id='word_1_23' title='bbox 455 641 570 696; x_wconf 87' lang='lat' dir='ltr'>bus</span> <span class='ocrx_word' id='word_1_24' title='bbox 583 639 884 712; x_wconf 82' lang='lat' dir='ltr'>prioribus</span> <span class='ocrx_word' id='word_1_25' title='bbox 901 636 1384 704; x_wconf 82' lang='lat' dir='ltr'>memoravimus,</span> <span class='ocrx_word' id='word_1_26' title='bbox 1400 634 1731 689; x_wconf 86' lang='lat' dir='ltr'>thematum</span> <span class='ocrx_word' id='word_1_27' title='bbox 1752 635 1868 689; x_wconf 90' lang='lat' dir='ltr'>vim</span> <span class='ocrx_word' id='word_1_28' title='bbox 1893 636 2116 691; x_wconf 84' lang='lat' dir='ltr'>habent</span> 
     </span>
    </p>
   </div>
   <div class='ocr_carea' id='block_1_7' title="bbox 459 724 2112 801">
    <p class='ocr_par' dir='ltr' id='par_1_7' title="bbox 459 724 2112 801">
     <span class='ocr_line' id='line_1_7' title="bbox 459 724 2112 801; baseline -0.002 -16"><span class='ocrx_word' id='word_1_29' title='bbox 459 731 532 785; x_wconf 91' lang='lat' dir='ltr'>de</span> <span class='ocrx_word' id='word_1_30' title='bbox 547 728 877 801; x_wconf 91' lang='lat' dir='ltr'>potentium</span> <span class='ocrx_word' id='word_1_31' title='bbox 891 733 1090 781; x_wconf 89' lang='lat' dir='ltr'>autem</span> <span class='ocrx_word' id='word_1_32' title='bbox 1114 725 1187 779; x_wconf 93' lang='lat' dir='ltr'>ad</span> <span class='ocrx_word' id='word_1_33' title='bbox 1205 729 1498 796; x_wconf 88' lang='lat' dir='ltr'>potentes,</span> <span class='ocrx_word' id='word_1_34' title='bbox 1523 724 1668 778; x_wconf 91' lang='lat' dir='ltr'>etab</span> <span class='ocrx_word' id='word_1_35' title='bbox 1695 724 2112 796; x_wconf 90' lang='lat' dir='ltr'>impotentium</span> 
     </span>
    </p>
   </div>
   <div class='ocr_carea' id='block_1_8' title="bbox 457 813 2114 891">
    <p class='ocr_par' dir='ltr' id='par_1_8' title="bbox 457 813 2114 891">
     <span class='ocr_line' id='line_1_8' title="bbox 457 813 2114 891; baseline -0.002 -18"><span class='ocrx_word' id='word_1_36' title='bbox 457 818 533 874; x_wconf 89' lang='lat' dir='ltr'>ad</span> <span class='ocrx_word' id='word_1_37' title='bbox 563 822 857 891; x_wconf 88' lang='lat' dir='ltr'>potentes,</span> <span class='ocrx_word' id='word_1_38' title='bbox 887 821 944 870; x_wconf 92' lang='lat' dir='ltr'>et</span> <span class='ocrx_word' id='word_1_39' title='bbox 971 814 1304 886; x_wconf 88' lang='lat' dir='ltr'>potentium</span> <span class='ocrx_word' id='word_1_40' title='bbox 1335 813 1409 868; x_wconf 89' lang='lat' dir='ltr'>ad</span> <span class='ocrx_word' id='word_1_41' title='bbox 1457 814 1815 884; x_wconf 83' lang='lat' dir='ltr'>impotentes</span> <span class='ocrx_word' id='word_1_42' title='bbox 1858 815 2114 870; x_wconf 87' lang='lat' dir='ltr'>transla-</span> 
     </span>
    </p>
   </div>
   <div class='ocr_carea' id='block_1_9' title="bbox 458 904 2114 975">
    <p class='ocr_par' dir='ltr' id='par_1_9' title="bbox 458 904 2114 975">
     <span class='ocr_line' id='line_1_9' title="bbox 458 904 2114 975; baseline -0.002 -13"><span class='ocrx_word' id='word_1_43' title='bbox 458 908 620 962; x_wconf 83' lang='lat' dir='ltr'>tione</span> <span class='ocrx_word' id='word_1_44' title='bbox 643 905 964 975; x_wconf 83' lang='lat' dir='ltr'>loquimur.</span> <span class='ocrx_word' id='word_1_45' title='bbox 990 904 1275 968; x_wconf 86' lang='lat' dir='ltr'>Quartum</span> <span class='ocrx_word' id='word_1_46' title='bbox 1307 919 1566 973; x_wconf 82' lang='lat' dir='ltr'>namque</span> <span class='ocrx_word' id='word_1_47' title='bbox 1598 909 1775 974; x_wconf 87' lang='lat' dir='ltr'>caput</span> <span class='ocrx_word' id='word_1_48' title='bbox 1807 904 2001 958; x_wconf 91' lang='lat' dir='ltr'>lenius</span> <span class='ocrx_word' id='word_1_49' title='bbox 2033 910 2114 958; x_wconf 90' lang='lat' dir='ltr'>at-</span> 
     </span>
    </p>
   </div>
   <div class='ocr_carea' id='block_1_10' title="bbox 467 991 2110 1067">
    <p class='ocr_par' dir='ltr' id='par_1_10' title="bbox 467 991 2110 1067">
     <span class='ocr_line' id='line_1_10' title="bbox 467 991 2110 1067; baseline -0.001 -17"><span class='ocrx_word' id='word_1_50' title='bbox 467 1012 581 1067; x_wconf 91' lang='lat' dir='ltr'>que</span> <span class='ocrx_word' id='word_1_51' title='bbox 620 993 942 1048; x_wconf 83' lang='lat' dir='ltr'>humanius</span> <span class='ocrx_word' id='word_1_52' title='bbox 987 991 1536 1062; x_wconf 79' lang='lat' dir='ltr'>interpretabimur.</span> <span class='ocrx_word' id='word_1_53' title='bbox 1571 992 1763 1047; x_wconf 87' lang='lat' dir='ltr'>Facile</span> <span class='ocrx_word' id='word_1_54' title='bbox 1793 993 1951 1047; x_wconf 90' lang='lat' dir='ltr'>enim</span> <span class='ocrx_word' id='word_1_55' title='bbox 2004 1010 2110 1064; x_wconf 88' lang='lat' dir='ltr'>po-</span> 
     </span>
    </p>
   </div>
   <div class='ocr_carea' id='block_1_11' title="bbox 463 1080 2112 1153">
    <p class='ocr_par' dir='ltr' id='par_1_11' title="bbox 463 1080 2112 1153">
     <span class='ocr_line' id='line_1_11' title="bbox 463 1080 2112 1153; baseline 0 -16"><span class='ocrx_word' id='word_1_56' title='bbox 463 1088 656 1138; x_wconf 84' lang='lat' dir='ltr'>tentes</span> <span class='ocrx_word' id='word_1_57' title='bbox 687 1080 1084 1137; x_wconf 89' lang='lat' dir='ltr'>concionandi</span> <span class='ocrx_word' id='word_1_58' title='bbox 1107 1081 1209 1150; x_wconf 85' lang='lat' dir='ltr'>jus</span> <span class='ocrx_word' id='word_1_59' title='bbox 1263 1080 1690 1151; x_wconf 76' lang='lat' dir='ltr'>impotentibus</span> <span class='ocrx_word' id='word_1_60' title='bbox 1725 1081 2003 1153; x_wconf 92' lang='lat' dir='ltr'>eripiunt.</span> <span class='ocrx_word' id='word_1_61' title='bbox 2043 1082 2112 1138; x_wconf 87' lang='lat' dir='ltr'>In</span> 
     </span>
    </p>
   </div>
   <div class='ocr_carea' id='block_1_12' title="bbox 458 1169 2114 1243">
    <p class='ocr_par' dir='ltr' id='par_1_12' title="bbox 458 1169 2114 1243">
     <span class='ocr_line' id='line_1_12' title="bbox 458 1169 2114 1243; baseline -0.001 -16"><span class='ocrx_word' id='word_1_62' title='bbox 458 1173 571 1227; x_wconf 92' lang='lat' dir='ltr'>hoc</span> <span class='ocrx_word' id='word_1_63' title='bbox 603 1171 782 1243; x_wconf 81' lang='lat' dir='ltr'>igitur</span> <span class='ocrx_word' id='word_1_64' title='bbox 809 1169 1068 1242; x_wconf 90' lang='lat' dir='ltr'>capitulo</span> <span class='ocrx_word' id='word_1_65' title='bbox 1114 1169 1464 1224; x_wconf 83' lang='lat' dir='ltr'>ordinamus</span> <span class='ocrx_word' id='word_1_66' title='bbox 1513 1175 1580 1224; x_wconf 92' lang='lat' dir='ltr'>ut</span> <span class='ocrx_word' id='word_1_67' title='bbox 1609 1171 1914 1225; x_wconf 92' lang='lat' dir='ltr'>concionis</span> <span class='ocrx_word' id='word_1_68' title='bbox 1959 1171 2114 1225; x_wconf 91' lang='lat' dir='ltr'>inter</span> 
     </span>
    </p>
   </div>
   <div class='ocr_carea' id='block_1_13' title="bbox 453 1258 2112 1332">
    <p class='ocr_par' dir='ltr' id='par_1_13' title="bbox 453 1258 2112 1332">
     <span class='ocr_line' id='line_1_13' title="bbox 453 1258 2112 1332; baseline -0.001 -15"><span class='ocrx_word' id='word_1_69' title='bbox 453 1262 815 1332; x_wconf 85' lang='lat' dir='ltr'>impotentes</span> <span class='ocrx_word' id='word_1_70' title='bbox 841 1264 900 1314; x_wconf 91' lang='lat' dir='ltr'>et</span> <span class='ocrx_word' id='word_1_71' title='bbox 917 1263 1190 1330; x_wconf 87' lang='lat' dir='ltr'>potentes</span> <span class='ocrx_word' id='word_1_72' title='bbox 1215 1258 1525 1313; x_wconf 84' lang='lat' dir='ltr'>translatio</span> <span class='ocrx_word' id='word_1_73' title='bbox 1549 1258 1748 1313; x_wconf 90' lang='lat' dir='ltr'>locum</span> <span class='ocrx_word' id='word_1_74' title='bbox 1771 1259 1970 1332; x_wconf 84' lang='lat' dir='ltr'>habet,</span> <span class='ocrx_word' id='word_1_75' title='bbox 1995 1260 2112 1322; x_wconf 85' lang='lat' dir='ltr'>nisi</span> 
     </span>
    </p>
   </div>
   <div class='ocr_carea' id='block_1_14' title="bbox 456 1347 2111 1419">
    <p class='ocr_par' dir='ltr' id='par_1_14' title="bbox 456 1347 2111 1419">
     <span class='ocr_line' id='line_1_14' title="bbox 456 1347 2111 1419; baseline -0.002 -13"><span class='ocrx_word' id='word_1_76' title='bbox 456 1349 802 1408; x_wconf 88' lang='lat' dir='ltr'>communia</span> <span class='ocrx_word' id='word_1_77' title='bbox 832 1347 1112 1419; x_wconf 78' lang='lat' dir='ltr'>suﬂ‘ragia</span> <span class='ocrx_word' id='word_1_78' title='bbox 1145 1348 1362 1419; x_wconf 78' lang='lat' dir='ltr'>prioris</span> <span class='ocrx_word' id='word_1_79' title='bbox 1391 1347 1506 1402; x_wconf 89' lang='lat' dir='ltr'>loci</span> <span class='ocrx_word' id='word_1_80' title='bbox 1539 1347 1912 1419; x_wconf 74' lang='lat' dir='ltr'>privilegium</span> <span class='ocrx_word' id='word_1_81' title='bbox 1965 1365 2111 1403; x_wconf 89' lang='lat' dir='ltr'>con-</span> 
     </span>
    </p>
   </div>
   <div class='ocr_carea' id='block_1_15' title="bbox 456 1437 2110 1509">
    <p class='ocr_par' dir='ltr' id='par_1_15' title="bbox 456 1437 2110 1509">
     <span class='ocr_line' id='line_1_15' title="bbox 456 1437 2110 1509; baseline -0.002 -14"><span class='ocrx_word' id='word_1_82' title='bbox 456 1444 780 1496; x_wconf 88' lang='lat' dir='ltr'>servarent.</span> <span class='ocrx_word' id='word_1_83' title='bbox 817 1437 910 1493; x_wconf 89' lang='lat' dir='ltr'>Sic</span> <span class='ocrx_word' id='word_1_84' title='bbox 941 1438 1103 1493; x_wconf 91' lang='lat' dir='ltr'>enim</span> <span class='ocrx_word' id='word_1_85' title='bbox 1127 1437 1378 1492; x_wconf 90' lang='lat' dir='ltr'>duarum</span> <span class='ocrx_word' id='word_1_86' title='bbox 1407 1452 1606 1491; x_wconf 90' lang='lat' dir='ltr'>rerum</span> <span class='ocrx_word' id='word_1_87' title='bbox 1640 1437 1751 1492; x_wconf 89' lang='lat' dir='ltr'>erit</span> <span class='ocrx_word' id='word_1_88' title='bbox 1775 1437 1917 1492; x_wconf 92' lang='lat' dir='ltr'>unio</span> <span class='ocrx_word' id='word_1_89' title='bbox 1944 1453 1957 1492; x_wconf 90' lang='lat'><strong>:</strong></span> <span class='ocrx_word' id='word_1_90' title='bbox 1988 1437 2110 1509; x_wconf 89' lang='lat' dir='ltr'>pri-</span> 
     </span>
    </p>
   </div>
   <div class='ocr_carea' id='block_1_16' title="bbox 457 1524 2114 1599">
    <p class='ocr_par' dir='ltr' id='par_1_16' title="bbox 457 1524 2114 1599">
     <span class='ocr_line' id='line_1_16' title="bbox 457 1524 2114 1599; baseline -0.002 -15"><span class='ocrx_word' id='word_1_91' title='bbox 457 1529 688 1585; x_wconf 87' lang='lat' dir='ltr'>oritatis</span> <span class='ocrx_word' id='word_1_92' title='bbox 729 1528 861 1599; x_wconf 89' lang='lat' dir='ltr'>jum</span> <span class='ocrx_word' id='word_1_93' title='bbox 920 1542 1054 1582; x_wconf 92' lang='lat' dir='ltr'>cum</span> <span class='ocrx_word' id='word_1_94' title='bbox 1114 1526 1385 1582; x_wconf 91' lang='lat' dir='ltr'>omnium</span> <span class='ocrx_word' id='word_1_95' title='bbox 1443 1524 1722 1598; x_wconf 71' lang='lat' dir='ltr'>suffragio</span> <span class='ocrx_word' id='word_1_96' title='bbox 1781 1525 1991 1582; x_wconf 90' lang='lat' dir='ltr'>eadem</span> <span class='ocrx_word' id='word_1_97' title='bbox 2022 1526 2114 1581; x_wconf 85' lang='lat' dir='ltr'>via</span> 
     </span>
    </p>
   </div>
   <div class='ocr_carea' id='block_1_17' title="bbox 456 1613 2116 1691">
    <p class='ocr_par' dir='ltr' id='par_1_17' title="bbox 456 1613 2116 1691">
     <span class='ocr_line' id='line_1_17' title="bbox 456 1613 2116 1691; baseline -0.002 -18"><span class='ocrx_word' id='word_1_98' title='bbox 456 1617 889 1691; x_wconf 81' lang='lat' dir='ltr'>progredietur.</span> <span class='ocrx_word' id='word_1_99' title='bbox 926 1616 983 1670; x_wconf 93' lang='lat' dir='ltr'>Si</span> <span class='ocrx_word' id='word_1_100' title='bbox 1013 1615 1174 1670; x_wconf 90' lang='lat' dir='ltr'>enim</span> <span class='ocrx_word' id='word_1_101' title='bbox 1207 1615 1268 1669; x_wconf 92' lang='lat' dir='ltr'>in</span> <span class='ocrx_word' id='word_1_102' title='bbox 1317 1615 1548 1671; x_wconf 75' lang='lat' dir='ltr'>caeteris</span> <span class='ocrx_word' id='word_1_103' title='bbox 1598 1613 1785 1670; x_wconf 90' lang='lat' dir='ltr'>tribus</span> <span class='ocrx_word' id='word_1_104' title='bbox 1837 1615 2116 1670; x_wconf 89' lang='lat' dir='ltr'>themati—</span> 
     </span>
    </p>
   </div>
   <div class='ocr_carea' id='block_1_18' title="bbox 461 1703 2114 1774">
    <p class='ocr_par' dir='ltr' id='par_1_18' title="bbox 461 1703 2114 1774">
     <span class='ocr_line' id='line_1_18' title="bbox 461 1703 2114 1774; baseline -0.002 -12"><span class='ocrx_word' id='word_1_105' title='bbox 461 1707 573 1763; x_wconf 90' lang='lat' dir='ltr'>bus</span> <span class='ocrx_word' id='word_1_106' title='bbox 605 1709 668 1762; x_wconf 93' lang='lat' dir='ltr'>in</span> <span class='ocrx_word' id='word_1_107' title='bbox 700 1705 1113 1762; x_wconf 88' lang='lat' dir='ltr'>tantummodo</span> <span class='ocrx_word' id='word_1_108' title='bbox 1147 1704 1355 1760; x_wconf 82' lang='lat' dir='ltr'>sufﬁce</span> <span class='ocrx_word' id='word_1_109' title='bbox 1405 1704 1558 1760; x_wconf 90' lang='lat' dir='ltr'>solet</span> <span class='ocrx_word' id='word_1_110' title='bbox 1588 1705 1746 1774; x_wconf 90' lang='lat' dir='ltr'>quod</span> <span class='ocrx_word' id='word_1_111' title='bbox 1793 1703 2114 1759; x_wconf 84' lang='lat' dir='ltr'>verisimile</span> 
     </span>
    </p>
   </div>
   <div class='ocr_carea' id='block_1_19' title="bbox 460 1794 2114 1866">
    <p class='ocr_par' dir='ltr' id='par_1_19' title="bbox 460 1794 2114 1866">
     <span class='ocr_line' id='line_1_19' title="bbox 460 1794 2114 1866; baseline -0.002 -15"><span class='ocrx_word' id='word_1_112' title='bbox 460 1801 569 1863; x_wconf 90' lang='lat' dir='ltr'>est,</span> <span class='ocrx_word' id='word_1_113' title='bbox 603 1796 704 1850; x_wconf 92' lang='lat' dir='ltr'>ubi</span> <span class='ocrx_word' id='word_1_114' title='bbox 736 1800 858 1850; x_wconf 90' lang='lat' dir='ltr'>tota</span> <span class='ocrx_word' id='word_1_115' title='bbox 881 1794 1109 1849; x_wconf 86' lang='lat' dir='ltr'>scilicet</span> <span class='ocrx_word' id='word_1_116' title='bbox 1139 1794 1344 1849; x_wconf 89' lang='lat' dir='ltr'>concio</span> <span class='ocrx_word' id='word_1_117' title='bbox 1374 1795 1728 1849; x_wconf 81' lang='lat' dir='ltr'>transfertur</span> <span class='ocrx_word' id='word_1_118' title='bbox 1749 1799 1807 1848; x_wconf 93' lang='lat' dir='ltr'>et</span> <span class='ocrx_word' id='word_1_119' title='bbox 1836 1794 2114 1866; x_wconf 87' lang='lat' dir='ltr'>prioritas</span> 
     </span>
    </p>
   </div>
   <div class='ocr_carea' id='block_1_20' title="bbox 461 1881 2116 1958">
    <p class='ocr_par' dir='ltr' id='par_1_20' title="bbox 461 1881 2116 1958">
     <span class='ocr_line' id='line_1_20' title="bbox 461 1881 2116 1958; baseline -0.004 -16"><span class='ocrx_word' id='word_1_120' title='bbox 461 1886 731 1958; x_wconf 85' lang='lat' dir='ltr'>ejusdem</span> <span class='ocrx_word' id='word_1_121' title='bbox 763 1884 1200 1939; x_wconf 91' lang='lat' dir='ltr'>determinatur</span> <span class='ocrx_word' id='word_1_122' title='bbox 1241 1888 1298 1937; x_wconf 91' lang='lat' dir='ltr'>et</span> <span class='ocrx_word' id='word_1_123' title='bbox 1329 1883 1390 1937; x_wconf 92' lang='lat' dir='ltr'>in</span> <span class='ocrx_word' id='word_1_124' title='bbox 1421 1881 1536 1936; x_wconf 92' lang='lat' dir='ltr'>duo</span> <span class='ocrx_word' id='word_1_125' title='bbox 1587 1883 1904 1950; x_wconf 89' lang='lat' dir='ltr'>dividitur;</span> <span class='ocrx_word' id='word_1_126' title='bbox 1956 1881 2116 1954; x_wconf 91' lang='lat' dir='ltr'>quod</span> 
     </span>
    </p>
   </div>
   <div class='ocr_carea' id='block_1_21' title="bbox 459 1971 2115 2045">
    <p class='ocr_par' dir='ltr' id='par_1_21' title="bbox 459 1971 2115 2045">
     <span class='ocr_line' id='line_1_21' title="bbox 459 1971 2115 2045; baseline -0.002 -15"><span class='ocrx_word' id='word_1_127' title='bbox 459 1975 532 2031; x_wconf 91' lang='lat' dir='ltr'>ad</span> <span class='ocrx_word' id='word_1_128' title='bbox 565 1979 838 2045; x_wconf 87' lang='lat' dir='ltr'>quartum</span> <span class='ocrx_word' id='word_1_129' title='bbox 871 1973 1110 2028; x_wconf 88' lang='lat' dir='ltr'>titulum</span> <span class='ocrx_word' id='word_1_130' title='bbox 1153 1972 1385 2038; x_wconf 87' lang='lat' dir='ltr'>attinet,</span> <span class='ocrx_word' id='word_1_131' title='bbox 1435 1971 1719 2044; x_wconf 89' lang='lat' dir='ltr'>jubemus</span> <span class='ocrx_word' id='word_1_132' title='bbox 1770 1978 1836 2028; x_wconf 91' lang='lat' dir='ltr'>ut</span> <span class='ocrx_word' id='word_1_133' title='bbox 1864 1972 2115 2028; x_wconf 90' lang='lat' dir='ltr'>duorum</span> 
     </span>
    </p>
   </div>
   <div class='ocr_carea' id='block_1_22' title="bbox 459 2060 2117 2136">
    <p class='ocr_par' dir='ltr' id='par_1_22' title="bbox 459 2060 2117 2136">
     <span class='ocr_line' id='line_1_22' title="bbox 459 2060 2117 2136; baseline -0.001 -18"><span class='ocrx_word' id='word_1_134' title='bbox 459 2063 884 2119; x_wconf 87' lang='lat' dir='ltr'>verisimilium</span> <span class='ocrx_word' id='word_1_135' title='bbox 919 2063 996 2118; x_wconf 91' lang='lat' dir='ltr'>sit</span> <span class='ocrx_word' id='word_1_136' title='bbox 1024 2062 1165 2117; x_wconf 93' lang='lat' dir='ltr'>unio</span> <span class='ocrx_word' id='word_1_137' title='bbox 1199 2067 1257 2116; x_wconf 92' lang='lat' dir='ltr'>et</span> <span class='ocrx_word' id='word_1_138' title='bbox 1286 2061 1634 2136; x_wconf 58' lang='lat' dir='ltr'>consensio,</span> <span class='ocrx_word' id='word_1_139' title='bbox 1667 2060 1749 2116; x_wconf 89' lang='lat' dir='ltr'>ita</span> <span class='ocrx_word' id='word_1_140' title='bbox 1777 2061 2020 2132; x_wconf 91' lang='lat' dir='ltr'>quidem</span> <span class='ocrx_word' id='word_1_141' title='bbox 2050 2066 2117 2116; x_wconf 91' lang='lat' dir='ltr'>ut</span> 
     </span>
    </p>
   </div>
   <div class='ocr_carea' id='block_1_23' title="bbox 463 2150 2115 2222">
    <p class='ocr_par' dir='ltr' id='par_1_23' title="bbox 463 2150 2115 2222">
     <span class='ocr_line' id='line_1_23' title="bbox 463 2150 2115 2222; baseline -0.004 -11"><span class='ocrx_word' id='word_1_142' title='bbox 463 2153 788 2211; x_wconf 85' lang='lat' dir='ltr'>concilium</span> <span class='ocrx_word' id='word_1_143' title='bbox 820 2151 890 2207; x_wconf 89' lang='lat' dir='ltr'>ab</span> <span class='ocrx_word' id='word_1_144' title='bbox 920 2150 1350 2222; x_wconf 90' lang='lat' dir='ltr'>impotentibus</span> <span class='ocrx_word' id='word_1_145' title='bbox 1379 2150 1453 2206; x_wconf 88' lang='lat' dir='ltr'>ad</span> <span class='ocrx_word' id='word_1_146' title='bbox 1474 2155 1746 2221; x_wconf 91' lang='lat' dir='ltr'>potentes</span> <span class='ocrx_word' id='word_1_147' title='bbox 1769 2150 1920 2205; x_wconf 87' lang='lat' dir='ltr'>viam</span> <span class='ocrx_word' id='word_1_148' title='bbox 1952 2151 2115 2205; x_wconf 90' lang='lat' dir='ltr'>inve-</span> 
     </span>
    </p>
   </div>
   <div class='ocr_carea' id='block_1_24' title="bbox 461 2239 2118 2312">
    <p class='ocr_par' dir='ltr' id='par_1_24' title="bbox 461 2239 2118 2312">
     <span class='ocr_line' id='line_1_24' title="bbox 461 2239 2118 2312; baseline -0.002 -15"><span class='ocrx_word' id='word_1_149' title='bbox 461 2243 607 2309; x_wconf 90' lang='lat' dir='ltr'>niat,</span> <span class='ocrx_word' id='word_1_150' title='bbox 638 2247 696 2296; x_wconf 89' lang='lat' dir='ltr'>et</span> <span class='ocrx_word' id='word_1_151' title='bbox 724 2247 792 2298; x_wconf 91' lang='lat' dir='ltr'>ut</span> <span class='ocrx_word' id='word_1_152' title='bbox 837 2241 1154 2296; x_wconf 88' lang='lat' dir='ltr'>consensio</span> <span class='ocrx_word' id='word_1_153' title='bbox 1201 2244 1531 2295; x_wconf 90' lang='lat' dir='ltr'>memorata</span> <span class='ocrx_word' id='word_1_154' title='bbox 1561 2245 1619 2294; x_wconf 90' lang='lat' dir='ltr'>et</span> <span class='ocrx_word' id='word_1_155' title='bbox 1647 2239 1972 2311; x_wconf 87' lang='lat' dir='ltr'>prioritatis</span> <span class='ocrx_word' id='word_1_156' title='bbox 1997 2240 2118 2312; x_wconf 86' lang='lat' dir='ltr'>pri-</span> 
     </span>
    </p>
   </div>
   <div class='ocr_carea' id='block_1_25' title="bbox 458 2328 2118 2403">
    <p class='ocr_par' dir='ltr' id='par_1_25' title="bbox 458 2328 2118 2403">
     <span class='ocr_line' id='line_1_25' title="bbox 458 2328 2118 2403; baseline -0.001 -18"><span class='ocrx_word' id='word_1_157' title='bbox 458 2331 736 2403; x_wconf 81' lang='lat' dir='ltr'>vilegium</span> <span class='ocrx_word' id='word_1_158' title='bbox 795 2329 1158 2401; x_wconf 90' lang='lat' dir='ltr'>conspirent.</span> <span class='ocrx_word' id='word_1_159' title='bbox 1223 2328 1588 2399; x_wconf 85' lang='lat' dir='ltr'>Pauperibus</span> <span class='ocrx_word' id='word_1_160' title='bbox 1637 2329 1819 2400; x_wconf 84' lang='lat' dir='ltr'>igitur</span> <span class='ocrx_word' id='word_1_161' title='bbox 1873 2345 2118 2385; x_wconf 89' lang='lat' dir='ltr'>manum</span> 
     </span>
    </p>
   </div>
   <div class='ocr_carea' id='block_1_26' title="bbox 453 2418 2110 2492">
    <p class='ocr_par' dir='ltr' id='par_1_26' title="bbox 453 2418 2110 2492">
     <span class='ocr_line' id='line_1_26' title="bbox 453 2418 2110 2492; baseline -0.002 -14"><span class='ocrx_word' id='word_1_162' title='bbox 453 2422 888 2479; x_wconf 82' lang='lat' dir='ltr'>auxiliatricem</span> <span class='ocrx_word' id='word_1_163' title='bbox 919 2422 1310 2492; x_wconf 81' lang='lat' dir='ltr'>porrigamus,</span> <span class='ocrx_word' id='word_1_164' title='bbox 1359 2420 1552 2490; x_wconf 90' lang='lat' dir='ltr'>iisque</span> <span class='ocrx_word' id='word_1_165' title='bbox 1599 2419 1659 2473; x_wconf 93' lang='lat' dir='ltr'>id</span> <span class='ocrx_word' id='word_1_166' title='bbox 1691 2418 1851 2491; x_wconf 90' lang='lat' dir='ltr'>quod</span> <span class='ocrx_word' id='word_1_167' title='bbox 1901 2419 1973 2475; x_wconf 91' lang='lat' dir='ltr'>de</span> <span class='ocrx_word' id='word_1_168' title='bbox 2004 2437 2110 2491; x_wconf 87' lang='lat' dir='ltr'>po-</span> 
     </span>
    </p>
   </div>
   <div class='ocr_carea' id='block_1_27' title="bbox 459 2509 2121 2582">
    <p class='ocr_par' dir='ltr' id='par_1_27' title="bbox 459 2509 2121 2582">
     <span class='ocr_line' id='line_1_27' title="bbox 459 2509 2121 2582; baseline -0.001 -16"><span class='ocrx_word' id='word_1_169' title='bbox 459 2512 718 2566; x_wconf 90' lang='lat' dir='ltr'>tentium</span> <span class='ocrx_word' id='word_1_170' title='bbox 748 2509 1016 2582; x_wconf 89' lang='lat' dir='ltr'>potentia</span> <span class='ocrx_word' id='word_1_171' title='bbox 1049 2513 1320 2580; x_wconf 88' lang='lat' dir='ltr'>superest</span> <span class='ocrx_word' id='word_1_172' title='bbox 1351 2509 1772 2564; x_wconf 85' lang='lat' dir='ltr'>concedamus.</span> <span class='ocrx_word' id='word_1_173' title='bbox 1806 2510 1886 2564; x_wconf 92' lang='lat' dir='ltr'>Ea</span> <span class='ocrx_word' id='word_1_174' title='bbox 1915 2509 2121 2565; x_wconf 91' lang='lat' dir='ltr'>itidem</span> 
     </span>
    </p>
   </div>
   <div class='ocr_carea' id='block_1_28' title="bbox 461 2597 2118 2670">
    <p class='ocr_par' dir='ltr' id='par_1_28' title="bbox 461 2597 2118 2670">
     <span class='ocr_line' id='line_1_28' title="bbox 461 2597 2118 2670; baseline -0.001 -13"><span class='ocrx_word' id='word_1_175' title='bbox 461 2617 604 2657; x_wconf 90' lang='lat' dir='ltr'>cura</span> <span class='ocrx_word' id='word_1_176' title='bbox 632 2599 745 2656; x_wconf 88' lang='lat' dir='ltr'>fuit</span> <span class='ocrx_word' id='word_1_177' title='bbox 790 2600 879 2655; x_wconf 90' lang='lat' dir='ltr'>avi</span> <span class='ocrx_word' id='word_1_178' title='bbox 931 2599 1120 2654; x_wconf 89' lang='lat' dir='ltr'>nostri</span> <span class='ocrx_word' id='word_1_179' title='bbox 1179 2598 1291 2670; x_wconf 79' lang='lat' dir='ltr'>piae</span> <span class='ocrx_word' id='word_1_180' title='bbox 1352 2599 1680 2667; x_wconf 64' lang='lat' dir='ltr'>memorias,</span> <span class='ocrx_word' id='word_1_181' title='bbox 1735 2597 1977 2654; x_wconf 91' lang='lat' dir='ltr'>domino</span> <span class='ocrx_word' id='word_1_182' title='bbox 2010 2601 2118 2655; x_wconf 83' lang='lat' dir='ltr'>Ro-</span> 
     </span>
    </p>
   </div>
   <div class='ocr_carea' id='block_1_29' title="bbox 459 2688 2120 2760">
    <p class='ocr_par' dir='ltr' id='par_1_29' title="bbox 459 2688 2120 2760">
     <span class='ocr_line' id='line_1_29' title="bbox 459 2688 2120 2760; baseline -0.002 -13"><span class='ocrx_word' id='word_1_183' title='bbox 459 2706 640 2748; x_wconf 90' lang='lat' dir='ltr'>mano</span> <span class='ocrx_word' id='word_1_184' title='bbox 672 2689 893 2745; x_wconf 91' lang='lat' dir='ltr'>seniori</span> <span class='ocrx_word' id='word_1_185' title='bbox 922 2710 936 2756; x_wconf 92' lang='lat'><strong>;</strong></span> <span class='ocrx_word' id='word_1_186' title='bbox 966 2704 1202 2760; x_wconf 90' lang='lat' dir='ltr'>semper</span> <span class='ocrx_word' id='word_1_187' title='bbox 1233 2689 1393 2743; x_wconf 91' lang='lat' dir='ltr'>enim</span> <span class='ocrx_word' id='word_1_188' title='bbox 1421 2688 1561 2760; x_wconf 88' lang='lat' dir='ltr'>jura</span> <span class='ocrx_word' id='word_1_189' title='bbox 1590 2693 1806 2744; x_wconf 88' lang='lat' dir='ltr'>natura</span> <span class='ocrx_word' id='word_1_190' title='bbox 1836 2703 1945 2744; x_wconf 88' lang='lat' dir='ltr'>sua</span> <span class='ocrx_word' id='word_1_191' title='bbox 1974 2688 2120 2744; x_wconf 88' lang='lat' dir='ltr'>inal-</span> 
     </span>
    </p>
   </div>
   <div class='ocr_carea' id='block_1_30' title="bbox 461 2777 2118 2850">
    <p class='ocr_par' dir='ltr' id='par_1_30' title="bbox 461 2777 2118 2850">
     <span class='ocr_line' id='line_1_30' title="bbox 461 2777 2118 2850; baseline -0.002 -15"><span class='ocrx_word' id='word_1_192' title='bbox 461 2779 737 2835; x_wconf 86' lang='lat' dir='ltr'>terabilia</span> <span class='ocrx_word' id='word_1_193' title='bbox 765 2778 837 2834; x_wconf 88' lang='lat' dir='ltr'>ab</span> <span class='ocrx_word' id='word_1_194' title='bbox 870 2777 1296 2850; x_wconf 90' lang='lat' dir='ltr'>impotentibus</span> <span class='ocrx_word' id='word_1_195' title='bbox 1345 2794 1413 2833; x_wconf 89' lang='lat' dir='ltr'>ac</span> <span class='ocrx_word' id='word_1_196' title='bbox 1466 2781 1740 2849; x_wconf 90' lang='lat' dir='ltr'>potentes</span> <span class='ocrx_word' id='word_1_197' title='bbox 1790 2777 2118 2834; x_wconf 88' lang='lat' dir='ltr'>transtulit.</span> 
     </span>
    </p>
   </div>
   <div class='ocr_carea' id='block_1_31' title="bbox 2227 635 3870 716">
    <p class='ocr_par' dir='ltr' id='par_1_31' title="bbox 2227 635 3870 716">
     <span class='ocr_line' id='line_1_31' title="bbox 2227 635 3870 716; baseline 0.003 -27"><span class='ocrx_word' id='word_1_198' title='bbox 2227 635 2442 709; x_wconf 83' lang='grc' dir='ltr'>μᾶλλον</span> <span class='ocrx_word' id='word_1_199' title='bbox 2478 636 2660 692; x_wconf 80' lang='grc' dir='ltr'>ὁποῖοι</span> <span class='ocrx_word' id='word_1_200' title='bbox 2695 639 2754 692; x_wconf 80' lang='grc' dir='ltr'>ἃν</span> <span class='ocrx_word' id='word_1_201' title='bbox 2796 659 2934 700; x_wconf 90' lang='grc' dir='ltr'>τινες</span> <span class='ocrx_word' id='word_1_202' title='bbox 2989 640 3079 692; x_wconf 87' lang='grc' dir='ltr'>καὶ</span> <span class='ocrx_word' id='word_1_203' title='bbox 3134 637 3234 693; x_wconf 77' lang='grc' dir='ltr'>εἶεν</span> <span class='ocrx_word' id='word_1_204' title='bbox 3294 637 3706 694; x_wconf 86' lang='grc' dir='ltr'>συνελαύνεσθαι</span> <span class='ocrx_word' id='word_1_205' title='bbox 3737 640 3870 716; x_wconf 88' lang='grc' dir='ltr'>πρὸς</span> 
     </span>
    </p>
   </div>
   <div class='ocr_carea' id='block_1_32' title="bbox 2220 731 3868 813">
    <p class='ocr_par' dir='ltr' id='par_1_32' title="bbox 2220 731 3868 813">
     <span class='ocr_line' id='line_1_32' title="bbox 2220 731 3868 813; baseline 0.002 -23"><span class='ocrx_word' id='word_1_206' title='bbox 2220 737 2320 805; x_wconf 79' lang='grc' dir='ltr'>τὴν</span> <span class='ocrx_word' id='word_1_207' title='bbox 2349 731 2538 792; x_wconf 73' lang='grc' dir='ltr'>ἕνωσιν</span> <span class='ocrx_word' id='word_1_208' title='bbox 2567 738 2674 792; x_wconf 85' lang='grc' dir='ltr'>τῶν</span> <span class='ocrx_word' id='word_1_209' title='bbox 2707 739 3068 813; x_wconf 73' lang='grc' dir='ltr'>αἱρουμένων,</span> <span class='ocrx_word' id='word_1_210' title='bbox 3127 736 3216 792; x_wconf 84' lang='grc' dir='ltr'>καὶ</span> <span class='ocrx_word' id='word_1_211' title='bbox 3269 744 3483 812; x_wconf 78' lang='grc' dir='ltr'>κρατεῖν</span> <span class='ocrx_word' id='word_1_212' title='bbox 3541 739 3606 794; x_wconf 86' lang='grc' dir='ltr'>τὸ</span> <span class='ocrx_word' id='word_1_213' title='bbox 3637 737 3868 794; x_wconf 87' lang='grc' dir='ltr'>παλαιὸν</span> 
     </span>
    </p>
   </div>
   <div class='ocr_carea' id='block_1_33' title="bbox 2219 825 3872 902">
    <p class='ocr_par' dir='ltr' id='par_1_33' title="bbox 2219 825 3872 902">
     <span class='ocr_line' id='line_1_33' title="bbox 2219 825 3872 902; baseline 0.001 -22"><span class='ocrx_word' id='word_1_214' title='bbox 2219 829 2316 880; x_wconf 79' lang='grc' dir='ltr'>τοῦ</span> <span class='ocrx_word' id='word_1_215' title='bbox 2345 825 2514 881; x_wconf 88' lang='grc' dir='ltr'>τόπου</span> <span class='ocrx_word' id='word_1_216' title='bbox 2535 827 2862 902; x_wconf 83' lang='grc' dir='ltr'>προνόμιον.</span> <span class='ocrx_word' id='word_1_217' title='bbox 2899 827 2996 882; x_wconf 84' lang='grc' dir='ltr'>Καὶ</span> <span class='ocrx_word' id='word_1_218' title='bbox 3056 825 3170 882; x_wconf 75' lang='grc' dir='ltr'>ἐπεὶ</span> <span class='ocrx_word' id='word_1_219' title='bbox 3233 829 3287 881; x_wconf 79' lang='grc' dir='ltr'>αἱ</span> <span class='ocrx_word' id='word_1_220' title='bbox 3349 827 3720 901; x_wconf 82' lang='grc' dir='ltr'>μεταστάσεις,</span> <span class='ocrx_word' id='word_1_221' title='bbox 3753 825 3872 897; x_wconf 71' lang='grc' dir='ltr'>ἤτοι</span> 
     </span>
    </p>
   </div>
   <div class='ocr_carea' id='block_1_34' title="bbox 2225 923 3875 1001">
    <p class='ocr_par' dir='ltr' id='par_1_34' title="bbox 2225 923 3875 1001">
     <span class='ocr_line' id='line_1_34' title="bbox 2225 923 3875 1001; baseline 0.002 -24"><span class='ocrx_word' id='word_1_222' title='bbox 2225 924 2534 996; x_wconf 72' lang='grc' dir='ltr'>μεταθέσεις</span> <span class='ocrx_word' id='word_1_223' title='bbox 2578 931 2684 980; x_wconf 89' lang='grc' dir='ltr'>τῶν</span> <span class='ocrx_word' id='word_1_224' title='bbox 2720 925 3096 1001; x_wconf 83' lang='grc' dir='ltr'>πανηγύρεων,</span> <span class='ocrx_word' id='word_1_225' title='bbox 3155 930 3436 1001; x_wconf 77' lang='grc' dir='ltr'>τετραχῶς</span> <span class='ocrx_word' id='word_1_226' title='bbox 3483 927 3582 994; x_wconf 80' lang='grc' dir='ltr'>τὴν</span> <span class='ocrx_word' id='word_1_227' title='bbox 3619 923 3875 1000; x_wconf 76' lang='grc' dir='ltr'>διαίρεσιν</span> 
     </span>
    </p>
   </div>
   <div class='ocr_carea' id='block_1_35' title="bbox 2224 1009 3874 1090">
    <p class='ocr_par' dir='ltr' id='par_1_35' title="bbox 2224 1009 3874 1090">
     <span class='ocr_line' id='line_1_35' title="bbox 2224 1009 3874 1090; baseline 0.002 -23"><span class='ocrx_word' id='word_1_228' title='bbox 2224 1009 2498 1088; x_wconf 77' lang='grc' dir='ltr'>δέχονται’</span> <span class='ocrx_word' id='word_1_229' title='bbox 2531 1014 2566 1084; x_wconf 74' lang='grc' dir='ltr'><strong>ἢ</strong></span> <span class='ocrx_word' id='word_1_230' title='bbox 2597 1015 2698 1090; x_wconf 79' lang='grc' dir='ltr'>γὰρ</span> <span class='ocrx_word' id='word_1_231' title='bbox 2757 1015 2863 1069; x_wconf 88' lang='grc' dir='ltr'>ἀπὸ</span> <span class='ocrx_word' id='word_1_232' title='bbox 2925 1012 3168 1070; x_wconf 80' lang='grc' dir='ltr'>δυνατῶν</span> <span class='ocrx_word' id='word_1_233' title='bbox 3201 1015 3304 1080; x_wconf 82' lang='grc' dir='ltr'>,εἷς</span> <span class='ocrx_word' id='word_1_234' title='bbox 3353 1013 3612 1077; x_wconf 78' lang='grc' dir='ltr'>δυνατοὺς</span> <span class='ocrx_word' id='word_1_235' title='bbox 3660 1015 3874 1071; x_wconf 82' lang='grc' dir='ltr'>εἰώθασί</span> 
     </span>
    </p>
   </div>
   <div class='ocr_carea' id='block_1_36' title="bbox 2227 1110 3874 1186">
    <p class='ocr_par' dir='ltr' id='par_1_36' title="bbox 2227 1110 3874 1186">
     <span class='ocr_line' id='line_1_36' title="bbox 2227 1110 3874 1186; baseline 0.002 -20"><span class='ocrx_word' id='word_1_236' title='bbox 2227 1111 2624 1184; x_wconf 77' lang='grc' dir='ltr'>μετατίθεσθαι,</span> <span class='ocrx_word' id='word_1_237' title='bbox 2655 1112 2689 1181; x_wconf 72' lang='grc' dir='ltr'><strong>ἢ</strong></span> <span class='ocrx_word' id='word_1_238' title='bbox 2724 1112 2829 1166; x_wconf 84' lang='grc' dir='ltr'>ἀπὸ</span> <span class='ocrx_word' id='word_1_239' title='bbox 2889 1111 3164 1167; x_wconf 85' lang='grc' dir='ltr'>ἀδυνάτων</span> <span class='ocrx_word' id='word_1_240' title='bbox 3217 1112 3294 1173; x_wconf 66' lang='grc' dir='ltr'>εἲς</span> <span class='ocrx_word' id='word_1_241' title='bbox 3347 1110 3662 1186; x_wconf 79' lang='grc' dir='ltr'>ἀδυνάτους,</span> <span class='ocrx_word' id='word_1_242' title='bbox 3697 1115 3732 1183; x_wconf 72' lang='grc' dir='ltr'>ἢ</span> <span class='ocrx_word' id='word_1_243' title='bbox 3767 1111 3874 1169; x_wconf 83' lang='grc' dir='ltr'>ἀπὸ</span> 
     </span>
    </p>
   </div>
   <div class='ocr_carea' id='block_1_37' title="bbox 2225 1197 3874 1273">
    <p class='ocr_par' dir='ltr' id='par_1_37' title="bbox 2225 1197 3874 1273">
     <span class='ocr_line' id='line_1_37' title="bbox 2225 1197 3874 1273; baseline 0.001 -19"><span class='ocrx_word' id='word_1_244' title='bbox 2225 1197 2463 1255; x_wconf 81' lang='grc' dir='ltr'>δυνατῶν</span> <span class='ocrx_word' id='word_1_245' title='bbox 2497 1199 2574 1262; x_wconf 77' lang='grc' dir='ltr'>εἷς</span> <span class='ocrx_word' id='word_1_246' title='bbox 2607 1198 2922 1268; x_wconf 81' lang='grc' dir='ltr'>ἀδυνάτους,</span> <span class='ocrx_word' id='word_1_247' title='bbox 2956 1203 2990 1271; x_wconf 77' lang='grc' dir='ltr'><strong>ἢ</strong></span> <span class='ocrx_word' id='word_1_248' title='bbox 3025 1201 3131 1256; x_wconf 87' lang='grc' dir='ltr'>ἀπὸ</span> <span class='ocrx_word' id='word_1_249' title='bbox 3184 1197 3459 1256; x_wconf 85' lang='grc' dir='ltr'>ἀδυνάτων</span> <span class='ocrx_word' id='word_1_250' title='bbox 3493 1202 3570 1260; x_wconf 80' lang='grc' dir='ltr'>εἷς</span> <span class='ocrx_word' id='word_1_251' title='bbox 3603 1199 3874 1273; x_wconf 86' lang='grc' dir='ltr'>δυνατοὺς,</span> 
     </span>
    </p>
   </div>
   <div class='ocr_carea' id='block_1_38' title="bbox 2221 1286 3870 1368">
    <p class='ocr_par' dir='ltr' id='par_1_38' title="bbox 2221 1286 3870 1368">
     <span class='ocr_line' id='line_1_38' title="bbox 2221 1286 3870 1368; baseline 0.001 -24"><span class='ocrx_word' id='word_1_252' title='bbox 2221 1287 2288 1344; x_wconf 79' lang='grc' dir='ltr'>τὰ</span> <span class='ocrx_word' id='word_1_253' title='bbox 2322 1290 2416 1362; x_wconf 72' lang='grc' dir='ltr'>μὲν</span> <span class='ocrx_word' id='word_1_254' title='bbox 2446 1286 2555 1359; x_wconf 71' lang='grc' dir='ltr'>ἤδη</span> <span class='ocrx_word' id='word_1_255' title='bbox 2595 1290 3052 1364; x_wconf 85' lang='grc' dir='ltr'>προθεσπισθέντα</span> <span class='ocrx_word' id='word_1_256' title='bbox 3110 1289 3197 1345; x_wconf 72' lang='grc' dir='ltr'>ἐπὶ</span> <span class='ocrx_word' id='word_1_257' title='bbox 3254 1294 3362 1345; x_wconf 90' lang='grc' dir='ltr'>τῶν</span> <span class='ocrx_word' id='word_1_258' title='bbox 3416 1295 3581 1366; x_wconf 81' lang='grc' dir='ltr'>τριῶν</span> <span class='ocrx_word' id='word_1_259' title='bbox 3639 1293 3870 1368; x_wconf 85' lang='grc' dir='ltr'>πρώτων</span> 
     </span>
    </p>
   </div>
   <div class='ocr_carea' id='block_1_39' title="bbox 2223 1374 3876 1453">
    <p class='ocr_par' dir='ltr' id='par_1_39' title="bbox 2223 1374 3876 1453">
     <span class='ocr_line' id='line_1_39' title="bbox 2223 1374 3876 1453; baseline 0 -20"><span class='ocrx_word' id='word_1_260' title='bbox 2223 1378 2313 1434; x_wconf 86' lang='grc' dir='ltr'>καὶ</span> <span class='ocrx_word' id='word_1_261' title='bbox 2347 1378 2528 1451; x_wconf 88' lang='grc' dir='ltr'>μόνων</span> <span class='ocrx_word' id='word_1_262' title='bbox 2547 1379 2646 1447; x_wconf 75' lang='grc' dir='ltr'>τὴν</span> <span class='ocrx_word' id='word_1_263' title='bbox 2682 1377 2840 1453; x_wconf 81' lang='grc' dir='ltr'>ἰσχὺν</span> <span class='ocrx_word' id='word_1_264' title='bbox 2899 1374 3001 1448; x_wconf 75' lang='grc' dir='ltr'>ἔξει</span> <span class='ocrx_word' id='word_1_265' title='bbox 3063 1378 3333 1451; x_wconf 81' lang='grc' dir='ltr'>θεμάτων,</span> <span class='ocrx_word' id='word_1_266' title='bbox 3390 1377 3517 1449; x_wconf 75' lang='grc' dir='ltr'>ἤτοι</span> <span class='ocrx_word' id='word_1_267' title='bbox 3576 1379 3664 1435; x_wconf 80' lang='grc' dir='ltr'>ἐπί</span> <span class='ocrx_word' id='word_1_268' title='bbox 3692 1401 3750 1436; x_wconf 80' lang='grc' dir='ltr'>τε</span> <span class='ocrx_word' id='word_1_269' title='bbox 3772 1385 3876 1435; x_wconf 90' lang='grc' dir='ltr'>τῶν</span> 
     </span>
    </p>
   </div>
   <div class='ocr_carea' id='block_1_40' title="bbox 2224 1474 3880 1550">
    <p class='ocr_par' dir='ltr' id='par_1_40' title="bbox 2224 1474 3880 1550">
     <span class='ocr_line' id='line_1_40' title="bbox 2224 1474 3880 1550; baseline 0.001 -18"><span class='ocrx_word' id='word_1_270' title='bbox 2224 1477 2284 1532; x_wconf 78' lang='grc' dir='ltr'>ἐκ</span> <span class='ocrx_word' id='word_1_271' title='bbox 2313 1474 2551 1532; x_wconf 89' lang='grc' dir='ltr'>δυνατῶν</span> <span class='ocrx_word' id='word_1_272' title='bbox 2598 1477 2673 1538; x_wconf 85' lang='grc' dir='ltr'>είς</span> <span class='ocrx_word' id='word_1_273' title='bbox 2731 1475 2988 1540; x_wconf 78' lang='grc' dir='ltr'>δυνατοὺς</span> <span class='ocrx_word' id='word_1_274' title='bbox 3049 1479 3382 1550; x_wconf 88' lang='grc' dir='ltr'>μεταθέσεων</span> <span class='ocrx_word' id='word_1_275' title='bbox 3437 1479 3528 1533; x_wconf 83' lang='grc' dir='ltr'>καὶ</span> <span class='ocrx_word' id='word_1_276' title='bbox 3583 1478 3689 1534; x_wconf 89' lang='grc' dir='ltr'>ἀπὸ</span> <span class='ocrx_word' id='word_1_277' title='bbox 3749 1477 3880 1534; x_wconf 81' lang='grc' dir='ltr'>ἀδυ-</span> 
     </span>
    </p>
   </div>
   <div class='ocr_carea' id='block_1_41' title="bbox 2223 1563 3876 1632">
    <p class='ocr_par' dir='ltr' id='par_1_41' title="bbox 2223 1563 3876 1632">
     <span class='ocr_line' id='line_1_41' title="bbox 2223 1563 3876 1632; baseline 0.003 -12"><span class='ocrx_word' id='word_1_278' title='bbox 2223 1568 2396 1622; x_wconf 90' lang='grc' dir='ltr'>νάτων</span> <span class='ocrx_word' id='word_1_279' title='bbox 2431 1568 2507 1629; x_wconf 86' lang='grc' dir='ltr'>εἰς</span> <span class='ocrx_word' id='word_1_280' title='bbox 2565 1563 2862 1629; x_wconf 82' lang='grc' dir='ltr'>ἀδυνάτους</span> <span class='ocrx_word' id='word_1_281' title='bbox 2891 1567 2983 1621; x_wconf 84' lang='grc' dir='ltr'>καὶ</span> <span class='ocrx_word' id='word_1_282' title='bbox 3042 1567 3147 1621; x_wconf 85' lang='grc' dir='ltr'>ἀπὸ</span> <span class='ocrx_word' id='word_1_283' title='bbox 3180 1565 3416 1623; x_wconf 88' lang='grc' dir='ltr'>δυνατῶν</span> <span class='ocrx_word' id='word_1_284' title='bbox 3451 1567 3527 1631; x_wconf 82' lang='grc' dir='ltr'>εἰς</span> <span class='ocrx_word' id='word_1_285' title='bbox 3561 1565 3876 1632; x_wconf 86' lang='grc' dir='ltr'>ἀδυνάτους.</span> 
     </span>
    </p>
   </div>
   <div class='ocr_carea' id='block_1_42' title="bbox 2225 1656 3876 1734">
    <p class='ocr_par' dir='ltr' id='par_1_42' title="bbox 2225 1656 3876 1734">
     <span class='ocr_line' id='line_1_42' title="bbox 2225 1656 3876 1734; baseline 0.001 -22"><span class='ocrx_word' id='word_1_286' title='bbox 2225 1659 2304 1715; x_wconf 88' lang='grc' dir='ltr'>Τὸ</span> <span class='ocrx_word' id='word_1_287' title='bbox 2336 1657 2439 1733; x_wconf 84' lang='grc' dir='ltr'>γὰρ</span> <span class='ocrx_word' id='word_1_288' title='bbox 2496 1658 2752 1733; x_wconf 87' lang='grc' dir='ltr'>τέταρτον</span> <span class='ocrx_word' id='word_1_289' title='bbox 2810 1657 3106 1734; x_wconf 75' lang='grc' dir='ltr'>κεφάλαιον</span> <span class='ocrx_word' id='word_1_290' title='bbox 3169 1656 3487 1734; x_wconf 82' lang='grc' dir='ltr'>ίδικωτέρας</span> <span class='ocrx_word' id='word_1_291' title='bbox 3541 1659 3632 1713; x_wconf 86' lang='grc' dir='ltr'>καὶ</span> <span class='ocrx_word' id='word_1_292' title='bbox 3683 1657 3876 1734; x_wconf 81' lang='grc' dir='ltr'>φιλαν-</span> 
     </span>
    </p>
   </div>
   <div class='ocr_carea' id='block_1_43' title="bbox 2227 1745 3878 1823">
    <p class='ocr_par' dir='ltr' id='par_1_43' title="bbox 2227 1745 3878 1823">
     <span class='ocr_line' id='line_1_43' title="bbox 2227 1745 3878 1823; baseline 0.002 -23"><span class='ocrx_word' id='word_1_293' title='bbox 2227 1747 2576 1821; x_wconf 78' lang='grc' dir='ltr'>θρωποτέρας</span> <span class='ocrx_word' id='word_1_294' title='bbox 2635 1745 2871 1819; x_wconf 79' lang='grc' dir='ltr'>τεύξεται</span> <span class='ocrx_word' id='word_1_295' title='bbox 2929 1753 3030 1816; x_wconf 88' lang='grc' dir='ltr'>τῆς</span> <span class='ocrx_word' id='word_1_296' title='bbox 3090 1746 3360 1823; x_wconf 78' lang='grc' dir='ltr'>ἡμετέρας</span> <span class='ocrx_word' id='word_1_297' title='bbox 3420 1747 3732 1823; x_wconf 82' lang='grc' dir='ltr'>ἐρμηνείας’</span> <span class='ocrx_word' id='word_1_298' title='bbox 3763 1747 3878 1804; x_wconf 84' lang='grc' dir='ltr'>ἐπεὶ</span> 
     </span>
    </p>
   </div>
   <div class='ocr_carea' id='block_1_44' title="bbox 2224 1843 3880 1922">
    <p class='ocr_par' dir='ltr' id='par_1_44' title="bbox 2224 1843 3880 1922">
     <span class='ocr_line' id='line_1_44' title="bbox 2224 1843 3880 1922; baseline 0.001 -22"><span class='ocrx_word' id='word_1_299' title='bbox 2224 1846 2325 1922; x_wconf 76' lang='grc' dir='ltr'>γὰρ</span> <span class='ocrx_word' id='word_1_300' title='bbox 2357 1845 2610 1922; x_wconf 80' lang='grc' dir='ltr'>εὐχέρεια</span> <span class='ocrx_word' id='word_1_301' title='bbox 2655 1851 2772 1910; x_wconf 86' lang='grc' dir='ltr'>τοῖς</span> <span class='ocrx_word' id='word_1_302' title='bbox 2825 1843 3070 1908; x_wconf 82' lang='grc' dir='ltr'>δυνατοῖς</span> <span class='ocrx_word' id='word_1_303' title='bbox 3103 1845 3290 1915; x_wconf 85' lang='grc' dir='ltr'>πολλή</span> <span class='ocrx_word' id='word_1_304' title='bbox 3345 1868 3428 1909; x_wconf 88' lang='grc' dir='ltr'>τις</span> <span class='ocrx_word' id='word_1_305' title='bbox 3487 1847 3595 1902; x_wconf 84' lang='grc' dir='ltr'>ἐστὶ</span> <span class='ocrx_word' id='word_1_306' title='bbox 3651 1848 3787 1922; x_wconf 78' lang='grc' dir='ltr'>πρὸς</span> <span class='ocrx_word' id='word_1_307' title='bbox 3818 1848 3880 1903; x_wconf 88' lang='grc' dir='ltr'>τὸ</span> 
     </span>
    </p>
   </div>
   <div class='ocr_carea' id='block_1_45' title="bbox 2147 1931 3874 2013">
    <p class='ocr_par' dir='ltr' id='par_1_45' title="bbox 2147 1931 3874 2013">
     <span class='ocr_line' id='line_1_45' title="bbox 2147 1931 3874 2013; baseline 0 -22"><span class='ocrx_word' id='word_1_308' title='bbox 2147 1931 2192 1996; x_wconf 86' lang='grc' dir='ltr'>Β</span> <span class='ocrx_word' id='word_1_309' title='bbox 2219 1935 2313 1997; x_wconf 66' lang='grc' dir='ltr'>τὰς</span> <span class='ocrx_word' id='word_1_310' title='bbox 2345 1934 2678 2013; x_wconf 83' lang='grc' dir='ltr'>πανηγύρεις</span> <span class='ocrx_word' id='word_1_311' title='bbox 2715 1934 2822 1989; x_wconf 88' lang='grc' dir='ltr'>ἀπὸ</span> <span class='ocrx_word' id='word_1_312' title='bbox 2871 1939 2980 1990; x_wconf 88' lang='grc' dir='ltr'>τῶν</span> <span class='ocrx_word' id='word_1_313' title='bbox 3041 1933 3264 1990; x_wconf 87' lang='grc' dir='ltr'>δικαίων</span> <span class='ocrx_word' id='word_1_314' title='bbox 3292 1939 3398 1990; x_wconf 91' lang='grc' dir='ltr'>τῶν</span> <span class='ocrx_word' id='word_1_315' title='bbox 3431 1934 3706 1992; x_wconf 89' lang='grc' dir='ltr'>ἀδυνάτων</span> <span class='ocrx_word' id='word_1_316' title='bbox 3738 1936 3874 1991; x_wconf 82' lang='grc' dir='ltr'>ἀπο-</span> 
     </span>
    </p>
   </div>
   <div class='ocr_carea' id='block_1_46' title="bbox 2223 2031 3880 2112">
    <p class='ocr_par' dir='ltr' id='par_1_46' title="bbox 2223 2031 3880 2112">
     <span class='ocr_line' id='line_1_46' title="bbox 2223 2031 3880 2112; baseline 0.001 -25"><span class='ocrx_word' id='word_1_317' title='bbox 2223 2035 2451 2088; x_wconf 85' lang='grc' dir='ltr'>σπᾶσθαι</span> <span class='ocrx_word' id='word_1_318' title='bbox 2485 2079 2501 2102; x_wconf 83' lang='grc'>,</span> <span class='ocrx_word' id='word_1_319' title='bbox 2563 2031 2883 2105; x_wconf 86' lang='grc' dir='ltr'>θεσπίζομεν</span> <span class='ocrx_word' id='word_1_320' title='bbox 2939 2032 2990 2087; x_wconf 87' lang='grc' dir='ltr'>έν</span> <span class='ocrx_word' id='word_1_321' title='bbox 3048 2033 3230 2106; x_wconf 87' lang='grc' dir='ltr'>τούτῳ</span> <span class='ocrx_word' id='word_1_322' title='bbox 3311 2038 3392 2106; x_wconf 79' lang='grc' dir='ltr'>τῷ</span> <span class='ocrx_word' id='word_1_323' title='bbox 3470 2033 3752 2112; x_wconf 76' lang='grc' dir='ltr'>κεφαλαίῳ</span> <span class='ocrx_word' id='word_1_324' title='bbox 3803 2034 3880 2106; x_wconf 79' lang='grc' dir='ltr'>μὴ</span> 
     </span>
    </p>
   </div>
   <div class='ocr_carea' id='block_1_47' title="bbox 2226 2119 3883 2199">
    <p class='ocr_par' dir='ltr' id='par_1_47' title="bbox 2226 2119 3883 2199">
     <span class='ocr_line' id='line_1_47' title="bbox 2226 2119 3883 2199; baseline 0 -21"><span class='ocrx_word' id='word_1_325' title='bbox 2226 2119 2412 2185; x_wconf 72' lang='grc' dir='ltr'>ἄλλως</span> <span class='ocrx_word' id='word_1_326' title='bbox 2468 2124 2630 2177; x_wconf 76' lang='grc' dir='ltr'>τοῦτο</span> <span class='ocrx_word' id='word_1_327' title='bbox 2684 2127 3036 2197; x_wconf 85' lang='grc' dir='ltr'>παραχωρεῖν</span> <span class='ocrx_word' id='word_1_328' title='bbox 3096 2121 3358 2198; x_wconf 86' lang='grc' dir='ltr'>γίνεσθαι,</span> <span class='ocrx_word' id='word_1_329' title='bbox 3411 2121 3581 2199; x_wconf 68' lang='grc' dir='ltr'>ἤγουν</span> <span class='ocrx_word' id='word_1_330' title='bbox 3628 2125 3731 2194; x_wconf 81' lang='grc' dir='ltr'>τήν</span> <span class='ocrx_word' id='word_1_331' title='bbox 3778 2123 3883 2178; x_wconf 86' lang='grc' dir='ltr'>ἀπὸ</span> 
     </span>
    </p>
   </div>
   <div class='ocr_carea' id='block_1_48' title="bbox 2225 2216 3881 2296">
    <p class='ocr_par' dir='ltr' id='par_1_48' title="bbox 2225 2216 3881 2296">
     <span class='ocr_line' id='line_1_48' title="bbox 2225 2216 3881 2296; baseline 0.001 -22"><span class='ocrx_word' id='word_1_332' title='bbox 2225 2223 2332 2274; x_wconf 89' lang='grc' dir='ltr'>τῶν</span> <span class='ocrx_word' id='word_1_333' title='bbox 2390 2216 2664 2274; x_wconf 88' lang='grc' dir='ltr'>ἀδυνάτων</span> <span class='ocrx_word' id='word_1_334' title='bbox 2697 2219 2774 2281; x_wconf 85' lang='grc' dir='ltr'>εἷς</span> <span class='ocrx_word' id='word_1_335' title='bbox 2831 2217 3088 2281; x_wconf 81' lang='grc' dir='ltr'>δυνατοὺς</span> <span class='ocrx_word' id='word_1_336' title='bbox 3139 2225 3241 2289; x_wconf 76' lang='grc' dir='ltr'>τῆς</span> <span class='ocrx_word' id='word_1_337' title='bbox 3296 2220 3651 2296; x_wconf 76' lang='grc' dir='ltr'>πανηγύρεως</span> <span class='ocrx_word' id='word_1_338' title='bbox 3712 2220 3881 2294; x_wconf 90' lang='grc' dir='ltr'>μετά-</span> 
     </span>
    </p>
   </div>
   <div class='ocr_carea' id='block_1_49' title="bbox 2228 2304 3883 2384">
    <p class='ocr_par' dir='ltr' id='par_1_49' title="bbox 2228 2304 3883 2384">
     <span class='ocr_line' id='line_1_49' title="bbox 2228 2304 3883 2384; baseline 0.002 -22"><span class='ocrx_word' id='word_1_339' title='bbox 2228 2309 2394 2380; x_wconf 86' lang='grc' dir='ltr'>θεσιν,</span> <span class='ocrx_word' id='word_1_340' title='bbox 2427 2307 2589 2380; x_wconf 81' lang='grc' dir='ltr'>εἰμὴ</span> <span class='ocrx_word' id='word_1_341' title='bbox 2650 2304 3000 2380; x_wconf 82' lang='grc' dir='ltr'>ὁμοθυμαδὸν</span> <span class='ocrx_word' id='word_1_342' title='bbox 3056 2309 3336 2384; x_wconf 85' lang='grc' dir='ltr'>ἀναχωρεῖ</span> <span class='ocrx_word' id='word_1_343' title='bbox 3386 2311 3563 2364; x_wconf 81' lang='grc' dir='ltr'>ἅπασα</span> <span class='ocrx_word' id='word_1_344' title='bbox 3619 2309 3883 2373; x_wconf 70' lang='grc' dir='ltr'>ἑκουσίως</span> 
     </span>
    </p>
   </div>
   <div class='ocr_carea' id='block_1_50' title="bbox 2226 2395 3887 2474">
    <p class='ocr_par' dir='ltr' id='par_1_50' title="bbox 2226 2395 3887 2474">
     <span class='ocr_line' id='line_1_50' title="bbox 2226 2395 3887 2474; baseline 0.001 -22"><span class='ocrx_word' id='word_1_345' title='bbox 2226 2399 2316 2452; x_wconf 92' lang='grc' dir='ltr'>καὶ</span> <span class='ocrx_word' id='word_1_346' title='bbox 2365 2397 2536 2452; x_wconf 79' lang='grc' dir='ltr'>ἐκεῖσε</span> <span class='ocrx_word' id='word_1_347' title='bbox 2626 2397 2937 2470; x_wconf 77' lang='grc' dir='ltr'>μεθίσταται</span> <span class='ocrx_word' id='word_1_348' title='bbox 3019 2395 3143 2461; x_wconf 84' lang='grc' dir='ltr'>ἔνθα</span> <span class='ocrx_word' id='word_1_349' title='bbox 3212 2397 3302 2452; x_wconf 80' lang='grc' dir='ltr'>καὶ</span> <span class='ocrx_word' id='word_1_350' title='bbox 3354 2399 3620 2474; x_wconf 89' lang='grc' dir='ltr'>πρότερον</span> <span class='ocrx_word' id='word_1_351' title='bbox 3677 2399 3767 2454; x_wconf 82' lang='grc' dir='ltr'>καὶ</span> <span class='ocrx_word' id='word_1_352' title='bbox 3827 2398 3887 2455; x_wconf 78' lang='grc' dir='ltr'>ἐκ</span> 
     </span>
    </p>
   </div>
   <div class='ocr_carea' id='block_1_51' title="bbox 2229 2495 3886 2574">
    <p class='ocr_par' dir='ltr' id='par_1_51' title="bbox 2229 2495 3886 2574">
     <span class='ocr_line' id='line_1_51' title="bbox 2229 2495 3886 2574; baseline 0.001 -22"><span class='ocrx_word' id='word_1_353' title='bbox 2229 2495 2467 2552; x_wconf 80' lang='grc' dir='ltr'>παλαιοῦ</span> <span class='ocrx_word' id='word_1_354' title='bbox 2526 2497 2829 2552; x_wconf 69' lang='grc' dir='ltr'>συνίστατο*</span> <span class='ocrx_word' id='word_1_355' title='bbox 2893 2497 2968 2558; x_wconf 85' lang='grc' dir='ltr'>ὡς</span> <span class='ocrx_word' id='word_1_356' title='bbox 3029 2498 3344 2574; x_wconf 83' lang='grc' dir='ltr'>συντρέχειν</span> <span class='ocrx_word' id='word_1_357' title='bbox 3407 2497 3630 2554; x_wconf 70' lang='grc' dir='ltr'>ἐνταῦθα</span> <span class='ocrx_word' id='word_1_358' title='bbox 3670 2498 3738 2555; x_wconf 80' lang='grc' dir='ltr'>τὰ</span> <span class='ocrx_word' id='word_1_359' title='bbox 3791 2497 3886 2554; x_wconf 88' lang='grc' dir='ltr'>δύο</span> 
     </span>
    </p>
   </div>
   <div class='ocr_carea' id='block_1_52' title="bbox 2231 2583 3888 2664">
    <p class='ocr_par' dir='ltr' id='par_1_52' title="bbox 2231 2583 3888 2664">
     <span class='ocr_line' id='line_1_52' title="bbox 2231 2583 3888 2664; baseline 0.001 -23"><span class='ocrx_word' id='word_1_360' title='bbox 2231 2583 2453 2664; x_wconf 65' lang='grc' dir='ltr'>εὔλογα,</span> <span class='ocrx_word' id='word_1_361' title='bbox 2483 2587 2545 2641; x_wconf 87' lang='grc' dir='ltr'>τὸ</span> <span class='ocrx_word' id='word_1_362' title='bbox 2581 2607 2639 2640; x_wconf 89' lang='grc' dir='ltr'>τε</span> <span class='ocrx_word' id='word_1_363' title='bbox 2667 2589 2766 2655; x_wconf 76' lang='grc' dir='ltr'>τῇς</span> <span class='ocrx_word' id='word_1_364' title='bbox 2819 2585 3188 2662; x_wconf 84' lang='grc' dir='ltr'>ἀρχαιότητος</span> <span class='ocrx_word' id='word_1_365' title='bbox 3247 2585 3454 2642; x_wconf 83' lang='grc' dir='ltr'>δίκαιον</span> <span class='ocrx_word' id='word_1_366' title='bbox 3509 2589 3597 2643; x_wconf 81' lang='grc' dir='ltr'>καὶ</span> <span class='ocrx_word' id='word_1_367' title='bbox 3655 2589 3755 2658; x_wconf 80' lang='grc' dir='ltr'>τήν</span> <span class='ocrx_word' id='word_1_368' title='bbox 3791 2591 3888 2644; x_wconf 77' lang='grc' dir='ltr'>τοῦ</span> 
     </span>
    </p>
   </div>
   <div class='ocr_carea' id='block_1_53' title="bbox 2232 2683 3875 2764">
    <p class='ocr_par' dir='ltr' id='par_1_53' title="bbox 2232 2683 3875 2764">
     <span class='ocr_line' id='line_1_53' title="bbox 2232 2683 3875 2764; baseline 0.001 -24"><span class='ocrx_word' id='word_1_369' title='bbox 2232 2686 2433 2748; x_wconf 87' lang='grc' dir='ltr'>παντὸς</span> <span class='ocrx_word' id='word_1_370' title='bbox 2465 2683 2714 2756; x_wconf 81' lang='grc' dir='ltr'>πλήθους</span> <span class='ocrx_word' id='word_1_371' title='bbox 2747 2683 3002 2762; x_wconf 81' lang='grc' dir='ltr'>σύῤῥοιάν</span> <span class='ocrx_word' id='word_1_372' title='bbox 3031 2706 3090 2740; x_wconf 84' lang='grc' dir='ltr'>τε</span> <span class='ocrx_word' id='word_1_373' title='bbox 3136 2685 3227 2740; x_wconf 84' lang='grc' dir='ltr'>καὶ</span> <span class='ocrx_word' id='word_1_374' title='bbox 3257 2707 3584 2759; x_wconf 79' lang='grc' dir='ltr'>σύμπνοιαν.</span> <span class='ocrx_word' id='word_1_375' title='bbox 3615 2685 3721 2745; x_wconf 82' lang='grc' dir='ltr'>Καὶ</span> <span class='ocrx_word' id='word_1_376' title='bbox 3750 2687 3875 2764; x_wconf 80' lang='grc' dir='ltr'>γὰρ,</span> 
     </span>
    </p>
   </div>
   <div class='ocr_carea' id='block_1_54' title="bbox 2235 2772 3885 2852">
    <p class='ocr_par' dir='ltr' id='par_1_54' title="bbox 2235 2772 3885 2852">
     <span class='ocr_line' id='line_1_54' title="bbox 2235 2772 3885 2852; baseline 0.001 -23"><span class='ocrx_word' id='word_1_377' title='bbox 2235 2773 2281 2829; x_wconf 85' lang='grc' dir='ltr'>εί</span> <span class='ocrx_word' id='word_1_378' title='bbox 2311 2775 2456 2850; x_wconf 85' lang='grc' dir='ltr'>τάχα</span> <span class='ocrx_word' id='word_1_379' title='bbox 2481 2774 2532 2830; x_wconf 78' lang='grc' dir='ltr'>ἐν</span> <span class='ocrx_word' id='word_1_380' title='bbox 2565 2779 2680 2836; x_wconf 88' lang='grc' dir='ltr'>τοῖς</span> <span class='ocrx_word' id='word_1_381' title='bbox 2711 2772 2908 2837; x_wconf 76' lang='grc' dir='ltr'>ἄλλοις</span> <span class='ocrx_word' id='word_1_382' title='bbox 2942 2775 3088 2850; x_wconf 85' lang='grc' dir='ltr'>τρισὶ</span> <span class='ocrx_word' id='word_1_383' title='bbox 3144 2776 3340 2849; x_wconf 87' lang='grc' dir='ltr'>θέμασι</span> <span class='ocrx_word' id='word_1_384' title='bbox 3366 2775 3456 2831; x_wconf 89' lang='grc' dir='ltr'>καὶ</span> <span class='ocrx_word' id='word_1_385' title='bbox 3487 2778 3549 2832; x_wconf 88' lang='grc' dir='ltr'>τὸ</span> <span class='ocrx_word' id='word_1_386' title='bbox 3580 2773 3632 2831; x_wconf 80' lang='grc' dir='ltr'>ἔν</span> <span class='ocrx_word' id='word_1_387' title='bbox 3661 2773 3885 2852; x_wconf 69' lang='grc' dir='ltr'>εὔλογον</span> 
     </span>
    </p>
   </div>
   <div class='ocr_carea' id='block_1_55' title="bbox 467 2863 3878 2942">
    <p class='ocr_par' dir='ltr' id='par_1_55' title="bbox 467 2863 3878 2942">
     <span class='ocr_line' id='line_1_55' title="bbox 467 2863 3878 2942; baseline -0 -21"><span class='ocrx_word' id='word_1_388' title='bbox 467 2865 525 2922; x_wconf 77' lang='grc' dir='ltr'>ὅν</span> <span class='ocrx_word' id='word_1_389' title='bbox 563 2867 729 2940; x_wconf 86' lang='grc' dir='ltr'>μόνον</span> <span class='ocrx_word' id='word_1_390' title='bbox 761 2863 901 2921; x_wconf 84' lang='grc' dir='ltr'>οἶδεν</span> <span class='ocrx_word' id='word_1_391' title='bbox 933 2867 1137 2942; x_wconf 82' lang='grc' dir='ltr'>ἀρκεῖν,</span> <span class='ocrx_word' id='word_1_392' title='bbox 1165 2865 1278 2921; x_wconf 70' lang='grc' dir='ltr'>οἷον</span> <span class='ocrx_word' id='word_1_393' title='bbox 1317 2865 1488 2938; x_wconf 90' lang='grc' dir='ltr'>μόνην</span> <span class='ocrx_word' id='word_1_394' title='bbox 1523 2866 1622 2933; x_wconf 76' lang='grc' dir='ltr'>τὴν</span> <span class='ocrx_word' id='word_1_395' title='bbox 1651 2864 1952 2939; x_wconf 91' lang='grc' dir='ltr'>σύμπνοιαν</span> <span class='ocrx_word' id='word_1_396' title='bbox 1986 2864 2076 2921; x_wconf 82' lang='grc' dir='ltr'>ὅτε</span> <span class='ocrx_word' id='word_1_397' title='bbox 2132 2863 2312 2920; x_wconf 76' lang='grc' dir='ltr'>ἅπασα</span> <span class='ocrx_word' id='word_1_398' title='bbox 2369 2863 2684 2938; x_wconf 82' lang='grc' dir='ltr'>μεθίσταται</span> <span class='ocrx_word' id='word_1_399' title='bbox 2714 2867 2749 2934; x_wconf 83' lang='grc' dir='ltr'>ἡ</span> <span class='ocrx_word' id='word_1_400' title='bbox 2782 2865 3104 2941; x_wconf 84' lang='grc' dir='ltr'>πανήγυρις,</span> <span class='ocrx_word' id='word_1_401' title='bbox 3137 2864 3172 2934; x_wconf 73' lang='grc' dir='ltr'><strong>ἢ</strong></span> <span class='ocrx_word' id='word_1_402' title='bbox 3209 2863 3380 2938; x_wconf 90' lang='grc' dir='ltr'>μόνην</span> <span class='ocrx_word' id='word_1_403' title='bbox 3411 2867 3510 2935; x_wconf 73' lang='grc' dir='ltr'>τὴν</span> <span class='ocrx_word' id='word_1_404' title='bbox 3541 2864 3878 2941; x_wconf 86' lang='grc' dir='ltr'>ἀρχαιότητα</span> 
     </span>
    </p>
   </div>
   <div class='ocr_carea' id='block_1_56' title="bbox 466 2951 3881 3032">
    <p class='ocr_par' dir='ltr' id='par_1_56' title="bbox 466 2951 3881 3032">
     <span class='ocr_line' id='line_1_56' title="bbox 466 2951 3881 3032; baseline -0.001 -19"><span class='ocrx_word' id='word_1_405' title='bbox 466 2955 820 3030; x_wconf 79' lang='grc' dir='ltr'>διϊσταμένης</span> <span class='ocrx_word' id='word_1_406' title='bbox 883 2952 1144 3026; x_wconf 89' lang='grc' dir='ltr'>δηλονότι</span> <span class='ocrx_word' id='word_1_407' title='bbox 1200 2955 1291 3010; x_wconf 87' lang='grc' dir='ltr'>καὶ</span> <span class='ocrx_word' id='word_1_408' title='bbox 1337 2952 1764 3029; x_wconf 87' lang='grc' dir='ltr'>διατεμνομένης</span> <span class='ocrx_word' id='word_1_409' title='bbox 1823 2955 1900 3017; x_wconf 86' lang='grc' dir='ltr'>εἷς</span> <span class='ocrx_word' id='word_1_410' title='bbox 1967 2953 2062 3010; x_wconf 87' lang='grc' dir='ltr'>δύο</span> <span class='ocrx_word' id='word_1_411' title='bbox 2109 2961 2209 3025; x_wconf 86' lang='grc' dir='ltr'>τῆς</span> <span class='ocrx_word' id='word_1_412' title='bbox 2269 2955 2648 3029; x_wconf 78' lang='grc' dir='ltr'>πανηγύρεως,</span> <span class='ocrx_word' id='word_1_413' title='bbox 2708 2951 2831 3008; x_wconf 82' lang='grc' dir='ltr'>ἀλλ’</span> <span class='ocrx_word' id='word_1_414' title='bbox 2888 2952 2974 3008; x_wconf 82' lang='grc' dir='ltr'>ἐπὶ</span> <span class='ocrx_word' id='word_1_415' title='bbox 3033 2957 3130 3008; x_wconf 75' lang='grc' dir='ltr'>τοῦ</span> <span class='ocrx_word' id='word_1_416' title='bbox 3185 2953 3444 3030; x_wconf 89' lang='grc' dir='ltr'>τετάρτου</span> <span class='ocrx_word' id='word_1_417' title='bbox 3499 2953 3664 3010; x_wconf 78' lang='grc' dir='ltr'>τοῦδε</span> <span class='ocrx_word' id='word_1_418' title='bbox 3719 2976 3881 3032; x_wconf 75' lang='grc' dir='ltr'>κεφα-</span> 
     </span>
    </p>
   </div>
   <div class='ocr_carea' id='block_1_57' title="bbox 465 3040 3886 3122">
    <p class='ocr_par' dir='ltr' id='par_1_57' title="bbox 465 3040 3886 3122">
     <span class='ocr_line' id='line_1_57' title="bbox 465 3040 3886 3122; baseline -0.001 -20"><span class='ocrx_word' id='word_1_419' title='bbox 465 3045 632 3102; x_wconf 89' lang='grc' dir='ltr'>λαίου</span> <span class='ocrx_word' id='word_1_420' title='bbox 685 3047 785 3115; x_wconf 80' lang='grc' dir='ltr'>τὴν</span> <span class='ocrx_word' id='word_1_421' title='bbox 818 3048 925 3100; x_wconf 90' lang='grc' dir='ltr'>τῶν</span> <span class='ocrx_word' id='word_1_422' title='bbox 988 3042 1084 3101; x_wconf 89' lang='grc' dir='ltr'>δύο</span> <span class='ocrx_word' id='word_1_423' title='bbox 1141 3043 1382 3122; x_wconf 80' lang='grc' dir='ltr'>εὐλόγων</span> <span class='ocrx_word' id='word_1_424' title='bbox 1445 3043 1752 3100; x_wconf 89' lang='grc' dir='ltr'>συνέλευσιν</span> <span class='ocrx_word' id='word_1_425' title='bbox 1817 3045 1948 3099; x_wconf 76' lang='grc' dir='ltr'>εἶναι</span> <span class='ocrx_word' id='word_1_426' title='bbox 1979 3041 2275 3117; x_wconf 83' lang='grc' dir='ltr'>κελεύομεν</span> <span class='ocrx_word' id='word_1_427' title='bbox 2311 3041 2400 3097; x_wconf 82' lang='grc' dir='ltr'>ἐπὶ</span> <span class='ocrx_word' id='word_1_428' title='bbox 2456 3046 2536 3114; x_wconf 74' lang='grc' dir='ltr'>τῷ</span> <span class='ocrx_word' id='word_1_429' title='bbox 2595 3062 2785 3115; x_wconf 89' lang='grc' dir='ltr'>κρατεν</span> <span class='ocrx_word' id='word_1_430' title='bbox 2845 3043 2940 3112; x_wconf 79' lang='grc' dir='ltr'>τὴν</span> <span class='ocrx_word' id='word_1_431' title='bbox 3003 3042 3108 3097; x_wconf 89' lang='grc' dir='ltr'>ἀπὸ</span> <span class='ocrx_word' id='word_1_432' title='bbox 3157 3040 3432 3099; x_wconf 84' lang='grc' dir='ltr'>ἀδυνάτων</span> <span class='ocrx_word' id='word_1_433' title='bbox 3495 3044 3570 3106; x_wconf 86' lang='grc' dir='ltr'>εἷς</span> <span class='ocrx_word' id='word_1_434' title='bbox 3630 3041 3886 3105; x_wconf 79' lang='grc' dir='ltr'>δυνατοὺς</span> 
     </span>
    </p>
   </div>
   <div class='ocr_carea' id='block_1_58' title="bbox 475 3130 3912 3209">
    <p class='ocr_par' dir='ltr' id='par_1_58' title="bbox 475 3130 3912 3209">
     <span class='ocr_line' id='line_1_58' title="bbox 475 3130 3912 3209; baseline -0.001 -20"><span class='ocrx_word' id='word_1_435' title='bbox 475 3135 757 3208; x_wconf 84' lang='grc' dir='ltr'>μετάθεσιν</span> <span class='ocrx_word' id='word_1_436' title='bbox 819 3137 926 3188; x_wconf 89' lang='grc' dir='ltr'>τῶν</span> <span class='ocrx_word' id='word_1_437' title='bbox 984 3132 1391 3209; x_wconf 87' lang='grc' dir='ltr'>πανηγύρεων,</span> <span class='ocrx_word' id='word_1_438' title='bbox 1448 3133 1548 3202; x_wconf 74' lang='grc' dir='ltr'>τὴν</span> <span class='ocrx_word' id='word_1_439' title='bbox 1603 3153 1660 3187; x_wconf 90' lang='grc' dir='ltr'>τε</span> <span class='ocrx_word' id='word_1_440' title='bbox 1719 3132 1973 3209; x_wconf 75' lang='grc' dir='ltr'>ῥηθεῖσαν</span> <span class='ocrx_word' id='word_1_441' title='bbox 2029 3135 2127 3187; x_wconf 77' lang='grc' dir='ltr'>τοῦ</span> <span class='ocrx_word' id='word_1_442' title='bbox 2185 3152 2386 3195; x_wconf 89' lang='grc' dir='ltr'>παντος</span> <span class='ocrx_word' id='word_1_443' title='bbox 2442 3130 2746 3204; x_wconf 87' lang='grc' dir='ltr'>σύμπνοιαν</span> <span class='ocrx_word' id='word_1_444' title='bbox 2801 3132 2892 3186; x_wconf 80' lang='grc' dir='ltr'>καὶ</span> <span class='ocrx_word' id='word_1_445' title='bbox 2972 3132 3034 3186; x_wconf 86' lang='grc' dir='ltr'>τὸ</span> <span class='ocrx_word' id='word_1_446' title='bbox 3089 3138 3189 3202; x_wconf 79' lang='grc' dir='ltr'>τῆς</span> <span class='ocrx_word' id='word_1_447' title='bbox 3242 3132 3614 3209; x_wconf 81' lang='grc' dir='ltr'>ἀρχαιότητος</span> <span class='ocrx_word' id='word_1_448' title='bbox 3668 3131 3912 3207; x_wconf 48' lang='grc' dir='ltr'>δίκαιον</span> 
     </span>
    </p>
   </div>
   <div class='ocr_carea' id='block_1_59' title="bbox 468 3218 3892 3298">
    <p class='ocr_par' dir='ltr' id='par_1_59' title="bbox 468 3218 3892 3298">
     <span class='ocr_line' id='line_1_59' title="bbox 468 3218 3892 3298; baseline -0.001 -20"><span class='ocrx_word' id='word_1_449' title='bbox 468 3229 585 3286; x_wconf 89' lang='grc' dir='ltr'>τοῖς</span> <span class='ocrx_word' id='word_1_450' title='bbox 613 3224 808 3292; x_wconf 88' lang='grc' dir='ltr'>πένησι</span> <span class='ocrx_word' id='word_1_451' title='bbox 839 3220 1011 3294; x_wconf 81' lang='grc' dir='ltr'>πάντη</span> <span class='ocrx_word' id='word_1_452' title='bbox 1045 3226 1208 3297; x_wconf 90' lang='grc' dir='ltr'>χεῖρα</span> <span class='ocrx_word' id='word_1_453' title='bbox 1241 3221 1439 3298; x_wconf 84' lang='grc' dir='ltr'>βοηθὸν</span> <span class='ocrx_word' id='word_1_454' title='bbox 1474 3219 1751 3298; x_wconf 80' lang='grc' dir='ltr'>ὀρέγοντες</span> <span class='ocrx_word' id='word_1_455' title='bbox 1785 3221 1875 3275; x_wconf 81' lang='grc' dir='ltr'>καὶ</span> <span class='ocrx_word' id='word_1_456' title='bbox 1906 3222 1968 3275; x_wconf 81' lang='grc' dir='ltr'>τὸ</span> <span class='ocrx_word' id='word_1_457' title='bbox 1989 3221 2176 3296; x_wconf 83' lang='grc' dir='ltr'>περιὸν</span> <span class='ocrx_word' id='word_1_458' title='bbox 2197 3226 2295 3290; x_wconf 79' lang='grc' dir='ltr'>τῆς</span> <span class='ocrx_word' id='word_1_459' title='bbox 2329 3218 2609 3293; x_wconf 81' lang='grc' dir='ltr'>δυνάμεως</span> <span class='ocrx_word' id='word_1_460' title='bbox 2643 3223 2748 3275; x_wconf 92' lang='grc' dir='ltr'>τῶν</span> <span class='ocrx_word' id='word_1_461' title='bbox 2784 3218 3061 3294; x_wconf 87' lang='grc' dir='ltr'>δυνάμεως</span> <span class='ocrx_word' id='word_1_462' title='bbox 3083 3219 3434 3277; x_wconf 90' lang='grc' dir='ltr'>τῶνδυνατῶν</span> <span class='ocrx_word' id='word_1_463' title='bbox 3465 3219 3892 3286; x_wconf 76' lang='grc' dir='ltr'>ἀναστέλλοντες</span> 
     </span>
    </p>
   </div>
   <div class='ocr_carea' id='block_1_60' title="bbox 470 3309 3894 3388">
    <p class='ocr_par' dir='ltr' id='par_1_60' title="bbox 470 3309 3894 3388">
     <span class='ocr_line' id='line_1_60' title="bbox 470 3309 3894 3388; baseline 0.001 -22"><span class='ocrx_word' id='word_1_464' title='bbox 470 3313 500 3366; x_wconf 80' lang='grc' dir='ltr'>ὃ</span> <span class='ocrx_word' id='word_1_465' title='bbox 527 3313 614 3366; x_wconf 79' lang='grc' dir='ltr'>καὶ</span> <span class='ocrx_word' id='word_1_466' title='bbox 646 3315 726 3383; x_wconf 81' lang='grc' dir='ltr'>τῷ</span> <span class='ocrx_word' id='word_1_467' title='bbox 761 3311 1030 3386; x_wconf 77' lang='grc' dir='ltr'>μακαρίτῃ</span> <span class='ocrx_word' id='word_1_468' title='bbox 1068 3310 1276 3384; x_wconf 84' lang='grc' dir='ltr'>πάππῳ</span> <span class='ocrx_word' id='word_1_469' title='bbox 1305 3314 1465 3385; x_wconf 80' lang='grc' dir='ltr'>ἡμῶν</span> <span class='ocrx_word' id='word_1_470' title='bbox 1502 3309 1717 3387; x_wconf 86' lang='grc' dir='ltr'>βασιλεῖ</span> <span class='ocrx_word' id='word_1_471' title='bbox 1743 3317 1894 3387; x_wconf 87' lang='grc' dir='ltr'>κυρῷ</span> <span class='ocrx_word' id='word_1_472' title='bbox 1949 3313 2220 3384; x_wconf 85' lang='grc' dir='ltr'>Ῥωμανῷ</span> <span class='ocrx_word' id='word_1_473' title='bbox 2270 3315 2348 3383; x_wconf 79' lang='grc' dir='ltr'>τῷ</span> <span class='ocrx_word' id='word_1_474' title='bbox 2404 3312 2610 3387; x_wconf 82' lang='grc' dir='ltr'>γέρεντι</span> <span class='ocrx_word' id='word_1_475' title='bbox 2670 3310 3075 3388; x_wconf 88' lang='grc' dir='ltr'>μεμερίμνηται</span> <span class='ocrx_word' id='word_1_476' title='bbox 3104 3311 3272 3368; x_wconf 90' lang='grc' dir='ltr'>πάλαι</span> <span class='ocrx_word' id='word_1_477' title='bbox 3305 3310 3494 3388; x_wconf 79' lang='grc' dir='ltr'>ἄριστα</span> <span class='ocrx_word' id='word_1_478' title='bbox 3522 3311 3610 3368; x_wconf 85' lang='grc' dir='ltr'>ἐπί</span> <span class='ocrx_word' id='word_1_479' title='bbox 3630 3317 3750 3374; x_wconf 90' lang='grc' dir='ltr'>ταῖς</span> <span class='ocrx_word' id='word_1_480' title='bbox 3779 3316 3894 3368; x_wconf 89' lang='grc' dir='ltr'>τῶν</span> 
     </span>
    </p>
   </div>
   <div class='ocr_carea' id='block_1_61' title="bbox 469 3397 2299 3475">
    <p class='ocr_par' dir='ltr' id='par_1_61' title="bbox 469 3397 2299 3475">
     <span class='ocr_line' id='line_1_61' title="bbox 469 3397 2299 3475; baseline 0 -19"><span class='ocrx_word' id='word_1_481' title='bbox 469 3401 741 3472; x_wconf 75' lang='grc' dir='ltr'>ἀκινήτων</span> <span class='ocrx_word' id='word_1_482' title='bbox 775 3397 1000 3456; x_wconf 88' lang='grc' dir='ltr'>δικαίων</span> <span class='ocrx_word' id='word_1_483' title='bbox 1027 3405 1134 3457; x_wconf 91' lang='grc' dir='ltr'>τῶν</span> <span class='ocrx_word' id='word_1_484' title='bbox 1169 3397 1444 3457; x_wconf 86' lang='grc' dir='ltr'>ἀδυνάτων</span> <span class='ocrx_word' id='word_1_485' title='bbox 1470 3401 1608 3475; x_wconf 86' lang='grc' dir='ltr'>πρὸς</span> <span class='ocrx_word' id='word_1_486' title='bbox 1641 3398 1902 3466; x_wconf 80' lang='grc' dir='ltr'>δυνατοὺς</span> <span class='ocrx_word' id='word_1_487' title='bbox 1931 3400 2299 3472; x_wconf 73' lang='grc' dir='ltr'>ἐκποῖήσεσιν.</span> 
     </span>
    </p>
   </div>
   <div class='ocr_carea' id='block_1_62' title="bbox 2142 3546 2217 3602">
    <p class='ocr_par' dir='ltr' id='par_1_62' title="bbox 2142 3546 2217 3602">
     <span class='ocr_line' id='line_1_62' title="bbox 2142 3546 2217 3602; baseline 0.027 -2"><span class='ocrx_word' id='word_1_488' title='bbox 2142 3546 2217 3602; x_wconf 79' lang='grc' dir='ltr'>ν.</span> 
     </span>
    </p>
   </div>
   <div class='ocr_carea' id='block_1_63' title="bbox 1181 3688 3179 3762">
    <p class='ocr_par' dir='ltr' id='par_1_63' title="bbox 1181 3688 3179 3762">
     <span class='ocr_line' id='line_1_63' title="bbox 1181 3688 3179 3762; baseline -0.001 -17"><span class='ocrx_word' id='word_1_489' title='bbox 1181 3692 1322 3760; x_wconf 86' lang='lat' dir='ltr'>Imp.</span> <span class='ocrx_word' id='word_1_490' title='bbox 1371 3689 1567 3746; x_wconf 80' lang='lat' dir='ltr'>Basilii</span> <span class='ocrx_word' id='word_1_491' title='bbox 1606 3689 2075 3762; x_wconf 70' lang='lat' dir='ltr'>Porphyrogem‘ti</span> <span class='ocrx_word' id='word_1_492' title='bbox 2106 3689 2172 3744; x_wconf 81' lang='lat' dir='ltr'>de</span> <span class='ocrx_word' id='word_1_493' title='bbox 2200 3688 2677 3760; x_wconf 78' lang='lat' dir='ltr'>archiepiscopatu</span> <span class='ocrx_word' id='word_1_494' title='bbox 2725 3689 3002 3758; x_wconf 74' lang='lat' dir='ltr'>Bulgaria:</span> <span class='ocrx_word' id='word_1_495' title='bbox 3046 3689 3179 3761; x_wconf 86' lang='grc'>(11).</span> 
     </span>
    </p>
   </div>
   <div class='ocr_carea' id='block_1_64' title="bbox 544 3824 2121 3909">
    <p class='ocr_par' dir='ltr' id='par_1_64' title="bbox 544 3833 2116 3906">
     <span class='ocr_line' id='line_1_64' title="bbox 544 3833 2116 3906; baseline -0.002 -16"><span class='ocrx_word' id='word_1_496' title='bbox 544 3836 688 3891; x_wconf 89' lang='lat' dir='ltr'>Cum</span> <span class='ocrx_word' id='word_1_497' title='bbox 722 3835 912 3890; x_wconf 90' lang='lat' dir='ltr'>multa</span> <span class='ocrx_word' id='word_1_498' title='bbox 942 3833 1063 3889; x_wconf 91' lang='lat' dir='ltr'>sint</span> <span class='ocrx_word' id='word_1_499' title='bbox 1109 3838 1168 3889; x_wconf 92' lang='lat' dir='ltr'>et</span> <span class='ocrx_word' id='word_1_500' title='bbox 1210 3849 1424 3906; x_wconf 82' lang='lat' dir='ltr'>magna</span> <span class='ocrx_word' id='word_1_501' title='bbox 1465 3851 1598 3905; x_wconf 69' lang='lat' dir='ltr'>quas</span> <span class='ocrx_word' id='word_1_502' title='bbox 1629 3850 1664 3888; x_wconf 90' lang='lat' dir='ltr'>a</span> <span class='ocrx_word' id='word_1_503' title='bbox 1691 3833 1948 3906; x_wconf 80' lang='lat' dir='ltr'>benigno</span> <span class='ocrx_word' id='word_1_504' title='bbox 1999 3833 2116 3888; x_wconf 91' lang='lat' dir='ltr'>Deo</span> 
     </span>
    </p>
   </div>
   <div class='ocr_carea' id='block_1_65' title="bbox 2231 3824 3878 3909">
    <p class='ocr_par' dir='ltr' id='par_1_65' title="bbox 2300 3824 3878 3909">
     <span class='ocr_line' id='line_1_65' title="bbox 2300 3824 3878 3909; baseline 0.002 -24"><span class='ocrx_word' id='word_1_505' title='bbox 2300 3830 2536 3886; x_wconf 82' lang='grc' dir='ltr'>Πολλῶν</span> <span class='ocrx_word' id='word_1_506' title='bbox 2570 3824 2740 3884; x_wconf 75' lang='grc' dir='ltr'>ὄντῶν</span> <span class='ocrx_word' id='word_1_507' title='bbox 2775 3831 2865 3886; x_wconf 84' lang='grc' dir='ltr'>καὶ</span> <span class='ocrx_word' id='word_1_508' title='bbox 2902 3828 3152 3905; x_wconf 88' lang='grc' dir='ltr'>μεγάλων</span> <span class='ocrx_word' id='word_1_509' title='bbox 3208 3835 3316 3886; x_wconf 90' lang='grc' dir='ltr'>τῶν</span> <span class='ocrx_word' id='word_1_510' title='bbox 3377 3834 3524 3907; x_wconf 87' lang='grc' dir='ltr'>παρά</span> <span class='ocrx_word' id='word_1_511' title='bbox 3552 3837 3648 3888; x_wconf 81' lang='grc' dir='ltr'>τοῦ</span> <span class='ocrx_word' id='word_1_512' title='bbox 3680 3833 3878 3909; x_wconf 81' lang='grc' dir='ltr'>φιλαν-</span> 
     </span>
    </p>
   </div>
   <div class='ocr_carea' id='block_1_66' title="bbox 480 3921 2128 3996">
    <p class='ocr_par' dir='ltr' id='par_1_66' title="bbox 480 3921 2128 3996">
     <span class='ocr_line' id='line_1_66' title="bbox 480 3921 2128 3996; baseline -0.003 -16"><span class='ocrx_word' id='word_1_513' title='bbox 480 3924 701 3980; x_wconf 85' lang='lat' dir='ltr'>donata</span> <span class='ocrx_word' id='word_1_514' title='bbox 730 3929 870 3980; x_wconf 89' lang='lat' dir='ltr'>sunt</span> <span class='ocrx_word' id='word_1_515' title='bbox 897 3923 1196 3994; x_wconf 85' lang='lat' dir='ltr'>majestati</span> <span class='ocrx_word' id='word_1_516' title='bbox 1228 3929 1445 3978; x_wconf 61' lang='lat' dir='ltr'>nostra;</span> <span class='ocrx_word' id='word_1_517' title='bbox 1478 3925 1653 3996; x_wconf 65' lang='lat' dir='ltr'>regia)</span> <span class='ocrx_word' id='word_1_518' title='bbox 1684 3923 1841 3979; x_wconf 87' lang='lat' dir='ltr'>bona</span> <span class='ocrx_word' id='word_1_519' title='bbox 1879 3921 2128 3978; x_wconf 90' lang='lat' dir='ltr'>diversis</span> 
     </span>
    </p>
   </div>
   <div class='ocr_carea' id='block_1_67' title="bbox 474 4011 2130 4084">
    <p class='ocr_par' dir='ltr' id='par_1_67' title="bbox 474 4011 2130 4084">
     <span class='ocr_line' id='line_1_67' title="bbox 474 4011 2130 4084; baseline -0.002 -16"><span class='ocrx_word' id='word_1_520' title='bbox 474 4013 843 4084; x_wconf 89' lang='lat' dir='ltr'>temporibus</span> <span class='ocrx_word' id='word_1_521' title='bbox 875 4017 933 4067; x_wconf 92' lang='lat' dir='ltr'>et</span> <span class='ocrx_word' id='word_1_522' title='bbox 960 4028 1279 4067; x_wconf 91' lang='lat' dir='ltr'>numerum</span> <span class='ocrx_word' id='word_1_523' title='bbox 1313 4013 1676 4084; x_wconf 89' lang='lat' dir='ltr'>superantia,</span> <span class='ocrx_word' id='word_1_524' title='bbox 1710 4011 1859 4067; x_wconf 88' lang='lat' dir='ltr'>illud</span> <span class='ocrx_word' id='word_1_525' title='bbox 1902 4016 1993 4066; x_wconf 89' lang='lat' dir='ltr'>est</span> <span class='ocrx_word' id='word_1_526' title='bbox 2027 4027 2130 4066; x_wconf 91' lang='lat' dir='ltr'>su-</span> 
     </span>
    </p>
   </div>
   <div class='ocr_carea' id='block_1_68' title="bbox 475 4099 2128 4174">
    <p class='ocr_par' dir='ltr' id='par_1_68' title="bbox 475 4099 2128 4174">
     <span class='ocr_line' id='line_1_68' title="bbox 475 4099 2128 4174; baseline -0.001 -20"><span class='ocrx_word' id='word_1_527' title='bbox 475 4117 583 4174; x_wconf 88' lang='lat' dir='ltr'>per</span> <span class='ocrx_word' id='word_1_528' title='bbox 621 4101 822 4155; x_wconf 89' lang='lat' dir='ltr'>omnia</span> <span class='ocrx_word' id='word_1_529' title='bbox 870 4099 1168 4172; x_wconf 79' lang='lat' dir='ltr'>egregium</span> <span class='ocrx_word' id='word_1_530' title='bbox 1215 4100 1376 4169; x_wconf 90' lang='lat' dir='ltr'>quod</span> <span class='ocrx_word' id='word_1_531' title='bbox 1427 4100 1698 4155; x_wconf 87' lang='lat' dir='ltr'>additum</span> <span class='ocrx_word' id='word_1_532' title='bbox 1753 4101 1830 4155; x_wconf 90' lang='lat' dir='ltr'>sit</span> <span class='ocrx_word' id='word_1_533' title='bbox 1879 4099 2128 4170; x_wconf 90' lang='lat' dir='ltr'>imperio</span> 
     </span>
    </p>
   </div>
   <div class='ocr_carea' id='block_1_69' title="bbox 477 4188 2130 4260">
    <p class='ocr_par' dir='ltr' id='par_1_69' title="bbox 477 4188 2130 4260">
     <span class='ocr_line' id='line_1_69' title="bbox 477 4188 2130 4260; baseline -0.002 -15"><span class='ocrx_word' id='word_1_534' title='bbox 477 4191 741 4245; x_wconf 82' lang='lat' dir='ltr'>Romano</span> <span class='ocrx_word' id='word_1_535' title='bbox 779 4188 1166 4258; x_wconf 80' lang='lat' dir='ltr'>Bulgarorum</span> <span class='ocrx_word' id='word_1_536' title='bbox 1219 4189 1538 4260; x_wconf 91' lang='lat' dir='ltr'>imperium</span> <span class='ocrx_word' id='word_1_537' title='bbox 1579 4195 1637 4243; x_wconf 91' lang='lat' dir='ltr'>et</span> <span class='ocrx_word' id='word_1_538' title='bbox 1674 4189 1781 4244; x_wconf 89' lang='lat' dir='ltr'>sub</span> <span class='ocrx_word' id='word_1_539' title='bbox 1825 4205 1944 4244; x_wconf 92' lang='lat' dir='ltr'>uno</span> <span class='ocrx_word' id='word_1_540' title='bbox 1985 4189 2130 4260; x_wconf 73' lang='lat' dir='ltr'>jugo</span> 
     </span>
    </p>
   </div>
   <div class='ocr_carea' id='block_1_70' title="bbox 476 4275 2132 4350">
    <p class='ocr_par' dir='ltr' id='par_1_70' title="bbox 476 4275 2132 4350">
     <span class='ocr_line' id='line_1_70' title="bbox 476 4275 2132 4350; baseline 0.001 -19"><span class='ocrx_word' id='word_1_541' title='bbox 476 4277 737 4350; x_wconf 90' lang='lat' dir='ltr'>positum</span> <span class='ocrx_word' id='word_1_542' title='bbox 767 4276 968 4331; x_wconf 82' lang='lat' dir='ltr'>fuerit.</span> <span class='ocrx_word' id='word_1_543' title='bbox 1001 4275 1143 4330; x_wconf 92' lang='lat' dir='ltr'>Inde</span> <span class='ocrx_word' id='word_1_544' title='bbox 1192 4277 1371 4349; x_wconf 83' lang='lat' dir='ltr'>igitur</span> <span class='ocrx_word' id='word_1_545' title='bbox 1417 4294 1526 4333; x_wconf 91' lang='lat' dir='ltr'>nos</span> <span class='ocrx_word' id='word_1_546' title='bbox 1571 4276 2132 4333; x_wconf 89' lang='lat' dir='ltr'>reverendissimum</span> 
     </span>
    </p>
   </div>
   <div class='ocr_carea' id='block_1_71' title="bbox 477 4365 2131 4438">
    <p class='ocr_par' dir='ltr' id='par_1_71' title="bbox 477 4365 2131 4438">
     <span class='ocr_line' id='line_1_71' title="bbox 477 4365 2131 4438; baseline -0.002 -15"><span class='ocrx_word' id='word_1_547' title='bbox 477 4367 836 4424; x_wconf 88' lang='lat' dir='ltr'>monachum</span> <span class='ocrx_word' id='word_1_548' title='bbox 865 4367 1155 4420; x_wconf 84' lang='lat' dir='ltr'>Joannem</span> <span class='ocrx_word' id='word_1_549' title='bbox 1173 4366 1686 4438; x_wconf 88' lang='lat' dir='ltr'>archiepiscopum</span> <span class='ocrx_word' id='word_1_550' title='bbox 1710 4367 1996 4438; x_wconf 73' lang='lat' dir='ltr'>Bulgariaa</span> <span class='ocrx_word' id='word_1_551' title='bbox 2027 4365 2131 4420; x_wconf 81' lang='lat' dir='ltr'>de-</span> 
     </span>
    </p>
   </div>
   <div class='ocr_carea' id='block_1_72' title="bbox 477 4455 2133 4526">
    <p class='ocr_par' dir='ltr' id='par_1_72' title="bbox 477 4455 2133 4526">
     <span class='ocr_line' id='line_1_72' title="bbox 477 4455 2133 4526; baseline -0.002 -13"><span class='ocrx_word' id='word_1_552' title='bbox 477 4457 770 4513; x_wconf 85' lang='lat' dir='ltr'>crevimus</span> <span class='ocrx_word' id='word_1_553' title='bbox 803 4471 954 4522; x_wconf 88' lang='lat' dir='ltr'>esse,</span> <span class='ocrx_word' id='word_1_554' title='bbox 988 4459 1046 4509; x_wconf 89' lang='lat' dir='ltr'>et</span> <span class='ocrx_word' id='word_1_555' title='bbox 1077 4471 1210 4526; x_wconf 65' lang='lat' dir='ltr'>quos</span> <span class='ocrx_word' id='word_1_556' title='bbox 1245 4455 1318 4510; x_wconf 90' lang='lat' dir='ltr'>ad</span> <span class='ocrx_word' id='word_1_557' title='bbox 1350 4455 1510 4510; x_wconf 91' lang='lat' dir='ltr'>hunc</span> <span class='ocrx_word' id='word_1_558' title='bbox 1553 4455 2133 4526; x_wconf 89' lang='lat' dir='ltr'>archiepiscopatum</span> 
     </span>
    </p>
   </div>
   <div class='ocr_carea' id='block_1_73' title="bbox 477 4543 2135 4620">
    <p class='ocr_par' dir='ltr' id='par_1_73' title="bbox 477 4543 2135 4620">
     <span class='ocr_line' id='line_1_73' title="bbox 477 4543 2135 4620; baseline -0.002 -17"><span class='ocrx_word' id='word_1_559' title='bbox 477 4548 802 4620; x_wconf 89' lang='lat' dir='ltr'>pertinent,</span> <span class='ocrx_word' id='word_1_560' title='bbox 829 4543 933 4600; x_wconf 93' lang='lat' dir='ltr'>illa</span> <span class='ocrx_word' id='word_1_561' title='bbox 963 4543 1159 4600; x_wconf 89' lang='lat' dir='ltr'>eidem</span> <span class='ocrx_word' id='word_1_562' title='bbox 1190 4545 1481 4616; x_wconf 75' lang='lat' dir='ltr'>prmstari.</span> <span class='ocrx_word' id='word_1_563' title='bbox 1527 4546 1597 4599; x_wconf 91' lang='lat' dir='ltr'>Et</span> <span class='ocrx_word' id='word_1_564' title='bbox 1629 4545 1770 4615; x_wconf 88' lang='lat' dir='ltr'>quia</span> <span class='ocrx_word' id='word_1_565' title='bbox 1815 4544 2135 4616; x_wconf 89' lang='lat' dir='ltr'>postulavit</span> 
     </span>
    </p>
   </div>
   <div class='ocr_carea' id='block_1_74' title="bbox 479 4633 2132 4706">
    <p class='ocr_par' dir='ltr' id='par_1_74' title="bbox 479 4633 2132 4706">
     <span class='ocr_line' id='line_1_74' title="bbox 479 4633 2132 4706; baseline -0.002 -14"><span class='ocrx_word' id='word_1_566' title='bbox 479 4637 589 4693; x_wconf 88' lang='lat' dir='ltr'>iste</span> <span class='ocrx_word' id='word_1_567' title='bbox 622 4636 838 4692; x_wconf 88' lang='lat' dir='ltr'>habere</span> <span class='ocrx_word' id='word_1_568' title='bbox 866 4634 1251 4705; x_wconf 89' lang='lat' dir='ltr'>descriptum,</span> <span class='ocrx_word' id='word_1_569' title='bbox 1286 4639 1430 4706; x_wconf 85' lang='lat' dir='ltr'>quot</span> <span class='ocrx_word' id='word_1_570' title='bbox 1460 4633 1718 4689; x_wconf 91' lang='lat' dir='ltr'>debeant</span> <span class='ocrx_word' id='word_1_571' title='bbox 1747 4635 1808 4690; x_wconf 93' lang='lat' dir='ltr'>in</span> <span class='ocrx_word' id='word_1_572' title='bbox 1854 4633 2132 4690; x_wconf 88' lang='lat' dir='ltr'>Ecclesiis</span> 
     </span>
    </p>
   </div>
   <div class='ocr_carea' id='block_1_75' title="bbox 479 4723 2136 4795">
    <p class='ocr_par' dir='ltr' id='par_1_75' title="bbox 479 4723 2136 4795">
     <span class='ocr_line' id='line_1_75' title="bbox 479 4723 2136 4795; baseline -0.004 -13"><span class='ocrx_word' id='word_1_573' title='bbox 479 4726 783 4782; x_wconf 76' lang='lat' dir='ltr'>dimcessis</span> <span class='ocrx_word' id='word_1_574' title='bbox 815 4741 934 4780; x_wconf 69' lang='lat' dir='ltr'>sum</span> <span class='ocrx_word' id='word_1_575' title='bbox 967 4728 1026 4778; x_wconf 92' lang='lat' dir='ltr'>et</span> <span class='ocrx_word' id='word_1_576' title='bbox 1073 4723 1488 4795; x_wconf 91' lang='lat' dir='ltr'>episcoporum</span> <span class='ocrx_word' id='word_1_577' title='bbox 1548 4739 1792 4778; x_wconf 89' lang='lat' dir='ltr'>suorum</span> <span class='ocrx_word' id='word_1_578' title='bbox 1844 4723 2044 4779; x_wconf 89' lang='lat' dir='ltr'>clerici</span> <span class='ocrx_word' id='word_1_579' title='bbox 2077 4727 2136 4777; x_wconf 91' lang='lat' dir='ltr'>et</span> 
     </span>
    </p>
   </div>
   <div class='ocr_carea' id='block_1_76' title="bbox 480 4807 2132 4888">
    <p class='ocr_par' dir='ltr' id='par_1_76' title="bbox 480 4807 2132 4888">
     <span class='ocr_line' id='line_1_76' title="bbox 480 4807 2132 4888; baseline -0.003 -16"><span class='ocrx_word' id='word_1_580' title='bbox 480 4807 697 4888; x_wconf 73' lang='lat' dir='ltr'>parmci</span> <span class='ocrx_word' id='word_1_581' title='bbox 746 4815 1107 4880; x_wconf 88' lang='lat' dir='ltr'>ministrare,</span> <span class='ocrx_word' id='word_1_582' title='bbox 1168 4814 1442 4870; x_wconf 89' lang='lat' dir='ltr'>dedimus</span> <span class='ocrx_word' id='word_1_583' title='bbox 1475 4814 1527 4870; x_wconf 92' lang='lat' dir='ltr'>ei</span> <span class='ocrx_word' id='word_1_584' title='bbox 1558 4831 1822 4886; x_wconf 69' lang='lat' dir='ltr'>praesens</span> <span class='ocrx_word' id='word_1_585' title='bbox 1873 4814 2132 4886; x_wconf 82' lang='lat' dir='ltr'>sigillum</span> 
     </span>
    </p>
   </div>
   <div class='ocr_carea' id='block_1_77' title="bbox 481 4904 1289 4976">
    <p class='ocr_par' dir='ltr' id='par_1_77' title="bbox 481 4904 1289 4976">
     <span class='ocr_line' id='line_1_77' title="bbox 481 4904 1289 4976; baseline -0.002 -16"><span class='ocrx_word' id='word_1_586' title='bbox 481 4910 699 4962; x_wconf 77' lang='lat' dir='ltr'>nostrae</span> <span class='ocrx_word' id='word_1_587' title='bbox 730 4904 906 4976; x_wconf 65' lang='lat' dir='ltr'>regite</span> <span class='ocrx_word' id='word_1_588' title='bbox 938 4904 1289 4974; x_wconf 86' lang='lat' dir='ltr'>majestatis.</span> 
     </span>
    </p>
   </div>
   <div class='ocr_carea' id='block_1_78' title="bbox 552 5081 2134 5154">
    <p class='ocr_par' dir='ltr' id='par_1_78' title="bbox 552 5081 2134 5154">
     <span class='ocr_line' id='line_1_78' title="bbox 552 5081 2134 5154; baseline 0.003 -19"><span class='ocrx_word' id='word_1_589' title='bbox 552 5081 950 5148; x_wconf 89' lang='lat' dir='ltr'>Quamobrem</span> <span class='ocrx_word' id='word_1_590' title='bbox 981 5081 1335 5137; x_wconf 90' lang='lat' dir='ltr'>mandamus</span> <span class='ocrx_word' id='word_1_591' title='bbox 1377 5081 1548 5138; x_wconf 91' lang='lat' dir='ltr'>illum</span> <span class='ocrx_word' id='word_1_592' title='bbox 1613 5081 1852 5154; x_wconf 89' lang='lat' dir='ltr'>quidem</span> <span class='ocrx_word' id='word_1_593' title='bbox 1905 5083 2134 5139; x_wconf 82' lang='lat' dir='ltr'>archie-</span> 
     </span>
    </p>
   </div>
   <div class='ocr_carea' id='block_1_79' title="bbox 477 5169 2133 5244">
    <p class='ocr_par' dir='ltr' id='par_1_79' title="bbox 477 5169 2133 5244">
     <span class='ocr_line' id='line_1_79' title="bbox 477 5169 2133 5244; baseline 0.001 -18"><span class='ocrx_word' id='word_1_594' title='bbox 477 5172 794 5244; x_wconf 77' lang='lat' dir='ltr'>piSCOpum</span> <span class='ocrx_word' id='word_1_595' title='bbox 817 5169 1036 5225; x_wconf 89' lang='lat' dir='ltr'>habere</span> <span class='ocrx_word' id='word_1_596' title='bbox 1067 5171 1130 5225; x_wconf 93' lang='lat' dir='ltr'>in</span> <span class='ocrx_word' id='word_1_597' title='bbox 1158 5171 1391 5241; x_wconf 91' lang='lat' dir='ltr'>oppidis</span> <span class='ocrx_word' id='word_1_598' title='bbox 1415 5171 1684 5227; x_wconf 68' lang='lat' dir='ltr'>diuacesis</span> <span class='ocrx_word' id='word_1_599' title='bbox 1717 5171 1926 5238; x_wconf 72' lang='lat' dir='ltr'>suaa,id</span> <span class='ocrx_word' id='word_1_600' title='bbox 1957 5173 2133 5242; x_wconf 90' lang='lat' dir='ltr'>est,in</span> 
     </span>
    </p>
   </div>
   <div class='ocr_carea' id='block_1_80' title="bbox 2239 3916 3892 3997">
    <p class='ocr_par' dir='ltr' id='par_1_80' title="bbox 2239 3916 3892 3997">
     <span class='ocr_line' id='line_1_80' title="bbox 2239 3916 3892 3997; baseline 0.003 -26"><span class='ocrx_word' id='word_1_601' title='bbox 2239 3919 2461 3990; x_wconf 86' lang='grc' dir='ltr'>θρώπου</span> <span class='ocrx_word' id='word_1_602' title='bbox 2493 3923 2626 3974; x_wconf 79' lang='grc' dir='ltr'>Θεοῦ</span> <span class='ocrx_word' id='word_1_603' title='bbox 2659 3916 3050 3994; x_wconf 74' lang='grc' dir='ltr'>δεδωρημένων</span> <span class='ocrx_word' id='word_1_604' title='bbox 3083 3923 3151 3993; x_wconf 79' lang='grc' dir='ltr'>τῇ</span> <span class='ocrx_word' id='word_1_605' title='bbox 3188 3917 3440 3993; x_wconf 83' lang='grc' dir='ltr'>Βασιλείᾳ</span> <span class='ocrx_word' id='word_1_606' title='bbox 3467 3923 3628 3996; x_wconf 76' lang='grc' dir='ltr'>ἡμῶν</span> <span class='ocrx_word' id='word_1_607' title='bbox 3679 3923 3892 3997; x_wconf 90' lang='grc' dir='ltr'>ἀγαθῶν</span> 
     </span>
    </p>
   </div>
   <div class='ocr_carea' id='block_1_81' title="bbox 2237 4005 3890 4086">
    <p class='ocr_par' dir='ltr' id='par_1_81' title="bbox 2237 4005 3890 4086">
     <span class='ocr_line' id='line_1_81' title="bbox 2237 4005 3890 4086; baseline 0.001 -23"><span class='ocrx_word' id='word_1_608' title='bbox 2237 4009 2372 4063; x_wconf 87' lang='grc' dir='ltr'>κατά</span> <span class='ocrx_word' id='word_1_609' title='bbox 2402 4006 2695 4086; x_wconf 77' lang='grc' dir='ltr'>διαφόρους</span> <span class='ocrx_word' id='word_1_610' title='bbox 2733 4009 2957 4085; x_wconf 76' lang='grc' dir='ltr'>καιροὺς</span> <span class='ocrx_word' id='word_1_611' title='bbox 2987 4010 3074 4064; x_wconf 83' lang='grc' dir='ltr'>καὶ</span> <span class='ocrx_word' id='word_1_612' title='bbox 3137 4010 3366 4084; x_wconf 86' lang='grc' dir='ltr'>ἀριθμὸν</span> <span class='ocrx_word' id='word_1_613' title='bbox 3431 4005 3890 4085; x_wconf 77' lang='grc' dir='ltr'>ὑπερϐαινόντων,</span> 
     </span>
    </p>
   </div>
   <div class='ocr_carea' id='block_1_82' title="bbox 2235 4097 3890 4176">
    <p class='ocr_par' dir='ltr' id='par_1_82' title="bbox 2235 4097 3890 4176">
     <span class='ocr_line' id='line_1_82' title="bbox 2235 4097 3890 4176; baseline 0.001 -24"><span class='ocrx_word' id='word_1_614' title='bbox 2235 4098 2397 4152; x_wconf 81' lang='grc' dir='ltr'>τοῦτό</span> <span class='ocrx_word' id='word_1_615' title='bbox 2455 4097 2566 4152; x_wconf 82' lang='grc' dir='ltr'>ἐστι</span> <span class='ocrx_word' id='word_1_616' title='bbox 2637 4098 2783 4171; x_wconf 72' lang='grc' dir='ltr'>παρὰ</span> <span class='ocrx_word' id='word_1_617' title='bbox 2859 4098 3032 4153; x_wconf 83' lang='grc' dir='ltr'>πάντα</span> <span class='ocrx_word' id='word_1_618' title='bbox 3102 4097 3370 4173; x_wconf 76' lang='grc' dir='ltr'>ἐξαίρετον</span> <span class='ocrx_word' id='word_1_619' title='bbox 3455 4101 3518 4155; x_wconf 87' lang='grc' dir='ltr'>τὸ</span> <span class='ocrx_word' id='word_1_620' title='bbox 3573 4102 3890 4176; x_wconf 78' lang='grc' dir='ltr'>προσθήκην</span> 
     </span>
    </p>
   </div>
   <div class='ocr_carea' id='block_1_83' title="bbox 2239 4187 3888 4263">
    <p class='ocr_par' dir='ltr' id='par_1_83' title="bbox 2239 4187 3888 4263">
     <span class='ocr_line' id='line_1_83' title="bbox 2239 4187 3888 4263; baseline 0.001 -23"><span class='ocrx_word' id='word_1_621' title='bbox 2239 4187 2484 4260; x_wconf 85' lang='grc' dir='ltr'>γενέσθαι</span> <span class='ocrx_word' id='word_1_622' title='bbox 2515 4190 2584 4260; x_wconf 80' lang='grc' dir='ltr'>τῇ</span> <span class='ocrx_word' id='word_1_623' title='bbox 2615 4188 2897 4261; x_wconf 78' lang='grc' dir='ltr'>Ῥωμαϊκῇ</span> <span class='ocrx_word' id='word_1_624' title='bbox 2930 4189 3079 4263; x_wconf 80' lang='grc' dir='ltr'>ἀρχῇ</span> <span class='ocrx_word' id='word_1_625' title='bbox 3110 4187 3200 4242; x_wconf 89' lang='grc' dir='ltr'>καὶ</span> <span class='ocrx_word' id='word_1_626' title='bbox 3251 4188 3353 4257; x_wconf 82' lang='grc' dir='ltr'>τήν</span> <span class='ocrx_word' id='word_1_627' title='bbox 3391 4192 3496 4243; x_wconf 88' lang='grc' dir='ltr'>τῶν</span> <span class='ocrx_word' id='word_1_628' title='bbox 3557 4188 3888 4263; x_wconf 87' lang='grc' dir='ltr'>Βουλγάρων</span> 
     </span>
    </p>
   </div>
   <div class='ocr_carea' id='block_1_84' title="bbox 2237 4274 3879 4352">
    <p class='ocr_par' dir='ltr' id='par_1_84' title="bbox 2237 4274 3879 4352">
     <span class='ocr_line' id='line_1_84' title="bbox 2237 4274 3879 4352; baseline 0.002 -23"><span class='ocrx_word' id='word_1_629' title='bbox 2237 4277 2478 4351; x_wconf 79' lang='grc' dir='ltr'>γενέσθαι</span> <span class='ocrx_word' id='word_1_630' title='bbox 2515 4277 2618 4331; x_wconf 85' lang='grc' dir='ltr'>ὑπὸ</span> <span class='ocrx_word' id='word_1_631' title='bbox 2679 4278 2834 4352; x_wconf 86' lang='grc' dir='ltr'>ζυγὸν</span> <span class='ocrx_word' id='word_1_632' title='bbox 2891 4274 3002 4332; x_wconf 74' lang='grc' dir='ltr'>ἕνα·</span> <span class='ocrx_word' id='word_1_633' title='bbox 3062 4275 3297 4341; x_wconf 76' lang='grc' dir='ltr'>ἐντεῦθεν</span> <span class='ocrx_word' id='word_1_634' title='bbox 3344 4276 3436 4333; x_wconf 81' lang='grc' dir='ltr'>οὖν</span> <span class='ocrx_word' id='word_1_635' title='bbox 3483 4278 3569 4332; x_wconf 83' lang='grc' dir='ltr'>καὶ</span> <span class='ocrx_word' id='word_1_636' title='bbox 3598 4279 3689 4332; x_wconf 87' lang='grc' dir='ltr'>τὸν</span> <span class='ocrx_word' id='word_1_637' title='bbox 3717 4277 3879 4332; x_wconf 82' lang='grc' dir='ltr'>εὐλα-</span> 
     </span>
    </p>
   </div>
   <div class='ocr_carea' id='block_1_85' title="bbox 2241 4357 3884 4441">
    <p class='ocr_par' dir='ltr' id='par_1_85' title="bbox 2241 4357 3884 4441">
     <span class='ocr_line' id='line_1_85' title="bbox 2241 4357 3884 4441; baseline 0.001 -24"><span class='ocrx_word' id='word_1_638' title='bbox 2241 4357 2499 4420; x_wconf 80' lang='grc' dir='ltr'>ϐέστατον</span> <span class='ocrx_word' id='word_1_639' title='bbox 2534 4365 2777 4440; x_wconf 86' lang='grc' dir='ltr'>μοναχὸν</span> <span class='ocrx_word' id='word_1_640' title='bbox 2834 4365 3086 4436; x_wconf 89' lang='grc' dir='ltr'>Ἰωάννην</span> <span class='ocrx_word' id='word_1_641' title='bbox 3145 4366 3575 4441; x_wconf 87' lang='grc' dir='ltr'>ἀρχιεπίσκοπον</span> <span class='ocrx_word' id='word_1_642' title='bbox 3638 4364 3884 4439; x_wconf 86' lang='grc' dir='ltr'>Βουλγα-</span> 
     </span>
    </p>
   </div>
   <div class='ocr_carea' id='block_1_86' title="bbox 2242 4454 3892 4531">
    <p class='ocr_par' dir='ltr' id='par_1_86' title="bbox 2242 4454 3892 4531">
     <span class='ocr_line' id='line_1_86' title="bbox 2242 4454 3892 4531; baseline -0.001 -23"><span class='ocrx_word' id='word_1_643' title='bbox 2242 4454 2358 4530; x_wconf 91' lang='grc' dir='ltr'>ρίας</span> <span class='ocrx_word' id='word_1_644' title='bbox 2416 4455 2762 4531; x_wconf 86' lang='grc' dir='ltr'>έκυρώσαμεν</span> <span class='ocrx_word' id='word_1_645' title='bbox 2829 4455 2961 4510; x_wconf 72' lang='grc' dir='ltr'>εἶναι</span> <span class='ocrx_word' id='word_1_646' title='bbox 3042 4455 3132 4510; x_wconf 83' lang='grc' dir='ltr'>καὶ</span> <span class='ocrx_word' id='word_1_647' title='bbox 3216 4455 3283 4510; x_wconf 78' lang='grc' dir='ltr'>τὰ</span> <span class='ocrx_word' id='word_1_648' title='bbox 3357 4459 3425 4528; x_wconf 84' lang='grc' dir='ltr'>τῇ</span> <span class='ocrx_word' id='word_1_649' title='bbox 3483 4454 3892 4528; x_wconf 79' lang='grc' dir='ltr'>ἀρχιεπισκοπῇ</span> 
     </span>
    </p>
   </div>
   <div class='ocr_carea' id='block_1_87' title="bbox 2239 4542 3889 4620">
    <p class='ocr_par' dir='ltr' id='par_1_87' title="bbox 2239 4542 3889 4620">
     <span class='ocr_line' id='line_1_87' title="bbox 2239 4542 3889 4620; baseline -0.001 -21"><span class='ocrx_word' id='word_1_650' title='bbox 2239 4545 2589 4618; x_wconf 83' lang='grc' dir='ltr'>προσήκοντα</span> <span class='ocrx_word' id='word_1_651' title='bbox 2616 4547 2743 4620; x_wconf 89' lang='grc' dir='ltr'>παρ’</span> <span class='ocrx_word' id='word_1_652' title='bbox 2777 4543 2941 4600; x_wconf 79' lang='grc' dir='ltr'>αὐτοῦ</span> <span class='ocrx_word' id='word_1_653' title='bbox 2996 4543 3288 4601; x_wconf 80' lang='grc' dir='ltr'>ἰθύνεσθαι.</span> <span class='ocrx_word' id='word_1_654' title='bbox 3349 4542 3446 4599; x_wconf 86' lang='grc' dir='ltr'>Καὶ</span> <span class='ocrx_word' id='word_1_655' title='bbox 3500 4543 3613 4598; x_wconf 81' lang='grc' dir='ltr'>ἐπεὶ</span> <span class='ocrx_word' id='word_1_656' title='bbox 3645 4543 3889 4618; x_wconf 73' lang='grc' dir='ltr'>ᾐτήσατο</span> 
     </span>
    </p>
   </div>
   <div class='ocr_carea' id='block_1_88' title="bbox 2243 4628 3888 4710">
    <p class='ocr_par' dir='ltr' id='par_1_88' title="bbox 2243 4628 3888 4710">
     <span class='ocr_line' id='line_1_88' title="bbox 2243 4628 3888 4710; baseline -0.002 -22"><span class='ocrx_word' id='word_1_657' title='bbox 2243 4633 2272 4688; x_wconf 85' lang='grc' dir='ltr'>ὁ</span> <span class='ocrx_word' id='word_1_658' title='bbox 2326 4636 2576 4695; x_wconf 83' lang='grc' dir='ltr'>τοιοῦτος</span> <span class='ocrx_word' id='word_1_659' title='bbox 2633 4631 2920 4708; x_wconf 81' lang='grc' dir='ltr'>ἐγγραφως</span> <span class='ocrx_word' id='word_1_660' title='bbox 2975 4628 3123 4708; x_wconf 77' lang='grc' dir='ltr'>ἔχειν</span> <span class='ocrx_word' id='word_1_661' title='bbox 3203 4631 3330 4694; x_wconf 79' lang='grc' dir='ltr'>τοὺς</span> <span class='ocrx_word' id='word_1_662' title='bbox 3398 4631 3718 4710; x_wconf 78' lang='grc' dir='ltr'>ὀφείλοντας</span> <span class='ocrx_word' id='word_1_663' title='bbox 3774 4634 3888 4692; x_wconf 88' lang='grc' dir='ltr'>ταῖς</span> 
     </span>
    </p>
   </div>
   <div class='ocr_carea' id='block_1_89' title="bbox 2241 4719 3887 4796">
    <p class='ocr_par' dir='ltr' id='par_1_89' title="bbox 2241 4719 3887 4796">
     <span class='ocr_line' id='line_1_89' title="bbox 2241 4719 3887 4796; baseline -0.002 -20"><span class='ocrx_word' id='word_1_664' title='bbox 2241 4719 2592 4792; x_wconf 83' lang='grc' dir='ltr'>Ἐκκλησίαις</span> <span class='ocrx_word' id='word_1_665' title='bbox 2633 4728 2732 4792; x_wconf 87' lang='grc' dir='ltr'>τῆς</span> <span class='ocrx_word' id='word_1_666' title='bbox 2787 4720 2996 4796; x_wconf 85' lang='grc' dir='ltr'>ἐνορίας</span> <span class='ocrx_word' id='word_1_667' title='bbox 3052 4721 3216 4777; x_wconf 80' lang='grc' dir='ltr'>αὐτοῦ</span> <span class='ocrx_word' id='word_1_668' title='bbox 3275 4721 3364 4777; x_wconf 89' lang='grc' dir='ltr'>καὶ</span> <span class='ocrx_word' id='word_1_669' title='bbox 3418 4726 3528 4778; x_wconf 89' lang='grc' dir='ltr'>τῶν</span> <span class='ocrx_word' id='word_1_670' title='bbox 3582 4721 3887 4777; x_wconf 79' lang='grc' dir='ltr'>ἐπισκόπων</span> 
     </span>
    </p>
   </div>
   <div class='ocr_carea' id='block_1_90' title="bbox 2243 4807 3896 4888">
    <p class='ocr_par' dir='ltr' id='par_1_90' title="bbox 2243 4807 3896 4888">
     <span class='ocr_line' id='line_1_90' title="bbox 2243 4807 3896 4888; baseline -0.001 -23"><span class='ocrx_word' id='word_1_671' title='bbox 2243 4809 2408 4865; x_wconf 79' lang='grc' dir='ltr'>αὐτοῦ</span> <span class='ocrx_word' id='word_1_672' title='bbox 2456 4809 2761 4885; x_wconf 79' lang='grc' dir='ltr'>κληρικοὺς</span> <span class='ocrx_word' id='word_1_673' title='bbox 2807 4811 2897 4866; x_wconf 88' lang='grc' dir='ltr'>καὶ</span> <span class='ocrx_word' id='word_1_674' title='bbox 2975 4811 3271 4886; x_wconf 87' lang='grc' dir='ltr'>παροίκους</span> <span class='ocrx_word' id='word_1_675' title='bbox 3339 4811 3625 4888; x_wconf 79' lang='grc' dir='ltr'>ὑπηρετεῖν</span> <span class='ocrx_word' id='word_1_676' title='bbox 3660 4855 3676 4882; x_wconf 89' lang='grc'>,</span> <span class='ocrx_word' id='word_1_677' title='bbox 3733 4807 3896 4865; x_wconf 82' lang='grc' dir='ltr'>δεδώ-</span> 
     </span>
    </p>
   </div>
   <div class='ocr_carea' id='block_1_91' title="bbox 2240 4897 3900 4976">
    <p class='ocr_par' dir='ltr' id='par_1_91' title="bbox 2240 4897 3900 4976">
     <span class='ocr_line' id='line_1_91' title="bbox 2240 4897 3900 4976; baseline 0.002 -22"><span class='ocrx_word' id='word_1_678' title='bbox 2240 4919 2410 4973; x_wconf 90' lang='grc' dir='ltr'>καμεν</span> <span class='ocrx_word' id='word_1_679' title='bbox 2493 4900 2644 4972; x_wconf 83' lang='grc' dir='ltr'>αὐτῷ</span> <span class='ocrx_word' id='word_1_680' title='bbox 2724 4903 2787 4956; x_wconf 81' lang='grc' dir='ltr'>τὸ</span> <span class='ocrx_word' id='word_1_681' title='bbox 2869 4900 3041 4974; x_wconf 88' lang='grc' dir='ltr'>παρὸν</span> <span class='ocrx_word' id='word_1_682' title='bbox 3101 4900 3377 4974; x_wconf 85' lang='grc' dir='ltr'>σιγίΛλιον</span> <span class='ocrx_word' id='word_1_683' title='bbox 3463 4908 3563 4972; x_wconf 86' lang='grc' dir='ltr'>τῆς</span> <span class='ocrx_word' id='word_1_684' title='bbox 3619 4897 3900 4976; x_wconf 82' lang='grc' dir='ltr'>βασιλείας</span> 
     </span>
    </p>
   </div>
   <div class='ocr_carea' id='block_1_92' title="bbox 2243 4988 2429 5060">
    <p class='ocr_par' dir='ltr' id='par_1_92' title="bbox 2243 4988 2429 5060">
     <span class='ocr_line' id='line_1_92' title="bbox 2243 4988 2429 5060; baseline 0.016 -20"><span class='ocrx_word' id='word_1_685' title='bbox 2243 4988 2429 5060; x_wconf 79' lang='grc' dir='ltr'>ἡμῶν.</span> 
     </span>
    </p>
   </div>
   <div class='ocr_carea' id='block_1_93' title="bbox 2317 5076 3898 5155">
    <p class='ocr_par' dir='ltr' id='par_1_93' title="bbox 2317 5076 3898 5155">
     <span class='ocr_line' id='line_1_93' title="bbox 2317 5076 3898 5155; baseline -0.001 -23"><span class='ocrx_word' id='word_1_686' title='bbox 2317 5079 2392 5132; x_wconf 85' lang='grc' dir='ltr'>Δι’</span> <span class='ocrx_word' id='word_1_687' title='bbox 2423 5076 2483 5134; x_wconf 75' lang='grc' dir='ltr'>οὗ</span> <span class='ocrx_word' id='word_1_688' title='bbox 2513 5077 3018 5155; x_wconf 72' lang='grc' dir='ltr'>παρακελευόμεθα,</span> <span class='ocrx_word' id='word_1_689' title='bbox 3065 5077 3224 5134; x_wconf 81' lang='grc' dir='ltr'>αὐτὸν</span> <span class='ocrx_word' id='word_1_690' title='bbox 3288 5078 3382 5152; x_wconf 76' lang='grc' dir='ltr'>μὲν</span> <span class='ocrx_word' id='word_1_691' title='bbox 3417 5078 3509 5133; x_wconf 90' lang='grc' dir='ltr'>τὸν</span> <span class='ocrx_word' id='word_1_692' title='bbox 3537 5076 3898 5154; x_wconf 87' lang='grc' dir='ltr'>ἀρχιεπίσκο-</span> 
     </span>
    </p>
   </div>
   <div class='ocr_carea' id='block_1_94' title="bbox 2244 5167 3903 5246">
    <p class='ocr_par' dir='ltr' id='par_1_94' title="bbox 2244 5167 3903 5246">
     <span class='ocr_line' id='line_1_94' title="bbox 2244 5167 3903 5246; baseline -0.004 -18"><span class='ocrx_word' id='word_1_693' title='bbox 2244 5193 2349 5228; x_wconf 81' lang='grc' dir='ltr'>πον</span> <span class='ocrx_word' id='word_1_694' title='bbox 2382 5169 2530 5246; x_wconf 84' lang='grc' dir='ltr'>ἔχειν</span> <span class='ocrx_word' id='word_1_695' title='bbox 2563 5169 2638 5232; x_wconf 74' lang='grc' dir='ltr'>εἲς</span> <span class='ocrx_word' id='word_1_696' title='bbox 2690 5170 2757 5225; x_wconf 81' lang='grc' dir='ltr'>τὰ</span> <span class='ocrx_word' id='word_1_697' title='bbox 2785 5170 2990 5245; x_wconf 84' lang='grc' dir='ltr'>κάστρα</span> <span class='ocrx_word' id='word_1_698' title='bbox 3045 5177 3148 5239; x_wconf 79' lang='grc' dir='ltr'>τῆς</span> <span class='ocrx_word' id='word_1_699' title='bbox 3198 5169 3409 5244; x_wconf 81' lang='grc' dir='ltr'>ένορίας</span> <span class='ocrx_word' id='word_1_700' title='bbox 3443 5170 3608 5226; x_wconf 82' lang='grc' dir='ltr'>αὐτοῦ</span> <span class='ocrx_word' id='word_1_701' title='bbox 3664 5169 3788 5240; x_wconf 73' lang='grc' dir='ltr'>ἤτοι</span> <span class='ocrx_word' id='word_1_702' title='bbox 3829 5167 3903 5229; x_wconf 78' lang='grc' dir='ltr'>εἷς</span> 
     </span>
    </p>
   </div>
   <div class='ocr_carea' id='block_1_95' title="bbox 477 5225 2121 5336">
    <p class='ocr_par' dir='ltr' id='par_1_95' title="bbox 477 5225 2121 5328">
     <span class='ocr_line' id='line_1_95' title="bbox 477 5225 2121 5328; baseline -0.001 -12"><span class='ocrx_word' id='word_1_703' title='bbox 477 5225 752 5325; x_wconf 52' lang='grc' dir='ltr'>λοὴτὶἒίο,</span> <span class='ocrx_word' id='word_1_704' title='bbox 812 5261 1049 5328; x_wconf 85' lang='lat' dir='ltr'>Prespa,</span> <span class='ocrx_word' id='word_1_705' title='bbox 1101 5225 1316 5324; x_wconf 71' lang='lat' dir='ltr'>Macro,</span> <span class='ocrx_word' id='word_1_706' title='bbox 1347 5264 1406 5313; x_wconf 92' lang='lat' dir='ltr'>et</span> 
     </span>
    </p>
   </div>
   <div class='ocr_carea' id='block_1_96' title="bbox 2231 5225 3904 5336">
    <p class='ocr_par' dir='ltr' id='par_1_96' title="bbox 2240 5225 3904 5336">
     <span class='ocr_line' id='line_1_96' title="bbox 2254 5225 3900 5246; baseline 0.009 -31"><span class='ocrx_word' id='word_1_707' title='bbox 2413 5225 2469 5246; x_wconf 53' lang='grc' dir='ltr'><em>Ν</em></span> <span class='ocrx_word' id='word_1_708' title='bbox 2624 5225 2636 5232; x_wconf 85' lang='lat'>_</span> <span class='ocrx_word' id='word_1_709' title='bbox 2904 5225 2929 5245; x_wconf 24' lang='grc' dir='ltr'>ν,</span> <span class='ocrx_word' id='word_1_710' title='bbox 3103 5225 3146 5239; x_wconf 53' lang='grc' dir='ltr'>μ</span> <span class='ocrx_word' id='word_1_711' title='bbox 3290 5225 3299 5244; x_wconf 51' lang='grc' dir='ltr'>ι</span> <span class='ocrx_word' id='word_1_712' title='bbox 3396 5225 3408 5232; x_wconf 84' lang='grc'><strong>,</strong></span> <span class='ocrx_word' id='word_1_713' title='bbox 3492 5225 3495 5226; x_wconf 65' lang='lat'>,</span> <span class='ocrx_word' id='word_1_714' title='bbox 3689 5225 3699 5240; x_wconf 86' lang='grc'>,</span> <span class='ocrx_word' id='word_1_715' title='bbox 3890 5225 3900 5229; x_wconf 85' lang='grc'>-</span> 
     </span>
     <span class='ocr_line' id='line_1_97' title="bbox 2240 5257 3904 5336; baseline -0.004 -19"><span class='ocrx_word' id='word_1_716' title='bbox 2240 5263 2341 5330; x_wconf 73' lang='grc' dir='ltr'>τὴν</span> <span class='ocrx_word' id='word_1_717' title='bbox 2405 5257 2656 5336; x_wconf 64' lang='grc' dir='ltr'>Ἀχρίδα,</span> <span class='ocrx_word' id='word_1_718' title='bbox 2723 5261 2822 5328; x_wconf 78' lang='grc' dir='ltr'>τήν</span> <span class='ocrx_word' id='word_1_719' title='bbox 2884 5258 3174 5333; x_wconf 85' lang='grc' dir='ltr'>[Ιρέσπαν,</span> <span class='ocrx_word' id='word_1_720' title='bbox 3237 5260 3316 5314; x_wconf 84' lang='grc' dir='ltr'>ἰὸν</span> <span class='ocrx_word' id='word_1_721' title='bbox 3377 5261 3601 5335; x_wconf 82' lang='grc' dir='ltr'>Μάκρον</span> <span class='ocrx_word' id='word_1_722' title='bbox 3659 5259 3750 5314; x_wconf 81' lang='grc' dir='ltr'>καὶ</span> <span class='ocrx_word' id='word_1_723' title='bbox 3806 5259 3904 5326; x_wconf 81' lang='grc' dir='ltr'>τὴν</span> 
     </span>
    </p>
   </div>
   <div class='ocr_carea' id='block_1_97' title="bbox 475 5347 2130 5422">
    <p class='ocr_par' dir='ltr' id='par_1_97' title="bbox 475 5347 2130 5422">
     <span class='ocr_line' id='line_1_98' title="bbox 475 5347 2130 5422; baseline 0.001 -16"><span class='ocrx_word' id='word_1_724' title='bbox 475 5366 740 5422; x_wconf 70' lang='grc' dir='ltr'>ρᾶτωοοε</span> <span class='ocrx_word' id='word_1_725' title='bbox 772 5350 838 5403; x_wconf 85' lang='grc'>30</span> <span class='ocrx_word' id='word_1_726' title='bbox 864 5369 878 5414; x_wconf 91' lang='lat'><strong>;</strong></span> <span class='ocrx_word' id='word_1_727' title='bbox 902 5347 1249 5418; x_wconf 89' lang='lat' dir='ltr'>episcopum</span> <span class='ocrx_word' id='word_1_728' title='bbox 1272 5349 1554 5403; x_wconf 70' lang='lat' dir='ltr'>Castoriaa</span> <span class='ocrx_word' id='word_1_729' title='bbox 1578 5349 1636 5403; x_wconf 91' lang='lat' dir='ltr'>in</span> <span class='ocrx_word' id='word_1_730' title='bbox 1663 5351 1896 5422; x_wconf 92' lang='lat' dir='ltr'>oppidis</span> <span class='ocrx_word' id='word_1_731' title='bbox 1921 5350 2130 5408; x_wconf 67' lang='lat' dir='ltr'>dioece-</span> 
     </span>
    </p>
   </div>
   <div class='ocr_carea' id='block_1_98' title="bbox 477 5436 2130 5506">
    <p class='ocr_par' dir='ltr' id='par_1_98' title="bbox 477 5436 2130 5506">
     <span class='ocr_line' id='line_1_99' title="bbox 477 5436 2130 5506; baseline 0.001 -11"><span class='ocrx_word' id='word_1_732' title='bbox 477 5441 557 5495; x_wconf 86' lang='lat' dir='ltr'>sis</span> <span class='ocrx_word' id='word_1_733' title='bbox 589 5455 734 5504; x_wconf 75' lang='lat' dir='ltr'>sua),</span> <span class='ocrx_word' id='word_1_734' title='bbox 767 5438 826 5492; x_wconf 93' lang='lat' dir='ltr'>id</span> <span class='ocrx_word' id='word_1_735' title='bbox 860 5442 949 5492; x_wconf 86' lang='lat' dir='ltr'>est</span> <span class='ocrx_word' id='word_1_736' title='bbox 980 5437 1038 5490; x_wconf 90' lang='lat' dir='ltr'>in</span> <span class='ocrx_word' id='word_1_737' title='bbox 1074 5436 1202 5506; x_wconf 88' lang='lat' dir='ltr'>ipsa</span> <span class='ocrx_word' id='word_1_738' title='bbox 1231 5438 1518 5504; x_wconf 86' lang='lat' dir='ltr'>Castoria,</span> <span class='ocrx_word' id='word_1_739' title='bbox 1554 5439 1615 5494; x_wconf 89' lang='lat' dir='ltr'>in</span> <span class='ocrx_word' id='word_1_740' title='bbox 1648 5440 1912 5506; x_wconf 85' lang='lat' dir='ltr'>Curesto,</span> <span class='ocrx_word' id='word_1_741' title='bbox 1958 5441 2130 5496; x_wconf 51' lang='lat' dir='ltr'>Colo.</span> 
     </span>
    </p>
   </div>
   <div class='ocr_carea' id='block_1_99' title="bbox 476 5527 2131 5599">
    <p class='ocr_par' dir='ltr' id='par_1_99' title="bbox 476 5527 2131 5599">
     <span class='ocr_line' id='line_1_100' title="bbox 476 5527 2131 5599; baseline -0.001 -14"><span class='ocrx_word' id='word_1_742' title='bbox 476 5546 574 5596; x_wconf 90' lang='lat' dir='ltr'>na,</span> <span class='ocrx_word' id='word_1_743' title='bbox 607 5527 872 5590; x_wconf 89' lang='lat' dir='ltr'>Deaboli,</span> <span class='ocrx_word' id='word_1_744' title='bbox 918 5527 1101 5579; x_wconf 87' lang='lat' dir='ltr'>Boosa</span> <span class='ocrx_word' id='word_1_745' title='bbox 1151 5531 1210 5579; x_wconf 92' lang='lat' dir='ltr'>et</span> <span class='ocrx_word' id='word_1_746' title='bbox 1258 5528 1414 5581; x_wconf 83' lang='lat' dir='ltr'>Moro</span> <span class='ocrx_word' id='word_1_747' title='bbox 1475 5527 1722 5583; x_wconf 88' lang='lat' dir='ltr'>clericos</span> <span class='ocrx_word' id='word_1_748' title='bbox 1756 5530 1822 5582; x_wconf 82' lang='grc'>40</span> <span class='ocrx_word' id='word_1_749' title='bbox 1854 5533 1912 5583; x_wconf 90' lang='lat' dir='ltr'>et</span> <span class='ocrx_word' id='word_1_750' title='bbox 1938 5545 2131 5599; x_wconf 75' lang='lat' dir='ltr'>parae-</span> 
     </span>
    </p>
   </div>
   <div class='ocr_carea' id='block_1_100' title="bbox 478 5616 2130 5689">
    <p class='ocr_par' dir='ltr' id='par_1_100' title="bbox 478 5616 2130 5689">
     <span class='ocr_line' id='line_1_101' title="bbox 478 5616 2130 5689; baseline -0.001 -13"><span class='ocrx_word' id='word_1_751' title='bbox 478 5638 580 5676; x_wconf 91' lang='lat' dir='ltr'>cos</span> <span class='ocrx_word' id='word_1_752' title='bbox 612 5621 679 5672; x_wconf 90' lang='lat' dir='ltr'><strong>3O</strong></span> <span class='ocrx_word' id='word_1_753' title='bbox 706 5635 720 5685; x_wconf 90' lang='lat'><strong>;</strong></span> <span class='ocrx_word' id='word_1_754' title='bbox 754 5617 866 5671; x_wconf 87' lang='lat' dir='ltr'>nisi</span> <span class='ocrx_word' id='word_1_755' title='bbox 902 5616 1052 5669; x_wconf 79' lang='lat' dir='ltr'>forte</span> <span class='ocrx_word' id='word_1_756' title='bbox 1100 5617 1543 5672; x_wconf 89' lang='lat' dir='ltr'>numerosiores</span> <span class='ocrx_word' id='word_1_757' title='bbox 1575 5618 1781 5673; x_wconf 91' lang='lat' dir='ltr'>habuit</span> <span class='ocrx_word' id='word_1_758' title='bbox 1811 5618 1995 5689; x_wconf 89' lang='lat' dir='ltr'>prius,</span> <span class='ocrx_word' id='word_1_759' title='bbox 2027 5619 2130 5675; x_wconf 90' lang='lat' dir='ltr'>sed</span> 
     </span>
    </p>
   </div>
   <div class='ocr_carea' id='block_1_101' title="bbox 2243 5344 3905 5424">
    <p class='ocr_par' dir='ltr' id='par_1_101' title="bbox 2243 5344 3905 5424">
     <span class='ocr_line' id='line_1_102' title="bbox 2243 5344 3905 5424; baseline -0.002 -20"><span class='ocrx_word' id='word_1_760' title='bbox 2243 5344 2499 5419; x_wconf 77' lang='grc' dir='ltr'>Κίτζαϐιν</span> <span class='ocrx_word' id='word_1_761' title='bbox 2559 5347 2861 5422; x_wconf 77' lang='grc' dir='ltr'>κληρικοὺς</span> <span class='ocrx_word' id='word_1_762' title='bbox 2918 5351 2970 5420; x_wconf 79' lang='grc' dir='ltr'>μ’</span> <span class='ocrx_word' id='word_1_763' title='bbox 3051 5347 3142 5404; x_wconf 86' lang='grc' dir='ltr'>καὶ</span> <span class='ocrx_word' id='word_1_764' title='bbox 3220 5347 3524 5424; x_wconf 87' lang='grc' dir='ltr'>παροίκους</span> <span class='ocrx_word' id='word_1_765' title='bbox 3585 5347 3652 5404; x_wconf 79' lang='grc' dir='ltr'>λ“’</span> <span class='ocrx_word' id='word_1_766' title='bbox 3709 5347 3799 5403; x_wconf 85' lang='grc' dir='ltr'>τὸν</span> <span class='ocrx_word' id='word_1_767' title='bbox 3850 5344 3905 5400; x_wconf 71' lang='grc' dir='ltr'>δὲ</span> 
     </span>
    </p>
   </div>
   <div class='ocr_carea' id='block_1_102' title="bbox 2241 5436 3910 5515">
    <p class='ocr_par' dir='ltr' id='par_1_102' title="bbox 2241 5436 3910 5515">
     <span class='ocr_line' id='line_1_103' title="bbox 2241 5436 3910 5515; baseline -0.003 -21"><span class='ocrx_word' id='word_1_768' title='bbox 2241 5438 2535 5495; x_wconf 83' lang='grc' dir='ltr'>ἐπίσκοπον</span> <span class='ocrx_word' id='word_1_769' title='bbox 2598 5438 2902 5512; x_wconf 85' lang='grc' dir='ltr'>Καστορίας</span> <span class='ocrx_word' id='word_1_770' title='bbox 2985 5438 3061 5500; x_wconf 86' lang='grc' dir='ltr'>είς</span> <span class='ocrx_word' id='word_1_771' title='bbox 3144 5439 3211 5494; x_wconf 83' lang='grc' dir='ltr'>τὰ</span> <span class='ocrx_word' id='word_1_772' title='bbox 3268 5438 3473 5515; x_wconf 89' lang='grc' dir='ltr'>κάστρα</span> <span class='ocrx_word' id='word_1_773' title='bbox 3533 5440 3633 5508; x_wconf 73' lang='grc' dir='ltr'>τῆς</span> <span class='ocrx_word' id='word_1_774' title='bbox 3697 5436 3910 5510; x_wconf 77' lang='grc' dir='ltr'>ένορίας</span> 
     </span>
    </p>
   </div>
   <div class='ocr_carea' id='block_1_103' title="bbox 2242 5523 3906 5602">
    <p class='ocr_par' dir='ltr' id='par_1_103' title="bbox 2242 5523 3906 5602">
     <span class='ocr_line' id='line_1_104' title="bbox 2242 5523 3906 5602; baseline -0.004 -18"><span class='ocrx_word' id='word_1_775' title='bbox 2242 5528 2405 5584; x_wconf 79' lang='grc' dir='ltr'>αὐτοῦ</span> <span class='ocrx_word' id='word_1_776' title='bbox 2433 5526 2558 5598; x_wconf 80' lang='grc' dir='ltr'>ἤτοι</span> <span class='ocrx_word' id='word_1_777' title='bbox 2609 5527 2686 5590; x_wconf 85' lang='grc' dir='ltr'>είς</span> <span class='ocrx_word' id='word_1_778' title='bbox 2745 5526 2912 5596; x_wconf 79' lang='grc' dir='ltr'>αὐτὴν</span> <span class='ocrx_word' id='word_1_779' title='bbox 2961 5528 3060 5595; x_wconf 82' lang='grc' dir='ltr'>τὴν</span> <span class='ocrx_word' id='word_1_780' title='bbox 3116 5527 3439 5602; x_wconf 83' lang='grc' dir='ltr'>Καστορίαν,</span> <span class='ocrx_word' id='word_1_781' title='bbox 3503 5527 3580 5589; x_wconf 85' lang='grc' dir='ltr'>είς</span> <span class='ocrx_word' id='word_1_782' title='bbox 3620 5527 3731 5583; x_wconf 85' lang='grc' dir='ltr'>ιτὸν</span> <span class='ocrx_word' id='word_1_783' title='bbox 3760 5523 3906 5583; x_wconf 86' lang='grc' dir='ltr'>Κού-</span> 
     </span>
    </p>
   </div>
   <div class='ocr_carea' id='block_1_104' title="bbox 2243 5613 3904 5695">
    <p class='ocr_par' dir='ltr' id='par_1_104' title="bbox 2243 5613 3904 5695">
     <span class='ocr_line' id='line_1_105' title="bbox 2243 5613 3904 5695; baseline -0.004 -21"><span class='ocrx_word' id='word_1_784' title='bbox 2243 5639 2451 5695; x_wconf 82' lang='grc' dir='ltr'>ρεστον,</span> <span class='ocrx_word' id='word_1_785' title='bbox 2483 5619 2582 5687; x_wconf 74' lang='grc' dir='ltr'>τὴν</span> <span class='ocrx_word' id='word_1_786' title='bbox 2616 5617 2908 5688; x_wconf 86' lang='grc' dir='ltr'>Κολώνην,</span> <span class='ocrx_word' id='word_1_787' title='bbox 2939 5618 3040 5686; x_wconf 73' lang='grc' dir='ltr'>τὴν</span> <span class='ocrx_word' id='word_1_788' title='bbox 3089 5613 3385 5690; x_wconf 76' lang='grc' dir='ltr'>Δεάϐολιν,</span> <span class='ocrx_word' id='word_1_789' title='bbox 3413 5621 3513 5686; x_wconf 72' lang='grc' dir='ltr'>τήν</span> <span class='ocrx_word' id='word_1_790' title='bbox 3545 5619 3768 5674; x_wconf 89' lang='grc' dir='ltr'>Βοῶσαν</span> <span class='ocrx_word' id='word_1_791' title='bbox 3815 5614 3904 5670; x_wconf 85' lang='grc' dir='ltr'>καὶ</span> 
     </span>
    </p>
   </div>
   <div class='ocr_carea' id='block_1_105' title="bbox 552 5740 3898 5816">
    <p class='ocr_par' dir='ltr' id='par_1_105' title="bbox 552 5740 3898 5816">
     <span class='ocr_line' id='line_1_106' title="bbox 552 5740 3898 5816; baseline 0 -17"><span class='ocrx_word' id='word_1_792' title='bbox 552 5746 658 5816; x_wconf 77' lang='lat' dir='ltr'>(ll)</span> <span class='ocrx_word' id='word_1_793' title='bbox 702 5744 862 5798; x_wconf 88' lang='lat' dir='ltr'>Hanc</span> <span class='ocrx_word' id='word_1_794' title='bbox 891 5740 1392 5816; x_wconf 80' lang='lat' dir='ltr'>novellamprimi</span> <span class='ocrx_word' id='word_1_795' title='bbox 1423 5742 1739 5816; x_wconf 81' lang='lat' dir='ltr'>ediderunt</span> <span class='ocrx_word' id='word_1_796' title='bbox 1770 5743 2014 5816; x_wconf 76' lang='lat' dir='ltr'>Rhallis</span> <span class='ocrx_word' id='word_1_797' title='bbox 2042 5749 2101 5800; x_wconf 91' lang='lat' dir='ltr'>et</span> <span class='ocrx_word' id='word_1_798' title='bbox 2158 5745 2340 5800; x_wconf 88' lang='lat' dir='ltr'>Potlis</span> <span class='ocrx_word' id='word_1_799' title='bbox 2402 5746 2464 5800; x_wconf 90' lang='lat' dir='ltr'>in</span> <span class='ocrx_word' id='word_1_800' title='bbox 2521 5744 2797 5816; x_wconf 48' lang='lat' dir='ltr'>Collect,</span> <span class='ocrx_word' id='word_1_801' title='bbox 2830 5759 3042 5799; x_wconf 87' lang='lat' dir='ltr'>canon.</span> <span class='ocrx_word' id='word_1_802' title='bbox 3079 5745 3143 5812; x_wconf 89' lang='lat' dir='ltr'>V,</span> <span class='ocrx_word' id='word_1_803' title='bbox 3178 5763 3232 5816; x_wconf 91' lang='lat' dir='ltr'>p.</span> <span class='ocrx_word' id='word_1_804' title='bbox 3269 5747 3394 5815; x_wconf 85' lang='lat'>268,</span> <span class='ocrx_word' id='word_1_805' title='bbox 3427 5762 3498 5801; x_wconf 85' lang='lat' dir='ltr'>ex</span> <span class='ocrx_word' id='word_1_806' title='bbox 3528 5743 3730 5801; x_wconf 89' lang='lat' dir='ltr'>codice</span> <span class='ocrx_word' id='word_1_807' title='bbox 3786 5760 3898 5800; x_wconf 91' lang='lat' dir='ltr'>ms.</span> 
     </span>
    </p>
   </div>
   <div class='ocr_carea' id='block_1_106' title="bbox 483 5813 3318 5889">
    <p class='ocr_par' dir='ltr' id='par_1_106' title="bbox 483 5813 3318 5889">
     <span class='ocr_line' id='line_1_107' title="bbox 483 5813 3318 5889; baseline -0 -19"><span class='ocrx_word' id='word_1_808' title='bbox 483 5813 745 5889; x_wconf 84' lang='lat' dir='ltr'>quodam</span> <span class='ocrx_word' id='word_1_809' title='bbox 781 5813 1065 5870; x_wconf 81' lang='lat' dir='ltr'>Gerasimi</span> <span class='ocrx_word' id='word_1_810' title='bbox 1093 5813 1544 5886; x_wconf 89' lang='lat' dir='ltr'>archiepiscopi.</span> <span class='ocrx_word' id='word_1_811' title='bbox 1576 5815 1653 5870; x_wconf 91' lang='lat' dir='ltr'>De</span> <span class='ocrx_word' id='word_1_812' title='bbox 1685 5815 1813 5887; x_wconf 88' lang='lat' dir='ltr'>ejus</span> <span class='ocrx_word' id='word_1_813' title='bbox 1844 5815 2212 5887; x_wconf 79' lang='lat' dir='ltr'>genuinitate</span> <span class='ocrx_word' id='word_1_814' title='bbox 2240 5817 2474 5874; x_wconf 87' lang='lat' dir='ltr'>dubitat</span> <span class='ocrx_word' id='word_1_815' title='bbox 2502 5817 2644 5872; x_wconf 88' lang='lat' dir='ltr'>clar.</span> <span class='ocrx_word' id='word_1_816' title='bbox 2678 5815 2846 5872; x_wconf 88' lang='lat' dir='ltr'>Zach.</span> <span class='ocrx_word' id='word_1_817' title='bbox 2882 5831 2916 5872; x_wconf 82' lang='grc' dir='ltr'>θ.</span> <span class='ocrx_word' id='word_1_818' title='bbox 2950 5813 3318 5888; x_wconf 81' lang='lat' dir='ltr'>Lingenthal.</span> 
     </span>
    </p>
   </div>
  </div>
