4202 6314
404 418 524 479 633

1545 412 1933 475 NOVELLIE
1973 408 2677 475 CONSTITUTIONES.

3697 411 3819 474 634

477 550 568 607 τὸν
601 553 802 625 Μῶρον
834 546 1138 623 κλὴρικοὺς
1174 548 1232 620 μ’
1263 545 1354 602 καὶ
1391 549 1688 623 παροίκους
1718 546 1786 602 λ’⁶
1842 545 1887 600 εἰ
1916 545 2052 621 τάχα

2178 547 2457 604 nolumus
2491 564 2769 621 superare
2800 562 3115 603 numerum
3148 545 3497 600 clericorum
3531 551 3588 600 et
3629 565 3822 619 para:-

404 642 490 697 καὶ
525 637 943 714 περισσοτέρους
976 639 1093 711 εἶχε
1123 641 1338 709 πρῴην,
1371 634 1498 691 ἀλλ’
1524 633 1614 691 οὖν
1647 635 1708 690 οὐ
1744 634 2056 710 βουλόμεθα

404 724 745 805 ὑπερϐαίνειν
776 728 867 782 τὸν
902 725 1132 800 ἀριθμὸν
1165 729 1274 780 τῶν
1302 722 1586 800 κληρικῶν
1630 725 1721 780 καὶ
1776 723 2052 801 παροίκων

399 823 500 876 τοῦ
556 814 1010 892 ἀρχιεπισκόπου.
1066 815 1166 869 Τὸν
1229 810 1287 869 δὲ
1340 812 1633 869 ἐπίσκοπον
1694 809 2056 886 Γλαϐινίτζης

405 910 481 972 εἷς
510 908 677 976 αὐτὴν
735 907 836 976 τὴν
898 899 1255 973 Γλαῦινίτζαν
1315 905 1405 958 καὶ
1465 903 1541 966 εἰς
1597 905 1664 959 τὰ
1722 904 1920 958 Κάνινα
1962 902 2054 958 καὶ

407 1002 482 1062 εἵς
523 997 821 1054 Νεάνισκαν
905 993 1202 1067 κελεύομεν
1268 990 1414 1068 ἔχειν
1489 991 1789 1066 κληρικοὺς
1851 995 1907 1066 μ’
1963 993 2053 1048 καὶ

406 1089 704 1164 παροίκους
740 1087 796 1159 μ’
833 1084 924 1140 τὸν
986 1080 1044 1138 δὲ
1103 1081 1397 1138 ἐπίσκοπον
1457 1080 1782 1158 Μογλαίνων
1817 1083 1892 1146 εἷς
1920 1083 2054 1139 αὐτὰ

401 1180 470 1234 τὰ
495 1174 774 1254 Μὸγλαινα
810 1172 899 1230 καὶ
956 1173 1051 1228 τὸν
1109 1171 1384 1248 Πρόσακον
1435 1177 1528 1228 καῖ
1568 1173 1669 1243 τήν
1728 1168 2049 1250 Μυρίχοόαν

402 1267 492 1326 καὶ
546 1268 646 1336 τήν
709 1263 934 1334 Σετίνην
992 1262 1082 1318 καὶ
1140 1265 1230 1318 τὸν
1295 1257 1590 1336 Ὀστροϐὸν
1676 1263 1766 1317 καὶ
1836 1263 1912 1327 εἰς
1986 1263 2052 1318 τὰ

403 1355 650 1432 Ζαόὸρυα
694 1352 994 1429 κληρικοὺς
1057 1359 1114 1406 ιε’
1169 1351 1259 1406 καὶ
1319 1351 1616 1426 παροίκους
1678 1353 1753 1406 ιε’·
1811 1352 1901 1407 καὶ
1957 1351 2049 1407 τὸν

403 1447 694 1502 ἐπίσκοπον
729 1443 1042 1505 Βουτὲλεως
1075 1443 1152 1506 εἷς
1205 1442 1303 1510 τὴν
1344 1439 1679 1515 Πελαγονίαν
1739 1441 1826 1495 καὶ
1857 1440 1931 1503 εἷς
1957 1440 2049 1496 τὸν

403 1536 688 1608 Πρίλαπον
716 1536 807 1590 καὶ
838 1535 915 1596 εἰς
945 1535 1046 1602 τήν
1087 1533 1349 1607 Δευρετὴν
1399 1531 1488 1586 καὶ
1542 1530 1617 1594 εἷς
1671 1533 1761 1586 τὸν
1819 1531 2048 1590 Βελεσὸν

404 1624 714 1702 κληρικοὺς
773 1625 831 1680 ιε“
859 1623 950 1678 καὶ
992 1621 1288 1698 παροίκους
1351 1623 1428 1676 ιε’·
1481 1621 1571 1676 καὶ
1623 1621 1712 1675 τὸν
1759 1619 2054 1676 ἐπίσκοπον

407 1714 832 1791 Στρουμμίτζής
861 1713 938 1773 εἰς
977 1711 1142 1782 αὐτὴν
1199 1711 1298 1780 τὴν
1359 1710 1777 1786 Στρούμμιτζαν
1823 1711 1913 1765 καὶ
1963 1711 2056 1766 τὸν

401 1798 750 1859 Ῥαδόϐιστον
807 1801 897 1857 καί
951 1801 1042 1856 τὸν
1103 1798 1364 1870 Κονὲτζην
1425 1797 1728 1874 κληρικοὺς
1790 1799 1909 1875 ιβ’,
1965 1799 2055 1853 καὶ

402 1893 700 1968 παροίκους
759 1893 864 1968 ιβ”
925 1892 1012 1946 καὶ
1071 1890 1162 1944 τὸν
1215 1887 1511 1944 ἐπίσκοπον
1574 1883 1924 1964 Μοροϐίσδου
1982 1888 2060 1953 εἷς

407 1983 565 2039 αὑτὸν
622 1983 714 2037 τὸν
774 1975 1115 2055 Μορὸὅισδον
1174 1977 1265 2033 καὶ
1335 1979 1426 2034 τὸν
1487 1978 1752 2047 Κοζίακον
1805 1976 1894 2032 καὶ
1952 1979 2050 2047 τήν

2167 653 2369 692 corum
2393 638 2845 710 archiepiscOpi.
2870 636 3228 708 Episcopum
3251 635 3589 690 Glabinitzae
3612 638 3670 691 in
3690 639 3819 709 ipsa

2167 727 2509 795 Glabinitza,
2544 734 2603 784 et
2631 729 2693 783 in
2725 727 2964 783 Caninis
3011 731 3070 779 et
3125 726 3414 781 Neanisca
3464 727 3818 785 mandamus

2165 815 2385 871 habere
2418 819 2664 873 clericos
2691 821 2757 872 49
2789 823 2846 872 et
2877 832 3141 888 paroecos
3182 818 3283 881 30;
3319 815 3662 887 episcopum
3686 836 3820 874 vero

2164 907 2584 977 Moglmnorum
2617 909 2677 961 in
2706 907 2852 978 ipsis
2898 904 3219 977 Moglaenis,
3251 909 3308 958 et
3356 904 3628 974 Prosaco,
3662 909 3824 962 Miri-

2163 996 2374 1063 choba,
2415 998 2636 1067 Setina,
2667 995 2936 1062 Ostrobo,
2970 1000 3028 1050 et
3077 993 3315 1049 Zaodris
3361 994 3610 1050 clericos
3656 1000 3718 1050 15
3763 1002 3823 1053 et

2162 1101 2426 1157 parmcos
2453 1087 2556 1154 15;
2591 1087 2935 1158 episcopum
2972 1084 3200 1139 Butelei
3233 1084 3292 1138 in
3324 1083 3661 1156 Pelagonia,
3696 1087 3824 1142 Pri-

2161 1175 2320 1248 lapo,
2355 1175 2613 1232 Deureta
2637 1182 2693 1232 et
2725 1175 2950 1242 Beleso,
2979 1174 3226 1230 clericos
3261 1177 3323 1228 15
3346 1179 3405 1229 et
3433 1191 3694 1246 paraecos
3715 1178 3817 1244 15;

2163 1266 2508 1338 episcopum
2531 1265 2918 1321 Strummitzm
2944 1264 3004 1320 in
3025 1263 3154 1335 ipsa
3175 1263 3570 1330 Strummitza,
3586 1267 3821 1321 Rliado-

2161 1354 2337 1423 bisto,
2373 1361 2432 1411 et
2461 1357 2710 1411 Conetza
2765 1355 3020 1411 clericos
3055 1357 3121 1410 12
3152 1358 3210 1410 et
3239 1372 3500 1427 parascos
3535 1357 3640 1424 12;
3698 1358 3820 1428 epi-

2164 1461 2406 1516 scopum
2458 1445 2775 1501 Morohisdi
2829 1446 2890 1500 in
2946 1445 3073 1516 ipso
3125 1445 3506 1514 Morobisdo,
3559 1447 3819 1516 Coziaco,

2164 1534 2440 1602 Slabista,
2475 1534 2800 1603 Sthletoba,
2837 1534 3164 1602 Lucobitzo,
3211 1535 3484 1590 Piavitza.
3537 1541 3594 1590 et
3639 1537 3818 1591 Mole'

2169 1623 2311 1679 soba
2341 1624 2590 1679 clericos
2629 1628 2693 1679 15
2727 1629 2785 1679 et
2815 1640 3081 1695 parmcos
3127 1627 3187 1678 15
3217 1641 3231 1692 ;
3276 1625 3620 1696 episcopum
3655 1626 3824 1681 Bele-

2167 1711 2366 1767 busdii
2399 1713 2459 1766 in
2512 1713 2642 1784 ipsa
2698 1713 3048 1781 Belebusda,
3113 1713 3448 1782 Suntiasco,
3482 1716 3816 1784 Germania,

2169 1801 2489 1870 Terimero,
2517 1802 2714 1870 Stobo,
2748 1803 3026 1858 inferiore
3059 1803 3388 1859 Suadeasco
3414 1809 3472 1859 et
3501 1805 3816 1878 haelogis,

2173 1890 2420 1946 clericos
2454 1895 2516 1946 15
2543 1897 2599 1946 et
2628 1910 2890 1963 paraecos
2927 1897 3026 1961 15;
3063 1893 3404 1965 episcopum
3427 1895 3727 1951 Triaditzaa
3759 1896 3819 1950 in

2164 1982 2293 2052 ipsa
2316 1981 2624 2050 Triaditza,
2660 1987 2718 2036 et
2746 1984 3089 2040 Pernico....

407 2067 728 2142 Σληϐίστην
787 2069 877 2126 καὶ
931 2070 1030 2138 τὴν
1093 2062 1399 2124 Σθλετοῦἁν
1442 2068 1529 2122 καὶ
1595 2067 1686 2122 τὸν
1746 2062 2116 2138 Λουκόϐιτζον
2171 2067 2260 2122 καὶ
2317 2068 2416 2137 τὴν
2479 2069 2764 2138 Πιάνιτζαν
2834 2069 2924 2124 καὶ
2980 2071 3078 2138 τήν
3139 2065 3457 2127 Μολὲσοϐαν
3516 2068 3820 2146 κληρικοὺς

402 2160 462 2214 ιε’
520 2160 608 2214 καὶ
672 2157 968 2232 παροίκους
1035 2159 1092 2214 ιε’
1126 2202 1139 2216 .
1206 2158 1296 2213 καὶ
1383 2158 1475 2212 τὸν
1543 2155 1838 2212 ἐπίσκοπον

1933 2153 2329 2214 Βελεϐὁυσδίου
2402 2155 2476 2218 εἰς
2557 2157 2728 2225 αὐτὴν
2796 2158 2895 2226 τήν
2963 2151 3328 2213 Βελεὸουσδαν
3395 2158 3484 2213 καὶ
3548 2161 3639 2214 τὸν
3708 2167 3818 2214 Σο-

403 2246 686 2303 υντιασκὸν
705 2247 794 2303 καὶ
824 2249 923 2318 τήν
955 2247 1280 2324 Γερμάνειαν
1314 2247 1403 2302 καὶ
1432 2246 1526 2302 τὸν
1551 2245 1867 2321 ’Τερίμερον
1922 2247 2010 2300 καὶ
2053 2247 2143 2301 τὸν
2174 2239 2376 2300 Στοόὸν
2409 2244 2498 2300 καὶ
2528 2245 2620 2300 τὸν
2651 2241 2856 2300 Στοϐὸν
2888 2246 2976 2301 καὶ
2997 2247 3088 2301 τὸν
3119 2245 3267 2301 κάτω
3325 2245 3695 2303 Σουαδέασκον
3726 2235 3814 2303 διαὶ

401 2336 474 2392 τὰ
519 2335 778 2412 Ῥαίλογα
830 2335 1132 2414 κληρικοὺς
1198 2338 1256 2392 ιε’
1312 2337 1400 2392 καί
1472 2334 1766 2411 παροίκους
1821 2335 1879 2389 ιε’
1912 2353 1923 2364 ·

401 2427 494 2481 τὸν
529 2425 926 2501 Πὲρνικον......

1977 2333 2068 2390 καὶ
2125 2335 2216 2389 τὸν
2283 2332 2580 2389 ἐπίσκοπον
2634 2331 2956 2408 Τριαδίτζης
3007 2333 3082 2397 εἷς
3141 2333 3305 2404 αὐτὴν
3357 2333 3672 2410 Τριάδιτζαν
3729 2323 3818 2392 καἶ
