4202 6314
428 399 3854 430 W

1745 538 1906 584 ANNO
1963 538 2175 582 DOMINI
2217 537 2522 582 CMLXXXIX

1123 707 1990 910 LEONIS
2131 705 3038 908 DIACON
3059 707 3140 906 Ι

1790 1035 2485 1135 CALOENSIS

883 1270 1928 1423 HISTORUE
2042 1269 2608 1421 LIBRI
2715 1265 3404 1419 DECEM

1937 1540 1972 1583 E
2017 1538 2387 1584 RECBNSIONE

1047 1700 1657 1803 GABOLI
1746 1699 2599 1803 BBNEDIGT
2623 1701 2685 1799 ι
2771 1698 3253 1800 HAS]!

1345 1940 1650 1986 INSTITUTI
1681 1939 1968 1987 FRANCUE
1996 1940 2178 1985 ACAD.
2213 1939 2543 1986 INSCBIPTT.
2580 1938 2753 1996 SOCII,
2793 1939 2924 1983 ETC.

613 2086 905 2146 ADDITA
943 2088 1286 2148 EJUSDEM
1319 2087 1717 2149 VERSIONE
1759 2086 2021 2153 ATQUE
2052 2084 2744 2148 ANNOTATIONIBUS
2794 2084 2892 2144 AB
2945 2083 3115 2144 lPSO
3155 2080 3642 2142 REGOGNITIS.

1614 2379 1690 2441 Ο.
1723 2378 1806 2441 Β.
1840 2377 2100 2440 HASII
2129 2377 2651 2440 DEDIGATIO.

1394 2555 1890 2602 ILLUSTRISSIMO
1932 2554 2015 2600 ET
2069 2553 2672 2600 EXCELLENTISSIMO
2715 2553 2872 2601 VIRO

1572 2635 1849 2684 NICOLAO
1893 2635 2118 2682 GOMITI
2160 2635 2247 2680 DE
2289 2635 2679 2682 ROMANZOFF

1272 2716 1534 2762 IMPERII
1578 2716 1833 2763 RUSSICI
1891 2715 2340 2763 CANCELLARIO
2389 2716 2696 2762 ORDINUM
2741 2715 3003 2761 IMPE'RII

1004 2795 1666 2852 PEREGRINORUMQUE
1707 2795 1975 2846 ALIORR.
2025 2795 2440 2843 PLURIMORR.
2487 2796 2715 2851 EQUITI
2759 2797 2901 2842 ETC.
2950 2795 3090 2841 ETC.
3137 2793 3278 2840 ETC.

2087 2876 2199 2930 QUI

1624 2957 1917 3005 SINCERzE
1975 2956 2358 3011 ΜΑΘΝᾸΞΩΠΕ
2401 2956 2662 3003 GLORLE

1773 3037 2166 3085 CUPIDITATE
2195 3037 2512 3084 INCENSUS

1455 3117 1881 3165 LITTERARUM
1923 3119 2005 3163 ET
2048 3117 2494 3164 HONES’I‘ARUM
2535 3116 2791 3163 ARTIUM

1267 3198 1408 3244 TUM
1452 3198 1914 3245 SUBLIMIORUM
1955 3198 2223 3244 OMNIUM
2268 3197 2710 3245 SCIENTIARUM
2754 3196 2989 3243 STUDIA

1410 3280 1518 3324 l’I‘A
1566 3278 1958 3325 COMPLEXUS
2000 3279 2117 3324 EST
2147 3279 2228 3323 ET
2257 3279 2466 3325 FOVET

1375 3358 1458 3404 UT
1490 3359 1719 3405 IISDEM
1749 3359 1889 3406 CUM
1917 3358 2030 3404 REI
2074 3358 2368 3405 PUBLICAE
2414 3357 2870 3404 UTILITATIBUS

1274 3438 1664 3486 ARCTISSIMO
1715 3438 2000 3486 VINCULO
2045 3439 2457 3485 CONSOCIATIS
2499 3438 2664 3485 OMNI
2695 3437 2974 3484 EUROPIE

1171 3518 1471 3573 OMNIQUE
1506 3520 1926 3567 POSTERITATI
1958 3518 2189 3566 SUMMO
2234 3519 2308 3564 SE
2339 3519 2633 3566 CULMINE
2675 3517 3120 3565 DIGNISSIMUM

1963 3600 2367 3646 PRODIDERIT
2452 3639 2454 3642 ,

1761 3680 2088 3727 ΗῙΒΤΟΒΙΕ
2118 3680 2506 3728 ΒΥΖΑΝΤΙΝΕ

1748 3761 1984 3809 NOVUM
2035 3759 2164 3807 ΗΟΟ
2219 3761 2537 3808 VOLUMEN

1981 3842 2048 3888 D.
2096 3842 2163 3888 Ν.
2209 3841 2272 3887 Ε.

1128 4401 1254 4523 c.
1382 4400 1518 4530 B.
1618 4402 2084 4523 HASII
2212 4399 3151 4523 PREFA’I‘IO.

512 4815 700 4895 [l-XI]
735 4817 782 4874 Ι.
817 4815 882 4877 Si
913 4814 1052 4893 quis
1083 4815 1347 4875 fortasse
1380 4815 1665 4892 miratur,
1698 4814 1846 4894 quid
1880 4813 1978 4888 sit,
2042 4813 2211 4892 quod
2275 4813 2500 4874 Leonis
2547 4811 2806 4873 Diaconi
2865 4809 3168 4885 Historia,
3230 4831 3423 4891 quam
3481 4812 3837 4892 complures

425 4919 570 4973 ante
602 4928 799 4972 annos
856 4930 1218 4991 receperam
1255 4932 1351 4973 me
1382 4912 1722 4990 editurum,
1756 4930 1922 4972 nunc
1953 4911 2204 4973 demum
2237 4917 2418 4972 exeat
2447 4931 2461 4971 :
2496 4911 2568 4985 is,
2619 4910 2726 4970 ubi
2773 4909 3096 4970 dilationis
3127 4929 3384 4971 causam
3416 4911 3830 4991 perspexerit,

429 5028 557 5068 una
613 5015 676 5068 et
735 5009 890 5068 mihi
954 5009 1138 5069 facile
1195 5011 1441 5069 veniam
1487 5010 1664 5070 dabit
1711 5009 2317 5089 procrastinationis,
2379 5015 2438 5068 et
2494 5027 2566 5068 eo
2613 5008 2886 5085 majores
2942 5008 3177 5086 gratias
3226 5009 3360 5070 viro
3421 5009 3831 5088 amplissimo,

428 5106 610 5184 cujus
667 5106 1104 5190 munificentia.
1150 5107 1402 5166 conatui
1471 5127 1611 5168 meo
1675 5107 2050 5168 subventum
2103 5111 2214 5179 est,
2278 5105 2559 5166 habebit.
2612 5108 3012 5184 Quapropter
3056 5105 3212 5166 nihil
3277 5107 3452 5186 prius
3493 5125 3832 5186 exponam,

427 5221 618 5281 quam
704 5223 829 5282 qua
880 5204 1136 5262 fortuna
1166 5203 1434 5281 scriptor
1481 5203 1587 5264 diu
1638 5211 1920 5266 retrusus
1977 5222 2145 5264 nunc
2192 5203 2588 5282 potissimum
2642 5202 2973 5263 exstiterit.
3027 5204 3258 5265 Deinde
3308 5204 3513 5265 dicam
3562 5205 3639 5264 de
3708 5203 3838 5264 vita

427 5301 721 5376 auctoris,
753 5306 815 5360 et
845 5319 986 5378 qua:
1022 5319 1161 5360 mea
1190 5300 1443 5377 quidem
1475 5301 1554 5362 sit
1585 5303 1662 5364 de
1691 5303 1944 5381 ingenio
1976 5302 2132 5380 ejus,
2168 5302 2243 5362 de
2273 5320 2502 5379 genere
2533 5300 2803 5373 dicendi,
2837 5299 2914 5360 de
2943 5300 3086 5375 ﬁde,
3121 5301 3504 5363 existimatio
3531 5321 3544 5362 :
3579 5302 3728 5364 item
3761 5302 3840 5362 de

423 5399 660 5470 codice,
693 5398 757 5457 in
791 5416 915 5476 quo
947 5416 1096 5473 uno,
1133 5403 1441 5475 quantum
1475 5402 1626 5475 scio,
1663 5401 1936 5460 Historia
1969 5399 2103 5476 ejus
2133 5406 2226 5460 est
2257 5405 2650 5460 conservata.
2682 5401 2841 5459 Tum
2893 5399 2969 5458 de
2998 5401 3268 5461 Tacticis
3300 5419 3485 5479 agam
3519 5399 3834 5478 Nicepho-

423 5498 476 5560 ri
520 5497 770 5570 Phocaa,
821 5501 1138 5575 postremo
1173 5496 1477 5557 rationem
1511 5505 1573 5558 et
1603 5498 1903 5558 versionis
1933 5503 1996 5556 et
2044 5503 2336 5558 notarum
2372 5515 2675 5569 mearum,
2712 5502 2774 5557 et
2803 5496 3062 5557 omnino
3086 5497 3400 5578 editionis,
3437 5498 3787 5578 explicabo.

501 5599 579 5659 II.
618 5599 773 5676 Ego,
819 5601 1153 5674 postquam
1204 5594 1269 5654 in
1317 5595 1709 5657 Bibliotheca
1756 5596 1947 5674 Regia
1992 5613 2124 5656 esse
2167 5597 2356 5675 coepi,
2413 5602 2480 5656 ut
2529 5595 2801 5674 primum
2854 5595 3124 5674 penitius
3171 5616 3310 5658 eam
3359 5616 3541 5658 nosse
3588 5596 3828 5657 licitum

423 5704 536 5769 est,
623 5693 807 5756 facile
880 5691 1183 5768 intellexi,
1282 5693 1470 5756 etiam
1566 5699 1710 5774 post
1793 5694 2001 5768 Goari,
2091 5693 2358 5768 Possiui,
2445 5694 2752 5772 Ducangii
2843 5700 2926 5768 et,
3015 5695 3122 5774 qui
3205 5695 3551 5757 admodum
3629 5695 3828 5756 multa
