4202 6314
365 377 480 436 637
1632 381 1696 439 G.
1745 382 1815 440 B.
1866 383 2072 444 HASll
2117 385 2559 449 PIUEFATIO.
3656 398 3775 456 638

368 515 649 571 veterum
706 517 1117 574 monumenta
1167 532 1199 574 θ
1239 514 1365 574 situ
1396 513 1580 587 eruit,
1631 514 1992 576 Combeﬁsii
2021 518 2228 578 varios
2257 519 2524 596 labores,
2563 524 2742 602 quasi
2772 543 2804 586 e
2836 529 3111 605 quodam
3156 530 3536 591 inexhausto
3581 531 3774 605 fonte,

367 607 610 667 hauriri
638 607 781 668 inde
812 628 936 668 non
979 628 1178 689 pauca
1211 629 1392 689 posse
1440 611 1519 671 ad
1568 612 2006 673 collectionem
2037 621 2366 676 auctorum
2429 619 2916 698 Byzantinorum
2949 626 3334 688 cumulatius
3391 627 3770 704 augendam.

366 705 414 766 E
472 705 881 784 scriptoribus
938 713 1147 768 autem
1207 708 1294 768 ibi
1352 709 1616 769 servatis
1672 709 1830 770 duos
1882 728 2015 770 esse
2072 713 2490 790 potissimum,
2554 721 2822 778 Leonem
2875 722 3219 784 Diaconum
3279 732 3340 786 et
3398 724 3772 785 Michaelem

363 803 666 878 Psellum,
712 823 982 883 quorum
1041 807 1228 867 editio
1274 813 1336 867 et
1392 807 1857 868 desideraretur
1926 809 2163 870 dudum
2233 831 2270 871 a
2330 813 2478 873 viris
2536 815 2759 889 doctis,
2810 826 2869 879 et
2929 827 3090 882 esset
3141 823 3274 900 jam
3321 823 3666 902 aliquando
3722 823 3777 882 si

365 901 571 961 minus
601 902 910 976 confecta,
943 911 1250 983 concepta
1281 911 1447 966 certe
1508 907 1720 966 animo
1777 911 1966 985 atque
2006 908 2253 970 affecta.
2315 915 2470 972 Nam
2505 913 2682 974 illum
2726 916 2931 994 ipsum
2974 919 3414 981 Combeﬁsium
3478 926 3776 982 testatum

364 1006 458 1062 est
489 1019 565 1061 ex
588 1001 829 1064 Harles.
859 1003 1021 1064 Bibl.
1055 1007 1248 1066 Grzec.
1284 1006 1412 1081 VII,
1451 1004 1588 1084 684,
1624 1023 1766 1065 cum
1797 1013 1959 1068 esset
1989 1008 2198 1070 animo
2230 1017 2436 1071 erecto
2469 1013 2548 1072 ad
2580 1013 2941 1093 indaganda
2971 1017 3033 1078 in
3093 1018 3426 1098 lucemque
3451 1020 3776 1081 evocanda

365 1100 728 1161 Graecorum
759 1102 1014 1181 scripta,
1048 1102 1358 1181 imprimis
1389 1103 1810 1164 ecclesiastica
1845 1111 1907 1165 et
1933 1106 2298 1184 Byzantina,
2335 1109 2791 1172 Bibliothecam
2828 1115 3084 1193 Regiam
3117 1123 3502 1178 scrutantem
3533 1117 3772 1195 cepisse

366 1214 508 1257 cum
540 1199 764 1260 Leonis
796 1206 926 1260 tum
987 1201 1177 1260 Pselli
1232 1202 1417 1280 (XIV)
1475 1203 1898 1277 cognitionem
1957 1203 2426 1284 editionemque
2469 1209 2796 1288 utriusque
2853 1212 3215 1275 adornasse.
3273 1216 3434 1286 Quin
3489 1215 3624 1293 ipse
3685 1217 3774 1275 sic

366 1294 559 1356 habet
608 1297 772 1357 notis
827 1298 906 1358 ad
963 1299 1497 1360 Auctar:noviss.
1557 1299 1859 1360 Biblioth.
1921 1303 2192 1362 Grrecor.
2251 1307 2423 1365 Patr.
2483 1306 2678 1366 Paris.
2724 1310 2901 1381 1672,
2965 1330 3022 1389 p.
3059 1313 3198 1389 545,
3250 1313 3623 1373 subhorride
3680 1313 3779 1390 (ut

365 1393 741 1473 plerumque
797 1395 1154 1475 incomptus
1187 1404 1280 1457 est
1304 1397 1366 1456 in
1428 1397 1711 1457 oratione
1742 1397 1992 1476 Latina)
2025 1417 2038 1458 :
2074 1399 2289 1460 Photii
2345 1402 2583 1464 technas
2637 1404 2939 1487 malasque
2967 1419 3124 1469 artes
3155 1429 3288 1470 cum
3321 1410 3441 1470 alii
3457 1411 3774 1490 prosecuti

359 1502 493 1552 sunt
523 1491 718 1554 (irasci
739 1493 1012 1575 aequales,
1037 1504 1141 1555 aut
1167 1514 1386 1575 parum
1415 1514 1726 1576 suppares,
1763 1504 1883 1556 tum
1911 1516 2068 1557 meus
2097 1498 2418 1576 Logot/teta
2442 1501 2570 1581 (hic
2601 1509 2694 1563 est
2725 1504 2975 1566 Simeon
3003 1509 3301 1587 magister
3331 1514 3391 1568 et
3422 1508 3774 1587 logotheta,

362 1590 438 1650 de
470 1609 598 1669 quo
657 1592 896 1652 Harles.
930 1593 1067 1666 VII,
1099 1595 1261 1672 417),
1295 1592 1348 1653 si
1375 1592 1636 1674 quando,
1669 1613 1816 1671 pace
1847 1593 2034 1655 lenius
2069 1599 2390 1677 aspirante,
2422 1617 2493 1660 ac
2545 1600 3060 1666 Christiane’ssimo
3091 1626 3230 1686 rege
3277 1626 3503 1688 semper
3534 1607 3772 1679 victore,

365 1688 567 1767 Regia
636 1689 914 1771 Lupum,
994 1689 1257 1752 historiae
1341 1691 1702 1772 Byzantina?
1774 1713 1946 1773 poene
2019 1697 2342 1756 necessario
2412 1699 2841 1779 supplemento,
2909 1724 3041 1764 cum
3115 1705 3306 1766 Leone
3380 1705 3642 1765 Diacono
3721 1715 3778 1764 et

319 1858 323 1867 ι
368 1786 662 1848 Michaele
717 1787 948 1863 Psello,
1007 1790 1240 1870 regium
1299 1808 1434 1852 vere
1485 1789 1812 1871 multiplici
1871 1792 2043 1853 titulo
2116 1806 2559 1874 argumentum,
2616 1797 2779 1873 iuris
2828 1801 3071 1880 publici
3132 1804 3300 1883 regia
3370 1802 3775 1882 muniﬁcentia

361 1886 713 1965 faciat:ne
770 1886 888 1946 sibi
938 1907 1048 1967 per
1101 1907 1300 1949 moras
1349 1888 1636 1962 Batavus,
1697 1898 1804 1950 aut
1857 1909 2003 1968 gens
2057 1891 2204 1967 alia,
2265 1913 2394 1954 eam
2450 1895 2711 1974 gloriam
2769 1900 3002 1976 rapiat.
3065 1901 3189 1963 Sed
3232 1920 3290 1961 a.
3349 1902 3504 1961 1679
3551 1919 3589 1961 a
3645 1899 3775 1960 vita

364 1983 650 2045 discessit
705 1985 1144 2060 Combeﬂsius,
1205 1985 1410 2065 deque
1467 1987 1713 2048 duobus
1771 1988 1956 2048 tomis
2011 1990 2295 2050 Auctarii
2370 1993 2717 2070 Byzantini,
2786 2015 2947 2074 quos
3020 1998 3298 2058 edendos
3372 1999 3488 2058 sibi
3535 2017 3772 2077 propo-

367 2088 604 2154 suerat,
664 2101 743 2144 ne
801 2083 1074 2162 priorem
1133 2084 1387 2163 quidem
1445 2085 1650 2163 potuit
1697 2085 2045 2162 divulgare.
2101 2089 2159 2148 Is
2217 2087 2404 2163 enim,
2466 2091 2802 2168 scriptores
2862 2101 3005 2172 post
3058 2095 3507 2174 Theophanem
3565 2096 3768 2156 conti-

365 2199 544 2252 nens,
625 2181 1104 2243 Constantinum
1179 2181 1809 2262 Porphyrogenetam
1885 2183 2027 2244 dico
2105 2183 2182 2245 de
2254 2186 2395 2246 Vita
2470 2187 2704 2260 Basilii,
2783 2191 3298 2252 Continuatorem
3380 2210 3766 2270 anonymum

361 2279 793 2359 Theophanis,
853 2283 1163 2342 Joannem
1239 2280 1696 2356 Cameniatam,
1780 2283 2118 2360 Georgium
2181 2283 2586 2358 monachum,
2644 2285 2828 2359 alios,
2887 2309 3013 2350 non
3071 2290 3192 2349 nisi
3247 2292 3544 2351 sexennio
3603 2296 3767 2369 post,

360 2387 622 2438 curante
679 2378 1049 2439 Sebastiano
1107 2377 1706 2457 Mabre-Cramoisy,
1767 2397 1844 2439 ex
1897 2380 2318 2458 typographia
2377 2382 2571 2459 Regia
2618 2385 2866 2445 a.1685
2926 2387 2988 2446 in
3046 2387 3254 2447 lucem
3314 2386 3596 2466 prolatus
3653 2393 3768 2447 est.

357 2475 569 2535 Editio
652 2474 932 2549 alterius,
996 2475 1264 2534 Leonem
1326 2474 1829 2554 Michaelemque
1911 2477 2189 2536 Psellum
2270 2479 2684 2558 complexuri,
2769 2501 2967 2562 prope
3043 2484 3305 2563 triginta
3381 2485 3560 2545 annis
3629 2490 3776 2562 post

358 2572 696 2633 commissa
770 2577 865 2632 est
939 2571 1237 2632 Michaeli
1293 2575 1374 2632 Le
1431 2573 1652 2646 Quien,
1738 2592 1814 2633 ex
1891 2573 2136 2634 schedis
2204 2575 2680 2638 Combeiisianis
2753 2580 3126 2642 adornanda
3201 2600 3215 2642 :
3292 2583 3418 2642 vid.
3492 2581 3764 2642 Eehard.

360 2671 685 2749 scriptorr.
717 2669 956 2730 ordinis
1003 2669 1410 2731 Praedicator.
1461 2671 1538 2744 ΙΙ,
1599 2672 1740 2731 684.
1802 2674 1934 2732 Nec
1991 2672 2268 2751 segniter
2323 2673 2375 2733 is
2429 2693 2493 2734 se
2545 2676 2624 2736 ad
2682 2695 2842 2757 opus
2898 2679 3198 2753 admovit,
3256 2679 3346 2740 ita
3401 2685 3471 2741 ut
3525 2682 3648 2740 Leo
3704 2679 3769 2738 in

365 2768 788 2848 typographia
839 2768 1032 2846 Regia
1087 2766 1374 2828 formulis
1419 2767 1553 2846 jam
1614 2774 1857 2850 coeptus
1913 2769 1992 2829 sit
2039 2769 2332 2849 describi,
2393 2771 2651 2852 ipseque
2709 2776 2792 2835 Le
2843 2775 3041 2846 Quien
3094 2777 3181 2836 sic
3237 2776 3471 2837 habeat
3526 2776 3764 2837 Orient.

367 2865 682 2927 Christian
737 2871 785 2937 Ι,
844 2869 959 2927 255
1014 2883 1028 2926 :
1095 2866 1235 2941 Qua
1288 2865 1402 2926 Leo
1443 2866 1746 2928 Diaconus
1801 2875 1994 2944 refert
2049 2868 2108 2928 in
2167 2867 2459 2943 Historia,
2521 2871 2691 2950 cuius
2735 2891 2887 2953 pars
2931 2875 3091 2954 typis
3144 2875 3358 2954 Regiis
3402 2882 3539 2945 jam
3612 2873 3772 2934 edita

367 2974 472 3048 est.
537 2964 779 3025 Atenim
838 2965 1178 3027 intervenit
1244 2965 1640 3044 impressioui
1696 2967 2135 3044 ingravescens
2193 2966 2454 3043 bellum,
2513 2970 2683 3047 quod
2755 2971 2830 3030 de
2885 2971 3326 3050 Hispaniarum
3379 2972 3771 3032 successione

365 3069 608 3142 gestum
641 3067 756 3136 est,
809 3062 1261 3145 consiliumque,
1320 3069 1387 3124 ut
1443 3063 1658 3124 scribit
1713 3063 2038 3125 Echardus
2095 3065 2216 3126 loc.
2269 3066 2403 3140 cit.,
2462 3066 2624 3148 quod
2677 3067 2970 3130 Michaeli
3017 3068 3099 3128 Le
3157 3068 3345 3144 Quien
3400 3075 3769 3129 commissum

355 3172 487 3222 erat
513 3161 968 3243 exsequendum,
984 3163 1242 3243 jamque
1273 3161 1434 3242 typis
1463 3161 1672 3240 Regiis
1703 3162 2017 3242 inceptum,
2064 3162 2210 3224 bello
2241 3173 2362 3223 tum
2409 3167 2700 3225 atrociori
2745 3165 2963 3246 ubique
3006 3168 3304 3248 ﬂagrante
3361 3167 3760 3247 interruptum

356 3268 437 3319 est
466 3279 536 3321 ac
559 3263 899 3340 prolatum.
937 3262 1098 3339 Ergo
1153 3279 1358 3340 neque
1387 3260 1743 3320 Combeﬁsii
1772 3279 1965 3340 opera
2003 3280 2210 3340 neque
2244 3261 2589 3339 Lequienii,
2622 3281 2680 3322 a.
2719 3264 2897 3340 1733,
2931 3265 3055 3325 vita
3089 3265 3305 3338 functi,
3344 3264 3530 3324 Leoni
3562 3253 3770 3342 potuit

358 3357 680 3437 prodesse.
719 3360 794 3419 Et
851 3359 1064 3420 mirari
1101 3358 1270 3436 licet,
1304 3358 1594 3437 plagulas
1651 3358 1793 3418 illas
1849 3365 1998 3419 tunc
2053 3359 2390 3438 impressas
2437 3359 2769 3439 interiisse,
2816 3381 3015 3442 prope
3071 3363 3302 3436 dicam,
3359 3363 3424 3422 in
3469 3362 3762 3435 nihilum,

359 3475 566 3534 neque
595 3474 864 3536 usquam
889 3456 1024 3536 jam
1084 3475 1473 3536 comparere.
1508 3459 1642 3535 Ego
1672 3462 1840 3516 certe
1871 3462 2187 3518 scrutatus
2229 3474 2367 3516 sum
2423 3477 2563 3536 qua:
2598 3460 2795 3537 potui,
2845 3469 2906 3520 et
2959 3461 3323 3540 perquisivi,
3358 3466 3764 3539 percontatus

360 3571 616 3634 quoque
648 3560 908 3633 agentes
938 3554 1376 3635 typographiae
1431 3555 1663 3633 Regius,
1721 3553 1887 3614 viros
1915 3573 2039 3615 non
2071 3555 2274 3615 solum
2332 3555 2742 3634 peritissimos
2770 3558 2920 3618 artis
2950 3577 3100 3634 suae,
3160 3577 3376 3619 verum
3437 3558 3768 3618 historicos

361 3671 641 3732 quoque,
679 3658 1360 3732 monumentorumque
1408 3653 1678 3714 officinas
1735 3652 2016 3731 ipsorum
2068 3651 2509 3730 percuriosos:
2574 3653 2870 3732 reliquias
2932 3655 3223 3715 editionis
3278 3654 3450 3715 illius
3498 3655 3766 3733 inceptae

361 3749 572 3809 nullas
599 3750 778 3828 potui
806 3749 1104 3812 nancisci.
1138 3750 1530 3830 Quapropter
1562 3749 1720 3830 (XV)
1775 3749 2080 3830 suspicor,
2132 3749 2519 3828 exemplaria
2549 3769 2623 3811 ea
2653 3751 2749 3812 vel
2803 3769 2949 3813 casu
3007 3753 3220 3831 aliquo
3279 3752 3601 3832 peculiari,
3667 3751 3764 3814 vel

364 3847 515 3909 data
544 3866 759 3929 opera,
795 3848 985 3909 fuisse
1017 3847 1243 3910 deleta.

445 4047 556 4107 III.
591 4043 952 4125 Reliquerat
979 4046 1172 4126 igitur
1200 4046 1630 4121 Combeﬁsius,
1666 4065 1744 4108 ex
1773 4045 1894 4107 hac
1923 4045 2052 4106 vita
2102 4044 2407 4123 migrans,
2466 4063 2610 4106 cum
2663 4045 2786 4108 alia
2840 4045 3139 4127 praeclare
3195 4045 3494 4106 inchoata
3544 4047 3765 4123 multa,

365 4151 501 4207 tum
558 4145 929 4218 confectam,
995 4152 1064 4206 ut
1122 4143 1388 4217 videtur,
1448 4145 1671 4206 Leonis
1724 4143 2040 4222 Psellique
2095 4143 2445 4203 versionem
2521 4145 2832 4204 Latinam.
2893 4145 3016 4205 Sed
3084 4143 3194 4204 illa
3256 4144 3488 4223 priora,
3557 4143 3771 4204 multis

365 4243 644 4323 undique
671 4243 736 4303 in
764 4242 1027 4304 schedas
1055 4242 1344 4303 exstincti
1373 4242 1802 4304 involantibus
1829 4243 1927 4322 (ut
1955 4241 2083 4300 fere
2114 4240 2184 4300 ﬁt
2222 4240 2286 4301 in
2317 4242 2708 4302 eruditorum
2740 4243 2965 4323 obitu),
2997 4243 3300 4322 dissipata
3327 4249 3714 4303 evanuerunt
3751 4257 3766 4302 :

366 4341 711 4402 versionem
745 4341 968 4402 Leonis
1023 4359 1096 4401 ac
1162 4340 1346 4401 Pselli
1399 4339 1653 4402 Parisiis
1706 4339 1773 4400 in
1830 4338 2071 4399 aedibus
2125 4339 2248 4397 FF.
2312 4339 2864 4402 Dominicanorum
2923 4340 3004 4400 ad
3062 4341 3254 4400 vitam
3313 4342 3373 4401 S.
3438 4338 3765 4413 Honorati,

369 4439 474 4499 ubi
505 4438 632 4499 vita
663 4439 844 4499 cessit
872 4437 1301 4512 Combefisius,
1341 4437 1571 4498 multos
1601 4456 1801 4498 annos
1855 4444 2238 4519 asservatam
2295 4454 2427 4497 esse
2484 4443 2752 4509 constat,
2807 4437 3068 4515 ejusque
3098 4437 3344 4516 cepiam
3384 4435 3533 4495 viris
3564 4435 3764 4495 doctis

369 4535 796 4615 compluribus
851 4537 1107 4596 factam.
1177 4537 1270 4596 Ita
1326 4535 1484 4598 varii
1540 4536 1727 4596 variis
1782 4535 1934 4597 locis
1993 4557 2117 4599 non
2177 4538 2382 4600 solum
2439 4535 2819 4596 mentionem
2879 4535 3159 4594 fecerunt
3225 4532 3468 4604 Leonis,
3547 4550 3762 4590 verum

367 4634 537 4694 illius
589 4634 942 4712 fragmenta
1013 4633 1261 4712 scriptis
1337 4653 1590 4714 quoque
1664 4634 2065 4696 inseruerunt
2142 4637 2293 4698 suis.
2356 4634 2543 4696 Velut
2588 4631 2944 4693 Bandurius
3019 4634 3250 4710 Imper.
3306 4629 3608 4690 Oriental.
3685 4630 3758 4700 ll,

369 4731 509 4804 465,
567 4731 707 4802 480,
765 4733 904 4805 481,
966 4732 1103 4803 726,
1165 4732 1334 4809 728;
1397 4732 1759 4811 Ducangius
1817 4750 1960 4792 cum
2018 4732 2028 4791 i

2159 4732 2472 4795 Glossario
2532 4749 2656 4790 non
2736 4748 2862 4790 uno
2920 4728 3080 4801 loco,
3136 4733 3269 4788 tum
3345 4727 3410 4786 in
3469 4727 3635 4788 notis
3689 4727 3768 4788 ad

369 4831 676 4890 Zonaram
742 4831 815 4903 Il,
870 4831 970 4904 90,
1029 4829 1167 4903 103,
1232 4829 1368 4908 105,
1455 4829 1618 4904 107;
1719 4829 2000 4891 omnium
2083 4831 2355 4893 maxime
2433 4833 2641 4889 autem
2725 4825 3039 4887 Francisc.
3124 4825 3351 4902 Pagius
3419 4825 3625 4887 Critic.
3705 4825 3770 4884 in

378 4927 639 4989 Annales
713 4927 967 4988 Baronii
1038 4927 1150 5008 ΙΙΙ,
1233 4928 1375 5001 873,
1442 4945 1569 4988 eam
1644 4934 1973 4989 versionem
2048 4947 2232 5010 opera
2321 4923 2630 4988 Bernardi
2711 4921 3128 5002 Montfauconi
3197 4942 3232 4984 a
3279 4941 3336 4982 se
3413 4921 3642 5000 lectam,
3719 4931 3777 4983 et

367 5027 569 5105 quoad
587 5025 900 5107 praecipua
924 5024 1126 5103 capita
1156 5024 1324 5106 (utor
1351 5025 1547 5105 ipsius
1580 5025 1805 5106 verbis)
1829 5025 2182 5107 descriptam
2209 5045 2326 5087 esse
2345 5041 2726 5097 asseverans,
2761 5023 2838 5082 ad
2862 5020 3190 5081 historiam
3218 5039 3361 5081 saec.
3389 5040 3428 5080 x
3461 5020 3771 5100 vergentis

364 5126 579 5186 certius
610 5123 1050 5185 illustrandum.
1084 5129 1172 5185 Ac
1201 5127 1484 5204 profecto
1517 5124 1653 5203 ejus
1681 5125 2050 5202 fragmentis
2081 5124 2325 5185 refersit
2356 5141 2498 5183 cum
2531 5128 2879 5182 extremum
2913 5126 3153 5180 tomum
3190 5119 3442 5180 tertium
3481 5121 3764 5181 Criticor.

364 5225 504 5294 873,
539 5224 680 5296 875,
713 5224 854 5292 876,
889 5229 1020 5284 tum
1053 5241 1344 5284 exorsum
1378 5224 1533 5284 tomi
1585 5223 1795 5301 quarti
1826 5226 1884 5283 3.
1919 5257 1995 5268 ——
2021 5225 2119 5283 39.
2183 5222 2358 5286 Unde
2416 5221 2636 5280 eadem
2690 5219 2902 5280 hausit
2959 5218 3317 5297 partimque
3377 5219 3770 5298 transcripsit

363 5321 769 5383 Schloezerus
798 5323 863 5381 in
896 5319 1146 5381 Nestore
1173 5340 1221 5380 s.
1258 5321 1568 5381 Russs'sche
1595 5320 1873 5380 Annalen
1916 5321 1973 5380 in
2006 5320 2174 5380 ibrer
2233 5317 2692 5398 Grundsprache
2748 5339 2807 5376 u.
2843 5336 2888 5376 s.
2925 5335 2997 5375 w.
3048 5316 3110 5387 V,
3149 5317 3284 5386 125,
3320 5351 3393 5360 -
3425 5320 3560 5377 177.
3599 5317 3770 5376 Alios

364 5426 584 5480 contra
641 5419 903 5479 nimium
962 5419 1646 5498 quantumineglexisse
1693 5437 1768 5479 ea
1812 5424 2071 5496 questus
2127 5422 2221 5476 est
2274 5415 2498 5477 Saxius
2543 5419 2864 5475 Onomast.
2911 5433 2978 5485 ιι,
3033 5415 3167 5491 156,
3230 5413 3599 5473 nobilissima
3660 5413 3768 5473 illa

362 5527 728 5598 fragmenta,
808 5519 1021 5578 Latine
1074 5515 1258 5594 edita,
1313 5515 1602 5597 quomodo
1676 5514 1922 5576 subinde
1978 5516 2237 5575 homines
2305 5513 2583 5587 eruditos,
2669 5523 2949 5593 tanquam
3033 5511 3222 5576 Guill.
3307 5512 3460 5572 Cave
3533 5512 3762 5570 Histor.

364 5617 626 5677 litterar.
678 5616 997 5696 scriptorr.
1060 5615 1401 5678 ecclesiast.
1475 5617 1552 5689 II,
1616 5615 1750 5688 106,
1814 5613 2207 5697 inprimisque
2258 5613 2318 5674 J.
2379 5618 2459 5676 A.
2533 5611 2879 5672 Fabricium
2942 5611 3096 5670 Bibl.
3155 5613 3256 5669 Gr.
3310 5611 3410 5683 Vl,
3460 5610 3538 5686 (is
3596 5605 3757 5664 enim

365 5733 550 5784 verus
591 5719 684 5776 est
739 5731 1042 5776 numerus
1075 5731 1088 5773 :
1120 5711 1292 5793 apud
1339 5712 1596 5775 Saxium
1657 5713 1885 5793 legitur
1938 5711 2038 5792 V,)
2089 5713 2207 5773 353
2263 5720 2321 5773 et
2373 5711 2512 5775 XIII
2569 5713 2710 5788 788,
2774 5709 2954 5771 latere
3001 5710 3327 5790 potuerint,
3383 5702 3758 5784 cogitatione
