4202 6314
495 444 612 504 639
1746 440 1810 499 C.
1859 441 1929 502 B.
1982 443 2150 503 HAS]

2244 443 2664 506 .3ll/EFATIO.
3789 441 3903 502 640

497 578 746 659 assequi
809 597 874 639 se
932 597 1054 639 non
1117 595 1321 657 posse.
1368 576 1645 637 Tametsi
1699 576 1762 637 in
1794 577 1892 637 his
1920 584 2197 640 erratum
2257 585 2349 640 est
2395 580 2593 660 ipsius
2639 580 2833 642 Saxii.
2895 583 3052 641 Nam
3097 580 3282 641 cadat
3323 579 3458 660 jam
3512 578 3648 657 ejus
3701 595 3908 656 repre-

496 680 719 740 hensio
776 677 837 737 in
899 677 1277 744 Fabricium,
1342 677 1520 754 cujus
1578 675 1899 736 volumina
1955 677 2242 739 exierunt
2311 679 2575 739 alterum
2656 698 2713 740 a.
2799 681 2974 752 1714,
3051 681 3315 740 alterum
3369 699 3426 740 a.
3492 679 3670 749 1726,
3735 675 3898 737 Guil.

495 780 700 840 Caveo
759 781 946 836 certe.
1007 775 1114 852 qui
1167 774 1411 852 scripsit
1470 791 1526 833 a.
1586 773 1760 848 I688,
1823 773 1973 835 vitio
2031 777 2248 855 nequit
2305 777 2460 852 dari,
2519 778 2689 856 quod
2737 784 2886 840 tunc
2941 779 3256 858 ignoravit
3340 798 3480 857 quae
3553 775 3785 853 Pagius
3841 792 3896 833 a.

499 878 652 937 1705
712 881 846 936 erat
905 873 1206 934 editurus.
1271 872 1388 933 Sed
1447 877 1516 932 ut
1571 878 1850 933 revertar
1901 873 1980 933 ad
2041 874 2390 935 versionem
2450 876 2996 947 Combeﬁsianam,
3069 876 3447 956 superfuisse
3505 893 3580 935 ea
3651 872 3898 932 videtur

495 993 694 1052 usque
751 974 830 1034 ad
892 979 1130 1033 motum
1192 971 1587 1050 repentinum
1668 990 1793 1050 quo
1863 970 2063 1032 Gallia
2142 978 2306 1048 tota,
2389 980 2685 1052 vergente
2755 975 2984 1036 saeculo
3051 976 3394 1055 superiore,
3473 974 3733 1034 confusa
3785 976 3894 1031 est.

495 1074 670 1132 Tunc
755 1071 863 1131 illa
937 1070 1076 1150 ipsa
1151 1069 1464 1149 procella,
1545 1088 1684 1148 quae
1759 1069 1926 1130 viros
1996 1069 2218 1131 studiis
2292 1090 2363 1132 ac
2446 1072 2747 1134 doctrinis
2817 1073 3321 1152 exquisitioribus
3387 1072 3590 1132 claros
3674 1069 3898 1150 partim

501 1169 730 1248 dejecit
816 1170 893 1230 de
945 1175 1109 1229 statu
1168 1168 1360 1246 omni,
1426 1167 1652 1248 partim
1713 1167 2067 1248 praecipites
2126 1169 2517 1248 perturbavit
2569 1190 2642 1230 cx
2676 1171 2932 1250 patria;
2995 1171 3181 1252 (XVI)
3241 1189 3366 1250 quo
3425 1171 3576 1231 ﬂatu
3644 1168 3906 1246 collegia

498 1267 805 1328 litteraria
864 1274 926 1328 et
973 1267 1266 1345 religiosa
1322 1266 1613 1326 universa
1689 1266 1933 1340 evertit,
2011 1267 2223 1327 eodem
2295 1273 2364 1328 ut
2419 1270 2617 1329 multa
2693 1270 2816 1330 alia
2883 1269 3120 1349 ingenii
3180 1274 3610 1337 monumenta,
3669 1265 3903 1326 chartis

499 1365 841 1427 reconditis
919 1365 1238 1442 mandata,
1321 1364 1408 1424 sic
1471 1364 1620 1424 item
1698 1365 1952 1425 ultimas
2027 1365 2325 1446 reliquias
2398 1367 2747 1428 sedulitatis
2822 1368 3298 1429 Combeﬁsianae
3370 1365 3728 1444 dissipavit,
3795 1370 3902 1424 aut

491 1463 720 1524 obruit.
799 1464 978 1524 Certe
1054 1481 1256 1542 neque
1334 1467 1464 1523 tum
1544 1481 1687 1523 cum
1764 1462 2192 1542 expilarentur
2265 1464 2524 1524 libraria
2601 1467 2718 1526 FF.
2805 1465 3382 1537 Dominicanorum,
3474 1483 3679 1542 neque
3755 1481 3896 1522 cum

491 1569 636 1642 post
690 1562 1116 1641 surreptiones
1173 1561 1379 1620 varias
1436 1560 1580 1621 libri
1656 1561 1801 1621 inde
1875 1559 2108 1621 residui
2179 1580 2289 1640 per
2365 1561 2787 1624 bibliothecas
2863 1564 3138 1624 diversas
3208 1563 3651 1631 diriberentur,
3714 1560 3895 1638 quid-

491 1681 682 1740 quam
743 1661 818 1721 de
875 1659 1138 1740 repertis
1193 1658 1548 1720 Combeﬁsii
1605 1658 1851 1720 schedis
1908 1660 2191 1720 auditum
2251 1666 2366 1732 est,
2427 1660 2656 1721 nedum
2718 1661 2794 1721 de
2845 1662 3236 1722 versionibus
3287 1661 3509 1722 Leonis
3561 1666 3622 1720 et
3651 1658 3889 1727 Pselli;

497 1777 638 1837 qua:
669 1758 768 1818 vel
799 1757 864 1817 in
899 1757 1137 1818 latebra
1199 1757 1412 1836 aliqua
1469 1756 1762 1834 ignorata
1819 1755 2197 1816 delitescunt
2251 1755 2482 1829 adhuc,
2540 1757 2637 1818 vel
2698 1757 2888 1837 (quod
2924 1760 3122 1838 magis
3169 1765 3262 1819 est
3291 1756 3612 1837 credibile)
3643 1753 3902 1815 omnino

491 1855 680 1917 hodie
711 1855 1184 1917 interciderunt.

585 1954 679 2015 1V.
732 1956 958 2028 Quare,
1038 1953 1144 2014 ubi
1218 1951 1415 2013 semel
1463 1952 1523 2012 in
1576 1952 1856 2012 animum
1907 1951 2280 2012 induxeram
2345 1956 2618 2015 Leonem
2671 1955 2732 2014 in
2798 1955 3002 2016 lucem
3061 1955 3360 2034 proferre,
3427 1953 3561 2013 ﬁeri
3623 1950 3913 2030 oportuit

488 2071 714 2113 novam
776 2051 1362 2130 interpretationem
1423 2050 1559 2129 ejus
1623 2050 1960 2111 Latinam:
2020 2056 2199 2111 extra
2257 2071 2460 2130 pauca
2535 2073 2676 2132 qum
2736 2073 2929 2133 supra
2985 2053 3134 2127 dixi,
3187 2054 3248 2112 in
3309 2051 3552 2114 Criticis
3605 2047 3900 2128 Pagianis

488 2157 883 2212 conservata.
941 2150 1176 2211 Deinde
1234 2149 1584 2228 conquisivi
1640 2168 1782 2227 quae
1837 2149 1915 2210 ad
1965 2149 2413 2210 illustrandum
2470 2151 2842 2232 scriptorem
2899 2157 3279 2232 spectarent.
3340 2151 3484 2226 Sed,
3519 2166 3713 2228 opera
3763 2147 3896 2226 jam

487 2249 616 2310 fere
676 2249 850 2328 prelo
912 2255 1154 2329 parata,
1217 2247 1572 2327 perspicere
1635 2247 1820 2325 ccepi,
1883 2253 2152 2327 quantas
2214 2247 2350 2328 ejus
2403 2249 2594 2310 editio
2668 2251 3074 2312 difﬁcultates
3140 2256 3304 2311 esset
3361 2249 3678 2320 habitura,
3759 2264 3902 2305 cum

489 2348 666 2422 alias,
715 2367 870 2426 quas
920 2347 1020 2406 hic
1077 2347 1333 2406 definite
1389 2346 1646 2406 edisseri
1695 2345 1846 2425 quid
1906 2346 2187 2409 attinet?
2251 2352 2381 2408 tum
2437 2349 2934 2428 magnitudinem
2989 2349 3445 2429 impensarum,
3506 2346 3733 2425 quibus
3792 2362 3906 2405 nec

491 2446 721 2528 privati
793 2445 1068 2524 cujusvis
1145 2445 1330 2505 unius
1398 2449 1810 2524 suppeterent
1867 2443 2049 2505 facile
2123 2444 2346 2526 c0piaa,
2406 2465 2520 2506 nec
2578 2451 2744 2508 certe
2806 2467 2985 2507 mem.
3070 2445 3447 2523 Accedebat,
3507 2449 3576 2504 ut
3633 2444 3765 2521 ipse
3837 2441 3899 2501 in

490 2543 874 2605 Bibliotheca
938 2542 1134 2621 Regia
1195 2541 1310 2602 sub
1366 2540 1431 2601 id
1489 2547 1738 2620 tempus
1795 2559 1996 2602 essem
2051 2542 2594 2620 occupatissimus,
2667 2544 2956 2604 notitiam
3033 2543 3218 2605 codd.
3280 2545 3514 2604 Graece.
3576 2560 3653 2600 ex
3717 2538 3898 2599 Italia

490 2660 708 2704 recens
739 2641 1073 2701 allatorum
1110 2639 1416 2700 conﬁcere
1448 2657 1708 2713 conans,
1741 2638 1994 2718 qualem
2028 2638 2106 2700 de
2138 2639 2322 2700 codd.
2355 2640 2738 2701 Florentinis
2777 2641 3140 2714 Bandinius,
3177 2641 3250 2702 de
3304 2636 3900 2702 Vindobonensibus

487 2739 859 2802 Lambecius
937 2738 1293 2799 ediderunt.
1374 2736 1824 2811 Quamobrem,
1897 2756 2023 2816 quo
2099 2736 2320 2798 saltem
2419 2738 2859 2818 intelligerem,
2939 2739 3127 2818 quale
3212 2739 3488 2798 virorum
3566 2736 3898 2795 doctorum

480 2837 792 2919 judicium
845 2837 1127 2898 futurum
1188 2841 1351 2898 esset
1407 2837 1486 2896 de
1538 2837 1768 2911 Leone,
1805 2835 1955 2896 satis
2009 2840 2160 2896 tunc
2214 2835 2432 2910 habui,
2491 2836 2724 2898 librum
2782 2843 3051 2910 sextum,
3108 2842 3177 2898 ut
3233 2841 3364 2896 erat
3415 2855 3451 2896 a
3486 2853 3584 2894 me
3655 2851 3894 2908 versus,

487 2955 766 2998 seorsum
823 2934 1183 3016 speciminis
1231 2953 1420 2995 causa
1449 2934 1514 2994 in
1545 2934 1747 2995 lucem
1803 2935 2084 3014 proferre
2141 2933 2377 2995 Illolz'ces
2407 2942 2460 2995 et
2493 2935 2784 2997 Extraz'ts
2835 2935 2933 2996 des
2988 2935 3127 2997 Mss.
3163 2933 3234 2995 de
3282 2933 3340 2995 la
3369 2932 3784 3014 Bz'bliothéque
3815 2930 3893 2990 du

491 3034 622 3108 Boi,
685 3040 805 3096 etc.
838 3035 999 3109 VIII,
1050 3036 1166 3094 2‘54
1193 3068 1271 3078 --
1292 3035 1431 3093 296.
1467 3034 1681 3112 Neque
1712 3032 2059 3112 quidquam
2091 3032 2354 3112 posthac
2387 3034 2680 3114 proprius
2703 3039 2795 3095 est
2824 3033 3084 3112 factum,
3117 3051 3302 3113 quam
3343 3037 3413 3093 ut
3441 3029 3886 3109 cogitationem

485 3131 780 3193 editionis
809 3131 1072 3210 integrae
1102 3131 1359 3192 omnino
1390 3129 1795 3191 dimitterem.
1827 3130 2088 3208 Aliquot
2117 3130 2268 3190 anni
2298 3149 2440 3192 cum
2475 3131 2562 3194 sic
2591 3132 3002 3206 efﬂuxissent,
3042 3150 3139 3192 me
3180 3131 3318 3192 aliis
3366 3127 3893 3190 sollicitudinibus

486 3230 782 3308 curisque
840 3229 1134 3306 distento,
1194 3245 1338 3290 ecce
1394 3227 1489 3288 vir
1565 3228 1811 3305 doctus,
1860 3246 1992 3305 quo
2067 3246 2252 3289 nemo
2311 3229 2486 3290 omni
2543 3230 2940 3310 antiquitatis
3004 3227 3515 3309 septentrionalis
3591 3225 3897 3286 memoria

483 3326 939 3400 abundantior,
989 3344 1176 3386 nemo
1204 3326 1268 3385 in
1326 3324 1749 3386 monumentis
1804 3324 2081 3387 historiae
2141 3326 2415 3388 Russicas
2464 3328 2920 3402 examinandis,
2983 3326 3448 3407 comparandis,
3507 3321 3898 3404 explicandis

480 3424 727 3486 acutior
746 3429 858 3485 aut
885 3424 1146 3497 felicior,
1182 3423 1513 3503 Philippus
1557 3425 1750 3500 KRUG,
1803 3424 2162 3485 Academia}
2210 3425 2562 3504 Imperialis
2607 3427 3011 3488 scientiarum
3059 3425 3549 3506 Petropolitanze
3595 3422 3785 3484 decus
3833 3427 3895 3484 et

480 3529 942 3596 ornamentum,
979 3523 1141 3584 ultro
1165 3541 1261 3584 me
1293 3521 1514 3583 litteris
1546 3522 1702 3582 mire
1727 3521 1922 3601 puris,
1949 3522 2190 3598 amicis,
2222 3523 2503 3584 candidis
2525 3524 2700 3595 adiit,
2726 3525 3010 3604 nihilque
3041 3523 3328 3605 opinanti
3355 3519 3894 3594 commonstravit,

480 3621 1016 3700 quemadmodum
1041 3621 1130 3682 rei
1159 3621 1404 3701 pridem
1434 3620 1737 3682 institutas
1769 3620 2053 3701 expediri
2082 3621 2284 3682 exitus
2314 3627 2542 3701 posset.
2582 3625 2818 3702 Nempe
2861 3623 3110 3702 imperii
3140 3621 3384 3685 Russici
3415 3618 3888 3689 cancellarium,

483 3724 632 3789 etc.,
665 3718 756 3780 ill.
790 3719 1082 3781 comitem
1114 3719 1440 3780 Nicolaum
1472 3736 1549 3780 ne
1580 3721 1972 3793 Romanzorr,
1997 3719 2224 3794 virum,
2263 3724 2330 3780 ut
2362 3719 2532 3780 omni
2583 3739 2955 3800 magnarum
2986 3739 3194 3780 rerum
3252 3719 3439 3780 laude
3475 3715 3891 3778 cumulatum,

488 3817 578 3878 ita
633 3823 852 3879 natum
911 3818 1332 3898 provehendis
1388 3817 1754 3879 liberalibus
1811 3817 2055 3891 studiis,
2116 3837 2258 3878 cum
2317 3818 2382 3878 in
2444 3836 2668 3880 manus
2727 3818 2862 3897 ejus
2930 3817 3251 3879 incidisset
3307 3815 3620 3897 specimen
3681 3813 3894 3893 (XVII)

485 3915 714 3978 Leonis
792 3917 855 3975 in
915 3915 1164 3976 Notitiis
1219 3916 1366 3977 Mss.
1429 3915 1690 3990 editum,
1771 3922 2014 3996 optare,
2075 3922 2146 3977 ut
2199 3917 2470 3996 scriptor
2525 3923 2693 3978 totus
2748 3918 2812 3977 in
2870 3918 3074 3978 lucem
3151 3917 3546 3997 proferatur:
3606 3923 3894 3991 sumptus

488 4013 876 4074 necessarios
932 4013 1223 4074 eumdem
1277 4013 1924 4075 subministraturum.
1995 4014 2252 4075 Miriﬁce
2307 4013 2503 4093 igitur
2559 4014 2907 4076 delectatus
2964 4015 3086 4076 hoc
3143 4014 3388 4086 nuntio,
3442 4012 3640 4073 multo
3685 4009 3890 4070 acrius

483 4110 688 4171 exarsi
747 4111 828 4170 ad
884 4110 1296 4189 cupiditatem
1365 4110 1594 4172 edendi
1652 4111 1907 4190 operis:
1967 4111 2292 4191 ipsiusque
2367 4112 2595 4173 illustr.
2657 4113 2903 4174 comitis
2958 4112 3184 4174 litteris
3238 4112 3430 4191 paulo
3495 4115 3638 4190 post
3693 4106 3892 4184 magis

480 4207 670 4266 etiam
719 4207 1152 4286 conﬁrmatus,
1215 4207 1520 4286 evestigio
1572 4227 1753 4269 orsus
1783 4228 1920 4269 sum
1969 4208 2334 4270 editionem.
2393 4213 2614 4290 Neque
2666 4211 2921 4272 aliunde
2969 4210 3506 4290 amplissimorum
3567 4205 3891 4267 hominum

483 4304 640 4364 mihi
693 4305 894 4366 defuit
946 4305 1229 4366 studium
1289 4313 1399 4366 aut
1454 4307 1768 4367 voluntas.
1825 4311 1984 4368 Nam
2043 4313 2106 4368 et
2162 4308 2255 4368 vir
2307 4327 2592 4369 summus
2663 4328 2873 4371 comes
2927 4327 3004 4370 DE
3077 4311 3535 4378 MONTESQUIOU,
3605 4302 3888 4364 Francize

481 4419 622 4482 par,
685 4402 848 4483 regis
897 4403 1410 4464 Christianissimi
1461 4403 1858 4466 consiliarius
1899 4405 2180 4478 intimus,
2243 4425 2387 4466 cum
2456 4407 3066 4468 administrationem
3139 4406 3521 4475 interiorem,
3580 4406 3648 4461 ut
3715 4416 3883 4458 nunc

483 4519 808 4574 vocamus,
886 4501 950 4561 in
1027 4500 1228 4563 Gallia
1302 4501 1587 4572 haberet,
1665 4502 1991 4582 redempto
2069 4503 2550 4582 exemplarium,
2625 4509 2692 4565 ut
2767 4505 2967 4578 aiunt,
3040 4521 3301 4566 numero
3379 4499 3550 4561 haud
3626 4497 3883 4575 exiguo,

481 4600 1021 4679 expeditissimum
1083 4599 1346 4662 reddere
1403 4605 1605 4661 totum
1664 4601 2072 4681 imprimendi
2131 4602 2461 4680 negotium
2521 4603 2818 4682 dignatus
2877 4609 3012 4663 est:
3063 4619 3249 4682 quam
3307 4598 3442 4678 ejus
3498 4596 3888 4658 voluntatem

483 4713 688 4769 ratam
758 4708 903 4770 fecit
959 4711 1102 4788 post
1150 4726 1293 4769 eum
1347 4708 1568 4768 eodem
1629 4726 1883 4769 munere
1939 4709 2206 4787 fungens
2260 4709 2350 4769 ill.
2413 4710 2593 4770 Dom.
2646 4727 2854 4772 comes
2909 4710 3205 4787 DECAZES,
3265 4711 3412 4779 etc.,
3465 4703 3887 4765 immortalem

476 4805 732 4865 laudem
791 4824 1191 4886 comparans,
1241 4806 1392 4868 dum
1420 4806 1662 4867 litteras
1692 4812 1752 4868 et
1782 4807 2094 4884 scientias,
2157 4807 2543 4887 omninoque
2573 4807 2772 4870 bonas
2830 4807 3084 4887 quasvis
3134 4803 3497 4882 disciplinas
3527 4803 3590 4863 in
3622 4802 3887 4863 Francia

481 4903 706 4964 ﬂorere
736 4909 926 4984 atque
951 4905 1164 4966 ornari
1185 4905 1358 4967 omni
1399 4909 1629 4966 conatu
1660 4910 1840 4967 curat
1869 4923 1883 4966 ε
1919 4911 1983 4966 et
2011 4905 2105 4966 vir
2134 4905 2510 4980 eruditione,
2545 4907 2943 4980 auctoritate,
2969 4904 3308 4965 virtutibus
3334 4901 3883 4976 eminentissimus,

479 5000 786 5062 doctrinae
850 5002 1184 5064 Orientalis
1261 5021 1373 5082 per
1427 5003 1644 5064 orbem
1700 5010 2010 5065 terrarum
2063 5004 2376 5084 princeps,
2434 5005 2596 5066 liber
2671 5007 2832 5066 Baro
2887 5005 3228 5065 SILVESTER
3285 5017 3368 5063 DE
3421 5000 3603 5075 SACY,
3669 5003 3892 5061 Hector

477 5099 916 5162 Universitatis
946 5101 1334 5174 Parisiensis,
1369 5101 1782 5163 institutionis
1811 5102 2081 5182 publicas
2114 5103 2572 5165 constituendas
2601 5104 2771 5177 Vvir,
2815 5103 3053 5165 ordinis
3081 5105 3232 5180 Reg.
3295 5099 3588 5178 Legionis
3614 5099 3886 5186 honorif,

481 5198 840 5279 praefectus,
876 5199 1233 5260 Academiae
1260 5203 1416 5277 Reg.
1450 5199 1769 5279 Inscriptt.
1802 5205 1865 5261 et
1892 5201 2194 5263 litterarr.
2253 5201 2517 5264 human.
2553 5202 2752 5264 sodal.
2786 5209 2933 5276 etc.,
2964 5201 3323 5261 interventu
3353 5216 3467 5259 suo
3497 5197 3794 5272 obtinuit,
3825 5204 3892 5258 ut

477 5296 544 5358 in
594 5295 1020 5375 typographia
1077 5295 1270 5373 Regia
1328 5299 1448 5356 Leo
1478 5295 1766 5358 formulis
1823 5298 2307 5360 describeretur.
2344 5299 2460 5372 Ita,
2497 5299 2594 5360 his
2624 5299 3220 5380 auspiciisincepta,
3282 5294 3520 5355 biennii
3574 5294 3779 5373 spatio
3811 5295 3889 5356 ad

479 5394 717 5456 exitum
769 5393 1043 5454 adducta
1071 5392 1399 5472 impressio
1449 5399 1542 5453 est
1575 5410 1589 5453 :
1627 5395 1867 5456 tardius
1898 5397 2167 5458 fortasse
2220 5416 2410 5475 quam
2467 5398 2778 5471 volebam,
2833 5395 3094 5474 obsequi
3149 5393 3450 5454 continuo
3509 5395 3698 5453 tantis
3745 5392 3895 5454 viris

471 5490 1004 5571 jucundissimum
1063 5491 1431 5552 existimans
1466 5508 1478 5549 :
1514 5490 1665 5551 satis
1723 5492 1871 5567 cito,
1903 5493 1953 5553 si
1983 5493 2216 5555 molem
2273 5494 2610 5556 voluminis
2641 5495 3086 5572 difﬁcilemque
3118 5490 3427 5552 rationem
3459 5490 3899 5551 commentarii

478 5591 1045 5669 characterumque
1075 5591 1432 5650 Graecorum
1465 5593 1730 5667 spectes.

559 5688 632 5748 V.
670 5686 870 5751 Venio
921 5707 1090 5749 nunc
1147 5687 1228 5748 ad
1259 5704 1333 5748 ea
1384 5704 1526 5766 quae
1583 5693 1874 5749 constant
1931 5689 2010 5749 de
2065 5690 2192 5750 vita
2248 5691 2491 5765 Leonis,
2554 5710 2759 5772 pauca
2805 5709 2977 5763 sane,
3037 5705 3154 5748 nec
3203 5685 3450 5746 diversa
3499 5687 3628 5746 fere
3679 5685 3760 5746 ab
3817 5685 3892 5746 iis

490 5804 632 5866 quae
691 5784 912 5847 Notitt.
970 5788 1115 5849 Mss.
1177 5786 1342 5859 VIII,
1397 5783 1536 5858 257,
1599 5784 1844 5864 pridem
1904 5787 2149 5866 protuli

2230 5787 2417 5850 Vitam
2494 5791 2618 5851 Leo
2677 5789 2832 5851 adiit
2884 5787 3097 5859 Caloe,
3157 5783 3285 5863 (τῆς
3319 5781 3618 5854 Καλοητῶν
3650 5778 3889 5851 πόλεως,
