4202 6314
332 249 444 312 641
1573 249 1641 310 C.
1686 248 1756 309 B.
1803 246 1984 312 HASI

2094 248 2478 311 ’R/EFATIO
3635 261 3673 318 6
3685 261 3753 320 42

336 381 422 438 Le
455 374 653 446 Quien
707 373 948 434 Orient.
1001 371 1230 434 Christ.
1281 373 1329 432 Ι.
1374 371 1543 452 ³726.)
1587 391 1729 452 quas
1760 373 1979 434 civitas
2013 379 2119 443 est
2157 373 2323 435 Asiae
2374 372 2840 453 proconsularis
2889 373 2953 433 in
2999 375 3221 436 Tmolo
3273 386 3507 459 monte,
3553 403 3749 465 prope

327 476 570 537 fontem
627 472 871 552 Caystri
928 472 1133 533 amnis
1178 471 1364 552 (infra
1411 471 1504 551 2*)
1548 493 1561 532 :
1613 472 1666 532 is
1717 478 1951 534 tractus
2004 473 2210 534 omnis
2261 473 2523 534 themati
2573 472 3028 534 Thracensium
3082 480 3229 535 tunc
3274 480 3747 545 accensebatur.

321 577 408 634 De
487 578 818 652 parentum
897 570 1260 631 conditione
1328 588 1453 630 non
1533 569 1840 631 habemus
1915 572 2086 650 quod
2162 572 2402 650 liqueat
2467 589 2482 630 :
2563 570 2726 650 patri
2786 589 3014 631 nomen
3093 573 3311 634 Basilii
3365 575 3555 638 fuisse
3617 581 3751 660 ipse

324 673 412 732 ait
468 675 528 746 2,
583 688 656 730 ac
715 667 985 748 primam
1063 667 1316 746 quidem
1397 667 1717 728 aetatulam
1777 668 1841 728 in
1918 669 2126 747 patria
2187 677 2645 748 parentumque
2704 668 3036 746 disciplina
3108 670 3356 731 videtur
3420 677 3745 754 exegisse:

319 769 464 840 inde
519 767 873 828 studiorum
930 785 1119 826 causa
1191 766 1802 845 Constantinopolim
1864 772 2168 846 tanquam
2232 769 2308 827 ad
2370 769 2628 827 domum
2703 766 3044 844 quamdam
3117 769 3430 832 doctrinm
3505 777 3749 852 profec-

322 870 447 940 tus,
507 867 594 927 ibi
665 886 702 927 a
751 867 891 941 966,
955 883 1151 925 mens.
1221 864 1451 944 April.,
1521 883 1701 925 sacro
1775 864 2042 925 solemni
2107 865 2530 939 Ascensionis,
2603 871 2776 924 motu
2845 865 3136 942 populari
3194 866 3256 925 in
3325 870 3748 950 Nicephorum

321 965 570 1038 effecto,
653 963 1100 1041 imperatorem
1171 962 1486 1040 gradatim
1562 980 1674 1041 per
1756 962 1974 1022 urbem
2051 963 2444 1042 equitantem
2529 954 3392 1043 conspexitpvirtutemque
3469 969 3604 1046 ejus
3687 979 3749 1033 et

318 1065 513 1126 animi
563 1062 926 1124 ﬁrmitatem
986 1061 1231 1141 [XVIII]
1305 1061 1362 1120 vi
1427 1061 1660 1122 furiosa
1732 1060 1932 1140 plebis
1997 1061 2354 1140 perturbari
2431 1060 2924 1139 haudquaquam
2993 1080 3170 1139 posse
3207 1063 3554 1128 admiratus
3624 1077 3737 1133 est.

323 1167 471 1225 Hinc
529 1181 594 1222 se
648 1159 1117 1222 adolescentulo
1173 1159 1470 1219 accidisse
1523 1158 1738 1218 scribit
1788 1160 1887 1217 40.
1952 1159 2046 1218 Ita
2076 1159 2125 1218 si
2156 1157 2514 1229 statuimus,
2580 1176 2638 1217 a.
2700 1159 2816 1218 966
2875 1177 3018 1218 eum
3077 1159 3276 1237 egisse
3335 1181 3570 1224 annum
3624 1168 3743 1228 cir-

322 1262 478 1322 citer
521 1266 763 1321 sextum
813 1265 875 1318 et
917 1257 1254 1328 decimum,
1308 1256 1613 1334 sequitur,
1658 1262 1875 1316 natum
1926 1274 2058 1315 esse
2097 1256 2212 1316 sub
2262 1275 2319 1316 a.
2363 1257 2500 1315 950.
2549 1256 2724 1316 Circa
2770 1275 2825 1314 a.
2877 1258 3016 1327 973,
3059 1277 3208 1336 quo,
3257 1261 3486 1323 Basilio
3519 1283 3746 1326 exauc-

320 1365 554 1431 torato,
619 1356 926 1418 Antonius
983 1355 1342 1430 patriarcha
1395 1360 1644 1414 creatus
1700 1361 1816 1424 est,
1880 1354 1942 1413 in
1996 1353 2142 1415 Asia
2202 1355 2348 1414 fuit:
2412 1354 2498 1413 ibi
2554 1361 2718 1414 certe
2771 1354 3075 1431 gemellos
3126 1365 3576 1434 monstruosos,
3628 1364 3744 1424 im-

323 1458 483 1536 perii
542 1454 896 1534 provincias
951 1453 1275 1524 obeuntes,
1345 1451 1565 1511 crebro
1625 1469 1689 1510 se
1755 1451 1981 1511 vidisse
2042 1450 2236 1510 tradit
2306 1456 2437 1512 102.
2510 1455 2661 1511 Post
2733 1451 3056 1530 aliquanto
3114 1453 3174 1512 in
3237 1456 3570 1535 collegium
3639 1482 3739 1523 sa-

319 1555 650 1616 cerdotum
710 1550 1135 1630 palatinorum
1191 1549 1446 1619 ascitus,
1510 1568 1568 1608 a.
1627 1551 1765 1619 981,
1827 1567 1970 1609 cum
2037 1549 2304 1610 Basilius
2363 1550 2516 1628 imp.
2583 1568 2811 1627 magno
2883 1558 3192 1629 apparatu
3263 1557 3552 1633 Bulgaria
3607 1561 3740 1621 bel-

318 1652 454 1714 lum
515 1650 794 1722 inferret,
833 1648 1180 1726 castrisque
1234 1648 1312 1707 ad
1372 1646 1744 1725 Stoponium
1814 1647 2034 1724 positis
2092 1647 2471 1707 'I‘riaditzam
2527 1655 2925 1726 oppugnaret
2981 1648 3184 1726 (Cedr.
3247 1653 3322 1711 Il.
3383 1657 3549 1734 695),
3605 1659 3736 1720 dia-

325 1749 467 1812 coni
527 1766 784 1809 munere
844 1747 1110 1824 fungens
1161 1751 1410 1805 secutus
1481 1745 1850 1805 comitatum
1901 1751 2034 1804 est:
2089 1745 2568 1824 legionibusque
2633 1753 2972 1805 retrorsum
3031 1750 3248 1826 raptis,
3307 1770 3446 1811 cum
3507 1758 3739 1816 exerci—

321 1856 425 1910 tus
481 1846 851 1926 perterritus
908 1845 1288 1905 interneciva
1345 1845 1523 1904 clade
1578 1844 1640 1904 in
1703 1843 1926 1903 itinere
1985 1844 2360 1917 afﬁceretur,
2416 1845 2549 1921 ipse
2609 1861 2640 1903 e
2694 1844 3113 1922 Bulgarorum
3172 1847 3448 1927 undique
3507 1872 3733 1931 provo-

319 1946 592 2007 lantium
650 1943 940 2004 manibus
996 1942 1164 2023 (10‘!)
1225 1960 1389 2021 {egre
1447 1942 1664 2002 evasit.
1727 1942 1930 2011 Quare
1988 1942 2214 2020 opinor
2269 1942 2332 2001 in
2391 1941 2684 2015 Historia,
2749 1942 2995 2020 quoties
3052 1945 3291 2006 Moesia;
3351 1951 3734 2012 mentionem

229 2078 238 2082 -
318 2045 471 2104 facit
499 2042 703 2122 (velut
757 2041 884 2120 38),
942 2046 1206 2101 tremere
1262 2047 1324 2101 et
1381 2041 1779 2101 exalbescere
1838 2045 2140 2118 tanquam
2201 2039 2449 2118 objecta
2507 2039 2770 2099 terribili
2829 2057 2894 2100 re
2957 2041 3223 2121 videtur,
3284 2045 3441 2105 nihil
3498 2054 3567 2108 ut
3632 2051 3733 2124 sit,

317 2141 490 2220 quod
552 2159 731 2220 aeque
779 2139 834 2199 ei
890 2137 1289 2199 formidinem
1347 2138 1518 2199 dicas
1569 2136 1888 2216 injecisse.
1949 2137 2145 2208 Quem
2217 2143 2432 2216 postea
2500 2137 2774 2196 tenuerit
2831 2137 2973 2198 vita:
3032 2157 3284 2200 cursum
3343 2162 3545 2221 neque
3600 2147 3736 2224 ipse

311 2239 574 2314 indicat,
629 2255 835 2316 neque
887 2237 992 2297 alii
1040 2237 1329 2297 tradunt:
1384 2237 1501 2296 nisi
1553 2255 1700 2297 vero
1754 2235 1806 2294 si
1853 2235 1995 2314 quis
2043 2240 2160 2314 est,
2215 2235 2322 2314 qui
2371 2235 2589 2295 addita
2642 2234 2897 2294 demum
2948 2243 3132 2298 aetate
3189 2258 3226 2299 a
3279 2259 3486 2302 rerum
3537 2245 3733 2306 eccle-

311 2337 709 2398 siasticarum
766 2352 918 2394 cura
977 2353 1121 2395 eum
1169 2334 1506 2394 abduxisse
1563 2352 1698 2394 sese
1755 2337 1952 2413 putet,
1983 2337 2174 2411 atque
2232 2333 2295 2391 in
2352 2351 2688 2404 secessum,
2751 2332 3040 2394 Historia:
3109 2337 3452 2400 condendae
3507 2361 3725 2419 causa,

312 2453 379 2495 se
411 2436 746 2515 recepisse.
807 2435 1065 2494 Constat
1125 2437 1311 2503 certe,
1373 2451 1497 2492 non
1559 2432 1758 2493 exisse
1815 2431 2222 2508 scriptionem
2281 2435 2426 2490 ante
2485 2449 2542 2490 a.
2608 2430 2747 2504 989,
2809 2450 2934 2510 quo
2986 2434 3222 2494 Bardas
3280 2436 3518 2499 Phocas
3575 2458 3727 2502 con-

315 2541 417 2594 tra
465 2533 767 2593 Basilium
817 2533 972 2610 imp.
1034 2527 1345 2591 rebellans
1391 2548 1728 2610 oppressus
1787 2537 1916 2590 est:
1978 2529 2212 2608 quippe
2263 2528 2399 2606 ejus
2457 2529 2746 2588 interitus
2799 2531 3071 2590 refertur
3126 2533 3260 2593 108.
3325 2537 3727 2616 Expugnatio

320 2631 678 2701 Chersonis,
737 2631 815 2690 de
875 2648 1002 2707 qua
1063 2631 1194 2700 108,
1253 2635 1314 2689 et
1372 2647 1539 2688 mors
1601 2627 1812 2688 Basilii
1871 2627 2155 2706 praesidis
2224 2625 2410 2706 (106),
2483 2645 2646 2685 anno
2709 2633 2855 2686 ante
2923 2629 3303 2691 acciderunt.
3364 2636 3524 2694 Num
3581 2655 3731 2697 con-

322 2729 532 2788 silium
605 2729 790 2788 fuerit
865 2727 1078 2800 Leoni,
1133 2728 1298 2787 ultra
1372 2726 1693 2788 'l‘zimiseze
1766 2733 2032 2785 mortem
2111 2723 2419 2782 deducere
2491 2722 2845 2796 historiam,
2922 2725 3198 2786 dubitari
3271 2735 3494 2806 potest.
3574 2736 3730 2795 Nam

331 2826 505 2906 quod
573 2827 782 2887 scribit
837 2827 974 2897 109,
1050 2826 1237 2895 mala,
1309 2843 1419 2904 per
1484 2824 1730 2884 stellam
1799 2822 2086 2882 crinitam
2157 2827 2641 2900 prremonstrala
2709 2819 2874 2901 (quae
2941 2829 3158 2900 postea
3225 2827 3458 2887 Basilio
3524 2831 3730 2910 impe-

329 2930 508 2986 rante
559 2925 944 3005 evenerunt),
993 2943 1107 2985 suo
1161 2924 1438 3003 quidque
1496 2923 1714 2984 ordine
1773 2921 1850 2982 ab
1906 2920 2168 2981 historia
2227 2919 2462 2980 dictum
2508 2919 2607 2989 iri,
2662 2919 2725 2978 id
2758 2919 3019 2981 fortasse
3079 2940 3202 2982 non
3235 2924 3321 2983 sic
3377 2927 3733 3007 intelligen-

330 3022 476 3084 dum
536 3035 646 3097 est,
706 3023 886 3103 quasi
942 3024 1075 3102 ipse
1133 3023 1252 3082 sibi
1303 3041 1377 3082 ea
1433 3025 1768 3101 seponeret
1815 3019 2157 3091 narranda,
2210 3019 2315 3078 sed
2374 3016 2743 3095 generatim,
2807 3017 2944 3078 aliis
3003 3036 3073 3080 ea
3132 3020 3544 3100 scriptoribus
3603 3046 3729 3088 ma-

325 3121 549 3182 teriam
583 3121 834 3183 dicendi
865 3122 1232 3200 prmbitura.

398 3240 516 3299 Vl.
570 3240 734 3317 Ergo
784 3238 904 3298 tria
961 3238 1355 3317 potissimum
1407 3238 1611 3310 bella,
1675 3235 2008 3310 Creticum,
2063 3231 2435 3304 Asiaticum,
2490 3231 2861 3312 Russicum,
2917 3232 3324 3296 formidolosa
3373 3242 3562 3318 atque
3619 3241 3736 3303 dif-

319 3335 537 3409 ﬁcilia,
598 3336 933 3396 scribenda
989 3335 1106 3396 sibi
1157 3337 1444 3414 sumpsit,
1506 3336 1855 3412 aﬂ‘erreque
1910 3333 2122 3393 lumen
2181 3331 2382 3390 voluit
2437 3330 2634 3406 rebus
2688 3349 2800 3390 sua
2856 3335 3040 3392 aetate
3098 3331 3470 3416 (959—975)
3516 3339 3729 3416 gestis.

308 3433 433 3494 Sed
490 3439 584 3494 est
639 3452 934 3511 magnum
996 3452 1225 3494 munus
1294 3433 1588 3511 historia,
1628 3438 1690 3493 et
1742 3451 1819 3492 ex
1874 3429 2047 3492 omni
2088 3429 2415 3508 scripturas
2473 3447 2702 3506 genere
2763 3445 2961 3507 prope
3005 3429 3207 3490 dicam
3261 3431 3728 3517 difﬁcillimum,

301 3531 469 3592 Sunt
537 3531 871 3610 unicuique
934 3532 1166 3592 saeculo
1235 3551 1364 3591 sua:
1431 3531 1744 3591 caecitates
1799 3528 2076 3589 mentis:
2138 3531 2236 3599 ut,
2297 3525 2581 3604 quamvis
2637 3531 2865 3585 caetera
2923 3526 3174 3586 ratione
3237 3537 3409 3590 recta
3459 3531 3731 3609 judicct,

301 3627 368 3689 in
426 3629 808 3708 quibusdam
864 3635 1075 3690 tamen
1133 3631 1361 3690 erroris
1417 3636 1608 3708 atque
1666 3627 2064 3690 hebetudinis
2123 3625 2204 3684 sit
2269 3623 2855 3684 condemnandum.
2920 3624 3244 3685 Inﬁnitam
3314 3628 3436 3687 vim
3497 3630 3733 3696 habent

301 3727 680 3805 religiones,
760 3727 1048 3789 instituta
1095 3775 1109 3802 ,
1189 3728 1536 3800 factiones,
1612 3732 1857 3786 sectae:
1915 3743 2040 3784 non
2121 3724 2314 3797 [XIX]
2398 3741 2520 3781 uno
2595 3722 2780 3782 modo
2857 3722 3212 3800 praestringi
3285 3726 3451 3786 acies
3511 3731 3734 3789 mentis

310 3825 481 3884 solet
539 3824 784 3885 saeculis
844 3825 1026 3884 cultis
1097 3831 1158 3885 et
1232 3824 1522 3898 eruditis,
1586 3824 1814 3883 nedum
1874 3820 2112 3900 asperis
2178 3826 2240 3879 et
2312 3818 2752 3878 tenebricosis.
2810 3819 3088 3892 Accedit,
3157 3827 3224 3880 ut
3289 3823 3516 3883 Leonis
3581 3832 3732 3886 aetas

313 3922 751 4000 eloquentiam
814 3928 1073 4000 poneret
1131 3922 1188 3982 in
1261 3922 1508 3995 ﬂorida,
1573 3928 1643 3981 ut
1696 3922 1784 3981 ita
1839 3920 2065 3990 dicam,
2132 3915 2453 3977 oratione:
2515 3935 2659 3976 cum
2733 3934 3025 3994 magnam
3068 3936 3131 3978 se
3187 3920 3448 4000 quisque
3508 3922 3570 3982 in
3634 3924 3730 3984 di-

309 4019 521 4079 cendo
576 4019 825 4078 laudem
893 4020 1190 4098 adeptum
1255 4027 1525 4099 putaret,
1598 4020 1673 4094 si,
1737 4018 1934 4078 multa
1993 4014 2332 4076 acervatim
2407 4013 2774 4093 complexus
2830 4022 3221 4090 ornamenta,
3284 4019 3546 4096 poetica:
3605 4023 3730 4084 dic-

309 4117 508 4176 tionis
566 4115 969 4177 aemulatione
1021 4118 1466 4196 grandioribus
1530 4118 1757 4195 verbis,
1812 4122 1873 4176 et
1929 4115 2125 4186 duris,
2190 4131 2265 4174 ne
2322 4112 2551 4190 ineptis
2609 4113 2835 4186 dicam,
2898 4114 3286 4192 metaphoris
3335 4123 3496 4179 esset
3553 4139 3724 4183 usus.

312 4217 528 4291 Atque
587 4213 756 4273 haud
831 4215 957 4275 scio
1027 4235 1238 4276 annon
1305 4217 1650 4296 quidquam
1717 4213 1915 4292 magis
1982 4211 2261 4272 historiae
2335 4209 2590 4284 ofﬁciat,
2671 4229 2858 4290 quam
2929 4211 3176 4272 fucatus
3231 4213 3540 4293 ejusmodi
3597 4220 3730 4282 sine

309 4311 628 4389 dignitate
684 4311 897 4372 color:
957 4314 1211 4392 quando
1267 4314 1356 4374 ita
1415 4315 1608 4374 nimio
1667 4312 2169 4374 calamistrorum
2230 4328 2344 4369 usu
2412 4308 2645 4369 incedit
2701 4309 2928 4380 oratio,
2984 4315 3056 4371 ut
3113 4316 3174 4372 et
3228 4317 3502 4377 sermoni
3555 4317 3732 4396 lepos

311 4410 526 4470 omnis
583 4409 923 4484 adimatur,
1000 4418 1062 4472 et
1133 4430 1343 4472 rerum
1421 4411 1796 4492 expositioni
1864 4409 2036 4469 ﬁdes.
2090 4408 2158 4468 Id
2227 4407 2449 4467 vitium
2525 4409 2673 4479 Leo,
2748 4406 3000 4468 tametsi
3056 4427 3179 4469 non
3247 4410 3404 4473 adeo
3460 4413 3734 4476 insaniat

313 4525 512 4587 quam
568 4505 1082 4587 TheOphylactus
1134 4509 1479 4572 Simocatta
1535 4515 1645 4570 aut
1697 4508 1944 4569 Nicetas
1999 4505 2336 4567 Choniates
2392 4503 2481 4583 (in
2540 4504 2929 4566 orationibus
2985 4507 3322 4585 praecipue,
3385 4510 3493 4569 ubi
3552 4531 3728 4573 cum-

312 4605 538 4685 primis
606 4606 869 4684 cupiunt
929 4607 1143 4669 diserti
1205 4609 1445 4689 videri),
1519 4608 1794 4686 effugere
1868 4611 2080 4666 tamen
2156 4603 2330 4663 omni
2383 4621 2454 4662 ex
2516 4608 2693 4680 parte
2752 4621 2876 4662 non
2931 4603 3156 4680 potuit,
3219 4605 3542 4685 felicisque
3600 4611 3728 4671 for-

311 4710 484 4767 tasse
542 4704 778 4782 ingenii
836 4723 1085 4766 cursum
1143 4707 1454 4787 oppressit
1510 4707 1668 4767 illud
1734 4710 2036 4783 tanquam
2103 4701 2374 4780 adipatae
2432 4700 2721 4760 dictionis
2781 4700 3081 4759 studium.
3143 4701 3424 4780 Cumque
3480 4725 3518 4765 a
3577 4711 3730 4771 Divo

306 4802 505 4877 Julio,
565 4803 769 4882 primo
816 4807 902 4864 De
957 4805 1274 4884 analogia,
1351 4807 1588 4867 dictum
1639 4804 1740 4879 sit,
1797 4809 2101 4881 tanquam
2161 4797 2491 4877 scopulum
2553 4797 2640 4857 sic
2697 4797 3066 4875 fugiendum
3124 4798 3476 4862 inauditum
3537 4813 3728 4886 atque

309 4899 590 4961 insolens
641 4902 903 4962 verbum
969 4921 1141 4977 esse,
1213 4909 1339 4965 Leo
1407 4911 1628 4965 contra
1682 4901 1862 4982 quasi
1919 4898 2226 4978 quasdam
2296 4902 2510 4955 cautes
2581 4895 2950 4955 reformidat
3009 4896 3316 4958 vocabula
3380 4900 3608 4966 idonea
3669 4913 3731 4968 et

314 4999 572 5058 usitata.
646 5002 877 5060 Vocem
931 5005 1164 5085 ἀδελφὸς
1231 5021 1374 5062 raro
1438 5007 1746 5082 usurpat:
1803 4999 1973 5060 crebr

2068 4997 2180 5055 lme
2211 4997 2566 5075 αὐτάδελφος,
2626 4999 2902 5073 ὁμαίμων,
2956 4997 3240 5073 σύναιμος.
3284 5003 3464 5080 Πὲλω,
3521 5009 3727 5077 τελέοω

309 5092 410 5172 (ut
483 5100 648 5156 certe
716 5097 937 5176 scripsi
1006 5098 1107 5180 90)
1165 5103 1360 5176 τελέω,
1407 5105 1662 5181 ὑπάρχω,
1705 5102 1914 5181 πέφῃνα
1961 5107 1968 5161 l

2072 5138 2086 5166 ,
2163 5092 2285 5171 93),
2335 5095 2950 5172 πέφυκα,χρηματίζω,
3001 5090 3098 5151 vel
3175 5094 3453 5173 quidvis,
3522 5105 3730 5182 potius

309 5192 575 5253 adhibet
625 5213 814 5272 quam
861 5201 994 5274 εἰμί·
1033 5203 1416 5277 ἀκουτίζομαι,
1451 5200 1744 5277 διενηχὲω,
1790 5201 1968 5255 διενωπ

2069 5220 2109 5265 ›,
2159 5193 2400 5262 ἐνωτίζω
2454 5187 2662 5265 potius
2709 5207 2896 5266 quam
2947 5194 3152 5251 ἀκούω.
3188 5191 3425 5256 Passim
3477 5217 3728 5280 quoque

307 5289 520 5349 verbis
563 5293 830 5352 vetustis
875 5311 908 5353 θ
964 5295 1291 5373 poetisque
1339 5295 1534 5355 erutis
1574 5294 1922 5355 orationem
1974 5297 2278 5368 tanquam
2331 5285 2528 5346 stellis
2578 5285 2676 5364 (ut
2725 5286 2841 5346 sibi
2885 5287 3161 5368 videtur)
3219 5300 3725 5379 ΟΓΠὲὶῐ.Ὑπιωγαῖς

307 5388 411 5463 22,
475 5387 744 5467 arripuit
801 5407 877 5451 ex
933 5392 1208 5472 Odyssea
1263 5395 1331 5453 E.
1391 5395 1530 5468 404,
1590 5392 1698 5452 ubi
1746 5409 1912 5451 nunc

2068 5389 2241 5462 ;imus
2297 5389 2551 5466 ἐπιωγαί·
2604 5391 2784 5464 Νὲων,
2843 5385 3082 5462 vadens,
3140 5391 3240 5462 27,
3299 5410 3332 5452 e
3411 5413 3727 5472 gramma-

304 5481 429 5544 tico
490 5485 745 5564 aliquo,
797 5488 1023 5568 opinor
1076 5489 1244 5570 (vid.
1299 5489 1911 5570 perspicacissimum
1963 5490 2195 5548 Graecae
2265 5480 2669 5563 proprietatis
2730 5483 3037 5543 arbitrum
3088 5486 3258 5547 Frid.
3310 5491 3471 5568 Aug.
3533 5494 3724 5554 Wolf.

304 5580 669 5662 Prolegom.
733 5587 835 5663 IV,
899 5588 1047 5668 18):
1110 5589 1230 5650 nisi
1259 5589 1344 5649 ibi
1405 5589 1577 5650 dicas
1623 5595 1757 5651 νεὼν
1818 5585 2180 5666 legendum,
2233 5581 2492 5660 ejusque
2541 5579 2816 5660 glossam
2867 5600 3000 5642 esse
3050 5585 3366 5664 ἐκκλησίαν,
3425 5591 3728 5652 excidisse

312 5782 346 5839 Ρ
375 5698 394 5720 ⁸
423 5699 688 5785 Numeri,
722 5705 816 5761 hic
847 5707 904 5762 et
956 5704 1131 5774 infra,
1164 5705 1412 5777 paginas
1443 5706 1582 5764 edit.
1620 5705 1803 5774 Paris,
1835 5704 2117 5779 principis
2168 5700 2614 5772 repraesentant,
2651 5714 2808 5771 quas
2851 5698 3002 5755 inter
3033 5715 3219 5833 υὲοοε
3252 5702 3310 5832 ill)!
3341 5707 3500 5762 textu
3529 5709 3725 5764 Graeco

353 5785 646 5836 osulmus.
3114 5789 3224 5831 nrr.
3309 5793 3440 5833 ATR.

353 5785 646 5836 osulmus.
3065 5785 3224 5833 EDIT.
3267 5785 3440 5833 ΡΛΤΒ.
