4202 6314
469 306 585 366 643
1473 269 1475 271 ’
1730 304 1797 364 c.
1846 303 1916 363 B.
1962 297 2128 360 HAS]

2280 289 2632 353 RIEFATIO
3803 300 3939 359 644

471 435 681 490 autem
729 436 1083 515 ἀφικόμενος,
1141 428 1236 490 vel
1286 429 1413 489 tale
1465 427 1727 507 aliquid.
1775 434 2006 508 ’Όχθος,
2067 426 2166 501 32,
2225 419 2680 498 signiﬁcatione
2727 415 2900 515 ripae,
2955 435 3168 478 rarum
3217 425 3330 492 est,
3381 422 3477 483 vel
3523 423 3722 502 apud
3752 442 3929 504 poe-

471 533 589 589 tas.
650 513 925 590 Verbum
983 531 1333 592 obsoletum
1385 534 1665 608 προσὲπω,
1727 527 1892 587 unde
1947 550 2130 607 προσ-ει

2275 571 2291 598 ,
2346 517 2538 578 habet
2593 517 2692 576 99.
2755 513 2877 576 Sed
2928 515 3074 576 nolo
3130 517 3364 580 multus
3415 521 3610 584 videri
3682 523 3760 584 in
3817 542 3929 585 re-

475 647 663 706 quam
725 630 890 690 inter
945 632 1278 710 legendum
1336 629 1768 708 unusquisque
1823 625 2004 686 facile
2047 641 2157 702 per
2213 639 2278 682 se
2337 616 2601 678 notabit.

552 743 684 804 VII.
737 745 924 805 Aliud
972 746 1198 806 Leonis
1255 747 1473 807 vitium
1524 750 1617 805 est
1663 757 2159 821 synonymorum
2208 754 2373 796 vana
2429 730 2872 793 accumulatio.
2925 731 3138 792 Sicubi
3198 735 3640 817 σοϐαρευόμενος
3700 739 3932 819 scrip-

474 844 555 904 sit
618 842 770 922 (13),
848 862 925 903 ne
996 863 1218 922 parum
1293 845 1493 904 multa
1568 841 1762 902 verba
1823 839 2009 899 scisse
2078 837 2133 896 vi

2275 840 2386 908 tur,
2457 833 2757 892 continuo
2821 841 2882 893 et
2961 838 3336 912 γαυρούμενος
3408 837 3791 916 subjungit,
3867 843 3934 899 et

469 944 827 1021 ἐπαιρόμενός
881 966 936 1000 τε
992 946 1082 1000 καὶ
1114 948 1524 1023 βρενθυόμενος.
1583 939 1685 998 Sic
1732 936 1994 1015 singulis
2043 952 2128 1012 pel

2269 930 2516 1008 )aginis.
2568 930 2892 1009 Ejusmodi
2924 933 3314 1010 .tautologiis
3371 934 3688 994 cumulati
3757 941 3928 994 sunt

468 1034 795 1113 Byzantini
852 1053 1068 1096 omnes
1148 1037 1334 1096 medii
1392 1037 1565 1096 aevi:
1633 1051 1745 1095 nec
1802 1032 1921 1091 nisi
1982 1037 2265 1108 tempore
2323 1027 2824 1105 Palasologorum
2889 1028 2969 1088 ab
3027 1029 3375 1089 acrioribus
3438 1030 3727 1110 ingeniis
3788 1033 3930 1091 De-

469 1125 691 1193 metrio
747 1134 1047 1212 Cydonio,
1104 1135 1259 1210 [XX]
1321 1133 1721 1214 Chrysolora,
1783 1129 2115 1191 Theodoro
2170 1131 2358 1196 Gaza,
2431 1125 2878 1204 Chalcondyla,
2937 1125 3001 1186 id
3053 1145 3251 1204 genus
3299 1127 3548 1189 dicendi
3597 1135 3926 1207 spretum

471 1237 565 1291 est
619 1249 691 1291 ac
742 1232 1087 1310 repulsum.
1149 1233 1348 1293 Simul
1397 1233 1583 1292 iidem
1637 1228 1824 1309 primi
1873 1231 2200 1306 cmperunt
2268 1223 2473 1284 minus
2531 1223 2839 1284 serviliter
2887 1229 3165 1285 veterum
3216 1225 3447 1304 stylum
3508 1244 3581 1287 ac
3621 1244 3925 1301 omnes;

473 1335 535 1389 et
592 1334 772 1389 erant
828 1335 1132 1408 tanquam
1204 1329 1481 1390 anniculi
1539 1328 1828 1398 infantes,
1891 1326 1998 1404 qui
2056 1323 2306 1384 nonnisi
2361 1323 2426 1382 in
2483 1321 2820 1394 curriculo,
2893 1328 3003 1382 aut
3058 1330 3375 1402 praeeunte
3433 1325 3613 1394 duce,
3686 1326 3926 1386 inam-

475 1427 718 1486 bulant.
785 1429 920 1488 Non
985 1445 1316 1506 perennem
1377 1446 1449 1488 ac
1515 1431 1884 1505 perpetuam
1944 1430 2077 1484 tum
2136 1420 2513 1500 simplicium
2572 1426 2704 1480 tum
2759 1419 3208 1481 collocatorum
3269 1422 3605 1483 verborum
3665 1431 3740 1485 et
3806 1430 3919 1484 to-

473 1523 598 1583 tius
645 1529 977 1585 structuraa
1018 1525 1508 1586 concinnitatem
1560 1539 2022 1600 numerumque
2070 1518 2560 1589 aemulabantur,
2599 1536 2725 1578 non
2767 1516 2962 1595 (quod
3011 1524 3202 1596 caput
3246 1519 3404 1599 erat)
3451 1521 3709 1580 animos
3734 1537 3927 1581 erec-

475 1625 573 1680 tos
628 1627 906 1682 veterum
940 1641 960 1680 :
1010 1624 1117 1682 sed
1176 1623 1226 1682 si
1284 1641 1442 1700 quos
1501 1621 1950 1682 existimabant
2009 1618 2362 1679 imitatione
2418 1617 2664 1694 dignos,
2734 1634 2954 1676 eorum
3013 1617 3273 1694 phrases
3333 1617 3609 1696 undique
3667 1636 3922 1697 arrep-

473 1723 568 1777 tas
625 1718 706 1778 ad
763 1719 1025 1779 verbum
1083 1721 1547 1781 transferebant
1601 1720 1662 1780 in
1721 1719 1982 1797 propria
2031 1717 2288 1794 scripta.
2347 1718 2571 1794 Neque
2629 1713 2754 1775 alio
2811 1722 2997 1791 pacto
3056 1717 3178 1775 Leo
3221 1716 3371 1793 egit.
3431 1718 3922 1777 Verumtamen

471 1816 636 1877 inter
691 1835 832 1876 eum
892 1824 952 1878 et
1009 1819 1285 1896 aequales
1344 1819 1540 1897 ipsius
1606 1817 1763 1877 illud
1819 1817 2102 1888 interest,
2163 1813 2331 1892 quod
2390 1812 2477 1884 hi,
2541 1819 2849 1890 quantum
2909 1819 3186 1891 possent,
3263 1832 3482 1874 omnes
3546 1832 3924 1893 propemo-

474 1913 624 1972 dum
684 1915 962 1976 omnium
1022 1923 1349 1977 auctorum
1427 1916 1733 1976 nobilium
1812 1918 2257 1975 consumerent
2321 1911 2570 1972 arculas
2635 1910 2968 1981 imitando,
3034 1912 3255 1972 Leonis
3313 1930 3518 1973 sermo
3589 1930 3622 1972 e
3687 1912 3922 1972 tribus

473 2010 729 2071 domum
792 2013 1073 2075 fontibus
1140 2015 1415 2086 ﬂuxerit,
1486 2033 1562 2074 ex
1621 2013 1904 2074 versione
1961 2013 2117 2072 LXX
2178 2014 2595 2088 Interpretum
2652 2008 2868 2088 (libros
2922 2009 3079 2070 Novi
3145 2009 3422 2070 Fcederis
3475 2011 3687 2071 minus
3754 2029 3912 2070 cre-

470 2107 587 2168 bro
646 2110 992 2191 compilat),
1065 2130 1138 2172 ex
1212 2115 1506 2183 Homero,
1577 2130 1653 2170 ex
1721 2108 1994 2188 Agathia
2068 2105 2435 2186 Myrinensi.
2497 2105 2648 2166 Inde
2719 2107 2994 2185 piscatus
3050 2114 3142 2167 est
3199 2108 3570 2182 locutiones,
3649 2109 3913 2188 quibus

473 2207 708 2284 scripta
755 2209 1000 2269 infercit
1057 2215 1118 2269 et
1174 2210 1383 2288 explet
1442 2227 1578 2287 sua,
1641 2215 1943 2286 tauquam
2001 2206 2064 2265 in
2136 2223 2332 2265 unum
2399 2222 2619 2281 agrum
2681 2203 2864 2282 plura
2913 2205 3075 2266 inter
3131 2225 3196 2266 se
3249 2205 3508 2266 inimica
3574 2224 3914 2286 spargens

472 2303 731 2364 semina.
805 2307 926 2366 Sed
981 2325 1107 2365 non
1167 2306 1358 2366 refert
1416 2305 1623 2366 alieno
1681 2313 1910 2366 ornatu
1981 2303 2364 2381 distinguere
2430 2319 2811 2379 sermonem,
2883 2302 3000 2362 nisi
3070 2321 3264 2381 queas
3324 2303 3387 2363 id
3447 2321 3588 2363 cum
3642 2302 3913 2381 judicio

472 2407 745 2481 apteque
792 2406 1052 2465 facere:
1115 2404 1450 2482 minusque
1511 2423 1711 2482 genus
1783 2402 2030 2464 dicendi
2101 2401 2236 2480 ejus
2310 2400 2629 2460 videretur
2693 2400 3163 2473 inconcinnum,
3237 2401 3289 2461 si
3346 2402 3654 2480 depositio
3715 2402 3916 2463 omni

469 2498 815 2561 rhetorices
872 2501 1160 2581 strepitu,
1223 2502 1617 2562 Constantini
1681 2501 2255 2580 Porphyrogenetae
2314 2497 2603 2576 exemplo
2673 2497 2772 2558 vel
2829 2499 2909 2558 ad
2976 2498 3208 2560 infimae
3267 2499 3468 2577 plebis
3526 2500 3903 2560 orationem

465 2601 594 2658 Leo
665 2617 798 2660 sese
856 2599 1204 2677 dejecisset.
1280 2601 1339 2659 is
1409 2606 1630 2660 contra
1699 2599 1994 2677 Agatbia,
2071 2597 2250 2676 cujus
2309 2596 2923 2675 grandiloquentiam
2985 2603 3047 2657 et
3107 2597 3486 2658 cothurnum
3547 2598 3651 2657 vix
3714 2617 3904 2661 nunc

467 2696 747 2767 ferimus,
799 2697 1050 2758 videtur
1107 2698 1421 2777 praecipue
1480 2698 1848 2758 delectatus.
1907 2699 2038 2757 Hoc
2095 2695 2525 2756 demonstravi
2576 2694 2782 2755 allatis
2838 2695 2902 2755 in
2954 2696 3422 2756 Commentario
3473 2695 3668 2772 (velut
3721 2696 3905 2778 206')

467 2792 637 2852 illius
688 2794 862 2863 locis,
918 2814 1043 2854 non
1094 2794 1329 2872 ubique
1387 2800 1636 2854 tamen:
1705 2814 1850 2855 nam
1903 2794 2117 2855 omnia
2175 2791 2435 2852 minima
2511 2792 2787 2851 maxima
2837 2791 3101 2869 vestigia
3152 2792 3522 2852 imitationis
3580 2793 3900 2872 colligere

467 2891 757 2968 putidum
817 2897 950 2952 erat
1016 2910 1130 2952 nec
1187 2892 1581 2953 conducebat
1639 2893 1986 2973 quidquam
2047 2891 2125 2950 ad
2184 2890 2462 2950 auctoris
2521 2907 2664 2948 cum
2737 2889 3322 2968 interpretationem
3383 2897 3515 2949 tum
3577 2892 3898 2952 emenda-

466 2988 726 3049 tionem.
780 2989 826 3052 E
877 2991 1206 3068 Procopio,
1264 2990 1581 3069 jejuniore
1633 2991 1795 3069 stylo
1861 3010 1959 3051 res
2018 2992 2352 3063 tractante,
2421 2986 2578 3046 nihil
2637 2986 2886 3046 videtur
2937 2987 3275 3066 sumpsisse
3351 2995 3584 3066 prater
3633 2996 3906 3051 senten-

463 3087 648 3147 tiolas
705 3089 1037 3166 quasdam,
1098 3089 1357 3148 exordio
1390 3095 1450 3149 et
1519 3090 1912 3149 orationibus
1975 3086 2205 3167 passim
2270 3085 2560 3144 insertas.
2617 3088 2838 3163 Neque
2909 3105 3174 3163 usquam
3261 3086 3390 3146 ullo
3449 3087 3714 3165 vestigio
3777 3089 3901 3148 de-

470 3185 863 3262 prehendere
918 3186 1096 3259 licet,
1171 3186 1502 3263 primarius
1576 3187 1959 3266 scriptores:
2023 3181 2480 3261 Thucydidem,
2557 3183 2914 3261 Polybium,
2973 3183 3409 3256 Plutarchum,
3471 3185 3550 3244 ab
3612 3204 3686 3246 eo
3751 3203 3897 3247 esse

470 3283 921 3361 pervolutatos.
970 3284 1283 3343 Praeterea
1336 3285 1609 3362 reperies
1665 3285 1727 3343 in
1787 3303 1860 3345 eo
1915 3284 2290 3363 plerumque
2343 3283 2595 3349 τοιοῦτος
2629 3282 2925 3360 positum,
2989 3282 3095 3341 ubi
3149 3282 3340 3342 Attici
3396 3289 3556 3352 οὗτος
3605 3283 3895 3362 scripsis-

473 3386 632 3440 sent.
694 3380 996 3440 Similiter
1053 3400 1232 3440 usum
1294 3381 1742 3443 creberrimum
1800 3381 2265 3462 praepositionis
2319 3383 2457 3441 κατὰ
2513 3399 2627 3458 pro
2681 3388 2758 3442 ‘ev-
2810 3381 3005 3458 velut,
3063 3386 3133 3441 ut
3189 3380 3309 3441 hoc
3354 3388 3517 3453 utar,
3573 3384 3712 3455 108,
3766 3396 3893 3452 τοῖς

465 3484 604 3537 κατὰ
631 3483 732 3552 τήν
778 3484 955 3539 ’Λσιαν
995 3485 1365 3554 στασιάζουσι,
1408 3478 1832 3540 rebellantibus
1881 3481 1941 3540 in
1991 3483 2124 3541 Asia

2229 3484 2443 3543 Verum
2497 3481 2633 3541 hac
2673 3479 2730 3539 ei
2771 3478 3132 3539 communia
3178 3496 3321 3538 cum
3364 3481 3604 3541 caeteris
3647 3483 3888 3560 Byzan-

456 3575 625 3633 tinis.
683 3573 842 3634 illud
903 3575 1241 3652 peculiare,
1308 3596 1545 3656 ponere
1617 3577 2001 3638 inﬁnitivum
2062 3580 2279 3652 futuri,
2342 3580 2450 3640 ubi
2507 3577 2722 3639 aoristi
2779 3576 2875 3637 vel
2933 3576 3261 3655 praesentis
3314 3583 3654 3656 exspectes,
3717 3598 3888 3657 pras-

454 3671 635 3750 cipue
694 3677 837 3750 post
883 3678 1173 3752 βούλεσται
1232 3673 1416 3754 [ΧΧΙ]
1475 3675 1570 3755 {ut
1627 3679 1728 3748 23,
1781 3676 1920 3755 2.1):
1983 3676 2228 3751 deinde,
2293 3678 2458 3738 idem
2512 3674 2913 3748 vocabulum,
2975 3674 3217 3752 aliquot
3267 3674 3452 3736 lineis
3499 3675 3877 3754 interjectis,

451 3769 725 3830 libenter
755 3770 994 3830 iterari.

531 3885 697 3945 VIII.
758 3885 920 3957 Dixi,
974 3885 1371 3946 criminosius
1425 3889 1709 3962 fortasse,
1761 3909 1901 3967 quae
1951 3891 2013 3950 in
2075 3895 2277 3950 Leone
2333 3891 2544 3970 culpet
2592 3889 2858 3968 aliquis:
2921 3905 3035 3948 nec
3089 3887 3373 3966 profecto
3422 3907 3539 3968 ego
3592 3889 3644 3950 is
3705 3910 3875 3980 sum,

449 3981 558 4058 qui
611 3982 831 4042 laudes
862 3982 1186 4060 scriptoris
1225 3984 1609 4064 cujuspiam,
1663 3987 1761 4046 cui
1812 3989 2180 4061 studuerim,
2234 3988 2374 4067 plus
2425 4007 2617 4068 quam
2667 3987 2819 4047 satis
2873 3985 2952 4045 sit
3001 3985 3355 4047 decentem.
3401 3990 3576 4048 Nunc
3617 4007 3869 4068 aequum

453 4084 566 4148 est,
630 4097 768 4157 qum
829 4079 908 4138 ab
965 4079 1073 4139 illo
1129 4081 1385 4155 faciant,
1443 4085 1592 4144 item
1652 4103 2042 4146 enumerare.
2103 4090 2194 4146 Ac
2264 4087 2468 4165 primo
2527 4086 2782 4164 quidem
2843 4103 3073 4164 magna
3121 4091 3216 4145 est
3275 4085 3506 4146 Leonis
3561 4105 3881 4147 commen.

450 4174 648 4247 datio,
708 4175 878 4254 quod
925 4195 1065 4253 quas
1121 4177 1252 4256 ipse
1299 4180 1525 4240 viderit
1573 4181 1795 4242 litteris
1846 4184 2186 4257 mandavit,
2224 4183 2679 4263 habendusque
2738 4189 2831 4243 est
2886 4183 3050 4242 inter
3098 4182 3441 4262 scriptores
3487 4183 3652 4252 illos,
3708 4185 3874 4244 unde

451 4270 590 4342 alii,
666 4273 772 4350 qui
846 4273 1156 4350 posterius
1239 4275 1524 4351 fuerunt,
1597 4281 1776 4357 quasi
1833 4299 1864 4340 e
1922 4282 2090 4342 fonte
2162 4281 2494 4360 capiteque
2565 4281 2959 4341 narrationes
3025 4299 3232 4340 rerum
3282 4282 3704 4342 deduxerunt.
3769 4281 3870 4340 Sic

451 4367 782 4446 Scylitzem
842 4373 1196 4429 mutuatum
1258 4390 1392 4434 esse
1449 4375 1528 4435 ab
1588 4378 1791 4436 Leone
1853 4377 2051 4438 multa
2108 4377 2535 4438 demonstravi
2606 4379 2668 4437 in
2727 4377 2928 4438 notis:
2986 4396 3023 4438 a
3085 4377 3349 4456 Scylitze
3388 4382 3596 4437 autem
3653 4377 3868 4437 omnia

451 4465 712 4525 minima
769 4466 1046 4527 maxima
1095 4470 1435 4548 sumpsisse
1493 4473 1840 4534 Cedrenum
1876 4481 2093 4535 notum
2154 4482 2285 4537 est.
2346 4478 2656 4536 Zonaram
2717 4476 2866 4536 item
2902 4495 3078 4537 usum
3131 4495 3264 4538 esse
3311 4475 3584 4537 Historia
3639 4474 3867 4536 Leonis

451 4564 771 4625 arbitror:
833 4565 958 4625 vid.
1019 4567 1298 4646 Ducang.
1371 4571 1449 4630 ad
1507 4575 1735 4632 Zonar.
1809 4575 2057 4644 ll,101.
2116 4573 2379 4652 Pagium
2438 4592 2690 4652 quoque
2758 4593 2834 4635 ex
2892 4580 3106 4636 nostro
3165 4594 3288 4637 non
3349 4592 3552 4654 pauca
3580 4574 3870 4642 videmus

449 4663 850 4741 emendasse,
925 4682 963 4723 a
1020 4667 1477 4729 recentioribus
1533 4670 1594 4730 in
1656 4671 1895 4732 ratione
1950 4677 2306 4751 temporum
2369 4671 2779 4733 conturbata.
2864 4674 2958 4733 Ita
3020 4673 3099 4733 ab
3160 4673 3278 4734 hac
3339 4681 3517 4752 parte
3593 4692 3716 4734 non
3767 4674 3868 4733 in-

441 4759 728 4837 jucunda
803 4759 919 4821 erit
962 4762 1259 4824 studiosis
1337 4765 1774 4847 historicisque
1845 4769 2207 4830 hominibus
2285 4771 2675 4848 comparatio
2742 4770 3067 4850 scriptoris
3125 4771 3323 4832 nostri
3395 4790 3537 4832 cum
3608 4771 3870 4850 reliquis

451 4857 558 4933 qui
631 4857 849 4916 eadem
912 4859 1332 4923 tradiderunt.
1394 4867 1608 4944 Neque
1668 4873 1856 4944 neget
1909 4867 2225 4946 quisqam,
2285 4885 2382 4928 res
2439 4874 2577 4946 post
2640 4867 2883 4928 obitum
2945 4869 3212 4930 Romani
3267 4871 3548 4931 Junioris
3603 4870 3667 4930 in
3726 4871 3872 4930 aula

453 4960 658 5030 gestas
708 4953 805 5032 (19
854 4955 1008 5035 sq.),
1060 4957 1469 5023 rebellionem
1519 4966 1742 5025 Leonis
1789 4966 2188 5045 Curopalataa
2239 4965 2397 5046 (90),
2460 4966 2623 5027 bella
2652 4967 2973 5028 Tzimiscae
3021 4987 3134 5047 per
3184 4969 3501 5029 Orientem
3545 4969 3649 5049 (98
3697 4970 3870 5048 sqq.)

452 5050 784 5109 commode
840 5051 918 5109 ab
993 5053 1103 5113 illo
1172 5061 1438 5137 exponi.
1526 5062 1757 5122 bellum
1827 5063 2554 5141 Sphendosthlabianum
2637 5065 2770 5124 fuse
2841 5083 3094 5144 quoque
3169 5083 3242 5126 ac
3317 5065 3691 5146 diligenter.
3779 5069 3867 5126 De

451 5146 813 5224 Nicephoro
872 5148 1129 5226 perjurii
1186 5172 1328 5226 reo,
1385 5157 1496 5230 25,
1560 5161 1709 5219 satis
1768 5179 1998 5238 magna
2055 5161 2386 5232 libertate,
2465 5161 2542 5222 de
2597 5161 2898 5222 Tzimisce
2955 5162 3144 5242 hujus
3213 5181 3580 5242 percussore
3655 5182 3869 5225 severe

450 5249 514 5303 et
565 5242 811 5302 fortiter
877 5245 1158 5322 scripsit,
1222 5257 1289 5310 ut
1343 5253 1661 5316 hominem
1723 5259 1876 5317 recti
1933 5258 2307 5337 honestique
2374 5258 2724 5318 studiosum
2779 5258 2962 5320 facile
3019 5279 3364 5338 agnoscas.
3400 5263 3686 5341 Denique
3714 5268 3874 5323 Leo-

448 5359 623 5412 nem,
705 5342 1093 5440 temporibus
1154 5348 1393 5410 miseris
1469 5359 1531 5412 et
1586 5356 1767 5415 cmcis
1836 5356 1916 5416 ad
1985 5356 2314 5417 historiam
2387 5375 2452 5417 se
2519 5357 2980 5430 conferentem,
3051 5359 3266 5438 inique
3337 5377 3667 5440 compares
3727 5378 3869 5420 cum

446 5437 1035 5517 pronuntiatoribus
1115 5461 1322 5506 rerum
1393 5457 1714 5527 gestarum
1781 5453 2044 5514 ﬂorente
2110 5453 2386 5527 Graecia,
2467 5455 2575 5533 qui
2637 5454 3019 5516 curriculum
3097 5437 3267 5518 nacti
3336 5437 3610 5532 felicius,
3673 5475 3866 5519 aurea

447 5534 752 5634 orationis
809 5534 1108 5634 facultate
1145 5543 1239 5602 usi
1299 5547 1411 5606 toti
1470 5553 1778 5610 terrarum
1811 5549 1948 5610 orbi
1984 5555 2176 5630 atque
2203 5551 2498 5612 omnibus
2527 5551 2774 5612 saeculis
2821 5551 3200 5632 cognitionis
3229 5559 3290 5616 et
3315 5553 3699 5634 eloquentiae
3731 5554 3863 5616 cla-

443 5633 694 5696 rissima
733 5631 974 5693 lumina
1014 5641 1362 5705 accendere
1393 5651 1755 5725 potuerunt.
1791 5650 2014 5709 Noster
2043 5646 2303 5727 judicio,
2339 5649 2650 5725 doctrina,
2683 5668 2912 5730 genere
2945 5649 3220 5724 dicendi,
3255 5631 3608 5734 exprimere
3649 5653 3866 5717 debuit

513 5749 658 5805 Vide
689 5748 943 5806 indicem
986 5758 1056 5805 νο
1084 5754 1351 5826 Agathias
1403 5761 1561 5818 Enrr.
1597 5763 1767 5820 Pyra.
