  <div class='ocr_page' id='page_1' title='image "/cluster/home/n/w/nwhite01/storage/ocr_20150623/117/mdp.39015038086818/330.png"; bbox 0 0 4202 6314; ppageno 0'>
   <div class='ocr_carea' id='block_1_1' title="bbox 374 295 3783 368">
    <p class='ocr_par' dir='ltr' id='par_1_1' title="bbox 374 295 3783 368">
     <span class='ocr_line' id='line_1_1' title="bbox 374 295 3783 368; baseline 0.005 -19"><span class='ocrx_word' id='word_1_1' title='bbox 374 303 491 362; x_wconf 62' lang='lat'>645</span> <span class='ocrx_word' id='word_1_2' title='bbox 1661 298 1728 356; x_wconf 93' lang='lat' dir='ltr'>C.</span> <span class='ocrx_word' id='word_1_3' title='bbox 1774 297 1842 358; x_wconf 91' lang='lat' dir='ltr'>B.</span> <span class='ocrx_word' id='word_1_4' title='bbox 1892 295 2102 357; x_wconf 86' lang='lat' dir='ltr'><strong>HASlI</strong></span> <span class='ocrx_word' id='word_1_5' title='bbox 2145 298 2570 361; x_wconf 72' lang='lat' dir='ltr'>PH/EFATIO</span> <span class='ocrx_word' id='word_1_6' title='bbox 3663 308 3783 368; x_wconf 76' lang='lat'>646</span> 
     </span>
    </p>
   </div>
   <div class='ocr_carea' id='block_1_2' title="bbox 370 422 3784 511">
    <p class='ocr_par' dir='ltr' id='par_1_2' title="bbox 370 422 3784 511">
     <span class='ocr_line' id='line_1_2' title="bbox 370 422 3784 511; baseline 0.002 -25"><span class='ocrx_word' id='word_1_7' title='bbox 370 432 729 506; x_wconf 83' lang='lat' dir='ltr'>temporum</span> <span class='ocrx_word' id='word_1_8' title='bbox 776 443 1034 486; x_wconf 90' lang='lat' dir='ltr'>suorum</span> <span class='ocrx_word' id='word_1_9' title='bbox 1085 423 1454 502; x_wconf 83' lang='lat' dir='ltr'>imaginem.</span> <span class='ocrx_word' id='word_1_10' title='bbox 1490 423 1913 502; x_wconf 80' lang='lat' dir='ltr'>Quapropter,</span> <span class='ocrx_word' id='word_1_11' title='bbox 1965 422 2156 484; x_wconf 90' lang='lat' dir='ltr'>modo</span> <span class='ocrx_word' id='word_1_12' title='bbox 2215 423 2417 485; x_wconf 89' lang='lat' dir='ltr'>lucem</span> <span class='ocrx_word' id='word_1_13' title='bbox 2471 424 2667 486; x_wconf 81' lang='lat' dir='ltr'><strong>addat</strong></span> <span class='ocrx_word' id='word_1_14' title='bbox 2729 425 2914 486; x_wconf 86' lang='lat' dir='ltr'>rebus</span> <span class='ocrx_word' id='word_1_15' title='bbox 2971 443 3044 486; x_wconf 90' lang='lat' dir='ltr'>ea</span> <span class='ocrx_word' id='word_1_16' title='bbox 3104 431 3292 488; x_wconf 90' lang='lat' dir='ltr'>atate</span> <span class='ocrx_word' id='word_1_17' title='bbox 3345 430 3536 506; x_wconf 88' lang='lat' dir='ltr'>gestis</span> <span class='ocrx_word' id='word_1_18' title='bbox 3583 432 3784 511; x_wconf 90' lang='lat' dir='ltr'>(quod</span> 
     </span>
    </p>
   </div>
   <div class='ocr_carea' id='block_1_3' title="bbox 369 518 3781 607">
    <p class='ocr_par' dir='ltr' id='par_1_3' title="bbox 369 518 3781 607">
     <span class='ocr_line' id='line_1_3' title="bbox 369 518 3781 607; baseline 0.001 -23"><span class='ocrx_word' id='word_1_19' title='bbox 369 524 652 604; x_wconf 86' lang='lat' dir='ltr'>profecto</span> <span class='ocrx_word' id='word_1_20' title='bbox 719 522 923 600; x_wconf 88' lang='lat' dir='ltr'>facit),</span> <span class='ocrx_word' id='word_1_21' title='bbox 1004 522 1188 583; x_wconf 80' lang='lat' dir='ltr'>facile</span> <span class='ocrx_word' id='word_1_22' title='bbox 1243 523 1522 582; x_wconf 86' lang='lat' dir='ltr'>feramus</span> <span class='ocrx_word' id='word_1_23' title='bbox 1573 538 1719 580; x_wconf 91' lang='lat' dir='ltr'>eum</span> <span class='ocrx_word' id='word_1_24' title='bbox 1769 518 2128 598; x_wconf 88' lang='lat' dir='ltr'>astrologia</span> <span class='ocrx_word' id='word_1_25' title='bbox 2204 522 2390 583; x_wconf 84' lang='lat' dir='ltr'>ﬁdem</span> <span class='ocrx_word' id='word_1_26' title='bbox 2449 523 2765 597; x_wconf 83' lang='lat' dir='ltr'>habuisse,</span> <span class='ocrx_word' id='word_1_27' title='bbox 2829 526 2968 598; x_wconf 73' lang='lat'>104,</span> <span class='ocrx_word' id='word_1_28' title='bbox 3020 525 3312 603; x_wconf 80' lang='lat' dir='ltr'>exiguam</span> <span class='ocrx_word' id='word_1_29' title='bbox 3373 528 3781 607; x_wconf 86' lang='lat' dir='ltr'>geographia</span> 
     </span>
    </p>
   </div>
   <div class='ocr_carea' id='block_1_4' title="bbox 365 618 3780 705">
    <p class='ocr_par' dir='ltr' id='par_1_4' title="bbox 365 618 3780 705">
     <span class='ocr_line' id='line_1_4' title="bbox 365 618 3780 705; baseline 0.001 -22"><span class='ocrx_word' id='word_1_30' title='bbox 365 623 654 684; x_wconf 77' lang='lat' dir='ltr'>notitiam</span> <span class='ocrx_word' id='word_1_31' title='bbox 689 621 976 701; x_wconf 84' lang='lat' dir='ltr'>prodere,</span> <span class='ocrx_word' id='word_1_32' title='bbox 1009 622 1108 699; x_wconf 90' lang='lat'>80,</span> <span class='ocrx_word' id='word_1_33' title='bbox 1146 619 1424 680; x_wconf 90' lang='lat' dir='ltr'>historia</span> <span class='ocrx_word' id='word_1_34' title='bbox 1457 618 1701 692; x_wconf 88' lang='lat' dir='ltr'>veteris,</span> <span class='ocrx_word' id='word_1_35' title='bbox 1736 618 2172 698; x_wconf 85' lang='lat' dir='ltr'>92.—Polybii</span> <span class='ocrx_word' id='word_1_36' title='bbox 2205 638 2467 680; x_wconf 88' lang='lat' dir='ltr'>acumen</span> <span class='ocrx_word' id='word_1_37' title='bbox 2507 622 2828 701; x_wconf 79' lang='lat' dir='ltr'>miramur,</span> <span class='ocrx_word' id='word_1_38' title='bbox 2866 623 3184 684; x_wconf 83' lang='lat' dir='ltr'>Plutarchi</span> <span class='ocrx_word' id='word_1_39' title='bbox 3220 624 3482 702; x_wconf 90' lang='lat' dir='ltr'>litteras,</span> <span class='ocrx_word' id='word_1_40' title='bbox 3534 627 3780 705; x_wconf 89' lang='lat' dir='ltr'>copiam</span> 
     </span>
    </p>
   </div>
   <div class='ocr_carea' id='block_1_5' title="bbox 369 713 3779 801">
    <p class='ocr_par' dir='ltr' id='par_1_5' title="bbox 369 713 3779 801">
     <span class='ocr_line' id='line_1_5' title="bbox 369 713 3779 801; baseline 0.001 -22"><span class='ocrx_word' id='word_1_41' title='bbox 369 717 724 780; x_wconf 89' lang='lat' dir='ltr'>Strabonis.</span> <span class='ocrx_word' id='word_1_42' title='bbox 761 717 877 789; x_wconf 88' lang='lat' dir='ltr'>Qui</span> <span class='ocrx_word' id='word_1_43' title='bbox 911 716 1071 776; x_wconf 91' lang='lat' dir='ltr'>tanti</span> <span class='ocrx_word' id='word_1_44' title='bbox 1130 715 1247 775; x_wconf 90' lang='lat' dir='ltr'>viri</span> <span class='ocrx_word' id='word_1_45' title='bbox 1306 719 1498 793; x_wconf 87' lang='lat' dir='ltr'>atque</span> <span class='ocrx_word' id='word_1_46' title='bbox 1558 715 1740 787; x_wconf 85' lang='lat' dir='ltr'>tales,</span> <span class='ocrx_word' id='word_1_47' title='bbox 1800 713 2108 792; x_wconf 88' lang='lat' dir='ltr'>prasidiis</span> <span class='ocrx_word' id='word_1_48' title='bbox 2164 715 2489 794; x_wconf 82' lang='lat' dir='ltr'>sapientia</span> <span class='ocrx_word' id='word_1_49' title='bbox 2549 717 2974 796; x_wconf 89' lang='lat' dir='ltr'>circumsepti,</span> <span class='ocrx_word' id='word_1_50' title='bbox 3037 717 3089 776; x_wconf 89' lang='lat' dir='ltr'>si</span> <span class='ocrx_word' id='word_1_51' title='bbox 3145 737 3388 779; x_wconf 86' lang='lat' dir='ltr'>errores</span> <span class='ocrx_word' id='word_1_52' title='bbox 3439 721 3779 801; x_wconf 87' lang='lat' dir='ltr'>deponere,</span> 
     </span>
    </p>
   </div>
   <div class='ocr_carea' id='block_1_6' title="bbox 369 813 3779 898">
    <p class='ocr_par' dir='ltr' id='par_1_6' title="bbox 369 813 3779 898">
     <span class='ocr_line' id='line_1_6' title="bbox 369 813 3779 898; baseline 0.001 -20"><span class='ocrx_word' id='word_1_53' title='bbox 369 818 583 898; x_wconf 88' lang='lat' dir='ltr'>lapsus</span> <span class='ocrx_word' id='word_1_54' title='bbox 608 817 804 878; x_wconf 89' lang='lat' dir='ltr'>vitare</span> <span class='ocrx_word' id='word_1_55' title='bbox 839 834 1056 877; x_wconf 89' lang='lat' dir='ltr'>omnes</span> <span class='ocrx_word' id='word_1_56' title='bbox 1085 833 1212 876; x_wconf 91' lang='lat' dir='ltr'>non</span> <span class='ocrx_word' id='word_1_57' title='bbox 1255 819 1616 894; x_wconf 91' lang='lat' dir='ltr'>potuerunt,</span> <span class='ocrx_word' id='word_1_58' title='bbox 1653 813 1794 892; x_wconf 88' lang='lat' dir='ltr'>quis</span> <span class='ocrx_word' id='word_1_59' title='bbox 1844 819 1974 874; x_wconf 90' lang='lat' dir='ltr'>tam</span> <span class='ocrx_word' id='word_1_60' title='bbox 2007 813 2182 874; x_wconf 89' lang='lat' dir='ltr'>rudis</span> <span class='ocrx_word' id='word_1_61' title='bbox 2229 821 2323 875; x_wconf 89' lang='lat' dir='ltr'>est</span> <span class='ocrx_word' id='word_1_62' title='bbox 2367 821 2721 895; x_wconf 87' lang='lat' dir='ltr'>temporum</span> <span class='ocrx_word' id='word_1_63' title='bbox 2774 816 3285 896; x_wconf 76' lang='lat' dir='ltr'>Byzantinorum,</span> <span class='ocrx_word' id='word_1_64' title='bbox 3347 820 3454 898; x_wconf 85' lang='lat' dir='ltr'>qui</span> <span class='ocrx_word' id='word_1_65' title='bbox 3502 824 3779 882; x_wconf 91' lang='lat' dir='ltr'>Leonem</span> 
     </span>
    </p>
   </div>
   <div class='ocr_carea' id='block_1_7' title="bbox 369 915 1017 996">
    <p class='ocr_par' dir='ltr' id='par_1_7' title="bbox 369 915 1017 996">
     <span class='ocr_line' id='line_1_7' title="bbox 369 915 1017 996; baseline -0.005 -19"><span class='ocrx_word' id='word_1_66' title='bbox 369 917 432 977; x_wconf 90' lang='lat' dir='ltr'>id</span> <span class='ocrx_word' id='word_1_67' title='bbox 463 917 742 996; x_wconf 91' lang='lat' dir='ltr'>potuisse</span> <span class='ocrx_word' id='word_1_68' title='bbox 793 915 1017 995; x_wconf 86' lang='lat' dir='ltr'>putet?</span> 
     </span>
    </p>
   </div>
   <div class='ocr_carea' id='block_1_8' title="bbox 450 1027 3782 1110">
    <p class='ocr_par' dir='ltr' id='par_1_8' title="bbox 450 1027 3782 1110">
     <span class='ocr_line' id='line_1_8' title="bbox 450 1027 3782 1110; baseline 0.002 -20"><span class='ocrx_word' id='word_1_69' title='bbox 450 1032 553 1092; x_wconf 92' lang='lat' dir='ltr'><strong>IX.</strong></span> <span class='ocrx_word' id='word_1_70' title='bbox 615 1033 792 1092; x_wconf 88' lang='lat' dir='ltr'>Hunc</span> <span class='ocrx_word' id='word_1_71' title='bbox 872 1031 1087 1109; x_wconf 87' lang='lat' dir='ltr'>igitur,</span> <span class='ocrx_word' id='word_1_72' title='bbox 1177 1029 1288 1090; x_wconf 90' lang='lat' dir='ltr'>illa</span> <span class='ocrx_word' id='word_1_73' title='bbox 1357 1029 1589 1089; x_wconf 87' lang='lat' dir='ltr'>virtute</span> <span class='ocrx_word' id='word_1_74' title='bbox 1673 1027 1996 1098; x_wconf 88' lang='lat' dir='ltr'>historica,</span> <span class='ocrx_word' id='word_1_75' title='bbox 2057 1047 2448 1110; x_wconf 78' lang='lat' dir='ltr'>quacunque</span> <span class='ocrx_word' id='word_1_76' title='bbox 2512 1037 2626 1109; x_wconf 88' lang='lat' dir='ltr'>est,</span> <span class='ocrx_word' id='word_1_77' title='bbox 2689 1031 3048 1110; x_wconf 86' lang='lat' dir='ltr'>praditum,</span> <span class='ocrx_word' id='word_1_78' title='bbox 3114 1034 3334 1108; x_wconf 82' lang='lat' dir='ltr'><strong>[XXII]</strong></span> <span class='ocrx_word' id='word_1_79' title='bbox 3387 1037 3782 1098; x_wconf 84' lang='lat' dir='ltr'>conservavit</span> 
     </span>
    </p>
   </div>
   <div class='ocr_carea' id='block_1_9' title="bbox 387 1125 3780 1207">
    <p class='ocr_par' dir='ltr' id='par_1_9' title="bbox 387 1125 3780 1207">
     <span class='ocr_line' id='line_1_9' title="bbox 387 1125 3780 1207; baseline 0.002 -18"><span class='ocrx_word' id='word_1_80' title='bbox 387 1129 567 1189; x_wconf 86' lang='lat' dir='ltr'>nobis</span> <span class='ocrx_word' id='word_1_81' title='bbox 625 1148 786 1189; x_wconf 84' lang='lat' dir='ltr'>unus</span> <span class='ocrx_word' id='word_1_82' title='bbox 845 1127 1103 1188; x_wconf 89' lang='lat' dir='ltr'>omnino</span> <span class='ocrx_word' id='word_1_83' title='bbox 1160 1127 1362 1189; x_wconf 80' lang='lat' dir='ltr'>codex</span> <span class='ocrx_word' id='word_1_84' title='bbox 1416 1125 1821 1188; x_wconf 89' lang='lat' dir='ltr'>Bibliotheca</span> <span class='ocrx_word' id='word_1_85' title='bbox 1893 1125 2128 1204; x_wconf 89' lang='lat' dir='ltr'>Regia,</span> <span class='ocrx_word' id='word_1_86' title='bbox 2213 1127 2496 1206; x_wconf 81' lang='lat' dir='ltr'>signatus</span> <span class='ocrx_word' id='word_1_87' title='bbox 2561 1129 2734 1207; x_wconf 89' lang='lat' dir='ltr'>prius</span> <span class='ocrx_word' id='word_1_88' title='bbox 2791 1129 2970 1204; x_wconf 84' lang='grc'>2561,</span> <span class='ocrx_word' id='word_1_89' title='bbox 3034 1150 3200 1192; x_wconf 89' lang='lat' dir='ltr'>nunc</span> <span class='ocrx_word' id='word_1_90' title='bbox 3253 1132 3428 1206; x_wconf 77' lang='lat'>1712,</span> <span class='ocrx_word' id='word_1_91' title='bbox 3491 1135 3641 1195; x_wconf 92' lang='lat' dir='ltr'>olim</span> <span class='ocrx_word' id='word_1_92' title='bbox 3713 1135 3780 1195; x_wconf 89' lang='lat' dir='ltr'>in</span> 
     </span>
    </p>
   </div>
   <div class='ocr_carea' id='block_1_10' title="bbox 373 1225 3771 1308">
    <p class='ocr_par' dir='ltr' id='par_1_10' title="bbox 373 1225 3771 1308">
     <span class='ocr_line' id='line_1_10' title="bbox 373 1225 3771 1308; baseline 0.002 -21"><span class='ocrx_word' id='word_1_93' title='bbox 373 1226 760 1307; x_wconf 86' lang='lat' dir='ltr'>supellectile</span> <span class='ocrx_word' id='word_1_94' title='bbox 832 1227 1141 1287; x_wconf 87' lang='lat' dir='ltr'>lilteraria</span> <span class='ocrx_word' id='word_1_95' title='bbox 1220 1225 1558 1304; x_wconf 83' lang='lat' dir='ltr'>Raphaelis</span> <span class='ocrx_word' id='word_1_96' title='bbox 1632 1225 1910 1284; x_wconf 90' lang='lat' dir='ltr'>Tricheti</span> <span class='ocrx_word' id='word_1_97' title='bbox 1981 1225 2065 1284; x_wconf 94' lang='lat' dir='ltr'>du</span> <span class='ocrx_word' id='word_1_98' title='bbox 2171 1228 2468 1287; x_wconf 88' lang='lat' dir='ltr'>Fresne:</span> <span class='ocrx_word' id='word_1_99' title='bbox 2545 1227 2655 1306; x_wconf 92' lang='lat' dir='ltr'>qui</span> <span class='ocrx_word' id='word_1_100' title='bbox 2711 1229 3010 1288; x_wconf 88' lang='lat' dir='ltr'>causidici</span> <span class='ocrx_word' id='word_1_101' title='bbox 3061 1230 3532 1308; x_wconf 88' lang='lat' dir='ltr'>Burdigalensis</span> <span class='ocrx_word' id='word_1_102' title='bbox 3582 1232 3771 1305; x_wconf 86' lang='lat' dir='ltr'>ﬁlius,</span> 
     </span>
    </p>
   </div>
   <div class='ocr_carea' id='block_1_11' title="bbox 373 1325 3780 1408">
    <p class='ocr_par' dir='ltr' id='par_1_11' title="bbox 373 1325 3780 1408">
     <span class='ocr_line' id='line_1_11' title="bbox 373 1325 3780 1408; baseline 0.002 -21"><span class='ocrx_word' id='word_1_103' title='bbox 373 1346 514 1388; x_wconf 93' lang='lat' dir='ltr'>cum</span> <span class='ocrx_word' id='word_1_104' title='bbox 601 1345 832 1405; x_wconf 88' lang='lat' dir='ltr'>magno</span> <span class='ocrx_word' id='word_1_105' title='bbox 892 1327 1225 1387; x_wconf 91' lang='lat' dir='ltr'>duceretur</span> <span class='ocrx_word' id='word_1_106' title='bbox 1299 1325 1602 1386; x_wconf 91' lang='lat' dir='ltr'>librorum</span> <span class='ocrx_word' id='word_1_107' title='bbox 1680 1325 2208 1402; x_wconf 89' lang='lat' dir='ltr'>acquirendorum</span> <span class='ocrx_word' id='word_1_108' title='bbox 2287 1326 2519 1400; x_wconf 89' lang='lat' dir='ltr'>studio,</span> <span class='ocrx_word' id='word_1_109' title='bbox 2597 1327 2928 1406; x_wconf 87' lang='lat' dir='ltr'>Hispanias</span> <span class='ocrx_word' id='word_1_110' title='bbox 2995 1329 3370 1408; x_wconf 89' lang='lat' dir='ltr'>Italiamque</span> <span class='ocrx_word' id='word_1_111' title='bbox 3435 1332 3629 1392; x_wconf 90' lang='lat' dir='ltr'>semel</span> <span class='ocrx_word' id='word_1_112' title='bbox 3719 1339 3780 1393; x_wconf 90' lang='lat' dir='ltr'>et</span> 
     </span>
    </p>
   </div>
   <div class='ocr_carea' id='block_1_12' title="bbox 369 1422 3776 1508">
    <p class='ocr_par' dir='ltr' id='par_1_12' title="bbox 369 1422 3776 1508">
     <span class='ocr_line' id='line_1_12' title="bbox 369 1422 3776 1508; baseline 0.001 -21"><span class='ocrx_word' id='word_1_113' title='bbox 369 1427 602 1505; x_wconf 87' lang='lat' dir='ltr'>sapius</span> <span class='ocrx_word' id='word_1_114' title='bbox 675 1430 979 1504; x_wconf 87' lang='lat' dir='ltr'>regnante</span> <span class='ocrx_word' id='word_1_115' title='bbox 1053 1423 1369 1485; x_wconf 91' lang='lat' dir='ltr'>Ludovico</span> <span class='ocrx_word' id='word_1_116' title='bbox 1425 1423 1552 1483; x_wconf 90' lang='lat' dir='ltr'>Xlll</span> <span class='ocrx_word' id='word_1_117' title='bbox 1614 1441 1761 1500; x_wconf 90' lang='lat' dir='ltr'>rege</span> <span class='ocrx_word' id='word_1_118' title='bbox 1815 1422 2348 1484; x_wconf 87' lang='lat' dir='ltr'>Christianissimo</span> <span class='ocrx_word' id='word_1_119' title='bbox 2407 1424 2494 1484; x_wconf 90' lang='lat' dir='ltr'>sic</span> <span class='ocrx_word' id='word_1_120' title='bbox 2556 1425 2820 1499; x_wconf 87' lang='lat' dir='ltr'>obierat,</span> <span class='ocrx_word' id='word_1_121' title='bbox 2883 1432 2972 1500; x_wconf 91' lang='lat' dir='ltr'>ut,</span> <span class='ocrx_word' id='word_1_122' title='bbox 3022 1427 3318 1506; x_wconf 87' lang='lat' dir='ltr'>inspectis</span> <span class='ocrx_word' id='word_1_123' title='bbox 3378 1430 3607 1508; x_wconf 91' lang='lat' dir='ltr'>passim</span> <span class='ocrx_word' id='word_1_124' title='bbox 3660 1430 3776 1492; x_wconf 92' lang='lat' dir='ltr'>ho-</span> 
     </span>
    </p>
   </div>
   <div class='ocr_carea' id='block_1_13' title="bbox 377 1520 3776 1602">
    <p class='ocr_par' dir='ltr' id='par_1_13' title="bbox 377 1520 3776 1602">
     <span class='ocr_line' id='line_1_13' title="bbox 377 1520 3776 1602; baseline 0.001 -15"><span class='ocrx_word' id='word_1_125' title='bbox 377 1527 620 1587; x_wconf 89' lang='lat' dir='ltr'>minum</span> <span class='ocrx_word' id='word_1_126' title='bbox 706 1523 1146 1585; x_wconf 89' lang='lat' dir='ltr'>historicorum</span> <span class='ocrx_word' id='word_1_127' title='bbox 1224 1522 1517 1598; x_wconf 88' lang='lat' dir='ltr'>librariis,</span> <span class='ocrx_word' id='word_1_128' title='bbox 1596 1520 1915 1600; x_wconf 87' lang='lat' dir='ltr'>propriam</span> <span class='ocrx_word' id='word_1_129' title='bbox 1993 1521 2440 1582; x_wconf 90' lang='lat' dir='ltr'>bibliothecam</span> <span class='ocrx_word' id='word_1_130' title='bbox 2501 1523 2888 1602; x_wconf 89' lang='lat' dir='ltr'>locupletare</span> <span class='ocrx_word' id='word_1_131' title='bbox 2953 1525 3099 1585; x_wconf 92' lang='lat' dir='ltr'>inde</span> <span class='ocrx_word' id='word_1_132' title='bbox 3139 1533 3496 1587; x_wconf 87' lang='lat' dir='ltr'>conaretur.</span> <span class='ocrx_word' id='word_1_133' title='bbox 3575 1531 3630 1588; x_wconf 89' lang='lat' dir='ltr'>Is</span> <span class='ocrx_word' id='word_1_134' title='bbox 3700 1547 3776 1589; x_wconf 89' lang='lat' dir='ltr'>ex</span> 
     </span>
    </p>
   </div>
   <div class='ocr_carea' id='block_1_14' title="bbox 374 1618 3771 1700">
    <p class='ocr_par' dir='ltr' id='par_1_14' title="bbox 374 1618 3771 1700">
     <span class='ocr_line' id='line_1_14' title="bbox 374 1618 3771 1700; baseline 0 -15"><span class='ocrx_word' id='word_1_135' title='bbox 374 1624 560 1685; x_wconf 89' lang='lat' dir='ltr'>Italia</span> <span class='ocrx_word' id='word_1_136' title='bbox 591 1621 760 1682; x_wconf 89' lang='lat' dir='ltr'>hunc</span> <span class='ocrx_word' id='word_1_137' title='bbox 819 1621 1095 1682; x_wconf 90' lang='lat' dir='ltr'>codicem</span> <span class='ocrx_word' id='word_1_138' title='bbox 1130 1621 1189 1680; x_wconf 93' lang='lat' dir='ltr'>in</span> <span class='ocrx_word' id='word_1_139' title='bbox 1225 1619 1488 1680; x_wconf 77' lang='lat' dir='ltr'>Galliam</span> <span class='ocrx_word' id='word_1_140' title='bbox 1550 1618 1928 1697; x_wconf 90' lang='lat' dir='ltr'>deportavit,</span> <span class='ocrx_word' id='word_1_141' title='bbox 1969 1624 2239 1679; x_wconf 88' lang='lat' dir='ltr'>testante</span> <span class='ocrx_word' id='word_1_142' title='bbox 2271 1620 2644 1681; x_wconf 82' lang='lat' dir='ltr'>Combeﬁsio</span> <span class='ocrx_word' id='word_1_143' title='bbox 2677 1621 2915 1699; x_wconf 88' lang='lat' dir='ltr'>Origin.</span> <span class='ocrx_word' id='word_1_144' title='bbox 2952 1623 3125 1700; x_wconf 86' lang='lat' dir='ltr'>Cpol.</span> <span class='ocrx_word' id='word_1_145' title='bbox 3158 1623 3297 1683; x_wconf 76' lang='grc'>265.</span> <span class='ocrx_word' id='word_1_146' title='bbox 3336 1623 3570 1685; x_wconf 91' lang='lat' dir='ltr'>Deinde</span> <span class='ocrx_word' id='word_1_147' title='bbox 3627 1643 3771 1685; x_wconf 90' lang='lat' dir='ltr'>cum</span> 
     </span>
    </p>
   </div>
   <div class='ocr_carea' id='block_1_15' title="bbox 374 1715 3780 1797">
    <p class='ocr_par' dir='ltr' id='par_1_15' title="bbox 374 1715 3780 1797">
     <span class='ocr_line' id='line_1_15' title="bbox 374 1715 3780 1797; baseline 0 -14"><span class='ocrx_word' id='word_1_148' title='bbox 374 1723 507 1784; x_wconf 88' lang='lat' dir='ltr'>vita</span> <span class='ocrx_word' id='word_1_149' title='bbox 568 1719 938 1782; x_wconf 84' lang='lat' dir='ltr'>excessisset</span> <span class='ocrx_word' id='word_1_150' title='bbox 989 1717 1340 1796; x_wconf 88' lang='lat' dir='ltr'>Trichetus,</span> <span class='ocrx_word' id='word_1_151' title='bbox 1396 1720 1456 1778; x_wconf 91' lang='lat' dir='ltr'>J.</span> <span class='ocrx_word' id='word_1_152' title='bbox 1516 1717 1585 1777; x_wconf 94' lang='lat' dir='ltr'>B.</span> <span class='ocrx_word' id='word_1_153' title='bbox 1648 1715 1998 1788; x_wconf 91' lang='lat' dir='ltr'>Colbertus,</span> <span class='ocrx_word' id='word_1_154' title='bbox 2059 1717 2377 1778; x_wconf 85' lang='lat' dir='ltr'>Ludovico</span> <span class='ocrx_word' id='word_1_155' title='bbox 2433 1718 2564 1778; x_wconf 85' lang='lat' dir='ltr'>XIV</span> <span class='ocrx_word' id='word_1_156' title='bbox 2623 1720 2846 1797; x_wconf 91' lang='lat' dir='ltr'>Magno</span> <span class='ocrx_word' id='word_1_157' title='bbox 2905 1720 2984 1780; x_wconf 89' lang='lat' dir='ltr'>ab</span> <span class='ocrx_word' id='word_1_158' title='bbox 3058 1720 3297 1781; x_wconf 88' lang='lat' dir='ltr'>intimis</span> <span class='ocrx_word' id='word_1_159' title='bbox 3373 1723 3650 1782; x_wconf 89' lang='lat' dir='ltr'>consiliis</span> <span class='ocrx_word' id='word_1_160' title='bbox 3715 1730 3780 1785; x_wconf 91' lang='lat' dir='ltr'>et</span> 
     </span>
    </p>
   </div>
   <div class='ocr_carea' id='block_1_16' title="bbox 375 1813 3783 1899">
    <p class='ocr_par' dir='ltr' id='par_1_16' title="bbox 375 1813 3783 1899">
     <span class='ocr_line' id='line_1_16' title="bbox 375 1813 3783 1899; baseline 0 -18"><span class='ocrx_word' id='word_1_161' title='bbox 375 1818 691 1899; x_wconf 88' lang='lat' dir='ltr'>generalis</span> <span class='ocrx_word' id='word_1_162' title='bbox 723 1817 930 1878; x_wconf 89' lang='lat' dir='ltr'>ararii</span> <span class='ocrx_word' id='word_1_163' title='bbox 958 1817 1338 1892; x_wconf 86' lang='lat' dir='ltr'>moderator,</span> <span class='ocrx_word' id='word_1_164' title='bbox 1390 1813 1569 1893; x_wconf 91' lang='lat' dir='ltr'>cujus</span> <span class='ocrx_word' id='word_1_165' title='bbox 1623 1815 1998 1874; x_wconf 89' lang='lat' dir='ltr'>immortalis</span> <span class='ocrx_word' id='word_1_166' title='bbox 2055 1814 2209 1874; x_wconf 83' lang='lat' dir='ltr'>vivit</span> <span class='ocrx_word' id='word_1_167' title='bbox 2268 1815 2554 1894; x_wconf 81' lang='lat' dir='ltr'>vivetque</span> <span class='ocrx_word' id='word_1_168' title='bbox 2614 1817 2694 1876; x_wconf 91' lang='lat' dir='ltr'>ob</span> <span class='ocrx_word' id='word_1_169' title='bbox 2743 1817 3045 1878; x_wconf 78' lang='lat' dir='ltr'>beneficia</span> <span class='ocrx_word' id='word_1_170' title='bbox 3103 1818 3164 1878; x_wconf 91' lang='lat' dir='ltr'>in</span> <span class='ocrx_word' id='word_1_171' title='bbox 3223 1818 3487 1879; x_wconf 90' lang='lat' dir='ltr'>Galliam</span> <span class='ocrx_word' id='word_1_172' title='bbox 3547 1821 3783 1882; x_wconf 89' lang='lat' dir='ltr'>collata</span> 
     </span>
    </p>
   </div>
   <div class='ocr_carea' id='block_1_17' title="bbox 375 1911 3778 1991">
    <p class='ocr_par' dir='ltr' id='par_1_17' title="bbox 375 1911 3778 1991">
     <span class='ocr_line' id='line_1_17' title="bbox 375 1911 3778 1991; baseline 0 -12"><span class='ocrx_word' id='word_1_173' title='bbox 375 1917 704 1989; x_wconf 89' lang='lat' dir='ltr'>memoria,</span> <span class='ocrx_word' id='word_1_174' title='bbox 781 1915 934 1976; x_wconf 89' lang='lat' dir='ltr'>emit</span> <span class='ocrx_word' id='word_1_175' title='bbox 1009 1915 1086 1974; x_wconf 93' lang='lat' dir='ltr'>de</span> <span class='ocrx_word' id='word_1_176' title='bbox 1161 1914 1350 1974; x_wconf 90' lang='lat' dir='ltr'>vidua</span> <span class='ocrx_word' id='word_1_177' title='bbox 1424 1914 1488 1972; x_wconf 91' lang='lat' dir='ltr'>in</span> <span class='ocrx_word' id='word_1_178' title='bbox 1545 1911 2129 1991; x_wconf 90' lang='lat' dir='ltr'>Bibliothecamque</span> <span class='ocrx_word' id='word_1_179' title='bbox 2216 1913 2467 1991; x_wconf 76' lang='lat' dir='ltr'>Regiam</span> <span class='ocrx_word' id='word_1_180' title='bbox 2545 1914 2758 1974; x_wconf 91' lang='lat' dir='ltr'>intulit</span> <span class='ocrx_word' id='word_1_181' title='bbox 2829 1933 3012 1976; x_wconf 86' lang='lat' dir='ltr'>omne</span> <span class='ocrx_word' id='word_1_182' title='bbox 3074 1915 3347 1976; x_wconf 89' lang='lat' dir='ltr'>Tricheti</span> <span class='ocrx_word' id='word_1_183' title='bbox 3405 1917 3778 1979; x_wconf 87' lang='lat' dir='ltr'>litterarium</span> 
     </span>
    </p>
   </div>
   <div class='ocr_carea' id='block_1_18' title="bbox 371 2010 3782 2096">
    <p class='ocr_par' dir='ltr' id='par_1_18' title="bbox 371 2010 3782 2096">
     <span class='ocr_line' id='line_1_18' title="bbox 371 2010 3782 2096; baseline 0 -20"><span class='ocrx_word' id='word_1_184' title='bbox 371 2017 892 2076; x_wconf 90' lang='lat' dir='ltr'>instrumentum.</span> <span class='ocrx_word' id='word_1_185' title='bbox 955 2016 1023 2073; x_wconf 89' lang='lat' dir='ltr'>In</span> <span class='ocrx_word' id='word_1_186' title='bbox 1079 2031 1205 2087; x_wconf 92' lang='lat' dir='ltr'>quo</span> <span class='ocrx_word' id='word_1_187' title='bbox 1263 2016 1444 2072; x_wconf 90' lang='lat' dir='ltr'>erant</span> <span class='ocrx_word' id='word_1_188' title='bbox 1501 2010 1644 2070; x_wconf 87' lang='lat' dir='ltr'>libri</span> <span class='ocrx_word' id='word_1_189' title='bbox 1717 2010 2003 2089; x_wconf 82' lang='lat' dir='ltr'>impressi</span> <span class='ocrx_word' id='word_1_190' title='bbox 2067 2029 2331 2072; x_wconf 88' lang='lat' dir='ltr'>numero</span> <span class='ocrx_word' id='word_1_191' title='bbox 2402 2012 2679 2090; x_wconf 87' lang='lat' dir='ltr'>plurimi,</span> <span class='ocrx_word' id='word_1_192' title='bbox 2746 2032 2936 2074; x_wconf 83' lang='lat' dir='ltr'>muss.</span> <span class='ocrx_word' id='word_1_193' title='bbox 3008 2015 3214 2075; x_wconf 89' lang='lat' dir='ltr'>Latini</span> <span class='ocrx_word' id='word_1_194' title='bbox 3273 2016 3564 2076; x_wconf 90' lang='lat' dir='ltr'>etltalici</span> <span class='ocrx_word' id='word_1_195' title='bbox 3639 2017 3782 2096; x_wconf 91' lang='lat' dir='ltr'>plus</span> 
     </span>
    </p>
   </div>
   <div class='ocr_carea' id='block_1_19' title="bbox 372 2107 3774 2191">
    <p class='ocr_par' dir='ltr' id='par_1_19' title="bbox 372 2107 3774 2191">
     <span class='ocr_line' id='line_1_19' title="bbox 372 2107 3774 2191; baseline 0 -18"><span class='ocrx_word' id='word_1_196' title='bbox 372 2113 585 2173; x_wconf 90' lang='lat' dir='ltr'>minus</span> <span class='ocrx_word' id='word_1_197' title='bbox 640 2112 707 2183; x_wconf 92' lang='lat' dir='ltr'>C,</span> <span class='ocrx_word' id='word_1_198' title='bbox 770 2109 968 2172; x_wconf 87' lang='lat' dir='ltr'>Graci</span> <span class='ocrx_word' id='word_1_199' title='bbox 1021 2109 1140 2170; x_wconf 85' lang='lat' dir='ltr'>XL.</span> <span class='ocrx_word' id='word_1_200' title='bbox 1194 2112 1412 2186; x_wconf 91' lang='lat' dir='ltr'>Itaque</span> <span class='ocrx_word' id='word_1_201' title='bbox 1449 2108 1511 2167; x_wconf 91' lang='lat' dir='ltr'>in</span> <span class='ocrx_word' id='word_1_202' title='bbox 1570 2107 1960 2168; x_wconf 86' lang='lat' dir='ltr'>Bibliotheca</span> <span class='ocrx_word' id='word_1_203' title='bbox 2017 2107 2268 2185; x_wconf 88' lang='lat' dir='ltr'>publica</span> <span class='ocrx_word' id='word_1_204' title='bbox 2327 2109 2594 2169; x_wconf 88' lang='lat' dir='ltr'>collatus</span> <span class='ocrx_word' id='word_1_205' title='bbox 2649 2109 2846 2170; x_wconf 84' lang='lat' dir='ltr'>codex</span> <span class='ocrx_word' id='word_1_206' title='bbox 2906 2118 3136 2185; x_wconf 87' lang='lat' dir='ltr'>noster,</span> <span class='ocrx_word' id='word_1_207' title='bbox 3199 2113 3546 2191; x_wconf 86' lang='lat' dir='ltr'>Ducangio,</span> <span class='ocrx_word' id='word_1_208' title='bbox 3607 2115 3774 2174; x_wconf 92' lang='lat' dir='ltr'>Ban-</span> 
     </span>
    </p>
   </div>
   <div class='ocr_carea' id='block_1_20' title="bbox 370 2204 3772 2286">
    <p class='ocr_par' dir='ltr' id='par_1_20' title="bbox 370 2204 3772 2286">
     <span class='ocr_line' id='line_1_20' title="bbox 370 2204 3772 2286; baseline 0 -16"><span class='ocrx_word' id='word_1_209' title='bbox 370 2212 566 2282; x_wconf 93' lang='lat' dir='ltr'>dinio,</span> <span class='ocrx_word' id='word_1_210' title='bbox 645 2207 924 2285; x_wconf 87' lang='lat' dir='ltr'>reliquis,</span> <span class='ocrx_word' id='word_1_211' title='bbox 1003 2225 1162 2286; x_wconf 91' lang='lat' dir='ltr'>quos</span> <span class='ocrx_word' id='word_1_212' title='bbox 1227 2205 1407 2266; x_wconf 89' lang='lat' dir='ltr'>initio</span> <span class='ocrx_word' id='word_1_213' title='bbox 1481 2204 1826 2282; x_wconf 90' lang='lat' dir='ltr'>nominavi,</span> <span class='ocrx_word' id='word_1_214' title='bbox 1904 2204 2203 2265; x_wconf 91' lang='lat' dir='ltr'>innotuit.</span> <span class='ocrx_word' id='word_1_215' title='bbox 2271 2208 2529 2267; x_wconf 88' lang='lat' dir='ltr'>Constat</span> <span class='ocrx_word' id='word_1_216' title='bbox 2600 2227 2744 2267; x_wconf 92' lang='lat' dir='ltr'>vero</span> <span class='ocrx_word' id='word_1_217' title='bbox 2824 2209 2989 2269; x_wconf 84' lang='lat' dir='ltr'>foliis</span> <span class='ocrx_word' id='word_1_218' title='bbox 3067 2211 3566 2271; x_wconf 88' lang='lat' dir='ltr'>membranaceis</span> <span class='ocrx_word' id='word_1_219' title='bbox 3635 2212 3772 2286; x_wconf 74' lang='lat'>422,</span> 
     </span>
    </p>
   </div>
   <div class='ocr_carea' id='block_1_21' title="bbox 365 2301 3767 2384">
    <p class='ocr_par' dir='ltr' id='par_1_21' title="bbox 365 2301 3767 2384">
     <span class='ocr_line' id='line_1_21' title="bbox 365 2301 3767 2384; baseline 0 -16"><span class='ocrx_word' id='word_1_220' title='bbox 365 2305 722 2368; x_wconf 89' lang='lat' dir='ltr'>chartaceis</span> <span class='ocrx_word' id='word_1_221' title='bbox 803 2310 968 2382; x_wconf 92' lang='lat' dir='ltr'>octo,</span> <span class='ocrx_word' id='word_1_222' title='bbox 1041 2304 1370 2364; x_wconf 90' lang='lat' dir='ltr'>continens</span> <span class='ocrx_word' id='word_1_223' title='bbox 1424 2309 1652 2381; x_wconf 91' lang='lat' dir='ltr'>prater</span> <span class='ocrx_word' id='word_1_224' title='bbox 1707 2301 1831 2362; x_wconf 89' lang='lat' dir='ltr'>alia</span> <span class='ocrx_word' id='word_1_225' title='bbox 1890 2301 2149 2362; x_wconf 87' lang='lat' dir='ltr'>minoris</span> <span class='ocrx_word' id='word_1_226' title='bbox 2210 2305 2513 2364; x_wconf 89' lang='lat' dir='ltr'>momenti</span> <span class='ocrx_word' id='word_1_227' title='bbox 2571 2304 2715 2384; x_wconf 89' lang='lat' dir='ltr'>(vid.</span> <span class='ocrx_word' id='word_1_228' title='bbox 2775 2306 2976 2367; x_wconf 89' lang='lat' dir='ltr'>Catal.</span> <span class='ocrx_word' id='word_1_229' title='bbox 3039 2307 3237 2367; x_wconf 85' lang='lat' dir='ltr'>Codd.</span> <span class='ocrx_word' id='word_1_230' title='bbox 3305 2327 3448 2368; x_wconf 89' lang='lat' dir='ltr'>mss.</span> <span class='ocrx_word' id='word_1_231' title='bbox 3529 2313 3767 2369; x_wconf 84' lang='lat' dir='ltr'>Graec.</span> 
     </span>
    </p>
   </div>
   <div class='ocr_carea' id='block_1_22' title="bbox 364 2399 3777 2485">
    <p class='ocr_par' dir='ltr' id='par_1_22' title="bbox 364 2399 3777 2485">
     <span class='ocr_line' id='line_1_22' title="bbox 364 2399 3777 2485; baseline 0.001 -21"><span class='ocrx_word' id='word_1_232' title='bbox 364 2403 529 2465; x_wconf 90' lang='lat' dir='ltr'>Bibl.</span> <span class='ocrx_word' id='word_1_233' title='bbox 608 2406 760 2480; x_wconf 75' lang='lat' dir='ltr'>Iteg.</span> <span class='ocrx_word' id='word_1_234' title='bbox 823 2403 902 2474; x_wconf 93' lang='lat' dir='ltr'>Il,</span> <span class='ocrx_word' id='word_1_235' title='bbox 965 2401 1104 2480; x_wconf 74' lang='lat' dir='ltr'>39f)</span> <span class='ocrx_word' id='word_1_236' title='bbox 1160 2399 1299 2460; x_wconf 91' lang='lat' dir='ltr'>illa:</span> <span class='ocrx_word' id='word_1_237' title='bbox 1375 2401 1465 2480; x_wconf 93' lang='lat'>1.)</span> <span class='ocrx_word' id='word_1_238' title='bbox 1531 2399 1885 2461; x_wconf 84' lang='lat' dir='ltr'>Chronicon</span> <span class='ocrx_word' id='word_1_239' title='bbox 1961 2399 2268 2460; x_wconf 83' lang='lat' dir='ltr'>Simeonis</span> <span class='ocrx_word' id='word_1_240' title='bbox 2336 2401 2700 2478; x_wconf 84' lang='lat' dir='ltr'>Logotheta</span> <span class='ocrx_word' id='word_1_241' title='bbox 2764 2403 3041 2463; x_wconf 89' lang='lat' dir='ltr'>maxima</span> <span class='ocrx_word' id='word_1_242' title='bbox 3099 2412 3278 2482; x_wconf 91' lang='lat' dir='ltr'>parte</span> <span class='ocrx_word' id='word_1_243' title='bbox 3337 2405 3670 2485; x_wconf 89' lang='lat' dir='ltr'>ineditum,</span> <span class='ocrx_word' id='word_1_244' title='bbox 3737 2426 3777 2467; x_wconf 90' lang='lat' dir='ltr'>a</span> 
     </span>
    </p>
   </div>
   <div class='ocr_carea' id='block_1_23' title="bbox 363 2497 3770 2581">
    <p class='ocr_par' dir='ltr' id='par_1_23' title="bbox 363 2497 3770 2581">
     <span class='ocr_line' id='line_1_23' title="bbox 363 2497 3770 2581; baseline 0.001 -19"><span class='ocrx_word' id='word_1_245' title='bbox 363 2503 474 2564; x_wconf 86' lang='lat' dir='ltr'>fol.</span> <span class='ocrx_word' id='word_1_246' title='bbox 530 2505 607 2564; x_wconf 89' lang='grc'>18</span> <span class='ocrx_word' id='word_1_247' title='bbox 652 2520 814 2561; x_wconf 82' lang='lat' dir='ltr'>verso</span> <span class='ocrx_word' id='word_1_248' title='bbox 874 2500 953 2560; x_wconf 91' lang='lat' dir='ltr'>ad</span> <span class='ocrx_word' id='word_1_249' title='bbox 1011 2499 1122 2560; x_wconf 85' lang='lat' dir='ltr'>fol.</span> <span class='ocrx_word' id='word_1_250' title='bbox 1178 2499 1296 2560; x_wconf 73' lang='lat'>272</span> <span class='ocrx_word' id='word_1_251' title='bbox 1354 2508 1620 2573; x_wconf 80' lang='lat' dir='ltr'>rectum;</span> <span class='ocrx_word' id='word_1_252' title='bbox 1677 2497 1764 2578; x_wconf 88' lang='lat'>2.)</span> <span class='ocrx_word' id='word_1_253' title='bbox 1822 2498 2044 2559; x_wconf 90' lang='lat' dir='ltr'>Leonis</span> <span class='ocrx_word' id='word_1_254' title='bbox 2103 2498 2362 2558; x_wconf 88' lang='lat' dir='ltr'>Diaconi</span> <span class='ocrx_word' id='word_1_255' title='bbox 2427 2500 2789 2577; x_wconf 85' lang='lat' dir='ltr'>Historiam,</span> <span class='ocrx_word' id='word_1_256' title='bbox 2848 2521 2989 2581; x_wconf 92' lang='lat' dir='ltr'>qua</span> <span class='ocrx_word' id='word_1_257' title='bbox 3048 2521 3216 2562; x_wconf 91' lang='lat' dir='ltr'>nunc</span> <span class='ocrx_word' id='word_1_258' title='bbox 3269 2503 3503 2581; x_wconf 92' lang='lat' dir='ltr'>prodit,</span> <span class='ocrx_word' id='word_1_259' title='bbox 3565 2524 3602 2564; x_wconf 89' lang='lat' dir='ltr'>a</span> <span class='ocrx_word' id='word_1_260' title='bbox 3658 2504 3770 2565; x_wconf 86' lang='lat' dir='ltr'>fol.</span> 
     </span>
    </p>
   </div>
   <div class='ocr_carea' id='block_1_24' title="bbox 370 2594 3784 2675">
    <p class='ocr_par' dir='ltr' id='par_1_24' title="bbox 370 2594 3784 2675">
     <span class='ocr_line' id='line_1_24' title="bbox 370 2594 3784 2675; baseline -0 -13"><span class='ocrx_word' id='word_1_261' title='bbox 370 2600 489 2662; x_wconf 73' lang='lat'>272</span> <span class='ocrx_word' id='word_1_262' title='bbox 549 2606 704 2659; x_wconf 76' lang='lat' dir='ltr'>recto</span> <span class='ocrx_word' id='word_1_263' title='bbox 752 2597 833 2658; x_wconf 89' lang='lat' dir='ltr'>ad</span> <span class='ocrx_word' id='word_1_264' title='bbox 885 2596 998 2658; x_wconf 74' lang='grc'>322</span> <span class='ocrx_word' id='word_1_265' title='bbox 1059 2605 1337 2668; x_wconf 80' lang='lat' dir='ltr'>rectum;</span> <span class='ocrx_word' id='word_1_266' title='bbox 1399 2596 1488 2675; x_wconf 92' lang='lat'>3.)</span> <span class='ocrx_word' id='word_1_267' title='bbox 1550 2594 1870 2656; x_wconf 87' lang='lat' dir='ltr'>Michaelis</span> <span class='ocrx_word' id='word_1_268' title='bbox 1931 2595 2119 2654; x_wconf 90' lang='lat' dir='ltr'>Pselli</span> <span class='ocrx_word' id='word_1_269' title='bbox 2177 2595 2766 2675; x_wconf 88' lang='lat' dir='ltr'>Chronographiam</span> <span class='ocrx_word' id='word_1_270' title='bbox 2827 2599 3016 2658; x_wconf 88' lang='lat' dir='ltr'>tomis</span> <span class='ocrx_word' id='word_1_271' title='bbox 3072 2617 3322 2672; x_wconf 88' lang='lat' dir='ltr'>novem,</span> <span class='ocrx_word' id='word_1_272' title='bbox 3379 2601 3527 2660; x_wconf 91' lang='lat' dir='ltr'>item</span> <span class='ocrx_word' id='word_1_273' title='bbox 3587 2601 3784 2661; x_wconf 91' lang='lat' dir='ltr'>inedi-</span> 
     </span>
    </p>
   </div>
   <div class='ocr_carea' id='block_1_25' title="bbox 369 2693 3784 2775">
    <p class='ocr_par' dir='ltr' id='par_1_25' title="bbox 369 2693 3784 2775">
     <span class='ocr_line' id='line_1_25' title="bbox 369 2693 3784 2775; baseline 0.001 -18"><span class='ocrx_word' id='word_1_274' title='bbox 369 2702 526 2775; x_wconf 89' lang='lat' dir='ltr'>tam,</span> <span class='ocrx_word' id='word_1_275' title='bbox 562 2715 600 2757; x_wconf 89' lang='lat' dir='ltr'>a</span> <span class='ocrx_word' id='word_1_276' title='bbox 647 2694 898 2757; x_wconf 83' lang='lat' dir='ltr'>fol.322</span> <span class='ocrx_word' id='word_1_277' title='bbox 932 2703 1086 2754; x_wconf 81' lang='lat' dir='ltr'>recto</span> <span class='ocrx_word' id='word_1_278' title='bbox 1118 2693 1197 2754; x_wconf 90' lang='lat' dir='ltr'>ad</span> <span class='ocrx_word' id='word_1_279' title='bbox 1229 2695 1346 2754; x_wconf 71' lang='lat'>4°22</span> <span class='ocrx_word' id='word_1_280' title='bbox 1405 2701 1651 2752; x_wconf 72' lang='lat' dir='ltr'>rectum.</span> <span class='ocrx_word' id='word_1_281' title='bbox 1687 2694 2028 2752; x_wconf 90' lang='lat' dir='ltr'>Exaratum</span> <span class='ocrx_word' id='word_1_282' title='bbox 2090 2711 2224 2752; x_wconf 89' lang='lat' dir='ltr'>esse</span> <span class='ocrx_word' id='word_1_283' title='bbox 2280 2693 2329 2752; x_wconf 89' lang='lat' dir='ltr'>si</span> <span class='ocrx_word' id='word_1_284' title='bbox 2392 2695 2598 2754; x_wconf 91' lang='lat' dir='ltr'>minus</span> <span class='ocrx_word' id='word_1_285' title='bbox 2656 2712 2738 2767; x_wconf 87' lang='lat' dir='ltr'>x1,</span> <span class='ocrx_word' id='word_1_286' title='bbox 2796 2701 2860 2756; x_wconf 91' lang='lat' dir='ltr'>at</span> <span class='ocrx_word' id='word_1_287' title='bbox 2919 2701 3088 2758; x_wconf 91' lang='lat' dir='ltr'>certe</span> <span class='ocrx_word' id='word_1_288' title='bbox 3144 2715 3232 2756; x_wconf 83' lang='lat' dir='ltr'>xu</span> <span class='ocrx_word' id='word_1_289' title='bbox 3290 2698 3520 2758; x_wconf 90' lang='lat' dir='ltr'>saculo</span> <span class='ocrx_word' id='word_1_290' title='bbox 3578 2700 3784 2760; x_wconf 84' lang='lat' dir='ltr'>forma</span> 
     </span>
    </p>
   </div>
   <div class='ocr_carea' id='block_1_26' title="bbox 368 2788 3771 2872">
    <p class='ocr_par' dir='ltr' id='par_1_26' title="bbox 368 2788 3771 2872">
     <span class='ocr_line' id='line_1_26' title="bbox 368 2788 3771 2872; baseline 0.001 -20"><span class='ocrx_word' id='word_1_291' title='bbox 368 2792 724 2853; x_wconf 89' lang='lat' dir='ltr'>litlerarum</span> <span class='ocrx_word' id='word_1_292' title='bbox 789 2792 1204 2870; x_wconf 88' lang='lat' dir='ltr'>demonstrat,</span> <span class='ocrx_word' id='word_1_293' title='bbox 1289 2790 1458 2850; x_wconf 88' lang='lat' dir='ltr'>haud</span> <span class='ocrx_word' id='word_1_294' title='bbox 1533 2789 1838 2850; x_wconf 85' lang='lat' dir='ltr'>absimilis</span> <span class='ocrx_word' id='word_1_295' title='bbox 1895 2788 1985 2849; x_wconf 90' lang='lat' dir='ltr'>illi</span> <span class='ocrx_word' id='word_1_296' title='bbox 2043 2807 2237 2868; x_wconf 83' lang='lat' dir='ltr'>quam</span> <span class='ocrx_word' id='word_1_297' title='bbox 2296 2791 2828 2851; x_wconf 87' lang='lat' dir='ltr'>Montefalconius</span> <span class='ocrx_word' id='word_1_298' title='bbox 2887 2793 3149 2870; x_wconf 88' lang='lat' dir='ltr'>protulit</span> <span class='ocrx_word' id='word_1_299' title='bbox 3204 2795 3514 2872; x_wconf 90' lang='lat' dir='ltr'>Palaogr.</span> <span class='ocrx_word' id='word_1_300' title='bbox 3578 2796 3771 2856; x_wconf 88' lang='lat' dir='ltr'>Crac.</span> 
     </span>
    </p>
   </div>
   <div class='ocr_carea' id='block_1_27' title="bbox 373 2886 3771 2970">
    <p class='ocr_par' dir='ltr' id='par_1_27' title="bbox 373 2886 3771 2970">
     <span class='ocr_line' id='line_1_27' title="bbox 373 2886 3771 2970; baseline 0.001 -19"><span class='ocrx_word' id='word_1_301' title='bbox 373 2890 516 2960; x_wconf 81' lang='lat'>291,</span> <span class='ocrx_word' id='word_1_302' title='bbox 593 2899 660 2950; x_wconf 91' lang='lat' dir='ltr'>n°</span> <span class='ocrx_word' id='word_1_303' title='bbox 733 2891 860 2965; x_wconf 89' lang='lat' dir='ltr'><strong>VII,</strong></span> <span class='ocrx_word' id='word_1_304' title='bbox 943 2896 1010 2949; x_wconf 91' lang='lat' dir='ltr'>ut</span> <span class='ocrx_word' id='word_1_305' title='bbox 1083 2889 1276 2967; x_wconf 85' lang='lat' dir='ltr'>igitur</span> <span class='ocrx_word' id='word_1_306' title='bbox 1345 2887 1616 2948; x_wconf 89' lang='lat' dir='ltr'>nesciam</span> <span class='ocrx_word' id='word_1_307' title='bbox 1694 2886 1840 2965; x_wconf 91' lang='lat' dir='ltr'>quid</span> <span class='ocrx_word' id='word_1_308' title='bbox 1917 2886 1980 2945; x_wconf 87' lang='lat' dir='ltr'>in</span> <span class='ocrx_word' id='word_1_309' title='bbox 2079 2893 2350 2948; x_wconf 91' lang='lat' dir='ltr'>mentem</span> <span class='ocrx_word' id='word_1_310' title='bbox 2416 2889 2658 2949; x_wconf 89' lang='lat' dir='ltr'>venerit</span> <span class='ocrx_word' id='word_1_311' title='bbox 2725 2891 3189 2950; x_wconf 86' lang='lat' dir='ltr'>confectoribus</span> <span class='ocrx_word' id='word_1_312' title='bbox 3265 2893 3551 2970; x_wconf 90' lang='lat' dir='ltr'>Catalogi</span> <span class='ocrx_word' id='word_1_313' title='bbox 3607 2893 3771 2955; x_wconf 93' lang='lat' dir='ltr'>Bibl.</span> 
     </span>
    </p>
   </div>
   <div class='ocr_carea' id='block_1_28' title="bbox 374 2984 3777 3068">
    <p class='ocr_par' dir='ltr' id='par_1_28' title="bbox 374 2984 3777 3068">
     <span class='ocr_line' id='line_1_28' title="bbox 374 2984 3777 3068; baseline 0.001 -19"><span class='ocrx_word' id='word_1_314' title='bbox 374 2993 526 3068; x_wconf 73' lang='lat' dir='ltr'>lteg.</span> <span class='ocrx_word' id='word_1_315' title='bbox 559 2989 647 3059; x_wconf 92' lang='lat' dir='ltr'>Il,</span> <span class='ocrx_word' id='word_1_316' title='bbox 692 2989 832 3067; x_wconf 86' lang='lat'>391,</span> <span class='ocrx_word' id='word_1_317' title='bbox 889 2988 1120 3065; x_wconf 91' lang='lat' dir='ltr'>dicere,</span> <span class='ocrx_word' id='word_1_318' title='bbox 1181 3005 1325 3047; x_wconf 92' lang='lat' dir='ltr'>eum</span> <span class='ocrx_word' id='word_1_319' title='bbox 1379 2985 1610 3046; x_wconf 90' lang='lat' dir='ltr'>saculo</span> <span class='ocrx_word' id='word_1_320' title='bbox 1668 2984 1912 3044; x_wconf 91' lang='lat' dir='ltr'>decimo</span> <span class='ocrx_word' id='word_1_321' title='bbox 1967 2985 2188 3062; x_wconf 92' lang='lat' dir='ltr'>quinto</span> <span class='ocrx_word' id='word_1_322' title='bbox 2243 2985 2435 3046; x_wconf 82' lang='lat' dir='ltr'>videri</span> <span class='ocrx_word' id='word_1_323' title='bbox 2490 2987 2836 3066; x_wconf 86' lang='lat' dir='ltr'>scriptum:</span> <span class='ocrx_word' id='word_1_324' title='bbox 2893 2988 3008 3048; x_wconf 90' lang='lat' dir='ltr'>nisi</span> <span class='ocrx_word' id='word_1_325' title='bbox 3067 2988 3130 3048; x_wconf 92' lang='lat' dir='ltr'>id</span> <span class='ocrx_word' id='word_1_326' title='bbox 3180 2989 3258 3048; x_wconf 91' lang='lat' dir='ltr'>de</span> <span class='ocrx_word' id='word_1_327' title='bbox 3323 2989 3398 3049; x_wconf 90' lang='lat' dir='ltr'>iis</span> <span class='ocrx_word' id='word_1_328' title='bbox 3459 2991 3777 3052; x_wconf 86' lang='lat' dir='ltr'>duntaxat</span> 
     </span>
    </p>
   </div>
   <div class='ocr_carea' id='block_1_29' title="bbox 368 3082 3773 3166">
    <p class='ocr_par' dir='ltr' id='par_1_29' title="bbox 368 3082 3773 3166">
     <span class='ocr_line' id='line_1_29' title="bbox 368 3082 3773 3166; baseline 0.001 -20"><span class='ocrx_word' id='word_1_329' title='bbox 368 3085 705 3165; x_wconf 88' lang='lat' dir='ltr'>intelligas,</span> <span class='ocrx_word' id='word_1_330' title='bbox 740 3105 882 3164; x_wconf 90' lang='lat' dir='ltr'>qua</span> <span class='ocrx_word' id='word_1_331' title='bbox 914 3086 976 3145; x_wconf 92' lang='lat' dir='ltr'>in</span> <span class='ocrx_word' id='word_1_332' title='bbox 1002 3091 1143 3145; x_wconf 91' lang='lat' dir='ltr'>octo</span> <span class='ocrx_word' id='word_1_333' title='bbox 1174 3084 1338 3145; x_wconf 89' lang='lat' dir='ltr'>foliis</span> <span class='ocrx_word' id='word_1_334' title='bbox 1365 3083 1713 3144; x_wconf 78' lang='lat' dir='ltr'>chartaceis</span> <span class='ocrx_word' id='word_1_335' title='bbox 1743 3082 1822 3142; x_wconf 91' lang='lat' dir='ltr'>ad</span> <span class='ocrx_word' id='word_1_336' title='bbox 1853 3087 2119 3142; x_wconf 87' lang='lat' dir='ltr'>exstent.</span> <span class='ocrx_word' id='word_1_337' title='bbox 2152 3083 2292 3162; x_wconf 91' lang='lat' dir='ltr'>Ipse</span> <span class='ocrx_word' id='word_1_338' title='bbox 2319 3083 2536 3157; x_wconf 84' lang='lat' dir='ltr'>codex,</span> <span class='ocrx_word' id='word_1_339' title='bbox 2575 3084 2824 3144; x_wconf 89' lang='lat' dir='ltr'>tametsi</span> <span class='ocrx_word' id='word_1_340' title='bbox 2850 3104 2975 3146; x_wconf 90' lang='lat' dir='ltr'>non</span> <span class='ocrx_word' id='word_1_341' title='bbox 3031 3085 3189 3146; x_wconf 89' lang='lat' dir='ltr'>adeo</span> <span class='ocrx_word' id='word_1_342' title='bbox 3221 3085 3430 3146; x_wconf 91' lang='lat' dir='ltr'>multis</span> <span class='ocrx_word' id='word_1_343' title='bbox 3461 3089 3773 3166; x_wconf 89' lang='lat' dir='ltr'>profunde</span> 
     </span>
    </p>
   </div>
   <div class='ocr_carea' id='block_1_30' title="bbox 364 3180 3762 3264">
    <p class='ocr_par' dir='ltr' id='par_1_30' title="bbox 364 3180 3762 3264">
     <span class='ocr_line' id='line_1_30' title="bbox 364 3180 3762 3264; baseline 0 -20"><span class='ocrx_word' id='word_1_344' title='bbox 364 3184 706 3245; x_wconf 87' lang='lat' dir='ltr'>latentibus</span> <span class='ocrx_word' id='word_1_345' title='bbox 733 3183 974 3244; x_wconf 88' lang='lat' dir='ltr'>mendis</span> <span class='ocrx_word' id='word_1_346' title='bbox 1005 3189 1223 3255; x_wconf 90' lang='lat' dir='ltr'>scatet,</span> <span class='ocrx_word' id='word_1_347' title='bbox 1261 3181 1451 3242; x_wconf 89' lang='lat' dir='ltr'>habet</span> <span class='ocrx_word' id='word_1_348' title='bbox 1483 3187 1694 3241; x_wconf 89' lang='lat' dir='ltr'>tamen</span> <span class='ocrx_word' id='word_1_349' title='bbox 1726 3180 1972 3241; x_wconf 88' lang='lat' dir='ltr'>itacism</span> <span class='ocrx_word' id='word_1_350' title='bbox 1988 3199 2057 3240; x_wconf 93' lang='lat' dir='ltr'>os</span> <span class='ocrx_word' id='word_1_351' title='bbox 2090 3185 2202 3254; x_wconf 91' lang='lat' dir='ltr'>tot,</span> <span class='ocrx_word' id='word_1_352' title='bbox 2242 3187 2396 3260; x_wconf 93' lang='lat' dir='ltr'>quot</span> <span class='ocrx_word' id='word_1_353' title='bbox 2426 3182 2487 3242; x_wconf 91' lang='lat' dir='ltr'>in</span> <span class='ocrx_word' id='word_1_354' title='bbox 2515 3181 2692 3242; x_wconf 91' lang='lat' dir='ltr'>libris</span> <span class='ocrx_word' id='word_1_355' title='bbox 2720 3201 2864 3244; x_wconf 89' lang='lat' dir='ltr'>sae.</span> <span class='ocrx_word' id='word_1_356' title='bbox 2897 3201 2981 3244; x_wconf 84' lang='lat' dir='ltr'>xu</span> <span class='ocrx_word' id='word_1_357' title='bbox 3015 3185 3323 3264; x_wconf 87' lang='lat' dir='ltr'>peraratis</span> <span class='ocrx_word' id='word_1_358' title='bbox 3349 3203 3481 3246; x_wconf 88' lang='lat' dir='ltr'>esse</span> <span class='ocrx_word' id='word_1_359' title='bbox 3535 3185 3762 3259; x_wconf 89' lang='lat' dir='ltr'>solent,</span> 
     </span>
    </p>
   </div>
   <div class='ocr_carea' id='block_1_31' title="bbox 359 3279 2018 3361">
    <p class='ocr_par' dir='ltr' id='par_1_31' title="bbox 359 3283 2018 3361">
     <span class='ocr_line' id='line_1_31' title="bbox 359 3283 2018 3361; baseline -0.004 -17"><span class='ocrx_word' id='word_1_360' title='bbox 359 3289 430 3344; x_wconf 88' lang='lat' dir='ltr'>ut</span> <span class='ocrx_word' id='word_1_361' title='bbox 480 3283 773 3344; x_wconf 76' lang='lat' dir='ltr'>Videlicet</span> <span class='ocrx_word' id='word_1_362' title='bbox 829 3303 852 3336; x_wconf 89' lang='grc' dir='ltr'>ε</span> <span class='ocrx_word' id='word_1_363' title='bbox 912 3287 975 3340; x_wconf 88' lang='lat' dir='ltr'>et</span> <span class='ocrx_word' id='word_1_364' title='bbox 1004 3306 1080 3356; x_wconf 72' lang='grc' dir='ltr'>αι,</span> <span class='ocrx_word' id='word_1_365' title='bbox 1115 3308 1150 3361; x_wconf 80' lang='grc' dir='ltr'>ῃ</span> <span class='ocrx_word' id='word_1_366' title='bbox 1197 3307 1212 3338; x_wconf 86' lang='grc' dir='ltr'>ι</span> <span class='ocrx_word' id='word_1_367' title='bbox 1245 3285 1307 3340; x_wconf 91' lang='lat' dir='ltr'>et</span> <span class='ocrx_word' id='word_1_368' title='bbox 1336 3306 1404 3354; x_wconf 83' lang='grc' dir='ltr'>ει,</span> <span class='ocrx_word' id='word_1_369' title='bbox 1438 3304 1464 3338; x_wconf 92' lang='lat' dir='ltr'>o</span> <span class='ocrx_word' id='word_1_370' title='bbox 1490 3287 1550 3338; x_wconf 90' lang='lat' dir='ltr'>et</span> <span class='ocrx_word' id='word_1_371' title='bbox 1576 3305 1642 3350; x_wconf 87' lang='grc' dir='ltr'>ω,</span> <span class='ocrx_word' id='word_1_372' title='bbox 1677 3304 1726 3338; x_wconf 84' lang='grc' dir='ltr'>οι</span> <span class='ocrx_word' id='word_1_373' title='bbox 1761 3283 1824 3338; x_wconf 90' lang='lat' dir='ltr'>et</span> <span class='ocrx_word' id='word_1_374' title='bbox 1853 3305 1908 3354; x_wconf 74' lang='grc' dir='ltr'>υ,</span> <span class='ocrx_word' id='word_1_375' title='bbox 1965 3297 2018 3338; x_wconf 77' lang='lat'>88</span> 
     </span>
    </p>
   </div>
   <div class='ocr_carea' id='block_1_32' title="bbox 2113 3279 3772 3361">
    <p class='ocr_par' dir='ltr' id='par_1_32' title="bbox 2113 3279 3772 3361">
     <span class='ocr_line' id='line_1_32' title="bbox 2113 3279 3772 3361; baseline 0.004 -23"><span class='ocrx_word' id='word_1_376' title='bbox 2113 3299 2192 3338; x_wconf 62' lang='lat' dir='ltr'>,us</span> <span class='ocrx_word' id='word_1_377' title='bbox 2250 3279 2414 3340; x_wconf 90' lang='lat' dir='ltr'>inter</span> <span class='ocrx_word' id='word_1_378' title='bbox 2471 3299 2536 3341; x_wconf 88' lang='lat' dir='ltr'>se</span> <span class='ocrx_word' id='word_1_379' title='bbox 2593 3281 3086 3358; x_wconf 90' lang='lat' dir='ltr'>confundantur,</span> <span class='ocrx_word' id='word_1_380' title='bbox 3147 3301 3351 3361; x_wconf 92' lang='lat' dir='ltr'>neque</span> <span class='ocrx_word' id='word_1_381' title='bbox 3403 3283 3494 3344; x_wconf 91' lang='lat' dir='ltr'>ita</span> <span class='ocrx_word' id='word_1_382' title='bbox 3550 3302 3772 3345; x_wconf 89' lang='lat' dir='ltr'>rarum</span> 
     </span>
    </p>
   </div>
   <div class='ocr_carea' id='block_1_33' title="bbox 359 3376 3769 3457">
    <p class='ocr_par' dir='ltr' id='par_1_33' title="bbox 359 3376 3769 3457">
     <span class='ocr_line' id='line_1_33' title="bbox 359 3376 3769 3457; baseline 0.001 -17"><span class='ocrx_word' id='word_1_383' title='bbox 359 3382 462 3453; x_wconf 90' lang='lat' dir='ltr'>sit,</span> <span class='ocrx_word' id='word_1_384' title='bbox 498 3381 574 3442; x_wconf 75' lang='grc' dir='ltr'>είς</span> <span class='ocrx_word' id='word_1_385' title='bbox 603 3383 704 3451; x_wconf 73' lang='grc' dir='ltr'>τήν</span> <span class='ocrx_word' id='word_1_386' title='bbox 741 3379 850 3440; x_wconf 83' lang='lat' dir='ltr'>fol.</span> <span class='ocrx_word' id='word_1_387' title='bbox 885 3379 1000 3440; x_wconf 86' lang='lat'>315</span> <span class='ocrx_word' id='word_1_388' title='bbox 1031 3377 1322 3457; x_wconf 78' lang='lat' dir='ltr'>recto(ed.</span> <span class='ocrx_word' id='word_1_389' title='bbox 1349 3377 1480 3456; x_wconf 88' lang='grc'>95.)</span> <span class='ocrx_word' id='word_1_390' title='bbox 1513 3376 1816 3455; x_wconf 90' lang='lat' dir='ltr'>scriptum</span> <span class='ocrx_word' id='word_1_391' title='bbox 1853 3376 2133 3455; x_wconf 92' lang='lat' dir='ltr'>conspici</span> <span class='ocrx_word' id='word_1_392' title='bbox 2163 3378 2272 3447; x_wconf 91' lang='lat' dir='ltr'>sic,</span> <span class='ocrx_word' id='word_1_393' title='bbox 2301 3382 2462 3450; x_wconf 75' lang='grc' dir='ltr'>ἡςτςν.</span> <span class='ocrx_word' id='word_1_394' title='bbox 2497 3377 2821 3456; x_wconf 90' lang='lat' dir='ltr'>Ejusmodi</span> <span class='ocrx_word' id='word_1_395' title='bbox 2853 3380 3080 3440; x_wconf 90' lang='lat' dir='ltr'>menda</span> <span class='ocrx_word' id='word_1_396' title='bbox 3139 3381 3354 3442; x_wconf 90' lang='lat' dir='ltr'>notavi</span> <span class='ocrx_word' id='word_1_397' title='bbox 3410 3381 3726 3451; x_wconf 89' lang='lat' dir='ltr'>interdum</span> <span class='ocrx_word' id='word_1_398' title='bbox 3755 3401 3769 3443; x_wconf 92' lang='lat'>:</span> 
     </span>
    </p>
   </div>
   <div class='ocr_carea' id='block_1_34' title="bbox 360 3473 3768 3558">
    <p class='ocr_par' dir='ltr' id='par_1_34' title="bbox 360 3473 3768 3558">
     <span class='ocr_line' id='line_1_34' title="bbox 360 3473 3768 3558; baseline 0 -21"><span class='ocrx_word' id='word_1_399' title='bbox 360 3477 767 3556; x_wconf 89' lang='lat' dir='ltr'>plerumque,</span> <span class='ocrx_word' id='word_1_400' title='bbox 822 3476 1076 3556; x_wconf 90' lang='lat' dir='ltr'>quando</span> <span class='ocrx_word' id='word_1_401' title='bbox 1135 3475 1290 3535; x_wconf 91' lang='lat' dir='ltr'>nihil</span> <span class='ocrx_word' id='word_1_402' title='bbox 1349 3474 1670 3535; x_wconf 88' lang='lat' dir='ltr'>habebant</span> <span class='ocrx_word' id='word_1_403' title='bbox 1723 3473 1890 3553; x_wconf 90' lang='lat' dir='ltr'>quod</span> <span class='ocrx_word' id='word_1_404' title='bbox 1949 3474 2135 3534; x_wconf 83' lang='lat' dir='ltr'>ﬁdem</span> <span class='ocrx_word' id='word_1_405' title='bbox 2172 3481 2434 3555; x_wconf 89' lang='lat' dir='ltr'>recepta</span> <span class='ocrx_word' id='word_1_406' title='bbox 2495 3475 2782 3537; x_wconf 88' lang='lat' dir='ltr'>lectionis</span> <span class='ocrx_word' id='word_1_407' title='bbox 2833 3477 3216 3538; x_wconf 89' lang='lat' dir='ltr'>labefactare</span> <span class='ocrx_word' id='word_1_408' title='bbox 3273 3485 3506 3558; x_wconf 89' lang='lat' dir='ltr'>posset,</span> <span class='ocrx_word' id='word_1_409' title='bbox 3563 3480 3768 3540; x_wconf 90' lang='lat' dir='ltr'>omisi.</span> 
     </span>
    </p>
   </div>
   <div class='ocr_carea' id='block_1_35' title="bbox 356 3571 3764 3653">
    <p class='ocr_par' dir='ltr' id='par_1_35' title="bbox 356 3571 3764 3653">
     <span class='ocr_line' id='line_1_35' title="bbox 356 3571 3764 3653; baseline 0 -17"><span class='ocrx_word' id='word_1_410' title='bbox 356 3579 436 3636; x_wconf 89' lang='lat' dir='ltr'>In</span> <span class='ocrx_word' id='word_1_411' title='bbox 498 3593 769 3653; x_wconf 89' lang='lat' dir='ltr'>summa,</span> <span class='ocrx_word' id='word_1_412' title='bbox 828 3576 1027 3635; x_wconf 82' lang='lat' dir='ltr'>fateor</span> <span class='ocrx_word' id='word_1_413' title='bbox 1084 3593 1207 3635; x_wconf 91' lang='lat' dir='ltr'>non</span> <span class='ocrx_word' id='word_1_414' title='bbox 1267 3573 1567 3652; x_wconf 84' lang='lat' dir='ltr'>majorem</span> <span class='ocrx_word' id='word_1_415' title='bbox 1631 3589 1727 3632; x_wconf 92' lang='lat' dir='ltr'>me</span> <span class='ocrx_word' id='word_1_416' title='bbox 1786 3571 2064 3633; x_wconf 89' lang='lat' dir='ltr'>laborem</span> <span class='ocrx_word' id='word_1_417' title='bbox 2126 3574 2498 3653; x_wconf 82' lang='lat' dir='ltr'>suscepisse,</span> <span class='ocrx_word' id='word_1_418' title='bbox 2555 3594 2745 3652; x_wconf 89' lang='lat' dir='ltr'>quam</span> <span class='ocrx_word' id='word_1_419' title='bbox 2802 3593 2908 3635; x_wconf 91' lang='lat' dir='ltr'>eos</span> <span class='ocrx_word' id='word_1_420' title='bbox 2960 3576 3266 3635; x_wconf 88' lang='lat' dir='ltr'>sustinere</span> <span class='ocrx_word' id='word_1_421' title='bbox 3349 3595 3598 3637; x_wconf 89' lang='lat' dir='ltr'>necesse</span> <span class='ocrx_word' id='word_1_422' title='bbox 3651 3581 3764 3651; x_wconf 86' lang='lat' dir='ltr'>est,</span> 
     </span>
    </p>
   </div>
   <div class='ocr_carea' id='block_1_36' title="bbox 351 3670 3767 3750">
    <p class='ocr_par' dir='ltr' id='par_1_36' title="bbox 351 3670 3767 3750">
     <span class='ocr_line' id='line_1_36' title="bbox 351 3670 3767 3750; baseline 0.001 -21"><span class='ocrx_word' id='word_1_423' title='bbox 351 3670 474 3748; x_wconf 89' lang='lat' dir='ltr'>qui</span> <span class='ocrx_word' id='word_1_424' title='bbox 557 3672 772 3732; x_wconf 89' lang='lat' dir='ltr'>codice</span> <span class='ocrx_word' id='word_1_425' title='bbox 848 3691 923 3732; x_wconf 90' lang='lat' dir='ltr'>ex</span> <span class='ocrx_word' id='word_1_426' title='bbox 975 3671 1162 3732; x_wconf 90' lang='lat' dir='ltr'>unico</span> <span class='ocrx_word' id='word_1_427' title='bbox 1217 3670 1488 3750; x_wconf 90' lang='lat' dir='ltr'>pendent</span> <span class='ocrx_word' id='word_1_428' title='bbox 1536 3670 1597 3729; x_wconf 93' lang='lat' dir='ltr'>in</span> <span class='ocrx_word' id='word_1_429' title='bbox 1675 3670 1921 3743; x_wconf 85' lang='lat' dir='ltr'><strong>[XXIII]</strong></span> <span class='ocrx_word' id='word_1_430' title='bbox 1987 3670 2292 3748; x_wconf 87' lang='lat' dir='ltr'>scriptore</span> <span class='ocrx_word' id='word_1_431' title='bbox 2349 3671 2621 3748; x_wconf 89' lang='lat' dir='ltr'>primum</span> <span class='ocrx_word' id='word_1_432' title='bbox 2679 3671 2944 3732; x_wconf 89' lang='lat' dir='ltr'>edendo.</span> <span class='ocrx_word' id='word_1_433' title='bbox 3000 3671 3118 3732; x_wconf 91' lang='lat' dir='ltr'>Ubi</span> <span class='ocrx_word' id='word_1_434' title='bbox 3175 3673 3303 3731; x_wconf 82' lang='lat' dir='ltr'>fere</span> <span class='ocrx_word' id='word_1_435' title='bbox 3356 3691 3478 3732; x_wconf 91' lang='lat' dir='ltr'>non</span> <span class='ocrx_word' id='word_1_436' title='bbox 3537 3678 3767 3750; x_wconf 90' lang='lat' dir='ltr'>potest,</span> 
     </span>
    </p>
   </div>
   <div class='ocr_carea' id='block_1_37' title="bbox 356 3766 3772 3849">
    <p class='ocr_par' dir='ltr' id='par_1_37' title="bbox 356 3766 3772 3849">
     <span class='ocr_line' id='line_1_37' title="bbox 356 3766 3772 3849; baseline 0.001 -21"><span class='ocrx_word' id='word_1_437' title='bbox 356 3768 523 3847; x_wconf 89' lang='lat' dir='ltr'>quin</span> <span class='ocrx_word' id='word_1_438' title='bbox 581 3789 728 3849; x_wconf 91' lang='lat' dir='ltr'>pars</span> <span class='ocrx_word' id='word_1_439' title='bbox 835 3770 1203 3830; x_wconf 89' lang='lat' dir='ltr'>mendorum</span> <span class='ocrx_word' id='word_1_440' title='bbox 1317 3767 1595 3829; x_wconf 89' lang='lat' dir='ltr'>codicem</span> <span class='ocrx_word' id='word_1_441' title='bbox 1681 3766 2246 3827; x_wconf 90' lang='lat' dir='ltr'>contaminantium</span> <span class='ocrx_word' id='word_1_442' title='bbox 2333 3767 2726 3844; x_wconf 84' lang='lat' dir='ltr'>diligentiam</span> <span class='ocrx_word' id='word_1_443' title='bbox 2782 3769 2877 3830; x_wconf 92' lang='lat' dir='ltr'>vel</span> <span class='ocrx_word' id='word_1_444' title='bbox 2934 3769 3416 3830; x_wconf 88' lang='lat' dir='ltr'>minutissimam</span> <span class='ocrx_word' id='word_1_445' title='bbox 3486 3770 3772 3848; x_wconf 70' lang='lat' dir='ltr'>eﬂ‘ugiat.</span> 
     </span>
    </p>
   </div>
   <div class='ocr_carea' id='block_1_38' title="bbox 357 3863 3768 3947">
    <p class='ocr_par' dir='ltr' id='par_1_38' title="bbox 357 3863 3768 3947">
     <span class='ocr_line' id='line_1_38' title="bbox 357 3863 3768 3947; baseline -0.001 -20"><span class='ocrx_word' id='word_1_446' title='bbox 357 3885 540 3945; x_wconf 84' lang='lat' dir='ltr'>nque</span> <span class='ocrx_word' id='word_1_447' title='bbox 570 3868 767 3947; x_wconf 91' lang='lat' dir='ltr'>ipsam</span> <span class='ocrx_word' id='word_1_448' title='bbox 802 3868 1140 3928; x_wconf 89' lang='lat' dir='ltr'>editionem</span> <span class='ocrx_word' id='word_1_449' title='bbox 1173 3867 1503 3928; x_wconf 88' lang='lat' dir='ltr'>redundet.</span> <span class='ocrx_word' id='word_1_450' title='bbox 1537 3869 1634 3926; x_wconf 91' lang='lat' dir='ltr'>Ita</span> <span class='ocrx_word' id='word_1_451' title='bbox 1665 3863 1833 3943; x_wconf 89' lang='lat' dir='ltr'>quod</span> <span class='ocrx_word' id='word_1_452' title='bbox 1867 3869 2000 3924; x_wconf 87' lang='lat' dir='ltr'>erat</span> <span class='ocrx_word' id='word_1_453' title='bbox 2050 3865 2360 3945; x_wconf 84' lang='lat' dir='ltr'>reliquum</span> <span class='ocrx_word' id='word_1_454' title='bbox 2417 3867 2674 3938; x_wconf 87' lang='lat' dir='ltr'>tentavi,</span> <span class='ocrx_word' id='word_1_455' title='bbox 2727 3873 2796 3927; x_wconf 87' lang='lat' dir='ltr'>ut</span> <span class='ocrx_word' id='word_1_456' title='bbox 2827 3884 2966 3945; x_wconf 89' lang='lat' dir='ltr'>qua</span> <span class='ocrx_word' id='word_1_457' title='bbox 3024 3885 3297 3945; x_wconf 90' lang='lat' dir='ltr'>possem,</span> <span class='ocrx_word' id='word_1_458' title='bbox 3362 3867 3768 3944; x_wconf 91' lang='lat' dir='ltr'>conjecturis,</span> 
     </span>
    </p>
   </div>
   <div class='ocr_carea' id='block_1_39' title="bbox 341 3959 3770 4044">
    <p class='ocr_par' dir='ltr' id='par_1_39' title="bbox 341 3959 3770 4044">
     <span class='ocr_line' id='line_1_39' title="bbox 341 3959 3770 4044; baseline -0.001 -19"><span class='ocrx_word' id='word_1_459' title='bbox 341 3969 421 4025; x_wconf 78' lang='lat' dir='ltr'>et</span> <span class='ocrx_word' id='word_1_460' title='bbox 477 3965 1058 4044; x_wconf 89' lang='lat' dir='ltr'>comparationibus</span> <span class='ocrx_word' id='word_1_461' title='bbox 1123 3964 1549 4035; x_wconf 89' lang='lat' dir='ltr'>emendarem,</span> <span class='ocrx_word' id='word_1_462' title='bbox 1637 3959 1866 4022; x_wconf 84' lang='lat' dir='ltr'>collato</span> <span class='ocrx_word' id='word_1_463' title='bbox 1925 3962 2206 4024; x_wconf 88' lang='lat' dir='ltr'>Cedreno</span> <span class='ocrx_word' id='word_1_464' title='bbox 2263 3969 2324 4023; x_wconf 93' lang='lat' dir='ltr'>et</span> <span class='ocrx_word' id='word_1_465' title='bbox 2379 3962 2667 4041; x_wconf 90' lang='lat' dir='ltr'>Scylitze,</span> <span class='ocrx_word' id='word_1_466' title='bbox 2721 3965 2825 4042; x_wconf 91' lang='lat' dir='ltr'>qui</span> <span class='ocrx_word' id='word_1_467' title='bbox 2885 3967 3221 4043; x_wconf 89' lang='lat' dir='ltr'>complura</span> <span class='ocrx_word' id='word_1_468' title='bbox 3279 3983 3354 4024; x_wconf 92' lang='lat' dir='ltr'>ex</span> <span class='ocrx_word' id='word_1_469' title='bbox 3414 3967 3620 4026; x_wconf 90' lang='lat' dir='ltr'>Leone</span> <span class='ocrx_word' id='word_1_470' title='bbox 3677 3962 3770 4023; x_wconf 89' lang='lat' dir='ltr'>ad</span> 
     </span>
    </p>
   </div>
   <div class='ocr_carea' id='block_1_40' title="bbox 341 4059 3761 4142">
    <p class='ocr_par' dir='ltr' id='par_1_40' title="bbox 341 4059 3761 4142">
     <span class='ocr_line' id='line_1_40' title="bbox 341 4059 3761 4142; baseline -0 -20"><span class='ocrx_word' id='word_1_471' title='bbox 341 4061 618 4123; x_wconf 77' lang='lat' dir='ltr'>verbum</span> <span class='ocrx_word' id='word_1_472' title='bbox 705 4063 769 4123; x_wconf 90' lang='lat' dir='ltr'>in</span> <span class='ocrx_word' id='word_1_473' title='bbox 859 4064 1152 4125; x_wconf 91' lang='lat' dir='ltr'>historias</span> <span class='ocrx_word' id='word_1_474' title='bbox 1236 4082 1380 4123; x_wconf 89' lang='lat' dir='ltr'>suas</span> <span class='ocrx_word' id='word_1_475' title='bbox 1468 4059 1927 4121; x_wconf 87' lang='lat' dir='ltr'>transtulerunt</span> <span class='ocrx_word' id='word_1_476' title='bbox 2002 4059 2152 4140; x_wconf 89' lang='lat' dir='ltr'>(vid.</span> <span class='ocrx_word' id='word_1_477' title='bbox 2212 4062 2468 4140; x_wconf 86' lang='lat' dir='ltr'>supra§</span> <span class='ocrx_word' id='word_1_478' title='bbox 2525 4062 2684 4134; x_wconf 88' lang='lat' dir='ltr'><strong>VIII,</strong></span> <span class='ocrx_word' id='word_1_479' title='bbox 2747 4062 2911 4122; x_wconf 72' lang='lat' dir='ltr'>intra</span> <span class='ocrx_word' id='word_1_480' title='bbox 2970 4063 3162 4142; x_wconf 70' lang='lat'>225):</span> <span class='ocrx_word' id='word_1_481' title='bbox 3221 4069 3562 4142; x_wconf 86' lang='lat' dir='ltr'>postremo,</span> <span class='ocrx_word' id='word_1_482' title='bbox 3619 4080 3761 4140; x_wconf 84' lang='lat' dir='ltr'>qua</span> 
     </span>
    </p>
   </div>
   <div class='ocr_carea' id='block_1_41' title="bbox 338 4159 3772 4240">
    <p class='ocr_par' dir='ltr' id='par_1_41' title="bbox 338 4159 3772 4240">
     <span class='ocr_line' id='line_1_41' title="bbox 338 4159 3772 4240; baseline 0 -21"><span class='ocrx_word' id='word_1_483' title='bbox 338 4159 514 4222; x_wconf 84' lang='lat' dir='ltr'>ratio</span> <span class='ocrx_word' id='word_1_484' title='bbox 545 4166 606 4220; x_wconf 92' lang='lat' dir='ltr'>et</span> <span class='ocrx_word' id='word_1_485' title='bbox 634 4161 921 4222; x_wconf 88' lang='lat' dir='ltr'>doctrina</span> <span class='ocrx_word' id='word_1_486' title='bbox 950 4161 1352 4240; x_wconf 81' lang='lat' dir='ltr'>praescribere</span> <span class='ocrx_word' id='word_1_487' title='bbox 1381 4159 1777 4229; x_wconf 88' lang='lat' dir='ltr'>videbantur,</span> <span class='ocrx_word' id='word_1_488' title='bbox 1805 4176 1880 4219; x_wconf 88' lang='lat' dir='ltr'>ea</span> <span class='ocrx_word' id='word_1_489' title='bbox 1914 4177 2026 4237; x_wconf 88' lang='lat' dir='ltr'>pro</span> <span class='ocrx_word' id='word_1_490' title='bbox 2059 4159 2360 4220; x_wconf 87' lang='lat' dir='ltr'>facultate</span> <span class='ocrx_word' id='word_1_491' title='bbox 2392 4160 2455 4220; x_wconf 92' lang='lat' dir='ltr'>in</span> <span class='ocrx_word' id='word_1_492' title='bbox 2489 4160 2927 4222; x_wconf 89' lang='lat' dir='ltr'>constituenda</span> <span class='ocrx_word' id='word_1_493' title='bbox 2948 4161 3232 4222; x_wconf 89' lang='lat' dir='ltr'>oratione</span> <span class='ocrx_word' id='word_1_494' title='bbox 3265 4163 3480 4223; x_wconf 87' lang='lat' dir='ltr'>Graca</span> <span class='ocrx_word' id='word_1_495' title='bbox 3508 4165 3772 4222; x_wconf 87' lang='lat' dir='ltr'>conatus</span> 
     </span>
    </p>
   </div>
   <div class='ocr_carea' id='block_1_42' title="bbox 347 4263 856 4338">
    <p class='ocr_par' dir='ltr' id='par_1_42' title="bbox 347 4263 856 4338">
     <span class='ocr_line' id='line_1_42' title="bbox 347 4263 856 4338; baseline 0 -19"><span class='ocrx_word' id='word_1_496' title='bbox 347 4276 497 4319; x_wconf 90' lang='lat' dir='ltr'>sum</span> <span class='ocrx_word' id='word_1_497' title='bbox 530 4263 856 4338; x_wconf 77' lang='lat' dir='ltr'>praestare.</span> 
     </span>
    </p>
   </div>
   <div class='ocr_carea' id='block_1_43' title="bbox 423 4353 2082 4438">
    <p class='ocr_par' dir='ltr' id='par_1_43' title="bbox 423 4353 2082 4438">
     <span class='ocr_line' id='line_1_43' title="bbox 423 4353 2082 4438; baseline 0 -23"><span class='ocrx_word' id='word_1_498' title='bbox 423 4357 502 4415; x_wconf 87' lang='grc' dir='ltr'>Χ.</span> <span class='ocrx_word' id='word_1_499' title='bbox 564 4355 876 4416; x_wconf 81' lang='lat' dir='ltr'>Libellum</span> <span class='ocrx_word' id='word_1_500' title='bbox 935 4361 1065 4438; x_wconf 79' lang='grc' dir='ltr'>Περὶ</span> <span class='ocrx_word' id='word_1_501' title='bbox 1121 4359 1452 4437; x_wconf 80' lang='grc' dir='ltr'>παρὰδρμῆς</span> <span class='ocrx_word' id='word_1_502' title='bbox 1511 4361 1714 4430; x_wconf 84' lang='grc' dir='ltr'>πολου,</span> <span class='ocrx_word' id='word_1_503' title='bbox 1758 4355 1847 4415; x_wconf 85' lang='lat' dir='ltr'>De</span> <span class='ocrx_word' id='word_1_504' title='bbox 1911 4353 2082 4415; x_wconf 74' lang='lat' dir='ltr'>velim</span> 
     </span>
    </p>
   </div>
   <div class='ocr_carea' id='block_1_44' title="bbox 2095 4353 3754 4438">
    <p class='ocr_par' dir='ltr' id='par_1_44' title="bbox 2101 4355 3754 4436">
     <span class='ocr_line' id='line_1_44' title="bbox 2101 4355 3754 4436; baseline 0.002 -22"><span class='ocrx_word' id='word_1_505' title='bbox 2101 4360 2267 4414; x_wconf 82' lang='lat' dir='ltr'>tione</span> <span class='ocrx_word' id='word_1_506' title='bbox 2326 4355 2561 4430; x_wconf 81' lang='lat' dir='ltr'>bellica,</span> <span class='ocrx_word' id='word_1_507' title='bbox 2624 4357 2832 4418; x_wconf 91' lang='lat' dir='ltr'>adhuc</span> <span class='ocrx_word' id='word_1_508' title='bbox 2889 4357 3222 4436; x_wconf 89' lang='lat' dir='ltr'>ineditum,</span> <span class='ocrx_word' id='word_1_509' title='bbox 3283 4359 3562 4419; x_wconf 90' lang='lat' dir='ltr'>secundo</span> <span class='ocrx_word' id='word_1_510' title='bbox 3616 4358 3754 4417; x_wconf 93' lang='lat' dir='ltr'>loco</span> 
     </span>
    </p>
   </div>
   <div class='ocr_carea' id='block_1_45' title="bbox 339 4451 3770 4533">
    <p class='ocr_par' dir='ltr' id='par_1_45' title="bbox 339 4451 3770 4533">
     <span class='ocr_line' id='line_1_45' title="bbox 339 4451 3770 4533; baseline -0.001 -19"><span class='ocrx_word' id='word_1_511' title='bbox 339 4451 674 4520; x_wconf 88' lang='lat' dir='ltr'>collocavi.</span> <span class='ocrx_word' id='word_1_512' title='bbox 711 4459 780 4514; x_wconf 94' lang='lat' dir='ltr'>ut</span> <span class='ocrx_word' id='word_1_513' title='bbox 832 4453 1157 4514; x_wconf 88' lang='lat' dir='ltr'>historiam</span> <span class='ocrx_word' id='word_1_514' title='bbox 1213 4459 1529 4531; x_wconf 89' lang='lat' dir='ltr'>gestarum</span> <span class='ocrx_word' id='word_1_515' title='bbox 1589 4472 1626 4514; x_wconf 92' lang='lat' dir='ltr'>a</span> <span class='ocrx_word' id='word_1_516' title='bbox 1683 4452 2037 4532; x_wconf 86' lang='lat' dir='ltr'>Nicephoro</span> <span class='ocrx_word' id='word_1_517' title='bbox 2094 4456 2256 4530; x_wconf 87' lang='lat' dir='ltr'>Aug.</span> <span class='ocrx_word' id='word_1_518' title='bbox 2322 4472 2530 4513; x_wconf 89' lang='lat' dir='ltr'>rerum</span> <span class='ocrx_word' id='word_1_519' title='bbox 2582 4454 2840 4533; x_wconf 90' lang='lat' dir='ltr'>scriptio</span> <span class='ocrx_word' id='word_1_520' title='bbox 2899 4453 3185 4532; x_wconf 86' lang='lat' dir='ltr'>ejusdem</span> <span class='ocrx_word' id='word_1_521' title='bbox 3238 4454 3417 4532; x_wconf 89' lang='lat' dir='ltr'>jussu</span> <span class='ocrx_word' id='word_1_522' title='bbox 3479 4455 3770 4514; x_wconf 86' lang='lat' dir='ltr'>confecta</span> 
     </span>
    </p>
   </div>
   <div class='ocr_carea' id='block_1_46' title="bbox 341 4549 3769 4631">
    <p class='ocr_par' dir='ltr' id='par_1_46' title="bbox 341 4549 3769 4631">
     <span class='ocr_line' id='line_1_46' title="bbox 341 4549 3769 4631; baseline -0.001 -21"><span class='ocrx_word' id='word_1_523' title='bbox 341 4549 694 4630; x_wconf 87' lang='lat' dir='ltr'>exciperet.</span> <span class='ocrx_word' id='word_1_524' title='bbox 771 4555 966 4620; x_wconf 87' lang='lat' dir='ltr'>Quam</span> <span class='ocrx_word' id='word_1_525' title='bbox 1041 4569 1167 4611; x_wconf 90' lang='lat' dir='ltr'>non</span> <span class='ocrx_word' id='word_1_526' title='bbox 1227 4550 1306 4610; x_wconf 88' lang='lat' dir='ltr'>ab</span> <span class='ocrx_word' id='word_1_527' title='bbox 1364 4550 1500 4629; x_wconf 90' lang='lat' dir='ltr'>ipso</span> <span class='ocrx_word' id='word_1_528' title='bbox 1563 4551 1916 4631; x_wconf 91' lang='lat' dir='ltr'>Nicephoro</span> <span class='ocrx_word' id='word_1_529' title='bbox 1970 4549 2196 4611; x_wconf 62' lang='lat' dir='ltr'>litteris</span> <span class='ocrx_word' id='word_1_530' title='bbox 2255 4549 2688 4628; x_wconf 88' lang='lat' dir='ltr'>consignatam</span> <span class='ocrx_word' id='word_1_531' title='bbox 2748 4569 2904 4626; x_wconf 87' lang='lat' dir='ltr'>esse,</span> <span class='ocrx_word' id='word_1_532' title='bbox 2962 4551 3500 4630; x_wconf 88' lang='lat' dir='ltr'>quemadmodum</span> <span class='ocrx_word' id='word_1_533' title='bbox 3564 4549 3769 4609; x_wconf 87' lang='lat' dir='ltr'>Meur-</span> 
     </span>
    </p>
   </div>
   <div class='ocr_carea' id='block_1_47' title="bbox 343 4647 3770 4728">
    <p class='ocr_par' dir='ltr' id='par_1_47' title="bbox 343 4647 3770 4728">
     <span class='ocr_line' id='line_1_47' title="bbox 343 4647 3770 4728; baseline -0 -20"><span class='ocrx_word' id='word_1_534' title='bbox 343 4648 486 4710; x_wconf 87' lang='lat' dir='ltr'>sius</span> <span class='ocrx_word' id='word_1_535' title='bbox 546 4648 953 4710; x_wconf 82' lang='lat' dir='ltr'>existimabat</span> <span class='ocrx_word' id='word_1_536' title='bbox 1009 4648 1203 4728; x_wconf 88' lang='lat' dir='ltr'>(conf.</span> <span class='ocrx_word' id='word_1_537' title='bbox 1267 4647 1557 4710; x_wconf 87' lang='lat' dir='ltr'>Lambec.</span> <span class='ocrx_word' id='word_1_538' title='bbox 1617 4651 1969 4711; x_wconf 91' lang='lat' dir='ltr'>Comment.</span> <span class='ocrx_word' id='word_1_539' title='bbox 2033 4649 2112 4709; x_wconf 94' lang='lat' dir='ltr'>de</span> <span class='ocrx_word' id='word_1_540' title='bbox 2168 4649 2328 4709; x_wconf 93' lang='lat' dir='ltr'>Bibl.</span> <span class='ocrx_word' id='word_1_541' title='bbox 2390 4650 2546 4710; x_wconf 90' lang='lat' dir='ltr'>Cas.</span> <span class='ocrx_word' id='word_1_542' title='bbox 2625 4650 2754 4721; x_wconf 92' lang='lat' dir='ltr'>Vll,</span> <span class='ocrx_word' id='word_1_543' title='bbox 2832 4647 3024 4728; x_wconf 67' lang='lat'>433.),</span> <span class='ocrx_word' id='word_1_544' title='bbox 3107 4667 3248 4709; x_wconf 91' lang='lat' dir='ltr'>cum</span> <span class='ocrx_word' id='word_1_545' title='bbox 3326 4668 3402 4708; x_wconf 79' lang='lat' dir='ltr'>ex</span> <span class='ocrx_word' id='word_1_546' title='bbox 3473 4647 3770 4708; x_wconf 88' lang='lat' dir='ltr'>universo</span> 
     </span>
    </p>
   </div>
   <div class='ocr_carea' id='block_1_48' title="bbox 343 4745 3760 4826">
    <p class='ocr_par' dir='ltr' id='par_1_48' title="bbox 343 4745 3760 4826">
     <span class='ocr_line' id='line_1_48' title="bbox 343 4745 3760 4826; baseline -0 -21"><span class='ocrx_word' id='word_1_547' title='bbox 343 4763 544 4825; x_wconf 86' lang='lat' dir='ltr'>Opere</span> <span class='ocrx_word' id='word_1_548' title='bbox 611 4747 1010 4826; x_wconf 88' lang='lat' dir='ltr'>perspicitur,</span> <span class='ocrx_word' id='word_1_549' title='bbox 1073 4753 1205 4807; x_wconf 88' lang='lat' dir='ltr'>tum</span> <span class='ocrx_word' id='word_1_550' title='bbox 1262 4763 1408 4808; x_wconf 88' lang='lat' dir='ltr'>vero</span> <span class='ocrx_word' id='word_1_551' title='bbox 1477 4747 1711 4826; x_wconf 88' lang='lat' dir='ltr'>apertis</span> <span class='ocrx_word' id='word_1_552' title='bbox 1777 4747 1984 4811; x_wconf 89' lang='lat' dir='ltr'>verbis</span> <span class='ocrx_word' id='word_1_553' title='bbox 2048 4745 2165 4806; x_wconf 92' lang='lat' dir='ltr'>sub</span> <span class='ocrx_word' id='word_1_554' title='bbox 2231 4745 2418 4806; x_wconf 82' lang='lat' dir='ltr'>linem</span> <span class='ocrx_word' id='word_1_555' title='bbox 2478 4745 2890 4824; x_wconf 88' lang='lat' dir='ltr'>prafationis,</span> <span class='ocrx_word' id='word_1_556' title='bbox 2953 4748 3092 4818; x_wconf 87' lang='lat'>119,</span> <span class='ocrx_word' id='word_1_557' title='bbox 3161 4745 3545 4806; x_wconf 85' lang='lat' dir='ltr'>declaratur.</span> <span class='ocrx_word' id='word_1_558' title='bbox 3634 4747 3760 4806; x_wconf 94' lang='lat' dir='ltr'>Nec</span> 
     </span>
    </p>
   </div>
   <div class='ocr_carea' id='block_1_49' title="bbox 348 4841 3765 4921">
    <p class='ocr_par' dir='ltr' id='par_1_49' title="bbox 348 4841 3765 4921">
     <span class='ocr_line' id='line_1_49' title="bbox 348 4841 3765 4921; baseline 0 -19"><span class='ocrx_word' id='word_1_559' title='bbox 348 4846 592 4910; x_wconf 86' lang='lat' dir='ltr'>tamen.</span> <span class='ocrx_word' id='word_1_560' title='bbox 648 4843 700 4903; x_wconf 85' lang='lat' dir='ltr'>si</span> <span class='ocrx_word' id='word_1_561' title='bbox 755 4844 831 4904; x_wconf 92' lang='lat' dir='ltr'>de</span> <span class='ocrx_word' id='word_1_562' title='bbox 891 4844 1144 4904; x_wconf 89' lang='lat' dir='ltr'>nomine</span> <span class='ocrx_word' id='word_1_563' title='bbox 1197 4842 1517 4921; x_wconf 86' lang='lat' dir='ltr'>scriptoris</span> <span class='ocrx_word' id='word_1_564' title='bbox 1576 4863 1701 4905; x_wconf 91' lang='lat' dir='ltr'>non</span> <span class='ocrx_word' id='word_1_565' title='bbox 1763 4843 2070 4904; x_wconf 91' lang='lat' dir='ltr'>habemus</span> <span class='ocrx_word' id='word_1_566' title='bbox 2128 4843 2299 4921; x_wconf 91' lang='lat' dir='ltr'>quod</span> <span class='ocrx_word' id='word_1_567' title='bbox 2351 4843 2610 4920; x_wconf 91' lang='lat' dir='ltr'>liqueat,</span> <span class='ocrx_word' id='word_1_568' title='bbox 2649 4842 2726 4901; x_wconf 93' lang='lat' dir='ltr'>de</span> <span class='ocrx_word' id='word_1_569' title='bbox 2780 4849 3061 4920; x_wconf 88' lang='lat' dir='ltr'>tempore</span> <span class='ocrx_word' id='word_1_570' title='bbox 3121 4859 3249 4920; x_wconf 92' lang='lat' dir='ltr'>quo</span> <span class='ocrx_word' id='word_1_571' title='bbox 3303 4843 3626 4902; x_wconf 80' lang='lat' dir='ltr'>confectus</span> <span class='ocrx_word' id='word_1_572' title='bbox 3682 4841 3765 4902; x_wconf 89' lang='lat' dir='ltr'>sit</span> 
     </span>
    </p>
   </div>
   <div class='ocr_carea' id='block_1_50' title="bbox 350 4939 3750 5022">
    <p class='ocr_par' dir='ltr' id='par_1_50' title="bbox 350 4939 3750 5022">
     <span class='ocr_line' id='line_1_50' title="bbox 350 4939 3750 5022; baseline 0 -22"><span class='ocrx_word' id='word_1_573' title='bbox 350 4939 404 5000; x_wconf 89' lang='lat' dir='ltr'>is</span> <span class='ocrx_word' id='word_1_574' title='bbox 452 4939 980 5015; x_wconf 71' lang='lat' dir='ltr'>Commentariun,</span> <span class='ocrx_word' id='word_1_575' title='bbox 1023 4941 1332 5002; x_wconf 89' lang='lat' dir='ltr'>dubitatio</span> <span class='ocrx_word' id='word_1_576' title='bbox 1377 4941 1623 5002; x_wconf 86' lang='lat' dir='ltr'>inﬁnita</span> <span class='ocrx_word' id='word_1_577' title='bbox 1681 4961 1815 5003; x_wconf 85' lang='lat' dir='ltr'>esse</span> <span class='ocrx_word' id='word_1_578' title='bbox 1872 4949 2104 5022; x_wconf 90' lang='lat' dir='ltr'>potest.</span> <span class='ocrx_word' id='word_1_579' title='bbox 2164 4941 2267 5001; x_wconf 89' lang='lat' dir='ltr'>Ait</span> <span class='ocrx_word' id='word_1_580' title='bbox 2323 4947 2564 5013; x_wconf 88' lang='lat' dir='ltr'>auctor,</span> <span class='ocrx_word' id='word_1_581' title='bbox 2625 4939 2908 5018; x_wconf 89' lang='lat' dir='ltr'>quisquis</span> <span class='ocrx_word' id='word_1_582' title='bbox 2963 4945 3057 5000; x_wconf 85' lang='lat' dir='ltr'>est</span> <span class='ocrx_word' id='word_1_583' title='bbox 3110 4939 3238 5012; x_wconf 92' lang='lat' dir='ltr'>ille,</span> <span class='ocrx_word' id='word_1_584' title='bbox 3298 4958 3337 5000; x_wconf 92' lang='lat' dir='ltr'>a</span> <span class='ocrx_word' id='word_1_585' title='bbox 3396 4939 3750 5019; x_wconf 91' lang='lat' dir='ltr'>Nicephoro</span> 
     </span>
    </p>
   </div>
   <div class='ocr_carea' id='block_1_51' title="bbox 340 5037 3746 5120">
    <p class='ocr_par' dir='ltr' id='par_1_51' title="bbox 340 5037 3746 5120">
     <span class='ocr_line' id='line_1_51' title="bbox 340 5037 3746 5120; baseline -0.001 -22"><span class='ocrx_word' id='word_1_586' title='bbox 340 5039 567 5098; x_wconf 90' lang='lat' dir='ltr'>Phoca</span> <span class='ocrx_word' id='word_1_587' title='bbox 635 5041 794 5120; x_wconf 91' lang='lat' dir='ltr'>Imp.</span> <span class='ocrx_word' id='word_1_588' title='bbox 878 5039 1246 5100; x_wconf 89' lang='lat' dir='ltr'>mandatum</span> <span class='ocrx_word' id='word_1_589' title='bbox 1319 5039 1439 5099; x_wconf 88' lang='lat' dir='ltr'>sibi</span> <span class='ocrx_word' id='word_1_590' title='bbox 1494 5059 1652 5114; x_wconf 85' lang='lat' dir='ltr'>esse,</span> <span class='ocrx_word' id='word_1_591' title='bbox 1724 5047 1792 5101; x_wconf 91' lang='lat' dir='ltr'>ut</span> <span class='ocrx_word' id='word_1_592' title='bbox 1849 5058 2046 5118; x_wconf 91' lang='lat' dir='ltr'>genus</span> <span class='ocrx_word' id='word_1_593' title='bbox 2077 5037 2198 5098; x_wconf 91' lang='lat' dir='ltr'>hoc</span> <span class='ocrx_word' id='word_1_594' title='bbox 2254 5037 2532 5098; x_wconf 91' lang='lat' dir='ltr'>bellandi</span> <span class='ocrx_word' id='word_1_595' title='bbox 2588 5037 2901 5116; x_wconf 87' lang='lat' dir='ltr'>scriptura</span> <span class='ocrx_word' id='word_1_596' title='bbox 2959 5042 3462 5117; x_wconf 75' lang='lat' dir='ltr'>persequeretur.</span> <span class='ocrx_word' id='word_1_597' title='bbox 3561 5037 3746 5098; x_wconf 93' lang='lat' dir='ltr'>Illum</span> 
     </span>
    </p>
   </div>
   <div class='ocr_carea' id='block_1_52' title="bbox 357 5122 3770 5216">
    <p class='ocr_par' dir='ltr' id='par_1_52' title="bbox 357 5122 3770 5216">
     <span class='ocr_line' id='line_1_52' title="bbox 357 5122 3770 5216; baseline 0 -20"><span class='ocrx_word' id='word_1_598' title='bbox 357 5142 579 5198; x_wconf 87' lang='lat' dir='ltr'>autem</span> <span class='ocrx_word' id='word_1_599' title='bbox 667 5138 748 5198; x_wconf 93' lang='lat' dir='ltr'>ob</span> <span class='ocrx_word' id='word_1_600' title='bbox 824 5157 923 5198; x_wconf 81' lang='lat' dir='ltr'>res</span> <span class='ocrx_word' id='word_1_601' title='bbox 987 5138 1147 5198; x_wconf 88' lang='lat' dir='ltr'>bene</span> <span class='ocrx_word' id='word_1_602' title='bbox 1218 5143 1427 5216; x_wconf 84' lang='lat' dir='ltr'>gestas</span> <span class='ocrx_word' id='word_1_603' title='bbox 1502 5138 1796 5198; x_wconf 87' lang='lat' dir='ltr'>laudibus</span> <span class='ocrx_word' id='word_1_604' title='bbox 1868 5138 1942 5198; x_wconf 88' lang='lat' dir='ltr'>iis</span> <span class='ocrx_word' id='word_1_605' title='bbox 2015 5137 2216 5209; x_wconf 77' lang='lat' dir='ltr'>effert,</span> <span class='ocrx_word' id='word_1_606' title='bbox 2297 5135 2526 5214; x_wconf 89' lang='lat' dir='ltr'>quibus</span> <span class='ocrx_word' id='word_1_607' title='bbox 2590 5153 2904 5216; x_wconf 88' lang='lat' dir='ltr'>quemque</span> <span class='ocrx_word' id='word_1_608' title='bbox 2969 5136 3338 5196; x_wconf 89' lang='lat' dir='ltr'>memoriam</span> <span class='ocrx_word' id='word_1_609' title='bbox 3383 5135 3518 5214; x_wconf 88' lang='lat' dir='ltr'>ejus</span> <span class='ocrx_word' id='word_1_610' title='bbox 3588 5122 3770 5196; x_wconf 85' lang='lat' dir='ltr'>reno-</span> 
     </span>
    </p>
   </div>
   <div class='ocr_carea' id='block_1_53' title="bbox 350 5235 3764 5316">
    <p class='ocr_par' dir='ltr' id='par_1_53' title="bbox 350 5235 3764 5316">
     <span class='ocr_line' id='line_1_53' title="bbox 350 5235 3764 5316; baseline 0 -23"><span class='ocrx_word' id='word_1_611' title='bbox 350 5251 560 5306; x_wconf 85' lang='lat' dir='ltr'>vasse,</span> <span class='ocrx_word' id='word_1_612' title='bbox 650 5236 984 5314; x_wconf 89' lang='lat' dir='ltr'>superstite</span> <span class='ocrx_word' id='word_1_613' title='bbox 1059 5242 1120 5296; x_wconf 91' lang='lat' dir='ltr'>et</span> <span class='ocrx_word' id='word_1_614' title='bbox 1199 5235 1552 5315; x_wconf 88' lang='lat' dir='ltr'>imperante</span> <span class='ocrx_word' id='word_1_615' title='bbox 1638 5255 2004 5316; x_wconf 89' lang='lat' dir='ltr'>percussore</span> <span class='ocrx_word' id='word_1_616' title='bbox 2085 5235 2222 5312; x_wconf 87' lang='lat' dir='ltr'>ejus</span> <span class='ocrx_word' id='word_1_617' title='bbox 2299 5235 2543 5296; x_wconf 86' lang='lat' dir='ltr'>Joanne</span> <span class='ocrx_word' id='word_1_618' title='bbox 2613 5235 2938 5308; x_wconf 91' lang='lat' dir='ltr'>Tzimisce,</span> <span class='ocrx_word' id='word_1_619' title='bbox 3018 5235 3123 5294; x_wconf 85' lang='lat' dir='ltr'>vix</span> <span class='ocrx_word' id='word_1_620' title='bbox 3181 5239 3275 5295; x_wconf 87' lang='lat' dir='ltr'>est</span> <span class='ocrx_word' id='word_1_621' title='bbox 3354 5235 3764 5296; x_wconf 88' lang='lat' dir='ltr'>credendum.</span> 
     </span>
    </p>
   </div>
   <div class='ocr_carea' id='block_1_54' title="bbox 356 5331 3768 5413">
    <p class='ocr_par' dir='ltr' id='par_1_54' title="bbox 356 5331 3768 5413">
     <span class='ocr_line' id='line_1_54' title="bbox 356 5331 3768 5413; baseline 0 -20"><span class='ocrx_word' id='word_1_622' title='bbox 356 5331 612 5393; x_wconf 89' lang='lat' dir='ltr'>Etenim</span> <span class='ocrx_word' id='word_1_623' title='bbox 670 5333 982 5412; x_wconf 87' lang='lat' dir='ltr'>repentini</span> <span class='ocrx_word' id='word_1_624' title='bbox 1031 5333 1340 5412; x_wconf 89' lang='lat' dir='ltr'>homines,</span> <span class='ocrx_word' id='word_1_625' title='bbox 1400 5351 1474 5394; x_wconf 87' lang='lat' dir='ltr'>ac</span> <span class='ocrx_word' id='word_1_626' title='bbox 1531 5353 1642 5413; x_wconf 92' lang='lat' dir='ltr'>per</span> <span class='ocrx_word' id='word_1_627' title='bbox 1697 5335 1900 5395; x_wconf 88' lang='lat' dir='ltr'>scelus</span> <span class='ocrx_word' id='word_1_628' title='bbox 1954 5333 2034 5394; x_wconf 90' lang='lat' dir='ltr'>ad</span> <span class='ocrx_word' id='word_1_629' title='bbox 2091 5351 2340 5393; x_wconf 89' lang='lat' dir='ltr'>summa</span> <span class='ocrx_word' id='word_1_630' title='bbox 2393 5332 2613 5407; x_wconf 91' lang='lat' dir='ltr'>evecti,</span> <span class='ocrx_word' id='word_1_631' title='bbox 2676 5352 2802 5412; x_wconf 94' lang='lat' dir='ltr'>quo</span> <span class='ocrx_word' id='word_1_632' title='bbox 2857 5333 3175 5394; x_wconf 88' lang='lat' dir='ltr'>uberiores</span> <span class='ocrx_word' id='word_1_633' title='bbox 3225 5333 3464 5394; x_wconf 90' lang='lat' dir='ltr'>fructus</span> <span class='ocrx_word' id='word_1_634' title='bbox 3531 5334 3768 5411; x_wconf 89' lang='lat' dir='ltr'>patrati</span> 
     </span>
    </p>
   </div>
   <div class='ocr_carea' id='block_1_55' title="bbox 347 5429 3746 5512">
    <p class='ocr_par' dir='ltr' id='par_1_55' title="bbox 347 5429 3746 5512">
     <span class='ocr_line' id='line_1_55' title="bbox 347 5429 3746 5512; baseline 0 -23"><span class='ocrx_word' id='word_1_635' title='bbox 347 5429 654 5491; x_wconf 82' lang='lat' dir='ltr'>facinoris</span> <span class='ocrx_word' id='word_1_636' title='bbox 710 5430 990 5511; x_wconf 92' lang='lat' dir='ltr'>capiunt,</span> <span class='ocrx_word' id='word_1_637' title='bbox 1052 5450 1127 5493; x_wconf 92' lang='lat' dir='ltr'>eo</span> <span class='ocrx_word' id='word_1_638' title='bbox 1212 5431 1648 5493; x_wconf 88' lang='lat' dir='ltr'>vehementius</span> <span class='ocrx_word' id='word_1_639' title='bbox 1703 5431 1840 5512; x_wconf 89' lang='lat' dir='ltr'>ejus</span> <span class='ocrx_word' id='word_1_640' title='bbox 1918 5430 2523 5492; x_wconf 89' lang='lat' dir='ltr'>commemoratione</span> <span class='ocrx_word' id='word_1_641' title='bbox 2574 5436 3076 5492; x_wconf 89' lang='lat' dir='ltr'>commoventur.</span> <span class='ocrx_word' id='word_1_642' title='bbox 3137 5430 3287 5492; x_wconf 92' lang='lat' dir='ltr'>Ideo</span> <span class='ocrx_word' id='word_1_643' title='bbox 3339 5431 3620 5491; x_wconf 90' lang='lat' dir='ltr'>adducor</span> <span class='ocrx_word' id='word_1_644' title='bbox 3679 5435 3746 5490; x_wconf 92' lang='lat' dir='ltr'>ut</span> 
     </span>
    </p>
   </div>
   <div class='ocr_carea' id='block_1_56' title="bbox 347 5525 3772 5610">
    <p class='ocr_par' dir='ltr' id='par_1_56' title="bbox 347 5525 3772 5610">
     <span class='ocr_line' id='line_1_56' title="bbox 347 5525 3772 5610; baseline -0.001 -23"><span class='ocrx_word' id='word_1_645' title='bbox 347 5527 632 5604; x_wconf 90' lang='lat' dir='ltr'>credam,</span> <span class='ocrx_word' id='word_1_646' title='bbox 668 5529 904 5610; x_wconf 90' lang='lat' dir='ltr'>scripta</span> <span class='ocrx_word' id='word_1_647' title='bbox 938 5548 1013 5591; x_wconf 92' lang='lat' dir='ltr'>ea</span> <span class='ocrx_word' id='word_1_648' title='bbox 1069 5529 1324 5590; x_wconf 89' lang='lat' dir='ltr'>demum</span> <span class='ocrx_word' id='word_1_649' title='bbox 1384 5548 1518 5591; x_wconf 87' lang='lat' dir='ltr'>esse</span> <span class='ocrx_word' id='word_1_650' title='bbox 1573 5530 1690 5591; x_wconf 88' lang='lat' dir='ltr'>sub</span> <span class='ocrx_word' id='word_1_651' title='bbox 1746 5530 1980 5590; x_wconf 89' lang='lat' dir='ltr'>Basilio</span> <span class='ocrx_word' id='word_1_652' title='bbox 2039 5535 2102 5590; x_wconf 89' lang='lat' dir='ltr'>et</span> <span class='ocrx_word' id='word_1_653' title='bbox 2150 5529 2584 5602; x_wconf 89' lang='lat' dir='ltr'>Constantino,</span> <span class='ocrx_word' id='word_1_654' title='bbox 2643 5546 2853 5589; x_wconf 90' lang='lat' dir='ltr'>rerum</span> <span class='ocrx_word' id='word_1_655' title='bbox 2908 5529 3124 5608; x_wconf 84' lang='lat' dir='ltr'>politis</span> <span class='ocrx_word' id='word_1_656' title='bbox 3181 5546 3239 5588; x_wconf 92' lang='lat' dir='ltr'>a.</span> <span class='ocrx_word' id='word_1_657' title='bbox 3303 5529 3443 5588; x_wconf 89' lang='lat'>976.</span> <span class='ocrx_word' id='word_1_658' title='bbox 3504 5525 3772 5586; x_wconf 82' lang='lat' dir='ltr'>Accedit</span> 
     </span>
    </p>
   </div>
   <div class='ocr_carea' id='block_1_57' title="bbox 345 5625 2004 5708">
    <p class='ocr_par' dir='ltr' id='par_1_57' title="bbox 345 5625 2004 5707">
     <span class='ocr_line' id='line_1_57' title="bbox 345 5625 2004 5707; baseline 0.003 -23"><span class='ocrx_word' id='word_1_659' title='bbox 345 5625 544 5704; x_wconf 92' lang='lat' dir='ltr'>quod,</span> <span class='ocrx_word' id='word_1_660' title='bbox 577 5627 827 5706; x_wconf 86' lang='lat' dir='ltr'>quoties</span> <span class='ocrx_word' id='word_1_661' title='bbox 858 5626 1158 5707; x_wconf 91' lang='lat' dir='ltr'>principis</span> <span class='ocrx_word' id='word_1_662' title='bbox 1178 5627 1261 5688; x_wconf 75' lang='lat' dir='ltr'>ﬁt</span> <span class='ocrx_word' id='word_1_663' title='bbox 1290 5628 1550 5706; x_wconf 89' lang='lat' dir='ltr'>mentio,</span> <span class='ocrx_word' id='word_1_664' title='bbox 1582 5628 1768 5689; x_wconf 89' lang='lat' dir='ltr'>toties</span> <span class='ocrx_word' id='word_1_665' title='bbox 1818 5634 2004 5689; x_wconf 90' lang='lat' dir='ltr'>aucto</span> 
     </span>
    </p>
   </div>
   <div class='ocr_carea' id='block_1_58' title="bbox 2096 5625 3755 5708">
    <p class='ocr_par' dir='ltr' id='par_1_58' title="bbox 2096 5625 3755 5708">
     <span class='ocr_line' id='line_1_58' title="bbox 2096 5625 3755 5708; baseline -0.002 -22"><span class='ocrx_word' id='word_1_666' title='bbox 2096 5646 2356 5690; x_wconf 89' lang='lat' dir='ltr'>numero</span> <span class='ocrx_word' id='word_1_667' title='bbox 2415 5625 2643 5708; x_wconf 89' lang='lat' dir='ltr'>plurali</span> <span class='ocrx_word' id='word_1_668' title='bbox 2703 5628 2940 5689; x_wconf 87' lang='lat' dir='ltr'>utitur:</span> <span class='ocrx_word' id='word_1_669' title='bbox 2975 5633 3026 5688; x_wconf 77' lang='grc' dir='ltr'>οἱ</span> <span class='ocrx_word' id='word_1_670' title='bbox 3059 5634 3204 5706; x_wconf 81' lang='grc' dir='ltr'>ἅγιοι</span> <span class='ocrx_word' id='word_1_671' title='bbox 3263 5633 3425 5704; x_wconf 79' lang='grc' dir='ltr'>ήμῶν</span> <span class='ocrx_word' id='word_1_672' title='bbox 3487 5627 3755 5704; x_wconf 81' lang='grc' dir='ltr'>βασιλεῖς,</span> 
     </span>
    </p>
   </div>
   <div class='ocr_carea' id='block_1_59' title="bbox 348 5720 2007 5808">
    <p class='ocr_par' dir='ltr' id='par_1_59' title="bbox 348 5725 1973 5808">
     <span class='ocr_line' id='line_1_59' title="bbox 348 5725 1973 5808; baseline 0.004 -27"><span class='ocrx_word' id='word_1_673' title='bbox 348 5725 496 5793; x_wconf 79' lang='grc'>155.</span> <span class='ocrx_word' id='word_1_674' title='bbox 527 5735 636 5787; x_wconf 83' lang='grc' dir='ltr'>τῶν</span> <span class='ocrx_word' id='word_1_675' title='bbox 672 5731 836 5808; x_wconf 77' lang='grc' dir='ltr'>ἁγίων</span> <span class='ocrx_word' id='word_1_676' title='bbox 871 5731 1168 5807; x_wconf 73' lang='grc' dir='ltr'>βασιλέων,</span> <span class='ocrx_word' id='word_1_677' title='bbox 1199 5727 1337 5805; x_wconf 79' lang='grc'>155,</span> <span class='ocrx_word' id='word_1_678' title='bbox 1368 5736 1474 5788; x_wconf 81' lang='grc' dir='ltr'>τῶν</span> <span class='ocrx_word' id='word_1_679' title='bbox 1509 5730 1780 5808; x_wconf 70' lang='grc' dir='ltr'>βασιλέων</span> <span class='ocrx_word' id='word_1_680' title='bbox 1812 5733 1973 5807; x_wconf 77' lang='grc' dir='ltr'>ήμῶν</span> 
     </span>
    </p>
   </div>
   <div class='ocr_carea' id='block_1_60' title="bbox 2108 5720 3767 5808">
    <p class='ocr_par' dir='ltr' id='par_1_60' title="bbox 2108 5720 3767 5808">
     <span class='ocr_line' id='line_1_60' title="bbox 2108 5720 3767 5808; baseline -0.005 -21"><span class='ocrx_word' id='word_1_681' title='bbox 2108 5753 2196 5803; x_wconf 73' lang='grc' dir='ltr'>ων,</span> <span class='ocrx_word' id='word_1_682' title='bbox 2231 5727 2369 5800; x_wconf 80' lang='grc'>154,</span> <span class='ocrx_word' id='word_1_683' title='bbox 2399 5725 2568 5806; x_wconf 89' lang='lat' dir='ltr'>quod</span> <span class='ocrx_word' id='word_1_684' title='bbox 2623 5723 2689 5784; x_wconf 94' lang='lat' dir='ltr'>in</span> <span class='ocrx_word' id='word_1_685' title='bbox 2745 5724 3135 5808; x_wconf 85' lang='lat' dir='ltr'>geminatum</span> <span class='ocrx_word' id='word_1_686' title='bbox 3214 5721 3431 5784; x_wconf 88' lang='lat' dir='ltr'>Basilii</span> <span class='ocrx_word' id='word_1_687' title='bbox 3487 5724 3552 5780; x_wconf 91' lang='lat' dir='ltr'>et</span> <span class='ocrx_word' id='word_1_688' title='bbox 3605 5720 3767 5780; x_wconf 88' lang='lat' dir='ltr'>Con-</span> 
     </span>
    </p>
   </div>
   <div class='ocr_carea' id='block_1_61' title="bbox 347 5817 3768 5905">
    <p class='ocr_par' dir='ltr' id='par_1_61' title="bbox 347 5817 3768 5905">
     <span class='ocr_line' id='line_1_61' title="bbox 347 5817 3768 5905; baseline -0.004 -15"><span class='ocrx_word' id='word_1_689' title='bbox 347 5827 611 5892; x_wconf 75' lang='lat' dir='ltr'>stantini</span> <span class='ocrx_word' id='word_1_690' title='bbox 656 5824 991 5905; x_wconf 89' lang='lat' dir='ltr'>imperium</span> <span class='ocrx_word' id='word_1_691' title='bbox 1041 5823 1356 5904; x_wconf 84' lang='lat' dir='ltr'>quadrare</span> <span class='ocrx_word' id='word_1_692' title='bbox 1411 5829 1555 5905; x_wconf 86' lang='lat' dir='ltr'>apte</span> <span class='ocrx_word' id='word_1_693' title='bbox 1610 5824 1884 5888; x_wconf 86' lang='lat' dir='ltr'>videtur.</span> <span class='ocrx_word' id='word_1_694' title='bbox 1956 5823 2278 5887; x_wconf 86' lang='lat' dir='ltr'>Habemus</span> <span class='ocrx_word' id='word_1_695' title='bbox 2358 5823 2551 5902; x_wconf 84' lang='lat' dir='ltr'>igitur</span> <span class='ocrx_word' id='word_1_696' title='bbox 2606 5823 2670 5884; x_wconf 92' lang='lat' dir='ltr'>in</span> <span class='ocrx_word' id='word_1_697' title='bbox 2726 5821 2848 5884; x_wconf 92' lang='lat' dir='ltr'>hoc</span> <span class='ocrx_word' id='word_1_698' title='bbox 2906 5820 3121 5882; x_wconf 90' lang='lat' dir='ltr'>libello</span> <span class='ocrx_word' id='word_1_699' title='bbox 3180 5817 3600 5900; x_wconf 85' lang='lat' dir='ltr'>perscriptam</span> <span class='ocrx_word' id='word_1_700' title='bbox 3657 5831 3768 5877; x_wconf 87' lang='lat' dir='ltr'>no-</span> 
     </span>
    </p>
   </div>
  </div>
