4184 6326
434 296 548 356 647
1712 285 1782 348 C.
1828 287 1899 346 Β.
1948 286 2086 346 ΗΔΕ

2221 284 2628 346 PRJEFATIO
3752 286 3873 348 648

434 420 659 494 titiam,
705 414 1238 496 quemadmodum
1301 411 1531 472 saeculo
1580 430 1618 471 x
1677 410 1883 471 medio
1944 415 2053 470 aut
2112 416 2378 472 exeunte
2445 430 2480 470 a
2538 410 2772 473 Graecis
2830 410 2928 472 vel
2987 409 3566 490 administrabatur
3625 411 3872 473 bellum

435 517 500 577 in
533 515 771 594 asperis
799 511 1011 584 Tauri,
1096 509 1432 582 Antitauri,
1523 509 1750 570 Amani
1791 507 1965 581 locis,
2029 507 2126 568 vel
2183 507 2611 570 administrari
2666 509 3002 571 debuisset.
3067 513 3157 570 Ea
3217 529 3340 571 una
3396 529 3504 570 me
3543 512 3879 590 permovit

436 615 620 686 ratio,
687 618 754 672 ut
812 611 874 670 in
936 609 1229 670 volumen
1290 607 1450 667 istuc
1507 605 1849 685 reciperem
1909 606 2310 685 opusculum,
2373 607 2542 686 quod
2603 607 2722 668 nisi
2777 626 2892 686 pro
2949 608 3403 669 commentario
3470 609 3753 669 militari
3813 611 3876 671 in

435 711 868 791 expeditiones
948 707 1176 767 Pbocae
1234 705 1681 783 Tzimiscasque
1736 723 1774 764 a
1826 708 2036 765 Leone
2112 722 2438 784 eXpressas
2494 705 2730 766 habere
2781 705 2976 779 velis;
3027 706 3309 784 alioquin
3366 707 3562 767 facile
3639 708 3876 797 fateor,

432 829 639 888 neque
686 827 895 869 rerum
953 805 1157 884 copia,
1207 822 1410 881 neque
1468 801 1743 864 auctoris
1801 801 2113 875 doctrina,
2170 803 2404 862 nedum
2463 802 2779 880 elegantia
2835 803 3106 880 dicendi,
3160 803 3399 882 [XXIV]
3463 804 3622 883 plus
3677 825 3876 885 quam

435 908 636 968 multa
675 905 800 965 alia
847 903 1131 981 ejusdem
1179 901 1404 972 aetatis,
1465 919 1606 980 qua
1657 900 1917 961 editioni
1972 907 2197 977 parata
2254 899 2548 972 habeam,
2607 900 2809 960 lucem
2855 918 3262 961 commerere.
3324 901 3474 961 Gavi
3533 909 3742 976 certe,
3807 909 3876 964 ut

437 1025 518 1065 ne
589 1004 744 1083 quid
797 1001 1064 1062 nimium
1123 1018 1158 1059 a
1219 998 1399 1058 nobis
1447 998 1509 1057 in
1567 998 1686 1058 hac
1733 1003 1911 1076 parte
1969 997 2288 1076 adjectum
2339 1015 2471 1058 esse
2518 998 2850 1059 diceretur.
2924 1000 3208 1070 Quatuor
3267 1007 3445 1059 erant
3508 1000 3752 1070 Codd.,
3808 1002 3871 1061 in

431 1105 659 1184 quibus
715 1102 996 1162 libellum
1042 1099 1213 1159 hunc
1261 1099 1647 1158 offenderam
1682 1115 1696 1156 :
1732 1096 1811 1176 Ι.)
1864 1097 2098 1174 Regius
2151 1097 2306 1157 2137
2340 1097 2447 1158 fol.
2481 1098 2592 1158 371
2657 1117 2828 1158 verso
2884 1133 2963 1142 —
3015 1098 3134 1158 409
3190 1107 3394 1172 recto;
3459 1099 3582 1178 II.)
3632 1101 3871 1180 Regius

432 1205 592 1266 2445
651 1203 760 1262 fol.
811 1199 928 1261 320
1012 1208 1278 1258 recto—
1339 1197 1455 1257 335
1505 1215 1712 1270 verso;
1775 1196 1907 1275 III.)
1959 1196 2167 1257 Codex
2223 1198 2322 1256 N°.
2375 1195 2452 1256 26
2515 1196 2951 1275 Supplementi
3007 1197 3229 1269 nostri,
3337 1217 3531 1277 quem
3615 1200 3684 1260 in
3758 1218 3872 1264 ora

431 1302 619 1362 modo
649 1298 918 1359 iudicavi
951 1296 1156 1357 littera
1184 1299 1254 1373 B,
1292 1294 1477 1355 modo
1511 1294 1669 1372 siglo
1728 1293 1868 1366 hoc,
1931 1291 2074 1356 Cod.
2135 1296 2360 1374 suppl.,
2412 1293 2500 1353 ibi
2553 1293 2783 1372 legitur
2830 1294 2882 1353 is
2928 1293 3178 1355 libellus
3236 1295 3342 1357 fol.
3409 1300 3523 1358 171
3588 1307 3762 1359 recto
3795 1331 3872 1343 —

431 1399 547 1460 172
609 1416 776 1458 verso
811 1414 826 1469 ;
887 1393 1021 1472 IV.)
1052 1391 1378 1452 Palatinus
1410 1394 1486 1452 N°
1536 1394 1674 1464 393,
1709 1410 1768 1452 a.
1807 1392 1960 1451 1797
2017 1409 2095 1452 ex
2125 1391 2292 1454 Urbe
2321 1391 2622 1452 advectus
2655 1391 2716 1452 in
2767 1391 3245 1468 Bibliothecam,
3284 1414 3344 1455 a.
3382 1395 3544 1458 1815
3594 1399 3872 1457 Romam

427 1500 808 1577 reportatus.
846 1494 896 1554 E
938 1490 1168 1570 quibus
1215 1489 1279 1549 in
1323 1489 1566 1551 edendo
1607 1495 1857 1550 secutus
1907 1509 2041 1550 sum
2101 1491 2496 1570 potissimum
2551 1489 2703 1550 Cod.
2766 1491 2916 1568 Reg.
2977 1491 3174 1552 2437:
3230 1492 3410 1572 cujus
3468 1500 3546 1556 ut
3601 1493 3765 1554 folia
3792 1481 3868 1553 in.

427 1595 710 1674 margine
736 1588 1370 1663 editionisannotavi,
1401 1588 1490 1648 ita
1520 1588 1821 1648 lectiones
1884 1588 2158 1667 intelligi
2209 1595 2482 1668 oportet,
2542 1588 2788 1666 quoties
2849 1588 2998 1652 Cod.
3058 1592 3136 1664 Α,
3196 1591 3324 1652 sive
3379 1592 3580 1654 etiam
3668 1593 3888 1674 Cod”:

426 1671 732 1772 singulari
763 1707 1046 1757 numero,
1083 1687 1146 1746 in
1177 1705 1290 1746 ora
1319 1687 1659 1766 ascriptum
1692 1687 1938 1764 legitur.
1973 1687 2094 1749 Ubi
2129 1686 2320 1750 Codd.
2357 1686 2711 1766 pluraliter,
2773 1687 3048 1765 reliquos
3077 1694 3200 1749 tres
3246 1690 3308 1750 in
3340 1689 3715 1751 subsidium
3750 1671 3892 1751 νο-⁸

431 1793 592 1864 cavi,
624 1791 816 1868 idque
863 1804 1031 1865 saepe
1087 1785 1357 1844 frustra:
1419 1786 1654 1864 quippe
1701 1791 1882 1845 erant
1935 1791 2060 1845 tam
2095 1786 2422 1864 depravati
2481 1801 2724 1858 omnes,
2783 1791 2852 1846 ut
2906 1787 3230 1847 sententiae
3279 1795 3677 1868 complures,
3740 1789 3859 1848 nisi
3918 1842 3926 1848 .

431 1891 646 1969 aliqua
677 1905 910 1965 magna
943 1883 1249 1944 medicina
1281 1882 1588 1955 adhibita,
1625 1889 1915 1944 constare
1947 1884 2204 1944 omnino
2238 1903 2362 1944 non
2423 1888 2699 1962 possent.
2751 1882 3080 1962 Ejusmodi
3139 1885 3308 1946 locos
3338 1905 3415 1946 ex
3471 1873 3866 1966 conjectura

429 1988 766 2051 emendare
795 1989 1059 2045 conatus
1096 1999 1275 2041 sum:
1311 1981 1400 2041 ita
1447 1987 1657 2041 tamen
1721 1987 1812 2055 ut,
1868 1982 2368 2060 quotiescunque
2427 1981 2562 2041 fieri
2617 1988 2848 2060 posset,
2903 1983 3300 2062 transpositis
3357 1985 3579 2064 potius
3643 1985 3860 2054 verbis

429 2106 620 2168 quam
656 2081 934 2154 mutatis,
972 2098 1110 2140 meo
1154 2097 1326 2139 more
1365 2079 1626 2140 nimium
1682 2079 2012 2158 religiosus
2058 2080 2123 2141 in
2178 2079 2647 2158 exemplaribus
2699 2081 3056 2158 sequendis,
3116 2100 3309 2161 quam
3368 2083 3761 2168 temerarius
3794 2084 3858 2145 in

429 2182 839 2262 corrigendis,
873 2197 1005 2239 esse
1038 2177 1312 2237 mallem.

505 2285 608 2344 XI.
645 2279 842 2358 Hujus
874 2282 1084 2336 autem
1115 2274 1412 2345 auctoris,
1453 2273 1739 2354 quisquis
1771 2274 1908 2349 fuit,
1942 2274 2191 2336 dicendi
2223 2293 2420 2354 genus
2450 2279 2623 2336 caret
2679 2273 2974 2336 omnibus
3004 2277 3414 2348 ornamentis,
3475 2277 3854 2341 horridius-

430 2399 553 2462 que
582 2385 676 2442 est
705 2397 778 2440 ac
808 2372 1222 2457 prmfractius.
1257 2375 1622 2434 Sermonem
1656 2373 1976 2452 vulgarem
2010 2374 2366 2453 frequentat
2417 2391 2560 2434 saec.
2596 2391 2636 2431 x
2658 2370 2793 2450 jam
2826 2373 3169 2452 plurimum
3202 2361 3523 2456 asyntaxi
3584 2379 3852 2457 elegan-

443 2480 599 2540 tiore
711 2476 984 2537 abfuisse
1085 2471 1519 2532 demonstrant
1629 2471 2002 2533 nominativi

2197 2472 2402 2534 ιεοΙιιίί
2463 2474 2616 2539 125;
2727 2479 2949 2548 Πλῆθος
2977 2472 3077 2553 γάρ
3187 2507 3264 2520 -
3351 2476 3486 2536 130.
3523 2483 3680 2558 ὁρῶν
3773 2510 3849 2523 -

447 2581 668 2638 contra
739 2592 928 2654 quam
1041 2569 1377 2648 oportebat
1459 2569 1688 2649 positi:
1804 2569 2064 2648 genitivi

2200 2571 2404 2632 isoluti
2529 2573 2676 2635 item
2768 2574 2922 2634 1232
2961 2578 3364 2652 μανθανόντων.
3418 2607 3492 2617 -
3519 2581 3852 2656 ὁρμήσωσι.

435 2657 580 2736 15ος
608 2671 955 2756 ἐγγιζόντων,
996 2676 1128 2737 159.
1164 2670 1558 2748 διατιθεμένου·
1673 2667 2087 2746 subjunctivu:

2219 2669 2436 2730 aoristi
2553 2691 2663 2751 pro
2750 2673 2961 2733 futuro
3075 2675 3431 2748 usurpatus,
3552 2677 3625 2733 ut
3706 2672 3848 2746 140,

432 2777 764 2855 ἐκφύγωσιν,
822 2774 1109 2853 effugient
1163 2768 1357 2852 (quod
1415 2765 1579 2826 idem
1642 2765 1704 2824 in
1748 2765 1960 2826 multis
2017 2765 2427 2846 praecipitatae
2483 2769 2737 2830 Graeciaa
2794 2767 3206 2848 scriptoribus
3263 2786 3375 2827 usu
3437 2769 3655 2830 venit:
3720 2768 3848 2830 vid.

418 2869 618 2930 indic.
652 2888 702 2928 s.
754 2887 814 2929 v.
881 2866 1374 2949 COﬁjUﬂCllUUS)Z
1412 2870 1463 2924 ἐν
1525 2869 1832 2943 perpetuo
1891 2863 2070 2924 adhit

2197 2883 2247 2923 m
2307 2884 2422 2943 pro
2455 2871 2532 2934 εἰς
2592 2869 2727 2939 126,
2794 2866 2929 2942 127,
2994 2865 3130 2940 133,
3186 2868 3337 2938 152;
3382 2870 3481 2926 σὺν
3548 2874 3849 2929 constru-

419 2971 588 3026 ctum
622 2985 762 3026 cum
798 2967 1072 3044 genitivo
1109 2968 1270 3042 158,.
1306 2979 1694 3040 casuumque
1742 2961 2002 3021 omnino
2049 2962 2272 3022 crebra
2320 2964 2628 3024 confusio.
2689 2966 2902 3046 Neque
2951 2963 3004 3023 is
3060 2969 3229 3023 certe
3286 2981 3709 3043 quemquam,
3777 2969 3845 3024 ut

419 3066 688 3124 Leonem
750 3064 968 3125 fecisse
1053 3059 1644 3131 demonstravimus,
1727 3058 2026 3136 exprimit
2081 3059 2399 3120 dicendo:
2463 3059 2854 3140 simplicibus
2924 3060 3122 3122 utitur
3178 3060 3533 3140 nativisque
3597 3062 3835 3122 verbis.

409 3160 612 3230 Quare
649 3161 904 3220 fuissem
955 3161 1210 3231 nimius,
1275 3158 1325 3218 si
1381 3157 1446 3216 in
1504 3155 1859 3216 scrutandis
1918 3155 2196 3217 fontibus
2251 3156 2622 3218 imitationis
2663 3164 2907 3220 tantum
2955 3158 3219 3237 egissem
3277 3159 3452 3236 satis,
3509 3165 3833 3238 quantum

410 3258 488 3318 ad
533 3260 798 3318 Leonem
842 3258 962 3336 egi.
1019 3261 1211 3317 Notas
1269 3261 1500 3334 praeter
1555 3253 1790 3332 oppido
1847 3271 2102 3332 paucas,
2155 3255 2438 3341 resecui:
2502 3263 2821 3335 postrema
2877 3255 3333 3336 [undetriginta
3385 3255 3616 3336 capita,
3697 3241 3841 3335 quae

412 3355 692 3416 habebat
751 3376 912 3416 unus
998 3357 1198 3416 codex
1285 3353 1636 3426 Palatinus,
1696 3352 1865 3433 quod
1910 3352 1990 3412 ab
2067 3353 2193 3416 alio
2253 3355 2473 3430 [XVV]
2534 3362 2790 3418 auctore
2838 3355 2920 3418 ad
2974 3355 3094 3418 hoc
3151 3355 3523 3436 opusculum
3608 3353 3844 3418 addita

418 3448 888 3532 existimabam,
922 3454 984 3513 in
1021 3453 1360 3534 praesentia
1391 3449 1784 3530 praetermisi.
1821 3451 1981 3512 Sunt
2011 3457 2221 3512 autem
2255 3451 2536 3531 ejusdem
2571 3473 2770 3535 prOpe
2800 3454 3156 3534 argumenti
3213 3472 3340 3533 quo
3379 3455 3741 3534 superiora,
3776 3456 3845 3514 ut

422 3568 496 3613 ex
529 3552 725 3612 titulis
759 3557 963 3632 potest
992 3551 1282 3630 intelligi,
1317 3549 1426 3629 qui
1474 3548 1562 3611 sic
1587 3567 1652 3610 se
1686 3548 1920 3609 habent
1953 3566 1967 3608 :

487 3666 681 3723 XXVI.
710 3666 831 3721 ’Ὀτι
866 3662 926 3718 οὐ
959 3661 1041 3718 δεῖ
1069 3661 1395 3734 ἀπληκεύειν
1430 3660 1482 3731 ἐξ
1513 3659 1699 3734 ἐτέρου
1731 3661 1962 3734 θέματος
1996 3659 2128 3716 λαὸν
2157 3661 2233 3726 εἷς
2264 3661 2446 3736 ἐτέρου
2481 3666 2712 3739 θέματος
2740 3667 2776 3735 ἢ
2807 3664 3080 3742 τάγματος
3110 3665 3415 3736 ἀπλῆκτον.

484 3755 718 3809 XXVII.
751 3752 882 3827 Περὶ
911 3757 1021 3808 τῶν
1054 3752 1106 3807 ἐν
1138 3753 1290 3806 νυκτὶ
1321 3749 1657 3825 ὀφειλουσῶν
1691 3749 1966 3826 γέγνεσθαι
1999 3748 2050 3803 ἐν
2084 3751 2234 3806 νυκτὶ
2265 3753 2354 3806 καὶ
2385 3755 2567 3830 ἡμέρᾳ
2600 3751 2824 3829 βιγλῶν.

479 3843 726 3898 XXVIII.
762 3841 892 3916 Περὶ
921 3845 1028 3895 τῶν
1060 3839 1400 3918 ὁφειλουσῶν
1435 3839 1707 3914 γίγνεσθαι
1739 3839 1790 3892 έν
1822 3838 1973 3894 νυκτὶ
2003 3838 2093 3894 καὶ
2123 3841 2306 3914 ἡμέρᾳ
2339 3841 2568 3916 βιγλῶν.

481 3933 683 3989 XXIX.
718 3934 841 3990 Πῶς
877 3927 959 3984 δεῖ
1013 3928 1398 4006 σμικρύνεσθαι
1457 3929 1517 3982 τὸ
1575 3927 1884 3999 ἀπλῆκτον,
1942 3927 2258 4004 ὁλοκλήρου
2305 3930 2406 4000 τῆς
2464 3935 2690 4001 πεζικῆς
2745 3937 2994 4008 στρατιᾶς
3058 3932 3435 4008 ὑπαρχούσης,
3495 3939 3596 4003 τῆς
3651 3931 3710 3988 δέ
3770 3953 3831 4008 γε

413 4018 515 4072 ἷππ
527 4026 644 4088 ικῆς
679 4018 938 4094 ὀλιγοστῆ
949 4042 991 4082 ς.

483 4110 632 4162 XXX
663 4107 793 4180 Περὶ
822 4111 930 4160 τῶν
967 4108 1038 4180 ιβ’
1065 4107 1396 4182 ταξιαρχῶν.

478 4196 676 4250 XXXI.
708 4195 828 4250 Ὃτι
888 4191 991 4266 δεῖ,
1039 4194 1353 4270 ἐπισφαλῶν
1407 4194 1495 4248 καὶ
1554 4199 1753 4249 στενῶν
1811 4195 1993 4250 τόπων
2027 4195 2274 4252 ἁπάντων
2311 4202 2403 4270 (α),
2438 4197 2513 4260 εἰς
2570 4196 2670 4254 δύο
2726 4197 2952 4273 διαιρεῖν
3009 4202 3214 4255 ἅπασαν
3272 4202 3373 4270 τήν
3433 4201 3706 4274 στρατιὰν,
3737 4195 3825 4253 καὶ

415 4279 604 4344 ἰδικῶς
639 4281 992 4352 ἀπληκεύειν.

476 4374 703 4429 XXXII.
739 4374 868 4445 Περὶ
899 4375 1017 4442 τοῦ,
1045 4371 1244 4426 ὁπόσον
1276 4371 1505 4448 ἀριθμὸν
1538 4372 1744 4450 ὀφείλει
1777 4366 1922 4446 ἔχειν
1953 4374 2016 4428 τὸ
2048 4373 2270 4430 ἴππικὸν
2305 4377 2630 4450 στράτευμα.

476 4465 719 4519 XXXIII.
759 4464 880 4524 Πῶς
912 4458 996 4516 δεῖ
1024 4466 1201 4517 ποιεῖν
1232 4462 1330 4532 τὴν
1365 4460 1426 4516 ἐκ
1451 4465 1548 4516 τοῦ
1581 4459 1871 4532 ἀπλήκτου
1900 4461 2269 4538 στρατοπέδου
2299 4470 2500 4529 παντὸς
2532 4467 2878 4538 άποκίνησιν.

479 4554 731 4609 XXXIV.
767 4552 900 4627 Περὶ
928 4549 1268 4626 ὁδοιπορίας.

480 4645 694 4700 XXXV.
729 4641 859 4716 Περὶ
889 4645 1008 4712 τοῦ,
1040 4645 1157 4702 πῶς
1191 4638 1274 4695 δεῖ
1302 4644 1528 4711 ποιεῖεν,
1563 4637 1650 4695 ὅτε
1675 4642 1962 4715 γνωσθῶσι
1994 4639 2256 4717 πολέμιοι
2287 4643 2339 4698 ἐν
2367 4643 2519 4700 νυκτῖ
2554 4643 2842 4721 βούλεσθαι
2874 4644 3119 4700 ἐπελθεῖν
3141 4650 3221 4717 τῷ
3252 4643 3471 4721 χάρακι.

481 4734 726 4786 XXXVI.
782 4734 901 4793 Πῶς
961 4728 1044 4785 δεῖ
1099 4737 1272 4786 ποιεῖν
1311 4776 1326 4800 ,
1384 4727 1533 4805 εἷ’περ
1597 4727 1995 4806 ὁδοιπορούσης
2063 4738 2163 4802 τῆς
2217 4740 2469 4809 στρατιᾶς
2529 4733 2790 4809 πολέμιοι
2855 4735 2989 4809 μετὰ
3049 4735 3268 4810 βαρείας
3325 4731 3600 4807 δυνάμεως
3655 4727 3820 4800 ταύτῃ

408 4818 732 4876 ἐπέλθωσιν.

479 4911 748 4965 XXXVII.
783 4910 909 4982 Περὶ
941 4913 1059 4981 τοῦ,
1095 4907 1139 4964 εἰ
1172 4908 1468 4980 απαντησεί
1501 4905 1770 4982 στένωμα,
1803 4908 1837 4979 ἢ
1869 4908 2107 4986 γεφύρας
2135 4910 2226 4966 καὶ
2258 4917 2511 4986 ποταμοῦ
2547 4913 2750 4987 βαθέως
2779 4912 3095 4990 περαίωσις,
3123 4911 3177 4968 τί
3210 4908 3292 4966 δεῖ
3321 4915 3522 4971 ποιεῖν.

479 4999 772 5054 XXXVIII.
809 4999 936 5074 Περὶ
967 5002 1085 5067 τοῦ,
1123 5000 1198 5071 μή
1233 4997 1520 5072 ἐπάγεσθαι
1553 4997 1768 5068 πλῆθος
1793 4998 1956 5076 ἀργὸν
1994 4999 2047 5055 ἐν
2075 5004 2144 5074 τῇ
2171 4999 2434 5075 πολεμίᾳ.

477 5084 734 5141 XXXIX.
771 5085 899 5157 Περὶ
924 5092 1024 5154 τῆς
1055 5087 1403 5158 ἁρμοζούσης
1433 5083 1760 5150 πανοπλίας.

480 5175 595 5228 XL.
628 5172 760 5245 Περὶ
790 5177 909 5240 τοῦ,
946 5173 1022 5244 μὴ
1057 5169 1202 5246 ἔχειν
1235 5172 1363 5230 τοὺς
1396 5170 1802 5249 εὐτελεστέρους
1829 5178 1936 5229 τῶν
1969 5174 2252 5251 ἀρχόντων
2287 5178 2507 5249 σκηνάς.

482 5265 620 5318 XLI.
658 5263 781 5335 Περὶ
819 5259 1161 5335 δουκατόρων
1193 5261 1282 5315 καὶ
1312 5264 1688 5317 κατασκῶπων.

480 5354 644 5408 XLII.
680 5351 806 5424 Περὶ
839 5347 1162 5412 διελεύσεως
1199 5348 1522 5424 κλεισούρας
1555 5352 1630 5423 μή
1662 5352 2038 5426 κατεχομένης
2069 5356 2216 5430 παρὰ
2243 5361 2351 5413 τῶν
2386 5353 2694 5430 πολεμίων.

482 5441 667 5496 XLIII.
703 5440 832 5513 Περῖ
863 5436 1186 5512 κλεισούρας
1213 5439 1594 5513 κατεχομένης
1627 5439 1729 5495 ὑπὸ
1752 5445 1861 5496 τῶν
1891 5441 2202 5518 πολεμίων.

477 5531 668 5587 XLIV.
707 5530 838 5604 Περὶ
859 5526 1210 5601 πολιορκίας.

474 5621 631 5679 XLV.
664 5622 788 5682 Πῶς
821 5615 903 5674 δεῖ
932 5615 1290 5697 φυλάττεσθαι
1323 5615 1451 5683 τοὺς
1483 5616 1559 5681 εἷς
1595 5615 1870 5698 συλλογὴν
1895 5626 2098 5698 χρειῶν
2128 5621 2660 5700 ἀποστελλομένους,
2691 5624 2781 5681 καὶ
2809 5623 2936 5688 τοὺς
2965 5621 3227 5699 νέμοντας
3254 5621 3383 5702 τοὺς
3415 5618 3640 5684 ἵππους.

478 5766 550 5839 (a)
574 5767 729 5824 Fort.
762 5761 1148 5825 ἀπαντώντων.
