4202 6314
311 376 434 438 649
1555 377 1621 436 C.
1667 376 1736 435 B.
1785 375 2003 436 HASII
2045 374 2490 438 PREFA'I‘IO.
3609 387 3730 447 650

382 506 564 562 XLVI.
601 507 722 565 Πῶς
755 500 840 557 δεῖ
868 503 1254 579 τροπώσασθαι
1285 503 1412 568 τοὺς
1442 503 1770 578 πολεμίους,
1798 503 1924 567 τοὺς
1959 501 2175 581 ἐνέδρας
2203 504 2516 578 τιθεμένους
2547 506 2682 560 κατᾶ
2709 511 2817 562 τῶν
2855 506 2930 570 εἷς
2978 506 3257 582 συλλογὴν
3319 515 3528 584 χρεῖῶν
3584 511 3735 588 ἐξερ-

322 613 391 669 χο
399 595 595 666 μένων.

380 685 587 740 XLVII.
614 681 742 758 Περὶ
771 685 895 752 τοῦ,
930 680 980 736 εἰ
1015 683 1331 755 γνωσθῶσιν
1353 682 1418 748 ιοὶ
1449 681 1694 758 ἀρχηγοὶ
1725 686 1830 737 τῶν
1864 681 2146 755 πολεμίων
2185 684 2317 755 μετὰ
2345 690 2443 752 τῆς
2479 685 2568 738 ὑπ’
2612 683 2794 746 αὐτοῖς
2851 681 3128 759 δυνάμεως
3187 686 3366 763 κρύφα
3430 686 3733 761 μέλλοντες

309 769 792 836 ἐπιϐουλεύσασθαι
822 775 902 841 τῷ
931 769 1307 846 στρατοπέδῳ,
1345 774 1379 842 ἢ
1411 777 1530 834 τοῖς
1561 773 1697 845 πρὸς
1730 771 2010 847 συλλογὴν
2046 771 2275 844 ἐξιοῦσιν
2313 773 2628 849 ὑπουργοῖς.

383 865 620 919 XLVIII.
651 865 775 924 Πῶς
805 859 887 914 δεῖ
913 860 1108 922 νυκτὸς
1137 865 1216 933 τῷ
1256 859 1530 934 ἀπλήκτῳ
1557 864 1664 915 τῶν
1694 859 1976 934 πολεμίων
2001 860 2271 917 ἐπελθεῖν.

383 953 564 1010 XLIX.
597 956 722 1008 Πῶς
755 947 976 1005 δυνατόν
1005 948 1113 1004 ἐστι
1150 951 1268 1023 μετ’
1297 947 1706 1019 ἐπιτηδεύσεως
1734 949 1864 1014 τοὺς
1892 947 2395 1027 πολιορκουμένους
2455 951 2590 1025 πρὸς
2649 951 2716 1006 τὰ
2764 950 2919 1014 ἐκτὸς
2977 952 3401 1026 ἐπισπάσασθαι,
3463 953 3551 1010 καί
3577 977 3739 1032 τραυ-

321 1042 539 1117 ματίσαι
571 1039 792 1102 αὐτούς.

391 1134 447 1188 L.
485 1129 612 1207 Περὶ
642 1126 1045 1205 τειχομαχίας.

389 1222 476 1276 LI.
511 1217 640 1290 Περὶ
671 1222 792 1287 τοῦ,
823 1221 943 1280 πῶς
976 1215 1060 1271 δεῖ
1087 1215 1179 1272 τὸν
1215 1217 1517 1294 στρατηγὸν
1544 1215 1852 1286 δικάζεσθαι
1886 1219 1982 1289 (α).

391 1311 502 1365 LII.
545 1308 673 1382 Περὶ
704 1305 1042 1379 ἀδνουμίων.

391 1401 528 1455 LIII.
563 1398 816 1474 Περῖτοῦ
848 1393 1124 1451 διδάσκειν
1155 1397 1246 1452 τὸν
1312 1395 1538 1471 στρατὸν
1589 1395 1678 1450 καὶ
1735 1394 1934 1464 ἐθίζειν
1991 1391 2068 1450 ἔτι
2127 1395 2179 1450 ἐν
2210 1399 2278 1470 τῇ
2336 1394 2445 1468 ἰδίᾳ
2473 1392 2785 1466 ὅντα,κατὰ
2838 1398 2984 1469 τᾶξιν
3042 1397 3372 1468 ἀπληκεύειν
3425 1400 3513 1455 καὶ
3573 1399 3726 1456 ὁδοι-

318 1491 504 1560 πορεῖν
515 1528 528 1541 .

388 1578 520 1632 LIV.
554 1576 683 1649 Περὶ
713 1578 809 1630 τοῦ
841 1572 1405 1638 ὀπαλλάττεσθαιτὰς
1433 1572 1762 1636 ἐκτελούσας
1817 1573 1995 1644 τάξεις
2045 1574 2147 1642 τὴν
2203 1577 2301 1629 τοῦ
2359 1572 2494 1628 σάκα
2551 1571 2848 1646 διακονίαν,
2910 1572 2998 1629 διὰ
3053 1576 3144 1630 τὸν
3205 1574 3378 1632 πολὺν
3423 1578 3594 1633 κόπον
3623 1583 3722 1635 τοῦ

316 1665 590 1739 ἄρχοντος
615 1666 709 1735 (b).

389 1755 494 1809 LV.
526 1753 651 1828 Περὶ
683 1756 790 1806 τῶν
827 1751 1200 1825 ὑποκειμένων
1236 1750 1526 1822 δουλειῶν,
1559 1752 1644 1806 δτι
1675 1751 1787 1826 χρὴ
1820 1750 1927 1824 πρὸ
1948 1748 2218 1826 ἢμετὲρας
2245 1752 2448 1822 ταύτης
2472 1750 2876 1828 λελογισμένης
2917 1755 2979 1826 [1.
3034 1755 3247 1828 ἡμέρας
3301 1753 3501 1817 ταύτας
3562 1754 3732 1811 λεΑο-

319 1843 612 1918 γισμὲνως]
642 1845 851 1896 τυποῦν
884 1841 974 1896 καὶ
1007 1839 1360 1905 διατίθεσθαι.

400 1971 638 2051 (XXVI)
695 1969 806 2048 Ea,
865 1971 1148 2048 inquam,
1213 1969 1442 2047 capita,
1502 1969 1977 2051 qualiacunque
2024 1977 2192 2051 sunt,
2263 1976 2327 2029 et
2383 1969 2682 2049 descripsi
2733 1971 3118 2049 jampridem
3173 1979 3236 2034 et
3304 1975 3519 2034 Latine
3575 1992 3730 2035 con-

323 2050 500 2119 verti,
568 2059 637 2110 ut
691 2051 755 2110 in
814 2051 1221 2128 subsequenti
1279 2051 1494 2128 aliquo
1561 2051 1877 2110 volumine
1954 2050 2136 2108 facile
2210 2051 2449 2126 vulgari
2523 2060 2780 2128 queant,
2859 2054 2910 2112 si
2970 2053 3156 2113 modo
3215 2055 3375 2114 tanti
3437 2054 3731 2116 videntur

323 2131 601 2193 eruditis.
653 2133 932 2202 Quorum
959 2131 1266 2208 judicium
1301 2133 1420 2191 hac
1449 2131 1525 2191 de
1555 2149 1622 2190 re
1651 2131 1937 2209 exquiro,
1973 2148 2179 2189 meum
2211 2132 2453 2191 nullum
2487 2131 2910 2209 interponens.

430 2214 562 2272 XII.
619 2213 760 2272 Jam
819 2211 990 2290 quod
1041 2213 1120 2270 ad
1198 2212 1780 2289 interpretationem
1857 2211 2135 2270 Latinam
2221 2212 2506 2271 Historia:
2564 2214 2787 2272 Leonis
2861 2213 3108 2286 attinet,
3167 2212 3339 2272 locos
3411 2212 3711 2274 versionis

320 2292 795 2352 Combeﬂsianm
852 2297 915 2352 in
972 2291 1208 2350 Criticis
1263 2292 1414 2368 Pagi
1467 2291 1636 2369 (vide
1702 2309 1893 2372 supra
1967 2309 2111 2368 pag.
2171 2293 2310 2370 637)
2370 2300 2670 2364 servatos,
2732 2293 2851 2352 nisi
2926 2293 3034 2353 ubi
3111 2294 3443 2353 manifesto
3500 2294 3717 2372 lapsus

321 2380 478 2444 erat,
552 2373 772 2432 iisdem
833 2372 1292 2451 propemodum
1343 2371 1548 2431 verbis
1604 2373 1681 2452 in
1723 2371 2060 2452 editionem
2114 2390 2314 2430 meam
2363 2374 2569 2432 retuli.
2633 2374 2822 2452 Cujus
2879 2373 2967 2432 rei
3039 2371 3577 2452 unumquemque,
3615 2373 3730 2433 ad-

322 2453 627 2512 monitum
689 2470 821 2512 esse
877 2453 1104 2512 velim:
1158 2471 1254 2524 ne,
1319 2453 1369 2511 si
1427 2470 1614 2529 quem
1670 2451 1733 2510 in
1795 2451 2080 2510 versione
2155 2459 2264 2510 aut
2316 2453 2460 2530 styli
2519 2455 2964 2523 inconstantia,
3025 2461 3136 2514 aut
3192 2451 3520 2532 quippiam
3581 2455 3715 2512 for-

323 2542 483 2593 tasse
541 2551 664 2592 non
723 2533 873 2592 satis
940 2551 1095 2611 pure
1153 2539 1343 2610 atque
1399 2533 1732 2591 amendate
1812 2533 2049 2591 dictum
2113 2533 2466 2602 offenderit,
2546 2535 2844 2594 continuo
2920 2534 2982 2592 id
3041 2535 3102 2592 in
3165 2535 3714 2612 reprehensionem

321 2614 687 2673 vertendum
749 2618 944 2692 putet.
999 2615 1161 2673 Nam
1218 2618 1354 2672 erat
1408 2612 1816 2672 Combefisius
1875 2613 2064 2671 homo
2115 2613 2252 2688 pius
2325 2613 2576 2690 quidem
2631 2623 2691 2674 et
2747 2615 2808 2672 in
2862 2615 3046 2672 rebus
3076 2617 3269 2673 sacris
3317 2615 3753 2692 singulariter

325 2696 571 2764 doctus,
638 2693 744 2752 sed
796 2694 906 2768 qui
963 2711 1287 2771 nunquam
1347 2693 1425 2751 ab
1482 2692 1782 2752 orationis
1832 2693 2168 2766 asperitate
2227 2693 2647 2770 mmstitiaque
2695 2694 2910 2753 abesse
2961 2695 3182 2771 potuit.
3245 2695 3433 2753 Nobis
3463 2712 3719 2771 quoque

325 2775 386 2833 in
440 2775 728 2834 universo
785 2773 1102 2834 volumine
1159 2773 1389 2849 linguas
1447 2780 1639 2852 atque
1697 2771 2069 2833 elocutionis
2123 2790 2275 2831 cura
2330 2771 2596 2851 (vereor)
2656 2793 2779 2832 non
2839 2781 3014 2833 tanta
3069 2775 3207 2842 fuit,
3291 2781 3531 2850 quanta
3589 2792 3722 2833 esse

331 2860 601 2931 poterat,
654 2855 909 2913 fortasse
967 2857 1155 2914 etiam
1211 2853 1501 2913 debebat.
1542 2851 1681 2912 Sed
1743 2853 1988 2912 veniam
2038 2851 2345 2929 ejusmodi
2397 2853 2642 2913 facilius
2697 2853 2836 2912 dari
2892 2872 3072 2930 posse
3130 2854 3419 2913 existimo
3481 2857 3722 2931 Byzan-

329 2936 474 2993 tina:
535 2933 806 2994 historiae
883 2935 1201 3001 studiosis,
1284 2935 1672 3010 omninoque
1729 2932 1803 2992 iis
1871 2933 1974 3006 qui
2030 2932 2092 2990 in
2151 2933 2564 3009 scriptoribus
2644 2934 2830 2993 medii
2890 2935 3030 3002 aevi,
3083 2933 3292 2994 nescio
3353 2933 3504 3012 quid
3564 2935 3722 2993 bar-

333 3015 549 3074 barum
587 3021 647 3073 et
700 3015 1146 3074 inconcinnum
1182 3014 1577 3082 sonantibus,
1611 3012 2055 3090 cogitationem
2091 3012 2310 3090 perdiu
2358 3021 2619 3092 ponunt.
2658 3018 2971 3074 Praeterea
3003 3015 3309 3074 bonorum
3343 3015 3722 3092 scriptorum

328 3094 680 3174 exemplum
715 3101 1112 3173 consecutus,
1139 3095 1236 3153 vel
1268 3095 1329 3152 in
1363 3094 1568 3153 verbis
1598 3095 1674 3152 ad
1710 3092 2042 3170 religiones
2066 3093 2623 3172 persuasionesque
2657 3095 3132 3173 pertinentibus,
3167 3095 3273 3153 ubi
3305 3094 3719 3154 difficilimum

325 3183 478 3244 erat,
532 3176 724 3234 malui
755 3175 1070 3234 interdum
1093 3175 1331 3252 aliquid
1363 3175 1594 3234 audere
1645 3174 1874 3251 potius,
1910 3191 2098 3251 quam
2140 3175 2418 3234 Latinam
2479 3176 2827 3235 orationem
2863 3175 3074 3234 multis
3119 3174 3346 3235 Graecis
3401 3175 3724 3235 vocabulis

321 3256 675 3334 inquinare.
710 3255 996 3335 (Nomina
1024 3275 1225 3315 rerum
1260 3260 1467 3317 Graeca
1495 3272 1623 3335 qua:
1651 3255 2045 3314 convertimus
2078 3261 2144 3335 ut
2170 3254 2483 3315 Corniﬁcii
2517 3257 2718 3315 verbis
2750 3263 2908 3327 utar,
2931 3261 3158 3334 quarto
3192 3255 3715 3335 Rhetoricorum),

323 3356 393 3396 ea
418 3333 421 3334 ⁷
449 3344 677 3395 remota
724 3333 875 3395 sunt
912 3353 948 3395 a
1004 3335 1422 3395 consuetudine
1454 3353 1467 3394 :
1498 3333 1633 3415 oua:
1661 3341 1817 3393 enim
1845 3353 1936 3394 res
1965 3333 2130 3414 apud
2153 3344 2379 3394 nostros
2406 3355 2526 3396 non
2555 3346 2750 3408 erant,
2781 3333 2993 3396 earum
3046 3355 3243 3395 rerum
3299 3337 3542 3398 nomina
3596 3333 3716 3396 non

318 3427 599 3496 poterant
627 3435 744 3476 esse
797 3422 1044 3476 usitata.
1080 3417 1573 3496 Designationes
1605 3415 2004 3496 dignitatum,
2069 3415 2450 3492 patriarcha,
2501 3417 2903 3485 domesticus,
2937 3417 3337 3493 drungarius,
3373 3417 3622 3494 aliaque
3654 3416 3720 3474 id

325 3494 546 3574 genus,
619 3497 966 3556 necessario
1023 3497 1273 3564 retinui,
1335 3495 1580 3554 tametsi
1612 3514 1685 3553 ex
1721 3494 2090 3554 nitidissimo
2144 3497 2441 3555 Latinatis
2499 3499 2670 3556 fonte
2729 3499 3221 3575 haudquaquam
3277 3497 3718 3574 proﬂuxerint.

323 3580 492 3648 Quas
531 3575 582 3635 si
614 3575 875 3654 (XXVII)
906 3577 1045 3654 qnis
1067 3583 1176 3636 aut
1207 3576 1398 3635 nimia
1422 3575 1690 3637 Romani
1711 3576 2014 3634 sermonis
2037 3575 2337 3655 religione
2357 3576 2606 3637 silentio
2629 3577 2972 3655 praeterire,
3011 3584 3120 3636 aut
3154 3595 3263 3652 per
3291 3576 3722 3636 circuitionem

323 3657 646 3734 explicare
679 3657 964 3724 voluerit,
1000 3675 1096 3716 na:
1125 3656 1230 3715 ille
1278 3655 1432 3714 mihi
1485 3655 1871 3732 imprudens,
1933 3661 1991 3714 et
2046 3654 2224 3730 cujus
2280 3658 2583 3716 sententia
2632 3654 2908 3715 minime
2963 3657 3255 3716 standum
3305 3656 3405 3728 sit,
3476 3656 3725 3714 videtur

316 3736 720 3816 judicandus.
786 3737 1066 3795 Versioni
1119 3736 1341 3796 Leonis
1397 3735 1476 3794 ad
1537 3734 1899 3816 marginem,
1935 3735 2303 3794 exteriorem
2359 3735 2654 3796 lectiones
2702 3737 2933 3796 codicis
2980 3744 3126 3795 sunt
3154 3737 3481 3814 appositae,
3529 3734 3730 3794 sicubi

326 3815 576 3894 vocem,
637 3835 675 3876 ει
733 3816 1002 3876 librariis
1056 3817 1385 3875 manifesto
1441 3822 1825 3892 corruptam,
1887 3815 1948 3873 in
2007 3821 2179 3874 textu
2235 3816 2462 3894 recepi.
2520 3817 2633 3877 Ubi
2690 3817 3001 3876 dubitatio
3058 3818 3334 3887 suberat,
3399 3817 3728 3874 lectionem

325 3899 563 3958 codicis
611 3897 672 3955 in
725 3903 896 3956 textu
955 3897 1219 3966 servavi,
1275 3896 1699 3970 conjecturam
1771 3913 1969 3954 meam
2031 3895 2233 3966 adieci
2309 3895 2369 3953 in
2428 3915 2558 3965 ora,
2640 3897 2688 3954 si
2747 3897 2925 3956 valde
2984 3896 3398 3974 probabilem,
3467 3896 3730 3974 praefixa

323 3980 537 4038 littera
568 3974 608 4035 Ι.
643 3977 760 4036 hoc
816 3985 910 4036 est
957 3978 1103 4055 lege,
1138 3978 1229 4036 sin
1291 3977 1516 4045 minus,
1581 3975 1837 4052 praefixa
1866 3992 1914 4052 /.
1948 3977 2248 4051 fortasse(
2287 3995 2428 4034 nam
2487 3981 2642 4052 /orte
2671 3977 2979 4054 siquando
3028 3977 3426 4054 impressum,
3489 3984 3606 4048 est,
3665 3975 3730 4034 id

323 4077 548 4135 tequus
581 4057 774 4118 lector
803 4058 1151 4117 oscitantiaa
1220 4074 1555 4134 operarum
1613 4055 1936 4136 ascribat.)
1973 4057 2041 4136 in
2067 4074 2313 4136 summa
2343 4058 2404 4116 id
2457 4059 2580 4136 egi,
2617 4063 2676 4116 ut
2711 4058 2788 4116 de
2818 4057 3280 4135 suspicionibus
3329 4058 3502 4129 meis,
3535 4072 3726 4134 quam

325 4156 599 4217 quaeque
624 4137 964 4214 probabilis
994 4138 1074 4197 sit
1102 4138 1230 4196 sive
1259 4155 1440 4205 vana,
1479 4153 1668 4217 penes
1701 4135 1996 4217 lectorem
2030 4135 2332 4211 judicium
2366 4135 2839 4212 relinqueretur.

403 4219 564 4277 XIll.
601 4221 918 4294 Superest.
952 4223 1016 4277 ut
1048 4217 1124 4276 de
1155 4217 1438 4276 instituto
1471 4215 1892 4275 adnotationis
1925 4233 2101 4286 mea,
2141 4220 2409 4276 maxime
2441 4218 2520 4276 ad
2552 4221 2846 4285 Leonem,
2884 4218 2931 4276 si
2955 4217 3060 4295 qui
3093 4223 3388 4294 vagatum
3427 4235 3522 4274 me
3554 4215 3615 4274 in
3649 4215 3726 4274 iis

321 4296 514 4356 latius
545 4303 733 4374 atque
764 4299 1089 4358 deﬂexisse
1120 4315 1550 4376 smpenumero
1581 4296 1656 4376 de
1693 4295 1788 4356 via
1824 4301 2064 4372 putent,
2099 4298 2266 4372 apud
2295 4297 2754 4358 existimatores
2787 4298 3009 4357 harum
3060 4317 3266 4357 rerum
3300 4296 3728 4371 intelligentes

323 4385 383 4437 et
423 4396 638 4454 aequos
676 4379 890 4455 paucis
923 4398 1019 4437 me
1053 4397 1336 4456 purgem.
1365 4376 1601 4436 Etenim
1627 4375 1904 4435 intellexi
1930 4377 2262 4454 tripliciter
2285 4377 2413 4436 fieri
2443 4398 2642 4456 posse,
2671 4385 2734 4437 nt
2758 4379 3015 4438 editoris
3038 4378 3095 4436 in
3117 4397 3306 4454 Opere
3327 4376 3726 4456 exsequendo

323 4459 630 4518 sedulitas
653 4460 958 4518 fautorem
986 4455 1338 4518 nostrorum
1364 4457 1813 4516 benevolentia:
1836 4456 2232 4534 aliquatenus
2255 4455 2678 4535 responderet.
2705 4463 2844 4520 Uno
2871 4460 3081 4535 modo,
3105 4457 3506 4533 siscriptores
3531 4455 3724 4532 ipsos,

323 4540 548 4614 quales
569 4539 628 4598 in
668 4539 1021 4598 menbranis
1052 4538 1476 4607 offendissem,
1507 4537 1769 4596 sublatis
1803 4544 2041 4595 tantum
2083 4538 2425 4597 manifestis
2477 4539 2737 4615 mendis,
2776 4539 2988 4597 addita
3024 4539 3239 4597 Latina
3271 4535 3576 4615 versione,
3627 4551 3727 4615 ar:

325 4611 518 4678 bitrio
540 4621 925 4678 eruditorum
953 4619 1398 4696 permitterem.
1435 4618 1690 4689 Deinde,
1725 4635 1865 4676 cum
1893 4617 2168 4694 plurima
2188 4627 2394 4676 essent
2425 4637 2626 4696 nuper
2655 4611 3135 4677 in’Bibliotheca
3173 4618 3384 4692 Regia,
3411 4613 3610 4674 multa
3635 4611 3729 4671 sui

327 4700 662 4776 persiutacl
685 4699 846 4759 hanc
860 4700 1048 4767 diem,
1067 4699 1147 4759 ad
1164 4697 2128 4777 resByzantinasquodammodo
2145 4697 2544 4774 pertinentia,
2567 4717 2767 4775 neque
2781 4699 2947 4757 edita
2965 4697 3194 4766 adhuc,
3223 4714 3427 4773 neque
3452 4711 3728 4777 unquam

329 4775 559 4858 Opinor
588 4780 686 4858 (ut
731 4799 894 4838 nunc
925 4786 1070 4838 sunt
1103 4775 1409 4856 tempora)
1446 4777 1693 4854 integra
1725 4779 1923 4837 lucem
1962 4777 2190 4851 visura,
2228 4777 2383 4858 Vitae
2414 4779 2811 4852 Sanctorum,
2846 4777 3126 4855 epistolae
3160 4778 3421 4835 fratrum
3474 4775 3732 4835 devoto-

330 4857 498 4930 rum,
559 4857 934 4926 antistitum.
1006 4858 1529 4936 patriarcharum,
1587 4864 1890 4917 tratactus
1967 4857 2331 4934 dogmatici,
2411 4857 2683 4929 ascetici,
2771 4857 3057 4934 polemici
3131 4875 3360 4934 magno
3436 4871 3723 4936 numero,

332 4939 595 4998 annales
627 4959 876 5018 quoque
908 4935 1145 5008 inediti,
1211 4938 1607 5016 pervolutare
1638 4958 1708 4996 ea
1767 4936 2055 5018 studiose
2092 4945 2278 5012 atque
2328 4955 2658 5018 excerpere
2716 4938 2877 5014 coepi
2911 4937 3214 5018 quidquid
3249 4937 3450 5018 lucem
3508 4935 3733 5018 afferre

334 5025 585 5094 poterat
635 5013 814 5078 annis
861 5019 1128 5079 sedecim
1187 5013 1295 5093 qui
1351 5038 1386 5078 a
1420 5026 1620 5078 morte
1676 5017 2065 5076 Constantini
2112 5020 2217 5078 VIl
2285 5013 2856 5097 Porphyrogeneta:
2908 5016 3011 5096 (15
3055 5017 3407 5097 Novembr.
3452 5016 3596 5091 959)
3653 5013 3734 5074 ad

331 5100 720 5170 'l‘zimisccm,
758 5100 831 5159 lO
862 5101 1119 5160 Januar.
1153 5099 1271 5162 976
1304 5117 1540 5159 veneno
1572 5097 1914 5169 sublatum,
1949 5097 2349 5169 efﬂuxerunt,
2377 5096 2771 5176 quorumque
2804 5096 3170 5157 memoriam
3210 5102 3326 5156 Leo
3369 5097 3736 5173 complexus

335 5185 444 5258 est.
510 5179 628 5241 Ubi
659 5199 799 5238 cum
837 5181 1150 5258 praecipue
1196 5179 1333 5238 usui
1365 5178 1515 5238 mihi
1545 5177 1777 5237 fuerint
1827 5178 2101 5237 historiaa
2133 5179 2296 5249 duae,
2333 5179 2532 5238 altera
2563 5178 2874 5239 Simeonis
2903 5177 3271 5256 Logothetae
3305 5176 3453 5257 (vid.
3489 5177 3729 5236 Harles.

332 5257 496 5318 Bibl.
535 5261 637 5320 Gr.
671 5261 804 5329 VII,
838 5262 979 5329 685,
1036 5257 1132 5339 1,),
1185 5260 1384 5319 altera
1434 5259 1598 5339 Julii
1623 5258 1920 5339 Pollucis,
1969 5258 2071 5318 hic
2117 5259 2320 5318 facere
2368 5279 2492 5318 non
2541 5278 2814 5336 possum,
2878 5259 3028 5336 quin
3080 5259 3433 5318 Italicorum
3484 5273 3736 5339 quoque

334 5339 728 5400 eruditorum
755 5341 817 5400 in
845 5359 943 5400 me
973 5337 1277 5412 animum,
1311 5357 1500 5418 quam
1557 5337 1865 5416 singulari
1907 5338 2113 5399 ofﬁcio
2163 5339 2370 5410 fuerit,
2405 5345 2622 5418 gratus
2651 5358 3166 5400 commemorem.
3203 5343 3356 5400 Nam
3409 5338 3737 5416 repentino

409 5598 484 5666 ga)
517 5595 710 5650 Codex
739 5597 914 5663 male,
959 5595 1359 5668 γυμνάζεσθαι..
1562 5666 1597 5668 _,

2091 5597 2199 5668 tuli
2226 5603 2455 5652 mutare
2479 5599 2599 5652 sic:
2632 5595 2911 5662 -κόπον,
2943 5599 3041 5649 τοῦ
3073 5592 3372 5668 ἄρχοντος,
3423 5590 3467 5645 εἷ
3501 5585 3744 5655 δυνατδς,

405 5668 482 5740 (b)
519 5668 612 5723 Sic
644 5669 828 5724 codex
857 5685 870 5723 :
902 5666 1006 5723 sed
1039 5667 1192 5722 lecto
1229 5666 1428 5738 capite
1458 5666 1666 5722 malim
1712 5668 1893 5724 finem
1930 5669 2002 5724 ti-

922 5666 1006 5722 ied
1039 5667 1192 5722 lecto
1229 5666 1428 5738 capite
1458 5666 1666 5722 malim
1712 5668 1893 5724 finem
1930 5669 2002 5724 ti-
2111 5667 2367 5742 μένοντος
2399 5668 2581 5726 αὐτοῦ,

663 5787 922 5848 Pauor"
972 5785 1080 5844 Gn.
1129 5783 1301 5844 CXV.
3313 5780 3387 5840 21
