4202 6314
513 460 628 520 651
1752 451 1818 510 C.
1866 451 1938 509 B.
1984 449 2172 509 HASl‘

2271 449 2680 511 ’RzEFATlO.
3807 451 3930 513 052

504 598 670 658 ’anni
702 597 857 657 1815
889 599 1198 672 tempore,
1232 608 1372 651 cum
1408 595 1658 662 statuae,
1718 587 1990 672 t_abulaa,_
2023 587 2661 672 reliqua-_civitatuim_
2683 593 3056 648 ornamenta
3105 584 3374 672 Parisios
3421 585 3572 672 olim
3615 595 3928 672 convecta

521 679 813 758 (XXVIII)
846 666 1122 758 undique
1148 677 1560 758 _rep_eten_tur,
1621 668 1849 758 accipit
1881 673 1947 726 ut
1975 667 2139 726 inter
2169 667 2412 758 codices
2455 669 2786 758 in_Urbem
2833 667 3244 758 reportandos
3283 671 3442 726 esset
3488 666 3830 758 Vaticanus
3861 689 3925 758 ι]ἶ

534 747 670 830 163,
701 747 872 816 illam
904 747 1104 833 ipsam
1137 747 1286 833 Julii
1317 751 1595 833 Pollucis
1628 749 1951 833 historiam
1985 747 2554 833 complectens._lbi
2585 768 2724 809 cum
2761 749 3214 833 intellexissent
3236 753 3672 825 procuratores
3695 751 3926 810 summi

524 828 860 918 pontificis,
895 828 991 894 me
1022 834 1083 892 in
1108 832 1509 918 conﬁciendis
1542 830 1704 918 notis
1734 829 1860 918 hoc
1891 828 2295 918 codiceaegre
2327 831 2693 918 cariturum,
2732 828 3208 907 perhumaniter
3240 835 3724 918 negaverunt__se
3755 848 3926 890 com-

519 909 839 988 missuros,
891 923 958 974 ut
1004 933 1040 972 a
1083 932 1147 972 se
1201 913 1422 970 studiis
1481 912 1632 970 meis
1689 911 1936 968 obesset
1979 909 2350 986 quidquam,
2430 911 2972 987 permiseruntque
3050 915 3116 967 ut
3187 927 3384 986 usque
3450 910 3528 966 ad
3578 910 3917 971 editionem

497 998 659 1059 .libri
708 1001 760 1057 is
790 995 985 1056 codex
1039 994 1288 1053 Parisiis
1332 997 1704 1052 remaneret.
1762 989 2067 1060 Quocirca
2117 989 2425 1048 maximas
2474 991 2710 1067 gratias
2754 999 2816 1050 et
2866 1007 2985 1067 ago
3035 995 3097 1048 et
3143 989 3346 1048 habeo
3395 989 3527 1048 viro
3578 994 3921 1051 reverendo

515 1087 704 1156 atque
733 1077 824 1136 ill.
887 1075 1124 1134 Marino
1156 1075 1383 1156 Marngi,
1444 1073 1522 1156 ab
1555 1071 1778 1130 intimo
1816 1069 2117 1156 cubiculo
2193 1069 2422 1156 summi
2481 1071 2814 1156 pontiiicis,
2864 1069 3210 1156 et_arcbivi
3253 1078 3315 1129 et
3363 1069 3695 1156 apostolici
3743 1072 3918 1132 Vati-

515 1149 655 1219 cani
713 1149 1394 1236 praefecto,‘cujus__in
1444 1152 1564 1236 hoc
1621 1151 1874 1236 negotio
1933 1149 2164 1236 citimia
2237 1149 2553 1236 studiique
2620 1151 2808 1236 plena
2860 1149 3068 1236 officia
3135 1167 3286 1227 erga
3363 1168 3460 1208 me
3519 1152 3915 1212 exstiterunt.

513 1230 953 1310 Quod-autem
1013 1233 1324 1312 ejusmodi
1381 1235 1707 1293 notionum
1763 1231 2206 1312 historicarum
2273 1249 2346 1288 ne
2407 1230 2495 1290 sic
2527 1235 2807 1312 quidem!
2860 1231 2923 1289 in
3003 1231 3123 1312 hoc
3162 1238 3352 1312 Atomo
3421 1248 3765 1308 permagna
3825 1239 3920 1292 est

513 1318 788 1380 accessio
857 1310 1060 1386 facta,
1104 1333 1227 1374 non
1286 1312 1494 1372 hercle
1555 1311 1833 1389 penuriae
1914 1311 2320 1370 Bibliothecae
2379 1318 2636 1379 nostrae,
2706 1310 2813 1370 sed
2875 1310 3177 1388 paucitati
3252 1328 3586 1388 annorum,
3645 1330 3920 1390 quorum

513 1405 689 1478 gesta
738 1397 930 1457 tradit
977 1399 1101 1478 Leo
1133 1394 1153 1473 (
1187 1393 1326 1453 vide
1385 1411 1574 1478 supra
1635 1410 1776 1470 pag.
1811 1392 1954 1462 641,
1994 1390 2381 1478 V_l),.tribui.
2423 1390 2487 1450 id
2519 1393 2726 1478 Veiim.
2937 1391 3238 1478 Psellum,
3311 1407 3620 1450 annorum
3723 1411 3922 1471 prope

513 1469 764 1539 centum
794 1474 1107 1536 975-1060
1141 1469 1506 1533 memoriam
1541 1469 1962 1550 persecutum,
1997 1469 2271 1548 plurima
2329 1469 2640 1547 ejusmodi
2689 1471 2925 1531 inedita
2956 1471 3337 1548 subjungere
3369 1489 3467 1530 me
3496 1488 3678 1549 posse
3710 1469 3918 1551 sper—0,

514 1560 743 1638 quibus
773 1557 871 1617 vel
903 1557 1237 1638 stabilitur,
1265 1554 1363 1614 vel
1393 1553 1794 1638 emendatur,
1829 1551 1924 1638 vel
1959 1551 2200 1610 ratione
2229 1551 2556 1638 multiplici
2588 1553 3014 1638 amplificatur
3043 1552 3178 1638 ejus
3213 1551 3515 1638 narratio.

595 1639 752 1700 XIV.
806 1637 1034 1697 Atenin
1094 1654 1218 1695 non
1294 1652 1394 1694 me
1456 1635 1757 1710 fugiebat,
1815 1633 2006 1690 etiam
2074 1639 2145 1689 ut
2210 1634 2529 1691 cumulate
2582 1633 2791 1692 ofticio
2851 1649 2991 1690 meo
3047 1631 3169 1691 hoc
3217 1630 3454 1708 duplici
3502 1630 3754 1690 nomine
3813 1651 3924 1692 sa-

514 1720 888 1790 tisfacerem,
927 1724 1136 1776 tamen
1199 1715 1364 1773 force
1397 1721 1465 1773 ut
1521 1718 1609 1772 sic
1657 1730 1861 1790 neque
1917 1713 1995 1771 ad
2051 1711 2399 1771 litterarum
2459 1715 2818 1772 Graecarum
2876 1729 3079 1788 neque
3134 1711 3212 1770 ad
3265 1711 3541 1771 historias
3598 1712 3922 1774 studiosos

513 1801 600 1860 ita
626 1800 857 1859 multos
890 1797 1012 1856 mei
1067 1794 1260 1855 officii
1310 1794 1544 1854 utilitas
1592 1793 1950 1871 pertineret.
2009 1793 2188 1863 Nam,
2251 1810 2394 1852 cum
2455 1795 2714 1853 omnino
2765 1794 2829 1852 in
2873 1792 3096 1851 studiis
3145 1793 3394 1864 nostris,
3460 1792 3688 1852 Graecis
3747 1793 3916 1866 dico,

513 1899 637 1940 non
697 1880 775 1938 sit
841 1878 1116 1937 maxima
1169 1875 1353 1952 copia
1447 1892 1661 1934 eorum
1727 1873 1856 1950 qui,
1919 1872 2020 1931 via
2087 1872 2232 1952 trita
2302 1872 2538 1942 relicta,
2603 1873 2932 1932 interiores
2999 1878 3352 1952 scrutentur
3394 1888 3478 1952 ac
3558 1874 3921 1934 reconditas

511 1959 773 2030 litteras,
837 1964 968 2017 tum
1033 1975 1176 2017 vero
1221 1950 1297 2015 ex
1357 1954 1429 2013 iis
1485 1953 1636 2032 ipsis
1685 1953 1990 2030 exquisite
2059 1951 2260 2011 doctis
2327 1960 2557 2031 quotus
2607 1955 2871 2031 quisque
2917 1959 3033 2025 est,
3077 1953 3184 2030 qui
3256 1950 3590 2011 lectionem
3631 1954 3918 2032 scripto-

513 2041 598 2100 ris
631 2039 955 2118 Byzantini
1006 2037 1085 2096 ad
1144 2031 1531 2118 subtiliorem
1593 2033 2011 2118 cognitionem
2070 2033 2300 2118 linguae
2345 2033 2689 2111 quidquam
2754 2034 3036 2118 conferre
3070 2033 3300 2118 putet‘i
3352 2031 3644 2091 Historici
3698 2042 3916 2118 autem

514 2112 800 2179 homines
852 2135 1034 2196 poene
1107 2134 1326 2176 omnes
1384 2115 1480 2172 vel
1553 2115 1632 2174 ad
1714 2119 1995 2196 veterum
2069 2113 2318 2196 iilorum
2391 2132 2647 2190 prorsus
2703 2114 3108 2196 antiquorum
3149 2112 3453 2196 _div_i_n-am
3514 2114 3917 2196 memoriam,

514 2202 609 2259 vel
639 2201 714 2258 ad
751 2192 1090 2258 res-nostra
1124 2203 1499 2274 patrumque
1524 2194 1830 2254 memoria
1876 2200 1986 2252 aut
2019 2192 2307 2274 subtilius
2337 2200 2400 2251 et
2429 2195 2881 2272 temperantius
2933 2201 3042 2252 aut
3072 2192 3398 2272 splendide
3423 2210 3496 2252 ac
3545 2194 3922 2255 mirabiliter

527 2287 756 2358 gestas,
791 2278 889 2336 vel
932 2273 1238 2358 certeiad
1285 2274 1992 2358 origines‘populorum
2027 2273 2239 2358 Ahodie
2287 2275 2639 2358 vigentium
2681 2273 3108 2358 illustran‘das,
3171 2291 3322 2332 cura
3351 2274 3522 2358 omni
3571 2275 3922 2358 studioque

526 2352 900 2436 rapiuntur:
939 2356 1144 2435 pauci,
1201 2355 1370 2433 iique
1419 2354 1536 2432 ipsi
1579 2355 1832 2436 invitius
1863 2363 1971 2436 aut
2020 2352 2425 2436 fastidiosius,
2457 2355 2716 2436 annales
2771 2353 3095 2414 excutiunt
3132 2355 3512 2436 senescentis
3565 2352 3825 2431 imperii
3845 2375 3924 2417 ac

523 2433 772 2499 ruituri.
803 2433 1199 2514 Quapropter
1221 2453 1329 2512 per
1357 2443 1540 2494 notas
1568 2435 1849 2494 obtinere
1879 2433 2062 2504 volui,
2126 2440 2193 2492 ut
2222 2434 2412 2512 paulo
2460 2435 2646 2495 latius
2677 2454 2816 2494 mea
2844 2453 3037 2512 opera
3068 2440 3331 2512 pateret,
3363 2434 3442 2492 ad
3473 2452 3698 2511 eosque
3763 2437 3920 2496 item

526 2521 862 2599 pertineret
896 2513 1004 2596 qui
1035 2513 1344 2599 alienores
1374 2515 1497 2574 sint
1527 2533 1564 2599 a
1602 2515 1788 2599 rebus
1837 2513 2234 2599 Byzantiuis:
2277 2515 2546 2599 ideoque
2576 2517 2652 2599 de
2699 2515 3153 2599 significatiune
3186 2532 3404 2599 vocum
3457 2517 3733 2573 nondum
3758 2519 3920 2599 satis

524 2594 783 2659 deﬁnita
807 2594 1110 2677 par'umve
1143 2596 1461 2677 intellecta
1493 2594 1743 2677 uberius
1792 2595 2019 2677 passim
2054 2594 2366 2671 disputavi
2398 2596 2458 2677 in
2495 2596 2656 2655 notis
2687 2605 2747 2655 et
2779 2596 2994 2677 fusius.
3027 2595 3161 2677 Qua
3192 2595 3254 2653 in
3277 2612 3342 2653 re
3389 2597 3623 2677 saepius
3653 2596 3920 2675 scripto-

522 2699 658 2740 rum
695 2668 1039 2738 Atticorum
1072 2676 1308 2754 (XXIX)
1338 2676 1642 2734 rationem
1702 2668 1934 2733 habere
1995 2668 2357 2751 potuissem,
2413 2676 2676 2734 fortasse
2706 2677 2891 2736 etiam
2951 2675 3327 2735 debuissem.
3387 2668 3616 2734 Vérum
3649 2668 3796 2753 ego'
3821 2680 3915 2739 sic

516 2761 757 2838 judicio
817 2760 1055 2838 (dicam,
1089 2757 1254 2838 enim
1314 2774 1439 2838 non
1497 2772 1784 2838 reverens
1841 2755 1901 2813 in
1936 2772 2000 2812 re
2057 2754 2329 2838 obscura
2381 2756 2692 2838 gloriandi
2741 2755 3210 2834 suspicionem):
3275 2755 3438 2838 quod
3506 2755 3596 2838 ine
3653 2775 3913 2835 quoque

517 2834 859 2919 plurimum
895 2847 1010 2908 est,
1044 2837 1162 2896 hoc
1193 2837 1396 2919 ipsum
1426 2835 1477 2894 is
1507 2835 1898 2910 potissimum
1929 2835 2207 2919 conferre
2235 2835 2421 2919 debet
2450 2837 2525 2894 ad
2575 2837 3018 2919 locupletanda
3049 2834 3407 2919 communia
3435 2834 3641 2895 studia
3663 2834 3906 2898 nostra.

513 2916 652 2980 3am
690 2938 836 2978 vero
868 2926 1006 2996 post
1035 2917 1452 2992 complurium
1513 2934 1820 2974 annorum
1871 2918 2190 2996 assiduum
2235 2916 2538 2986 laborem,
2599 2935 2725 2994 quo
2795 2918 3150 2993 catalogum
3207 2917 3389 2975 codd.
3430 2919 3790 2976 Graecorum
3841 2920 3912 2980 in

522 2995 982 3060 Bibliotht-cam
1019 2999 1357 3056 maximam
1396 2996 1800 3055 Parisiensem
1860 3013 2073 3054 recens
2120 2995 2437 3054 illatorum
2471 2999 2546 3055 ad
2583 2998 2768 3056 ﬁnem
2830 3000 3270 3075 perduxeram,
3303 3003 3445 3074 post
3475 2997 3807 3074 pueritiam
3841 3009 3908 3059 et

513 3083 782 3160 primam
842 3079 1326 3160 adolescentiam
1387 3076 1447 3134 in
1500 3076 1620 3135 hoc
1677 3075 2022 3160 studiorum
2075 3094 2301 3151 genere
2346 3077 2666 3160 positam,_
2713 3080 3025 3160 neminem
3081 3095 3212 3136 esse
3283 3084 3667 3160 scriptorem
3711 3081 3908 3156 paulo

515 3156 918 3221 illustriorem
982 3158 1271 3225 arbitror,
1309 3175 1510 3238 neque
1567 3174 1838 3232 sacrum,
1873 3156 2048 3238 quia
2103 3157 2400 3234 temporis
2457 3157 2910 3217 Theodosianis
2967 3176 3163 3238 usque
3219 3157 3597 3238 adAruinam
3654 3157 3908 3238 imperii

521 3241 854 3301 Orientalis
886 3241 1097 3299 Grmce
1153 3237 1493 3314 scripserit,
1527 3254 1711 3312 quem
1746 3254 1869 3294 non
1902 3237 1987 3294 ita
2020 3237 2366 3305 tractarim,
2428 3246 2496 3296 ut
2525 3257 2645 3296 non
2701 3239 2914 3315 aliqua
2962 3237 3098 3314 ejus
3144 3255 3287 3315 pars
3316 3235 3379 3294 in
3413 3239 3712 3297 memoria
3746 3235 3908 3300 mea

514 3322 834 3381 insideret.
871 3319 1146 3389 Scholia,
1182 3325 1458 3392 catenas,
1495 3315 1934 3396 paraphrases,
1968 3317 2442 3388 commentaria,
2495 3319 2721 3396 partim
2759 3321 2962 3377 minus
2991 3317 3115 3394 legi
3144 3317 3348 3388 solita,
3385 3317 3610 3395 partim
3645 3322 3908 3382 omnino

514 3403 794 3461 nondum
827 3399 1016 3470 edita,
1053 3398 1186 3457 ﬁeri
1216 3415 1338 3456 non
1370 3396 1574 3474 potuit
1604 3397 1752 3476 quin
1786 3395 1870 3454 ita
1894 3402 2365 3476 pertractarem,
2403 3395 2702 3458 uteorum
2728 3399 3008 3476 aliquam
3039 3405 3205 3458 certe
3237 3397 3557 3458 notionem
3588 3415 3906 3476 caperem.

513 3479 958 3556 Quamobrem,
993 3479 1042 3537 si
1091 3477 1321 3556 passim
1352 3495 1427 3536 ex
1479 3475 1772 3536 Patribus
1819 3475 2162 3546 scholiatis,
2200 3477 2577 3549 rhetoribus,
2629 3475 2944 3538 illustrare
2973 3479 3360 3556 qumstiones
3387 3477 3645 3556 aliquot,
3670 3475 3912 3544 afferre

509 3563 794 3640 phrases,
829 3559 1214 3637 locupletare
1244 3557 1494 3628 Lexica,
1555 3563 1774 3615 notare
1804 3574 2047 3615 errores
2077 3558 2381 3640 quosdam
2436 3559 2763 3640 superiore
2815 3559 3117 3618 memoria
3171 3558 3540 3640 commissos
3596 3559 3766 3636 (nam
3823 3563 3909 3623 ab

510 3637 880 3721 aequalium,
909 3655 1369 3721 censura_,quaa
1402 3655 1540 3721 mea
1571 3643 1798 3721 natura
1827 3645 1939 3708 est,
1974 3637 2234 3721 omnino
2287 3637 2585 3717 abstinui)
2633 3647 2896 3699 conatus
2925 3657 3086 3721 sum,
3118 3657 3242 3698 non
3291 3638 3433 3721 ideo
3462 3639 3525 3721 id
3561 3640 3699 3709 feci,
3733 3645 3910 3721 quod

507 3717 625 3782 hos
657 3719 1032 3782 recentiores
1061 3719 1398 3799 scriptores
1456 3717 1584 3776 ullo
1617 3717 1802 3799 modo
1853 3718 2313 3799 comparandos
2343 3737 2474 3778 esse
2533 3737 2676 3780 cum
2735 3720 3194 3797 antiquioribus
3237 3717 3768 3799 capitalibusque'
3804 3724 3908 3783 ilis

505 3803 834 3873 ducebam,
872 3819 1027 3876 quos
1059 3817 1266 3867 nemo,
1300 3798 1546 3876 opinor,
1580 3804 1672 3856 est
1702 3797 1854 3882 quin
1886 3798 2106 3882 crebro
2137 3805 2458 3882 regustare
2485 3800 2718 3882 cupiat,
2753 3801 2821 3882 in,
2848 3801 3043 3878 iisque
3064 3798 3460 3882 acquiescat;
3498 3797 3699 3877 neque
3730 3807 3904 3882 quod

506 3901 712 3942 meum
749 3882 1098 3940 studiorum
1135 3897 1331 3956 genus
1362 3896 1714 3960 proponere
1745 3877 1804 3936 in
1837 3878 2195 3956 exemplum
2229 3879 2387 3948 aliis,
2423 3877 2926 3940 adolescentibus
2950 3877 3293 3957 praecipue,
3342 3879 3527 3938 velim
3567 3896 3580 3937 :
3610 3884 3715 3944 sed
3751 3877 3903 3960 quia

499 3963 562 4022 in
596 3981 668 4023 eo
703 3965 837 4022 loco
867 3961 928 4043 in
963 3979 1163 4043 eoque
1197 3977 1453 4043 munere
1479 3958 1876 4043 constitutus,
1898 3965 2280 4043 attractare
2311 3961 2620 4036 ejusmodi
2651 3961 2884 4038 scripta
2915 3979 3053 4020 cum
3089 3962 3166 4019 ad
3218 3959 3605 4019 voluntatem
3638 3958 3898 4043 possim,

499 4049 630 4101 tum
666 4061 778 4119 pro
809 4041 1016 4101 ofﬁcio
1065 4040 1350 4110 debeam,
1386 4039 1446 4097 id
1483 4039 1697 4109 malui,
1748 4040 1915 4116 quod
1950 4039 2053 4097 alii
2088 4040 2292 4098 minus
2323 4043 2650 4100 commode
2684 4049 2955 4118 possent,
2991 4059 3200 4118 agere,
3256 4058 3448 4117 quam
3481 4039 3655 4116 quod
3704 4046 3895 4104 iidem

499 4140 678 4199 aeque
708 4122 868 4181 bene
898 4128 1088 4197 atque
1119 4138 1261 4196 ego,
1294 4126 1404 4178 aut
1435 4120 1624 4177 etiam
1659 4119 1857 4177 multo
1891 4137 1988 4178 me
2021 4119 2263 4179 melius.
2970 4123 2980 4131 ‘

577 4245 706 4304 XV.
767 4241 1141 4314 Accedebat,
1197 4241 1483 4323 quodin
1544 4241 1867 4323 Britannia
1923 4260 2149 4300 novam
2194 4243 2532 4304 editiorem
2589 4244 2890 4306 Thesauri
2947 4243 3356 4323 Stephaniani
3414 4242 3621 4321 parari
3676 4241 3899 4323 audie-

497 4323 680 4395 bam,
740 4324 819 4383 ad
873 4340 1137 4404 eamque
1200 4322 1699 4404 lcrupletand‘am
1768 4322 1934 4380 viros
1991 4323 2210 4404 doctos
2257 4325 2514 4384 editioni
2574 4327 2944 4404 praepositos
2991 4322 3174 4385 veces
3228 4324 3503 4383 nondum
3551 4323 3616 4381 in
3671 4322 3899 4382 Lexica

498 4409 786 4482 receptas
852 4403 1126 4480 undique
1183 4402 1518 4483 aucupari:
1571 4402 1774 4483 Quare
1842 4403 2172 4474 vocabula,
2233 4406 2461 4481 quibus
2519 4402 2747 4478 adhuc,
2810 4412 3116 4483 quantum
3187 4406 3337 4470 scio,
3402 4404 3626 4463 Lexica
3685 4408 3900 4462 carent

501 4481 773 4562 (enotavi
829 4489 1038 4543 autem
1111 4481 1441 4560 multiplici
1506 4482 2156 4564 lectionecomplura
2224 4485 2468 4564 millia),
2541 4488 2770 4564 passim
2831 4481 3158 4563 subjunxi,
3223 4484 3584 4561 gratificans
3642 4483 3898 4543 Lexico-

499 4561 760 4645 graphis
829 4564 1060 4643 potius,
1104 4582 1337 4645 quam,
1381 4562 1552 4640 quod
1622 4562 1684 4620 in
1757 4561 2063 4645 ejusmodi
2119 4564 2323 4624 verbis
2398 4561 2703 4625 addendis
2779 4561 3074 4643 magnum
3157 4565 3514 4642 ponendum
3574 4581 3704 4645 esse
3760 4580 3896 4618 mo-

503 4643 809 4716 mentum,
879 4650 988 4704 aut
1056 4643 1452 4721 gloriandum
1524 4648 1759 4724 putem.
1793 4643 2063 4724 “Egi‘id
2134 4663 2408 4723 quoque,
2485 4653 2552 4706 ut
2609 4646 2915 4708 vocabula
2985 4646 3372 4724 phrasesque
3448 4643 3756 4723 praecipue
3817 4659 3890 4697 ex

499 4726 908 4804 scriptoribus
952 4724 1076 4784 illis
1121 4743 1476 4804 sumerem,
1515 4723 1623 4799 qui
1676 4742 1716 4804 ra
1764 4722 1974 4804 [XXX]
2027 4726 2256 4784 saeculo
2289 4722 2498 4786 tertio
2547 4729 2624 4786 ad
2681 4722 3036 4787 Heracliurn
3087 4728 3246 4801 Aug.
3300 4722 3680 4804 floruerunt:
3745 4738 3886 4804 nam

504 4801 671 4883 apud
731 4806 844 4865 hos
905 4805 1112 4883 potius
1168 4805 1403 4884 aliquid
1464 4803 1689 4880 integri
1742 4803 2001 4880 sanique
2086 4807 2456 4865 remansisse
2502 4809 2879 4867 credendum
2938 4813 3048 4874 est,
3113 4823 3304 4883 quam
3369 4806 3537 4882 apud
3596 4803 3736 4862 illos
3784 4801 3892 4878 qui

499 4903 640 4944 saec.
699 4902 782 4946 vu
841 4890 902 4943 et
959 4885 1255 4964 deinceps
1325 4887 1594 4953 fuerunt,
1647 4901 1860 4964 usque
1905 4884 1983 4964 ad
2043 4893 2291 4962 captam
2355 4888 2595 4948 urbem.
2643 4887 2736 4947 Ab
2782 4885 3093 4946 historicis
3157 4884 3680 4944 illustrationibus
3714 4887 3888 4964 _p_le-

496 4983 762 5042 rumque
822 4983 920 5022 me
976 4960 1280 5024 continui.
1343 4964 1500 5024 Sunt
1556 4961 1671 5044 qui
1721 4963 1983 5022 materia
2039 4983 2074 5023 a
2121 4960 2310 5026 nobis
2367 4975 2582 5044 parata
2637 4975 2801 5027 recte
2862 4973 3138 5036 utantur,
3201 4965 3537 5042 scriptores
3595 4960 3891 5041 probabi-

499 5044 583 5105 les
645 5046 847 5116 multi,
906 5045 1148 5122 aliquot
1204 5047 1392 5104 etiam
1451 5042 1699 5125 summi,
1763 5050 1828 5101 ut
1879 5047 2331 5121 componendas
2367 5042 2666 5108 historiae
2722 5048 2892 5106 clara
2948 5046 3067 5125 ipsi
3125 5045 3435 5122 exempla,
3497 5045 3585 5104 ita
3633 5061 3889 5125 compo-

490 5125 751 5205 sitarum
811 5125 1028 5202 optimi
1080 5125 1344 5201 judices.
1423 5123 1607 5205 Velut
1662 5123 1724 5205 in
1782 5125 2116 5184 Germania
2174 5127 2536 5187 Fredericus
2593 5122 3082 5205 ChristOphorus
3141 5128 3599 5205 Scamssaaus,
3646 5123 3774 5205 qui
3819 5122 3889 5180 li-

489 5203 604 5284 bro
680 5223 913 5282 paucos
987 5211 1131 5263 ante
1169 5222 1369 5262 annos
1422 5204 1588 5262 edito
1666 5202 1944 5284 impetus
1995 5205 2468 5283 imperatorum,
2545 5202 3086 5284 Constantinopoli
3155 5211 3512 5264 sanctorum
3587 5203 3893 5279 imagines

487 5281 939 5364 infestantium,
992 5302 1142 5364 non
1178 5284 1416 5364 minore
1472 5281 1762 5364 acumine
1818 5302 2005 5360 quam
2067 5281 2359 5346 facundia
2412 5287 2762 5347 felicissime
2811 5281 3123 5364 exposuit.
3185 5288 3252 5345 In
3309 5286 3528 5344 Russia
3603 5285 3894 5364 Nicotaus

486 5365 854 5446 Kauausm,
925 5361 1224 5446 historize
1275 5362 1745 5446 probatissimae
1803 5373 2054 5446 auctor,
2117 5385 2241 5443 qua
2300 5368 2536 5445 patrias
2595 5361 3002 5446 antiquitates
3068 5383 3209 5424 rara
3275 5366 3524 5425 dicendi
3594 5362 3895 5446 facultate

489 5444 857 5524 mirabiliter
919 5442 1337 5524 illustravit;
1378 5449 1439 5502 et
1503 5442 1872 5524 cumprimis
1944 5442 2546 5524 Philippus—Keue,
2621 5442 2917 5524 cui'jam
2990 5447 3278 5523 superius
3345 5447 3588 5505 debitas
3661 5444 3896 5520 gratias

485 5523 866 5602 meritasque
922 5524 1042 5600 egi,
1105 5523 1280 5597 cujus
1328 5523 1388 5604 in
1448 5521 1816 5604 Tentamine
1877 5521 2226 5586 critico—ad
2281 5528 2717 5589 illustrandam
2777 5521 3256 5604 chronologiam
3304 5525 3738 5604 Byzantinam,
3784 5526 3898 5582 Pe-

486 5606 718 5681 tmpOIi
780 5605 935 5663 18l0
974 5604 1230 5686 (omitto
1285 5603 1409 5662 alia
1466 5603 1599 5686 ejus
1653 5602 1940 5676 scriptas,
2003 5624 2141 5682 quae
2203 5608 2400 5666 multa
2456 5609 2650 5686 δυηί),
2711 5611 2985 5686 perfecta
3044 5602 3248 5666 rerum
3311 5602 3440 5665 tum
3506 5605 3893 5686 Slavicarum

487 5692 619 5767 tum
681 5685 1266 5767 septentrionalium
1319 5683 1630 5767 cognitio,
1694 5700 1966 5767 summa
2000 5687 2258 5767 ratione
2300 5683 2998 5767 corisideratisSimaque
3060 5686 3394 5766 prudentia
3459 5687 3702 5767 adjuta,
3763 5685 3892 5767 elu-

483 5766 607 5838 xit,
665 5762 968 5847 cujusque
1023 5763 1456 5825 eruditissimis
1523 5763 2068 5824 observationibus
2123 5766 2186 5826 in
2248 5766 2368 5828 hoc
2427 5788 2680 5848 quoque
2752 5762 2941 5848 opere
2998 5762 3241 5828 edendo
3308 5785 3432 5827 non
3498 5762 3896 5826 mediocriter
