4202 6314
326 421 446 485 653
1575 419 1642 479 Ο.
1690 419 1759 480 Β.
1808 417 2019 479 HASII
2063 419 2503 482 PRIEFATIO.
3630 422 3748 484 654a

329 574 429 617 me
486 553 776 632 adiutum
832 572 967 615 esse
1024 570 1347 632 nunquam
1402 552 1835 634 dissimulabo.
1894 555 1966 614 In
2024 553 2248 632 Gallia,
2307 555 2482 616 omni
2539 555 2850 634 politioris
2914 555 3284 616 litteraturae
3341 561 3402 616 et
3468 556 3749 634 antiqui-

330 637 514 706 tatis,
574 635 748 696 omni
799 634 1202 696 scientiarum
1262 651 1490 711 genere
1546 633 1889 704 excellens,
1951 638 2094 694 Ant.
2152 636 2392 696 Joann.
2453 633 2820 706 Laiaoxus,
2885 636 3097 695 multis
3157 635 3312 695 mihi
3385 633 3746 696 nominibus

330 720 588 788 charus,
651 735 776 777 non
839 717 1026 776 modo
1083 715 1338 796 ingenio
1413 714 1959 796 splendidissimo,
2019 713 2130 796 sed
2191 725 2408 796 κριτικῇ
2487 735 2742 795 quoque
2812 715 3117 794 singulari
3175 723 3367 794 atque
3435 717 3749 796 exquisita

333 804 675 876 praestans.
737 798 962 875 Neque
1018 795 1105 855 ibi
1163 801 1304 876 post
1357 795 1784 866 Ameilhonis,
1826 795 2458 876 Ascriptorisgpoliti,
2521 816 2723 874 neque
2781 804 2925 874 post
2982 796 3099 855 lib.
3162 797 3302 856 Bar.
3363 797 3440 857 de
3500 795 3749 858 Sainte-

335 874 554 952 Croix,
615 876 730 936 viri
787 874 1162 947 venerandi,
1221 875 1500 950 obitum,
1559 893 1763 953 neque
1820 874 1882 933 in
1934 874 2260 935 Britannia
2319 882 2460 954 post
2517 878 2866 938 Gibbonem
2926 877 3056 937 vita
3125 877 3451 948 functum,
3526 878 3754 938 desunt

335 958 441 1020 alii
497 957 726 1016 summi
783 957 1067 1017 doctrina
1122 974 1496 1032 summoque
1533 955 1771 1031 judicio
1833 955 2138 1026 homines,
2202 955 2262 1014 in
2323 957 2712 1034 exploranda
2771 957 3146 1035 scriptorum
3209 957 3396 1017 medii
3454 959 3571 1018 invi
3628 958 3753 1017 ﬁde

339 1039 684 1100 exercitati.
741 1038 849 1097 His
907 1055 1046 1115 ego,
1107 1039 1439 1097 transactis
1488 1035 1621 1111 jam
1686 1035 1839 1095 meis
1906 1035 2211 1113 partibus,
2292 1039 2561 1096 Leonem
2624 1037 2921 1097 historica
2979 1039 3220 1097 ratione
3276 1038 3748 1112 illustrandum,

341 1120 392 1179 si
449 1119 664 1187 velint,
724 1117 928 1178 trado.
990 1117 1138 1176 Mihi
1195 1116 1346 1178 satis
1403 1115 1542 1187 fuit,
1607 1115 2134 1196 materiamrillis,
2180 1135 2304 1175 non
2363 1117 2687 1196 indignam
2743 1118 3040 1177 facultate
3092 1125 3155 1177 et
3210 1119 3393 1195 copia
3438 1119 3745 1194 ipsorum,

339 1197 680 1274 subjicere,
739 1197 1149 1276 interimque,
1209 1198 1272 1258 in
1328 1214 1519 1274 opere
1575 1196 1672 1277 sic
1733 1195 1996 1266 versari,
2055 1204 2126 1256 ut
2183 1199 2475 1272 quaedam
2512 1195 2645 1258 otii
2702 1199 2823 1257 mei
2879 1205 3153 1258 exstaret
3219 1199 3413 1276 ratio,
3471 1198 3752 1277 indeque

337 1279 561 1339 litterae
622 1281 855 1340 Graecis
912 1275 1128 1356 aliqua
1190 1297 1268 1338 ex
1339 1282 1514 1355 parte
1571 1275 2123 1356 locupletarentur.
2186 1277 2252 1336 Id
2311 1283 2512 1337 totum
2588 1279 2916 1338 consilium
2994 1280 3356 1356 factumque
3398 1275 3660 1338 'meunf
3699 1279 3754 1338 si

339 1379 375 1420 a
428 1358 630 1419 doctis
685 1355 1077 1436 probabitur,
1138 1358 1312 1418 nullo
1369 1356 1492 1417 alio
1550 1355 1832 1416 decorari
1895 1356 2174 1416 laborem
2229 1376 2432 1418 meum
2507 1359 2766 1436 praemio
2829 1361 3100 1436 postulo,
3161 1355 3583 1437 adialiosque
3641 1359 3752 1435 By-

340 1441 649 1511 zantinos,
707 1439 915 1499 simili.
954 1440 1193 1498 ratione
1247 1438 1543 1511 edendos,
1586 1438 1808 1516 minus
1862 1437 2210 1496 verecunde
2268 1447 2786 1515 cunctanterque,
2841 1459 3026 1516 quam
3081 1439 3290 1499 adhuc
3346 1439 3480 1510 feci,
3535 1456 3751 1515 aggre-

341 1521 498 1579 diar.
574 1519 786 1580 Habeo
844 1519 1010 1578 enim
1081 1519 1255 1597 prelo
1305 1518 1439 1596 jam
1503 1515 1742 1594 pridem
1806 1524 2028 1592 parata
2097 1517 2425 1578 Michaelis
2492 1519 2681 1579 Pselli
2738 1515 3031 1590 Annales,
3099 1519 3344 1595 Georgii
3403 1518 3756 1578 Hamartoli

341 1599 722 1670 Chronicon,
781 1599 1118 1678 Nicephori
1167 1602 1456 1676 Gregorae
1508 1597 1696 1679 libros
1755 1598 1998 1674 aliquot
2045 1598 2252 1657 adhuc
2311 1599 2548 1679 [ΧΧΧΙ]
2604 1600 2894 1670 ineditos,
2959 1606 3318 1659 sanctorum
3379 1601 3554 1658 Vitas
3602 1599 3752 1679 item

339 1681 632 1752 inedilas,
712 1677 1037 1740 historiam
1115 1679 1326 1740 saeculi
1393 1677 1619 1737 decimi
1671 1685 1733 1737 et
1780 1679 2075 1755 deinceps
2128 1677 2979 1756 si'quentiumillustrantes,
3026 1680 3308 1758 Gregorii
3356 1681 3632 1740 Palamaa
3673 1678 3752 1738 li-

339 1761 574 1821 bellum
635 1760 712 1819 de
769 1761 1131 1838 captivitate
1187 1778 1298 1819 sua
1353 1759 1433 1818 ad
1465 1759 2072 1826 'l‘hessalonicenses,
2107 1758 2357 1832 aliaque
2414 1759 2477 1818 id
2503 1778 2720 1836 genus,
2755 1779 2896 1837 quae
2954 1767 3022 1819 ut
3054 1763 3258 1838 primo
3301 1779 3554 1838 quoque
3594 1766 3753 1818 tem-

341 1859 495 1920 pore
524 1842 585 1900 in
619 1841 819 1901 lucem
855 1841 1179 1920 prodeant,
1217 1841 1402 1900 rebus
1429 1839 2274 1920 Byzantinisr,Slavorumque
2303 1843 2648 1900 Turcarum
2688 1842 2908 1920 priscae
2965 1841 3240 1902 historiae
3281 1858 3507 1901 novam
3551 1839 3756 1900 lucem

344 1919 641 1994 allatura,
673 1922 992 1982 fautorum
1027 1921 1216 1996 hujus
1243 1920 1451 1998 operis
1497 1919 1834 1997 singularis
1892 1919 2311 1979 muniﬁcentis
2340 1939 2593 1998 sperare
2638 1939 2751 1981 nos
2773 1919 2976 1998 jubet.

429 2054 792 2116 Scribebam
841 2054 1059 2116 Paisiis
1103 2054 1166 2114 in
1210 2051 1599 2116 Bibliotheca
1651 2051 1862 2130 Regia,
1914 2051 2179 2113 Kalend.
2229 2053 2490 2114 Januar.
2552 2054 3016 2117 MDCCCXVIII.
