4202 6314
359 316 484 379 663

1760 314 2040 378 LEONIS
2084 312 2412 380 DiACON’I

3667 316 3792 379 664

361 445 440 503 ad
470 444 742 518 requiem
773 462 836 503 se
866 447 1035 503 trans
1081 445 1386 504 hominem
1437 446 1811 516 contulisset,
1862 447 2023 503 filius

2145 447 2219 502 ιαὶ
2276 448 2414 523 πρὸς
2470 447 2573 516 τὴν
2627 444 2803 501 ἐκεῖσε
2852 443 3184 501 κατάπαυσιν
3260 443 3653 516 ἆναλύσαντος,
3691 448 3794 516 τήν

368 535 500 607 ejus
529 536 855 606 Ramanus,
889 536 991 607 qui
1023 552 1093 592 ex
1148 536 1365 608 puerili
1411 540 1583 591 aetate
1635 551 1907 608 egressus
1958 537 2032 591 ad

371 624 601 678 virilem
623 625 751 695 jam
785 625 1096 691 transibat,
1146 625 1519 696 principatus
1560 624 2032 680 administratio-

372 729 513 769 nem
547 714 826 785 suscepit.
860 715 998 768 Erat
1044 714 1094 768 is
1145 714 1463 784 caateroqui
1518 713 1734 781 bonus,
1782 714 2034 770 honesta

374 802 548 868 facie,
583 818 859 857 sermone
888 801 1108 872 lepido,
1136 802 1333 874 specie
1362 802 1856 874 decorus,plenus
1871 805 2033 859 omni

374 891 690 963 probitate,
716 906 854 962 erga
871 889 1174 945 subditum
1201 892 1467 962 quemvis
1493 891 1783 964 benignus
1810 909 1876 947 ac
1898 908 2032 949 sua-

370 980 489 1047 vis;
517 979 621 1035 sed
648 979 791 1033 item
813 979 1218 1051 voluptatibus
1231 980 1603 1052 juvenilibus
1624 981 1905 1053 ludisque
1938 983 2035 1037 ni-

373 1069 560 1124 mium
585 1066 843 1122 deditus.
873 1069 1027 1133 Quas
1049 1068 1121 1124 ad
1145 1085 1243 1125 res
1266 1070 1368 1141 qui
1390 1086 1452 1125 se
1470 1070 1895 1137 sollicitabant,
1930 1087 2031 1126 eos

373 1161 582 1212 contra
603 1161 781 1227 atque
800 1157 1532 1228 oportebat,inducebatin
1546 1159 1857 1230 palatium.
1884 1160 2031 1214 Huic

372 1245 720 1317 imperatori
744 1245 1008 1301 Romano
1030 1247 1088 1300 in
1111 1252 1375 1302 mentem
1398 1257 1640 1304 venerat
1681 1249 1940 1303 Arabum
1967 1249 2029 1304 in

378 1335 550 1389 Creta
566 1334 917 1405 potentiam,
955 1336 1401 1407 superbientem
1417 1336 1584 1392 illam
1600 1338 1907 1409 caedesque
1928 1337 2030 1393 ad-

375 1439 582 1479 versus
614 1425 913 1479 Romanos
947 1425 1295 1496 spirantem,
1327 1442 1458 1481 cum
1497 1427 1601 1481 Dei
1634 1427 1853 1482 auxilio
1878 1443 2035 1482 ever-

375 1519 521 1568 tere.
560 1514 807 1584 Quippe,
867 1513 1036 1568 clade
1094 1514 1272 1585 paulo
1322 1519 1457 1571 ante
1517 1515 1690 1571 nobis
1746 1516 1913 1572 illata
1967 1517 2031 1571 in

377 1604 740 1657 immensum
773 1602 986 1670 inﬂati,
1019 1619 1126 1675 per
1179 1621 1343 1659 oram
1394 1605 1630 1676 imperii
1687 1606 2029 1661 maritinam

378 1691 795 1763 populationes
826 1692 1116 1748 maximas
1146 1692 1466 1749 faciebant.
1500 1695 1686 1759 Quam
1726 1695 2033 1751 calamita-

381 1786 501 1837 tem
560 1781 1065 1852 quemadmodum
1141 1784 1392 1839 Romani
1466 1785 1733 1856 ceperint
1815 1784 2028 1840 dicam.

379 1871 803 1926 Constantinus
836 1870 1178 1942 imperator,
1205 1888 1338 1928 cum
1363 1873 1735 1929 Cretensium
1759 1890 2034 1947 arrogan-

378 1957 524 2013 tiam
557 1959 1053 2031 incursionesque
1086 1962 1435 2033 repentinas
1474 1962 1629 2017 ferre
1676 1979 1796 2017 non
1824 1964 1862 2017 7
1894 1980 2033 2035 pos-

379 2053 489 2117 set,
515 2047 809 2103 conducto
831 2049 1058 2120 optimo
1082 2050 1367 2117 exercitu,
1397 2050 1741 2107 triremibus
1767 2052 2034 2125 igniferis

378 2139 692 2193 instructis
718 2139 872 2194 bene
922 2139 1150 2208 multis,
1201 2141 1639 2212 expeditionem
1687 2142 1749 2196 in
1801 2142 2033 2197 Cretam

385 2228 668 2299 suscepit,
701 2228 860 2283 velut
898 2230 1091 2300 prima
1121 2230 1500 2301 aggressione
1548 2230 1806 2286 insulam
1860 2248 2031 2287 occu-

302 2336 307 2341 λ
379 2322 646 2388 paturus.
708 2319 944 2371 Atenim
994 2318 1223 2387 ignavia
1271 2324 1449 2389 atque
1499 2320 1797 2391 imperitia
1843 2320 2031 2391 ducis,

358 2404 483 2475 ‘qui
515 2409 642 2460 erat
674 2404 857 2475 spado
890 2405 1275 2477 cubicularis,
1299 2407 1620 2463 homuncio
1643 2409 2037 2465 umbraticola

381 2492 783 2565 Paphlagonia
802 2500 987 2559 ortus,
1013 2495 1438 2551 Constantinus
1459 2498 1702 2552 nomine
1744 2499 2034 2570 Gongyles

383 2588 797 2651 cognomento,
876 2583 1110 2637 tametsi
1198 2584 1570 2655 amplissima
1648 2587 2033 2657 patriciorum

383 2670 669 2742 dignitate
700 2670 1085 2742 gloriabatur,
1121 2674 1315 2727 omnis
1346 2673 1441 2728 hic
1473 2674 1767 2730 exercitus
1818 2681 2035 2746 printer

381 2774 601 2829 paucos
634 2759 923 2829 quosdam
954 2759 1175 2816 milites
1225 2762 1671 2818 contrucidatus
1702 2779 1736 2819 a
1765 2761 2033 2819 barbaris

379 2862 448 2901 ac
480 2846 748 2903 delectus
780 2853 886 2903 est.

2142 534 2572 610 αύτοκρατορίαν
2630 536 2657 571 ⁸
2704 536 2729 571 θ
2786 532 2988 590 διέπειν
3043 536 3225 611 ἀρχὴν
3284 537 3404 610 (12)
3454 536 3795 608 Ῥωμανὸςὸ

2143 624 2351 680 ἐκείνου
2402 624 2517 689 υἱὸς
2565 622 2948 701 ἐγχειρίζεται,
3002 622 3112 695 ἤδη
3174 626 3274 692 τήν
3332 629 3443 680 τῶν
3500 625 3796 699 μειρακίων

2142 710 2544 789 παραλλάττων
2576 712 2798 783 ἠλικίαν
2866 714 2952 767 καὶ
3014 714 3150 788 πρὸς
3211 710 3379 787 ἄνδρα
3433 713 3525 767 τὸν
3584 711 3793 769 τέλειον

2148 803 2699 877 μέτασκευαζόμενος’
2734 802 2871 877 ἀνὴρ
2902 801 3083 857 τᾶλλα
3113 803 3212 874 μὶν
3246 801 3511 874 ἐπιεικὴς,
3562 802 3791 879 εὐπρόσο

2143 893 2295 955 ωπός
2347 913 2405 947 τε
2455 892 2545 947 καὶ
2605 888 2870 964 εὐόμιλος
2927 891 3015 946 καὶ
3089 892 3190 961 τήν
3250 891 3394 966 ὥραν
3455 891 3788 967 ἀριπρεπὴς,

2144 981 2234 1037 καὶ
2292 978 2641 1050 παντοδαπῆς
2695 979 3099 1054 καλοκάγαθίας
3182 978 3493 1047 ἀνάπλεως,
3566 980 3798 1053 εὐμενής

2137 1092 2198 1128 τε
2225 1070 2315 1126 καὶ
2347 1070 2591 1148 χρηστὸς
2619 1070 2755 1144 πρὸς
2793 1068 2932 1124 ἃπαν
2978 1070 3042 1124 τὸ
3093 1071 3335 1140 ὑπήκοον
3395 1073 3528 1142 (13),
3589 1068 3794 1140 ἐπτοη-

2146 1159 2307 1233 μένος
2340 1156 2398 1214 δέ
2427 1162 2777 1234 νεωτεριοκαῖς
2807 1154 3165 1226 ἡδυπαθείαις
3217 1158 3309 1214 καὶ
3354 1155 3623 1225 παιδιαῖς,
3668 1158 3797 1221 τοὺς

2141 1247 2199 1305 δὲ
2256 1248 2591 1325 ἐρεθίζοντας
2649 1249 2787 1323 πρὸς
2861 1251 3030 1302 ταῦτα
3109 1248 3246 1303 κατᾶ
3326 1250 3427 1317 τήν
3521 1247 3798 1325 βασίλειον

2141 1338 2341 1408 ἑστίαν,
2376 1340 2453 1400 ὡς
2485 1336 2583 1392 οὐκ
2614 1334 2848 1413 ὣφελεν,
2907 1335 3245 1412 ἐπαγόμενος
3293 1342 3427 1409 (14).
3484 1340 3676 1411 Τοῦτῳ
3717 1340 3797 1410 τῷ

2142 1426 2502 1503 αὐτοκράτορι
2558 1428 2827 1499 Ῥωμανῷ
2875 1425 2954 1487 εἷς
3011 1420 3218 1481 ἔννοιαν
3297 1425 3420 1496 ἧκε,
3500 1429 3601 1496 τήν
3682 1431 3793 1482 τῶν

2139 1511 2443 1589 Ἀραϐιτῶν
2504 1519 2731 1591 Κρητῶν
2820 1512 3155 1580 δυναστείαν,
3241 1513 3637 1591 τραχηλιῶσαν
3702 1516 3794 1571 καὶ

2140 1606 2277 1661 κατὰ
2302 1605 2591 1678 Ῥωμαίων
2649 1603 2870 1682 φονικὸν
2930 1604 3214 1676 πνέουσαν⁷
3272 1608 3341 1678 τῇ
3397 1609 3495 1660 τοῦ
3550 1604 3791 1681 κρείττο-

2139 1716 2233 1757 νος
2267 1694 2409 1771 ῥοπῇ
2442 1691 2686 1750 ἐκποδὼν
2729 1694 3082 1764 ποιήσασθαι.
3138 1692 3234 1750 Καὶ
3277 1693 3379 1768 γὰρ
3428 1697 3510 1766 τῷ
3557 1693 3608 1767 ἐξ
3659 1694 3794 1749 ὑπο-

2065 1783 2300 1890 Βγυίου
2332 1789 2447 1847 τοῖς
2502 1781 2800 1855 Ῥωμαίοις
2842 1777 3222 1890 ρυμϐεϐηκότι
3282 1783 3597 1890 ἀτυχήματι
3656 1781 3794 1857 ἀμέ-

2142 1893 2286 1948 τρως
2339 1871 2739 1948 γαυρουμένην,
2798 1870 2866 1926 τὰ
2948 1870 3223 1947 παράκτια
3290 1879 3393 1942 τῆς
3476 1872 3792 1944 Ῥωμαϊκῆς

2143 1961 2485 2037 ἐπικρατείας
2526 1956 2778 2031 ἐληίζετο
2842 1959 3100 2033 μάλιστα.
3157 1962 3348 2023 ’Ὁπως
3409 1958 3468 2016 δὲ
3520 1962 3587 2017 τὸ
3632 1965 3795 2015 πταῖ·

2147 2072 2257 2124 σμα
2285 2049 2581 2122 Ῥωμαίοις
2623 2043 2989 2121 συμϐέϐηκεν,
3048 2047 3421 2124 ἐπιτροχάδην
3481 2048 3594 2125 ἐρᾷ.
3642 2056 3794 2104 Κων-

2146 2144 2421 2201 σταντῖνος
2455 2137 2883 2212 ὁαύτοκράτωρ,
2921 2140 2997 2211 μὴ
3061 2138 3261 2214 στέγων
3321 2140 3424 2207 τὴν
3485 2142 3590 2193 τῶν
3648 2144 3800 2212 Κρη-

2143 2233 2250 2283 τῶν
2285 2223 2439 2303 ὕϐριν
2498 2226 2589 2282 καὶ
2644 2227 2740 2289 τὰς
2799 2224 3094 2300 λαθραίους
3151 2224 3483 2302 ἐπιδρομὰς,
3543 2227 3796 2298 στρατιὰν

2141 2317 2446 2390 ἀξιόμαχον
2480 2313 2821 2391 συνειλοχὼς
2874 2316 2964 2369 καὶ
3020 2317 3265 2392 τριήρεις
3327 2315 3616 2391 ἐξαρτύσας
3658 2335 3795 2392 πυρ-

2145 2406 2345 2484 αόρους
2399 2402 2547 2478 μάλα
2603 2403 2838 2481 συχνὰς,
2900 2406 3039 2459 κατὰ
3088 2408 3190 2470 τῆς
3249 2407 3469 2480 Κρήτης
3527 2400 3798 2475 ἔστελλεν,

2145 2495 2220 2559 ὡς
2249 2490 2503 2549 αὐτοϐοεὶ
2534 2494 2637 2561 τὴν
2670 2500 2831 2562 νῆσον
2891 2493 3156 2569 αἱρήσων.
3206 2491 3367 2549 Ἀλλ’
3412 2492 3667 2568 ἀνανδρίᾳ
3709 2494 3801 2548 καὶ

2143 2583 2361 2658 ἀπειρίᾳ
2416 2587 2517 2637 τοῦ
2572 2586 2903 2657 στρατηγοῦ,
2963 2582 3171 2655 τομίου
3231 2582 3637 2656 θαλαμηπόλου
3688 2581 3796 2655 (15)

2143 2673 2455 2741 τελοῦντος,
2498 2672 2587 2727 καὶ
2649 2669 2940 2746 ἆνδραρίου
2998 2676 3360 2746 σκιατραφοῖκ
3415 2670 3475 2727 ἐκ
3527 2676 3627 2737 τῆς
3685 2677 3791 2726 Πα⁶

2144 2760 2430 2839 φλαγόνων
2482 2761 2821 2837 ὡρμημένου
2880 2765 3306 2833 (Κωνσταντῖνος
3362 2761 3539 2835 δνομα
3589 2761 3791 2833 τούτῳ,

2143 2848 2425 2926 Γογγύλης
2456 2848 2790 2923 ἐπίκλησις),
2824 2848 2872 2904 εί
2902 2848 2991 2905 καὶ
3035 2853 3115 2922 τῷ
3163 2855 3270 2904 τῶν
3316 2850 3621 2923 Πατρικίων
3670 2849 3789 2924 ἀρι-

378 2939 578 3010 πρεπεῖ
654 2936 920 3008 ἀξιώματι
998 2932 1341 3010 ἐσεμνύνετο,
1426 2937 1603 2993 ἅπασα
1651 2942 1693 3009 ἡ
1752 2938 2013 3015 λεχθεῖσα
2095 2941 2338 3015 στρατιὰ,
2394 2936 2543 3009 πλὴν
2609 2935 2816 3013 ὀλίγων
2871 2936 3102 3014 ἀνδρῶν,
3158 2939 3431 3010 κατεκόπη
3489 2940 3626 3015 πρὸς
3686 2942 3794 2993 τῶν

376 3016 668 3098 βαρϐάρων
699 3024 788 3078 καὶ
818 3024 1206 3100 παραπώλετο.

445 3115 499 3171 3.
532 3115 698 3179 Quod
728 3113 1155 3170 detrimentum
1190 3116 1411 3171 sarcire
1442 3119 1690 3190 cupiens
1721 3120 2023 3176 Romanus
2055 3122 2097 3187 C

375 3204 718 3274 imperator,
753 3204 1150 3275 Nicephorum
1183 3206 1464 3275 Phocam,
1507 3207 1666 3263 inter
1714 3209 2028 3281 magistros

379 3292 831 3365 prmfulgentem
864 3293 1337 3364 exercitibusque
1383 3295 1784 3351 Orientalibus
1816 3297 2029 3369 praefe-

385 3384 546 3434 ctum
579 3386 779 3451 (quam
811 3380 1161 3451 dignitatem
1192 3384 1655 3440 Domesticatum
1688 3386 2029 3441 scholarum

388 3470 638 3524 Romani
672 3471 921 3540 vocant),
949 3471 1141 3525 virum
1175 3476 1485 3528 strenuum
1517 3490 1583 3529 ac
1613 3490 1851 3541 navum,
1871 3474 2029 3531 bello

380 3556 622 3627 fortem,
656 3559 704 3615 si
744 3560 983 3631 invicta,
1032 3560 1244 3617 ducem
1292 3562 1551 3634 gerendo
1595 3563 1755 3620 bello
1805 3565 2031 3621 Cretico

2210 3123 2276 3191 γ’.
2333 3113 2549 3186 Ταύτην
2608 3115 2706 3184 τήν
2805 3114 2971 3184 ἧτταν
3032 3114 3061 3170 ὁ
3117 3114 3435 3190 αύτοκροωρ
3515 3114 3791 3188 Ῥωμανὸς

2138 3202 2564 3261 ἀνακαλέσασθαι
2597 3204 3080 3278 προθυμούμενος,
3136 3205 3451 3283 Νικηφόρον
3512 3204 3605 3259 τὸν
3661 3208 3791 3258 Φω-

2138 3301 2235 3349 κᾶν
2296 3297 2431 3367 (16),
2488 3298 2607 3356 τοῖς
2663 3292 2981 3368 μαγίστροις
3057 3289 3487 3368 ἐνδιαπρέποντα
3538 3292 3629 3347 καὶ
3684 3296 3791 3347 τῶν

2138 3381 2565 3453 τῆςἊνατολῆς
2625 3380 3042 3459 στρατευμάτων
3105 3383 3451 3457 κατάρχοντα
3509 3380 3792 3456 (Δομέστι-

2138 3494 2235 3528 κον
2281 3476 2389 3527 τῶν
2441 3470 2670 3547 σχολῶν
2727 3471 2998 3544 Ῥωμαῖοι
3055 3472 3101 3508 ίο
3158 3471 3339 3548 ἀρχὴν
3397 3472 3498 3541 τήν
3545 3471 3797 3536 τοιαύτην

2142 3561 2613 3640 ἐπιφημίζουσιν),
2672 3557 2839 3635 ἄνδρα
2898 3558 3090 3635 ῥέκτην
3143 3581 3204 3615 τε
3271 3559 3361 3615 καὶ
3442 3557 3789 3637 δραστήριον⁹

1589 3719 1649 3772 C.
1691 3717 1752 3773 Β.
1794 3718 1981 3772 HASlI
2017 3714 2577 3774 ANNOTATIONES.

450 3856 495 3892 ὀ
522 3852 811 3926 Ῥωμαίοις
841 3854 1005 3926 cod.,
1033 3861 1100 3911 ut
1129 3857 1208 3912 sit
1235 3858 1406 3928 quasi
1437 3858 1667 3915 dativus
1697 3860 2005 3916 absolutus

2145 3858 2513 3931 participium
2543 3853 2959 3927 ἐπισημίζουσιν
2992 3855 3361 3912 referendus.

379 4008 691 4065 commode
723 4007 912 4082 versip
929 4007 1209 4082 vulgaris,
1235 4018 1641 4082 persecutorem
1673 4012 1731 4066 in
1754 4012 2035 4082 praedica—

383 4082 829 4154 torem_mutavit.
868 4079 1775 4154 Pa_rticipiurn_usrnXXOLO'tac;
1808 4083 1869 4136 in
1918 4100 2037 4154 qua

382 4167 520 4205 voce
554 4149 999 4233 interprEtanda
1028 4149 1316 4233 nonnulli
1340 4151 1489 4233 lapsi
1524 4159 1687 4221 sunt,
1736 4170 1891 4226 saepe
1935 4149 2036 4209 Eie-

382 4226 599 4292 functos
624 4221 980 4295 significare,
1014 4222 1247 4295 etiamsi
1284 4221 1489 4295 Lexica
1520 4240 1642 4279 non
1699 4221 2032 4295 monerent,

387 4291 774 4348 oonstaret’ex
804 4291 1092 4345 Salmasio
1127 4293 1207 4345 De
1242 4293 1440 4349 usuris
1470 4295 1593 4360 391,
1629 4297 1693 4350 Α.

458 4365 569 4433 (12)
627 4362 846 4455 Malim,
904 4361 1003 4455 τῂν
1062 4360 1438 4455 αὐτοκρατορα
1494 4363 1699 4455 ἀρχὴν,
1753 4366 1864 4455 vel,
1931 4366 2032 4455 τὴν

386 4408 1116 4511 αὐτοκΙρατορίανξαγθιξιτὴν
1159 4408 1643 4511 αύίξοκραντορικτῇι
1669 4408 1872 4511 ἆρχήνῖ
1921 4408 2036 4494 Δύ-

386 4456 841 4506 αυτοκρατοριαν,
875 4456 982 4501 VB],
1016 4456 1116 4501 την
1159 4456 1620 4511 αυτοκρατορικην
1669 4456 1732 4507 ap
1782 4458 1872 4506 ην.
1921 4456 2034 4494 Δυ-

381 4507 668 4581 τοκράτῳρ
701 4509 768 4561 ut
797 4504 1365 4581 a_djectivum_habet
1394 4508 1522 4581 ipse
1554 4511 1667 4565 Leo
1706 4456 1787 4576 lg,
1821 4511 1884 4565 D.
1932 4515 2034 4577 τῆς

382 4561 782 4652 αδτδκρᾴςεορος
815 4561 997 4652 am.
1038 4577 1209 4652 Philo
1240 4561 2032 4652 Deplantatiohel‘ioe,176,
2067 4561 2110 4625 ο

385 4652 447 4724 (ὲ.
480 4651 515 4718 ὴ
547 4644 1211 4724 αύτοκράτωρ’δυναστεία
1251 4644 1370 4705 Leo
1417 4654 1499 4722 14,
1555 4656 1622 4707 Α.
1675 4644 2027 4724 Αὐτοκρατοέ

421 4722 474 4774 ία
505 4721 949 4794 substantivurn
964 4721 1254 4794 Iosephus
1284 4721 1491 4794 Antiq.
1530 4724 1755 4780 Judaic.
1808 4721 1929 4789 679,
1962 4725 2026 4779 E.

421 4742 474 4774 ια
505 4742 937 4776 δαυδιᾶῐιιινωη
964 4742 1254 4792 ιΙΟΞΘΡΠΠΒ
1284 4742 1483 4794 Anllq.
1530 4742 1755 4780 Juaalc.
1808 4742 1929 4789 619,
1966 4742 2026 4779 IS.

384 4742 592 4866 genus
624 4792 854 4866 Siculus
886 4792 1141 4866 Historia
1168 4793 1629 4866 Manichaeorum
1662 4799 1716 4859 2,
1747 4797 1806 4849 Β.
1858 4794 2031 4866 Adje-

384 4864 604 4937 ctivupn
636 4860 1091 4937 αύτοκροιτορικός
1120 4863 1289 4918 Philo
1318 4934 1332 4937 Α
1351 4864 1663 4937 Legatione
1710 4866 1782 4921 ad
1824 4860 2028 4921 Caium

384 4937 514 4999 786,
545 4935 607 4986 Ε.
658 4932 784 4999 802,
845 4934 905 4996 F,
947 4934 1219 4989 Clemens
1267 4932 1706 4992 Alexandrinus
1750 4938 2024 4992 Stromat.

385 5007 510 5070 363,
543 5005 609 5065 D,
643 5006 768 5077 765,
801 5004 955 5077 D.iS.
1014 5006 1325 5077 Gregorius
1376 5009 1674 5077 Nyssenus
1727 5008 1792 5062 In
1832 5009 2032 5063 Canti-

386 5091 520 5129 eum
554 5074 836 5148 canticor.
865 5076 909 5140 Ι,
944 5076 1065 5133 618,
1103 5074 1165 5129 Π.
1200 5074 1803 5135 ΟοηῐτδἘιιηοωίυω
1835 5081 1906 5147 Il,
1938 5083 2028 5148 42,

387 5148 451 5202 D.
500 5148 563 5200 In
613 5144 828 5199 Christi
886 5148 1387 5202 resurrectionem
1441 5152 1565 5216 821,
1620 5152 1680 5205 C.
1744 5144 2031 5206 Eusebius

388 5217 515 5271 Vita
538 5217 907 5288 Constantini
942 5219 1066 5281 611,
1100 5220 1160 5270 Α.
1198 5220 1415 5273 Contra
1447 5222 1776 5276 Hieroclem
1804 5226 1927 5288 516,
1962 5226 2027 5277 A.

388 5291 442 5364 S_.
477 5286 1200 5364 Basiliusln‘ﬂexaemer,
1232 5291 1276 5359 l,
1311 5294 1399 5355 77,
1446 5295 1505 5345 C.
1554 5293 1790 5364 Regalis
1839 5286 2030 5349 quius

385 5359 715 5432 disputatis
734 5360 803 5414 II.
837 5361 973 5432 467ζ
997 5359 1049 5411 Β.

461 5428 908 5502 (’13)Cedre_nus
939 5428 1260 5502 Compend.
1309 5431 1524 5502 Histor.
1579 5433 1648 5489 II.
1702 5437 1824 5502 945,
1859 5436 1919 5491 C.
1953 5434 2031 5490 Τὸ

387 5494 521 5571 ἦθος
548 5494 756 5629 ἧῖερον
788 5494 932 5575 ἔχων
990 5494 1103 5552 καῖ
1138 5504 1329 5572 πρᾷον,
1381 5501 1471 5556 καὶ
1521 5502 1581 5557 τὸ
1640 5494 1896 5581 φρόνημα
1943 5504 2031 5577 μέ·

388 5594 562 5629 τοιον.
639 5590 707 5629 oc
737 5578 845 5629 est.
879 5579 931 5628 et
962 5574 1245 5629 ingenium
1273 5575 1594 5629 modestum.
1626 5593 1767 5629 non-
1823 5583 1877 5629 et
1918 5594 2029 5629 me-

388 5594 562 5647 τριον,
594 5574 707 5629 hoc
737 5574 853 5640 est,
879 5579 931 5628 et
962 5574 1594 5648 ingeniummodestum,
1626 5574 1767 5648 non,
1823 5574 1877 5632 et
1918 5574 2029 5632 nie-

391 5645 652 5705 diocriter
689 5648 989 5714 animatus,
1046 5648 1113 5698 ut
1166 5645 1426 5703 reddidit
1476 5645 1813 5719 Xylander:
1862 5648 2031 5721 cujus

2145 4020 2440 4067 summam
2473 4009 2787 4082 utriusque
2827 4006 3046 4082 linguae
3095 4009 3393 4082 peritiam,
3445 4027 3622 4082 quam
3669 4029 3792 4067 non

2142 4083 2441 4155 immerito
2476 4080 2685 4155 tribuit
2712 4078 2798 4155 illi
2832 4078 3191 4155 Huetius’D‘e
3247 4081 3424 4155 claris
3462 4078 3788 4155 interpret.

2142 4157 2267 4223 227,
2299 4158 2383 4221 0.,
2415 4153 2478 4207 in
2508 4152 2619 4206 hac
2649 4150 2891 4222 quidem
2921 4151 3169 4205 Cedreni
3197 4153 3466 4208 versione
3495 4155 3587 4208 vix
3609 4150 3791 4227 agno-

2145 4241 2295 4281 $08.8.

2214 4295 2321 4366 (14)
2347 4295 2484 4359 Quae
2517 4308 2552 4348 a
2573 4291 2803 4347 verbis:
2835 4294 2977 4348 Huic
3006 4295 3344 4366 imperatori,
3359 4299 3494 4366 cett.
3554 4295 3616 4349 in
3659 4312 3789 4350 ver-

2145 4363 2311 4446 sione
2344 4365 2583 4446 Latina_
2601 4369 2951 4446 sequuntur,
2998 4379 3045 4444 ia
3097 4363 3450 4446 Combeﬁsio
3508 4382 3791 4446 conversa

2144 4439 2421 4510 leguntur
2450 4436 2512 4491 in
2544 4434 2706 4510 Pagii
2732 4434 2963 4490 Criticis
2994 4434 3055 4510 in
3094 4435 3355 4491 Annales
3403 4437 3641 4491 Baronii
3689 4439 3789 4507 Ill,

2143 4506 2268 4565 8‘73.
2301 4510 2439 4573 Quae
2472 4524 2580 4561 nos
2609 4506 2707 4562 hic
2732 4506 3198 4562 retractavimus.

2213 4584 2321 4648 (15)
2350 4578 2585 4634 Praeivit
2615 4578 2895 4647 Agathias
2924 4579 3010 4647 19,
3060 4578 3121 4631 Β.
3156 4576 3295 4633 Vide
3344 4577 3419 4633 de
3469 4578 3582 4635 hoc
3630 4577 3790 4636 bello

2137 4652 2468 4707 Cedrenum
2502 4650 2569 4716 ll,
2602 4651 2726 4716 640,
2760 4648 2825 4703 D.

2208 4723 2320 4790 (16)
2377 4722 2569 4796 Plura
2610 4718 2685 4775 de
2735 4718 3112 4796 expeditione
3169 4719 3397 4796 Cretice
3461 4722 3792 4796 _Nicephori

2137 4794 2348 4848 Phocaa
2402 4792 2793 4847 Continuator
2846 4791 3242 4862 Theophanis,
3292 4793 3419 4858 296,
3461 4794 3548 4862 B.,
3581 4791 3684 4850 300
3724 4797 3789 4851 D.

2138 4865 2226 4919 Ad
2255 4864 2530 4935 Gongylaa
2562 4862 2992 4935 navigationem
3026 4862 3283 4935 fortasse
3307 4863 3620 4921 referenda
3634 4867 3790 4922 noti-

2139 4936 2222 5017 tia
2251 4933 2451 5007 ampla
2481 4933 2554 5017 dﬁe
2593 4933 2883 5017 apparatu
2916 4933 3110 5017 navali
3142 4934 3635 5017 apud'ConAstant.
3661 4941 3798 5017 Por:

2138 5005 2463 5080 phyrogen.
2496 5005 2809 5080 Czprirnon.
2844 5005 2964 5080 aul.
2999 5009 3230 5077 Byzant.
3257 5006 3341 5080 _Igl,
3370 5009 3495 5076 383,
3540 5011 3637 5075 (λς
3690 5008 3795 5065 sed

2138 5026 2216 5078 pn
2262 5026 2463 5080 rogen.
2496 5026 2809 5061 biDI‘lmOIl.
2844 5026 2964 5059 ίιιιι.
2999 5026 3230 5077 Dyzant.
3262 5026 3336 5069 ιι,
3370 5026 3495 5076 αδδ,
3540 5026 3637 5075 u.;
3690 5026 3795 5065 seu

2138 5026 2267 5134 vidye
2302 5086 2358 5133 et
2389 5095 2519 5149 quae
2550 5078 2621 5131 de
2654 5076 3047 5151 Gongylianaa_
3084 5077 3482 5151 expeditionis
3527 5085 3795 5151 tempore

2139 5157 2309 5223 acute
2350 5147 2613 5223 disputat
2668 5147 2938 5223 summus
2976 5147 3402 5223 _chr0nologia3
3460 5147 3795 5223 Byzantina;

2140 5222 2362 5277 arbiter
2390 5218 2497 5276 Ph.
2531 5221 2706 5288 Krug,
2745 5218 3112 5287 Chronologie
3142 5220 3239 5273 der
3259 5218 3558 5289 Byzuntiér
3579 5226 3702 5287 292,
3730 5225 3791 5278 Β.

2140 5301 2198 5374 et
2226 5311 2356 5374 quae
2387 5293 2459 5347 de
2489 5291 2726 5374 C‘an‘diaa
2748 5289 2867 5374 sub
2900 5291 3166 5374 Homano
3200 5294 3635 5374 expugnatione
3660 5297 3790 5374 i306,

2138 5365 2199 5418 C.
2240 5361 2378 5420 inde
2410 5361 2716 5435 probatur,
2747 5361 3145 5435 Nicephorum
3178 5361 3482 5435 appulisse
3530 5365 3605 5420 ad
3653 5361 3795 5420 Cre-k

2142 5440 2327 5517 tanta
2355 5433 2487 5517 Chr.
2523 5438 2626 5517 960
2654 5433 3152 5517 (cont‘ranCon‘tin.
3187 5433 3448 5517 Theoph.
3474 5436 3601 5505 297,
3623 5437 3686 5499 C.
3717 5434 3791 5492 ad

2139 5522 2192 5563 a.
2227 5510 2331 5563 962
2362 5507 2420 5562 id
2454 5505 2851 5577 referentem),
2884 5504 3169 5577 Candiam
3207 5504 3459 5577 cepisse
3507 5504 3664 5563 anno
3698 5524 3787 5563 se-

2138 5580 2346 5649 quenti
2378 5580 2501 5645 961,
2536 5577 2714 5649 fratre
2748 5576 2877 5646 ejus
2905 5574 3096 5649 _Leon_e
3128 5574 3355 5632 bellum
3394 5578 3637 5635 interim
3685 5578 3792 5635 ad-

2138 5645 2340 5706 versus
2370 5645 2820 5705 Chambdanum
2850 5645 3329 5704 administrante.
