4202 6314
452 350 568 413 665

1808 347 2206 413 ΗΙΞΤΟΒῙΕ
2247 353 2394 418 LIB.
2441 354 2490 416 Ι.

3732 347 3855 412 666

435 479 632 554 ἀγαθόν
663 498 720 533 τε
751 498 816 533 τα
845 476 1127 550 πολεμικὰ
1182 477 1272 532 καὶ
1324 477 1424 545 τήν
1479 475 1639 552 ἰσχὺν
1708 479 2096 547 ἀνυπόστατον,

2213 497 2445 540 summo
2478 499 2612 541 cum
2635 484 2884 557 imperio
2917 485 3149 539 creavit.
3185 481 3570 552 Nicephorus,
3616 486 3856 536 contra“

437 568 814 642 αὐτοκράτορα
873 567 1174 643 στρατηγὸν
1220 573 1319 636 τῆς
1381 567 1518 640 πρὸς
1576 567 1704 627 τοὺς
1736 571 1947 640 Κρῆτας
1994 575 2100 641 μά-

436 675 550 733 χης
579 660 1053 732 κεχειροτόνηκεν.
1107 655 1281 717 Οὗτος
1327 656 1506 710 τοίνυν
1557 656 1583 710 ὁ
1614 657 1951 733 Νικηφόρος,
2002 660 2102 726 τήν

435 752 538 812 τῆς
598 747 780 810 Ἀσίας
840 748 1092 822 στρατιὰν
1144 751 1224 818 τῷ
1304 745 1574 820 βασιλικῷ
1634 745 1972 820 συνειλοχὼς
2011 768 2097 801 κε-

441 835 708 909 λεύσματι
766 837 858 891 καὶ
915 837 1098 891 ναυσὶν
1155 830 1476 908 ἐμϐιϐάσας,
1535 834 1623 888 καὶ
1681 834 2098 909 ταχυπλοήσας,

437 925 752 1003 πυρφόρους
816 947 875 980 τε
931 927 1178 999 τριήρεις
1239 922 1500 985 πλείστας
1558 923 1894 998 ἐπαγόμενος
1949 923 2102 1000 (δρό-

448 1036 631 1088 μωνας
664 1014 861 1077 ταύτας
900 1015 1166 1087 Ῥωμαῖοι
1227 1011 1499 1084 καλοῦσι),
1557 1017 1626 1087 τῇ
1686 1016 1876 1087 Κρήτῃ
1933 1035 2100 1090 προσ-

437 1105 699 1178 ώρμισεν.
759 1103 911 1160 Ἐπεὶ
993 1102 1050 1157 δὲ
1103 1109 1204 1170 τῆς
1279 1097 1604 1162 ἀποϐάσεως
1663 1099 1835 1156 ἐδόκει
1891 1103 2098 1178 καιρὸς,

437 1189 606 1262 ἔδειξε
664 1196 996 1268 πρακτικῶς,
1052 1188 1120 1260 ἤν
1177 1192 1322 1266 εἶχεν
1373 1189 1660 1264 ἐμπειρίαν
1714 1185 1883 1265 ἔργων
1931 1190 2097 1246 πολε-

439 1285 637 1354 μικῶν·
663 1284 750 1355 [Ρ.
783 1283 837 1353 4]
866 1279 1145 1354 κλίμακας
1175 1281 1278 1354 γὰρ
1331 1279 1419 1334 ἐπὶ
1447 1284 1554 1334 τῶν
1603 1281 1917 1353 πορθμείων
1977 1280 2094 1335 ἐπι-

440 1372 766 1448 φερόμενος,
796 1370 994 1432 ταότας
1027 1367 1115 1423 ἐπὶ
1168 1370 1267 1438 τήν
1301 1371 1461 1438 ἠϊόνα
1500 1367 1908 1446 προσυφαπλῶν
1962 1371 2096 1442 (17),

443 1461 543 1527 τὴν
573 1460 822 1534 στρατιὰν
856 1455 1088 1514 ἕνοπλόν
1120 1480 1177 1512 τε
1229 1457 1316 1512 καὶ
1377 1453 1610 1533 ἔφιππον
1644 1458 1748 1512 ἀπὸ
1803 1465 1902 1528 τῆς
1933 1458 2099 1533 ὑγρᾶς

442 1549 528 1602 ἐπὶ
559 1550 660 1617 τήν
704 1548 870 1622 ξηρὰν
935 1543 1271 1621 μετεϐίϐαζε.
1331 1551 1421 1618 Τῷ
1471 1545 1530 1602 δὶ
1576 1552 1748 1616 καινῷ
1806 1547 1896 1601 καὶ
1928 1547 2097 1603 ἀλλος

438 1637 584 1709 κότῳ
616 1643 712 1692 τοῦ
741 1637 1014 1711 ὁράματος
1064 1634 1504 1711 καταπλαγέντες
1539 1637 1589 1689 οἱ
1653 1633 1917 1711 βάρϐαροι
1965 1639 2102 1692 κατὰ

439 1727 632 1802 χώραν
685 1723 873 1799 ἔμενον
935 1728 978 1764 ¹¹
1039 1723 1246 1797 ἰλαδὸν,
1306 1723 1669 1780 ἀδιάσπαστον
1713 1730 2100 1800 συντηροῦντες

436 1819 526 1872 τὸν
562 1817 958 1888 συνασπισμὸν,
1002 1816 1090 1871 καὶ
1147 1818 1246 1885 τήν
1304 1819 1414 1870 τῶν
1445 1815 1736 1888 Ῥωμαίων
1782 1816 1857 1876 ὡς
1903 1813 2099 1870 αὐτοὶ)ς

442 1903 622 1983 ἄφιξιν
652 1903 1112 1980 προσδεχόμενοι.
1173 1905 1233 1961 '0
1291 1902 1351 1958 δὲ
1396 1908 1505 1958 τῶν
1551 1903 1833 1977 Ῥωμαίων
1877 1898 2102 1979 στρατη’

438 1995 538 2069 γὸς
571 1995 908 2072 Νικηφόρος,
939 1997 1110 2069 τριχῇ
1165 1995 1264 2064 τήν
1326 1993 1581 2069 φάλαγγα
1640 1991 1904 2064 διατάξας,
1941 1994 2097 2048 ἀσπί-

443 2106 493 2138 σι
524 2105 582 2138 τε
625 2083 716 2138 καὶ
751 2081 940 2158 δόρασι
987 2081 1188 2153 ταύτην
1237 2081 1684 2150 καταπυκνώσας,
1715 2083 1802 2137 καὶ
1856 2083 1918 2137 τὸ
1945 2082 2098 2137 ἐνυά-

438 2171 556 2227 λιον
591 2172 909 2239 παιωνίσας,
936 2174 1000 2227 τὸ
1035 2169 1092 2226 δὲ
1140 2173 1424 2246 σταῦρικὸν
1483 2171 1936 2246 ἐγκελευσάμενος
1962 2193 2096 2247 προ-

436 2262 760 2336 πορεύεσθαι
813 2262 1100 2335 τρόπαιον,
1180 2259 1558 2332 ἀντιμέτωπος
1616 2267 1734 2324 τοῖς
1800 2257 2094 2336 βαρϐάροις

434 2347 615 2421 ἐπῄει.
650 2355 838 2417 Δεινῆς
868 2349 925 2402 δὲ
954 2348 1150 2422 μάχης
1201 2347 1623 2424 ἀναρραγείσης,
1653 2349 1743 2402 καὶ
1803 2345 1956 2417 δίκην
1991 2368 2092 2424 χα-

436 2436 608 2508 λάζης
641 2442 750 2492 τῶν
779 2437 955 2514 βελῶν
981 2437 1563 2513 κεταφερομένων,οὐκ
1584 2433 1819 2510 ἔμελλον
1842 2437 1924 2492 ἐπὶ
1951 2436 2095 2492 πολὺ

439 2523 808 2601 διακαρτερεῖν
838 2527 894 2579 οἱ
921 2521 1189 2602 βάρϐαροι
1221 2527 1310 2580 τὸν
1367 2531 1476 2580 τῶν
1539 2529 1581 2562 ¹²
1611 2525 1899 2599 Ῥωμαίων
1934 2524 2097 2602 δορα-

439 2615 654 2685 τισμόν·
688 2613 834 2669 ἀλλά
887 2617 954 2669 τὰ
1002 2619 1148 2670 νῶτα
1215 2613 1538 2689 στρέψαντες
1585 2615 1676 2669 καὶ
1714 2617 1812 2684 τήν
1847 2615 2097 2691 φάλαγγα

444 2700 811 2771 διαλύσαντες,
845 2704 920 2767 ὡς
949 2706 1105 2778 εἶχον
1136 2700 1380 2778 δρόμων,
1414 2705 1550 2778 πρὸς
1577 2703 1638 2757 τό
1676 2725 1820 2780 σφων
1856 2703 2095 2778 ἀπῄεσαν

447 2788 638 2863 ἔρυμα.
667 2793 733 2848 Οἱ
767 2790 824 2846 δὲ
853 2793 1114 2864 Ῥωμαῖοι
1150 2791 1497 2868 ἐφεπόμενοι,
1557 2791 1838 2864 ἀμύθητον
1888 2792 2093 2847 τοΰτων

441 2878 604 2953 φόνον
634 2878 975 2955 εἶργάσαντο.
1007 2883 1270 2937 Τοιοῦτον
1301 2881 1394 2952 μὲν
1419 2883 1453 2950 ἡ
1473 2883 1665 2952 πρώτη
1695 2875 1982 2956 προσϐολὴ
2006 2892 2097 2946 καὶ

438 2965 689 3042 διαμάχη
750 2971 919 3044 πέρας
976 2967 1150 3024 αἴσιον
1204 2975 1323 3033 τοῖς
1377 2968 1676 3042 Ῥωμαίοις
1735 2969 2092 3046 ἀπηνέγκατο,

436 3058 592 3114 Ἐπεὶ
628 3056 705 3124 δὲ,
738 3057 877 3133 ᾔπέρ
904 3080 999 3131 μοι
1031 3057 1264 3134 εἴρηται,
1296 3064 1376 3132 τῷ
1433 3059 1672 3138 σφετέρῳ
1700 3045 2013 3135 τειχίσματι
2047 3045 2099 3116 οἱ

447 3142 713 3223 βάρϐαροι
749 3146 1226 3219 συνεκλείσθησαν,
1255 3149 1349 3211 τὰς
1410 3148 1663 3222 δυνάμεις
1694 3149 2030 3225 συγκαλέσας
2071 3153 2099 3206 ὁ

2210 571 2317 626 ctis
2341 571 2904 644 imperatorisjussu
2924 570 3198 625 Asiaticis
3221 567 3767 639 copiis,iisdemque
3791 570 3851 621 in

2207 674 2384 713 naves
2416 660 2731 730 impositis,
2752 659 2929 713 celeri
2948 656 3316 729 navigatione
3332 672 3474 709 usus
3489 669 3622 708 cum
3636 670 3847 724 magno

2206 745 2592 816 igniferarum
2625 747 2957 801 triremium
3009 761 3258 799 numero
3307 745 3476 813 (quas
3531 741 3849 796 dromouas

2206 836 2455 891 Romani
2487 837 2823 907 vocant),ad
2851 839 3076 891 Cretam
3092 833 3439 906 appulit.1bi
3467 848 3601 888 cum
3617 837 3850 901 tempus

2204 929 2502 984 videretur
2527 928 2948 996 exscendendi,
2983 945 3160 998 quem
3189 943 3361 981 usum
3384 926 3469 980 rei
3499 924 3728 979 bellica:
3752 923 3849 977 ha-

2205 1017 2388 1083 beret,
2423 1019 2551 1090 ipso
2582 1019 2736 1074 facto
2769 1017 3046 1074 ostendit.
3083 1020 3222 1072 Nam
3275 1015 3464 1070 scalas
3511 1014 3572 1067 in
3605 1012 3849 1083 navigiis

2204 1107 2518 1163 advexerat
2550 1125 2563 1162 :
2597 1107 2812 1179 quibus
2844 1108 2904 1162 in
2930 1107 3095 1161 littus
3126 1104 3434 1176 explicatis
3481 1103 3711 1172 equites
3744 1117 3847 1154 ar-

2207 1201 2394 1251 matos
2427 1198 2712 1268 equisque
2744 1197 3070 1252 insidentes
3098 1211 3168 1249 ex
3195 1193 3340 1248 mari
3367 1191 3847 1247 incontinentem

2204 1285 2559 1340 transduxit.
2579 1286 2834 1352 Barbari,
2857 1302 3006 1339 novo
3025 1291 3201 1354 atque
3219 1281 3497 1337 insolenti
3513 1278 3848 1350 spectaculo

2205 1374 2252 1428 8
2275 1375 2534 1442 attoniti,
2557 1375 2897 1430 catervatim
2922 1375 3051 1429 loco
3077 1390 3137 1428 se
3160 1371 3568 1437 continebant,
3601 1368 3846 1423 indivul—

2206 1479 2302 1517 sos
2324 1463 2739 1534 confertosque
2770 1464 3010 1518 ordines
3058 1468 3379 1522 servantes.
3412 1464 3848 1515 Romanorum-

2206 1568 2321 1621 que
2354 1552 2428 1606 ad
2454 1569 2516 1606 se
2543 1559 2952 1624 exspectantes
2983 1553 3318 1607 adventum.
3356 1553 3698 1604 Nostrorum
3729 1547 3848 1601 dux

2205 1641 2588 1711 Nicephorus,
2623 1642 2918 1712 tripartita
2942 1642 3242 1710 scutisque
3267 1647 3324 1693 et
3352 1638 3539 1692 hastis
3587 1637 3846 1691 conden-

2207 1734 2332 1784 sata
2361 1730 2507 1795 acie,
2541 1729 2824 1784 bellicum
2876 1729 3229 1795 conclamat,
3289 1733 3347 1782 et
3401 1727 3592 1781 crucis
3628 1731 3847 1794 tropaeo

2205 1818 2624 1888 praeirejusso,
2657 1818 2892 1873 infestis
2923 1819 3107 1889 signis
3131 1817 3353 1872 invadit
3380 1815 3682 1870 barbaros.
3716 1812 3850 1866 Acri

2206 1906 2525 1960 commisso
2545 1907 2770 1976 praelio,
2791 1923 2924 1962 cum
2947 1906 3254 1979 grandinis
3272 1905 3387 1959 ritu
3411 1904 3527 1958 tela
3547 1903 3849 1968 caderent,

2208 1994 2430 2048 diutius
2463 1996 2863 2051 Romanorum
2895 1997 3251 2068 phalangem
3284 1993 3470 2049 hostis
3510 1994 3851 2047 horrentem

2205 2083 2441 2139 barbari
2485 2085 2776 2140 sustinere
2808 2103 2926 2140 non
2976 2089 3317 2157 potuerunt,
3365 2100 3430 2138 ac
3462 2088 3624 2154 terga
3663 2085 3849 2134 verte-

2204 2178 2383 2228 runt:
2438 2174 2648 2228 solutis
2687 2175 2997 2230 ordinibus
3027 2191 3206 2245 quam
3261 2173 3517 2228 maximo
3569 2185 3746 2225 cursu
3777 2168 3851 2224 ad

2205 2279 2342 2317 suas
2382 2263 2748 2318 munitiones
2791 2264 3246 2318 contenderunt.
3298 2261 3546 2318 Romani
3596 2258 3848 2314 insecuti

2204 2351 2618 2407 incredibilem
2650 2369 2854 2407 eorum
2878 2353 3099 2407 caedem
3123 2353 3324 2408 edunt.
3350 2353 3489 2406 Tam
3521 2347 3848 2404 secundum

2206 2441 2488 2496 Romanis
2519 2441 2742 2496 exitum
2775 2441 2983 2496 habuit
3012 2441 3242 2513 primus
3262 2457 3465 2496 eorum
3498 2452 3848 2508 congressus

2207 2536 2385 2600 atque
2416 2532 2748 2588 conflictus.
2785 2532 3023 2588 Barbari
3055 2549 3190 2587 cum
3221 2532 3282 2585 in
3315 2546 3536 2597 muros,
3571 2525 3844 2598 quemad.

2206 2619 2448 2674 modum
2507 2620 3062 2686 demonstravimus,
3122 2620 3412 2691 compulsi
3473 2623 3688 2680 essent,
3731 2616 3850 2670 dux

2205 2709 2541 2762 convocatis
2599 2709 2786 2780 copiis
2836 2727 2942 2781 pro
2988 2711 3351 2764 Cretensium
3391 2707 3606 2780 oppido
3656 2709 3849 2760 castra

2206 2797 2458 2851 muniit:
2495 2797 2766 2854 triremes
2789 2798 3166 2870 reliquasque
3189 2799 3481 2853 actuarias
3512 2812 3688 2851 naves
3710 2810 3845 2848 con-

2204 2885 2385 2941 fertas
2416 2885 2479 2941 in
2511 2887 2762 2942 statione
2794 2904 2856 2942 se
2896 2894 3022 2942 tuta
3067 2887 3374 2942 continere
3396 2885 3588 2956 jubet,
3635 2881 3844 2938 simul-

2208 2991 2321 3045 que
2353 2991 2515 3030 mare
2545 2975 2839 3042 obsidere,
2873 2983 2933 3030 et
2963 2976 3013 3030 si
3063 2991 3240 3046 quam
3293 2974 3606 3029 barbaram
3638 2987 3851 3026 navem

2208 3069 2467 3119 evectam
2498 3065 2786 3133 viderent,
2821 3082 2946 3120 eam
2999 3066 3275 3138 persequi
3325 3070 3380 3119 et
3429 3065 3562 3135 igne
3606 3060 3852 3116 humido

2209 3170 2606 3210 concremare.
2643 3155 2866 3220 Quibus
2897 3155 3216 3228 diligenter
3245 3152 3585 3210 constitutis
3616 3168 3681 3206 ac
3715 3167 3851 3221 per-

440 3236 764 3311 στρατηγὸς,
828 3238 1045 3312 χάρακα
1101 3238 1208 3312 πρὸ
1263 3241 1358 3291 τοῦ
1433 3239 1616 3299 ἄστεος
1673 3236 1907 3308 ἐπήξατο
1986 3244 2093 3292 τῶν

2207 3244 2400 3311 fectis,
2427 3260 2672 3299 manum
2702 3245 3069 3300 delectorum
3086 3245 3345 3300 militum
3370 3244 3698 3315 Nicephoro
3717 3239 3851 3295 duci

444 3323 708 3399 εὕρητῶν·
769 3327 864 3386 τὰς
917 3323 973 3379 δέ
1027 3346 1087 3399 γε
1137 3329 1384 3401 τριήρεις
1439 3330 1547 3399 (18)
1601 3326 1691 3381 καὶ
1747 3328 1844 3390 τὰς
1899 3325 2096 3389 λοιπὰς

439 3413 695 3492 φορτίδας
759 3415 833 3478 εἷς
893 3415 1178 3489 εὐλίμενον
1211 3416 1441 3472 ἐπίνειον
1505 3417 1704 3493 ἀθρόας
1733 3415 2097 3491 ἐλλιμενίζειν

439 3501 845 3573 διεκελεόσατο,
906 3504 1363 3581 θαλασσοκρατεῖν
1419 3527 1477 3562 τε
1559 3507 1648 3561 καὶ
1703 3507 1755 3562 εἶ’
1806 3529 1911 3561 που
1965 3508 2098 3583 βαρ-

438 3589 662 3668 ϐαρικὸν
749 3594 918 3665 ὁρῷεν
1006 3596 1305 3669 πορθμεῖον
1417 3589 1659 3650 ἔππλουν
1743 3597 2098 3671 ποιούμενον,

437 3685 602 3740 τοῦτό
659 3706 718 3740 τε
772 3683 1054 3756 ἐκδιώκεν,
1107 3687 1200 3742 καί
1255 3692 1336 3758 τῷ
1397 3687 1543 3762 ὑγρῷ
1598 3689 1728 3760 πυρὶ
1787 3686 2098 3766 ἐκτεφροῦν,

438 3776 620 3830 Ταῦτα
655 3774 708 3836 ἐς
738 3775 799 3829 τὸ
860 3770 1078 3850 ἀκριϐὲς
1140 3775 1576 3851 βουλευσάμενός
1633 3796 1690 3831 τε
1742 3776 1829 3830 καὶ
1891 3798 2101 3850 συμπε-

441 3862 630 3935 ράνας,
684 3868 906 3939 σπεῖραν
973 3861 1224 3939 λογάδων
1276 3861 1486 3941 ἀνδρῶν
1540 3866 1620 3937 τῷ
1671 3871 1961 3942 στρατηγῷ
2009 3869 2102 3923 Νι-

437 3953 694 4029 κηφόρῳ,
727 3952 772 4024 ᾧ
801 3954 866 4007 τὸ
897 3951 1128 4022 ἐπίκλην
1163 3951 1462 4024 Παστιλᾶς,
1517 3951 1834 4030 ἐγχειρίζει,
1867 3955 1927 4019 ὃς
1979 3977 2106 4030 γεν-

439 4047 592 4104 ναῖος
622 4037 695 4094 ὤν
729 4040 978 4103 πολλοὺς
1022 4040 1220 4105 ἀνέτλη
1276 4040 1583 4116 πολέμους·
1642 4043 1731 4098 καὶ
1787 4044 2104 4108 πλειστάκις

444 4130 538 4202 μὲν
574 4127 699 4200 ἢλω
758 4131 894 4206 πρὸς
950 4135 1058 4185 τῶν
1121 4133 1462 4206 Ἀγαρηνῶν,
1506 4135 1830 4197 τοσαυτάκις
1888 4131 1944 4189 δὲ
1975 4134 2108 4190 ἐκεῖ.

440 4229 526 4282 θεν
555 4216 757 4294 διέδρα·
805 4219 895 4274 καὶ
927 4218 1143 4282 πολλὰς
1195 4220 1364 4284 οὐλὰς
1423 4221 1482 4276 ἐκ
1535 4227 1644 4278 τῶν
1674 4224 1810 4279 κατὰ
1855 4222 2103 4298 πόλεμον

443 4305 838 4384 χαλκοτυπιῶν
873 4312 982 4382 (19)
1013 4309 1102 4364 ἐπὶ
1146 4314 1244 4364 τοῦ
1303 4311 1603 4385 προσώπου
1661 4312 1751 4368 καὶ
1808 4317 1922 4369 τῶν
1956 4315 2108 4389 στέρ-

2206 3338 2597 3405 cognomento
2629 3333 2863 3388 Pastilaa
2895 3334 3112 3389 tradit:
3145 3335 3268 3405 qui,
3295 3350 3410 3404 qua
3440 3338 3585 3399 erat,
3618 3331 3852 3393 virtute,

2205 3422 2380 3478 bellis
2411 3423 2870 3496 quamplurimis
2884 3425 3220 3493 defunctus,
3237 3425 3469 3495 quoties
3490 3441 3524 3479 a
3544 3422 3850 3478 Saracenis

2209 3517 2414 3582 captus
2448 3518 2595 3580 erat,
2629 3515 2800 3569 toties
2831 3531 2901 3569 ex
2946 3531 3150 3569 eorum
3200 3513 3474 3568 manibus
3525 3512 3850 3583 aufugerat,

2207 3617 2401 3670 neque
2433 3618 2651 3671 paucas
2680 3603 2727 3656 9
2759 3602 3215 3657 circumferebat
3244 3602 3555 3656 vulnerum
3579 3601 3733 3654 bello
3765 3615 3856 3652 ac-

2207 3695 2514 3760 ceptorum
2539 3692 2599 3744 in
2622 3689 2771 3746 facie
2795 3696 2852 3745 et
2872 3697 3110 3762 pectore
3133 3696 3323 3746 notas.
3347 3691 3508 3745 Tunc
3530 3706 3664 3744 vero
3683 3688 3854 3741 Thra-

2207 3778 2486 3833 censibus
2511 3780 2846 3850 praefectus,
2881 3787 3124 3853 accepta
3162 3781 3401 3836 cohorte
3442 3779 3516 3833 ad
3564 3777 3852 3850 populan-

2210 3870 2345 3925 dam
2377 3871 2920 3944 explorandamque
2943 3873 3162 3928 missus
3184 3871 3442 3927 insulam
3465 3876 3575 3938 est,
3597 3869 3854 3924 multum

2208 3960 2544 4015 obtestante
2575 3962 2927 4033 Nicephoro,
2949 3969 3014 4018 ut
3033 3967 3295 4018 attentus
3323 3967 3480 4018 esset
3503 3979 3569 4017 ac
3586 3961 3855 4030 vigilaret

2207 4065 2400 4119 neque
2435 4049 2664 4106 inertiae
2697 4069 2758 4107 se
2790 4068 2858 4108 ac
2888 4052 3162 4107 mollitiei
3192 4051 3609 4117 committeret,
3631 4067 3705 4105 ne
3738 4066 3856 4120 qua

2209 4139 2353 4210 ipsis
2377 4139 2684 4197 calamitas
2712 4141 2785 4197 ad
2817 4142 3172 4198 adversariis
3205 4147 3570 4197 strueretur:
3604 4156 3855 4195 concur-

2212 4231 2624 4300 sarentpotius
2641 4233 2964 4305 regionem,
2997 4237 3055 4286 et
3082 4231 3387 4287 luculento
3414 4231 3614 4302 aliquo
3647 4231 3852 4286 effecto

2209 4319 2475 4376 facinore
2505 4321 2580 4377 ad
2609 4327 2803 4378 castra
2833 4322 3273 4393 quamprimum
3303 4324 3762 4376 reverterentur.

1654 4496 1718 4551 C.
1769 4497 1830 4551 Β.
1865 4497 2053 4567 HASII
2081 4499 2640 4558 ANNOTATIONES.

517 4644 561 4682 ¹¹
597 4638 712 4698 ἕνον
742 4644 927 4701 cod.‘2
953 4647 1061 4698 τῶν
1092 4648 1200 4699 τῶν
1234 4646 1364 4702 cod.
1399 4647 1512 4702 Sed
1532 4648 1662 4705 vide
1698 4649 1855 4706 infra
1884 4653 1972 4708 82.
2005 4653 2064 4707 C.

511 4815 634 4891 (17)Δ
687 4815 943 4891 verbum
1007 4813 1441 4891 upoaueanlow,
1509 4818 1692 4874 subter
1738 4821 1976 4891 explica,
2035 4822 2096 4877 in

446 4885 672 4942 Lexicis
701 4885 1090 4960 desideratur,
1107 4885 1299 4958 neque
1330 4889 1455 4960 ipse
1486 4891 1705 4946 offendi
1732 4885 1897 4948 extra
1921 4885 2098 4948 vitam

444 4960 502 5035 ὃ,
525 4959 933 5035 βὴιεγδοειοιηὶ
966 4959 1037 5013 ab
1077 4959 1374 5035 anonymo
1433 4962 1726 5035 scriptam;
1771 4966 1916 5035 Opp.
1955 4967 2095 5033 Vlll,

446 5030 564 5096 136,
624 5028 710 5083 33.
796 5028 943 5102 ζώσῃ
995 5028 1147 5104 φωνῇ
1189 5028 1316 5104 ,τὰς
1385 5038 1486 5098 τῆς
1533 5028 2096 5101 ἆληθείας”ἀκτῖνας

436 5102 1085 5180 προσυφαπλῷνζίιθιλαι
1115 5102 1361 5180 inferius
1395 5105 1505 5180 Leo
1561 5107 1654 5180 5S,
1688 5107 1746 5160 Ο.
1789 5105 2093 5180 Ὑφαπλου-

442 5173 611 5247 μένων
647 5172 825 5247 habet
857 5175 955 5247 _25,
1019 5177 1084 5226 A.
1141 5172 1420 5247 ἐφήπλουν
1478 5178 1568 5246 49,
1613 5178 1675 5231 D.
1732 5172 2095 5247 primitivum

435 5240 692 5311 ἥπλωται
727 5246 819 5304 51,
855 5244 892 5296 Β
926 5249 984 5297 et
1013 5247 1101 5312 99,
1135 5242 1200 5300 Αζ

511 5317 620 5382 (18)
644 5315 943 5370 Cedrenus
977 5314 1102 5369 haec
1142 5317 1353 5372 iisdem
1389 5319 1509 5373 fere
1554 5319 1746 5374 verbis
1779 5321 1996 5384 11.643,
2027 5325 2093 5376 Α.

441 5387 701 5463 t1bi_pro,
735 5385 930 5463 πάσαις
964 5391 1242 5463 μηχαναῖς
1263 5389 1718 5460 πολιορκητικαῐς
1746 5391 2096 5463 χρησάμενος

439 5443 705 5534 ὀργάνων,
741 5474 809 5512 ex
842 5443 1343 5534 bonoadmodum
1375 5443 1664 5534 Sctyli'tzai
1694 5443 2096 5519 ééziiéef’iatéi

435 5530 680 5606 Coislin:
711 5530 1070 5606 nostros_N°
1127 5533 1248 5606 136,
1311 5530 1490 5590 sensu
1557 5535 1698 5590 item
1756 5535 2094 5606 postulante

441 5620 554 5659 scr.
587 5599 1030 5727 πολιορκητικῶν
1064 5619 1158 5674 χρ.
1188 5602 1238 5656 ὁ.

512 5675 626 5727 (19)
679 5673 752 5727 Xa
798 5669 1034 5727 κοτυπία
1087 5674 1238 5727 apud

512 5675 626 5747 (l9)
679 5669 1034 5729 Χαλκοτυπία
1067 5669 1241 5743 ’ἧρυά
1301 5675 1544 5733 Suidam
1590 5678 1690 5749 ΙΙΙ,
1745 5680 1865 5732 652.
1930 5677 2094 5734 Unde

2130 4834 2175 4898 D
2205 4823 2386 4898 habet
2405 4823 2818 4898 Schneiderus.
2845 4825 3039 4898 Pauca
3068 4826 3184 4882 alia
3205 4826 3533 4898 composita
3550 4841 3680 4880 cum
3706 4841 3844 4879 voco

2255 4895 2444 4969 αλκός,
2477 4895 2538 4949 in
2574 4895 2778 4950 Lexica
2818 4897 3083 4952 nondum
3139 4895 3392 4969 recepta,
3427 4904 3569 4952 nota
3599 4898 3723 4952 haec
3751 4913 3761 4949 :
3794 4900 3843 4949 1.

2255 4913 2444 4962 αΑκος,
2477 4913 2538 4949 ιιι
2574 4913 2778 4950 Lemca
2818 4913 3083 4952 nondum
3139 4913 3392 4969 recepta,
3427 4913 3569 4952 nota
3599 4913 3723 4952 naac
3751 4913 3761 4949 :
3794 4913 3843 4949 ι.

2207 4913 2615 5030 ἐαλκεντονον,
2669 4969 2928 5040 tormenti
2991 4969 3173 5024 bellici
3223 4987 3410 5039 genus,
3469 4987 3576 5040 per
3636 4969 3849 5023 fibulas

2205 5054 2400 5111 ameas
2433 5039 2549 5092 tela
2579 5037 2984 5111 propellentis.
3022 5041 3117 5094 Bis
3145 5037 3300 5111 apud
3324 5037 3635 5097 Philonem
3660 5042 3738 5094 De
3771 5045 3850 5092 te-

2205 5109 2396 5184 lorum
2433 5109 2992 5184 constructionegc‘iﬁ.
3025 5114 3066 5166 Ο
3100 5121 3158 5166 et
3176 5109 3264 5174 78,
3300 5114 3338 5166 Β
3388 5113 3499 5168 Sed
3531 5111 3849 5184 quinquies

2205 5181 2369 5247 alibi,
2399 5185 2486 5245 67,
2523 5183 2598 5247 F;
2633 5183 2720 5247 72,
2756 5185 2822 5244 Α,
2870 5182 2929 5238 C.
2966 5183 3042 5247 F;
3079 5186 3165 5239 73.
3213 5187 3272 5238 Ο.
3321 5185 3525 5239 θεὼ-ιη
3550 5181 3853 5238 ’ῐῐιίιοιιίηα

2204 5259 2445 5326 vocatur
2475 5256 2838 5326 χαλκοτονον,
2873 5256 3406 5326 (ιυξιῐῐιίιθοῐίοῐιοηι
3458 5257 3851 5326 Schneiderus

2206 5324 2514 5395 praatulitﬁ
2547 5328 2651 5379 Est
2704 5331 2901 5379 tamen
2957 5324 3214 5394 ἐντόνιον,
3275 5329 3738 5383 instrumentum
3778 5325 3852 5379 ad

2206 5395 2536 5451 tendendas
2566 5397 2916 5467 catapultas,
2959 5399 3309 5454 vocabulum
3344 5401 3484 5454 item
3521 5400 3796 5454 exsulans
3820 5411 3850 5448 e

2207 5467 2449 5540 Lexicis.
2485 5468 2650 5522 Philo
2685 5469 2762 5522 De
2790 5467 2959 5522 telor.
2987 5478 3208 5526 constr.
3235 5476 3322 5540 57,
3351 5473 3388 5526 F
3408 5491 3421 5535 ;
3441 5475 3528 5535 58,
3557 5475 3602 5524 A
3627 5489 3640 5534 ;
3674 5472 3761 5534 61,
3787 5468 3847 5521 Β.

2207 5539 2358 5593 Hero
2392 5539 2910 5616 Belopmicis,_i35,
2944 5543 2990 5616 ᾼ
3018 5559 3033 5607 ξ
3061 5544 3170 5616 136
3199 5545 3289 5616 ᾼη
3312 5539 3422 5616 ubi
3467 5543 3710 5596 docetur
3734 5554 3850 5616 quo

2203 5617 2374 5681 pacto
2395 5609 2660 5681 construi
2692 5609 2922 5665 debeat.
2949 5613 3114 5667 Unde
3137 5614 3374 5669 defendi
3396 5615 3643 5681 fortasse
3665 5609 3854 5680 possit

2206 5679 2504 5753 scriptura
2531 5679 2918 5757 χα-λκιντονον.
2951 5684 3004 5736 2.
3034 5683 3339 5753 Χάλκινος,
3365 5685 3405 5740 i.
3441 5701 3496 5755 q.
3530 5679 3768 5756 χάλκεος
3792 5683 3853 5733 et
