4184 6326
345 355 466 415 669

1697 357 2094 420 ΗῙΒΤΟΒΙΕ
2131 356 2285 418 LIB.
2331 356 2385 416 Ῑ.

3631 353 3752 414 6'70

348 481 416 553 δη
464 483 550 537 καὶ
610 484 736 538 τότε
799 483 1101 557 Ῥωμαίοις
1160 481 1523 559 συμϐέϐηκεν.
1584 490 1669 562 [Ρ.
1731 491 1784 562 5]
1841 489 1994 546 Ἐπεὶ

2110 491 2415 562 regionem
2445 487 2639 551 eﬂ‘usi,
2672 487 2939 542 omnium
2965 501 3163 540 rerum
3193 484 3506 539 afﬂuentes
3551 485 3750 555 copias

345 573 450 646 γὰρ
499 572 571 641 τῇ
599 571 759 645 χώρα
819 568 1188 645 προσέϐαλον,
1241 575 1332 628 καὶ
1385 577 1593 652 τρυφὴν
1651 575 2001 646 παντοδαπὴν

349 657 503 733 εὗρον
564 657 862 733 (εὐδαίμων
891 663 992 737 γὰρ
1038 665 1071 731 ἡ
1124 662 1302 738 χώρα,
1361 665 1452 719 καὶ
1510 666 1727 740 ὡραίων
1779 672 2002 739 καρπῶν

348 747 439 800 καὶ
465 753 662 821 χυμῶν
705 745 874 810 ἰδὲάις
925 748 1181 814 ἐπιεικῶς
1227 749 1620 825 περιϐρίθουσα
1654 755 1720 824 ¹⁷,
1780 750 2001 816 εὕϐοτός

343 856 402 890 τε
433 835 521 890 καὶ
572 833 862 910 εὔμηλος),
899 835 1015 892 δέον
1043 839 1138 897 τὰς
1170 839 1491 915 ἐπισκήψεις
1520 847 1617 897 τοῦ
1666 847 1998 917 στρατηγοῦ,

345 924 422 986 ὠς
467 926 531 979 τὸ
565 924 733 995 εἰκὸς,
769 923 1070 1004 διἀτηρεῖν,
1101 930 1152 983 οἱ
1209 927 1266 983 δὲ
1322 931 1469 1006 παρά
1523 930 1728 1009 φαῦλον
1787 933 1998 1004 θέμενοι

343 1013 433 1069 καὶ
463 1012 651 1069 πολλά
710 1016 919 1090 χαίρειν
977 1018 1199 1072 ταύταις
1258 1019 1524 1091 εἰπόντες,
1575 1021 1661 1076 ἐπὶ
1717 1022 1993 1097 ῥᾳστώνην

347 1103 641 1160 ἀπέκλιναν
702 1105 791 1160 καὶ
849 1109 1079 1184 τρυφήν.
1143 1109 1361 1164 Τούτων
1421 1111 1474 1165 οἱ
1535 1106 1829 1186 βάρϐαροι,
1877 1116 1994 1174 τοῖς

338 1191 778 1266 ἐπικαιροτάτοις
808 1206 899 1249 καί
932 1193 1272 1274 ἀμφιλαφέσι
1300 1203 1408 1252 τῶν
1445 1198 1586 1270 ὀρῶν
1617 1197 1990 1274 ἐλλοχῶντες,

337 1282 399 1336 τὸ
431 1282 732 1338 ἀκόλαστον
764 1286 1080 1357 τεθεαμένοι
1129 1287 1216 1340 καί
1249 1285 1580 1363 ἀφύλακτον,
1629 1293 1736 1342 τῶν
1772 1286 1990 1361 δρυμῶν

336 1372 426 1424 καί
461 1377 734 1447 χηραμῶν
779 1371 1100 1436 ὑπεκδύντες
1151 1375 1240 1429 καὶ
1297 1375 1349 1439 ἐς
1381 1376 1629 1453 φάλαγγα
1683 1377 1993 1452 παραταξά-

339 1480 495 1531 μενοι
527 1460 618 1514 καὶ
649 1461 1093 1532 συνασπίσαντες,
1141 1464 1257 1518 κατ’
1293 1463 1468 1518 αὐτῶν
1509 1464 1776 1541 ἐχώρουν.
1811 1467 1879 1522 Οἱ
1912 1465 1991 1536 δὲ,

333 1548 531 1622 καίπερ
566 1549 929 1628 ἀκροσφαλεῖς
959 1555 1026 1624 τῇ
1067 1550 1199 1626 μέθῃ
1254 1552 1537 1616 τελοῦντες
1567 1554 1658 1608 καὶ
1689 1554 1993 1630 ἀκροχάλι-

330 1657 448 1702 κες,
481 1639 635 1709 ὅμως
665 1644 780 1700 τοῖς
813 1635 1111 1714 βαρϐάροις
1160 1640 1489 1713 ἀντεπῄεσαν
1549 1643 1640 1698 καὶ
1687 1643 1992 1719 ρωμαλέως

332 1725 822 1787 ἀντικαθίσταντο.
881 1729 1038 1804 Ἀρτι
1099 1731 1155 1784 δὲ
1206 1735 1304 1785 τοῦ
1380 1736 1686 1807 στρατηγοῦ
1749 1731 1994 1786 Παστιλᾶ

333 1814 624 1888 εὐρώστως
683 1815 1184 1891 διαγωνιζομένου,
1240 1819 1330 1874 καὶ
1386 1823 1485 1890 τὴν
1545 1825 1649 1876 τῶν
1702 1817 1988 1896 βαρϐάρων
2023 1852 2068 1916 Β

336 1900 360 1916 ρ.
477 1906 488 1916 .
842 1904 879 1916 ,.
1123 1909 1149 1916 -.
1193 1905 1218 1916 ..
1477 1909 1490 1916 -
1574 1910 1594 1916 -
1695 1909 1709 1916 -
1770 1915 1791 1916 η

332 1900 727 1966 διακόπτοντος
785 1904 1056 1982 φάλαγγα,
1118 1909 1149 1961 ὅ
1193 1905 1386 1975 ἵππος,
1447 1909 1522 1972 εἰς
1573 1910 1630 1964 ’ὀν
1692 1909 1987 1985 ὲπῶχεῖτο,

333 1991 522 2066 βέλεσι
583 1994 673 2048 καὶ
733 1991 1007 2068 δορατίοις
1067 1996 1136 2050 τὰ
1216 1998 1401 2070 στέρνα
1455 1998 1690 2065 τυπεὶς,
1751 1997 1985 2061 ὀκλάσας

331 2077 741 2158 διαπεφωνήκει
797 2087 956 2156 (23).
1024 2085 1085 2141 Ὁ
1144 2082 1202 2139 δὲ
1261 2084 1532 2148 Ιῐαστιλᾶς
1593 2087 1830 2150 εὐπετῶς
1890 2093 1987 2142 τοῦ

324 2168 508 2224 ’ίππου
553 2171 855 2247 ἀναθορὼν,
893 2171 1058 2248 μέχρι
1114 2175 1209 2246 μέν
1267 2197 1414 2238 τινος
1472 2181 1552 2248 τῷ
1584 2178 1836 2253 φασγάνῳ
1863 2177 1989 2239 τοὺς

331 2257 586 2323 ἐπιόντας
644 2261 908 2333 ἠμύνετο,
953 2263 1042 2316 καὶ
1089 2263 1264 2319 πολὺν
1315 2269 1426 2319 τῶν
1487 2261 1776 2340 βαρϐάρων
1828 2267 1989 2343 φόνον

331 2347 642 2424 εἷ’ργάσατο.
681 2349 827 2405 Ἐπεὶ
883 2348 940 2405 δὶ
995 2349 1216 2425 ἔξαιμός
1273 2374 1332 2408 τε
1387 2355 1476 2408 καὶ
1535 2349 1842 2423 καταϐελὴς
1872 2355 1984 2432 ἐγε-

328 2438 506 2513 γόνει,
558 2436 974 2510 λειποθυμήσας
1073 2442 1219 2515 παρά
1300 2442 1362 2496 τὸ
1423 2444 1755 2518 μεταίχμιον
1812 2440 1984 2499 ἔπεσε.

332 2525 548 2582 Τούτου
599 2527 857 2590 πεσόντος
917 2527 992 2591 εἷς
1050 2531 1227 2606 φυγήν
1261 2531 1313 2585 οἱ
1343 2532 1610 2604 Ῥωμαῖοι
1671 2532 1988 2603 ἀπέκλιναν,

331 2615 422 2668 καὶ
461 2616 598 2689 πρὸς
649 2620 756 2670 τῶν
823 2612 1108 2692 βαρϐάρων
1166 2615 1320 2688 δίκην
1384 2620 1755 2692 βοσκημάτων
1799 2619 1990 2675 ἐναπε-

336 2703 662 2779 σφάττοντο,
695 2705 768 2767 ὡς
802 2704 862 2758 έκ
908 2712 1008 2775 τῆς
1054 2706 1351 2782 εἰρημένης
1412 2707 1633 2780 σπείρας
1664 2707 1989 2783 ὀλιγοστοὺς

333 2791 702 2847 ἀνασεσῶσθαι
736 2793 813 2856 εἷς
869 2795 933 2848 τὸ
986 2793 1374 2869 στρατόπεδον.
1437 2799 1615 2852 Τοῦτο
1665 2797 1729 2850 τὸ
1760 2799 1928 2860 πάθος
1963 2798 1990 2852 ὁ

332 2881 660 2957 Νικηφόρος
694 2888 892 2944 Φωκᾰς
952 2883 1273 2956 αἰσθόμενος
1313 2884 1401 2938 καὶ
1433 2884 1620 2939 πολλὰ
1673 2892 1775 2954 τῆς
1825 2882 1987 2941 ἀϐου-

334 2965 462 3028 λίας
509 2968 597 3021 καὶ
659 2967 926 3043 ῥᾳθυμίας
991 2969 1118 3034 τοὺς
1165 2972 1426 3032 πεσόντας
1485 2971 1863 3046 μεμψάμενος,
1913 2969 1990 3028 ἔτι

331 3077 388 3111 τε
440 3058 504 3112 τὸ
583 3057 954 3133 παλίντροπον
1028 3056 1451 3132 κατευλαϐηθεῖς
1528 3069 1628 3132 τῆς
1685 3063 1865 3138 τύχης
1901 3064 1990 3118 καὶ

2112 578 2481 633 invenissent
2506 581 2596 647 (ut
2625 576 2943 646 estopima,
2965 573 3752 646 frugibusquelaatissuccis-

2112 684 2227 738 que
2256 668 2432 721 variis
2463 665 2611 720 mire
2640 665 2798 730 faeta,
2831 664 3067 735 pascuis
3125 663 3261 717 laeta
3307 668 3367 716 et
3409 661 3751 731 pecudifera

2110 756 2354 821 insula),
2389 771 2523 809 cum
2554 754 2720 808 ducis
2775 753 3118 824 praescripta
3159 751 3476 822 diligenter
3519 766 3748 804 servare

2108 846 2474 909 debuissent,
2508 844 2601 898 his
2633 843 2917 914 neglectis
2943 843 3208 908 omnino,
3248 847 3501 913 postque
3525 840 3746 906 missis,

2107 936 2336 990 inertiae
2367 951 2429 989 se
2461 934 2814 988 dediderunt
2846 938 2903 988 et
2932 932 3194 1004 ignaviae.
3218 933 3374 995 Quos
3398 929 3750 984 insidiantes

2109 1025 2171 1079 in
2204 1021 3171 1095 opportunissimislatebrosisque
3191 1021 3482 1074 montium
3515 1017 3751 1072 barbari

2105 1131 2239 1170 cum
2275 1112 2838 1168 animadvertissent
2876 1111 3006 1165 sine
3053 1109 3369 1180 disciplina
3407 1109 3529 1163 ulla
3556 1124 3750 1178 agere,

2107 1203 2235 1258 sine
2267 1201 2556 1268 custodia,
2589 1217 2619 1254 e
2653 1200 2812 1254 silvis
2845 1217 2906 1254 se
2937 1199 3320 1267 latibulisque
3380 1197 3754 1268 proferentes

2103 1307 2286 1346 manu
2323 1290 2478 1345 facta
2506 1289 2848 1344 catervatim
2880 1289 2940 1342 in
2973 1305 3072 1342 eos
3113 1290 3491 1342 concurrunt.
3527 1285 3747 1353 Nostri,

2104 1380 2372 1451 quamvis
2395 1378 2716 1433 titubantes
2745 1377 3027 1432 ebrietate
3049 1393 3116 1432 ac
3145 1376 3509 1446 temulentia,
3533 1374 3748 1429 nihilo-

2104 1470 2303 1524 minus
2333 1469 2565 1523 obviam
2592 1469 2692 1522 10
2724 1473 2928 1522 contra
2943 1466 3226 1521 barbaros
3249 1466 3511 1529 veniunt,
3532 1465 3749 1519 acriter

2101 1559 2407 1613 resistunt.
2442 1559 2516 1612 At
2544 1556 2777 1611 Pastilaa
2808 1556 2943 1610 duci
2971 1555 3201 1610 fortiter
3247 1553 3554 1626 pugnanti,
3603 1553 3743 1607 dum

2101 1645 2489 1701 barbarorum
2509 1645 2750 1699 ordines
2769 1644 3118 1715 perrumpit,
3143 1660 3476 1714 equus,quo
3502 1641 3748 1696 veheba-

2103 1740 2217 1803 tur,
2247 1735 2474 1804 sagittis
2497 1740 2554 1789 et
2575 1734 2760 1789 hastis
2779 1735 2838 1787 in
2863 1739 3067 1804 pectus
3089 1749 3425 1804 percussus,
3461 1748 3743 1786 corruens

2102 1824 2456 1879 confoditur.
2501 1824 2728 1878 Emicat
2756 1822 3066 1877 confestim
3127 1821 3197 1876 de
3257 1838 3408 1891 equo
3453 1820 3741 1875 Pastilas:

2098 1913 2393 1967 irruentes
2404 1911 2598 1984 gladio
2613 1912 2981 1982 aliquantum
2995 1908 3742 1982 propellit,magnabarba-

2096 2019 2300 2056 rorum
2333 2001 2490 2056 caede
2525 2001 2693 2055 facta.
2728 2000 2816 2054 Ad
2846 2006 3174 2054 extremum
3214 1999 3548 2070 exsanguis,
3600 1997 3736 2050 telis

2098 2091 2386 2156 conﬁxus,
2420 2089 2788 2145 exanimatus
2817 2090 2973 2144 inter
3004 2088 3219 2143 infesta
3249 2088 3416 2156 signa
3454 2086 3736 2141 concidit.

2097 2181 2220 2245 Quo
2252 2195 2536 2250 oppresso
2568 2179 2628 2232 in
2659 2179 2855 2250 fugam
2888 2194 2950 2232 se
2999 2176 3248 2232 Romani
3299 2176 3630 2241 conferunt,
3684 2179 3742 2227 et

2099 2269 2386 2340 pecudum
2416 2269 2532 2322 ritu
2563 2284 2597 2322 a
2617 2267 2884 2322 barbaris
2903 2266 3392 2321 contrucidantur
3414 2281 3426 2318 :
3450 2270 3516 2318 ut
3531 2263 3737 2318 admo-

2100 2358 2242 2413 dum
2283 2358 2455 2429 pauci
2487 2373 2556 2411 ex
2586 2356 2871 2426 praadicta
2900 2372 3082 2410 manu
3113 2354 3529 2409 incolumesin‘
3548 2357 3743 2408 castra

2101 2447 2630 2518 pervenirent.Qua
2647 2445 2814 2500 clade
2835 2444 3090 2516 cognita,
3111 2443 3474 2514 Nicephorus
3495 2443 3741 2506 Phocas,

2099 2537 2494 2591 temeritatem
2508 2534 2916 2605 desidiamque
2928 2550 3214 2588 caesorum
3231 2532 3395 2588 valde
3409 2532 3746 2602 vituperans

2098 2624 2470 2694 fortunaque
2527 2623 2985 2677 mutabilitatem
3051 2627 3229 2692 atque
3282 2620 3745 2675 inconstantiam

2098 2713 2343 2782 veritus,
2368 2711 2676 2765 constituit
2695 2727 2816 2764 non
2835 2710 3090 2780 amplius
3111 2710 3377 2764 cunctari
3395 2714 3746 2779 tempusque

2099 2805 2312 2867 terere,
2345 2799 2504 2854 unde
2536 2799 2815 2853 ﬁduciam
2845 2799 3078 2852 inderet
3096 2797 3383 2862 barbaris,
3408 2814 3542 2851 cum
3566 2797 3749 2850 latro-

2103 2888 2262 2944 cinia
2283 2887 2651 2956 insidiasque
2677 2886 3087 2954 faciendi,tum
3111 2886 3289 2940 etiam
3312 2885 3515 2956 praelia
3533 2885 3752 2953 signis-

2102 2994 2216 3048 que
2247 2977 2550 3032 collocatis
2572 2975 2895 3030 dimicandi
2919 2991 2931 3029 :
2957 2974 3116 3028 omni
3142 2975 3193 3028 vi
3221 2974 3501 3043 omnique
3521 2972 3749 3026 ratione

2107 3067 2440 3121 tollendum
2466 3082 2595 3120 esse
2627 3065 2738 3119 hoc
2769 3063 3014 3118 bellum.

333 3143 587 3216 ἄστατον,
621 3145 757 3221 ἔγνω
791 3146 989 3220 μηκέτι
1023 3146 1341 3222 διαμέλλειν
1369 3151 1458 3205 καὶ
1488 3152 1580 3206 τὸν
1606 3153 1794 3228 καιρὸν
1824 3149 2218 3229 καταστρίϐειν,
2251 3155 2531 3208 κάντεῦθεν
2572 3149 2750 3206 ἆῖειαν
2807 3150 3001 3206 ἐνιέναι
3036 3155 3149 3212 τοῖς
3186 3144 3503 3224 βαρϐάροις,
3536 3143 3752 3222 έγὲδρας

333 3236 426 3289 καὶ
463 3234 673 3311 λόχους
703 3237 968 3304 τίθεσθαι,
1000 3239 1090 3293 καὶ
1124 3239 1200 3302 είς
1233 3237 1490 3315 φαλαγγα
1529 3239 1795 3312 συστάδην
1844 3241 2334 3306 ἀντικαθίστασθαι”
2365 3239 2510 3297 ἀλλὰ
2537 3241 2696 3296 παντὶ
2746 3239 2918 3304 σθένει
2975 3239 3064 3294 καὶ
3093 3240 3288 3300 πάσαις
3325 3242 3601 3312 μηχαναῖς
3634 3233 3752 3290 δια-

331 3325 543 3380 νύττειν
575 3326 664 3380 τὸν
696 3324 964 3398 πόλεμον.

412 3415 477 3470 ε’.
515 3411 675 3471 Οὕτω
724 3411 1002 3471 διαλύοντι
1037 3417 1083 3454 ¹⁵
1109 3416 1290 3490 τούτῳ
1319 3418 1409 3472 καὶ
1443 3420 1852 3492 γνωματεύοντι
1884 3423 1997 3495 (24)
2030 3425 2072 3490 C

337 3505 428 3576 (ἦν
462 3504 566 3578 γὰρ
591 3504 858 3579 ἀγχίνους
913 3525 972 3559 τε
1019 3509 1108 3560 καί
1154 3503 1504 3581 δραστήριος,
1543 3507 1791 3577 ἐννοῆσαί
1819 3531 1878 3564 τε
1933 3510 1997 3564 τὸ

337 3593 586 3663 ξυνοῖσον
619 3593 709 3648 καὶ
743 3593 818 3656 εἷς
879 3593 1045 3670 πέρας
1098 3595 1322 3670 ἀγαγεῖν
1383 3599 1619 3667 πάντων,
1681 3598 1752 3652 ὥν
1815 3598 1995 3672 ἴσμεν,

336 3677 792 3752 ἐπηϐολώτατος,
840 3682 1070 3760 σώφρων
1129 3705 1189 3738 τε
1246 3685 1335 3740 καὶ
1398 3687 1472 3757 μή
1533 3686 1691 3742 εἷ’κων
1745 3686 1992 3756 ἡδοναῖς·

336 3772 434 3826 καὶ
464 3772 694 3845 προσέτι
756 3769 926 3834 δεινὸς
969 3772 1101 3836 τοὺς
1151 3773 1372 3848 καιροὺς
1437 3773 1526 3828 καὶ
1583 3776 1650 3830 τὰ
1704 3777 1995 3850 πράγματα

2175 3426 2226 3477 6.
2246 3424 2396 3478 Dum
2414 3422 2487 3478 ad
2501 3423 2610 3478 has
2623 3438 2684 3476 se
2702 3420 2973 3476 versabat
2983 3418 3559 3492 cogitationes,aliud
3572 3423 3747 3488 atque

2108 3511 2271 3567 aliud
2302 3511 2655 3583 subjiciente
2684 3511 2884 3565 animo
2916 3513 3005 3579 (ut
3031 3515 3158 3562 erat
3187 3507 3548 3578 ingeniosus,
3599 3513 3747 3562 stre-

2108 3619 2284 3667 nuus,
2319 3601 2449 3654 etin
2462 3599 2732 3655 consiliis
2747 3597 3069 3654 salutiferis
3084 3613 3219 3651 cum
3231 3595 3604 3649 inveniendis
3626 3601 3748 3649 tum

2106 3689 2503 3758 exsequendis
2527 3687 2816 3752 omnium,
2853 3703 3001 3756 quos
3023 3683 3745 3750 novimus,felicissimus;

2109 3775 2729 3843 moderatus,minime
2751 3774 2967 3830 cedens
2989 3771 3414 3844 voluptatibus;
3435 3771 3750 3826 admirabi-

1571 3927 1630 3983 C.
1664 3928 1725 3983 Β.
1759 3927 1946 3983 HASII
1978 3925 2533 3983 ANNOTATIONES.

415 4105 462 4140 ³⁷
495 4105 636 4160 Vide
668 4103 842 4171 infra,
876 4103 963 4159 36.
998 4104 1060 4172 B,
1092 4103 1179 4160 Η.
1212 4105 1281 4161 Α.
1360 4104 1403 4140 ¹⁸
1433 4105 1589 4161 Fort.
1623 4101 1690 4173 δὴ
1731 4103 1972 4161 ἀλύοντι.

416 4258 530 4327 (23)
563 4250 854 4324 Διαφωνέω
896 4255 997 4311 alii
1045 4256 1172 4327 jam
1230 4257 1712 4327 observaverunt,
1776 4274 1846 4312 ex
1880 4276 1996 4313 usu

341 4328 732 4384 Hellenistico
764 4328 1098 4398 significare
1129 4327 1383 4382 ultimam
1429 4345 1612 4383 vocem
1643 4332 1834 4384 emitto
1875 4331 1998 4384 hoc

343 4405 436 4455 est
462 4402 970 4472 exanimprpereo.
1017 4399 1225 4454 Suidas
1283 4401 1481 4472 1.5763,
1532 4401 1591 4454 C.
1655 4403 1895 4472 Mangey
1926 4401 1999 4456 ad

342 4471 497 4544 Phil.
534 4473 614 4526 De
648 4469 853 4544 ebriet.
891 4469 930 4524 Ι.
965 4472 1093 4544 Q75,
1133 4471 1196 4526 E.
1242 4470 1574 4544 Adhibetur
1602 4487 1670 4526 ea
1692 4469 2001 4544 _sig‘nitica-

342 4543 508 4597 tione
540 4541 838 4613 praecipue
863 4541 1123 4610 perfecto
1149 4547 1207 4595 et
1237 4542 1554 4613 plusquam
1573 4541 1830 4613 perfecto
1857 4560 1869 4597 :
1905 4561 2000 4598 ve-

342 4614 436 4688 lut
460 4610 616 4688 apud
631 4610 774 4688 _i_.xx_,
828 4629 1018 4688 num._
1051 4613 1156 4688 3t,
1192 4610 1279 4665 49.
1450 4610 1878 4688 ,διαπεφώνηκεν
1909 4615 1998 4667 ἀπ’

342 4681 522 4736 αὐτῶν
557 4681 683 4736 οὐδὲ
713 4683 812 4742 εἰς.
859 4683 1024 4747 Quod
1056 4683 1324 4738 imitatur
1357 4685 1525 4738 Philo
1560 4681 1654 4738 De'
1689 4681 1998 4740 temulent.

347 4759 477 4820 200,
511 4756 550 4808 Β
579 4763 638 4810 et
666 4757 723 4808 C.
761 4755 904 4808 ltem
938 4754 1264 4809 Scholiasta
1294 4755 1367 4809 ad
1400 4756 1453 4810 S.
1486 4757 1728 4810 Joannis
1755 4757 1996 4811 Climaci

2107 4258 2360 4314 ridicule
2389 4257 2878 4313 Montefalconius
2908 4257 3064 4328 apud
3093 4259 3303 4314 Euseb.
3328 4259 3656 4314 Comment.
3692 4258 3753 4313 in

2107 4331 2261 4402 Psal.
2295 4332 2338 4384 Ι.
2371 4333 2494 4383 259.
2529 4332 2571 4383 Ε
2603 4329 2674 4384 de
2707 4329 2985 4402 secundis
3017 4330 3335 4402 mulierum
3362 4348 3374 4384 :
3426 4329 3603 4402 ὥσπερ
3636 4348 3752 4402 χω-

2108 4401 2248 4473 ρίον,
2311 4403 2700 4474 ςιτροχιιυρῆσανΔ
2745 4399 2850 4453 ἀπὸ
2900 4400 3175 4474 γυναικὸς,
3212 4398 3484 4474 οὐδεμιᾶς
3535 4398 3751 4474 μετέχει

2110 4460 2276 4546 ζωῆς,
2307 4460 2649 4546 διάλῗὶθὲνίδέ
2677 4460 2953 4546 διαφωνεῖ·
2989 4460 3444 4546 quemadmodum
3473 4460 3753 4546 pellicula

2107 4563 2133 4599 e
2162 4544 2391 4599 muliere
2415 4544 2680 4615 prodiens
2705 4543 2830 4597 vita:
2886 4559 3102 4597 consors
3146 4544 3462 4615 nullatenus
3518 4549 3616 4607 est,
3659 4543 3754 4615 sed

2105 4615 2374 4670 dissoluta
2403 4613 2666 4670 dissonat.
2731 4615 2946 4668 Verte:
3005 4614 3460 4682 quemadmodum
3515 4613 3753 4668 secunda

2106 4687 2440 4753 membrana,
2477 4703 2505 4740 e
2552 4686 2780 4739 muliere
2818 4685 3197 4754 progrediens,
3242 4685 3448 4738 nullius
3499 4691 3577 4738 est
3624 4687 3752 4737 vin

2099 4760 2384 4828 particeps
2436 4756 2822 4828 sedAdissoluta
2840 4757 3011 4828 perit.
3046 4757 3266 4828 Praeter
3286 4756 3437 4828 hanc
3455 4755 3754 4826 signiﬁca~

347 4805 997 4900 setiaafizaaas‘im;
1012 4805 1366 4900 ἶ]ζέὶῖἷᾲἆῷ
1389 4805 1998 4900 ᾖωρῧξξζῃῖᾑῆἰξὲέ
2029 4805 2076 4870 D
2099 4805 2817 4900 ἴίᾘιίὲὶὶιτειῖιὶἶδ⁷ζάᾷᾦᾲἔῷ
2840 4805 3749 4900 iniquissimam:iis;,

346 4897 780 4968 incredibiliter
827 4893 1225 4968 jejunantesf
1254 4895 1340 4948 καὶ
1382 4893 1707 4967 ἀδιαίιρίτως
1744 4896 1832 4968 βίᾳ
1871 4899 1992 4952 ἑαυ-

346 4912 780 4953 incredibiliter
827 4912 1195 5020 ieJunantes,
1254 4916 1340 4948 και
1382 4912 1707 4967 αοιακριτως
1744 4912 1832 4968 βίᾳ
1871 4912 1992 4952 εαυ-

342 4968 470 5028 τοὺς
533 4966 823 5042 ἐκδόντεςή
868 4970 1301 5042 ια-πεφωνήκασιν
1339 5012 1379 5042 ,7
1409 4970 1815 5042 succubuerunt
1841 5011 1859 5042 _.
1929 4973 1998 5024 Et

348 5047 636 5112 Apsyrtus
666 5041 726 5094 in
759 5036 1138 5112 Hippiatricis
1185 5041 1383 5112 256,ίο
1412 5040 1483 5094 de
1540 5036 1995 5112 θσιιοηκίνδυνον

347 5108 436 5167 οὖν
470 5108 571 5182 ἕξει
605 5108 973 5184 διαφωνῆσαι.
1008 5111 1130 5164 Non
1162 5111 1570 5184 paucitamen
1595 5108 1818 5184 eruditi
1845 5111 1997 5182 lapsi

349 5193 488 5242 sunt
510 5180 577 5238 in
609 5180 722 5237 hoc
755 5181 928 5235 verbo
960 5180 1426 5251 interpretando.
1467 5182 1638 5253 Yelut
1667 5180 1992 5253 apudPhi-

347 5256 470 5314 lon.
506 5263 580 5310 De
610 5253 836 5324 nomin.
861 5257 1079 5324 mutat.
1120 5250 1272 5324 7822,
1292 5254 1359 5324 Β.
1409 5250 1684 5324 Πόλεμος,
1704 5250 1785 5305 -έν
1817 5252 1864 5323 ᾧ
1884 5257 1994 5308 τῶν

348 5323 826 5401 διαγωνισαμένων
856 5319 1190 5401 διεφώνησεν
1220 5320 1396 5383 οὐδεὶς
1446 5319 1574 5401 ἀλλξ
1631 5319 1873 5396 ἄτρωτός
1903 5325 1993 5376 καὶ

349 5394 486 5470 σῷός
519 5394 822 5470 ἐπανῆλθεχ
837 5394 1043 5470 vereor
1066 5400 1130 5470 ut
1158 5395 1364 5450 Petrus
1398 5394 1994 5470 Morellusrecte‘ve-

348 5466 506 5538 terit,
540 5473 600 5524 in
646 5484 754 5538 quo
786 5466 1172 5520 dimicantium
1194 5483 1349 5521 nemo
1379 5467 1579 5522 discors
1609 5469 1745 5538 fuit.
1780 5469 1850 5538 Et
1871 5468 1998 5538 haec

352 5533 583 5614 Apsyvrrti
617 5533 687 5614 ili
729 5537 1012 5614 Hippian}
1075 5538 1198 5603 260,
1241 5539 1308 5614 Β..
1360 5533 1627 5614 Διαφωνεῖ
1685 5533 1749 5614 δέ
1799 5534 1999 5612 ῥᾳδίως

351 5607 618 5670 Ruellius
675 5611 734 5664 in
796 5607 1078 5662 medicina
1133 5607 1480 5663 veterinar.
1537 5611 1660 5664 101.
1720 5607 1807 5663 Β.
1848 5607 2000 5678 ίᾳιια-

343 5692 575 5757 propter
601 5684 765 5751 facile
783 5679 1079 5749 despondet
1127 5683 1390 5736 animum.
1422 5682 1612 5751 Atque
1645 5686 2000 5736 tantumnon

2104 4916 2226 4984 una
2292 4897 2614 4984 admodum
2637 4897 2826 4984 'nrar'a,
2863 4897 3031 4984 edico
3075 4900 3401 4984 pronuntio.
3466 4898 3755 4984 Epsebius

2105 4973 2322 5044 Contra
2340 4969 2610 5044 Marcell.
2639 4971 2728 5034 32,
2764 4969 2826 5021 Ι).
2855 4967 2948 5044 ’Ἕν
3007 4965 3137 5044 θείῳ
3186 4966 3453 5044 πνεύματι
3502 4965 3756 5044 διεφώνει

2107 5040 2304 5113 λέγων.
2340 5042 2516 5096 Recte
2543 5038 2963 5113 _Mon_tac_u_tius,
2993 5041 3198 5113 spiritu
3238 5043 3331 5113 Dei
3360 5038 3754 5113 afﬂatus'pro-

2105 5108 2266 5180 faiur
2291 5130 2309 5167 :
2341 5120 2440 5188 est
2460 5110 2740 5188 eni_m_hic
2773 5109 2928 5163 idem
2953 5110 3111 5188 qugd
3150 5108 3428 5188 ἐξεφώνειζ
3463 5108 3752 5188 Διαπὲφώ-

2107 5203 2266 5253 νηκα,
2299 5187 2527 5253 morior,
2559 5181 2714 5236 infra
2743 5197 3000 5251 quoque,
3036 5182 3124 5244 33,
3157 5184 3203 5236 A
3239 5181 3297 5238 et
3327 5185 3416 5249 41,
3448 5187 3513 5238 Α.

2178 5257 2288 5324 (24)
2321 5251 2558 5320 Διαλύω,
2586 5255 2772 5308 animo
2795 5253 3074 5322 perlustro
3105 5254 3190 5322 (ut
3227 5255 3310 5310 ait
3358 5257 3428 5308 M.
3480 5254 3747 5319 Tullius),

2109 5330 2307 5394 cogito,
2332 5325 2423 5380 vix
2445 5337 2592 5396 opus
2615 5329 2704 5378 est
2727 5327 3424 5396 moneam,compositum
3443 5342 3594 5390 esse,
3629 5342 3751 5378 non

2110 5393 2245 5451 cum
2276 5397 2451 5452 verbo
2480 5393 2618 5462 λύω,
2653 5395 2756 5450 sed
2769 5412 2903 5449 cum
2927 5393 3102 5450 ἀλύω.
3132 5393 3253 5452 Nisi
3277 5399 3458 5452 mavis
3472 5397 3750 5462 scribere,

2110 5465 2269 5541 Οἱξτω
2303 5465 2370 5534 δή
2400 5465 2644 5541 ἀλύοντν
2679 5466 2837 5541 quo_d
2886 5468 3139 5541 suadent
3180 5475 3239 5523 et
3286 5469 3520 5541 phrasis
3565 5472 3654 5541 6i,
3684 5471 3746 5522 C.

2111 5536 2363 5594 Ἀλύοντι
2397 5535 2454 5592 δὲ
2481 5537 2658 5611 τούτῳ
2699 5535 2804 5590 ίκαὶ
2856 5535 3305 5611 γνωματεύοντιξ
3339 5547 3423 5611 et_
3449 5539 3747 5611 Agathias,

2110 5612 2268 5665 unde
2298 5611 2499 5666 omnia
2532 5605 2658 5664 haec
2690 5605 3102 5669 manaverant.
3137 5613 3224 5672 20,
3253 5611 3314 5665 1).
3343 5605 3596 5662 Ἀλυοῖιτι
3619 5605 3675 5659 δέ
3696 5606 3750 5658 ο¹ι

2108 5681 2198 5735 καὶ
2238 5679 2660 5756 γνωματεύοντι.
2695 5680 2988 5736 Praaterea
3017 5678 3168 5734 ἁλῦω
3199 5683 3288 5750 34,
3323 5684 3461 5743 Aet
3489 5682 3577 5750 74,
3611 5680 3674 5732 Β.
