4202 6314
389 351 463 410 6'1
477 352 501 409 l
1763 340 2044 405 LEONIS

2144 344 2404 408 [AGONI
3683 354 3803 414 672

392 479 468 535 lis
499 479 744 550 insuper
773 478 835 533 in
861 483 1196 550 temporum
1227 492 1545 547 rerumque
1599 479 1762 530 recto
1803 491 1938 542 usu,
1984 480 2039 534 vi

2152 491 2228 552 εἰς
2285 483 2403 540 δέον
2466 479 2992 558 μεταχειρίσασθαι,
3065 481 3166 549 τὴν
3243 478 3428 555 μέντοι
3500 479 3659 556 ἰσχὺν
3713 483 3804 538 καὶ

392 574 596 623 uutem
628 585 694 622 ac
724 569 936 623 robore
966 569 1214 622 invictus
1241 585 1253 619 :
1287 583 1424 621 nam
1455 565 1694 633 dicitur,
1737 581 1872 619 cum
1903 579 2042 634 pro—

2145 578 2341 655 ῥώμην
2397 571 2855 645 άκαταγώνιστος·
2917 568 3131 643 Λέγεται
3191 569 3290 645 γὰρ
3341 576 3803 646 πρωταγωνιστοῢ

395 665 686 731 pugnator
714 659 930 728 aliquis
989 674 1056 711 ex
1112 657 1455 711 fortissimis
1511 654 1779 710 barbaris
1833 658 2041 708 contra

2139 654 2286 727 τινος
2343 667 2452 718 τῶν
2511 659 2911 731 ἀλκιμωτάτων
2970 654 3258 735 βαρϐάρων
3311 660 3791 723 ἀντικαταπάντος

393 749 564 802 illum
594 749 839 802 veniret.
873 748 932 802 in
964 753 1168 817 pectus
1222 747 1352 817 ejus
1400 746 1668 800 lanceam
1723 747 1818 800 Il
1881 744 2036 799 dire-

2140 755 2286 827 αὐτῷ
2343 771 2476 806 ποτε
2510 794 2524 818 ,
2581 748 2646 803 τὸ
2705 745 2835 822 δόρυ
2892 748 3030 802 κατὰ
3086 752 3196 802 τῶν
3256 749 3486 822 στέρνων
3543 749 3634 804 τὸν
3689 756 3785 803 Νι-

393 842 549 895 xisse
630 840 1070 910 Nicephorum;
1144 839 1313 908 cujus
1399 837 1686 892 ambabus
1761 835 2036 890 manibus

2137 844 2380 920 κηφόρον
2443 838 2696 902 ἱθύναντα
2753 836 2843 891 καὶ
2899 837 3233 912 ἀμφοτέραις
3296 837 3596 910 ὡςάμενον,
3651 837 3793 893 οὕτω

394 931 614 985 adacta;
645 934 763 983 tam
798 929 1206 982 vehementem
1235 927 1418 982 fuisse
1451 927 1657 993 ictum,
1678 931 1766 993 ut,
1791 942 1896 996 per
1917 941 2040 979 cor-

2137 931 2384 1008 γενέσθαι
2442 924 2677 1004 σφοδρὰν
2727 927 2826 994 τὴν
2886 926 3210 1000 ἀντέρεισιν,
3274 928 3348 987 ὡς
3403 925 3492 981 καὶ
3528 928 3574 964 ¹⁹
3630 924 3790 1000 διαμ-

394 1035 502 1089 pus
556 1016 898 1087 transjecta,
950 1021 1265 1086 utramque
1316 1022 1543 1088 partem
1589 1015 1845 1069 thoracis
1900 1031 2032 1084 per-

2137 1022 2296 1095 περὶς
2355 1021 2418 1074 τὸ
2478 1015 2606 1092 δόρυ
2666 1014 2921 1085 διελθεῖν,
2985 1019 3069 1089 [Ρ.
3130 1017 3185 1090 6]
3236 1015 3327 1070 καὶ
3386 1017 3552 1090 ἄμφω
3613 1013 3792 1072 διατε-

391 1096 650 1175 foraret),
679 1105 978 1176 cogitatio,
1013 1105 1279 1176 inquam,
1315 1122 1449 1160 eum
1498 1103 1676 1171 subit,
1723 1103 2034 1158 circumire

2142 1115 2263 1184 μεῖν
2299 1109 2368 1164 τὰ
2427 1105 2564 1180 μέρη
2625 1109 2721 1159 τοῦ
2774 1106 3070 1180 θώρακος)·
3137 1102 3317 1160 ἔννοια
3369 1110 3500 1180 γοῦν
3551 1103 3787 1175 ἐπῆλθεν

395 1196 678 1267 oppidum
712 1211 777 1251 ac
800 1197 1135 1267 perspicere
1167 1196 1507 1265 diligenter,
1536 1200 1622 1264 ut,
1648 1211 1765 1266 qua
1794 1195 2037 1249 daretur

2139 1201 2308 1270 αὐτῷ,
2356 1196 2546 1268 γύκλῳ
2571 1196 2634 1249 τὸ
2690 1192 2818 1248 ἄστυ
2876 1193 3183 1269 περιελθεῖν
3242 1195 3332 1249 καὶ
3385 1195 3440 1257 ές
3479 1195 3541 1250 τὸ
3573 1190 3789 1268 ἀκριϐες

391 1285 580 1354 locus,
615 1285 955 1340 admoveret
983 1285 1229 1340 bellum.
1289 1285 1647 1340 Circuitione
1696 1285 1852 1339 facta
1899 1299 2034 1338 cum

2135 1292 2298 1344 τοῦτο
2355 1290 2789 1353 κατασκοπῆσαι,
2838 1283 2924 1337 ἳνα
2987 1285 3113 1338 δποι
3177 1284 3424 1358 παρείκοι
3474 1286 3786 1359 προσαγάγῃ

391 1375 636 1429 omnino
668 1379 846 1446 captu
878 1375 1162 1445 adituque
1192 1375 1435 1429 difﬁcile
1467 1376 1726 1429 videret:
1776 1372 1932 1444 quod
1965 1389 2036 1427 ex

2135 1378 2227 1432 τὸν
2273 1375 2541 1446 πόλεμον,
2601 1371 2905 1447 περιελθὼν
2941 1370 3030 1427 οὖν
3089 1373 3179 1427 καὶ
3234 1371 3530 1443 τηνάλλως
3581 1371 3789 1447 δυσέμ-

390 1464 575 1519 altera
605 1470 768 1536 parte
802 1481 906 1536 pro
943 1465 1113 1519 firmo
1148 1465 1519 1519 munimento
1550 1481 1712 1520 mare
1755 1463 2031 1526 habebat,

2139 1462 2306 1520 ϐολον
2337 1465 2570 1540 πεφυκὸς
2599 1459 2727 1516 ἰδὼν
2783 1461 2872 1516 καὶ
2923 1458 3318 1535 δυσπρόσοδον·
3351 1461 3410 1516 ἐκ
3440 1467 3537 1517 τοῦ
3565 1464 3789 1536 θατέρου

391 1569 458 1608 ex
484 1555 669 1609 altera
690 1560 815 1609 erat
834 1553 1046 1624 aequali
1075 1571 1328 1625 superne
1347 1571 1412 1609 ac
1433 1555 1626 1625 planae
1645 1559 1824 1625 petras
1843 1553 2034 1623 impo-

2143 1556 2236 1627 μὲν
2263 1555 2362 1628 γὰρ
2393 1552 2633 1625 πλευροῦ
2661 1552 2760 1620 τήν
2793 1549 3057 1614 θάλατταν
3093 1552 3212 1626 εἶχε
3270 1552 3510 1626 φρουρὰν
3541 1551 3781 1626 ἀσφαλῆ,

389 1643 588 1709 situm,
623 1659 741 1712 qua
769 1642 985 1697 mcenia
1016 1642 1394 1696 nitebantur:
1427 1642 1605 1696 simul
1637 1641 1796 1712 quod
1817 1656 2032 1695 novum

2138 1645 2273 1698 κατά
2302 1646 2522 1717 θάτερον
2558 1639 2615 1696 δὲ
2647 1641 2731 1696 ἐπ’
2787 1641 3135 1716 ἀγχωμάλου
3163 1641 3253 1695 καὶ
3303 1640 3562 1696 ἴσοπέδου
3594 1643 3641 1677 ¹⁰
3671 1644 3785 1715 (25)

391 1732 690 1800 quoddam
705 1737 763 1786 et
783 1733 1132 1786 inusitatum
1158 1748 1342 1804 genus
1365 1732 1765 1785 munitionum
1788 1737 2036 1802 praeten-

2139 1732 2298 1787 λίθου
2331 1732 2635 1808 ἐρήρειστο,
2698 1729 2779 1806 ἐφ’
2804 1729 2840 1804 ᾖ
2868 1729 2934 1784 τά
2990 1735 3147 1804 γεῖσα
3199 1729 3587 1802 τεθεμελίωτο,
3634 1732 3696 1785 τό
3728 1751 3786 1785 τε

391 1819 603 1876 debat:
639 1837 846 1891 aggere
894 1821 1050 1874 enim
1094 1819 1349 1890 pilisque
1397 1819 1656 1890 caprinis
1700 1836 1767 1874 ac
1816 1819 2028 1885 suillis,

2140 1819 2372 1894 δόμημα
2435 1819 2614 1876 καινόν
2672 1841 2724 1874 τι
2785 1814 3165 1892 προύϐάλλετο
3219 1819 3310 1874 καὶ
3369 1818 3695 1875 ἀλλόκοτον·
3727 1819 3787 1874 ἐκ

391 1909 591 1962 mixtis
612 1909 768 1962 inter
785 1926 912 1963 sese
941 1914 998 1963 et
1011 1907 1190 1978 probe
1210 1907 1826 1973 confertis,instructaa
1840 1914 2028 1962 erant:

2140 1913 2280 1986 χρὸς
2307 1911 2409 1986 γάρ
2439 1909 2532 1965 καὶ
2569 1914 2779 1984 τριχῶν
2834 1907 3051 1983 αἶ’γείων
3108 1909 3199 1963 καὶ
3255 1908 3409 1963 ὑείων
3443 1910 3791 1982 συντεθειμέ-

388 1997 765 2052 latitudinem
797 1997 1309 2068 amplectebantur
1326 2003 1576 2066 tantam,
1599 2002 1665 2051 ut
1687 2014 1896 2052 currus
1915 1997 2030 2052 duo

2138 2021 2240 2055 νων
2273 2000 2363 2054 καὶ
2394 1997 2645 2059 ἐπιεικῶς
2696 1994 3201 2070 συμπεπιλημένων
3247 1995 3598 2070 ᾠκοδόμητοο
3635 1996 3787 2072 εὖρός

388 2104 496 2158 per
525 2087 889 2158 crepidinem
923 2087 1050 2141 sine
1100 2087 1377 2142 molestia
1422 2092 1644 2141 circum
1701 2103 2033 2142 commeare

2136 2110 2195 2143 τε
2221 2091 2477 2142 τοσοῦτον
2539 2082 2742 2163 ἔφερεν,
2803 2081 2927 2138 ὅσον
2981 2084 3184 2156 ἀμάξας
3247 2082 3342 2141 δύο
3373 2085 3609 2148 εὐπετῶς
3642 2082 3787 2159 ἔχειν

389 2181 635 2246 possent
662 2193 674 2232 :
710 2176 959 2231 altitudo
986 2175 1200 2230 idoneo
1225 2175 1413 2247 spatio
1437 2175 1764 2230 eminebat:
1788 2176 2036 2246 insuper

2137 2177 2274 2233 κατὰ
2301 2181 2409 2232 τῶν
2441 2175 2714 2248 ἆπάλξεων
2745 2171 2975 2247 ἐναλλὰξ
3031 2171 3292 2230 διοδεύειν
3341 2173 3700 2250 περίδρομον,
3733 2172 3787 2235 ἐς

385 2265 563 2320 fossae
597 2265 726 2319 duae
758 2267 818 2319 in
841 2264 1219 2320 latitudinem
1239 2281 1418 2335 quam
1440 2265 1762 2319 maximam
1777 2264 2036 2319 altitudi-

2138 2265 2273 2339 ὕψος
2329 2286 2388 2319 τε
2445 2264 2824 2339 ἀποχρώντως
2875 2265 3032 2340 ᾗρτο⁶
3105 2264 3194 2318 κάὶ
3256 2264 3480 2340 προσέτι
3535 2269 3786 2342 ταφρεῖαι

391 2371 648 2425 nemque
680 2359 893 2409 cavatas
934 2355 1351 2409 circumductaa
1384 2359 1574 2410 erant.
1607 2353 1901 2425 Oppidum
1931 2353 2032 2408 ubi

2137 2353 2236 2409 δύο
2269 2353 2322 2415 ἐς
2362 2351 2518 2429 εὖρος
2550 2351 2632 2407 ὅτι
2672 2351 2910 2426 μάλιστα
2960 2352 3050 2407 καὶ
3087 2351 3257 2428 βάθος
3288 2352 3604 2425 ἱκνούμεναι
3633 2355 3783 2427 πέριξ

391 2444 685 2498 intellexit
711 2444 1032 2512 munitum,
1067 2443 1571 2513 quemadmodum
1601 2441 2032 2499 demonstravi-

2137 2445 2304 2500 αὐτοῦ
2335 2442 2697 2519 ὠρωρόχατο.
2728 2446 2897 2496 Τοῦτο
2958 2441 3176 2516 ἐχυρὸν,
3233 2443 3374 2518 ᾗπερ
3434 2440 3666 2519 εἷ’ρηται,
3697 2443 3786 2497 καὶ

390 2549 546 2598 mus,
580 2538 638 2586 et
667 2538 841 2604 captu
872 2531 1116 2586 difficile
1147 2548 1390 2604 prorsus
1413 2548 1561 2597 esse,
1583 2531 1736 2586 hanc
1757 2532 2034 2586 technam

2139 2533 2453 2590 δυσάλωτον
2514 2534 2760 2608 ἀτεχνῶς
2814 2531 3180 2604 καταμαθὼν,
3236 2534 3487 2588 τοιοῦτόν
3537 2555 3588 2588 τι
3638 2533 3785 2587 ἀντι-

390 2627 596 2678 contra
633 2628 1005 2679 commentus
1037 2627 1144 2677 est.
1192 2623 1364 2678 Initio
1408 2622 1715 2677 muniendi
1748 2639 1782 2678 a
1812 2622 2030 2690 littore,

2135 2625 2450 2699 τεχνάζεται
2487 2643 2500 2656 ο
2564 2623 2697 2679 Ἀπὸ
2782 2628 2884 2690 τῆς
2969 2621 3106 2695 πρὸς
3193 2621 3346 2677 νότον
3405 2620 3785 2696 τετραμμένης

393 2713 548 2783 quod
579 2712 653 2768 ad
685 2714 993 2768 meridiem
1018 2713 1451 2785 spectat,facto,
1475 2729 1663 2784 usque
1690 2711 1762 2767 ad
1780 2712 2034 2767 alterum

2139 2713 2412 2789 ῥηγμῖνος
2443 2709 2734 2782 ἀρξάμενος
2764 2706 3086 2782 οἰκοδομεῖν
3119 2711 3286 2785 μέχρι
3332 2717 3433 2779 τῆς
3478 2710 3565 2765 ἐπὶ
3593 2711 3787 2785 θάτερα

390 2801 577 2867 littus,
613 2803 890 2873 spatium,
925 2819 1040 2873 qua
1062 2819 1223 2856 mare
1247 2801 1609 2869 intermittit,
1633 2801 1785 2856 vallo
1815 2801 2030 2868 firmat,

2135 2801 2344 2871 ἠϊόνος,
2384 2801 2447 2854 τὸ
2480 2796 2667 2854 δι’ἵκον
2700 2805 2800 2868 τῆς
2856 2797 3058 2873 χέρσου
3110 2799 3274 2874 έρκίῳ
3325 2797 3667 2872 διατειχίζει,
3695 2798 3785 2853 καὶ

391 2891 465 2945 ad
496 2898 861 2962 pontumque
922 2893 1155 2962 seponit
1203 2891 1487 2963 oppidum
1529 2891 1922 2958 Cretensium,
1967 2896 2034 2944 ut

2135 2890 2242 2965 πρὸ
2299 2888 2498 2942 πόντον
2555 2888 2618 2942 τὸ
2673 2892 2780 2942 τῶν
2842 2890 3071 2960 Κρητῶν
3103 2890 3146 2925 ²¹
3207 2886 3336 2942 ἄστυ
3392 2889 3787 2964 καθείργνυσιν,

377 2979 507 3050 jam
541 2997 658 3035 non
691 2981 948 3052 amplius
981 2981 1109 3036 sine
1143 2981 1406 3052 periculo
1429 2979 1663 3035 barbari
1691 2981 1751 3033 in
1789 2985 2028 3045 terram,

2137 2979 2212 3040 ὡς
2249 2979 2323 3050 μή
2357 2973 2535 3051 ἔχοιεν
2596 2976 2835 3037 εὐπετῶς
2889 2979 2958 3050 τῇ
3018 2977 3200 3052 χέρσῳ
3250 2972 3694 3054 προσεπιϐαίνειν
3736 2977 3786 3031 οἱ

387 3069 623 3138 quando
649 3075 954 3140 cuperent,
990 3070 1149 3124 exire
1181 3075 1445 3140 possent,
1480 3085 1510 3123 e
1542 3085 1723 3140 seque
1747 3068 2031 3139 penderet

2140 3064 2426 3144 βάρϐαροι,
2459 3068 2548 3121 ὅτε
2595 3067 2685 3120 καὶ
2745 3064 3055 3141 βούλοιντο,
3087 3067 3167 3120 ἐπ’
3228 3068 3377 3139 αὐτῷ
3444 3064 3502 3121 δὲ
3557 3067 3784 3135 κεῖσθαι,

382 3159 657 3228 ΡΓὶΒῙὶιΠΠ
678 3159 1070 3225 committere,
1101 3175 1308 3221 necne,
1335 3159 1382 3213 si
1407 3158 1644 3229 quando
1668 3159 1779 3211 hoc
1793 3173 2028 3227 quoque

2140 3157 2462 3229 πολεμητέα
2512 3156 2670 3223 εἶναι,
2719 3155 2807 3209 καὶ
2843 3156 2942 3227 μή,
2978 3156 3143 3210 ὁπότε
3181 3157 3271 3210 καὶ
3301 3160 3462 3210 τοῦτο
3496 3153 3665 3212 δοκεῖ.
3708 3157 3783 3213 Τὸ

387 3247 665 3317 expedire
696 3246 1013 3301 videretur.
1048 3249 1135 3302 Ita
1158 3247 1310 3301 vallo
1337 3246 2024 3317 celeriterl2perfecto,

2137 3249 2384 3300 τοιοῦτον
2418 3242 2485 3313 δὴ
2539 3243 2749 3318 τειχίον
2779 3249 2894 3317 (26)
2933 3246 3123 3299 θᾶττον
3179 3245 3523 3320 συμπεράνας
3553 3245 3582 3300 ὁ
3611 3247 3785 3316 Νικη-

382 3336 748 3405 Nicephorus
777 3336 851 3390 ad
891 3336 1137 3390 alteram
1161 3335 1469 3390 contendit
1490 3336 1818 3399 victoriam,
1845 3352 2022 3406 quam

2135 3334 2325 3411 φόρος,
2369 3333 2451 3410 ἐφ’
2505 3329 2686 3407 ἕτερον
2748 3331 3011 3408 ¹ἦιιιιείγετο
3066 3332 3350 3406 τρόπαιον,
3399 3331 3530 3410 ὅπερ
3564 3335 3592 3388 ὁ
3624 3333 3787 3407 λόγος

381 3423 661 3496 evestigio
695 3424 880 3478 oratio
915 3423 1257 3479 declarabit.
1292 3424 1462 3478 Prius
1498 3439 1660 3494 vero,
1689 3424 2023 3478 convocatis

2133 3424 2328 3478 αὐτίκα
2359 3419 2620 3494 δηλώσει.
2665 3423 2815 3497 Παρά
2847 3425 2892 3458 ³³
2922 3423 3021 3490 τήν
3066 3425 3389 3498 στρατήγιον
3424 3424 3629 3494 σκηνήν
3659 3424 3785 3484 τοὺς

381 3513 442 3566 in
475 3513 820 3584 praetorium
851 3513 1164 3584 praefectis,
1198 3512 1447 3568 clariore
1471 3529 1609 3568 voce
1627 3530 1793 3579 usus,
1827 3513 2026 3569 dicere

2137 3511 2187 3567 ἐν
2229 3513 2377 3567 τέλει
2435 3509 2926 3586 συγκαλεσάμενος,
2970 3511 3062 3565 καὶ
3114 3513 3452 3588 γεγωνοτέρᾳ
3496 3513 3785 3588 χρησάμε-

383 3603 467 3657 sic
500 3608 590 3656 est
621 3618 864 3658 exorsus
890 3620 903 3656 :

2135 3625 2228 3667 νος
2257 3608 2325 3677 τῇ
2358 3607 2535 3681 φωνῇ,
2569 3600 2716 3674 ἴλεξε
2743 3601 2947 3661 τοιάδε.

451 3694 503 3746 6.
539 3713 567 3742 ‹‹
615 3693 686 3745 Et
742 3691 991 3748 crudum
1046 3692 1358 3764 ferumque
1416 3691 1722 3764 ingenium
1767 3691 2029 3749 ﬁliorum

2210 3695 2272 3758 ς’.
2309 3717 2337 3746 ‹‹
2369 3693 2448 3750 Τὸ
2483 3693 2576 3765 μὶν
2634 3693 2788 3767 ὠμὸν
2846 3693 2935 3747 καὶ
2994 3690 3261 3768 θηριῶδες
3305 3697 3413 3748 τῶν
3471 3700 3575 3762 τῆς
3605 3689 3794 3747 παιδί-

1587 3872 1649 3928 C.
1683 3872 1747 3928 Β.
1793 3873 1981 3930 HASII
2019 3873 2581 3931 ANNOTATIONES.

457 4051 501 4086 η
527 4049 616 4102 καὶ
650 4049 723 4108 ὡς
756 4048 886 4104 cod.
1002 4044 1288 4110 ἷσοπεδοὺς
1318 4049 1474 4116 cod.,
1505 4051 1617 4106 hoc
1648 4057 1736 4107 est
1768 4049 2041 4112 ἶσοπεδοῦς

382 4121 428 4155 ²²
459 4123 610 4175 Fort.
639 4125 787 4193 Παρα
814 4139 891 4174 τε.

2153 4051 2197 4087 ²¹
2232 4052 2461 4125 Κρητῶν
2495 4050 2758 4107 secunda
2787 4067 2973 4106 manu
3003 4050 3078 4106 ad
3108 4065 3274 4107 oram
3307 4051 3647 4124 suppletum
3679 4055 3786 4108 est.

455 4262 568 4335 (25)
594 4263 664 4342 ,1η
692 4259 945 4342 οοά..θει
974 4256 1284 4346 ¹ίσιοπεδοός,
1318 4261 1376 4342 h_.
1403 4277 1453 4315 e.
1484 4258 1769 4346 ἓσοπεδοῇς
1801 4264 2029 4346 (acgen'

2138 4261 2265 4346 χίον
2297 4263 2522 4346 passim
2547 4263 2755 4346 eodem
2787 4263 3261 4346 sensuusurpari
3295 4279 3410 4346 quo
3439 4266 3654 4346 τοῖχος,
3682 4280 3786 4334 pa-

386 4331 673 4408 tus_enim
705 4338 764 4386 et
793 4332 1224 4408 circumnexos,
1260 4333 1369 4386 etsi
1399 4349 1640 4408 perraro
1673 4331 1869 4408 alieno
1900 4335 2030 4408 loco

2139 4331 2266 4408 Fies.
2297 4331 2462 4390 Unde
2495 4331 2793 4408 διορύττειν
2841 4334 3051 4408 τειχίον
3082 4331 3154 4388 de
3203 4331 3636 4408 perfossoribus
3682 4331 3785 4405 pa-

385 4406 937 4476 collocant,tamen
969 4404 1125 4476 inter
1169 4375 1230 4457 se
1279 4375 1608 4476 smpissime
1660 4405 2034 4461 confundunt
2063 4375 2109 4438 Β
2141 4407 2381 4472 rietum,
2413 4412 2480 4460 ut
2535 4375 2676 4461 vgce
2726 4375 3000 4476 Plautina
3054 4375 3238 4460 utarf,
3264 4375 3784 4476 .losephusAnttiq.

385 4495 521 4534 cum
545 4475 652 4559 alii
685 4474 910 4558 librarii
937 4473 1398 4565 plerique,°t’11m
1421 4474 1491 4565 in
1513 4477 1722 4565 primis
1783 4481 2031 4560 noster),

2141 4476 2270 4565 ἦρά.
2304 4479 2425 4565 12ἶ,
2460 4477 2697 4565 Ε.”ῌρὸς
2743 4473 3081 4565 διωρξγμαέι
3105 4553 3118 4565 Δ
3138 4474 3370 4565 τειχίου.
3399 4473 3789 4565 _S.‘C'l‘emen"s

389 4549 558 4622 quasi
595 4563 629 4622 a
658 4541 1022 4622 nominati-vo
1080 4541 1363 4622 ὶᾶοπεδῄς.
1419 4541 1556 4622 Quae
1612 4548 1806 4604 forma
1852 4541 2036 4605 raris-'-

2141 4541 2460 4622 Alexandra
2522 4541 2796 4622 _Str9ma_t.
2849 4541 2978 4617 '76'4',
3025 4541 3439 4622 B.AIPPGE_GVT£§
3498 4543 3670 4622 λάθρα
3723 4547 3785 4599 τὸ

389 4617 578 4678 sima:
613 4620 674 4673 in
707 4619 913 4690 Lexica
942 4624 1101 4674 certe
1132 4619 1400 4673 nondum
1432 4619 1639 4676 relata.

2139 4617 2352 4690 τειχίον
2382 4625 2483 4686 τῆς
2525 4617 2837 4690 ἐκκλησίας.
2889 4622 3026 4676 Sine
3053 4619 3106 4671 vi
3139 4617 3468 4690 deminutia
3513 4617 3786 4672 videntur

459 4692 567 4764 (26)
600 4688 815 4763 Τειχίον
849 4692 998 4746 nihil
1031 4689 1194 4746 aliud
1223 4691 1703 4764 signiﬁcatiapud
1755 4692 2032 4760 Leonem,
2143 4688 2425 4764 adhibere
2458 4688 2696 4764 Lucian.
2729 4694 2940 4764 Piscat.
2975 4695 3016 4746 Ι.
3052 4693 3173 4744 615.
3207 4707 3246 4746 ι.
3281 4689 3782 4764 εὰίῐζΗεῐῐιειθῲ.

389 4759 567 4835 quam
597 4759 801 4834 τεῖχος,
836 4779 1044 4830 murus,
1075 4759 1493 4835 munimentum.
1522 4759 1708 4835 Habet
1739 4764 1897 4818 enim
1925 4759 2034 4817 hoc

2145 4762 2516 4833 Καθεζόμενος
2547 4762 2632 4816 ἐπὶ
2687 4763 2750 4816 τὸ
2783 4762 2945 4835 ἄκρον
3001 4765 3102 4835 τοῦ
3147 4759 3380 4835 τειχίου.
3501 4761 3675 4835 Basil.
3713 4762 3790 4816 De

391 4832 500 4889 Leo
536 4832 848 4904 commune
880 4852 1014 4889 cum
1037 4835 1170 4889 aliis
1194 4833 1790 4904 Byzantinisnimium
1805 4835 2032 4902 multis,
2143 4839 2288 4904 grat.
2319 4832 2431 4889 act.
2452 4837 2494 4888 Ι.
2529 4837 2651 4889 362.
2684 4832 2872 4890 Julius
2905 4834 3163 4888 African.
3195 4832 3380 4888 Céstis
3408 4833 3530 4895 305,
3551 4835 3612 4885 E.
3646 4834 3785 4903 Ego,

389 4912 455 4958 ut
484 4903 817 4977 significatu
846 4905 1153 4960 subtiliore
1179 4903 1420 4959 vo’cabb.
1449 4905 1694 4960 confuso
1711 4913 1908 4976 partes
1929 4922 2033 4976 pro
2144 4903 2284 4976 quia
2315 4907 2506 4977 agitur
2535 4906 2605 4960 de
2638 4907 2969 4960 munitione
3029 4905 3339 4977 castrensi,
3373 4905 3580 4977 vallum
3609 4920 3786 4977 ausus

391 4993 452 5048 re
487 4973 1023 5048 to‘ta.‘_deminutiva
1052 4994 1158 5047 pro
1208 4977 1542 5048 primitivis,
1573 4973 1899 5048 composita
1928 4973 2033 5047 pro
2143 4973 2275 5031 sum
2307 4973 2531 5030 vertere
2556 4994 2693 5031 cum
2725 4978 2820 5032 hic
2851 4984 2972 5032 tum
3011 4976 3260 5031 inferius
3291 4977 3436 5048 8,78.
3471 4975 3655 5048 Alibi.
3699 4977 3787 5038 84,

392 5043 763 5120 simplicibus
793 5053 1018 5102 temere
1051 5043 1517 5120 usurpetrApud
1549 5043 2032 5120 οιίοεῖεειχίονῖηο
2143 5051 2208 5102 Α.
2243 5048 2386 5101 verti
2442 5065 2630 5102 murus
2664 5065 2676 5102 :
2719 5049 2852 5104 aliis
2910 5048 3081 5109 locis,
3114 5053 3179 5120 ut
3208 5049 3294 5112 16,
3347 5047 3409 5100 Ι).
3467 5047 3784 5101 castellum:

389 5119 622 5192 terdum
656 5119 872 5192 retinet
899 5119 1015 5192 vim
1047 5119 1415 5192 deminutivi.
1476 5119 1840 5192 Plutarchus
1872 5124 2033 5192 _A_rat.
2143 5123 2253 5192 777,7
2289 5122 2333 5172 A
2368 5160 2381 5172 .
2439 5122 2821 5192 munitionem.
2873 5119 3216 5192 Figuratim,
3269 5134 3373 5187 pro
3429 5121 3781 5192 munimento,

393 5191 548 5253 1039,
585 5192 642 5243 Ε.
687 5185 1053 5262 ἐΥποστείλας
1103 5189 1338 5262 τειχίοις
1372 5188 1496 5262 -τισῖ
1553 5191 1641 5242 καὶ
1701 5187 2031 5250 οἷκοπέδαις.

2143 5191 2194 5243 8.
2231 5191 2486 5245 Joannes
2521 5191 2818 5262 Chrysost.
2877 5185 3121 5245 adhibet
3177 5185 3335 5244 Orat.
3361 5259 3368 5262 _
3396 5205 3519 5242 XLV.
3554 5190 3615 5262 in
3647 5191 3787 5262 Acta

390 5262 651 5333 Achilles
685 5259 804 5333 Tat.
834 5262 918 5333 _l)e
958 5277 1140 5315 amor.
1167 5256 1536 5333 _Clitophont.
1563 5268 1621 5314 at
1643 5262 1916 5333 Leucipp.
1943 5265 2031 5329 51,

2143 5267 2330 5332 apost.
2392 5278 2460 5314 iv.
2513 5256 2784 5333 863(13.
2845 5266 3025 5314 Ἔστω
3083 5280 3168 5312 σοι
3224 5259 3434 5333 τειχίον
3493 5259 3582 5333 καὶ
3635 5256 3787 5333 περί-

390 5335 455 5406 ᾼ.
487 5331 632 5406 ῨΙΙερὲ
686 5331 747 5384 τὸ
776 5405 783 5406 7
808 5329 973 5406 ᾅλσος
1031 5329 1238 5401 τειχίον
1264 5327 1362 5406 ηῆν
1421 5327 1692 5406 αὔταρκες-
1740 5327 1836 5392 εἷς’
1861 5327 2030 5406 ’ὕψοςζ

2143 5327 2389 5406 φράγμα,
2423 5333 2584 5392 ἀσπις
2609 5333 2697 5406 καὶ
2731 5331 2882 5400 δόρυ.
2917 5327 3373 5406 Notadenique,
3404 5331 3462 5384 in
3493 5332 3601 5406 _h_is
3640 5327 3783 5406 lobis

391 5403 444 5458 S.
478 5399 732 5478 Joannes
763 5399 1214 5478 Chrysogoni—us
1264 5400 1478 5478 llomil.
1516 5399 1590 5454 Ix.
1625 5403 1696 5457 ad
1747 5399 2034 5473 populum

2144 5399 2420 5458 omnibus
2451 5421 2571 5458 non
2600 5399 2810 5478 τείχιον
2838 5405 2946 5478 sed
2964 5403 3173 5456 τειχίον
3201 5399 3377 5478 scribi
3407 5399 3790 5478 παίοξυτόνως,

388 5475 662 5534 Antioch.
710 5479 830 5541 129,
866 5472 930 5528 A.
965 5475 1036 5546 de
1069 5474 1397 5546 Deo,rmare
1430 5472 1634 5546 [urens
1666 5472 2031 5546 arenamvag
2143 5492 2320 5545 quam
2337 5472 3060 5546 accentusra'tionemipse
3077 5490 3314 5546 quoque
3335 5474 3393 5527 in
3410 5473 3793 5528 textuLeonis

389 5546 534 5620 lida_
567 5547 947 5620 continente:
976 5540 1097 5620 _8tt':l
1144 5545 1312 5620 τοῦτο
1371 5541 1519 5620 γοῦν
1554 5544 1640 5596 καὶ
1702 5543 1934 5620 ἀσθενὲς,
1970 5545 2034 5599 τὸ

2142 5540 2415 5620 retinuit
2439 5548 2618 5603 Codd.
2667 5555 2842 5620 atque
2894 5540 3186 5620 editiones
3217 5540 3585 5620 antiquiores
3618 5560 3786 5620 secu-

387 5616 596 5693 τειχίον
628 5618 876 5693 ἐποίησε,
905 5613 1095 5693 καὶ,οῤ
1141 5611 1274 5693 ξύλα
1320 5611 1672 5693 καὶ-λίθους,
1712 5613 1852 5693 οὐδὲ
1905 5617 2032 5690 ὅρη,

2142 5622 2257 5693 tus.
2292 5611 2622 5675 In‘Lexicis
2680 5611 2838 5693 nunc
2887 5619 3240 5693 plerumque
3297 5611 3783 5693 προπαροξυτόνως

385 5681 512 5752 τοῖῖ
535 5681 812 5768 αἱγιαλοῗς
844 5681 1401 5763 περιέϐαλετούτοις.
1425 5681 1904 5744 Πθίιιάενὶάθιιπ
1920 5681 2032 5742 rei?

2010 5681 2032 5732 -ὲ
2143 5689 2501 5760 impressum
2533 5696 2641 5759 est,
2674 5681 3085 5761 nescio-quam
3116 5681 3272 5744 bona.
3302 5681 3669 5743 auctoritate.
