4202 6314
399 425 520 485 675

1768 415 2061 478 LEONIS
2105 414 2433 476 DIACONI

3688 424 3813 485 676

401 556 730 623 attendere,
757 554 1039 625 omnique
1078 552 1385 625 diligentia
1443 567 1511 606 ac
1566 553 1618 605 vi
1677 550 1959 622 indagare
1990 553 2050 605 et

2163 543 2435 619 ἐπίχειρα.
2471 551 2562 601 Δεῖ
2591 546 2682 601 οῦν
2712 546 2776 602 τὸ
2804 551 2911 601 τῶν
2962 546 3189 623 ἑταίρων
3242 553 3443 623 πτῶμα
3473 548 3812 624 εὐλαϐηθέν-

403 647 756 718 investigare
788 645 921 698 istic
951 643 1253 697 latitantes
1282 640 1515 695 belluas
1549 638 1855 706 barbaras,
1886 644 1953 693 ut
1979 655 2050 693 ex

2158 656 2249 696 τας
2304 639 2492 713 νήφειν
2570 657 2629 691 τε
2690 636 2782 691 καὶ
2839 636 3130 713 προσέχειν
3168 681 3182 707 ,

3261 638 3350 693 καί
3434 638 3542 715 ὁλῇ
3598 642 3809 719 σπουδῇ

402 736 669 793 cavernis
699 732 1060 801 latebrisque
1099 735 1425 801 protractas
1486 730 1559 784 ad
1610 729 1919 784 interitum
1951 744 2051 782 eas

2158 724 2242 779 καὶ
2303 723 2462 801 ῥώμῃ
2536 725 2878 799 ἐξερευνῆσαι
2961 726 3051 781 καὶ
3127 726 3438 803 ἀνιχνεῦσαι
3525 731 3591 785 τὰ
3646 731 3812 790 ἐλλο-

400 826 757 897 redigamus.
793 824 1121 885 Postremo,
1155 836 1231 873 ne
1260 820 1321 873 in
1356 820 1607 892 segnitie
1640 825 1699 873 et
1728 818 2051 873 vinolentia

398 921 661 968 teramus
696 916 949 979 tempus,
975 908 1078 961 sed
1112 907 1359 963 Romani
1411 908 1617 974 simus,
1652 913 1712 962 et
1740 907 1955 963 fortem
1984 923 2052 961 ac

401 1002 661 1057 nobilem
694 998 960 1054 animum
991 997 1194 1067 stirpis
1243 1001 1462 1051 nostra)
1520 997 1580 1051 in
1614 995 2047 1052 certaminibus

401 1089 812 1146 ostendamus.
848 1108 877 1135 »

474 1362 527 1415 7.
560 1360 678 1412 Hac
710 1356 913 1411 habita
952 1355 1219 1409 oratione
1250 1371 1284 1408 a
1314 1353 1482 1418 duce,
1514 1352 1805 1407 exercitus
1857 1354 2054 1405 erecto

403 1449 605 1505 animo
628 1447 903 1517 plausum
935 1444 1119 1511 dedit,
1151 1442 1479 1515 gladiisque
1512 1459 1542 1496 e
1583 1442 1789 1513 vagina
1828 1439 2057 1495 eductis

404 1535 477 1589 ad
512 1532 884 1604 sequendum
908 1548 1023 1601 quo
1084 1530 1262 1584 vellet
1318 1530 1729 1600 imperataque
1785 1526 2059 1583 facienda

407 1622 887 1695 promptissimus
911 1625 1001 1674 est
1019 1619 1226 1674 factus.
1252 1619 1505 1673 Tametsi
1528 1618 1627 1671 ille
1650 1623 1791 1671 tunc
1815 1615 2057 1686 quidem

410 1712 662 1779 monuit,
689 1711 1057 1765 sustinerent
1077 1725 1139 1763 se
1160 1709 1450 1779 tantisper
1470 1712 1647 1777 atque
1662 1707 2054 1777 quiescerent,

410 1803 601 1856 donec
625 1802 752 1871 ipse
785 1805 1049 1870 tempore
1092 1798 1303 1852 idoneo
1323 1797 1564 1869 juberet
1598 1797 1672 1851 ad
1695 1812 1820 1851 rem
1851 1811 2057 1867 geren-

2156 818 2342 888 χῶντα
2381 813 2511 886 τῇδε
2567 810 2813 891 βάρϐαρα
2863 817 3050 890 θηρία,
3105 817 3195 871 καὶ
3244 823 3360 873 ¹τῶν
3419 826 3687 895 χηραμῶν
3721 824 3810 879 καὶ

2156 902 2385 981 φωλεῶν
2446 904 2789 979 ἐξερύσαντας
2844 902 3094 977 ἀπωλείᾳ
3145 908 3608 982 παραπέμψασθαι
3643 955 3656 968 .
3717 916 3807 985 Μὴ

2156 992 2248 1047 οὖν
2304 993 2501 1064 νωθείᾳ
2552 993 2643 1049 καὶ
2704 996 2842 1068 μεθῇ
2918 996 3292 1070 προϊστάμεθα
3324 1000 3368 1033 ³⁷
3427 1000 3519 1054 τὸν
3573 1002 3759 1076 καιρὸν
3792 1047 3808 1077 ,

2155 1083 2300 1139 ἀλλᾶ
2346 1086 2614 1158 Ῥωμαῖοι
2671 1085 2956 1147 τελοῦντες
3004 1087 3065 1141 τὸ
3116 1087 3355 1143 νεανικὸν
3419 1091 3511 1144 καὶ
3564 1099 3807 1167 γενναῖον

2154 1178 2256 1241 τῆς
2288 1174 2450 1245 ἡμῶν
2510 1172 2775 1247 εὐγενείας
2831 1174 3166 1247 παράστημα
3199 1176 3251 1229 ἐν
3280 1181 3398 1239 τοῖς
3454 1176 3658 1253 ἀγῶσιν
3692 1180 3813 1237 ἐπι-

2159 1258 2467 1334 δειξόμεθα.
2498 1284 2526 1313 ››

2234 1352 2292 1420 ζ’.
2355 1351 2516 1407 Εἶπεν
2576 1352 2604 1405 ὁ
2660 1353 2985 1428 στρατηγὸς,
3052 1352 3143 1408 καὶ
3193 1352 3331 1424 δῆτα
3380 1357 3443 1411 τὸ
3500 1360 3808 1432 στράτευμα

2159 1439 2484 1516 ἀνεθάρῥησὲ
2510 1440 2559 1476 ⁸⁸
2594 1460 2653 1495 τε
2708 1440 2795 1495 καὶ
2858 1440 3208 1517 ἐπεκρότησε,
3261 1446 3350 1499 καὶ
3409 1449 3518 1500 τῶν
3569 1446 3809 1504 κουλεῶν

2158 1529 2224 1586 τὰ
2253 1530 2379 1603 ξίφη
2412 1529 2771 1602 σπασάμενον,
2798 1530 3045 1605 αὐθόρμη
3095 1553 3190 1587 τον
3243 1534 3312 1603 ἦν
3359 1532 3579 1591 ἔπεσθαι
3609 1539 3810 1611 τούτῳ,

2159 1620 2249 1673 καὶ
2295 1620 2634 1693 πειθαρχεῖν,
2694 1620 2819 1673 ὅποι
2875 1620 2963 1674 καὶ
3028 1620 3306 1695 βούλοιτο.
3367 1624 3427 1681 Ὁ
3472 1622 3529 1679 δὲ
3561 1625 3809 1700 Ξτρεμεῖν

2159 1707 2294 1769 τέως
2325 1707 2414 1762 καὶ
2447 1710 2672 1780 ἠρεμεῖν
2726 1706 3046 1778 διεκέλευεν,
3078 1707 3181 1773 ἕως
3243 1709 3303 1766 ἃν
3349 1713 3508 1776 αὐτὸς
3542 1714 3815 1790 ἐπισκήψῃ

2163 1795 2323 1872 ἔργου
2352 1792 2593 1871 ἔχεσθαι,
2626 1797 2863 1868 ὁπηνίκα
2893 1800 2981 1853 καὶ
3035 1798 3136 1856 δεῖ.
3188 1803 3347 1875 ¹¹Αρτι
3380 1799 3437 1857 δὲ
3465 1809 3575 1858 τῶν
3609 1809 3815 1860 νυκτῶν

416 1891 552 1945 dam
579 1890 879 1944 accedere.
908 1893 1264 1959 Intempesta
1284 1894 1482 1942 autem
1505 1891 1677 1942 nocte
1704 1903 1839 1941 cum
1868 1885 2053 1939 fortis-

2164 1884 2301 1960 ἀωρὶ
2330 1886 2392 1939 τὸ
2444 1886 2686 1939 νεανικὸν
2741 1885 2831 1939 καὶ
2893 1886 3124 1959 ἀκμαῖον
3188 1886 3464 1964 διακριδὸν
3521 1897 3621 1947 τοῦ
3652 1915 3811 1968 στρα-

414 1982 564 2035 simo
595 1986 771 2050 atque
802 1978 1246 2050 expeditissimo
1270 1994 1527 2047 quoque,
1561 1976 1780 2031 selecto
1809 1993 1836 2031 e
1857 1975 2065 2029 cohor'

409 2070 590 2134 tibus,
624 2069 833 2124 castris
865 2067 1163 2139 egreditur
1185 2066 1444 2129 silentio,
1464 2081 1540 2119 ne
1554 2064 1810 2130 barbari,
1840 2064 2060 2118 disces-

408 2178 481 2215 su
513 2160 642 2231 ejus
673 2158 928 2229 cognito,
953 2155 1181 2227 aliquid
1210 2155 1568 2210 calamitatis
1598 2153 1803 2208 relicto
1835 2152 2060 2207 exerci-

405 2250 489 2303 tui
520 2247 900 2302 molirentur.
934 2247 1066 2316 lpse
1099 2261 1129 2299 e
1158 2244 1367 2299 castris
1398 2243 1716 2314 profectus,
1758 2258 1893 2296 cum
1923 2258 2060 2312 par-

401 2347 528 2395 tem
560 2338 824 2410 regionis
882 2336 1295 2408 percurrisset,
1331 2351 1400 2389 ex
1448 2333 1693 2405 captivis
1747 2331 2057 2403 comperit,

404 2431 467 2484 in
484 2429 618 2483 loco
641 2426 899 2497 quodam
923 2425 1078 2480 edito
1098 2425 1424 2479 exercitum
1451 2424 1841 2478 barbarorum
1862 2421 2059 2493 colligi

405 2519 479 2574 ad
495 2515 889 2588 quadraginta
909 2514 1120 2580 millia,
1144 2519 1211 2569 ut
1231 2513 1303 2569 de
1319 2513 1641 2584 improviso
1658 2512 1811 2566 facto
1834 2512 2061 2582 impetu

410 2611 707 2663 Romanos
748 2603 1100 2669 adoriretur,
1133 2603 1345 2672 hisque
1377 2618 1447 2656 ex
1497 2600 1694 2656 insula
1722 2602 1825 2655 14
1855 2597 2061 2671 ejectis

407 2714 546 2751 suos
578 2694 886 2750 obsidione
918 2692 1116 2764 oppidi
1146 2692 1444 2747 liberaret.
1480 2691 1553 2746 lis
1578 2690 1755 2745 rebus
1785 2689 2057 2761 cognitis,

405 2787 521 2841 dux
552 2786 765 2840 lectam
793 2799 1059 2848 manum,
1092 2797 1268 2853 quam
1303 2797 1503 2836 secum
1534 2779 1809 2844 habebat,
1842 2784 1965 2835 toto
1991 2795 2059 2835 eo

402 2875 495 2928 die
530 2873 713 2945 quieti
758 2888 820 2927 se
869 2871 1009 2927 dare
1033 2871 1261 2942 jussit:
1320 2870 1394 2925 ad
1447 2869 1697 2924 multam
1752 2884 2059 2941 vesperam

396 2965 717 3035 profectus,
771 2966 1097 3032 nactusque
1156 2959 1465 3032 indigenas
1520 2959 1806 3014 itinerum
1852 2958 2055 3041 duces,

393 3071 526 3109 cum
550 3053 624 3108 ad
654 3053 780 3107 haec
812 3051 1008 3106 sidera
1036 3050 1275 3105 claritas
1305 3066 1339 3105 a
1368 3049 1546 3120 plena
1587 3048 1731 3104 luna
1779 3048 2057 3103 subluce-

390 3148 500 3208 ret,
537 3142 713 3197 citato
745 3141 958 3194 itinere
1000 3137 1327 3204 contendit,
1352 3137 1621 3207 nihilque
1655 3137 1726 3192 de
1754 3136 2055 3193 celeritate

391 3231 644 3299 remisit,
676 3229 864 3283 donec
892 3226 1076 3283 armis
1127 3226 1411 3282 cinxisset
1455 3225 1774 3295 tumulum,
1822 3225 1885 3280 in
1934 3241 2049 3297 quo

2164 1978 2261 2028 τοῦ
2318 1974 2871 2050 προσεταιρισάμενος
2906 2020 2920 2046 ,
3005 1977 3192 2053 ἡσύχη
3272 1980 3490 2053 ὑπεξῄει
3552 1987 3650 2037 τοῦ
3709 1986 3819 2060 χά-

2168 2083 2361 2137 ρακος,
2422 2064 2492 2117 ὡς
2553 2064 2629 2135 μὴ
2692 2061 2975 2127 αἴσθοιντο
3032 2067 3131 2134 τήν
3193 2067 3386 2123 τούτον
3433 2070 3485 2123 οἱ
3548 2067 3815 2148 βάρϐαροι

2166 2149 2396 2227 ἄπαρσιν
2434 2195 2448 2221 ,
2506 2152 2595 2205 καὶ
2651 2150 2823 2207 δεινόν
2865 2175 2919 2208 τι
2985 2158 3054 2228 τῇ
3114 2156 3530 2235 καταλειφθείσῃ
3595 2181 3817 2236 στρατια

2166 2242 2618 2311 σκαιωρήσοιντο,
2664 2240 2933 2314 Ἐξελθὼν
2991 2240 3049 2298 δὲ
3096 2248 3193 2299 τοῦ
3224 2249 3491 2320 χάρακος,
3521 2248 3613 2303 καὶ
3647 2250 3815 2325 μέρος

2163 2336 2263 2398 τῆς
2305 2333 2492 2405 χῶρας
2535 2327 2916 2405 καταδραμὼν,
2949 2329 3038 2386 ἰπὶ
3094 2333 3233 2409 πρὸς
3257 2339 3367 2389 τῶν
3416 2334 3810 2412 ἑζωγρημένων

2165 2419 2447 2491 ἀνὲμαθεν,
2479 2417 2567 2473 ἐπί
2595 2439 2646 2472 τι
2693 2417 2982 2497 γεώλοφον
3042 2422 3291 2495 στρατιὰν
3345 2419 3634 2500 βαρϐάρων
3681 2428 3813 2482 ὡσεὶ

2169 2502 2445 2579 μυριάδων
2502 2506 2771 2581 τεττάρων
2831 2505 3214 2579 ἀθροίζεσθαι,
3268 2510 3344 2571 ὡς
3401 2509 3461 2566 ἂν
3514 2510 3565 2582 ἐξ
3613 2510 3812 2589 ἐφόδου

2164 2594 2494 2669 ἇπροόπτως
2548 2599 2667 2656 τοῖς
2750 2594 3049 2668 Ῥωμαίοις
3107 2594 3362 2671 ἐπέλθῃς
3444 2599 3537 2654 καὶ
3601 2607 3701 2670 τῆς
3754 2623 3815 2657 τε

2160 2685 2331 2753 νήσου
2359 2682 2588 2744 τούτους
2642 2681 2911 2758 ἀπελάσῃ,
2971 2683 3061 2739 καὶ
3104 2683 3234 2750 τοὺς
3281 2686 3568 2763 σφετέρους
3593 2696 3694 2758 τῆς
3716 2694 3815 2745 τοῦ

2163 2773 2354 2835 ἄστεος
2408 2771 2695 2847 ἀπαλλάξῃ
2754 2773 3100 2849 καθείρεεως.
3158 2776 3383 2832 Τούτων
3409 2778 3456 2813 '9
3499 2777 3756 2850 ἀκηκοὼς
3785 2782 3813 2835 ὑ

2162 2864 2465 2939 στρατηγὸς
2523 2863 2614 2919 καὶ
2662 2865 2754 2919 τὸν
2805 2863 3141 2943 ἐφεπόμενον
3194 2872 3303 2923 τῶν
3349 2867 3597 2945 λογάδῶν
3655 2892 3819 2947 στρα-

2160 2955 2254 3008 τὸν
2308 2954 2649 3028 πανημέριον
2746 2950 3111 3018 διαναπαύσας
3144 2999 3159 3026 ,
3230 2957 3368 3030 πρὸς
3429 2958 3656 3034 ἑσπέραν
3716 2961 3817 3035 βα-

2164 3050 2308 3108 θεῖαν
2363 3044 2573 3118 ἀπάρας
2638 3044 2730 3099 καὶ
2790 3044 3064 3121 ἡγεμόνας
3139 3047 3247 3103 τῶν
3304 3049 3489 3104 τόπων
3546 3050 3815 3126 ἰθαγενεῖς

2163 3130 2359 3208 ἄνδρας
2410 3131 2721 3210 ἀνειληφὼς
2758 3177 2772 3203 ,
2856 3132 2972 3189 ἐπεὶ
3028 3135 3117 3189 καὶ
3198 3137 3261 3191 τὸ
3346 3134 3635 3209 σεληναῖον
3695 3143 3811 3216 φῶς

2166 3219 2456 3297 ὑπέλαμπε
2490 3266 2505 3293 ,
2562 3222 3008 3297 πεπληρωμένης
3060 3231 3163 3296 τῆς
3223 3226 3390 3300 μένης
3450 3223 3641 3300 οῦσης,
3687 3250 3811 3286 συν-

390 3286 643 3374 barbari,
659 3317 778 3373 alto
805 3333 1015 3372 somno
1046 3315 1421 3371 tenebantur.
1463 3315 1609 3369 Tum
1639 3286 1798 3369 tubis
1826 3286 2047 3382 inﬂari,

2159 3286 2359 3367 τείνων,
2411 3286 2635 3367 ἔσπευδε
2666 3355 2681 3381 ,
2735 3286 2905 3384 μηδὲν
2963 3286 3168 3389 τάχους
3216 3286 3409 3371 άνίεῖσι
3440 3317 3488 3355 ³ο
3522 3336 3534 3349 ·
3737 3316 3805 3389 δὴ

392 3406 691 3479 tympanis
722 3405 944 3477 pulsari
995 3404 1207 3476 jussis,
1236 3408 1504 3459 montem
1535 3402 1778 3458 invadit.
1835 3402 2051 3458 Audito

391 3512 694 3553 armorum
716 3495 986 3566 strepitu,
1011 3492 1271 3561 barbari,
1286 3492 1451 3559 nudi,
1472 3490 1767 3564 imparati,
1791 3490 2055 3563 inspera-

389 3592 446 3641 to
480 3587 723 3641 incursu
753 3583 1037 3650 exterriti,
1078 3582 1229 3655 fugas
1266 3599 1327 3637 se
1361 3580 1800 3637 commendant.
1836 3581 2051 3637 Verum

387 3692 509 3730 non
542 3678 668 3729 erat
696 3671 980 3727 evadendi
1010 3670 1280 3737 facultas,
1312 3675 1625 3743 pr0pterea
1642 3668 1798 3739 quod
1830 3669 2051 3723 montis

388 3762 618 3818 radices
650 3779 683 3816 a
705 3764 971 3816 Romana
1008 3760 1133 3815 acie
1165 3758 1539 3815 tenebantur.
1573 3760 1659 3812 Ita
1684 3773 1860 3828 parvo
1891 3763 2049 3812 tem-

391 3853 551 3923 poris
582 3856 885 3905 momento
916 3849 1303 3904 barbarorum
1336 3846 1652 3902 multitudo
1692 3846 1765 3901 ad
1797 3846 2053 3918 quadra-

391 3941 555 4012 ginta
583 3939 774 3993 millia
804 3938 1070 3992 funditus
1102 3937 1297 3991 deleta
1329 3942 1438 4004 est,
1471 3936 1723 4006 telisque
1755 3938 2051 3992 Romano-

392 4045 524 4082 rum
558 4026 983 4082 contrucidata.
1018 4026 1141 4090 Quo
1194 4041 1342 4079 novo
1373 4029 1595 4096 tropaeo
1644 4023 1897 4078 alterum
1929 4029 2052 4079 tro-

392 4132 587 4187 paeum
619 4114 737 4168 dux
774 4113 1098 4168 adornavit.
1128 4112 1487 4167 Multitudini
1519 4128 1809 4166 caesorum
1858 4112 2052 4182 capita

391 4202 632 4273 praecidi
658 4202 861 4271 jussit,
885 4201 1191 4270 saccisque
1214 4200 1453 4255 condita
1477 4200 1539 4254 in
1571 4204 1763 4255 castra
1785 4199 2052 4271 deporta-

389 4292 461 4357 ri,
478 4291 785 4345 afﬁrmans
806 4289 1148 4359 unicuique,
1171 4294 1348 4359 caput
1364 4288 1475 4343 sibi
1505 4289 1798 4352 ai'ferenti,
1822 4304 2048 4345 merce-

390 4381 481 4435 dis
513 4380 641 4434 loco
670 4396 730 4434 se
760 4382 1212 4433 numeraturum
1243 4393 1556 4433 nummum
1585 4382 1950 4447 argenteum.
1985 4377 2049 4433 Id

393 4467 652 4522 edictum
721 4484 858 4522 cum
907 4465 1173 4536 reliquus
1226 4466 1518 4521 exercitus
1551 4505 1565 4530 ,
1614 4470 1739 4519 tum
1793 4464 2049 4520 maxime

397 4558 669 4611 cohortes
681 4555 977 4611 Armeniae
1000 4555 1261 4610 studiose
1279 4554 2048 4626 receperunt,hostiumque

2159 3398 2423 3464 κυλκόθεν
2454 3400 2548 3455 τὸν
2577 3400 2860 3477 γεώλοφον
2915 3402 3372 3479 περιεστοίχισεν,
3431 3403 3522 3461 ῒνα
3554 3405 3718 3481 βαθὺν
3752 3408 3807 3462 οἱ

2160 3483 2425 3564 βάρϐαροι
2466 3486 2630 3542 ὕπνον
2691 3486 2998 3548 ἐκάθευδον.
3058 3487 3295 3546 Κάπειτα
3349 3491 3445 3555 τὰς
3495 3491 3806 3569 σάλπιγγας

2161 3576 2443 3651 ἐπηχῆσαι
2475 3574 2564 3631 καὶ
2620 3576 2686 3631 τὰ
2731 3576 2987 3650 τύμπανα
3042 3586 3350 3654 παταγῆσαι
3380 3580 3425 3618 ³¹
3488 3580 3806 3656 ἐγκελευσά-

2165 3685 2352 3739 μενος,
2375 3666 2464 3738 [Ρ.
2481 3667 2535 3738 8]
2551 3662 2640 3720 διὰ
2653 3669 2749 3719 τοῦ
2770 3666 3063 3741 γεωλόφου
3083 3667 3304 3744 ἐχώρει.
3331 3670 3398 3727 Οἱ
3429 3666 3488 3724 δὶ
3514 3665 3803 3746 βάρϐαροι,

2153 3754 2244 3809 τὸν
2276 3754 2449 3831 ψόφον
2484 3758 2592 3809 τῶν
2649 3752 2835 3808 ὅπλων
2895 3754 3231 3828 αἰσθόμενοι,
3281 3757 3436 3831 ψιλοὶ
3482 3759 3573 3814 καὶ
3603 3760 3810 3834 ἀπαρά-

2157 3862 2335 3896 σκευοι
2368 3838 2541 3911 ὄντες,
2580 3842 2671 3896 καὶ
2700 3846 2777 3914 τῷ
2805 3843 3103 3917 ἀπροόπτῳ
3150 3852 3252 3914 τῆς
3298 3844 3495 3923 ἐφόδου
3526 3847 3809 3905 καταπλα-

2154 3930 2356 4006 γέντες,
2382 3930 2457 3992 εἰς
2490 3928 2776 4008 φυγαδείαν
2832 3929 3152 3991 ἀπέκλιναν.
3213 3933 3374 3993 Ἀλλ’
3407 3934 3505 3991 οὑκ
3531 3937 3597 4006 ἦν
3631 3936 3805 3993 ἀπαλ-

2156 4021 2335 4090 λάξαι,
2364 4027 2465 4089 τῆς
2491 4019 2759 4093 ὑπωρείας
2781 4022 2995 4092 ἀπάσης
3015 4024 3396 4098 κατεχομένης
3421 4029 3490 4100 τῇ
3522 4027 3804 4100 Ῥωμαϊκῇ

2154 4107 2414 4186 φάλαγγι.
2449 4108 2707 4164 ’Ἂκονιτὶ
2741 4108 2833 4165 οὗν
2884 4109 2937 4165 ἐν
2970 4117 3138 4187 μικρᾷ
3188 4114 3392 4187 χρόνου
3428 4115 3572 4191 ῥοπῇ
3603 4116 3666 4170 τὸ
3694 4120 3803 4171 τῶν

2151 4198 2420 4273 τεττάρων
2459 4195 2735 4272 μυριάδων
2757 4203 2864 4253 τῶν
2898 4195 3185 4274 βαρϐάρων
3218 4196 3428 4273 ἡϐηδὸν
3461 4203 3510 4240 ³²
3538 4206 3803 4277 παραπώ-

2154 4286 2281 4342 λετο
2340 4286 2555 4357 πλῆτος
2585 4331 2599 4358 ,
2653 4284 2806 4365 ἔργον
2893 4290 3115 4365 γεγονὸς
3188 4290 3403 4367 αἶ’χμῆς
3455 4294 3795 4368 Ῥωμαϊκῆς.

2153 4373 2330 4429 ’Λλλὰ
2358 4379 2437 4446 τῶ
2463 4374 2700 4447 τοιούτῳ
2729 4379 2900 4447 καινῷ
2927 4377 3177 4449 τροπαίῳ
3224 4375 3408 4454 ἕτερον
3466 4382 3803 4458 ὁστρατηγὸς

2154 4462 2377 4539 ἐξήρτυε
2425 4462 2687 4535 τροπαίον
2719 4506 2733 4520 .
2777 4468 2881 4519 Τοῦ
2927 4466 3030 4541 γὰρ
3084 4466 3345 4530 πεσόντος
3410 4467 3658 4539 πλήθους
3704 4471 3803 4533 τὰς

2152 4552 2321 4622 κάρας
2378 4550 2621 4626 ἐκτεμεῖν
2673 4550 2990 4629 διωρίσατο,
3048 4554 3139 4609 καὶ
3195 4556 3390 4619 ταύτας
3418 4562 3536 4621 ταῖς
3594 4560 3801 4632 πήραις

394 4652 695 4718 amputata
717 4647 912 4718 capita
938 4646 997 4700 in
1026 4660 1228 4701 saccos
1247 4643 1608 4699 indiderunt.
1640 4643 1765 4698 Dux
1785 4642 1857 4698 de
1877 4646 2049 4698 nocte

2158 4640 2394 4705 ἐνθέντας
2454 4643 2811 4716 μετακομίσαι
2866 4643 3004 4718 πρὸς
3054 4643 3117 4699 τὸ
3176 4641 3560 4719 στρατόπεδονο
3609 4649 3803 4721 μισθὸν

395 4736 458 4789 in
491 4741 683 4790 castra
711 4735 906 4790 rediit.

389 4820 666 4896 ἀργύριον.
726 4826 900 4878 Τοῦτο
955 4822 1018 4877 τὸ
1076 4819 1259 4897 δόγμα
1317 4818 1566 4895 ἀσμένως
1624 4816 1912 4892 δεξάμενος
1969 4820 1997 4874 ὁ
2048 4819 2297 4894 στρατὸς,
2348 4818 2439 4873 καὶ
2501 4816 2738 4892 μάλιστα
2793 4820 2856 4874 τὸ
2905 4824 3012 4877 τῶν
3073 4821 3376 4898 ’Λρμενίων

2153 4727 2211 4786 δὶ
2265 4733 2345 4801 τῷ
2398 4729 2563 4806 κάραν
2639 4731 2923 4805 κομίζοντι
3002 4729 3247 4789 δίδοσθαι
3328 4730 3700 4793 διεϐεϐαιοῦτο
3751 4737 3800 4773 ⁸³

3462 4830 3675 4903 στῖφος,
3731 4825 3800 4882 τὰ

1598 4989 1659 5044 C.
1702 4989 1762 5043 Β.
1807 4987 1993 5045 HASII
2028 4987 2582 5044 ANNOTATIONES.

464 5157 529 5255 ²Ῐ,
538 5157 1247 5255 Effusum-£12202:
1258 5158 1428 5255 3W
1460 5152 2053 5255 Εοῗξθέἐῗὲῗίξέέξέἱ

2158 5155 2553 5255 {fruamur
2586 5155 3023 5255 ξεέάινέιιιῑθιιιο
3055 5161 3367 5255 Pateor:
3391 5166 3450 5218 ει
3477 5159 3798 5255 Fume-

392 5228 444 5264 ²⁹
472 5228 662 5283 τοῦτον
694 5228 823 5284 cod.

925 5229 974 5264 ⁸⁰
1004 5231 1135 5301 Leg.
1167 5227 1354 5289 ἀνιείς.

389 5384 598 5451 signem
638 5396 853 5434 morum
878 5380 1271 5451 asperitatem:
1296 5378 1500 5451 malim
1535 5397 1548 5435 :
1582 5382 1900 5451 amentiam,
1930 5378 2043 5448 vel,

391 5444 574 5508 aiimi
620 5444 1013 5521 insipientia-1n.
1070 5444 1451 5523 Ἀϐελτηρίαις
1499 5444 2046 5523 ConciliumCEcuL

388 5525 691 5595 menicum
719 5520 844 5595 im.
876 5525 993 5589 VII,
1051 5540 1123 5577 1v.
1181 5520 1318 5595 411(
1358 5522 1647 5593 οὐμενοῦν
1682 5520 1743 5573 οὑ
1792 5521 1893 5595 γὰρ
1924 5526 2043 5582 ταῖς

386 5615 550 5649 τινων
581 5589 943 5667 άϐελτηρίαις
986 5613 1037 5649 κ.
1090 5613 1140 5649 τ.
1175 5594 1228 5651 λ..
1289 5589 1684 5667 nequaquam;
1741 5589 1883 5667 non"
1901 5595 2046 5648 enim

391 5664 994 5739 quorumdamiheptiis
1017 5672 1126 5721 etc.
1143 5667 1288 5722 Male
1307 5664 1642 5739 Harduinus
1664 5664 2005 5739 inversione
2031 5682 2043 5718 :

389 5736 739 5813 ﬁequaquam
767 5736 911 5796 εηϋη
941 5740 1304 5812 quorumdam
1342 5736 1853 5810 profanationibus.
1888 5736 2044 5792 Scri-

1460 5225 1505 5265 ⁵¹
1534 5227 1603 5282 τὰ
1631 5225 1844 5300 σύμπαν
1890 5225 2230 5301 ἀπαταγῆσαι
2250 5225 2401 5283 'cod.

2498 5228 2543 5262 ⁸³
2586 5221 2811 5298 ἡϐηδ-ὧν
2848 5221 2991 5285 ὀοὰ.
3055 5221 3146 5265 ’⁸³
3176 5221 3613 5297 διαϐεϐαιούσθω
3664 5234 3797 5291 cod.

2154 5377 2307 5455 bunt
2332 5381 2534 5455 tamen
2586 5348 2967 5455 etlnonnulli
2998 5383 3202 5439 Patres
3259 5376 3569 5455 ἆϐελτερια,
3619 5402 3724 5455 per
3753 5402 3799 5437 ε·

2154 5449 2297 5538 item
2329 5449 2751 5538 {Agathiasti3
2775 5452 2905 5538 C'et
2928 5454 3055 5535 ipse
3078 5456 3211 5537 Leo,
3234 5458 3323 5523 27,
3355 5456 3416 5510 D.
3440 5449 3795 5538 adverbium

2156 5518 2482 5601 ἀβελτέρως.
2514 5522 2700 5601 stulte,
2736 5523 2798 5577 in
2830 5518 3055 5601 Lexicis
3094 5518 3402 5601 omissum,
3452 5528 3632 5601 habet
3659 5530 3801 5601 Por-

2154 5592 2402 5717 géiyrius
2431 5592 2511 5646 De
2543 5592 2907 5680 abstinentia
2962 5598 3087 5679 .129,
3249 5597 3300 5650 οἱ
3331 5592 3543 5682 δὶζπερί
3596 5596 3803 5652 τούτων

2229 5659 2465 5717 ελτέρως
2508 5657 2778 5717 λεγοντεε.
2818 5687 2845 5717 ι
2875 5684 2977 5717 mn
3018 5669 3298 5717 stolidius
3346 5671 3440 5717 Ιιιιι
3496 5670 3571 5717 da
3622 5669 3801 5717 rebus

2229 5657 2467 5741 ελτέρως
2508 5657 2778 5737 λέγοντες,
2818 5687 2845 5720 ι
2875 5668 2978 5741 qui
3018 5657 3298 5726 stolidius
3346 5671 3440 5726 his
3490 5657 3571 5727 'de
3622 5669 3801 5726 rebus

2156 5756 2186 5786 ‹‹
2221 5734 2568 5807 loquuntur.
2584 5734 2629 5787 ⁷»
