4202 6314
429 386 548 445 687

1843 375 2120 437 LEONIS
2167 374 2485 437 DlACONI

3717 375 3836 436 688

429 519 733 574 berentur.
759 519 923 572 Hunc
943 518 1197 572 Leonem
1227 516 1436 570 ducem
1459 516 1759 568 Romanus
1791 512 2077 582 Augustus

2190 507 2280 561 καὶ
2337 511 2595 562 τοσοῦτον
2653 505 2810 586 φόνον
2867 503 3133 585 αἰφνίδιον
3211 505 3468 561 εἰσπεσὼν
3553 503 3605 561 ἐν
3665 509 3836 582 μικρᾷ

430 609 493 663 in
515 608 708 663 Asiam
722 606 1076 671 transmisit,
1092 605 1138 660 si
1155 621 1270 676 quo
1288 603 1462 658 modo
1475 603 1863 657 barbarorum
1879 598 2077 670 perni-

431 699 622 753 ciosas
653 697 1048 769 grassationes
1079 694 1355 749 cohibere
1387 697 1606 763 posset,
1642 697 1700 746 et
1729 690 1904 755 mala,
1949 705 2079 758 quas

430 786 811 858 impudenter
862 783 1081 838 inferre
1133 799 1254 836 non
1311 781 1679 849 verebamur,
1732 779 2080 851 reprimere.

433 877 578 943 Dux,
611 891 746 929 cum
780 889 848 926 ex
879 874 1110 937 EurOpa
1139 871 1438 942 profectus
1469 871 1530 924 in
1561 870 1760 924 Asiam
1801 868 2078 931 venisset,

428 963 913 1032 Chambdanique
947 960 1255 1016 audaciam
1287 977 1354 1015 ac
1387 959 1664 1014 duritiem
1687 957 1893 1013 auditu
1926 956 2080 1010 acci-

429 1057 614 1124 peret,
651 1051 873 1122 templa
905 1054 961 1104 et
990 1049 1207 1120 oppida
1251 1065 1538 1104 succensa
1588 1048 1832 1113 videret,
1884 1045 2082 1100 diruta

430 1140 696 1206 castella,
730 1139 1057 1195 desolatam
1091 1139 1303 1192 incolis
1336 1140 1660 1211 regionem,
1693 1138 1767 1190 iis
1792 1135 2082 1189 violenter

429 1233 491 1286 in
523 1230 923 1302 captivitatem
954 1227 1245 1295 abductis,
1272 1245 1466 1298 operae
1498 1229 1754 1299 pretium
1785 1227 1972 1291 duxit,
2003 1243 2078 1281 ne

428 1327 490 1380 in
518 1326 788 1393 apertum
816 1318 1150 1390 periculum
1181 1335 1328 1388 quas
1360 1317 1614 1372 ducebat
1643 1317 1842 1388 copias
1891 1316 2081 1387 proji-

429 1415 608 1477 ceret,
642 1425 790 1465 neve
815 1413 1021 1479 aperto
1054 1409 1234 1462 Marte
1277 1424 1412 1461 cum
1471 1412 1636 1462 tanta
1689 1405 2076 1461 barbarorum

428 1497 818 1554 multitudine
850 1497 1036 1552 aciem
1071 1500 1474 1566 componeret,
1513 1512 1644 1566 quae
1692 1494 1910 1550 multas
1953 1495 2080 1566 jam

428 1587 704 1642 victorias
743 1585 1065 1650 retulisset,
1109 1584 1408 1654 felicique,
1443 1600 1620 1654 quam
1665 1587 1908 1654 experta
1956 1587 2082 1637 erat

428 1682 646 1749 praeter
685 1673 1208 1746 exspectationem,
1242 1675 1480 1728 fortuna
1537 1672 1870 1744 superbiret
1898 1689 1910 1726 :
1944 1689 2078 1727 cum

427 1764 762 1839 praesertim
795 1765 1111 1817 innumera
1141 1778 1312 1832 poene
1343 1761 1725 1816 multitudine
1770 1760 2078 1816 hominum

427 1855 610 1927 probe
642 1858 1005 1908 armatorum
1048 1852 1344 1906 confertas
1394 1858 1620 1906 turmas
1651 1851 1752 1906 20
1791 1850 2076 1916 inferret;
2109 1875 2155 1941 Β

429 1945 558 2017 ipse
585 1943 855 2014 exiguam
889 1941 1307 2012 inﬁrmamque
1334 1957 1580 1995 manum
1603 1940 1890 2006 ductaret,
1915 1941 2077 1995 Sara-

429 2049 714 2090 cenorum
744 2031 954 2086 faustis
984 2031 1130 2085 adeo
1163 2029 1535 2086 successibus
1561 2029 1853 2100 pavidam,
1886 2030 2077 2100 iisque

429 2122 692 2194 tropaeis,
729 2137 859 2192 quae
917 2119 1180 2190 quotidie
1234 2118 1584 2191 erigebant:
1627 2118 1732 2173 sed
1779 2123 1844 2172 ut
1883 2119 2077 2189 potius

429 2208 935 2281 opportunissima
956 2211 1372 2278 praaruptaque
1397 2206 1527 2261 loca
1553 2207 2078 2277 occuparet,inque

428 2297 639 2354 locatis
668 2296 906 2351 insidiis
931 2296 1072 2350 hinc
1097 2295 1235 2349 inde
1253 2300 1630 2350 transeuntes
1650 2295 1849 2350 hostes
1873 2295 2079 2349 obser—

427 2392 611 2454 varet,
645 2391 822 2456 atque
848 2384 968 2438 illis
992 2384 1055 2438 in
1085 2383 1329 2438 lubricis
1360 2383 1836 2455 ancipitibusque
1852 2383 2079 2438 viarum

429 2475 722 2549 angustiis
752 2489 1096 2541 occurrens,
1129 2473 1192 2528 in
1222 2473 1475 2528 transitu
1522 2471 1757 2528 fortiter
1813 2489 1948 2528 cum
1993 2473 2079 2528 eis

429 2564 762 2620 dimicaret.

501 2835 552 2890 3.
585 2833 676 2887 Sic
706 2831 906 2887 animo
935 2833 1160 2885 attento
1193 2827 1550 2882 deliberanti
1604 2827 1783 2883 Leoni
1834 2827 1968 2882 duci
2019 2828 2080 2881 in

427 2927 688 2980 mentem
717 2921 894 2989 venit,
919 2920 1112 2975 verbis
1145 2933 1379 2989 quoque
1411 2933 1696 2972 exacuere
1730 2917 2080 2984 exercitum,

431 3028 685 3082 cumque
707 3008 1216 3066 exhortationibus
1239 3006 1745 3077 ﬁrmare,quando
1767 3023 1837 3062 ex
1853 3023 1914 3061 re
1929 3006 2082 3062 foret

430 3102 711 3157 adversus
741 3099 1024 3155 barbaros
1057 3098 1225 3170 signa
1254 3112 1509 3162 movere,
1543 3101 1603 3151 et
1631 3096 1980 3151 alacriorem
2005 3095 2079 3150 ad

429 3191 655 3246 bellum
688 3189 955 3244 reddere.
988 3189 1074 3242 Ita
1100 3187 1160 3241 in
1192 3187 1539 3241 concionem
1561 3185 1910 3253 ascendens,
1942 3203 2077 3240 cum

428 3279 734 3352 paulisper
763 3277 1045 3342 siluisset,
1078 3275 1546 3330 cohortationem
1580 3273 1873 3344 ejusmodi
1905 3274 2074 3328 insti-

429 3369 570 3424 tuit:
603 3389 630 3416 ‹‹
666 3367 881 3421 Omnes
912 3364 1175 3436 legiones
1200 3362 2076 3429 vestras,commilitones,com-

429 3457 629 3512 munis
661 3460 865 3509 noster
893 3452 1172 3508 dominus
1203 3458 1262 3507 et
1292 3452 1637 3522 imperator,
1669 3451 1827 3522 quod
1853 3453 2075 3518 firmas,

431 3563 541 3602 nec
571 3545 784 3599 virtute
815 3544 878 3598 in
909 3542 1083 3597 bellis
1107 3541 1304 3596 minus
1331 3557 1509 3611 quam
1540 3556 1652 3595 usu
1672 3540 1734 3594 in
1757 3557 1818 3595 re
1835 3540 2076 3596 militari

430 3635 712 3710 praeditas
743 3649 872 3688 esse
903 3632 1100 3696 sciret,
1133 3631 1196 3685 in
1227 3630 1428 3685 Asiam
1461 3629 1829 3684 Chambdani
1877 3631 2075 3686 incur-

433 3726 704 3782 sionibus
734 3721 1338 3796 populationibusque
1370 3719 1664 3775 defessam
1713 3721 1842 3792 jam
1900 3727 2077 3792 atque

431 3821 726 3881 ruentem,
757 3828 990 3868 summa
1019 3810 1253 3881 imperii
1277 3809 1423 3865 mihi
1459 3809 1692 3877 tradita,
1726 3810 2074 3865 transmisit.

428 3903 818 3971 Quamobrem
854 3901 1060 3956 hortor
1089 3904 1148 3954 et
1178 3898 1418 3965 suadeo,
1453 3915 1574 3953 non
1604 3904 1671 3954 ut
1700 3898 1932 3954 fortiter
1951 3915 2076 3955 rem

427 3993 644 4067 geratis
675 3995 882 4046 contra
920 3989 1286 4044 adversarios
1328 3989 1546 4057 (neque
1585 3988 1747 4042 enim
1803 3988 2076 4043 cohorta-

430 4083 592 4136 tione
612 4097 712 4134 vos
737 4084 877 4150 puto
901 4077 1186 4149 indigere,
1217 4077 1317 4146 qui
1340 4076 1615 4130 virtutem
1643 4075 2020 4132 etaudaciam
2044 4094 2077 4131 a

425 4186 610 4243 puero
649 4166 1052 4238 praestitistis),
1093 4164 1196 4219 sed
1248 4170 1312 4218 ut
1371 4181 1549 4234 quam
1606 4165 2072 4235 prudentissimo

427 4257 678 4317 consilio
710 4256 942 4309 hostem
974 4253 1343 4326 expugnetis.
1379 4255 1522 4307 Nam
1554 4270 1674 4308 non
1699 4259 1928 4308 tantum
1955 4257 2074 4310 vio-

424 4349 588 4404 lento
619 4347 844 4416 impetu
877 4341 1101 4397 bellum
1124 4341 1275 4396 solet
1290 4341 2071 4412 provehi,quantumjudicii

422 4435 744 4512 prudentia
775 4437 834 4489 et
864 4431 1126 4487 victoriis
1156 4446 1263 4501 per
1292 4429 1680 4485 calliditatem
1739 4437 2075 4502 opportune

2183 601 2377 670 καιροῦ
2409 597 2551 670 ῥοπῇ
2577 596 2967 672 ἀπειργάσατο,
3029 597 3102 656 ὡς
3169 595 3572 670 εὐαριθμήτους
3626 595 3686 651 ἐκ
3739 603 3835 652 τοῦ

2184 685 2468 759 ἀμυθήτου
2498 683 2747 756 πλήθους
2779 682 3060 764 διαφυγεῖν
3093 688 3218 757 (43).
3249 687 3458 741 Τοῦτον
3499 685 3591 740 τὸν
3639 707 3837 760 στρατ-

2185 776 2321 852 ηγὸν
2352 774 2552 830 Λέοντα
2605 775 2884 848 Ῥωμανὸς
2917 775 2944 828 ὁ
2975 773 3328 848 αὐτοκράτωρ
3383 775 3459 836 είς
3503 777 3602 844 τὴν
3650 777 3836 831 Ἀσίαν

2187 859 2558 932 διεϐιϐάσατο,
2593 864 2642 918 εἴ
2667 883 2786 924 πως
2830 861 2978 917 ἀλλὰ
3025 863 3120 923 τάς
3169 883 3227 917 τε
3276 865 3320 899 ⁸⁷
3379 868 3486 918 τῶν
3547 859 3836 940 βαρϐάρων

2185 952 2487 1028 ἐπιδρομὰς
2520 953 2872 1020 ἀναστείλειε,
2911 955 3003 1008 καὶ
3055 955 3152 1014 τὰς
3206 951 3428 1024 ἀναίδην
3471 953 3835 1029 τολμωμένας

2185 1045 2533 1122 ἀναχαιτίσοι
2593 1043 2905 1122 ἐπαγωγάς·
2965 1046 3026 1102 Ὀ
3077 1042 3132 1099 δὲ
3191 1046 3520 1122 στρατηγὸς,
3562 1044 3677 1101 ἐπεὶ
3734 1053 3835 1116 τῆς

2184 1134 2458 1209 Εὐρώπης
2513 1134 2723 1208 ἀπάρας
2814 1136 2912 1204 τήν
2969 1135 3154 1189 Ἀσίαν
3237 1133 3558 1214 κατείληφε,
3627 1137 3717 1190 καὶ
3768 1136 3830 1190 τὸ

2184 1220 2408 1284 αὔθαδες
2441 1224 2531 1278 καὶ
2573 1223 2871 1298 ἀτέραμνον
2917 1229 3014 1278 τοῦ
3067 1219 3336 1296 Χαμϐδάν
3375 1225 3694 1294 ἠνωτίζετο,
3743 1225 3841 1278 καὶ

2182 1313 2314 1373 νεὼς
2345 1311 2437 1366 καὶ
2486 1313 2679 1384 κώμας
2739 1311 3236 1388 πεπυρπολημῖένας
3304 1314 3470 1387 έώρα,
3524 1313 3614 1367 καὶ
3673 1334 3843 1392 φρου-

2186 1403 2316 1477 ρίων
2396 1402 2764 1480 κατασκαφὰς,
2846 1400 3077 1475 ἐρημίαν
3134 1422 3192 1456 τε
3243 1406 3348 1456 τῶν
3429 1402 3702 1457 κατοίκων
3749 1403 3842 1456 καὶ

2187 1491 2366 1565 βιαίαν
2415 1490 2738 1566 ἀπαγωγὴν,
2789 1483 2949 1567 ἔγνω,
3011 1492 3086 1561 μὴ
3143 1489 3196 1551 ἐς
3253 1495 3539 1564 προῦπτον
3599 1488 3842 1546 κίνδυνον

2184 1579 2372 1634 ἐνιέναι
2401 1583 2500 1649 τήν
2530 1579 2804 1654 στρατιὰν,
2843 1576 2982 1651 μηδὲ
3031 1584 3110 1651 τῷ
3172 1575 3496 1654 βαρϐαρίκῷ
3549 1581 3624 1641 είς
3673 1582 3818 1654 τοῦμ

2183 1670 2339 1749 φανές
2397 1668 2953 1742 ἀντιπαρατάττεσθαι
3009 1665 3235 1738 πλήθει,
3321 1666 3538 1729 πολλὰς
3601 1670 3694 1742 μὲν
3746 1669 3836 1725 ἐπ-

2183 1757 2508 1834 ανῃρημένῳ
2559 1756 2732 1824 νίκας,
2790 1760 2910 1816 ταῖς
2967 1753 3024 1810 δὲ
3081 1758 3206 1829 παρ’
3265 1754 3464 1811 ἐλπίδα
3542 1764 3846 1834 γαυριῶντι

2183 1849 2404 1926 τύχαις,
2451 1846 2901 1921 μυριανθρώπους
2959 1866 3017 1900 τε
3073 1846 3163 1900 καὶ
3223 1843 3277 1905 ἐς
3335 1846 3396 1901 τὸ
3454 1842 3673 1921 ἀκριϐές
3717 1837 3847 1902 καθ’

2186 1934 2535 2010 ωπλισμένας
2566 1933 2940 2014 ἐπιφερομένῳ
2981 1935 3076 1995 τὰς
3107 1933 3419 2013 φάλαγγας·
3451 1937 3541 1991 καὶ
3597 1935 3840 2010 μάλιστα

2183 2027 2548 2102 εὐαρίθμητόν
2604 2048 2662 2081 τε
2718 2028 2817 2096 τὴν
2877 2026 3130 2100 στρατιὰν
3205 2026 3295 2081 καὶ
3377 2025 3475 2081 οὐκ
3528 2027 3830 2106 ἀξιόχρεων

2184 2117 2349 2177 αὐτὸς
2381 2115 2738 2192 ἐπαγόμενος,
2791 2116 3204 2193 κατεπτηχυῖάν
3256 2136 3314 2170 τε
3365 2117 3460 2176 τὰς
3509 2121 3615 2170 τῶν
3667 2118 3838 2192 Ἀγα-

2187 2211 2361 2281 ρηνῶν
2418 2203 2710 2279 εὐημερίας
2768 2204 2858 2259 καὶ
2917 2205 2982 2259 τὰ
3066 2206 3182 2258 καθ’
3270 2204 3499 2274 ἑκάστην
3584 2205 3845 2280 τρόπαια·

2183 2294 2569 2374 κατειληφέναι
2621 2292 2677 2350 δὲ
2729 2293 2943 2369 μᾶλλον
2993 2295 3060 2350 τὰ
3110 2292 3500 2369 ἐπικαιρότατα
3555 2294 3646 2349 καὶ
3703 2316 3844 2368 κρη-

2189 2383 2374 2459 μνώδη
2409 2391 2517 2440 τῶν
2551 2385 2752 2463 χώρων
2781 2384 2873 2438 καὶ
2905 2382 3268 2462 προλοχίζειν
3310 2384 3448 2438 κατὰ
3504 2389 3699 2451 ταῦτα,
3748 2384 3841 2439 καὶ

2184 2476 2280 2535 τὰς
2325 2472 2596 2547 διεξόδους
2658 2474 2974 2548 ὑποτηρεῖν·
3027 2474 3367 2543 ὑπαντιάζειν
3423 2494 3480 2528 τε
3537 2479 3653 2534 τοῖς
3714 2475 3844 2548 βαρ-

2187 2560 2377 2638 ϐάροις
2426 2562 2478 2618 ἐν
2533 2569 2652 2624 ταῖς
2710 2560 3034 2642 ἐπισφαλέσι
3091 2563 3183 2617 καὶ
3240 2559 3676 2642 ἀμφιταλάντοις
3732 2567 3840 2618 τῶν

2185 2651 2498 2727 ἀταρπιτῶν
2547 2653 2615 2722 ⁸⁸,
2675 2651 2766 2706 καὶ
2822 2656 3128 2726 καρτερῶς¹
3171 2650 3548 2728 ἀγωνίζεσθαι,
3605 2651 3840 2720 ὁπηνίκα

2185 2740 2276 2795 καὶ
2310 2737 2626 2795 διοδεύοιεν.

2259 2831 2325 2907 γ’·
2359 2829 2518 2888 Οὕτω
2547 2827 2614 2900 δὴ
2667 2831 3158 2908 γνωσιμαχήσαντι
3188 2830 3236 2864 ⁸9
3273 2829 3364 2884 καὶ
3417 2827 3839 2904 βουλευσαμένῳ

2186 2926 2265 2993 τῷ
2292 2925 2584 2998 στρατηγῷ
2643 2917 2832 2975 Λέοντι
2881 2919 3089 2990 ἐπῆλθε
3147 2923 3278 2992 (44),
3337 2920 3427 2975 καὶ
3483 2917 3677 2997 λόγοις
3741 2921 3845 2974 ὑπ-

2185 3007 2410 3083 αλεῖψαι
2440 3011 2538 3078 τήν
2593 3009 2846 3084 στρατιὰν
2888 3014 3000 3081 (45;
3047 3009 3138 3064 καὶ
3193 3007 3564 3084 παραινέσεσιν
3615 3011 3699 3082 [Ρ.
3760 3013 3842 3078 12]

2185 3097 2506 3173 ἐπιρρῶσαι,
2542 3099 2679 3153 κατὰ
2722 3103 2830 3153 τῶν
2890 3093 3182 3173 βαρϐάρων
3233 3098 3393 3166 ἡνίκα
3443 3094 3554 3152 δέοι
3616 3103 3838 3176 χωρεῖν,

2188 3187 2280 3242 καὶ
2338 3184 2781 3262 θαῤῥαλεωτέραν
2833 3185 3161 3264 ἐργάσασθαι
3216 3187 3352 3262 πρὸς
3409 3187 3500 3242 τὸν
3571 3185 3838 3260 πόλεμον.

2198 3276 2488 3336 Διαναστὰς
2521 3276 2610 3329 οὖν
2639 3274 2727 3331 ἐπὶ
2753 3281 2850 3331 τοῦ
2899 3273 3147 3346 πλήθους
3196 3276 3286 3330 καὶ
3337 3276 3531 3350 μικρὸν
3577 3273 3844 3354 ἐπισχὼν,

2199 3365 2457 3435 τοιαύτην
2487 3364 2762 3440 εἰσηγεῖτο
2792 3365 3121 3438 παραίνεσιν·
3176 3389 3203 3416 ‹‹
3232 3366 3407 3420 Ἀπαν
3465 3365 3556 3438 μὲν
3610 3364 3672 3419 τὸ
3723 3367 3844 3418 καθ’

2187 3453 2326 3526 ὑμᾶς
2365 3457 2476 3524 (46)
2535 3459 2721 3531 στῖφος
2782 3450 2939 3514 εἰδὼς
2995 3451 3234 3528 ἄριστον,
3296 3451 3340 3507 ὦ
3407 3459 3845 3528 συστρατιῶται,

2187 3542 2489 3618 αὐτουργόν
2520 3563 2577 3597 τε
2633 3543 2699 3597 τὰ
2755 3540 3022 3616 πολέμια,
3089 3543 3180 3597 καὶ
3227 3549 3490 3612 τακτικῆς
3552 3541 3840 3616 ἐμπειρίας

2191 3629 2487 3698 ὑπόπλεον,
2546 3629 2634 3685 ἐπὶ
2692 3634 2792 3701 τήν
2824 3631 3002 3688 Ἀσίαν
3052 3632 3080 3686 ὁ
3137 3632 3318 3692 κοινὸς
3369 3630 3694 3710 ἀμφοτέρων
3754 3628 3842 3684 δε-

2187 3721 2397 3790 σπότης
2425 3719 2516 3774 καὶ
2551 3717 2830 3794 βασιλεὺς,
2885 3720 3193 3794 κάμνουσαν
3249 3717 3357 3789 ἤδη
3418 3720 3508 3774 καὶ
3565 3718 3653 3774 ἐπὶ
3714 3721 3841 3797 γόνυ

2185 3807 2513 3883 κεκλιμένην
2560 3814 2680 3870 ταῖς
2731 3814 2829 3865 τοῦ
2885 3805 3148 3884 Χαμϐδὰν
3203 3805 3580 3884 καταδρομαῖς
3635 3829 3693 3864 τε
3751 3808 3843 3863 καὶ

2185 3904 2510 3973 προνομαῖς,
2538 3897 2664 3972 ἐμοὶ
2721 3900 2820 3968 τήν
2871 3906 2971 3969 τῆς
3029 3899 3325 3975 ἡγεμονίας
3381 3897 3697 3977 ἐγχειρισας
3753 3898 3849 3972 ἀρ-

2188 3990 2320 4066 χὴν,
2378 3983 2671 4043 διεϐίϐασε.
2735 3993 2986 4062 Παραινῶ
3071 3989 3246 4043 τοίνυν
3303 3988 3393 4043 καὶ
3450 3983 3838 4062 συμϐουλεύω,

2188 4076 2298 4155 οὐχ
2327 4076 2475 4138 ὃπως
2508 4078 2762 4153 γενναίως
2796 4076 3161 4147 ἀντιτάξοισθε
3208 4083 3325 4138 τοῖς
3375 4075 3597 4155 ἐχθροῖς
3655 4079 3844 4150 (οἶμαι

2187 4167 2291 4243 γὰρ
2343 4169 2418 4240 μὴ
2484 4163 2690 4222 δεῖσθαι
2745 4165 2929 4244 λόγων
2990 4168 3130 4240 ὑμᾶς
3189 4166 3484 4244 ἐναγόντων
3542 4165 3596 4228 ἐς
3653 4165 3840 4223 εὐτολ-

2193 4255 2338 4327 μίαν,
2371 4256 2458 4314 οἴς
2490 4253 2537 4324 ἐξ
2592 4254 2817 4311 ἁπαλῶν
2873 4253 3088 4330 ἀνδρεία
3142 4257 3276 4329 μετὰ
3330 4253 3547 4328 τόλμης
3607 4255 3841 4326 ἐξήσκη-

2186 4349 2317 4415 ται),
2368 4342 2495 4399 ἀλλ’
2557 4346 2630 4406 ὡς
2687 4345 2746 4400 ἄν
2803 4345 3000 4421 ἄριστα
3052 4345 3479 4420 βουλευσάμενοι
3537 4346 3839 4419 καταγωνί-

2187 4435 2370 4488 σοισθε
2428 4434 2518 4488 τὸν
2570 4433 2767 4514 ἐχθρόν
2825 4433 3076 4509 Πόλεμος
3133 4435 3236 4512 γὰρ
3319 4433 3378 4488 οὐ
3464 4438 3725 4488 τοσοῦτον
3786 4433 3837 4503 ἐξ

1641 4603 1701 4658 C.
1744 4603 1804 4660 Β.
1847 4604 2034 4660 HASII
2074 4607 2631 4665 ANNOTATIONES.

495 4758 539 4793 3"
574 4750 849 4814 ἀλλαττάς
880 4771 938 4807 τε
967 4750 1098 4808 cod.
1174 4749 1220 4785 ³⁸
1249 4745 1594 4821 αὖταρπιτῶν
1625 4745 1755 4804 cod.
1830 4745 1877 4781 3’
1905 4766 2078 4821 γνωσο

2189 4750 2402 4827 ζήσαντι
2424 4750 2558 4806 cod.

497 4925 610 4997 (43)
638 4924 752 4997 Hic,
779 4923 983 4997 locus;
1028 4922 1186 4997 Hunc
1231 4920 1461 4972 Leonem
1515 4931 1728 4997 usque.
1765 4916 1838 4970 ad
1867 4917 2078 4997 ﬁnem

2190 4916 2572 4997 αλειςρομένην.
2592 4923 2758 4997 idem
2783 4921 2924 4976 ibid.
2954 4922 3079 4997 134.
3111 4921 3168 4974 C.
3256 4917 3346 4997 ἀπ’
3365 4914 3568 4997 ἐκείνου
3593 4913 3845 4997 ἆνᾴδοσις

424 4989 635 5066 capitis
666 5012 700 5048 a
728 4991 1108 5066 Combefisio
1143 5005 1484 5053 conversus,
1546 4992 1809 5042 servatus
1866 4989 2082 5060 legitur

425 5064 855 5139 apndPagium
888 5064 998 5139 lll,_
1017 5064 1140 5139 8_76.

497 5137 608 5208 (44)
643 5127 814 5206 Apud
839 5134 1146 5208 Agathiam
1179 5127 1481 5203 προσῆλθε,
1540 5133 1627 5183 56.
1665 5131 1728 5184 D.
1764 5130 1827 5184 in
1877 5132 2078 5201 phrasi

428 5204 606 5281 quam
639 5204 751 5281 Leo
768 5204 1063 5281 respexit,

495 5282 605 5351 (45)
636 5277 848 5351 Confer
885 5268 1212 5351 'Agathiam
1243 5274 1329 5326 27.
1379 5271 1442 5351 Β...
1485 5268 1829 5351 ἰ’παλείφξιν
1889 5280 2077 5351 meta-

424 5341 666 5424 ph‘ori’ce
690 5341 1232 5424 _dici__prolincitare2
1261 5341 1561 5424 concitare,
1587 5341 2078 5424 jam'Stephanus

424 5412 658 5478 rnonuit
686 5421 747 5473 in
779 5412 1126 5488 Thesau_ro._
1151 5412 1400 5477 Addam,
1443 5413 1746 5488 eleganter
1804 5412 2074 5488 usurpari

425 5495 497 5549 de
531 5491 865 5562 vaporibus,
900 5486 1023 5562 iqui
1085 5486 1274 5562 rigant
1306 5490 1506 5562 atque
1567 5484 1967 5562 humectant:
1987 5490 2078 5544 Sic

423 5568 478 5622 S.
515 5555 826 5636 Gregorius
869 5555 1114 5636 Ny'ssen.
1175 5556 1248 5610 de
1303 5555 1463 5636 hom.
1528 5555 1762 5624 opiﬁcio
1796 5557 1838 5609 Ι.
1872 5560 1971 5636 _69.
2009 5564 2073 5636 ᾼ.

422 5624 836 5694 membranam
868 5624 1177 5685 cerebrum
1201 5624 1989 5697 ambire,_1tepm-coqaopévnv
2023 5630 2074 5683 ἐν

415 5711 591 5796 ιαυτῇ
621 5705 711 5760 τὸν
770 5697 1090 5779 ἐγκέφαλον,
1144 5699 1235 5752 καὶ
1291 5701 1407 5758 τοῖς
1461 5693 1661 5758 ἐκεῖθεν
1720 5693 1916 5770 ἀτμοῖς
1947 5693 2074 5754 ⁷ὑπ.

2193 4986 2478 5066 ὑπαλείὲρει
2512 4986 2522 4991 ’
2562 4992 2652 5046 τὸν
2729 4991 3068 5066 περιεκτικὸν
3125 4994 3222 5045 τοῦ
3283 4986 3602 5066 ἐγκεφάλου⁵
3654 4987 3836 5062 ὑμένα.

2194 5064 2356 5150 ynde
2399 5053 2810 5150 metap‘horice'
2859 5065 3012 5118 sicut
3068 5053 3334 5150 imbuere.
3369 5053 3524 5150 apud
3551 5053 3841 5150 ¢Latino-3.

2191 5135 2245 5208 δ.
2285 5126 2757 5208 ίΒιιειιὶιιέΕρὶει.
2805 5139 2890 5190 19.
2941 5144 3005 5208 A7.
3063 5130 3161 5208 ἐμὲ
3211 5133 3317 5208 γὰρ
3375 5126 3483 5208 ἔδει
3539 5131 3633 5208 ῥφ’
3693 5131 3844 5208 {ava

2191 5203 2584 5282 6w_1stq>O-7,vac
2621 5203 2825 5271 πίστει,
2865 5203 3146 5282 νουθεσία,
3205 5203 3473 5276 ὕπομονῆ.
3537 5203 3623 5257 Ita
3683 5203 3843 5282 enim

2189 5273 2445 5333 arbitror
2474 5295 2669 5333 veram
2702 5295 2832 5333 esse
2865 5273 3203 5332 lectionem.
3243 5273 3416 5331 Vetus
3440 5277 3733 5345 interpres
3762 5273 3844 5326 vi-

2189 5351 2361 5426 detur
2387 5350 2597 5426 legisse
2643 5346 3048 5426 ὑποληφθῆναι·
3108 5349 3303 5426 vertit,
3347 5365 3431 5401 me
3479 5349 3630 5425 enim.
3670 5360 3842 5426 opor-

2190 5425 2295 5497 tuit
2323 5440 2356 5476 a
2386 5416 2552 5497 valgis
2577 5416 3400 5497 επιειῆρὶξ’ξρἱριρχ-ἀλείφειν
3449 5434 3554 5489 pro
3608 5417 3843 5470 incitare

2188 5494 2368 5548 habet
2399 5494 2485 5547 vel
2517 5492 2820 5548 Cedrenus
2857 5492 2920 5548 ll.
2957 5493 3079 5546 678.
3119 5492 3182 5544 D.

2258 5567 2372 5633 (46)
2404 5566 2542 5629 Quae
2574 5565 2685 5619 Leo
2719 5566 2942 5618 Phocas
2983 5564 3079 5617 hic
3125 5561 3532 5625 concionatur,
3588 5557 3840 5633 imitatio

2188 5629 2328 5689 sunt
2357 5636 2644 5690 orationis
2677 5635 2944 5691 Belisarii
2977 5634 3049 5689 ad
3095 5634 3420 5689 exercitum
3471 5629 3628 5703 apud
3676 5633 3833 5700 Aga-

2188 5709 2376 5762 thiam
2419 5710 2541 5761 161.
2576 5708 2636 5762 C.

2188 5709 2376 5762 thiam
2419 5710 2541 5761 161.
2576 5709 2636 5762 C.
