4184 6326
321 385 468 445 689
1761 392 2155 452 HISTURl/E
2196 395 2342 454 LIB.
2391 396 2463 455 lI.
3670 397 3795 456 690

323 517 683 573 ἀντιπάλου
739 521 1131 594 κατορθοῦσθαι
1180 519 1354 594 ῥοπῆς
1403 524 1607 590 εἴωθεν,
1657 523 1780 576 ὅσον
1837 518 2018 577 εὐϐου-

2148 529 2352 597 partis.
2387 529 2597 600 Copias
2629 530 2720 585 21
2761 527 3019 582 hostium
3043 542 3150 596 per
3173 527 3282 580 hos
3303 543 3544 598 campos
3571 530 3791 585 eﬂ‘usas

328 603 475 666 λίας
512 607 761 680 προνοίᾳ
792 608 881 662 καὶ
913 609 1218 682 τροπαίωνέ
1241 607 1504 686 ἐπαγωγῇ
1567 607 2018 687 ῥᾳδιουργουμένι

2145 617 2327 686 probe
2359 619 2547 673 nostis
2581 624 2666 672 tot
2697 633 2823 672 esse
2844 623 2910 671 ut
2935 631 3252 670 numerum
3277 623 3595 686 superent:
3630 635 3794 672 exer-

325 694 491 747 κατὰ
541 694 766 768 καιρόν.
824 697 938 764 Τὴν
996 695 1090 768 μὲν
1149 694 1238 750 οῦν
1295 698 1592 771 παράταξιν
1652 704 1759 753 τῶν
1816 697 2018 777 ἐχηρῶε

2143 706 2326 760 citum
2359 713 2626 762 nostrum
2661 705 3023 777 intrepidum
3055 710 3115 758 et
3143 705 3401 759 alacrem
3424 707 3637 760 virtute
3670 708 3796 762 ani-

328 779 426 836 ἷ’τε
462 789 698 862 σαφῶς,
735 783 832 853 ὅση
870 780 959 838 διὰ
1003 790 1110 838 τῶν
1166 782 1298 858 τῇδε
1345 783 1546 840 πεδίων
1599 785 1910 866 ἐκκέχυται,
1962 790 2018 842 ὡς

2144 811 2360 865 moque
2381 813 2510 851 esse
2523 796 2616 850 vel
2640 796 2764 866 ipse
2787 795 3003 849 fateor:
3028 793 3412 849 multitudine
3428 795 3798 866 catervisque

328 869 558 942 πολλή
629 871 686 927 τέ
741 871 852 927 ἐστι
917 873 1007 928 καὶ
1067 874 1300 948 ἀριθμὸν
1362 871 1774 950 ὑπερϐαίνουσα·
1831 880 1928 946 τήν
1981 875 2018 931 δί

2144 884 2404 940 militum
2423 885 2834 940 ﬁrmissimum
2861 883 2935 938 ad
2957 899 3214 954 pugnam
3238 899 3414 938 nemo
3438 884 3611 939 facile
3633 885 3800 940 dixe—

328 962 472 1014 καθ’
539 963 701 1034 ἡμᾶς
761 963 1017 1036 στρατιὰν
1075 962 1317 1038 γενναίαν
1378 964 1470 1036 μὲν
1513 965 1602 1020 καὶ
1663 968 1908 1036 νεανικὴν
1966 969 2018 1040 τῇ

2142 973 2236 1026 rit.
2303 975 2560 1028 Proinde
2629 973 2938 1038 debemus,
2994 972 3480 1043 quandoquidem
3540 975 3794 1029 Romani

332 1070 400 1103 τε
438 1047 634 1124 ῥῶμῃ
667 1050 757 1104 καὶ
806 1056 922 1110 τοῖς
962 1054 1275 1130 φρονήμασι
1317 1053 1410 1107 καὶ
1457 1054 1620 1114 αὐτὸς
1671 1055 1804 1108 εἷναί
1865 1077 2010 1134 φημι

2143 1078 2348 1117 sumus
2387 1079 2640 1118 acumen
2687 1063 3128 1132 consiliumque
3177 1061 3443 1116 debitum
3484 1062 3789 1130 adhibere,

331 1135 576 1208 πλήθει
611 1135 786 1193 δὲκαὶ
840 1145 959 1200 ταῖς
1005 1138 1272 1218 φάλαγξιν
1321 1141 1420 1196 οὑκ
1463 1141 1522 1196 ἄν
1571 1142 1702 1221 φαίη
1755 1164 1837 1204 τις
1893 1143 2018 1212 ἀξιό·

2142 1151 2645 1221 quemadmodum
2685 1153 2746 1206 in
2777 1151 2906 1206 loco
2947 1150 3179 1204 difficili
3230 1151 3536 1204 constituti
3579 1167 3788 1205 conve-

338 1248 556 1305 μαχον
595 1231 729 1300 (47).
767 1234 857 1282 Δεῖ
899 1229 988 1283 οῦν
1029 1230 1340 1310 Ῥωμαίους
1400 1229 1555 1291 ὄντας
1611 1235 2011 1309 μεμηχανῆσθα

2141 1240 2371 1294 n'ientia
2392 1241 2784 1307 inveniamus,
2812 1239 3100 1310 utiliaque
3123 1239 3318 1310 potius
3342 1256 3518 1310 quam
3544 1240 3793 1293 exitiosa

2140 1328 2396 1383 consilia
2426 1329 2750 1400 capiamus.
2787 1331 2864 1382 Ne
2889 1329 3068 1400 igitur
3093 1327 3542 1383 inconsiderato
3568 1329 3792 1399 impetu

2139 1419 2416 1488 ausisque
2447 1419 2780 1473 temerariis
2803 1419 2860 1471 in
2885 1423 3149 1488 apertam
3174 1433 3417 1471 ruamus
3442 1417 3788 1487 perniciem.

2137 1507 2282 1560 Nam
2317 1508 2601 1562 effrenata
2631 1505 2877 1561 audacia
2908 1499 2970 1560 in
3009 1505 3342 1576 periculum
3400 1505 3553 1560 solet
3601 1505 3788 1577 conji-

2137 1613 2295 1663 cere,
2336 1598 2634 1653 cunctatio
2693 1615 2827 1652 cum
2887 1597 3116 1670 judicio
3175 1597 3496 1668 conjuncta
3553 1613 3784 1652 servare

331 1339 398 1372 τε
433 1320 544 1372 καὶ
589 1314 988 1394 βεϐουλεῦσθαι
1042 1308 1300 1396 Bedv'swq_-
1330 1320 1381 1376 ἐν
1439 1328 1554 1382 τοῖς
1611 1308 1840 1397 ἀπόροις
1898 1321 2035 1392 ἐξευ-

336 1404 576 1479 ρίσκειν
615 1408 681 1463 τὰ
710 1409 1018 1488 πρόσφορα,
1077 1408 1347 1483 αἱρεῖσθαί
1403 1433 1461 1466 τε
1518 1411 1623 1485 πρὸ
1682 1417 1790 1466 τῶν
1845 1409 2032 1466 δεινῶν

331 1496 407 1549 τὰ
444 1497 830 1576 ξυμφέρονται.
881 1500 967 1568 Μὴ
1026 1498 1116 1552 οὗν
1172 1497 1457 1576 ἀλογίστῳ
1516 1505 1655 1579 φορᾷ
1709 1501 1800 1555 καὶ
1853 1523 2031 1576 παρα-

335 1580 564 1648 ϐόλοις
627 1585 987 1661 τολμήμασιν
1045 1587 1119 1648 εἰς
1192 1593 1471 1663 προῦπτον
1554 1588 2030 1664 αὑτομολήσωμεν

336 1673 619 1749 ὄλεθρον.
662 1674 860 1750 Τόλμα
917 1677 1039 1753 γὰρ
1078 1676 1426 1756 ἀχαλίνωτος
1479 1677 1531 1740 ἐς
1579 1677 1817 1734 κίνδυνον
1873 1681 2030 1737 εἷ’ωθε

339 1771 651 1835 συνωθεῖν,
699 1767 734 1834 ἡ
797 1761 853 1820 δὲ
912 1766 1047 1839 μετὰ
1106 1763 1381 1842 λογισμοῦ
1431 1766 1701 1842 μέλλησις
1746 1766 2027 1839 διασώζειν

340 1849 477 1907 οἶδε
507 1854 648 1914 τοὺς
677 1852 1053 1932 κεχρημένους
1083 1854 1246 1928 αὐτῇ.

422 1940 503 2000 δ’.
567 1968 597 1994 ‹‹
661 1949 915 2018 Παραινῶ
965 1950 1275 2020 τοιγαροῦν,
1346 1943 1555 2022 ἄνδρες,
1619 1949 1692 2020 μή
1754 1946 2028 2004 διακινδυ-

337 2032 533 2086 νεύειν
565 2033 705 2106 πρὸς
737 2033 865 2096 τοὺς
905 2029 1216 2108 βαρϐάρους
1256 2032 1343 2089 ἐπὶ
1393 2035 1575 2091 τόπων
1621 2043 1728 2092 τῶν
1772 2034 2028 2092 πεδεινῶν

339 2119 694 2184 ἀκαθέκτοις
727 2122 1064 2196 ὁρμήμασιν,
1095 2121 1225 2178 ἀλλ’
1274 2123 1360 2178 ἐπὶ
1409 2131 1515 2179 τῶν
1571 2124 1814 2201 ἐρυμνῶν
1862 2126 2030 2182 ἐλλο-

341 2216 586 2288 χῶντας
646 2211 878 2266 τουτωνὶ
960 2211 1184 2290 χωρίων
1259 2215 1356 2283 τὴν
1438 2213 1653 2270 ἐκείνων
1746 2217 2028 2290 ὑπομένειν

339 2299 539 2378 ἄφιξιν
571 2301 664 2356 καὶ
720 2297 986 2356 διάϐασινο
1043 2308 1339 2371 τηνικαῦτα
1397 2301 1454 2359 δὲ
1510 2305 1738 2367 τούτοις
1790 2306 2029 2382 ἐρρωμε-

345 2387 614 2465 νέστερον
682 2388 1012 2454 ἐπιτίθεσθαι
1068 2392 1159 2446 καὶ
1217 2392 1467 2465 γενναίως
1525 2394 2024 2461 ἀντικαθίστασθαι.

345 2478 550 2554 Ταύτῃ
589 2479 695 2554 γὰρ
728 2479 886 2552 οἶμαι
921 2480 1035 2548 (σὺν
1083 2485 1198 2552 Θεῷ
1257 2481 1439 2559 φάναι)
1481 2485 1769 2556 κρατήσειν
1816 2506 1872 2539 τε
1920 2491 2026 2540 τῶν

346 2563 603 2644 ἐχθρῶν,
635 2567 726 2621 καὶ
758 2571 856 2637 τήν
906 2565 1056 2623 λείαν
1111 2571 1318 2624 ἅπασαν
1374 2575 1480 2625 τῶν
1533 2570 1832 2650 ὁμοφύλων
1883 2575 2020 2647 πρὸς

348 2657 515 2727 ἡμᾶς
594 2656 988 2713 ἀνασώσασθαι.
1072 2663 1158 2730 Τῷ
1243 2660 1346 2736 γὰρ
1425 2657 1825 2734 ἀπροσδοκήτῳ
1917 2669 2024 2717 τῶν

355 2741 686 2819 ἐπιδρομῶν
743 2743 1074 2802 δουλοῦσθαι
1123 2745 1280 2802 εἷ’ωθε
1325 2748 1390 2803 τὰ
1438 2746 1682 2822 πολέμια
1740 2753 1871 2822 (48),
1931 2751 2022 2805 καὶ

354 2839 489 2894 ταῖς
529 2832 816 2912 αἰφνιδίοις
878 2833 1227 2904 ὑπεξελάσεσι
1282 2837 1348 2892 τὰ
1410 2836 1691 2916 ὑπέραυχα
1747 2838 1838 2893 καὶ
1894 2837 2026 2894 ἀλα-

352 2924 556 2991 ζονικὰ
611 2923 812 3003 πέφυκε
871 2927 1195 3003 φρονήματα
1283 2924 1589 3000 θραύεσθαι.
1650 2930 1760 2996 Τήν
1815 2949 1874 2982 τε
1931 2930 2021 2984 οὖν

347 3010 663 3080 ἡλικιῶτιν
715 3013 910 3087 ἀρετὴν
971 3011 1353 3088 διατηροῦντες
1412 3015 1502 3069 καὶ
1561 3018 1660 3084 τήν
1733 3017 2024 3096 σύντροφον

348 3102 496 3174 πρὸς
535 3103 662 3164 τοὺς
693 3102 906 3178 ἀγῶνας
967 3101 1252 3179 εὐγένειαν,
1307 3109 1424 3167 τοῖς
1469 3101 1726 3166 ἐναντίοις
1773 3105 2024 3161 ὑπαντιά-

351 3195 502 3260 ζετε,
541 3192 633 3247 ’ὸτε
665 3195 898 3266 σημήνω
929 3199 1048 3254 ταῖς
1081 3192 1356 3268 σάλπιγξι.
1391 3216 1418 3244 ››
1479 3195 1562 3268 [Ρ.
1616 3199 1705 3264 13]
1745 3197 2016 3266 Τοιαύτην

354 3282 452 3353 μὲν
509 3284 541 3336 6
598 3285 902 3359 στρατηγὸς
960 3286 1059 3353 τὴν
1110 3284 1420 3358 παραίνεσιν
1487 3283 1812 3362 ἐξηγήσατο·
1873 3287 1900 3340 6
1964 3284 2020 3341 δὲ

350 3372 595 3445 στρατὸς
651 3370 895 3441 ἠλάλαξέ
950 3393 1008 3427 τε
1065 3373 1158 3427 καὶ
1233 3373 1586 3444 ἐπεκράτησε,
1671 3376 1761 3429 καὶ
1815 3375 1888 3436 ὡς
1952 3375 2018 3431 τὰ

348 3461 628 3534 κράτιστα
688 3461 1000 3534 ὑποθεμένῳ
1048 3460 1084 3536 ᾖ
1136 3460 1196 3516 ἄν
1252 3464 1450 3538 ἡγοῖτο
1533 3461 1753 3518 ἓπεσθαι
1812 3466 2018 3538 προθύ-

355 3571 478 3620 μως
514 3553 560 3590 ⁴ο
589 3550 675 3618 ἦν’
712 3547 982 3624 Ἐνέδραις
1016 3547 1106 3603 οῦν
1153 3547 1427 3629 διειλήφει
1469 3553 1568 3621 τὴν
1618 3549 1762 3620 ὁδὸν,
1813 3552 2019 3608 ἀποτό-

357 3660 506 3710 μους
559 3639 654 3700 τὰς
701 3638 1001 3712 ἀκρωρείας
1039 3634 1521 3713 προϐαλλομένην,
1566 3638 1910 3714 κρημνώδεις
1961 3665 2020 3698 τε

352 3728 448 3780 καὶ
513 3724 895 3804 σηραγγώδεις
955 3727 1029 3788 ὡς
1086 3727 1152 3782 τὰ
1203 3725 1410 3795 πολλὰ,
1464 3729 1559 3788 τὰς
1631 3728 1901 3804 ὑπωρείας
1963 3727 2018 3784 δὲ

357 3814 744 3892 βαραθρώδεις
808 3838 868 3871 τε
921 3817 1011 3871 καὶ
1067 3814 1403 3895 ἀμφιλαφεῖς
1479 3818 1731 3892 πρέμνων
1815 3840 1872 3874 τε
1926 3819 2018 3874 καὶ

352 3902 725 3961 παντοδαπῶν
813 3903 978 3965 ἰδέαις
1063 3910 1260 3983 φυτῶν.
1346 3905 1526 3979 Ταύτῃ
1586 3904 1930 3985 προλοχίσας
1989 3909 2016 3962 ὁ

354 3997 675 4073 στρατηγὸς
715 3997 979 4064 καθῆστο,
1038 3997 1136 4064 τὴν
1192 3999 1298 4050 τῶν
1358 3989 1648 4070 βαρϐάρων
1702 3996 2018 4072 προσμένων

353 4083 649 4164 ἐπήλυσιν.
679 4086 739 4140 Ὀ
773 4082 830 4139 δὲ
863 4079 1143 4156 Χαμϐδὰν,
1194 4089 1274 4156 τῷ
1327 4105 1385 4139 τε
1430 4082 1630 4153 πλήθει
1679 4091 1786 4140 τῶν
1829 4085 2019 4166 ἐφεπο-

357 4158 539 4244 μένων
595 4175 684 4228 καὶ
745 4179 863 4233 ταῖς
913 4170 1150 4251 φάλαγξι
1235 4169 1662 4247 σοϐαρευόμενος
1745 4175 1836 4228 καὶ
1869 4158 2018 4252 ’γαυ-

355 4264 646 4337 ροῦμενος,
680 4266 748 4336 τῇ
775 4283 834 4318 τε
864 4267 972 4316 τῶν
1004 4259 1259 4340 λαφύρων
1302 4259 1599 4335 πλησμονῇ
1649 4262 1740 4317 καὶ
1789 4267 1858 4337 τῇ
1908 4271 2016 4320 τῶν

355 4351 742 4431 αἰχμαλώτων
824 4351 1098 4426 ἀπαγωγῇ
1183 4348 1537 4424 ἐπαιρόμενός
1593 4371 1651 4405 τε
1709 4352 1799 4405 καὶ
1867 4355 2016 4428 βρεν-

355 4443 643 4514 θυόμενος,
698 4438 915 4501 πολλὰς
993 4439 1128 4493 κατὰ
1213 4438 1410 4512 θάτερα
1493 4439 1588 4500 τὰς
1673 4437 2012 4509 ἐπεξελάσεις

357 4528 600 4585 ἐποιεῖτο
649 4532 784 4603 (49),
840 4527 921 4606 ἐφ’
961 4525 1138 4583 ’ίππου
1197 4525 1420 4596 θηλείας
1478 4529 1568 4582 καὶ
1629 4531 1858 4605 μέγεθος
1917 4532 2011 4586 καὶ

2058 1889 2107 1955 Β

2135 1691 2330 1756 potest
2359 1686 2495 1742 illos
2526 1688 2627 1758 qui
2661 1703 2728 1742 ea
2756 1691 3025 1742 utuntur.

2207 1955 2260 2007 4.
2295 1977 2324 2004 ‹‹
2359 1955 2550 2020 Quare
2581 1973 2680 2010 vos
2719 1954 2947 2022 hortor,
3001 1954 3460 2022 commilitones,
3514 1971 3590 2010 ne
3641 1953 3789 2010 locis

2138 2045 2569 2114 campestribus
2602 2046 2663 2098 in
2695 2045 3017 2100 discrimen
3051 2062 3148 2099 vos
3181 2045 3461 2099 adversus
3507 2043 3789 2098 barbaros

2137 2131 2552 2204 intemperatis
2585 2134 3027 2189 incursionibus
3054 2134 3339 2201 afferatis,
3373 2150 3575 2187 verum
3609 2139 3693 2199 ut,
3727 2134 3789 2187 in

2136 2221 2480 2291 regionibus
2513 2229 2728 2278 natura
2757 2224 3004 2278 munitis
3037 2223 3155 2278 illis
3181 2223 3552 2289 insidiantes,
3581 2238 3786 2276 eorum

2143 2311 2569 2381 praestolemini
2601 2313 2916 2368 adventum
2949 2329 3010 2367 se
3043 2313 3390 2367 transitum:
3425 2317 3564 2366 tunc
3586 2317 3785 2366 autem

2137 2405 2202 2453 ut
2227 2400 2459 2456 fortiter
2489 2418 2588 2457 eos
2629 2402 2820 2457 adorti
2846 2403 3062 2457 acriter
3089 2419 3215 2458 rem
3242 2401 3479 2470 geratis.
3506 2400 3598 2455 Sic
3626 2401 3786 2455 enim

2136 2488 2348 2559 Opinor
2377 2493 2544 2561 (pace
2579 2491 2850 2545 Numinis
2882 2491 3154 2561 dixerim)
3187 2508 3298 2545 nos
3319 2496 3374 2544 et
3405 2494 3786 2560 superaturos

2136 2576 2360 2641 hostes,
2395 2585 2454 2632 et
2503 2579 2765 2650 praedam
2822 2596 3061 2634 omnem
3119 2579 3514 2651 popularibus
3567 2578 3788 2632 nostris

2136 2671 2398 2736 ereptam
2430 2674 2794 2738 recepturos.
2829 2668 3060 2723 Habent
3087 2669 3247 2722 enim
3281 2668 3392 2722 hoc
3444 2667 3786 2732 adversarii,

2134 2761 2199 2808 ut
2215 2755 2549 2826 improvisis
2568 2756 2972 2826 percellantur
2988 2755 3347 2823 incursibus,
3363 2761 3546 2826 utque
3560 2771 3788 2828 aggres-

2134 2843 2401 2897 sionibus
2433 2845 2764 2915 repentinis
2795 2845 2933 2898 elati
2962 2849 3139 2914 atque
3194 2845 3551 2914 impotentes
3599 2843 3785 2899 animi

2134 2950 2338 2988 eorum
2362 2933 2729 3006 frangantur.
2768 2936 2852 2989 Ita
2875 2934 3202 3005 juvenilem
3233 2935 3513 2988 virtutem
3545 2950 3781 2988 servan-

2133 3025 2624 3088 tes,etassuetam
2654 3021 2714 3076 in
2738 3021 2961 3093 praaliis
2991 3021 3471 3094 generositatem,
3505 3021 3781 3076 adversa-

2132 3110 2238 3164 riis
2269 3112 2586 3177 occurrite,
2621 3111 2722 3166 ubi
2755 3111 2913 3165 tubis
2946 3111 3178 3182 signum
3211 3111 3446 3166 dedero.
3479 3133 3502 3162 α
3529 3110 3647 3166 Ilac
3676 3111 3782 3165 ha-

2131 3198 2253 3253 bita
2284 3201 2552 3254 oratione
2585 3216 2619 3255 a
2648 3200 2820 3267 duce,
2852 3201 3165 3266 exercitus,
3203 3201 3302 3256 22
3331 3199 3590 3255 clamore
3617 3199 3786 3271 plau-

2130 3305 2315 3359 suque
2349 3289 2579 3344 sublato
2614 3296 2853 3361 paratus
2887 3295 3014 3345 erat
3053 3307 3210 3359 eum,
3255 3295 3320 3344 ut
3369 3290 3594 3361 optima
3647 3305 3782 3344 sua-

2128 3377 2389 3445 dentem,
2426 3380 2596 3450 sequi
2630 3395 3006 3450 quacumque
3038 3379 3300 3434 duceret.
3334 3379 3588 3434 Proinde
3635 3378 3782 3432 insi-

2128 3466 2242 3521 diis
2265 3468 2378 3521 iter
2400 3468 2767 3538 cingit,quod
2784 3485 2920 3523 cum
2935 3468 3250 3523 cacumina
3265 3467 3692 3539 praerupta,ard
3702 3484 3778 3522 ua

2129 3560 2186 3608 et
2215 3572 2534 3611 cavernosa
2565 3573 2708 3611 sane
2738 3557 3152 3628 protendebat,
3216 3563 3339 3611 tum
3381 3557 3558 3611 dorsa
3606 3572 3775 3610 mon-

2129 3644 2274 3697 tium
2307 3645 2674 3716 voraginosa,
2709 3645 2870 3699 silvis
2895 3651 2952 3699 et
2981 3646 3270 3716 cujusque
3291 3645 3454 3698 modi
3487 3644 3768 3714 stirpibus

2127 3739 2389 3802 opacata.
2415 3733 2499 3786 Ibi
2525 3733 2756 3788 insidiis
2779 3739 2917 3788 ante
2938 3733 3144 3804 positis
3162 3739 3379 3804 prator
3399 3732 3768 3799 consederat,

2126 3821 2512 3876 barbarorum
2572 3828 2918 3893 exspectans
2985 3822 3320 3876 adventum.
3402 3820 3767 3888 Chambdan,

2128 3909 2618 3982 subsequentium
2652 3911 3034 3966 multitudine
3065 3912 3430 3982 catervisque
3475 3912 3661 3966 fretus
3716 3917 3774 3966 et

2129 3999 2415 4067 insolens,
2447 4016 2640 4070 neque
2672 4000 2870 4054 minus
2902 3999 3091 4054 elatus
3121 4005 3297 4070 atque
3356 3999 3645 4072 superbus
3698 3999 3772 4055 ob

2130 4088 2343 4159 prmdaa
2371 4090 2602 4160 copiam
2616 4106 2794 4160 quam
2814 4089 2886 4144 ob
2909 4089 3371 4145 abstractionem
3385 4090 3770 4161 captivorum,

2126 4176 2473 4248 frequenter
2501 4185 2754 4249 utroque
2785 4179 3194 4249 procurrebat,
3227 4185 3426 4234 vectus
3461 4195 3631 4250 equa,
3648 4184 3776 4234 tum

2125 4267 2552 4339 magnitudine,
2582 4272 2708 4322 tum
2728 4268 3077 4338 pernicntate
3102 4267 3590 4340 singulari,modo
3609 4268 3772 4324 clau-

2125 4357 2272 4411 dens
2304 4356 2478 4412 modo
2502 4356 2860 4411 antecedens
2888 4373 3122 4428 agmen,
3146 4357 3416 4412 lanceam
3440 4357 3772 4424 vibrans,ac

2124 4462 2284 4500 nunc
2314 4446 2669 4517 permittens
2701 4447 2882 4510 auris,
2916 4463 3079 4502 nunc
3111 4463 3315 4501 rursus
3345 4447 3661 4517 crispatam
3692 4447 3766 4501 ad

2123 4551 2186 4589 se
2215 4535 2532 4606 recipiens.
2567 4535 2673 4591 Ubi
2707 4552 2842 4590 vero
2903 4551 3146 4590 emensa
3197 4534 3505 4605 equitabili
3551 4535 3646 4589 via
3690 4534 3765 4590 ad

1569 4677 1626 4728 C.
1673 4675 1737 4732 Β.
1779 4675 1967 4731 HASII
2004 4678 2556 4734 ANNOTATIONES.

431 4790 480 4825 4°
509 4789 829 4864 προθύμως.
860 4790 955 4847 Sic
987 4789 1114 4846 cod.

433 4919 542 4989 (47)
602 4917 850 4974 Reddidi
915 4917 1285 4986 ﬁrmissimum
1351 4931 1364 4969 :

354 5004 575 5058 parem.

433 5060 542 5131 (48)
576 5061 686 5114 Leo
718 5060 1055 5131 frequentat
1092 5064 1433 5131 utrumque,
1459 5055 1730 5128 πολέμιος
1759 5065 1819 5114 et
1838 5057 2011 5114 πολε-

366 5126 544 5204 μικός.
579 5131 805 5204 Ἀγαθὸν
828 5126 900 5183 τὰ
933 5126 1173 5204 πολέμια
1201 5133 1287 5204 2Q.
1315 5126 1390 5184 Ὁ.
1448 5132 1534 5204 23.
1597 5126 1656 5184 Β.
1699 5134 1805 5204 _(ex
1843 5135 2006 5204 Aga-

366 5202 486 5258 thia
520 5199 701 5273 17.33..
734 5206 820 5256 24.
954 5205 1040 5258 30.
1205 5199 1500 5273 αὐτουργόν
1549 5220 1607 5254 τε
1657 5200 1723 5253 τὰ
1766 5199 2008 5273 πολέμια

366 5273 448 5346 12.
511 5282 574 5328 Α.
619 5269 1172 5346 δραστικώτατοςλτὰ
1213 5268 1466 5346 πολέμια
1672 5273 1753 5346 D.
1797 5268 2007 5342 ἐξήσκει

361 5343 425 5396 τὰ
455 5365 512 5398 π.
562 5338 661 5399 22]
699 5344 976 5404 νεανικοὺς
1037 5342 1101 5396 τὰ
1123 5338 1379 5416 ,πολέμια
1579 5338 2007 5416 B_._Diorjy§ius

363 5432 594 5486 quoque
629 5415 1167 5472 Halicarnassensis
1212 5411 1364 5468 dixit
1416 5412 1483 5486 τὰ
1536 5411 1781 5486 πολέμια
1813 5411 2002 5478 δεινός.

362 5481 438 5558 De
492 5481 662 5558 Lysia
692 5491 743 5542 ὅ.
785 5491 906 5542 481.
967 5495 1034 5542 Α.
1083 5487 1299 5540 Contra
1339 5481 1617 5558 πολεμικά
1666 5481 1777 5540 Leo
1827 5489 1880 5542 3.
1938 5489 2003 5544 D.

361 5556 489 5612 his:
526 5553 611 5615 14.
645 5561 704 5614 C.
739 5561 823 5613 31.
860 5561 920 5614 Β.
965 5561 1051 5612 39.
1087 5558 1153 5611 Α.
1214 5557 1393 5630 Ἶ5.γ(].
1432 5553 2005 5630 Πολέμιαίᾼεειώίαε,

362 5645 537 5698 quem
559 5635 763 5686 noster
800 5631 1085 5691 imitatur,
1120 5644 1273 5698 saepe
1303 5629 1389 5695 (ut
1416 5644 1576 5684 nunc
1607 5629 1848 5698 quidem
1869 5637 2008 5687 sunt

364 5697 494 5775 edd)
525 5701 784 5773 adhibet,
824 5705 908 5758 19.
947 5703 1004 5757 Β.
1045 5703 1132 5753 31.
1181 5697 1248 5754 Α.
1302 5701 1390 5755 56.
1443 5697 1503 5753 Β.
1550 5697 1642 5754 6οζ
1687 5701 1749 5756 Β.
1805 5705 1890 5757 75,
1943 5703 2002 5758 c.

1448 4915 1700 4972 fortasse
1785 4919 2007 4974 rectius

2132 4923 2209 4974 32.
2243 4923 2306 4974 A.
2343 4923 2463 4976 105.
2490 4921 2550 4975 Β.
2588 4925 2708 4976 117.
2741 4922 2803 4978 Β.
2839 4922 2962 4977 159.
2993 4921 3054 4978 C.
3109 4924 3227 4976 101.
3273 4921 3336 4976 Β.
3389 4922 3509 4978 162.
3546 4926 3612 4980 A.
3664 4945 3763 4978 πο-

2125 4989 2326 5062 λεμικὶ
2365 4993 2576 5058 rarius,
2640 4995 2761 5047 130.
2824 4995 2882 5049 Β.
2939 4995 3060 5047 160.
3124 4996 3190 5048 Α.
3249 4995 3539 5049 Caaterum
3603 4996 3767 5052 locus

2122 5065 2456 5118 communis
2477 5063 2632 5134 apud
2654 5065 2905 5119 Leonem
2932 5064 3301 5120 commodius
3335 5066 3419 5120 sic
3442 5066 3724 5122 reddatur
3751 5084 3764 5123 :

2117 5136 2271 5206 Saepe
2300 5137 2445 5190 enim
2476 5152 2557 5190 res
2588 5135 2826 5191 hostium
2854 5139 3018 5206 impr.
3079 5138 3189 5190 inc.
3241 5137 3662 5206 percellantur,
3681 5157 3768 5195 re-

2114 5205 2466 5281 pentinisque
2523 5205 2963 5281 aggression-ibus
3013 5205 3344 5276 franguntur
3413 5210 3544 5263 elati
3602 5205 3769 5281 atque

2117 5278 2442 5346 impotentes
2470 5280 2664 5333 animi.
2705 5281 2767 5334 ln
2800 5280 3070 5334 versione
3104 5295 3273 5333 secus
3306 5285 3414 5334 est.

2186 5351 2292 5417 (49)
2353 5350 2534 5404 Voces
2591 5347 2898 5418 ἐπεξέλασις
2959 5356 3019 5406 et
3076 5348 3390 5418 ὑπεξέλασις
3450 5369 3567 5407 non
3628 5358 3767 5408 sunt

2117 5418 2179 5472 in
2211 5420 2434 5476 Lexicis
2466 5438 2478 5474 :
2515 5421 2625 5477 hac
2653 5423 2838 5476 utitur
2868 5423 2979 5477 Leo
3014 5425 3098 5476 12.
3147 5422 3210 5476 D.
3261 5423 3366 5477 illa
3415 5423 3509 5477 hic
3563 5429 3620 5477 et
3671 5426 3758 5479 32.

2216 5492 2303 5566 4:3.
2330 5492 2398 5566 Β.
2435 5494 2493 5566 C_.
2529 5494 2712 5566 77._C.
2752 5495 2840 5566 82.
2897 5495 2956 5548 Β.
3009 5489 3392 5566 Παργεξελαὺνω
3586 5496 3646 5548 Β.
3705 5500 3762 5550 et

2116 5562 2296 5685 34.3%.
2329 5561 2439 5685 Έάς
2473 5561 2752 5625 ἐπελάσεις
2785 5563 3067 5618 ἐποιοῦντο
3093 5561 3296 5620 ᾞέιὺει
3337 5565 3612 5637 Agathias
3667 5569 3754 5621 25.
