4184 6326
383 371 498 431 691

1824 363 2105 426 LEONIS
2150 366 2473 428 DlACONl

3677 365 3799 427 692

383 503 583 556 fauces
616 502 1215 571 appropinquaverat,
1263 500 1647 572 angustisque
1702 502 1761 552 et
1810 497 2067 569 asperis,

2174 497 2353 571 ἷρόμον
2410 497 2714 577 ὑπερφυοῦς
2768 495 3165 576 ἐποχούμενος,
3222 497 3316 552 καὶ
3371 501 3474 567 τῆς
3536 502 3796 570 στρατιᾶς

388 591 538 646 locis
571 589 832 645 Conclusi
861 590 1097 646 barbari
1121 591 1246 646 acie
1270 589 1464 646 soluta
1494 594 1558 644 ut
1588 588 1839 659 quisque
1870 590 2039 658 pote-

386 684 481 734 rat
509 694 618 749 per
672 677 1009 750 crepidines
1064 678 1428 744 nitebantur,
1487 683 1610 733 tum
1672 675 1811 743 dux,
1870 674 2036 747 signo

390 770 549 825 tubis
574 769 732 835 dato,
767 769 1036 825 excitatis
1068 768 1224 825 circa
1255 784 1382 824 sese
1410 767 1665 837 insidiis,
1714 765 1943 821 obviam
1974 781 2035 821 se

389 858 658 915 barbaris
690 858 924 913 obtulit.

2146 592 2224 655 πῆ
2286 586 2379 659 μὲν
2444 586 2714 664 οὐραγῶν,
2772 594 2847 656 πῆ
2912 584 2968 642 δὲ
3017 583 3330 662 προοδεύων
3396 588 3532 659 (50),
3592 585 3687 640 καὶ
3735 585 3798 640 τὸ

2147 671 2278 750 δόρυ
2310 676 2486 745 σείων,
2518 677 2607 731 καὶ
2641 680 2760 738 ταῖς
2791 671 2981 751 αὔραις
3025 675 3250 750 μεθιεὶς,
3311 676 3410 731 εἶτ’
3450 674 3601 735 αὖθις
3667 676 3800 748 μεθ-

2145 761 2320 820 ἑλκῶν
2387 766 2525 840 πρὸς
2581 766 2770 821 ἑαυτὸν
2824 763 3266 841 κραδαινόμενον⁸

2145 852 2462 924 ἱππήλατον
2492 851 2615 909 ὁδὸν
2646 852 2876 911 διελθὼν
2905 859 3024 916 ταῖς
3064 852 3402 934 δυσχωρίαις
3431 848 3797 929 προσέϐαλλε,

3351 765 3503 822 Ἐπεὶ
3582 760 3639 819 δὲ
3701 765 3799 834 τήν

387 947 480 1002 καὶ
535 951 653 1007 τοῖς
708 944 1064 1009 στενωτάτοις
1111 947 1202 1002 καὶ
1259 943 1577 1020 ἀνωμάλοις
1619 942 2031 1014 συνειληθέντες
2086 948 2196 999 τῶν
2250 943 2434 999 τόπων
2481 945 2533 998 οἱ
2598 940 2867 1020 βάρϐαροι
2947 947 3048 1014 τήν
3121 942 3378 1024 φάλαγγα
3459 941 3801 1010 διελύσαντο,

388 1037 479 1093 καὶ
508 1034 585 1099 ὥς
614 1058 689 1106 πη
724 1034 841 1091 ἐνὸν
871 1036 938 1105 ἦν
984 1035 1217 1107 ἑκάστῳ,
1273 1035 1410 1090 κατὰ
1465 1031 1767 1109 κρημνώδη
1820 1030 2057 1107 διῂεσαν,
2111 1035 2403 1104 τηνικαῦτα
2450 1038 2571 1095 ταῖς
2628 1031 2884 1110 σάλπιγξι
2938 1035 3002 1089 τὸ
3060 1031 3305 1089 ἐνυάλιον
3365 1034 3720 1107 ὑποσημήνας
3772 1033 3800 1087 6

390 1124 695 1199 στρατηγὸς
722 1123 811 1178 καὶ
839 1128 948 1177 τῶν
979 1120 1171 1200 λόχων
1199 1119 1557 1193 διαναστήσας
1584 1122 1713 1184 τοὺς
1733 1120 1869 1200 ἀμφ’
1895 1120 2082 1192 αὐτὸν,
2118 1119 2409 1190 ὑπηντίαζε
2442 1126 2558 1183 τοῖς
2590 1116 2909 1197 βαρϐάροις.

467 1258 518 1309 5.
555 1256 643 1308 Ita
671 1251 891 1321 cuncti,
921 1251 1149 1326 gladios
1209 1251 1521 1307 destrictos
1576 1252 1638 1305 in
1686 1268 1901 1306 manus
1950 1266 2043 1305 su-

395 1349 648 1410 mentes,
681 1344 882 1398 hostes
913 1341 1128 1396 itinere
1158 1340 1506 1413 defatigatos
1546 1346 1786 1396 strenue
1817 1337 2041 1395 cecide-

395 1440 559 1499 runt,
590 1449 726 1487 cum
757 1431 871 1503 ipsi
903 1431 1116 1504 integri
1148 1430 1223 1486 ad
1254 1430 1391 1485 illos
1422 1430 2041 1501 accessissent.Neque

397 1522 654 1579 multum
681 1520 867 1575 abfuit
892 1521 1036 1591 quin
1059 1519 1184 1591 ipse
1215 1518 1558 1575 Chambdan
1585 1535 1619 1574 a
1647 1519 1930 1573 Romanis
1954 1535 2042 1573 ca-

396 1616 638 1684 peretur
666 1626 678 1664 :
712 1609 922 1676 nisi,ut
954 1609 1053 1665 28
1083 1616 1204 1664 erat
1232 1608 1380 1663 alias
1408 1615 1616 1663 acutus
1648 1612 1706 1663 et
1734 1612 2043 1679 promptus

399 1701 473 1755 ad
504 1703 667 1754 recta
703 1697 954 1752 consilia
993 1697 1056 1751 in
1088 1696 1542 1751 difﬁcultatibus
1574 1694 2046 1759 invenienda,ar—

400 1797 643 1861 geutum
675 1792 735 1841 et
764 1802 997 1855 aurum,
1033 1784 1189 1856 quod
1220 1801 1420 1839 secum
1451 1790 1804 1856 portaverat,
1826 1790 2046 1839 temere

2223 1248 2280 1303 ε’.
2315 1248 2419 1305 Καὶ
2461 1248 2655 1311 πάντες
2706 1247 2793 1305 ἐπὶ
2848 1254 2956 1304 τῶν
3006 1249 3173 1329 ξιφῶν
3234 1249 3388 1328 εἶχον
3445 1248 3541 1309 τὰς
3600 1243 3802 1317 δεξιὰς,

2150 1338 2237 1391 καὶ
2296 1342 2465 1393 ταῦτα
2522 1339 2855 1413 σπασάμενοι
2911 1339 2953 1376 ⁴¹
3016 1335 3383 1418 ἐπιστρφάδην
3453 1331 3682 1393 ἔκτεινον
3740 1336 3803 1391 τὸ

2151 1425 2445 1483 ἀντίπαλον
2476 1428 2755 1501 κεκμηκὸς
2798 1432 2868 1502 τῇ
2925 1416 3237 1505 ὁδοιπορίᾳ,
3284 1427 3531 1502 ἀκμῆτες
3558 1427 3613 1463 η
3650 1416 3804 1481 αὐτοῖ

2153 1516 2334 1590 τούτῳ
2372 1514 2716 1586 πελάζοντες.
2778 1518 2873 1572 Καὶ
2942 1516 3038 1573 κᾶν
3093 1517 3184 1573 καὶ
3240 1517 3402 1579 αὐτὸς
3460 1517 3488 1571 6
3544 1510 3807 1589 Χαμϐδὰν

2154 1602 2280 1675 ἥλω
2342 1610 2541 1680 μικροῦ
2593 1606 2730 1680 πρὸς
2786 1611 2892 1661 τῶν
2958 1606 3246 1682 Ῥωμαίων
3324 1603 3699 1681 δορυάλωτος·
3761 1604 3807 1659 εἰ

2160 1695 2260 1767 μὴ,
2293 1691 2587 1764 τηνάλλως
2630 1693 2893 1773 ἀγχίνους
2933 1692 3006 1750 ὥν
3062 1696 3159 1751 κὰν
3216 1700 3333 1757 τοῖς
3393 1694 3622 1769 ἀπόροις
3684 1693 3806 1763 ὀξὺς

2158 1780 2406 1852 ἐννοῆσαι
2433 1782 2500 1837 τὰ
2542 1779 2750 1859 δέοντα,
2809 1784 2902 1839 τὸν
2960 1783 3017 1839 δν
3075 1782 3361 1864 ἐπεφέρετο
3421 1782 3658 1860 ἄργυρον
3714 1780 3807 1838 καὶ

401 1896 509 1951 per
538 1878 691 1932 viam
723 1876 915 1948 spargi
941 1876 1223 1948 jussisset
1251 1892 1263 1929 :
1298 1892 1417 1947 qua
1444 1892 1508 1930 re
1549 1878 1952 1931 Romanorum
1981 1874 2044 1928 in

2174 1873 2356 1951 (ρυσὸν
2387 1870 2564 1952 χύδην
2594 1870 2683 1929 ἐπὶ
2738 1881 2838 1944 τῆς
2886 1875 3189 1949 ἀτραπιτοῦ
3247 1872 3573 1949 διασπείρειν
3630 1893 3810 1948 προσ-

407 1966 740 2039 colligendo
762 1980 905 2020 auro
928 1970 1349 2036 occupatorum
1366 1964 1646 2020 distracto
1661 1965 2050 2037 impetu,cum

407 2056 612 2130 paucis
643 2053 1079 2127 protectoribus
1108 2055 1440 2125 periculum
1475 2055 1697 2127 effugit.
1736 2055 1919 2109 Tanta
1949 2067 2054 2107 au-

411 2152 531 2202 tem
564 2145 782 2200 dicitur
811 2145 921 2200 hoc
951 2143 1156 2215 praelio
1185 2142 1453 2199 barbara:
1483 2142 1886 2198 multitudinis
1902 2141 2057 2197 facta

412 2251 543 2290 esse
565 2234 786 2304 clades,
814 2238 879 2287 ut
909 2249 1015 2304 per
1034 2248 1205 2305 agros
1226 2232 1363 2287 illos
1385 2233 1573 2288 acervi
1599 2233 1822 2289 ossium
1842 2232 2056 2286 huma-

413 2344 630 2382 norum
661 2326 734 2381 ad
764 2326 923 2380 hunc
952 2341 1141 2396 usque
1182 2325 1341 2380 diem
1399 2325 1862 2397 conspiciantur.
1910 2325 2056 2392 Dux,

416 2415 762 2489 hujusmodi
783 2414 1042 2470 victoriis
1060 2432 1126 2470 ac
1149 2415 1584 2488 stratagematis
1606 2414 1828 2487 ingenti
1849 2413 2057 2469 barba-

413 2522 618 2562 rorum
649 2504 1034 2560 multitudine
1068 2503 1365 2559 debellata
1395 2521 1463 2559 ac
1489 2504 1704 2571 deleta,
1744 2509 2060 2576 postquam

410 2600 787 2667 arrogantem
810 2593 1201 2666 jactationem
1251 2592 1620 2650 Chambdani
1657 2592 1719 2647 in
1744 2591 2063 2664 ignobilem

413 2691 593 2756 atque
625 2684 895 2756 ignavam
928 2683 1309 2738 timiditatem
1341 2682 1657 2755 fugamque
1680 2682 2067 2737 convertisset

416 2774 946 2846 compulissetque,
982 2773 1106 2828 suis
1138 2789 1322 2827 unum
1354 2773 1415 2827 in
1446 2772 1645 2827 locum
1676 2771 2064 2844 congregatis,

416 2868 716 2931 convecta,
735 2868 862 2918 tum
876 2862 1208 2930 barbarica,
1226 2867 1350 2916 tum
1367 2861 1545 2916 etiam
1559 2863 1825 2917 Romana
1845 2859 2066 2932 praeda,

417 2969 596 3026 quam
622 2953 685 3007 in
716 2952 1100 3024 populatione
1135 2951 1374 3007 barbari
1394 2951 1776 3023 collegerant,
1800 2951 1929 3022 ejus
1943 2966 2067 3005 ma-

411 3044 607 3115 jorem
638 3046 867 3113 partem
901 3039 1185 3095 exercitui
1218 3039 1523 3094 distribuit
1546 3056 1558 3093 :
1584 3040 1844 3110 captivos
1860 3039 2068 3093 viatico

425 3133 674 3187 donatos
704 3129 777 3185 ad
810 3146 980 3185 suam
1011 3145 1310 3199 quemque
1341 3128 1585 3183 domum
1616 3129 1828 3182 reverti
1853 3127 2067 3199 jussit:

2156 1960 2351 2031 ἐταξενο
2436 1963 2483 2035 ᾧ
2564 1961 2655 2017 καὶ
2732 1964 3067 2038 περισπάσας
3149 1966 3249 2035 τήν
3329 1969 3436 2019 τῶν
3518 1961 3805 2038 Ῥωμαίων

2157 2052 2357 2126 ὁρμὴν,
2398 2035 2820 2131 ἀσχοληθέντων
2850 2057 2919 2128 τῇ
2955 2058 3053 2109 τοῦ
3103 2057 3312 2134 χρυσοῦ
3361 2035 3639 2130 συλλογῇ,
3688 2035 3811 2125 μετ⁹

2158 2138 2365 2218 ὀλίγων
2408 2142 2756 2198 ὑπασπιστῶν
2816 2143 2979 2220 μόγις
3035 2144 3127 2200 τὸν
3178 2146 3424 2199 τοιοῦτον
3483 2138 3807 2220 διαπέφευγε

2157 2229 2421 2292 κίνδυνον.
2457 2234 2682 2311 Λέγεται
2738 2231 2794 2289 δὲ
2846 2240 3104 2291 τοσοῦτον
3157 2235 3594 2313 αὐτουργηθῆναι
3651 2234 3811 2313 φόνον

2160 2328 2257 2377 τοῦ
2292 2319 2626 2399 βαρϐαρικοῦ
2679 2321 2929 2394 πλήθους
2983 2326 3120 2399 πρὸς
3174 2331 3281 2380 τῶν
3339 2323 3626 2400 Ῥωμαίων
3675 2322 3817 2378 κατὰ

2162 2413 2376 2468 τουτονὶ
2406 2413 2496 2468 τὸν
2526 2411 2796 2488 πόλεμον,
2828 2414 2901 2476 ὼς
2933 2412 3232 2494 πολλαχοῦ
3261 2412 3369 2483 τῶν
3424 2412 3626 2493 χῶρων
3675 2410 3817 2467 ἐκεί-

2163 2525 2267 2557 νων
2299 2504 2525 2576 σωρείας
2583 2503 2927 2577 ἀνθρωπείων
2984 2503 3158 2559 ὀστῶν
3218 2504 3440 2579 όρῦσθαι
3501 2504 3669 2583 μέχρι
3725 2501 3819 2558 καὶ

2165 2597 2272 2648 νῦν.
2301 2594 2449 2648 Ἐπεὶ
2485 2590 2541 2648 δὲ
2572 2593 2845 2656 τοιούτοις
2871 2595 3191 2669 τρροπαίοις
3250 2595 3341 2650 καὶ
3400 2595 3820 2670 στρατηγήμασι

2167 2683 2266 2752 τήν
2322 2680 2752 2757 πολυάνθρωπον
2805 2680 3019 2752 πληθὺν
3073 2689 3181 2738 τῶν
3234 2678 3524 2759 βαρϐάρων
3573 2684 3602 2738 6
3634 2703 3824 2757 στρατ-

2169 2771 2306 2847 ηγὸς
2339 2769 2651 2847 ἠγωνίσατο
2682 2771 2728 2806 ⁴³
2756 2771 2845 2825 καὶ
2905 2767 3191 2850 διέφθειρε,
3248 2772 3337 2827 καὶ
3397 2772 3459 2828 τὸ
3518 2772 3823 2850 ὑψαύχενον

2170 2865 2268 2916 τοῦ
2327 2854 2594 2933 Χαμϐδὰν
2645 2860 2736 2915 καὶ
2765 2858 3140 2939 τετυφωμένον
3171 2861 3247 2922 εἰς
3292 2860 3482 2939 ἀγεννῆ
3534 2860 3626 2916 καὶ
3674 2859 3825 2915 ἄναν-

2172 2946 2297 3025 δρον
2328 2945 2536 3004 δειλίαν
2564 2949 2655 3004 καὶ
2677 2946 2968 3028 φυγαδείαν
2996 2949 3296 3005 κατέσπασε
3350 2949 3441 3005 καὶ
3491 2947 3820 3020 συνέκλεισε,

2172 3038 2297 3100 τοὺς
2324 3036 2458 3116 ἀμφ’
2480 3036 2638 3093 αὐτὸν
2681 3038 3045 3117 συναγηοχὼς
3094 3037 3183 3094 καὶ
3241 3040 3339 3109 τὴν
3395 3037 3544 3094 λείαν
3601 3037 3823 3094 ἐπισυν-

2174 3127 2321 3197 άξας,
2354 3127 2455 3196 ’ὀση
2486 3147 2545 3181 τε
2569 3126 2636 3195 ἧν
2670 3121 3004 3202 βαρϐαρικὴ,
3065 3129 3149 3201 [Ρ.
3181 3129 3270 3196 44]
3317 3128 3409 3183 καὶ
3443 3128 3631 3201 ⁵ὁπόση
3680 3128 3826 3184 Ῥω-

424 3221 636 3276 deinde
679 3217 1010 3279 Saracenis,
1037 3234 1187 3288 quos
1214 3218 1327 3272 hoc
1357 3216 1517 3271 bello
1540 3216 1803 3288 captivos
1829 3216 2067 3284 fecerat,

2187 3217 2354 3305 μαϊκή
2388 3213 2585 3305 ἐκτῆς⁸
2607 3221 2894 3291 προνομῆς
2929 3221 3045 3277 τοῖς
3098 3211 3397 3291 βαρϐάροις
3447 3218 3828 3292 συνήθροιστο,

423 3309 486 3363 in
517 3306 750 3361 vincula
782 3305 1088 3377 conjectis,
1122 3305 1491 3359 conclamata
1520 3304 1785 3369 victoria,
1811 3305 2068 3375 gratula-

424 3398 586 3452 tione
618 3396 707 3451 rei
734 3394 889 3450 bene
915 3400 1092 3466 gestaa
1120 3394 1510 3449 Providentia
1533 3393 1707 3461 facta,
1731 3394 1803 3449 ad
1826 3394 2076 3465 impera-

426 3486 570 3541 toris
599 3501 823 3541 numen
858 3484 941 3538 ire
973 3482 1302 3552 contendit,
1326 3483 1838 3554 Constantinopoli
1863 3482 2072 3538 trium-

423 3576 736 3648 phaturus.
772 3577 849 3629 At
876 3572 1098 3628 milites
1130 3572 1341 3627 ducem
1372 3572 1588 3644 plausu
1619 3571 2072 3641 ell‘erebant,ad-

425 3665 713 3720 mirantes
743 3661 903 3718 haud
933 3661 1256 3731 immerito,
1309 3666 1367 3716 et
1416 3661 1607 3717 virum
1658 3661 2072 3733 praedicantes,

427 3753 667 3826 qualem
698 3753 1004 3808 neminem
1036 3750 1222 3807 alium
1256 3751 1492 3807 tulisset
1535 3768 1604 3807 ea
1646 3758 1825 3807 mtas:
1880 3768 2076 3823 neque

430 3845 633 3901 minus
668 3861 702 3899 a
730 3843 1013 3899 felicitate
1039 3859 1172 3898 eum
1196 3841 1597 3909 celebrabant,
1630 3859 1761 3896 cum
1789 3841 2076 3910 viderent,

433 3951 501 3990 ex
533 3935 832 3989 sententia
852 3934 914 3988 in
940 3933 1115 3988 bellis
1143 3933 1232 3987 illi
1253 3932 1359 3987 uni
1380 3933 1581 3988 omnia
1602 3931 2078 4005 procedere.lpse

432 4029 499 4077 ut
527 4024 630 4079 24
668 4022 1242 4093 Constantinopolim
1273 4023 1451 4093 venit,
1484 4039 1618 4078 cum
1650 4022 1849 4095 praada
1869 4039 2081 4093 quam-

432 4111 693 4181 plurima
725 4117 783 4166 et
812 4111 1056 4183 captivis
1090 4111 1397 4166 Saracenis
1422 4111 1735 4182 permultis
1757 4112 2080 4184 ingressus,

435 4218 469 4259 a
530 4202 791 4255 Romano
850 4200 1206 4271 imperatore
1260 4200 1572 4272 magniﬁce
1642 4206 1916 4272 receptus
1973 4204 2084 4268 est,

2182 3304 2383 3374 ταύτης
2410 3304 2472 3359 τὸ
2529 3301 2789 3359 πλεῖσσον
2845 3308 2914 3379 τῇ
2981 3310 3206 3380 στρατιᾷ
3252 3303 3504 3381 διένειμε·
3560 3309 3652 3362 καί
3702 3307 3833 3371 τοὺς

2181 3391 2580 3473 αἰχμαλώτους
2605 3390 2899 3473 ἐφοδιάσας
2931 3393 3019 3448 ἐπὶ
3047 3395 3114 3449 τὰ
3146 3400 3291 3473 σφῶν
3342 3396 3449 3467 ἤθη
3500 3394 3834 3474 ἀποτρέχειν

2179 3482 2461 3556 ἐξέπεμπε·
2521 3482 2650 3546 τοὺς
2705 3479 2764 3537 δὲ
2821 3486 2900 3556 τῷ
2969 3481 3202 3559 πολέμῳ
3258 3481 3556 3564 ληφθέντας
3641 3482 3840 3546 πέδαις

2181 3572 2616 3651 ἀσφαΛισάμενος
2668 3578 2776 3628 τῶν
2822 3573 3154 3650 Ἀγαρηνῶν,
3206 3573 3518 3644 έπαιώνιζεν
3574 3572 3837 3644 ἐπινίκια,

2180 3663 2354 3735 καῖτῇ
2407 3661 2643 3735 Προνοίᾳ
2697 3661 2793 3722 τὰς
2835 3661 3292 3741 εὐχαριστηρίους
3341 3660 3620 3717 ἐσπένδετο
3668 3683 3843 3736 προσ-

2182 3750 2373 3829 ευχὰς,
2405 3749 2495 3805 καὶ
2544 3750 2679 3825 πρὸς
2732 3753 2832 3821 τήν
2882 3750 3256 3826 αὐτοκράτορα
3312 3750 3619 3807 δυναστείαν
3668 3751 3836 3824 ﬁmi-

2185 3835 2742 3917 γετο,θριαμϐεὐσων
2772 3840 2847 3902 είς
2889 3841 2952 3895 τὸ
3009 3841 3319 3911 Βυζάντιον.
3379 3842 3440 3898 Ὁ
3498 3838 3554 3896 δὲ
3605 3839 3839 3915 στρατὸς

2186 3927 2237 3984 ἐν
2267 3929 2487 4004 κρότοις
2529 3929 2649 4008 εἶχε
2700 3929 2791 3984 τὸν
2837 3930 3164 4007 στρατηγὸν,
3201 3930 3463 4007 ἀγάμενοι
3509 3934 3719 3999 τοῦτον,
3755 3929 3837 3991 ὡς

2185 4019 2248 4074 τὸ
2279 4018 2442 4087 εἰκὸς,
2473 4017 2564 4072 καὶ
2621 4014 2785 4093 ἄνδρα
2842 4017 3283 4097 ἐπιφημίζοντες,
3343 4020 3462 4074 οἷον
3522 4020 3599 4092 μή
3656 4017 3837 4097 φέρειν

2189 4107 2362 4163 ἄλλον
2417 4110 2516 4178 τήν
2569 4108 2693 4164 τότε
2750 4109 2950 4186 γενεὰν,
3008 4108 3101 4164 καὶ
3153 4117 3251 4179 τῆς
3331 4109 3589 4189 εὐτυχίας
3671 4108 3838 4163 αὐτὸν

2190 4195 2498 4268 ἐξεθείαξον,
2576 4198 2713 4253 κατὰ
2772 4198 2899 4273 ῥοῦν
2948 4197 3095 4272 αὐτῷ
3152 4204 3552 4277 προχωροῦντα
3605 4198 3672 4253 τὰ
3728 4203 3843 4252 τῶν

1643 4325 1703 4380 C.
1746 4325 1809 4379 B.
1851 4324 2041 4380 HASII
2076 4324 2632 4380 ANNOTATIONES.

503 4473 547 4512 ⁴¹
583 4467 918 4544 σπασάμενος
949 4467 1079 4524 cod.

505 4633 618 4707 (50)
648 4628 909 4686 Verbum
967 4618 1251 4707 προοδεύω
1308 4621 1504 4707 miror.
1538 4621 1681 4697 item
1738 4622 1800 4707 in
1850 4623 2084 4707 _Lexici_s

438 4693 747 4771 omissum,
780 4715 914 4756 cum
945 4700 1209 4771 utantur,
1241 4693 1739 4771 prmterleonem
1762 4695 1829 4771 _h.
1850 4694 1915 4760 1.,
1940 4695 2083 4771 scri-

437 4784 638 4848 ptores
660 4765 807 4828 bene
833 4768 1114 4848 multjzus.
1135 4765 1405 4848 _Joanp_es
1421 4765 1725 4848 Chrysost.
1762 4767 1830 4821 In
1861 4766 2082 4848 nativi-

440 4834 545 4903 tat.
570 4843 959 4900 Praccursoris
980 4840 1093 4895 VII.
1133 4840 1255 4895 393.
1289 4840 1377 4890 27.
1412 4835 1439 4889 6
1473 4834 1728 4909 Ἰωάννης
1768 4834 2080 4909 προοδεύων

441 4921 539 4970 τοῦ
570 4914 902 4987 Κυρίουηδ.
960 4910 1242 4987 Basilius
1280 4910 1405 4987 Non
1425 4907 1896 4987 hadhzeren‘dum
1956 4926 2082 4987 esse

445 4988 625 5043 rebus
655 4975 921 5041 saecular.
960 4984 1002 5046 Ι,
1037 4985 1159 5038 569.
1205 4983 1264 5035 C.
1316 4979 1367 5032 οἱ
1422 4975 1479 5032 δὲ
1525 4977 1949 5050 προοδεύσαντες
2003 4979 2088 5033 ἀν-

446 5059 635 5128 έμενον
667 5058 761 5130 τὸν
788 5051 1316 5130 φυτεύσανταηριιιξ
1340 5052 1470 5123 ipsa
1498 5052 1675 5130 verba
1704 5054 1895 5130 iterat;
1908 5053 2083 5130 Nice-

446 5124 535 5185 tas
563 5124 856 5183 Heracleae
877 5124 1256 5195 metropolita
1279 5124 1568 5178 Catenain
1588 5124 1692 5179 Job
1715 5127 1840 5179 608.
1857 5125 1917 5179 C.
1941 5125 2083 5179 item

442 5199 753 5284 participio
788 5192 1097 5284 προοδεύιρὶν
1128 5196 1484 5284 “Germanus
1537 5195 1880 5266 Cpolitanus
1924 5195 2081 5251 Orat.

443 5264 507 5327 in
539 5273 591 5325 S.
627 5264 861 5325 crucem
894 5270 1016 5327 320.
1042 5269 1100 5339 Β.
1127 5264 1519 5339 Frequentius
1542 5264 1737 5339 tamen
1764 5275 2088 5339 usurpatur

444 5342 823 5414 participium
853 5337 1133 5414 praeterit.
1172 5334 1319 5414 act},
1370 5334 1530 5414 velut
1558 5352 1592 5414 ει
1640 5334 2084 5414 ιιιοίειῃοᾞθιι-

444 5404 677 5470 ἱηοιίωί
711 5413 751 5467 l.
788 5404 910 5465 813.
942 5410 1007 5462 23
1062 5404 1354 5475 ἠκολούθει
1388 5409 1502 5465 τοῖς
1524 5410 1631 5458 τῶν
1656 5404 2082 5476 προωδευκότων

444 5484 641 5560 ἴχνεσι.
676 5479 1234 5560 Updefortasseus.
1291 5477 1609 5560 ‘Gregprius
1667 5480 1963 5560 Nyssenus
2022 5480 2086 5536 lu

440 5546 665 5615 cantio.
700 5553 993 5611 Canticor.
1025 5552 1068 5605 Ι.
1101 5553 1223 5605 501.
1371 5546 1488 5623 το-ἶς
1551 5546 1730 5623 ἴχνεσι
1782 5552 1905 5623 τῶνί
1948 5569 2084 5623 προ-

444 5626 763 5684 ωδεοκότων
823 5622 1109 5695 ἑπόμενοςο
1161 5626 1222 5677 et
1276 5619 1835 5695 Eusebiqsuﬂistor.
1893 5619 2085 5695 Eccle:

445 5703 608 5761 siast.
641 5703 693 5756 4.
729 5701 797 5755 Α.
831 5686 1128 5772 ἀνθρώπων
1162 5712 1226 5769 γε
1276 5692 1385 5766 μὴν
1436 5686 1692 5765 οὐδαμῶς
1745 5691 1917 5767 εὐρεῖν
1979 5691 2086 5748 οἷοί

1181 4466 1226 4502 ⁴³
1254 4462 1529 4538 ἀκμήταις
1557 4464 1687 4523 cod.
1763 4466 1811 4502 ‘3
1841 4465 1869 4520 6
1900 4485 2063 4540 στρατ

2174 4484 2359 4522 νισατο
2389 4466 2521 4523 cod.
2557 4467 2705 4540 Lege
2732 4464 3163 4542 κατηγωνίσατο.
3194 4466 3309 4523 vid.
3345 4469 3431 4523 14.
3464 4472 3520 4522 Β.

2116 4628 2161 4693 D
2190 4640 2251 4698 τε
2275 4617 2424 4698 ὅντες
2447 4618 2579 4698 ἴχνη
2611 4620 2810 4698 γυμνὰ,
2850 4622 2949 4691 τὴν
3007 4620 3172 4698 αὐτην
3201 4623 3353 4698 Δἡμῖν
3411 4618 3840 4698 προωδευκότων

2193 4689 2340 4759 ὁδόν,
2370 4709 2432 4749 se
2472 4689 2949 4750 c'onscribentem
3007 4689 3318 4750 historiam
3376 4689 3838 4752 ecclesiasticam

2194 4782 2413 4840 novum
2445 4782 2638 4840 neque
2672 4766 2781 4820 ulli
2812 4771 2989 4822 antea
3019 4770 3308 4840 tentatum
3339 4766 3454 4840 iter
3503 4767 3836 4840 ingressum

2192 4837 2415 4962 {lminus
2446 4837 2657 4909 Opinor
2708 4844 3015 4893 accurate:
3070 4837 3838 4910 quandoquidem'primus

2234 4908 2500 4962 istoriam
2531 4908 2994 4962 ecclesiasticam
3025 4908 3361 4962 condidisse
3393 4909 3448 4962 S.
3493 4911 3675 4962 Lucas
3724 4910 3838 4962 dici

2234 4908 2500 4962 istoriam
2531 4908 2994 4963 ecclesiasticam
3025 4908 3361 4964 condidisse
3393 4909 3448 4964 S.
3493 4908 3675 4966 Lucas
3724 4910 3839 4965 dici

2194 4984 2407 5052 potest,
2428 4979 2578 5053 inde
2609 4979 2683 5034 ab
2714 4986 2847 5053 ortu
2886 4980 3126 5047 Christi,
3183 4997 3313 5053 qua:
3357 4980 3606 5036 historia
3655 4981 3842 5053 ipsius

2195 5050 2517 5134 Evangelio'
2539 5056 2597 5105 et
2625 5052 3009 5134 ᾼοιίεᾼροει.
3043 5050 3842 5134 continemusParticipium

2193 5121 2559 5194 προωδευκώς
2590 5121 2904 5204 pluraliter
2933 5123 3087 5195 apud
3119 5123 3174 5177 S.
3212 5121 3553 5196 GregOrium
3598 5121 3844 5195 Nyssen.

2196 5195 2274 5249 De
2317 5193 2669 5249 beatitudln.
2721 5195 2842 5248 8l3.
2908 5196 2970 5249 D.
3031 5192 3175 5254 τινὸς
3234 5197 3340 5247 τῶν
3393 5190 3842 5254 προωδευκότων·

2196 5213 2274 5249 ue
2317 5213 2669 5249 neauwmn.
2721 5213 2842 5248 om.
2908 5213 2970 5249 υ.
3031 5213 3175 5254 τινος
3234 5214 3340 5247 των
3393 5213 3842 5267 προωοευκοτων·

2196 5271 2255 5319 et
2284 5265 2617 5340 In_luudem
2649 5265 2847 5340 fratris
2873 5265 3070 5340 Basilii
3100 5267 3167 5340 II_.
3200 5266 3326 5340 9-142
3364 5267 3575 5340 D._—c¢'bv
3600 5263 3651 5320 ἐν
3680 5265 3846 5340 ἀρετῇ

2194 5332 2639 5409 προωδευκότων.
2671 5338 2924 5393 Numero
2965 5336 3250 5409 singulari
3283 5338 3569 5393 Eusebius
3599 5332 3853 5394 Demon-

2197 5416 2363 5465 strat.
2397 5410 2608 5465 Evang.
2659 5408 2778 5463 187.
2842 5408 2904 5462 D.
2967 5406 3057 5462 τὸν
3104 5403 3493 5465 ποοωδευκότα
3550 5411 3647 5463 τοῦ
3704 5411 3848 5465 Χοι-

2197 5416 2363 5465 strat.
2397 5409 2778 5489 Evang..187.
2842 5409 2904 5462 D.
2967 5409 3057 5462 τὸν
3104 5409 3493 5489 προωδευκότα
3550 5411 3647 5463 τοῦ
3704 5411 3848 5483 Χρι-

2196 5482 2325 5554 στοῦ
2359 5480 2742 5554 Partimpium
2774 5480 2917 5554 perf.
2952 5495 3110 5552 pass,
3142 5479 3365 5535 ibidem
3422 5483 3542 5535 125.
3594 5482 3656 5538 Β.
3710 5480 3849 5554 πρὸς

2194 5549 2260 5624 τὰ
2308 5545 2715 5624 προωδευμένα,
2911 5545 2974 5606 σᾶ
3031 5566 3175 5624 quae_
3206 5556 3626 5609 antecesserunt.
3687 5545 3847 5609 Alias

2196 5622 2308 5695 Leo
2340 5620 2547 5695 eodem
2567 5620 2759 5678 sensu
2792 5623 2875 5677 ait
2902 5620 3318 5695 προπορεύομαι
3349 5624 3400 5678 4.
3433 5626 3499 5680 Α.
3536 5626 3624 5680 '79.
3658 5624 3720 5680 Β.
3754 5626 3842 5683 81.

2196 5693 2259 5748 D.
2293 5696 2381 5750 95.
2414 5694 2479 5749 D.
2511 5695 2867 5770 προηγοῦμαι
2894 5693 2983 5751 95.
3017 5694 3079 5749 B.
