4202 6314
409 314 524 375 603

1831 312 2097 375 LEONIS
2144 309 2454 375 DIACONI

3700 311 3822 376 696

410 449 722 505 Cretenses
776 449 1319 516 vaticinationibus,
1372 448 1679 503 fraudibus
1749 448 1947 519 impiis
2004 454 2062 503 et

2174 439 2410 515 ἐπῳδάς·
2469 441 2697 518 Λέγεται
2754 443 2858 519 γὰρ
2915 442 3192 518 κατόχους
3240 441 3376 497 εἶναι
3437 448 3654 517 Κρῆτας
3689 464 3822 517 μανς

411 535 715 590 erroribus
736 535 1002 592 addictos
1025 537 1510 606 esse,barumque
1528 550 1728 589 rerum
1750 534 2060 590 scientiam

411 639 445 679 a
473 625 813 680 Manichaeis
853 630 912 679 et
939 642 973 680 a
998 625 1327 681 Moamethe
1376 624 1706 695 antiquitus
1737 624 2055 695 accepisse.

410 714 611 785 Neque
645 715 754 771 hac
785 714 913 769 sola
934 715 1029 771 25
1058 731 1120 768 re
1153 713 1426 786 petulans
1457 713 1809 769 muliercula
1840 719 2062 785 proter-

407 802 649 858 vitatem
707 810 884 874 atque
945 803 1256 858 audaciam
1327 803 1705 858 manifestam
1764 802 2056 857 reddidit:

406 908 630 957 verum,
656 893 888 949 sublata
909 910 1145 964 quoque
1176 893 1310 965 plus
1332 910 1510 964 quam
1535 897 1767 965 tempus
1798 892 2058 965 postula-

407 981 511 1037 bat
540 983 738 1037 tunica
760 982 1101 1054 nudataque
1123 999 1390 1054 corpore,
1414 983 1476 1038 in
1499 982 1712 1038 ducem
1734 982 1983 1037 dicteria
2003 988 2061 1037 et

407 1072 843 1127 exsecrationes
857 1072 1024 1142 jecit.
1042 1074 1188 1127 Tum
1208 1089 1344 1127 vero
1371 1072 1809 1144 sagittariorum
1839 1072 2060 1143 perito-

405 1177 540 1215 rum
569 1160 786 1231 aliquis
827 1161 1057 1217 intento
1115 1177 1255 1217 arcu
1312 1161 1714 1232 importunam
1744 1161 2059 1215 mulierem

406 1250 702 1305 confixam
733 1250 805 1305 de
836 1250 1099 1306 turribus
1125 1251 1186 1305 in
1219 1257 1432 1307 terram
1461 1250 1696 1322 dejecit,
1728 1254 1815 1318 ut,
1849 1250 2057 1305 evesti-

406 1338 500 1411 gio
549 1338 838 1411 disrupta,
881 1339 1081 1396 efllata
1128 1340 1394 1395 animula
1436 1356 1673 1411 poenam
1722 1338 2057 1394 insolentiae

407 1427 618 1484 acerbo
651 1427 896 1484 interitu
947 1435 1432 1501 consequeretur.
1466 1428 1578 1501 (56)
1609 1430 1736 1484 Jam
1768 1445 1903 1483 vero
1936 1428 2057 1484 acri

406 1534 603 1590 pugna
632 1523 927 1586 conserta,
961 1519 1310 1575 restiterunt
1366 1535 1473 1591 per
1527 1524 1763 1590 tempus
1813 1517 2058 1589 aliquod

407 1607 739 1676 Cretenses,
787 1612 1031 1663 strenuo
1076 1607 1337 1679 fortique
1387 1608 1588 1663 animo
1638 1623 1708 1662 ex
1753 1608 1940 1663 muris
1966 1606 2060 1661 di-

406 1696 717 1766 micantes,
750 1712 819 1752 ac
862 1697 1266 1753 Romanorum
1312 1714 1433 1753 non
1480 1713 1701 1769 paucos
1740 1696 2058 1752 vulneran-

409 1789 519 1842 tes.
1502 1798 1516 1812 ‘

485 1879 537 1930 7.
565 1876 690 1940 Qua
719 1893 781 1931 re
808 1881 1136 1948 perspecta,
1194 1882 1414 1949 praetor
1469 1878 1757 1949 petrarias
1793 1877 2068 1933 celeriter

418 1964 683 2033 adduxit,
713 1963 998 2021 barbaros
1053 1965 1350 2038 lapidibus
1406 1967 1525 2038 peti
1572 1966 1773 2038 jussit.
1824 1966 1912 2022 Ad
1943 1966 2070 2022 huic

418 2057 606 2111 muris
637 2056 896 2112 admovit
923 2055 1284 2128 helepolim:
1331 2056 1575 2112 arietem
1606 2057 1720 2112 hoc
1762 2057 2069 2111 inventum

419 2146 665 2202 Romani
688 2151 917 2211 vocant,
950 2151 1263 2218 propterea
1291 2145 1448 2217 quod
1469 2147 1716 2213 ferrum,
1737 2147 1896 2217 quod
1917 2142 2069 2202 trabi

415 2237 725 2307 praefixum
757 2235 959 2307 oppidi
990 2236 1209 2291 mcenia
1238 2235 1456 2307 pulsat,
1485 2235 1558 2291 ad
1589 2235 1799 2307 capitis
1827 2236 2064 2291 arietini

414 2324 667 2380 formam
726 2324 992 2380 efﬁctum
1046 2330 1153 2380 est.
1205 2324 1486 2380 Petrariis
1535 2323 1743 2379 crebra
1789 2340 2066 2381 saxorum

412 2414 680 2486 pondera
707 2414 1062 2479 rotantibus,
1088 2430 1265 2486 parvo
1285 2414 1521 2487 negotio
1551 2413 1788 2469 barbari
1810 2415 2067 2485 repressi

416 2509 573 2559 sunt.
604 2503 872 2573 Interim,
906 2503 1089 2559 ariete
1136 2503 1324 2558 muris
1364 2502 1687 2569 insinuata,
1718 2503 2067 2574 majoreque

414 2594 640 2664 impetu
672 2610 773 2649 eos
802 2593 1125 2664 quatiente,
1154 2593 1261 2647 viri
1292 2609 1413 2648 non
1445 2593 1641 2665 pauci,
1674 2592 2066 2664 lapicidarum

416 2682 813 2738 instrumenta
841 2688 1134 2754 gerentes,
1167 2682 1388 2737 fossam
1419 2682 1670 2754 ingressi
1704 2686 1845 2736 sunt
1873 2699 1885 2736 :
1927 2681 2066 2736 inde

417 2771 710 2827 suffodere
741 2772 860 2827 orsi
891 2771 1318 2827 exscindebant
1345 2771 1634 2843 paulatim
1673 2770 2066 2826 dirimebant-

416 2877 531 2931 que
561 2859 812 2931 lapides,
846 2861 1062 2932 quibus
1096 2861 1251 2915 muri
1280 2859 1671 2915 fundamenta
1699 2859 2064 2914 nitebantur.

414 2949 566 3005 Casu
596 2956 793 3005 autem
824 2948 1042 3005 accidit
1087 2955 1154 3005 ut
1203 2948 1375 3020 lapis,
1409 2954 1723 3021 propterea
1752 2949 1911 3019 quod
1942 2951 2070 3003 erat

413 3038 519 3094 illa
548 3055 614 3094 ex
649 3044 815 3111 parte
837 3039 1165 3106 erenosior,
1183 3038 1465 3093 facillime
1487 3037 1726 3092 cederet
1748 3038 2067 3108 locumque

413 3125 600 3181 daret.
632 3129 831 3198 Neque
861 3126 1016 3181 aries
1042 3125 1365 3180 intermisit
1404 3125 1633 3179 interea
1662 3124 1900 3195 pulsare
1931 3141 2060 3178 mu-
2100 3165 2143 3232 Ο

408 3216 580 3287 rique
638 3221 1000 3283 contextum,
1060 3213 1437 3285 quantumvis
1517 3213 1769 3268 densum
1835 3214 1936 3269 26
1992 3230 2062 3269 ac

408 3309 905 3378 coagmentatum,
936 3303 1224 3375 paulatim
1248 3303 1597 3359 distrahere.
1622 3303 1876 3375 Fastigia
1905 3304 2060 3359 muri

408 3411 544 3448 cum
575 3393 856 3449 submissi
886 3395 1144 3449 fossores
1173 3392 1436 3464 pendula
1482 3397 1659 3463 atque
1692 3408 1967 3459 concava,
1999 3392 2061 3448 id

409 3485 568 3556 quod
615 3501 857 3542 necesse
904 3490 1031 3540 erat
1076 3483 1366 3552 accidere,
1416 3483 1837 3552 reddidissent,
1885 3484 2061 3556 lignis

410 3577 623 3634 erectis
682 3577 1093 3645 suffulserunt,
1137 3576 1504 3646 materiaque
1557 3574 1733 3630 facile
1786 3574 2060 3646 ﬂagranti

410 3672 586 3738 atque
616 3666 782 3722 arida
811 3667 1060 3739 ingesta,
1093 3665 1193 3719 ubi
1224 3665 1421 3738 ignem
1443 3663 1849 3730 subdiderant,
1882 3664 2059 3718 cuni-

409 3757 541 3811 culo
572 3761 973 3812 excesserunt.
994 3755 1259 3810 Flamma
1279 3754 1531 3809 excitata
1549 3769 1685 3809 cum
1710 3752 2063 3809 fulcimenta

408 3845 886 3912 adsumerentur,
916 3850 1110 3899 turres
1158 3843 1288 3898 duas
1339 3859 1475 3898 cum
1503 3858 1674 3898 muro
1706 3841 2058 3897 intermedio

409 3942 652 4008 repente
707 3935 949 3990 divulsa;
1009 3934 1424 4002 subsederunt,
1477 3934 1769 4004 ruinaque
1808 3933 1968 3988 edita
1995 3932 2056 3986 in

408 4035 628 4083 terram
658 4027 868 4082 delatas
896 4030 1052 4081 sunt.
1085 4025 1415 4092 Cretenses,
1447 4025 1706 4078 novitate
1737 4022 2059 4095 spectaculi

407 4117 740 4188 stupefacti,
771 4131 1093 4187 parumper
1121 4130 1377 4187 pugnam
1409 4114 1877 4177 declinaverunt,
1911 4129 2055 4184 pro-

408 4207 550 4279 digii
579 4205 951 4260 immanitate
984 4203 1241 4260 attoniti.
1273 4204 1420 4258 Tum
1466 4220 1676 4258 rursus
1703 4202 2056 4274 captivitatis

2166 531 2335 593 τείαις
2366 529 2457 586 καὶ
2499 529 2916 606 βωμολοχίαις·
2947 531 3038 586 καὶ
3095 528 3350 600 πλάναις,
3392 532 3531 606 πρὸς
3562 537 3671 587 τῶν
3705 534 3827 589 Μα-

2163 622 2394 696 νιχαίων
2444 621 2536 676 καὶ
2601 625 2698 677 τοῦ
2782 620 3029 695 Μωάμεθ
3085 618 3499 700 παρειληφότας
3549 620 3817 676 ἀνέκαθεν.

2164 711 2244 768 Οὐ
2302 711 2475 785 ταύτῃ
2535 707 2591 764 δὲ
2652 710 2813 783 μόνον
2868 710 2930 765 τὸ
2998 710 3194 784 ἰταμὸν
3249 708 3419 765 ἐκεῖνο
3478 710 3700 787 γύναιον
3760 711 3823 766 τὸ

2164 798 2374 862 ἀναιδὲς
2430 801 2521 856 καὶ
2576 799 2881 856 ἀκόλαστον
2967 798 3329 856 ἐπεδείκνυτο’
3390 799 3539 856 ἀλλὰ
3595 802 3687 857 καὶ
3736 801 3827 857 τὸν

2164 891 2490 966 χιτωνίσκον
2545 890 2692 966 παρὰ
2748 891 2811 946 τὸ
2874 888 3092 965 μέτριον
3148 890 3505 964 ἀνασεσυρκὸς
3560 895 3681 965 (57)
3735 913 3831 965 καῖ

2163 982 2513 1060 ἀπογυμνοῦν
2541 983 2608 1039 τὰ
2667 980 2805 1058 μέρη
2866 987 2964 1038 τοῦ
2996 984 3276 1058 σώματος,
3307 981 3360 1044 ἐς
3391 984 3485 1040 τὸν
3517 986 3826 1061 στρατηγὸν

2163 1071 2470 1129 ἐπὲκωπτεν
2526 1072 2894 1148 ἐπαρώμενον.
2956 1073 3055 1128 Καὶ
3115 1069 3183 1145 δή
3242 1093 3326 1135 τις
3385 1080 3493 1130 τῶν
3542 1075 3825 1149 εὖστόχων

2163 1164 2419 1234 τοξοτῶν,
2479 1166 2577 1234 τήν
2632 1164 2820 1239 νευρὰν
2876 1162 3261 1238 ἐντεινάμενος,
3325 1167 3410 1239 [Ρ.
3474 1166 3564 1238 15]
3625 1163 3828 1240 βάλλει

2162 1251 2224 1306 τὸ
2280 1248 2587 1306 ἀκόλαστον
2642 1251 2881 1328 γύναιον,
2958 1251 3050 1306 καὶ
3107 1250 3482 1331 χαμαιρῥιφὲς
3546 1255 3656 1325 (58)
3716 1258 3824 1308 τῶν

2160 1339 2386 1415 πύργων
2433 1341 2752 1416 κατήνεγκε,
2814 1336 3103 1418 διαρῥαγέν
3159 1339 3376 1410 αὐτίκα,
3425 1340 3517 1395 καὶ
3561 1341 3624 1396 τὸ
3657 1342 3831 1417 ψυχί-

2163 1425 2278 1483 διον
2305 1428 2680 1508 ἀποφυσῆσαν,
2738 1428 2829 1484 καὶ
2882 1433 3022 1484 τῖσιν
3078 1436 3181 1498 τῆς
3231 1424 3443 1504 ὕϐρεως
3480 1430 3573 1485 τὸν
3606 1429 3829 1504 οἰκτρὸν

2162 1514 2596 1591 ἐπισπασάμενον
2624 1513 2868 1593 ὄλεθρον.
2923 1520 3084 1592 ’Ἄρτι
3137 1515 3194 1573 δὲ
3240 1524 3342 1588 τῆς
3403 1519 3595 1594 μάχης
3624 1540 3821 1594 καρτε-

2164 1610 2259 1681 ρᾶς
2315 1606 2814 1682 ἀναρριπισθείσης,
2873 1607 3071 1683 χρόνον
3134 1606 3228 1682 μὲν
3285 1629 3403 1664 τινα
3453 1608 3702 1684 ἀντεῖχον
3764 1611 3823 1663 οἱ

2164 1700 2389 1771 Κρῆτες,
2447 1695 2508 1752 ἐκ
2562 1703 2670 1752 τῶν
2725 1702 2928 1772 τειχῶν
2980 1694 3233 1771 ἐκθύμως
3282 1696 3701 1775 ἀγωνιζόμενοι,
3734 1712 3826 1767 καὶ

2093 1801 2142 1867 Β
2171 1783 2420 1846 πολλοὺς
2451 1791 2559 1841 τῶν
2584 1786 2877 1861 Ῥωμαίων
2915 1786 3326 1861 τιτρώσκοντες.

2246 1880 2307 1945 ζ’.
2383 1876 2444 1933 Ὁ
2520 1872 2577 1931 δὲ
2650 1876 2980 1953 στρατηγὸς,
3055 1879 3219 1932 τοῦτο
3301 1876 3653 1952 καταμαθὼν,
3729 1877 3829 1938 τὰς

2173 1962 2503 2043 ἀφετηρίους
2558 1966 2752 2020 θᾶττον
2799 1967 3095 2042 παγήγαγε
3156 1964 3431 2039 μηχανὰς,
3476 1964 3569 2019 καὶ
3602 1961 3830 2039 βάλλειν

2172 2053 2300 2113 τοὺς
2378 2048 2689 2128 βαρϐάρους
2748 2051 2980 2108 ἐκέλευε.
3064 2053 3163 2108 Καὶ
3219 2053 3358 2128 πρὸς
3437 2053 3658 2114 τούτοις
3713 2057 3831 2114 τοῖς

2172 2142 2381 2216 τείχεσι
2430 2139 2806 2216 προσεπέλασε
2865 2144 2965 2212 τὴν
3022 2140 3300 2198 ἑλέπολιν·
3360 2142 3513 2217 κριὸν
3567 2146 3831 2216 Ῥωμαῖοι

2172 2230 2235 2285 τὸ
2266 2231 2659 2308 τεχνούργημα
2700 2231 3053 2305 ὀνομάζουσι,
3113 2236 3193 2304 τῷ
3251 2227 3408 2303 δίκην
3437 2236 3596 2305 κριοῦ
3625 2251 3832 2307 προτο-

2177 2327 2286 2396 μῆς
2330 2322 2421 2377 τὸν
2468 2318 2693 2396 σίδηρον
2740 2321 3144 2391 ἀπεικάζεσθαι,
3196 2322 3255 2383 ὃς
3306 2320 3710 2398 ἐνηρμοσμένος
3754 2320 3829 2378 ὢν

2172 2414 2241 2485 τῇ
2274 2407 2420 2484 δοκῷ
2453 2411 2602 2467 παίει
2632 2412 2680 2448 ⁴⁶
2710 2411 2803 2467 τὸν
2856 2408 3026 2486 δόμον
3076 2414 3175 2467 τοῦ
3222 2409 3431 2473 ἄστεος.
3482 2414 3606 2469 Τῶν
3636 2409 3694 2467 δὲ
3728 2433 3831 2467 πε-

2171 2495 2458 2574 τροϐόλων
2526 2501 2669 2576 βάρη
2706 2585 2725 2590 Δ
2766 2501 2964 2590 θαμινὰ
3244 2498 3415 2590 λίθων
3474 2499 3823 2581 ἐπαφιέντων,

2173 2592 2414 2652 εὐπετῶς
2474 2592 2527 2645 οἱ
2586 2585 2855 2666 βάρϐαροι
2912 2585 3356 2646 ἀνεστὲλλοντο·”
3379 2591 3473 2646 καὶ
3528 2595 3625 2646 τοῦ
3669 2595 3826 2666 κριοῦ

2172 2685 2289 2741 τοῖς
2348 2680 2584 2755 τείχεσιν
2651 2678 3084 2759 ἐγχριμφθέντος
3162 2680 3256 2735 καὶ
3329 2686 3603 2756 κραταιῶς
3661 2685 3828 2736 ταῦτα

2172 2770 2492 2839 τύπτοντος,
2550 2766 2737 2843 ἄνδρες
2797 2765 3088 2831 ὑποδύντες
3145 2771 3245 2839 τὴν
3303 2771 3560 2849 ταφρείαν
3614 2771 3824 2846 συχνοὶ,

2174 2856 2448 2933 λιθοτόμα
2474 2855 2677 2936 ὄργανα
2738 2856 2987 2937 φέροντες
3048 2861 3185 2928 (59),
3238 2857 3331 2915 καὶ
3361 2857 3669 2934 ἀνορύττειν
3699 2858 3832 2914 ἐκεῖ·

2173 2951 2257 3003 θεν
2310 2947 2622 3023 ἀρξάμενοι,
2681 2945 3041 3017 ἐξεκόλαπτον
3098 2946 3301 3022 ἠρέμα,
3350 2946 3442 3002 καὶ
3520 2949 3619 3018 τὴν
3677 2946 3829 3003 λίθον

2173 3034 2477 3107 διέκοπτον,
2505 3038 2594 3091 ἳνα
2622 3040 2720 3092 τοῦ
2749 3035 2971 3111 τείχους
3019 3038 3054 3107 ἡ
3114 3036 3273 3111 βάσις
3313 3034 3619 3112 ἐρήρειστο.
3657 3043 3832 3112 Παρα-

2171 3126 2340 3201 τυχὸν
2370 3122 2428 3180 δὲ
2456 3121 2761 3199 ψαμμῶδες
2792 3124 2963 3199 ταύτῃ
3011 3123 3075 3179 τὸ
3123 3122 3287 3199 μέρος
3322 3126 3358 3194 ἡ
3392 3122 3545 3185 λίθος
3577 3115 3863 3200 λαχοῖσαῖ

2173 3215 2357 3271 ὑπεῖκέ
2407 3235 2466 3271 τε
2514 3215 2607 3274 καὶ
2689 3210 2925 3269 ἐνεδίδου
2983 3214 3058 3275 ὡς
3120 3212 3380 3287 μάλιστα.
3443 3216 3506 3272 Ὁ
3559 3212 3617 3270 δὲ
3671 3216 3825 3290 κριὸς

2168 3305 2386 3360 τύπτων
2415 3304 2515 3359 οὐκ
2553 3303 2677 3375 ἀνίη
2729 3300 2926 3378 ἔρυμα,
2984 3303 3076 3357 καὶ
3132 3303 3271 3359 κατὰ
3327 3303 3521 3379 μικρὸν
3581 3301 3824 3360 διασπῶν

2170 3397 2269 3465 τήν
2322 3390 2663 3467 οἰκοδομίαν,
2747 3389 2801 3453 ἐς
2878 3392 2940 3447 τὸ
3025 3387 3247 3468 ἀκριϐὲς
3323 3390 3818 3468 συμπεπιλημένην

2114 3510 2125 3515 ν
2171 3482 2333 3539 οὖσαν
2362 3483 2453 3538 καὶ
2485 3479 2952 3538 δυσαπόσπαστον.
2987 3481 3141 3538 Ἐπεὶ
3192 3479 3250 3536 δὲ
3305 3482 3372 3537 τὰ
3420 3487 3576 3558 γεῖσα
3605 3486 3647 3519 ⁸⁷
3677 3483 3815 3558 ᾗπερ

2170 3570 2470 3648 διώρυττον
2527 3572 2581 3627 οἱ
2638 3569 2726 3627 ἐπὶ
2810 3574 2975 3627 τοῦτο
3044 3569 3353 3648 ταχθέντες,
3410 3570 3652 3646 ἐκκρεμῆ
3728 3572 3821 3627 καὶ

2172 3662 2423 3732 ὑπόκενα,
2482 3661 2556 3722 ὡς
2637 3660 2701 3717 τὸ
2768 3659 2935 3729 εἰκὸς,
3013 3659 3410 3738 ἐξειργάσαντο,
3496 3658 3829 3735 ὀρθοστάδην

2170 3751 2357 3822 ξύλοις
2419 3748 2732 3827 ὑπήρειδον,
2788 3749 2928 3823 ὕλην
2983 3772 3043 3807 τε
3098 3747 3350 3826 ταχυδᾳῆ
3413 3753 3524 3825 (60)
3580 3751 3672 3806 καὶ
3704 3750 3831 3806 αὖον

2170 3844 2517 3913 συννήσαντες
2574 3840 2666 3896 καὶ
2721 3845 2828 3916 πῦρ
2904 3839 3147 3909 ἐνιέντες,
3231 3847 3331 3909 τῆς
3391 3837 3668 3917 διώρυχος
3730 3841 3832 3896 ὑπ-

2168 3933 2403 4007 εξῄεσαν.
2463 3933 2573 3999 Τῆς
2633 3927 2690 3986 δὲ
2745 3928 2956 4011 φλογὸς
3014 3929 3342 4009 ἀναφθείσης
3401 3929 3494 3984 καὶ
3548 3934 3658 3985 τῶν
3696 3952 3832 4001 στη..

2175 4021 2458 4098 ριγμάτων
2540 4017 3005 4094 ἀνθρακωθέντων,
3095 4014 3191 4072 δύο
3277 4018 3482 4096 πύργοι
3549 4019 3691 4092 ὁμοῦ
3750 4023 3830 4090 τῷ

2174 4107 2417 4184 διαμὲσῳ
2449 4108 2497 4145 ‘8
2537 4108 2745 4163 τούτων
2789 4104 3079 4182 δομήματι
3126 4110 3223 4162 τοῦ
3254 4106 3476 4181 τείχους
3506 4105 3828 4176 ἐξαπιναίως

2172 4196 2589 4275 ἀποῤῥαγέντες,
2648 4197 2899 4278 ὕφίζανόν
2953 4217 3012 4253 τε
3089 4196 3181 4253 καὶ
3254 4194 3673 4266 ὑπωλίσθαινον,
3735 4218 3803 4252 κα

3814 4322 3829 4355 ι

1606 4356 1663 4411 C.
1710 4357 1772 4412 Β.
1824 4355 2013 4411 HASII
2052 4356 2606 4413 ANNOTATIONES.

480 4518 525 4555 “
549 4514 675 4573 παίε
701 4515 829 4574 cod.
906 4514 951 4551 ‘7
974 4515 1200 4588 ταγεῖσα
1229 4513 1359 4572 cod.
1392 4529 1514 4570 uno
1538 4514 1737 4571 verbo.
1812 4513 1865 4549 ⁴⁸
1893 4510 2166 4587 διαμὲσων
2191 4515 2322 4572 cod.

484 4671 593 4744 (56)
626 4669 767 4726 Inde
799 4684 834 4724 a
861 4668 994 4724 vbb.
1023 4666 1148 4724 Iam
1192 4684 1318 4723 vero
1360 4667 1481 4723 acri
1522 4666 1717 4723 denuo
1758 4666 2052 4723 Combeﬁ-

2172 4667 2344 4753 Epist.
2397 4669 2422 4722 Ι
2477 4670 2567 4753 2p.
2622 4669 2685 4728 B.
2743 4672 3122 4753 xapqtptcpsic"
3153 4668 3459 4753 [sigl‘twsc
3496 4666 3829 4753 ⁸γενόγίιιενοὶι

444 4758 597 4798 lana.

444 4761 461 4798 ι
503 4760 597 4798 na.

412 4762 438 4799 s
465 4760 592 4883 i257)
628 4816 774 4868 Rem
832 4811 1090 4867 similem
1148 4810 1435 4867 accidisse
1468 4810 1727 4867 Manueli
1758 4810 2059 4865 Comneno

412 4884 556 4955 imp.
575 4884 868 4956 Zeugmen
891 4883 1174 4955 oppidum
1198 4884 1563 4956 oppugnanti
1586 4884 1907 4956 Cinnamus
1929 4898 2062 4956 auc-

412 4923 556 4955 ..up.
575 4923 688 4938 ..μυ
734 4923 868 4938 ...νη
891 4923 1174 4955 aprum...
1198 4923 1563 4956 oppugnas...
1587 4923 1907 4938 νηηηιμω..
1929 4923 2037 4937 ..μυ

412 4962 507 5027 tor
562 4923 912 5027 estjlistor.
964 4957 1084 5027 M2.
1135 4956 1195 5011 C.
1250 4953 1471 5027 γύναιόν
1502 4974 1579 5027 -τι
1631 4984 1701 5027 —;-
1750 4953 1816 5007 τὰ
1866 4952 2060 5024 ἱμάτια

407 5024 603 5095 κόσμῳ
633 5022 811 5077 οὐδενί
851 5024 1170 5100 ἀνασείρασα
1222 5022 1290 5098 (Ϊ.
1350 5024 1680 5098 ἀνασύρασα]
1713 5032 1773 5082 et
1802 5022 1933 5097 quas
1965 5042 2059 5082 se-

455 5104 695 5152 uuntur.

412 5114 1011 5248 ῗμῖἓὲῢέἀμαιρῥιφης
1028 5168 1156 5248 [sic
1175 5168 1510 5248 analogiam
1539 5173 1775 5248 secutus
1808 5168 2055 5248 scripsi:

410 5240 474 5293 in
505 5239 644 5312 Cod.
668 5244 741 5312 Aet
770 5239 864 5312 hic
895 5239 953 5292 et
982 5244 1068 5292 71.
1118 5239 1189 5312 Ο.
1230 5239 1535 5312 exaratum
1566 5247 1676 5312 gest
1701 5256 1819 5294 uno
1852 5241 1903 5312 ρ]
1930 5240 2060 5312 ppri-

409 5327 544 5366 mus
576 5310 635 5363 in
667 5310 874 5364 Lexica
902 5316 1107 5364 nostra
1142 5310 1228 5363 vir
1257 5309 1610 5364 eruditionis
1642 5309 2059 5365 summas—Sch-

409 5382 691 5437 neiderus
722 5380 963 5451 recepit.
998 5383 1120 5443 636,
1175 5396 1245 5434 ex
1301 5379 1479 5434 Suida
1526 5382 1626 5433 ΙΙΙ.
1821 5383 1879 5436 C.
1914 5381 2059 5436 Alia-3

410 5453 792 5510 auctoritates
821 5450 1090 5506 VOcabuli
1131 5456 1270 5523 sunt
1314 5452 1371 5523 S.
1419 5450 1731 5523 Gregorius
1763 5453 2060 5523 Nyssenus

411 5527 629 5597 Contra
657 5523 1008 5597 Eunom._lI.
1044 5525 1163 5577 121.
1196 5519 1371 5597 ς.τά
1400 5518 1750 5597 χαμέιρῥιφῆ
1788 5518 1899 5597 τῶν
1924 5518 2063 5597 δοῖ-

417 5595 601 5670 μάτων
649 5598 866 5670 Contra
900 5595 1149 5670 AVEunon.
1196 5594 1297 5670 _Ill.
1353 5591 1660 5670 16.1.40.
1690 5591 2062 5670 χαμαιρῥιφές

409 5660 470 5726 τε
497 5667 587 5725 καὶ
618 5669 809 5747 γήϊνον
856 5668 962 5721 τῶν
1009 5670 1108 5736 τῆς
1161 5664 1417 5742 αἱρέσεως
1466 5660 1776 5741 δογμάτὸῖν.
1809 5660 2060 5725 5.’Ν11ἰιε

2169 4739 2450 4816 ὤφθημεν,
2485 4739 2836 4814 Anonynius
2860 4739 3022 4798 Actis
3052 4739 3510 4797 SSIPhiloromi
3537 4739 3607 4798 ac
3639 4739 3828 4798 Phila)

2175 4815 2298 4868 178.
2357 4818 2426 4866 Α.
2483 4810 2645 4867 αὐτὸν
2701 4811 3054 4880 χαμαιῤῥιφῆ
3126 4809 3210 4867 ἐπ’
3286 4808 3456 4880 ὀξέσιν
3514 4811 3826 4880 ὀστράκοις.

2175 4811 2298 4868 178.
2338 4811 2426 4866 ⁷Α.
2483 4811 3054 4891 αὖτὸφχαμαιρὼφῆ
3126 4811 3210 4867 ἐπ’
3286 4811 3456 4880 ὀξέσιν
3514 4811 3826 4886 ὀστράκοις.

2173 4883 2589 4974 Confupditur,
2622 4890 2688 4974 ut
2716 4885 3207 4974 rectenobserva‘t‘
3220 4884 3660 4974 Agcbne‘ide'rus:
3693 4902 3826 4974 cum

2172 4953 2385 5083 έῗὲἲῗ
2393 4956 3826 5098 ῖςέἷῖἷίιξέιεεῖθὲὲἓάὲιξὲξἓέηιέῗῗίιῗὲἡπ¹ἲερ¹ἷῧὲἒ¹ἳάοξέ

2169 5116 2354 5177 sumas
2375 5100 2489 5177 :_in
2517 5100 2723 5177 Craaco
2755 5106 2863 5177 est,
2898 5096 3295 5177 χαμαιρῥιφεῖς
3319 5096 3680 5177 χεγενῆμεθα.

2242 5175 2360 5248 (59)_
2384 5172 2599 5226 Confer
2636 5168 3011 5243 Agathimam
3056 5168 3146 5238 2'1,
3190 5168 3263 5225 Ἀ.
3316 5168 3535 5245 ὄργανά
3570 5168 3821 5248 φέροντες

2173 5240 2468 5314 λιθοτόμοι,
2502 5248 2561 5298 et
2589 5240 2721 5314 qua}
2751 5250 3101 5314 sequuntur.

2244 5318 2354 5383 (60)
2372 5309 2947 5386 Οοάἱοίέιεοιίοιὶθῐη
2968 5309 3266 5386 ταχυδαιῆ,
3291 5313 3354 5368 in
3377 5317 3538 5386 textu
3562 5313 3822 5386 expressi

2171 5387 2293 5441 iota
2324 5385 2679 5457 subscripta,
2712 5387 2871 5457 quod
2900 5387 2960 5441 in
2994 5385 3162 5440 libris
3192 5385 3492 5440 veteribus
3524 5385 3611 5439 vel
3645 5385 3819 5457 omit-

2171 5458 2316 5513 titur
2335 5450 2601 5524 omnino,
2625 5450 2823 5525 vel,'ut
2849 5458 2967 5526 hic,
2991 5456 3371 5514 adscribitur.
3396 5456 3516 5511 Vox
3538 5450 3821 5526 ταχυδᾳής

2170 5546 2348 5600 quam
2379 5529 2531 5603 alias
2579 5545 2875 5603 nusquam
2932 5529 3128 5603 legere
3184 5527 3449 5596 memini,
3482 5527 3823 5602 Agathianaa

2174 5607 2263 5656 est
2285 5601 2665 5673 proprietatis
2694 5604 2755 5657 21
2792 5601 2854 5658 C.
