4184 6326
373 358 490 418 697

1746 355 2138 419 ΗΙΞΤΟΗῙᾸΞ
2183 356 2325 418 LIB.
2377 357 2448 418 lI.

3659 351 3780 412 698

359 489 501 565 πρὸς
551 486 821 566 τούδαφος
849 484 1228 567 κατεφέροντο.
1263 489 1333 544 Οἱ
1375 485 1432 542 δὲ
1485 491 1710 562 Κρῆτες,
1743 494 1822 562 τῷ
1851 495 2009 562 καινῷ

2133 491 2466 562 periculum
2487 506 2556 546 ac
2577 489 2874 545 servitutis
2895 487 3094 544 animo
3120 483 3774 554 recolentes,constipa-

367 582 464 634 τοῦ
525 579 806 652 ὁράματος
863 571 1250 650 θαμϐηθέντες,
1308 574 1390 630 ἐπ’
1443 574 1634 653 ὀλίγον
1685 578 1884 652 χρόνον
1923 580 2021 647 τὴν

368 668 558 742 μάχην
623 663 913 735 ἐξέκλιναν,
973 670 1052 738 τῷ
1107 666 1374 739 τεραστίῳ
1431 664 1869 742 καταπλαγέντες
1923 670 2020 721 τοῦ

362 756 714 831 πράγματος.
778 755 894 810 Εἶτ’
951 753 1104 814 αὖθις
1182 755 1273 809 τὸν
1329 761 1428 823 τῆς
1482 752 1872 830 αἰχμαλωσίας
1928 754 2018 810 καὶ

365 842 621 904 δουλείας
681 840 1146 918 ὑπολογισάμενοι
1201 839 1461 911 κίνδυνον,
1518 843 1592 904 εἷς
1649 842 1862 919 ἀρῥαγῆ
1912 864 2018 898 πα-

366 933 587 1006 ράταξιν
617 932 1055 1006 συνηθροίζοντο,
1089 930 1180 986 καὶ
1239 928 1327 985 διὰ
1383 938 1488 986 τῶν
1518 930 2018 1006 κατερειπωθέντων

362 1027 570 1096 ’τειχῶν
623 1024 722 1092 τὴν
775 1021 1093 1094 Ῥωμαϊκὴν
1150 1016 1529 1077 διαϐαίνουσαν
1559 1023 1812 1101 φάλαγγα
1843 1021 2017 1098 έρῥω-

365 1109 662 1183 μενέστατα
723 1106 1074 1184 ὑπεδέχοντο,
1131 1107 1428 1184 δαιμονίως
1486 1132 1544 1166 τε
1601 1107 2014 1186 διηγωνίζοντο,

360 1198 490 1271 περὶ
543 1200 728 1274 ψυχὴν
784 1199 831 1234 ⁴⁹
884 1195 1296 1259 κινδυνεύοντες.
1331 1200 1489 1272 ’Ἄρτι
1522 1195 1577 1253 δὲ
1609 1196 1836 1253 πολλῶν
1865 1198 2016 1253 ἀναι-

360 1285 644 1360 ρεθέντων,
696 1285 813 1341 ἐπεὶ
869 1286 1004 1359 πρὸς
1056 1286 1325 1358 τοσαύτην
1355 1287 1812 1364 ἀνανταγώνιστον
1843 1289 2016 1360 ροπην

361 1374 476 1449 οὐχ
537 1376 648 1429 οἶοί
701 1396 759 1430 τε
813 1375 948 1444 ἦσαν
1004 1375 1372 1430 ἀντικαθίσθαι
1428 1371 1735 1450 (ἐπέϐρισαν
1800 1377 1904 1452 γὰρ
1959 1378 2013 1430 αἱ

360 1461 621 1538 δυνάμεις
677 1465 925 1533 κατόπιν,
1008 1465 1100 1520 καὶ
1175 1465 1419 1540 ὠθισμὸς
1477 1466 1845 1526 ἀνυπόστατος
1902 1467 2011 1540 ἦν),

360 1555 442 1615 εἷς
503 1557 680 1634 φυγήν
741 1559 824 1628 [Ρ.
879 1559 964 1629 16]
1024 1555 1331 1630 τρέπονται,
1394 1561 1702 1632 χωροῦντες
1759 1555 1848 1611 διὰ
1906 1562 2012 1612 τῶν

355 1650 670 1700 στενωπῶν
730 1645 997 1718 Ῥωμαῖοι
1056 1642 1112 1700 δὲ
1168 1643 1492 1724 ἐφεπόμενοι
1523 1647 1750 1707 τούτους
1781 1644 2012 1719 ἀνῄρουν

351 1731 627 1802 ἀνηλεῶς.
689 1733 752 1786 Oi
807 1729 863 1788 δὲ
917 1731 1350 1814 περιλειφθέντες
1406 1735 1498 1790 καὶ
1557 1736 1715 1796 ὅσους
1747 1734 1845 1789 οὐκ
1874 1731 2006 1814 ἔφθη

2133 585 2189 635 to
2211 581 2447 653 agmine
2479 580 2667 635 aciem
2701 583 3038 651 coegerunt,
3073 591 3296 648 perque
3336 588 3643 628 murorum
3677 589 3776 624 ru-

2128 668 2271 724 dera
2290 671 2690 725 Romanorum
2711 667 3065 740 phalangem
3091 661 3508 736 pervadentem
3531 659 3779 713 fortissi-

2126 776 2221 814 me
2253 759 2638 830 excipientes,
2671 757 2995 829 majoribus
3028 771 3206 826 quam
3237 770 3342 824 pro
3370 752 3632 805 humana
3660 749 3775 802 vir-

2127 854 2250 904 tute
2272 848 2489 904 animis
2513 849 2571 902 in
2596 848 2724 901 vitm
2747 845 3093 901 discrimine
3114 843 3492 898 dimicarunt.
3518 838 3776 893 Tandem

2125 937 2329 992 multis
2351 937 2680 1003 cassis,cum
2698 941 2904 990 contra
2923 940 3040 990 tam
3059 933 3467 987 vehementem
3487 929 3776 999 impetum

2125 1026 2346 1082 diutius
2369 1026 2646 1081 resistere
2677 1043 2795 1080 non
2828 1029 3071 1095 possent
3092 1020 3426 1093 (ingruebat
3449 1017 3608 1073 enim
3631 1017 3716 1070 vis
3743 1032 3776 1070 a

2123 1119 2308 1187 tergo,
2341 1115 2734 1187 impressione
2766 1130 3008 1186 prorsus
3041 1109 3446 1178 intolerabili),
3482 1109 3543 1161 in
3574 1106 3772 1177 fugam

2123 1204 2391 1258 conversi
2448 1205 2508 1258 in
2569 1203 2894 1276 angiportis
2953 1219 3013 1256 se
3071 1200 3454 1271 dejecerunt:
3523 1193 3772 1251 Romani

2122 1309 2257 1348 vero
2292 1293 2545 1348 insecuti
2579 1293 2705 1348 dire
2729 1309 2828 1347 eos
2855 1289 3246 1346 trucidabant.
3269 1289 3413 1341 Tum
3447 1286 3546 1357 qui
3579 1285 3774 1339 hacte-

2121 1399 2233 1437 nus
2264 1383 2612 1454 superstites
2644 1387 2834 1448 erant,
2857 1398 2924 1436 ac
2950 1383 3242 1452 quotquot
3269 1375 3491 1431 bellum
3526 1391 3642 1429 non
3677 1372 3773 1427 de-

2121 1471 2778 1543 messuerat,projectus
2809 1469 2989 1525 armis
3020 1468 3094 1523 ad
3125 1483 3328 1539 preces
3359 1465 3768 1536 confugerunt.

2118 1562 2240 1625 Qua
2299 1578 2361 1614 re
2420 1562 2563 1630 visa,
2623 1567 2857 1632 praetor,
2919 1556 3249 1613 calcaribus
3296 1571 3447 1626 equo
3479 1551 3768 1616 subdidis,

2119 1650 2413 1705 concitato
2446 1667 2624 1704 cursu
2656 1649 2939 1721 oppidum
2971 1649 3152 1702 intrat
3196 1650 3253 1700 et
3290 1644 3548 1699 militum
3578 1643 3768 1712 impe-

2120 1741 2244 1791 tum
2276 1737 2569 1792 inhibuit:
2603 1753 2725 1792 non
2757 1753 2886 1791 esse
2936 1731 3320 1789 trucidandos
3351 1729 3630 1791 suadens.
3665 1726 3764 1797 qui

352 1820 646 1897 ἐκθερίζειν
703 1825 814 1894 (61)
871 1824 899 1877 ὁ
958 1821 1226 1896 πόλεμος,
1286 1824 1352 1878 τὰ
1425 1822 1572 1880 ὅπλα
1631 1824 1878 1899 ῥίψαντες
1931 1823 2006 1885 εἷς

2121 1841 2287 1882 arma
2333 1826 2710 1899 abjecissent,
2764 1842 2876 1881 nec
2931 1825 2993 1880 in
3039 1824 3133 1880 21
3191 1821 3382 1876 nudos
3412 1835 3479 1874 ac
3509 1818 3769 1872 inermes

349 1913 590 1967 ἱκετείαν
639 1909 956 1985 ἐτράποντο.
1009 1913 1178 1987 Ὅπερ
1227 1914 1255 1968 ὁ
1310 1914 1618 1990 στρατηγὸς
1657 1914 2002 1986 θεασάμενος,

348 2000 450 2056 τὸν
507 1999 674 2054 ἳππον
726 2003 1003 2075 κεντρίσας
1071 2001 1162 2056 καὶ
1246 2002 1336 2056 τὸν
1395 1999 1597 2076 δρόμον
1652 2000 2004 2077 ἐπιταχύνας,

352 2087 647 2160 εἰσήλαυνέ
704 2111 763 2145 τε
819 2091 909 2144 καὶ
967 2097 1074 2146 τῶν
1130 2097 1479 2165 στρατιωτῶν
1533 2094 1632 2162 τήν
1681 2093 1859 2164 ὁρμὴν
1915 2091 2008 2145 ἀν-

351 2179 595 2254 ετείχιζε
651 2180 720 2247 ⁵ο,
784 2181 860 2254 μή
919 2180 1141 2234 κτείνειν
1193 2179 1489 2236 ἀναπείθων
1544 2182 1671 2242 τοὺς
1737 2181 1803 2236 τὰ
1861 2178 2006 2236 ὅπλα

351 2269 618 2345 ῥίψαντας
694 2267 910 2344 ἄνδρας,
981 2267 1121 2344 μηδὲ
1198 2272 1335 2326 κατὰ
1403 2269 1580 2344 ψιλῶν
1635 2271 1726 2326 καὶ
1783 2268 2007 2326 ἀόπλων

2119 1916 2441 1971 crudeliter
2469 1921 2528 1972 et
2552 1916 2679 1971 sine
2710 1916 3077 1970 humanitate
3109 1911 3454 1967 irruendum
3483 1926 3496 1963 :
3529 1930 3558 1959 «
3593 1907 3768 1962 inhu-

2115 2005 2419 2060 manitatis
2459 2022 2588 2060 esse
2641 2005 2854 2069 aiebat,
2901 2021 3000 2059 eos
3050 2003 3152 2074 qui
3198 2001 3411 2056 cedant
3440 2004 3499 2053 et
3533 2014 3595 2051 se
3627 1995 3766 2051 sub-

2107 2093 2341 2164 jiciant,
2393 2111 2512 2148 non
2559 2110 2730 2148 secus
2777 2099 2952 2164 atque
3001 2093 3200 2146 hostes
3240 2089 3486 2161 perdere
3540 2091 3598 2140 et
3653 2084 3764 2139 ob-

2117 2188 2414 2238 truncare.
2451 2204 2473 2233 »
2509 2185 2610 2237 His
2640 2183 2832 2238 verbis
2880 2199 3031 2254 aegre
3083 2181 3202 2235 dux
3239 2177 3543 2234 crudelem
3570 2176 3762 2245 impc-

2116 2278 2243 2327 tum
2274 2273 2568 2327 exercitus
2598 2272 2858 2326 inhibuit
2885 2288 2952 2326 ac
2982 2270 3226 2326 sedavit.

353 2360 528 2432 ὠμὼς
560 2360 650 2414 καὶ
680 2360 1060 2435 ἀπανθρώπως
1095 2367 1320 2434 χωρεῖν,
1353 2360 1742 2437 ἀπανθρωπίας
1785 2358 1962 2436 λέγων
1993 2362 2152 2429 εἶναι,
2198 2361 2260 2414 τὸ
2315 2360 2533 2430 ὑπεῖξαν
2564 2361 2654 2414 καὶ
2687 2360 2912 2435 γεγονὸς
2943 2358 3261 2433 ὑποχείριον
3295 2352 3619 2432 διαφθείρειν
3650 2349 3758 2421 ἤδη

353 2450 446 2504 καὶ
505 2449 877 2505 ἀποκτιννύειν
934 2449 1165 2527 ὠσπερεῖ
1215 2449 1507 2524 πολέμιον.
1571 2449 1803 2515 Τούτοις
1855 2455 1972 2513 τοῖς
2033 2449 2224 2526 λόγοις
2284 2449 2450 2522 μόλις
2511 2449 2737 2525 ἐπέσχεν
2798 2451 2825 2504 ὁ
2879 2449 3179 2524 στρατηγὸς
3219 2451 3319 2512 τῆς
3366 2449 3614 2520 στρατιᾶς
3660 2442 3760 2509 τήν

359 2539 654 2617 μιαιφόνον
688 2538 890 2614 ὁρμήν.

433 2657 503 2728 η’.
538 2656 689 2714 Ἐπεὶ
742 2653 798 2711 δὲ
840 2657 976 2711 κατὰ
1022 2657 1221 2732 κράτος
1274 2656 1400 2726 ἥλω
1447 2661 1482 2728 ἡ
1530 2657 1716 2724 πόλις,
1756 2658 1822 2713 τὰ
1851 2679 2006 2732 πρω-

361 2744 555 2800 τόλεια
603 2744 814 2825 ὑφελὼν
871 2747 900 2800 ὁ
958 2747 1287 2823 στρατηγὸς,
1346 2747 1437 2802 καὶ
1495 2748 1557 2802 τὸ
1611 2747 1844 2821 ἀκμαῖον
1899 2753 2006 2801 τῶν

360 2834 743 2910 αἰχμαλώτων
797 2833 1349 2910 ἀνδραποδισάμενος,
1410 2833 1711 2915 διειληφώς
1742 2859 1799 2892 τε
1838 2841 2007 2892 ταῦτα

355 2924 450 2979 καὶ
505 2925 580 2985 εἰς
611 2925 668 2978 ον
705 2923 907 2998 ἔμελλε
963 2926 1218 3002 κατάγειν
1268 2920 1536 3000 θρίαμϐον
1566 2922 1901 3000 διατηρήσας
1933 2926 2006 2986 ὡς

359 3011 626 3086 μάλιστα,
693 3014 758 3070 τὰ
835 3011 1005 3069 λοιπὰ
1057 3020 1173 3076 τοῖς
1224 3015 1586 3088 στρατιώταις
1653 3015 2008 3089 προνομεύειν

351 3102 714 3178 προτέθεικεν.
776 3104 843 3160 Οἱ
897 3100 953 3158 δὲ
1021 3101 1109 3158 διὰ
1184 3109 1290 3159 τῶν
1369 3101 1640 3178 δωμάτων
1700 3110 2006 3180 χωροῦντες

2185 2659 2235 2712 8.
2270 2657 2497 2729 Oppido
2525 2658 2577 2711 vi
2608 2662 2959 2730 expugnato,
3004 2663 3223 2729 praetor
3270 2656 3602 2711 subtractas
3643 2650 3778 2706 ma?

2116 2747 2434 2802 nubiarum
2465 2747 2760 2817 primitias
2778 2747 3156 2818 captivosque
3178 2745 3533 2800 valentiores
3554 2743 3616 2796 in
3639 2757 3760 2795 ser-

2114 2838 2362 2892 vitutem
2417 2837 2690 2892 redactos
2769 2837 3054 2909 seposuit,
3113 2837 3188 2892 ad
3253 2835 3762 2906 triumphumque,

2120 2943 2298 2997 quem
2327 2927 2612 2981 ducturus
2634 2933 2780 2995 erat,
2805 2926 3121 2998 diligenter
3145 2924 3463 2979 reservavit
3487 2939 3498 2975 :
3533 2921 3764 2990 reliqua

2116 3016 2406 3071 militibus
2463 3015 2800 3087 diripienda
2861 3014 3191 3087 proposuit.
3249 3011 3341 3066 Illi
3394 3028 3500 3082 per
3554 3009 3762 3064 domos

2118 3106 2288 3161 eﬂ‘usi
2321 3105 2576 3177 prrdam
2609 3105 2928 3176 plurimam
2961 3110 3019 3159 et
3066 3101 3442 3174 magnificam
3472 3099 3760 3154 fecerunt.

351 3191 572 3253 πολλὰς
630 3193 720 3247 καὶ
770 3191 1094 3254 πολυτελεῖς
1167 3191 1497 3268 ἐκαρποῦντο
1558 3195 1652 3256 τὰς
1713 3193 2001 3274 ὠφελείας.

2118 3196 2324 3249 Fertur
2380 3195 2538 3250 enim
2595 3195 2964 3250 Cretensium
3012 3191 3294 3264 oppidum
3327 3206 3466 3262 opes
3495 3189 3766 3260 ingentes

358 3280 628 3336 Πλεῖστον
677 3282 780 3358 γὰρ
837 3283 928 3336 καὶ
979 3281 1367 3353 ἀνεξάντλητον
1423 3289 1529 3338 τῶν
1558 3286 1602 3322 ⁵¹
1657 3289 1884 3358 Κρητῶν
1915 3283 2009 3339 λέ-

355 3392 509 3447 γεται
567 3369 732 3426 πόλιν
789 3367 935 3426 ἔνδον
992 3373 1082 3427 τὸν
1132 3368 1299 3427 ὄλϐον
1344 3375 1764 3450 παρακατέχειν,
1797 3374 1884 3430 ἐπὶ
1912 3397 2008 3430 συ-

356 3462 484 3535 χνὸν
544 3461 657 3536 οὐχ
713 3460 910 3530 ἥκιστα
987 3461 1422 3536 εὐημερήσασαν,
1490 3463 1744 3537 εὐμενοῦς
1803 3486 1861 3519 τε
1916 3466 2007 3520 καὶ

357 3548 650 3625 μειλιχίου
677 3553 1019 3625 πειραθεῖσαν
1047 3558 1145 3620 τῆς
1193 3552 1393 3627 τύχης,
1450 3553 1541 3607 καὶ
1580 3551 1746 3626 μηδέν
1797 3575 1849 3607 τι
1901 3561 2007 3610 τῶν

348 3637 697 3694 ἀπευκταίων
751 3638 1216 3712 καθυπομείνασαν
1272 3643 1402 3713 (62),
1463 3641 1497 3694 ἃ
1554 3643 1588 3710 ἡ
1639 3641 2007 3718 παλίντροπος

353 3733 462 3782 τῶν
510 3728 730 3802 χρόνων
782 3729 922 3808 φορά
979 3727 1171 3784 ὡσανεί
1227 3751 1372 3791 τινας
1427 3737 1598 3804 κῆρας
1649 3730 2007 3788 ἐπικυλίνδειν

353 3815 536 3872 εἷ’ωθε·
606 3816 846 3890 μάλιστα
913 3814 970 3872 δὲ
1021 3824 1362 3892 πειρατικαῖς
1413 3819 1504 3874 καὶ
1563 3817 1886 3894 λῃστρικαῖς
1925 3843 2009 3878 κε-

356 3907 647 3980 χρημένην
677 3905 1017 3975 ἐκπλεύσεσι,
1068 3913 1175 3962 τῶν
1227 3914 1397 3984 γαιῶν
1454 3907 1775 3988 ἀμφοτέρων
1805 3908 2008 3981 ληῖσα-

351 3999 472 4050 σθαι
504 3997 576 4052 τὰ
605 3996 899 4071 παράκτια,
957 3997 1061 4052 κὰκ
1117 4003 1224 4052 τῶν
1253 3997 1516 4053 τοιούτων
1557 3996 2006 4074 ἐπιτηδευμάτων

347 4083 792 4160 ἀποθησαυρίσαι
839 4083 1079 4142 πλοῦτον
1135 4086 1434 4160 ἀμύθητον.
1469 4085 1649 4143 Ἃλλᾶ
1689 4093 1880 4144 τοῦτον
1913 4092 2006 4164 μὲν

350 4175 442 4229 τὸν
470 4176 679 4250 τρόπον
707 4174 828 4244 ἣλω
858 4175 920 4230 τὸ
967 4175 1015 4211 ⁵³
1069 4173 1199 4230 ἄστυ
1238 4175 1330 4231 καὶ
1385 4177 1523 4250 πρὸς
1548 4183 1655 4232 τῶν
1684 4179 2006 4253 Ῥωμαϊκῶν

354 4264 574 4345 ἐλήφθη
629 4271 851 4340 χειρῶν.
915 4264 1066 4321 Ἐπεὶ
1150 4262 1206 4319 δὲ
1289 4266 1354 4320 τὰ
1429 4263 1574 4321 ἔνδον
1649 4265 2004 4342 ἐκκεκόμιστο

355 4356 587 4424 ἅπαντα,
647 4355 738 4409 τὸν
795 4349 1091 4428 περίϐολον
1148 4355 1176 4409 ὁ
1235 4355 1546 4433 Νικηφόρος
1611 4357 2006 4414 κατασκάπτειν

352 4439 749 4500 διακελεύεταιο
789 4447 886 4498 τοῦ
943 4439 999 4497 δὲ
1053 4441 1322 4518 πολλαχῆ
1355 4444 1862 4518 κατερειπωθέντος,
1917 4446 2005 4503 ἐπὶ

350 4533 448 4600 τήν
480 4531 672 4607 χώραν
718 4529 872 4592 αὖθις
912 4529 1103 4621 ἀπῆγε.
1138 4532 1238 4599 τήν
1283 4527 1526 4605 δύναμιν.
1575 4529 2007 4608 Ἀνδραποδισά-
2033 4556 2077 4621 D

358 4639 512 4693 μενος
571 4641 631 4675 τε
685 4619 887 4690 ταύτην
942 4618 1034 4674 καὶ
1091 4616 1442 4695 ληϊσάμενος,
1499 4620 1590 4676 καὶ
1639 4622 1701 4677 τὸ
1758 4621 2000 4694 ἀντίξουν

2115 3289 2292 3355 atque
2314 3285 2697 3339 inexhaustas
2718 3283 3084 3339 continuisse
3108 3298 3120 3335 :
3145 3286 3459 3353 propterea
3483 3276 3638 3349 quod
3663 3276 3765 3330 diu

2113 3389 2232 3427 non
2259 3390 2470 3444 parum
2498 3371 2661 3440 felix,
2697 3373 3012 3443 propitiam
3054 3370 3408 3440 facilemque
3455 3373 3761 3438 expertum

2111 3465 2432 3528 fortunam,
2488 3465 2892 3520 calamitatum
2941 3463 3169 3517 nullam
3217 3460 3580 3532 pertulisset,
3615 3475 3762 3528 quas

2113 3553 2428 3608 mutabiles
2446 3558 2779 3624 temporum
2798 3568 3004 3607 cursus
3020 3556 3304 3620 tanquam
3320 3549 3548 3618 aliquot
3567 3552 3760 3617 pestes

2112 3649 2382 3722 infligere
2433 3649 2627 3704 solet:
2680 3655 2802 3704 tum
2848 3648 3123 3712 maxime,
3161 3645 3320 3716 quod
3351 3643 3615 3715 piraticis
3647 3659 3754 3696 ex-

2113 3739 2488 3794 cursionibus
2518 3743 2578 3792 et
2605 3738 2934 3794 latrociniis
2990 3752 3184 3800 usum,
3219 3735 3528 3803 utriusque
3569 3733 3762 3786 conti-

2111 3827 2312 3882 nentis
2343 3827 2682 3899 populando
2739 3827 2959 3892 littora,
3019 3823 3313 3896 ejusmodi
3355 3821 3582 3878 artibus
3613 3821 3762 3874 divi-

2112 3917 2224 3972 tias
2249 3917 2583 3972 ineﬂ‘abiles
2605 3921 3030 3978 coacervasset.
3052 3917 3117 3969 In
3142 3915 3298 3969 hunc
3329 3913 3571 3968 modum
3603 3912 3763 3982 oppi-

2112 4005 2253 4060 dum
2276 4012 2674 4078 expugnatum
2693 4009 3213 4073 Romanorumque
3229 4001 3508 4057 manibus
3525 4005 3763 4071 captum

2113 4100 2222 4150 est.
2255 4097 2468 4151 Evecta
2515 4101 2648 4167 post
2677 4096 2802 4150 haec
2836 4093 2999 4149 omni
3030 4091 3418 4164 supellectile,
3454 4106 3760 4145 murorum

2111 4182 2400 4238 ambitum
2432 4183 2660 4255 perfodi
2693 4189 2869 4254 atque
2927 4182 3121 4253 disjici
3161 4178 3756 4252 Nicephorusjussit:

2113 4289 2228 4342 quo
2283 4273 2489 4328 multis
2545 4273 2610 4328 in
2667 4273 2812 4328 locis
2870 4271 3190 4339 destructo,
3223 4271 3283 4324 in
3315 4286 3519 4342 agrum
3552 4283 3757 4322 rursus

2112 4361 2310 4417 educit
2338 4363 2558 4434 copias.
2590 4363 2774 4427 Quem
2804 4361 3143 4433 populatus,
3166 4359 3509 4414 hominibus
3540 4358 3601 4412 in
3634 4373 3758 4411 ser-

2111 4451 2354 4505 vitutem
2385 4451 2631 4518 redacti,
2657 4468 2790 4506 cum
2823 4449 3112 4521 quidquid
3142 4448 3422 4502 infestum
3454 4445 3760 4516 superfue-

2110 4545 2202 4595 rat
2245 4540 2344 4596 28
2403 4541 2532 4596 sine
2594 4540 2881 4612 sanguine
2938 4538 3285 4610 subegisset,
3342 4536 3400 4590 in
3460 4533 3756 4588 tumulum

2109 4628 2426 4684 sublimem
2457 4629 2827 4699 arduumque
2856 4627 3014 4682 haud
3042 4624 3252 4698 procul
3280 4623 3352 4679 ab
3385 4623 3581 4678 excisa
3609 4621 3757 4676 urbe

1565 4799 1625 4855 ϐ’
1669 4803 1729 4859 B.
1771 4803 1962 4859 HASII
2000 4805 2553 4861 ANNOTATIONES.

427 4974 476 5010 ⁴⁹
502 4978 655 5036 Fort.
690 4981 897 5053 ψυχῆς.
974 4979 1024 5014 ⁵ο
1052 4980 1206 5036 Fort.
1238 4978 1567 5054 ἀνεχαίτιζι.
1644 4982 1691 5016 δί
1719 4985 1850 5038 τῶν.
1882 4984 2009 5058 Leg.

2118 5003 2143 5036 ν
2177 4983 2296 5040 sive
2323 4982 2424 5051 τήν
2454 4985 2584 5038 τῶν.
2660 4983 2710 5019 ⁵³
2740 4979 2860 5038 εἴλο
2888 4983 2952 5038 τὸ
2983 4983 3114 5041 cod.

433 5171 1248 5254 (‘61).0p0rtebat_éxﬁepi§wv,
1277 5176 1398 5254 _vel
1455 5178 1651 5254 potius
1696 5174 2002 5254 erogata-age.

361 5239 473 5317 sed
497 5243 591 5298 hic
621 5239 877 5317 Leonem
910 5247 971 5300 in
1004 5239 1177 5317 culpa
1209 5239 1501 5302 arbitror:
1554 5249 1658 5303 lin.
1687 5239 1908 5316 23,71ibi
1939 5252 2000 5306 in

360 5309 497 5395 God.
529 5314 964 5395 festive-reﬁxa,
994 5309 1120 5395 fere
1160 5321 1396 5395 credam
1445 5309 2001 5395 scripsisse'a’zvexal-

749 5385 1270 5478 dvdZaiEiCuv‘ntﬁ‘v
1330 5391 1508 5478 ὁρμήν
1537 5385 1630 5478 ,23
1803 5385 1914 5478 84-ίῖ
1939 5393 1998 5448 C.

371 5427 490 5466 ;-‘v-
529 5427 623 5472 v7:
642 5427 691 5442 νν
749 5427 1115 5478 ΐγαζΐκιζυξῡιν
1183 5427 1268 5457 60"
1330 5427 1462 5476 υξμι
1488 5427 1506 5443 ν
1537 5427 1630 5478 ’,τυ
1684 5427 1748 5448 υ.
1767 5465 1777 5475 '
1803 5427 1890 5447 υτ.
1940 5427 1998 5448 u.

360 5462 819 5542 ἀναχατιζοιῇτην.
851 5473 1042 5537 εφοοον
1095 5461 1299 5542 26)).Δ
1330 5481 1424 5542 τας
1456 5427 1681 5542 ἐφοοους
1715 5466 2006 5542 N1_cepho-

362 5537 463 5579 rus
489 5532 630 5600 Imp.
665 5532 1092 5602 Tactic.'supra
1124 5535 1242 5586 117.
1271 5536 1337 5588 Α.
1371 5535 1472 5589 Est
1495 5532 1741 5590 'verbum
1777 5532 2008 5592 Demos-

362 5593 688 5678 thenicum,
743 5620 900 5678 saepe
936 5603 1027 5678 _i_bi
1074 5608 1342 5660 notatum
1373 5621 1408 5659 a
1437 5606 1676 5678 criticis,
1715 5613 2003 5664 veterum.

361 5663 486 5722 Vid.
521 5663 802 5730 Maussac.
827 5663 906 5731 ad
935 5674 1274 5747 Harpocrat.
1306 5677 1395 5730 42.
1428 5677 1488 5733 C.

2190 5179 2301 5250 (62)
2336 5179 2727 5253 summatm
2766 5180 3040 5253 iadjunge
3100 5181 3322 5236 Lexicis
3379 5197 3448 5236 ex
3490 5179 3600 5235 hoc
3630 5179 3758 5235 loco

2118 5267 2267 5320 eque
2298 5251 2484 5307 altero
2505 5253 2595 5305 20.
2619 5253 2675 5306 Β.
2698 5251 2924 5306 Addam
2947 5251 3328 5308 auctoritates
3356 5259 3760 5323 quantiscum-

2113 5339 2227 5392 que
2260 5324 2720 5396 sunt_Anonymi
2764 5325 2843 5378 De
2885 5325 3022 5396 _Vita
3068 5325 3123 5379 S.
3174 5325 3578 5396 Chrysostom.
3616 5324 3760 5379 VIII.

2114 5395 2237 5478 ΞΗ.
2297 5393 2656 5478 9,...ὲκ-ούσιον
2713 5393 3666 5478 τῇνῇβίαν*καθυπομένονταςῖ-Ξῐ

2117 5466 2410 5555 gregentii
2441 5467 2797 5555 Tephrensis
2828 5466 3116 5555 D_isputat.
3143 5485 3281 5555 opm
3296 5467 3503 5555 gudaao
3539 5466 3659 5555 I77.
3693 5469 3758 5555 A.

2115 5534 2280 5613 eicio
2313 5534 2581 5613 ζωοποιὸν
2614 5535 2791 5613 ἀνομα
2817 5534 3124 5613 τῆίάγίας
3153 5535 3383 5612 Τριάδος
3414 5537 3502 5591 καὶ
3536 5535 3764 5611 χείρονα

2113 5607 2321 5662 τούτων
2347 5609 2558 5664 καθυπο
2566 5607 2836 5683 μένουσιν.
