4184 6326
347 373 460 434 705

343 504 768 580 συνεκφορήσας,
856 502 947 558 καὶ
1017 502 1171 574 νίκην
1231 502 1648 580 ἐπιφανεστάτην
1703 502 1794 557 καὶ
1871 507 1988 557 οἷαν

351 596 449 650 οὐκ
478 593 651 655 ἄλλος
710 589 1140 664 ἀναδησάμενος,
1198 592 1396 656 ἐκεῖθεν
1457 594 1554 662 τὴν
1612 590 1838 664 δύναμιν
1888 593 1988 646 ἀν-

1760 368 2150 431 ΗῙΞΤΗΒῙᾸΕ
2191 368 2342 428 LIB.
2397 368 2476 428 ll.

3625 377 3744 439 706

2093 502 2578 573 congessissent:
2641 503 2768 574 ipse
2821 505 2895 558 ad
2951 505 3372 575 imperatorem
3405 510 3736 583 contendit,

2093 593 2364 649 laborum
2398 597 2642 665 praemia
2679 602 3052 668 accepturus.

348 678 643 756 ελᾶμϐανε,
675 683 763 736 καὶ
791 683 933 737 κατὰ
958 682 1025 736 τά
1055 687 1200 760 σφῶν
1231 680 1486 737 ’ἔστελλεν
1517 683 1651 754 ἤθη,
1681 681 1958 755 ἀμύθητον
1984 681 2077 737 τὸν
2109 679 2346 736 πλοῦτον
2382 683 2702 756 ἀθροίσασαν
2727 684 2790 720 ⁸⁸·
2816 682 2978 746 αὐτὸς
3001 682 3057 738 δὲ
3085 685 3222 760 πρὸς
3251 686 3342 740 τὸν
3377 687 3750 766 αὐτοκράτορα

343 771 449 837 ἔθει
481 774 548 844 ⁵⁸,
578 775 687 826 τῶν
719 769 900 824 πόνων
932 770 998 825 τά
1027 770 1159 846 γέρα
1191 770 1532 844 ληψόμενος.

415 891 464 945 ι’.
496 890 655 964 ’Ἄρτι
689 885 746 942 δὲ
771 892 1024 959 μεσοῦντι
1055 889 1154 957 τήν
1199 886 1514 965 ὁδοιπορίαν
1573 893 1651 961 τῷ
1709 894 1992 964 στρατηγῷ

345 981 503 1056 φήμη
565 1000 650 1042 τις
723 977 1034 1047 ὑπηντίαζε,
1087 979 1188 1045 τήν
1277 977 1509 1042 ἐντεῦθεν
1571 975 1835 1050 ἐκδημίαν
1895 983 1991 1033 τοῦ

345 1066 574 1130 ἄνακτος
633 1068 923 1140 Ῥωμανοῦ
982 1072 1090 1137 (72)
1150 1065 1570 1143 διαγγέλλουσα.
1631 1069 1690 1125 Ὁ
1776 1065 1853 1139 δὲ,
1913 1073 1992 1140 τῷ

346 1155 745 1231 ἀπροσδοκήτῳ
773 1163 872 1226 τῆς
907 1157 1098 1232 φήμης
1127 1156 1504 1232 ἐκταραχθεὶς,
1548 1155 1741 1232 ἐπέσχε
1796 1177 1852 1210 τε
1894 1158 1991 1224 τήν

347 1244 681 1322 διαπορείαν,
712 1245 970 1300 καὶκατά
1002 1245 1188 1320 χώραν
1248 1247 1476 1318 ὑπεμενε
1529 1246 1596 1301 σί).
1657 1248 1880 1320 Λέγεται
1936 1243 1992 1300 δὲ

343 1338 532 1389 τοῦτον
565 1335 658 1388 τὸν
686 1333 888 1407 τρόπον
921 1333 1192 1402 ἐκπλῆσαι
1223 1335 1314 1388 τὸν
1353 1334 1469 1409 βίον
1503 1340 1591 1388 τὸν
1622 1333 1992 1409 αὐτοκράτορα

344 1426 649 1499 Ῥωμανόν·
711 1423 936 1493 Ἐπειδὴ
992 1424 1354 1500 παρειληφὼς
1399 1426 1500 1494 τήν
1557 1425 1735 1500 ἀρχὴν
1777 1425 1987 1494 ἐπιεικῆ

351 1539 406 1572 τε
435 1516 526 1570 καὶ
585 1517 806 1590 μέτριον
863 1513 1020 1568 αὑτὸν
1053 1515 1142 1568 καὶ
1194 1513 1522 1590 εὐεργετικὸν
1600 1519 1678 1587 τῷ
1764 1512 1992 1588 ὑπηκόῳ

347 1605 665 1681 παρείχετο,
747 1602 1037 1667 ὑποδύντες
1119 1604 1258 1666 τινὲς
1307 1603 1398 1658 καὶ
1473 1603 1821 1678 μετελθόντες
1900 1606 1990 1658 τὸν

351 1696 657 1771 ἄνθρωπον,
695 1693 976 1769 μοχθηροί
1029 1714 1088 1747 τε
1115 1693 1204 1748 καὶ
1261 1690 1452 1748 δοῦλοι
1506 1694 1738 1769 γαστρὸς
1766 1694 1994 1748 καὶτῶν

351 1784 727 1861 ὑπὸγαστὲρα,
779 1782 1150 1858 διαφθείρουσι
1206 1785 1298 1839 τὸν
1357 1784 1734 1859 καλοκάγαθον
1792 1786 1994 1858 τρόπον

349 1879 447 1930 τοῦ
477 1876 620 1943 νέου,
656 1875 866 1948 τρυφὴν
901 1873 1240 1937 ὑποτιθέντες
1269 1871 1358 1928 καί
1406 1873 1705 1929 ἀκόλαστον
1763 1871 1990 1944 ἡδονὴν,

2176 893 2259 943 10.
2293 891 2418 945 Jam
2450 908 2584 946 vero
2619 907 2753 945 cum
2789 891 2904 946 dux
2957 892 3018 947 in
3079 893 3271 948 medio
3327 894 3539 951 itinere
3573 905 3748 967 esset,

2100 979 2259 1034 fama
2291 979 2562 1050 quasdam
2608 982 2883 1051 pervasit,
2940 983 3270 1037 Romanum
3332 985 3751 1056 imperatorem

2102 1068 2380 1122 humanis
2413 1069 2758 1124 excessisse.
2792 1072 2914 1134 Quo
2948 1071 3048 1125 ille
3077 1071 3479 1142 inexspectato
3514 1092 3750 1132 rumore

2103 1159 2456 1229 perterritus
2489 1162 2601 1215 iter
2634 1161 2932 1230 inhibuit;
2967 1163 3295 1235 eodemque
3356 1167 3416 1220 in
3449 1167 3576 1222 loco
3603 1171 3751 1225 sub-

2104 1252 2272 1305 stitit.
2310 1257 2375 1306 At
2404 1253 2728 1325 imperator
2759 1258 3056 1311 Romanus
3089 1258 3245 1313 hunc
3298 1260 3358 1312 in
3419 1262 3660 1316 modum
3720 1280 3750 1318 e

2102 1342 2219 1395 vita
2250 1344 2572 1397 excessisse
2606 1343 2844 1398 dicitur.
2907 1348 2955 1398 A
3004 1348 3296 1418 principio
3349 1350 3577 1420 imperii
3613 1368 3744 1406 cum

2103 1429 2326 1485 bonum
2349 1449 2416 1486 ac
2438 1433 2809 1488 moderatum
2845 1451 2973 1488 sese
3007 1441 3065 1489 et
3094 1437 3428 1492 beneficum
3460 1439 3520 1493 in
3556 1440 3751 1495 subdi-

2103 1529 2194 1578 tos
2227 1525 2594 1595 praebuisset,
2630 1533 2834 1597 postea
2892 1535 3270 1599 surrepentes
3328 1532 3601 1586 nonnulli
3661 1550 3751 1588 ca-

2103 1621 2456 1686 ptantesque
2488 1617 2814 1682 hominem,
2847 1618 3101 1688 improbi
3135 1620 3221 1673 illi
3267 1621 3530 1691 quidem,
3561 1625 3748 1678 ventri

2104 1711 2163 1759 et
2219 1706 2293 1759 iis
2348 1722 2478 1776 qua;
2563 1706 2670 1760 sub
2729 1713 2930 1761 ventre
2990 1715 3128 1762 sunt
3184 1709 3593 1775 inservientes,
3648 1713 3753 1766 bo-

2104 1815 2242 1852 nam
2274 1797 2668 1853 adolescentis
2728 1799 2990 1854 indolem
3045 1801 3543 1873 depravaverunt;
3592 1805 3750 1877 quod

2107 1889 2180 1944 ad
2247 1890 2451 1945 luxum
2524 1907 2657 1945 eum
2729 1892 3302 1965 immoderatamque
3388 1897 3746 1970 voluptatem

355 1962 710 2041 διεγείροντές
770 1984 827 2017 τε
882 1963 1018 2038 πρὸς
1077 1963 1413 2026 ἀλλοκότους
1460 1963 1746 2036 ἐπιθυμίας
1806 1964 1995 2018 τούτου

2112 1985 2471 2045 revocarent,
2551 1981 2624 2034 ad
2680 1981 2978 2052 mirasque
3063 1983 3344 2040 libidines
3422 1988 3748 2042 excitarent

349 2055 448 2121 τήν
483 2049 681 2126 ὄρεξιν.
719 2053 992 2114 Ἐντεῦθεν
1023 2053 1168 2126 παρὰ
1195 2052 1286 2105 τὸν
1320 2053 1505 2125 καιρὸν
1547 2057 1652 2108 τῶν
1712 2057 1996 2122 νηστειῶν,

344 2145 405 2206 ἅς
441 2143 581 2216 πρὸς
612 2142 872 2215 κάθαρσιν
900 2144 1093 2214 ψυχῶν
1122 2140 1211 2194 καὶ
1271 2140 1533 2216 ποδηγίαν
1596 2146 1697 2196 τῶν
1756 2143 1996 2216 κρειττό·

350 2253 456 2286 νων
544 2231 755 2306 ἐξεῦρον
837 2227 1025 2304 ἄνδρες
1098 2229 1540 2308 θεοφορούμενοι,
1598 2232 1999 2310 παρειληφότες

342 2321 435 2376 τὸν
462 2320 751 2393 Ῥωμανὸν
777 2319 826 2372 οἱ
859 2317 1051 2392 λοιμοὶ
1084 2322 1218 2392 (73),
1251 2319 1337 2373 ἐπὶ
1398 2318 1615 2395 θηρείαν
1676 2321 1718 2358 ⁶¹
1782 2320 1996 2398 ἐλάφων

337 2410 534 2481 ἵενται,
595 2407 646 2461 ἐν
701 2402 989 2469 δυσϐάτοις
1049 2407 1360 2470 ἐλαύνοντες
1419 2405 1618 2486 ὄρεσιν.
1653 2410 1887 2466 Ἐκεῖθεν
1941 2433 1999 2466 τε

339 2497 714 2568 ἀναζεύξαντες
773 2501 863 2551 τὸν
920 2495 1289 2572 αὐτοκράτορα
1366 2499 1760 2573 συγκομίζουσι
1846 2521 1997 2576 περι-

339 2586 679 2660 ημεκτέοντα
731 2587 818 2640 καὶ
902 2586 968 2640 τὰ
1017 2585 1336 2642 ἐπιθανάτια
1390 2589 1641 2645 πνέοντα.
1703 2589 1800 2644 Καί
1855 2610 1998 2652 τινες

346 2678 438 2750 μὶν
471 2675 530 2731 ἐκ
577 2682 680 2745 τῆς
724 2676 951 2748 ἀκαίρου
1011 2675 1168 2752 φασὶν
1224 2676 1482 2738 ἱππασίας
1542 2677 1788 2750 σπασμὸν
1850 2678 1996 2753 ἐγγε-

342 2766 522 2819 νέσθαι
551 2763 730 2836 τούτῳ
761 2763 886 2839 περὶ
939 2765 1006 2818 τὰ
1035 2765 1238 2838 καίρια.
1271 2766 1360 2826 Ὡς
1423 2761 1480 2818 δὲ
1505 2767 1538 2834 ἡ
1591 2769 1695 2819 τῶν
1729 2767 1996 2821 πλειόνων

345 2852 568 2907 ὑπόνοια
625 2849 764 2928 ἔχει,
823 2853 1060 2907 κώνειον
1124 2852 1286 2907 αὐτὸν
1347 2855 1657 2909 πεπωκέναι
1717 2856 1852 2928 πρὸς
1901 2861 2000 2922 τῆς

338 2939 814 3016 γυναικωνίτιδος.
854 2941 981 2998 Ε’ἰτε
1004 2940 1060 2996 δὲ
1095 2941 1329 3012 ἐκείνως,
1365 2941 1470 2997 ε⁹ίτε
1517 2945 1605 2998 καὶ
1656 2942 1829 3006 οὓτως
1865 2948 1996 3015 (74),

343 3026 554 3103 ἀμείϐει
583 3031 681 3086 τὸν
722 3030 1202 3106 βίονὸῬωμανὸς
1258 3033 1356 3101 τήν
1411 3039 1511 3101 τῆς
1563 3033 1785 3102 ἡλικίας
1837 3033 1996 3088 ἐλαύ-

342 3142 448 3174 νων
483 3121 694 3194 ἀκμῆν,
744 3126 891 3195 τρεῖς
954 3121 1230 3183 ἐνιαυτοὺς
1281 3122 1417 3196 πρὸς
1477 3121 1633 3177 πέντε
1687 3123 1844 3195 μησὶ,
1901 3125 1998 3192 τὴν

352 3209 728 3285 αὐτοκράτορα
760 3207 998 3272 διιθύνας
1032 3212 1232 3285 ἀρχήν.
1267 3211 1475 3267 Τούτου
1509 3209 1565 3266 δὲ
1595 3211 1644 3282 ἐξ
1703 3213 2002 3287 ἀνθρώπων

2105 2068 2486 2124 voluntatem.
2549 2071 2804 2126 Proinde
2855 2077 3119 2144 tempore
3169 2074 3565 2145 jejuniorum,
3615 2095 3744 2147 qum

2105 2158 2176 2212 ad
2209 2159 2546 2232 purgandos
2567 2160 3002 2232 rapiendosque
3057 2164 3308 2219 sublime
3354 2167 3583 2220 animos
3642 2168 3748 2221 viri

2105 2246 2301 2302 divino
2327 2248 2544 2319 Spiritu
2602 2249 2763 2320 pleni
2822 2250 3233 2318 instituerunt,
3283 2256 3610 2310 Romanum
3644 2273 3748 2310 na-

2105 2347 2213 2395 ctaa
2245 2341 2362 2395 illaa
2397 2347 2591 2412 pestes
2624 2359 2826 2397 cervos
2868 2350 3142 2398 venatum
3201 2352 3364 2415 eunt,
3421 2365 3528 2419 per
3585 2366 3749 2404 mon-

2104 2434 2190 2483 tes
2218 2429 2537 2500 impeditos
2567 2447 2750 2501 equos
2769 2433 3080 2503 agitantes.
3112 2434 3256 2489 Inde
3301 2437 3516 2491 reversi
3573 2437 3754 2509 impe-

2107 2527 2360 2576 ratorem
2392 2523 2643 2592 graviter
2672 2523 3041 2580 laborantem
3077 2527 3168 2580 31
3197 2528 3446 2599 jamque
3488 2529 3749 2585 animam

2104 2617 2377 2682 agentem
2409 2628 2609 2666 secum
2643 2607 2925 2666 referunt.
2980 2614 3126 2667 Sunt
3165 2616 3264 2685 qui
3299 2617 3618 2684 afﬁrment,
3680 2637 3748 2674 ex

2107 2697 2470 2766 equitatione
2522 2699 2938 2768 intempestiva
2995 2701 3411 2756 convulsiones
3443 2705 3494 2757 ei
3526 2705 3750 2760 circum

2104 2781 2304 2835 vitalia
2316 2782 2601 2836 accidisse
2616 2830 2618 2832 τ
2633 2782 2976 2853 Plerorumq
2987 2800 3058 2837 ue
3072 2786 3328 2854 suspicio
3343 2794 3752 2850 est,venenum

2108 2865 2160 2920 ei
2194 2882 2320 2920 esse
2353 2867 2424 2920 de
2455 2867 2716 2938 gynzecio
2777 2867 3000 2922 datum.
3065 2868 3195 2932 Sed,
3238 2871 3354 2924 sive
3387 2873 3469 2926 sic
3493 2880 3599 2941 est,
3635 2876 3752 2929 sive

2107 2949 2209 3004 illo
2245 2951 2438 3019 modo,
2473 2953 2774 3006 Romanus
2797 2958 2967 3006 astate
3029 2951 3248 3008 ﬂorens
3309 2955 3557 3018 interiit.
3590 2965 3752 3029 post-

2109 3052 2288 3105 quam
2321 3036 2715 3107 principatum
2761 3036 3101 3091 obtinuerat
3130 3055 3320 3094 annos
3353 3047 3472 3096 tres
3518 3059 3753 3098 menses

2109 3123 2394 3192 quinque.
2447 3123 2568 3187 Quo
2627 3122 2743 3177 vita
2799 3121 3023 3189 functo,
3083 3123 3188 3177 lilii
3230 3127 3360 3197 ejus
3396 3128 3644 3183 Basilius
3698 3135 3753 3183 et

2109 3208 2820 3279 Constantinus,infantes
2851 3210 3170 3266 admodum
3222 3218 3279 3266 et
3309 3213 3463 3267 inter
3493 3216 3754 3270 nutrices

347 3299 656 3374 γεγονότος,
716 3299 813 3367 τήν
867 3301 967 3367 τῆς
1051 3298 1328 3374 βασιλείας
1387 3299 1564 3376 ἀρχήν
1595 3302 1742 3373 παρά
1795 3322 1853 3355 τε
1897 3306 1994 3356 τοῦ

351 3407 474 3409 Αηκκ
521 3391 816 3409 ,,_-_"_,,
877 3387 980 3409 rI"
1071 3388 1084 3406 Ι
1325 3389 1339 3407 \
1425 3396 1451 3406 α-
1655 3389 1726 3409 \I
1864 3391 1891 3409 II

2112 3310 2434 3370 versantes,
2468 3320 2586 3358 una
2613 3321 2746 3358 cum
2772 3310 2961 3358 matre
2993 3304 3349 3374 Theophano
3382 3307 3699 3379 imperium
3723 3326 3757 3364 ει

344 3391 818 3462 πατριαρχοῦντος
877 3387 1222 3442 Πολυεύκτου
1251 3389 1340 3443 καὶ
1385 3396 1483 3459 τῆς
1522 3389 1828 3463 συγκλήτου
1864 3391 1993 3466 βου-

347 3474 449 3546 λῆς
483 3477 534 3531 οἱ
593 3476 800 3531 ἐκείνου
855 3474 1045 3541 παῖδες
1103 3478 1386 3541 Βασίλειος
1426 3479 1514 3534 καὶ
1569 3481 1990 3553 Κωνσταντῖνος,

344 3568 531 3636 νήπιοι
561 3564 768 3640 κομιδῇ
799 3567 1081 3631 τελοῦντες
1112 3571 1222 3641 (75)
1278 3567 1366 3624 καὶ
1414 3569 1824 3643 τιθηνούμενοι,
1861 3571 1994 3642 μετά

2106 3395 2422 3467 Polyeucto
2483 3397 2819 3468 patriarcha
2863 3403 3038 3468 atque
3089 3399 3355 3470 patribus
3404 3403 3757 3473 conscriptis

2104 3490 2388 3544 traditum
2421 3491 2741 3562 accipiunt.
2775 3491 2907 3544 Haec
2928 3491 3309 3562 Theophano,
3345 3493 3596 3549 obscuro
3627 3495 3755 3550 loco

2103 3586 2262 3646 nata,
2288 3583 2731 3654 pulchritudine
2765 3599 2897 3638 vero
2931 3584 3316 3656 corporisque
3348 3585 3641 3660 elegantia
3662 3588 3752 3642 in-

1543 3745 1601 3801 C.
1646 3748 1707 3803 B.
1749 3748 1939 3802 HASII
1977 3747 2542 3803 ANNOTATIONES.

418 3884 466 3920 ⁸⁸
493 3883 788 3961 ἀθροίσασα
817 3887 946 3943 cod.
970 3886 1016 3922 '9
1044 3883 1177 3960 ἔθει]
1203 3881 1298 3957 ἔθη
1334 3889 1461 3944 cod.
1497 3893 1555 3944 et
1583 3889 1760 3960 paulo
1793 3894 1927 3961 post
1957 3887 1988 3942 λ

2116 3909 2297 3960 μενος.
2328 3888 2383 3924 ⁸ο
2404 3891 2558 3944 Fort.
2595 3884 2870 3961 ὑπέμεινε.
2903 3891 2948 3926 σί
2980 3889 3222 3965 θηρείαν.
3268 3894 3363 3948 Sic
3392 3894 3522 3949 cod.

351 4039 607 4116 ljistoria
638 4041 1043 4116 Sarac_en.edit
1063 4042 1253 4116 Erpe_n
1285 4044 1406 4116 223.
1432 4043 1490 4097 C.
1516 4043 1992 4116 Aburlpharagius

351 4113 624 4166 Chronic.
646 4113 769 4183 Syr.
804 4114 842 4169 Ι.
883 4114 1444 4169 194.C.etAbulfeda
1466 4113 1990 4170 AnnaLMosle'mi-

351 4184 436 4238 cis
462 4183 598 4258 edit.
647 4183 948 4258 Adlergll,
982 4187 1105 4238 476.
1168 4188 1235 4241 Α.
1295 4185 1575 4258 l)elmitaa,
1620 4204 1874 4258 quorum
1929 4187 1993 4241 fit

350 4255 574 4329 mentio
597 4257 986 4329 supra203.C.
1004 4262 1143 4329 sunt
1171 4275 1314 4329 gens
1337 4257 1396 4312 in
1414 4255 1653 4313 Parthia
1665 4259 1820 4314 circa
1833 4275 1992 4313 mare

350 4327 646 4400 Caspium,
684 4329 743 4380 in
771 4328 915 4399 jugo
950 4327 1240 4382 montium
1298 4346 1414 4400 quo
1472 4347 1632 4385 nunc
1691 4331 1901 4385 Ghilan
1937 4336 1994 4384 et

352 4397 757 4472 Mazenderam
806 4397 864 4452 ai
897 4400 1216 4472 provinciis
1271 4397 1516 4472 iA‘lgebal
1548 4409 1605 4456 et
1638 4403 1766 4456 lrak
1800 4402 1991 4472 Ajami

354 4468 860 4524 disterminantur.

343 4539 472 4615 j_am
506 4541 783 4615 Agathias
805 4544 891 4595 92.
969 4543 1032 4596 Ι).
1097 4549 1154 4596 et
1188 4539 1661 4615 Th'eOphy'lactus
1694 4545 1992 4600 Simocatt.

351 4611 412 4666 C.
447 4614 536 4666 96.
573 4612 905 4667 Militabant
926 4618 1214 4668 tunccum
1247 4611 1454 4670 Curdis
1480 4615 1998 4671 finitimisinexer-

353 4682 578 4759 c_itibus_
600 4683 879 4759 Arabum.
900 4685 1263 4740 Theodosius
1286 4686 1573 4743 diaconus
1605 4688 1684 4744 De
1708 4704 2000 4759 expugna-

354 4753 514 4808 tione
541 4756 724 4809 Cretas
756 4758 992 4810 Acroas.
1031 4759 1093 4810 V.
1127 4761 1194 4810 22
1221 4774 1233 4810 :

854 4893 932 4936 Τί
949 4861 1095 4936 πλὴν
1129 4861 1182 4916 ἐν
1201 4862 1362 4936 τάχει

355 4933 476 5007 ΪΓῷν
507 4933 817 5007 Δελεμιτῷν
855 4927 1150 5007 βελιϐιτῷν
1181 4927 1312 4994 τοὺς
1339 4935 1540 4997 τόπους

356 4952 476 4984 νιων
507 4952 639 4985 aus
693 4953 817 4986 ιτων
855 4952 1150 5007 ρεΛιοιτων
1181 4955 1308 4994 τους
1339 4952 1540 4997 τοπους

355 5000 530 5055 Ιιείσει
563 4952 852 5075 χαλιεῖσθαι
896 5006 986 5058 σὸν
1025 5003 1206 5080 βέλος,
1241 5002 1710 5080 σκηπτροκρᾱίτορ.

353 5112 609 5167 Tametsi
633 5113 712 5168 ibi
746 5115 1034 5185 Fogginus
1067 5116 1188 5168 389.
1224 5115 1288 5170 D.
1324 5110 1630 5185 Δελεμιτῶν
1667 5132 1785 5169 non
1809 5115 2001 5185 gentis

355 5199 597 5250 nomen,
661 5185 763 5240 sed
830 5187 1188 5257 generaliter
1244 5188 1514 5242 omnium
1575 5188 2000 5242 Saracenorum

358 5264 817 5329 cognomentum
861 5274 989 5312 esse
1049 5262 1233 5328 putet.
1294 5259 1549 5322 Fluvius,
1611 5274 1792 5329 prope
1826 5273 2000 5329 quem

357 5334 682 5400 Dugnatum
715 5328 847 5389 fuit.
910 5335 1000 5382 est
1054 5329 1302 5384 fortasse
1362 5328 1746 5400 antiquorum
1789 5328 2003 5383 Chalus

361 5398 655 5472 Arabibus
689 5401 915 5472 Kowaik
956 5417 1058 5455 seu
1092 5402 1240 5460 Caic.
1293 5398 1526 5472 agrum'
1560 5402 2004 5472 Berrhceensem

357 5469 560 5543 rigans
593 5471 837 5543 rivulus,
870 5471 950 5543 de
992 5489 1108 5543 quo
1153 5469 1437 5543 Excerpta
1477 5472 1584 5525 lbn
1634 5473 1700 5527 Ol
1787 5471 2002 5537 Wardi,

358 5541 504 5595 calc.
539 5541 720 5612 Syrian
752 5542 969 5595 Albulf.
1019 5541 1112 5597 ed.
1170 5541 1370 5597 Kochl.
1427 5546 1546 5597 190.
1599 5545 1661 5596 Α.
1723 5550 1822 5598 aut
1852 5559 2006 5597 unus

359 5627 388 5664 e
422 5613 802 5675 terrentibus,
839 5614 938 5683 qui
973 5630 1041 5667 ex
1071 5615 1293 5668 Amano
1355 5621 1664 5670 manantes
1698 5614 1756 5668 in
1811 5615 2006 5669 lacum

356 5683 820 5738 Antiochensem
855 5689 1187 5752 transeunt,
1219 5691 1283 5740 ut
1336 5687 1607 5754 Ufrenus,
1659 5685 1878 5755 aliique
1932 5684 2006 5739 ad

2103 4117 2332 4240 eg‘regie
2365 4115 2639 4170 convenit
2668 4133 2804 4170 cum
2835 4116 3138 4198 Elmacino
3170 4115 3366 4174 223.0.

2102 4188 2141 4241 C
2190 4186 2577 4241 ambdanum.
2637 4187 2748 4241 hoc
2808 4194 2897 4241 est
2952 4189 3366 4241 Seifeddaulan

2103 4043 2425 4126 Gindarum
2457 4043 2546 4096 vel
2574 4044 2924 4133 Cephyra'm.
2952 4046 3549 4133 Narrati‘o‘sc'riptoris
3564 4051 3750 4133 nostri

2190 4122 2332 4188 regie
2365 4122 2639 4170 convenit
2668 4133 2804 4170 cum
2836 4122 3138 4172 Elmacino
3170 4122 3366 4174 223.0.
3401 4122 3501 4190 qui
3522 4122 3750 4190 scribit,

2190 4186 2577 4251 ambdanum,
2637 4187 2748 4242 hoc
2808 4194 2897 4242 est
2952 4189 3412 4252 Seifeddaulam,
3460 4192 3748 4248 Hamdani

2103 4266 2400 4340 nepotem.
2434 4258 2617 4328 copiis
2641 4258 2935 4340 bipartitis
2959 4261 3243 4330 majorem
3277 4269 3505 4340 partem
3536 4266 3752 4336 Nagjao

2103 4330 2292 4406 legato
2321 4347 2425 4384 suo
2457 4330 2826 4406 commisisse
2855 4349 2866 4384 :
2905 4331 3100 4406 ipsum
3131 4330 3293 4406 cum_
3323 4334 3533 4406 exigua
3572 4330 3749 4391 manu

2104 4402 2251 4476 (hinc
2306 4407 2394 4476 es_t
2450 4402 2635 4476 nostri
2695 4403 3001 4476 scriptoris
3059 4404 3271 4476 cohors
3343 4402 3445 4459 ad'
3475 4409 3749 4476 superius

949 4470 1234 4526 ilimnitas
1267 4469 1635 4545 [Διλιμνίτας]
1666 4469 1994 4527 memorant
2027 4480 2074 4544 ι)
2109 4469 2318 4528 vadum
2349 4473 2612 4545 ﬂuminis
2645 4469 2981 4541 considens)
3013 4474 3393 4535 remansisse.
3441 4469 3616 4545 quam
3652 4478 3749 4530 Ni-

2106 4546 2398 4613 cephorus
2429 4544 2616 4598 solam
2648 4553 2877 4608 nactus,
2909 4546 3300 4615 impressione
3329 4544 3486 4600 facta
3508 4548 3745 4616 penitus

2109 4617 2344 4670 delevit.

2179 4691 2290 4756 (72)
2323 4686 2479 4741 Obiit
2507 4687 2807 4740 Romanus
2837 4687 3044 4741 Junior
3073 4688 3219 4756 Imp.
3273 4685 3366 4740 die
3430 4690 3513 4741 16.
3563 4688 3749 4740 Martii

2109 4775 2162 4812 a.
2195 4761 2319 4821 963,
2353 4757 2797 4811 demonstrante
2828 4758 2999 4827 Pagio
3032 4758 3226 4811 Critic.
3261 4757 3333 4812 ad
3359 4759 3486 4812 Bar.
3515 4760 3600 4812 ιν.
3626 4761 3676 4811 li.
3710 4764 3753 4812 Λ

2110 4834 2168 4883 et
2196 4831 2352 4900 Krug
2381 4828 2604 4897 (Chron.
2631 4828 2728 4881 der
2758 4827 3050 4900 Byz.i326.
3083 4833 3138 4882 B.
3173 4829 3752 4900 Nicephorus,Cplim

2108 4899 2295 4954 redux
2335 4899 2567 4952 'mense
2625 4899 2811 4968 Aprili
2871 4899 3137 4968 (Cedren.
3193 4901 3261 4953 ll.
3304 4903 3428 4954 645.
3494 4899 3624 4966 1).),ί
3658 4901 3754 4955 die

2109 4975 2161 5026 2.
2194 4970 2330 5025 Julii
2367 4970 2424 5023 in
2457 4985 2663 5039 campo
2692 4977 2825 5024 aute
2858 4971 3182 5026 Caesaream
3210 4970 3281 5025 ab
3331 4973 3592 5026 exercitu
3643 4973 3754 5027 im-

2110 5049 2348 5117 perator
2377 5041 2803 5117 _renuntiatus_
2836 5048 2924 5117 est
2949 5045 2994 5117 _(
3028 5043 3333 5117 Constant.
3390 5044 3752 5117 Porphyrog.

2111 5112 2338 5168 Caerim.
2377 5113 2605 5182 Byzant.
2642 5112 2681 5165 Ι.
2713 5114 2834 5166 251.
2872 5114 2962 5180 D.)
2989 5112 3002 5168 ξ
3028 5115 3109 5168 ita
3161 5131 3291 5184 quas
3342 5112 3662 5169 narrantur
3704 5112 3754 5170 'a

2113 5187 2304 5258 Leone
2329 5200 2454 5258 cap.
2492 5200 2568 5258 xi.
2595 5189 2651 5238 et
2684 5201 2776 5238 xu.
2805 5185 2981 5258 hujus
3015 5185 3181 5258 libri,
3199 5202 3446 5258 necesse
3470 5187 3758 5258 estAprili

2113 5262 2173 5312 et
2201 5255 2346 5309 Maio
2381 5255 2647 5322 ejusdem
2690 5256 2829 5310 anni
2861 5259 2964 5310 963
3023 5257 3326 5312 accidisse.

2182 5329 2298 5393 (73)
2331 5325 2470 5380 Inde
2502 5327 2754 5382 Zonaras
2813 5327 2874 5380 ll.
2939 5331 3060 5382 196.
3123 5330 3185 5398 1).
3221 5327 3377 5398 quod
3410 5328 3508 5392 ait,
3544 5331 3757 5383 Roma-

2115 5398 2577 5521 numjiiniorem
2635 5414 2695 5452 se
2747 5397 3004 5469 dedisse,
3064 5395 3285 5474 ἀνδράσι
3346 5395 3760 5475 διεφθαρμένοις

2115 5489 2171 5521 τε
2201 5489 2288 5521 και
2363 5487 2568 5521 οσιιοκ.

2113 5489 2171 5521 τε
2201 5489 2288 5522 και
2324 5487 2568 5528 Λοσμοις.

2324 5489 2709 5613 ἓέᾶξίιοειιξοβυίι
2739 5540 2866 5596 haec
2895 5543 3155 5613 Agathiaa
3188 5545 3274 5598 69.
3311 5543 3372 5594 Β.
3407 5535 3533 5594 Εἴτε
3567 5537 3634 5607 δὴ
3669 5539 3758 5594 οὗν

2117 5608 2312 5677 οὕτως,
2344 5608 2450 5664 εὛτε
2483 5608 2720 5670 ἐκείνως.

2187 5685 2304 5754 (75)
2327 5682 2542 5737 Confer
2575 5681 2884 5753 Agathiam
2915 5685 3002 5737 90.
3027 5684 3090 5737 D.
3119 5742 3127 5750 ,
