4184 6326
331 393 470 455 709

1754 388 2149 451 HISTORME
2189 390 2336 450 LIB.
2384 392 2459 451 ll.

3654 401 3775 465 ’110

330 527 607 603 τρόπαια
631 525 816 583 καὶτὰ
871 525 1011 582 κατᾶ
1065 522 1345 600 πολέμους
1403 521 1889 602 ἂνδραγαθήματα)
1919 521 2009 577 ἐπὶ

2133 524 2412 597 palatium
2444 543 2582 583 eum
2611 529 2858 597 vocavit,
2892 528 2941 584 si
2970 528 3122 584 forte
3152 545 3287 585 cum
3319 529 3549 585 nudum
3579 549 3614 588 a
3643 550 3778 605 pro-

325 618 399 675 τὸ
459 617 776 692 ἀνάκτορον
833 621 1029 673 τοῦτον
1081 613 1332 671 ἐκαλεῖτο
1388 615 1550 689 (79),
1584 612 1637 670 εἷ’
1682 633 1801 675 πως
1853 612 2019 669 αὐτὸν

325 702 516 780 ψιλὸν
554 712 662 774 τῆς
714 701 995 778 δυνάμεως
1047 700 1383 797 ἀπειληφὼς
1418 707 1526 757 τῶν
1582 722 1640 758 τε
1670 696 1846 776 ὄψεων
1900 720 2023 756 στε-

330 795 494 869 ρήσῃ
556 793 655 849 καὶ
687 793 948 867 ὑπερορίᾳ
1003 788 1370 868 παραπέμψῃξ
1430 788 1608 848 ’Λλλὰ
1664 790 1726 846 τὸ
1783 793 2023 864 κακοῦρ-

328 904 440 962 γον
469 885 577 939 καὶ
612 884 977 959 περιπόνηρον
1029 887 1127 940 τοῦ
1158 884 1361 962 Ἰωσὴφ
1396 883 1425 937 ὸ
1456 881 1763 958 στρατηγὸς
1823 879 2020 940 συνιεὶς

330 970 724 1049 (δραστήριος
757 974 863 1051 γὰρ
895 973 947 1035 ἐς
978 973 1040 1028 τὸ
1104 968 1325 1047 ἀκριϐὲς
1383 973 1471 1043 ἦν,
1522 971 1613 1027 καὶ
1669 968 2021 1048 καταστοχά-

334 1066 557 1118 σασθαι
609 1063 976 1139 κακοτροπίαν
1031 1059 1224 1137 ἀνδρος
1278 1061 1734 1140 προχειρότατος)
1800 1058 1852 1114 ἐν
1923 1061 2022 1129 τήν

336 1151 632 1230 Μεγάλην
660 1150 992 1222 Ἐκκλησίαν
1024 1156 1209 1230 φοιτᾷ,
1242 1150 1333 1208 καὶ
1388 1156 1465 1224 νῷ
1522 1150 1870 1228 ἶεραρχοῦντι
1922 1153 2022 1203 Πο-

339 1239 623 1315 λυεύκτῳ
653 1241 729 1303 εἰς
781 1239 984 1319 λόγους
1043 1238 1238 1310 ἐλθὼν,
1295 1236 1447 1314 ἀνδρὶ
1499 1241 1598 1309 τήν
1645 1260 1704 1294 τε
1759 1238 1902 1294 θείαν
1930 1236 2021 1292 καὶ

336 1330 710 1406 ἀνθρωπίνην
757 1328 1086 1411 φιλοσοφίαν
1117 1329 1194 1391 εἷς
1228 1323 1391 1404 ἄκρον
1437 1326 1886 1404 ἐκμελετήσαντι,
1929 1327 2021 1383 καὶ

343 1421 479 1496 βίον
543 1418 951 1496 αἰρετισαμένῳ
1007 1417 1068 1475 ἐκ
1146 1419 1403 1490 νεότητος
1464 1415 1751 1493 μοναδικόν
1816 1438 1875 1473 τε
1930 1416 2021 1472 καὶ

342 1508 620 1577 ἄσκευον,
660 1510 754 1565 καὶ
802 1507 1109 1583 παρρησίαν
1161 1509 1291 1584 ὑπὲρ
1349 1507 1628 1583 ἄνθρωπον
1682 1505 2021 1580 κεκτημένῳ,

343 1597 419 1668 ἢν
454 1598 579 1678 οὐχ
610 1600 646 1668 ἡ
679 1596 836 1677 φύσις
884 1596 1113 1653 ἐνεποίει
1143 1595 1292 1670 αύτῷ
1350 1596 1533 1671 μόνον,
1589 1596 1761 1670 τομίᾳ
1817 1616 1879 1672 γε
1909 1591 2023 1651 ὄντι

339 1688 444 1743 καὶ
480 1687 543 1749 ἐς
577 1686 812 1766 ἔσχατον
842 1693 1018 1764 γῆρας
1047 1684 1346 1758 ίέλάσαντι,
1377 1683 1526 1741 ἀλλὰ
1581 1686 1673 1741 καὶ
1703 1687 1738 1754 ἡ
1765 1683 2020 1754 ἀκτησία,

339 1777 444 1834 καὶ
478 1776 550 1832 τὸ
582 1774 978 1847 ἀνεπίληπτον,
1008 1776 1101 1831 καὶ
1134 1775 1198 1831 τὸ
1248 1773 1406 1831 λιτὸν
1464 1779 1562 1830 τοῦ
1595 1774 1720 1848 βίου
1768 1773 1859 1829 καὶ
1889 1771 2024 1827 ἀπέ-

345 1864 782 1941 ριττον’”τούτῳ
840 1861 906 1935 δὴ
966 1869 1046 1937 τῷ
1096 1862 1449 1938 Πολυεύκτῳ,
1508 1861 1625 1919 ἐπεὶ
1682 1862 1758 1923 εἷς
1815 1860 2019 1940 λόγους

344 1953 531 2025 ἦλθεν
584 1955 613 2010 ὁ
676 1954 1017 2034 Νικηφόρος,
1076 1976 1104 2006 ‹‹
1166 1952 1352 2014 Καλάς
1402 1975 1485 2032 γε,
1535 1949 1662 2033 ἔφη,
1720 1952 1867 2027 παρὰ
1922 1956 2020 2007 τοῦ

349 2050 469 2101 τῶν
525 2041 827 2120 βασιλείων
882 2043 1252 2124 κατάρχοντες
1312 2046 1398 2117 [Ρ·
1431 2046 1523 2117 20]
1584 2048 1691 2098 τῶν
1747 2041 2024 2098 τοσούτων

349 2132 599 2210 ἀγώνων
650 2132 742 2189 καὶ
799 2133 977 2188 πόνων
1034 2138 1354 2208 καρποῦμαι
1411 2133 1507 2194 τὰς
1558 2126 1819 2206 ἀμοιϐὰς·
1854 2132 1913 2192 ὃς
1962 2151 2025 2209 γε

352 2223 452 2280 τὸν
484 2221 770 2293 ἀλάθητον
799 2222 891 2278 καὶ
943 2222 1112 2299 μέγαν
1163 2219 1447 2302 ὀφθαλμὸν
1504 2219 1694 2292 λήσειν
1752 2220 2022 2294 οἰόμενος,

354 2312 428 2368 τὰ
460 2311 754 2386 Ῥωμαϊκά
815 2332 913 2386 μοι
965 2309 1295 2368 πλατύνοντι
1326 2312 1452 2385 ὅρια
1481 2315 1600 2372 ταῖς
1631 2315 1729 2367 τοῦ
1776 2310 2027 2384 κρείττο-

351 2423 447 2464 νος
483 2397 812 2458 εὖοδώσεσιν
872 2404 1012 2474 (80),
1110 2401 1211 2456 ούκ
1266 2399 1525 2476 ἐνάρκησε
1581 2402 2025 2475 σκαιωρήσασθαι

354 2492 595 2549 θανάτον
626 2495 761 2566 (81),
795 2488 1026 2567 μηδέπω
1060 2488 1229 2567 μηδὲν
1275 2491 1351 2552 εἷς
1408 2492 1470 2547 τὸ
1528 2492 1707 2547 κοινὸν
1754 2490 2025 2565 πλημμε-

358 2578 628 2652 λήσαντι,
656 2581 1107 2659 συνεισενεγκόντι
1139 2577 1196 2635 δὲ
1231 2578 1445 2655 μᾶλλον
1496 2579 1594 2636 ὅσα
1656 2582 1732 2655 μή
1783 2600 1866 2640 τις
1917 2584 2026 2635 τῶν

358 2676 456 2725 νῦν
516 2669 823 2727 τελούντων
879 2667 1084 2745 ἀνδρῶν
1118 2713 1133 2740 ,
1189 2669 1281 2725 καὶ
1357 2669 1628 2740 τοσαύτην
1687 2669 1779 2742 μὲν
1837 2669 2025 2747 χώραν

364 2765 478 2815 τῶν
509 2763 830 2837 ’Δγαρηνῶν
885 2759 1016 2834 πυρὶ
1078 2759 1170 2815 καὶ
1230 2759 1480 2838 μαχαίρᾳ
1536 2755 2026 2833 δῃωσαμὲνῳ,τη-

366 2847 641 2911 λικαύτας
671 2846 729 2904 δὲ
776 2846 970 2910 πόλεις
1001 2847 1062 2904 ἐκ
1094 2848 1309 2924 βάθρων
1364 2847 1841 2923 κατερειπώσαντι·
1877 2846 2023 2923 Ἐγὼ

364 2935 423 2994 δὲ
454 2940 675 3011 ἠξίουν,
736 2938 829 2994 τὸν
881 2935 1250 3015 συγκλητικὸν
1280 2932 1445 3012 ἄνδρα
1502 2934 1712 3007 ἐπιεικῆ
1768 2956 1827 2992 τε
1883 2937 2023 2991 εἶναι

360 3029 456 3084 καὶ
520 3028 767 3103 μέτριον,
799 3028 891 3083 καὶ
948 3029 1025 3103 μή
1083 3047 1201 3085 τινα
1258 3023 1643 3103 δυσμεναίνειν,
1705 3024 1796 3083 καὶ
1854 3030 2025 3082 ταῦτα

367 3119 576 3194 μάτην,
612 3118 901 3195 ἀπέραντα.
936 3142 963 3170 ››

437 3212 531 3286 ιβ”
568 3208 793 3268 Τούτων
821 3214 929 3265 τῶν
951 3209 1215 3284 ῥημάτων
1246 3209 1275 3264 ὁ
1308 3210 1663 3288 πατριάρχης
1692 3206 2021 3276 ἐνωτισθεὶς,

2125 617 2450 672 tectoribus
2471 625 2705 687 nactus,
2729 618 2918 674 oculis
2942 619 3237 690 privatum
3272 619 3333 674 in
3366 620 3644 677 exsilium
3662 624 3782 693 pel-

2124 704 2294 761 leret.
2333 706 2477 772 Dux,
2519 707 2824 764 intellecto
2873 709 3113 781 Josephi
3175 708 3404 764 crudeli
3457 709 3781 782 dolosoque

2127 796 2378 852 consilio
2410 801 2497 854 (ut
2517 803 2646 853 erat
2663 798 2916 854 miriﬁce
2943 797 3293 865 industrius,
3327 804 3386 853 et
3405 800 3773 870 promptissio

2126 902 2260 942 mus
2291 887 2364 942 ad
2394 888 2872 960 perspiciendam
2902 888 3165 943 hominis
3196 887 3416 943 malam
3465 891 3773 961 mentem),

2126 976 2188 1031 in
2226 978 2493 1049 Magnam
2525 978 2850 1034 Ecclesiam
2881 994 2943 1033 se
2975 978 3237 1050 conjicit,
3282 984 3358 1045 et,
3394 977 3611 1034 collato
3653 996 3774 1034 ser-

2126 1081 2303 1120 mone
2355 1083 2487 1122 cum
2544 1066 2863 1138 Polyeucto
2920 1068 3103 1122 sacris
3160 1065 3458 1138 praefecto,
3522 1068 3645 1123 viro
3680 1068 3780 1139 qui

2126 1155 2390 1212 divinam
2411 1162 2589 1229 atque
2608 1158 2930 1214 humanam
2946 1159 3385 1231 philosophiam
3402 1175 3781 1230 summopere

2127 1245 2469 1313 meditatus,
2504 1247 2692 1303 electo
2724 1247 2837 1302 sibi
2868 1265 2903 1305 a
2931 1248 3187 1319 pueritia
3233 1249 3565 1304 mouastico
3603 1254 3780 1319 atque

2127 1335 2401 1406 eXpedito
2426 1336 2555 1392 vitm
2568 1353 2814 1409 genere,
2843 1337 2977 1408 plus
2997 1354 3175 1408 quam
3198 1344 3460 1393 humana
3481 1343 3607 1394 erat
3627 1338 3781 1393 ﬁdu-

2126 1424 2219 1480 cia
2246 1424 2566 1496 praditus:
2601 1442 2779 1497 quam
2809 1442 2932 1482 non
2960 1432 3174 1482 natura
3202 1426 3397 1482 solum
3426 1427 3515 1481 illi
3547 1427 3770 1484 attule-

2125 1520 2238 1583 rat,
2268 1515 2514 1586 spadoni
2546 1516 2830 1571 nimirum
2861 1522 2920 1572 et
2939 1516 3114 1589 longe
3145 1521 3316 1572 astate
3341 1523 3641 1589 provecto,
3666 1517 3771 1574 sed

2128 1604 2307 1658 etiam
2336 1603 2632 1659 abdicatio
2662 1605 2978 1673 honorum,
3012 1609 3071 1661 et
3116 1605 3441 1678 inculpata,
3493 1608 3773 1678 simplex,

2127 1693 2227 1748 38
2259 1692 2490 1748 deliciis
2521 1710 2729 1750 carens
2761 1694 2894 1750 vita;
2933 1695 3082 1750 ratio
3108 1711 3122 1749 :
3155 1712 3289 1751 cum
3321 1696 3455 1761 hoc,
3505 1696 3773 1767 inquam,

2126 1780 2445 1852 Polyeucto
2469 1782 2684 1838 collato
2700 1799 2995 1850 sermone,
3021 1770 3388 1855 Nicephorus
3414 1801 3427 1839 :
3452 1808 3479 1835 «
3499 1786 3772 1858 Egregias

2131 1887 2294 1937 sane,
2325 1892 2352 1921 ››
2387 1871 2488 1939 ait,
2527 1896 2554 1923 ι(
2587 1876 2673 1926 tot
2701 1876 3123 1943 tantorumque
3153 1873 3549 1929 certaminum
3597 1879 3774 1946 atque

2128 1957 2399 2016 laborum
2429 1960 2583 2017 vices
2616 1961 2876 2032 percipio
2913 1961 2986 2017 ab
3019 1978 3087 2017 eo
3119 1962 3221 2033 qui
3271 1962 3422 2017 aula)
3454 1969 3690 2034 praaest.
3720 1965 3776 2019 ls

2130 2064 2285 2114 eum,
2320 2065 2498 2119 quem
2530 2049 2616 2104 nil
2646 2050 2810 2116 latet,
2866 2066 3147 2123 magnum
3205 2052 3444 2107 oculum
3501 2069 3564 2107 se
3594 2052 3778 2109 latere

2128 2154 2304 2208 posse
2332 2138 2674 2209 arbitratus,
2707 2140 2876 2210 mihi,
2909 2142 3010 2213 qui
3061 2143 3179 2197 Deo
3221 2143 3477 2214 propitio
3530 2144 3781 2199 Romani

2129 2228 2365 2299 imperii
2424 2230 2573 2284 fines
2604 2231 3077 2302 propagaverim,
3119 2233 3531 2289 machinandae
3565 2235 3776 2289 mortis

2131 2316 2367 2372 nullum
2409 2318 2590 2373 ﬁnem
2648 2318 2826 2386 fecit;
2888 2320 3123 2375 tametsi
3186 2321 3337 2375 nihil
3382 2322 3672 2377 hactenus
3721 2322 3783 2378 in

2128 2405 2562 2477 rempublicam
2589 2407 2814 2479 deliqui
2839 2424 2852 2462 :
2877 2409 3103 2465 contuli
3126 2414 3323 2464 autem
3345 2410 3408 2465 in
3436 2426 3570 2466 eam
3597 2417 3781 2478 tanta,

2133 2500 2357 2565 quanta
2386 2512 2562 2552 nemo
2595 2496 2773 2569 hujus
2813 2499 3100 2570 temporis
3147 2499 3502 2567 hominum;
3552 2506 3778 2556 tantam

2132 2586 2561 2641 Saracenorum
2596 2587 2901 2656 regionem
2950 2588 3071 2660 igni
3127 2588 3405 2660 ferroque
3463 2589 3780 2663 populatus

2130 2688 2285 2741 sum,
2317 2678 2439 2728 tam
2471 2674 2659 2729 multa
2689 2675 2908 2746 oppida
2936 2693 2971 2731 a
3001 2676 3405 2733 fundamentis
3455 2678 3630 2735 dirui.
3666 2681 3781 2751 Ego

2130 2760 2479 2827 arbitrabar,
2513 2763 2742 2819 ordinis
2765 2764 3046 2819 senatorii
3075 2765 3381 2821 hominem
3398 2766 3701 2838 placidum
3725 2774 3783 2823 et

2128 2848 2464 2905 modestum
2495 2866 2623 2906 esse
2654 2850 2893 2922 debere,
2917 2869 3111 2924 neque
3137 2854 3290 2910 ullas
3321 2870 3498 2911 vanas
3526 2856 3780 2913 insidias

2128 2938 2431 2994 incassum
2471 2937 2769 2997 meditari.
2800 2961 2827 2990 ››

2202 3208 2288 3265 12.
2322 3208 2423 3265 His
2452 3209 2792 3280 patriarcha
2822 3226 2893 3265 ex
2924 3210 3250 3283 Nicephoro
3283 3211 3523 3281 auditis,
3557 3214 3774 3269 animi-

356 3299 450 3354 καὶ
503 3301 611 3370 τὴν
667 3298 976 3374 προθυμίαν
1026 3296 1387 3378 ἀναφλεχθεὶς
1419 3340 1434 3365 ,
1489 3287 1589 3360 εἷς
1632 3298 1699 3354 τὰ
1760 3295 2013 3373 βάσίλεια

2133 3314 2244 3368 que
2262 3298 2472 3354 ardore
2492 3315 2834 3369 succensus,
2858 3300 2919 3355 in
2946 3300 3235 3372 palatium
3248 3302 3430 3369 venit,
3453 3318 3574 3359 una
3589 3303 3776 3358 comi-

354 3387 682 3458 εἷσελαύνει,
736 3388 829 3444 τὸν
883 3388 1200 3467 Νικηφόρον
1256 3382 1401 3468 ἔχων
1458 3389 1899 3466 συνεφεπόμενον·
1931 3386 2023 3441 καὶ

349 3479 450 3548 τὴν
522 3475 838 3554 σύγκλητον
922 3475 1241 3538 εἰσκαλέσας
1277 3522 1293 3545 ,
1352 3500 1381 3530 (ι
1441 3478 1519 3536 Οὑ
1578 3473 1788 3533 δίκαιον
1822 3519 1837 3545 ,
1895 3474 2020 3555 ἔφη,

347 3568 475 3628 τοὺς
524 3567 657 3641 ὑπὲρ
725 3572 826 3635 τῆς
884 3566 1207 3640 Ῥωμαῖκῆς
1266 3564 1548 3640 εὐετηρίας
1607 3567 1811 3621 ἑαυτῶν
1868 3564 2024 3644 ἀφει-

350 3651 659 3725 δήσαντας,
701 3654 791 3709 καὶ
853 3654 1051 3715 πόνους
1110 3654 1203 3708 καὶ
1261 3650 1538 3715 κινδύνους
1594 3654 2024 3728 καθυπομείναν-

351 3763 467 3813 τας,
541 3742 884 3821 εὐγνώμονάς
939 3762 997 3797 τε
1048 3742 1139 3796 καὶ
1202 3742 1461 3818 μετρίους
1515 3743 1738 3804 ἑαυτοὺς
1776 3762 2023 3820 παρεχο-

359 3834 566 3906 μένους
621 3832 757 3906 πρὸς
810 3832 871 3886 τὸ
933 3828 1238 3910 ὁμόφυλον,
1298 3828 1734 3904 προπηλακίζειν
1780 3831 1870 3885 καὶ
1901 3830 2023 3885 ἀτι-

363 3927 535 3996 μοῦν,
565 3917 831 3976 κυδαίνειν
863 3917 920 3975 δὲ
953 3917 1167 3993 μᾶλλον
1213 3919 1305 3975 καὶ
1364 3924 1620 3975 ταινιοῦν.
1654 3918 1720 3976 Εἰ
1779 3920 1871 3974 οὖν
1901 3919 2023 3974 πεί-

358 4008 521 4068 θεσθέ
552 4030 647 4085 μοι
690 4008 756 4065 τὰ
818 4007 1000 4083 λῷονα
1058 4003 1544 4084 συμϐουλεύσοντι,
1597 4010 1695 4079 τὴν
1751 4006 1891 4084 ἐμὴν
1922 4007 2021 4065 αύ-

2133 3394 2254 3443 tem
2285 3387 2586 3445 adducens
2617 3390 3009 3463 Nicephorum
3035 3407 3047 3445 :
3083 3397 3518 3464 convocatoque
3544 3400 3780 3465 senatu,

2133 3499 2159 3527 «
2194 3477 2361 3533 Haud
2393 3495 2649 3550 aequum,
2684 3499 2712 3528 »
2738 3479 2955 3551 inquit,
2990 3502 3015 3529 ‹‹
3054 3496 3154 3535 eos
3181 3482 3282 3552 qui
3314 3499 3419 3553 pro
3453 3482 3642 3539 salute
3674 3485 3783 3540 Ro-

2133 3580 2468 3635 manorum,
2526 3566 2693 3621 nulla
2750 3568 2842 3622 sui
2900 3568 3129 3623 ratione
3188 3569 3413 3637 habita,
3445 3570 3680 3627 labores
3712 3588 3780 3627 ac

2131 3653 2396 3724 pericula
2421 3654 2852 3721 sustinuerunt,
2868 3655 3088 3726 quique
3113 3673 3251 3729 erga
3273 3674 3411 3713 suos
3451 3659 3604 3715 cives
3624 3660 3779 3715 viros

2133 3757 2261 3795 sese
2292 3741 2508 3813 probos
2525 3758 2593 3796 ac
2623 3742 2923 3797 modestos
2947 3744 3246 3810 exhibent,
3278 3744 3494 3817 probro
3526 3752 3585 3800 et
3612 3746 3779 3820 igno-

2130 3830 2317 3885 minia
2345 3830 2603 3898 afficere,
2637 3831 2741 3886 sed
2771 3832 2992 3886 honore
3036 3833 3234 3904 potius
3265 3834 3482 3888 habere
3514 3851 3581 3891 ac
3612 3852 3780 3891 coro-

2130 3934 2292 3975 nare.
2344 3918 2518 3993 Ergo,
2551 3919 2600 3975 si
2658 3919 2805 3974 mihi
2866 3920 3127 3987 creditis,
3161 3939 3292 3993 quas
3353 3922 3598 3979 meliora
3641 3931 3783 3981 sunt

2130 4024 2399 4075 suasuro,
2434 4023 2628 4064 meam
2660 4009 3019 4064 sententiam
3060 4011 3256 4066 statim
3288 4010 3500 4067 dicam.
3536 4014 3780 4086 Oportet

1573 4171 1636 4228 Ο.
1679 4171 1739 4227 Β.
1791 4172 1982 4228 HASII
2021 4169 2579 4227 ANNOTATIONES.

431 4316 549 4388 ('79)
572 4316 791 4388 Harum
816 4314 1169 4370 insidiarum
1186 4314 1258 4371 ab
1270 4316 1526 4387 Josepho
1542 4331 1747 4388 mense
1761 4315 1948 4388 Aprili
1967 4331 2021 4370 a.

2132 4310 2322 4404 γέγονε
2367 4308 2622 4401 βασιλεὺς
2649 4311 2816 4404 ςμέετιὲι
2870 4312 2965 4403 τὸν
3018 4312 3237 4404 ράνατον
3292 4315 3601 4404 Ἱξωμοξνοῦ,
3638 4316 3777 4372 πάνυ

359 4382 466 4473 θϐθ
522 4382 850 4473 Nicephoro
885 4392 1242 4473 strurctarum
1275 4382 1469 4473 neque
1510 4387 1755 4473 Cedren.
1792 4382 2016 4473 111.646.,

2133 4382 2416 4471 ἒμέμψατο
2447 4382 2604 4473 αὐτὸν
2642 4382 2848 4473 δήᾶγιος
2880 4386 2965 4473 κμί
3006 4383 3288 4473 ,ὠργίσθῃ
3339 4382 3421 4473 ἔξτί
3466 4382 3774 4473 ἐπεὸτιῌή-

363 4462 429 4516 Α.
459 4459 759 4526 meminit,
784 4475 978 4529 neque
1001 4459 1257 4514 Zonaras
1284 4475 1295 4513 :
1323 4458 1498 4514 ambo
1522 4465 1729 4514 contra
1750 4458 2021 4513 scribunt

362 4530 788 4601 Nicephorum.
822 4536 1061 4585 ostenso
1093 4529 1329 4585 cilicino
1362 4530 1550 4601 ipsius
1580 4529 1840 4597 indusio,
1863 4531 2019 4585 Jose-

362 4601 486 4672 pho
512 4602 902 4673 persuasisse,
938 4601 1266 4657 solitariam
1298 4618 1361 4656 se
1390 4601 1568 4657 vitam
1599 4616 2019 4672 recessumque

365 4688 400 4726 a
429 4672 651 4728 saeculo
676 4673 949 4729 meditari
982 4672 1103 4744 (ubi
1135 4673 1292 4744 apud
1338 4674 1623 4744 Zonaram
1668 4673 1736 4727 II.
1776 4672 1893 4744 l98.
1955 4674 2015 4727 Β.

367 4744 883 4818 consentientibus
904 4743 1086 4818 codd.
1120 4742 1229 4818 pro
1267 4743 1744 4818 κατακοπτόμενον
1777 4742 1816 4798 l.
1851 4763 2020 4797 κατα-

365 4814 830 4888 κρυπτόμενον).
889 4814 1237 4888 Ωιι-ἱαεωίοὰὶ
1288 4816 1506 4888 famam
1566 4814 1828 4887 profecto
1878 4820 2020 4870 tunc

366 4887 782 4956 percrebuisse
805 4888 1076 4942 firmatur
1097 4903 1165 4941 ex
1182 4887 1432 4942 historia
1454 4887 1665 4942 horum
1685 4893 2021 4957 temporum

367 4973 481 5013 ms.
540 4958 609 5040 ig
654 4959 932 5040 Biblioth.
984 4959 1203 5040 Regia,_
1236 4958 1336 5040 ubi
1388 4959 1538 5014 illa:
1586 4958 1660 5040 ’Ὁ
1694 4961 1891 5016 Φωκόἱς
1922 4958 2021 5040 τήν

368 5022 731 5106 προφοίϐασιν
760 5030 892 5100 (sic,
918 5022 1151 5106 vgcein
1173 5022 1395 5106 'Lexica
1441 5030 1709 5106 nondum
1742 5022 2017 5106 recepta:

370 5093 705 5179 aliaforma
742 5093 1299 5179 upooo£6aqpaunota
1355 5107 1468 5179 est)
1508 5093 1899 5179 _€Agz6e.1tap§
1923 5102 2020 5153 τοῦ

371 5168 910 5246 ᾀγίουήᾊθανασίᾴυ
970 5168 1307 5246 τού-ὄντος⁸
1336 5168 1437 5246 εἷς-
1470 5171 1532 5246 το
1584 5170 1781 5246 Ἃγίον
1826 5168 2020 5243 θὈρος,

374 5238 460 5295 ὅτι
493 5239 691 5315 μέλλει
712 5242 787 5315 εξς
819 5240 979 5302 τέλος
1010 5240 1225 5315 όλὲσαι-
1257 5241 1323 5315 τὰ
1377 5238 1567 5315 πλήθη
1607 5238 1734 5315 -τῶν
1766 5238 2023 5315 Σαρακη-

371 5311 503 5387 νῶν,
525 5312 618 5367 καὶ
675 5311 931 5387 ἐκδιῶξαι
962 5312 1161 5387 αὐτούς
1188 5312 1307 5387 ,ἀπὸ
1335 5317 1473 5387 μτῶν
1527 5313 1694 5387 ὁρίων
1752 5311 1858 5380 τῆς
1882 5312 2023 5387 Ῥωτ

379 5381 572 5461 μαῖδος
604 5391 729 5461 γῆς.
767 5380 1135 5461 ’ᾼπελθὼνηδὲ
1183 5381 1258 5461 ἐν..
1292 5384 1361 5454 τῇ
1388 5456 1398 5461 Δ
1422 5380 1607 5461 Κρήτη
1704 5388 1900 5461 φωκᾷς
1931 5382 2021 5461 καὶ

375 5448 673 5546 σκυλεύσὸις
724 5456 850 5546 τοὺς
904 5449 1174 5543 ⁹ςΑραξιις,
1193 5522 1214 5546 Ἴ
1233 5448 1443 5544 ἔπεμψε
1467 5448 1475 5455 ’
1636 5454 1780 5546 ἁγίῳ
1805 5453 2023 5546 ἣῖκανὰς

375 5519 564 5600 λίτρας
605 5527 856 5606 ’χρυσίου
886 5519 991 5606 ,ἔχ’
1029 5531 1136 5606 τῷν
1163 5519 1168 5521 ﬁ
1193 5519 1493 5606 λαφύρων).
1514 5519 1617 5606 ’ἵνα
1675 5519 2020 5606 ὀῖκοδοῌμήρῃ

376 5595 762 5675 μονάστήρίον.
786 5599 1000 5675 ’Λόγον
1042 5597 1163 5675 ’γὰρ
1197 5595 1377 5675 Αεῖχον
1428 5595 1702 5675 ἅῤῥῃκτον
1739 5595 1907 5675 ὁμοῧ,
1938 5595 2024 5675 ὅτ]

376 5620 762 5673 μοναστηριον.
826 5620 898 5653 ΛΟ
943 5620 1000 5653 ον
1057 5620 1163 5675 γαρ
1222 5620 1267 5651 ει
1319 5620 1377 5650 ον
1428 5620 1702 5672 αρρηκτον
1739 5620 1766 5652 ο
1819 5620 1907 5667 ου,
1938 5620 2023 5652 οτι

370 5665 599 5743 ὅπουῄἃν
657 5620 1000 5743 οἶκοδομέσῃ
1034 5670 1063 5723 ὁ
1125 5620 1463 5743 Ἀθανέσιος,
1524 5666 1696 5743 ἐκεῖσε
1753 5620 1843 5743 is;
1872 5671 2023 5743 παρῇ

370 5738 460 5793 καὶ
510 5741 539 5795 ὁ
600 5746 824 5806 Φωκᾰς,
852 5724 1357 5813 ικξπιὶμσυναποθάνῃ
1419 5724 1537 5812 μετ’
1590 5740 1780 5797 αὐτοῦ·
1830 5741 1920 5799 Ὠς
1955 5724 2026 5793 ’δῖ

2134 4455 2261 4510 σατο
2296 4455 2412 4532 τῂν
2448 4455 2754 4529 βασιλείαν
2786 4456 2931 4530 παρὰ
2962 4455 3407 4532 τήνμοναχικὴν
3468 4455 3774 4518 πολιτείαν,

2130 4528 2320 4584 Habes
2352 4527 2457 4582 hic
2482 4533 2735 4600 tempus,
2769 4527 2885 4600 quo
2920 4527 3347 4586 monasterium
3387 4532 3440 4584 S.
3478 4533 3680 4586 Laurea
3713 4533 3775 4586 in

2128 4601 2279 4655 Atho
2312 4614 2345 4653 a
2368 4600 2422 4652 S.
2457 4599 3163 4655 Athanasio’asdiflcatum
3195 4602 3291 4663 sit,
3337 4618 3551 4672 nempe
3601 4603 3776 4672 paulo

2128 4677 2266 4727 ante
2296 4686 2519 4743 annum
2544 4673 2667 4736 963,
2694 4688 2810 4740 quo
2833 4672 3197 4742 Nicephorus
3226 4672 3545 4743 imparium
3563 4675 3770 4728 tenuit.

2131 4744 2209 4797 De
2244 4742 2351 4796 hoc
2382 4742 2437 4794 S.
2466 4742 2785 4797 Athanasio
2818 4742 3118 4797 Harlesius
3172 4742 3535 4799 Bibliotheca
3578 4746 3779 4800 Graeca

2129 4814 2195 4887 Χ.
2226 4815 2354 4887 2_Ol,_
2387 4813 2445 4887 Β.
2480 4819 2539 4866 et
2563 4814 2858 4887 prascipue
2887 4814 2933 4868 J.
2966 4814 3168 4887 Pinius
3202 4814 3433 4887 Sylloge
3491 4816 3778 4873 historica

2129 4884 2202 4938 de
2237 4885 2293 4938 S.
2326 4883 2648 4938 Athanasio
2681 4884 3019 4940 confessore
3050 4885 3113 4938 in
3146 4883 3344 4941 monte
3370 4883 3542 4954 Atho,
3578 4887 3637 4941 in
3669 4892 3775 4943 Ac-

2131 4955 2206 5011 tis
2231 4955 2327 5008 SS.
2359 4953 2495 5008 Julii
2527 4957 2596 5008 II.
2630 4958 2754 5009 259.
2788 4960 2845 5008 ὓ.
2872 4955 2926 5009 S.
2971 4957 3278 5012 Athanasii
3309 4958 3426 5013 vita
3453 4959 3650 5014 Graece
3685 4961 3778 5015 in-

2131 5025 2291 5082 edita
2317 5030 2507 5079 exstat
2536 5026 2598 5080 in
2629 5026 2768 5080 Cod.
2801 5026 2978 5081 Coisl.
3014 5029 3139 5083 233.

2204 5096 2316 5167 ὶ80)
2344 5092 2622 5156 Εὐόδωσις
2675 5114 2795 5153 non
2826 5105 2917 5153 est
2972 5098 3033 5153 in
3068 5099 3330 5161 Lexicis:
3368 5100 3439 5156 de
3466 5118 3647 5157 sensu
3674 5102 3779 5156 du-

2132 5168 2336 5242 bitatio
2381 5184 2509 5223 esse
2543 5167 2708 5223 nulla
2762 5175 2983 5242 potest,
3038 5171 3231 5226 Utitur
3260 5179 3476 5242 praeter
3525 5175 3783 5229 Leonem

2131 5238 2535 5311 Theodoretus
2584 5238 2912 5311 comment.
2970 5241 3033 5295 in
3083 5238 3349 5298 Psalmos
3378 5246 3432 5311 I._
3459 5248 3545 5311 11,
3580 5247 3644 5299 D.
3681 5243 3782 5297 οὐκ

2132 5307 2563 5380 ἀπολελυμένως
2619 5308 2876 5372 ὲύόδωσις
2930 5311 3090 5379 αὕτη,
3121 5311 3251 5367 ἀλλ’
3306 5307 3541 5371 ἀσεϐῶν,
3599 5317 3788 5372 Vertit

2132 5381 2447 5438 Corderius
2483 5399 2507 5457 :_
2529 5399 2640 5438 non
2671 5390 2749 5438 est
2806 5384 2927 5440 hac
2987 5385 3237 5440 absolute
3285 5390 3658 5457 prosperatio,
3689 5388 3785 5442 sed

2132 5457 2452 5535 impiorum.
2485 5454 3010 5536 ItemHAnonymus
3043 5458 3104 5510 in
3129 5454 3499 5514 Forniulario
3523 5458 3598 5514 ad
3626 5458 3778 5514 calc.

2132 5525 2340 5581 Godini
2373 5524 2446 5580 de
2483 5526 2699 5581 officus
2718 5528 2823 5580 412
2874 5530 2942 5581 Α.
2977 5532 3037 5581 et
3063 5528 3123 5582 F.

2177 5541 2340 5580 οαιω
2373 5541 2446 5580 ae
2483 5541 2823 5581 01110115412
2874 5541 2942 5581 Α..
2977 5541 3037 5581 et
3063 5541 3123 5581 Ε.

2203 5599 2285 5667 (81
2297 5608 2321 5670 ι.
2342 5596 2585 5652 Phrasis
2643 5595 2705 5649 οὐ
2736 5597 2929 5670 νάρκᾶν
2959 5614 3065 5669 pro
3095 5615 3205 5653 non
3251 5600 3523 5665 dubitare,
3553 5617 3662 5655 non
3688 5618 3781 5656 υθ-

2131 5668 2582 5794 frequens
2641 5668 2809 5739 apud
2856 5668 3110 5724 Leonem
3145 5685 3158 5723 :
3216 5671 3330 5724 vid.
3366 5673 3455 5740 49,
3491 5673 3549 5724 Β.
3588 5673 3673 5739 54,
3709 5673 3776 5726 Α.

2134 5741 2226 5809 70,
2256 5741 2326 5794 ο.
