4202 6314
387 377 497 439 7H

1787 363 2084 427 LEONIS
2130 361 2444 422 DIACONI

3677 353 3802 415 ’112

384 521 451 573 ut
463 514 702 585 nos,qui
724 510 972 568 Romani
993 524 1199 564 sumus
1212 510 1270 561 et
1283 505 1498 560 divinis
1519 501 1750 576 legibus
1769 499 2031 571 regimur

2154 493 2267 548 τίκα
2298 493 2524 568 γνώμην
2585 491 2717 568 ἐρῶ.
2782 498 2871 548 Δεῖ
2922 493 3230 566 Ῥωμαίους
3288 487 3449 551 ὄντας
3505 493 3675 564 ἡμᾶς,
3708 491 3800 546 καὶ

386 605 642 663 tenellos
673 601 923 658 Romani
962 596 1336 670 imperatoris
1380 594 1619 658 liberos,
1655 587 2036 662 quandoqui-
2064 645 2080 657 ο

390 698 525 752 dem
557 699 760 749 nostro
792 689 1171 758 universique
1219 683 1422 757 populi
1455 681 1734 752 suffragio
1780 679 2013 750 impera

391 793 546 843 tores
577 780 901 838 renuntiati
942 782 1100 844 sunt,
1135 776 1196 829 in
1243 775 1472 828 honore
1503 770 1655 826 avito
1708 782 2033 824 conserve-

387 871 944 939 mus.eumdemque
977 867 1062 920 eis
1092 864 1338 923 cultum.
1375 878 1551 932 quem
1575 861 1676 915 84
1703 856 2034 930 majoribus

387 979 612 1025 eorum,
643 958 992 1013 tribuamus.
1027 953 1317 1019 Quoniam
1347 968 1482 1005 vero
1514 949 1780 1004 barbara)
1831 950 2036 1017 gentes

386 1056 713 1108 Romanam
743 1046 1031 1100 ditionem
1092 1041 1346 1112 diripere
1388 1056 1507 1094 non
1539 1041 1797 1094 cessant.
1831 1040 2038 1090 auctor

386 1141 550 1197 vobis
572 1155 725 1204 sum,
759 1140 826 1188 ut
847 1136 1038 1188 virum
1068 1132 1228 1188 hunc
1258 1132 1520 1200 (ostenso
1564 1124 1941 1197 Nicephoro),
1973 1128 2038 1176 ut

386 1231 620 1289 solertis
647 1226 870 1300 ingenii
901 1230 1009 1292 est,
1052 1223 1137 1279 rei
1194 1220 1471 1276 militaris
1501 1219 1769 1290 apprime
1819 1231 2036 1287 gnarus

389 1341 456 1380 ac
485 1321 642 1376 bello
673 1318 864 1384 fortis,
899 1312 1383 1386 quandoquidem
1403 1309 1677 1364 victorias
1699 1323 1876 1378 quam
1908 1304 2037 1376 plu-

385 1415 570 1470 rimas
595 1409 820 1475 retulit,
851 1403 1009 1477 quod
1041 1408 1099 1458 et
1125 1400 1444 1475 agnoscitis
1474 1416 1572 1453 vos
1605 1397 1738 1468 ipsi,
1781 1410 2035 1464 eumque

387 1520 506 1574 prae
535 1498 764 1555 caeteris
792 1499 852 1550 ut
881 1495 1057 1548 deum
1091 1489 1476 1557 veneramini,
1503 1484 1898 1558 jurejurando
1933 1482 2035 1537 ob-

389 1591 594 1648 stricta
624 1588 760 1654 fide,
787 1584 939 1640 nihil
969 1580 1293 1637 inconsulti
1333 1579 1612 1633 adversus
1645 1575 1943 1647 principes
1971 1589 2036 1627 ac

388 1684 662 1736 senatum
693 1675 1041 1730 moliturum
1085 1670 1298 1724 ducem
1331 1683 1561 1723 summo
1595 1681 1728 1720 cum
1788 1661 2036 1733 imperio

386 1769 824 1832 renuntiemus,
877 1765 1049 1833 eique
1108 1759 1416 1815 tradamus
1468 1756 1669 1827 copias
1724 1753 2037 1822 Asiaticas,

2151 582 2318 644 θείοις
2378 579 2807 656 ῥυθμιζομένους
2858 583 3248 660 προστάγμασι
3321 583 3387 637 τὰ
3452 582 3643 658 νεογνὰ
3701 587 3798 637 τοῦ

2149 673 2550 750 αὐτοκράτορος
2597 680 2878 748 Ῥωμανοῦ
2940 674 3115 747 τέκνα,
3180 675 3297 732 ἐπεὶ
3349 677 3484 750 πρὸς
3515 677 3676 748 ἡμῶν
3706 674 3796 728 καὶ

2147 767 2245 816 τοῦ
2293 759 2476 836 δήμου
2537 763 2736 823 παντὸς
2796 761 3151 838 ἀνεῤῥὲθησαν
3235 764 3664 838 αὐτοκράτορες,
3719 761 3798 822 εἰς

2147 853 2246 920 τὴν
2284 853 2617 926 προγονικὴν
2672 854 2841 926 τιμὴν
2902 857 3182 927 συντηρεῖν
3238 852 3328 907 καὶ
3392 847 3550 912 σέϐας
3610 849 3804 906 ἀπονέ-

2151 961 2268 1014 μειν
2321 942 2440 994 οἷον
2497 940 2589 995 καὶ
2636 946 2754 1001 τοῖς
2805 941 3100 1017 προγόνοις
3157 941 3362 997 αὐτῶν⁸
3425 939 3539 996 ἐπεὶ
3598 938 3654 995 δὲ
3711 939 3802 995 καὶ

2143 1030 2209 1083 τὰ
2244 1029 2556 1104 βαρβαρικὰ
2613 1028 2758 1108 φῦλα
2820 1028 3112 1101 ληΐζεσθαι
3177 1032 3277 1100 τήν
3335 1032 3650 1104 Ῥωμαϊκήν
3707 1031 3810 1084 οὐκ

2145 1117 2444 1197 ἀπέχονται
2475 1127 2604 1196 γῆν,
2639 1115 3028 1193 συμϐουλεύω,
3070 1121 3160 1175 τὸν
3218 1116 3380 1194 ἄνδρα
3437 1119 3651 1175 τουτονὶ
3686 1119 3804 1192 (τὸν

2147 1209 2466 1287 Νικηφόρον
2520 1205 2884 1280 ὑποδεικνὺς),
2945 1209 3172 1288 ἀγχίνον
3235 1231 3293 1265 τε
3350 1208 3478 1264 ὐντα
3535 1209 3625 1264 καὶ
3660 1209 3802 1285 ἀγα-

2146 1297 2234 1351 θὸν
2265 1299 2330 1352 τὰ
2378 1295 2644 1371 πολέμια,
2703 1298 2792 1352 καὶ
2847 1297 2998 1360 νίκας
3059 1297 3144 1352 ὅτι
3203 1296 3465 1358 πλείστας
3523 1296 3800 1373 ἐπανῃρη-

2150 1386 2322 1458 μένον,
2358 1388 2386 1441 '6
2417 1387 2507 1440 καὶ
2558 1385 2714 1441 αὐτοὶ
2775 1378 3224 1464 συνοι.ἶυλογεῖτε⁷
3283 1387 3375 1441 καὶ
3442 1392 3634 1442 τοῦτον
3691 1393 3800 1441 τῶν

2146 1473 2335 1530 ἄλλων
2381 1474 2679 1545 ἐκθειάζετε
2709 1477 2754 1512 ⁸³
2813 1475 3076 1550 μάλιστα,
3131 1475 3316 1551 ὅρκοις
3387 1475 3801 1556 κατασφαλισα-

2150 1565 2340 1641 μὲνους
2398 1570 2474 1642 μή
2535 1589 2586 1622 τι
2645 1568 2782 1624 κατᾶ
2839 1570 2935 1623 τού
2992 1569 3226 1644 κράτους
3281 1569 3371 1624 καὶ
3428 1577 3529 1639 τῆς
3587 1568 3802 1645 βουλῆ-

2153 1655 2450 1729 μελετῆσαι
2481 1652 2816 1728 ἀϐούλητον,
2874 1657 3107 1714 ἀνειπεῖν
3163 1659 3543 1733 αὐτοκράτορα
3599 1679 3798 1733 στρατ-

2147 1746 2324 1823 ηγὸν,
2381 1745 2471 1800 καὶ
2557 1746 2652 1806 τὰς
2733 1754 2832 1816 τῆς
2916 1748 3103 1808 Ἀσίας
3185 1745 3438 1821 δυνάμεις
3493 1746 3802 1826 ἐγχειρίσαι

388 1860 604 1932 quibus
635 1855 1024 1912 barbarorum
1057 1853 1344 1922 impetum
1377 1852 1647 1902 coerceat
1667 1861 1734 1900 ac
1764 1843 2035 1914 repellat.

2154 1837 2321 1935 αὐτῷ,
2351 1836 2425 1897 ὡς
2459 1835 2726 1911 ἀμύνοιτο
2787 1836 2879 1892 καὶ
2928 1837 3275 1916 ἀναχαιτίζοι
3305 1843 3412 1893 τῶν
3466 1835 3802 1916 ἅλλοφύλων

387 1952 546 2006 Hanc
579 1947 737 2001 enim
769 1945 822 2000 ei
855 1943 1200 2015 dignitatem
1236 1942 1534 1994 Romanus
1565 1950 1799 2006 quoque
1843 1933 2030 2003 impe-

386 2046 546 2096 rator
575 2042 634 2092 et
653 2036 814 2089 vivus
839 2032 1063 2095 tribuit,
1097 2035 1154 2084 et
1175 2029 1436 2083 moriens
1469 2028 1826 2080 testamento
1859 2022 2030 2086 cavit,

384 2147 459 2185 ne
479 2128 562 2182 vir
579 2126 801 2197 optime
831 2123 1128 2178 animatus
1153 2115 1445 2189 ejusmodi
1478 2112 1726 2184 imperio
1765 2126 2034 2165 movere-

387 2223 504 2273 tur.
533 2238 553 2265 ι
591 2212 995 2269 Patriarcham
1017 2210 1079 2263 in
1110 2209 1235 2262 haec
1252 2205 1429 2260 verba
1451 2201 1808 2258 sententiam
1832 2200 2030 2254 feren-

385 2314 507 2364 tem
529 2322 664 2361 cum
690 2307 930 2358 senatus
952 2297 1373 2369 comprobavit,
1399 2300 1523 2349 tum
1547 2309 1681 2346 vero
1709 2291 1886 2346 etiam
1907 2291 2033 2360 ipse

386 2395 676 2467 Iosephus
728 2389 987 2447 cubiculi
1046 2386 1360 2459 praafectus
1411 2398 1691 2438 assensus
1752 2384 1860 2446 est,
1912 2395 2032 2434 non

391 2489 601 2558 sponte
631 2483 734 2538 ille
756 2479 1018 2552 quidem,
1043 2476 1146 2533 sed
1175 2475 1369 2531 studio
1393 2477 1633 2528 senatus
1655 2474 1914 2526 coactus.
1949 2469 2035 2523 Ita

389 2572 775 2631 horribilibus
825 2567 1188 2641 juramentis
1225 2563 1509 2619 obstricto
1569 2560 1926 2631 Nicephoro,
1958 2574 2032 2613 ne

388 2662 720 2721 infantibus
767 2659 968 2731 pueris
1007 2655 1272 2728 angustis
1331 2649 1750 2724 superstitibus
1807 2648 2032 2719 aliquid

388 2755 530 2812 mali
572 2752 852 2808 adversus
882 2748 1255 2819 majestatem
1289 2758 1494 2798 eorum
1531 2739 1864 2804 moliretur,
1897 2753 2033 2791 cum

387 2843 498 2916 ipsi
532 2841 929 2913 adjurassent,
955 2835 1260 2892 neminem
1301 2848 1362 2887 se
1393 2829 1814 2902 primariorum
1843 2826 2032 2881 homi-

388 2915 532 2988 num
581 2928 908 3000 Nicephoro
967 2925 1146 2979 invito
1179 2922 1268 2976 vel
1315 2926 1581 2976 moturos
1639 2918 1768 2972 loco
1818 2915 1909 2970 vel
1961 2915 2034 2970 ad

389 3023 683 3093 majorum
752 3015 1098 3086 dignitatem
1157 3015 1537 3084 provecturos
1573 3049 1586 3072 ,
1642 3022 1846 3061 verum
1906 3005 2034 3076 ejus

385 3110 638 3167 consilio
669 3108 741 3162 de
802 3103 1106 3160 communi
1161 3099 1458 3155 sententia
1510 3096 2036 3152 administraturos

387 3196 817 3270 rempublicam
854 3211 867 3260 ;
900 3193 1058 3246 hunc
1088 3190 1190 3244 ubi
1222 3189 1431 3243 ducem
1462 3186 1614 3241 Asiae
1638 3200 1870 3240 summo
1902 3200 2035 3237 cum

386 3287 635 3359 imperio
683 3280 1233 3355 pronuntiaverant,
1286 3274 1605 3330 consilium
1656 3272 2036 3337 dimiserunt,

383 3396 470 3442 ac,
503 3374 723 3448 palatio
755 3371 998 3444 egressi,
1032 3368 1107 3424 ad
1151 3382 1318 3422 suam
1380 3365 1632 3436 quisque
1677 3362 1919 3418 domum
1975 3376 2037 3415 se

385 3468 765 3537 receperunt.

459 3648 507 3682 ⁸³
534 3643 840 3715 ἐκθεάζεται
872 3642 1000 3701 ced.

2144 1927 2251 1994 τὴν
2288 1920 2502 2004 ἔφοδον.
2567 1926 2784 1996 Ταύτην
2845 1927 2949 2004 γὰρ
3009 1926 3157 1999 αὐτῷ
3212 1927 3304 1983 καὶ
3365 1928 3392 1981 ὁ
3447 1927 3801 2002 αὐτοκράτωρ

2145 2013 2465 2087 Ῥωμανὸς,
2499 2009 2578 2068 ἔτι
2639 2016 2813 2090 βιοὺς,
2847 2014 3140 2094 ἐνεχείρισε
3196 2018 3295 2085 τὴν
3348 2019 3536 2089 τιμὴν,
3574 2017 3664 2070 καὶ
3718 2035 3808 2070 τε-

2155 2101 2363 2158 λευτῶν
2410 2102 2462 2158 ἐν
2513 2109 2633 2165 ταῖς
2687 2101 2972 2176 διαθήκαις
3031 2105 3293 2180 ὡρίσατο,
3359 2107 3434 2178 μή
3501 2111 3802 2179 μετακινεῖν

2153 2199 2253 2260 τῆς
2310 2193 2570 2265 τοιαύτης
2630 2195 2965 2271 στρατηγίας
3023 2193 3467 2272 εύγνωμονοῦντα
3549 2194 3642 2249 τὸν
3710 2192 3804 2248 ἄν-

2147 2283 2383 2355 θρωπον.
2423 2283 2705 2354 »Ταύτην
2758 2283 3066 2345 ἀνειπόντος
3125 2289 3221 2338 τοῦ
3287 2284 3642 2361 πατριάρχου
3699 2283 3804 2352 τήν

2146 2372 2392 2446 γνώμην,
2441 2371 2740 2452 ἐπεψηφιζέ
2792 2395 2850 2428 τε
2879 2375 2913 2442 ἡ
2949 2372 3152 2448 βουλὴ,
3213 2371 3421 2448 συνῂνει
3475 2370 3531 2428 δὲ
3570 2375 3660 2428 καὶ
3692 2372 3803 2430 αὐ-

2161 2464 2255 2523 τὸς
2315 2463 2343 2516 ὁ
2399 2462 2896 2536 παρακοιμώμενος
2955 2462 3182 2542 Ἰωσὴφ,
3239 2461 3347 2541 οὐχ
3399 2463 3558 2532 ὲκὼς,
3614 2467 3684 2538 τῇ
3745 2461 3804 2520 δὲ

2145 2553 2289 2626 ῥοπῇ
2347 2557 2448 2620 τῆς
2509 2549 2826 2627 συγκλήτου
2877 2550 3289 2626 ἐκβιαζόμενος·
3323 2552 3427 2608 Καὶ
3486 2549 3550 2622 δὴ
3613 2551 3802 2628 ὅρκοις

2143 2638 2608 2721 φρικωδεςτάτοις
2636 2642 2749 2712 (82)
2805 2640 2896 2695 τὸν
2955 2641 3266 2719 Νικηφόρον
3326 2638 3798 2716 ὲμπεδωσάμενοι,

2149 2734 2232 2804 [Ρ.
2267 2733 2357 2803 21]
2397 2731 2473 2803 μή
2513 2750 2648 2785 ποτε
2677 2730 2977 2804 περιόντων
3024 2735 3131 2784 τῶν
3159 2736 3388 2807 νεογνῶν
3442 2729 3653 2786 παίδων
3700 2733 3790 2788 καὶ

2147 2817 2420 2896 βασιλέων
2476 2818 2729 2874 ἀπαίσιόν
2776 2840 2829 2873 τι
2857 2819 2996 2873 κατὰ
3041 2823 3138 2874 τοῦ
3170 2822 3316 2898 σφῶν
3362 2820 3595 2894 κράτους
3655 2823 3788 2895 βου-

2148 2908 2462 2965 λεύσασθαι·
2497 2906 2909 2982 ἐπομοσάμενοι
2969 2904 3140 2962 δὲκαὶ
3202 2909 3382 2979 αὐτοὶ,
3437 2906 3640 2983 μηδένα
3701 2917 3809 2966 τῶν

2145 2999 2196 3053 ἐν
2226 2997 2372 3054 τέλει
2421 2998 2736 3058 ἀπεναντίας
2766 3005 2866 3066 τῆς
2928 2997 3129 3052 ἐκείνου
3184 2998 3410 3074 γνώμης
3475 3005 3806 3071 μετακινεῖν,

2145 3091 2180 3160 ἢ
2213 3090 2352 3164 πρὸς
2418 3090 2642 3162 μείζονα
2693 3083 3106 3157 ἐπαναϐιϐἀζειν
3162 3088 3363 3166 ἀρχὴν,
3401 3090 3535 3162 μετὰ
3595 3087 3652 3144 δὲ
3709 3091 3803 3144 καὶ

2150 3185 2250 3247 τῆς
2307 3177 2475 3233 αὐτοῦ
2535 3175 2870 3252 διασκέψεως
2925 3180 3083 3248 κοινῇ
3141 3177 3338 3252 γνώμῃ
3396 3175 3684 3233 διευθύνειν
3726 3179 3792 3233 τὰ

2149 3272 2246 3323 τοῦ
2275 3272 2485 3333 κοινοῦ,
2534 3265 2908 3341 αὐτοκράτορα
2940 3266 3244 3342 στρατηγὸν
3302 3273 3402 3335 τῆς
3455 3268 3639 3327 Ἀσίας
3671 3273 3801 3322 τοῦ-

2147 3380 2240 3413 τον
2280 3358 2709 3432 ἀνακηρύξαντες
2740 3357 2831 3412 τόν
2889 3377 2947 3411 τε
3005 3354 3280 3432 σύλλογον
3340 3354 3648 3426 διαλύουσι,
3682 3359 3801 3425 καὶ,

2147 3453 2253 3503 τῶν
2331 3444 2625 3522 βασιλείων
2705 3445 3010 3522 ἀπάραντες
3086 3444 3169 3525 ἐφ’
3269 3446 3448 3508 ἑστίας

2146 3533 2383 3593 ἔκαστοι.

3558 3447 3668 3522 ἀπῂ
3679 3467 3798 3502 εσαν

388 3767 2309 3802 ______________———

1595 3875 1965 3973 LIBER
2057 3868 2608 3968 TERTIUS.

459 4191 856 4244 Aacuuamun.
883 4220 955 4231 ——
983 4185 1295 4256 Nicephori
1326 4182 1548 4256 bellum
1595 4179 1800 4256 contra
1827 4177 2189 4256 Tarsensiesrl
2226 4167 2515 4256 losﬂeph‘us
2545 4185 2752 4256 rursus
2781 4168 2871 4249 illi
2927 4165 3264 4256 insidiatur.
3311 4166 3491 4237 (Cap.
3516 4164 3796 4256 lJ).nMari~

391 4277 536 4315 num
561 4267 619 4313 et
656 4235 942 4314 Joannem
1327 4235 1553 4308 litteris
1583 4255 1789 4304 contra
1814 4262 1949 4302 eum
1982 4243 2260 4299 sollicitat
2289 4235 2382 4309 (21—.
2416 4241 2634 4315 Contra
2653 4240 2962 4315 'l‘zimisces
2995 4235 3391 4315 Nicephorum
3425 4235 3499 4292 ad
3525 4235 3798 4291 defectio-

1360 4327 1654 4404 Ceesarem_
1675 4320 1747 4404 ab
1780 4313 2723 4404 exercitunimperatornsalutatus
2756 4315 2829 4378 (4)
2846 4311 3065 4404 [gratio
3092 4308 3221 4383 ejus
3250 4309 3322 4364 ad
3349 4308 3796 4404 egerqitum‘lfi).

389 4405 754 4474 Nicephorus
784 4381 1341 4471 Constantinopolin
1381 4398 1466 4451 ire
1496 4398 1681 4466 parat,
1710 4393 1997 4447 Joannem
2022 4381 2363 4474 Tzimiscem
2393 4384 2824 4474 Domesticum"
2845 4383 3102 4474 Orientis
3125 4381 3293 4437 creat
3349 4381 3446 4449 (6).

1476 4468 1486 4474 .
1638 4465 1669 4474 ν.
1725 4463 1735 4473 ο
1902 4461 1959 4474 ,ιι
2152 4459 2185 4474 .·
2270 4473 2277 4474 ,
2361 4456 2383 4474 Δ
2436 4472 2546 4474 ιαμ-
2585 4472 2772 4474 _-,,_,_
2836 4456 3025 4474 Snl_mlﬁ
3094 4453 3446 4474 τιτς---ι.-..--,.

3506 4378 3798 4458 Joseplius

384 4448 604 4530 frustlra
633 4475 842 4531 urbem
873 4475 1144 4530 obtinere
1173 4448 1440 4535 conatus,
1474 4448 1772 4521 intestinis
1795 4461 2055 4535 motibus
2077 4459 2243 4519 ortis,
2265 4455 2337 4535 ad
2359 4456 2556 4526 fugam
2575 4455 2954 4535 compellitur
2974 4454 3071 4526 (7).
3094 4453 3453 4535 Nicephorus
3475 4448 3681 4502 urbem
3706 4449 3801 4501 in-

385 4565 622 4620 gressus
642 4544 1276 4620 coronatur.Corporis
1299 4549 1357 4596 et
1379 4520 1561 4620 animi
1585 4539 1715 4620 ejus
1733 4533 2077 4620 descriptio;
2095 4533 2382 4620 Cognatos
2410 4520 2865 4620 et‘amicossuos
2890 4520 3138 4620 sum'mi's
3158 4520 3677 4620 ornat‘honogibus
3698 4520 3797 4600 ,8.)-

388 4591 749 4692 R’icephorus
781 4591 1714 4692 Theophandin_matrimonium
1746 4591 1948 4661 ducit.‘
1978 4591 2333 4674 Polyeuctus
2391 4599 2728 4692 patariarcha
2754 4615 2888 4692 eun}
2920 4597 3172 4692 ecclesia
3202 4598 3400 4692 arqet;
3435 4591 3540 4647 sed
3569 4607 3705 4646 mox
3738 4591 3798 4644 in

1554 4682 1587 4692 ,ι
1811 4677 1870 4692 ατο
1992 4677 2002 4692 I
2046 4690 2166 4692 ,,,,_-
2213 4677 2399 4692 ___L___
2518 4687 2795 4692 -_.__-___
2897 4670 3016 4692 --Αει
3118 4684 3245 4692 -..ιι-ι
3308 4668 3496 4692 -..ηιμ-..ι
3556 4667 3774 4692 ιρι-κιαι,-

390 4665 640 4763 gratiam
667 4708 804 4747 cum
833 4709 901 4746 eo
931 4665 1088 4746 {edit
1117 4682 1592 4763 (9)._lnsequen_ti
1643 4665 2172 4763 vereﬂNic‘epbolrus
2204 4665 2410 4753 contra
2475 4671 2798 4726 Saracenos
2816 4670 3039 4763 “ducit.
3073 4670 3249 4749 Tarso
3281 4665 3503 4763 frustra
3519 4667 3804 4763 Atenta‘ta,

834 4734 1088 4819 ἵεὶείἒῖὼῖ
1117 4734 1343 4830 recipit
1355 4734 1871 4829 ξῗοδᾞορειιεειὶθ.
1891 4734 1992 4803 diu
2014 4753 2258 4801 obsessa
2281 4744 2331 4798 vi
2377 4759 2761 4814 expugnagur.
2813 4741 3177 4813 Nicephorus
3209 4740 3270 4793 in
3315 4734 3687 4808 Cappodocia
3716 4734 3805 4789 hi-

395 4833 608 4889 bernat
645 4836 780 4906 (11).

393 5033 492 5088 35
529 5037 576 5088 1.
608 5032 794 5087 Medio
820 5033 947 5103 jam
973 5049 1128 5099 vere,
1159 5047 1295 5087 cum
1351 5026 1564 5083 lucifer
1621 5023 1692 5080 ad
1753 5021 2042 5077 arcticum

390 5122 593 5193 polum
615 5120 902 5194 paulatim
928 5136 1170 5176 cursum
1192 5119 1551 5182 ﬂecteret,ac
1569 5129 1773 5168 versus
1789 5112 2044 5166 Taurum

2227 5017 2312 5087 [P.
2348 5015 2438 5087 2’]
2473 5017 2536 5066 α’.
2575 5012 2682 5085 (83)
2731 5007 2871 5081 Ἤδη
2931 5007 2988 5065 δὲ
3043 5013 3140 5064 τοῦ
3169 5009 3306 5081 ἦρος
3351 5010 3644 5081 μεσοῦντος
3673 5006 3802 5076 (84),

2152 5103 2372 5158 καὶτοῦ
2420 5102 2712 5182 φωσφόρου
2763 5101 2900 5174 πρὸς
2959 5099 3051 5155 τὸν
3107 5096 3364 5172 ἀρκτικὸν
3417 5093 3591 5150 πόλον
3623 5091 3804 5167 ἡμέρᾳ

1598 5231 1658 5284 C.
1692 5230 1754 5283 Β.
1808 5227 1996 5282 HASII
2025 5221 2583 5280 ANNOTATIONES.

463 5366 580 5436 (82)
630 5362 1060 5419 Constantinus
1117 5363 1416 5414 Manasses
1474 5355 1767 5410 Breviario
1829 5353 2046 5408 Histor.

395 5439 641 5492 “5.D:

395 5443 521 5504 us,
554 5443 641 5493 n:

390 5528 618 5601 ’Ὀρκοις
648 5543 709 5600 γε
740 5527 988 5600 φρικτοῖς
1017 5517 1282 5580 αἰδεσθεὶς
1315 5517 1418 5572 ὑπὸ
1447 5521 1546 5599 τῆς
1579 5510 1921 5589 βασιλίσσης.

397 5712 510 5767 Pro
547 5723 662 5780 quo
695 5722 866 5762 versu
909 5704 1078 5763 codd.
1109 5699 1591 5780 _nos_tri_m_elips§

396 5761 623 5854 δόρκόῖξ
640 5761 929 5854 Ῠφρικτοῖςή
967 5761 1277 5838 καταδεθεὶς
1307 5772 1411 5827 ὑπὸ
1439 5776 1543 5838 κῆς
1574 5761 1877 5843 βασιλίδος.

2230 5349 2342 5413 (83)
2373 5346 2639 5402 Primum
2698 5349 2874 5416 caput
2922 5344 3099 5415 hujus
3159 5343 3297 5416 libri
3354 5358 3388 5396 a
3445 5335 3797 5416 Combeﬂsio

2161 5436 2398 5476 versum
2431 5418 2588 5490 apud
2619 5414 2861 5490 Pagium
2893 5417 2984 5470 lV.
3005 5414 3061 5471 ’6
3091 5415 3315 5486 passim
3343 5429 3378 5468 a
3401 5428 3497 5467 me
3528 5414 3806 5465 retracta-

2169 5498 2300 5548 tum
2329 5496 2436 5546 est.

2235 5566 2348 5635 (84)
2378 5564 2631 5635 Tempus
2663 5575 2790 5635 quo
2811 5559 3176 5631 Nicephorus
3228 5555 3300 5611 ab
3331 5554 3480 5635 urbe
3513 5552 3812 5635 profectus

2165 5625 2274 5699 est,
2305 5625 2640 5689 accuratius
2670 5625 2896 5686 indicat
2948 5625 3296 5701 Anonymus
3328 5625 3810 5701 inphistoriams.

2167 5694 2340 5776 cujus
2371 5705 2704 5777 fragmenta
2734 5694 3152 5777 θυραίας-199⁷,
3188 5701 3252 5755 D.
3312 5697 3542 5777 20l_,_-A.
3593 5697 3718 5777 291.3,
3748 5694 3811 5748 C.

2169 5766 2294 5846 207i,
2324 5778 2388 5832 D.
2423 5766 2580 5832 notis
2612 5766 2858 5830 inserui.
2893 5773 2946 5829 ls
2973 5773 3058 5829 sic
3089 5766 3161 5827 de
3222 5768 3596 5842 expeditione
3644 5766 3810 5821 Nice-
