4202 6314
371 392 482 454 723
1775 393 2053 458 LEONIE

2165 393 2237 454 l.\
2249 392 2449 454 CONI'
3664 397 3783 457 724

374 542 553 600 quam
578 530 802 602 optime
828 531 1231 599 constitueret,
1250 550 1357 606 pro
1378 533 1721 606 viribusque
1735 534 2025 589 ﬁrmaret.

2161 528 2392 606 πέφυκεν,
2451 522 2765 596 ὑποδύεται,
2827 526 2997 601 μικρά
3053 522 3345 604 φροντίσας
3409 531 3517 582 τῶν
3578 547 3789 602 φρικω-

376 618 465 673 lta
493 623 553 672 et
579 624 854 676 anteacta
882 623 1211 692 posteriora
1241 623 1432 679 salute
1464 639 1572 679 sua
1602 624 1788 691 duxit,
1841 626 1901 678 et
1920 622 2022 694 ju-

2161 618 2404 673 ζεστάτων
2433 615 2635 692 ὅρκων,
2688 614 2780 678 οὕς
2829 615 2966 691 πρός
3015 636 3076 670 τε
3130 614 3223 670 τόν
3278 615 3625 692 πατριάρχην
3680 623 3791 674 llo-

379 706 701 779 risjurandi
727 709 1019 765 rationem
1036 710 1242 766 habuit
1261 712 1582 768 nullam.ln
1599 714 1760 769 hunc
1782 711 2026 767 modum

384 803 659 870 suscepto
690 798 942 870 imperio
973 800 1358 872 Nicephorus,
1383 803 1720 858 succinctus
1751 800 2027 874 pugione,

387 886 586 942 hastili
611 887 805 949 nixus,
829 889 1120 959 processit
1142 904 1175 945 a
1200 890 1867 962 tabernaculo;cumque
1900 890 2029 946 loco

385 976 705 1048 conspicuo
745 981 922 1048 atque
970 977 1255 1049 praecelsa
1305 979 1412 1035 sub
1463 979 1594 1035 divo
1643 979 2030 1049 constitisset,

384 1063 583 1119 dicere
614 1064 699 1119 sic
729 1070 819 1119 est
847 1081 1092 1122 exorsus
1117 1083 1130 1121 :

2139 705 2399 762 λύευκτον
2421 707 2677 770 κατέθετο
2729 704 2819 759 καὶ
2866 705 2965 772 τήν
3011 702 3339 780 σύγκλητον.
3373 705 3444 759 Τὸ
3474 706 3577 780 γὰρ
3627 705 3786 761 ἀστά-

2140 807 2348 867 θμητον
2378 797 2476 863 τῆς
2507 794 2685 870 τύχης
2742 797 2832 849 καὶ
2887 790 3118 863 ἄδηλον,
3174 793 3265 848 καὶ
3320 793 3384 848 τὸ
3428 797 3526 848 τοῦ
3582 796 3785 873 Ἰωσὴφ

2141 883 2392 958 δυσμενές
2420 905 2479 939 τε
2508 884 2596 938 καὶ
2657 879 2928 937 ἄσπονδον
2989 881 3484 955 ὑπολογιζόμενος,
3533 882 3801 959 ἠπείγετο-

2141 975 2494 1048 προτερήσειν
2527 973 2624 1042 τήν
2673 975 2771 1027 τοῦ
2828 969 3022 1048 ἀνδρὸς
3071 972 3417 1042 κακοήθειαν,
3477 972 3528 1026 ἐν
3586 976 3666 1045 τῷ
3720 972 3789 1028 τὰ

2140 1064 2257 1119 κατ’
2289 1062 2447 1118 αὐτὸν
2477 1062 2533 1117 εὖ
2564 1060 2765 1129 θέσθαι,
2817 1060 2908 1116 καὶ
2953 1061 3027 1122 ὡς
3087 1060 3200 1115 οἷόν
3257 1081 3317 1115 τε
3369 1059 3787 1139 ἀσφαλίσασθαι.

382 1151 476 1223 Τῷ
531 1171 617 1207 τοι
668 1152 757 1206 καὶ
819 1149 1041 1226 δεύτερα
1091 1156 1158 1209 τὰ
1210 1154 1482 1233 φθάσαντα
1532 1164 1633 1226 τῆς
1689 1157 1881 1213 ἑαυτοῦ
1940 1154 2212 1229 σωτήρίας
2266 1151 2601 1225 ἡγούμενος,
2652 1151 2798 1224 παρᾶ
2853 1149 3060 1224 φαῦλον
3118 1150 3218 1218 τήν
3270 1149 3617 1224 ὁρκωμοσίαν
3675 1150 3788 1205 ἐτί-

382 1241 525 1295 θετο.
558 1244 758 1295 Τοῦτον
792 1238 858 1312 δή
889 1242 981 1298 τὸν
1041 1243 1239 1318 τρόπον
1297 1252 1400 1315 τῆς
1455 1246 1502 1280 ⁷⁷
1572 1244 1850 1321 βασιλείας
1903 1243 2086 1318 ἀρχὴν
2146 1242 2175 1297 ὁ
2230 1241 2548 1318 Νικηφόρος
2606 1237 3017 1312 ἀναδεξάμενος,
3066 1241 3166 1308 τῆς
3226 1242 3431 1309 σκηνῆς
3487 1240 3788 1313 προῆλθεν,

383 1329 645 1402 ἀκινάκην
697 1329 1061 1406 διεζωσμένος
1118 1336 1209 1390 καὶ
1269 1333 1456 1412 δόρατι
1514 1335 1973 1412 σκηριπτόμενος.
2032 1335 2115 1405 [Ρ.
2176 1334 2268 1406 26]
2321 1331 2373 1402 ἐξ
2427 1330 2677 1387 ἀπόπτου
2727 1350 2788 1386 τε
2837 1330 2928 1386 καί
2982 1351 3135 1393 τινος
3191 1337 3479 1405 περιωπῆς
3539 1331 3673 1386 κατᾶ
3724 1331 3789 1386 τὸ

385 1417 648 1494 ὕπαιθρον
679 1421 828 1491 στὰς,
863 1422 1010 1494 ἔλεξε
1035 1421 1241 1483 τοιάδε.

459 1513 562 1569 42
593 1516 645 1570 5.
681 1536 709 1563 «
741 1517 867 1570 Non
896 1515 1190 1572 desiderio
1224 1534 1318 1573 me
1352 1517 1705 1590 tyrannidis,
1738 1515 2038 1573 commili-

392 1607 869 1665 tones.ornatum
888 1605 1069 1660 istum
1089 1605 1538 1678 imperatorium
1554 1606 1903 1679 sumpsisse,
1932 1604 2038 1661 sed
2087 1653 2116 1679 η

397 1692 610 1749 studiis
630 1694 837 1749 vestris
859 1695 1271 1767 exercitusque
1298 1696 1593 1766 adactum,
1616 1714 1716 1751 vos
1748 1696 1860 1768 ipsi
1894 1693 2038 1749 mihi

397 1787 580 1839 testes
610 1783 774 1851 estis,
808 1785 909 1856 qui
943 1801 1056 1853 me,
1108 1791 1477 1842 aversantem
1532 1785 1865 1841 molestiam
1919 1790 2039 1840 tam

2218 1516 2275 1568 ε’.
2336 1534 2366 1562 ιι
2396 1515 2519 1568 Ὅτι
2571 1510 2666 1583 μὶν
2727 1509 2829 1565 οὐκ
2884 1508 3059 1587 ἐφέσει
3114 1508 3526 1582 τυραννίδος,ὦ
3561 1530 3791 1583 συστρα-

2145 1605 2357 1666 τιῶται,
2388 1598 2515 1655 τόδε
2542 1601 2604 1655 τὸ
2635 1605 2832 1674 σχῆμα
2862 1605 2961 1668 τῆς
2995 1597 3275 1674 βασιλείας
3321 1598 3610 1677 ἀνείληφα,
3660 1620 3792 1654 κατ-

2132 1690 2356 1765 ανάγκῃ
2390 1687 2447 1745 δὲ
2491 1690 2643 1763 ὑμῶν
2701 1692 2798 1743 τοῦ
2854 1692 3085 1763 στρατοῦ
3146 1688 3407 1762 βιασθεὶς,
3470 1688 3791 1763 μαρτυρεῖτέ

2154 1797 2245 1850 μοι
2287 1778 2379 1832 καὶ
2434 1776 2611 1847 αύτοὶ,
2669 1777 2722 1830 οἳ
2778 1796 2840 1852 γε
2894 1777 2984 1831 καὶ
3046 1776 3584 1850 ἀποτροπιαζόμενόν
3635 1796 3693 1830 τε
3747 1777 3792 1812 ⁷⁸

397 1889 694 1945 magnam,
736 1876 1214 1945 procurationem
1264 1875 1608 1947 reipublicae
1656 1875 1746 1931 vel
1793 1874 2040 1930 invitum

2161 1867 2248 1935 τὴν
2304 1866 2573 1937 τοσαύτην
2631 1862 2893 1943 φροντίδα
2943 1864 3034 1921 καὶ
3090 1865 3348 1941 πρόνοιαν
3408 1868 3505 1919 τοῦ
3574 1863 3795 1933 παντὸς,

397 1962 699 2033 suscipere
727 1964 1023 2037 coegistis.
1058 1963 1223 2029 Quod
1251 1971 1449 2020 autem
1466 1981 1609 2021 cura
1631 1964 1807 2020 vestri
1827 1964 2044 2036 potius,

395 2066 665 2123 measque
697 2052 1124 2110 incolumitatis
1145 2055 1472 2111 retinendas
1504 2070 1701 2122 causa,
1733 2054 1795 2109 in
1818 2059 2046 2110 tantum

396 2156 491 2196 me
533 2140 854 2198 discrimen
912 2144 1252 2210 obtulerim,
1301 2144 1451 2199 scire
1498 2160 1599 2199 vos
1638 2158 1847 2199 omnes
1894 2142 2043 2197 volo.

397 2230 837 2286 Providentiam
865 2236 1069 2301 testor,
1096 2249 1227 2303 quas
1251 2233 1591 2287 universum
1613 2231 1922 2304 gubernat,
1946 2247 2047 2302 pa-

397 2322 593 2374 ratum
618 2334 712 2373 me
735 2334 865 2375 esse
886 2321 977 2376 vel
997 2322 1187 2393 ipsam
1209 2323 1388 2376 vitam
1410 2338 1516 2393 pro
1542 2320 1706 2377 vobis
1727 2319 2046 2399 deponere,

401 2422 598 2478 neque
627 2407 816 2463 ullum
847 2409 1292 2466 incommodum
1324 2426 1416 2465 me
1465 2409 1538 2465 de
1586 2410 1698 2465 hoc
1746 2409 2049 2482 proposito

404 2494 1193 2569 deducturum.thuoniam
1210 2515 1330 2554 non
1348 2498 1725 2571 permisistis,
1739 2503 1805 2552 ut
1824 2497 2053 2571 perﬁda

405 2587 688 2657 amentia,
721 2593 788 2643 ut
815 2589 1051 2646 rabiosa
1074 2595 1132 2646 et
1156 2590 1424 2646 insolens
1449 2589 1754 2645 temeritas
1772 2588 2051 2661 spadonis

407 2675 484 2731 ad
512 2677 736 2732 exitum
768 2680 1122 2751 perveniret,
1157 2680 1282 2748 sed,
1320 2680 1425 2736 illo
1475 2685 1758 2751 tanquam
1805 2678 2053 2735 vecorde

406 2772 636 2822 rectore
666 2769 909 2838 rejecto,
942 2787 1037 2825 me
1078 2772 1372 2843 imperare
1420 2771 1586 2827 vobis
1643 2770 1941 2836 voluistis,
1991 2784 2054 2824 re

405 2857 699 2926 praestabo
716 2858 1677 2932 utintelligatis,quemadmodum
1692 2876 1903 2932 parere
1917 2856 2059 2914 scivi

409 2943 553 3001 item
584 2962 679 3001 me
708 2963 888 3016 nunc,
922 2949 1040 3004 Deo
1070 2949 1348 3021 propitio,
1382 2956 1540 3006 recte
1572 2965 1828 3022 praeesse
1859 2962 2056 3020 posse.

408 3036 644 3104 Verum,
677 3052 746 3092 ea
776 3036 1021 3093 caritate
1052 3038 1371 3103 animatus,
1425 3055 1543 3110 qua
1589 3043 1761 3111 pater
1800 3037 2062 3093 ﬁliorum

407 3139 637 3191 amans,
669 3124 835 3181 vobis
862 3129 931 3179 ut
962 3125 1103 3181 ﬁliis
1132 3127 1247 3198 piis
1277 3132 1486 3183 auctor
1502 3144 1656 3195 sum,
1680 3133 1749 3182 ut
1769 3125 2061 3182 desidiam

2150 1956 2239 2011 καὶ
2268 1953 2471 2011 ἄκοντα
2527 1954 2971 2029 κατηναγκάσατε
3025 1952 3291 2025 δέξασθαι.
3339 1955 3463 2012 ’Ὁτι
3514 1951 3571 2008 δὲ
3619 1952 3802 2023 εὐνοίᾳ

2155 2045 2370 2119 μᾶλλον
2428 2047 2581 2119 ὑμῶν
2633 2065 2690 2100 τε
2746 2045 2838 2100 καὶ
2924 2042 3188 2123 ἀσφαλείᾳ
3270 2044 3463 2099 ἑαυτοῦ
3516 2043 3653 2119 πρὸς
3705 2043 3797 2098 τὸν

2150 2139 2417 2191 τοσοῦτον
2448 2134 2627 2210 ἆγῶνα
2655 2130 2902 2189 ἐπέδωκα
2963 2132 3215 2207 ἐμαυτὸν,
3272 2129 3469 2188 εἰδέναι
3526 2129 3804 2208 βούλομαι

2152 2225 2357 2288 πάντας
2417 2224 2582 2297 ὑμᾶς.
2633 2221 2992 2299 Παρτύρομαι
3051 2220 3109 2277 δὲ
3162 2224 3263 2292 τὴν
3315 2222 3378 2277 τὸ
3433 2225 3536 2275 πᾶν
3595 2219 3805 2275 διευθύ-

2154 2333 2345 2368 νουσαν
2378 2313 2669 2386 Πρόνοιαν,
2702 2312 2777 2374 ὡς
2828 2310 3111 2387 πρόθυμός
3163 2310 3301 2384 εἶμι,
3352 2310 3442 2365 καὶ
3492 2309 3656 2376 αὐτὴν
3706 2310 3807 2376 τὴν

2152 2403 2341 2478 ψυχὴν
2386 2404 2556 2457 θεῖναι
2620 2402 2752 2476 ὑπὲρ
2815 2401 2989 2473 ὑμῶν,
3050 2400 3139 2455 καὶ
3199 2399 3298 2455 οὐκ
3354 2397 3414 2454 ἄν
3475 2398 3541 2473 μέ
3594 2420 3647 2453 τι
3703 2402 3810 2453 τῶν

2156 2491 2343 2562 ἀηδῶν
2402 2497 2499 2547 τοῦ
2553 2491 2812 2548 τοιούτου
2868 2491 3135 2565 ἀπαγάγοι
3217 2494 3446 2548 σκοποῦ.
3520 2487 3672 2548 ’.ἱξπεῖ
3726 2488 3817 2542 οὗν

2158 2581 2257 2637 ούκ
2285 2581 2547 2656 ἠνέγκατε
2573 2580 2673 2649 τήν
2704 2578 2906 2652 τομίου
2937 2573 3231 2634 ἔκσπονδον
3265 2576 3525 2632 ἀπόνοιαν
3572 2575 3663 2631 καὶ
3710 2575 3811 2642 τὴν

2159 2675 2415 2749 λυσσώδη
2457 2677 2550 2732 καὶ
2611 2676 2862 2752 ὀργῶσαν
2922 2675 3128 2731 έκείνου
3182 2671 3468 2730 αὐθάδειαν
3523 2674 3598 2734 εἷς
3652 2670 3811 2748 ἔργον

2163 2771 2440 2845 χωρῆσαι,
2495 2765 2625 2822 ἀλλ’
2682 2764 2877 2821 ὡσανεί
2918 2785 3041 2820 τινα
3099 2761 3463 2840 βαρυκάρδιον
3523 2761 3813 2832 ἐπιστάτην

2163 2854 2737 2931 ἀποσεισάμενοιιέμὶ
2770 2852 3076 2930 βασιλεύειν
3130 2853 3282 2925 ὑμῶν
3325 2852 3668 2927 ᾐρετίσασθε,
3728 2850 3817 2905 ἐπὶ

2162 2951 2271 3003 τῶν
2303 2943 2636 3021 πραγμάτων
2669 2941 2826 3018 δείξω
2857 2947 3063 3020 σαφῶς,
3092 2941 3175 2997 ὅτι
3213 2962 3272 2997 τε
3315 2939 3468 3017 ᾔδειν
3516 2942 3802 3015 ἄρχεσθαι,

2163 3036 2255 3092 καὶ
2284 3035 2376 3090 νῦν
2432 3033 2624 3110 ἄρχειν
2682 3031 3062 3111 ἀνεπισφαλῶς
3119 3030 3212 3086 σὺν
3270 3029 3387 3104 Θεῷ
3443 3028 3814 3102 ἐξεπίσταμαι.

2167 3124 2394 3183 Εὕνοιαν
2428 3123 2519 3178 οὗν
2547 3121 2691 3198 ἔχων
2726 3122 2800 3186 ὥς
2827 3143 2911 3185 τις
2939 3112 3199 3199 φιλόπαις
3228 3121 3430 3193 πατήρ,
3453 3113 3815 3191 συμϐουλεύω

407 3213 770 3287 deliciasque
801 3231 877 3270 ne
908 3215 1262 3287 respiciatis.
1308 3216 1611 3272 Excubare
1633 3215 1950 3288 oportebit,
1975 3214 2053 3268 vi-

2162 3219 2325 3269 πᾶσιν
2362 3214 2493 3285 ὑμῖν
2524 3213 2599 3274 ὡς
2632 3212 2772 3273 υἱοῖς
2801 3210 3191 3289 φιλοπάτορσι,
3228 3211 3302 3283 μή
3344 3208 3482 3283 πρὸς
3529 3207 3813 3285 ρᾳσνώνην

408 3303 615 3375 gilare,
639 3319 810 3359 casus
831 3305 1188 3375 praemunita
1212 3309 1410 3360 mente
1435 3305 1747 3360 sustinere.
1772 3306 1897 3360 Non
1928 3304 2057 3358 sine

413 3391 702 3465 sanguine
731 3392 1004 3447 existimo
1035 3409 1163 3448 rem
1195 3393 1586 3465 dijudicatum
1618 3394 1712 3449 iri.
1746 3395 1889 3449 Nam
1940 3410 2056 3463 quo

416 3486 508 3537 est
536 3480 722 3554 magis
752 3481 1003 3537 arduum
1033 3498 1285 3538 ascensu
1335 3483 1573 3555 imperii
1618 3481 1940 3555 fastigium,
1990 3498 2059 3537 eo

415 3570 645 3644 gravior
673 3570 897 3625 invidia
925 3576 985 3626 et
1013 3572 1314 3627 contentio
1359 3577 1468 3640 est,
1522 3588 1654 3644 qum
1701 3572 1769 3627 fit
1814 3571 1887 3627 de
1931 3571 2056 3626 illo.

421 3661 536 3716 Nec
567 3676 702 3715 vero
733 3676 868 3716 cum
898 3660 1278 3717 Cretensibus
1317 3678 1478 3717 nunc
1522 3662 1690 3718 vobis
1735 3666 2060 3729 certamen,

418 3767 529 3807 nec
560 3768 696 3807 cum
728 3751 960 3824 Scythis
992 3758 1050 3806 et
1077 3751 1392 3820 Arabibus,
1425 3770 1574 3825 quos
1612 3753 1823 3808 virtute
1871 3757 2066 3808 vestra

420 3840 737 3907 devicistis,
766 3841 871 3897 sed
902 3841 1003 3909 48
1027 3858 1160 3896 cum
1183 3843 1586 3898 Romanorum
1610 3842 1864 3911 civitate,
1889 3841 2063 3897 bonis

417 3932 694 3988 omnibus
724 3933 986 4004 undique
1019 3933 1309 3999 afﬂuenti,
1345 3950 1477 4005 quas
1518 3950 1637 3989 non
1693 3940 1892 4006 potest
1939 3939 2064 3989 tan-

420 4039 596 4093 quam
630 4023 872 4093 aliquod
902 4023 1214 4079 castellum
1246 4030 1549 4080 momento
1581 4025 1733 4097 capi.
1776 4025 1917 4080 Mari
1948 4025 2061 4080 cir-

419 4112 683 4167 cumﬂua
707 4119 885 4183 atque
915 4114 1163 4179 munita,
1183 4115 1644 4186 propugnaculis
1668 4115 1855 4171 ﬁrmis
1869 4116 2065 4171 cincta

424 4217 890 4272 quoquoversus,
923 4201 1077 4273 pube
1107 4200 1366 4273 plurima
1393 4203 1590 4273 plena,
1622 4205 1852 4260 caeteris
1893 4205 2065 4260 terris

420 4305 586 4355 auro,
603 4288 833 4360 Opibus,
849 4291 1216 4347 ornamentis
1231 4292 1482 4347 multum
1498 4297 1756 4364 praestat.
1780 4293 2067 4357 Quocirca

418 4382 653 4451 oportet
679 4393 801 4443 vos,
833 4384 1112 4435 renovata
1138 4379 1324 4435 nobili
1358 4380 1571 4436 virtute
1602 4380 1725 4449 illa,
1749 4396 1866 4452 qua
1885 4380 1978 4435 usi
2001 4382 2065 4436 in

418 4466 643 4540 prwliis
667 4466 1035 4524 adversarios
1057 4484 1265 4525 omnes
1287 4468 1711 4535 debellavistis,
1735 4470 1869 4542 plus
1894 4487 2064 4542 paane

2164 3302 2253 3358 καὶ
2304 3302 2514 3380 τρυφὴν
2574 3298 2810 3371 ἀπιδεῖν,
2868 3297 2997 3355 ἀλλ’
3047 3295 3406 3373 ἐγρηγορέναι
3462 3296 3551 3351 καὶ
3605 3296 3819 3370 νήφειν,

2165 3393 2352 3448 καὶτὰ
2382 3389 2763 3464 συμπίπτοντα
2815 3386 3257 3462 εύπρεπισμένως
3307 3387 3355 3424 79
3396 3383 3816 3460 προσδέχεσθαι.

2168 3482 2553 3556 Τεκμαίρομαι
2618 3478 2746 3555 γὰρ,
2805 3479 2882 3552 μὴ
2968 3477 3240 3551 ἀναιμωτὶ
3325 3474 3671 3550 διακριθῆναι
3753 3473 3820 3528 τὰ

2168 3573 2484 3646 πράγματα.
2529 3568 2626 3624 Καὶ
2685 3568 2812 3645 γὰρ,
2871 3565 2995 3622 ὅσον
3050 3566 3128 3629 εἷς
3183 3564 3465 3639 ἀνέφικτον
3526 3564 3662 3638 ὕψος
3717 3569 3817 3632 τῆς

2174 3668 2449 3747 βασιλείας
2491 3669 2552 3725 τὸ
2607 3667 2802 3744 κράτος
2859 3665 3137 3736 ἀνέστηκε,
3193 3669 3449 3721 τοσοῦτον
3504 3664 3650 3720 καὶὸ
3681 3663 3813 3741 φθό-

2168 3783 2262 3826 νος
2290 3762 2377 3815 καὶ
2430 3761 2459 3816 ὁ
2515 3759 2760 3832 πόλεμος
2817 3759 2939 3834 περὶ
2998 3757 3168 3826 αὐτὴν
3224 3757 3437 3826 αὔξεται
3497 3750 3810 3828 διαμιλλώ-

2171 3873 2304 3908 πενα
2332 3852 2380 3889 ³ο
2409 3853 2542 3925 (99).
2573 3851 2654 3908 Ού
2684 3850 2818 3923 πρὸς
2851 3855 3064 3923 Κρῆτας
3097 3847 3187 3902 οὗν
3238 3848 3365 3920 ὑμῖν
3398 3847 3433 3915 ἡ
3464 3842 3641 3913 πάλη,
3691 3839 3816 3898 οὐδε

2169 3943 2307 4017 πρὸς
2341 3940 2552 4004 Σκύθας
2581 3938 2673 3994 καὶ
2720 3932 2987 4012 Ἄραϐας,
3038 3933 3133 3997 οὕς
3185 3939 3255 4009 τῇ
3306 3939 3453 4012 σφῶν
3514 3932 3680 4008 ἀρετῇ
3733 3929 3813 3986 δι-

2175 4029 2583 4107 εχειρισάμεθα,
2616 4026 2764 4083 ἀλλὰ
2804 4027 2940 4102 πρὸς
2983 4027 3083 4095 τὴν
3137 4028 3244 4080 τῶν
3302 4025 3594 4096 Ῥωμαίων
3657 4020 3816 4076 πολι-

2173 4123 2340 4188 τείαν,
2373 4123 2491 4186 καθ’
2521 4120 2587 4190 ἤν
2619 4116 2824 4195 ἄκρατα
2864 4121 2938 4193 (1)
2972 4116 3308 4193 πανταχόθεν
3371 4115 3560 4189 εἰσρεῖ,
3611 4113 3700 4168 καὶ
3750 4110 3814 4181 ἤν

2172 4214 2277 4269 οὐκ
2306 4211 2383 4268 ἔνι
2414 4206 2665 4267 αὐτοϐοεὶ
2697 4208 2769 4271 ὥς
2799 4230 2851 4265 τι
2883 4213 2987 4264 τῶν
3036 4206 3309 4286 φρουρίων
3358 4204 3523 4262 ἑλεῖν
3577 4202 3818 4275 θαλάσσῃ

2170 4323 2229 4357 τε
2257 4300 2680 4376 περιρρεόμενον
2702 4300 2748 4336 ⁸1
2773 4299 2861 4354 καὶ
2893 4296 3085 4372 εὐερκῆ
3144 4296 3327 4367 οὖσαν,
3373 4293 3463 4350 καὶ
3507 4291 3815 4376 πυργῴμα-

2174 4412 2255 4446 σιν
2288 4374 2544 4462 ἐρυμνοῖς
2592 4386 3047 4463 περικλειομένην
3102 4385 3426 4459 ἑκασταχοῦ,
3474 4381 3560 4435 καὶ
3607 4374 3812 4448 ἠϐὣντι

2174 4480 2294 4552 λαῷ
2323 4478 2796 4552 περιπλήθουσαν,
2826 4476 2917 4532 καὶ
2948 4479 3140 4552 χρυσῷ
3170 4473 3259 4530 καὶ
3288 4470 3511 4544 πλούτῳ
3545 4467 3632 4525 καὶ
3684 4466 3812 4521 ἀνα-

420 4573 598 4630 quam
620 4557 891 4629 poteritis
912 4574 1072 4614 nunc
1092 4559 1470 4630 potissimum
1487 4565 1693 4616 contra
1709 4560 1910 4615 hostes
1932 4560 2053 4615 niti.

2173 4570 2378 4641 θήμασι
2409 4566 2610 4640 πολλῷ
2636 4573 2737 4637 τῆς
2783 4564 3104 4639 οἷκουμένης
3155 4559 3531 4642 διαφέρουσαν.
3580 4561 3670 4614 Δεῖ
3719 4554 3808 4610 οὗν

420 4649 764 4719 Quanquam
798 4645 1057 4716 confido,
1087 4647 1149 4702 in
1210 4648 1322 4704 hoc
1363 4649 1689 4704 certamine
1736 4664 1830 4704 me
1877 4650 2063 4705 Deum

417 4752 653 4808 quoque
683 4737 1017 4809 adjutorem
1040 4737 1400 4795 habiturum.
1428 4740 1604 4796 Pacta
1626 4740 1784 4795 enim
1807 4739 2060 4811 etjusju-

417 4826 671 4882 randum
704 4845 824 4884 non
854 4845 963 4884 nos
985 4828 1355 4899 violavimus,
1385 4830 1488 4886 sed
1508 4831 1744 4904 Iosephi
1768 4830 2059 4901 simultes,

415 4914 517 4986 qui
548 4920 672 4970 tum
704 4917 1070 4991 propinquos
1098 4919 1229 4977 sine
1260 4936 1440 4978 causa
1467 4919 1593 4977 ulla
1630 4937 1796 4978 meos
1826 4921 1889 4977 in
1913 4923 2063 4977 exsi-

2173 4659 2234 4713 τὸ
2262 4662 2499 4732 γενναῖον
2532 4655 2896 4730 ἀνειληφότας
2942 4655 3293 4730 παράστημα,
3324 4651 3371 4724 ᾧ
3398 4647 3735 4725 κεχρημένοι
3765 4647 3812 4701 9³

2172 4746 2322 4821 παρὰ
2349 4744 2444 4806 τὰς
2476 4743 2658 4820 μάχας
2687 4744 2750 4799 τὸ
2807 4742 3049 4814 ἀντίξουν
3099 4738 3235 4796 ἅπαν
3285 4739 3718 4814 κατηγωνίζεσθε
3747 4736 3812 4801 ⁸³,

2171 4833 2261 4888 καὶ
2295 4833 2429 4907 ὑπὲρ
2458 4832 2521 4888 τὸ
2565 4832 2678 4888 ἐνὸν
2712 4830 2832 4909 ἄρτι
2899 4828 3112 4905 μᾶλλον
3161 4830 3300 4885 κατὰ
3345 4832 3455 4883 τῶν
3500 4822 3812 4882 ἀντιπάλων

2171 4928 2398 4997 χωρεῖν.
2435 4922 2863 4999 Πέπεισμαιγὰρ
2923 4919 3055 4992 ἕξειν
3101 4917 3189 4975 ἐπὶ
3236 4917 3455 4973 τουτονὶ
3495 4917 3587 4973 τὸν
3640 4916 3815 4990 ἀγῶνα

1622 5108 1684 5167 C.
1723 5110 1785 5166 Β.
1827 5111 2019 5167 HASII
2054 5112 2605 5170 ANNOTATIONES.

485 5265 531 5301 7"
561 5270 681 5332 τῆς.
712 5266 868 5321 Fort.
898 5266 997 5333 τήν
1027 5272 1150 5335 τῆς.

1228 5267 1277 5304 ’⁸⁸
1309 5288 1389 5326 τε.
1449 5270 1657 5343 Melius
1716 5270 1807 5325 vel
1864 5271 1976 5327 Leo
2014 5272 2104 5343 vel
2136 5272 2441 5343 Alibrarius
2498 5273 2834 5343 scripsisset
2889 5272 2975 5343 μέ.

3078 5271 3126 5345 ⁷ξ
3154 5273 3322 5345 Lege
3361 5269 3811 5345 sutpemcxpéqu.

404 5337 533 5416 Vid.
656 5337 934 5416 Basilium
968 5338 1041 5416 de
1070 5338 1656 5416 gratiarumactione
1685 5343 1727 5399 Ι.
1760 5343 1884 5416 36ξὶ.
1913 5345 1977 5416 _C.

2168 5341 2575 5416 ιαμιλλώμενα.
2611 5337 2724 5416 Sic.
2747 5337 3569 5416 οοὰίῐίόιιινδιαμῖλλωμένῳ.
3621 5337 3694 5381 ’δι
3727 5361 3813 5416 πε-

404 5406 755 5485 ριρῥεόμενον
814 5409 905 5465 Sic
936 5406 1234 5482 cod.'Leg.
1264 5410 1713 5486 ηεριρρεομὲνην,
1746 5418 1812 5467 ιιι
1839 5413 1994 5469 infra
2018 5416 2107 5471 38.
2140 5417 2201 5471 C.

390 5584 574 5656 (99)
612 5581 896 5653 Proposui
929 5576 1536 5656 Singillvuutvcof_nisi
1569 5580 1733 5637 dicas
1762 5588 2042 5656 neutrum

392 5652 651 5735 positum
677 5652 786 5735 pro
808 5653 1140 5735 masculino
1167 5666 1178 5703 :
1205 5652 1319 5708 vid.
1352 5653 1620 5727 Vigerum
1654 5656 1734 5710 De
1758 5654 2041 5711 idiotism.

391 5726 481 5786 13.
514 5730 575 5787 Ο.
610 5726 809 5799 ibique
842 5732 1033 5782 notas.

2305 5415 2354 5451 ⁸³
2381 5417 2470 5469 καὶ
2502 5414 2777 5490 χρημένοι
2819 5416 2948 5473 cod.
3079 5415 3126 5451 ⁸³
3171 5417 3636 5488 κατηγωνίζεσθαι
3681 5414 3809 5471 cod.

2226 5587 2304 5657 (1)
2334 5586 2619 5659 Exempla
2647 5586 2921 5659 adjectivi
2952 5581 3208 5659 ἃκρατος,
3242 5602 3524 5659 οοηεθηειι
3564 5603 3682 5658 quo
3712 5587 3809 5641 hic

2153 5660 2432 5785 (lacunari;
2461 5657 3070 5733 collegit‘Catakerus
3125 5657 3448 5714 Miscellan.
3505 5657 3804 5733 posthum.

2185 5770 2195 5780 .
2232 5750 2299 5785 «ω
2342 5771 2354 5785 .
2440 5772 2450 5785 ι

2185 5770 2195 5780 -
2232 5750 2354 5785 «ἔδυ.
2390 5750 2450 5785 Β.
