4184 6326
465 367 582 428 725

1851 362 2246 425 HISTORLE
2285 363 2432 423 LIB.
2479 363 2580 424 lil.

3759 367 3878 426 ’726

467 500 728 576 συνεργὸν
793 501 884 557 καὶ
941 502 1034 556 τὸν
1093 499 1390 568 κρείττονα.
1453 501 1560 564 Τὰς
1612 500 1713 575 γὰρ
1775 495 2008 560 σπονδὰς
2033 517 2101 551 κα

2237 497 2382 554 lium
2416 499 2550 568 egit,
2571 505 2696 556 tum
2730 500 2896 563 mihi,
2931 500 3083 556 nihil
3121 499 3335 556 horum
3367 499 3718 572 suspicanti.
3750 519 3880 557 sce-

465 589 592 652 τοὺς
626 591 822 661 ὅρκους
851 591 965 664 οὐχ
1015 592 1199 662 ἡμεῖς,
1257 590 1319 644 τὸ
1375 593 1476 644 τοῦ
1532 589 1734 663 Ἰωσήφ
1768 585 1825 642 δὲ
1856 584 2123 665 διέφθειρε

465 676 748 750 δυσμενὲς,
781 677 839 742 ὅς
868 678 996 735 τοὺς
1027 678 1192 750 ἐμοὺς
1236 681 1520 753 ἀγχιστεῖς
1569 677 1656 733 ἐπὶ
1706 677 1970 751 προφάσει
2007 696 2117 748 μη-

463 764 626 840 δεμιᾷ
658 767 923 840 ὑπερορίᾳ
980 768 1354 840 παρέπεμψεν,
1414 764 1538 838 ἐμοὶ
1598 763 1656 820 δὲ
1710 764 1916 820 τούτων
1969 759 2118 832 εἰδη-

459 857 578 910 κότι
637 855 686 891 ⁸⁴
747 854 940 928 μηδὲν,
1004 854 1172 926 ὠμῶς
1233 856 1322 909 καὶ
1383 854 1824 933 ἀφιλανθρώπως
1891 851 2115 906 θάνατον

459 944 814 1019 ἐσκαιώρησε.
875 947 960 1018 [Ρ.
992 947 1082 1017 27]
1140 944 1243 1008 Τάς
1282 941 1341 999 δὲ
1396 939 1686 1018 ξυμϐάσεις
1734 943 1840 1017 οὐχ
1879 942 1930 997 οἱ
1964 941 2117 1015 πρώ-

459 1055 568 1096 τως
627 1033 714 1088 ἐπὶ
770 1034 837 1087 τά
875 1033 1040 1089 ’ὅπλα
1103 1038 1413 1110 χωροῦντες
1474 1031 1714 1088 διαλύειν
1763 1031 2015 1106 ᾠείθασιν
2045 1030 2113 1098 ⁸⁵,

459 1124 586 1180 ἀλλ’
627 1125 678 1179 οἱ
709 1123 760 1178 ἐν
808 1122 1068 1186 σπονδαῖς
1127 1129 1243 1186 τοῖς
1276 1122 1588 1202 ὁμοφύλοις
1647 1118 2112 1182 ἐπιϐουλεύοντες.

458 1215 622 1284 Δόξαν
669 1235 728 1269 τε
783 1215 882 1284 τήν
943 1213 1079 1287 ἐμὴν
1140 1213 1618 1290 ἀναλογιζόμενοι,
1679 1215 1766 1291 ὑφ’
1813 1213 1877 1280 ἧς
1919 1231 2114 1286 στρατ-

2237 586 2594 643 leratissime
2628 597 2686 644 et
2715 590 3128 645 crudelissime
3197 595 3448 644 mortem
3505 590 3880 646 machinatus

2230 684 2335 733 est.
2373 678 2682 734 Pactiones
2723 687 2918 734 autem
2953 697 3072 734 non
3104 680 3143 733 ii
3177 679 3396 734 violare
3429 679 3678 750 putandi
3710 685 3871 748 sunt,

2230 768 2329 838 qui
2363 768 2590 838 priores
2621 769 2694 822 ad
2724 785 2889 823 arma
2910 775 3279 834 eunt,verum
3313 769 3512 840 illiqui
3547 769 3873 839 postﬁdem

2227 857 2423 913 datam
2457 857 2681 912 civibus
2712 858 3679 931 insidiantur.l’ostremo.gloriam
3707 875 3874 930 repu-

2229 951 2421 1002 tantes
2451 963 2667 1011 meam,
2695 947 2868 1018 cujus
2899 947 3080 1002 ductu
3115 954 3332 1018 tropam
3388 948 3704 1003 innumera
3750 955 3866 1007 sta-

2226 1034 2445 1103 tuistis,
2480 1035 2728 1089 excitata
2795 1036 2844 1090 si
2895 1052 3160 1106 unquam
3218 1036 3364 1091 alias
3421 1037 3626 1091 innata
3676 1042 3869 1091 vestra

2225 1123 2458 1188 virtute,
2494 1123 2623 1177 sine
2655 1129 2928 1195 respectu
2973 1124 3318 1195 sequimini,
3359 1141 3734 1196 quocumque
3809 1128 3869 1180 et

2224 1211 2594 1282 providentia
2624 1213 2819 1280 ducet,
2853 1220 2910 1267 et
2938 1213 3064 1284 ipse
3095 1213 3470 1269 contendam.

454 1302 751 1378 ηγούμενοι
814 1303 946 1376 ὑπὲρ
1003 1304 1232 1376 ἀριθμὸν
1281 1305 1676 1378 κατωρθώσατε
1730 1301 1985 1378 τρόπαια,
2040 1298 2130 1354 καὶ
2188 1299 2286 1366 τήν
2342 1297 2636 1376 σύντροφον
2697 1299 2848 1372 ὑμῶν
2906 1298 3055 1374 εἶ’περ
3109 1299 3310 1355 ἄλλοτέ
3356 1321 3487 1355 ποτε
3517 1301 3865 1375 παραθήξαν-

447 1406 538 1455 τες
588 1394 808 1465 ἀρετὴν,
863 1390 1054 1448 ἕπεσθε
1113 1393 1538 1469 ἀνεπιστρὸφως,
1689 1389 1747 1446 ἂν
1797 1393 1832 1461 ἡ
1880 1389 2338 1466 Πρόνοιαὴγῆται,
2399 1389 2490 1442 καὶ
2549 1388 2708 1450 αὐτὸς
2766 1391 3014 1463 ὁρμῶ.))

527 1483 591 1547 ς’.
625 1485 808 1539 Ταῦτα
852 1482 928 1544 εἷς
991 1481 1226 1552 ἐπήκοον
1287 1490 1389 1552 τῆς
1450 1488 1701 1557 στρατιᾶς
1735 1482 1762 1537 ὁ
1793 1479 2022 1554 Νικηφόγ
2048 1501 2104 1540 ος

459 1569 747 1643 διεξελθὼν
775 1572 991 1626 πάντων
1025 1571 1295 1648 ἐπὲρὶἕωσε
1352 1571 1418 1626 τὰ
1477 1573 1820 1648 φρονήματα,
1851 1571 1938 1625 καὶ
1971 1589 2106 1638 προ-

459 1661 654 1734 θυμίαν
685 1659 988 1734 ἀδιήγητον
1025 1660 1341 1731 ἐνεστάλαξε
1385 1667 1502 1722 ταῖς
1534 1664 1762 1735 ψυχαῖς,
1796 1661 1869 1721 ὡς
1903 1659 2104 1719 οἷέσθαι

461 1753 660 1824 μήτινα
689 1753 734 1788 ’⁸⁸
765 1748 1014 1824 πολέμου
1076 1751 1256 1826 ῥοπήν
1318 1750 1369 1821 ἐξ
1425 1752 1781 1811 ἀντιστάσεως
1840 1748 2111 1821 ἀνθαμιλ-

457 1838 695 1910 λῃθῆναι
724 1844 803 1910 τῷ
831 1839 1069 1912 τοιούτῳ
1128 1843 1413 1912 κινήματι.
1472 1841 1781 1913 Δαιμονίως
1812 1839 1913 1914 γὰρ
1947 1837 2107 1894 αὐτὸν

451 1926 664 2004 ἔστεργε
694 1930 761 1984 τά
791 1929 1189 2003 στρατεύματα,
1247 1930 1336 1984 καὶ
1395 1935 1496 1990 πᾶς
1544 1951 1629 1993 τις
1673 1929 1837 1984 αὐτοῦ
1867 1932 1983 1989 τοῖς
2016 1925 2106 1980 αῦ-

451 2019 699 2094 χήμασιν
754 2017 1097 2092 ἐσεμνύνετο.
1153 2019 1256 2074 Καὶ
1307 2020 1408 2095 γὰρ
1463 2040 1514 2073 εν
1548 2016 1818 2091 πολέμοις
1851 2017 2106 2089 ἀναστραο

450 2107 568 2184 φεῖς
613 2105 674 2162 ἐκ
721 2107 998 2177 νεότητος,
1059 2108 1149 2162 καὶ
1209 2102 1442 2181 φοϐερὸς
1496 2103 1837 2182 ἀναδειχθεὶς
1885 2104 1937 2159 ἐν
1989 2109 2106 2166 τοῖς

453 2197 590 2250 κατὰ
645 2196 792 2266 τάξιν
846 2195 936 2250 καὶ
1001 2197 1183 2269 μάχας
1210 2199 1253 2232 ⁸⁷
1286 2193 1782 2270 ἂνδραγαθήμασιν,
1831 2193 1891 2248 ού
1941 2193 2104 2266 μόνον

449 2285 547 2353 τὴν
581 2282 754 2353 ἀλκὴν
818 2285 1034 2358 ἄμαχος
1095 2283 1265 2339 ἐτέλει
1323 2285 1412 2338 καὶ
1470 2281 1789 2356 περιδέξιος,
1841 2281 1986 2337 ἀλλά
2017 2283 2105 2338 καὶ

447 2375 546 2444 τήν
585 2380 756 2450 φρένα
813 2376 1220 2446 κατηρτυμὲνος
1275 2375 1362 2428 καὶ
1422 2375 1519 2440 τήν
1579 2371 1926 2443 παντοδαπήν
1982 2373 2105 2447 ἀρεο

444 2464 542 2533 τὴν
577 2461 966 2536 ἀπαράμιλλος
1029 2468 1129 2536 (2).
1192 2463 1373 2526 Εὐθὺς
1428 2462 1518 2517 οὖν
1580 2463 1654 2524 εἷς
1703 2465 1801 2531 τὴν
1833 2467 1941 2517 τῶν
1975 2469 2100 2517 Και-

445 2555 648 2624 σαρέων
713 2551 1006 2621 ἐκκλησίαν
1067 2555 1285 2620 νὲιυν⁸⁸,
1350 2551 1548 2616 ἐκεῖθεν
1608 2551 1693 2606 ἐπὶ
1749 2554 1849 2620 τήν
1899 2554 2100 2621 σκηνὴν

445 2642 822 2718 ἐπανέστρεφε,
886 2642 974 2697 καὶ
1029 2645 1122 2696 τὸν
1205 2644 1466 2712 Ἰωάννην
1523 2647 1599 2714 τῷ
1654 2642 1750 2696 τοῦ
1803 2641 2103 2717 μαγίστρου

444 2733 682 2803 τιμήσας
739 2732 1030 2803 ἀξιώματι,
1091 2730 1416 2802 δοριέστικον
1490 2738 1588 2798 τῆς
1649 2729 1950 2798 Ἀνατολῆς
2010 2731 2100 2784 ἀν-

448 2821 755 2895 ηγόρευσεν,
804 2820 1117 2893 ἐντάλματά
1180 2842 1239 2875 τε
1297 2821 1386 2875 καὶ
1451 2818 1788 2893 διατάγματα
1819 2825 2101 2895 πανταχοῦ

449 2910 552 2980 τῆς
608 2910 925 2982 Ῥωμαϊκῆς
1005 2909 1304 2983 ἡγεμονίας
1389 2910 1673 2982 ἐξέπεμπε,
1755 2909 1842 2963 καὶ
1906 2929 2098 2984 στρατ-

451 2997 614 3073 ηγοὺς
647 2998 1146 3074 προχειρισάμενος
1179 2997 1265 3051 ἐπὶ
1318 2997 1408 3051 τὸν
1444 2995 1714 3067 Εὔξεινον,
1745 2995 1834 3051 καὶ
1863 2996 1931 3051 τά
1959 3016 2095 3069 παρ-

447 3089 605 3142 άκτιοι
657 3088 852 3154 πάντα,
911 3086 1000 3140 καὶ
1060 3081 1294 3142 Ἀϐυδον
1350 3081 1624 3153 ἔστελλεν,
1685 3085 1902 3159 ὰπτέρῳ
1941 3087 2098 3159 τάχει
2131 3063 2180 3128 Ο

441 3171 656 3231 ἂπιέναι
741 3175 954 3236 τούτοις
1038 3173 1516 3250 ἐγκελευσάμενος·
1577 3179 1738 3229 τοῦτο
1797 3177 1963 3250 τάχα,
2026 3176 2100 3236 ὡς

443 3263 611 3332 ἔοικε,
642 3263 1128 3340 προμηθούμενος,
1179 3264 1285 3339 πρὸ
1331 3269 1433 3318 τοῦ
1466 3262 1751 3331 διαπτῆναι
1780 3265 1878 3331 τὴν
1909 3267 2098 3342 φήμην

446 3362 546 3425 τῆς
577 3353 946 3432 ἀναῤῥήσεως,
1001 3361 1102 3422 τῆς
1156 3354 1319 3429 ὑγρᾶς
1377 3353 1503 3416 τοὺς
1537 3354 1824 3427 πορθμοὺς
1852 3354 1939 3408 καὶ
1969 3354 2101 3416 τοὺς

445 3444 652 3517 πόρους
709 3450 1136 3519 προκατασχεῖν.
1193 3441 1351 3500 Οὕτω
1407 3443 1508 3519 γὰρ
1559 3439 1695 3516 ᾤετο
1740 3443 1876 3498 κατᾶ
1904 3448 2024 3497 νοῦν
2056 3445 2101 3480 ⁸⁸

449 3532 594 3605 αὖτῷ
652 3533 928 3608 χωρήσειν
987 3531 1055 3586 τά
1107 3533 1420 3607 πράγματα,
1474 3531 1562 3586 καὶ
1625 3533 1702 3604 μὴ
1776 3531 2097 3604 ἐπινεμεσή-

449 3643 558 3677 σειν
590 3622 688 3690 τήν
720 3620 896 3696 τύχην
947 3621 1117 3693 αὐτῷ,
1168 3618 1535 3694 ἐπιμειδιᾶσαι
1569 3619 1625 3675 δὲ
1659 3620 1871 3693 μᾶλλον
1909 3620 2095 3697 ἶλαρὲν

443 3732 496 3766 τι
527 3711 620 3765 καὶ
669 3709 904 3786 ἥμερον,
963 3707 1014 3764 εἴ
1062 3731 1126 3784 γε
1183 3711 1515 3784 προτερήσοι
1542 3711 1642 3778 τήν
1672 3713 1780 3764 τῶν
1814 3708 2096 3784 ἐπικαιρο-

442 3799 615 3855 τάτων
677 3799 899 3874 χωρίων
965 3797 1294 3872 γατάληψιν.
1349 3799 1581 3852 Ταῦταὸ
1613 3798 1928 3874 Νικηφόρος
1979 3795 2093 3853 δια-

443 3888 807 3963 πραξάμενος,
865 3887 954 3942 καὶ
1013 3886 1088 3948 εἰς
1162 3885 1372 3963 ἀρῥαγῆ
1434 3888 1798 3960 συνασπισμὸν
1858 3907 2094 3941 καταπυ-

442 3977 652 4039 κνώσας
683 3979 778 4040 τάς
838 3974 1144 4053 φάλαγγας,
1198 3975 1288 4030 καὶ
1350 3972 1647 4049 ὁπλισμοῖς
1688 3974 1850 4037 αὐτάς
1881 3975 2096 4051 εὐερκέ-

445 4088 526 4122 σιν
578 4063 1035 4139 ἀσφαλισάμενος,
1095 4071 1196 4132 τῆς
1257 4064 1579 4139 Καισαρείας
1636 4063 1845 4138 ἀπάρας
1877 4062 1963 4118 ἐπὶ
1995 4064 2091 4132 τήν

449 4153 841 4230 βασιλεύουσαν
877 4151 1008 4208 ἵετο*
1042 4151 1339 4221 ἐπιστολὴν
1363 4174 1421 4207 τε
1450 4155 1686 4228 χαράξας
1719 4153 1805 4207 καὶ
1841 4151 2094 4223 Φιλοθέῳ

441 4243 521 4316 τῷ
569 4243 859 4320 Εὖχαΐτων
917 4243 1200 4315 ἐπισκόπῳ
1252 4241 1586 4318 ἐγχειρίσας,
1647 4242 1782 4316 πρὸς
1809 4263 1868 4297 τε
1910 4242 1958 4277 ⁹⁰
1983 4246 2091 4297 τῶν

443 4332 906 4405 ἐκκλησιαπικῶν
989 4331 1397 4405 ἐπειλημμένον
1486 4330 1686 4386 οἶάκων
1749 4329 2091 4386 Πολύευκτον

2287 1483 2337 1534 6.
2358 1481 2475 1535 Hac
2493 1481 2759 1536 oratione
2773 1482 3050 1537 audiente
3071 1482 3329 1537 exercitu
3349 1482 3551 1538 habita
3572 1483 3858 1555 Nicepho-

2216 1586 2317 1624 rus
2339 1571 2604 1625 omnium
2655 1572 2888 1626 animos
2945 1572 3334 1638 conﬁrmavit,
3369 1573 3857 1644 alacritatemque

2216 1659 2675 1714 inenarrabilem
2709 1661 3010 1716 mentibus
3043 1662 3374 1731 instillavit,
3418 1669 3481 1716 ut
3513 1663 3681 1718 nulla
3709 1663 3863 1718 vide-

2217 1752 2379 1801 retur
2409 1751 2509 1803 44
2534 1748 2673 1803 belli
2709 1749 2794 1803 vis
2828 1751 3120 1819 ejusmodi
3153 1752 3340 1806 motui
3373 1751 3660 1807 obsistere
3682 1769 3860 1823 repu-

2214 1853 2516 1908 gnareque
2549 1854 2743 1910 posse.
2769 1839 2994 1910 Quippe
3017 1840 3265 1895 miriﬁce
3298 1841 3578 1896 amabant
3598 1858 3731 1896 eum
3756 1842 3864 1897 mi-

2214 1924 2370 1991 lites,
2415 1943 2609 1997 neque
2638 1932 2764 1982 erat
2787 1928 3031 1983 omnino
3063 1930 3378 1999 quisquam
3401 1930 3546 2000 quin
3584 1929 3859 1986 laudibus

2216 2015 2344 2086 ejus
2377 2015 2905 2086 gloriareturNam
2928 2017 2990 2071 in
3018 2017 3193 2072 bellis
3223 2025 3488 2073 versatus
3511 2035 3545 2073 a
3564 2035 3769 2090 puero,
3804 2025 3862 2074 et

2212 2104 2285 2160 ob
2299 2103 2564 2160 facinora
2581 2105 2641 2159 in
2655 2106 2826 2177 aciefp
2837 2106 3132 2177 rmliisque
3145 2107 3304 2162 edita
3320 2107 3856 2178 pertimescendus,

2212 2211 2331 2249 non
2363 2193 2540 2248 modo
2573 2194 2792 2248 viribus
2824 2196 3074 2250 invictus
3098 2197 3517 2268 eratmiraque
3548 2197 3860 2253 dexterita-

2211 2288 2290 2349 te,
2320 2301 2520 2338 verum
2552 2290 2750 2338 mente
2783 2301 3019 2355 quoque
3074 2285 3421 2356 composita,
3466 2293 3523 2339 et
3569 2287 3860 2356 cujusque

2211 2372 2371 2426 modi
2406 2373 2620 2427 virtute
2649 2373 2776 2428 sine
2817 2374 3222 2428 controversia
3263 2383 3569 2445 praestans.
3604 2376 3689 2430 lta
3730 2377 3858 2432 sine

2209 2478 2398 2525 mora,
2427 2469 2741 2532 postquam
2773 2463 2834 2517 in
2896 2463 3207 2518 ecclesiam
3243 2464 3696 2519 Caesariensium
3723 2483 3855 2536 per-

2208 2558 2464 2606 rexerat.
2498 2551 2557 2604 in
2601 2550 3049 2606 tabernaculum
3086 2569 3387 2622 regressus
3418 2554 3702 2608 Joannem
3740 2556 3855 2610 Ma-

2209 2638 2370 2708 gistri
2405 2639 2688 2710 disni'ate
2712 2640 3064 2694 honoratum
3083 2641 3478 2696 Domesticum
3501 2642 3756 2698 Orientis
3775 2660 3858 2698 re-

2209 2727 2464 2791 nuntiat,
2503 2727 2779 2782 mandata
2800 2736 2856 2781 et
2877 2729 3068 2783 edicta
3086 2747 3532 2799 ᾳυυᾳυονει·›ιιδ
3557 2748 3660 2802 per
3678 2733 3855 2803 impe—

2206 2817 2360 2871 rium
2385 2818 2716 2872 Romanum
2741 2817 2978 2878 emittit,
3022 2819 3203 2872 duces
3230 2835 3263 2872 a
3295 2836 3356 2873 se
3408 2821 3761 2875 constitutos
3792 2823 3853 2877 in

2207 2905 2560 2971 Pontum,ad
2585 2906 2779 2960 littora
2798 2907 3020 2968 omnia,
3046 2906 3678 2982 Abydumqne,magna
3694 2912 3850 2965 cele-

2206 2994 2380 3049 ritate
2401 2994 2668 3050 adhibita
2691 2995 3274 3065 contenderejubet:
3304 2997 3359 3051 id
3383 3012 3584 3067 agens,
3618 2998 3852 3069 Opinor,

2211 3085 2370 3156 quod
2401 3103 2470 3140 ex
2504 3101 2565 3139 re
2598 3091 2722 3139 erat
2754 3086 2902 3149 ﬁeri,
2937 3092 3002 3140 ut
3033 3086 3194 3156 prius
3225 3103 3402 3156 quam
3435 3086 3592 3142 fama
3622 3087 3856 3144 electio-

2211 3174 2304 3229 nis
2327 3175 2780 3245 percrebuisset,
2802 3174 2952 3229 freta
2991 3177 3392 3247 trajectusque
3409 3177 3739 3232 maritimos
3771 3183 3856 3232 te-

2211 3271 2398 3319 neret.
2435 3265 2526 3319 Sic
2543 3265 2702 3318 enim
2726 3264 3120 3330 existimabat,
3153 3281 3220 3319 ex
3245 3266 3540 3320 sententia
3585 3283 3709 3321 rem
3743 3266 3852 3321 sibi

2210 3369 2844 3425 processuram,neque
2869 3354 3241 3408 irascituram
3267 3354 3512 3423 sibi,sed
3542 3355 3730 3410 hilare
3755 3373 3856 3427 po-

2213 3443 2328 3497 tius
2360 3459 2428 3499 ac
2460 3444 2675 3498 leniter
2722 3444 3041 3498 arrisuram
3076 3443 3396 3508 fortunam,
3450 3443 3498 3498 si
3532 3451 3855 3500 maturaret

2207 3533 2849 3604 opportunissimorum
2873 3532 3138 3586 locorum
3171 3533 3749 3602 occupationem.His
3771 3550 3857 3589 re-

2206 3620 2315 3676 bus
2345 3620 2629 3677 confectis
2645 3607 3008 3692 Nicephorus
3027 3638 3161 3675 cum
3183 3621 3516 3692 legionibus
3537 3622 3599 3676 in
3619 3622 3852 3676 firmam

2204 3710 2394 3765 aciem
2425 3709 3074 3780 contractis,armisque
3104 3709 3289 3780 probe
3312 3710 3844 3771 instructis,Cwsa-

2203 3814 2305 3854 rea
2335 3799 2633 3870 profectus
2663 3799 2736 3854 ad
2754 3799 2961 3853 urbem
2977 3798 3233 3869 perrexit
3255 3815 3268 3852 :
3289 3798 3516 3853 litteras
3537 3816 3683 3870 quas
3695 3801 3844 3856 scri-

2203 3893 2423 3958 pserat,
2484 3887 2793 3942 Philotheo
2825 3887 3242 3942 Euchaitarum
3267 3889 3542 3959 episcopo
3575 3888 3842 3958 traditas,

2204 3975 2277 4031 ad
2318 3977 2414 4030 45
2443 3976 2823 4046 Polyeuctum
2858 3975 3191 4029 divinarum
3249 3993 3446 4031 rerum
3498 3975 3722 4032 clavum
3761 3984 3842 4033 te-

2203 4071 2467 4130 nentem,
2502 4064 2642 4119 item
2674 4064 2745 4118 ad
2772 4064 3091 4135 Josephum
3124 4063 3340 4134 palatio
3374 4065 3714 4135 prtefectum
3751 4084 3844 4122 se-

2205 4162 2528 4226 natumque
2551 4157 2730 4210 misit.
2767 4157 3024 4220 Quarum
3071 4155 3399 4210 litterarum
3430 4161 3555 4210 erat
3600 4157 3695 4211 hic
3727 4158 3846 4214 fere

2204 4245 2434 4300 exitus:
2471 4267 2497 4293 «
2530 4245 3094 4317 Beciperentipsum
3115 4246 3668 4316 lmperatorem,qui
3693 4247 3846 4302 tilios

2205 4335 2452 4390 Romani
2481 4337 2725 4407 Augusti
2757 4335 2831 4390 ad
2875 4335 3390 4390 confirmationem
3438 4336 3627 4390 aetatis
3657 4353 3844 4407 usque

442 4418 669 4494 ἔστειλε,
715 4422 808 4478 καὶ
867 4423 1074 4497 Ἰωσήφ
1143 4422 1234 4477 τὸν
1309 4425 1417 4476 τῶν
1484 4419 1807 4497 τυραννείων
1894 4420 2092 4496 κατάρ-

2212 4429 2491 4493 tueretur,
2514 4441 2881 4496 corporaque
2921 4440 3128 4479 eorum
3189 4423 3500 4480 excoleret.
3553 4426 3846 4480 Praeterea

443 4530 634 4587 χοντα,
661 4514 750 4568 καὶ
799 4513 895 4582 τὴν
952 4511 1280 4588 σύγκλητον.
1316 4512 1404 4573 Ὠς
1464 4508 1516 4566 ἐν
1549 4509 1829 4590 κεφαλαίῳ
1855 4509 1913 4566 δὶ
1936 4511 2088 4568 ταυτί

2197 4513 2453 4570 maximo
2476 4529 2538 4569 se
2568 4512 2910 4586 reipublicaa
2931 4512 3066 4568 usui
3086 4511 3234 4578 fore,
3267 4511 3636 4584 Romanique
3658 4511 3842 4583 impe-

1651 4737 1712 4794 C.
1745 4737 1808 4794 Β.
1858 4737 2048 4792 HASII
2076 4736 2630 4794 ANNOTATIONES.

511 4941 558 4977 3“
589 4944 782 4996 τοῦτον
816 4937 1041 5010 ἠδοκότι
1072 4939 1201 4996 cod.
1227 4944 1292 4994 ut
1321 4939 1517 5012 possis
1550 4939 1744 5012 legere
1779 4956 1791 4994 :
1823 4941 2012 5012 τοῦτον
2037 4933 2101 5012 ᾖε

2212 4937 2331 5012 κότι
2361 4941 2505 5012 nihil
2531 4941 2690 4998 illum
2721 4940 2964 4997 laedenti.
2996 4939 3043 4976 ⁸⁸
3072 4937 3343 5012 ῲείθασιν.
3379 4939 3470 4995 Sic
3527 4941 3655 4996 cod.
3693 4941 3832 5012 Leg.

444 5011 713 5084 εἰώθασιν.
748 5007 929 5068 Paulo
952 5017 1086 5084 post
1107 5007 1637 5084 sensus-copulant
1653 5010 1933 5084 postulat,
1966 5010 2096 5084 velu

2212 5011 2347 5084 5E“,
2381 5031 2440 5064 τε
2484 5008 2574 5079 δή.
2631 5015 2677 5049 ³⁸
2729 5007 3098 5083 Elegantius
3127 5011 3464 5082 scripsisset
3494 5012 3695 5084 Leoret
3743 5007 3840 5069 hic

487 5086 622 5154 ήτιν’
654 5083 713 5138 ἂν
747 5089 806 5140 et
834 5087 902 5139 26
941 5081 1001 5139 C.
1031 5081 1091 5136 ἄν
1124 5081 1490 5155 ἀναιμωτίξῗξτ
1520 5081 1608 5155 καί
1649 5081 1811 5155 μάχτ]
1841 5081 1930 5155 διαὶ
1964 5081 2101 5155 dees

2212 5106 2219 5138 ι
2246 5083 2473 5140 codice.
2517 5085 2693 5140 Linea
2722 5081 2921 5139 autem
2953 5085 3218 5155 proxime
3250 5081 3631 5155 ’praacedenti
3681 5085 3835 5140 Fort.

487 5106 616 5154 ητιν’
654 5106 713 5138 αν
747 5106 806 5140 et.
834 5106 902 5139 κο
941 5106 1001 5139 υ.
1031 5106 1091 5136 αν
1124 5106 1412 5150 αναιμωτι.
1445 5106 1487 5116 ν·
1520 5106 1608 5134 χαι
1649 5106 1811 5154 pax-.1
1841 5106 1930 5134 και
1964 5106 2101 5138 uees

440 5106 554 5230 ἧς.
589 5155 933 5232 ἀνατραφεὶς,
955 5161 1023 5211 ut
1052 5156 1194 5210 item
1224 5156 1314 5209 28.
1348 5154 1411 5210 C.
1442 5152 1492 5186 ⁸⁸
1519 5151 1650 5206 νεὼν
1682 5153 1813 5208 cod.
1845 5151 1893 5188 3’
1917 5154 2062 5226 νοῦν]
2094 5176 2101 5193 ε

2212 5106 2219 5138 ι
2246 5106 2473 5140 COCUGC.
2518 5106 2693 5140 Linea
2722 5106 2921 5139 autem
2953 5106 3218 5155 proxune
3275 5106 3620 5155 prwceuenu

2212 5155 2338 5210 cod.
2372 5155 2418 5190 9°
2469 5155 2603 5229 πρός
2632 5176 2711 5211 τε.
2750 5158 2847 5211 Vix
2874 5156 3014 5211 hinc
3045 5156 3250 5211 abesse
3284 5161 3481 5227 potest
3507 5155 3620 5210 τόν.

509 5353 589 5419 (2)
628 5351 922 5424 Vulgatior
950 5350 1140 5406 forma
1170 5355 1276 5424 est,
1289 5344 1771 5424 ἀπαραμίλλητοςο
1793 5349 2084 5424 Iosephus

442 5425 712 5494 Antiquit
739 5419 979 5478 "Judaic.
1009 5426 1126 5476 271.
1159 5423 1219 5477 G.
1247 5422 1300 5476 S.
1325 5419 1591 5494 Justinus
1612 5428 1835 5491 martyr
1864 5419 2082 5494 Cohor-

439 5493 663 5551 tatione
694 5496 767 5550 ad
799 5497 1030 5548 Graecos
1070 5496 1158 5548 40.
1212 5494 1271 5547 B.
1331 5493 1670 5563 Eustathius
1701 5494 1775 5563 ad
1807 5493 2081 5563 Odyssea!

439 5570 502 5623 Ρ.
535 5569 637 5620 627
671 5569 736 5620 23
772 5566 982 5620 Vocem
1030 5565 1398 5620 rarissimam
1450 5559 1838 5635 ἀπαράμιλλος
1887 5559 2081 5634 neque

441 5637 651 5694 Lexica
683 5637 924 5702 habent,
956 5651 1149 5706 neque
1198 5643 1362 5690 extra
1411 5635 1665 5689 Leonem
1714 5634 1984 5706 scriptor.
2017 5641 2084 5690 ut

438 5725 599 5767 nunc
628 5708 870 5782 quidem
914 5705 1209 5781 leguntur,
1255 5713 1543 5782 quantum
1589 5705 1858 5776 memini,
1899 5705 2078 5764 ullus.

2197 5351 2453 5425 Vestigia
2482 5366 2814 5425 agnoscere
2835 5349 2980 5425 mihi
3016 5349 3213 5405 videor
3233 5348 3389 5425 apud
3431 5348 3834 5425 Theop_hy_lac-

2195 5428 2319 5496 tum
2355 5421 2638 5496 Bulga't-ite
2699 5422 3211 5496 archiepiscopum
3237 5421 3448 5496 _Epis_t.
3502 5438 3590 5496 xv.
3619 5423 3741 5474 8:8.
3779 5426 3838 5496 et

2197 5488 2486 5567 ὑπερτίμῷ
2508 5499 2587 5564 τῷ
2623 5491 2844 5563 Ψελλῷ,
2865 5488 2950 5546 καὶ
2984 5488 3447 5567 παραμίλλίιίτῆ]
3477 5489 3831 5567 γλῶττακίίλ

2191 5545 2610 5642 Ερὶἓᾼίοὶάτμῐᾲὶ.
2669 5545 2901 5642 222.11}.
2960 5545 3301 5642 εἰσιρέέοντεξ
3372 5545 3440 5631 τῇ
3475 5545 3834 5642 ¹ἓταραμζίλλῳ

2191 5633 2287 5710 σὸυ
2317 5637 2632 5710 cineri-cmi.
2669 5635 2989 5710 Utrobique
3021 5633 3136 5690 non
3163 5634 3363 5688 dubito
3388 5633 3531 5703 quin
3559 5633 3826 5686 scriben-

2189 5708 2333 5766 dum
2363 5705 2441 5766 Sit
2468 5705 2861 5784 ἀπαραμίλλῳ.
