4184 6326
356 390 469 451 727

1782 378 2047 442 LEONIS
2091 374 2403 438 DIACONI

3644 375 3768 435 728

355 527 431 582 rii
462 540 608 598 opes
628 518 994 585 facinoribus
1037 516 1267 574 bellicis
1299 521 1629 574 aucturum.
1667 516 1730 572 Id
1761 514 1809 571 si
1865 515 2001 570 nol-

2122 528 2227 569 πως
2287 504 2682 583 διαπήγγελλεν
2742 507 2785 543 ⁹¹
2842 507 2876 575 ἡ
2934 504 3139 581 γραφή·
3202 501 3448 578 δέξασθαί
3488 526 3548 561 τε
3580 507 3755 598 *αὐτὸν

367 618 514 680 lent,
549 619 899 670 eventurum
924 614 988 664 ut
1017 608 1175 680 ipsos
1197 605 1545 661 temeritatis
1568 603 2007 678 pmniteret,ubi

361 705 529 761 ferro
560 709 618 758 et
639 701 798 756 caede
828 715 923 753 res
954 703 1112 752 esset
1167 694 1543 751 decernenda
1576 712 1588 749 :
1638 711 1836 765 neque
1874 700 2010 748 tunc

359 796 528 853 locus
564 791 801 848 dabitur
829 786 1192 844 defensionis
1216 784 1337 841 illis
1369 785 1472 856 qui
1504 801 1609 857 pro
1663 784 1837 840 bonis
1883 802 2011 857 pes.

364 886 517 941 sima
547 880 854 953 elegerint.
902 900 927 926 υ

2122 595 2514 672 αὐτοκράτορα,
2600 597 3114 673 περιφρουρήσοντα
3193 595 3283 651 καὶ
3384 593 3460 658 εἲς
3540 592 3763 667 αὔξησιν

2121 694 2343 766 ἡλικίας
2377 696 2804 767 σωμασκήσοντα
2857 692 2985 755 τοὺς
3034 697 3132 748 τοῦ
3192 693 3421 755 ἄνακτος
3477 693 3766 766 Ῥωμανοῦ

2118 780 2333 846 παῖδας*
2366 783 2455 839 καὶ
2512 783 2734 855 προσέτι
2790 782 2858 837 τά
2919 781 3143 858 μέγιστα
3191 783 3290 852 τὴν
3322 779 3599 836 πολιτείαν
3633 782 3764 852 ὀνή-

2120 893 2303 942 σοντα,
2358 872 2448 927 καὶ
2506 878 2606 942 τῆς
2663 873 2979 944 Ῥωμαϊκῆς
3039 872 3215 947 ἀρχῆς
3273 872 3373 940 τὴν
3423 869 3767 945 ἐπικράτειαν

369 971 670 1044 αὖξήσοντα
700 972 815 1028 τοῖς
848 967 983 1020 κατά
1010 961 1292 1035 πολέμους
1323 959 1820 1038 ἀνδραγαθήμασιν.
1854 961 1921 1017 Εἴ
1953 958 2011 1017 δὲ
2044 963 2119 1035 μή
2152 966 2312 1017 τοῦτο
2347 960 2691 1038 βουληθεῖεν,
2714 962 2799 1034 [Ρ.
2830 965 2922 1034 28]
2977 960 3159 1022 αὐτοῖς
3225 957 3622 1033 μεταμελήσειν
3648 968 3761 1030 τῆς

362 1055 681 1131 ἀϐελτερίας
708 1054 1016 1128 μετέπειτα,
1057 1050 1295 1122 ὁπηνίκα
1320 1047 1532 1126 σιδήρῳ
1560 1050 1651 1105 καὶ
1682 1055 1914 1128 σφαγαῖς
1941 1052 2005 1104 τά
2036 1049 2327 1126 πράγματα
2356 1047 2740 1124 διακρίνοιντοσ
2774 1049 2864 1104 καὶ
2889 1050 3076 1125 καιρὸς
3108 1048 3171 1105 οὐ
3225 1046 3435 1122 μέτεστι
3471 1045 3758 1105 δικαιολο-

360 1149 482 1225 γίας
505 1151 622 1208 τοῖς
648 1140 1079 1219 αἱρετισαμένοις
1110 1141 1159 1177 9³
1189 1144 1296 1194 τῶν
1332 1138 1628 1215 βελτιόνων
1652 1140 1717 1194 τά
1747 1139 2021 1215 χείρεστα.

430 1243 481 1293 '7.
515 1239 634 1293 Hoc
664 1236 952 1307 scriptum
982 1250 1104 1289 non
1130 1232 1304 1288 aliter
1333 1248 1401 1287 ac
1422 1230 1756 1302 Scythicam
1780 1230 2002 1302 jussio-

359 1345 500 1386 nem
525 1327 665 1382 tulit
687 1324 977 1396 Iosephus
1001 1341 1015 1389 ;
1049 1322 1377 1394 quin.sicut
1407 1320 1649 1375 stimulo
1688 1320 1886 1391 aliquo
1911 1320 2005 1374 vel

361 1418 575 1475 calcari
596 1417 658 1472 in
674 1433 774 1471 cor
790 1414 964 1479 ictus,
989 1412 1335 1484 episcopum
1355 1411 1417 1465 in
1434 1410 1671 1466 vincula
1700 1410 2004 1465 conditum

363 1504 647 1562 custodia)
670 1501 917 1558 mandat
940 1496 1720 1578 ;Marianlim,Paschalium.
1743 1497 2007 1553 Tomici-

364 1612 452 1663 os,
482 1594 639 1649 viros
665 1590 943 1663 patricios
964 1588 1226 1644 audacim
1248 1590 1522 1659 cognitae,
1555 1586 1665 1642 sibi
1689 1586 1960 1659 adjungit
1992 1604 2006 1653 ;

365 1687 461 1743 his
490 1683 871 1740 Macedonum
914 1681 1155 1736 cohorte
1213 1678 1430 1733 tradita
1486 1677 1722 1732 obsistit
1770 1676 2005 1744 acriter,

367 1774 680 1830 introitum
711 1772 773 1825 in
804 1768 1011 1824 urbem
1041 1768 1368 1838 Nicephoro
1398 1765 1727 1837 prmcludit.
1754 1765 2009 1820 Eatenus

2197 1230 2258 1297 ζ’.
2320 1228 2539 1299 Ταύτην
2597 1227 2725 1284 ὡσεί
2780 1250 2900 1283 τινα
2931 1229 3088 1305 ῥῆσιν
3118 1229 3222 1283 ἀπὸ
3256 1233 3478 1293 Σκυθῶν
3507 1229 3535 1284 ὁ
3564 1229 3768 1305 Ἰωσὴφ

2117 1312 2407 1389 δεξάμενος
2453 1319 2553 1387 τήν
2613 1318 2852 1396 γραφήν,
2909 1317 3021 1385 καὶ,
3081 1317 3263 1392 ὥσπερ
3294 1316 3765 1392 ὕσπληγγίτινιῆ

2120 1404 2307 1478 μύωπι
2367 1407 2464 1475 τήν
2515 1403 2739 1481 καρδίαν
2803 1406 3028 1481 βληθεὶς
3087 1410 3187 1480 (3),
3217 1406 3308 1461 τὸν
3341 1407 3436 1479 μὶν
3470 1406 3764 1462 ἐπίσκοπον

2116 1491 2359 1564 πεδήτην
2417 1490 2711 1568 ἀπέφηνεν,
2794 1495 2981 1571 εἱρκτῇ
3058 1499 3443 1570 παραπέμψας·
3498 1495 3590 1551 τὸν
3651 1501 3771 1550 Μα-

2118 1584 2293 1659 ριανὸν
2328 1579 2406 1654 δὲ,
2464 1585 2553 1638 καὶ
2610 1585 2701 1639 τὸν
2761 1582 3097 1659 Πασχάλιον,
3131 1586 3221 1639 καὶ
3267 1583 3394 1646 τοὺς
3424 1585 3766 1660 Τορνικίους,

2117 1677 2168 1733 ἐν
2236 1672 2541 1748 πατρικίοις
2622 1672 2910 1736 τελοῦντας
2990 1674 3080 1729 καὶ
3164 1675 3532 1750 θερμουργοὺς
3590 1695 3771 1753 πειρη-

2118 1763 2275 1824 νότας
2332 1764 2761 1837 ἑταιρισάμενος,
2816 1763 2905 1818 καὶ
2964 1760 3336 1833 Μακεδονικήν
3369 1763 3553 1828 αὐτοῖς
3581 1763 3771 1840 ἐγχει-

374 1862 553 1920 dubio
600 1876 800 1916 rerum
841 1858 1003 1913 exitu
1061 1857 1172 1912 Leo
1233 1855 1543 1927 Nicephori
1602 1854 1805 1922 frater,
1838 1855 2008 1926 cujus

2123 1850 2275 1924 ρίσας
2333 1849 2604 1929 φάλαγγα,
2684 1851 2960 1928 ἀντείχετο
3044 1856 3337 1927 κραταιῶς,
3396 1854 3766 1928 ἀποτειχίζων

373 1951 619 2007 bellicas
645 1946 918 2003 victorias
941 1946 1069 2018 jam
1120 1944 1392 2015 superius
1424 1943 1484 1997 in
1516 1942 1768 1997 transitu
1790 1958 2015 1997 memo-

370 2039 521 2096 ravit
542 2033 1265 2108 oratio,opportunitatem
1288 2036 1499 2087 nactus
1516 2030 2019 2103 (commorabatur

368 2128 526 2184 enim
557 2131 695 2181 tunc
710 2120 1508 2193 Constantinopoli),sumpto
1531 2119 1763 2191 plebeio
1778 2119 2014 2188 vestitu,

367 2234 474 2290 per
512 2231 724 2288 specus
773 2211 926 2267 muri
990 2210 1228 2281 elapsus
1283 2225 1613 2265 conscensa
1667 2208 1886 2280 scapha
1940 2208 2016 2263 ad

365 2306 763 2379 Nicephorum
784 2303 885 2359 ΑΒ
909 2301 1196 2374 enavigat,
1239 2300 1367 2372 jam
1398 2303 1540 2355 tunc
1571 2304 1814 2371 propter
1850 2298 2012 2370 pala-

366 2396 515 2451 tium
539 2395 601 2450 in
633 2395 820 2450 Hereo
848 2391 1286 2457 adventantem,
1320 2389 1766 2460 exercitumque
1813 2387 2016 2460 dispo-

362 2490 624 2541 nentem.
652 2481 874 2538 Eodem
907 2487 1200 2551 tempore,
1245 2477 1483 2544 Bardas,
1548 2476 1789 2532 illorum
1824 2483 2013 2549 pater,

363 2590 519 2630 unus
552 2572 625 2627 de
665 2569 984 2643 magistris,
1038 2564 1409 2640 praecipitata
1460 2570 1631 2621 aetate
1679 2565 1882 2633 homo,
1941 2565 2013 2621 ab

363 2661 616 2734 Josepho
641 2658 973 2732 periculum
992 2656 1235 2717 veritus,
1270 2655 1481 2710 timore
1506 2660 1731 2726 captus,
1766 2655 2016 2727 supplex

364 2750 564 2823 magni
599 2748 802 2820 templi
830 2746 1022 2803 factus
1052 2746 1304 2800 est.Erat
1324 2744 1373 2798 is
1404 2744 1476 2799 ab
1537 2744 1665 2815 ipsa
1702 2745 2013 2816 pubertate

366 2840 429 2896 in
462 2838 638 2895 bellis
676 2837 1019 2909 prmliisque
1043 2839 1329 2901 versatus,
1362 2839 1420 2889 et
1446 2833 1760 2889 Domestici
1783 2833 2012 2891 schola-

364 2944 497 2985 rum
531 2944 637 3000 per
664 2926 908 2998 longum
945 2930 1183 2995 tempus
1206 2922 1517 2978 decoratus
1534 2922 1751 2978 ofﬁcio.
1783 2922 2016 2979 Interea

372 3018 669 3073 Marianus
691 3013 1123 3078 etPaschalius,
1149 3011 1490 3068 cohortibus
1504 3012 1887 3067 Macedonum
1911 3029 2016 3084 per

367 3107 490 3163 vias
519 3103 969 3169 circummissis,
1001 3101 1344 3157 frendentes
1367 3100 1479 3172 ipsi
1499 3102 1663 3157 inani
1687 3101 2014 3173 jactatione

366 3201 426 3251 et
450 3194 795 3264 elati,novas
821 3192 883 3247 in
897 3191 1103 3245 horam
1127 3190 1329 3245 turbas
1358 3188 1551 3245 facere
1572 3206 1694 3245 non
1717 3190 2014 3245 intermit-

366 3285 608 3352 tebant;
641 3299 831 3353 usque
877 3281 1045 3349 adeo,
1101 3285 1167 3335 ut
1223 3278 1391 3351 plebs
1422 3279 1624 3335 furens
1680 3279 1755 3336 ad
1785 3281 1900 3336 vim
1949 3298 2011 3337 se

366 3377 751 3436 converteret,
771 3369 1095 3442 praalioque
1127 3369 1398 3424 cominus
1421 3369 1575 3424 facto
1609 3370 1915 3438 resistens,
1949 3371 2010 3426 in

363 3465 563 3538 fugam
591 3467 861 3535 apertam
894 3477 993 3515 eos
1017 3459 1175 3515 velut
1203 3459 1681 3516 adolescentulos
1726 3461 2011 3517 delicatos

365 3568 698 3627 pugnaeque
720 3552 1063 3623 inexpertos
1093 3548 1628 3621 compelleret.Quo
1651 3550 1714 3606 in
1730 3550 2011 3608 conflictu

369 3640 781 3699 mulierculam
813 3656 911 3695 vas
944 3638 1126 3694 ﬁctile
1157 3644 1333 3695 terrm
1362 3637 1630 3710 plenum,
1654 3638 1727 3695 de
1776 3639 1849 3695 iis
1880 3658 2011 3713 quae

365 3732 555 3788 hortis
585 3730 721 3786 usui
753 3733 912 3798 sunt,
938 3727 1214 3784 manibus
1246 3744 1282 3783 a
1305 3733 1456 3783 tecto
1494 3735 1729 3800 raptum
1753 3729 2012 3787 vibrasse

367 3818 431 3873 in
463 3816 814 3883 Marianum,
846 3815 1096 3888 ejusque
1156 3820 1424 3886 tempora
1451 3813 1616 3869 feriis
1664 3832 1727 3870 se
1758 3815 1967 3873 dicunt
1997 3844 2011 3886 ς

365 3912 606 3979 tamque
637 3921 868 3979 gravem
917 3903 1100 3959 fuisse
1149 3906 1400 3976 jactum,
1459 3909 1525 3959 ut
1579 3903 1834 3961 calvaria
1878 3923 2010 3980 per-

365 3997 553 4052 fracta
609 3994 918 4051 cerebrum
994 3992 1416 4065 afﬂigeretur:
1477 3992 1673 4065 ipsum
1729 3994 2013 4066 postridie

364 4087 545 4141 vitam
576 4085 915 4155 reliquisse.
952 4083 1050 4138 His
1084 4082 1261 4138 rebus
1292 4082 1557 4137 animum
1581 4084 1821 4155 capiens
1856 4086 2011 4141 Basi-

365 4173 485 4229 lius
515 4172 719 4245 spado,
740 4171 840 4242 qui
857 4170 1227 4225 Constantini
1256 4171 1631 4242 imperatoris
1648 4173 2014 4243 temporibus

369 4261 716 4317 cubicularii
741 4258 1025 4329 dignitate
1046 4259 1241 4329 etipse
1266 4258 1577 4314 decoratus
1591 4260 2017 4327 fuerat,Roma-

368 4351 430 4406 ni
448 4349 702 4406 senioris
756 4347 1133 4420 imperatoris
1167 4347 1416 4403 muliere
1444 4348 1743 4420 Scythissa
1773 4352 2013 4420 nothus,

369 4443 733 4503 strenuus,et
753 4438 814 4492 in
846 4436 1111 4492 consiliis
1143 4436 1541 4507 exsequendis
1575 4438 1818 4495 rationis
1838 4441 2015 4495 mini-

369 4545 465 4586 me
496 4545 725 4602 expers,
761 4526 979 4600 quippe
1034 4526 1135 4597 qui
1166 4526 1399 4598 generis
1430 4526 1596 4581 mixti
1631 4535 1789 4583 esset
1823 4545 1835 4582 :
1870 4529 2012 4585 alie-

2121 1943 2200 2012 τῷ
2266 1940 2565 2013 Νικηφόρῳ
2620 1941 2721 2010 τὴν
2784 1939 2860 2002 εἷς
2918 1940 2981 1995 τὸ
3039 1942 3331 2010 Βυζάντιον
3378 1938 3648 2016 παροδον.
3683 1943 3771 1999 Ἐν

2121 2029 2334 2091 τούτοις
2396 2027 2487 2083 οὖν
2544 2033 2654 2084 τῶν
2714 2028 3046 2105 πραγμάτων
3108 2026 3475 2103 ᾒωρημένων,
3536 2029 3683 2085 Λέων
3739 2032 3768 2086 ὁ

2119 2122 2215 2174 τοῦ
2248 2116 2567 2195 Νικηφόρου
2596 2116 2884 2191 σύναιμος,
2933 2116 2995 2172 οὗ
3040 2119 3130 2173 καί
3162 2119 3352 2193 πρώην
3383 2120 3410 2174 6
3443 2117 3610 2194 λόγος
3637 2121 3773 2175 κατά

2120 2204 2483 2282 παραδρομὴν
2539 2208 2606 2261 τά
2660 2208 2781 2280 περὶ
2850 2206 2944 2269 τὰς
3023 2208 3206 2283 μάχας
3290 2206 3668 2284 ὶπεξηγήσατο
3724 2210 3772 2245 ⁸³

2117 2299 2374 2375 τρόπαια,
2437 2298 2708 2374 εὐκαιρίας
2774 2295 3105 2374 δραξάμενος
3161 2298 3346 2376 (ἔτυχε
3400 2300 3500 2376 γάρ
3558 2299 3775 2377 ἐπιχω-

2121 2388 2321 2463 ριάζων
2368 2392 2448 2460 τῷ
2499 2386 2802 2460 Βυζαντίῳ)
2857 2392 2968 2443 τῶν
3022 2409 3170 2452 τινος
3228 2387 3506 2465 βαναύσων
3566 2387 3769 2453 ὑποδὺς

2121 2477 2444 2553 ἀμπεχόνην
2498 2477 2586 2533 καὶ
2641 2475 2729 2533 διά
2780 2482 2889 2533 τῶν
2940 2478 3228 2552 ὑπόνομων
3277 2484 3374 2534 τοῦ
3419 2478 3639 2555 τείχους
3671 2480 3772 2535 ὑπ-

2121 2566 2437 2638 ολισοήσας,
2497 2567 2700 2639 ἀκατίῳ
2754 2562 3112 2643 προσεπιϐἀς,
3172 2566 3260 2624 ἐπὶ
3314 2568 3406 2624 τὸν
3456 2575 3769 2647 Νικηφὸρον

2119 2655 2478 2723 ἀπέπλευσεν,
2517 2654 2681 2710 αὐτοῦ
2720 2676 2826 2710 που
2883 2655 3007 2730 περὶ
3062 2656 3129 2711 τά
3183 2654 3235 2711 ἐν
3302 2659 3658 2733 τοῖςἩρίοις

2120 2744 2388 2819 ἀνάκτορα
2419 2745 2790 2817 εἰσελάσαντα,
2837 2746 2927 2801 καὶ
2982 2746 3075 2802 τὸν
3128 2748 3351 2823 στρατὸν
3397 2744 3771 2806 διατάττοντα.

2121 2834 2260 2892 Τότε
2289 2835 2378 2890 καὶ
2438 2832 2668 2910 Βάρδας,
2721 2836 2750 2890 6
2808 2835 3014 2890 τούτων
3068 2832 3315 2909 γενέτης,
3359 2835 3412 2892 ἐν
3454 2843 3574 2899 τοῖς
3609 2838 3774 2914 μαγί-

2121 2944 2303 3000 στροις
2361 2923 2533 2979 τελῶν
2587 2922 2677 2978 καὶ
2731 2923 2807 2987 εἲς
2866 2931 3039 3000 γῆρας
3099 2924 3397 3000 βαθύτατον
3458 2924 3769 2996 ἐληλακὼς.

2118 3011 2210 3067 τὸν
2243 3011 2302 3066 ἐκ
2331 3016 2428 3067 τοῦ
2487 3013 2691 3090 Ἰωσήφ
2748 3008 2996 3068 κίνδυνον
3060 3011 3439 3087 ὑπειδόμενος,
3484 3011 3589 3070 δέει
3623 3036 3777 3091 ¹διερι-

2122 3099 2353 3179 ληφθεὶς
2382 3100 2567 3171 ἱκέτης
2627 3102 2776 3178 ἱεροῦ
2834 3105 2930 3156 τοῦ
2993 3101 3232 3177 μεγάλου
3289 3102 3597 3167 καθίστατο·
3633 3103 3773 3179 ἀνὴρ
3808 3120 3819 3125 ’

2125 3189 2177 3261 ἐξ
2209 3188 2374 3259 αὐτῆς
2408 3185 2564 3260 ’ἥϐης
2615 3187 2668 3245 ἐν
2718 3187 2993 3263 πολέμοις
3032 3191 3120 3245 καῖ
3158 3192 3363 3266 μάχαις
3394 3191 3775 3270 ἀναστραφεὶς,

2124 3280 2221 3332 κάν
2248 3283 2329 3351 τῷ
2357 3283 2455 3335 τοῦ
2486 3276 2814 3353 δομεστίκου
2866 3283 2972 3334 τῶν
3025 3278 3247 3355 σχολῶν
3282 3280 3367 3335 ἐπὶ
3402 3283 3601 3357 συχνὸν
3636 3283 3775 3357 χρό-

2120 3387 2214 3420 νον
2277 3364 2634 3442 ἒνδιαπρέψας
2693 3369 2983 3441 ἀξιώματι.
3041 3369 3097 3422 Ὀ
3155 3366 3211 3423 δὲ
3271 3371 3539 3444 Μαριανὸς
3594 3371 3684 3425 καὶ
3745 3372 3772 3426 6

2121 3454 2441 3532 Πασχάλιος
2498 3458 2596 3525 τήν
2650 3461 2757 3513 τῶν
2818 3454 3146 3513 Μακεδόνων
3205 3457 3425 3534 σπείραν
3484 3460 3618 3515 κατά
3673 3459 3768 3523 τάς

2119 3546 2312 3624 ἀγυιάς
2359 3545 2763 3624 περιφέροντες,
2812 3542 3271 3623 ἔμϐρενθυόμενοί
3299 3569 3358 3603 τε
3386 3554 3525 3622 κενῷ
3566 3551 3769 3625 κόμπῳ

2119 3637 2213 3693 καὶ
2268 3634 2693 3710 ἐξυπτιάζοντες,
2748 3634 2979 3709 νεώτερα
3043 3635 3384 3714 ῥᾳδιουργεῖν
3445 3638 3543 3695 οὐκ
3599 3638 3771 3695 ἐνέλι-

2122 3746 2244 3781 πον·
2276 3724 2350 3787 ὠς
2384 3720 2679 3797 ἐκμανέντα
2731 3724 2822 3780 τὸν
2883 3722 3059 3799 δῆμον
3114 3727 3250 3802 πρὸς
3304 3726 3478 3799 ἀλκὴν
3534 3724 3768 3799 ἀπιδεῖν,

2121 3815 2211 3870 καὶ
2243 3815 2430 3878 αὐτοῖς
2482 3815 2930 3884 ἀντικαταστῆναι
2991 3812 3258 3886 συστάδην
3310 3815 3387 3880 εἰς
3436 3814 3647 3893 μάχην,
3676 3818 3770 3873 καὶ

2123 3905 2199 3967 είς
2256 3904 2429 3978 φυγὴν
2488 3901 2755 3978 ὕπαιθρον
2809 3908 3182 3974 κατακλεῖσαι,
3233 3904 3362 3959 ὠσεί
3416 3927 3537 3961 τινα
3582 3906 3771 3979 μειρά-

2121 4013 2215 4048 κια
2246 3986 2566 4068 ἀϐροδίαιτα
2615 3991 2705 4047 καὶ
2769 3991 2958 4067 μάχης
3014 3991 3295 4068 ἀπείρατα.
3338 3997 3651 4065 Τηνικαῦτα
3682 3994 3771 4051 λέ-

2125 4103 2278 4157 γεται
2307 4081 2394 4136 καὶ
2451 4079 2672 4156 γύναιον
2736 4084 2925 4144 σκεῦος
2982 4086 3255 4157 κεραμοῦν
3296 4084 3429 4158 χοὸς
3461 4080 3770 4155 ἀνάπλεων,

2120 4175 2228 4225 τῶν
2256 4171 2391 4243 πρὸς
2422 4168 2651 4239 κηπείαν
2700 4167 3046 4240 ἐπιτηδείων,
3100 4176 3218 4234 ταῖς
3273 4172 3429 4248 χερσῖ
3459 4176 3555 4228 τοῦ
3584 4174 3772 4250 τέγους

2124 4261 2390 4335 ἀράμενον
2421 4262 2468 4298 9⁸
2496 4258 2772 4314 ἀκοντίσαι
2828 4261 2963 4315 κατὰ
3016 4265 3113 4316 τοῦ
3172 4263 3474 4338 Μαριανοῦ,
3514 4264 3770 4319 καὶτοῦ-

2129 4371 2221 4405 τον
2276 4350 2410 4404 κατά
2465 4353 2561 4404 τοῦ
2617 4352 2897 4425 κροτάφου
2957 4349 3166 4426 βαλεῖνο
3235 4351 3378 4407 οὕτω
3437 4351 3502 4409 δά
3558 4355 3766 4425 καιρίαν

2122 4438 2361 4514 γενέσθαι
2415 4439 2514 4508 τὴν
2570 4437 2766 4513 βολήν,
2820 4439 2894 4501 ὠς
2949 4439 3274 4516 καταγνύναι
3305 4463 3364 4498 τε
3390 4443 3455 4497 τὸ
3481 4444 3695 4519 κρανίον
3728 4443 3774 4479 ⁸⁵

2125 4527 2214 4583 καὶ
2243 4528 2695 4605 προσαραχθῆναι
2754 4528 2900 4601 αὐτῷ
2951 4531 3043 4585 τὸν
3101 4529 3424 4606 ἐγκέφαλον,
3466 4532 3557 4587 καὶ
3591 4530 3772 4587 δευτε-

371 4636 485 4675 nus
509 4594 647 4674 tunc
681 4634 714 4673 a
764 4594 1071 4687 lose—3pm,—
1102 4594 1553 4686 simultatesque
1592 4615 1822 4687 pridem
1880 4635 2011 4674 cum

2126 4621 2276 4692 ραῖον
2334 4615 2425 4671 τὸν
2487 4615 2603 4692 βίον
2658 4613 2971 4675 ἀπολιπεῖν.
3032 4618 3124 4675 Ἐκ
3172 4618 3369 4674 τούτου
3407 4619 3711 4696 παῤῥησίαν
3744 4622 3772 4674 6

370 4708 473 4763 illo
496 4723 727 4781 gerens,
753 4707 844 4761 47
883 4721 1093 4761 vernas
1122 4721 1262 4760 suos
1292 4703 1514 4775 loricis,
1549 4705 1766 4773 mitris,
1810 4706 2018 4779 galeis,

2129 4704 2417 4769 Βασίλειος
2472 4706 2549 4779 (5)
2592 4703 2859 4783 είληφὼς,
2916 4706 2975 4765 ’ὃς
3032 4707 3289 4782 ἐκτομίας
3349 4710 3444 4782 μὶν
3475 4710 3539 4779 ἦν
3575 4710 3773 4783 καὶτῷ

1579 4920 1640 4975 C.
1674 4919 1736 4975 Β.
1786 4920 1975 4977 HASII
2001 4921 2561 4979 ANNOTATIONES.

441 5135 487 5172 θλ
520 5131 883 5209 διηπάγγελεν
913 5136 1040 5191 cod.
1075 5135 1122 5172 ⁸2
1152 5134 1603 5209 οιί.ρι;τισαι.ι.ἑνοις⁷
1637 5137 1762 5191 Non
1793 5151 1972 5209 ausus
2003 5152 2011 5189 ε

2122 5152 2134 5191 ι
2165 5135 2461 5209 corrigere
2516 5132 2691 5209 οὐκέτ’
2714 5128 2859 5209 *ἔστι
2890 5130 2999 5191 δικ.
3060 5138 3122 5209 et
3144 5134 3249 5209 πρὸ
3308 5137 3443 5202 τῶν,
3478 5153 3553 5193 ne
3586 5136 3766 5192 nimis

368 5208 640 5294 limarem
670 5204 935 5294 ph'rasi'm
964 5204 1244 5294 auctoris.
1285 5205 1334 5241 93
1365 5204 1737 5294 ἐπεξηρήσατο
1767 5207 1896 5263 cod.
1929 5208 1976 5244 ⁹⁴
2002 5225 2011 5236 ·

2150 5204 2463 5280 χεροῖξτοῦ
2487 5205 2673 5281 τέγους
2702 5204 2966 5281 ἀράμενοι
2996 5206 3130 5264 cod.
3191 5208 3346 5263 Fort.
3397 5211 3516 5262 ταῖν
3575 5212 3763 5283 χεροῖς

370 5283 466 5334 τοῦ
494 5276 689 5353 τέγους
715 5276 980 5352 ἀραμένη.
1013 5276 1060 5313 9⁸
1088 5278 1306 5350 κράνιον
1339 5278 1471 5333 cod.

445 5429 521 5499 (3)
557 5426 714 5499 Adeo
744 5428 810 5480 ut
842 5424 1018 5499 minis
1046 5427 1426 5499 exasperaret
1453 5421 1713 5499 plebem,
1770 5428 2008 5499 auctore

376 5490 601 5559 Zo‘nal‘a
629 5498 698 5554 ll.
735 5499 852 5550 199.
890 5498 948 5548 Β.
983 5493 1009 5545 6
1043 5490 1100 5546 δέ
1158 5490 1411 5553 ἀπειλαῖς
1453 5490 1690 5562 ’μᾶλλον
1748 5490 1878 5545 αὐτὸ
1936 5494 2011 5563 ἐξ·

377 5571 689 5642 ιτράχυνεν.
723 5568 818 5621 Sic
848 5565 1008 5619 enim
1037 5565 1099 5619 in
1130 5564 1354 5635 optimo
1393 5565 1530 5620 Cod.
1566 5566 1701 5636 Reg.
1739 5566 1873 5620 1715
1903 5582 1915 5619 :
1948 5566 2009 5620 in

377 5660 519 5703 cuso
550 5656 719 5699 secus
749 5642 857 5695 est.

452 5715 526 5789 (4)
560 5715 638 5769 De
679 5713 788 5770 hoc
817 5709 1033 5784 palatio
1061 5706 1401 5765 suburbano
1419 5709 1480 5765 in
1501 5708 2010 5781 Constantinopoli

2122 5424 2439 5499 Christian.
2475 5427 2596 5499 ηδ.
2623 5425 2682 5499 _C.
2713 5424 3068 5494 Ducangius,
3093 5425 3771 5499 cujusorth‘ograpliiam

2121 5496 2181 5550 in
2213 5497 2454 5551 nomine
2516 5496 2716 5551 Latine
2776 5513 2843 5552 ac
2903 5500 3095 5553 Greece
3156 5496 3488 5553 scribendo“
3517 5496 3649 5553 sum
3683 5516 3769 5553 se-

2119 5573 2349 5706 cutgf‘ls
2384 5644 2579 5711 motus
2620 5638 3134 5711 Constantinopoli
3168 5639 3383 5711 accidit
3411 5656 3464 5694 a.
3496 5639 3552 5694 d.
3591 5641 3650 5711 ν.
3683 5641 3768 5695 Id.

2125 5713 2365 5781 August.
2402 5715 2467 5765 ut
2493 5710 2577 5765 ait
2606 5710 2851 5767 Cedrcn.
2911 5715 2979 5767 II.
3017 5708 3163 5766 313°
3209 5713 3275 5767 A.
3318 5708 3539 5780 ἐννάτην
3570 5709 3773 5785 ἄγουσα
