4184 6326
352 415 467 476 ’131

359 643 664 712 ingressus
692 640 1121 696 asacerdotum
1173 656 1417 710 corpore
1460 637 1690 693 debitos
1748 638 2006 692 honores

362 736 725 802 susceperat,
758 746 793 784 a
823 728 1518 801 Polyeucto,patriarcha)
1550 744 1770 783 munus
1791 727 2009 782 obeun-

360 825 441 885 te,
474 818 766 891 imperiali
799 834 1018 873 corona
1067 823 1245 889 caput
1291 817 1569 890 cingitur,
1627 833 1761 872 cum
1819 832 2007 871 unum

363 925 542 980 supra
555 908 1110 980 quinquagesimum
1128 906 1317 961 artatis
1334 923 1557 963 annum
1577 905 2007 979 ageret.Specie

362 1005 559 1055 autem
585 1002 710 1052 erat
730 996 1023 1067 ejusmodi
1056 996 1180 1052 fere
1207 1013 1219 1050 :
1244 996 1424 1052 facies
1464 996 1535 1050 ad
1561 997 1790 1068 nigrum
1820 995 2007 1067 magis

363 1104 541 1160 quam
573 1087 647 1141 ad
678 1085 994 1141 candidum
1047 1085 1307 1141 colorem
1363 1101 1606 1158 vergens
1632 1102 1645 1138 :
1679 1101 1849 1141 coma
1869 1101 2006 1157 pro-

362 1177 566 1243 missa,
602 1181 766 1231 atra:
801 1174 955 1230 oculi
990 1174 1168 1247 nigri,
1221 1174 1381 1229 velut
1438 1174 1794 1247 cogitatione
1852 1178 2006 1228 sata-

361 1271 585 1338 gentes,
613 1265 822 1336 spissis
862 1263 1198 1334 superciliis
1257 1262 1555 1335 subjecti:
1615 1279 1797 1318 nasus
1850 1262 2009 1317 inter

360 1356 712 1410 tenuitatem
762 1360 821 1410 et
872 1353 1331 1409 crassitudinem
1390 1352 1644 1421 medius,
1716 1351 2003 1424 paulatim

360 1445 659 1500 transiens
690 1443 751 1498 in
782 1443 1182 1499 aduncitatem
1210 1459 1223 1496 :
1258 1441 1441 1497 barba
1464 1442 1650 1513 justa,
1682 1441 1832 1496 raris
1849 1440 2007 1494 circa

362 1534 553 1591 malas
579 1532 859 1605 projectis
888 1531 1054 1587 canis
1088 1548 1102 1586 :
1137 1536 1361 1586 statura
1417 1530 1670 1585 rotunda
1698 1546 1767 1585 ac
1810 1529 2003 1596 firma,

355 1629 564 1696 pectus
591 1629 650 1677 et
679 1621 911 1677 humeri
951 1621 1216 1694 apprime
1244 1622 1380 1687 lata,
1416 1622 1500 1675 vis
1527 1636 1594 1676 ac
1623 1620 1806 1675 robur
1827 1620 2001 1692 juxta

361 1712 722 1768 celebratum
758 1710 1098 1765 Herculem:
1134 1710 1451 1781 prudentia
1480 1726 1637 1777 vero,
1672 1715 1731 1764 et
1769 1714 2004 1780 tempe-

363 1798 1097 1870 rantia,etopportunitate
1118 1797 1402 1869 singulari
1418 1797 1827 1863 consiliorum,
1851 1798 2008 1852 inter

363 1907 572 1946 omnes
606 1888 926 1961 praestabat
958 1905 1064 1945 sua
1120 1892 1469 1959 tempestate
1509 1892 1680 1943 natos
1710 1887 1886 1942 viros.
1924 1887 2007 1942 lta
2040 1919 2085 1984 Β

358 1981 671 2036 redimitus
698 1979 1081 2052 imperatoria
1111 1994 1329 2034 corona
1359 1979 1421 2033 in
1479 1982 1794 2049 augustum
1841 1976 2008 2049 pala-

357 2070 506 2125 tium
539 2069 826 2135 ascendit,
847 2085 880 2124 a
909 2067 1128 2140 populo
1158 2065 1718 2139 magistratibusque
1734 2066 2007 2137 stipatus,

358 2161 781 2233 ingressusque
810 2160 870 2214 in
893 2158 1075 2232 regali
1134 2157 1359 2213 assedit
1379 2157 1548 2212 solio.
1584 2156 1821 2212 Licebat
1866 2162 2007 2211 tunc

357 2248 1265 2321 videre,fortunam,gestientem
1298 2253 1476 2317 atque
1495 2245 1893 2300 exsultantem
1915 2245 2007 2300 his

356 2338 601 2404 eventis,
645 2342 887 2392 cunctas
921 2337 1018 2391 49
1072 2336 1185 2390 sibi
1227 2334 1529 2389 vindicare
1560 2334 1855 2389 humanas
1888 2349 2005 2402 res,

357 2443 467 2482 nec
483 2426 808 2497 quidquam
822 2424 1196 2480 terrestrium
1218 2422 1496 2494 cuiquam
1514 2438 1645 2477 esse
1674 2425 2003 2493 preprium.

355 2519 430 2572 At
458 2515 974 2587 Nicephorus(l3),
1020 2519 1335 2584 postquam
1385 2512 1703 2583 imperium
1731 2528 2004 2583 suscepe-

355 2610 600 2671 rat,tuto
622 2621 691 2660 ac
739 2619 943 2659 secure
989 2600 1406 2674 gubernaculis
1450 2617 1650 2655 rerum
1682 2602 2003 2672 occupatis,

358 2694 608 2750 Bardam
639 2694 827 2765 ipsius
856 2698 1085 2764 patrem
1138 2690 1388 2745 Caesaris
1419 2689 1703 2763 dignitate
1734 2690 2002 2746 ornavit:

356 2786 666 2848 Joannem,
700 2786 1090 2852 cognomento
1122 2779 1486 2842 Tzimiscem,
1537 2779 1662 2850 jam
1700 2778 1772 2833 ab
1830 2779 2003 2833 initio

354 2879 551 2930 motus
584 2871 695 2926 sibi
727 2869 1104 2942 opitulatum,
1159 2868 1555 2923 Domesticum
1604 2866 1860 2923 Orientis
1945 2874 2004 2923 et

352 2962 691 3033 Magistrum
764 2958 982 3015 creavit
1050 2975 1063 3012 :
1123 2957 1400 3021 Leonem,
1480 2956 1723 3012 fratrem
1800 2973 1996 3023 suum,

350 3051 766 3123 Curopalatem
789 3055 848 3104 et
904 3049 1242 3122 Magistrum
1289 3047 1610 3103 declaravit
1638 3064 1651 3102 :
1686 3047 1994 3111 Basilium,

1795 413 2075 475 LEDNIS
2120 414 2434 476 DIACUNI

295 550 300 555 ’
358 556 586 609 rentur.
620 550 866 619 Deinde,
910 550 1009 605 ubi
1066 548 1523 605 celeberrimum
1576 548 1679 604 Dei
1710 548 2001 620 templum

2118 553 2213 617 τῆς
2256 544 2419 619 ἕκτης
2488 547 2745 619 ἰνδίκτου,
2805 548 2859 606 έν
2916 554 2993 624 τῷ
3047 552 3174 621 ,ςυο’
3231 549 3356 622 ἔτει,
3449 552 3537 610 ὅτε

3646 422 3768 482 732

3602 575 3773 610 ταυτα

2119 634 2432 711 ἐπράττετο.
2466 639 2628 710 Ἀρτι
2660 636 2738 709 δέ,
2772 637 2886 694 ἐπεὶ
2945 639 3083 710 πρὸς
3137 641 3231 696 τὸν
3286 645 3384 697 τοῦ
3432 642 3589 698 Θείου
3619 644 3774 718 περί-

2117 745 2321 781 πυστον
2351 727 2520 796 σηκὸν
2552 726 2913 804 είσεφοίτησε,
2954 728 3043 784 καὶ
3102 729 3207 785 ἀπὸ
3254 734 3352 785 τοῦ
3408 734 3516 787 τῶν
3576 732 3766 805 ἱερέων

2119 812 2501 889 πληρώματος
2532 817 2854 892 ἀξιοχρέους
2881 818 3046 890 τιμὰς
3107 817 3418 890 ὑπεδέξατο,
3474 821 3613 894 πρὸς
3666 827 3763 876 τοῦ

2115 903 2215 971 τήν
2248 903 2614 978 πατριαρχίαν
2648 904 2926 970 ἰθύνοντος
2982 904 3328 964 Ηολυεύκτου
3355 909 3436 981 τῷ
3492 910 3764 985 βασιλικῷ

2118 989 2413 1065 διαδήματι
2475 993 2882 1071 στέφεταιῌο),
2966 992 3020 1052 ἓν
3079 997 3169 1050 καὶ
3217 1000 3583 1068 πεντηκοστὸν
3640 996 3763 1062 ἔτος

2114 1088 2214 1150 τῆς
2242 1078 2466 1152 ἡλικίας
2490 1081 2752 1138 ἐλαύνων.
2787 1086 2903 1152 Τήν
2937 1083 2995 1139 δὲ
3049 1082 3192 1139 ἰδέαν
3251 1090 3363 1159 (11)
3416 1085 3633 1143 τοιόσδε
3686 1110 3772 1152 τις

2116 1172 2207 1241 ἦν·
2240 1167 2365 1247 ὄψις
2400 1172 2547 1245 αύτῷ
2599 1174 2736 1249 πρὸς
2787 1174 2851 1229 τὸ
2912 1174 3081 1249 μέλαν
3141 1175 3308 1232 πλέον
3363 1176 3400 1247 ἢ
3455 1178 3520 1233 τὸ
3577 1177 3770 1234 λευκὸν

2113 1258 2510 1324 ἀποκλίνουσα,
2540 1260 2689 1333 κόμη
2751 1258 2810 1316 δὲ
2870 1263 3059 1337 βαθεῖα
3111 1263 3202 1319 καὶ
3249 1272 3441 1334 κυανῆ·
3486 1265 3770 1343 ὀφθαλμοὶ

2119 1348 2371 1423 μέλανες,
2413 1349 2502 1404 ἐπὶ
2560 1371 2812 1415 συννοιας
2856 1353 3294 1429 πεφροντικότες,
3355 1350 3593 1417 δασείαις
3646 1362 3772 1419 ταῖς

2116 1437 2338 1517 ὀφρύσιν
2366 1439 2791 1512 ὑποκαθήμενον
2856 1439 2939 1516 ῥὶς
2973 1442 3154 1514 μέσως
3213 1442 3259 1479 ’9
3313 1440 3518 1518 ἔχουσα
3571 1443 3768 1500 λεπτό-

2112 1548 2278 1598 τητος
2318 1529 2406 1582 καὶ
2467 1528 2810 1601 παχύτητος,
2860 1530 3044 1605 ἡρέμα
3101 1535 3580 1606 συμπεραινομένη
3636 1554 3771 1607 γρυ-

2114 1616 2333 1685 πότητι·
2359 1618 2445 1690 [Ρ.
2476 1618 2564 1689 30]
2605 1618 2782 1687 ὑπήνη
2838 1617 3171 1694 σύμμετρος,
3226 1619 3417 1695 ἀραιὰν
3467 1622 3613 1692 παρᾶ
3668 1624 3767 1685 τὰς

2114 1705 2342 1779 γνάθους
2371 1700 2806 1780 προϐαλλομένη
2854 1708 2952 1775 τήν
3013 1706 3232 1761 πολιάν·
3285 1707 3553 1783 ἀγκυλεὸς
3585 1714 3602 1748 ¹
3660 1713 3763 1778 τῆν

2114 1793 2341 1862 ⁴ἡλικίαι
2397 1795 2487 1849 καὶ
2550 1790 2825 1868 στιϐαρὸς,
2913 1795 3201 1868 εὐρύτατος
3253 1797 3317 1851 τὸ
3401 1798 3617 1873 στέρνον
3665 1799 3758 1853 καὶ

2116 1882 2304 1955 ὤμους
2332 1884 2409 1945 ὡς
2444 1882 2700 1956 μάλιστα,
2732 1885 2832 1953 τήν
2872 1883 3055 1957 μέντοι
3114 1883 3358 1961 ἀνδρείαν
3416 1887 3507 1941 καὶ
3567 1887 3762 1961 ῥώμην

2118 1973 2258 2026 κατά
2284 1972 2378 2026 τὸν
2417 1970 2828 2046 θρυλλούμενον
2887 1971 3187 2048 Ἡρακλῆν·
3250 1976 3506 2051 φρονήσει
3565 1974 3623 2031 δὲ
3677 1976 3771 2031 καὶ

2119 2059 2441 2138 σωφροσύνῃ
2468 2060 2560 2116 καὶ
2616 2065 2696 2133 τῷ
2729 2063 2751 2097 ²
2805 2063 2866 2117 τὸ
2925 2059 3045 2116 δέον
3104 2061 3483 2140 ἀνεπισιραλῶς
3539 2063 3772 2143 ἐπιφρά-

2118 2152 2465 2223 σασθαι(12),
2525 2151 2738 2206 πάντων
2798 2151 3177 2227 κατευμεγέθει
3230 2156 3336 2207 τῶν
3394 2155 3511 2208 κατ’
3570 2152 3773 2210 ἐκείνου

2114 2242 2219 2309 τὴν
2252 2240 2439 2314 γενεὰν
2468 2238 2850 2315 γεγενημένων
2907 2239 3140 2316 ἀνδρῶν.
3191 2244 3508 2307 Ταινιωθεῖς
3541 2242 3632 2299 οὖν
3688 2249 3771 2318 τῷ

2121 2327 2389 2405 βασιλείῳ
2448 2327 2629 2403 στέφει
2687 2328 2774 2384 έπὶ
2831 2330 2931 2397 τὴν
2997 2330 3271 2404 βασίλειον
3342 2329 3518 2400 αὐλὴν
3577 2333 3767 2405 ἄνεισι,

2116 2418 2264 2492 παρᾶ
2285 2421 2382 2472 τοῦ
2411 2415 2660 2488 πλήθους
2683 2416 2775 2472 καί
2803 2423 2911 2473 τῶν
2952 2417 3005 2474 έν
3063 2418 3209 2474 τέλει
3266 2417 3767 2494 δορυφορούμενος,

2115 2505 2205 2561 καὶ
2233 2503 2301 2575 δὴ
2332 2504 2622 2582 παρελθὼν
2655 2506 2742 2563 ἐπὶ
2784 2509 2975 2582 θρόνον
3037 2507 3249 2573 ἐκάθισε
3306 2508 3399 2564 τὸν
3456 2509 3764 2585 βασιλικόν.

2114 2596 2216 2651 Ἦν
2251 2595 2340 2649 οὖν
2375 2596 2501 2671 δρᾷν
2533 2597 2634 2665 τήν
2680 2596 2857 2671 τύχην
2917 2597 3349 2674 ένωραϊζομένην
3403 2599 3493 2652 καὶ
3551 2598 3769 2675 ἐπιγαν-

2113 2683 2350 2757 νυμένην
2381 2689 2498 2746 τοῖς
2550 2683 2931 2758 τελουμένοις,
2985 2688 3075 2741 καὶ
3132 2688 3305 2742 πάντα
3364 2688 3560 2757 ἑαυτῆς
3595 2693 3766 2752 τιθεῖ-

2113 2774 2303 2828 σαντὰ
2338 2773 2647 2849 ἀνθρώπινα
2702 2774 3021 2849 πράγματα,
3075 2774 3166 2830 καὶ
3225 2773 3393 2849 μηδὲν
3449 2781 3558 2831 τῶν
3591 2778 3761 2854 φθαρ-

2111 2867 2221 2918 τῶν
2272 2861 2505 2937 μηδενὸς
2566 2863 2917 2927 καθίστασθαι
2975 2862 3134 2921 ἴδιον.
3188 2866 3250 2922 Ὀ
3308 2863 3385 2933 δὲ,
3443 2865 3608 2920 έπεὶ⁸
3664 2873 3768 2935 τῆς

2114 2951 2397 3026 βασιΛείας
2429 2946 2621 3022 ἐπέϐη,
2680 2951 2771 3007 καὶ
2826 2957 2935 3007 τῶν
2994 2952 3192 3008 οἰάκων
3247 2953 3505 3032 ἀσφαλῶς
3556 2975 3617 3011 τε
3668 2956 3761 3011 καὶ

2110 3039 2285 3106 ἀδεῶς
2333 3041 2539 3111 ταύτης
2591 3041 2892 3116 ἀντείχετο,
2948 3038 3156 3117 Βάρδαν
3244 3043 3360 3116 μὶν,
3417 3045 3508 3099 τὸν
3566 3045 3760 3101 ἑαυτοῦ

353 3142 455 3213 qui
482 3140 720 3211 Iosephi
754 3155 919 3210 opes,
950 3144 1015 3193 ut
1044 3154 1078 3192 a
1099 3153 1192 3192 me
1228 3136 1451 3191 dictum
1477 3142 1587 3206 est,
1645 3142 1811 3191 motu
1842 3136 1999 3192 facto

2118 3132 2338 3207 πατέρα,
2399 3129 2474 3192 είς
2529 3130 2629 3199 τήν
2680 3134 2777 3185 τοῦ
2835 3131 3105 3204 Καίσαρος
3179 3133 3318 3205 τιμή
3400 3129 3754 3208 προεϐίϐασε·

346 3229 621 3302 fregerat,
655 3228 730 3283 ad
761 3228 999 3299 proedri
1031 3227 1320 3282 honorem
1347 3225 1553 3280 evexit.

2106 3222 2198 3276 τὸν
2260 3218 2318 3275 δὲ
2376 3220 2741 3295 συναράμενον
2796 3218 2944 3291 αὖτῷ
3003 3221 3260 3289 Ἰωάννην
3317 3223 3452 3277 κατὰ
3507 3225 3607 3292 τὴν
3661 3229 3762 3280 τοῦ

350 3318 653 3389 κινήματος
686 3316 889 3390 ἀρχὴν,
921 3317 967 3388 ᾧ
994 3320 1294 3387 Τζιμισκῆς
1323 3315 1387 3369 τὸ
1431 3311 1662 3384 ἐπίκλην
1695 3317 1826 3385 (14),
1863 3308 2191 3386 δομέστικον
2244 3308 2541 3374 Ἀνατολῆς
2595 3309 2684 3363 καὶ
2745 3307 3038 3386 μέγιστρον
3072 3308 3406 3387 ἀναδέδειχε·
3442 3309 3643 3368 Λέοντα
3675 3312 3754 3382 δὶ,

351 3416 442 3470 τὸν
479 3412 618 3470 ἴδιον
646 3413 932 3487 σύναιμον,
964 3413 1383 3491 κουροπαλάτην
1418 3414 1507 3469 καὶ
1548 3413 1843 3488 μάγιστρον
1894 3405 2288 3488 προϐάλλεται·
2349 3407 2441 3461 τὸν
2494 3404 2552 3461 δέ
2594 3428 2654 3482 γε
2685 3407 2995 3480 Βασίλειον,
3054 3409 3144 3465 τὸν
3198 3410 3425 3483 Ἰωσήφ,
3482 3410 3623 3486 ᾖπέρ
3655 3433 3752 3485 μοι

352 3504 577 3581 ἐρρήθη,
607 3502 1035 3558 καταστασιάσαν
1049 3524 1128 3570 τα,
1159 3503 1234 3564 εἷς
1264 3504 1326 3558 τὸ
1345 3507 1442 3558 τοῦ
1471 3500 1742 3578 προέδρου
1771 3498 1932 3562 κλέος
1965 3492 2340 3554 ἂνεϐιϐάσατο.

424 3598 476 3650 9.
510 3596 641 3666 Ipse
671 3611 806 3649 vero
849 3592 1243 3667 proﬁtebatur
1272 3593 1510 3650 solitam
1542 3592 2000 3665 temperantiam

344 3667 759 3739 intemeratam
790 3700 852 3740 se
900 3688 1289 3752 servaturum,
1342 3700 1478 3738 cum
1537 3683 1736 3737 uxoris
1794 3680 1998 3753 conju-

350 3775 513 3848 gium
544 3774 903 3842 vitans,tunc
923 3773 1192 3829 carnium
1212 3789 1379 3828 esum
1415 3771 1757 3844 repudians.
1783 3768 2010 3826 Verum‘

354 3865 701 3919 monasticaa
746 3865 880 3919 vita;
939 3864 1218 3931 cultores,
1253 3864 1355 3935 qui
1392 3864 1633 3935 quidem
1663 3862 1842 3917 vitam
1870 3862 2000 3933 ejus

352 3953 763 4022 gubernabant
789 3953 1160 4023 (observabat
1190 3955 1345 4007 enim
1381 3953 1630 4008 mirifice
1658 3952 1915 4018 fratres),
1936 3951 1999 4005 in

356 4042 645 4096 institutis
673 4042 963 4111 ejusmodi
986 4058 1332 4112 permanere
1350 4043 1539 4096 virum
1565 4058 1686 4096 non
1702 4040 1997 4108 sinebant,

357 4129 460 4184 sed
490 4130 901 4197 hortabantur,
933 4136 998 4184 ut
1025 4136 1085 4185 et
1121 4131 1462 4204 conjugium
1515 4131 1997 4201 amplecteretur,

352 4235 462 4273 nec
500 4218 765 4273 carnium
801 4234 927 4284 esu,
961 4225 1025 4273 ut
1055 4235 1118 4273 re
1158 4219 1407 4287 nefasta,
1442 4220 1788 4274 abstineret.
1826 4222 1996 4274 Vere-

355 4307 573 4363 bantur
602 4305 784 4367 enim.
808 4322 884 4360 ne
903 4324 1090 4378 prono
1111 4307 1172 4363 in
1195 4306 1439 4364 delicias
1460 4314 1519 4363 et
1534 4311 2000 4365 comessationes

353 4399 553 4454 animo
583 4397 647 4453 in
678 4402 882 4469 turpes
948 4396 1328 4453 delaberetur
1379 4397 1732 4470 voluptates,
1791 4399 1998 4470 quales

2188 3596 2250 3660 0'.
2286 3594 2459 3657 Αὐτὸς
2490 3592 2547 3649 δέ
2576 3595 2676 3663 την
2723 3597 2929 3666 συνήθη
2989 3602 3380 3671 προσεποιεῖτο
3433 3598 3761 3676 ἀπαρεγχεί-

2114 3697 2278 3759 ρητον
2331 3683 2688 3761 σωφροσύνην
2749 3681 3050 3755 διατηρεῖν,
3105 3686 3359 3760 γυναικός
3415 3707 3473 3741 τε
3512 3690 3765 3763 συζυγίας

2111 3772 2376 3828 ἐκκλίνων
2408 3772 2497 3828 καὶ
2527 3772 2869 3849 κρεωφαγίαν
2931 3770 3543 3848 ἀποδιοπομπούμενος.
3597 3774 3765 3833 Ἀλλ’

2112 3862 2163 3916 οἱ
2192 3862 2285 3916 τόν
2318 3853 2533 3936 μονήρη
2577 3864 2694 3937 βίον
2731 3862 3011 3936 μετιόντες
3042 3862 3136 3918 καὶ
3192 3863 3357 3918 αὐτοῦ
3411 3864 3501 3919 τὸν
3559 3865 3764 3941 τρόπον

2111 3948 2272 4022 δῆθεν
2331 3952 2684 4028 ῥυθμίζοντες
2747 3952 2928 4025 (έτίμα
3014 3953 3118 4029 γὰρ
3201 3950 3565 4029 διαφερόντως
3632 3955 3762 4019 τοὺς

2111 4044 2422 4115 μοναστας),
2457 4042 2561 4096 οὐκ
2591 4040 2716 4096 εἶ’ων
2748 4041 2840 4097 τὸν
2888 4039 3058 4114 ἄνδρα
3110 4041 3364 4115 ἐμμένειν
3423 4046 3507 4108 οἷς
3562 4041 3760 4120 ἔκρινε,

2107 4129 2521 4205 προὺτρέποντο
2607 4128 2665 4187 δέ
2739 4129 2830 4186 καί
2915 4132 3167 4208 συζυγίαν
3251 4132 3588 4197 ἀσπάσασθαι
3667 4136 3757 4190 καὶ

2111 4219 2456 4295 κρεωφαγίαν
2494 4221 2571 4293 μή
2605 4218 2678 4283 ὥς
2709 4241 2763 4275 τι
2819 4219 3071 4275 ἀπαίσιον
3130 4219 3449 4298 ἀποφυγεῖν.
3507 4220 3760 4279 Ἐδεδίει-

2116 4329 2210 4363 σαν
2276 4308 2402 4383 γὰρ,
2462 4311 2537 4382 μὴ
2594 4315 2823 4386 τρυφαῖς
2879 4308 2968 4364 καὶ
3052 4311 3263 4382 κώμοις
3328 4310 3634 4383 έπικΛινής,
3684 4312 3758 4375 ὡς

2111 4397 2282 4465 είκὸς,
2314 4399 2560 4474 γεγονὼς
2587 4398 2665 4462 εἰς
2707 4395 3048 4461 ἀλλοκότους
3095 4396 3509 4471 ὑπολισθήσειεν
3541 4399 3758 4472 ἡδονὰς,

1527 4548 1587 4605 C.
1622 4549 1684 4604 B.
1716 4550 1904 4605 HASII
1923 4551 2480 4609 ANNOTATIONES.

422 4741 467 4777 ⁸ο
494 4738 656 4813 μέσος
684 4739 815 4796 cod.
849 4740 867 4775 ί
894 4737 1176 4814 ἆγκυΑεός.
1212 4738 1306 4796 Sic
1326 4738 1532 4796 codex.
1562 4739 1584 4773 '
1608 4737 1710 4812 τῷ]
1737 4740 1835 4793 τοῦ
1866 4737 1995 4795 cod.

2118 4739 2174 4791 πὶ
2206 4737 2336 4795 cod.

350 4891 501 4947 aulae
533 4892 833 4964 Byzantia.
865 4893 909 4960 Ι,
944 4896 1067 4960 251,
1091 4908 1349 4964 quocum
1370 4891 1575 4948 confer
1593 4891 1802 4964 ,Reisk.
1824 4890 1995 4947 Com-
2033 4895 2074 4959 [)
2175 4887 2598 4964 (l2_)Ducangio
2613 4887 2914 4964 negotium
2930 4888 3206 4964 exhibuit
3220 4892 3287 4964 in
3303 4891 3506 4950 codice
3532 4892 3747 4961 siglum

354 4964 709 5087 metntia7r31l,
746 4964 865 5018 141.
928 4963 1276 5034 (Patrologia'
1333 4970 1466 5019 tom.
1518 4963 1684 5027 XCII,
1716 4963 1992 5025 001.797,

357 5050 433 5087 no
470 5075 481 5085 .
586 5075 597 5085 .

357 5038 481 5089 not.
512 5038 597 5088 17.

429 5034 640 5175 ῗ101)7121
671 5104 917 5190 Cedren.
944 5105 1264 5190 Compend.
1292 5106 1531 5190 Histzjll.
1555 5101 2001 5190 648.9.[1316'9-

356 5194 483 5250 κτον
526 5172 947 5250 ’παρεσκεύασαν
1055 5172 1146 5230 τὸν
1190 5176 1568 5250 ηατριάρ7.ην,
1620 5176 1719 5250 καί
1767 5180 1843 5246 τῷ
1902 5176 1999 5250 βα-

356 5194 483 5229 κτον
545 5194 947 5246 παρεσκευασαν
1055 5196 1146 5230 τον
1190 5194 1299 5229 ιιατ
1346 5194 1568 5250 εαρλην,
1620 5196 1709 5229 και
1767 5195 1843 5246 τῳ
1902 5194 1999 5250 μα-

352 5243 553 5318 σιλικῷ
631 5244 792 5299 αὐτὸν
848 5250 1133 5300 ταινιῶσαι
1214 5194 1532 5318 διαδήματι,
1620 5248 1761 5302 tolle
1826 5248 2005 5303 verba

354 5317 573 5387 καὶτῷ,
605 5327 665 5374 et
696 5323 872 5377 verte.
934 5320 1321 5375 Patriarcham
1375 5323 1805 5388 apparaverunt.
1891 5320 2002 5373 hoc

354 5396 462 5449 est.
496 5394 935 5461 permoverunt.
955 5396 1080 5444 ut...
1108 5392 1303 5459 Neque
1335 5390 1509 5443 aliter
1540 5388 1785 5459 Scylitza
1801 5389 1999 5461 Histo-

355 5462 445 5516 ria
476 5460 586 5516 ms.
627 5460 817 5516 Verba
847 5460 1203 5531 interpolata
1228 5461 1523 5532 Xylandro
1547 5476 1782 5530 quoque
1807 5460 2000 5515 fraudi

358 5534 603 5589 fuerunt
631 5533 693 5588 in
717 5532 1007 5587 versione.

427 5608 537 5672 (Η)
599 5605 732 5660 Haec
791 5618 979 5675 usque
1059 5602 1134 5658 ad
1216 5602 1393 5658 verba
1472 5598 1871 5675 γεγενημένων-
1910 5599 1999 5675 διν-

356 5673 520 5743 δεῶι,
557 5677 691 5748 Pag.
762 5677 829 5730 48
884 5673 1021 5729 Ὶίη.
1082 5678 1170 5738 20,
1241 5674 1568 5747 Ducangius
1611 5674 1807 5728 Grmce
1840 5673 2005 5729 dedit

356 5749 520 5807 Notis
550 5747 849 5808 historicis
884 5747 948 5809 in
968 5749 1171 5810 Zonar.
1210 5748 1278 5806 ll.
1318 5750 1437 5805 107.
1469 5756 1537 5804 A.

2106 4959 2289 5022 verbi.
2320 4960 2491 5034 cujus
2511 4959 2754 5034 partem
2785 4961 3071 5017 duntaxat
3098 4962 3262 5018 dedit
3290 4964 3527 5034 punctis
3548 4959 3751 5020 termi-

2111 5037 2309 5087 natam
2322 5072 2335 5097 ,
2367 5028 2734 5104 ἐπιφρίασας...

2184 5106 2296 5168 (13)
2328 5103 2649 5176 Sequentia
2677 5119 2867 5176 usque
2897 5103 2971 5159 ad
3002 5105 3135 5176 Pag.
3170 5108 3260 5159 51.
3283 5104 3390 5161 lin.
3415 5110 3505 5162 20.
3548 5124 3759 5163 rursus

2112 5174 2233 5230 fere
2266 5175 2470 5229 omnia
2500 5191 2568 5229 ex
2595 5175 2969 5241 Combeflsio,
3003 5174 3143 5241 Pagi
3186 5177 3277 5230 ιν.
3312 5180 3363 5234 6.

2183 5248 2290 5315 (14)
2325 5246 2684 5317 Vocabulum
2718 5252 2807 5301 est
2835 5246 3193 5317 ex_Agathia
3224 5250 3344 5303 124.
3406 5250 3470 5306 D.
3530 5250 3642 5305 Pro
3688 5267 3755 5305 eo

2114 5317 2226 5372 Leo
2261 5319 2475 5387 passim
2511 5316 2756 5372 adhibet
2782 5317 2880 5384 τήν
2913 5315 3205 5385 ἐπίκλησιν
3237 5320 3287 5374 3.
3317 5321 3378 5375 C.
3412 5323 3499 5376 56.
3561 5322 3620 5375 Β.
3663 5324 3749 5377 65.

2115 5389 2178 5462 l_).
2205 5391 2292 5462 69_.
2320 5390 2517 5462 _A._83.
2552 5390 2609 5442 C.
2636 5392 2722 5443 95.
2904 5392 3024 5462 {07:
3190 5389 3290 5458 τήν
3328 5389 3637 5462 ἐπωνυμίαν
3668 5397 3753 5447 71.

2116 5460 2179 5513 D.
2219 5458 2282 5511 τὸ
2316 5457 2571 5530 ἐπώνυμα
2628 5461 2714 5513 36.
2773 5460 2832 5514 C.
2883 5459 2946 5512 τὸ
2993 5457 3279 5529 ἐπώνυμον
3303 5463 3390 5517 48.
3445 5457 3626 5518 0.50.
3690 5469 3756 5519 A.

2114 5532 2200 5585 51.
2234 5531 2507 5603 AA.C.69.
2555 5532 2628 5603 7C.
2689 5534 2775 5583 77.
2833 5532 2895 5585 D.
2952 5530 3043 5584 τὸν
3105 5532 3520 5603 κατεπωνυμίαν
3549 5537 3635 5589 89.
3697 5536 3755 5590 C.

2114 5600 2674 5726 (quodggocgbulum
2708 5618 2828 5656 non
2879 5609 2967 5656 est
3002 5604 3065 5658 in
3125 5600 3409 5677 Lexicis)i
3466 5604 3528 5658 τὸ
3588 5604 3749 5680 πρόσ-

2116 5690 2308 5726 θημα.
2373 5713 2384 5725 .
2469 5717 2479 5726 .

2114 5690 2264 5745 ρημα
2297 5690 2384 5726 no.
2422 5690 2479 5728 η.
