4202 6314
420 417 538 477 733

1820 408 2210 472 HISTOBIE
2253 411 2395 472 LIB.
2445 415 2553 474 IlI.

3716 417 3834 477 734

426 548 489 610 ἃς
521 544 706 611 εἴωθεν
731 543 1173 621 αὐτοσχεδιάζειν
1203 546 1266 601 τὸ
1321 542 1714 600 αὖτοδὲσποτον
1771 543 1860 598 καὶ
1909 542 2036 598 αὐτό

2185 546 2554 602 comminisci
2591 548 2744 603 solet
2773 547 2927 603 liber
2953 564 3136 620 seque
3174 548 3299 620 ipse
3329 563 3542 621 regens
3573 549 3831 617 animus,

425 658 615 709 νομον,
677 634 1080 708 ἐπειλημμένον
1111 636 1134 670 ⁴
1190 632 1489 708 δυνάμεως.
1547 636 1681 695 Ταῖς
1734 637 1840 688 τῶν
1905 653 2067 705 μονα-

425 731 563 782 στῶν
599 725 691 780 οὗν
725 725 1057 792 καταπειθὴς
1113 724 1352 798 γεγονὼς
1407 723 1746 797 είσηγῆσεσι,
1801 722 1894 776 τὸν
1941 718 2067 789 ἡλι-

422 817 629 884 κιώτην
691 814 785 886 μὶν
845 813 935 868 καὶ
991 814 1394 885 συνειθισμένον
1459 812 1573 888 βίον
1633 810 1911 866 ἀπώσατο⁶
1969 812 2066 878 τήν

421 901 478 960 δὲ
533 907 632 959 τοῦ
688 905 976 976 Ῥωμανοῦ
1033 903 1336 974 ὁμευνέτιν,
1397 903 1670 976 ἂριπρεπῆ
1724 906 1844 961 ταῖς
1905 899 2071 972 ὥραις

419 992 510 1048 καὶ
571 990 903 1066 αὐτόχρημα
953 992 1332 1066 τυγχάνουσαν
1385 990 1671 1054 Λάκαιναν,
1729 989 1865 1064 πρὸς
1893 988 2070 1063 γάμον

422 1083 677 1157 ἠγάγετο,
709 1083 798 1135 καί
827 1081 963 1152 πρὸς
1007 1080 1070 1134 τὸ
1101 1083 1199 1144 τῆς
1247 1076 1604 1153 κρεωδαισίας
1660 1078 1766 1133 ἀπὸ
1822 1080 1920 1146 τῆς
1978 1098 2070 1131 κε-

419 1169 771 1244 κολασμένης
849 1167 1066 1240 διαίτης
1164 1170 1551 1242 μετεσκεῦαπο
1634 1167 2062 1246 τρυφηλότερον.

417 1260 858 1333 Ὑπεψιθυρίζετο
892 1261 1003 1334 (15)
1037 1257 1120 1327 δὲ,
1151 1260 1228 1331 μὴ
1279 1254 1504 1331 ἔννομον
1561 1256 1904 1331 συνδραμεῖν,
1963 1279 2064 1312 παι

418 1348 660 1424 ράλογον
693 1347 750 1402 δὲ
774 1369 892 1410 πως
922 1349 984 1403 τὸ
1017 1347 1368 1418 συνοικέσιον,
1423 1346 1498 1409 ὠς
1555 1344 1822 1421 ἀνάδοχον
1857 1345 1916 1401 ἐκ
1969 1351 2067 1402 τοῦ

417 1438 566 1492 θείου
596 1436 835 1512 λουτροῦ
859 1437 1113 1514 γεγονότα
1143 1437 1234 1492 τὸν
1268 1437 1584 1514 Νικηφόρον
1635 1441 1742 1490 τῶν
1775 1440 1872 1491 τοῦ
1903 1437 2068 1491 αὐτο-

417 1527 992 1599 κράτοροςῬωμανοῦ
1021 1524 1109 1578 καὶ
1159 1531 1258 1593 τῆς
1309 1528 1615 1601 Θεοφανοῦς
1663 1520 1898 1579 παίδων.
1952 1529 2065 1592 Τῆς

419 1610 510 1668 οὖν
553 1616 746 1689 φήμης
775 1613 992 1687 ἀπτερῳ
1021 1616 1042 1650 ⁸
1096 1617 1255 1688 τάχει
1314 1612 1390 1674 εἷς
1420 1619 1514 1674 τὰς
1566 1613 1729 1676 ἀκοὰς
1755 1615 1852 1666 τοῦ
1883 1613 2062 1687 ἱεραρ-

420 1705 648 1776 χοῦντος
703 1702 1048 1758 Πολυεύκτου
1105 1702 1491 1777 ἐνηχηθείσης,
1573 1702 1844 1776 ἀπείργειν
1905 1699 2062 1755 παντὶ

425 1792 512 1864 [Ρ.
546 1795 635 1863 31]
691 1793 863 1856 σθένει
920 1797 1028 1846 τῶν
1086 1793 1246 1866 ἱερῶν
1305 1787 1616 1865 περιϐόλων
1662 1790 1913 1866 ἐπειρᾶτο
1968 1791 2058 1844 τὸν

2179 636 2226 690 si
2255 638 2578 706 potentiam
2628 639 3034 710 consequitur.
3079 639 3499 693 Monachorum
3527 639 3708 704 igitur
3728 639 3829 694 ad-

2177 727 2606 782 monitionibus
2636 729 2974 789 ohsecutus,
3000 728 3354 783 familiarem
3381 744 3449 782 ac
3481 735 3828 783 consuetam

2179 815 2309 870 vitm
2333 817 2620 871 rationem
2662 818 2733 872 ab
2769 835 2828 873 se
2889 818 3178 891 ablegavit
3210 837 3222 873 :
3277 818 3523 872 Romani
3556 835 3824 884 uxorem,

2180 912 2485 960 venustam
2511 907 2686 977 plane
2719 907 3031 962 mulierem
3066 914 3123 963 et
3151 923 3362 979 puram
3395 914 3596 978 putam
3642 908 3826 962 Laom-

2179 1011 2338 1056 nam.
2373 997 2433 1050 in
2465 997 2910 1052 matrimonium
2944 998 3128 1055 duxit.
3163 1014 3313 1068 aque
3364 997 3633 1052 tenuiore
3666 999 3820 1052 victu

2179 1085 2250 1140 ad
2283 1085 2595 1140 lautiorem
2621 1087 2722 1142 50
2745 1087 3025 1141 carnibus
3049 1103 3288 1142 vescens
3320 1085 3574 1141 transiit.
3603 1088 3822 1140 Rumor
3899 1152 3906 1158 .

2177 1179 2373 1230 autem
2405 1180 2548 1240 erat,
2576 1175 2732 1229 haud
2765 1175 3057 1247 legitimas
3089 1191 3239 1241 esse,
3275 1189 3576 1245 propeque
3603 1173 3819 1228 abhor-

2176 1280 2307 1318 rere
2338 1281 2372 1318 a
2402 1264 2628 1337 legibus
2652 1266 2911 1337 nuptias.
2936 1266 3074 1336 quia
3105 1266 3466 1336 Nicephorus
3499 1263 3820 1319 liberorum

2179 1355 2423 1408 Romani
2456 1354 2827 1425 imperatoris
2872 1372 2939 1410 ac
2999 1353 3454 1424 TheOphanonis
3507 1369 3576 1409 ex
3605 1354 3822 1420 geniali

2176 1459 2328 1513 aqua
2362 1450 2669 1514 susceptor
2697 1444 3038 1498 exstitisset.
3074 1444 3181 1509 Qui
3230 1460 3434 1497 rumor
3463 1459 3675 1516 magna
3727 1459 3818 1497 ce-

2173 1531 2406 1586 leritate
2436 1549 2568 1588 cum
2593 1533 2661 1587 ad
2698 1533 2994 1605 Polyeucti
3029 1549 3332 1588 sacrorum
3364 1532 3625 1603 praefecti
3649 1549 3821 1587 aures

2174 1622 2557 1692 pervenisset.
2591 1623 2748 1676 omni
2785 1629 2999 1678 conatu
3033 1623 3370 1693 imperatori
3396 1638 3453 1676 m
3511 1637 3546 1675 a
3597 1622 3818 1676 sanctis

2174 1713 2356 1782 septis
2414 1729 2613 1766 arcere
2687 1712 3060 1767 conabatur:
3122 1729 3253 1767 cum
3305 1712 3463 1766 enim
3530 1712 3616 1765 vir
3665 1717 3818 1765 esset

2171 1800 2403 1874 ardenti
2482 1801 2677 1856 studio
2736 1802 2971 1856 colendi
3059 1802 3160 1856 Dei
3210 1802 3470 1872 plenus;
3534 1800 3818 1871 omnique

422 1876 641 1935 ἄνακτασ
677 1881 850 1950 ζήλου
880 1881 984 1956 γὰρ
1017 1882 1162 1945 θείου
1192 1879 1502 1958 περίπλεως
1542 1877 1615 1935 ὥν
1671 1881 1698 1935 ὁ
1755 1881 1912 1956 ἀνὴρ,
1971 1880 2052 1935 καὶ

2168 1907 2385 1962 genere
2417 1891 2681 1946 scientiae
2713 1897 2891 1962 atque
2934 1892 3168 1946 virtutis
3220 1893 3579 1958 inaccessus,
3611 1906 3815 1961 repre-

417 1970 517 2036 τήν
551 1968 902 2038 παντοδαπὴν
954 1975 1151 2044 γνῶσιν
1207 1973 1298 2025 καὶ
1351 1971 1543 2046 ἀρετὴν
1604 1969 1915 2043 ἀπρόσιτος,
1969 1967 2053 2023 δι-

418 2056 669 2134 ελέγχειν
701 2059 789 2113 καὶ
825 2059 1068 2134 βασιλεῖς
1100 2058 1198 2113 οὐκ
1227 2059 1519 2134 ᾐσχύνετο.
1553 2059 1610 2110 Ὀ
1658 2055 1715 2112 δῖε
1775 2057 2052 2133 βασιλεὺς,

416 2147 483 2200 τὰ
517 2147 609 2219 μὲν
641 2149 732 2202 τὸν
766 2149 1026 2224 ἀρχιερέα
1055 2149 1512 2223 παραιτούμενος,
1544 2148 1610 2200 τὰ
1668 2145 1725 2201 δὲ
1780 2146 1870 2201 καὶ
1915 2147 2054 2200 ἀπο-

419 2231 778 2310 λογούμενος,
813 2240 889 2310 μή
924 2236 1192 2313 ἀνάδοχον
1226 2238 1384 2293 αὐτὸν
1417 2238 1476 2292 ἐκ
1527 2241 1628 2292 τοῦ
1677 2235 2053 2312 βαπτίσματος

409 2333 519 2383 τῶν
553 2325 762 2384 παίδων
806 2331 941 2384 εἶναι
999 2336 1100 2398 τῆς
1156 2328 1476 2403 Αὐγούστης
1528 2331 1853 2404 Θεοφανοῦς,
1911 2324 2056 2380 ἀλλᾶ

414 2414 648 2490 Βάρδαν,
680 2419 774 2472 τὸν
803 2417 967 2472 αὐτοῦ
994 2421 1236 2492 γενέτην,
1298 2418 1442 2474 οὕτω
1498 2415 1916 2486 κατεδυσώπησε
1960 2415 2052 2471 τὸν

413 2505 675 2582 ἀρχιερέα
705 2511 814 2579 (16)
851 2509 939 2561 καὶ
1002 2507 1190 2570 δεινῶς
1248 2507 1637 2578 κατεκήλησεν,
1698 2505 1772 2568 ὠς
1828 2503 2055 2560 καθιλα-

410 2599 738 2670 ρευσάμενος
769 2597 1128 2671 οἰκονομῆσαι
1182 2600 1280 2667 τὴν
1320 2606 1419 2666 τῆς
1476 2597 1791 2671 Αὐγούστης
1846 2603 2052 2672 Θεοφαο

407 2689 533 2746 νοῦς
594 2687 728 2757 μετᾶ
783 2686 982 2741 τούτου
1033 2686 1366 2757 συνοίκησιν.
1429 2685 1577 2742 Ἐπεὶ
1638 2683 1694 2741 δὲ
1753 2685 1888 2740 κατᾶ
1927 2684 2051 2760 ῥοῦν

410 2771 663 2849 ἐχώρησε
718 2775 898 2847 τούτῳ
973 2775 1040 2830 τὰ
1094 2777 1409 2852 πράγματα,
1475 2776 1678 2848 κόσμον
1769 2774 2050 2850 βασιΛικὸν

415 2866 771 2938 συμφορήσας
829 2864 1127 2938 ἂμύθητον,
1193 2864 1390 2938 τεμένη
1451 2886 1510 2920 τε
1567 2872 1674 2938 γῆς
1727 2862 2053 2936 εὐδαίμονος

414 2950 794 3026 πολύπλεθρα,
829 2959 1023 3029 χυμῶν
1059 2953 1224 3019 ἰδέαις
1254 2955 1343 3010 καὶ
1393 2959 1615 3030 καρπῶν
1668 2954 1868 3025 πλήθει
1918 2975 2050 3010 παν-

404 3039 660 3097 τοδαπῶν
693 3039 1076 3117 περιϐρίθοντκ
1132 3044 1414 3122 ἀφορίσας,
1468 3051 1734 3121 Θεοφανοῖ
1786 3051 1853 3120 τῇ
1886 3048 2053 3120 ὁμευ-

403 3128 570 3186 νέτιδι
606 3132 695 3185 καὶ
752 3133 995 3208 βασιλίδι
1047 3135 1354 3208 χαρίζεται.
1412 3134 1586 3197 Αὐτὸς
1644 3133 1701 3189 δὲ
1758 3137 1901 3212 παρᾶ
1950 3140 2050 3207 τὴν

410 3221 989 3277 Κωνσταντινούπολιν
1021 3220 1392 3298 διαχειμάζων
1448 3228 1580 3297 (Π),
1639 3226 1842 3298 ἀγῶσιν
1894 3228 2052 3280 ἱππι-

2165 1979 2426 2034 hendere
2461 1980 2544 2034 vel
2567 1981 2864 2050 principes
2896 1997 3016 2034 non
3049 1979 3375 2034 verebatur.
3403 1984 3474 2032 At
3495 1979 3817 2049 imperator

2164 2073 2385 2132 tamen,
2419 2069 2633 2138 partim
2667 2068 2994 2138 deprecans
3037 2068 3455 2139 patriarcham,
3489 2066 3705 2138 partim
3738 2066 3810 2120 ad

2165 2157 2254 2210 sui
2286 2156 2694 2211 defensionem
2727 2158 3003 2223 aﬂ‘erens,
3037 2173 3156 2211 non
3211 2173 3339 2210 sese
3394 2161 3802 2226 susceptorem

2164 2245 2486 2300 liberorum
2499 2245 2955 2316 TheOphanonis
2969 2247 3241 2317 Augustae
3256 2245 3660 2309 fuisse,verum
3684 2245 3816 2298 Bar-

2163 2334 2297 2389 dam
2318 2334 2656 2404 patrem.ita
2685 2334 2850 2389 ﬂexit
2875 2334 3140 2389 animum
3173 2333 3522 2405 patriarchae
3546 2334 3811 2404 penitus-

2165 2441 2279 2494 que
2310 2424 2598 2483 delinivit.
2634 2429 2696 2478 ut
2726 2424 2896 2479 lmtus
2918 2425 3261 2497 conjugium
3295 2424 3423 2494 ejus
3449 2440 3584 2478 cum
3616 2425 3805 2478 Theo-

2165 2514 2441 2587 phanone
2473 2517 2734 2586 Augusta
2763 2514 3142 2586 dispensarit.
3181 2514 3262 2568 Ita
3292 2513 3467 2566 rebus
3498 2512 3570 2567 ad
3601 2513 3804 2566 volun-

2167 2609 2347 2659 tatem
2371 2618 2538 2656 suam
2572 2602 2915 2662 fluentibus.
2939 2610 3215 2656 ornatum
3245 2601 3690 2672 imperatorium
3724 2601 3813 2654 in-

2166 2693 2401 2748 finitum
2436 2708 2469 2745 a
2491 2708 2551 2745 se
2584 2697 3009 2746 coacervatum.
3038 2692 3178 2745 item
3212 2691 3333 2759 agri
3358 2690 3538 2761 opimi
3568 2689 3810 2743 latifun-

2164 2782 2279 2843 dia.
2314 2797 2486 2836 succo
2511 2781 2666 2834 vario
2698 2779 3116 2851 fructuumque
3139 2782 3428 2850 cujusque
3459 2779 3616 2834 modi
3642 2779 3813 2849 copia

2163 2871 2365 2943 plena,
2420 2886 2454 2924 θ.
2501 2869 2734 2924 caateris
2793 2870 3082 2939 sejugata.
3115 2869 3541 2938 Theophanoni
3574 2868 3810 2940 conjugi

2164 2969 2339 3033 atque
2365 2965 2636 3032 Augustaa
2655 2960 2994 3031 donat.lpse
3009 2959 3522 3030 Constantinopoli
3543 2959 3814 3013 hiemans

2162 3051 2320 3107 ludis
2355 3049 2750 3120 equestribus.
2783 3050 3048 3104 omnium
3090 3065 3375 3121 generum
3433 3047 3808 3119 spectaculis,

2164 3139 2696 3212 largitionibusque
2754 3138 2826 3193 ab
2888 3137 3349 3208 imperatoribus
3407 3137 3536 3192 ﬁeri
3595 3135 3806 3200 solitis,

2165 3234 2487 3302 potestates
2519 3243 2833 3282 munerare
2864 3245 2986 3282 non
3037 3226 3359 3282 intermisit
3393 3244 3404 3280 :
3439 3241 3808 3296 quaecunque

405 3314 529 3370 κοῖς
561 3309 650 3364 καὶ
683 3309 1052 3372 παντοδαποῖς
1107 3312 1381 3387 θεωρίοις,
1435 3312 1782 3391 φιλοτησίαις
1827 3336 1885 3369 τε
1936 3321 2050 3378 τοῖς

2164 3336 2298 3375 vero
2357 3334 2490 3374 eum
2542 3316 2947 3388 sequebantur
2993 3317 3054 3370 in
3109 3315 3412 3386 obsequiis
3468 3314 3808 3369 domestica)

405 3399 826 3475 αὐτονράτορσιν
880 3401 1229 3475 εἰθισμέναις,
1288 3403 1413 3464 τοὺς
1471 3402 1522 3457 ἐν
1579 3405 1725 3459 τὲλει
1782 3403 2052 3482 φιλοφρο-

405 3491 674 3566 νούμενος
709 3490 807 3545 οὐκ
855 3491 1001 3561 ἀνίη·
1051 3490 1175 3546 ὅσον
1233 3512 1292 3546 τε
1345 3494 1725 3567 Θεραπευτικὸν
1776 3494 1865 3548 καὶ
1913 3494 2053 3549 οίκί-

407 3575 521 3633 διον
575 3578 754 3650 τούτῳ
811 3580 1125 3649 παρείπετο,
1185 3581 1392 3651 ἐξήσκει
1477 3583 1545 3636 τὰ
1600 3583 1877 3656 πολεμικᾶ
1932 3589 2048 3646 ταῖς

400 3669 519 3731 καθ’
551 3669 760 3740 ἡμέραν
797 3667 1050 3740 μελέταις
1099 3670 1174 3732 ὡς
1237 3669 1495 3742 μάλιστα,
1549 3671 1702 3744 τόξον
1759 3693 1818 3727 τε
1866 3673 2049 3726 ἀνεπι-

411 3755 632 3832 σφαλῶς
656 3755 928 3826 ἐκτείνειν,
980 3758 1069 3812 καὶ
1123 3759 1213 3813 τὸν
1260 3759 1438 3814 ὀϊστὸν
1496 3761 1576 3831 τῷ
1639 3765 1794 3833 μοιζῷ
1851 3761 2047 3835 ἐρύειν,

411 3845 688 3909 εὐστόχως
715 3867 772 3901 τε
806 3846 1034 3922 βαλλειν
1085 3847 1223 3902 κατὰ
1278 3850 1498 3915 σκοπὸν,
1556 3851 1646 3903 καί
1688 3847 1888 3924 δόρατα
1921 3871 2049 3920 κρα-

407 3931 604 3988 δαίνειν
631 3936 720 3990 καὶ
750 3936 1111 4009 περιελίσσειν
1144 3939 1384 4000 εὐπετῶς
1441 3937 1576 4010 τῇδε
1630 3941 1860 4006 κάκεῖσε,
1922 3942 2046 4018 ξίφη

406 4043 464 4077 τε
495 4019 807 4086 εὐθυϐόλως
837 4025 974 4080 κατὰ
1005 4027 1092 4081 τὸν
1123 4027 1251 4098 ἆέρα
1280 4029 1672 4105 περιστρέφειν,
1716 4031 1802 4084 καὶ
1863 4029 2048 4085 ἳππων

2161 3410 2483 3479 copiae.eas
2514 3407 2586 3462 ad
2613 3423 2709 3460 res
2732 3405 2977 3460 bellicas
3008 3405 3355 3475 quotidiana
3387 3403 3806 3458 exercitatione

2161 3513 2338 3569 quam
2371 3497 2626 3552 maxime
2658 3494 3106 3558 assuefaciebat,
3153 3510 3358 3548 arcum
3410 3497 3567 3547 recte
3611 3492 3808 3546 inten-

2161 3587 2319 3650 dere,
2346 3586 2555 3657 sagitta
2584 3585 2658 3640 ad
2691 3600 3012 3639 mammam
3035 3583 3291 3638 adducta
3321 3582 3665 3641 collineare.
3702 3581 3792 3636 5|

2163 3673 2389 3744 spicula
2414 3673 2642 3726 vibrare
2667 3679 2720 3727 et
2756 3679 3148 3742 contorquere
3202 3670 3470 3742 expedite
3503 3670 3617 3723 huc
3641 3668 3804 3735 illuc,

2160 3763 2386 3832 gladios
2418 3763 2643 3818 directo
2675 3765 2796 3818 ictu
2847 3779 2952 3834 per
3009 3779 3207 3818 aerem
3269 3767 3482 3825 rotare,
3517 3760 3578 3814 in
3619 3776 3805 3828 equos

2159 3853 2616 3909 leviterinsilire
2642 3869 2654 3906 :
2679 3869 2753 3907 ne
2787 3859 3049 3922 tempore
3071 3852 3462 3906 certaminum
3493 3849 3806 3905 inferiores

2161 3943 2429 3999 hostibus
2489 3942 2932 4013 reperirentur;
2993 3942 3324 4012 praesertim
3383 3939 3539 4011 quod
3597 3939 3804 4009 primae

2160 4033 2492 4104 periculum
2528 4030 2754 4103 ingredi
2795 4047 2861 4085 ac
2891 4030 3090 4085 venire
3125 4031 3185 4085 in
3233 4031 3423 4085 aciem
3482 4027 3802 4084 debebant.

409 4112 629 4191 κούφως
671 4113 1092 4190 ὑπεράλλεσθαι·
1128 4117 1202 4177 ὡς
1227 4116 1278 4170 ἐν
1306 4122 1481 4192 καιρῷ
1517 4122 1623 4172 τῶν
1657 4119 1878 4193 ἀγώνων
1911 4121 1987 4191 μή
2022 4121 2268 4198 φαίνοιτο
2296 4125 2401 4175 τῶν
2436 4119 2684 4174 ἐναντίων
2710 4121 3074 4191 μειονεκτοῦν·
3126 4118 3213 4173 καὶ
3285 4116 3521 4189 μάλιστα
3577 4135 3809 4189 προκιν-

405 4201 640 4258 Save“)an
665 4204 886 4277 ὀφεῖλον
913 4206 999 4261 καὶ
1033 4205 1465 4280 παρατάττεσθαι
1496 4209 1635 4262 κατὰ
1663 4205 1933 4286 φάλαγγα.

473 4295 525 4351 ι’.
558 4297 671 4367 (18)
703 4295 854 4352 Ἐπεὶ
888 4299 995 4369 (19)
1024 4293 1080 4350 δὲ
1133 4297 1233 4366 τήν
1288 4299 1386 4351 τοῦ
1446 4302 1723 4372 χειμῶνος
1753 4300 2050 4376 κατήφειαν

2236 4303 2320 4357 10.
2356 4302 2675 4372 Postquam
2710 4301 2939 4359 tristem
2969 4300 3183 4356 hiemis
3212 4299 3424 4355 faciem
3455 4314 3634 4354 verna
3656 4301 3806 4352 tem-

1611 4467 1670 4523 C.
1715 4469 1774 4524 Β.
1810 4467 1998 4524 HASII
2035 4469 2587 4526 ANNOTATIONES.

465 4624 485 4658 ‘
507 4616 898 4694 ἐπειλιμμέναν
931 4620 1063 4693 (sic)
1094 4619 1224 4675 cod.
1256 4620 1278 4654 ⁸
1304 4618 1604 4696 ἀπτερώτῳ
1631 4617 1811 4693 τάχει.
1847 4619 1975 4675 Vid.
2010 4620 2052 4676 il

2164 4665 2169 4675 .
2199 4622 2286 4677 59.
2315 4620 2377 4677 Β.

468 4771 575 4841 (15)
603 4770 770 4860 βρυά
826 4771 1072 4856 Ορᾶνοη.
1126 4769 1194 4824 II.
1240 4771 1375 4860 ι649.
1519 4765 1795 4860 ξιεδξχετο
1852 4765 1909 4822 δὲ
1949 4768 2040 4860 καὶ
2075 4773 2120 4838 D
2151 4769 2241 4860 κραὶ
2273 4767 2622 4860 ἀπόκρυμνον
2679 4766 3180 4860 [ξίάπόκρημὶνλζ
3212 4759 3370 4854 πεόρὶ
3418 4765 3546 4854 τοὺς

395 4832 570 4915 λόγος’
593 4832 922 4915 ἁπανταχοῦ·
957 4858 1166 4915 vereor
1197 4845 1281 4915 ut.
1309 4847 1486 4915 recte.
1521 4832 1769 4915 ξρῖίῖίζθν
1802 4841 2038 4915 "is--0“

395 4907 575 5001 CCI-(Id;
611 4921 765 4998 certe
789 4907 935 4998 q‘uo‘s
967 4913 1104 4999 vidi;
1141 4930 1153 4966 :
1187 4907 1798 5001 fai‘1670:'8‘s'i00i1a
1929 4907 2038 4964 διε-

475 5001 573 5037 ιται
611 5003 682 5036 απ
737 5001 853 5037 non
885 5003 1155 5037 οιεοετοτο
1187 5001 1340 5037 ISICI.
1375 5001 1530 5037 αιιοα
1564 5001 1810 5037 auertur
1853 5001 1915 5037 ιη
1939 5001 2021 5037 0Γὲ

395 4983 573 5060 φοίτα]
611 4984 682 5036 ἀπ
737 5001 853 5039 non
885 4983 1155 5038 διεδὲτοτο
1187 4985 1340 5055 [sic].
1375 4983 1530 5054 quod
1564 4983 1810 5038 affertur
1853 4983 1915 5038 in
1939 5001 2043 5040 ora

397 5056 673 5110 editionis
704 5055 1104 5111 Cedrenianaa.
1130 5056 1309 5110 Paulo
1335 5054 1768 5126 inferius-apud
1789 5054 2038 5110 Cedren.

399 5130 501 5182 649
557 5129 600 5183 D
657 5125 761 5180 lin.
795 5129 846 5180 9.
880 5144 982 5195 pro
1009 5126 1340 5197 ἐνορκοῦντα
1369 5125 1550 5181 Codd.
1581 5123 1968 5192 ἐπιορκοῦντα.

462 5200 576 5263 (16)
634 5199 968 5253 Prassertim
1029 5199 1291 5269 Styliano
1343 5199 1608 5265 jurante,
1677 5198 1914 5254 nullum
1971 5214 2042 5253 ex

394 5270 850 5340 Theophanonis
882 5269 1086 5324 liberis
1137 5285 1171 5323 a
1224 5270 1552 5339 Nicephoro
1613 5269 1684 5324 de
1745 5270 2039 5340 baptismo

393 5358 520 5397 esse
552 5347 915 5411 susceptum.
950 5347 1015 5394 ut
1044 5341 1308 5412 referunt
1336 5342 1638 5412 Cedrenus
1697 5347 1754 5395 et
1806 5342 2035 5412 Glycas.

392 5414 564 5504 apud
597 5409 773 5504 quem
805 5415 933 5504 396n
967 5411 1339 5504 B.\post,1bv’
1363 5409 1656 5465 Στυλιανόν
1716 5409 1895 5468 Codd.
1931 5411 2034 5466 ad-

395 5481 565 5546 dunt,
603 5481 734 5537 ὗπεσ
765 5486 860 5534 τοῦ
904 5481 1170 5556 βασιλέως
1204 5481 1490 5550 ὂμνῦοντα.

459 5560 573 5622 (ΓΙ)
613 5554 922 5610 Victoriam
969 5557 1175 5611 Joann.
1229 5557 1526 5611 Tzimiscm
1582 5571 1616 5610 a
1666 5554 1931 5609 Cedreno
1964 5555 2032 5608 II.

395 5630 516 5682 654.
567 5629 624 5681 Β.
660 5627 1019 5682 celebratam
1044 5628 1101 5680 in
1137 5628 1279 5680 anni
1338 5629 1461 5680 963.
1521 5633 1828 5690 autumno,
1882 5625 2035 5679 hanc

389 5699 650 5771 hiemem
684 5698 1060 5771 prtccedenti,
1093 5698 1378 5771 accidisse
1411 5697 2032 5771 credendunrestAQuo

394 5770 456 5829 in
484 5770 616 5830 loco
644 5760 893 5829 codreni
921 5760 1057 5844 post
1077 5771 1269 5843 verba,
1303 5767 1381 5831 εἳς
1414 5789 1535 5823 τινα
1567 5767 1733 5847 λόφον
1767 5760 2032 5822 δύσϐατον

2153 4841 2215 4914 [Γ.
2243 4845 2338 4895 τοῦ
2367 4833 2565 4911 trinas]
2599 4833 2946 4904 ἀποϐάντες,’
2975 4833 3063 4892 καὶ
3115 4833 3184 4910 τῇ
3218 4842 3338 4914 -τοῦ
3381 4833 3552 4892 τόπου
3584 4837 3794 4914 θαρῥή-

2150 4893 2350 4972 inv-:21.
2380 4893 2576 4968 insere
2605 4929 2674 4966 ex
2709 4893 3061 4968 auctoritate
3121 4893 3300 4966 codd.
3361 4929 3564 4966 vocem
3618 4893 3796 4964 εὖέιαί-

2152 4984 2258 5059 ρίᾳ,
2300 5002 2496 5059 Δῳιιιιιι
2547 4984 2778 5055 vulgata
2829 4983 3009 5059 habet
3070 4985 3133 5038 in
3191 4984 3479 5056 margine,
3542 5000 3794 5055 qumque

2151 5055 2394 5111 omnino
2426 5055 2632 5110 abesse
2672 5056 2901 5126 nequit.

2151 5130 2328 5252 IX(188}
2363 5127 2603 5182 Initium
2654 5127 2864 5199 capitis
2895 5129 2942 5183 X
2979 5126 3366 5182 Combeﬁsius
3414 5127 3608 5197 vertit,
3652 5129 3788 5197 Pagi

2217 5270 2329 5323 (th
2362 5271 2580 5340 Nempe
2612 5270 2928 5325 solstitium
2977 5269 3241 5324 aestivum
3268 5269 3406 5324 anni
3440 5271 3563 5329 964,
3611 5285 3644 5324 a
3674 5286 3789 5340 quo

2147 5357 2264 5394 non
2299 5340 2550 5395 multum
2567 5341 3162 5396 diSsentittLedrenus
3185 5344 3248 5396 ll.
3276 5344 3379 5394 654
3423 5342 3479 5394 Β.
3502 5341 3788 5406 scribens,

2147 5428 2351 5467 mense
2379 5413 2528 5467 Julio
2547 5413 2938 5484 Nicephorum
2963 5414 3115 5469 hanc
3137 5413 3575 5483 expeditionem
3599 5429 3792 5467 susce-

2146 5483 2322 5554 pisse.
2377 5484 2543 5553 Apud
2604 5483 3092 5554 Abulpharajium
3157 5485 3411 5538 Historia
3464 5485 3786 5554 dynastiar.

2144 5573 2197 5624 p.
2237 5557 2357 5609 313.
2394 5572 2463 5610 ea
2485 5557 2685 5609 omnia
2713 5557 2784 5610 ad
2818 5573 2869 5610 a.
2910 5558 3129 5626 l'legira:
3161 5559 3283 5617 351,
3320 5557 3429 5610 hoc
3462 5555 3781 5626 estChristi

2144 5623 2266 5691 962,
2323 5627 2658 5680 referuntur
2690 5643 2702 5679 :
2740 5623 3072 5696 perperam,
3120 5633 3373 5696 op9nor:
3436 5641 3635 5678 errore
3696 5623 3781 5676 vel

2142 5699 2399 5752 auctoris
2429 5703 2515 5751 vel
2550 5698 2948 5753 librariorum.
