4184 6326
349 385 470 448 ’135

1789 379 2068 442 LEONIS
2123 379 2431 443 DIACONI

3634 384 3758 444 736

356 523 556 591 pestas
577 517 637 573 in
659 532 931 573 serenam
957 520 1284 572 mutaverat
1297 513 1758 587 jucunditatem,
1775 513 1998 571 indicta

2117 509 2318 585 ίαριναὶ
2375 514 2576 589 τροπαὶ
2642 514 2665 549 ⁸
2721 512 2857 587 πρὸς
2932 512 3279 589 γαληνιῶσαν
3362 513 3759 588 μετεσκεύαζον

358 609 638 664 adversus
685 608 1007 663 Saracenos
1056 605 1427 678 expeditione
1486 604 1997 675 Constantinopoli

357 698 797 773 proficiscitur:
830 704 1209 767 moratusque
1267 696 1329 751 in
1384 695 1769 767 Cappadocia,
1820 694 2001 765 justis

358 786 625 841 collectis
655 784 840 856 copiis
879 784 951 839 ad
982 786 1330 839 Tarsensem
1362 783 1570 839 urbem
1625 782 1885 841 accessit.
1918 782 1999 836 ci-

358 875 525 930 vium
548 890 682 929 cum
714 873 946 939 virtute,
976 878 1097 928 tum
1116 888 1386 936 numero,
1423 878 1546 927 tum
1576 888 1689 927 usu
1720 871 1806 926 rei
1836 870 2005 925 belli-

357 979 439 1018 caa
469 962 853 1017 ferocientem
884 976 953 1015 ea
979 966 1348 1030 tempestate,
1384 959 1758 1030 nimiumque
1785 973 2001 1029 super-

358 1050 1053 1122 bientem,plurimasque
1066 1049 1263 1121 palam
1280 1049 1658 1105 incursiones
1672 1035 2002 1120 insperatas

358 1141 694 1199 facientem.
727 1140 805 1193 Eo
838 1155 970 1194 cum
1002 1140 1387 1211 pervenisset,
1410 1139 1715 1210 probeque
1745 1152 2003 1193 commu-

358 1230 499 1286 nitis
521 1229 729 1284 castris
751 1228 1036 1300 oppidum
1057 1228 1344 1284 cinxisset
1370 1227 1653 1283 custodiis
1674 1226 1882 1299 positis
1898 1226 2000 1280 oh-

358 1319 529 1374 sidet.
573 1317 848 1373 Saraceni
918 1317 979 1371 in
1056 1316 1294 1389 appido,
1364 1317 1534 1388 copia
1602 1315 2003 1371 necessariam

361 1425 565 1466 rerum
614 1413 753 1461 tunc
800 1405 1024 1474 referti,
1080 1406 1400 1477 oppidique
1450 1405 1815 1460 firmitudine
1867 1403 2001 1459 freti

356 1497 520 1569 (nam
550 1497 611 1549 in
642 1494 938 1550 infinitam
982 1494 1382 1550 excelsitatem
1416 1493 1693 1566 surgebat
1718 1493 2003 1549 moenium

361 1592 677 1652 structura,
710 1586 946 1658 gemino
981 1585 1121 1643 orbe
1167 1586 1684 1657 circumjectorum
1712 1601 1725 1639 :
1761 1590 2004 1655 eratque

363 1678 505 1731 item
551 1676 774 1730 circino
828 1674 1252 1739 circumducta,
1286 1675 1347 1729 in
1398 1674 1777 1730 altitudinem
1823 1690 2002 1745 quam

364 1766 687 1838 plurimam
718 1762 1442 1836 depressa,lapidibusque
1470 1763 1869 1820 albicantibus
1900 1779 2006 1833 po-

2113 600 2437 676 ῖλαρότητα,
2481 602 2824 677 ἐκστρατείαν
2874 603 3010 658 κατὰ
3064 607 3172 658 τῶν
3234 604 3549 679 Ἀγαρηνῶν
3605 622 3758 678 παρ-

2109 687 2396 764 αγγείλας,
2442 696 2540 747 τοῦ
2591 691 2899 761 ’Βυζαντίου
2949 691 3164 767 ἀπαίρει
3221 696 3260 730 ⁷·
3321 693 3407 747 καὶ
3465 696 3536 764 τῇ
3595 698 3755 747 Καπ-

2110 777 2362 834 παδοκῶν
2390 779 2809 853 ἐναυλιζόμενος
2854 781 3014 856 χώρᾳ
3058 782 3147 836 καὶ
3196 781 3448 852 στρατιάν
3506 779 3751 837 συνειλο-

2109 870 2230 942 χὼς
2289 869 2620 946 ἀξιόμαχον,
2678 870 2765 925 ἐπὶ
2829 870 2928 938 τὴν
3000 875 3111 925 τῶν
3193 869 3443 945 Ταρσέων
3505 870 3757 940 ἤλαυνεν,

2111 955 2321 1028 ἀνδρῶν
2358 958 2523 1034 ἀρετῇ
2554 959 2643 1014 καὶ
2674 956 2877 1029 πλήθει
2933 958 3021 1014 καὶ
3082 958 3291 1035 μελέτῃ
3350 964 3457 1014 τῶν
3489 963 3756 1014 τακτικῶν

2108 1047 2502 1122 τραχηλιῶσαν
2535 1050 2659 1103 τότε
2708 1049 2802 1103 καὶ
2853 1047 3267 1121 νεανιευομένην
3333 1049 3635 1123 ὑπέραυχα,
3666 1048 3759 1103 καὶ

2109 1133 2369 1197 πλείστας
2399 1135 2697 1214 ἀναφανδὸν
2758 1136 3029 1213 ἐκδρομὰς
3104 1137 3461 1199 ἀνελπίστους
3500 1137 3756 1210 εἰσπράτο

2106 1247 2326 1284 τουσαν.
2361 1227 2512 1284 Ἐπεὶ
2545 1226 2603 1283 δὲ
2630 1227 2800 1302 ταύτῃ
2840 1228 3139 1303 προσέσχε,
3194 1229 3452 1301 καρτερὸν
3511 1226 3757 1299 πηξάμε-

2110 1335 2201 1373 νος
2230 1315 2446 1389 χάρακα
2500 1316 2589 1371 καὶ
2650 1312 2910 1371 κυκλόθεν
2967 1310 3269 1392 διειληφὼς
3312 1319 3450 1386 (20),
3506 1313 3757 1389 ἐφρούρει

2112 1406 2585 1480 παρακαθήμενος.
2640 1405 2708 1463 Ol
2766 1402 2825 1460 δὲ
2905 1398 3057 1460 ἔνδον
3110 1404 3424 1480 Ἀγαρηνοὶ,
3507 1401 3765 1477 δαψιλείᾳ

2108 1495 2245 1556 τὲως
2272 1499 2381 1549 τῶν
2426 1493 2726 1568 ἀναγκαίων
2782 1491 2931 1557 ὄντες
2991 1495 3332 1570 ὑπερκορεῖς,
3390 1493 3479 1549 καὶ
3536 1495 3605 1566 τῇ
3664 1497 3763 1549 τοῦ

2110 1582 2452 1656 πολίσματος
2490 1582 2884 1659 τεθαῤῥηκότες
2942 1581 3274 1658 ἐρυμνότητι
3321 1582 3399 1656 (ἐς
3456 1581 3591 1657 ὕψος
3655 1584 3762 1656 γάρ

2111 1669 2403 1745 ἀμήχανον
2436 1669 2675 1745 ᾐωρεῖτο
2703 1674 2810 1724 τῶν
2839 1665 3152 1744 περιϐόλων
3175 1670 3239 1725 τὸ
3297 1669 3549 1742 δόμημα,
3586 1667 3760 1742 διπλῇ

2110 1758 2567 1833 περιελισσόντων
2620 1758 2773 1814 αύτόο
2841 1758 2932 1813 καὶ
2988 1758 3216 1835 ταφρείᾳ
3295 1757 3558 1823 κυκλόθεν
3618 1756 3764 1812 διεί-

366 1854 488 1909 litis
537 1854 764 1918 vestita,
823 1859 882 1908 et
927 1852 1128 1924 pinnis
1187 1853 1505 1908 terminata
1559 1854 1739 1908 fossa.
1802 1854 2001 1922 Neque

2117 1848 2319 1918 ληπτο,
2351 1848 2406 1913 ἐς
2440 1848 2605 1924 βάθος
2645 1849 2729 1904 ὅτι
2793 1847 3053 1905 πλεῖστον
3110 1849 3532 1924 καθικνουμὲνῃ,
3591 1845 3763 1913 λίθων

363 1944 565 1999 minus
605 1941 859 1997 habebat
886 1941 1155 2014 Cydnum
1176 1959 1283 2013 pro
1313 1943 1707 2009 munimento,
1739 1940 2005 1997 medium

363 2033 648 2105 oppidum
691 2032 1150 2087 intersecantem
1176 2049 1189 2086 :
1214 2032 1336 2103 qui,
1369 2032 1441 2087 ab
1476 2032 1604 2104 ipso
1647 2031 1809 2088 fonte
1837 2031 2008 2098 uber,

367 2121 596 2194 gelidus
626 2126 684 2175 et
711 2120 1054 2193 perlucidus
1082 2136 1335 2176 manans
1371 2121 1633 2193 proﬂuit,
1665 2119 2009 2193 praesidium

369 2207 526 2262 haud
554 2223 797 2279 parvum
843 2208 1020 2262 Tarso
1051 2207 1346 2278 praebens,
1378 2207 1777 2279 pontibusque
1822 2208 2012 2262 tribus

369 2296 527 2351 intra
553 2296 653 2353 52
667 2295 1263 2367 oppidumjungitur:
1280 2296 1434 2351 bello
1448 2302 1646 2353 autem
1660 2298 2011 2352 imminente

369 2383 430 2437 in
459 2383 680 2438 fossam
710 2381 882 2437 illum
913 2382 1266 2447 immittunt,
1297 2399 1476 2454 quam
1506 2383 1665 2438 horta
1686 2384 1862 2438 unius
1886 2399 2013 2455 spa-

366 2472 448 2527 tio
480 2477 920 2543 restagnantem
957 2470 1207 2542 reddit):
1240 2470 1332 2527 his
1381 2472 1559 2545 igitur
1604 2471 1737 2527 freti
1777 2470 2012 2528 barbari

368 2564 790 2635 imperatorem
816 2563 1284 2631 subsannabant,
1326 2566 1608 2621 conviciis
1638 2565 2016 2638 impudenter

367 2650 425 2705 in
459 2667 592 2706 eum
619 2651 820 2722 jactis,
855 2652 1189 2722 smpiusque
1208 2651 1352 2707 urbe
1374 2653 1566 2718 effusi,
1588 2653 2012 2726 factaimpres-

368 2739 553 2803 sione,
576 2741 975 2796 Romanorum
1007 2740 1298 2811 plurimos
1329 2741 1723 2797 trucidabant.
1750 2743 2020 2814 Impera-

372 2834 465 2884 tor
497 2829 881 2900 Nicephorus,
916 2829 1060 2885 satis
1092 2829 1266 2903 longo
1302 2835 1568 2901 tempore
1605 2830 1687 2886 ibi
1719 2832 2007 2897 confecto,

364 2918 467 2972 ubi
501 2917 801 2990 negotium
832 2917 999 2974 valde
1046 2918 1298 2974 arduum
1329 2919 1661 2992 suscepisse
1706 2936 1768 2975 se
1798 2937 2014 2993 cogno-

362 3008 610 3074 vit,inde
632 3024 873 3064 movens
895 3009 1113 3065 reﬂexo
1136 3010 1347 3065 itinere
1365 3009 1814 3082 circumpositas
1835 3013 2012 3067 Tarso

362 3112 530 3153 arces
559 3098 919 3170 aggreditur.
943 3099 1333 3169 Adanamque
1364 3105 1422 3153 et
1450 3099 1840 3164 Anabarzam,
1869 3100 2015 3156 alia-

362 3202 475 3257 que
506 3203 685 3257 supra
721 3187 926 3259 viginti
959 3189 1251 3258 ejusmodi
1285 3188 1531 3243 castella
1567 3189 1758 3260 primo
1788 3189 2012 3261 impetu

2118 1934 2328 1993 λευκῶν
2356 1939 2823 2012 κατεσκευασμένῃ
2883 1938 3198 2012 ξεστῶν,καὶ
3249 1936 3300 1999 ἐς
3355 1942 3763 2013 προμαχεῶνας

2118 2028 2617 2102 συμπεραινομένῃ.
2652 2029 2735 2102 [Ρ.
2769 2029 2858 2101 32]
2890 2030 3029 2103 Εἶχε
3063 2027 3158 2101 μὶν
3216 2027 3306 2083 καὶ
3357 2028 3450 2083 τὸν
3508 2024 3711 2084 Κύδνον
3749 2028 3771 2064 ⁸

2116 2116 2180 2172 τὸ
2262 2113 2457 2191 ἔρυμα,
2515 2116 2652 2172 κατά
2739 2116 2901 2188 μέσον
2977 2116 3109 2172 αὐτὸ
3163 2114 3539 2188 διατέμνοντα,
3592 2114 3652 2178 ὅς
3709 2114 3764 2185 ἐξ

2118 2204 2300 2259 αὐτῶν
2325 2208 2434 2258 τῶν
2468 2208 2661 2277 πηγῶν
2718 2204 3091 2279 πολυχεύμων
3147 2225 3250 2271 τις,
3292 2202 3506 2278 ψυχρός
3562 2223 3621 2257 τε
3676 2204 3767 2258 καὶ

2120 2288 2327 2361 διειδής
2382 2294 2648 2363 περινάων
2708 2295 2818 2366 (21)
2879 2288 3146 2369 πρόεισιν,
3197 2292 3491 2370 άσςραλειαν
3558 2294 3627 2347 οὐ
3675 2313 3772 2365 μι-

2117 2382 2250 2455 κράν
2278 2385 2347 2455 τῇ
2397 2384 2596 2455 Ταρσῷ
2653 2382 3056 2456 παρεχόμενος,
3113 2382 3203 2437 καὶ
3260 2384 3521 2459 γεφύραις
3591 2381 3767 2455 τρισὶν

2121 2465 2271 2525 ἔνδον
2329 2474 2429 2525 τοῦ
2480 2471 2670 2532 ἄστεος
2728 2467 3175 2545 διαζωννύμενος·
3265 2470 3355 2525 ὅτε
3410 2466 3468 2525 δὲ
3521 2469 3769 2542 πόλεμος

2120 2557 2306 2620 αὐτοῖς
2339 2552 2604 2633 ἐπιϐρίθει
2661 2562 2704 2628 ³,
2760 2559 2896 2615 κατά
2950 2566 3049 2628 τῆς
3106 2560 3313 2637 τάφρου
3369 2558 3528 2614 αὐτὸν
3582 2558 3771 2634 ἀφιᾶσι

2119 2646 2209 2702 καὶ
2267 2645 2319 2702 ἐν
2378 2645 2495 2722 ὥρᾳ
2555 2652 2654 2721 μιᾷ
2708 2651 3152 2724 πλημμυροῦσαν
3184 2646 3388 2716 ταύτην
3438 2645 3765 2723 ἐργάζεται)·

2118 2746 2334 2809 τούτοις
2361 2744 2756 2821 τεθαρρηκότες
2816 2749 2868 2802 οῖ
2926 2742 3194 2822 βάρϐαροι
3258 2745 3528 2815 ἐτώθαζόν
3585 2766 3646 2801 τε
3671 2747 3765 2800 τὸν

2128 2835 2358 2912 βασιλέα
2383 2836 2473 2892 καὶ
2501 2831 2720 2905 ὕϐρεσιν
2747 2837 2907 2892 αὐτὸν
2947 2834 3119 2900 ἀδεῶς
3173 2832 3437 2905 ἔϐαλλον,
3494 2832 3768 2908 ἑκδρομάς

2119 2924 2298 2981 τεκαὶ
2363 2924 2703 2996 ἔπεξελάσεις
2761 2925 3085 2997 ποιούμενοι
3138 2925 3434 2988 πλείστους
3488 2930 3596 2982 τῶν
3627 2926 3770 2982 Ῥω-

2127 3013 2298 3087 μαίων
2331 3014 2683 3070 ἀπεκτίννυον
2719 3016 2782 3070 ⁸ο.
2842 3014 2904 3072 Ὀ
2954 3015 3012 3070 δὲ
3068 3014 3419 3089 αὐτοκράτωρ
3459 3013 3773 3091 Νικηφόρος

2124 3101 2206 3180 ἐφ’
2261 3103 2444 3158 ἱκανὸν
2493 3103 2661 3177 ταύτῃ
2723 3103 2919 3178 χρόνον
3000 3101 3461 3179 προσδιατρίψας,
3547 3102 3767 3178 ἐπείπερ

2125 3191 2413 3261 ἀνηνύτοις
2472 3190 2767 3266 ἐπιχειρῶν
2797 3190 3015 3269 ᾔσθετο,
3072 3192 3270 3257 ἐκεῖθεν
3333 3192 3662 3265 μεταναστὰς
3714 3211 3774 3246 τε

362 3275 536 3346 cepit.
570 3274 713 3330 Inde
734 3276 1153 3346 Mopsuestiam
1176 3292 1485 3349 aggressus
1514 3292 1738 3332 corona
1765 3277 2007 3334 circum-

2215 3250 2225 3261 .
2401 3250 2410 3253 -
2569 3250 2607 3266 ,ς
2660 3250 2668 3266 .
2808 3250 2833 3269 ..
3004 3250 3015 3260 .
3191 3250 3211 3257 ν
3333 3250 3344 3265 .
3649 3250 3660 3254 τ

2124 3279 2212 3334 καὶ
2271 3278 2666 3354 παρεγκλίνας,
2719 3286 2835 3342 τοῖς
2895 3279 3069 3357 ἔγγιον
3149 3281 3286 3355 αὐτῇ
3345 3283 3777 3354 κατῳκισμένους

366 3363 506 3419 data
552 3363 782 3418 fortiter
824 3371 1145 3436 oppugnat,
1195 3365 1626 3436 tormentisque
1684 3367 2014 3423 missilibus

363 3450 629 3522 undique
651 3452 1117 3524 petit.0ppidani
1149 3458 1209 3509 et
1228 3453 1340 3524 ipsi
1368 3459 1605 3509 strenue
1625 3453 2014 3522 resistebant;

364 3541 550 3616 ignita
593 3544 711 3598 tela
753 3549 810 3598 et
838 3559 1112 3599 saxorum
1162 3543 1427 3617 pondera
1455 3544 1518 3599 in
1549 3546 1845 3601 Romanos
1873 3545 2013 3601 mit—

356 3636 577 3700 tentes,
607 3634 893 3705 omnique
924 3638 1140 3690 conatu
1163 3650 1234 3689 ex
1262 3634 1525 3690 turribus
1590 3634 1727 3691 illos
1757 3635 2007 3708 propulo

356 3727 575 3777 santes.

2123 3365 2463 3444 προσϐάλλει
2525 3367 2829 3443 φρουρίοις,
2885 3369 2976 3423 καὶ
3032 3367 3261 3427 Ἀδαναν
3351 3369 3448 3442 μὶν
3528 3371 3618 3426 καὶ
3674 3371 3776 3437 τήν

2124 3453 2483 3531 Ἀνάϐαρζαν,
2525 3457 2616 3511 καὶ
2672 3454 2822 3512 ἄλλα
2873 3458 3005 3532 ὑπὲρ
3062 3457 3133 3512 τὰ
3188 3456 3358 3512 εἴκοσι
3413 3457 3647 3535 φρούρια
3696 3457 3781 3511 αἱ·

2121 3551 2205 3621 ρεῖ
2259 3540 2534 3604 αύτοϐοεί.
2598 3543 2834 3601 Κᾶπειτα
2919 3545 3271 3620 Μοψουεστίᾳ
3331 3540 3663 3622 προσϐαλών
3718 3564 3779 3600 τε

2115 3633 2207 3691 καὶ
2236 3633 2684 3708 κυκλωσάμενος,
2717 3633 2970 3708 ἆκθύμως
2998 3632 3335 3711 ἐπολιόρκει,
3379 3621 3509 3698 ταῖς
3564 3635 3766 3710 ἀφετη-

2116 3724 2256 3801 ρίοις
2313 3724 2586 3797 μηχαναῖς
2640 3724 2950 3798 ἕκασταχοῦ
3006 3719 3524 3800 ἀκροϐολιζόμενος.
3582 3724 3652 3782 Οἱ
3711 3720 3772 3779 δὶ

348 3804 500 3864 ἔνδον
531 3809 621 3865 καὶ
650 3811 808 3866 αὐτοὶ
837 3810 1097 3884 γενναίως
1124 3811 1597 3880 ἀντικαθίσταντο,
1629 3813 1883 3890 πυρφόρα
1903 3833 1963 3868 τε
1994 3811 2132 3890 βέλη
2163 3813 2254 3869 καὶ
2289 3815 2431 3888 βάρη
2467 3813 2638 3870 λίθων
2662 3813 2801 3870 κατὰ
2817 3818 2926 3870 τῶν
2957 3813 3243 3887 Ῥωμαίων
3307 3814 3624 3890 βάλλοντες,
3655 3811 3746 3868 καὶ

358 3899 509 3953 παντὶ
541 3899 710 3954 σθένει
738 3898 798 3954 ἐκ
823 3903 933 3954 τῶν
965 3899 1189 3976 πύργων
1222 3899 1419 3964 αὐτοὺς
1448 3902 1805 3975 ἀμυνόμενοι.

431 4019 490 4069 11
523 4017 941 4087 Imperator.ut
955 4023 1081 4073 erat
1100 4022 1408 4089 promptus
1426 4025 1485 4073 et
1503 4019 1796 4075 mirabilis
1817 4020 1877 4075 in
1900 4038 1996 4076 re-

359 4104 573 4161 mediis
590 4106 1099 4162 incommodorum
1115 4108 1172 4162 in
1183 4107 1758 4175 veniendis,circuito
1778 4111 2008 4181 inspec-

361 4200 540 4263 toque
562 4194 836 4265 loco,qua
855 4202 980 4251 erat
1000 4203 1421 4266 opportunum.
1449 4204 1620 4253 nocte
1652 4199 2009 4271 intempesta

360 4281 635 4338 homines
657 4282 731 4338 ad
758 4290 948 4338 turres
971 4284 1255 4340 adductos
1270 4301 1507 4341 murum
1527 4286 1881 4357 pedetentim
1906 4304 2004 4344 su-

361 4368 778 4443 bruerejubet,
798 4388 829 4427 a
862 4372 991 4443 ripa
1013 4373 1245 4444 Pyrami
1279 4374 1471 4429 amnis
1494 4373 1572 4427 ibi
1600 4380 2004 4445 praeterfluen-

2193 4024 2280 4076 ια’.
2311 4020 2374 4075 Ὁ
2405 4017 2463 4073 δὲ
2495 4017 2775 4094 βασιλεὺς,
2834 4016 3164 4094 δραστήριός
3218 4039 3278 4074 τε
3335 4016 3407 4073 ὢν
3462 4018 3555 4073 καὶ
3589 4016 3763 4078 δεινὸς

2119 4107 2171 4163 ἐν
2222 4106 2536 4184 ἀμηχάνοις
2591 4110 2918 4184 πορίσασθαι
2983 4109 3262 4183 μηχανῆν,
3317 4105 3618 4181 περιελθὼν
3675 4106 3767 4162 καὶ

2113 4199 2661 4272 καταστοχασάμενος
2689 4199 2779 4253 τὸν
2839 4202 3046 4272 χῶρον,
3104 4197 3243 4273 ᾗπερ
3293 4198 3359 4266 ἧν
3412 4196 3766 4272 εὐεπιχείρη-

2116 4306 2231 4351 τον,
2263 4291 2372 4341 τῶν
2406 4285 2625 4362 πύργων
2656 4290 2989 4363 παραγαγὼν
3051 4284 3246 4359 ἄνδρας
3303 4286 3441 4362 ἀωρὶ
3492 4290 3602 4340 τῶν
3659 4307 3761 4339 νυ-

2116 4379 2259 4428 κτῶν
2284 4374 2591 4448 ἀνορύττειν
2622 4375 2804 4449 ἠρέμα
2861 4374 3259 4445 ἐνεκελεύσατο,
3309 4374 3414 4429 ἀπὸ
3445 4379 3550 4428 τῶν
3579 4369 3762 4447 ὄχθων

361 4462 439 4517 tis
470 4477 658 4526 orsos,
692 4477 766 4516 ne
800 4461 1408 4517 animaavertentihus
1453 4461 1720 4517 barbaris
1752 4463 1824 4518 ad
1855 4465 2007 4521 nihi-

2118 4461 2509 4537 ἑναρξαμένους
2558 4468 2655 4519 τοῦ
2709 4463 2880 4519 ἐκεῖσε
2931 4464 3332 4540 παραρρέοντος
3384 4463 3644 4539 Πυράμου
3670 4467 3767 4516 τοῦ

360 4552 485 4608 lum
516 4552 745 4608 veniret
769 4553 819 4607 is
856 4552 1222 4609 conatus.llli
1242 4553 1535 4609 suffodere
1567 4554 2012 4626 cceperunt,hu-

359 4657 524 4697 mum
557 4647 816 4716 egestam
866 4641 1135 4698 ﬂuminis
1176 4642 1350 4698 undae
1398 4642 1790 4699 committere.
1824 4643 2011 4715 Opere

2122 4557 2400 4625 ποταμοῦ,
2460 4552 2535 4616 ὡς
2594 4553 2671 4626 μὴ
2729 4552 3004 4617 αἴσθοιντο
3064 4553 3115 4607 οἱ
3176 4548 3460 4627 βάρϐαροι,
3543 4551 3633 4606 καὶ
3692 4550 3768 4613 εἰς

2120 4641 2272 4697 κενὸν
2307 4641 2351 4681 ιι
2384 4635 2566 4715 ἀποϐῇ
2600 4641 2664 4696 τὸ
2718 4645 2965 4697 τοιοῦτον
3020 4640 3377 4716 ἐπιχείρημα.
3438 4641 3501 4694 Οἱ
3557 4636 3616 4695 δὲ
3672 4639 3766 4692 άν-

1564 4848 1625 4905 C.
1659 4849 1720 4904 Β.
1771 4847 1961 4904 HASII
1994 4843 2552 4903 ANNOTATIONES.

429 5007 453 5040 ⁶
485 5003 568 5059 ἐπὶ
607 5012 667 5061 et

735 5006 870 5061 aulo
901 5013 1036 5078 post
1071 5006 1204 5078 μετὰ
1237 5007 1493 5075 σκευάζον
1530 5007 1658 5064 cod.
1692 5007 1712 5042 ⁷
1744 5003 1988 5077 ἀπαίρειν

2117 5006 2145 5059 l.
2171 5004 2192 5040 ⁸
2212 5002 2385 5057 καὶτὸ
2415 4998 2614 5076 κύδρον
2645 5002 2777 5078 (sic)
2811 5001 2998 5078 cod._’
3027 4995 3297 5074 ἐπιϐρισει
3321 5000 3450 5078 θοὰΣ
3471 4999 3531 5078 ’⁸ο
3559 4999 3766 5078 itaex}:-

429 5024 453 5040 υ
485 5024 568 5059 επι
607 5024 667 5061 et
735 5024 870 5061 auio
901 5024 1036 5078 pos:
1071 5026 1204 5078 μετα
1237 5024 1493 5075 σκευαςον
1530 5024 1658 5064 coa.
1699 5024 1709 5042 σ
1744 5024 1988 5077 απαιρειν

356 5075 571 5151 τίννυογ
600 5024 732 5151 cod:
765 5078 946 5133 Paulo
979 5079 1275 5150 posterius
1306 5080 1384 5151 Β,
1402 5080 1569 5136 nolui
1601 5079 1928 5151 quidquam
1962 5094 2007 5131 Π]

2117 5024 2145 5059 l.
2171 5024 2192 5040 ¹¹
2212 5024 2302 5057 και
2324 5024 2385 5057 το
2415 5024 2614 5076 κυορον
2645 5024 2777 5073 (810)
2811 5024 2941 5059 (500..
2977 5024 2997 5036 ⁸⁷
3027 5024 3297 5074 επιορισει
3321 5024 3449 5056 COD.
3485 5024 3529 5036 “'
3559 5024 3765 5053 απεκα-

2117 5093 2190 5131 ιΓθ
2216 5093 2255 5151 :_
2286 5093 2506 5132 nomen
2545 5074 2747 5147 oppidi
2805 5074 2965 5145 apud
3014 5079 3242 5130 veteres
3300 5078 3392 5127 est
3437 5064 3765 5143 Ἀναζαρ6ά.

361 5147 404 5185 ³1
438 5148 593 5202 κοινὸν
629 5149 757 5205 cod.
793 5155 851 5204 et
881 5145 1085 5221 pos-tea
1109 5155 1313 5205 auctor
1336 5145 1663 5223 elegantior
1692 5145 1999 5222 scripsisse

2117 5145 2318 5218 ιοοαίη.

434 5322 543 5392 (Ὀ)
622 5312 1009 5392 Διαλαμϐάνω,
1094 5317 1186 5392 vel
1267 5322 1425 5373 certe
1473 5318 1803 5392 perfectum
1875 5314 2003 5370 διεί-

364 5389 534 5463 ληφα,
594 5391 749 5463 apud
779 5389 1386 5463 Leonemﬂvaletcinwi
1484 5389 1568 5444 sic
1601 5406 1781 5463 supra
1815 5392 1907 5463 13ἶ
1922 5392 1998 5463 _A.

364 5415 431 5461 Λη
482 5415 534 5456 α,
594 5415 749 5463 apuu
779 5415 1028 5445 LCUIIUIII
1063 5415 1214 5444 va.ch
1233 5415 1386 5444 υιιιιυι
1415 5415 1432 5443 ζ
1484 5415 1568 5444 διυ
1601 5415 1781 5459 supra
1816 5415 1898 5442 ιο.
1934 5415 1998 5443 ﬂ.

359 5476 417 5522 ct
443 5415 694 5523 fortasse
725 5462 879 5517 infra
904 5463 989 5531 3,6.
1026 5462 1088 5517 D.
1120 5460 1281 5531 Quin
1305 5461 1414 5515 hac
1444 5461 1573 5531 ipsa
1632 5461 1845 5531 pagina
1892 5459 1998 5515 lin.

364 5541 444 5622 1‘8.
514 5535 795 5633 ραεειξῖςιεηι
825 5530 1089 5595 κυκλόθεν
1161 5527 1485 5598 διείληπτοξ
1546 5527 1769 5585 Eodem
1824 5546 2005 5586 sensu

364 5608 388 5662 ξ
431 5608 531 5651 ’νβ
724 5645 735 5658 .
768 5609 828 5663 Α.

428 5608 787 5755 ’(έῖῖεῇῑὲίῖιιρ
842 5672 1218 5750 πολυχεᾶμων
1263 5680 1353 5731 est
1406 5673 1469 5729 in
1526 5673 1749 5730 Lexicis
1812 5689 2005 5745 neque

2110 5316 2370 5388 περινάω.
2395 5315 2558 5388 λιιιυά
2589 5314 2891 5388 invenitur
2905 5312 3077 5388 _apud
3094 5314 3147 5369 S.
3171 5312 3449 5388 Basiliam
3473 5312 3765 5384 Epist.c1.x

2111 5382 2189 5444 11..
2216 5391 2339 5445 946.
2374 5385 2418 5441 ὣ
2450 5392 2633 5459 πηγῆς
2664 5382 3098 5459 πολυχεύμῖονος
3150 5389 3290 5459 (quo
3341 5382 3765 5459 eodem_sens_u

2114 5461 2168 5514 S.
2189 5461 2465 5529 Justinus
2497 5452 2713 5529 Martyr
2745 5452 2986 5528 Dialogo
3020 5452 3163 5529 cum
3191 5452 3487 5529 Tryphon.
3546 5452 3761 5529 329._C.

2112 5527 2428 5603 πολυύδρου
2457 5528 2552 5603 καῖ
2580 5525 2812 5603 ini-apag
2856 5525 3076 5603 _niyﬁc)
3108 5543 3121 5581 :
3157 5525 3281 5598 prof
3310 5525 3431 5582 hoc
3489 5525 3763 5582 usitatius

2111 5588 2364 5675 περινέὠ,
2400 5602 2560 5672 quod
2590 5588 2815 5656 habent
2854 5588 3081 5655 Lek'ica'.
