  <div class='ocr_page' id='page_1' title='image "/cluster/home/n/w/nwhite01/storage/ocr_20150623/117/mdp.39015038086818/380.png"; bbox 0 0 4190 6322; ppageno 0'>
   <div class='ocr_carea' id='block_1_1' title="bbox 322 349 447 410">
    <p class='ocr_par' dir='ltr' id='par_1_1' title="bbox 322 349 447 410">
     <span class='ocr_line' id='line_1_1' title="bbox 322 349 447 410; baseline -0.024 0"><span class='ocrx_word' id='word_1_1' title='bbox 322 349 447 410; x_wconf 66' lang='grc'>’745</span> 
     </span>
    </p>
   </div>
   <div class='ocr_carea' id='block_1_2' title="bbox 1653 343 2392 408">
    <p class='ocr_par' dir='ltr' id='par_1_2' title="bbox 1653 343 2392 408">
     <span class='ocr_line' id='line_1_2' title="bbox 1653 343 2392 408; baseline 0.003 -4"><span class='ocrx_word' id='word_1_2' title='bbox 1653 343 2043 406; x_wconf 72' lang='grc' dir='ltr'>ΠΙΞΤΟΒΗΕ</span> <span class='ocrx_word' id='word_1_3' title='bbox 2084 345 2238 406; x_wconf 82' lang='lat' dir='ltr'>LIB.</span> <span class='ocrx_word' id='word_1_4' title='bbox 2285 345 2392 408; x_wconf 81' lang='grc' dir='ltr'>ιν.</span> 
     </span>
    </p>
   </div>
   <div class='ocr_carea' id='block_1_3' title="bbox 3612 347 3731 409">
    <p class='ocr_par' dir='ltr' id='par_1_3' title="bbox 3612 347 3731 409">
     <span class='ocr_line' id='line_1_3' title="bbox 3612 347 3731 409; baseline 0.017 -2"><span class='ocrx_word' id='word_1_5' title='bbox 3612 347 3731 409; x_wconf 75' lang='grc'>’746</span> 
     </span>
    </p>
   </div>
   <div class='ocr_carea' id='block_1_4' title="bbox 323 471 1966 554">
    <p class='ocr_par' dir='ltr' id='par_1_4' title="bbox 323 471 1966 553">
     <span class='ocr_line' id='line_1_4' title="bbox 323 471 1966 553; baseline -0.002 -21"><span class='ocrx_word' id='word_1_6' title='bbox 323 475 664 553; x_wconf 83' lang='grc' dir='ltr'>δρομή,τίνι</span> <span class='ocrx_word' id='word_1_7' title='bbox 707 474 767 532; x_wconf 78' lang='grc' dir='ltr'>ἄν</span> <span class='ocrx_word' id='word_1_8' title='bbox 799 471 941 552; x_wconf 77' lang='grc' dir='ltr'>ἕρκει</span> <span class='ocrx_word' id='word_1_9' title='bbox 999 475 1137 549; x_wconf 81' lang='grc' dir='ltr'>πρὸς</span> <span class='ocrx_word' id='word_1_10' title='bbox 1195 475 1518 550; x_wconf 71' lang='grc' dir='ltr'>ἀποτροπὴν</span> <span class='ocrx_word' id='word_1_11' title='bbox 1580 473 1804 549; x_wconf 68' lang='grc' dir='ltr'>ἐχρήσω</span> <span class='ocrx_word' id='word_1_12' title='bbox 1859 478 1966 530; x_wconf 91' lang='grc' dir='ltr'>τῶν</span> 
     </span>
    </p>
   </div>
   <div class='ocr_carea' id='block_1_5' title="bbox 2079 471 3728 554">
    <p class='ocr_par' dir='ltr' id='par_1_5' title="bbox 2093 474 3728 548">
     <span class='ocr_line' id='line_1_5' title="bbox 2093 474 3728 548; baseline 0.001 -17"><span class='ocrx_word' id='word_1_13' title='bbox 2093 476 2284 531; x_wconf 81' lang='lat' dir='ltr'>stabat</span> <span class='ocrx_word' id='word_1_14' title='bbox 2316 480 2579 548; x_wconf 79' lang='lat' dir='ltr'>stupens.</span> <span class='ocrx_word' id='word_1_15' title='bbox 2613 479 2688 532; x_wconf 86' lang='lat' dir='ltr'>At</span> <span class='ocrx_word' id='word_1_16' title='bbox 2716 477 3039 548; x_wconf 82' lang='lat' dir='ltr'>imperator</span> <span class='ocrx_word' id='word_1_17' title='bbox 3085 474 3417 531; x_wconf 90' lang='lat' dir='ltr'>centurioni</span> <span class='ocrx_word' id='word_1_18' title='bbox 3465 477 3728 547; x_wconf 78' lang='lat' dir='ltr'>mandat,</span> 
     </span>
    </p>
   </div>
   <div class='ocr_carea' id='block_1_6' title="bbox 322 559 1970 642">
    <p class='ocr_par' dir='ltr' id='par_1_6' title="bbox 322 559 1970 642">
     <span class='ocr_line' id='line_1_6' title="bbox 322 559 1970 642; baseline -0.002 -20"><span class='ocrx_word' id='word_1_19' title='bbox 322 564 623 641; x_wconf 85' lang='grc' dir='ltr'>δυσμενῶν,</span> <span class='ocrx_word' id='word_1_20' title='bbox 650 567 741 622; x_wconf 82' lang='grc' dir='ltr'>τὸν</span> <span class='ocrx_word' id='word_1_21' title='bbox 785 565 974 642; x_wconf 73' lang='grc' dir='ltr'>Θυρὲὸν</span> <span class='ocrx_word' id='word_1_22' title='bbox 1033 559 1359 638; x_wconf 73' lang='grc' dir='ltr'>ἀποϐαλὼνέ</span> <span class='ocrx_word' id='word_1_23' title='bbox 1387 565 1532 640; x_wconf 83' lang='grc' dir='ltr'>παρά</span> <span class='ocrx_word' id='word_1_24' title='bbox 1586 566 1685 632; x_wconf 77' lang='grc' dir='ltr'>τήν</span> <span class='ocrx_word' id='word_1_25' title='bbox 1739 566 1970 635; x_wconf 84' lang='grc' dir='ltr'>ἀταρπι-</span> 
     </span>
    </p>
   </div>
   <div class='ocr_carea' id='block_1_7' title="bbox 316 651 1971 731">
    <p class='ocr_par' dir='ltr' id='par_1_7' title="bbox 316 651 1971 731">
     <span class='ocr_line' id='line_1_7' title="bbox 316 651 1971 731; baseline -0.002 -18"><span class='ocrx_word' id='word_1_26' title='bbox 316 657 411 713; x_wconf 90' lang='grc' dir='ltr'>τόν</span> <span class='ocrx_word' id='word_1_27' title='bbox 448 677 462 728; x_wconf 89' lang='grc'><strong>;</strong></span> <span class='ocrx_word' id='word_1_28' title='bbox 497 682 522 708; x_wconf 77' lang='lat' dir='ltr'>n</span> <span class='ocrx_word' id='word_1_29' title='bbox 555 659 613 711; x_wconf 78' lang='grc' dir='ltr'>Ὀ</span> <span class='ocrx_word' id='word_1_30' title='bbox 647 655 723 728; x_wconf 74' lang='grc' dir='ltr'>δὲ,</span> <span class='ocrx_word' id='word_1_31' title='bbox 757 656 1023 731; x_wconf 79' lang='grc' dir='ltr'>πεπηγὼς</span> <span class='ocrx_word' id='word_1_32' title='bbox 1055 655 1156 710; x_wconf 86' lang='grc' dir='ltr'>ὑπὸ</span> <span class='ocrx_word' id='word_1_33' title='bbox 1185 658 1283 709; x_wconf 76' lang='grc' dir='ltr'>τοῦ</span> <span class='ocrx_word' id='word_1_34' title='bbox 1315 651 1490 724; x_wconf 80' lang='grc' dir='ltr'>δέους,</span> <span class='ocrx_word' id='word_1_35' title='bbox 1551 651 1790 727; x_wconf 69' lang='grc' dir='ltr'>διέμενεν</span> <span class='ocrx_word' id='word_1_36' title='bbox 1834 654 1971 728; x_wconf 84' lang='grc' dir='ltr'>ἀχα-</span> 
     </span>
    </p>
   </div>
   <div class='ocr_carea' id='block_1_8' title="bbox 316 742 1974 820">
    <p class='ocr_par' dir='ltr' id='par_1_8' title="bbox 316 742 1974 820">
     <span class='ocr_line' id='line_1_8' title="bbox 316 742 1974 820; baseline -0.004 -18"><span class='ocrx_word' id='word_1_37' title='bbox 316 748 439 817; x_wconf 83' lang='grc' dir='ltr'>νής.</span> <span class='ocrx_word' id='word_1_38' title='bbox 472 747 534 805; x_wconf 87' lang='grc' dir='ltr'>Ὁ</span> <span class='ocrx_word' id='word_1_39' title='bbox 567 743 624 800; x_wconf 80' lang='grc' dir='ltr'>δὲ</span> <span class='ocrx_word' id='word_1_40' title='bbox 655 745 1006 820; x_wconf 78' lang='grc' dir='ltr'>αὐτοκράτωρ</span> <span class='ocrx_word' id='word_1_41' title='bbox 1062 744 1264 805; x_wconf 81' lang='grc' dir='ltr'>αἰκίαις</span> <span class='ocrx_word' id='word_1_42' title='bbox 1314 746 1602 814; x_wconf 81' lang='grc' dir='ltr'>καταξᾶναι</span> <span class='ocrx_word' id='word_1_43' title='bbox 1659 742 1750 797; x_wconf 87' lang='grc' dir='ltr'>τὸν</span> <span class='ocrx_word' id='word_1_44' title='bbox 1807 743 1974 798; x_wconf 68' lang='grc' dir='ltr'>αὐτος-</span> 
     </span>
    </p>
   </div>
   <div class='ocr_carea' id='block_1_9' title="bbox 319 831 1971 914">
    <p class='ocr_par' dir='ltr' id='par_1_9' title="bbox 319 831 1971 914">
     <span class='ocr_line' id='line_1_9' title="bbox 319 831 1971 914; baseline -0.004 -22"><span class='ocrx_word' id='word_1_45' title='bbox 319 837 583 914; x_wconf 73' lang='grc' dir='ltr'>φονευτήν</span> <span class='ocrx_word' id='word_1_46' title='bbox 633 839 744 910; x_wconf 81' lang='lat'>(3&#39;7)</span> <span class='ocrx_word' id='word_1_47' title='bbox 798 836 990 890; x_wconf 72' lang='grc' dir='ltr'>ἑαυτοῦ</span> <span class='ocrx_word' id='word_1_48' title='bbox 1042 833 1123 907; x_wconf 79' lang='grc' dir='ltr'>τῷ</span> <span class='ocrx_word' id='word_1_49' title='bbox 1179 831 1408 909; x_wconf 84' lang='grc' dir='ltr'>λοχαγῷ</span> <span class='ocrx_word' id='word_1_50' title='bbox 1466 831 1824 908; x_wconf 67' lang='grc' dir='ltr'>ἐγκελεύεται,</span> <span class='ocrx_word' id='word_1_51' title='bbox 1884 831 1971 886; x_wconf 90' lang='grc' dir='ltr'>ἐκ-</span> 
     </span>
    </p>
   </div>
   <div class='ocr_carea' id='block_1_10' title="bbox 316 916 1972 1001">
    <p class='ocr_par' dir='ltr' id='par_1_10' title="bbox 316 916 1972 1001">
     <span class='ocr_line' id='line_1_10' title="bbox 316 916 1972 1001; baseline -0.005 -17"><span class='ocrx_word' id='word_1_52' title='bbox 316 928 538 1001; x_wconf 86' lang='grc' dir='ltr'>τεμόντι</span> <span class='ocrx_word' id='word_1_53' title='bbox 567 925 746 981; x_wconf 85' lang='grc' dir='ltr'>τεκαὶ</span> <span class='ocrx_word' id='word_1_54' title='bbox 775 926 876 994; x_wconf 76' lang='grc' dir='ltr'>τὴν</span> <span class='ocrx_word' id='word_1_55' title='bbox 933 923 1051 1000; x_wconf 77' lang='grc' dir='ltr'>ῥῖνα</span> <span class='ocrx_word' id='word_1_56' title='bbox 1109 921 1382 998; x_wconf 83' lang='grc' dir='ltr'>θεατρίσαι</span> <span class='ocrx_word' id='word_1_57' title='bbox 1439 922 1575 976; x_wconf 81' lang='grc' dir='ltr'>κατᾶ</span> <span class='ocrx_word' id='word_1_58' title='bbox 1628 923 1690 976; x_wconf 88' lang='grc' dir='ltr'>τὸ</span> <span class='ocrx_word' id='word_1_59' title='bbox 1748 916 1972 996; x_wconf 87' lang='grc' dir='ltr'>στρατό-</span> 
     </span>
    </p>
   </div>
   <div class='ocr_carea' id='block_1_11' title="bbox 322 1010 1972 1088">
    <p class='ocr_par' dir='ltr' id='par_1_11' title="bbox 322 1010 1972 1088">
     <span class='ocr_line' id='line_1_11' title="bbox 539 1010 1915 1050; baseline -0.007 -12"><span class='ocrx_word' id='word_1_60' title='bbox 539 1022 550 1040; x_wconf 71' lang='grc' dir='ltr'><strong>ε</strong></span> <span class='ocrx_word' id='word_1_61' title='bbox 577 1019 596 1036; x_wconf 65' lang='grc' dir='ltr'>Ἰ</span> <span class='ocrx_word' id='word_1_62' title='bbox 663 1020 686 1031; x_wconf 58' lang='grc' dir='ltr'>Ψ</span> <span class='ocrx_word' id='word_1_63' title='bbox 951 1012 974 1035; x_wconf 67' lang='grc' dir='ltr'><strong><em>ν</em></strong></span> <span class='ocrx_word' id='word_1_64' title='bbox 1093 1012 1107 1034; x_wconf 59' lang='grc' dir='ltr'><strong>ν</strong></span> <span class='ocrx_word' id='word_1_65' title='bbox 1365 1035 1379 1050; x_wconf 55' lang='grc' dir='ltr'><strong><em>Ρ</em></strong></span> <span class='ocrx_word' id='word_1_66' title='bbox 1425 1012 1463 1042; x_wconf 51' lang='grc' dir='ltr'>,ἶ</span> <span class='ocrx_word' id='word_1_67' title='bbox 1601 1011 1649 1045; x_wconf 54' lang='grc' dir='ltr'>ρλ</span> <span class='ocrx_word' id='word_1_68' title='bbox 1781 1012 1796 1030; x_wconf 50' lang='grc' dir='ltr'><strong>λ</strong></span> <span class='ocrx_word' id='word_1_69' title='bbox 1891 1010 1915 1029; x_wconf 69' lang='grc' dir='ltr'><em>Ἰ</em></span> 
     </span>
     <span class='ocr_line' id='line_1_12' title="bbox 322 1011 1972 1088; baseline -0.005 -16"><span class='ocrx_word' id='word_1_70' title='bbox 322 1016 508 1075; x_wconf 90' lang='grc' dir='ltr'>πεδον.</span> <span class='ocrx_word' id='word_1_71' title='bbox 557 1020 778 1078; x_wconf 67' lang='grc' dir='ltr'>Εκεινος</span> <span class='ocrx_word' id='word_1_72' title='bbox 812 1012 891 1087; x_wconf 73' lang='grc' dir='ltr'>δὲ,</span> <span class='ocrx_word' id='word_1_73' title='bbox 923 1035 1029 1068; x_wconf 80' lang='grc' dir='ltr'>ειτε</span> <span class='ocrx_word' id='word_1_74' title='bbox 1060 1034 1226 1084; x_wconf 84' lang='grc' dir='ltr'>οικτῳ</span> <span class='ocrx_word' id='word_1_75' title='bbox 1273 1011 1499 1088; x_wconf 54' lang='grc' dir='ltr'>ληυϐεις</span> <span class='ocrx_word' id='word_1_76' title='bbox 1552 1033 1690 1086; x_wconf 66' lang='grc' dir='ltr'>προς</span> <span class='ocrx_word' id='word_1_77' title='bbox 1743 1033 1832 1066; x_wconf 92' lang='grc' dir='ltr'>τον</span> <span class='ocrx_word' id='word_1_78' title='bbox 1880 1034 1972 1066; x_wconf 89' lang='grc' dir='ltr'>αν-</span> 
     </span>
    </p>
   </div>
   <div class='ocr_carea' id='block_1_12' title="bbox 324 1097 1967 1182">
    <p class='ocr_par' dir='ltr' id='par_1_12' title="bbox 324 1097 1967 1182">
     <span class='ocr_line' id='line_1_13' title="bbox 324 1097 1967 1182; baseline -0.004 -20"><span class='ocrx_word' id='word_1_79' title='bbox 324 1104 705 1182; x_wconf 80' lang='grc' dir='ltr'>θρωπον,εἶ’τε</span> <span class='ocrx_word' id='word_1_80' title='bbox 743 1104 834 1160; x_wconf 79' lang='grc' dir='ltr'>καὶ</span> <span class='ocrx_word' id='word_1_81' title='bbox 894 1101 1085 1178; x_wconf 84' lang='grc' dir='ltr'>δώρων</span> <span class='ocrx_word' id='word_1_82' title='bbox 1139 1097 1376 1175; x_wconf 79' lang='grc' dir='ltr'>ἐπιϐολῇ</span> <span class='ocrx_word' id='word_1_83' title='bbox 1436 1102 1759 1176; x_wconf 75' lang='grc' dir='ltr'>χαυνωθεὶς,</span> <span class='ocrx_word' id='word_1_84' title='bbox 1814 1102 1967 1172; x_wconf 82' lang='grc' dir='ltr'>ἀσινῆ</span> 
     </span>
    </p>
   </div>
   <div class='ocr_carea' id='block_1_13' title="bbox 327 1189 1969 1275">
    <p class='ocr_par' dir='ltr' id='par_1_13' title="bbox 327 1189 1969 1275">
     <span class='ocr_line' id='line_1_14' title="bbox 327 1189 1969 1275; baseline -0.005 -23"><span class='ocrx_word' id='word_1_85' title='bbox 327 1195 560 1275; x_wconf 73' lang='grc' dir='ltr'>διαφῆκε</span> <span class='ocrx_word' id='word_1_86' title='bbox 588 1197 680 1250; x_wconf 88' lang='grc' dir='ltr'>τὸν</span> <span class='ocrx_word' id='word_1_87' title='bbox 712 1193 897 1270; x_wconf 80' lang='grc' dir='ltr'>ἄνδρα.</span> <span class='ocrx_word' id='word_1_88' title='bbox 960 1193 1046 1265; x_wconf 75' lang='grc' dir='ltr'>Τῇ</span> <span class='ocrx_word' id='word_1_89' title='bbox 1102 1190 1159 1246; x_wconf 77' lang='grc' dir='ltr'>δὲ</span> <span class='ocrx_word' id='word_1_90' title='bbox 1211 1191 1464 1267; x_wconf 69' lang='grc' dir='ltr'>ὑστεραία</span> <span class='ocrx_word' id='word_1_91' title='bbox 1520 1189 1723 1245; x_wconf 85' lang='grc' dir='ltr'>διιόντα</span> <span class='ocrx_word' id='word_1_92' title='bbox 1779 1196 1969 1245; x_wconf 77' lang='grc' dir='ltr'>τοῦτον</span> 
     </span>
    </p>
   </div>
   <div class='ocr_carea' id='block_1_14' title="bbox 327 1278 1970 1360">
    <p class='ocr_par' dir='ltr' id='par_1_14' title="bbox 327 1278 1970 1360">
     <span class='ocr_line' id='line_1_15' title="bbox 327 1278 1970 1360; baseline -0.004 -20"><span class='ocrx_word' id='word_1_93' title='bbox 327 1287 355 1340; x_wconf 86' lang='grc' dir='ltr'>ὁ</span> <span class='ocrx_word' id='word_1_94' title='bbox 391 1283 645 1360; x_wconf 71' lang='grc' dir='ltr'>βασιλεὺς</span> <span class='ocrx_word' id='word_1_95' title='bbox 674 1283 957 1359; x_wconf 70' lang='grc' dir='ltr'>ἑωρακὼς,</span> <span class='ocrx_word' id='word_1_96' title='bbox 987 1283 1079 1336; x_wconf 88' lang='grc' dir='ltr'>τὸν</span> <span class='ocrx_word' id='word_1_97' title='bbox 1113 1281 1360 1355; x_wconf 85' lang='grc' dir='ltr'>λοχαγὸν</span> <span class='ocrx_word' id='word_1_98' title='bbox 1396 1278 1638 1334; x_wconf 76' lang='grc' dir='ltr'>εἰσκαλεῖ</span> <span class='ocrx_word' id='word_1_99' title='bbox 1667 1278 1780 1349; x_wconf 80' lang='grc' dir='ltr'>καὶ,</span> <span class='ocrx_word' id='word_1_100' title='bbox 1823 1303 1850 1330; x_wconf 86' lang='grc'>‹‹</span> <span class='ocrx_word' id='word_1_101' title='bbox 1883 1280 1970 1348; x_wconf 85' lang='grc' dir='ltr'>Ὦ,</span> 
     </span>
    </p>
   </div>
   <div class='ocr_carea' id='block_1_15' title="bbox 325 1367 1973 1454">
    <p class='ocr_par' dir='ltr' id='par_1_15' title="bbox 325 1367 1973 1454">
     <span class='ocr_line' id='line_1_16' title="bbox 325 1367 1973 1454; baseline -0.004 -23"><span class='ocrx_word' id='word_1_102' title='bbox 325 1376 512 1454; x_wconf 69' lang='grc' dir='ltr'>φησὶν,</span> <span class='ocrx_word' id='word_1_103' title='bbox 568 1374 834 1449; x_wconf 80' lang='grc' dir='ltr'>ἀτὲραμνε</span> <span class='ocrx_word' id='word_1_104' title='bbox 889 1371 980 1428; x_wconf 84' lang='grc' dir='ltr'>καὶ</span> <span class='ocrx_word' id='word_1_105' title='bbox 1062 1368 1419 1447; x_wconf 75' lang='grc' dir='ltr'>θρασυκάρδιε</span> <span class='ocrx_word' id='word_1_106' title='bbox 1476 1370 1559 1441; x_wconf 79' lang='grc' dir='ltr'>σὺ,</span> <span class='ocrx_word' id='word_1_107' title='bbox 1618 1375 1734 1433; x_wconf 91' lang='grc' dir='ltr'>πῶς</span> <span class='ocrx_word' id='word_1_108' title='bbox 1810 1367 1973 1442; x_wconf 75' lang='grc' dir='ltr'>ἔτλης</span> 
     </span>
    </p>
   </div>
   <div class='ocr_carea' id='block_1_16' title="bbox 327 1458 1973 1541">
    <p class='ocr_par' dir='ltr' id='par_1_16' title="bbox 327 1458 1973 1541">
     <span class='ocr_line' id='line_1_17' title="bbox 327 1458 1973 1541; baseline -0.005 -19"><span class='ocrx_word' id='word_1_109' title='bbox 327 1469 404 1538; x_wconf 78' lang='grc' dir='ltr'>μή</span> <span class='ocrx_word' id='word_1_110' title='bbox 464 1469 790 1541; x_wconf 77' lang='grc' dir='ltr'>παραγαγεῖν</span> <span class='ocrx_word' id='word_1_111' title='bbox 848 1462 922 1525; x_wconf 86' lang='grc' dir='ltr'>εἷς</span> <span class='ocrx_word' id='word_1_112' title='bbox 979 1460 1137 1536; x_wconf 71' lang='grc' dir='ltr'>ἔργον</span> <span class='ocrx_word' id='word_1_113' title='bbox 1194 1462 1258 1516; x_wconf 85' lang='grc' dir='ltr'>τὸ</span> <span class='ocrx_word' id='word_1_114' title='bbox 1324 1462 1654 1530; x_wconf 75' lang='grc' dir='ltr'>κελευσθένς</span> <span class='ocrx_word' id='word_1_115' title='bbox 1698 1461 1733 1529; x_wconf 81' lang='grc' dir='ltr'>ἦ</span> <span class='ocrx_word' id='word_1_116' title='bbox 1795 1458 1973 1523; x_wconf 89' lang='grc' dir='ltr'>δοκεῖς</span> 
     </span>
    </p>
   </div>
   <div class='ocr_carea' id='block_1_17' title="bbox 321 1544 1968 1624">
    <p class='ocr_par' dir='ltr' id='par_1_17' title="bbox 321 1544 1968 1624">
     <span class='ocr_line' id='line_1_18' title="bbox 321 1544 1968 1624; baseline -0.005 -17"><span class='ocrx_word' id='word_1_117' title='bbox 321 1552 512 1608; x_wconf 90' lang='grc' dir='ltr'>πλεῖον</span> <span class='ocrx_word' id='word_1_118' title='bbox 546 1550 681 1624; x_wconf 79' lang='grc' dir='ltr'>ἐμοῦ</span> <span class='ocrx_word' id='word_1_119' title='bbox 737 1547 957 1604; x_wconf 70' lang='grc' dir='ltr'>τουτουί</span> <span class='ocrx_word' id='word_1_120' title='bbox 1004 1551 1051 1584; x_wconf 83' lang='grc'>²³</span> <span class='ocrx_word' id='word_1_121' title='bbox 1099 1544 1357 1618; x_wconf 75' lang='grc' dir='ltr'>κήδεσθαί</span> <span class='ocrx_word' id='word_1_122' title='bbox 1406 1567 1489 1600; x_wconf 91' lang='grc' dir='ltr'>σοι</span> <span class='ocrx_word' id='word_1_123' title='bbox 1540 1549 1634 1600; x_wconf 72' lang='grc' dir='ltr'>τοῦ</span> <span class='ocrx_word' id='word_1_124' title='bbox 1694 1549 1968 1622; x_wconf 82' lang='grc' dir='ltr'>στρατοῦ;</span> 
     </span>
    </p>
   </div>
   <div class='ocr_carea' id='block_1_18' title="bbox 322 1633 1972 1716">
    <p class='ocr_par' dir='ltr' id='par_1_18' title="bbox 322 1633 1972 1716">
     <span class='ocr_line' id='line_1_19' title="bbox 322 1633 1972 1716; baseline -0.006 -18"><span class='ocrx_word' id='word_1_125' title='bbox 322 1641 401 1704; x_wconf 84' lang='grc' dir='ltr'>εἷς</span> <span class='ocrx_word' id='word_1_126' title='bbox 432 1638 677 1700; x_wconf 86' lang='grc' dir='ltr'>παιδείαν</span> <span class='ocrx_word' id='word_1_127' title='bbox 711 1638 816 1716; x_wconf 77' lang='grc' dir='ltr'>ἐγὼ</span> <span class='ocrx_word' id='word_1_128' title='bbox 862 1641 970 1693; x_wconf 88' lang='grc' dir='ltr'>τῶν</span> <span class='ocrx_word' id='word_1_129' title='bbox 1031 1635 1248 1692; x_wconf 79' lang='grc' dir='ltr'>λοιπῶν</span> <span class='ocrx_word' id='word_1_130' title='bbox 1307 1638 1402 1704; x_wconf 75' lang='grc' dir='ltr'>τήν</span> <span class='ocrx_word' id='word_1_131' title='bbox 1459 1635 1717 1705; x_wconf 80' lang='grc' dir='ltr'>τοιαύτην</span> <span class='ocrx_word' id='word_1_132' title='bbox 1779 1633 1972 1711; x_wconf 87' lang='grc' dir='ltr'>διωρι-</span> 
     </span>
    </p>
   </div>
   <div class='ocr_carea' id='block_1_19' title="bbox 321 1723 1974 1804">
    <p class='ocr_par' dir='ltr' id='par_1_19' title="bbox 321 1723 1974 1804">
     <span class='ocr_line' id='line_1_20' title="bbox 321 1723 1974 1804; baseline -0.005 -18"><span class='ocrx_word' id='word_1_133' title='bbox 321 1731 500 1804; x_wconf 80' lang='grc' dir='ltr'>σάμην</span> <span class='ocrx_word' id='word_1_134' title='bbox 534 1730 740 1785; x_wconf 79' lang='grc' dir='ltr'>ἐκτῖσαι</span> <span class='ocrx_word' id='word_1_135' title='bbox 770 1729 966 1797; x_wconf 75' lang='grc' dir='ltr'>ποινήν</span> <span class='ocrx_word' id='word_1_136' title='bbox 1015 1727 1106 1781; x_wconf 86' lang='grc' dir='ltr'>τὸν</span> <span class='ocrx_word' id='word_1_137' title='bbox 1157 1725 1219 1780; x_wconf 86' lang='grc' dir='ltr'>τὸ</span> <span class='ocrx_word' id='word_1_138' title='bbox 1277 1725 1467 1779; x_wconf 74' lang='grc' dir='ltr'>ἑαυτοῦ</span> <span class='ocrx_word' id='word_1_139' title='bbox 1516 1723 1685 1779; x_wconf 77' lang='grc' dir='ltr'>ὅπλον</span> <span class='ocrx_word' id='word_1_140' title='bbox 1741 1723 1974 1800; x_wconf 74' lang='grc' dir='ltr'>ἀπορῥι-</span> 
     </span>
    </p>
   </div>
   <div class='ocr_carea' id='block_1_20' title="bbox 321 1813 1968 1895">
    <p class='ocr_par' dir='ltr' id='par_1_20' title="bbox 321 1813 1968 1895">
     <span class='ocr_line' id='line_1_21' title="bbox 321 1813 1968 1895; baseline -0.004 -21"><span class='ocrx_word' id='word_1_141' title='bbox 321 1821 582 1895; x_wconf 66' lang='grc' dir='ltr'>ψάμενον·</span> <span class='ocrx_word' id='word_1_142' title='bbox 616 1819 691 1882; x_wconf 83' lang='grc' dir='ltr'>ὡς</span> <span class='ocrx_word' id='word_1_143' title='bbox 727 1821 951 1892; x_wconf 76' lang='grc' dir='ltr'>μήτινες</span> <span class='ocrx_word' id='word_1_144' title='bbox 996 1817 1058 1872; x_wconf 86' lang='grc' dir='ltr'>τὸ</span> <span class='ocrx_word' id='word_1_145' title='bbox 1104 1815 1301 1872; x_wconf 71' lang='grc' dir='ltr'>τούτου</span> <span class='ocrx_word' id='word_1_146' title='bbox 1360 1813 1560 1888; x_wconf 74' lang='grc' dir='ltr'>ἀμελὲς</span> <span class='ocrx_word' id='word_1_147' title='bbox 1617 1813 1708 1868; x_wconf 84' lang='grc' dir='ltr'>καὶ</span> <span class='ocrx_word' id='word_1_148' title='bbox 1765 1815 1968 1887; x_wconf 80' lang='grc' dir='ltr'>νωθρὸν</span> 
     </span>
    </p>
   </div>
   <div class='ocr_carea' id='block_1_21' title="bbox 328 1905 1972 1986">
    <p class='ocr_par' dir='ltr' id='par_1_21' title="bbox 328 1905 1972 1986">
     <span class='ocr_line' id='line_1_22' title="bbox 328 1905 1972 1986; baseline -0.005 -19"><span class='ocrx_word' id='word_1_149' title='bbox 328 1910 702 1986; x_wconf 81' lang='grc' dir='ltr'>μιμησάμενοι</span> <span class='ocrx_word' id='word_1_150' title='bbox 732 1909 896 1965; x_wconf 84' lang='grc' dir='ltr'>ταυτὸ</span> <span class='ocrx_word' id='word_1_151' title='bbox 929 1913 1092 1962; x_wconf 73' lang='grc' dir='ltr'>τοῦτο</span> <span class='ocrx_word' id='word_1_152' title='bbox 1124 1905 1530 1982; x_wconf 70' lang='grc' dir='ltr'>διαπράξοιντο,</span> <span class='ocrx_word' id='word_1_153' title='bbox 1588 1905 1686 1960; x_wconf 82' lang='grc' dir='ltr'>κάν</span> <span class='ocrx_word' id='word_1_154' title='bbox 1729 1909 1808 1977; x_wconf 76' lang='grc' dir='ltr'>τῷ</span> <span class='ocrx_word' id='word_1_155' title='bbox 1855 1926 1972 1960; x_wconf 89' lang='grc' dir='ltr'>και-</span> 
     </span>
    </p>
   </div>
   <div class='ocr_carea' id='block_1_22' title="bbox 327 1995 1971 2078">
    <p class='ocr_par' dir='ltr' id='par_1_22' title="bbox 327 1995 1971 2078">
     <span class='ocr_line' id='line_1_23' title="bbox 327 1995 1971 2078; baseline -0.005 -20"><span class='ocrx_word' id='word_1_156' title='bbox 327 2006 407 2078; x_wconf 77' lang='grc' dir='ltr'>ρῷ</span> <span class='ocrx_word' id='word_1_157' title='bbox 462 2007 573 2058; x_wconf 89' lang='grc' dir='ltr'>τῶν</span> <span class='ocrx_word' id='word_1_158' title='bbox 630 2001 853 2078; x_wconf 83' lang='grc' dir='ltr'>ἀγώνων</span> <span class='ocrx_word' id='word_1_159' title='bbox 911 1999 1326 2076; x_wconf 71' lang='grc' dir='ltr'>γεγυμνωμένοι</span> <span class='ocrx_word' id='word_1_160' title='bbox 1383 2001 1490 2052; x_wconf 90' lang='grc' dir='ltr'>τῶν</span> <span class='ocrx_word' id='word_1_161' title='bbox 1550 1995 1736 2052; x_wconf 80' lang='grc' dir='ltr'>ὅπλων</span> <span class='ocrx_word' id='word_1_162' title='bbox 1810 2017 1971 2051; x_wconf 82' lang='grc' dir='ltr'>κατα-</span> 
     </span>
    </p>
   </div>
   <div class='ocr_carea' id='block_1_23' title="bbox 321 2085 3275 2167">
    <p class='ocr_par' dir='ltr' id='par_1_23' title="bbox 321 2085 3275 2167">
     <span class='ocr_line' id='line_1_24' title="bbox 321 2085 3275 2167; baseline -0.002 -18"><span class='ocrx_word' id='word_1_163' title='bbox 321 2088 713 2166; x_wconf 72' lang='grc' dir='ltr'>λαμϐάνοιντο,</span> <span class='ocrx_word' id='word_1_164' title='bbox 771 2089 861 2146; x_wconf 83' lang='grc' dir='ltr'>καὶ</span> <span class='ocrx_word' id='word_1_165' title='bbox 918 2091 1021 2145; x_wconf 83' lang='grc' dir='ltr'>οὐκ</span> <span class='ocrx_word' id='word_1_166' title='bbox 1081 2087 1141 2144; x_wconf 79' lang='grc' dir='ltr'>ἄν</span> <span class='ocrx_word' id='word_1_167' title='bbox 1199 2087 1446 2167; x_wconf 69' lang='grc' dir='ltr'>φθάνοιεν</span> <span class='ocrx_word' id='word_1_168' title='bbox 1505 2089 1641 2161; x_wconf 85' lang='grc' dir='ltr'>πρὸς</span> <span class='ocrx_word' id='word_1_169' title='bbox 1694 2091 1801 2142; x_wconf 91' lang='grc' dir='ltr'>τῶν</span> <span class='ocrx_word' id='word_1_170' title='bbox 1856 2085 2106 2141; x_wconf 81' lang='grc' dir='ltr'>ἐναντίων</span> <span class='ocrx_word' id='word_1_171' title='bbox 2160 2086 2566 2160; x_wconf 68' lang='grc' dir='ltr'>ἀναιρούμενοῖ.</span> <span class='ocrx_word' id='word_1_172' title='bbox 2604 2111 2632 2138; x_wconf 88' lang='grc'><strong>››</strong></span> <span class='ocrx_word' id='word_1_173' title='bbox 2691 2091 2775 2162; x_wconf 85' lang='grc' dir='ltr'>[Ρ.</span> <span class='ocrx_word' id='word_1_174' title='bbox 2836 2091 2950 2162; x_wconf 90' lang='grc'>36.]</span> <span class='ocrx_word' id='word_1_175' title='bbox 3012 2087 3275 2167; x_wconf 66' lang='grc' dir='ltr'>Σφοδρῶς</span> 
     </span>
    </p>
   </div>
   <div class='ocr_carea' id='block_1_24' title="bbox 2082 565 3728 639">
    <p class='ocr_par' dir='ltr' id='par_1_24' title="bbox 2082 565 3728 639">
     <span class='ocr_line' id='line_1_25' title="bbox 2082 565 3728 639; baseline 0.001 -19"><span class='ocrx_word' id='word_1_176' title='bbox 2082 571 2148 620; x_wconf 90' lang='lat' dir='ltr'>ut</span> <span class='ocrx_word' id='word_1_177' title='bbox 2168 568 2431 638; x_wconf 87' lang='lat' dir='ltr'>eum,qui</span> <span class='ocrx_word' id='word_1_178' title='bbox 2456 585 2515 623; x_wconf 91' lang='lat' dir='ltr'>se</span> <span class='ocrx_word' id='word_1_179' title='bbox 2533 568 2657 639; x_wconf 91' lang='lat' dir='ltr'>ipse</span> <span class='ocrx_word' id='word_1_180' title='bbox 2683 565 3496 633; x_wconf 88' lang='lat' dir='ltr'>mortidicasset,verberibus</span> <span class='ocrx_word' id='word_1_181' title='bbox 3510 584 3728 622; x_wconf 65' lang='lat' dir='ltr'>cassum</span> 
     </span>
    </p>
   </div>
   <div class='ocr_carea' id='block_1_25' title="bbox 2081 655 3727 728">
    <p class='ocr_par' dir='ltr' id='par_1_25' title="bbox 2081 655 3727 728">
     <span class='ocr_line' id='line_1_26' title="bbox 2081 655 3727 728; baseline 0.002 -19"><span class='ocrx_word' id='word_1_182' title='bbox 2081 672 2345 726; x_wconf 86' lang='lat' dir='ltr'>nasoque</span> <span class='ocrx_word' id='word_1_183' title='bbox 2396 657 2642 727; x_wconf 67' lang='lat' dir='ltr'>praeciso</span> <span class='ocrx_word' id='word_1_184' title='bbox 2685 674 2791 728; x_wconf 91' lang='lat' dir='ltr'>per</span> <span class='ocrx_word' id='word_1_185' title='bbox 2838 661 3033 712; x_wconf 89' lang='lat' dir='ltr'>castra</span> <span class='ocrx_word' id='word_1_186' title='bbox 3098 655 3453 711; x_wconf 79' lang='lat' dir='ltr'>traduceret.</span> <span class='ocrx_word' id='word_1_187' title='bbox 3511 658 3727 712; x_wconf 89' lang='lat' dir='ltr'>Verum</span> 
     </span>
    </p>
   </div>
   <div class='ocr_carea' id='block_1_26' title="bbox 2083 744 3726 816">
    <p class='ocr_par' dir='ltr' id='par_1_26' title="bbox 2083 744 3726 816">
     <span class='ocr_line' id='line_1_27' title="bbox 2083 744 3726 816; baseline 0.001 -18"><span class='ocrx_word' id='word_1_188' title='bbox 2083 744 2379 800; x_wconf 84' lang='lat' dir='ltr'>enimvero</span> <span class='ocrx_word' id='word_1_189' title='bbox 2399 745 2469 810; x_wconf 90' lang='lat' dir='ltr'>is,</span> <span class='ocrx_word' id='word_1_190' title='bbox 2495 746 2616 800; x_wconf 87' lang='lat' dir='ltr'>sive</span> <span class='ocrx_word' id='word_1_191' title='bbox 2640 745 3050 800; x_wconf 81' lang='lat' dir='ltr'>misericordia</span> <span class='ocrx_word' id='word_1_192' title='bbox 3075 751 3280 816; x_wconf 90' lang='lat' dir='ltr'>captus</span> <span class='ocrx_word' id='word_1_193' title='bbox 3294 746 3578 813; x_wconf 88' lang='lat' dir='ltr'>hominis,</span> <span class='ocrx_word' id='word_1_194' title='bbox 3607 746 3726 800; x_wconf 87' lang='lat' dir='ltr'>sive</span> 
     </span>
    </p>
   </div>
   <div class='ocr_carea' id='block_1_27' title="bbox 2082 833 3727 903">
    <p class='ocr_par' dir='ltr' id='par_1_27' title="bbox 2082 833 3727 903">
     <span class='ocr_line' id='line_1_28' title="bbox 2082 833 3727 903; baseline 0.001 -17"><span class='ocrx_word' id='word_1_195' title='bbox 2082 833 2590 888; x_wconf 89' lang='lat' dir='ltr'>nummistraditis</span> <span class='ocrx_word' id='word_1_196' title='bbox 2621 834 2907 903; x_wconf 81' lang='lat' dir='ltr'>mollitus,</span> <span class='ocrx_word' id='word_1_197' title='bbox 2943 835 3300 889; x_wconf 87' lang='lat' dir='ltr'>incolumem</span> <span class='ocrx_word' id='word_1_198' title='bbox 3321 834 3548 888; x_wconf 82' lang='lat' dir='ltr'>dimisit</span> <span class='ocrx_word' id='word_1_199' title='bbox 3566 834 3727 888; x_wconf 90' lang='lat' dir='ltr'>mili-</span> 
     </span>
    </p>
   </div>
   <div class='ocr_carea' id='block_1_28' title="bbox 2082 921 3723 994">
    <p class='ocr_par' dir='ltr' id='par_1_28' title="bbox 2082 921 3723 994">
     <span class='ocr_line' id='line_1_29' title="bbox 2082 921 3723 994; baseline 0.002 -20"><span class='ocrx_word' id='word_1_200' title='bbox 2082 924 2219 975; x_wconf 90' lang='lat' dir='ltr'>tem.</span> <span class='ocrx_word' id='word_1_201' title='bbox 2251 921 2540 976; x_wconf 84' lang='lat' dir='ltr'>Postridie</span> <span class='ocrx_word' id='word_1_202' title='bbox 2563 923 2819 993; x_wconf 90' lang='lat' dir='ltr'>ejusdiei</span> <span class='ocrx_word' id='word_1_203' title='bbox 2844 928 3301 994; x_wconf 70' lang='lat' dir='ltr'>prmtereuntem</span> <span class='ocrx_word' id='word_1_204' title='bbox 3331 923 3503 977; x_wconf 89' lang='lat' dir='ltr'>illum</span> <span class='ocrx_word' id='word_1_205' title='bbox 3527 923 3723 993; x_wconf 90' lang='lat' dir='ltr'>ipsum</span> 
     </span>
    </p>
   </div>
   <div class='ocr_carea' id='block_1_29' title="bbox 2079 1009 3723 1083">
    <p class='ocr_par' dir='ltr' id='par_1_29' title="bbox 2079 1009 3723 1083">
     <span class='ocr_line' id='line_1_30' title="bbox 2079 1009 3723 1083; baseline 0.002 -21"><span class='ocrx_word' id='word_1_206' title='bbox 2079 1009 2403 1081; x_wconf 85' lang='lat' dir='ltr'>imperator</span> <span class='ocrx_word' id='word_1_207' title='bbox 2427 1013 3242 1082; x_wconf 81' lang='lat' dir='ltr'>conspicatus,centurionem</span> <span class='ocrx_word' id='word_1_208' title='bbox 3260 1013 3723 1083; x_wconf 84' lang='lat' dir='ltr'>introvocariju—</span> 
     </span>
    </p>
   </div>
   <div class='ocr_carea' id='block_1_30' title="bbox 2080 1099 3717 1174">
    <p class='ocr_par' dir='ltr' id='par_1_30' title="bbox 2080 1099 3717 1174">
     <span class='ocr_line' id='line_1_31' title="bbox 2080 1099 3717 1174; baseline 0.002 -21"><span class='ocrx_word' id='word_1_209' title='bbox 2080 1099 2196 1164; x_wconf 86' lang='lat' dir='ltr'>bet,</span> <span class='ocrx_word' id='word_1_210' title='bbox 2232 1106 2309 1166; x_wconf 90' lang='lat' dir='ltr'>et,</span> <span class='ocrx_word' id='word_1_211' title='bbox 2344 1102 2443 1157; x_wconf 81' lang='lat'><strong>58</strong></span> <span class='ocrx_word' id='word_1_212' title='bbox 2477 1125 2504 1152; x_wconf 83' lang='lat'><strong>«</strong></span> <span class='ocrx_word' id='word_1_213' title='bbox 2541 1104 2582 1157; x_wconf 95' lang='grc' dir='ltr'>Ο</span> <span class='ocrx_word' id='word_1_214' title='bbox 2607 1103 2913 1173; x_wconf 79' lang='lat' dir='ltr'>przefracte</span> <span class='ocrx_word' id='word_1_215' title='bbox 2954 1109 3012 1157; x_wconf 90' lang='lat' dir='ltr'>et</span> <span class='ocrx_word' id='word_1_216' title='bbox 3040 1103 3353 1157; x_wconf 83' lang='lat' dir='ltr'>temerarie</span> <span class='ocrx_word' id='word_1_217' title='bbox 3385 1109 3468 1171; x_wconf 85' lang='lat' dir='ltr'>tu,</span> <span class='ocrx_word' id='word_1_218' title='bbox 3501 1103 3717 1174; x_wconf 86' lang='lat' dir='ltr'>inquit,</span> 
     </span>
    </p>
   </div>
   <div class='ocr_carea' id='block_1_31' title="bbox 2080 1189 3714 1263">
    <p class='ocr_par' dir='ltr' id='par_1_31' title="bbox 2080 1189 3714 1263">
     <span class='ocr_line' id='line_1_32' title="bbox 2080 1189 3714 1263; baseline 0.003 -21"><span class='ocrx_word' id='word_1_219' title='bbox 2080 1190 2179 1260; x_wconf 88' lang='lat' dir='ltr'>qui</span> <span class='ocrx_word' id='word_1_220' title='bbox 2212 1189 2278 1244; x_wconf 89' lang='lat' dir='ltr'>ﬁt</span> <span class='ocrx_word' id='word_1_221' title='bbox 2307 1196 2371 1245; x_wconf 88' lang='lat' dir='ltr'>ut</span> <span class='ocrx_word' id='word_1_222' title='bbox 2401 1209 2580 1247; x_wconf 91' lang='lat' dir='ltr'>ausus</span> <span class='ocrx_word' id='word_1_223' title='bbox 2612 1193 2692 1247; x_wconf 88' lang='lat' dir='ltr'>sis</span> <span class='ocrx_word' id='word_1_224' title='bbox 2723 1192 2794 1247; x_wconf 90' lang='lat' dir='ltr'>ad</span> <span class='ocrx_word' id='word_1_225' title='bbox 2826 1193 3046 1247; x_wconf 77' lang='lat' dir='ltr'>exitum</span> <span class='ocrx_word' id='word_1_226' title='bbox 3078 1209 3195 1246; x_wconf 91' lang='lat' dir='ltr'>non</span> <span class='ocrx_word' id='word_1_227' title='bbox 3227 1193 3550 1263; x_wconf 83' lang='lat' dir='ltr'>perducere</span> <span class='ocrx_word' id='word_1_228' title='bbox 3599 1193 3714 1248; x_wconf 90' lang='lat' dir='ltr'>im-</span> 
     </span>
    </p>
   </div>
   <div class='ocr_carea' id='block_1_32' title="bbox 2080 1279 3726 1352">
    <p class='ocr_par' dir='ltr' id='par_1_32' title="bbox 2080 1279 3726 1352">
     <span class='ocr_line' id='line_1_33' title="bbox 2080 1279 3726 1352; baseline 0.003 -21"><span class='ocrx_word' id='word_1_229' title='bbox 2080 1284 2346 1348; x_wconf 90' lang='lat' dir='ltr'>peratum</span> <span class='ocrx_word' id='word_1_230' title='bbox 2371 1279 2398 1334; x_wconf 74' lang='lat'>‘2</span> <span class='ocrx_word' id='word_1_231' title='bbox 2428 1282 2575 1334; x_wconf 81' lang='lat' dir='ltr'>Num</span> <span class='ocrx_word' id='word_1_232' title='bbox 2608 1285 2780 1351; x_wconf 90' lang='lat' dir='ltr'>putas</span> <span class='ocrx_word' id='word_1_233' title='bbox 2812 1282 3008 1335; x_wconf 89' lang='lat' dir='ltr'>minus</span> <span class='ocrx_word' id='word_1_234' title='bbox 3038 1281 3183 1334; x_wconf 91' lang='lat' dir='ltr'>mihi</span> <span class='ocrx_word' id='word_1_235' title='bbox 3216 1297 3392 1352; x_wconf 91' lang='lat' dir='ltr'>quam</span> <span class='ocrx_word' id='word_1_236' title='bbox 3425 1282 3528 1335; x_wconf 86' lang='lat' dir='ltr'>tibi</span> <span class='ocrx_word' id='word_1_237' title='bbox 3571 1299 3726 1336; x_wconf 60' lang='lat' dir='ltr'>cura)</span> 
     </span>
    </p>
   </div>
   <div class='ocr_carea' id='block_1_33' title="bbox 2081 1369 3727 1442">
    <p class='ocr_par' dir='ltr' id='par_1_33' title="bbox 2081 1369 3727 1442">
     <span class='ocr_line' id='line_1_34' title="bbox 2081 1369 3727 1442; baseline 0.003 -21"><span class='ocrx_word' id='word_1_238' title='bbox 2081 1383 2208 1422; x_wconf 91' lang='lat' dir='ltr'>esse</span> <span class='ocrx_word' id='word_1_239' title='bbox 2238 1369 2418 1423; x_wconf 87' lang='lat' dir='ltr'>istum</span> <span class='ocrx_word' id='word_1_240' title='bbox 2451 1370 2815 1424; x_wconf 81' lang='lat' dir='ltr'>exercitum?</span> <span class='ocrx_word' id='word_1_241' title='bbox 2841 1370 2927 1424; x_wconf 84' lang='lat' dir='ltr'>Ad</span> <span class='ocrx_word' id='word_1_242' title='bbox 2951 1370 3309 1425; x_wconf 88' lang='lat' dir='ltr'>erudiendos</span> <span class='ocrx_word' id='word_1_243' title='bbox 3337 1372 3598 1442; x_wconf 89' lang='lat' dir='ltr'>reliquos</span> <span class='ocrx_word' id='word_1_244' title='bbox 3625 1388 3727 1442; x_wconf 87' lang='lat' dir='ltr'>ego</span> 
     </span>
    </p>
   </div>
   <div class='ocr_carea' id='block_1_34' title="bbox 2079 1457 3730 1531">
    <p class='ocr_par' dir='ltr' id='par_1_34' title="bbox 2079 1457 3730 1531">
     <span class='ocr_line' id='line_1_35' title="bbox 2079 1457 3730 1531; baseline 0.004 -21"><span class='ocrx_word' id='word_1_245' title='bbox 2079 1457 2549 1526; x_wconf 84' lang='lat' dir='ltr'>decreveram,ut</span> <span class='ocrx_word' id='word_1_246' title='bbox 2565 1459 2856 1529; x_wconf 84' lang='lat' dir='ltr'>ejusmodi</span> <span class='ocrx_word' id='word_1_247' title='bbox 2884 1476 3118 1530; x_wconf 79' lang='lat' dir='ltr'>pcenam</span> <span class='ocrx_word' id='word_1_248' title='bbox 3143 1460 3190 1514; x_wconf 92' lang='lat' dir='ltr'>is</span> <span class='ocrx_word' id='word_1_249' title='bbox 3211 1461 3411 1528; x_wconf 84' lang='lat' dir='ltr'>ferret,</span> <span class='ocrx_word' id='word_1_250' title='bbox 3433 1462 3532 1531; x_wconf 91' lang='lat' dir='ltr'>qui</span> <span class='ocrx_word' id='word_1_251' title='bbox 3565 1479 3730 1518; x_wconf 89' lang='lat' dir='ltr'>arma</span> 
     </span>
    </p>
   </div>
   <div class='ocr_carea' id='block_1_35' title="bbox 2079 1548 3731 1623">
    <p class='ocr_par' dir='ltr' id='par_1_35' title="bbox 2079 1548 3731 1623">
     <span class='ocr_line' id='line_1_36' title="bbox 2079 1548 3731 1623; baseline 0.004 -22"><span class='ocrx_word' id='word_1_252' title='bbox 2079 1548 2396 1619; x_wconf 89' lang='lat' dir='ltr'>abjecisset</span> <span class='ocrx_word' id='word_1_253' title='bbox 2427 1567 2568 1605; x_wconf 89' lang='lat' dir='ltr'>sua:</span> <span class='ocrx_word' id='word_1_254' title='bbox 2603 1566 2677 1604; x_wconf 92' lang='lat' dir='ltr'>ne</span> <span class='ocrx_word' id='word_1_255' title='bbox 2710 1551 2810 1620; x_wconf 91' lang='lat' dir='ltr'>qui</span> <span class='ocrx_word' id='word_1_256' title='bbox 2839 1551 3132 1605; x_wconf 83' lang='lat' dir='ltr'>incuriam</span> <span class='ocrx_word' id='word_1_257' title='bbox 3167 1552 3296 1623; x_wconf 85' lang='lat' dir='ltr'>ejus</span> <span class='ocrx_word' id='word_1_258' title='bbox 3319 1552 3731 1623; x_wconf 77' lang='lat' dir='ltr'>ignaviamque</span> 
     </span>
    </p>
   </div>
   <div class='ocr_carea' id='block_1_36' title="bbox 2079 1637 3732 1712">
    <p class='ocr_par' dir='ltr' id='par_1_36' title="bbox 2079 1637 3732 1712">
     <span class='ocr_line' id='line_1_37' title="bbox 2079 1637 3732 1712; baseline 0.004 -22"><span class='ocrx_word' id='word_1_259' title='bbox 2079 1637 2291 1692; x_wconf 86' lang='lat' dir='ltr'>imitati</span> <span class='ocrx_word' id='word_1_260' title='bbox 2316 1638 2596 1710; x_wconf 53' lang='lat' dir='ltr'>idiipsum</span> <span class='ocrx_word' id='word_1_261' title='bbox 2627 1640 2909 1708; x_wconf 85' lang='lat' dir='ltr'>facerent,</span> <span class='ocrx_word' id='word_1_262' title='bbox 2946 1647 3327 1712; x_wconf 77' lang='lat' dir='ltr'>temporequc</span> <span class='ocrx_word' id='word_1_263' title='bbox 3368 1643 3556 1712; x_wconf 64' lang='lat' dir='ltr'>praelii</span> <span class='ocrx_word' id='word_1_264' title='bbox 3589 1643 3732 1697; x_wconf 90' lang='lat' dir='ltr'>nudi</span> 
     </span>
    </p>
   </div>
   <div class='ocr_carea' id='block_1_37' title="bbox 2079 1729 3732 1804">
    <p class='ocr_par' dir='ltr' id='par_1_37' title="bbox 2079 1729 3732 1804">
     <span class='ocr_line' id='line_1_38' title="bbox 2079 1729 3732 1804; baseline 0.004 -22"><span class='ocrx_word' id='word_1_265' title='bbox 2079 1729 2258 1783; x_wconf 91' lang='lat' dir='ltr'>armis</span> <span class='ocrx_word' id='word_1_266' title='bbox 2277 1729 2635 1801; x_wconf 81' lang='lat' dir='ltr'>deprehensi</span> <span class='ocrx_word' id='word_1_267' title='bbox 2662 1731 2731 1786; x_wconf 92' lang='lat' dir='ltr'>ab</span> <span class='ocrx_word' id='word_1_268' title='bbox 2758 1731 3027 1787; x_wconf 88' lang='lat' dir='ltr'>hostibus</span> <span class='ocrx_word' id='word_1_269' title='bbox 3053 1738 3315 1787; x_wconf 88' lang='lat' dir='ltr'>actutum</span> <span class='ocrx_word' id='word_1_270' title='bbox 3340 1736 3607 1804; x_wconf 89' lang='lat' dir='ltr'>oppressi</span> <span class='ocrx_word' id='word_1_271' title='bbox 3639 1735 3732 1789; x_wconf 91' lang='lat' dir='ltr'>in-</span> 
     </span>
    </p>
   </div>
   <div class='ocr_carea' id='block_1_38' title="bbox 2085 1820 3726 1892">
    <p class='ocr_par' dir='ltr' id='par_1_38' title="bbox 2085 1820 3726 1892">
     <span class='ocr_line' id='line_1_39' title="bbox 2085 1820 3726 1892; baseline 0.003 -19"><span class='ocrx_word' id='word_1_272' title='bbox 2085 1820 2351 1876; x_wconf 88' lang='lat' dir='ltr'>terirent.</span> <span class='ocrx_word' id='word_1_273' title='bbox 2389 1844 2408 1869; x_wconf 75' lang='grc' dir='ltr'>ι</span> <span class='ocrx_word' id='word_1_274' title='bbox 2450 1821 2536 1876; x_wconf 91' lang='lat' dir='ltr'>lta</span> <span class='ocrx_word' id='word_1_275' title='bbox 2587 1821 2932 1877; x_wconf 86' lang='lat' dir='ltr'>centurione</span> <span class='ocrx_word' id='word_1_276' title='bbox 2983 1823 3364 1878; x_wconf 88' lang='lat' dir='ltr'>vehementer</span> <span class='ocrx_word' id='word_1_277' title='bbox 3403 1824 3726 1892; x_wconf 87' lang='lat' dir='ltr'>verberato,</span> 
     </span>
    </p>
   </div>
   <div class='ocr_carea' id='block_1_39' title="bbox 2084 1910 3725 1982">
    <p class='ocr_par' dir='ltr' id='par_1_39' title="bbox 2084 1910 3725 1982">
     <span class='ocr_line' id='line_1_40' title="bbox 2084 1910 3725 1982; baseline 0.002 -18"><span class='ocrx_word' id='word_1_278' title='bbox 2084 1926 2349 1980; x_wconf 85' lang='lat' dir='ltr'>nasoque</span> <span class='ocrx_word' id='word_1_279' title='bbox 2381 1910 2433 1964; x_wconf 88' lang='lat' dir='ltr'>ei</span> <span class='ocrx_word' id='word_1_280' title='bbox 2462 1916 2788 1982; x_wconf 88' lang='lat' dir='ltr'>amputato,</span> <span class='ocrx_word' id='word_1_281' title='bbox 2822 1918 3044 1966; x_wconf 82' lang='lat' dir='ltr'>metum</span> <span class='ocrx_word' id='word_1_282' title='bbox 3077 1913 3329 1968; x_wconf 89' lang='lat' dir='ltr'>incussit</span> <span class='ocrx_word' id='word_1_283' title='bbox 3367 1914 3529 1968; x_wconf 93' lang='lat' dir='ltr'>omni</span> <span class='ocrx_word' id='word_1_284' title='bbox 3563 1931 3725 1970; x_wconf 79' lang='lat' dir='ltr'>exer-</span> 
     </span>
    </p>
   </div>
   <div class='ocr_carea' id='block_1_40' title="bbox 2084 1999 3721 2073">
    <p class='ocr_par' dir='ltr' id='par_1_40' title="bbox 2084 1999 3721 2073">
     <span class='ocr_line' id='line_1_41' title="bbox 2084 1999 3721 2073; baseline 0.003 -20"><span class='ocrx_word' id='word_1_285' title='bbox 2084 2000 2247 2067; x_wconf 89' lang='lat' dir='ltr'>citui,</span> <span class='ocrx_word' id='word_1_286' title='bbox 2281 2017 2354 2053; x_wconf 94' lang='lat' dir='ltr'>ne</span> <span class='ocrx_word' id='word_1_287' title='bbox 2385 2000 2502 2053; x_wconf 86' lang='lat' dir='ltr'>iam</span> <span class='ocrx_word' id='word_1_288' title='bbox 2535 1999 2861 2073; x_wconf 88' lang='lat' dir='ltr'>iudiligiter</span> <span class='ocrx_word' id='word_1_289' title='bbox 2890 2007 3089 2073; x_wconf 88' lang='lat' dir='ltr'>ageret</span> <span class='ocrx_word' id='word_1_290' title='bbox 3118 2003 3179 2057; x_wconf 91' lang='lat' dir='ltr'>in</span> <span class='ocrx_word' id='word_1_291' title='bbox 3213 2004 3490 2059; x_wconf 88' lang='lat' dir='ltr'>curandis</span> <span class='ocrx_word' id='word_1_292' title='bbox 3521 2006 3721 2060; x_wconf 89' lang='lat' dir='ltr'>armis.</span> 
     </span>
    </p>
   </div>
   <div class='ocr_carea' id='block_1_41' title="bbox 3359 2092 3720 2156">
    <p class='ocr_par' dir='ltr' id='par_1_41' title="bbox 3359 2092 3720 2156">
     <span class='ocr_line' id='line_1_42' title="bbox 3359 2092 3720 2156; baseline 0.008 -10"><span class='ocrx_word' id='word_1_293' title='bbox 3359 2092 3448 2146; x_wconf 76' lang='grc' dir='ltr'>οὗν</span> <span class='ocrx_word' id='word_1_294' title='bbox 3511 2094 3720 2156; x_wconf 84' lang='grc' dir='ltr'>αίκίσας</span> 
     </span>
    </p>
   </div>
   <div class='ocr_carea' id='block_1_42' title="bbox 321 2175 3724 2258">
    <p class='ocr_par' dir='ltr' id='par_1_42' title="bbox 321 2175 3724 2258">
     <span class='ocr_line' id='line_1_43' title="bbox 321 2175 3724 2258; baseline 0 -20"><span class='ocrx_word' id='word_1_295' title='bbox 321 2183 412 2238; x_wconf 84' lang='grc' dir='ltr'>τὸν</span> <span class='ocrx_word' id='word_1_296' title='bbox 456 2179 706 2257; x_wconf 90' lang='grc' dir='ltr'>λοχαγὸν</span> <span class='ocrx_word' id='word_1_297' title='bbox 761 2179 852 2235; x_wconf 83' lang='grc' dir='ltr'>καὶ</span> <span class='ocrx_word' id='word_1_298' title='bbox 908 2186 1010 2250; x_wconf 80' lang='grc' dir='ltr'>τῆς</span> <span class='ocrx_word' id='word_1_299' title='bbox 1067 2179 1209 2256; x_wconf 68' lang='grc' dir='ltr'>ῥινὸς</span> <span class='ocrx_word' id='word_1_300' title='bbox 1270 2176 1626 2256; x_wconf 66' lang='grc' dir='ltr'>ἀφελόμενος,</span> <span class='ocrx_word' id='word_1_301' title='bbox 1684 2175 1804 2238; x_wconf 83' lang='grc' dir='ltr'>δέος</span> <span class='ocrx_word' id='word_1_302' title='bbox 1863 2175 2020 2246; x_wconf 80' lang='grc' dir='ltr'>ἐνῆκε</span> <span class='ocrx_word' id='word_1_303' title='bbox 2073 2175 2232 2230; x_wconf 79' lang='grc' dir='ltr'>παντὶ</span> <span class='ocrx_word' id='word_1_304' title='bbox 2290 2180 2370 2248; x_wconf 81' lang='grc' dir='ltr'>τῷ</span> <span class='ocrx_word' id='word_1_305' title='bbox 2423 2181 2657 2249; x_wconf 73' lang='grc' dir='ltr'>στρατῷ,</span> <span class='ocrx_word' id='word_1_306' title='bbox 2720 2178 2913 2248; x_wconf 67' lang='grc' dir='ltr'>μηκέτι</span> <span class='ocrx_word' id='word_1_307' title='bbox 2971 2178 3194 2251; x_wconf 87' lang='grc' dir='ltr'>ἀμελῶς</span> <span class='ocrx_word' id='word_1_308' title='bbox 3250 2177 3546 2236; x_wconf 76' lang='grc' dir='ltr'>διακεῖσθαι</span> <span class='ocrx_word' id='word_1_309' title='bbox 3601 2186 3724 2258; x_wconf 81' lang='grc' dir='ltr'>περὶ</span> 
     </span>
    </p>
   </div>
   <div class='ocr_carea' id='block_1_43' title="bbox 317 2271 972 2344">
    <p class='ocr_par' dir='ltr' id='par_1_43' title="bbox 317 2271 972 2344">
     <span class='ocr_line' id='line_1_44' title="bbox 317 2271 972 2344; baseline -0.003 -16"><span class='ocrx_word' id='word_1_310' title='bbox 317 2273 409 2328; x_wconf 86' lang='grc' dir='ltr'>τὸν</span> <span class='ocrx_word' id='word_1_311' title='bbox 444 2271 644 2327; x_wconf 78' lang='grc' dir='ltr'>οἰκεῖον</span> <span class='ocrx_word' id='word_1_312' title='bbox 676 2271 972 2344; x_wconf 77' lang='grc' dir='ltr'>ὁπλισμόν.</span> 
     </span>
    </p>
   </div>
   <div class='ocr_carea' id='block_1_44' title="bbox 391 2357 1968 2438">
    <p class='ocr_par' dir='ltr' id='par_1_44' title="bbox 391 2357 1968 2438">
     <span class='ocr_line' id='line_1_45' title="bbox 391 2357 1968 2438; baseline -0.005 -19"><span class='ocrx_word' id='word_1_313' title='bbox 391 2362 460 2438; x_wconf 69' lang='grc' dir='ltr'>γ’.</span> <span class='ocrx_word' id='word_1_314' title='bbox 494 2363 653 2438; x_wconf 84' lang='grc' dir='ltr'>Ἀρτι</span> <span class='ocrx_word' id='word_1_315' title='bbox 701 2358 759 2415; x_wconf 73' lang='grc' dir='ltr'>δὲ</span> <span class='ocrx_word' id='word_1_316' title='bbox 813 2361 950 2415; x_wconf 69' lang='grc' dir='ltr'>κατὰ</span> <span class='ocrx_word' id='word_1_317' title='bbox 999 2360 1098 2429; x_wconf 72' lang='grc' dir='ltr'>τὴν</span> <span class='ocrx_word' id='word_1_318' title='bbox 1157 2359 1475 2434; x_wconf 82' lang='grc' dir='ltr'>περίχωρον</span> <span class='ocrx_word' id='word_1_319' title='bbox 1531 2357 1820 2433; x_wconf 76' lang='grc' dir='ltr'>γενόμενός</span> <span class='ocrx_word' id='word_1_320' title='bbox 1866 2361 1968 2426; x_wconf 79' lang='grc' dir='ltr'>τῆς</span> 
     </span>
    </p>
   </div>
   <div class='ocr_carea' id='block_1_45' title="bbox 318 2447 1972 2529">
    <p class='ocr_par' dir='ltr' id='par_1_45' title="bbox 318 2447 1972 2529">
     <span class='ocr_line' id='line_1_46' title="bbox 318 2447 1972 2529; baseline -0.006 -20"><span class='ocrx_word' id='word_1_321' title='bbox 318 2455 557 2529; x_wconf 82' lang='grc' dir='ltr'>Ταρσοῦ,</span> <span class='ocrx_word' id='word_1_322' title='bbox 621 2451 844 2516; x_wconf 78' lang='grc' dir='ltr'>ἐνταῦθα</span> <span class='ocrx_word' id='word_1_323' title='bbox 931 2447 1406 2523; x_wconf 74' lang='grc' dir='ltr'>στρατοπεδεύεται</span> <span class='ocrx_word' id='word_1_324' title='bbox 1460 2449 1548 2503; x_wconf 83' lang='grc' dir='ltr'>καὶ</span> <span class='ocrx_word' id='word_1_325' title='bbox 1607 2448 1822 2523; x_wconf 82' lang='grc' dir='ltr'>χάρακα</span> <span class='ocrx_word' id='word_1_326' title='bbox 1876 2467 1972 2500; x_wconf 87' lang='grc' dir='ltr'>κυ-</span> 
     </span>
    </p>
   </div>
   <div class='ocr_carea' id='block_1_46' title="bbox 319 2535 1970 2615">
    <p class='ocr_par' dir='ltr' id='par_1_46' title="bbox 319 2535 1970 2615">
     <span class='ocr_line' id='line_1_47' title="bbox 319 2535 1970 2615; baseline -0.004 -18"><span class='ocrx_word' id='word_1_327' title='bbox 319 2540 514 2597; x_wconf 81' lang='grc' dir='ltr'>κλόθεν</span> <span class='ocrx_word' id='word_1_328' title='bbox 547 2543 884 2614; x_wconf 71' lang='grc' dir='ltr'>πηξάμενος,</span> <span class='ocrx_word' id='word_1_329' title='bbox 931 2543 1207 2615; x_wconf 80' lang='grc' dir='ltr'>καρτερῶς</span> <span class='ocrx_word' id='word_1_330' title='bbox 1264 2537 1332 2593; x_wconf 73' lang='grc' dir='ltr'>τά</span> <span class='ocrx_word' id='word_1_331' title='bbox 1387 2559 1446 2593; x_wconf 90' lang='grc' dir='ltr'>τε</span> <span class='ocrx_word' id='word_1_332' title='bbox 1503 2537 1638 2608; x_wconf 72' lang='grc' dir='ltr'>λήϊα</span> <span class='ocrx_word' id='word_1_333' title='bbox 1693 2537 1781 2591; x_wconf 79' lang='grc' dir='ltr'>καὶ</span> <span class='ocrx_word' id='word_1_334' title='bbox 1841 2535 1970 2598; x_wconf 83' lang='grc' dir='ltr'>τοὺς</span> 
     </span>
    </p>
   </div>
   <div class='ocr_carea' id='block_1_47' title="bbox 322 2625 1972 2707">
    <p class='ocr_par' dir='ltr' id='par_1_47' title="bbox 322 2625 1972 2707">
     <span class='ocr_line' id='line_1_48' title="bbox 322 2625 1972 2707; baseline -0.004 -19"><span class='ocrx_word' id='word_1_335' title='bbox 322 2633 620 2707; x_wconf 83' lang='grc' dir='ltr'>λειμῶνας,</span> <span class='ocrx_word' id='word_1_336' title='bbox 652 2639 768 2696; x_wconf 85' lang='grc' dir='ltr'>τοῖς</span> <span class='ocrx_word' id='word_1_337' title='bbox 801 2630 978 2688; x_wconf 78' lang='grc' dir='ltr'>ἄνθεσι</span> <span class='ocrx_word' id='word_1_338' title='bbox 1032 2630 1124 2686; x_wconf 82' lang='grc' dir='ltr'>καὶ</span> <span class='ocrx_word' id='word_1_339' title='bbox 1181 2629 1450 2685; x_wconf 82' lang='grc' dir='ltr'>παντοίων</span> <span class='ocrx_word' id='word_1_340' title='bbox 1511 2625 1744 2702; x_wconf 67' lang='grc' dir='ltr'>δένδρων</span> <span class='ocrx_word' id='word_1_341' title='bbox 1807 2625 1972 2689; x_wconf 79' lang='grc' dir='ltr'>ἷδέαις</span> 
     </span>
    </p>
   </div>
   <div class='ocr_carea' id='block_1_48' title="bbox 321 2717 1968 2796">
    <p class='ocr_par' dir='ltr' id='par_1_48' title="bbox 321 2717 1968 2796">
     <span class='ocr_line' id='line_1_49' title="bbox 321 2717 1968 2796; baseline -0.005 -18"><span class='ocrx_word' id='word_1_342' title='bbox 321 2727 635 2796; x_wconf 75' lang='grc' dir='ltr'>κομῶντας,</span> <span class='ocrx_word' id='word_1_343' title='bbox 691 2720 848 2796; x_wconf 73' lang='grc' dir='ltr'>δῃοῦν</span> <span class='ocrx_word' id='word_1_344' title='bbox 908 2721 998 2776; x_wconf 81' lang='grc' dir='ltr'>καὶ</span> <span class='ocrx_word' id='word_1_345' title='bbox 1052 2721 1359 2794; x_wconf 83' lang='grc' dir='ltr'>ἀποκείρειν</span> <span class='ocrx_word' id='word_1_346' title='bbox 1446 2718 1826 2794; x_wconf 67' lang='grc' dir='ltr'>προσέταττεν,</span> <span class='ocrx_word' id='word_1_347' title='bbox 1894 2717 1968 2780; x_wconf 83' lang='grc' dir='ltr'>ὡς</span> 
     </span>
    </p>
   </div>
   <div class='ocr_carea' id='block_1_49' title="bbox 325 2809 1971 2886">
    <p class='ocr_par' dir='ltr' id='par_1_49' title="bbox 325 2809 1971 2886">
     <span class='ocr_line' id='line_1_50' title="bbox 325 2809 1971 2886; baseline -0.003 -19"><span class='ocrx_word' id='word_1_348' title='bbox 325 2811 376 2884; x_wconf 78' lang='grc' dir='ltr'>ἐξ</span> <span class='ocrx_word' id='word_1_349' title='bbox 409 2811 655 2867; x_wconf 75' lang='grc' dir='ltr'>ἀπόπτου</span> <span class='ocrx_word' id='word_1_350' title='bbox 684 2814 720 2880; x_wconf 79' lang='grc' dir='ltr'>ἡ</span> <span class='ocrx_word' id='word_1_351' title='bbox 753 2810 1002 2886; x_wconf 76' lang='grc' dir='ltr'>διαμάχη</span> <span class='ocrx_word' id='word_1_352' title='bbox 1047 2810 1225 2882; x_wconf 67' lang='grc' dir='ltr'>τούτῳ</span> <span class='ocrx_word' id='word_1_353' title='bbox 1267 2809 1375 2881; x_wconf 82' lang='grc' dir='ltr'>εἷή,</span> <span class='ocrx_word' id='word_1_354' title='bbox 1425 2809 1515 2863; x_wconf 82' lang='grc' dir='ltr'>καὶ</span> <span class='ocrx_word' id='word_1_355' title='bbox 1569 2809 1642 2881; x_wconf 77' lang='grc' dir='ltr'>μή</span> <span class='ocrx_word' id='word_1_356' title='bbox 1696 2829 1816 2862; x_wconf 89' lang='grc' dir='ltr'>τινα</span> <span class='ocrx_word' id='word_1_357' title='bbox 1852 2813 1971 2872; x_wconf 88' lang='grc' dir='ltr'>τοῖς</span> 
     </span>
    </p>
   </div>
   <div class='ocr_carea' id='block_1_50' title="bbox 326 2895 1968 2980">
    <p class='ocr_par' dir='ltr' id='par_1_50' title="bbox 326 2895 1968 2980">
     <span class='ocr_line' id='line_1_51' title="bbox 326 2895 1968 2980; baseline -0.004 -23"><span class='ocrx_word' id='word_1_358' title='bbox 326 2895 753 2980; x_wconf 44' lang='grc' dir='ltr'>Βαρϐάροιςξξέἷ</span> <span class='ocrx_word' id='word_1_359' title='bbox 784 2899 836 2954; x_wconf 81' lang='grc' dir='ltr'>ἐν</span> <span class='ocrx_word' id='word_1_360' title='bbox 863 2906 982 2962; x_wconf 89' lang='grc' dir='ltr'>τοῖς</span> <span class='ocrx_word' id='word_1_361' title='bbox 1013 2897 1350 2973; x_wconf 66' lang='grc' dir='ltr'>ἀμφιλαφέσι</span> <span class='ocrx_word' id='word_1_362' title='bbox 1385 2898 1618 2972; x_wconf 77' lang='grc' dir='ltr'>χωρίοις</span> <span class='ocrx_word' id='word_1_363' title='bbox 1677 2896 1848 2972; x_wconf 81' lang='grc' dir='ltr'>λόχον</span> <span class='ocrx_word' id='word_1_364' title='bbox 1883 2896 1968 2971; x_wconf 78' lang='grc' dir='ltr'>ἐγ-</span> 
     </span>
    </p>
   </div>
   <div class='ocr_carea' id='block_1_51' title="bbox 325 2984 1968 3064">
    <p class='ocr_par' dir='ltr' id='par_1_51' title="bbox 325 2984 1968 3064">
     <span class='ocr_line' id='line_1_52' title="bbox 325 2984 1968 3064; baseline -0.002 -21"><span class='ocrx_word' id='word_1_365' title='bbox 325 2990 682 3055; x_wconf 76' lang='grc' dir='ltr'>καθιστάνειν,</span> <span class='ocrx_word' id='word_1_366' title='bbox 713 2989 796 3043; x_wconf 80' lang='grc' dir='ltr'>καὶ</span> <span class='ocrx_word' id='word_1_367' title='bbox 848 2990 915 3060; x_wconf 76' lang='grc' dir='ltr'>τῇ</span> <span class='ocrx_word' id='word_1_368' title='bbox 973 2990 1259 3061; x_wconf 81' lang='grc' dir='ltr'>Ῥωμαϊκῇ</span> <span class='ocrx_word' id='word_1_369' title='bbox 1313 2991 1535 3062; x_wconf 75' lang='grc' dir='ltr'>στρατιᾷ</span> <span class='ocrx_word' id='word_1_370' title='bbox 1587 2984 1646 3041; x_wconf 85' lang='grc' dir='ltr'>ἐκ</span> <span class='ocrx_word' id='word_1_371' title='bbox 1689 2989 1788 3041; x_wconf 78' lang='grc' dir='ltr'>τοῦ</span> <span class='ocrx_word' id='word_1_372' title='bbox 1832 2985 1968 3064; x_wconf 75' lang='grc' dir='ltr'>ἀφα-</span> 
     </span>
    </p>
   </div>
   <div class='ocr_carea' id='block_1_52' title="bbox 2152 2356 3727 2431">
    <p class='ocr_par' dir='ltr' id='par_1_52' title="bbox 2152 2356 3727 2431">
     <span class='ocr_line' id='line_1_53' title="bbox 2152 2356 3727 2431; baseline 0.005 -20"><span class='ocrx_word' id='word_1_373' title='bbox 2152 2359 2202 2411; x_wconf 89' lang='grc'><strong>3.</strong></span> <span class='ocrx_word' id='word_1_374' title='bbox 2232 2356 2376 2412; x_wconf 88' lang='lat' dir='ltr'>Cum</span> <span class='ocrx_word' id='word_1_375' title='bbox 2399 2357 2460 2411; x_wconf 93' lang='lat' dir='ltr'>in</span> <span class='ocrx_word' id='word_1_376' title='bbox 2482 2374 2686 2428; x_wconf 77' lang='lat' dir='ltr'>agrum</span> <span class='ocrx_word' id='word_1_377' title='bbox 2718 2359 3066 2414; x_wconf 89' lang='lat' dir='ltr'>Tarsensem</span> <span class='ocrx_word' id='word_1_378' title='bbox 3101 2362 3484 2431; x_wconf 85' lang='lat' dir='ltr'>pervenisset,</span> <span class='ocrx_word' id='word_1_379' title='bbox 3520 2364 3727 2420; x_wconf 85' lang='lat' dir='ltr'>castris</span> 
     </span>
    </p>
   </div>
   <div class='ocr_carea' id='block_1_53' title="bbox 2082 2447 3727 2524">
    <p class='ocr_par' dir='ltr' id='par_1_53' title="bbox 2082 2447 3727 2524">
     <span class='ocr_line' id='line_1_54' title="bbox 2082 2447 3727 2524; baseline 0.005 -24"><span class='ocrx_word' id='word_1_380' title='bbox 2082 2447 2250 2502; x_wconf 79' lang='lat' dir='ltr'>factis</span> <span class='ocrx_word' id='word_1_381' title='bbox 2268 2448 2602 2520; x_wconf 90' lang='lat' dir='ltr'>oppidoque</span> <span class='ocrx_word' id='word_1_382' title='bbox 2618 2449 3326 2522; x_wconf 88' lang='lat' dir='ltr'>circumvallato,campos</span> <span class='ocrx_word' id='word_1_383' title='bbox 3345 2459 3520 2524; x_wconf 89' lang='lat' dir='ltr'>atque</span> <span class='ocrx_word' id='word_1_384' title='bbox 3540 2460 3727 2524; x_wconf 85' lang='lat' dir='ltr'>prata,</span> 
     </span>
    </p>
   </div>
   <div class='ocr_carea' id='block_1_54' title="bbox 2082 2539 3724 2616">
    <p class='ocr_par' dir='ltr' id='par_1_54' title="bbox 2082 2539 3724 2616">
     <span class='ocr_line' id='line_1_55' title="bbox 2082 2539 3724 2616; baseline 0.004 -22"><span class='ocrx_word' id='word_1_385' title='bbox 2082 2539 2327 2594; x_wconf 82' lang='lat' dir='ltr'>ﬁoribus</span> <span class='ocrx_word' id='word_1_386' title='bbox 2350 2541 2764 2612; x_wconf 88' lang='lat' dir='ltr'>variarumque</span> <span class='ocrx_word' id='word_1_387' title='bbox 2790 2542 3068 2596; x_wconf 86' lang='lat' dir='ltr'>arborum</span> <span class='ocrx_word' id='word_1_388' title='bbox 3097 2542 3303 2599; x_wconf 85' lang='lat' dir='ltr'>formis</span> <span class='ocrx_word' id='word_1_389' title='bbox 3325 2545 3724 2616; x_wconf 73' lang='lat' dir='ltr'>lmta,penitus</span> 
     </span>
    </p>
   </div>
   <div class='ocr_carea' id='block_1_55' title="bbox 2080 2628 3725 2706">
    <p class='ocr_par' dir='ltr' id='par_1_55' title="bbox 2080 2628 3725 2706">
     <span class='ocr_line' id='line_1_56' title="bbox 2080 2628 3725 2706; baseline 0.006 -26"><span class='ocrx_word' id='word_1_390' title='bbox 2080 2630 2293 2684; x_wconf 85' lang='lat' dir='ltr'>vastari</span> <span class='ocrx_word' id='word_1_391' title='bbox 2335 2628 2602 2700; x_wconf 81' lang='lat' dir='ltr'>caedique</span> <span class='ocrx_word' id='word_1_392' title='bbox 2627 2630 2829 2701; x_wconf 89' lang='lat' dir='ltr'>jussit,</span> <span class='ocrx_word' id='word_1_393' title='bbox 2862 2637 2926 2684; x_wconf 91' lang='lat' dir='ltr'>ut</span> <span class='ocrx_word' id='word_1_394' title='bbox 2973 2633 3034 2686; x_wconf 91' lang='lat' dir='ltr'>in</span> <span class='ocrx_word' id='word_1_395' title='bbox 3080 2634 3399 2705; x_wconf 88' lang='lat' dir='ltr'>conspicuo</span> <span class='ocrx_word' id='word_1_396' title='bbox 3452 2636 3725 2706; x_wconf 65' lang='lat' dir='ltr'>praelium</span> 
     </span>
    </p>
   </div>
   <div class='ocr_carea' id='block_1_56' title="bbox 2081 2719 3725 2789">
    <p class='ocr_par' dir='ltr' id='par_1_56' title="bbox 2081 2719 3725 2789">
     <span class='ocr_line' id='line_1_57' title="bbox 2081 2719 3725 2789; baseline 0.004 -18"><span class='ocrx_word' id='word_1_397' title='bbox 2081 2719 2266 2785; x_wconf 86' lang='lat' dir='ltr'>ﬁeret,</span> <span class='ocrx_word' id='word_1_398' title='bbox 2290 2735 2481 2789; x_wconf 88' lang='lat' dir='ltr'>neque</span> <span class='ocrx_word' id='word_1_399' title='bbox 2505 2719 2657 2773; x_wconf 89' lang='lat' dir='ltr'>ullas</span> <span class='ocrx_word' id='word_1_400' title='bbox 2681 2720 2950 2774; x_wconf 88' lang='lat' dir='ltr'>Barbaris</span> <span class='ocrx_word' id='word_1_401' title='bbox 2975 2720 3184 2775; x_wconf 84' lang='lat' dir='ltr'>liceret</span> <span class='ocrx_word' id='word_1_402' title='bbox 3205 2723 3264 2776; x_wconf 92' lang='lat' dir='ltr'>in</span> <span class='ocrx_word' id='word_1_403' title='bbox 3279 2725 3563 2778; x_wconf 89' lang='lat' dir='ltr'>contectis</span> <span class='ocrx_word' id='word_1_404' title='bbox 3582 2724 3725 2780; x_wconf 92' lang='lat' dir='ltr'>locis</span> 
     </span>
    </p>
   </div>
   <div class='ocr_carea' id='block_1_57' title="bbox 2079 2808 3724 2880">
    <p class='ocr_par' dir='ltr' id='par_1_57' title="bbox 2079 2808 3724 2880">
     <span class='ocr_line' id='line_1_58' title="bbox 2079 2808 3724 2880; baseline 0.004 -19"><span class='ocrx_word' id='word_1_405' title='bbox 2079 2824 2299 2878; x_wconf 90' lang='lat' dir='ltr'>ponere</span> <span class='ocrx_word' id='word_1_406' title='bbox 2319 2808 2587 2877; x_wconf 89' lang='lat' dir='ltr'>insidias,</span> <span class='ocrx_word' id='word_1_407' title='bbox 2612 2809 2673 2863; x_wconf 91' lang='lat' dir='ltr'>in</span> <span class='ocrx_word' id='word_1_408' title='bbox 2700 2811 3152 2880; x_wconf 77' lang='lat' dir='ltr'>Romanumque</span> <span class='ocrx_word' id='word_1_409' title='bbox 3180 2813 3503 2866; x_wconf 84' lang='lat' dir='ltr'>exercitum</span> <span class='ocrx_word' id='word_1_410' title='bbox 3528 2831 3597 2867; x_wconf 81' lang='lat' dir='ltr'>ex</span> <span class='ocrx_word' id='word_1_411' title='bbox 3627 2831 3724 2868; x_wconf 91' lang='lat' dir='ltr'>oc-</span> 
     </span>
    </p>
   </div>
   <div class='ocr_carea' id='block_1_58' title="bbox 2079 2897 3724 2975">
    <p class='ocr_par' dir='ltr' id='par_1_58' title="bbox 2079 2897 3724 2975">
     <span class='ocr_line' id='line_1_59' title="bbox 2079 2897 3724 2975; baseline 0.004 -24"><span class='ocrx_word' id='word_1_412' title='bbox 2079 2897 2236 2952; x_wconf 93' lang='lat' dir='ltr'>culto</span> <span class='ocrx_word' id='word_1_413' title='bbox 2259 2898 2493 2954; x_wconf 91' lang='lat' dir='ltr'>cooriri.</span> <span class='ocrx_word' id='word_1_414' title='bbox 2529 2897 2791 2954; x_wconf 86' lang='lat' dir='ltr'>Vidisses</span> <span class='ocrx_word' id='word_1_415' title='bbox 2822 2904 2961 2954; x_wconf 90' lang='lat' dir='ltr'>tunc</span> <span class='ocrx_word' id='word_1_416' title='bbox 2983 2917 3188 2972; x_wconf 82' lang='lat' dir='ltr'>agrum</span> <span class='ocrx_word' id='word_1_417' title='bbox 3214 2919 3317 2955; x_wconf 93' lang='lat' dir='ltr'>suo</span> <span class='ocrx_word' id='word_1_418' title='bbox 3350 2901 3561 2958; x_wconf 89' lang='lat' dir='ltr'>decore</span> <span class='ocrx_word' id='word_1_419' title='bbox 3589 2921 3724 2975; x_wconf 85' lang='lat' dir='ltr'>spo-</span> 
     </span>
    </p>
   </div>
   <div class='ocr_carea' id='block_1_59' title="bbox 2077 2988 3718 3064">
    <p class='ocr_par' dir='ltr' id='par_1_59' title="bbox 2077 2988 3718 3064">
     <span class='ocr_line' id='line_1_60' title="bbox 2077 2988 3718 3064; baseline 0.005 -22"><span class='ocrx_word' id='word_1_420' title='bbox 2077 2988 2212 3043; x_wconf 91' lang='lat' dir='ltr'>liari</span> <span class='ocrx_word' id='word_1_421' title='bbox 2242 3005 2254 3045; x_wconf 92' lang='lat'>:</span> <span class='ocrx_word' id='word_1_422' title='bbox 2289 2989 2511 3044; x_wconf 89' lang='lat' dir='ltr'>etenim</span> <span class='ocrx_word' id='word_1_423' title='bbox 2567 2994 2694 3045; x_wconf 89' lang='lat' dir='ltr'>erat</span> <span class='ocrx_word' id='word_1_424' title='bbox 2720 2990 2940 3060; x_wconf 92' lang='lat' dir='ltr'>ubique</span> <span class='ocrx_word' id='word_1_425' title='bbox 2973 2991 3227 3062; x_wconf 89' lang='lat' dir='ltr'>opimus,</span> <span class='ocrx_word' id='word_1_426' title='bbox 3278 2993 3493 3064; x_wconf 90' lang='lat' dir='ltr'>pabulo</span> <span class='ocrx_word' id='word_1_427' title='bbox 3527 2994 3718 3062; x_wconf 83' lang='lat' dir='ltr'>laetus,</span> 
     </span>
    </p>
   </div>
   <div class='ocr_carea' id='block_1_60' title="bbox 324 3072 1966 3155">
    <p class='ocr_par' dir='ltr' id='par_1_60' title="bbox 324 3072 1966 3152">
     <span class='ocr_line' id='line_1_61' title="bbox 324 3072 1966 3152; baseline -0.002 -20"><span class='ocrx_word' id='word_1_428' title='bbox 324 3081 451 3140; x_wconf 77' lang='grc' dir='ltr'>νοῦς</span> <span class='ocrx_word' id='word_1_429' title='bbox 480 3076 830 3141; x_wconf 81' lang='grc' dir='ltr'>ἐπιτίθεσθαι.</span> <span class='ocrx_word' id='word_1_430' title='bbox 870 3084 969 3135; x_wconf 76' lang='grc' dir='ltr'>Ἠν</span> <span class='ocrx_word' id='word_1_431' title='bbox 1017 3079 1108 3133; x_wconf 81' lang='grc' dir='ltr'>οὗν</span> <span class='ocrx_word' id='word_1_432' title='bbox 1157 3077 1256 3146; x_wconf 80' lang='grc' dir='ltr'>τήν</span> <span class='ocrx_word' id='word_1_433' title='bbox 1310 3076 1496 3152; x_wconf 83' lang='grc' dir='ltr'>χώραν</span> <span class='ocrx_word' id='word_1_434' title='bbox 1546 3072 1678 3129; x_wconf 74' lang='grc' dir='ltr'>ἰδεῖν</span> <span class='ocrx_word' id='word_1_435' title='bbox 1736 3075 1826 3130; x_wconf 88' lang='grc' dir='ltr'>τὸν</span> <span class='ocrx_word' id='word_1_436' title='bbox 1883 3075 1966 3130; x_wconf 78' lang='grc' dir='ltr'>οἶ-</span> 
     </span>
    </p>
   </div>
   <div class='ocr_carea' id='block_1_61' title="bbox 2079 3072 3720 3155">
    <p class='ocr_par' dir='ltr' id='par_1_61' title="bbox 2082 3080 3720 3154">
     <span class='ocr_line' id='line_1_62' title="bbox 2082 3080 3720 3154; baseline 0.004 -20"><span class='ocrx_word' id='word_1_437' title='bbox 2082 3080 2357 3152; x_wconf 89' lang='lat' dir='ltr'>stirpium</span> <span class='ocrx_word' id='word_1_438' title='bbox 2395 3080 2675 3136; x_wconf 87' lang='lat' dir='ltr'>varietate</span> <span class='ocrx_word' id='word_1_439' title='bbox 2709 3098 2969 3148; x_wconf 91' lang='lat' dir='ltr'>comans,</span> <span class='ocrx_word' id='word_1_440' title='bbox 2999 3083 3376 3138; x_wconf 88' lang='lat' dir='ltr'>fundentium</span> <span class='ocrx_word' id='word_1_441' title='bbox 3408 3101 3720 3154; x_wconf 89' lang='lat' dir='ltr'>pomorum</span> 
     </span>
    </p>
   </div>
   <div class='ocr_carea' id='block_1_62' title="bbox 319 3163 1967 3249">
    <p class='ocr_par' dir='ltr' id='par_1_62' title="bbox 319 3163 1967 3249">
     <span class='ocr_line' id='line_1_63' title="bbox 319 3163 1967 3249; baseline -0.001 -28"><span class='ocrx_word' id='word_1_442' title='bbox 319 3171 468 3222; x_wconf 86' lang='grc' dir='ltr'>κεῖον</span> <span class='ocrx_word' id='word_1_443' title='bbox 499 3167 775 3242; x_wconf 81' lang='grc' dir='ltr'>ὡραϊσμὸν</span> <span class='ocrx_word' id='word_1_444' title='bbox 814 3163 1264 3223; x_wconf 56' lang='grc' dir='ltr'>ἀποϐάλλουσαν</span> <span class='ocrx_word' id='word_1_445' title='bbox 1323 3163 1595 3239; x_wconf 68' lang='grc' dir='ltr'>εὐδαίμων</span> <span class='ocrx_word' id='word_1_446' title='bbox 1639 3166 1740 3249; x_wconf 74' lang='grc' dir='ltr'>γὰρ</span> <span class='ocrx_word' id='word_1_447' title='bbox 1790 3166 1967 3221; x_wconf 78' lang='grc' dir='ltr'>ἅπασα</span> 
     </span>
    </p>
   </div>
   <div class='ocr_carea' id='block_1_63' title="bbox 315 3252 1961 3334">
    <p class='ocr_par' dir='ltr' id='par_1_63' title="bbox 315 3252 1961 3334">
     <span class='ocr_line' id='line_1_64' title="bbox 315 3252 1961 3334; baseline 0.001 -24"><span class='ocrx_word' id='word_1_448' title='bbox 315 3256 405 3311; x_wconf 80' lang='grc' dir='ltr'>καὶ</span> <span class='ocrx_word' id='word_1_449' title='bbox 468 3252 690 3319; x_wconf 74' lang='grc' dir='ltr'>εὔϐοτος</span> <span class='ocrx_word' id='word_1_450' title='bbox 749 3259 797 3294; x_wconf 68' lang='grc'>²⁴</span> <span class='ocrx_word' id='word_1_451' title='bbox 853 3259 966 3331; x_wconf 87' lang='lat'>(38)</span> <span class='ocrx_word' id='word_1_452' title='bbox 1023 3257 1112 3311; x_wconf 84' lang='grc' dir='ltr'>καὶ</span> <span class='ocrx_word' id='word_1_453' title='bbox 1171 3261 1350 3334; x_wconf 73' lang='grc' dir='ltr'>φυτῶν</span> <span class='ocrx_word' id='word_1_454' title='bbox 1412 3253 1580 3318; x_wconf 77' lang='grc' dir='ltr'>ἷδέαις</span> <span class='ocrx_word' id='word_1_455' title='bbox 1635 3255 1961 3329; x_wconf 77' lang='grc' dir='ltr'>κατάκομος,</span> 
     </span>
    </p>
   </div>
   <div class='ocr_carea' id='block_1_64' title="bbox 319 3344 1966 3425">
    <p class='ocr_par' dir='ltr' id='par_1_64' title="bbox 319 3344 1966 3425">
     <span class='ocr_line' id='line_1_65' title="bbox 319 3344 1966 3425; baseline 0 -25"><span class='ocrx_word' id='word_1_456' title='bbox 319 3347 418 3401; x_wconf 79' lang='grc' dir='ltr'>ὅσα</span> <span class='ocrx_word' id='word_1_457' title='bbox 461 3344 576 3401; x_wconf 76' lang='grc' dir='ltr'>οἶδε</span> <span class='ocrx_word' id='word_1_458' title='bbox 633 3347 808 3425; x_wconf 76' lang='grc' dir='ltr'>φέρέιν</span> <span class='ocrx_word' id='word_1_459' title='bbox 865 3347 1086 3422; x_wconf 85' lang='grc' dir='ltr'>ὀπώρας</span> <span class='ocrx_word' id='word_1_460' title='bbox 1143 3346 1400 3409; x_wconf 82' lang='grc' dir='ltr'>παντοίας</span> <span class='ocrx_word' id='word_1_461' title='bbox 1457 3346 1692 3421; x_wconf 78' lang='grc' dir='ltr'>χυμούς.</span> <span class='ocrx_word' id='word_1_462' title='bbox 1744 3349 1966 3422; x_wconf 87' lang='grc' dir='ltr'>Ταρσεῖς</span> 
     </span>
    </p>
   </div>
   <div class='ocr_carea' id='block_1_65' title="bbox 319 3430 1966 3510">
    <p class='ocr_par' dir='ltr' id='par_1_65' title="bbox 319 3430 1966 3510">
     <span class='ocr_line' id='line_1_66' title="bbox 319 3430 1966 3510; baseline 0 -21"><span class='ocrx_word' id='word_1_463' title='bbox 319 3431 374 3489; x_wconf 76' lang='grc' dir='ltr'>δέ</span> <span class='ocrx_word' id='word_1_464' title='bbox 396 3440 517 3499; x_wconf 87' lang='grc' dir='ltr'>ταῖς</span> <span class='ocrx_word' id='word_1_465' title='bbox 538 3435 676 3491; x_wconf 84' lang='grc' dir='ltr'>κατά</span> <span class='ocrx_word' id='word_1_466' title='bbox 721 3435 1006 3510; x_wconf 82' lang='grc' dir='ltr'>Ῥωμαίων</span> <span class='ocrx_word' id='word_1_467' title='bbox 1057 3433 1166 3506; x_wconf 69' lang='grc' dir='ltr'>ἤδη</span> <span class='ocrx_word' id='word_1_468' title='bbox 1226 3430 1526 3510; x_wconf 76' lang='grc' dir='ltr'>προϐἀσαις</span> <span class='ocrx_word' id='word_1_469' title='bbox 1576 3435 1749 3497; x_wconf 78' lang='grc' dir='ltr'>νίκαις</span> <span class='ocrx_word' id='word_1_470' title='bbox 1809 3434 1966 3489; x_wconf 82' lang='grc' dir='ltr'>ἐπαι-</span> 
     </span>
    </p>
   </div>
   <div class='ocr_carea' id='block_1_66' title="bbox 323 3522 1968 3602">
    <p class='ocr_par' dir='ltr' id='par_1_66' title="bbox 323 3522 1968 3602">
     <span class='ocr_line' id='line_1_67' title="bbox 323 3522 1968 3602; baseline 0 -22"><span class='ocrx_word' id='word_1_471' title='bbox 323 3527 572 3601; x_wconf 88' lang='grc' dir='ltr'>ρόμενοι,</span> <span class='ocrx_word' id='word_1_472' title='bbox 633 3529 849 3602; x_wconf 83' lang='grc' dir='ltr'>θρασεῖς</span> <span class='ocrx_word' id='word_1_473' title='bbox 906 3528 1040 3590; x_wconf 73' lang='grc' dir='ltr'>τὲως</span> <span class='ocrx_word' id='word_1_474' title='bbox 1097 3527 1186 3581; x_wconf 83' lang='grc' dir='ltr'>καὶ</span> <span class='ocrx_word' id='word_1_475' title='bbox 1246 3522 1526 3602; x_wconf 81' lang='grc' dir='ltr'>ἀγέρωχοί</span> <span class='ocrx_word' id='word_1_476' title='bbox 1581 3547 1722 3590; x_wconf 89' lang='grc' dir='ltr'>τινες</span> <span class='ocrx_word' id='word_1_477' title='bbox 1786 3525 1968 3598; x_wconf 78' lang='grc' dir='ltr'>ἐξητά-</span> 
     </span>
    </p>
   </div>
   <div class='ocr_carea' id='block_1_67' title="bbox 324 3614 1967 3692">
    <p class='ocr_par' dir='ltr' id='par_1_67' title="bbox 324 3614 1967 3692">
     <span class='ocr_line' id='line_1_68' title="bbox 324 3614 1967 3692; baseline 0 -22"><span class='ocrx_word' id='word_1_478' title='bbox 324 3620 500 3686; x_wconf 82' lang='grc' dir='ltr'>ζοντο,</span> <span class='ocrx_word' id='word_1_479' title='bbox 559 3615 659 3670; x_wconf 86' lang='grc' dir='ltr'>οὐκ</span> <span class='ocrx_word' id='word_1_480' title='bbox 732 3615 1018 3692; x_wconf 78' lang='grc' dir='ltr'>ἠνείχοντό</span> <span class='ocrx_word' id='word_1_481' title='bbox 1069 3636 1130 3671; x_wconf 88' lang='grc' dir='ltr'>τε</span> <span class='ocrx_word' id='word_1_482' title='bbox 1184 3615 1433 3690; x_wconf 87' lang='grc' dir='ltr'>κατέχειν</span> <span class='ocrx_word' id='word_1_483' title='bbox 1493 3614 1546 3671; x_wconf 83' lang='grc' dir='ltr'>ἐν</span> <span class='ocrx_word' id='word_1_484' title='bbox 1606 3615 1816 3677; x_wconf 74' lang='grc' dir='ltr'>ἑαυτοῖς</span> <span class='ocrx_word' id='word_1_485' title='bbox 1873 3615 1967 3670; x_wconf 81' lang='grc' dir='ltr'>τὸν</span> 
     </span>
    </p>
   </div>
   <div class='ocr_carea' id='block_1_68' title="bbox 322 3703 1966 3780">
    <p class='ocr_par' dir='ltr' id='par_1_68' title="bbox 322 3703 1966 3780">
     <span class='ocr_line' id='line_1_69' title="bbox 322 3703 1966 3780; baseline 0.001 -22"><span class='ocrx_word' id='word_1_486' title='bbox 322 3703 519 3778; x_wconf 80' lang='grc' dir='ltr'>θυμδν,</span> <span class='ocrx_word' id='word_1_487' title='bbox 564 3703 692 3760; x_wconf 84' lang='grc' dir='ltr'>ἀλλ’</span> <span class='ocrx_word' id='word_1_488' title='bbox 754 3704 1054 3775; x_wconf 80' lang='grc' dir='ltr'>ὑπεξιόντες</span> <span class='ocrx_word' id='word_1_489' title='bbox 1113 3708 1209 3760; x_wconf 75' lang='grc' dir='ltr'>τοῦ</span> <span class='ocrx_word' id='word_1_490' title='bbox 1269 3703 1455 3767; x_wconf 82' lang='grc' dir='ltr'>ἄστεος</span> <span class='ocrx_word' id='word_1_491' title='bbox 1500 3703 1553 3768; x_wconf 85' lang='grc' dir='ltr'>ἐς</span> <span class='ocrx_word' id='word_1_492' title='bbox 1596 3703 1853 3780; x_wconf 74' lang='grc' dir='ltr'>καρτερὸν</span> <span class='ocrx_word' id='word_1_493' title='bbox 1917 3703 1966 3775; x_wconf 81' lang='grc' dir='ltr'>ἐξ</span> 
     </span>
    </p>
   </div>
   <div class='ocr_carea' id='block_1_69' title="bbox 324 3792 1964 3871">
    <p class='ocr_par' dir='ltr' id='par_1_69' title="bbox 324 3792 1964 3871">
     <span class='ocr_line' id='line_1_70' title="bbox 324 3792 1964 3871; baseline 0 -23"><span class='ocrx_word' id='word_1_494' title='bbox 324 3792 623 3850; x_wconf 79' lang='grc' dir='ltr'>ἀντιπάλου</span> <span class='ocrx_word' id='word_1_495' title='bbox 680 3798 1114 3871; x_wconf 80' lang='grc' dir='ltr'>παρεκροτοῦντο</span> <span class='ocrx_word' id='word_1_496' title='bbox 1171 3797 1217 3831; x_wconf 73' lang='grc'>³⁵</span> <span class='ocrx_word' id='word_1_497' title='bbox 1275 3794 1670 3867; x_wconf 81' lang='grc' dir='ltr'>συνασπισμὸν,</span> <span class='ocrx_word' id='word_1_498' title='bbox 1741 3796 1964 3868; x_wconf 86' lang='grc' dir='ltr'>τολμη-</span> 
     </span>
    </p>
   </div>
   <div class='ocr_carea' id='block_1_70' title="bbox 321 3883 1970 3962">
    <p class='ocr_par' dir='ltr' id='par_1_70' title="bbox 321 3883 1970 3962">
     <span class='ocr_line' id='line_1_71' title="bbox 321 3883 1970 3962; baseline 0.001 -24"><span class='ocrx_word' id='word_1_499' title='bbox 321 3885 430 3939; x_wconf 90' lang='grc' dir='ltr'>τίαι</span> <span class='ocrx_word' id='word_1_500' title='bbox 459 3887 602 3946; x_wconf 76' lang='grc' dir='ltr'>τινὲς</span> <span class='ocrx_word' id='word_1_501' title='bbox 635 3885 722 3940; x_wconf 81' lang='grc' dir='ltr'>καὶ</span> <span class='ocrx_word' id='word_1_502' title='bbox 781 3883 1215 3962; x_wconf 69' lang='grc' dir='ltr'>θαρραλεώτεροι</span> <span class='ocrx_word' id='word_1_503' title='bbox 1271 3889 1367 3940; x_wconf 79' lang='grc' dir='ltr'>τοῦ</span> <span class='ocrx_word' id='word_1_504' title='bbox 1429 3883 1650 3960; x_wconf 81' lang='grc' dir='ltr'>μετρίου</span> <span class='ocrx_word' id='word_1_505' title='bbox 1705 3886 1812 3960; x_wconf 86' lang='grc' dir='ltr'>πρὸ</span> <span class='ocrx_word' id='word_1_506' title='bbox 1870 3891 1970 3954; x_wconf 79' lang='grc' dir='ltr'>τῆς</span> 
     </span>
    </p>
   </div>
   <div class='ocr_carea' id='block_1_71' title="bbox 322 3973 1969 4052">
    <p class='ocr_par' dir='ltr' id='par_1_71' title="bbox 322 3973 1969 4052">
     <span class='ocr_line' id='line_1_72' title="bbox 322 3973 1969 4052; baseline 0 -22"><span class='ocrx_word' id='word_1_507' title='bbox 322 3981 417 4031; x_wconf 73' lang='grc' dir='ltr'>τοῦ</span> <span class='ocrx_word' id='word_1_508' title='bbox 448 3975 703 4050; x_wconf 69' lang='grc' dir='ltr'>πολέμου</span> <span class='ocrx_word' id='word_1_509' title='bbox 734 3975 923 4052; x_wconf 79' lang='grc' dir='ltr'>πείρας</span> <span class='ocrx_word' id='word_1_510' title='bbox 979 3974 1442 4049; x_wconf 68' lang='grc' dir='ltr'>ἀναδεικνύμενοι.</span> <span class='ocrx_word' id='word_1_511' title='bbox 1493 3976 1555 4032; x_wconf 81' lang='grc' dir='ltr'><strong>Ὀ</strong></span> <span class='ocrx_word' id='word_1_512' title='bbox 1605 3973 1661 4030; x_wconf 74' lang='grc' dir='ltr'>δὲ</span> <span class='ocrx_word' id='word_1_513' title='bbox 1714 3974 1969 4052; x_wconf 77' lang='grc' dir='ltr'>βασιλεὺς</span> 
     </span>
    </p>
   </div>
   <div class='ocr_carea' id='block_1_72' title="bbox 318 4064 1968 4142">
    <p class='ocr_par' dir='ltr' id='par_1_72' title="bbox 318 4064 1968 4142">
     <span class='ocr_line' id='line_1_73' title="bbox 318 4064 1968 4142; baseline -0.002 -20"><span class='ocrx_word' id='word_1_514' title='bbox 318 4066 409 4122; x_wconf 85' lang='grc' dir='ltr'>καὶ</span> <span class='ocrx_word' id='word_1_515' title='bbox 441 4066 599 4129; x_wconf 78' lang='grc' dir='ltr'>αὐτὸς</span> <span class='ocrx_word' id='word_1_516' title='bbox 627 4066 718 4121; x_wconf 88' lang='grc' dir='ltr'>τὸν</span> <span class='ocrx_word' id='word_1_517' title='bbox 770 4068 816 4103; x_wconf 80' lang='grc'>²⁶</span> <span class='ocrx_word' id='word_1_518' title='bbox 873 4067 1108 4138; x_wconf 77' lang='grc' dir='ltr'>ἄλκιμον</span> <span class='ocrx_word' id='word_1_519' title='bbox 1165 4066 1254 4121; x_wconf 80' lang='grc' dir='ltr'>καὶ</span> <span class='ocrx_word' id='word_1_520' title='bbox 1311 4064 1598 4141; x_wconf 73' lang='grc' dir='ltr'>ῥωμαλέον</span> <span class='ocrx_word' id='word_1_521' title='bbox 1647 4072 1748 4135; x_wconf 85' lang='grc' dir='ltr'>τῆς</span> <span class='ocrx_word' id='word_1_522' title='bbox 1807 4085 1968 4142; x_wconf 88' lang='grc' dir='ltr'>στρα-</span> 
     </span>
    </p>
   </div>
   <div class='ocr_carea' id='block_1_73' title="bbox 318 4153 1968 4232">
    <p class='ocr_par' dir='ltr' id='par_1_73' title="bbox 318 4153 1968 4232">
     <span class='ocr_line' id='line_1_74' title="bbox 318 4153 1968 4232; baseline -0.001 -22"><span class='ocrx_word' id='word_1_523' title='bbox 318 4160 437 4219; x_wconf 83' lang='grc' dir='ltr'>τιᾶς</span> <span class='ocrx_word' id='word_1_524' title='bbox 496 4155 726 4232; x_wconf 80' lang='grc' dir='ltr'>ὑπεξῆγε</span> <span class='ocrx_word' id='word_1_525' title='bbox 778 4159 874 4210; x_wconf 73' lang='grc' dir='ltr'>τοῦ</span> <span class='ocrx_word' id='word_1_526' title='bbox 933 4156 1174 4230; x_wconf 81' lang='grc' dir='ltr'>χάρακος</span> <span class='ocrx_word' id='word_1_527' title='bbox 1235 4158 1368 4227; x_wconf 84' lang='grc'>(39),</span> <span class='ocrx_word' id='word_1_528' title='bbox 1425 4153 1475 4209; x_wconf 88' lang='grc' dir='ltr'>ἐν</span> <span class='ocrx_word' id='word_1_529' title='bbox 1541 4153 1857 4230; x_wconf 73' lang='grc' dir='ltr'>μεταιχμίῳ</span> <span class='ocrx_word' id='word_1_530' title='bbox 1909 4175 1968 4208; x_wconf 89' lang='grc' dir='ltr'>τε</span> 
     </span>
    </p>
   </div>
   <div class='ocr_carea' id='block_1_74' title="bbox 317 4242 1967 4321">
    <p class='ocr_par' dir='ltr' id='par_1_74' title="bbox 317 4242 1967 4321">
     <span class='ocr_line' id='line_1_75' title="bbox 317 4242 1967 4321; baseline -0.002 -21"><span class='ocrx_word' id='word_1_531' title='bbox 317 4243 545 4314; x_wconf 84' lang='grc' dir='ltr'>καθίστη</span> <span class='ocrx_word' id='word_1_532' title='bbox 577 4244 672 4306; x_wconf 79' lang='grc' dir='ltr'>τὰς</span> <span class='ocrx_word' id='word_1_533' title='bbox 702 4243 984 4321; x_wconf 72' lang='grc' dir='ltr'>φάλαγγας</span> <span class='ocrx_word' id='word_1_534' title='bbox 1016 4247 1151 4320; x_wconf 76' lang='grc'>(40),</span> <span class='ocrx_word' id='word_1_535' title='bbox 1203 4244 1338 4299; x_wconf 85' lang='grc' dir='ltr'>κατά</span> <span class='ocrx_word' id='word_1_536' title='bbox 1389 4243 1639 4316; x_wconf 66' lang='grc' dir='ltr'>μέτωπον</span> <span class='ocrx_word' id='word_1_537' title='bbox 1693 4243 1788 4317; x_wconf 76' lang='grc' dir='ltr'>μὲν</span> <span class='ocrx_word' id='word_1_538' title='bbox 1837 4242 1967 4306; x_wconf 79' lang='grc' dir='ltr'>τοὺς</span> 
     </span>
    </p>
   </div>
   <div class='ocr_carea' id='block_1_75' title="bbox 316 4331 1964 4409">
    <p class='ocr_par' dir='ltr' id='par_1_75' title="bbox 316 4331 1964 4409">
     <span class='ocr_line' id='line_1_76' title="bbox 316 4331 1964 4409; baseline -0.001 -19"><span class='ocrx_word' id='word_1_539' title='bbox 316 4332 687 4409; x_wconf 78' lang='grc' dir='ltr'>πανσιδήρους</span> <span class='ocrx_word' id='word_1_540' title='bbox 747 4335 984 4399; x_wconf 75' lang='grc' dir='ltr'>ἱππότας</span> <span class='ocrx_word' id='word_1_541' title='bbox 1040 4335 1226 4404; x_wconf 75' lang='grc' dir='ltr'>ἱστῶν,</span> <span class='ocrx_word' id='word_1_542' title='bbox 1284 4333 1558 4408; x_wconf 70' lang='grc' dir='ltr'>ἐξόπισθεν</span> <span class='ocrx_word' id='word_1_543' title='bbox 1621 4331 1678 4388; x_wconf 78' lang='grc' dir='ltr'>δέ</span> <span class='ocrx_word' id='word_1_544' title='bbox 1743 4333 1964 4406; x_wconf 78' lang='grc' dir='ltr'>τοξότας</span> 
     </span>
    </p>
   </div>
   <div class='ocr_carea' id='block_1_76' title="bbox 2081 3170 3719 3244">
    <p class='ocr_par' dir='ltr' id='par_1_76' title="bbox 2081 3170 3719 3244">
     <span class='ocr_line' id='line_1_77' title="bbox 2081 3170 3719 3244; baseline 0.002 -19"><span class='ocrx_word' id='word_1_545' title='bbox 2081 3171 2369 3242; x_wconf 90' lang='lat' dir='ltr'>cujusque</span> <span class='ocrx_word' id='word_1_546' title='bbox 2400 3170 2631 3243; x_wconf 80' lang='lat' dir='ltr'>generis</span> <span class='ocrx_word' id='word_1_547' title='bbox 2663 3187 2923 3243; x_wconf 88' lang='lat' dir='ltr'>sapores.</span> <span class='ocrx_word' id='word_1_548' title='bbox 2947 3172 3286 3236; x_wconf 88' lang='lat' dir='ltr'>Tarsenses,</span> <span class='ocrx_word' id='word_1_549' title='bbox 3316 3173 3719 3244; x_wconf 88' lang='lat' dir='ltr'>superioribus</span> 
     </span>
    </p>
   </div>
   <div class='ocr_carea' id='block_1_77' title="bbox 2075 3261 3719 3333">
    <p class='ocr_par' dir='ltr' id='par_1_77' title="bbox 2075 3261 3719 3333">
     <span class='ocr_line' id='line_1_78' title="bbox 2075 3261 3719 3333; baseline 0.004 -19"><span class='ocrx_word' id='word_1_550' title='bbox 2075 3261 2332 3316; x_wconf 77' lang='lat' dir='ltr'>victoriis</span> <span class='ocrx_word' id='word_1_551' title='bbox 2352 3279 2419 3316; x_wconf 85' lang='lat' dir='ltr'>ex</span> <span class='ocrx_word' id='word_1_552' title='bbox 2443 3262 2721 3317; x_wconf 79' lang='lat' dir='ltr'>Romanis</span> <span class='ocrx_word' id='word_1_553' title='bbox 2742 3262 3057 3333; x_wconf 89' lang='lat' dir='ltr'>rcportatis</span> <span class='ocrx_word' id='word_1_554' title='bbox 3080 3262 3240 3332; x_wconf 91' lang='lat' dir='ltr'>elati,</span> <span class='ocrx_word' id='word_1_555' title='bbox 3263 3262 3556 3318; x_wconf 86' lang='lat' dir='ltr'>feroculos</span> <span class='ocrx_word' id='word_1_556' title='bbox 3589 3282 3719 3320; x_wconf 92' lang='lat' dir='ltr'>sese</span> 
     </span>
    </p>
   </div>
   <div class='ocr_carea' id='block_1_78' title="bbox 2077 3349 3722 3424">
    <p class='ocr_par' dir='ltr' id='par_1_78' title="bbox 2077 3349 3722 3424">
     <span class='ocr_line' id='line_1_79' title="bbox 2077 3349 3722 3424; baseline 0.004 -21"><span class='ocrx_word' id='word_1_557' title='bbox 2077 3349 2148 3404; x_wconf 91' lang='lat' dir='ltr'>de</span> <span class='ocrx_word' id='word_1_558' title='bbox 2177 3350 2474 3422; x_wconf 91' lang='lat' dir='ltr'>principio</span> <span class='ocrx_word' id='word_1_559' title='bbox 2506 3355 2966 3424; x_wconf 83' lang='lat' dir='ltr'>arrogantesque</span> <span class='ocrx_word' id='word_1_560' title='bbox 3014 3351 3433 3423; x_wconf 66' lang='lat' dir='ltr'>praebuerunt:</span> <span class='ocrx_word' id='word_1_561' title='bbox 3468 3369 3722 3424; x_wconf 89' lang='lat' dir='ltr'>cumque</span> 
     </span>
    </p>
   </div>
   <div class='ocr_carea' id='block_1_79' title="bbox 2079 3438 3720 3513">
    <p class='ocr_par' dir='ltr' id='par_1_79' title="bbox 2079 3438 3720 3513">
     <span class='ocr_line' id='line_1_80' title="bbox 2079 3438 3720 3513; baseline 0.004 -23"><span class='ocrx_word' id='word_1_562' title='bbox 2079 3438 2138 3492; x_wconf 90' lang='lat' dir='ltr'>in</span> <span class='ocrx_word' id='word_1_563' title='bbox 2169 3455 2230 3494; x_wconf 92' lang='lat' dir='ltr'>se</span> <span class='ocrx_word' id='word_1_564' title='bbox 2255 3440 2562 3494; x_wconf 89' lang='lat' dir='ltr'>continere</span> <span class='ocrx_word' id='word_1_565' title='bbox 2585 3440 2816 3496; x_wconf 90' lang='lat' dir='ltr'>animos</span> <span class='ocrx_word' id='word_1_566' title='bbox 2846 3457 2967 3495; x_wconf 88' lang='lat' dir='ltr'>non</span> <span class='ocrx_word' id='word_1_567' title='bbox 2993 3442 3480 3513; x_wconf 84' lang='lat' dir='ltr'>possent,egressi</span> <span class='ocrx_word' id='word_1_568' title='bbox 3504 3442 3720 3513; x_wconf 89' lang='lat' dir='ltr'>oppido</span> 
     </span>
    </p>
   </div>
   <div class='ocr_carea' id='block_1_80' title="bbox 2078 3528 3724 3602">
    <p class='ocr_par' dir='ltr' id='par_1_80' title="bbox 2078 3528 3724 3602">
     <span class='ocr_line' id='line_1_81' title="bbox 2078 3528 3724 3602; baseline 0.001 -17"><span class='ocrx_word' id='word_1_569' title='bbox 2078 3528 2177 3585; x_wconf 76' lang='lat'><strong>59</strong></span> <span class='ocrx_word' id='word_1_570' title='bbox 2200 3528 2264 3583; x_wconf 92' lang='lat' dir='ltr'>in</span> <span class='ocrx_word' id='word_1_571' title='bbox 2285 3530 2519 3584; x_wconf 86' lang='lat' dir='ltr'>ﬁrmam</span> <span class='ocrx_word' id='word_1_572' title='bbox 2543 3530 2896 3602; x_wconf 79' lang='lat' dir='ltr'>phalangem</span> <span class='ocrx_word' id='word_1_573' title='bbox 2925 3547 2992 3585; x_wconf 82' lang='lat' dir='ltr'>ex</span> <span class='ocrx_word' id='word_1_574' title='bbox 3025 3529 3268 3585; x_wconf 88' lang='lat' dir='ltr'>adverso</span> <span class='ocrx_word' id='word_1_575' title='bbox 3302 3532 3724 3602; x_wconf 79' lang='lat' dir='ltr'>constipaban-</span> 
     </span>
    </p>
   </div>
   <div class='ocr_carea' id='block_1_81' title="bbox 2079 3619 3728 3690">
    <p class='ocr_par' dir='ltr' id='par_1_81' title="bbox 2079 3619 3728 3690">
     <span class='ocr_line' id='line_1_82' title="bbox 2079 3619 3728 3690; baseline 0.001 -17"><span class='ocrx_word' id='word_1_576' title='bbox 2079 3623 2192 3686; x_wconf 86' lang='lat' dir='ltr'>tur,</span> <span class='ocrx_word' id='word_1_577' title='bbox 2225 3619 2480 3674; x_wconf 87' lang='lat' dir='ltr'>audaces</span> <span class='ocrx_word' id='word_1_578' title='bbox 2504 3637 2566 3674; x_wconf 92' lang='lat' dir='ltr'>se</span> <span class='ocrx_word' id='word_1_579' title='bbox 2597 3625 2773 3690; x_wconf 89' lang='lat' dir='ltr'>atque</span> <span class='ocrx_word' id='word_1_580' title='bbox 2799 3619 3050 3674; x_wconf 89' lang='lat' dir='ltr'>ﬁdentes</span> <span class='ocrx_word' id='word_1_581' title='bbox 3073 3619 3207 3690; x_wconf 90' lang='lat' dir='ltr'>plus</span> <span class='ocrx_word' id='word_1_582' title='bbox 3237 3637 3413 3690; x_wconf 89' lang='lat' dir='ltr'>quam</span> <span class='ocrx_word' id='word_1_583' title='bbox 3437 3621 3577 3675; x_wconf 85' lang='lat' dir='ltr'>satis</span> <span class='ocrx_word' id='word_1_584' title='bbox 3602 3626 3728 3677; x_wconf 87' lang='lat' dir='ltr'>erat</span> 
     </span>
    </p>
   </div>
   <div class='ocr_carea' id='block_1_82' title="bbox 2077 3708 3725 3782">
    <p class='ocr_par' dir='ltr' id='par_1_82' title="bbox 2077 3708 3725 3782">
     <span class='ocr_line' id='line_1_83' title="bbox 2077 3708 3725 3782; baseline 0.001 -20"><span class='ocrx_word' id='word_1_585' title='bbox 2077 3712 2213 3763; x_wconf 89' lang='lat' dir='ltr'>ante</span> <span class='ocrx_word' id='word_1_586' title='bbox 2244 3708 2386 3762; x_wconf 91' lang='lat' dir='ltr'>belli</span> <span class='ocrx_word' id='word_1_587' title='bbox 2419 3709 2752 3780; x_wconf 90' lang='lat' dir='ltr'>periculum</span> <span class='ocrx_word' id='word_1_588' title='bbox 2785 3708 3186 3764; x_wconf 89' lang='lat' dir='ltr'>ostendentes.</span> <span class='ocrx_word' id='word_1_589' title='bbox 3226 3711 3552 3782; x_wconf 86' lang='lat' dir='ltr'>imperator</span> <span class='ocrx_word' id='word_1_590' title='bbox 3581 3713 3725 3767; x_wconf 89' lang='lat' dir='ltr'>item</span> 
     </span>
    </p>
   </div>
   <div class='ocr_carea' id='block_1_83' title="bbox 2078 3797 3726 3869">
    <p class='ocr_par' dir='ltr' id='par_1_83' title="bbox 2078 3797 3726 3869">
     <span class='ocr_line' id='line_1_84' title="bbox 2078 3797 3726 3869; baseline 0.002 -17"><span class='ocrx_word' id='word_1_591' title='bbox 2078 3798 2367 3869; x_wconf 90' lang='lat' dir='ltr'>quidquid</span> <span class='ocrx_word' id='word_1_592' title='bbox 2395 3799 2634 3853; x_wconf 88' lang='lat' dir='ltr'>ﬁrmum</span> <span class='ocrx_word' id='word_1_593' title='bbox 2666 3797 2985 3868; x_wconf 90' lang='lat' dir='ltr'>valensque</span> <span class='ocrx_word' id='word_1_594' title='bbox 3037 3804 3162 3853; x_wconf 88' lang='lat' dir='ltr'>erat</span> <span class='ocrx_word' id='word_1_595' title='bbox 3211 3799 3272 3853; x_wconf 90' lang='lat' dir='ltr'>in</span> <span class='ocrx_word' id='word_1_596' title='bbox 3322 3801 3604 3867; x_wconf 83' lang='lat' dir='ltr'>exercitu,</span> <span class='ocrx_word' id='word_1_597' title='bbox 3656 3819 3726 3856; x_wconf 87' lang='lat' dir='ltr'>ex</span> 
     </span>
    </p>
   </div>
   <div class='ocr_carea' id='block_1_84' title="bbox 2079 3887 3723 3960">
    <p class='ocr_par' dir='ltr' id='par_1_84' title="bbox 2079 3887 3723 3960">
     <span class='ocr_line' id='line_1_85' title="bbox 2079 3887 3723 3960; baseline 0.001 -18"><span class='ocrx_word' id='word_1_598' title='bbox 2079 3887 2285 3942; x_wconf 90' lang='lat' dir='ltr'>castris</span> <span class='ocrx_word' id='word_1_599' title='bbox 2319 3887 2534 3954; x_wconf 91' lang='lat' dir='ltr'>educit,</span> <span class='ocrx_word' id='word_1_600' title='bbox 2568 3887 2786 3942; x_wconf 89' lang='lat' dir='ltr'>infesta</span> <span class='ocrx_word' id='word_1_601' title='bbox 2815 3887 2940 3942; x_wconf 88' lang='lat' dir='ltr'>acie</span> <span class='ocrx_word' id='word_1_602' title='bbox 2991 3887 3252 3960; x_wconf 86' lang='lat' dir='ltr'>legiones</span> <span class='ocrx_word' id='word_1_603' title='bbox 3300 3891 3623 3946; x_wconf 89' lang='lat' dir='ltr'>constituit.</span> <span class='ocrx_word' id='word_1_604' title='bbox 3659 3891 3723 3945; x_wconf 85' lang='lat' dir='ltr'>In</span> 
     </span>
    </p>
   </div>
   <div class='ocr_carea' id='block_1_85' title="bbox 2076 3977 3723 4053">
    <p class='ocr_par' dir='ltr' id='par_1_85' title="bbox 2076 3977 3723 4053">
     <span class='ocr_line' id='line_1_86' title="bbox 2076 3977 3723 4053; baseline 0.002 -22"><span class='ocrx_word' id='word_1_605' title='bbox 2076 3977 2267 4031; x_wconf 85' lang='lat' dir='ltr'>fronte</span> <span class='ocrx_word' id='word_1_606' title='bbox 2286 3977 2537 4032; x_wconf 89' lang='lat' dir='ltr'>collocat</span> <span class='ocrx_word' id='word_1_607' title='bbox 2560 3977 2788 4048; x_wconf 91' lang='lat' dir='ltr'>equites</span> <span class='ocrx_word' id='word_1_608' title='bbox 2811 3978 3382 4050; x_wconf 81' lang='lat' dir='ltr'>catapliractos,post</span> <span class='ocrx_word' id='word_1_609' title='bbox 3402 3979 3512 4034; x_wconf 90' lang='lat' dir='ltr'>hoc</span> <span class='ocrx_word' id='word_1_610' title='bbox 3543 3981 3723 4053; x_wconf 84' lang='lat' dir='ltr'>sagit-</span> 
     </span>
    </p>
   </div>
   <div class='ocr_carea' id='block_1_86' title="bbox 2081 4066 3724 4124">
    <p class='ocr_par' dir='ltr' id='par_1_86' title="bbox 2081 4066 3724 4124">
     <span class='ocr_line' id='line_1_87' title="bbox 2081 4066 3724 4124; baseline 0.002 -3"><span class='ocrx_word' id='word_1_611' title='bbox 2081 4067 2258 4122; x_wconf 88' lang='lat' dir='ltr'>tarios</span> <span class='ocrx_word' id='word_1_612' title='bbox 2295 4072 2352 4121; x_wconf 92' lang='lat' dir='ltr'>et</span> <span class='ocrx_word' id='word_1_613' title='bbox 2381 4066 2715 4122; x_wconf 81' lang='lat' dir='ltr'>funditores</span> <span class='ocrx_word' id='word_1_614' title='bbox 2746 4085 2758 4121; x_wconf 91' lang='lat'>:</span> <span class='ocrx_word' id='word_1_615' title='bbox 2793 4068 2900 4122; x_wconf 89' lang='lat' dir='ltr'>hos</span> <span class='ocrx_word' id='word_1_616' title='bbox 2934 4068 3050 4122; x_wconf 88' lang='lat' dir='ltr'>tela</span> <span class='ocrx_word' id='word_1_617' title='bbox 3080 4068 3141 4122; x_wconf 91' lang='lat' dir='ltr'>in</span> <span class='ocrx_word' id='word_1_618' title='bbox 3189 4069 3554 4124; x_wconf 83' lang='lat' dir='ltr'>adversarios</span> <span class='ocrx_word' id='word_1_619' title='bbox 3587 4070 3724 4124; x_wconf 90' lang='lat' dir='ltr'>mit-</span> 
     </span>
    </p>
   </div>
   <div class='ocr_carea' id='block_1_87' title="bbox 2077 4157 3723 4228">
    <p class='ocr_par' dir='ltr' id='par_1_87' title="bbox 2077 4157 3723 4228">
     <span class='ocr_line' id='line_1_88' title="bbox 2077 4157 3723 4228; baseline 0.001 -16"><span class='ocrx_word' id='word_1_620' title='bbox 2077 4162 2200 4212; x_wconf 88' lang='lat' dir='ltr'>tere</span> <span class='ocrx_word' id='word_1_621' title='bbox 2225 4157 2414 4228; x_wconf 90' lang='lat' dir='ltr'>jubet.</span> <span class='ocrx_word' id='word_1_622' title='bbox 2449 4159 2514 4211; x_wconf 90' lang='lat' dir='ltr'>In</span> <span class='ocrx_word' id='word_1_623' title='bbox 2546 4157 2747 4212; x_wconf 84' lang='lat' dir='ltr'>dextro</span> <span class='ocrx_word' id='word_1_624' title='bbox 2803 4173 2989 4212; x_wconf 92' lang='lat' dir='ltr'>cornu</span> <span class='ocrx_word' id='word_1_625' title='bbox 3037 4157 3162 4228; x_wconf 88' lang='lat' dir='ltr'>ipse</span> <span class='ocrx_word' id='word_1_626' title='bbox 3207 4159 3508 4214; x_wconf 90' lang='lat' dir='ltr'>consistit:</span> <span class='ocrx_word' id='word_1_627' title='bbox 3544 4159 3723 4214; x_wconf 87' lang='lat' dir='ltr'>innu-</span> 
     </span>
    </p>
   </div>
   <div class='ocr_carea' id='block_1_88' title="bbox 2077 4247 3721 4319">
    <p class='ocr_par' dir='ltr' id='par_1_88' title="bbox 2077 4247 3721 4319">
     <span class='ocr_line' id='line_1_89' title="bbox 2077 4247 3721 4319; baseline 0.002 -19"><span class='ocrx_word' id='word_1_628' title='bbox 2077 4263 2303 4302; x_wconf 90' lang='lat' dir='ltr'>meram</span> <span class='ocrx_word' id='word_1_629' title='bbox 2335 4247 2605 4319; x_wconf 89' lang='lat' dir='ltr'>equitum</span> <span class='ocrx_word' id='word_1_630' title='bbox 2656 4252 2949 4303; x_wconf 89' lang='lat' dir='ltr'>catervam</span> <span class='ocrx_word' id='word_1_631' title='bbox 3000 4247 3328 4304; x_wconf 88' lang='lat' dir='ltr'>inducens:</span> <span class='ocrx_word' id='word_1_632' title='bbox 3361 4249 3422 4303; x_wconf 91' lang='lat' dir='ltr'>in</span> <span class='ocrx_word' id='word_1_633' title='bbox 3483 4250 3721 4304; x_wconf 91' lang='lat' dir='ltr'>sinistro</span> 
     </span>
    </p>
   </div>
   <div class='ocr_carea' id='block_1_89' title="bbox 2075 4337 3726 4410">
    <p class='ocr_par' dir='ltr' id='par_1_89' title="bbox 2075 4337 3726 4410">
     <span class='ocr_line' id='line_1_90' title="bbox 2075 4337 3726 4410; baseline 0.003 -19"><span class='ocrx_word' id='word_1_634' title='bbox 2075 4337 2332 4392; x_wconf 90' lang='lat' dir='ltr'>Joannes</span> <span class='ocrx_word' id='word_1_635' title='bbox 2363 4343 2756 4410; x_wconf 88' lang='lat' dir='ltr'>cognomento</span> <span class='ocrx_word' id='word_1_636' title='bbox 2783 4337 3116 4406; x_wconf 87' lang='lat' dir='ltr'>Tzimisces,</span> <span class='ocrx_word' id='word_1_637' title='bbox 3141 4337 3313 4393; x_wconf 90' lang='lat' dir='ltr'>Ducis</span> <span class='ocrx_word' id='word_1_638' title='bbox 3336 4339 3530 4394; x_wconf 82' lang='lat' dir='ltr'>ofﬁcio</span> <span class='ocrx_word' id='word_1_639' title='bbox 3557 4339 3726 4396; x_wconf 90' lang='lat' dir='ltr'>deco-</span> 
     </span>
    </p>
   </div>
   <div class='ocr_carea' id='block_1_90' title="bbox 1522 4516 2512 4573">
    <p class='ocr_par' dir='ltr' id='par_1_90' title="bbox 1522 4516 2512 4573">
     <span class='ocr_line' id='line_1_91' title="bbox 1522 4516 2512 4573; baseline 0.003 -3"><span class='ocrx_word' id='word_1_640' title='bbox 1522 4516 1582 4572; x_wconf 90' lang='lat' dir='ltr'>C.</span> <span class='ocrx_word' id='word_1_641' title='bbox 1623 4516 1686 4572; x_wconf 86' lang='grc' dir='ltr'>Β.</span> <span class='ocrx_word' id='word_1_642' title='bbox 1731 4516 1916 4571; x_wconf 84' lang='lat' dir='ltr'>HASII</span> <span class='ocrx_word' id='word_1_643' title='bbox 1955 4516 2512 4573; x_wconf 75' lang='lat' dir='ltr'>ANNOTATIONES.</span> 
     </span>
    </p>
   </div>
   <div class='ocr_carea' id='block_1_91' title="bbox 385 4656 1966 4734">
    <p class='ocr_par' dir='ltr' id='par_1_91' title="bbox 385 4660 1961 4734">
     <span class='ocr_line' id='line_1_92' title="bbox 385 4660 1961 4734; baseline 0 -18"><span class='ocrx_word' id='word_1_644' title='bbox 385 4662 430 4698; x_wconf 71' lang='grc'>’³</span> <span class='ocrx_word' id='word_1_645' title='bbox 454 4661 606 4734; x_wconf 69' lang='grc' dir='ltr'>τουτὶ</span> <span class='ocrx_word' id='word_1_646' title='bbox 637 4663 766 4718; x_wconf 91' lang='lat' dir='ltr'>cod.</span> <span class='ocrx_word' id='word_1_647' title='bbox 802 4666 867 4734; x_wconf 17' lang='lat' dir='ltr'>et!</span> <span class='ocrx_word' id='word_1_648' title='bbox 886 4662 1067 4734; x_wconf 86' lang='lat' dir='ltr'>paulo</span> <span class='ocrx_word' id='word_1_649' title='bbox 1097 4665 1236 4734; x_wconf 83' lang='lat' dir='ltr'>post</span> <span class='ocrx_word' id='word_1_650' title='bbox 1258 4662 1370 4734; x_wconf 76' lang='lat' dir='ltr'>Leo</span> <span class='ocrx_word' id='word_1_651' title='bbox 1398 4662 1656 4734; x_wconf 77' lang='lat' dir='ltr'>scribere</span> <span class='ocrx_word' id='word_1_652' title='bbox 1685 4660 1961 4717; x_wconf 90' lang='lat' dir='ltr'>debuisse</span> 
     </span>
    </p>
   </div>
   <div class='ocr_carea' id='block_1_92' title="bbox 2079 4656 2400 4734">
    <p class='ocr_par' dir='ltr' id='par_1_92' title="bbox 2079 4656 2400 4734">
     <span class='ocr_line' id='line_1_93' title="bbox 2079 4656 2400 4734; baseline 0.006 -19"><span class='ocrx_word' id='word_1_653' title='bbox 2079 4656 2276 4734; x_wconf 69' lang='grc' dir='ltr'>ίδεσθαι</span> <span class='ocrx_word' id='word_1_654' title='bbox 2294 4659 2400 4734; x_wconf 22' lang='grc' dir='ltr'>,σύο</span> 
     </span>
    </p>
   </div>
   <div class='ocr_carea' id='block_1_93' title="bbox 843 4730 867 4750">
    <p class='ocr_par' dir='ltr' id='par_1_93' title="bbox 843 4730 867 4750">
     <span class='ocr_line' id='line_1_94' title="bbox 843 4730 867 4750; baseline 0 0"><span class='ocrx_word' id='word_1_655' title='bbox 843 4730 867 4750; x_wconf 63' lang='grc' dir='ltr'><em>Ἰ</em></span> 
     </span>
    </p>
   </div>
   <div class='ocr_carea' id='block_1_94' title="bbox 2506 4656 3718 4742">
    <p class='ocr_par' dir='ltr' id='par_1_94' title="bbox 2506 4656 3718 4742">
     <span class='ocr_line' id='line_1_95' title="bbox 2506 4656 3718 4742; baseline 0.01 -28"><span class='ocrx_word' id='word_1_656' title='bbox 2506 4661 2554 4696; x_wconf 71' lang='grc'><strong>²⁴</strong></span> <span class='ocrx_word' id='word_1_657' title='bbox 2585 4656 2784 4742; x_wconf 68' lang='grc' dir='ltr'>εὕωτος</span> <span class='ocrx_word' id='word_1_658' title='bbox 2817 4663 2947 4719; x_wconf 89' lang='lat' dir='ltr'>cod.</span> <span class='ocrx_word' id='word_1_659' title='bbox 2981 4664 3091 4719; x_wconf 89' lang='lat' dir='ltr'>Sed</span> <span class='ocrx_word' id='word_1_660' title='bbox 3122 4665 3236 4721; x_wconf 81' lang='lat' dir='ltr'>vid.</span> <span class='ocrx_word' id='word_1_661' title='bbox 3263 4669 3315 4722; x_wconf 83' lang='lat'>5.</span> <span class='ocrx_word' id='word_1_662' title='bbox 3349 4668 3409 4724; x_wconf 83' lang='lat' dir='ltr'>A.</span> <span class='ocrx_word' id='word_1_663' title='bbox 3445 4663 3718 4742; x_wconf 79' lang='grc' dir='ltr'>εὐδαίμων</span> 
     </span>
    </p>
   </div>
   <div class='ocr_carea' id='block_1_95' title="bbox 315 4727 2632 4811">
    <p class='ocr_par' dir='ltr' id='par_1_95' title="bbox 315 4727 2632 4811">
     <span class='ocr_line' id='line_1_96' title="bbox 315 4727 2632 4811; baseline 0 -23"><span class='ocrx_word' id='word_1_664' title='bbox 315 4732 415 4811; x_wconf 75' lang='grc' dir='ltr'>γὰρ</span> <span class='ocrx_word' id='word_1_665' title='bbox 446 4735 482 4803; x_wconf 80' lang='grc' dir='ltr'><strong>ἡ</strong></span> <span class='ocrx_word' id='word_1_666' title='bbox 523 4733 680 4809; x_wconf 88' lang='grc' dir='ltr'>χώρα</span> <span class='ocrx_word' id='word_1_667' title='bbox 710 4765 779 4776; x_wconf 94' lang='lat'>—-</span> <span class='ocrx_word' id='word_1_668' title='bbox 813 4727 1034 4795; x_wconf 71' lang='grc' dir='ltr'>εὔϐοτός</span> <span class='ocrx_word' id='word_1_669' title='bbox 1067 4727 1125 4787; x_wconf 73' lang='grc' dir='ltr'>τέ</span> <span class='ocrx_word' id='word_1_670' title='bbox 1153 4731 1245 4787; x_wconf 88' lang='grc' dir='ltr'>καὶ</span> <span class='ocrx_word' id='word_1_671' title='bbox 1277 4727 1544 4806; x_wconf 70' lang='grc' dir='ltr'>εὔμηλος.</span> <span class='ocrx_word' id='word_1_672' title='bbox 1622 4733 1669 4769; x_wconf 75' lang='grc'>³⁵</span> <span class='ocrx_word' id='word_1_673' title='bbox 1697 4727 2089 4808; x_wconf 62' lang='grc' dir='ltr'>παρεκροῦντοξ</span> <span class='ocrx_word' id='word_1_674' title='bbox 2167 4733 2212 4768; x_wconf 79' lang='grc'>²⁶</span> <span class='ocrx_word' id='word_1_675' title='bbox 2243 4732 2354 4788; x_wconf 89' lang='grc' dir='ltr'>τόν.</span> <span class='ocrx_word' id='word_1_676' title='bbox 2385 4734 2516 4805; x_wconf 85' lang='lat' dir='ltr'>Leg.</span> <span class='ocrx_word' id='word_1_677' title='bbox 2550 4733 2632 4788; x_wconf 89' lang='grc' dir='ltr'>τό.</span> 
     </span>
    </p>
   </div>
   <div class='ocr_carea' id='block_1_96' title="bbox 312 4931 1960 5005">
    <p class='ocr_par' dir='ltr' id='par_1_96' title="bbox 312 4931 1960 5005">
     <span class='ocr_line' id='line_1_97' title="bbox 312 4931 1960 5005; baseline 0.001 -18"><span class='ocrx_word' id='word_1_678' title='bbox 312 4931 650 5005; x_wconf 88' lang='lat' dir='ltr'>conditione</span> <span class='ocrx_word' id='word_1_679' title='bbox 677 4932 1163 4988; x_wconf 89' lang='lat' dir='ltr'>dictionariorum</span> <span class='ocrx_word' id='word_1_680' title='bbox 1196 4934 1565 4988; x_wconf 82' lang='lat' dir='ltr'>Graecorum:</span> <span class='ocrx_word' id='word_1_681' title='bbox 1603 4936 1700 4990; x_wconf 81' lang='lat' dir='ltr'>Die</span> <span class='ocrx_word' id='word_1_682' title='bbox 1729 4934 1960 5005; x_wconf 84' lang='lat' dir='ltr'>griechi—</span> 
     </span>
    </p>
   </div>
   <div class='ocr_carea' id='block_1_97' title="bbox 308 5004 1958 5062">
    <p class='ocr_par' dir='ltr' id='par_1_97' title="bbox 308 5004 1958 5062">
     <span class='ocr_line' id='line_1_98' title="bbox 308 5004 1958 5062; baseline 0.002 -4"><span class='ocrx_word' id='word_1_683' title='bbox 308 5004 470 5059; x_wconf 80' lang='lat' dir='ltr'>schen</span> <span class='ocrx_word' id='word_1_684' title='bbox 505 5007 740 5061; x_wconf 73' lang='lat' dir='ltr'>erter</span> <span class='ocrx_word' id='word_1_685' title='bbox 767 5005 895 5060; x_wconf 83' lang='lat' dir='ltr'>sind</span> <span class='ocrx_word' id='word_1_686' title='bbox 912 5005 1051 5060; x_wconf 81' lang='lat' dir='ltr'>noch</span> <span class='ocrx_word' id='word_1_687' title='bbox 1079 5008 1139 5060; x_wconf 79' lang='lat' dir='ltr'>in</span> <span class='ocrx_word' id='word_1_688' title='bbox 1163 5006 1269 5060; x_wconf 87' lang='lat' dir='ltr'>den</span> <span class='ocrx_word' id='word_1_689' title='bbox 1291 5007 1467 5060; x_wconf 80' lang='lat' dir='ltr'>besten</span> <span class='ocrx_word' id='word_1_690' title='bbox 1488 5008 1703 5062; x_wconf 71' lang='lat' dir='ltr'>Lexicis</span> <span class='ocrx_word' id='word_1_691' title='bbox 1718 5004 1958 5061; x_wconf 81' lang='lat' dir='ltr'>Schlecht</span> 
     </span>
    </p>
   </div>
   <div class='ocr_carea' id='block_1_98' title="bbox 311 5075 1958 5146">
    <p class='ocr_par' dir='ltr' id='par_1_98' title="bbox 311 5075 1958 5146">
     <span class='ocr_line' id='line_1_99' title="bbox 311 5075 1958 5146; baseline 0.001 -16"><span class='ocrx_word' id='word_1_692' title='bbox 311 5075 444 5131; x_wconf 81' lang='lat' dir='ltr'>oder</span> <span class='ocrx_word' id='word_1_693' title='bbox 472 5075 734 5132; x_wconf 79' lang='lat' dir='ltr'>vielmehr</span> <span class='ocrx_word' id='word_1_694' title='bbox 753 5094 858 5146; x_wconf 87' lang='lat' dir='ltr'>ga-r</span> <span class='ocrx_word' id='word_1_695' title='bbox 885 5075 1039 5131; x_wconf 75' lang='lat' dir='ltr'>nicht</span> <span class='ocrx_word' id='word_1_696' title='bbox 1067 5079 1288 5133; x_wconf 72' lang='lat' dir='ltr'>erklw-rt</span> <span class='ocrx_word' id='word_1_697' title='bbox 1319 5094 1374 5132; x_wconf 91' lang='lat' dir='ltr'>u.</span> <span class='ocrx_word' id='word_1_698' title='bbox 1412 5095 1457 5132; x_wconf 91' lang='lat' dir='ltr'>s.</span> <span class='ocrx_word' id='word_1_699' title='bbox 1493 5095 1562 5133; x_wconf 83' lang='lat' dir='ltr'>w.</span> <span class='ocrx_word' id='word_1_700' title='bbox 1598 5079 1671 5133; x_wconf 90' lang='lat' dir='ltr'>Ut</span> <span class='ocrx_word' id='word_1_701' title='bbox 1700 5078 1831 5133; x_wconf 90' lang='lat' dir='ltr'>ideo</span> <span class='ocrx_word' id='word_1_702' title='bbox 1864 5079 1958 5132; x_wconf 88' lang='lat' dir='ltr'>ni-</span> 
     </span>
    </p>
   </div>
   <div class='ocr_carea' id='block_1_99' title="bbox 311 5147 1957 5222">
    <p class='ocr_par' dir='ltr' id='par_1_99' title="bbox 311 5147 1957 5222">
     <span class='ocr_line' id='line_1_100' title="bbox 311 5147 1957 5222; baseline 0.002 -21"><span class='ocrx_word' id='word_1_703' title='bbox 311 5147 398 5201; x_wconf 92' lang='lat' dir='ltr'>hil</span> <span class='ocrx_word' id='word_1_704' title='bbox 429 5149 616 5222; x_wconf 71' lang='lat' dir='ltr'>magis</span> <span class='ocrx_word' id='word_1_705' title='bbox 648 5149 917 5205; x_wconf 79' lang='lat' dir='ltr'>conferre</span> <span class='ocrx_word' id='word_1_706' title='bbox 949 5155 1151 5220; x_wconf 91' lang='lat' dir='ltr'>putem</span> <span class='ocrx_word' id='word_1_707' title='bbox 1182 5149 1256 5204; x_wconf 91' lang='lat' dir='ltr'>ad</span> <span class='ocrx_word' id='word_1_708' title='bbox 1287 5147 1632 5205; x_wconf 87' lang='lat' dir='ltr'>interiorem</span> <span class='ocrx_word' id='word_1_709' title='bbox 1668 5150 1957 5222; x_wconf 89' lang='lat' dir='ltr'>cognitio-</span> 
     </span>
    </p>
   </div>
   <div class='ocr_carea' id='block_1_100' title="bbox 309 5218 1961 5292">
    <p class='ocr_par' dir='ltr' id='par_1_100' title="bbox 309 5218 1961 5292">
     <span class='ocr_line' id='line_1_101' title="bbox 309 5218 1961 5292; baseline 0.002 -20"><span class='ocrx_word' id='word_1_710' title='bbox 309 5235 451 5292; x_wconf 82' lang='lat' dir='ltr'>nem</span> <span class='ocrx_word' id='word_1_711' title='bbox 482 5218 698 5292; x_wconf 68' lang='lat' dir='ltr'>linguas</span> <span class='ocrx_word' id='word_1_712' title='bbox 716 5218 969 5286; x_wconf 54' lang='lat' dir='ltr'>Graecae;</span> <span class='ocrx_word' id='word_1_713' title='bbox 987 5238 1163 5292; x_wconf 89' lang='lat' dir='ltr'>quam</span> <span class='ocrx_word' id='word_1_714' title='bbox 1190 5222 1238 5276; x_wconf 92' lang='lat' dir='ltr'>si</span> <span class='ocrx_word' id='word_1_715' title='bbox 1269 5223 1344 5277; x_wconf 92' lang='lat' dir='ltr'>ad</span> <span class='ocrx_word' id='word_1_716' title='bbox 1361 5218 1786 5278; x_wconf 72' lang='lat' dir='ltr'>discernendae</span> <span class='ocrx_word' id='word_1_717' title='bbox 1806 5222 1961 5292; x_wconf 89' lang='lat' dir='ltr'>ejus-</span> 
     </span>
    </p>
   </div>
   <div class='ocr_carea' id='block_1_101' title="bbox 310 5290 1959 5367">
    <p class='ocr_par' dir='ltr' id='par_1_101' title="bbox 310 5290 1959 5367">
     <span class='ocr_line' id='line_1_102' title="bbox 310 5290 1959 5367; baseline 0.002 -23"><span class='ocrx_word' id='word_1_718' title='bbox 310 5290 449 5345; x_wconf 86' lang='lat' dir='ltr'>dem</span> <span class='ocrx_word' id='word_1_719' title='bbox 482 5290 750 5347; x_wconf 77' lang='lat' dir='ltr'>vocabuli</span> <span class='ocrx_word' id='word_1_720' title='bbox 782 5292 973 5349; x_wconf 90' lang='lat' dir='ltr'>varias</span> <span class='ocrx_word' id='word_1_721' title='bbox 1004 5290 1347 5367; x_wconf 83' lang='lat' dir='ltr'>potestates,</span> <span class='ocrx_word' id='word_1_722' title='bbox 1367 5295 1701 5367; x_wconf 90' lang='lat' dir='ltr'>analogiam</span> <span class='ocrx_word' id='word_1_723' title='bbox 1734 5299 1791 5349; x_wconf 93' lang='lat' dir='ltr'>et</span> <span class='ocrx_word' id='word_1_724' title='bbox 1820 5290 1959 5366; x_wconf 82' lang='lat' dir='ltr'>logi-</span> 
     </span>
    </p>
   </div>
   <div class='ocr_carea' id='block_1_102' title="bbox 310 5366 1960 5438">
    <p class='ocr_par' dir='ltr' id='par_1_102' title="bbox 310 5366 1960 5438">
     <span class='ocr_line' id='line_1_103' title="bbox 310 5366 1960 5438; baseline 0.001 -21"><span class='ocrx_word' id='word_1_725' title='bbox 310 5379 442 5438; x_wconf 84' lang='lat' dir='ltr'>cam</span> <span class='ocrx_word' id='word_1_726' title='bbox 477 5369 735 5438; x_wconf 79' lang='lat' dir='ltr'>secutus,</span> <span class='ocrx_word' id='word_1_727' title='bbox 768 5382 798 5438; x_wconf 86' lang='lat' dir='ltr'>e</span> <span class='ocrx_word' id='word_1_728' title='bbox 828 5381 937 5438; x_wconf 84' lang='lat' dir='ltr'>sua</span> <span class='ocrx_word' id='word_1_729' title='bbox 986 5366 1237 5436; x_wconf 87' lang='lat' dir='ltr'>quisque</span> <span class='ocrx_word' id='word_1_730' title='bbox 1284 5383 1439 5438; x_wconf 89' lang='lat' dir='ltr'>penu</span> <span class='ocrx_word' id='word_1_731' title='bbox 1489 5366 1620 5437; x_wconf 66' lang='lat' dir='ltr'>quas</span> <span class='ocrx_word' id='word_1_732' title='bbox 1669 5367 1960 5438; x_wconf 87' lang='lat' dir='ltr'>notaverit</span> 
     </span>
    </p>
   </div>
   <div class='ocr_carea' id='block_1_103' title="bbox 310 5436 1956 5509">
    <p class='ocr_par' dir='ltr' id='par_1_103' title="bbox 310 5436 1956 5509">
     <span class='ocr_line' id='line_1_104' title="bbox 310 5436 1956 5509; baseline 0.001 -20"><span class='ocrx_word' id='word_1_733' title='bbox 310 5436 540 5509; x_wconf 54' lang='lat' dir='ltr'>afferat,</span> <span class='ocrx_word' id='word_1_734' title='bbox 572 5436 731 5491; x_wconf 89' lang='lat' dir='ltr'>unde</span> <span class='ocrx_word' id='word_1_735' title='bbox 777 5437 1196 5509; x_wconf 84' lang='lat' dir='ltr'>Lexicographi</span> <span class='ocrx_word' id='word_1_736' title='bbox 1243 5436 1408 5509; x_wconf 80' lang='lat' dir='ltr'>aeque</span> <span class='ocrx_word' id='word_1_737' title='bbox 1457 5443 1524 5491; x_wconf 92' lang='lat' dir='ltr'>ut</span> <span class='ocrx_word' id='word_1_738' title='bbox 1580 5437 1956 5492; x_wconf 87' lang='lat' dir='ltr'>Grammatici</span> 
     </span>
    </p>
   </div>
   <div class='ocr_carea' id='block_1_104' title="bbox 311 5507 1956 5581">
    <p class='ocr_par' dir='ltr' id='par_1_104' title="bbox 311 5507 1956 5581">
     <span class='ocr_line' id='line_1_105' title="bbox 311 5507 1956 5581; baseline 0.002 -21"><span class='ocrx_word' id='word_1_739' title='bbox 311 5507 558 5581; x_wconf 78' lang='lat' dir='ltr'>seligere</span> <span class='ocrx_word' id='word_1_740' title='bbox 583 5523 715 5578; x_wconf 81' lang='lat' dir='ltr'>quae</span> <span class='ocrx_word' id='word_1_741' title='bbox 746 5508 948 5574; x_wconf 90' lang='lat' dir='ltr'>velint,</span> <span class='ocrx_word' id='word_1_742' title='bbox 982 5507 1041 5564; x_wconf 81' lang='lat' dir='ltr'>et</span> <span class='ocrx_word' id='word_1_743' title='bbox 1081 5507 1432 5581; x_wconf 81' lang='lat' dir='ltr'>expendere,</span> <span class='ocrx_word' id='word_1_744' title='bbox 1483 5514 1542 5563; x_wconf 92' lang='lat' dir='ltr'>et</span> <span class='ocrx_word' id='word_1_745' title='bbox 1592 5515 1956 5577; x_wconf 89' lang='lat' dir='ltr'>convertere,</span> 
     </span>
    </p>
   </div>
   <div class='ocr_carea' id='block_1_105' title="bbox 309 5577 1008 5652">
    <p class='ocr_par' dir='ltr' id='par_1_105' title="bbox 309 5577 1008 5652">
     <span class='ocr_line' id='line_1_106' title="bbox 309 5577 1008 5652; baseline 0.009 -20"><span class='ocrx_word' id='word_1_746' title='bbox 309 5577 556 5652; x_wconf 31' lang='lat' dir='ltr'>adﬂusus</span> <span class='ocrx_word' id='word_1_747' title='bbox 588 5577 729 5652; x_wconf 81' lang='lat' dir='ltr'>suos</span> <span class='ocrx_word' id='word_1_748' title='bbox 758 5581 1008 5652; x_wconf 90' lang='lat' dir='ltr'>possint.</span> 
     </span>
    </p>
   </div>
   <div class='ocr_carea' id='block_1_106' title="bbox 375 5650 1958 5726">
    <p class='ocr_par' dir='ltr' id='par_1_106' title="bbox 375 5650 1958 5726">
     <span class='ocr_line' id='line_1_107' title="bbox 375 5650 1958 5726; baseline 0.003 -23"><span class='ocrx_word' id='word_1_749' title='bbox 375 5650 486 5722; x_wconf 83' lang='lat'>(37)</span> <span class='ocrx_word' id='word_1_750' title='bbox 515 5650 776 5707; x_wconf 75' lang='lat' dir='ltr'>Dedisse</span> <span class='ocrx_word' id='word_1_751' title='bbox 790 5669 989 5708; x_wconf 90' lang='lat' dir='ltr'>veram</span> <span class='ocrx_word' id='word_1_752' title='bbox 1019 5652 1337 5709; x_wconf 90' lang='lat' dir='ltr'>lectionem</span> <span class='ocrx_word' id='word_1_753' title='bbox 1358 5651 1592 5726; x_wconf 89' lang='lat' dir='ltr'>opinor,</span> <span class='ocrx_word' id='word_1_754' title='bbox 1618 5669 1958 5726; x_wconf 86' lang='lat' dir='ltr'>quanquam</span> 
     </span>
    </p>
   </div>
   <div class='ocr_carea' id='block_1_107' title="bbox 630 5770 1329 5834">
    <p class='ocr_par' dir='ltr' id='par_1_107' title="bbox 630 5770 1329 5834">
     <span class='ocr_line' id='line_1_108' title="bbox 630 5770 1329 5834; baseline 0.004 -3"><span class='ocrx_word' id='word_1_755' title='bbox 630 5770 893 5834; x_wconf 74' lang='lat' dir='ltr'>PATROL.</span> <span class='ocrx_word' id='word_1_756' title='bbox 940 5770 1050 5833; x_wconf 78' lang='lat' dir='ltr'>Gn.</span> <span class='ocrx_word' id='word_1_757' title='bbox 1097 5771 1329 5834; x_wconf 83' lang='lat' dir='ltr'>CXVII.</span> 
     </span>
    </p>
   </div>
   <div class='ocr_carea' id='block_1_108' title="bbox 1989 4931 3714 5020">
    <p class='ocr_par' dir='ltr' id='par_1_108' title="bbox 1989 4931 3714 5020">
     <span class='ocr_line' id='line_1_109' title="bbox 1989 4931 3714 5020; baseline 0.006 -33"><span class='ocrx_word' id='word_1_758' title='bbox 1989 4941 2034 5005; x_wconf 89' lang='lat' dir='ltr'><strong>D</strong></span> <span class='ocrx_word' id='word_1_759' title='bbox 2069 4933 2130 4988; x_wconf 87' lang='lat' dir='ltr'>in</span> <span class='ocrx_word' id='word_1_760' title='bbox 2343 4934 2463 5020; x_wconf 42' lang='lat' dir='ltr'>‘si&#39;t.</span> <span class='ocrx_word' id='word_1_761' title='bbox 2498 4931 2890 5020; x_wconf 62' lang='grc' dir='ltr'>αὐτοφονατῄν,</span> <span class='ocrx_word' id='word_1_762' title='bbox 2941 4955 3260 5011; x_wconf 85' lang='lat' dir='ltr'>vocemque</span> <span class='ocrx_word' id='word_1_763' title='bbox 3296 4939 3714 5020; x_wconf 44' lang='lat' dir='ltr'>cumpca/soni:</span> 
     </span>
    </p>
   </div>
   <div class='ocr_carea' id='block_1_109' title="bbox 2069 5005 3712 5087">
    <p class='ocr_par' dir='ltr' id='par_1_109' title="bbox 2069 5005 3712 5087">
     <span class='ocr_line' id='line_1_110' title="bbox 2069 5005 3712 5087; baseline 0.007 -27"><span class='ocrx_word' id='word_1_764' title='bbox 2069 5006 2287 5087; x_wconf 76' lang='lat' dir='ltr'>eruditi</span> <span class='ocrx_word' id='word_1_765' title='bbox 2325 5005 3039 5087; x_wconf 33' lang='lat' dir='ltr'>dubiamac&#39;arentemque</span> <span class='ocrx_word' id='word_1_766' title='bbox 3085 5005 3433 5087; x_wconf 80' lang='lat' dir='ltr'>auctoritate</span> <span class='ocrx_word' id='word_1_767' title='bbox 3463 5005 3712 5087; x_wconf 60' lang='lat' dir='ltr'>&#39;putent.</span> 
     </span>
    </p>
   </div>
   <div class='ocr_carea' id='block_1_110' title="bbox 2067 5078 3718 5159">
    <p class='ocr_par' dir='ltr' id='par_1_110' title="bbox 2067 5078 3718 5159">
     <span class='ocr_line' id='line_1_111' title="bbox 2067 5078 3718 5159; baseline 0.007 -27"><span class='ocrx_word' id='word_1_768' title='bbox 2067 5078 2370 5159; x_wconf 64' lang='lat' dir='ltr'>invenitur</span> <span class='ocrx_word' id='word_1_769' title='bbox 2395 5079 2552 5148; x_wconf 91' lang='lat' dir='ltr'>apud</span> <span class='ocrx_word' id='word_1_770' title='bbox 2583 5079 2636 5133; x_wconf 92' lang='lat' dir='ltr'>S.</span> <span class='ocrx_word' id='word_1_771' title='bbox 2671 5078 2960 5159; x_wconf 5' lang='lat' dir='ltr'>Clenienpt;</span> <span class='ocrx_word' id='word_1_772' title='bbox 2992 5085 3157 5159; x_wconf 53' lang='lat' dir='ltr'>Rom.</span> <span class='ocrx_word' id='word_1_773' title='bbox 3219 5078 3497 5159; x_wconf 58' lang='lat' dir='ltr'>Constitt:</span> <span class='ocrx_word' id='word_1_774' title='bbox 3527 5091 3718 5159; x_wconf 82' lang='lat' dir='ltr'>Apos-</span> 
     </span>
    </p>
   </div>
   <div class='ocr_carea' id='block_1_111' title="bbox 2069 5150 3716 5234">
    <p class='ocr_par' dir='ltr' id='par_1_111' title="bbox 2069 5150 3716 5234">
     <span class='ocr_line' id='line_1_112' title="bbox 2069 5150 3716 5234; baseline 0.006 -30"><span class='ocrx_word' id='word_1_775' title='bbox 2069 5150 2240 5234; x_wconf 62' lang='lat' dir='ltr'>tolor.</span> <span class='ocrx_word' id='word_1_776' title='bbox 2278 5152 2388 5234; x_wconf 66' lang='lat' dir='ltr'>13Q</span> <span class='ocrx_word' id='word_1_777' title='bbox 2419 5167 2608 5234; x_wconf 49' lang='lat' dir='ltr'>uerso:</span> <span class='ocrx_word' id='word_1_778' title='bbox 2664 5150 2754 5234; x_wconf 56' lang='grc' dir='ltr'>καὶ</span> <span class='ocrx_word' id='word_1_779' title='bbox 2813 5152 3058 5230; x_wconf 71' lang='grc' dir='ltr'>Καϊάφας</span> <span class='ocrx_word' id='word_1_780' title='bbox 3115 5153 3334 5229; x_wconf 79' lang='grc' dir='ltr'>ὕστερον</span> <span class='ocrx_word' id='word_1_781' title='bbox 3391 5150 3716 5234; x_wconf 78' lang='grc' dir='ltr'>αὐτοφὸνευ-</span> 
     </span>
    </p>
   </div>
   <div class='ocr_carea' id='block_1_112' title="bbox 2065 5218 3716 5304">
    <p class='ocr_par' dir='ltr' id='par_1_112' title="bbox 2065 5218 3716 5304">
     <span class='ocr_line' id='line_1_113' title="bbox 2065 5218 3716 5304; baseline 0.007 -31"><span class='ocrx_word' id='word_1_782' title='bbox 2065 5220 2166 5304; x_wconf 71' lang='grc' dir='ltr'>τῇς</span> <span class='ocrx_word' id='word_1_783' title='bbox 2199 5220 2393 5304; x_wconf 74' lang='grc' dir='ltr'>ἐαυτρῦ</span> <span class='ocrx_word' id='word_1_784' title='bbox 2425 5218 2665 5304; x_wconf 39' lang='grc' dir='ltr'>ἐγένετο,</span> <span class='ocrx_word' id='word_1_785' title='bbox 2691 5226 2932 5304; x_wconf 69' lang='lat' dir='ltr'>Formas</span> <span class='ocrx_word' id='word_1_786' title='bbox 2965 5218 3356 5304; x_wconf 74' lang='lat' dir='ltr'>elegantiores</span> <span class='ocrx_word' id='word_1_787' title='bbox 3411 5218 3716 5304; x_wconf 64' lang='grc' dir='ltr'>αὐτόφόνος</span> 
     </span>
    </p>
   </div>
   <div class='ocr_carea' id='block_1_113' title="bbox 2068 5291 3125 5363">
    <p class='ocr_par' dir='ltr' id='par_1_113' title="bbox 2068 5291 3125 5363">
     <span class='ocr_line' id='line_1_114' title="bbox 2068 5291 3125 5363; baseline 0.006 -15"><span class='ocrx_word' id='word_1_788' title='bbox 2068 5299 2244 5363; x_wconf 91' lang='lat' dir='ltr'>atque</span> <span class='ocrx_word' id='word_1_789' title='bbox 2284 5291 2620 5363; x_wconf 48' lang='lat' dir='ltr'>drigaecini]:</span> <span class='ocrx_word' id='word_1_790' title='bbox 2653 5295 2873 5351; x_wconf 89' lang='lat' dir='ltr'>habent</span> <span class='ocrx_word' id='word_1_791' title='bbox 2901 5291 3125 5354; x_wconf 46' lang='lat' dir='ltr'>Lexicva.</span> 
     </span>
    </p>
   </div>
   <div class='ocr_carea' id='block_1_114' title="bbox 2098 5360 3715 5451">
    <p class='ocr_par' dir='ltr' id='par_1_114' title="bbox 2098 5360 3715 5451">
     <span class='ocr_line' id='line_1_115' title="bbox 2098 5360 3715 5451; baseline 0.009 -34"><span class='ocrx_word' id='word_1_792' title='bbox 2098 5360 2245 5451; x_wconf 71' lang='grc' dir='ltr'>ν(38)</span> <span class='ocrx_word' id='word_1_793' title='bbox 2279 5360 2545 5451; x_wconf 36' lang='grc' dir='ltr'>Εὑιϐοτος,</span> <span class='ocrx_word' id='word_1_794' title='bbox 2579 5360 2739 5438; x_wconf 81' lang='lat' dir='ltr'>quod</span> <span class='ocrx_word' id='word_1_795' title='bbox 2798 5371 3038 5451; x_wconf 85' lang='lat' dir='ltr'>reposui</span> <span class='ocrx_word' id='word_1_796' title='bbox 3087 5389 3192 5443; x_wconf 91' lang='lat' dir='ltr'>pro</span> <span class='ocrx_word' id='word_1_797' title='bbox 3243 5375 3534 5446; x_wconf 90' lang='lat' dir='ltr'>scriptura</span> <span class='ocrx_word' id='word_1_798' title='bbox 3576 5376 3715 5431; x_wconf 90' lang='lat' dir='ltr'>Cod.</span> 
     </span>
    </p>
   </div>
   <div class='ocr_carea' id='block_1_115' title="bbox 2069 5437 3057 5510">
    <p class='ocr_par' dir='ltr' id='par_1_115' title="bbox 2069 5437 3057 5510">
     <span class='ocr_line' id='line_1_116' title="bbox 2069 5437 3057 5510; baseline 0.009 -22"><span class='ocrx_word' id='word_1_799' title='bbox 2069 5437 2292 5499; x_wconf 81' lang='grc' dir='ltr'>εὕωτος,</span> <span class='ocrx_word' id='word_1_800' title='bbox 2326 5437 2575 5493; x_wconf 87' lang='lat' dir='ltr'>iteratur</span> <span class='ocrx_word' id='word_1_801' title='bbox 2603 5437 2838 5510; x_wconf 84' lang='lat' dir='ltr'>quoque</span> <span class='ocrx_word' id='word_1_802' title='bbox 2869 5437 2956 5496; x_wconf 70' lang='grc'>41.</span> <span class='ocrx_word' id='word_1_803' title='bbox 2993 5447 3057 5499; x_wconf 73' lang='grc' dir='ltr'>Δ.</span> 
     </span>
    </p>
   </div>
   <div class='ocr_carea' id='block_1_116' title="bbox 2139 5510 3040 5577">
    <p class='ocr_par' dir='ltr' id='par_1_116' title="bbox 2139 5510 3040 5577">
     <span class='ocr_line' id='line_1_117' title="bbox 2139 5510 3040 5577; baseline 0.009 -15"><span class='ocrx_word' id='word_1_804' title='bbox 2139 5510 2248 5577; x_wconf 88' lang='grc'>(39)</span> <span class='ocrx_word' id='word_1_805' title='bbox 2279 5510 2512 5564; x_wconf 72' lang='grc' dir='ltr'>ΡΓωίνὶι</span> <span class='ocrx_word' id='word_1_806' title='bbox 2541 5511 2818 5577; x_wconf 83' lang='lat' dir='ltr'>Agathias</span> <span class='ocrx_word' id='word_1_807' title='bbox 2849 5513 2936 5566; x_wconf 80' lang='grc'>42.</span> <span class='ocrx_word' id='word_1_808' title='bbox 2974 5514 3040 5570; x_wconf 90' lang='grc'>1).</span> 
     </span>
    </p>
   </div>
   <div class='ocr_carea' id='block_1_117' title="bbox 2138 5551 3722 5659">
    <p class='ocr_par' dir='ltr' id='par_1_117' title="bbox 2138 5551 3722 5659">
     <span class='ocr_line' id='line_1_118' title="bbox 2138 5551 3722 5659; baseline 0.007 -27"><span class='ocrx_word' id='word_1_809' title='bbox 3062 5588 3154 5659; x_wconf 86' lang='lat' dir='ltr'>IV,</span> <span class='ocrx_word' id='word_1_810' title='bbox 3187 5605 3242 5658; x_wconf 90' lang='lat' dir='ltr'>p.</span> <span class='ocrx_word' id='word_1_811' title='bbox 3283 5591 3367 5659; x_wconf 80' lang='lat' dir='ltr'>l2,</span> <span class='ocrx_word' id='word_1_812' title='bbox 3410 5588 3722 5658; x_wconf 74' lang='lat' dir='ltr'>medi-usque</span> 
     </span>
    </p>
   </div>
   <div class='ocr_carea' id='block_1_118' title="bbox 2069 5653 2700 5712">
    <p class='ocr_par' dir='ltr' id='par_1_118' title="bbox 2069 5653 2700 5712">
     <span class='ocr_line' id='line_1_119' title="bbox 2069 5653 2700 5712; baseline 0.008 -5"><span class='ocrx_word' id='word_1_813' title='bbox 2069 5654 2216 5708; x_wconf 82' lang='lat' dir='ltr'>inter</span> <span class='ocrx_word' id='word_1_814' title='bbox 2247 5653 2490 5710; x_wconf 81' lang='lat' dir='ltr'>cohortes</span> <span class='ocrx_word' id='word_1_815' title='bbox 2526 5657 2700 5712; x_wconf 79' lang='lat' dir='ltr'>stetit.</span> 
     </span>
    </p>
   </div>
   <div class='ocr_carea' id='block_1_119' title="bbox 3283 5776 3363 5835">
    <p class='ocr_par' dir='ltr' id='par_1_119' title="bbox 3283 5776 3363 5835">
     <span class='ocr_line' id='line_1_120' title="bbox 3283 5776 3363 5835; baseline 0.025 -2"><span class='ocrx_word' id='word_1_816' title='bbox 3283 5776 3363 5835; x_wconf 75' lang='lat'>24</span> 
     </span>
    </p>
   </div>
  </div>
