4186 6308
454 328 572 389 747

1861 321 2137 384 LEONlS
2182 319 2506 385 DIACONI

3746 325 3866 386 748

458 464 644 527 ratus,
677 456 1080 529 praeliabatur,
1111 454 1199 511 vir
1222 454 1452 511 ardenti
1485 455 1744 527 ingenio,
1790 455 1892 526 qui
1924 454 2106 511 auda-

2221 454 2312 509 καὶ
2353 449 2709 528 σφενδονήτας
2777 451 3002 530 βάλλειν
3060 449 3188 515 τοὺς
3246 450 3519 518 ἐναντίους
3572 473 3867 530 προστετα-

458 565 587 603 cem
614 564 676 602 se
700 552 757 601 et
775 545 1065 601 fervidum
1089 545 1138 600 si
1162 545 1293 615 quis
1319 543 1471 599 alius
1493 544 1852 613 ostenderat,
1873 544 2108 599 tametsi

460 652 705 708 corpore
724 636 918 690 brevis
944 635 1267 706 plusquam
1287 633 1579 689 attinebat
1603 632 1830 695 erat,ad
1852 633 2108 706 effigiem

461 726 708 781 fabulati
740 725 917 795 Tydei
965 723 1408 795 bellipotentis;
1444 740 1646 779 verum
1678 724 1917 778 heroica
1949 740 2108 793 qua)-

463 817 597 872 dam
628 818 820 871 inerat
837 815 1022 869 virtus
1050 831 1117 870 ac
1137 815 1222 869 vis
1238 815 1297 869 in
1314 831 1525 886 parum
1553 815 1823 885 specioso
1842 830 2109 885 corpore.

460 907 790 977 Imperator
818 905 918 959 ubi
960 904 1277 959 classicum
1310 906 1441 959 cani
1478 905 1678 976 jussit,
1729 903 2012 960 videndas
2048 919 2111 960 se

461 996 847 1067 praebuerunt
876 994 1215 1050 admirabili
1247 994 1453 1050 ordine
1495 999 1803 1049 commotae
1845 993 2110 1066 legiones

462 1087 831 1151 liomanze,et
855 1101 1100 1156 campus
1130 1089 1287 1139 totus
1310 1084 1534 1157 fulgore
1556 1100 1857 1139 armorum
1881 1083 2108 1138 micuit.

459 1175 576 1228 Nec
610 1173 875 1228 tulerunt
902 1173 1058 1229 hanc
1088 1173 1545 1245 impressionem
1592 1175 1948 1228 Tarsenses:
1983 1170 2109 1239 sed,

457 1269 619 1318 strue
648 1265 953 1319 hastarum
995 1263 1253 1335 telisque
1287 1280 1494 1319 eorum
1519 1263 1620 1334 qui
1647 1279 1682 1318 a
1708 1268 1869 1334 tergo
1887 1261 2114 1334 jacula-

457 1353 1263 1425 banturprepulsi,evestigio
1283 1353 1343 1407 in
1359 1353 1559 1425 fugam
1580 1368 1642 1408 se
1663 1356 2111 1418 converterunt,

458 1442 639 1513 inque
673 1430 957 1514 oppidum
1006 1442 1261 1514 turpiter
1307 1441 1574 1498 conclusi
1623 1447 1783 1509 sunt,
1836 1440 2113 1513 plurimis

462 1548 705 1587 suorum
736 1531 847 1586 hoc
879 1531 939 1585 in
970 1531 1252 1586 conflictu
1292 1530 1636 1603 deperditis.
1671 1532 1912 1603 Magnus
1960 1547 2113 1603 pra)-

458 1626 624 1676 terea
654 1620 835 1675 timor
865 1638 965 1675 eos
996 1620 1257 1688 incessit,
1284 1626 1672 1692 posteaquam
1695 1624 1924 1675 tantum
1953 1637 2114 1675 exer-

459 1710 645 1765 citum
687 1709 893 1764 ordine
926 1709 1350 1780 procedentem
1384 1714 1835 1783 conspexerant.
1868 1711 1955 1765 Ita
1981 1727 2111 1766 mu-

458 1814 593 1853 rum
629 1797 830 1869 oppidi
864 1816 899 1853 a
925 1814 986 1853 se
1018 1804 1368 1869 occupatum
1417 1801 1731 1855 tormentis
1780 1799 2109 1855 missnlibus

464 1887 744 1942 firmant:
787 1887 901 1959 ipsi
934 1887 1230 1943 maanibus
1263 1887 1450 1944 abditi
1483 1888 1880 1958 obdurabant,
1912 1888 2122 1946 adven-

468 1983 593 2032 tum
620 1979 882 2034 hostium
916 1981 1239 2050 excepturi.

2217 544 2355 619 χώς.
2385 542 2477 606 Εἷς
2506 543 2567 598 τὸ
2602 540 2770 616 δεξιὸν
2804 541 2862 599 δὲ
2906 544 3064 619 κέρας
3114 543 3279 607 αὐτὸς
3328 542 3589 613 εἱστήκει,
3641 544 3864 617 μυρίαν-

2220 630 2345 708 δρον
2372 633 2579 688 ἱππέων
2613 630 2739 704 ἴλην
2791 632 3209 711 ἐπιφερόμενος
3268 632 3404 688 κατά
3446 629 3506 687 δὲ
3551 633 3615 688 τὸ
3664 634 3865 689 εὐώνυ-

2222 743 2322 795 μον
2378 724 2660 796 Ἰωάννης,
2715 723 2760 795 ᾧ
2816 723 2880 777 τὸ
2938 720 3208 796 ἐπώνυμα,
3252 722 3574 795 Τζιμίσκῆς,
3644 726 3713 796 τῇ
3771 727 3870 779 τοῦ

2221 786 2413 875 δουκὸς
2441 813 2579 886 τιμῇ
2591 786 2602 793 ’
2632 786 3051 885 σεμνυνόμενος,
3109 786 3518 886 διδίγων-ίίςετο,⁷
3549 786 3711 888 ἀνὴρΓ
3746 834 3872 890 σφας

2223 899 2397 971 δάζων
2427 922 2487 957 τε
2515 906 2593 973 τῷ
2621 903 2781 974 θυμῷ
2809 903 2940 974 (41),
2989 899 3077 955 καὶ
3133 898 3441 973 τολμητίας
3489 901 3730 965 ἐκτόπως
3782 901 3870 958 καῖ

2219 991 2556 1066 θερμουργὸς
2588 989 2633 1045 εί
2663 989 2753 1045 καί
2791 1011 2875 1053 τις
2930 988 3104 1052 ἄλλος
3153 987 3632 1064 ἀποδεικνύμενος,
3687 990 3737 1047 εἲ
3779 992 3871 1048 καὶ

2217 1081 2279 1137 τὸ
2311 1085 2473 1154 σῶμα
2506 1079 2716 1156 βραχὺς
2751 1100 2836 1142 τις
2868 1079 3000 1156 ὑπὲρ
3041 1080 3103 1135 τὸ
3166 1078 3384 1157 μέτριον
3442 1081 3529 1154 ἧν,
3585 1083 3723 1137 κατά
3776 1083 3867 1139 τὸν

2223 1169 2701 1247 μυθολογούμενον
2758 1167 2936 1226 Τυδέα
3019 1169 3111 1225 τὸν
3191 1173 3473 1247 μαχητηνο
3562 1170 3708 1227 ἀλλά
3786 1192 3871 1235 τις

2219 1261 2438 1336 ἡρωϊκή
2498 1259 2624 1329 ἐνῆν
2683 1260 2826 1328 ἀλκὴ
2882 1258 2974 1314 καὶ
3032 1259 3181 1336 ὁρμὴ
3241 1258 3292 1314 ἐν
3344 1264 3424 1332 τῷ
3509 1265 3872 1336 μικροπρεπεῖ

2220 1348 2428 1405 ἐκείνου
2487 1350 2723 1423 σώματι.
2782 1351 2892 1407 Τοῦ
2950 1345 3008 1404 δὲ
3063 1347 3467 1425 αὐτοκράτορος
3546 1348 3869 1424 ἐγκελευσα-

2225 1437 2386 1512 μένου
2411 1439 2474 1494 τὸ
2505 1437 2754 1494 ἐνυάλιον
2798 1436 3077 1509 ὐπαυλεῖν,
3127 1438 3194 1506 ἦν
3256 1435 3387 1492 ἰδεῖν
3445 1437 3719 1513 ἀμηχάνῳ
3770 1438 3869 1495 κό-

2220 1550 2346 1602 σμῳ
2400 1528 2498 1593 τάς
2547 1528 2861 1601 Ῥωμαϊκὰς
2915 1523 3239 1600 κινουμένας
3298 1525 3605 1603 φάλαγγας,
3665 1529 3755 1583 καὶ
3806 1529 3870 1585 τὸ

2219 1615 2404 1674 πεδίον
2471 1619 2610 1672 ἅπαν
2667 1621 2736 1691 τῇ
2794 1616 2932 1692 αὐγῇ
2982 1621 3091 1671 τῶν
3150 1615 3336 1672 ὅπλων
3390 1618 3871 1692 καταστραπτόμε-

2217 1729 2327 1763 νον.
2357 1706 2471 1764 Οὐκ
2510 1705 2739 1782 ἤνεγκαν
2797 1706 2895 1775 τήν
2952 1704 3222 1775 τοσαύτην
3278 1704 3454 1781 ῥοπήν
3515 1708 3568 1760 οἰ
3625 1710 3868 1781 Ταρσεῖςσ

2220 1802 2341 1862 τοῖς
2373 1794 2429 1852 δὲ
2459 1795 2732 1869 ὠθισμοῖς
2760 1800 2868 1851 τῶν
2903 1794 3143 1851 ἀκόντων
3172 1795 3259 1851 καὶ
3288 1801 3405 1858 τοῖς
3438 1790 3871 1870 ἀκροϐολισμοῖς

2229 1890 2335 1943 τῶν
2371 1885 2692 1962 βαλλόντων
2726 1883 2999 1959 ἐξόπισθεν
3053 1884 3391 1961 βιαζόμενοι,
3441 1882 3667 1954 ἐξαυτῆς
3723 1882 3876 1941 ἔκλι-

2231 1998 2320 2031 ναν
2355 1974 2433 2037 είς
2464 1976 2667 2049 φυγὴν,
2698 1974 2788 2030 καὶ
2814 1975 2953 2049 πρὸς
2982 1973 3046 2029 τὸ
3075 1973 3204 2029 ἄστυ
3238 1972 3610 2029 συνεκλείοντο
3642 1974 3874 2046 ἀκλεῶς,

455 2063 749 2131 πλείστους
775 2070 883 2121 τῶν
917 2065 1130 2121 οἰκείων
1162 2068 1309 2143 παρὰ
1365 2066 1565 2138 ταύτην
1617 2065 2026 2129 ἀποϐάλλοντες
2056 2069 2100 2104 ³⁷
2124 2067 2222 2136 τήν
2256 2059 2602 2135 προσϐολήν.
2649 2065 2809 2133 Δεινή
2858 2060 2917 2119 δέ
2957 2084 3040 2127 τις
3093 2063 3339 2137 ὐπεισῄει
3391 2064 3617 2122 τούτους
3674 2062 3874 2133 δειλία,

455 2155 795 2226 τηλικαύτην
850 2156 965 2227 μετ’
1025 2154 1307 2229 ἐμπειρίας
1368 2157 1630 2232 ἀθρήσασι
1689 2161 1977 2232 χωροῦσαν
2036 2155 2276 2226 πληθύν.
2327 2153 2427 2209 Τὸν
2479 2148 2776 2225 περίϐολον
2834 2153 2926 2208 οὖν
2988 2149 3334 2231 διειληφότες
3393 2157 3489 2208 τοῦ
3546 2153 3731 2216 ἄστεος
3785 2153 3879 2209 καὶ

456 2249 647 2299 τοῦτον
678 2250 797 2307 ταῖς
830 2245 1147 2321 ἀφετηρίοις
1184 2248 1267 2320 [Ρ.
1296 2247 1388 2319 37]
1418 2248 1950 2323 κατοχυρωσάμενος
2006 2249 2117 2320 (42)
2183 2249 2483 2321 μηχαναῖς,
2539 2241 2915 2319 διεκαρτέρουν
2966 2242 3242 2318 ἀπρόϊτοι,
3296 2243 3395 2311 τὴν
3454 2241 3721 2315 ἐπήλυσιν
3768 2247 3880 2300 τῶν

455 2329 710 2390 ἐναντίων
741 2333 1166 2410 ὑποδεχόμενοι.
1808 2394 1812 2398 .

530 2425 632 2480 (ιο
663 2426 715 2479 4.
751 2427 1115 2498 Nicephorus
1148 2427 1473 2499 imperator
1502 2444 1637 2483 cum
1663 2443 1905 2483 accessu
1936 2426 2114 2498 plane

460 2520 918 2586 expugnatuque
949 2515 1194 2571 difﬁcile
1226 2533 1355 2571 esse
1388 2517 1670 2589 oppidum
1695 2516 1889 2581 sciret,
1918 2531 2112 2587 neque

455 2619 677 2657 corona
708 2603 838 2674 capi
866 2620 1060 2675 posse,
1094 2605 1423 2667 constituit,
1456 2621 1575 2659 non
1608 2605 1670 2659 iu
1695 2605 2015 2659 discrimen
2048 2620 2110 2659 se

457 2693 672 2746 oﬂ‘erre
698 2693 1141 2749 inconsiderata
1163 2694 1429 2749 certandi
1452 2694 1800 2766 cupiditate,
1834 2694 1937 2748 sed
1966 2692 2108 2748 fami

454 2780 748 2836 civitatem
772 2781 1022 2848 tradere,
1048 2799 1180 2853 qua:
1203 2782 1430 2838 crudeli
1458 2784 1814 2839 necessitate
1840 2789 1997 2837 esset
2017 2783 2107 2837 vel

446 2868 699 2924 invitam
734 2871 1070 2927 subactura.
1102 2872 1223 2926 Hoc
1254 2872 1399 2926 inito
1432 2872 1682 2927 consilio
1721 2871 2105 2944 diligentibus

447 2958 731 3013 custodiis
744 2961 1027 3031 Oppidum
1043 2961 1792 3032 cinxit.Tarsenses,quoad
1811 2961 2105 3016 intensior

2297 2420 2357 2480 δ’.
2420 2422 2734 2501 Νικηφόρος
2794 2419 2851 2478 δὶ
2912 2423 2940 2477 ὁ
2999 2420 3371 2498 αὐτοκράτωρ,
3424 2420 3539 2477 ἐπεὶ
3599 2419 3871 2497 δυσπρόσ-

2222 2510 2347 2568 οδον
2405 2513 2455 2549 ²³
2509 2512 2754 2587 ἀτεχνῶς
2808 2508 2927 2586 ᾔδει
2985 2511 3074 2566 καὶ
3155 2507 3496 2585 δυσέμϐολον
3544 2511 3708 2566 οὖσαν
3760 2513 3863 2581 τήν

2219 2599 2407 2669 πόλιν,
2439 2601 2528 2657 καὶ
2565 2603 2640 2676 μή
2675 2601 2725 2673 ἐξ
2757 2599 2956 2677 ἐφόδου
2989 2598 3297 2674 ἁλώσιμον,
3349 2597 3491 2676 ἔγνω
3542 2602 3619 2674 μὴ
3654 2599 3867 2656 διακιν-

2219 2688 2453 2746 δυνεύειν
2512 2689 2901 2764 πολεμησείων
2960 2685 3288 2758 ἀϐούλευτα,
3375 2690 3519 2745 ἀλλὰ
3569 2694 3648 2763 τῷ
3713 2688 3869 2762 λιμῷ

2214 2777 2559 2855 παραδώσειν
2622 2782 2693 2850 ³9,
2752 2780 2811 2841 ὅς
2868 2800 2932 2855 γε
2986 2782 3055 2852 τῇ
3114 2777 3336 2854 χαλεπῇ
3416 2779 3721 2854 κατανάγκῃ
3776 2777 3868 2833 καὶ

2215 2866 2444 2925 ἄκουσαν
2502 2870 2922 2944 παραστήσεται.
3002 2870 3180 2924 Τοῦτο
3268 2865 3335 2937 δή
3431 2865 3870 2942 βουλευσάμενος

2213 2953 2458 3031 ἀκριϐέσι
2491 2962 2751 3034 φρουραῖς
2779 2958 2844 3012 τὸ
2892 2957 3021 3012 ἄστυ
3079 2954 3322 3026 διέζωσε.
3377 2959 3607 3031 Ταρσεῖς
3653 2954 3730 3024 δὲ,
3758 2952 3867 3018 ἕως

445 3047 634 3102 fames
658 3065 775 3103 non
801 3050 1039 3120 penitus
1066 3065 1165 3104 eos
1187 3050 1600 3121 exhauserat,e
1620 3050 2101 3122 turribusjacula

2218 3048 2310 3120 μὲν
2343 3044 2496 3103 οῦπω
2542 3049 2617 3121 μὴ
2678 3040 2982 3121 ἐμϐαθύνας
3041 3046 3068 3101 ὁ
3123 3044 3289 3119 λιμὸς
3336 3045 3611 3108 ὀλοτελῶς
3670 3044 3869 3106 αὐτοὺς

449 3138 513 3192 in
536 3141 833 3195 Romanos
856 3139 1275 3211 conjiciebant.
1306 3142 1608 3197 Posterius
1637 3158 1796 3211 vero,
1831 3159 1965 3197 cum
1992 3142 2103 3196 mi-

453 3227 787 3281 serabiliter
800 3244 901 3282 eos
919 3234 1298 3285 consumeret
1310 3245 1630 3300 rerumque
1647 3233 2103 3286 necessariarun

450 3313 653 3385 inopia
673 3332 922 3386 corpora
954 3315 1306 3385 infirmaret,
1342 3318 1592 3373 vidisses
1622 3318 2104 3390 desperationem

451 3402 745 3471 ultimam,
779 3405 971 3460 diram
1002 3407 1343 3462 maestitiam
1377 3425 1509 3478 qua)
1535 3414 1925 3479 occupaverat
1944 3408 2107 3481 oppi-

451 3490 613 3559 dum,
648 3499 985 3549 mortuosos
1019 3496 1316 3565 homines,
1350 3496 1421 3551 ab
1455 3497 1666 3552 umbra
1695 3498 1909 3569 spectri
1953 3497 2106 3552 nihil

450 3580 817 3639 ditl‘erentes.
855 3586 1000 3638 Nam
1036 3584 1250 3640 inediae
1284 3585 1594 3640 calamitas
1650 3586 1987 3641 miserrima
2017 3592 2106 3642 est

448 3669 807 3742 penitusque
841 3673 1079 3728 lethalis
1105 3690 1118 3727 :
1144 3676 1409 3746 corporis
1431 3674 1859 3731 formositatem
1882 3693 2107 3732 emace-

450 3765 560 3821 rat,
594 3761 852 3817 calorem
879 3762 1095 3835 frigore
1125 3764 1467 3833 exstinguit,
1500 3765 1702 3820 aranei
1744 3766 1882 3821 texti
1918 3766 2108 3821 instar

451 3850 712 3917 tegmina
740 3852 900 3907 circa
931 3869 1067 3907 ossa
1091 3853 1393 3924 pendeant
1423 3853 1624 3921 efﬁcit,
1649 3860 2020 3926 mortemque
2042 3860 2108 3910 ut

450 3940 818 4009 pedetentim
835 3941 1403 3998 accedatevocat.Ad
1420 3948 1772 4011 extremum,
1792 3961 1924 3999 cum
1950 3944 2103 3998 into-

451 4028 685 4082 lerabili
714 4030 890 4084 famis
918 4030 1291 4085 incommodo
1318 4038 1555 4102 tamque
1579 4050 1790 4105 magno
1821 4034 2104 4089 exercitui

454 4116 744 4171 obsistere
776 4134 897 4173 non
927 4125 1190 4189 possent,
1222 4121 1557 4190 pactionem
1584 4139 1719 4177 cum
1748 4123 2104 4194 imperatore

451 4206 694 4275 faciunt,
731 4224 913 4279 seque
945 4209 997 4263 ei
1031 4208 1276 4277 dedunt,
1310 4211 1382 4266 iis
1409 4212 1875 4282 conditionibus,
1909 4220 1974 4269 ut
2003 4215 2105 4285 qui

452 4296 679 4352 vellent
709 4304 1061 4369 potestatem
1113 4300 1404 4355 haberent
1449 4300 1522 4356 ad
1582 4301 1869 4358 interiora
1923 4304 2105 4375 Syria)

450 4385 635 4441 libere
668 4404 730 4442 se
762 4388 1127 4443 conferendi.
1164 4388 1226 4443 Id
1247 4406 1381 4444 cum
1407 4391 1820 4459 concessisset,
1846 4392 2101 4447 induciis

446 4474 640 4543 factis,
669 4476 1086 4531 incunctanter
1104 4478 1264 4532 exire
1287 4494 1357 4531 ex
1382 4478 1598 4549 oppido
1632 4494 1731 4534 eos
1753 4479 1938 4550 jussit
1965 4497 2100 4535 cor-

447 4581 592 4636 pora
613 4570 672 4620 et
700 4566 1105 4622 necessarium
1131 4567 1407 4622 vestitum
1433 4567 1625 4623 solum
1646 4569 1981 4624 efferentes.
2008 4569 2101 4625 Sic

441 4655 536 4711 οε
570 4653 715 4710 urbe
747 4660 1033 4727 occupata
1051 4655 1264 4727 praedas
1285 4661 1537 4729 partem,
1570 4656 1802 4713 divitias
1824 4657 2100 4724 innume-

2212 3135 2497 3206 ἐξεπίεζεν,
2558 3136 2663 3191 ἀπὸ
2717 3140 2826 3191 τῶν
2886 3133 3110 3210 πύργων
3196 3133 3566 3204 ἀκοντίζοντες
3626 3132 3680 3197 ἐς
3737 3132 3868 3195 τοὺς

2211 3223 2520 3298 Ῥωμαίους
2578 3220 2837 3281 ἔϐαλλον.
2896 3223 3047 3280 Ἐπεὶ
3097 3221 3155 3279 δὲ
3200 3222 3427 3286 τούτους
3484 3221 3718 3297 οἷ’κτρῶς
3773 3220 3870 3276 ἐπ-

2212 3312 2494 3389 εϐόσκετο,
2551 3316 2641 3372 καὶ
2698 3316 2901 3392 ἀπορία
2971 3320 3083 3372 τῶν
3165 3315 3467 3392 ἀναγκαίων
3517 3314 3585 3370 τὰ
3640 3316 3874 3388 σώματα

2212 3404 2559 3478 ἐλυμαίνετο,
2590 3406 2657 3475 ἦν
2690 3402 2822 3460 ἰδεῖν
2856 3404 3171 3481 ἀμηχανίαν
3229 3402 3432 3476 δεινὴν,
3483 3404 3573 3459 καὶ
3613 3403 3872 3479 χαλεπὴν

2214 3493 2662 3569 σκυθρωπότητα,
2697 3492 2819 3563 ἣτις
2878 3499 3103 3569 κατεῖχε
3157 3495 3257 3561 τήν
3315 3493 3501 3567 πόλιν,
3559 3492 3865 3568 ἐνερόχρω-

2210 3583 2303 3645 τάς
2333 3604 2391 3638 τε
2427 3582 2555 3645 τοὺς
2607 3580 2826 3657 ἄνδρας,
2877 3584 2968 3638 καὶ
3021 3587 3172 3645 σκιᾶς
3214 3580 3461 3638 εἰδώλων
3513 3579 3674 3638 οὐδὲν
3734 3579 3864 3637 δια·
3950 3600 3953 3605 ·

2212 3675 2494 3747 φέροντας.
2527 3674 2604 3730 Τὸ
2662 3671 2765 3748 γὰρ
2811 3676 2909 3727 τοῦ
2957 3670 3126 3746 λιμοῦ
3157 3675 3200 3708 ³ο
3229 3671 3401 3733 πάθος
3447 3671 3720 3726 οἳκτιστον
3773 3671 3865 3726 καὶ

2212 3762 2335 3817 λίαν
2367 3760 2641 3837 ὀλέθριονο
2675 3759 2902 3831 ἐκτῆκον
2949 3760 3050 3837 γάρ
3101 3760 3195 3817 τὸν
3246 3758 3407 3836 ὄγκον
3457 3765 3552 3815 τοῦ
3606 3761 3867 3830 σώματος

2210 3849 2300 3906 καὶ
2356 3852 2418 3906 τὸ
2478 3850 2676 3924 θερμὸν
2747 3845 3111 3906 ἀποσϐεννύον
3170 3853 3504 3926 ψυχρότητι,
3562 3850 3759 3905 ὡσανεὶ
3821 3852 3869 3887 ³ί

2210 3938 2266 3993 ὅν
2301 3939 2712 4014 ἀράχνιον(43)
2760 3944 2878 4001 τοῖς
2938 3938 3145 4001 ὀστέοις
3221 3940 3282 3994 τὸ
3341 3936 3568 4011 ἔλυτρον
3628 3938 3868 4013 περιτεί-

2208 4028 2389 4083 νεσθαι
2429 4025 2723 4098 διατίθησι,
2780 4028 2916 4083 κατά
2975 4029 3168 4104 μικρὸν
3226 4026 3431 4082 ἐπιέναι
3489 4026 3582 4083 τὸν
3636 4028 3863 4082 θάνατον

2209 4117 2636 4191 ἐκκαλούμενον.
2671 4117 2820 4175 Ἐπεὶ
2875 4119 2966 4173 οὗν
3027 4119 3132 4194 οὐγ
3180 4117 3287 4173 οἷοί
3331 4138 3388 4174 τε
3440 4118 3572 4188 ἦσαν
3628 4117 3762 4193 πρός
3804 4139 3865 4173 τε

2207 4207 2271 4262 τὸ
2329 4203 2548 4283 ἄμαχον
2602 4211 2699 4262 τοῦ
2758 4206 2927 4281 λιμοῦ
2978 4209 3150 4273 πάθος
3201 4209 3290 4263 καὶ
3377 4209 3513 4282 πρὸς
3592 4210 3864 4278 τοσαύτην

2212 4296 2461 4370 στρατιὰν
2555 4294 2942 4372 διαμάχεσθαι,
3029 4293 3347 4352 σπένδονταί
3402 4317 3462 4351 τε
3514 4301 3594 4367 τῷ
3646 4294 3866 4371 βασιλεῖ

2209 4384 2301 4440 καὶ
2337 4383 2649 4441 ὑπείκουσιν
2691 4389 2759 4459 ⁸²,
2812 4386 2891 4464 ἐφ’
2921 4385 2966 4459 ᾧ
2996 4387 3086 4441 τὸν
3141 4384 3483 4461 βουλόμενον
3539 4382 3627 4439 ἐπὶ
3673 4385 3741 4439 τά
3787 4383 3868 4461 ἐν-

2215 4475 2423 4553 δοτέρω
2453 4479 2652 4555 Συρίας
2691 4478 2990 4542 ἀκωλύτως
3051 4484 3277 4556 χωρεῖν.
3331 4479 3392 4537 Ὀ
3445 4476 3524 4548 δὲ,
3583 4475 3722 4550 ε’ίξας
3775 4475 3867 4531 καὶ

2208 4565 2432 4630 τούτοις
2515 4568 2899 4642 σπεισάμενος,
2987 4569 3181 4623 θᾶττον
3240 4564 3433 4638 ἐξιέναι
3483 4573 3583 4637 τῆς
3647 4564 3869 4626 πόλεως

2212 4653 2556 4730 ἐκελεύσατο,
2584 4658 2652 4713 τά
2691 4661 2838 4735 σφῶν
2887 4658 3117 4732 σώματα
3163 4657 3256 4713 καὶ
3308 4661 3418 4712 τῶν
3477 4653 3777 4730 ἀναγκαίων
3819 4654 3867 4690 ³³

1641 4826 1702 4883 C.
1748 4828 1806 4882 Β.
1850 4827 2045 4884 HASll
2083 4829 2647 4885 ANNOTATIONES.

520 5009 563 5044 27
599 5004 1029 5072 ἀποϐάλλοντες.
1064 5013 1219 5068 Fort.
1254 5006 1648 5074 ἀποϐαλόντες.

1752 5011 1800 5087 ξε
1832 5009 2135 5087 δύσπροδον
2166 5015 2296 5087 cod.

445 5078 597 5163 πάθ..
628 5079 918 5169 οἴκτιστον.
970 5084 1184 5169 ράγεε.
1242 5086 1323 5169 M.‘
1372 5087 1476 5138 342
1524 5080 1694 5169 λιμῷ.
1744 5080 1791 5169 δ’
1829 5078 2152 5169 ,θ’ἰκτὶστονη
2178 5086 2383 5169 θανέειν
2443 5106 2511 5141 κα

2400 5017 2446 5050 ²⁰
2474 5011 2834 5090 παραδῴσειν.
2868 5014 3087 5090 Melius
3130 5009 3529 5090 παραδιδόναι..
3603 5011 3650 5090 ξο
3689 5010 3863 5090 λιμοῦ

2517 5080 2803 5159 ἱ’πότμον
2872 5084 3138 5159 ἐπισπεῖν.
3212 5080 3284 5122 ’³⁸
3341 5082 3533 5139 ὡσανεὶ
3600 5080 3681 5139 ὃν.
3740 5080 3865 5140 Nisi

446 5152 634 5208 mavis
666 5154 923 5209 scribere
955 5153 1030 5216 ὡς
1055 5152 1275 5222 ἀν-ειον,
1308 5156 1419 5211 hoc
1454 5161 1543 5210 est
1572 5152 2028 5231 ὡς’ἀνθρώπειον.
2104 5162 2106 5188 ³

2218 5159 2482 5228 πήκουσιν
2517 5159 2646 5216 cod.
2703 5152 2768 5195 ’⁸³
2802 5160 2931 5232 Leg.
2965 5157 3058 5213 τὸν
3086 5156 3397 5233 ἀναγκαῖον.

513 5324 621 5465 ΣΗ)
657 5319 1032 5398 Σιραδάζοντες
1063 5326 1142 5395 τῷ
1172 5325 1330 5394 θυμῷ
1360 5326 1646 5398 Agathias
1678 5328 1766 5381 42.
1803 5328 1864 5384 Β.

539 5397 625 5465 42)
660 5396 915 5449 Verbum
947 5394 1297 5465 κατοχυρόω,
1343 5398 1555 5460 munio,
1614 5414 1861 5454 commun

539 5397 629 5469 42),
660 5394 915 5469 Verbum
947 5394 1297 5469 κατοχυρόω,
1343 5394 1555 5469 minio,
1614 5400 1943 5465 communio,
1976 5404 2032 5454 et
2065 5416 2095 5455 e

443 5467 668 5522 Lexicis
700 5467 887 5533 abest,
919 5473 977 5521 et
1009 5466 1520 5538 ex'sc‘riptoribus,
1554 5474 1619 5522 ut
1662 5470 1956 5538 existimo,
1991 5488 2095 5526 an-

442 5539 643 5610 tiquis.
679 5537 851 5609 Apud
881 5537 1244 5610 recentiores
1274 5538 1495 5603 inveni,
1528 5540 1688 5595 velut
1734 5541 1826 5596 bis
1876 5537 2098 5598 inVita

446 5609 657 5665 S."Nili
710 5609 971 5685 junioris
1002 5628 1034 5667 a
1082 5610 1497 5685 contubernali
1550 5612 1677 5684 ejus
1728 5612 1966 5685 scripta,
2022 5613 2095 5669 ad

439 5683 1005 5755 cognocendumque
1062 5683 1289 5757 Apuliae
1330 5700 1466 5741 saec.
1518 5700 1592 5740 1x.
1649 5683 1868 5741 statum
1922 5685 2094 5741 vehe-

2206 5334 2440 5407 menter
2467 5329 2652 5407 utilis,
2686 5330 2775 5407 62.
2807 5330 2871 5386 Β.
2904 5325 3071 5407 πάλιν
3128 5326 3519 5407 κατοχυρώσας
3553 5324 3753 5407 ,ἑαυτὸν
3782 5325 3859 5407 τῇ

2205 5400 2342 5491 πρὸς
2372 5400 2464 5455 τὸν
2493 5400 2642 5455 ’ὀσιον
2671 5399 2869 5455 πίστειο
2905 5406 2964 5456 et
3011 5403 3099 5456 99.
3155 5401 3216 5457 C.
3266 5396 3673 5472 κατωχυρώσας
3722 5396 3861 5478 [sio]

2206 5475 2374 5527 αυτοῦ
2402 5472 2500 5528 τῆν
2533 5469 2757 5528 καρδίαν
2810 5474 2878 5528 τῆ
2910 5469 3109 5528 πίστει.
3171 5475 3318 5528 Item
3373 5470 3557 5526 semel
3618 5470 3681 5525 in
3728 5469 3867 5523 Vita

2206 5492 2374 5527 αυτου
2402 5493 2500 5540 την
2533 5492 2757 5543 καροιαν
2810 5492 2878 5545 τῃ
2910 5492 3109 5529 πιστει.
3171 5492 3318 5528 Hem
3373 5492 3557 5526 SBHIBI
3618 5492 3681 5525 ιιι
3740 5492 3783 5521 Vl

2207 5545 2261 5599 S.
2292 5544 2712 5618 Chrysostomi
2743 5543 2822 5618 ab_
2848 5559 3146 5618 anonymo
3181 5542 3340 5618 edita
3365 5541 3505 5597 VIII.
3538 5543 3662 5618 329.
3698 5543 3783 5618 ii.

2280 5616 2388 5689 (43)
2412 5608 2579 5689 Fort.
2613 5615 2845 5689 legend.
2881 5608 3030 5671 ὡσάν
3067 5616 3183 5669 οἷον
3217 5613 3503 5689 ἀράχνιον,
3552 5612 3667 5683 vel,
3715 5608 3866 5665 ὡσᾶν

2206 5686 2377 5756 νητὸν
2401 5686 2601 5763 ἀράχν.
