4190 6322
402 296 521 356 749

1723 295 2122 357 ΗΙΞΤΟΗῙΑΞ
2163 294 2312 356 LIB.
2365 294 2464 356 ιν.

3685 299 3807 360 750

401 426 564 500 μόνον
620 426 1013 503 περιφέροντας
1060 423 1381 498 ἱματισμόν.
1429 423 1588 482 Οὕτω
1615 421 1682 492 δὴ
1731 425 1831 493 τήν
1885 422 2050 480 πόλιν

2171 426 2386 482 rabiles
2411 430 2829 499 comportatas,
2863 426 3146 481 exercitui
3168 425 3510 484 distribuit:
3537 431 3815 500 receptis-

396 513 673 592 aipe‘i,xai
722 517 824 584 τῆς
878 513 1031 579 λείας
1083 514 1146 569 τὸ
1207 513 1302 588 μὶν
1355 516 1425 588 τῇ
1485 517 1708 589 στρατιᾷ
1766 514 2050 588 διανείμας

398 606 475 669 εἰς
561 602 935 680 ἀναρίθμητον
1020 602 1261 659 πλοῦτον
1339 603 1724 679 συναγόμενος,
1781 604 1869 658 καὶ
1926 602 2054 666 τοὺς

400 692 725 770 σταυρικοὺς
778 692 985 757 τύπους
1040 690 1377 771 ἀνειληφὼς,
1434 691 1527 755 οὕς
1588 691 1647 747 ἐκ
1704 696 1912 767 χρυσοῦ
1963 692 2054 747 καὶ

402 784 571 850 λίθων
628 782 1082 859 ἐξειργασμένους
1137 783 1275 838 κατά
1332 779 1625 859 διαφόρους
1698 784 1902 857 μάγας,
1953 784 2054 852 τήν

401 874 722 948 Ῥωμαϊκὴν
755 869 982 945 δύναμιν
1030 868 1319 949 τρέποντες
1375 874 1508 946 (44),
1555 873 1607 927 οἱ
1658 875 1890 946 Ταρσεῖς
1947 870 2056 947 ᾗχ-

412 962 728 1038 μαλώτισαν
758 962 827 1032 ³⁸,
857 960 948 1016 καὶ
977 963 1079 1031 τήν
1112 962 1276 1017 πόλιν
1305 959 1608 1036 ἀποχρώσῃ
1642 966 1883 1035 ,στρατιᾷ
1928 982 2058 1016 κατ-

411 1050 875 1129 ἀσφαλισάμενος,
903 1051 1042 1123 πρὸς
1086 1052 1186 1120 τήν
1243 1048 1634 1126 βασιλεύουσαν
1688 1049 1821 1109 ἵετο.
1881 1057 2059 1125 Παρα-

411 1137 597 1199 λαϐὼν
631 1139 690 1197 δὲ
718 1140 945 1213 ταύτην,
988 1140 1080 1195 καὶ
1135 1140 1283 1216 παρὰ
1330 1143 1429 1195 τοῦ
1480 1137 1663 1213 δήμου
1714 1137 1929 1216 δεχθεὶς
1975 1159 2067 1213 με-

405 1230 800 1307 γαλοπρεπῶς,
859 1229 912 1285 ἐν
960 1233 1041 1302 τῷ
1092 1229 1407 1301 περιπύστῳ
1458 1248 1518 1283 τε
1573 1229 1664 1283 καὶ
1723 1229 1852 1300 οείῳ
1909 1232 2062 1301 σηκῷ

2163 533 2278 586 que
2299 517 2567 571 crucium
2591 515 3076 588 efﬁgiebus,quas
3099 531 3167 569 ex
3189 531 3334 570 auro
3356 520 3533 586 atque
3563 519 3813 589 gemmis
3911 518 3919 524 ’

2162 606 2316 661 facta
2336 606 2513 661 variis
2536 605 2757 677 przeliis
2777 605 2908 659 fuso
2927 606 3193 660 Romano
3221 606 3482 659 exercitu
3495 606 3814 661 Tarsenses

2166 701 2467 766 ceperant,
2490 695 2590 750 ubi
2617 694 2901 767 oppidum
2924 693 3137 750 idoneo
3160 694 3436 766 praesidio
3456 696 3812 765 ﬁrmaverat,

2167 784 2240 840 ad
2261 784 2471 839 urbem
2499 785 2946 856 imperatoriam
2973 790 3061 839 est
3092 786 3513 849 reversus.Quo
3536 802 3671 839 cum
3686 802 3817 856 per-

2168 875 2444 942 venisset,
2477 891 2511 929 a
2540 875 2757 946 populo
2783 878 3093 944 susceptus
3118 873 3431 945 magniﬁce
3453 874 3516 928 in
3536 873 3725 928 nobili
3747 892 3816 931 ac

2169 964 2368 1019 divino
2403 963 2622 1036 templo
2649 970 2851 1035 captas
2881 979 3086 1019 cruces
3116 963 3425 1034 deposuit:
3451 963 3815 1035 sedebatque

2170 1052 2330 1108 ludis
2361 1052 2737 1124 equestribus
2768 1069 2835 1107 ac
2865 1052 3213 1108 muneribus
3244 1053 3492 1123 reliquis
3531 1054 3817 1124 populum

2172 1142 2496 1197 delectans.
2532 1142 3013 1214 Spectaculorum
3045 1143 3203 1197 enim
3236 1142 3387 1197 avidi
3422 1147 3561 1197 sunt
3602 1149 3818 1215 prmter

2173 1236 2420 1287 caeteros
2450 1231 2725 1287 homines
2754 1231 3418 1307 Constantinopolitani.

402 1320 532 1383 τοὺς
562 1319 1105 1395 αἰχμαλωτισθέντας
1139 1318 1401 1393 σταυροὺς
1432 1317 1662 1388 ἀναθεὶς,
1692 1322 1813 1380 ταῖς
1842 1323 1952 1373 τῶν
1984 1316 2167 1373 ἵππων
2202 1317 2468 1391 ἁμίλλαις
2497 1319 2584 1374 καὶ
2612 1324 2729 1381 τοῖς
2759 1319 2977 1385 λοιποῖς
3009 1319 3256 1393 θεωρίαις
3305 1320 3440 1389 ἧστο
3488 1319 3579 1374 τὸν
3632 1317 3811 1393 δῆμον

406 1409 725 1487 εὐφραίνων.
757 1408 1163 1481 Φιλοθεάμονες
1192 1408 1295 1483 γὰρ
1323 1408 1374 1443 ³⁵
1399 1411 1508 1462 τῶν
1542 1406 1728 1463 ἄλλων
1761 1406 2065 1482 ἀνθρώπων
2096 1407 2407 1477 Βυζάντιοι.

476 1500 564 1572 [Ρ.
596 1498 770 1573 3813‘.
802 1502 963 1573 ’Ἄρτι
996 1493 1055 1550 δὲ
1083 1495 1205 1572 περὶ
1235 1496 1403 1550 ταῦτα
1451 1493 1782 1570 σχολάζοντι
1832 1492 2057 1570 ἄγγελοι

402 1591 511 1643 τῶν
553 1589 779 1654 Μυσῶν,
845 1585 983 1661 πρὸς
1048 1586 1208 1641 αὐτὸν
1263 1586 1573 1663 ἀφιγμένοι,
1631 1583 1759 1647 τοὺς
1815 1583 2054 1658 εἰθισμέ-

2241 1501 2293 1551 5.
2318 1497 2541 1563 Quibus
2572 1498 2748 1554 rebus
2770 1516 2906 1554 cum
2930 1505 3085 1555 esset
3104 1505 3445 1571 occupatus,
3476 1517 3613 1555 ecce
3636 1500 3817 1556 adve-

2170 1592 2390 1641 nerunt
2411 1587 2587 1659 legati
2612 1589 2922 1644 Maasorum
2946 1589 3436 1661 dicentes.regem
3453 1606 3627 1644 suum
3643 1590 3817 1645 solita

402 1690 534 1740 νυυς
563 1676 807 1731 ἀπαιτεῖν
863 1669 1053 1749 ἔλεγον
1110 1673 1311 1751 φόρους
1368 1674 1459 1728 τὸν
1517 1673 1769 1748 ἀρχηγὸν
1829 1673 2056 1742 ἑαυτῶν,

2171 1676 2390 1732 tributa
2420 1692 2663 1748 poscere
2690 1693 2704 1730 :
2734 1678 2913 1749 hujus
2935 1679 3022 1732 rei
3051 1694 3229 1733 causa
3254 1678 3426 1733 illum
3448 1694 3511 1732 se
3532 1677 3609 1733 ad
3636 1678 3820 1750 impe-

403 1765 488 1843 ἐφ’
525 1766 572 1838 ᾧ
601 1765 692 1819 καὶ
722 1762 919 1826 αὐτοὺς
970 1766 1107 1838 πρὸς
1159 1763 1252 1817 τὸν
1312 1761 1684 1838 αύτοκράτορα
1727 1761 1935 1818 στεῖλαι
1991 1762 2059 1817 τὰ

403 1857 521 1912 νῦν.
549 1854 612 1911 Ὀ
644 1850 702 1909 δί
730 1856 917 1927 θυμῶν
974 1853 1123 1927 παρά
1170 1851 1234 1906 τὸ
1283 1851 1477 1916 έῖωθὸς
1520 1849 1818 1927 πληρωθὸς
1873 1850 2057 1926 (ἰσχυ-

409 1942 711 2021 ρογνώμων
736 1942 837 2020 γάρ
866 1963 948 2005 τις
994 1943 1087 2015 ἦν,
1145 1942 1235 1997 καὶ
1288 1942 1365 2015 μή
1423 1940 1681 2005 εύεὶκτως
1738 1939 1874 2018 ὂργῇ
1930 1940 2053 1997 ἀλι-

409 2029 715 2107 σκόμενοε),
743 2032 834 2088 καὶ
867 2028 1162 2103 ἀνοιῖήσας
1220 2031 1350 2106 ὑπὲρ
1402 2032 1460 2087 τὸ
1521 2028 1762 2107 μέτριον,
1818 2051 2053 2107 γεγωνο-

407 2124 538 2198 τέρᾳ
563 2144 623 2179 τε
658 2122 1041 2198 χρησάμενος,
1071 2117 1217 2195 ἤπερ
1252 2120 1476 2191 εἴθιστο,
1509 2125 1577 2195 τῇ
1609 2124 1787 2197 φωνῆ,
1838 2144 1867 2172 ‹‹
1899 2120 2057 2175 Δεινά

405 2210 727 2285 Ῥωμαίοις,
789 2207 916 2288 ἔφη,
972 2210 1293 2286 περιέστηκε
1346 2214 1462 2280 νῦν,
1538 2208 1585 2265 εἰ
1656 2215 1774 2272 τοῖς
1857 2209 2057 2273 ὅπλοις

405 2301 468 2358 τὸ
520 2301 758 2374 ἀντίξουν
816 2302 954 2356 ἅπαν
1039 2300 1535 2378 καταστρεφόμενοι
1591 2301 1658 2373 ³⁸,
1717 2300 1857 2357 ἔθνει
1916 2306 2055 2356 Σκυ-

408 2394 569 2465 θικῷ,
608 2396 858 2468 πενιχρῷ
886 2411 946 2447 τε
988 2389 1283 2463 τηνάλλως
1333 2391 1423 2447 καὶ
1484 2395 1686 2467 μιαρῷ,
1748 2388 1902 2461 δίκην
1963 2390 2054 2445 ἀν-

409 2479 695 2557 δραπόδων
728 2482 931 2561 φόρους
963 2481 1258 2539 ἒκτίσουσι.
1292 2506 1322 2534 ››
1382 2479 1590 2558 Βάρδαν
1643 2477 1701 2536 δὲ
1745 2480 1837 2536 τὸν
1890 2479 2054 2536 αὐτοῦ

405 2592 627 2643 γενετην
671 2570 1017 2649 ἐπιστραφεὶς
1076 2564 1257 2646 (ἔτυχε
1311 2572 1413 2647 γὰρ
1462 2567 1822 2645 συνεδριάζων
1884 2567 2051 2642 αύτῷ,

405 2677 606 2747 Καῖσαρ
692 2667 1055 2745 ἀναδειχθεὶς)
1136 2666 1300 2743 ἤρετο
1387 2667 1842 2744 διαπορούμενος,
1942 2666 2052 2723 ὅντι

410 2760 673 2837 βούλοιτο
702 2766 821 2823 τοῖς
852 2766 1055 2823 Μυσοῖς
1085 2762 1119 2830 ἡ
1152 2765 1257 2815 τῶν
1291 2759 1497 2838 φόρων,
1527 2759 1593 2829 ἢν
1624 2763 1730 2814 τῶν
1763 2758 2052 2832 Ῥωμαίων

406 2850 676 2921 αἰτοῦσεν,
708 2850 1019 2927 εἷσπραξιςε
1058 2874 1079 2901 ο
1116 2849 1340 2917 Οἷκέτην
1385 2850 1488 2924 ἆρά
1539 2869 1605 2921 με
1652 2849 1990 2926 γεγεννηκὼς
2010 2852 2055 2887 ³⁷

408 2938 689 3009 λέληθαςς
720 2940 809 2993 καὶ
860 2940 888 2995 ὁ
935 2943 1046 2995 τῶν
1102 2938 1394 3011 Ῥωμαίων
1453 2934 1747 3011 σεϐάσμιος
1801 2938 2057 3014 βασιλεὺς

2165 1770 2424 1820 ratorem
2456 1782 2614 1820 nunc
2673 1766 2926 1821 misisse.
2979 1767 3035 1822 Is
3080 1783 3216 1821 vero
3265 1766 3555 1822 stomachi
3604 1772 3820 1837 praater

2165 1853 2659 1909 consuetudinem
2676 1854 2890 1926 plenus
2904 1860 2920 1926 (
2932 1854 3127 1911 lentus
3141 1856 3300 1912 enim
3316 1861 3443 1911 erat
3458 1856 3605 1911 alias
3620 1872 3814 1927 neque

2164 1942 2374 1998 subita;
2392 1943 2716 1999 iracundias
2743 1944 3327 2015 obnoxius),intlatus
3347 1962 3527 2017 supra
3548 1962 3643 2000 mo
3659 1945 3813 2013 ium,

2163 2035 2531 2090 contentiore
2565 2051 2743 2106 quam
2772 2051 2888 2106 qua
2917 2035 3001 2089 uti
3022 2035 3251 2090 solebat
3278 2052 3437 2106 voce,
3461 2057 3490 2086 «
3516 2038 3812 2091 [Erumnaa

2162 2122 2479 2191 Romanos,
2514 2122 2729 2193 inquit,
2762 2123 3211 2178 circumsistunt
3238 2140 3418 2191 nunc,
3470 2124 3541 2189 si,
3591 2124 3801 2179 adver-

2163 2209 2318 2266 sario
2349 2210 2618 2281 quolibet
2641 2211 2823 2266 armis
2847 2210 3113 2277 subacto,
3143 2212 3301 2284 genti
3319 2212 3806 2283 Scythicm,eique

2162 2309 2327 2380 inOpi
2360 2314 2537 2380 atque
2567 2308 2836 2381 impura),
2873 2309 2989 2364 ritu
3038 2310 3473 2382 mancipiorum
3518 2310 3806 2364 tributum

2162 2398 2405 2469 pensuri
2428 2403 2586 2452 sunt.
2624 2420 2652 2447 »
2685 2399 2751 2453 In
2798 2398 3167 2470 Bardamque
3219 2405 3447 2471 patrem
3489 2415 3809 2454 conversus

2162 2488 2334 2558 (forte
2366 2488 2526 2542 enim
2559 2488 2861 2544 assidebat
2892 2489 2961 2555 is,
2996 2490 3191 2545 Casar
3220 2489 3641 2556 renuntiatus),
3675 2504 3810 2559 per—

2162 2581 2475 2630 cunctatus
2506 2582 2597 2630 est
2628 2576 2784 2631 velut
2813 2577 3144 2650 ambigens,
3184 2600 3212 2627 «
3246 2578 3388 2649 quid
3422 2577 3533 2632 sibi
3590 2577 3813 2632 vellent

2165 2664 2325 2718 Mozsi
2348 2664 2458 2719 bac
2487 2665 2587 2720 62
2622 2665 3001 2733 tributorum,
3026 2683 3204 2737 quam
3227 2668 3522 2721 Romanos
3536 2672 3808 2737 poscunt,

2163 2761 2468 2817 exactione
2489 2762 2518 2817 ?
2545 2765 2633 2817 An
2664 2779 2904 2818 vernam
2933 2781 3028 2818 me
3058 2764 3315 2836 genuisti
3341 2764 3733 2819 inscientem?
3753 2767 3813 2818 et

2162 2852 2563 2905 Romanorum
2593 2851 2918 2922 imperator
2947 2856 3243 2924 Augustus
3290 2852 3452 2923 genti
3504 2851 3810 2923 egentissi-

2163 2956 2275 2995 maa
2300 2957 2366 2995 ac
2389 2957 2615 3011 spurca:
2638 2940 2986 2996 tributarius
3004 2941 3412 3012 obnoxiusque
3443 2941 3581 2997 ero?
3604 2964 3631 2990 ››
3663 2942 3809 2996 Tum

410 3026 882 3102 ἕθνειπενεστάτῳ
936 3030 1024 3084 καὶ
1089 3033 1271 3104 μιαρῷ
1337 3026 1536 3105 φόρους
1590 3033 1763 3084 τελῶν
1823 3026 2053 3083 ὑποκεί-

2171 3028 2357 3100 alapis
2389 3030 2665 3102 evestigio
2697 3030 2919 3102 legatos
2951 3030 3094 3085 cmdi
3119 3030 3322 3103 jussit,
3358 3036 3434 3099 et,
3460 3052 3488 3080 (ς
3514 3030 3700 3098 Abite,
3725 3030 3812 3085 in-

410 3135 621 3191 σομαι;
660 3142 681 3169 ι
738 3117 1007 3187 Ῥαπίζειν
1058 3117 1147 3172 οὖν
1207 3115 1343 3172 κατά
1392 3115 1600 3194 κόῤῥης
1680 3117 1871 3172 θᾶττον
1925 3116 2055 3180 τοὺς

410 3205 675 3283 ἀγγέλους
732 3210 1080 3283 προσέταττε,
1139 3206 1251 3280 καὶ,
1309 3232 1337 3259 (ι
1370 3208 1587 3278 Ἀπιτε,
1648 3204 1773 3284 ἔφη,
1832 3207 1922 3263 καὶ
1979 3212 2057 3280 τῷ

415 3298 797 3373 σκυτοτρώκτῃ
847 3297 939 3353 καὶ
997 3295 1245 3374 διφθερίᾳ
1297 3297 1450 3371 ὑμῶν
1510 3297 1737 3373 ἄρχοντι
1795 3296 2060 3372 ἀπαγγεί-

410 3386 561 3458 λατε,
594 3388 760 3451 ὡςὈ
798 3391 909 3442 τῶν
963 3386 1251 3461 Ῥωμαίων
1306 3387 1591 3459 κράτιστος
1656 3387 1745 3443 val
1807 3387 2059 3464 μέγιστος

415 3475 669 3552 βασιλεὺς
729 3477 954 3548 ἐξαυτῆς
1006 3477 1108 3547 τὴν
1192 3476 1291 3546 σὴν
1381 3475 1759 3550 μετελεύσεται
1843 3480 2055 3553 χώραν,

411 3565 642 3630 ἐντελεῖς
673 3588 757 3622 σοι
788 3565 914 3629 τοὺς
945 3566 1147 3646 φόρους
1204 3563 1520 3629 ἀποδιδούς·
1571 3566 1646 3631 ὡς
1689 3566 1883 3641 μάθῃς,
1936 3568 2058 3643 τρί-

409 3652 612 3717 δουλος
662 3652 735 3711 ὢν
797 3654 858 3711 ἐκ
912 3656 1228 3732 προγόνων,
1283 3651 1548 3718 δεσπότας
1586 3653 1714 3719 τοὺς
1769 3656 2056 3730 Ῥωμαίων

407 3745 682 3821 ἡγεμόνας
708 3743 1117 3819 ἀνακηρύττειν,
1168 3746 1278 3820 οὐχ
1335 3745 1406 3808 ὡς
1470 3742 1783 3821 ἀνδράποδα
1829 3746 2059 3810 τούτους

408 3835 608 3909 φόρους
668 3834 859 3893 αἰτεῖν.
894 3856 919 3888 ι
983 3838 1166 3892 Ταῦτα
1222 3833 1389 3890 εἰπὼν
1450 3833 1574 3897 τοὺς
1641 3835 1734 3908 μὲν
1828 3834 1907 3899 εὶς
1961 3838 2060 3906 τὴν

409 3923 611 3979 ἑαυτῶν
682 3925 869 4000 χώραν
953 3923 1266 3999 ἀνατρέχειν
1347 3923 1662 3998 ἐξέπεμπεν
1759 3923 1918 3987 αὐτὸς
2003 3924 2062 3981 δὶ

412 4013 662 4087 στρατιὰν
721 4012 770 4049 ³⁸
822 4012 1126 4088 ἀξιόμαχον
1182 4012 1563 4090 συναγηοχὼς,
1650 4011 1850 4089 ἐχώρει
1926 4016 2062 4089 κειτά

412 4104 611 4160 Μυσῶν
642 4104 771 4175 (45)’
802 4102 893 4157 καὶ
925 4100 1155 4181 φρούρια
1216 4102 1334 4176 μὶν,
1393 4103 1492 4158 ὅσα
1539 4102 1832 4177 Ῥωμαίοις
1879 4101 2061 4179 ὅμορα

2167 3120 2316 3192 quit,
2349 3127 2409 3176 et
2441 3120 2723 3192 pellivoro
2754 3126 3113 3177 mastrucato
3146 3121 3269 3194 regi
3292 3127 3482 3177 vestro
3505 3122 3809 3177 nuntiato-

2167 3213 2242 3277 te,
2269 3210 2718 3281 potentissimus
2747 3210 3043 3266 maximus
3073 3210 3398 3282 imperator
3410 3213 3811 3266 Romanorum

2160 3306 2532 3380 jamjamque
2548 3308 2735 3365 obibit
2754 3315 2917 3366 tuam
2939 3310 3690 3381 regionem,integrumque
3705 3308 3811 3363 tibi

2169 3396 2456 3451 tributum
2486 3398 2783 3469 persolvet
2810 3416 2822 3453 :
2856 3405 2921 3454 ut
2951 3400 3168 3467 discas,
3199 3404 3288 3453 ter
3328 3398 3578 3465 servule,
3620 3414 3654 3453 a
3684 3414 3809 3453 ma-

2159 3483 2395 3555 joribus
2423 3502 2603 3541 verna
2631 3492 2827 3554 natus,
2861 3487 3135 3542 dominos
3157 3503 3502 3557 nuncupare
3525 3487 3816 3541 Romano-

2170 3589 2302 3627 rum
2334 3574 2653 3646 principes,
2686 3592 2879 3646 neque
2914 3576 3049 3630 illos
3075 3582 3141 3630 ut
3185 3575 3482 3646 mancipia
3530 3574 3815 3629 tributum

2169 3678 2435 3733 poscere.
2462 3685 2488 3713 ››
2521 3664 2618 3718 His
2640 3663 2834 3730 dictis,
2862 3681 2961 3719 eos
2978 3670 3043 3719 ut
3065 3664 3125 3718 in
3158 3664 3410 3736 patriam
3442 3667 3819 3718 recurrerent

2168 3752 2384 3806 missos
2407 3751 2579 3805 fecit:
2605 3751 2731 3823 ipse
2746 3751 2909 3824 justo
2934 3758 3237 3808 contracto
3256 3752 3517 3808 exercitu
3539 3751 3817 3807 adversus

2170 3842 2373 3895 Mmsos
2404 3840 2705 3911 profectus
2753 3847 2880 3895 est:
2936 3842 3182 3897 castella
3234 3842 3517 3897 Romanis
3563 3841 3819 3897 ﬁnitima

2169 3929 2362 4000 prima
2376 3930 2751 4002 aggressione
2766 3931 2893 4001 cepi
2904 3931 3270 4003 LBegionem
3282 3948 3416 3984 vero
3431 3930 3818 3986 considerans

2171 4035 2423 4090 eamque
2447 4019 2769 4076 saltuosam
2783 4026 2960 4092 atque
2974 4022 3211 4093 praecipi
3222 4021 3317 4077 tiis
3330 4038 3601 4093 asperam
3615 4021 3819 4076 videns

2168 4113 2357 4177 (nam,
2390 4113 2457 4164 ut
2484 4110 2713 4181 poetice
2744 4110 2974 4182 loquar,
3008 4110 3070 4166 in
3103 4113 3413 4166 Moesorum
3446 4114 3604 4165 terra
3633 4132 3661 4160 «
3696 4125 3822 4164 ma-

1618 4315 1679 4369 C.
1720 4314 1783 4370 B.
1826 4313 2014 4370 HAS“
2053 4315 2611 4374 ANNOTATIONES.

483 4452 531 4489 ³⁵
557 4450 975 4530 ῄχμαλώτησαν
1008 4453 1163 4530 cod.,
1197 4454 1301 4530 sed
1328 4455 1488 4530 infra
1515 4455 1581 4511 D.
1615 4453 2177 4530 αἰχμαλωτισθέντας.

414 4542 553 4581 nem
585 4527 841 4599 arbitror
866 4527 1136 4599 consulto
1168 4527 1463 4591 omisisse,
1507 4534 1572 4582 ut
1619 4527 1798 4599 supra
1852 4531 1939 4583 28.
1975 4532 2039 4584 A.

2279 4458 2329 4494 ³⁵
2354 4460 2476 4532 γάρ.
2512 4461 2690 4532 Deest
2717 4460 2813 4516 hic
2848 4457 3060 4531 μᾶλλον
3095 4460 3213 4515 sive
3270 4458 3397 4532 πρὸ,
3451 4458 3615 4532 quod
3668 4458 3816 4513 Leo~

2143 4529 2190 4565 ³⁵
2240 4529 2758 4605 καταστρεφόμενοι.
2799 4529 3130 4605 Oportebat
3170 4529 3670 4605 καταστρεψάμενοι
3723 4533 3826 4584 aut

412 4596 896 4670 κατεστραμμένοι.
974 4598 1019 4635 ³⁷
1049 4599 1407 4674 γεγεννηκώς.
1440 4596 1846 4671 Participium,
1878 4601 2036 4671 quod

414 4686 554 4725 nem
586 4671 1069 4726 Chrvsostomum
1095 4687 1107 4725 :
1142 4670 1403 4726 dativum
1430 4674 1547 4726 τοῖς
1580 4671 1959 4726 γεγεννηκόσιν
1991 4673 2062 4726 Hc

2178 4619 2215 4655 n
2266 4596 2746 4674 saepe'occurrit,
2793 4596 3027 4658 invenio
3078 4609 3289 4672 quater
3332 4596 3486 4672 apud
3516 4596 3591 4656 'S.
3645 4603 3823 4682 Joan-

2171 4673 2204 4726 Ι.
2239 4675 2437 4726 XXVI.
2472 4676 2534 4726 in
2562 4676 2742 4726 Drior.
2777 4675 2851 4726 ad
2879 4679 3012 4726 Cor.
3043 4675 3137 4726 Ill.
3172 4676 3402 4726 415.16.
3428 4678 3823 4726 ξιοοιιευὶινιιηι

414 4686 554 4725 nem
586 4673 1069 4742 Chrysostomum
1095 4687 1107 4725 :
1142 4673 1403 4726 dativum
1430 4674 1547 4731 τοῖς
1580 4673 1959 4744 γεγεννηκόσιν
1991 4673 2062 4727 Hc

412 4738 541 4804 τοὺς
563 4741 953 4823 γεγεννηκότας
984 4742 1126 4798 ibid.
1157 4745 1285 4823 408.
1320 4745 1371 4798 4.
1406 4744 1665 4823 ⁸413..19
1711 4749 1768 4798 et
1816 4744 2056 4823 gration

2171 4673 2204 4727 Ι.
2239 4673 2437 4730 XXVI.
2472 4676 2534 4729 in
2560 4676 2742 4747 prior.
2777 4675 2851 4729 ad
2879 4679 3012 4731 Cor.
3043 4675 3137 4739 Ill,
3172 4676 3402 4727 415.16.
3428 4673 3825 4728 accus»tivum

2171 4761 2211 4823 n_
2252 4744 2423 4812 illud,
2482 4745 2967 4823 Saulus-spirans,
3029 4750 3140 4799 etc.
3178 4745 3339 4823 ⁸ΥΙΙΙ.
3390 4746 3480 4823 42.
3534 4746 3640 4823 14..
3682 4743 3825 4799 item

416 4813 649 4884 passim
671 4815 828 4887 apud
857 4815 1007 4871 alios
1038 4820 1308 4871 auctores
1341 4814 1538 4870 minus
1569 4813 1776 4870 bonos.
1810 4815 2004 4871 Codex
2034 4833 2062 4871 ι]

2171 4816 2318 4872 ,dose
2349 4820 2657 4890 γεγενηκῶς
2690 4813 2817 4888 (εἷο)
2849 4814 3100 4879 λέλυθας.

3178 4815 3223 4851 ³⁸
3255 4812 3504 4887 στρατίαν
3535 4815 3664 4871 cod.

491 4992 600 5064 (44)
630 4992 702 5048 Ut
730 4993 793 5047 in
824 4992 992 5048 clade
1014 4991 1314 5064 Stypiotm,
1349 5008 1454 5064 pro
1487 4990 1616 5063 ipso
1646 4991 1808 5047 Tarsi
1835 4991 2076 5064 oppido.
2109 4994 2155 5058 D
2185 5008 2279 5048 zer
2308 4994 2520 5049 Nestor.
2557 4992 2651 5048 od.
2685 4991 2965 5047 Russisc/zc
3003 4991 3364 5064 Annalcn__in
3414 4991 3565 5047 ihrer
3611 4991 3831 5047 Grumi-

421 5062 723 5120 Cedrenus
752 5066 822 5120 II.
857 5067 982 5120 655.
1014 5069 1072 5119 Ο.

496 5136 609 5208 (45)
640 5138 719 5191 De
778 5141 1043 5208 tempore
1086 5134 1658 5208 hujusgbellidcum
1720 5134 2010 5208 Bulgaris,
2044 5152 2079 5191 a

422 5201 725 5333 plerisque
750 5201 987 5291 silentio
1002 5201 1388 5290 prietermissi
1405 5201 1791 5289 difﬁcultates
1805 5201 2080 5289 oriuntur

465 5294 533 5333 eo
564 5278 1003 5333 exneditionem
1036 5280 1334 5333 Svriacam
1367 5278 1702 5333 Nicephori.
1738 5277 1839 5332 ubi
1873 5282 2077 5333 Antio-

422 5277 533 5333 Leo
564 5277 1018 5351 expeditionem
1036 5279 1334 5351 Syriacam
1367 5277 1702 5349 Nicephori,
1738 5277 1839 5332 ubi
1873 5280 2077 5333 Antio-

420 5349 557 5421 chia
578 5357 805 5408 tentata
828 5357 938 5417 est,
957 5350 1030 5406 ad
1051 5367 1145 5406 an.
1173 5353 1298 5405 968.
1326 5351 1575 5421 rejicere
1597 5349 2078 5419 videtur,bellum

418 5420 797 5494 Bulgaricum
824 5440 920 5479 an.
956 5425 1082 5489 966,
1112 5422 1331 5485 locare,
1365 5420 1475 5477 nec
1513 5422 1626 5476 hoc
1668 5421 1797 5494 sine
1844 5422 2077 5494 specie:

419 5492 561 5564 quia
583 5495 712 5565 jam
741 5511 838 5551 an.
871 5497 997 5550 967.
1031 5495 1351 5565 repentina
1380 5495 1706 5565 Russorum
1732 5492 1819 5547 vis
1849 5492 1912 5548 in
1942 5493 2081 5549 Bul-

459 5564 649 5621 ariam
683 5567 908 5638 ingruit
929 5567 1008 5636 (v.
1045 5564 1228 5638 Engel
1257 5565 1573 5638 Geschichte
1620 5564 1713 5638 des
1745 5565 2083 5638 Ungrjsclten

421 5581 649 5694 giariam
683 5581 908 5695 ιιιὲιυωι
929 5581 1008 5636 (ν.
1046 5581 1228 5638 ιςιιςει
1257 5581 1573 5623 υεεοηιοηεε
1620 5581 1713 5619 aes
1745 5581 2083 5633 ungnscnen

472 5638 622 5696 eiehs
652 5654 727 5695 un
797 5641 978 5695 seiner
1005 5637 1385 5695 Nebeulander
1411 5638 1454 5692 Ι.
1497 5638 1620 5693 363.
1673 5637 1736 5692 B.
1784 5640 1843 5693 et
1879 5636 2086 5694 Schlo-

2185 5065 2414 5135 sprache
2448 5065 2508 5120 V.
2543 5066 2663 5120 128.
2704 5064 2814 5135 8.).
2848 5064 3132 5118 Eumdem
3174 5062 3445 5118 ordinem
3497 5068 3832 5134 temporum

2186 5134 2429 5207 Pagium
2454 5135 2527 5190 ad
2550 5134 2762 5190 Annal.
2786 5136 2975 5189 Baron
3016 5137 3107 5207 ιν.
3145 5137 3229 5190 13.
3267 5135 3325 5207 Β.
3356 5141 3416 5189 et
3446 5136 3526 5189 19.
3561 5136 3831 5207 (1.00115-

2188 5206 2418 5262 tituisse
2459 5207 2645 5263 video.
2679 5207 2897 5262 Contra
2927 5206 3227 5262 Cedrenus
3256 5206 3325 5261 II.
3359 5209 3481 5260 655.
3515 5207 3579 5260 D.
3614 5206 3832 5261 diserte

2186 5278 2290 5340 ait,
2325 5279 2718 5350 Nicephorum
2751 5295 2872 5333 non
2904 5280 3028 5345 968,
3064 5279 3168 5334 sed
3193 5278 3365 5333 tertio
3389 5278 3625 5349 imperii
3653 5295 3834 5344 anno,

2188 5349 2289 5422 qui
2322 5356 2411 5405 est
2436 5349 2545 5405 an.‘
2567 5354 2689 5416 966,
2742 5351 2996 5405 intrasse
3046 5350 3294 5420 Syriam,
3339 5349 3834 5421 Antiochiamque

2189 5423 2845 5493 tentasse;eademque
2877 5423 3314 5493 computatione
3366 5422 3438 5475 Le
3492 5422 3643 5493 Beau
3692 5437 3835 5475 usus

2190 5500 2297 5549 est.
2330 5496 2471 5549 Hist.
2508 5494 2583 5548 du
2615 5496 2717 5549 Bas
2747 5492 2989 5564 Empire,
3014 5492 3171 5548 ’XVl.
3208 5494 3329 5546 114.
3364 5493 3453 5564 1.1.“
3477 5492 3835 5564 Controverf

2192 5565 2340 5621 siam
2371 5566 2600 5621 dirimit
2658 5560 3062 5620 testimonium
3114 5562 3458 5633 Luitprandi
3508 5563 3700 5633 Legat.
3764 5560 3838 5616 ad

2192 5636 2433 5710 Niceph.
2470 5638 2646 5693 Phoc.
2692 5638 2812 5693 148.
2844 5640 2907 5693 C.
2942 5637 3043 5707 qui
3072 5634 3468 5708 Nicephorum
3497 5648 3705 5690 mense
3725 5634 3839 5691 Au-
