4186 6308
433 405 547 464 751

1815 391 2091 456 LEONIS
2136 395 2455 461 DIACONI

3731 411 3853 471 ’152

430 536 555 591 lum
585 534 742 590 malo
764 532 995 605 gravius
1017 547 1199 603 super
1218 531 1442 604 ingruit
1462 545 1686 602 usque:
1713 527 2084 584 iisaltuosum

2198 527 2286 596 ῆν,
2321 524 2465 584 εἷλεν
2496 526 2549 599 ἐξ
2597 527 2925 605 ἐπιδρομῆς.
2989 533 3104 601 Τήν
3163 530 3221 588 δὲ
3278 536 3466 611 χώραν
3518 543 3861 615 περισκεψαο

427 640 495 680 ac
514 623 845 678 silvestrem
867 621 1063 677 locum
1086 636 1441 675 cavernosus
1465 618 1822 688 etabruptus
1848 614 2086 686 excipit,

428 719 487 769 et
507 714 666 768 hunc
688 727 893 766 rursus
919 710 1185 782 paluster
1213 725 1281 764 ac
1314 708 1617 765 madidus:
1650 722 1877 778 aquosa
1906 704 2083 776 plane

428 802 610 875 regio.
643 800 1010 857 memoribus
1041 799 1247 864 densa,
1281 797 1584 854 montibus
1610 796 1787 852 inviis
1817 794 2084 863 undique

431 890 746 958 clauditur,
776 890 850 946 ad
888 891 1120 945 Emum
1145 894 1322 961 atque
1349 888 1671 959 Rhodopen
1731 885 1865 953 sita,
1892 881 2090 939 amni-

432 983 662 1052 busque
723 978 997 1036 maximis
1053 978 1461 1050 circumflua):
1524 976 1679 1032 hanc
1724 973 2089 1044 Nicephorus

435 1071 759 1142 imperator
786 1068 1014 1135 videns,
1047 1066 1540 1124 committendum
1573 1081 1693 1120 non
1748 1062 1993 1135 putavit,
2025 1065 2093 1116 ut

436 1160 638 1231 copias
669 1160 770 1215 63
804 1162 1100 1214 Romanas
1130 1156 1526 1228 incomposito
1559 1154 1769 1209 ordine
1797 1169 1905 1225 per
1958 1151 2090 1206 loca

435 1265 646 1322 parum
677 1253 805 1303 tuta
835 1247 1043 1303 ductas
1072 1245 1231 1301 velut
1261 1260 1477 1317 pecora
1528 1242 1719 1299 Mcesis
1767 1239 2090 1297 conciden-

434 1338 539 1395 das
570 1336 881 1410 praeberet.
913 1336 1097 1391 Aiunt
1122 1335 1282 1391 enim
1313 1332 1475 1390 haud
1536 1330 1721 1389 semel
1766 1329 2089 1386 offendisse

430 1434 733 1485 Romanos
764 1426 825 1481 in
855 1425 1145 1498 angustiis
1174 1423 1410 1492 Massiua,
1445 1437 1696 1493 esseque
1727 1419 1801 1477 ad
1822 1419 2085 1476 interne-

430 1519 665 1574 cionem
699 1515 1039 1572 trucidatos.

2202 636 2385 688 μενος,
2414 618 2504 673 καὶ
2534 617 2736 690 ταύτης
2766 619 2829 674 τὸ
2860 620 3175 699 ἀμφιλαφὶς
3202 623 3291 678 καὶ
3344 625 3669 699 κρημνῶδες
3718 628 3853 686 ἰδὼν

2200 707 2527 777 (ποιητικῶς
2551 707 2651 784 γὰρ
2685 709 2880 777 εἰπεῖν,
2910 713 2980 784 τῇ
3012 715 3120 765 τῶν
3151 713 3353 769 Μυσῶν
3383 716 3545 791 χώρᾳ
3599 723 3773 791 πάντη
3805 721 3857 756 ’9

2196 796 2361 850 γακὸν
2415 801 2569 870 κακῷ
2623 796 2959 872 ἐστήρικται,
3031 800 3122 855 καὶ
3202 802 3303 871 τῆν
3381 804 3674 883 ἀμφιλαφῆ
3756 828 3854 864 και

2200 880 2477 958 λοχμώδη
2513 886 2699 962 χώραν
2732 885 3097 965 σηραγγώδης
3123 892 3167 927 ⁸⁸
3197 893 3311 964 (46)
3363 893 3453 948 καὶ
3511 880 3854 969 κρημνώδης

2199 968 2479 1049 ἐκδέχεται
2536 977 2634 1031 εἴτ’
2686 978 2835 1041 αὗθις
2919 978 3127 1050 ἐκείνην
3205 968 3571 1054 τελματώδης
3630 968 3703 1041 (τε
3755 986 3851 1042 καὶ

2200 1061 2523 1139 σομφώδηςο
2558 1062 2774 1141 ὑδρηλή
2807 1068 2907 1142 γὰρ
2959 1067 3203 1131 ἐκτόπως
3254 1074 3289 1140 ἡ
3347 1072 3529 1147 χώρα,
3579 1074 3670 1128 καὶ
3724 1074 3851 1132 λίαν

2198 1148 2479 1223 ἀλσώδης,
2512 1155 2602 1209 καὶ
2633 1151 2779 1230 ὄρεσι
2842 1152 3128 1220 δυσϐάτοις
3178 1158 3485 1236 ἑκασταχοῦ
3541 1163 3851 1239 περικλείε-

2198 1260 2307 1314 ται,
2338 1243 2485 1318 παρά
2530 1244 2622 1299 τὸν
2682 1247 2864 1318 Αἷμον
2917 1247 3029 1320 (47)
3086 1246 3177 1302 καὶ
3230 1249 3329 1318 τὴν
3389 1248 3658 1323 Ῥοδόπην
3720 1273 3855 1309 κατ-

2198 1330 2476 1404 ῳκισμένη
2508 1333 2596 1388 καὶ
2627 1338 2890 1408 ποταμῶν
2918 1341 3035 1400 τοῖς
3084 1337 3360 1413 μεγίστοις
3405 1339 3854 1417 περιῤῥεομένη).

2195 1417 2397 1491 ταύτην
2456 1424 2770 1500 Νικηφόρος
2800 1425 2828 1480 ὁ
2861 1424 3115 1501 βασιλεὺς
3168 1426 3516 1501 θεασάμενος,
3570 1428 3670 1485 οὐκ
3712 1432 3855 1504 ᾤετο

2199 1504 2308 1564 δεῖν
2339 1507 2563 1584 δύναμιν
2591 1514 2693 1583 τήν
2722 1514 3039 1587 Ῥωμαϊκὴν
3071 1514 3394 1573 ἀσύντακτον
3428 1515 3498 1573 δι’
3527 1518 3851 1594 ἐπισφαλῶν

428 1605 651 1682 χωρίων
684 1603 959 1681 ἐξάγοντα,
991 1601 1183 1657 ὡσανεὶ
1240 1600 1563 1677 βοσκήματα
1610 1596 2020 1675 παρασκευάσαι
2070 1605 2441 1668 κατακοπῆναι
2493 1601 2632 1678 πρὸς
2686 1603 2793 1657 τῶν
2845 1605 3066 1663 Μυσῶν.
3120 1605 3346 1682 Λέγεται
3394 1608 3522 1683 γάρ,
3570 1606 3851 1674 πολλάκις

429 1699 646 1767 ηταῖσαι
676 1692 984 1766 Ῥωμαίους
1009 1696 1127 1752 ταῖς
1157 1688 1494 1765 δυσχωρίαις
1526 1688 1758 1758 Μυσίας,
1790 1684 2125 1759 πανολεθρίᾳ
2154 1694 2487 1762 περιπεσεῖν.

502 1789 555 1841 6.
586 1784 904 1841 Constituit
930 1783 1129 1856 igitur,
1160 1798 1269 1853 per
1296 1797 1507 1853 aspera
1563 1785 1740 1851 atque
1791 1776 2076 1849 ancipitia
2104 1781 2150 1845 Β

431 1874 564 1932 loca
592 1875 839 1930 minime
870 1871 1070 1929 subire
1101 1869 1453 1943 periculum.
1506 1868 1760 1925 Proinde
1813 1872 2084 1923 revocato

434 1964 698 2021 exercitu
727 1960 1302 2033 Constantinopolim
1334 1959 1596 2026 revertit,
1626 1964 1685 2014 et
1721 1957 2087 2029 Calocyrem,

433 2053 685 2126 patricia
713 2051 999 2124 dignitate
1056 2057 1318 2119 auctum,
1376 2048 1755 2105 temerarium
1802 2052 2091 2118 prmterea

434 2143 802 2212 calentisque
845 2140 1070 2213 ingenii
1123 2139 1454 2206 hominem,
1507 2137 1580 2193 ad
1633 2135 2086 2206 Tauroscythas,

438 2248 587 2303 quos
616 2230 870 2302 vulgaris
901 2229 1106 2299 lingua
1134 2230 1354 2283 Russos
1405 2227 1717 2282 nominare
1763 2222 2087 2291 consuevit,

431 2323 616 2388 misit,
648 2326 716 2376 ut
743 2320 837 2375 his
869 2335 1082 2374 aurum
1114 2317 1501 2374 distribueret
1528 2333 1563 2372 a
1583 2332 1645 2371 se
1663 2315 1751 2371 illi
1780 2314 2085 2382 traditum,

430 2412 504 2467 ad
536 2409 877 2466 centenaria
914 2407 1254 2479 quindecim
1288 2405 1512 2478 pondo,
1546 2421 1767 2477 eosque
1790 2404 1852 2459 in
1878 2405 2086 2459 Mmso-

430 2519 564 2559 rum
588 2501 737 2556 fines
761 2498 1134 2571 perduceret,
1160 2513 1311 2567 quos
1334 2499 1712 2568 occuparent.
1738 2495 1824 2549 Ita
1846 2493 2087 2563 Calocy-

430 2609 528 2649 res
549 2591 793 2663 quidem
820 2589 896 2645 ad
913 2588 1342 2659 Tauroscythas
1373 2586 1675 2659 profectus
1705 2590 1830 2641 est:
1865 2585 1991 2656 ipse
2024 2584 2086 2638 in

432 2684 657 2740 circum
690 2679 1022 2736 ascendens
1054 2682 1361 2750 equestres
1392 2676 1565 2732 ludos
1597 2675 1867 2732 editurus
1887 2691 2090 2732 conse-

434 2774 538 2829 dit.
562 2774 724 2827 Inter
749 2787 881 2842 quae
903 2768 1212 2841 imperavit
1240 2766 1479 2833 scholis,
1502 2771 1570 2822 ut
1588 2766 1650 2822 in
1680 2781 1924 2822 arenam
1951 2766 2088 2822 des-

432 2864 755 2921 cendentes
773 2862 953 2933 inque
976 2860 1135 2916 acies
1155 2858 1457 2931 oppositas
1484 2855 2085 2930 separatae,districtis

430 2954 642 3028 gladiis
672 2951 996 3025 perludum
1015 2951 1172 3005 inter
1187 2965 1249 3004 se
1272 2952 1720 3013 concurrerent,
1739 2945 1813 3003 ad
1834 2944 2086 3001 bellum-

433 3060 547 3115 que
576 3044 657 3099 ita
675 3044 1114 3098 exercerentur.
1144 3036 1791 3109 Constantinopolitani
1816 3052 1975 3099 vero,
1997 3033 2083 3090 rei

2259 1778 2323 1846 ζ’.
2358 1783 2544 1854 Ἔγνω
2575 1777 2691 1849 οὖν,
2727 1780 2805 1854 μῆ
2839 1778 2929 1837 διά
2962 1778 3317 1857 δυσεμϐόλων
3348 1786 3437 1840 καὶ
3496 1785 3852 1864 περισφαλῶν

2200 1866 2426 1943 χωρίων
2474 1866 2918 1930 διακινδυνεύειν.
2978 1873 3138 1929 Ὅθεν
3187 1870 3474 1929 ἀναλαϐὼν
3527 1875 3626 1944 τήν
3688 1895 3857 1948 στρα-

2196 1956 2316 2012 τιάν
2375 1959 2512 2035 πρὸς
2560 1959 2622 2015 τὸ
2677 1961 2969 2031 Βυζάντιον
3028 1960 3254 2031 ἤλαυνε,
3340 1963 3430 2018 καὶ
3516 1963 3853 2040 Καλοκύρην

2199 2044 2401 2102 ἐκεῖνον
2430 2051 2511 2120 τῷ
2538 2052 2646 2103 τῶν
2687 2050 2986 2125 πατρικίων
3041 2052 3279 2124 τιμήσας
3332 2052 3623 2125 ἀξιώματι,
3681 2050 3855 2128 ἄνδρα

2201 2136 2471 2211 ὁρμητίαν
2492 2137 2786 2210 τηνάλλως
2844 2140 2936 2197 καὶ
2993 2142 3357 2217 θερμουργὸν,
3417 2142 3471 2205 ἐς
3527 2141 3656 2206 τοὺς
3711 2149 3855 2198 Ταυ-

2198 2224 2465 2299 ροσκῦοας
2520 2226 2833 2303 ἐξέπεμψεν,
2893 2228 2986 2293 οὕς
3042 2232 3076 2300 ἡ
3133 2232 3291 2300 κοινή
3353 2228 3640 2297 διάλεκτος
3710 2232 3853 2299 Ῥῶς

2200 2312 2383 2370 εἷ’ωθεν
2415 2313 2725 2390 ὀνομάζειν,
2778 2317 2863 2395 ἐφ’
2891 2319 2937 2391 ᾧ
2969 2316 3320 2393 διανείμαντα
3365 2320 3583 2383 τούτοις
3635 2324 3720 2394 ΙΡ.
3753 2309 3855 2382 39]

2199 2405 2425 2479 χρυσὸν,
2456 2406 2514 2460 ’ὸν
2574 2407 2723 2480 αὖτῷ
2778 2406 3121 2484 ἐνεχείρισεν,
3174 2409 3249 2471 εἷς
3296 2412 3621 2485 κεντηνάρια
3665 2432 3852 2467 πεντε-

2195 2491 2418 2550 καίδεκα
2447 2499 2563 2566 (48)
2610 2497 3202 2576 συγκεφαλαιούμενον,
3237 2499 3289 2561 ἐς
3319 2500 3419 2568 τῆν
3474 2500 3660 2574 χώραν
3708 2522 3847 2557 κατ-

2196 2588 2409 2660 αγαγεῖν
2466 2589 2574 2640 τῶν
2630 2591 2851 2658 Μυσῶν,
2908 2587 3102 2659 ian-5th
3192 2588 3534 2663 αἱρήσοντας.
3595 2588 3755 2647 Ἀλλ’
3813 2589 3845 2644 ὁ

2199 2673 2295 2746 μὶν
2351 2671 2682 2749 Καλοκύρης
2764 2674 2818 2738 ἐς
2899 2675 3028 2739 τοὺς
3113 2677 3488 2752 Ταυροσκύοας
3568 2678 3847 2754 ἠπείγετο·

2197 2760 2357 2825 αὐτὸς
2389 2759 2446 2818 δὲ
2500 2764 2649 2834 παρά
2704 2765 2768 2820 τὸ
2824 2764 3045 2841 θέατρον
3102 2761 3323 2837 ἀναϐὰς,
3382 2768 3604 2822 ἱππικὸν
3665 2770 3854 2842 ἀγῶνα

2193 2853 2432 2921 καθῆστο
2461 2851 2658 2910 τελῶν.
2692 2854 2796 2909 Καὶ
2828 2851 2967 2923 δῆτα
3019 2860 3139 2917 τοῖς
3192 2854 3314 2929 περὶ
3366 2855 3524 2911 αὐτὸν
3585 2857 3857 2929 στρατιώ-

2191 2961 2312 3004 ταις
2367 2941 2603 3013 ἐκέλευε,
2687 2938 3021 3008 καταϐάντας
3074 2943 3164 3000 ἐπὶ
3219 2946 3282 3000 τὸ
3342 2943 3558 3001 στάδιον
3619 2946 3709 3001 καὶ
3771 2947 3853 3011 εἰς

2193 3030 2523 3098 ἀντιπάλους
2571 3033 2961 3109 ἀποκριθέντας
3013 3033 3297 3113 σάλαγγας
3346 3037 3730 3110 σπασαμένους
3781 3038 3855 3093 τά

430 3132 710 3190 militaris
738 3130 951 3204 ignari,
992 3128 1325 3202 gladiorum
1381 3126 1610 3200 fulgore
1664 3124 2080 3197 pertimefacti,

2198 3118 2518 3212 εἴρῃ-κατά
2545 3118 2766 3177 παιδιὰν
2814 3121 3162 3195 ἐπαλλήλοις
3198 3126 3239 3161 ⁴¹
3271 3130 3499 3202 χωρεῖν,
3546 3125 3635 3181 καὶ
3683 3126 3856 3202 ταύτῃ

429 3224 729 3293 simulque
762 3221 1021 3276 militum
1054 3234 1412 3274 concursum
1435 3216 1868 3288 strepitumque
1888 3214 2081 3283 veriti,

429 3320 605 3386 atque
626 3312 699 3368 ob
726 3309 1047 3383 spectaculi
1075 3308 1400 3364 novitatem
1421 3305 1740 3362 formidine
1772 3305 1991 3374 affecti,
2023 3305 2085 3360 in

426 3404 624 3475 fugam
657 3418 720 3457 se
750 3400 1156 3472 conjecerunt,
1189 3397 1263 3453 ad
1316 3413 1575 3467 suosque
1626 3395 1880 3467 quisque
1928 3394 2084 3451 lares

431 3492 654 3548 cursim
677 3487 1048 3562 perrexit.lbi
1071 3486 1333 3558 impulsu
1358 3492 1579 3541 temere
1600 3484 1901 3540 ruentium
1927 3483 2084 3539 haud

436 3583 646 3652 exigua
677 3586 900 3652 strages
940 3578 1096 3633 facta
1125 3582 1233 3645 est,
1266 3574 1633 3630 conculcatis
1663 3574 2086 3644 suﬂocatisque

432 3672 650 3727 misere
682 3668 976 3742 plurimis.
1013 3668 1147 3722 Haec
1195 3665 1504 3721 calamitas
1559 3662 1681 3719 odii
1722 3662 1972 3719 civitatis
2021 3662 2084 3718 in

433 3762 535 3817 64
565 3760 985 3831 imperatorem
1008 3757 1171 3828 origo
1194 3754 1438 3811 exstitit.
1456 3753 1720 3808 Accessit
1739 3752 1938 3807 fratris
1957 3751 2086 3823 ejus

434 3851 646 3906 Leonis
673 3847 1038 3919 CurOpalata:
1066 3844 1353 3915 iniquitas
1381 3861 1393 3898 :
1416 3843 1516 3915 qui
1539 3842 1695 3897 virili
1718 3842 2085 3913 militarique

432 3942 565 3995 vitae
597 3954 808 4011 genere
840 3937 1047 3992 relicto
1079 3935 1153 3990 ad
1175 3934 1578 3990 sedentarium
1602 3937 1661 3988 et
1680 3937 2085 4004 quaestuosum

438 4046 500 4084 se
529 4026 937 4092 transtulerat,
968 4024 1261 4095 hiansque
1292 4022 1537 4078 avaritia
1562 4027 1738 4092 atque
1762 4021 2086 4093 cupiditate

436 4133 573 4172 cum
595 4131 849 4171 annonae
866 4112 1169 4183 angustias
1191 4110 1506 4176 inferebat,
1524 4116 1647 4164 tum
1660 4126 1859 4165 rerum
1880 4127 2084 4166 neces-

436 4204 727 4260 sariarum
760 4203 1080 4256 immanem
1106 4200 1625 4271 penuriam.Parvo
1641 4200 1801 4254 enim
1819 4206 2083 4271 emptum

429 4294 796 4349 frumentum
829 4289 1124 4345 vendebat
1144 4305 1378 4361 magno.
1408 4286 1796 4359 Manabatque
1821 4305 2088 4343 susurra-

432 4385 512 4439 tio
544 4400 649 4455 per
677 4381 996 4446 civitatem,
1031 4377 1309 4450 querelas
1342 4381 1653 4449 spargente
1684 4376 1878 4447 plebe,
1915 4377 2082 4448 quasi

427 4473 733 4548 geminum
751 4487 858 4542 par
873 4470 1143 4533 fratrum,
1163 4466 1431 4538 publicas
1446 4465 1814 4522 calamitates
1826 4467 2076 4537 quaestui

427 4564 680 4634 habens,
713 4562 774 4617 in
803 4559 1074 4617 eamdem
1124 4561 1457 4631 turgentem
1506 4572 1711 4628 peram
1758 4557 2080 4612 corrivaret

2194 3210 2566 3287 γυμνάσασθαι
2594 3211 2734 3285 πρὸς
2763 3213 2856 3268 τὸν
2889 3211 3157 3287 πόλεμον.
3191 3212 3479 3283 Βυζάντιοι
3538 3211 3615 3282 δὲ,
3669 3213 3854 3271 πολε-

2198 3303 2373 3373 μικῶν
2434 3297 2609 3376 ἔργων
2664 3302 2905 3377 ἀγνῶτες
2977 3302 3340 3379 τυγχάνοντες
3391 3307 3528 3378 (49),
3576 3306 3675 3374 τὴν
3735 3308 3849 3361 τῶν

2194 3388 2358 3464 ξιφῶν
2447 3385 2876 3464 καταπλαγέντες
2957 3387 3155 3463 αὐγὴν,
3212 3389 3302 3445 καὶ
3355 3390 3454 3459 τήν
3525 3390 3693 3462 ὁμόσε
3738 3395 3852 3447 τῶν

2196 3480 2537 3547 στρατιωτῶν
2598 3477 2777 3552 ὁρμὴν
2838 3476 2927 3533 καὶ
2979 3478 3072 3533 τὸν
3129 3479 3365 3554 πάταγον
3446 3476 3854 3551 ὑποδείσαντες,

2194 3562 2681 3638 ἐκδειματωθέντες
2740 3563 2797 3621 δὲ
2851 3571 2932 3640 τῷ
2985 3571 3157 3638 καινῷ
3242 3572 3339 3622 τοῦ
3426 3569 3718 3643 θεάματος,
3774 3569 3856 3633 εἰς

2194 3659 2369 3734 φυγὴν
2428 3657 2729 3732 ἐτράποντο
2789 3658 2881 3714 καὶ
2938 3661 3074 3734 πρὸς
3131 3658 3226 3722 τὰς
3294 3665 3441 3739 σιρῶν
3503 3661 3678 3724 οἰκίας
3738 3662 3850 3717 ἀπ-

2193 3748 2439 3823 έτρεχον.
2471 3750 2569 3805 Ἐκ
2601 3746 2655 3803 δὲ
2688 3752 2785 3803 τοῦ
2809 3748 3058 3820 ὠθισμοῦ
3083 3748 3173 3804 καὶ
3202 3755 3301 3819 τῆς
3332 3750 3561 3805 ἀτάκτου
3595 3755 3763 3825 φορᾶς
3796 3752 3848 3788 ⁴²

2193 3836 2293 3892 οὐκ
2348 3836 2532 3912 ὀλίγος
2588 3838 2752 3903 φόνος
2809 3833 3141 3912 συμϐέϐηκε,
3203 3838 3472 3894 πλείστων
3560 3860 3848 3912 συμπατη-

2193 3928 2390 3992 θέντων
2420 3928 2510 3982 καὶ
2550 3927 2955 4003 ἀποπνιγέντων
3015 3929 3270 4004 οἷκτρῶς.
3321 3930 3497 3985 Τοῦτο
3544 3930 3606 3984 τὸ
3660 3926 3843 4005 δρᾶμα

2196 4021 2388 4090 μίσους
2432 4018 2477 4053 ⁸³
2533 4016 2756 4094 ἀφορμή
2818 4037 2901 4079 τις
2958 4017 3148 4092 γέγονε
3205 4017 3506 4087 Βυζαντίου
3561 4018 3699 4095 πρὸς
3746 4018 3844 4074 τὸν

2192 4107 2584 4181 αὐτοκράτορα.
2647 4107 2826 4181 Ταύτῃ
2885 4107 3179 4182 παρείπετο
3235 4107 3325 4162 καὶ
3390 4106 3453 4165 τὸ
3509 4111 3605 4163 τοῦ
3663 4108 3848 4164 συναί-

2196 4217 2301 4269 μου
2343 4195 2507 4250 αὐτοῦ
2564 4194 2793 4257 Λέοντος
2858 4194 2950 4250 καὶ
3007 4193 3425 4271 κουροπαλάτου
3480 4195 3839 4271 πλημμελές·

2191 4284 2338 4347 ὅστις
2366 4285 2459 4339 τὸν
2491 4282 2741 4359 ἀνδρώδη
2774 4284 2861 4339 καὶ
2896 4285 3286 4360 στρατιωτικὸν
3314 4283 3480 4340 αὐτοῦ
3534 4286 3648 4361 βίον
3698 4307 3845 4361 παρ-

2192 4375 2473 4448 ωσάμενος
2502 4373 2637 4449 πρὸς
2676 4374 2769 4429 τὸν
2825 4373 3044 4429 ἀστικὸν
3100 4374 3189 4429 καὶ
3248 4371 3550 4451 φιλοκερδῆ
3615 4377 3841 4448 μετετά-

2191 4466 2341 4537 ξατο,
2388 4462 2569 4535 ¹ἥττων
2622 4485 2683 4521 τε
2737 4464 3041 4542 χρημάτων
3094 4466 3185 4520 καὶ
3244 4464 3554 4539 λημμάτων
3610 4466 3843 4542 γενόμε-

2187 4575 2300 4628 νος,
2334 4551 2600 4611 σιτοδείαν
2626 4552 2913 4632 είργάσατο
2969 4555 3059 4612 καὶ
3118 4554 3306 4611 σπάνιν
3362 4560 3471 4611 τῶν
3533 4556 3837 4631 ἀναγκαίων

1627 4730 1687 4786 C.
1729 4730 1794 4786 Β.
1836 4729 2025 4788 HASII
2065 4731 2623 4791 ANNOTATIONES.

494 4918 743 4997 “ad:th
774 4952 843 4997 _—
872 4919 1204 4997 ἐστήρικται.
1248 4917 1417 4976 lliad.
1447 4917 1515 4974 ΙΙ.
1570 4920 1691 4975 111.

424 4994 473 5030 ⁴³
505 4993 662 5067 μίσος
690 4994 822 5050 cod.

423 5169 591 5240 gusto
623 5182 717 5221 an.
751 5167 874 5219 968.
909 5164 982 5240 in_
1003 5162 1441 5240 ex_pedition_em
1472 5161 1771 5233 Syriacam
1812 5163 2066 5240 profici-

421 5234 687 5318 scentem
708 5236 1329 5318 conspexitﬁwterum
1344 5234 1469 5288 tunc
1479 5234 2066 5318 etseguentiausque

423 5311 495 5366 ad
528 5311 709 5364 finem
739 5304 946 5379 capitis
978 5306 1329 5379 plerumque
1361 5321 1431 5359 ex
1474 5304 1907 5364 Combeﬁsiana
1936 5304 2064 5364 ver-

420 5383 589 5437 sione
615 5385 772 5446 sunt,
814 5377 952 5447 Pagi
984 5379 1075 5431 ιν.
1107 5377 1194 5431 -l3.

491 5455 600 5523 (46)
635 5454 753 5506 Vox
782 5456 841 5506 et
872 5445 1053 5505 Leoni
1082 5447 1356 5503 adamata
1389 5450 1448 5501 et
1472 5445 1732 5517 Agathiaa
1763 5449 1850 5505 37.
1883 5452 1943 5505 C.
1971 5454 2061 5507 52.

488 5599 600 5668 (47)
656 5597 737 5651 De
793 5593 942 5668 Emi
999 5588 1725 5668 convallibusrumbrosis
1800 5594 2063 5668 oratorie

415 5663 606 5749 multa
635 5663 1500 5749 Theophylactugﬁimocatt’a‘
1522 5663 1743 5749 Hister.
1909 5672 2068 5749 inet

415 5747 553 5798 ante
585 5758 718 5799 eum
753 5734 948 5798 Livius
978 5736 1082 5794 lib.
1114 5736 1237 5794 XL.
1268 5750 1400 5808 cap.
1432 5738 1522 5795 22.
1583 5734 1907 5809 Splendide
1938 5738 2065 5795 Viro

1794 4918 1841 4955 ‘0
1887 4915 2240 4996 συραγγώδης
2281 4919 2411 4977 cod.

2513 4921 2558 4959 ⁴¹
2609 4922 2766 4977 Fort.
2812 4917 2894 4974 ἐπ’
2941 4915 3239 4991 ἀλλήλοις.
3345 4921 3393 4959 ⁴²
3442 4922 3647 5000 φθορᾶς
3697 4919 3831 4980 cod.

2178 5163 2357 5237 gilius
2391 5165 2597 5237 Georg.
2624 5166 2695 5220 Il.
2728 5165 2834 5220 488
2858 5181 2871 5221 :

2251 5275 2264 5289 .
2309 5278 2324 5292 .
2370 5280 2385 5297 .
2430 5278 2442 5291 .
2487 5278 2502 5292 .
2547 5236 2559 5291 ζ
2602 5238 2646 5293 0
2673 5240 2772 5307 qui
2799 5254 2884 5293 me
2909 5236 3111 5307 gelidis
3140 5237 3199 5293 in
3228 5237 3466 5294 vallibus
3494 5239 3640 5293 Emi

2247 5310 2431 5391 _S_i§ta£
2450 5314 2518 5391 et.
2529 5310 2743 5391 ingenti
2766 5325 3046 5390 ramorum
3070 5317 3332 5391 protega!
3360 5311 3601 5391 umbra!

2246 5383 2360 5454 (48)
2396 5385 2476 5438 De
2494 5380 2683 5454 hujus
2712 5381 2981 5454 pecunias
3011 5397 3246 5437 summa
3291 5382 3670 5454 Schloezerus
3700 5383 3834 5437 Nes-

2178 5459 2289 5507 tors
2316 5451 2666 5525 Ᾱηηαιεῃν.
2700 5453 2801 5525 130
2831 5456 2883 5507 5.
2918 5451 2991 5507 de
3043 5452 3404 5525 centenariis
3452 5458 3670 5525 praeter
3714 5454 3833 5507 Du-

2177 5526 2454 5597 cangium
2487 5523 2743 5597 Glossar.
2765 5524 2859 5597 Gr.
2891 5524 2937 5579 Ι.
2964 5524 3095 5597 633.
3112 5526 3174 5582 Ο.
3198 5523 3475 5581 Reiskius
3496 5524 3827 5580 Comment.

2176 5596 2250 5652 ad
2281 5595 2596 5654 erimou.
2628 5595 2779 5650 aulas
2810 5596 3046 5667 Byzant.
3077 5595 3150 5652 ll.
3180 5598 3273 5667 44.
3317 5598 3384 5652 Α.

2248 5670 2359 5741 (49)
2391 5667 2671 5742 Agathjas
2700 5664 2880 5742 33,0.
2911 5665 3144 5742 ἀγνῶτες
3201 5666 3269 5722 τὰ
3308 5664 3575 5741 πολέμιαο
3622 5664 3827 5725 confer

2176 5739 2412 5813 quoque
2444 5739 2530 5798 76.
2564 5740 2632 5796 ι).
2669 5744 2728 5795 et
2758 5740 2880 5797 105.
2911 5739 2972 5795 BL
