4190 6322
419 365 541 427 ’153

1726 364 2126 430 HlSTORlIE
2170 363 2318 425 LIB.
2365 360 2469 423 IV.

3715 365 3836 426 754

421 493 868 572 ἀφιλάνθρωπον.
930 496 1154 574 Ὀλίγου
1225 497 1328 575 γὰρ
1410 499 1503 555 τὸν
1559 504 1706 556 σῖτον
1766 500 2043 573 ὠνούμενο

2189 497 2344 553 bona
2372 495 2792 552 multitudinis.
2846 494 2997 562 Quin
3054 495 3232 550 etiam
3263 493 3589 567 imperator
3617 498 3840 554 tributa

418 584 675 642 ἀπεδίδου
741 586 980 645 πολλοῦ.
1068 589 1170 646 Καὶ
1242 590 1571 666 ψιθυρισμὸς
1649 591 1749 646 ἀνά
1814 590 1876 644 τὸ
1943 586 2072 644 ἅστο

413 675 639 751 ἐχώρει,
695 672 1095 732 καταϐοώντων
1144 682 1253 733 τῶν
1303 679 1560 749 ἀστικῶν,
1615 678 1661 735 εἰ
1708 677 1802 741 τὰς
1828 682 1926 733 τοῦ
1955 699 2073 732 κοι-

414 769 515 818 νοῦ
549 766 834 843 συμφορὰς
868 763 979 820 ἴδια
1021 763 1188 842 κέρδη
1248 769 1527 838 ποιήσειεν
1578 772 1686 823 τῶν
1720 764 2073 841 αὐταδέλφων

416 855 452 924 ἡ
513 854 760 930 ξυνωρὶς,
820 854 874 917 ἐς
929 855 1030 923 τήν
1089 853 1468 932 κερδαίνουσαν
1529 861 1840 922 συνωθοῦσα
1889 859 2067 928 πήραν

416 943 483 998 τὰ
510 948 616 999 τῶν
650 942 902 1001 πολλῶν.
962 944 1065 1001 Καὶ
1117 940 1219 1022 γάρ
1276 944 1343 1017 δή
1399 946 1490 1002 καὶ
1522 944 1549 1002 ὃ
1586 945 1838 1022 βασιλεὺς
1867 947 2068 1023 φόρους

413 1033 540 1097 τοὺς
592 1036 761 1108 μήπω
809 1034 1192 1105 ἐπινοηθέντας
1249 1040 1363 1111 (50)
1420 1037 1802 1108 ἀπαραιτήτως
1862 1034 2069 1091 ἐκαινο-

412 1125 595 1197 τόμει,
661 1122 714 1185 ἐς
779 1124 843 1180 τὸ
910 1124 1298 1198 στρατιωτικὸν
1370 1123 1542 1199 λέγων
1611 1123 1914 1203 χρημάτων
1983 1123 2066 1180 ὅτι

412 1212 617 1270 δεῖσθαι
649 1219 890 1290 συχνῶν,
945 1215 1035 1271 καὶ
1092 1216 1307 1279 τούτοις
1361 1216 1659 1292 κατέτρυχε
1704 1216 1767 1271 τὸ
1799 1216 2064 1286 ὑπήκοον.

412 1310 641 1380 Λέγεται
698 1303 776 1375 δὲ,
838 1304 945 1362 εἴτε
999 1308 1136 1381 πρὸς
1188 1312 1295 1363 τῶν
1362 1308 1428 1364 τὰ
1497 1309 1743 1383 μετέωρα
1810 1327 2066 1381 περισκο-

412 1394 661 1450 πούντων
697 1395 865 1462 τινὸς,
925 1394 1033 1451 εἴτε
1085 1397 1176 1452 καὶ
1223 1401 1331 1452 τῶν
1395 1393 1601 1471 μονάδα
1636 1396 1751 1472 βίον
1785 1395 2062 1471 ἐπανῃρη-

418 1485 594 1559 μένων
652 1485 741 1540 καὶ
798 1484 987 1560 ἄζυγα,
1045 1483 1457 1557 διενωτισθῆναι
1514 1487 1604 1541 τὸν
1665 1485 2059 1561 αὐτοκράτορα,

409 1573 487 1637 ὠς
544 1575 690 1650 παρὰ
744 1576 844 1644 τήν
901 1574 1177 1652 βασίλειον
1237 1575 1412 1631 ἑστίαν
1469 1574 1730 1647 ἓκπλήσει
1787 1575 1877 1630 τὸν
1916 1575 2053 1651 βίον,

399 1665 701 1741 ἀναιρεθεὶς
760 1666 906 1739 παρά
960 1669 1067 1720 τῶν
1134 1667 1429 1739 ὁμοεθνῶν.
1505 1663 1766 1741 Περιδεῆς
1826 1665 1916 1721 οὗν
1975 1667 2053 1737 τῷ

2184 602 2494 657 nunquam
2524 585 2775 640 antehac
2807 585 3131 657 excogitata
3170 584 3523 639 inexorabili
3556 585 3834 643 aviditate

2182 674 2764 740 comminiscebatur,
2799 675 2875 730 ad
2915 674 3205 730 militares
3254 679 3523 745 sumptus
3555 674 3835 731 dictitans

2182 781 2329 836 opus
2343 765 2452 819 sibi
2470 780 2599 818 esse
2612 764 2924 835 pecuniam
2942 779 3321 836 permagnam
3344 763 3700 834 tributisque
3714 765 3833 819 illis

2180 858 2431 913 vexabat
2452 857 2741 912 subditos.
2774 858 2957 912 Aiunt
2986 864 3204 925 autem,
3240 858 3359 912 sive
3397 857 3833 931 astrologorum

2179 948 2378 1018 aliquo
2412 947 2735 1014 divinante,
2773 948 2890 1003 sive
2924 946 3179 1018 quodam
3214 948 3643 1003 monachorum
3675 947 3833 1003 cmli-

2180 1036 2434 1108 bemque
2465 1038 2642 1091 vitam
2676 1036 3106 1109 profitentium,
3132 1037 3193 1091 in
3220 1037 3595 1108 imperatoris
3626 1054 3831 1093 aurem

2174 1127 2428 1194 venisse,
2459 1127 2639 1181 vitam
2664 1126 2751 1180 illi
2784 1127 2846 1181 in
2868 1126 3087 1199 palatio
3121 1126 3495 1199 explendam,
3518 1144 3553 1183 a
3578 1127 3833 1183 civibus-

2177 1233 2291 1288 que
2324 1216 2448 1270 suis
2470 1232 2605 1270 eum
2630 1222 2909 1270 necatum
2933 1216 3157 1280 iri.Qua
3178 1214 3565 1286 praedictione
3587 1216 3829 1272 timidus

2171 1306 2385 1373 factus,
2418 1304 2817 1359 munitionem
2841 1304 2913 1358 ab
2937 1304 3125 1359 altera
3155 1310 3321 1375 parte
3350 1304 3552 1376 palatii
3582 1305 3643 1360 in
3665 1323 3829 1361 mare

2171 1400 2445 1467 vergente
2477 1395 2550 1449 ad
2582 1394 2829 1449 alteram
2876 1394 3017 1448 item
3050 1410 3211 1449 mare
3271 1400 3637 1465 spectantem
3692 1411 3829 1466 per-

2170 1484 2358 1550 duxit,
2395 1500 2685 1555 muroque
2726 1484 2828 1554 qui
2877 1483 3069 1539 adhuc
3114 1483 3382 1538 cernitur
3410 1483 3649 1538 sublimi
3683 1501 3823 1540 sane

2169 1591 2235 1630 ac
2268 1575 2439 1629 ﬁrmo
2473 1578 2768 1629 exstructo
2800 1573 3250 1645 imperatorium
3294 1573 3479 1628 limen
3513 1578 3724 1642 tutum,
3758 1580 3825 1630 ut

2167 1663 2587 1730 arbitrabatur,
2612 1662 2889 1718 reddidit.

394 1758 636 1830 χρησμῷ
666 1754 929 1830 γεγονὼς,
961 1749 1258 1829 περίϐολον
1293 1753 1351 1810 ἐκ
1378 1758 1473 1810 τοῦ
1504 1754 1730 1830 θατέρου
1764 1750 1963 1829 μέρους
2016 1756 2113 1809 τοῦ
2157 1751 2294 1827 πρὸς
2355 1750 2622 1815 Θάλατταν
2683 1748 3001 1813 έπικλινοῦς
3056 1754 3163 1805 τῶν
3208 1750 3520 1825 ἀνακτόρων
3551 1750 3818 1827 τειχίζειν

394 1841 710 1917 ἀρξάμενος,
742 1843 876 1898 κατᾶ
899 1843 1121 1920 θάτερον
1152 1844 1287 1918 πρὸς
1318 1842 1582 1899 θάλατταν
1616 1844 1959 1917 συνεπέρανε,
1990 1842 2079 1898 καὶ
2109 1846 2298 1916 τεῖχος
2343 1840 2406 1895 τὸ
2454 1844 2545 1895 νῦν
2598 1840 2875 1914 ὁρώμενον
2910 1838 3123 1913 ὑψηλόν
3147 1860 3208 1894 τε
3235 1839 3323 1894 καὶ
3360 1838 3564 1915 ὀχυρὸν
3597 1839 3771 1913 ἐδομή
3796 1871 3819 1884 -

396 1951 545 2001 σατο,
580 1931 670 1986 καὶ
702 1932 802 2001 τὴν
835 1931 1111 2008 βασίλειον
1141 1933 1339 2003 ἑστίαν,
1372 1933 1447 1997 ὠς
1477 1932 1829 2003 ὑπετόπαζεν,
1861 1929 2224 2010 ἠσφαλίσατο.

466 2022 552 2094 [Ρ.
585 2023 679 2094 40]
712 2022 770 2091 ζ’.
836 2020 1139 2096 Πρόκενσον
1191 2020 1248 2078 δὲ
1304 2023 1439 2078 κατᾶ
1495 2023 1593 2091 τήν
1647 2026 1745 2078 τοῦ
1787 2026 2050 2097 Σωτῇρος
2083 2026 2130 2092 Β

399 2108 672 2183 ἀνάληψιν
734 2112 871 2166 κατὰ
925 2112 988 2166 τὸ
1044 2111 1347 2186 εἰθισμένον
1400 2108 1501 2186 ἔξω
1556 2117 1759 2187 τειχῶν
1823 2110 1910 2167 ἐπὶ
1949 2112 2050 2180 τήν

393 2199 741 2273 καλουμένην
804 2203 990 2273 Πηγῆν
1050 2204 1430 2276 ποιησαμένου
1458 2208 1556 2259 τοῦ
1590 2201 1862 2279 βασιλέως
1894 2201 2050 2275 (νεὼς

394 2290 450 2348 δὲ
498 2292 671 2368 ταύτῃ
721 2292 1063 2369 περικαλλὴς
1131 2297 1199 2368 τῇ
1248 2296 1498 2368 Θεοτὸκῳ
1552 2292 1897 2369 δεδόμηται),
1941 2291 2051 2348 διας

393 2384 544 2458 μάχη
614 2404 696 2445 τις
771 2383 966 2455 μεταξῦ
1036 2384 1343 2452 Βυζαντίων
1405 2384 1494 2439 καὶ
1562 2385 1867 2457 Ἀρμενίων
1935 2404 2052 2437 συν-

386 2458 613 2531 ἔϐαινεν,
649 2462 723 2526 ὠς
776 2461 1028 2526 πολλοὺς
1087 2464 1226 2539 πρὸς
1281 2468 1390 2519 τῶν
1439 2464 1742 2538 Ἀρμενίων
1774 2469 2047 2539 τρωθῆναι

386 2555 491 2608 τῶν
547 2554 807 2608 ἀστικῶν.
866 2553 1028 2625 Ἀρτι
1085 2549 1144 2607 δὲ
1197 2553 1336 2628 πρὸς
1393 2553 1618 2626 ἑσπέραν
1683 2551 1771 2608 ἐπὶ
1822 2553 1889 2607 τὰ
1928 2550 2049 2608 ἂνά-

388 2662 558 2716 κτορα
614 2640 712 2697 τοῖ’)
772 2640 1042 2717 βασιλέως
1120 2641 1467 2712 ἐλαύνοντος,
1525 2637 1736 2717 ὕϐρεσι,
1792 2642 1899 2697 κάκ
1950 2646 2048 2696 τοῦ

390 2730 690 2805 ἀναφανδὸν
761 2732 1009 2808 ἐχρῶντο
1068 2734 1377 2802 Βυζάντιον.
1439 2736 1539 2787 Καὶ
1592 2753 1645 2787 τι
1686 2731 1908 2808 γύναιον
1952 2729 2048 2786 σὺν

385 2826 466 2893 τῷ
495 2823 772 2897 θυγατρίῳ
832 2821 908 2883 εἷς
959 2820 1230 2891 τοσαύτην
1289 2820 1551 2877 ἀπόνοιαν
1583 2818 1813 2891 ἤλασεν,
1847 2819 1924 2883 ὠς
1950 2823 2049 2875 τοῦ

392 2909 614 2984 στέγους
686 2911 959 2984 προκύψαι
1033 2912 1126 2966 καὶ
1194 2910 1384 2975 λίθους
1469 2908 1656 2986 βαλεῖν
1749 2911 1886 2966 κατὰ
1948 2914 2047 2964 τοῦ

393 2992 641 3060 ἄνακτος.
693 2998 758 3055 *Ο
806 2998 895 3053 καὶ
943 3003 1013 3073 τῇ
1089 2999 1344 3074 ὑστεραίᾳ
1390 2999 1527 3073 πρὸς
1591 3001 1689 3054 τοῦ
1736 3000 2050 3074 πραίτωρος

397 3083 601 3164 ληφθὲν
658 3084 810 3150 δίκας
854 3089 986 3160 μετὰ
1042 3092 1139 3142 τοῦ
1180 3086 1471 3163 Θυγατρίου
1532 3088 1803 3159 ἀπέτισεν,
1858 3086 1945 3143 ἐπὶ
1994 3109 2048 3143 τι

390 3177 712 3250 προάστειον
770 3177 944 3252 πυρὸς
999 3178 1220 3254 γεγονὸς
1295 3175 1583 3250 ἀνάλωμα,
1645 3175 1946 3253 ’Λναράτας
2002 3178 2049 3215 ⁴⁴

385 3263 752 3338 καλούμενον.
785 3265 918 3320 Τότε
962 3262 1030 3334 δὴ
1060 3267 1149 3321 καὶ
1203 3265 1363 3328 αὐτὸς
1409 3264 1783 3341 ἐπεχωριάζον
1822 3266 1849 3320 ὁ
1879 3265 2050 3321 ταῦτα

387 3354 650 3430 γράφοντι
697 3356 743 3391 ⁸⁵
792 3352 1104 3423 Βυζάντιος,
1156 3353 1242 3410 ἐπὶ
1296 3353 1473 3428 λόγων
1527 3352 1808 3435 συλλογήν
1840 3376 1899 3409 τε
1953 3354 2043 3410 καὶ

388 3441 689 3514 παίδευσιν,
735 3446 1015 3517 μειράκιον
1070 3441 1167 3504 ὢν.
1218 3443 1493 3518 Ἔφιππόν
1538 3465 1598 3499 τε
1642 3446 1736 3499 τὸν
1775 3444 2044 3520 αὐτοκρά-

386 3553 520 3608 τορα
559 3534 871 3612 Νικηφόρον
909 3531 1079 3609 βάδην
1131 3532 1283 3589 ἰόντα
1334 3531 1553 3608 βλέπων
1585 3531 1675 3588 διὰ
1701 3533 1798 3589 τοῦ
1829 3531 2039 3603 ἄστεος,

383 3622 473 3677 καὶ
550 3622 986 3697 ἀπερικτύπητον
1064 3625 1176 3698 (Ἥ)
1248 3628 1367 3684 ταῖς
1467 3620 1752 3685 τοσαύταις
1853 3619 2037 3699 ὕϐρεσι

386 3709 644 3782 πέ)οντα,
686 3711 775 3767 καὶ
822 3713 885 3767 τὸ
938 3711 1194 3789 φρόνημα
1245 3711 1511 3785 σταθηρὸν
1563 3708 1920 3782 διασώζοντα,
1949 3714 2039 3768 καὶ

389 3801 464 3866 ὠς
516 3805 591 3877 μή
639 3824 787 3867 τινος
838 3799 1239 3877 ἐπισυμϐἀντος
1287 3805 1479 3858 καινοῦ
1525 3799 1883 3876 διακείμενον,
1927 3800 2039 3858 ἐτε-

2233 2024 2285 2076 7.
2319 2019 2683 2075 Ascensione
2717 2024 2917 2075 autem
2954 2020 3299 2089 Servatoris,
3332 2037 3469 2076 cum
3499 2020 3825 2092 imperator

2163 2125 2443 2181 pompam
2474 2126 2641 2163 more
2674 2109 2847 2164 solito
2881 2113 3045 2165 extra
3076 2126 3279 2164 muros
3305 2109 3379 2164 ad
3401 2112 3823 2183 Pegam,quam

2160 2203 2391 2263 vocant,
2421 2202 2624 2269 ageret
2671 2198 2986 2269 (templum
3018 2197 3099 2252 ibi
3146 2198 3312 2252 mirae
3356 2198 3822 2270 pulchritudinis

2160 2286 2427 2359 Deiparaa
2458 2286 2816 2341 aedificatum
2850 2287 3186 2359 est),pugna
3215 2287 3820 2359 Constantinopolita-

2161 2392 2270 2431 nos
2300 2376 2460 2431 inter
2484 2380 2544 2431 et
2574 2376 2887 2430 Armenios
2909 2376 3005 2432 65
3033 2375 3189 2431 facta
3210 2381 3317 2439 est,
3343 2376 3487 2431 adeo
3511 2383 3577 2431 ut
3604 2375 3821 2432 urbani

2160 2464 2499 2537 complures
2548 2465 2620 2520 ab
2652 2465 2950 2519 Armeniis
2980 2465 3532 2521 consauciarentur.
3572 2467 3819 2537 Jamque

2161 2555 2269 2610 sub
2300 2571 2617 2627 vesperum
2645 2571 2780 2610 cum
2813 2554 2887 2609 ad
2910 2554 3196 2626 palatium
3222 2554 3543 2626 imperator
3574 2555 3815 2622 rediret,

2160 2644 2424 2699 convicia
2474 2643 2673 2715 palam
2727 2644 2790 2698 in
2849 2660 2985 2698 eum
3035 2644 3282 2715 jactavit
3338 2643 3568 2699 urbana
3624 2645 3814 2717 plebs.

2159 2742 2312 2808 Quin
2346 2743 2525 2797 etiam
2557 2741 2914 2796 muliercula
2946 2741 3122 2796 simul
3151 2758 3286 2796 cum
3310 2742 3494 2798 ﬁliola
3523 2742 3710 2814 ipsius
3743 2760 3812 2799 eo

2160 2831 2436 2887 amentiae
2459 2830 2843 2902 processit,ut
2859 2846 2929 2885 ex
2952 2835 3103 2886 tecto
3126 2831 3498 2902 prospiciens
3519 2831 3818 2903 lapidibus

2161 2923 2469 2991 appeteret
2544 2919 2898 2991 principem.
2985 2920 3333 2990 Quanquam
3394 2919 3500 2975 illa
3549 2921 3813 2991 quidem,

2159 2996 2447 3082 postridie
2477 3008 2607 3080 ejus
2634 3007 2749 3064 diei
2782 3025 2817 3064 a
2844 3013 3096 3080 praetore
3127 3009 3578 3081 comprehensa,
3612 3027 3817 3082 pmuas

2159 3114 2281 3153 una
2303 3114 2437 3153 cum
2466 3098 2652 3153 ﬁliola
2675 3097 2848 3153 luens
2870 3097 2933 3152 in
2957 3097 3529 3154 suburbio.Anarata
3549 3100 3814 3172 nomine,

2158 3187 2296 3259 igne
2318 3190 2580 3242 cremata
2602 3192 2710 3242 est.
2725 3188 2885 3242 Tunc
2907 3192 2967 3242 et
2986 3202 3090 3259 ego
3110 3187 3541 3253 commorabar,
3567 3188 3670 3260 qui
3689 3189 3817 3245 haec

2161 3275 2446 3344 scribo,in
2464 3275 2610 3332 urbe
2633 3276 3262 3348 Byzantis,litterarum
3281 3276 3811 3348 perdiscendarum

2159 3365 2633 3438 eruditionisque
2669 3366 2884 3434 studio,
2915 3366 3398 3422 adolescentulus
3429 3384 3564 3422 cum
3595 3384 3806 3425 essem.

2155 3457 2243 3512 Ita
2272 3456 2695 3528 imperatorem
2716 3456 3109 3528 Nicephorum
3136 3457 3196 3511 in
3218 3472 3369 3527 equo
3393 3457 3684 3528 gradatim
3706 3474 3813 3529 per

2150 3539 2358 3595 urbem
2389 3545 2629 3596 euntem
2660 3542 3057 3613 conspicatus,
3083 3541 3241 3612 quod
3265 3546 3323 3595 et
3342 3541 3809 3612 imperturbatus

2148 3629 2330 3683 tantis
2386 3629 2761 3685 contumeliis
2819 3635 2994 3698 esset,
3029 3635 3088 3684 et
3117 3634 3378 3685 mentem
3431 3635 3805 3685 constantem

2147 3717 2452 3787 retineret,
2485 3718 2732 3790 perinde
2789 3736 2857 3774 ac
2889 3719 2937 3774 si
2970 3718 3123 3773 nihil
3155 3719 3469 3774 accidisset
3501 3719 3634 3774 novi
3662 3720 3804 3774 affe-

2151 3805 2647 3877 ctus,admirabar
2657 3808 2967 3879 tranquilli
2978 3813 3150 3863 tatem
3165 3808 3270 3864 viri
3281 3807 3805 3880 ,quemadmodum

1604 3956 1667 4011 C.
1709 3955 1773 4014 Β.
1815 3954 2004 4010 HASII
2042 3955 2599 4014 ANNOTATIONES.

451 4126 498 4206 ‘_‘
524 4127 662 4206 _Leg.
696 4125 989 4206 Ονωρ-ἀτας
1017 4144 1065 4182 s.
1099 4122 1454 4206 Ὁνωράτοιῆ
1489 4124 2021 4206 Vid.._Ducangiun_1

2161 4126 2500 4206 [stantinop.
2532 4125 2848 4206 Christian.
2883 4127 2985 4184 184
3016 4128 3080 4183 D.
3126 4127 3172 4163 ⁴⁸
3199 4126 3487 4206 γράφοντι.
3518 4128 3613 4186 Sic
3644 4129 3801 4199 cod.,

387 4198 494 4254 sed
517 4192 642 4254 fere
672 4214 798 4254 non
826 4192 1033 4254 'dubito
1065 4198 1211 4270 quin
1241 4192 1559 4271 legendum
1590 4196 1668 4252 sit
1694 4192 1916 4273 γράφῶν
1947 4198 2016 4270 τῇ

2162 4216 2343 4269 αντος,
2372 4192 2550 4270 atque
2579 4198 2662 4254 ita
2687 4199 2853 4254 verti.

460 4349 571 4419 (50)
622 4348 815 4404 Aliam
862 4363 1099 4404 causam
1151 4347 1455 4404 Cedrenus
1503 4347 1669 4403 addit
1714 4348 1783 4419 ll.
1817 4350 1941 4403 658.
1976 4350 2038 4405 Β.

390 4418 644 4492 nimium
674 4419 937 4476 bellandi
960 4436 1224 4475 amorem
1250 4420 1587 4492 Nicephori,
1610 4418 1887 4492 quodque
1911 4420 2044 4475 sub-

389 4491 543 4546 ditos
574 4492 981 4564 inrcontinuas
1012 4491 1424 4564 expeditiones
1440 4491 1855 4564 raptosmale
1883 4494 2042 4564 Inul—

394 4567 599 4618 ctaret.
632 4563 725 4636 Sic
755 4563 915 4636 enim
969 4559 1358 4636 intelligenda
1412 4559 1539 4636 illa,
1584 4561 1720 4636 πρὸς
1760 4559 2038 4634 Ταξείδιον

390 4636 638 4715 συνεχίιὶς
668 4631 847 4715 ἐξιών·
882 4634 1040 4715 quod
1087 4631 1196 4715 adi
1217 4631 1789 4715 lucidiuni_assidue
1825 4631 2042 4715 veniens

389 4705 565 4787 vertit
590 4705 918 4787 Xylander,
939 4706 1114 4787 homo
1136 4711 1202 4760 ut
1225 4705 1429 4787 lingua
1448 4707 1639 4787 Attica
1670 4722 1804 4761 cum
1835 4707 2046 4779 primis

391 4775 622 4850 doctus,
652 4775 741 4832 ita
780 4777 1107 4850 Graecitatis
1137 4775 1439 4850 meidizéget
1470 4778 1692 4833 intimae
1724 4775 2045 4850 rerumque

390 4848 846 4919 Byzantinarum
868 4849 1113 4905 omnino
1136 4849 1304 4903 rudis
1327 4866 1338 4902 :
1364 4848 1544 4919 inque
1561 4848 2046 4904 annotationibus

389 4920 554 4994 25._D.
587 4920 892 4994 Taxidium
923 4920 1121 4975 locum
1138 4920 1333 4994 ifuisse
1351 4920 1509 4994 vult,
1540 4921 1641 4994 ubi
1671 4921 2044 4994 vectigalium

390 4991 656 5064 rationes
687 4992 1070 5064 ducerentur.
1103 4993 1303 5064 Neque
1335 4992 1505 5057 Goar,
1528 4992 1629 5063 qui
1660 4991 2044 5064 Nott.'poste-

382 5061 653 5134 rioribus
685 5066 772 5119 53.
816 5064 879 5117 l).
912 5059 1275 5134 Xylandru'm
1311 5059 1564 5134 carpens
1587 5059 2046 5131 ταξείδιονήαυὶ-

385 5132 792 5207 θᾳείοηεηιεθιι
827 5136 933 5207 iter
970 5132 1120 5189 ‘mari
1165 5132 1563 5204 conﬁciendum
1597 5135 2042 5207 interpretatur,

388 5205 462 5260 ab
497 5206 656 5260 omni
677 5206 963 5261 immunis
987 5221 1186 5260 errore
1215 5211 1323 5261 est.
1347 5207 1488 5261 Nam
1525 5206 1679 5277 apud
1707 5205 2042 5277 Qedrenum

386 5277 827 5349 scriptoresque
858 5277 998 5349 huic
1030 5282 1201 5332 aetate
1246 5294 1533 5349 suppares
1562 5273 1836 5349 ’ταξείδιον
1869 5297 1915 5334 s.
1948 5297 2040 5331 τα-

387 5343 558 5421 ξίδιόν
592 5343 749 5404 valet
775 5347 1205 5421 expeditionem,
1235 5343 1485 5421 bellicam
1506 5367 1525 5403 :
1567 5343 1700 5421 vide
1727 5348 1858 5405 loca
1886 5350 2042 5421 apud

392 5420 650 5491 Ducang.
685 5416 943 5477 Glossar.
975 5421 1046 5473 Il.
1085 5420 1242 5475 1528.
1276 5421 1338 5475 B.
1375 5420 1513 5475 Inde
1558 5416 1888 5489 ταξιδιάριος
1923 5416 2040 5476 sive

385 5486 727 5563 ταειδιάρης,
759 5492 830 5546 de
875 5492 1259 5563 imperatore,
1306 5486 1836 5561 expeditionarium.
1868 5498 1935 5548 ut
1961 5493 2042 5548 ita

388 5562 611 5635 dicam,
641 5562 977 5635 signiﬁcat:
1025 5562 1165 5635 hoc,
1191 5566 1300 5635 est,
1361 5563 1767 5634 expeditiones
1801 5565 2041 5620 crebras

388 5633 837 5706 suscipientem,
858 5634 1126 5706 adeoque
1151 5633 1684 5706 bellatoremNeque
1707 5636 2041 5691 audiendus

389 5705 547 5776 apud
574 5707 830 5777 Ducang.
880 5704 1063 5761 Nicol.
1115 5704 1501 5773 Alemannus,
1535 5704 1857 5763 ordinarius
1889 5708 2040 5763 hanc

2150 4367 2202 4407 ν.
2230 4350 2630 4422 interpretans
2651 4355 2754 4406 aut
2780 4352 3091 4422 gregarius,
3116 4350 3320 4422 sicque
3348 4352 3639 4424 appellari
3671 4352 3802 4424 opi-

2150 4427 2327 4478 natus
2359 4422 3067 4495 imperatores,qu0tquot
3095 4439 3232 4495 sago
3257 4422 3501 4478 militari
3526 4422 3802 4495 deposito

2149 4510 2474 4566 purpuram
2505 4494 3183 4566 induerint.Chronic_on
3208 4512 3319 4549 ms.
3352 4495 3425 4548 de
3456 4494 3803 4565 reb,Byzan-

2150 4563 2329 4621 tinis:
2362 4568 2766 4636 Κωνσταντῖνος
2809 4566 2837 4619 6
2885 4566 3001 4625 υἱὸς
3052 4563 3805 4636 a6106[nempe7CQnStan-

2153 4638 2260 4692 tini
2293 4638 2391 4709 M.]
2419 4633 2757 4708 ταξειδάρης.
2818 4640 2888 4709 Et
2954 4633 3263 4709 inferiusf
3299 4633 3449 4689 Λέων
3484 4635 3511 4687 ὁ
3536 4634 3660 4709 ,υἱὸς
3704 4634 3802 4709 αὐγ-

2151 4710 2247 4761 τοῦ
2280 4704 2508 4782 [Basilii
2558 4704 2936 4782 Macedonis],
2976 4706 3024 4782 _6
3058 4705 3401 4782 ﬂii/idcogpoq,
3442 4704 3676 4782 χρόνους
3705 4708 3803 4777 κε’,

2158 4774 2331 4850 μῆνας
2366 4777 2528 4832 ὀκτώ·
2560 4774 3246 4852 ρρθοδοξος,ῖταξειδᾶρης,
3278 4774 3546 4852 Ῐάθῐῐιξῖἰϐ
3573 4774 3805 4836 Joanne

2154 4847 2458 4922 Comneno
2484 4866 2498 4906 :
2522 4920 2531 4922 _
2558 4847 2813 4922 Ἰωᾴννης
2846 4849 2898 4922 _6
2923 4849 3082 4922 “016;
3126 4847 3329 4922 66106
3361 4850 3573 4922 [Alexii
3633 4854 3806 4908 Com-

2154 4921 2340 4996 neni],
2369 4921 2425 4996 _6
2483 4914 2720 4996 εὐσεβής
2902 4918 3196 4996 ἐλεήμων,
3230 4914 3463 4996 χρόνους
3494 4919 3594 4989 κδ’,
3628 4930 3802 4994 μῆνας

2156 4994 2217 5061 ζ’,
2274 4988 2486 5066 ἡμέρας
2539 4988 2639 5046 κδ’·
2672 4988 3433 5066 76p068oﬁoq,“1129839134.
3507 4988 3655 5051 Item
3693 4988 3802 5052 Ide

2154 5062 2421 5138 Manuele
2454 5062 2838 5138 successore:
2873 5062 3141 5138 Μανουήλ
3176 5064 3204 5117 6
3231 5062 3567 5135 υἱὸςαύτοῦ,
3599 5067 3626 5120 ὁ
3657 5072 3801 5138 Πορ-

2153 5132 2842 5225 φυροὲἕννητοςκχρόνουίς
2900 5133 3002 5204 λζ’.
3065 5142 3238 5225 μῆνας
3281 5138 3336 5206 ε’,
3369 5132 3582 5220 ᾑμέρανς
3610 5140 3674 5225 γ’·
3710 5132 3806 5212 ὁρ..

2153 5204 2397 5282 ὁύδοξος,
2427 5204 2768 5282 τλᾳξεὶδᾶρης.
2802 5204 3075 5282 Quorum
3095 5204 3347 5280 quatuor
3376 5204 3804 5281 imperatorum

2152 5279 2355 5336 nullus
2387 5279 2559 5355 miles
2602 5279 2905 5355 gregarius
2962 5279 3092 5347 fuit,
3116 5279 3445 5355 antequam
3466 5279 3804 5355 purpuram

2152 5357 2434 5425 sumeret.
2466 5354 2531 5406 In
2562 5347 2997 5425 vocevmgst'o‘tov
3029 5347 3310 5409 vertenda
3349 5347 3626 5410 similiter
3656 5354 3805 5425 lapsi

2152 5429 2293 5479 sunt
2324 5424 2743 5480 Levenklavius
2775 5424 2848 5479 ad
2880 5423 3141 5496 Glycam,
3174 5428 3296 5480 307.
3330 5428 3389 5480 C.
3425 5423 3803 5494 Reiskius—ad

2152 5496 2523 5551 Constantin.
2576 5496 3014 5568 Porphyrogen.
3076 5496 3390 5568 Carrimon.
3452 5498 3678 5568 Byzant.
3733 5496 3799 5549 II.

2573 5568 2633 5622 C.
2668 5566 2948 5638 idemque
2982 5567 3044 5621 in
3075 5567 3354 5624 vertendo
3386 5566 3643 5635 ταξεῶται
3674 5568 3797 5621 354.

2200 5682 2208 5691 .
2280 5662 2309 5691 ἱ)
2354 5681 2365 5691 .
2455 5679 2468 5691 .
2547 5679 2559 5690 .

2200 5682 2208 5691 .
2403 5641 2468 5694 Α.
2502 5641 2559 5692 C.

2222 5711 2333 5781 (51)
2370 5712 2446 5765 De
2474 5711 2585 5765 hoc
2613 5708 2896 5764 vocabulo
2927 5708 3056 5762 vide
3087 5708 3345 5764 Suidam.
3378 5708 3418 5762 l.
3452 5712 3575 5763 255.
3609 5711 3669 5765 Β.
