4186 6308
438 396 553 458 761

1788 388 2184 454 HISTORUE
2225 389 2378 451 LIB.
2427 390 2529 452 ιν.

3734 393 3854 452 762

600 525 619 556 ι
801 545 818 554 _
909 524 925 542 κ
1058 521 1081 546 ’1
1321 523 1335 541 ε
1433 521 1446 540 ε
1674 525 1686 544 ρ
1825 521 1849 540 κ
1888 524 1900 546 ι

436 525 740 603 δρωμένοις
764 525 988 598 θεσμον,
1031 545 1076 578 ει
1131 544 1249 586 πως
1311 520 1457 579 αλλα
1487 523 1538 559 ⁵⁸
1589 545 1761 599 ταυτῃ
1823 543 2093 585 οεισαντες

2234 526 2580 578 erraamotus
2602 537 2637 578 a
2663 520 3068 578 fundamentis
3100 535 3300 577 eversa
3326 526 3466 577 tunc
3501 526 3619 579 tota
3648 529 3757 592 est,
3779 530 3860 581 at-

438 614 716 688 ἅνθρωποι
771 617 880 669 τῶν
947 615 1041 688 μέν
1100 610 1322 690 φαύλων
1381 610 1556 688 ἔργων
1617 613 1919 690 ἁφέξοιντο,
1968 611 2096 675 ἀνο-

437 704 640 777 ἐξοιντο
669 706 715 741 ⁵¹
751 701 808 759 δὲ
846 706 955 758 τῶν
1016 701 1308 757 ἐπαινετῶν
1370 704 1480 776 (64)
1541 701 1700 760 Ἀλλ’
1757 702 1900 758 οὕτω
1934 702 2027 775 μὲν
2059 702 2094 770 ἡ

438 789 891 855 Κλαυδιούπολις
943 790 1012 866 τῇ
1061 795 1159 846 τοῦ
1216 795 1448 864 σεισμοῦ
1499 791 1586 866 βίᾳ
1618 791 1676 847 ἐκ
1736 793 1948 868 βάθρων
2008 789 2097 844 ἂν·

439 883 643 960 ετραπη
675 883 800 938 τότε
829 887 995 952 πᾶσα,
1028 881 1117 936 καὶ
1158 881 1458 956 συνεχύθη,
1489 888 1590 951 τῆς
1635 882 1808 958 ὀργῆς
1837 885 1934 936 τοῦ
1965 881 2098 934 Θεοῦ

441 976 700 1032 ἐκπιοῦσα
726 972 789 1028 τὸ
831 973 1096 1046 ποτήριον
1161 969 1419 1047 ἄκρατον.
1468 973 1622 1046 Παρᾶ
1672 969 1861 1026 τοῦτον
1924 967 1981 1026 δὲ
2007 969 2098 1025 τὸν

444 1064 685 1122 ἐνιαυτὸν
720 1109 735 1135 ,
791 1063 999 1136 θερείας
1058 1059 1205 1136 ὥρας
1259 1060 1394 1116 κατὰ
1463 1061 1526 1116 τὸ
1583 1061 1924 1134 μεσαίτατον,
1980 1055 2099 1134 ἄρτι

447 1160 538 1211 τοῦ
567 1153 733 1224 ἡλίου
761 1156 842 1226 τῷ
883 1150 1124 1227 καρκίνῳ
1185 1148 1720 1224 προσεπιϐαίνοντος,
1778 1145 1985 1226 ὄμϐρος
2046 1148 2100 1204 ἐν

448 1243 719 1317 Βυζαντίῳ
747 1241 1051 1318 κατερράγη
1110 1241 1201 1295 καὶ
1258 1246 1377 1301 τοῖς
1437 1244 1876 1317 προσομοροῦσιν
1934 1238 2101 1310 αὐτῷ,

451 1336 563 1390 οἷον
597 1332 659 1388 οὐ
709 1326 905 1401 συνέϐη
959 1331 1350 1406 κατενεχθῆναι
1406 1331 1469 1384 τὸ
1527 1326 1814 1405 πρότερον.
1874 1327 2105 1383 Κλινοοῖι-

447 1445 547 1494 σης
577 1423 678 1498 γὰρ
730 1427 832 1490 τῆς
877 1419 1090 1493 ἡμέρας
1152 1420 1483 1492 (παρασκευὴ
1544 1416 1602 1474 δὲ
1659 1419 1751 1492 ἧν)
1805 1417 2104 1493 ἀρξάμενον

447 1513 512 1568 τὸ
571 1509 744 1567 δεινὸν
801 1509 878 1574 εἷς
935 1507 1154 1578 ἐννάτην
1242 1507 1384 1583 ὥραν
1444 1506 1790 1583 κατέληγεν’
1851 1508 1996 1562 οὕτω
2052 1504 2109 1561 δὲ

454 1598 684 1679 ῥαγδαία
710 1621 795 1662 τις
839 1601 875 1668 ἡ
940 1597 1137 1660 ὑέτισις
1195 1600 1305 1672 (65)
1357 1600 1700 1676 κατεφέρετο,
1734 1598 1808 1661 ὡς
1877 1599 1953 1670 μὴ
1983 1616 2106 1651 στα-

455 1692 616 1767 γόνας
675 1690 803 1764 ὁρᾷν
867 1683 1273 1764 ὀμϐριζομένας
1326 1686 1462 1742 κατᾶ
1514 1688 1576 1743 τὸ
1635 1687 1905 1758 σύνηθες,
1966 1683 2112 1741 ἀλλά

454 1801 605 1842 τινας
663 1777 1013 1846 ἐπικόζοντας
1072 1774 1257 1832 ὕδασιν
1319 1774 1572 1850 ὀχετοὺς.
1633 1775 1759 1851 Οὐχ
1811 1773 2109 1851 ὑπελείφθη

2208 631 2322 686 que
2355 613 2620 681 confusa,
2651 613 2753 668 iraa
2777 614 2987 668 divinae
3021 617 3266 684 epotans
3290 629 3522 669 merum
3552 615 3854 686 poculum.

2207 703 2426 758 Eodem
2455 720 2634 773 anno,
2668 708 2870 758 aestate
2903 703 3079 774 plane
3112 702 3328 767 media,
3380 704 3502 758 sole
3545 705 3674 776 jam
3703 721 3853 760 can-

2209 810 2374 850 crum
2407 793 2670 860 ineunte,
2694 792 2886 847 imber
2914 793 3025 846 fuit
3054 793 3561 864 Constantinopoli
3589 794 3856 865 locisque

2212 884 2510 948 finitimis,
2573 883 2812 954 qualem
2872 899 3178 953 nunquam
3233 888 3410 938 antea
3467 884 3856 955 contigitde-

2213 973 2472 1027 ﬂuxisse.
2509 972 2740 1027 Etenim
2769 977 3042 1043 vergente
3074 972 3167 1026 die
3191 972 3339 1043 (erat
3367 977 3564 1027 autem
3588 972 3714 1028 dies
3751 975 3857 1030 Ve-

2214 1063 2396 1130 neris)
2428 1061 2723 1133 incipiens
2755 1061 2978 1116 malum
3010 1061 3117 1115 sub
3150 1061 3356 1116 horam
3387 1078 3610 1118 nonam
3641 1063 3859 1119 desiit:

2216 1157 2456 1223 tamque
2489 1152 2806 1206 vehemens
2850 1151 3124 1206 incubuit
3155 1151 3368 1223 pluvia,
3403 1159 3467 1207 ut
3497 1170 3619 1208 non
3663 1159 3858 1226 guttas

2214 1241 2464 1309 videres,
2489 1247 2554 1296 ut
2577 1242 2660 1306 ﬁt,
2685 1240 3050 1307 delabentes,
3067 1241 3169 1296 sed
3187 1242 3354 1312 quasi
3379 1243 3664 1313 quasdam
3687 1245 3857 1315 aquis

2214 1332 2473 1404 repletas
2501 1330 2749 1386 fistulas.
2788 1333 2985 1402 Neque
3036 1331 3298 1402 profecto
3330 1331 3520 1386 ullum
3571 1334 3860 1404 templum

2218 1438 2411 1492 neque
2441 1420 2683 1475 omnino
2716 1419 3006 1474 nobilium
3039 1420 3255 1474 mdium
3306 1420 3428 1476 ulla
3485 1421 3694 1477 relicta
3747 1428 3857 1490 est,

2220 1510 2364 1581 quin
2395 1525 2650 1580 superne
2682 1526 2751 1563 ex
2801 1515 2954 1564 tecto
2985 1526 3139 1580 aqua
3187 1509 3572 1582 impleretur;
3626 1513 3862 1567 tametsi

2219 1600 2374 1656 hanc
2405 1597 2646 1668 quidem
2677 1597 3039 1652 habitatores
3063 1615 3308 1669 operose
3342 1600 3403 1654 in
3426 1600 3548 1654 vias
3571 1601 3867 1656 transfun-

2223 1689 2479 1744 debant:
2516 1688 2618 1743 sed
2651 1693 2938 1758 quantum
2991 1688 3321 1758 efﬂuxerat,
3384 1695 3615 1746 tantum
3670 1691 3864 1747 denuo

2223 1777 2522 1845 afﬂuebat,
2557 1783 2623 1832 ut
2650 1778 2778 1832 sine
2808 1777 3072 1832 remedio
3106 1785 3262 1832 esset
3293 1779 3536 1834 malum.
3570 1783 3657 1835 Ita
3687 1783 3868 1836 trium

460 1874 592 1945 γοῦν
641 1873 749 1924 τῶν
806 1870 986 1937 σηκῶν
1041 1869 1076 1937 ἢ
1135 1869 1244 1921 τῶν
1305 1864 1650 1939 περιπύστων
1712 1862 1900 1934 οἶόιων,
1959 1862 2109 1924 ὅστις

2230 1867 2506 1922 horarum
2537 1867 2724 1938 spatio
2747 1866 3004 1921 obtinuit
3053 1867 3243 1922 imber
3273 1884 3286 1922 :
3347 1870 3869 1940 conspiciebantur

462 1962 662 2025 ἄνωθεν
697 1961 757 2014 ἐκ
781 1963 880 2026 τῆς
924 1958 1131 2036 ὀροφῆς
1189 1955 1293 2012 οὐκ
1347 1955 1662 2032 ἐπληροῦτο
1686 1956 1734 1992 ⁵²
1764 1956 1865 2010 τοῦ
1896 1951 2112 2025 ὕδατος,

459 2051 636 2107 καίτοι
668 2053 776 2105 τῶν
804 2047 1075 2102 κατοίκων
1114 2046 1309 2122 μόχθῳ
1339 2043 1758 2101 ἀπαντλούντων
1821 2043 1950 2100 αὐτὸ
1979 2044 2114 2118 πρὸς

461 2143 527 2197 τὰ
583 2137 805 2214 ἄμφοδα
839 2156 853 2170 ⁸
913 2138 976 2191 τὸ
1049 2136 1142 2206 μὲν
1192 2135 1441 2212 ἀπέῤῥεε,
1497 2136 1558 2190 τὸ
1626 2132 1672 2190 δ’
1728 2133 1966 2210 ἐπέρῥεε,
2024 2133 2114 2188 καὶ

463 2228 902 2304 ἀκαταγώνιστον
935 2227 1000 2296 ἦν
1060 2226 1123 2280 τὸ
1173 2223 1371 2280 δεινόν.
1425 2223 1549 2280 Ἐπὶ
1605 2229 1771 2298 τριῶν
1833 2223 1923 2277 οὖν
1954 2223 2111 2297 ὡρῶν

464 2318 795 2391 διαστήματι
839 2313 1097 2390 κατέσχεν
1132 2315 1159 2368 ὁ
1195 2314 1370 2383 ὑετὸς,
1401 2314 1491 2367 καὶ
1523 2315 1588 2382 ἡν
1647 2314 1774 2388 ὁρᾷν
1834 2311 2114 2385 ποταμούς

457 2410 863 2484 πελαγίζοντας
897 2403 988 2460 διὰ
1015 2409 1123 2459 τῶν
1154 2411 1254 2472 τῆς
1307 2401 1522 2465 πόλεως
1587 2406 1897 2474 στενωπῶν,
1931 2403 2018 2456 καὶ
2051 2402 2113 2456 τὸ

459 2495 915 2573 παρασυρόμενον
971 2497 1081 2547 τῶν
1151 2491 1416 2567 ἐμψύχων
1479 2489 1907 2567 διαφθείροντας.
1958 2491 2024 2547 Οἳ
2057 2488 2114 2545 δὲ

457 2590 738 2661 ἅνθρωποι
793 2583 1048 2645 ἐλεεινῶς
1105 2581 1448 2655 ἂπεθρήνουν
1511 2580 1847 2652 οἱμώζοντες
1879 2623 1894 2650 ,
1950 2600 2112 2634 κατα-

454 2677 701 2750 κλυσμὸν
762 2674 914 2737 αὖθις
974 2671 1273 2745 ἐπισκῆψαι
1331 2672 1446 2726 κατ’
1497 2669 1701 2725 ἐκεῖνον
1757 2669 1848 2724 τὸν
1880 2667 2113 2743 τεθρυλ-

459 2765 700 2841 λημένον
757 2761 1216 2830 ὑποτοπάζοντες·
1252 2757 1380 2814 ἀλλ’
1436 2761 1472 2828 ἡ
1526 2759 1815 2832 συμπαθὴς
1863 2759 1950 2812 καὶ
1986 2756 2112 2835 φιλ-

465 2857 751 2930 ἀνθρωπος
809 2850 1048 2924 Πρόνοια
1083 2849 1193 2923 ἶριν
1254 2845 1342 2902 διὰ
1395 2853 1498 2916 τῆς
1548 2845 1780 2924 νεφέλης
1844 2844 2110 2921 ἐρείσασα,

462 2947 534 3018 τῇ
580 2941 780 3012 ταύτης
833 2937 1142 3012 ἀναλάμψει
1183 2939 1293 3010 (66)
1326 2936 1424 3005 τήν
1455 2939 1551 2990 τοῦ
1614 2935 1767 2990 ὑετοῦ
1817 2939 2110 3011 κατήφειαν

472 3030 797 3100 διεσκέδασε,
829 3028 919 3084 καὶ
951 3028 1102 3091 αὖθις
1133 3027 1196 3082 τὸ
1227 3031 1326 3095 τῆς
1352 3024 1564 3099 φύσεως
1627 3023 1897 3100 σύγκριμα
1955 3027 2038 3098 [Ρ.
2071 3028 2162 3100 43]

2225 1973 2432 2012 amnes
2490 1961 2834 2010 mstutantes
2874 1972 2980 2026 per
3033 1957 3190 2011 vicos
3249 1956 3430 2026 urbis,
3492 1964 3552 2012 et
3578 1959 3871 2030 quidquid

2227 2045 2624 2101 animantium
2659 2062 2860 2100 secum
2892 2051 3267 2114 raptaverant
3291 2047 3723 2120 extinguentes.
3756 2050 3872 2104 Ho-

2227 2137 2420 2191 mines
2448 2135 2870 2190 miserabiliter
2899 2135 3122 2190 ﬂebant
3149 2136 3564 2205 lamentantes,
3587 2138 3747 2208 quod
3779 2138 3868 2192 di-

2225 2225 2451 2280 luvium
2483 2225 2696 2279 iterum
2731 2224 3006 2295 ingruere
3034 2225 3208 2295 quale
3240 2226 3438 2280 nobile
3485 2226 3634 2281 illud
3680 2227 3874 2284 fuerat

2220 2314 2616 2369 verebantur:
2685 2331 2890 2368 verum
2950 2315 3382 2370 commiserans
3438 2316 3870 2388 hominumque

2220 2421 2426 2459 amans
2457 2403 2843 2476 providentia,
2869 2421 3011 2458 arcu
3059 2421 3166 2475 per
3191 2405 3412 2460 nubem
3463 2423 3743 2477 expanso,
3769 2407 3870 2463 illo

2223 2494 2554 2566 refulgente
2583 2493 2790 2547 imbris
2823 2493 3128 2548 tristitiam
3167 2493 3492 2565 dissipavit,
3547 2512 3873 2567 rursusque

2224 2590 2453 2640 naturae
2510 2583 2795 2638 fabricam
2856 2583 2917 2638 in
2968 2583 3288 2654 pristinum
3339 2591 3555 2640 statum
3615 2586 3869 2643 reduxit.

2223 2672 2478 2729 Tametsi
2501 2672 2798 2743 posterius
2821 2687 3060 2742 quoque
3090 2672 3326 2740 accidit,
3351 2677 3418 2727 ut
3444 2674 3660 2729 iterum
3682 2676 3874 2732 imber

2224 2761 2515 2817 deﬂueret
2547 2762 2644 2815 70
2675 2759 2948 2815 turbidus
2994 2760 3193 2816 favilla
3223 2762 3393 2831 quasi
3425 2779 3495 2816 ex
3540 2763 3870 2821 fornacium

2221 2850 2469 2922 fuligine
2511 2851 2743 2918 mistus,
2792 2850 3172 2922 tepidamque
3210 2851 3541 2908 declararet
3572 2855 3871 2927 tangenti-

2226 2939 2336 2994 bus
2369 2955 2536 2995 suam
2576 2945 2871 2994 naturam.

2221 3025 2309 3081 ἐπὶ
2364 3028 2462 3096 τήν
2520 3027 2784 3098 προτέραν
2841 3029 3160 3080 κατάστασιν
3217 3025 3540 3102 ἐπανήγετο.
3577 3024 3782 3101 Συνέϐη
3817 3027 3878 3086 δὲ

465 3121 554 3176 καὶ
591 3119 741 3182 αῦθις
773 3113 984 3193 ὄμϐρον
1041 3114 1448 3191 καταρραγῆναι
1502 3112 1877 3186 τεθολωμένον
1936 3115 2024 3169 καὶ
2087 3137 2394 3188 συμμικτον
2423 3117 2614 3192 τέφρα,
2671 3115 2745 3180 ὠς
2802 3115 2889 3170 ἐπὶ
2945 3114 3258 3188 καμινιαίας
3316 3115 3548 3188 αἰθαλης
3603 3121 3736 3192 (67),
3783 3118 3876 3174 καὶ

463 3209 702 3286 χλιαραν
735 3206 791 3264 δέ
815 3212 1048 3282 παρεῖχε
1074 3211 1189 3268 τοῖς
1223 3204 1606 3277 ἐπαφωμένοις
1636 3203 1800 3258 αῦτοῦ
1827 3205 1926 3272 τὴν
1960 3204 2258 3275 ποιότητα.

540 3301 594 3357 ι’.
624 3300 685 3355 Ὁ
717 3297 774 3353 δὲ
839 3295 1093 3372 βασιλεὺς
1145 3293 1462 3370 Νικηφόρος
1517 3292 1695 3365 (αὖθις
1753 3295 1856 3367 γὰρ
1890 3294 1916 3348 ὁ
1949 3291 2119 3368 λόγος
2153 3299 2194 3364 C

463 3388 756 3456 ἐπάνεισιν,
791 3384 932 3450 ἔνθεν
962 3385 1026 3440 τὸ
1067 3382 1242 3458 ’ίχνος
1292 3382 1590 3453 ἀπέκλινε),
1647 3385 1747 3450 τήν
1793 3383 2110 3455 Ῥωμαῖκήν

464 3477 774 3551 ἀνειληφὼς
807 3473 1058 3548 δύναμιν,
1089 3471 1175 3527 ἐπὶ
1211 3473 1311 3542 τὴν
1367 3471 1456 3526 ἐπὶ
1517 3470 1718 3546 Συρίας
1778 3472 2120 3546 Ἀντιόχειαν

463 3566 566 3624 ἔθει
625 3569 782 3638 (68),
840 3561 929 3618 καί
988 3581 1204 3638 χαρακα
1257 3561 1426 3635 ταύτῃ
1478 3558 1836 3633 πηξάμενος,
1897 3559 2120 3635 ἐπείπερ

465 3656 842 3730 ἀποχρώντως
881 3648 1087 3727 ἔχουσα
1141 3654 1248 3704 τῶν
1308 3648 1609 3724 ἀναγκαίων
1670 3646 1996 3724 ἐτραχηλία,
2029 3649 2120 3705 καὶ

466 3741 810 3821 γαυρουμένη
845 3741 904 3796 ἐκ
931 3744 1028 3796 τοῦ
1068 3739 1269 3803 εὐθέως
1329 3737 1643 3800 σπείσασθαι
1704 3737 1803 3792 οὐκ
1845 3737 2121 3813 ἠνείχετο,

471 3837 549 3911 μὴ
611 3832 949 3912 βουλόμενος
996 3832 1165 3901 αὐτὴν
1223 3829 1511 3887 ὲλεπόλεσι
1569 3834 1940 3904 κατεριπῶσαι
1975 3825 2121 3904 (ᾔδει

2304 3298 2388 3351 10.
2418 3297 2781 3368 Nicephorus
2812 3301 3010 3351 autem
3045 3296 3367 3368 imperator
3385 3299 3530 3370 (jam
3563 3301 3722 3356 enim
3754 3319 3884 3358 ora-

2225 3387 2305 3442 tio
2359 3404 2426 3442 eo
2463 3387 2799 3454 revertitur,
2831 3387 2989 3441 unde
3021 3388 3328 3459 vestigium
3388 3389 3740 3464 inﬂexerat),
3774 3395 3889 3449 Ro-

2231 3476 2428 3531 manis
2456 3475 2778 3546 assumptis
2809 3476 2995 3547 copiis
3030 3518 3044 3543 ,
3076 3476 3148 3530 ad
3207 3477 3587 3534 Antiochiam
3619 3481 3681 3535 in
3713 3482 3879 3552 Syria

2231 3566 2461 3637 magnis
2487 3565 2800 3621 itineribus
2831 3565 3175 3632 contendit;
3209 3569 3537 3640 castrisque
3571 3570 3645 3624 ad
3670 3572 3878 3626 urbem

2231 3655 2458 3726 positis,
2493 3671 2624 3709 cum
2673 3655 3028 3710 necessariis
3061 3655 3237 3710 rebus
3295 3656 3528 3712 abunde
3589 3658 3881 3716 instructa

2233 3742 2830 3814 superbiret,praeque
2854 3745 3189 3816 arrogantia
3211 3746 3490 3818 evestigio
3515 3746 3880 3804 deditionem

2231 3831 2424 3888 facere
2483 3838 2804 3901 recusaret,
2853 3833 2979 3905 ipse
3028 3850 3161 3889 vero
3192 3835 3382 3890 nollet
3428 3853 3559 3892 eam
3590 3838 3882 3896 machinis

1683 3983 1745 4038 C.
1780 3983 1838 4036 Β.
1892 3983 2081 4039 HASIl
2111 3985 2668 4040 ANNOTATIONES.

539 4165 587 4202 ⁵ο
616 4161 670 4219 εἷ’
691 4182 806 4224 πως
836 4159 983 4216 ἀλλὰ
1013 4165 1101 4233 est
1122 4161 1250 4233 jam
1283 4177 1462 4232 supra
1495 4160 1578 4216 H.
1642 4162 1698 4218 Β.

469 4233 864 4309 ἐξεπληροῦντο
896 4235 1013 4289 sive
1047 4231 1222 4301 ἐκπλη
1234 4231 1384 4307 ροῖτο
1396 4273 1408 4288 .

539 4387 963 4460 (64)Εειῐῐιεὶθιῐι
994 4387 1340 4460 οιξοειιιεᾳπι
1399 4384 1542 4460 bel_li
1601 4385 1760 4460 mala
1818 4386 2123 4441 amumine

471 4458 710 4516 immitti
743 4461 1021 4532 opinatur
1050 4459 1105 4513 S.
1157 4458 1432 4529 Ephraam
1479 4458 1658 4527 Syrus
1711 4458 1993 4512 Sermone
2025 4475 2089 4513 as
2117 4489 2121 4493 -

472 4535 662 4590 cetico
695 4534 738 4588 Ι.
772 4535 861 4588 42.
896 4533 963 4586 Α.

544 4603 656 4675 (ὃὸ)
695 4603 756 4658 Id
785 4618 1026 4675 nomen,
1071 4601 1213 4675 item
1253 4601 1314 4654 in
1356 4599 1580 4675 Lexicis
1610 4601 2121 4675 praetermissum,

475 4671 774 4732 derivatur
802 4692 837 4730 a
864 4674 1040 4728 verbo
1083 4671 1296 4739 ὑετιζω,
1332 4671 1489 4742 quod
1535 4671 1783 4742 primus,
1839 4677 2129 4742 quantum

478 4747 747 4812 memini,
781 4744 1178 4801 Schneiderus
1229 4744 1319 4797 vir
1368 4759 1635 4798 summus
1668 4745 1736 4799 ll.
1769 4746 1892 4797 253.
1925 4745 1991 4797 A.
2025 4759 2129 4797 en-

475 4819 656 4874 otavit
689 4835 718 4871 e
750 4818 951 4873 Niceta
980 4815 1262 4870 Choniate
1292 4817 1416 4867 211.
1453 4816 1515 4868 D.
1577 4815 1672 4869 Est
1694 4832 1804 4868 vox
1832 4814 2126 4868 hellenis-

475 4892 610 4958 tica,
633 4891 888 4945 Jeremia
909 4905 1017 4942 XIV.
1039 4891 1128 4942 22.
1153 4893 1206 4939 et
1230 4885 1334 4940 Job
1357 4902 1590 4958 xxxviii.
1624 4889 1709 4939 26.
1737 4886 1831 4940 hic
1851 4885 2129 4958 Hebraeo-

472 4957 606 5018 rum
631 4972 858 5026 ’ποῇς-ι,
917 4959 1039 5014 illic
1089 4968 1316 5017 mnam
1371 4957 1730 5026 exprimens.
1780 4957 1920 5012 Inde
1955 4973 2124 5011 usur-

472 5039 760 5106 paverunt
780 5034 834 5086 S.
864 5030 1116 5106 Basilius
1141 5029 1619 5106 Commentar._i_n
1645 5034 1822 5106 c_a_pu_t
1840 5045 1872 5081 v
1890 5029 2060 5106 Esaia:
2084 5029 2125 5081 Ι.

475 5100 598 5160 945.
631 5112 696 5161 Δ.
731 5104 786 5157 S.
820 5101 1503 5174 EpiphaniusiAncorat.
1538 5101 1606 5153 ll.
1659 5101 1838 5174 89,79.
1868 5100 2127 5174 _Simeon

474 5171 900 5246 Metaphrastes
932 5171 1070 5228 Vita
1099 5173 1156 5226 S.
1189 5173 1400 5246 Joann.
1436 5171 1640 5246 Chrys.
1686 5171 1828 5246 Vlll.
1863 5172 1984 5224 382.
2037 5173 2124 5246 32.

472 5251 598 5302 401.
630 5237 718 5301 23.
761 5247 885 5301 alii.
921 5247 1206 5300 Neutrum
1236 5243 1298 5295 τὸ
1333 5237 1505 5295 ὑέτιον
1541 5237 1908 5297 substantive
1941 5243 2123 5296 sumi-

477 5326 574 5375 tur
603 5317 759 5389 apud
782 5319 1072 5389 Joannem
1098 5315 1496 5389 Philoponum
1531 5314 1844 5389 Demundi
1877 5315 2125 5389 creatio-

475 5407 551 5446 ne
585 5385 672 5444 ΞΠ.
699 5391 763 5444 Α.
791 5385 882 5440 ’ίνα
909 5387 972 5441 τὸ
1005 5385 1176 5440 {ii-nov
1213 5385 1452 5456 σημάνῃ,
1483 5393 1543 5439 ut
1562 5387 1811 5454 pluviam
1840 5387 2125 5454 signiﬁcet.

479 5464 560 5518 De
591 5461 782 5515 imbre
810 5461 993 5530 largo,
1017 5459 1139 5513 fere
1169 5458 1384 5512 iisdem
1417 5457 1609 5512 verbis
1639 5474 1705 5512 ac
1739 5457 1870 5523 Leo,
1904 5457 2126 5528 Pachy-

481 5549 678 5589 meres
708 5533 926 5587 Histor.
964 5531 1004 5585 Ι.
1041 5531 1161 5585 182.
1200 5533 1257 5584 Α.

553 5606 666 5673 (66)
717 5601 1080 5674 Ἀνά).αμψις,
1141 5619 1258 5671 quo
1317 5599 1592 5674 similiter
1644 5605 1849 5674 carent
1896 5599 2123 5674 Lexica,

474 5671 716 5736 habent.
750 5671 995 5745 praeter'
1032 5674 1285 5728 Leonem
1345 5673 1455 5726 hoc
1505 5671 1980 5745 loco,§Philo_De
2009 5672 2127 5728 vita

484 5748 660 5805 Mosis
679 5742 803 5806 492.
819 5747 878 5805 Ο.
903 5745 1254 5802 Plutarchus
1274 5749 1350 5800 De
1373 5743 1748 5799 oraculorum
1797 5742 2030 5799 defectu
2052 5745 2121 5799 ll.

1789 4161 1832 4196 5‘
1866 4159 2114 4232 ἄνθέξοντ

2230 4163 2313 4218 )(1.
2389 4163 2434 4198 ⁸³
2464 4159 2765 4237 ἐκληροῦτο
2798 4164 2928 4221 cod.
2982 4167 3202 4222 Auctor
3257 4166 3508 4224 fortasse
3567 4169 3886 4242 scripserat

2232 4386 2619 4464 419,Aret_ind_e
2652 4387 2941 4464 Eusebius
2973 4391 3227 4460 Praspar.
3261 4393 3477 4464 Evang.
3512 4395 3635 4448 207.
3669 4393 3736 4447 D.

2304 4459 2418 4529 (67)
2451 4461 2531 4513 Ex
2561 4458 2758 4514 Exodo
2789 4459 2886 4514 1X.
2911 4463 2962 4514 8.
2991 4466 3047 4514 et
3080 4458 3163 4516 10.
3197 4463 3354 4518 unde
3386 4458 3661 4518 certatim
3710 4464 3880 4520 adhi-

2153 4557 2199 4621 D
2232 4528 2492 4612 buerunt
2520 4531 3026 4621 comparationem
3059 4532 3113 4586 S.
3144 4534 3740 4621 J‘oa’npeslchrysrost'.
3798 4535 3882 4591 Ad

2241 4618 2340 4657 eos
2366 4602 2466 4672 qui
2509 4602 2886 4656 scandalizati
2942 4602 3184 4658 fuerunt
3217 4607 3328 4658 VII.
3367 4607 3450 4659 11.
3485 4602 3573 4661 31.
3625 4607 3679 4660 S.
3710 4607 3880 4662 Joan.

2242 4675 2509 4728 Damasc.
2545 4675 2624 4727 De
2656 4673 2927 4728 hazresib.
2986 4676 3106 4729 158.
3157 4679 3222 4731 Δ.
3259 4676 3604 4732 Severianus
3635 4678 3883 4734 Gabalo~

2241 4761 2374 4798 rum
2407 4744 2719 4814 episcopus
2751 4745 2813 4798 1n
2839 4745 2995 4799 diem
3027 4745 3280 4801 alterum
3312 4749 3630 4804 creationis
3673 4750 3880 4805 mund.

2244 4817 2356 4890 νη.
2390 4818 2512 4869 594.
2548 4817 2632 4890 3_8.
2665 4816 2884 4890 aliique
2921 4817 3112 4890 multi.
3138 4819 3357 4873 Partim
3391 4837 3494 4890 pro
3517 4817 3718 4886 αἷθάλη
3752 4822 3885 4876 sub-

2240 4887 2496 4963 stituunt
2523 4884 2801 4963 advchut
2961 4889 3270 4963 Gregorius
3329 4884 3626 4963 Nissenus
3659 4884 3738 4947 De
3768 4895 3886 4949 vita

2240 4957 2412 5012 Mosis
2447 4958 2485 5012 Ι.
2520 4961 2641 5011 202.
2677 4959 2737 5012 C.
2767 4959 2832 5012 In
2861 4957 3096 5014 Cantic.‘
3133 4957 3498 5017 canticorum
3531 4967 3653 5020 506.
3689 4966 3750 5020 Β.
3783 4965 3883 5020 alii

2235 5027 2423 5100 τέφρα,
2455 5034 2521 5083 ut
2551 5030 2781 5084 Nicetas
2812 5030 3106 5086 Heracleae
3137 5034 3517 5105 metropolita
3545 5038 3610 5090 In
3643 5035 3883 5091 beatum

2235 5085 2340 5156 Job
2377 5103 2494 5154 169.
2531 5103 2597 5154 Α.
2633 5107 2691 5154 et
2720 5101 2845 5170 ipse
2875 5103 3327 5170 Chrysostomus
3358 5107 3522 5170 Quod
3555 5125 3626 5163 ex
3657 5109 3883 5164 desidia

2268 5118 2340 5156 OD
2377 5118 2494 5154 109.
2531 5118 2597 5154 Α.
2633 5118 2691 5154 ει
2720 5118 2845 5172 ipse
2875 5118 3327 5172 UIleSOSlOlTIUS
3358 5118 3522 5170 (λαοῦ
3555 5125 3626 5163 ex
3657 5118 3886 5164 dCSldla

2238 5121 2340 5156 JOD
2377 5121 2494 5154 ιον.
2531 5121 2597 5154 Α.
2633 5121 2691 5154 ει
2720 5121 2845 5172 ipse
2875 5121 3327 5174 unrysoswmus
3358 5121 3453 5170 (Jul

2238 5179 2432 5227 ortum
2459 5171 2676 5227 habeat
2712 5172 3059 5242 improbitas
3091 5176 3178 5230 Vl.
3212 5178 3334 5231 849.
3373 5180 3453 5232 1‘2.

2309 5245 2419 5315 (68)
2455 5244 2704 5322 Hmc_es_t
2741 5244 2848 5299 illa
2901 5245 3135 5322 Syriaca
3204 5249 3497 5322 expeditio
3549 5251 3882 5322 Nicephori,

2239 5321 2529 5386 quam,ut
2558 5315 2674 5370 dixi
2704 5332 2883 5386 supra
2913 5315 3035 5373 214,
3093 5320 3156 5374 D.
3203 5315 3503 5376 Cedrenus
3539 5323 3602 5376 ΙΙ.
3662 5315 3783 5377 635.
3817 5315 3880 5376 Ι).

2239 5392 2296 5461 et
2328 5388 2399 5441 Le
2435 5388 2587 5461 Beau
2620 5387 2764 5442 XVI.
2801 5389 2921 5461 114.
2948 5394 3011 5461 ,(3.
3047 5406 3354 5461 perperam
3410 5410 3568 5447 anno
3622 5391 3742 5448 966.
3780 5395 3886 5447 tri-

2237 5458 2446 5526 buunt,
2482 5459 2592 5530 Leo
2625 5465 2684 5512 et
2724 5459 2859 5530 Pagi
2891 5459 2965 5514 ad
3009 5458 3218 5517 Baro—ri.
3284 5465 3369 5517 ιν.
3433 5469 3516 5520 19.
3551 5467 3608 5519 C.
3640 5465 3881 5519 biennio

2236 5535 2369 5605 post
2399 5529 2689 5605 accidisse
2706 5529 3137 5586 demonstrant.
3164 5535 3468 5605 Octoginta
3482 5539 3549 5588 M.
3571 5537 3882 5590 hominum

2236 5601 2310 5676 ad
2333 5602 2484 5656 hanc
2507 5602 2713 5676 exped.
2739 5620 3128 5676 congregasse
3146 5601 3543 5676 Nicephorum
3569 5608 3878 5676 Luitpran-

2234 5673 2364 5799 gilis,
2399 5679 2540 5800 tuin};
2571 5673 2696 5797 (1211
2729 5673 2983 5746 degens,
3019 5681 3223 5730 auctor
3272 5673 3380 5745 est,
3421 5679 3611 5751 Legat.
3647 5673 3720 5733 ad
3753 5679 3875 5736 Nic.

2301 5761 2412 5800 lOC.
2481 5761 2512 5798 ε)
2557 5785 2568 5798 .
2657 5784 2670 5798 .

2301 5761 2412 5800 lOC.
2450 5761 2568 5800 IDI.
2604 5761 2670 5798 A.
