4186 6308
462 439 574 499 765

1774 441 2004 502 HlSTO
2015 439 2170 500 RLE
2213 437 2360 499 LIB.
2405 437 2508 498 IV.

3743 437 3863 498 766

453 571 601 644 αύτῷ
659 571 993 638 ἀντιπνοίαις
1049 572 1260 648 ἀνέμων
1321 573 1716 648 ἐκκρουόμεναι
1772 573 2086 646 καιουστέρη¹

2220 573 2572 630 reﬂantibus
2603 572 2790 628 ventis
2824 570 3060 643 rejectae
3093 570 3497 637 morabantur,
3534 585 3663 625 eam
3686 586 3864 628 cursu

453 682 570 730 σαν,
627 659 829 732 ταύτην
887 661 1256 738 παραδραμὼν
1316 662 1377 718 τὸ
1430 664 1604 740 "Ap/.1
1661 661 1920 739 φροῦἶιιον
1974 660 2106 736 ἔγνω

451 747 795 824 πολιορκεῖν,
828 759 1025 826 χρῆμα
1054 751 1296 808 πλούτου
1327 751 1559 828 κατέχον
1605 747 1756 806 ἔνδον
1800 749 2103 823 ἀμύθητον.

456 839 729 896 Ἐντεῦθεν
777 841 923 916 τρισὶ
975 841 1170 916 χάραξι
1221 843 1528 916 περιζώσας
1580 841 1730 909 αὐτὸ,
1791 839 2103 914 ἐπυλιόρκει

456 925 917 1002 ἐρρωμενέστατα,
964 929 1054 982 καὶ
1110 934 1228 991 ταῖς
1284 925 1669 983 έλεπὸλεσιτά
1724 925 1918 982 τούτου
1976 947 2108 1001 πυρ-

454 1016 684 1090 γώματα
714 1021 982 1086 καθεΛῶν,
1045 1016 1126 1090 ἐφ’
1181 1017 1334 1081 ὅλοις
1393 1017 1579 1088 ἡλίοις
1635 1016 1783 1072 ἐννέα
1835 1015 2104 1090 ἐπόρθησέ

454 1124 533 1174 τε,
591 1105 681 1159 καὶ
741 1104 1019 1179 ἀμύθητον
1081 1105 1282 1162 ἐκεῖθεν
1365 1104 1607 1162 πλοῦτον
1693 1104 2100 1184 συνεξεφόρηστν

455 1193 544 1248 καὶ
574 1191 720 1248 ἄλλα
752 1191 807 1249 δὲ
840 1195 1074 1273 φρούρια
1098 1195 1328 1252 πλεῖστα
1359 1195 1501 1252 εἶλεν
1532 1189 1806 1253 αύτοϐοεί.

530 1282 894 1340 ια”Ε⁷δ“
1001 1289 1026 1300 ”’
1181 1290 1206 1301 ⁶
1477 1290 1564 1318 ”·
1664 1284 1678 1302 “
1775 1285 1800 1314 ·“
1987 1281 2082 1319 ""

601 1326 612 1338 .
711 1307 736 1337 ν
771 1307 816 1357 ῳ
882 1303 1098 1340 εταυτα
1143 1307 1222 1357 τῳ
1282 1285 1498 1362 βασιλέι
1554 1306 1688 1340 κατα
1741 1306 1839 1354 την
1904 1289 2097 1357 Συριαθ

455 1371 768 1449 ἐπράττετο,
800 1369 1041 1448 ἔκλειψιν
1087 1371 1282 1447 συνέϐη
1341 1375 1466 1452 περὶ
1523 1374 1840 1451 χειμερινὰς
1896 1373 2099 1448 τροπὰς

452 1466 549 1518 τοῦ
581 1461 748 1533 ἡλίου
804 1467 1049 1539 γενέσθαι
1110 1468 1242 1539 (73),
1297 1466 1412 1520 οἳαν
1476 1461 1706 1539 μηδέπω
1765 1458 1957 1533 συνέϐη
2005 1484 2096 1538 γε·

453 1549 632 1607 νέσθαι
662 1553 723 1606 τὸ
755 1553 1042 1629 πρότερον,
1074 1554 1220 1622 πλην
1255 1552 1465 1626 ἐκείνην
1497 1556 1596 1624 την
1630 1552 1718 1610 ἐπὶ
1748 1557 1844 1608 τοῦ
1895 1561 2099 1607 Δεσπο-

450 1645 604 1696 τικοῦ
634 1643 840 1704 πάθους
873 1639 1148 1716 προϐἆσαν
1184 1641 1274 1699 διὰ
1327 1645 1426 1713 την
1486 1649 1592 1699 τῶν
1648 1642 1927 1701 Ἰουδαίων
1963 1640 2098 1696 ἀπό-

451 1745 629 1802 νοιαν,
689 1729 754 1800 ἣν
813 1730 1254 1807 ἐπλημμέλησαν
1288 1778 1302 1804 ,
1365 1735 1579 1806 σταυρῷ
1633 1734 1724 1788 τὸν
1782 1733 1888 1787 τῶν
1951 1730 2094 1786 ὅλων

452 1820 798 1896 Δημιουργὸν
857 1821 1335 1896 προσηλώσαντες.
1406 1823 1484 1880 Τὸ
1543 1820 1600 1876 δὲ
1644 1829 1742 1892 τῆς
1801 1819 2094 1894 ἐκλείψεως

451 1905 593 1972 εἶδος
636 1915 882 1966 τοιοῦτον
937 1906 1263 1967 συνέϐαινενο
1298 1909 1504 1970 Είκάδα
1559 1909 1806 1988 δευτέραν
1862 1908 2096 1980 ἤλαυνεν

452 1999 480 2052 ὁ
539 1997 867 2076 Δεκέμϐριος
903 2045 916 2071 ,
974 2001 1202 2078 τετάρτῃ
1258 2007 1367 2076 (74)
1429 1999 1485 2057 δὲ
1534 2009 1634 2072 τῆς
1693 1997 1903 2075 ἡμέρας
1960 1999 2094 2074 ὥρᾳ.

455 2095 725 2164 σταθηρᾶς
757 2090 962 2165 αἰθρίας
998 2090 1186 2162 οῧσης,
1227 2091 1420 2154 σκότος
1478 2088 1676 2168 ἐπέσχε
1719 2092 1818 2160 τήν
1851 2096 1978 2164 γῆν,
2006 2087 2098 2142 καὶ

453 2179 504 2232 οἱ
570 2177 847 2257 διαφανεῖς
895 2181 1007 2235 τῶν
1065 2183 1302 2256 ἀστέρων
1382 2182 1609 2242 ἅπαντες
1690 2180 2093 2258 κατεφαίνοντο.

452 2269 551 2324 Ἢν
582 2265 640 2322 δὲ
671 2269 799 2343 ὁρᾷν
832 2268 923 2324 τόν
954 2275 1052 2325 τοῦ
1102 2270 1269 2339 ἤλίου
1328 2268 1510 2326 δίσκον
1569 2269 1798 2342 ἀλαμπῆ
1830 2270 1920 2324 καὶ
1953 2270 2094 2344 ἀφώ·

449 2378 652 2428 τιστον,
684 2357 886 2433 αἶ’γλην
933 2357 990 2414 δέ
1019 2381 1138 2415 τινα
1187 2358 1428 2433 ἀμυδρὰν
1487 2360 1576 2416 καὶ
1635 2361 1854 2435 ἰσχνὴν,
1885 2359 2095 2421 ταινίας

451 2443 608 2516 δίκην
638 2443 864 2517 λεπτῆς,
923 2449 1058 2503 κατά
1113 2450 1175 2504 τὸ
1233 2448 1393 2525 ἄκρον
1451 2447 1715 2513 κυκλόθεν
1761 2449 1850 2504 τόν
1907 2445 2089 2503 δίσκον

449 2539 937 2612 περιαυγάζουσαν.
993 2539 1142 2594 Κατά
1176 2540 1365 2615 μικρὸν
1431 2536 1488 2594 δὶ
1543 2542 1642 2608 την
1695 2536 1928 2610 σελήνην
1987 2558 2092 2592 πα-

451 2620 725 2701 ραμείϐων
779 2627 806 2680 ὁ
864 2624 1020 2696 ἣλιος
1078 2628 1278 2704 (ὡρᾶτο
1336 2629 1438 2704 γὰρ
1495 2627 1630 2698 αὕτη
1679 2627 1813 2682 κατά
1867 2629 2088 2691 κάθετον

447 2713 607 2771 αὐτὸν
665 2716 1140 2794 ἀντιφράττουσα)
1215 2719 1310 2780 τὰς
1361 2716 1498 2780 ἰδίας
1555 2717 1771 2779 ἀκτῖνας
1830 2716 2092 2790 ἐξέπεμπε

447 2804 540 2859 καὶ
563 2804 742 2878 φωτὸς
783 2803 936 2871 αὖθις
995 2805 1241 2882 ἐπλήρου
1297 2807 1396 2876 τήν
1449 2813 1574 2884 γῆν.
1627 2811 1718 2878 Τῷ
1771 2811 1939 2878 καινῷ
1997 2806 2087 2860 οὗν

449 2893 541 2949 καὶ
619 2893 868 2966 ἀσυνήθει
945 2900 1044 2951 τοῦ
1131 2895 1404 2972 ὁράματος
1489 2893 1970 2969 ἐκδειματωθέντες
2038 2896 2090 2950 οἱ

451 2984 748 3058 ἄνθρωποι,
776 2985 838 3040 τὸ
894 2990 1048 3041 Θεῖον
1091 2986 1417 3062 ἱκετηρίαις,
1477 2985 1554 3048 ὡς
1607 2986 1668 3040 τὸ
1714 2985 1880 3053 είλὸς,
1913 2983 2088 3056 ἐξιλά-

451 3092 661 3129 σκοντο.
696 3073 835 3130 Τότε
873 3073 962 3129 καὶ
1021 3073 1180 3137 αὐτὸς
1240 3073 1345 3152 ἐγὼ
1401 3079 1478 3148 τῷ
1537 3075 1817 3148 Βυζαντίῳ
1875 3072 2088 3150 ἐπεχω-

448 3161 654 3237 ρίαζον,
715 3163 914 3235 μετιὼν
971 3164 1070 3232 τήν
1130 3162 1414 3239 ἐγκύκλιον
1480 3161 1753 3219 παίδευσιν
1810 3164 1876 3219 ⁵⁸³.
1937 3163 1994 3216 Ὀ
2035 3160 2092 3218 δὲ

452 3249 705 3326 βασιλεὺς
733 3249 840 3326 (δεῖ
870 3252 972 3327 γὰρ
1005 3252 1094 3306 τὸν
1154 3251 1321 3327 λόγον
1375 3257 1471 3306 τοῦ
1517 3253 1708 3326 εἰρμοῦ
1764 3250 2090 3325 ἐκτραπέντα

2216 669 2634 735 praetervectus
2692 666 2842 717 Arca
2899 666 3159 716 castrum
3217 675 3556 732 oppugnare
3612 661 3864 727 statuit,

2217 756 2372 826 quod
2403 757 2633 828 copiam
2665 755 3000 809 divitiarum
3043 753 3456 808 incredibilem
3498 752 3860 807 continebat.

2215 847 2301 900 Ita
2332 846 2614 918 oppidum
2647 845 2835 899 tribus
2865 845 3074 898 castris
3107 843 3538 898 circumdatum
3572 842 3860 896 acerrime

2213 934 2475 1003 adortus,
2507 941 2820 1006 postquam
2854 933 3146 988 machinis
3179 949 3380 987 muros
3411 932 3728 1004 dejecerat,
3757 948 3863 1002 per

2214 1041 2425 1079 novem
2459 1031 2611 1079 totos
2643 1024 2768 1078 dies
2811 1023 3071 1090 vastavit,
3105 1028 3280 1093 atque
3341 1021 3674 1077 ineiiabiles
3719 1019 3856 1075 inde

2214 1113 2537 1185 exportavit
2575 1130 2734 1185 opes.
2768 1114 2914 1167 Item
2955 1112 3072 1168 alia
3101 1111 3345 1168 castella
3376 1112 3634 1184 plurima
3663 1110 3854 1182 primo

2212 1203 2438 1274 impetu
2471 1203 2646 1274 cepit.

2287 1295 2382 1349 72
2418 1297 2500 1348 11.
2538 1295 2668 1348 Haec
2703 1293 2841 1348 dum
2874 1293 2945 1348 ab
2973 1291 3327 1364 imperatore
3359 1292 3419 1345 in
3453 1291 3618 1362 Syria
3639 1305 3851 1362 gerun-

2211 1387 2326 1450 tur,
2361 1383 2466 1437 sub
2496 1383 2748 1438 solstitio
2780 1383 3029 1438 hiberno
3062 1382 3202 1436 solis
3232 1381 3346 1436 fuit
3375 1381 3625 1436 defectio
3660 1379 3854 1450 qualis

2209 1491 2516 1545 nunquam
2544 1479 2718 1529 antea
2747 1475 2980 1538 accidit,
3015 1479 3228 1546 praeter
3258 1472 3422 1527 illam
3455 1490 3586 1543 quae
3627 1472 3688 1524 in
3719 1487 3856 1541 pas-

2211 1564 2374 1619 sione
2408 1564 2716 1618 Dominica
2739 1564 2908 1618 terris
2967 1564 3208 1618 inducta
3239 1567 3329 1618 est
3384 1561 3456 1616 ob
3513 1561 3852 1616 Iudaeorum

2209 1655 2592 1722 dementiam,
2636 1671 2753 1726 qua
2781 1655 3053 1710 occaecati
3112 1655 3534 1708 aediﬁcatorem
3593 1653 3853 1708 universi

2207 1747 2365 1800 cruci
2397 1746 2732 1802 afﬁxerunt.
2785 1745 3056 1800 Defectus
3087 1745 3281 1815 specie
3315 1743 3417 1797 tali
3457 1747 3600 1796 erat.
3637 1742 3856 1796 Vicesi-

2208 1851 2339 1889 mus
2357 1835 2652 1890 secundus
2672 1835 2798 1890 dies
2821 1834 3103 1906 agebatur
3120 1833 3341 1888 mensis
3357 1832 3695 1887 Decembris
3709 1831 3855 1887 hora

2133 1945 2176 2009 Β
2207 1923 2323 1979 diei
2354 1931 2585 1995 quarta,
2619 1924 2760 1979 caelo
2793 1941 3024 1990 sereno,
3058 1940 3191 1977 cum
3237 1921 3494 1977 tenebrae
3547 1926 3716 1976 terrae
3761 1921 3852 1974 of-

2210 2013 2358 2068 fusa)
2391 2020 2549 2082 sunt,
2585 2013 2890 2084 stellaeque
2927 2012 3245 2068 lucidiores
3273 2027 3478 2066 omnes
3510 2027 3570 2065 se
3601 2026 3852 2081 aperue-

2209 2107 2366 2158 runt.
2401 2105 2635 2158 Poterat
2664 2103 2858 2157 videre
2883 2103 3292 2172 unusquisque
3319 2099 3461 2155 solis
3487 2098 3688 2153 orbem
3721 2099 3850 2154 sine

2208 2192 2543 2263 splendore,
2576 2193 2726 2247 lucis
2759 2196 3080 2263 expertem,
3123 2191 3531 2261 fulgoremque
3589 2187 3849 2256 aliquem

2207 2281 2524 2336 obscurum
2540 2299 2604 2336 ac
2630 2287 2889 2346 tenuem,
2921 2279 3117 2334 fasciae
3141 2284 3402 2350 angustm
3426 2278 3634 2345 instar,
3651 2282 3846 2330 extre-

2205 2371 2319 2425 mis
2343 2371 2608 2442 partibus
2631 2387 2734 2442 per
2755 2386 2918 2424 oram
2942 2368 3100 2423 orbis
3125 2366 3674 2422 circumlucentem.
3705 2367 3848 2420 Pau-

2207 2461 2375 2516 latim
2409 2479 2542 2516 vero
2576 2461 2663 2516 sol
2695 2458 3192 2531 praetergrediens
3245 2458 3447 2513 lunam
3507 2457 3849 2528 (apparebat

2206 2552 2364 2606 enim
2396 2552 2521 2605 haec
2551 2550 2624 2605 ad
2651 2549 3141 2621 perpendiculum
3175 2547 3344 2602 illum
3378 2547 3700 2614 obducens)
3729 2547 3850 2618 pri-

2205 2641 2391 2694 stinos
2417 2639 2614 2693 radios
2646 2637 2862 2703 emisit,
2887 2637 3136 2707 luccque
3169 2635 3362 2691 denuo
3395 2635 3712 2707 complevit
3735 2641 3853 2690 ter-

2202 2745 2350 2784 ram.
2386 2729 2510 2793 Quo
2537 2744 2685 2782 novo
2726 2732 2904 2796 atque
2957 2725 3197 2780 insolito
3231 2724 3568 2795 spectaculo
3609 2731 3851 2779 contur-

2200 2816 2321 2872 bati
2357 2816 2651 2874 homines.
2691 2831 2935 2882 numen,
2995 2819 3061 2868 ut
3116 2830 3223 2884 par
3279 2818 3424 2880 erat,
3485 2813 3851 2884 supplicibus

2202 2905 2350 2960 votis
2384 2903 2718 2976 placabant.
2762 2902 2980 2958 Eadem
3032 2907 3381 2973 tempestate
3428 2901 3555 2972 ipse
3613 2917 3849 2972 quoque

2202 2993 2713 3065 Constantinopoli
2743 2990 3176 3060 commorabar,
3199 3006 3558 3062 operamque
3583 2990 3848 3044 liberali-

2201 3083 2311 3139 bus
2344 3082 2674 3154 disciplinis
2705 3081 2939 3137 dabam.
2972 3083 3300 3152 Imperator
3353 3085 3552 3135 autem
3598 3082 3852 3150 (oportet

2203 3170 2361 3224 enim
2384 3170 2714 3224 orationem
2738 3186 2767 3223 e
2798 3173 3075 3224 contextu
3101 3184 3398 3239 egressam
3423 3167 3498 3222 ad
3526 3167 3695 3222 illum
3723 3184 3850 3220 rur-

2203 3277 2302 3314 sus
2325 3259 2572 3330 reduci),
2607 3259 3079 3314 adversariorum
3110 3257 3371 3312 castellis
3411 3257 3576 3312 nullo
3609 3257 3845 3328 negotio

447 3339 530 3394 ἐπ’
573 3339 733 3396 αὐτὸν
789 3345 981 3395 τοῦτον
1033 3340 1182 3405 αὖθις
1241 3340 1642 3418 ἐπαναγαγεῖν),
1699 3340 1812 3397 ἐπεὶ
1864 3342 1930 3396 τὰ
1979 3346 2086 3397 τῶν

2202 3350 2410 3420 captis,
2440 3324 2574 3404 cum
2608 3348 2881 3403 omnibus
2914 3348 3102 3420 copiis
3141 3347 3516 3402 Antiochiam
3550 3324 3848 3418 profectus

450 3428 704 3485 ἐναντίων
738 3430 968 3509 φρούρια
1013 3431 1154 3486 εἷλεν
1215 3431 1444 3501 ἀκονιτὶ,
1499 3432 1586 3486 ἐπὶ
1641 3432 1740 3500 τήν
1800 3431 2090 3507 Ἀντιόχου

449 3517 735 3592 ἐπορεύετο
793 3520 1138 3593 παμπληθεῖ,
1196 3522 1285 3576 καὶ
1342 3521 1447 3596 πρὸ
1504 3525 1611 3576 τῶν
1665 3525 1866 3595 τειχῶν
1923 3520 2088 3590 αὐτῆς

447 3609 757 3683 πηξάμενος
799 3613 1036 3685 χάρακα,
1095 3609 1227 3673 τοὺς
1275 3611 1609 3686 στρατηγοὺς
1661 3610 1749 3666 καί
1808 3609 2088 3687 λοχαγοὺς

447 3700 833 3774 συναγηοχὼς,
868 3699 920 3754 ἐν
953 3704 1206 3775 περιωπῇ
1237 3721 1295 3754 τε
1323 3700 1458 3754 κατά
1495 3701 1559 3755 τὸ
1615 3699 1876 3775 ὕπαιθρον
1936 3700 2086 3772 στας,

443 3787 589 3863 ἔλεξε
641 3796 811 3845 ταῦτα
839 3792 903 3826 ⁵³⁸
966 3815 992 3842 (ι
1029 3790 1111 3847 Τά
1169 3791 1264 3862 μέν
1325 3789 1570 3845 ἐπέκεινα
1626 3789 1826 3860 ταύτης
1883 3791 2084 3862 ἀνῳκιο

442 3880 608 3952 σμένα
644 3886 744 3949 τῆς
798 3876 1012 3942 πόλεως
1071 3878 1305 3957 φρούρια
1357 3883 1426 3954 τῇ
1483 3885 1582 3948 τῆς
1630 3877 1893 3954 Προνοίας
1939 3879 2082 3954 ῥοπῇ

436 3968 525 4024 καὶ
555 3973 624 4043 τῇ
658 3974 805 4047 σφῶν
839 3967 1091 4043 ἐμπειρίᾳ
1125 3970 1259 4042 μετά
1314 3976 1414 4040 τῆς
1473 3970 1784 4045 προσούσης
1836 3966 2081 4043 ἀνδρείας

435 4057 789 4132 εἷ’λομεν,ὡς
850 4057 982 4129 ἴστε,
1041 4063 1457 4134 συστρατιῶται,
1516 4059 1660 4133 παρᾶ
1725 4063 1894 4112 πᾶσαν
1948 4059 2079 4113 ὑπό-

429 4168 601 4204 νοιαν.
636 4149 737 4204 Καὶ
783 4149 946 4224 χάριν
1001 4148 1270 4221 ὁμολογῶ
1324 4147 1588 4217 πλείστην
1647 4148 1800 4220 ὑμῖν,
1833 4149 1916 4203 ὅτι
1945 4149 2082 4223 πρὸς

426 4235 524 4310 ἐμὲ
579 4237 670 4291 τὸν
737 4239 889 4310 ὑμῶν
946 4238 1256 4313 ἀνρορῶντες
1315 4237 1582 4312 ἡγεμόνα,
1638 4237 1736 4292 οὐκ
1793 4235 2080 4293 ώκλάσατε

425 4326 549 4400 περῖ
579 4347 637 4380 τε
661 4331 770 4380 τῶν
805 4323 1012 4396 ἀηδῶν,
1045 4325 1076 4380 ἃ
1107 4325 1336 4382 πλεῖστα
1391 4327 1480 4380 καὶ
1547 4328 1743 4401 ἀπηχῆ
1805 4325 2076 4403 ἐπιφέρειν

461 4413 510 4435 ις
607 4416 619 4431 ο
716 4416 726 4432 ι
1139 4421 1164 4432 ..
1261 4416 1274 4426 .
1364 4417 1374 4434 .
1443 4414 1469 4432 ρ.
1630 4436 1646 4445 ,
1696 4416 1707 4430 .
1997 4416 2008 4434 ,

427 4433 566 4470 οιοεν
601 4433 628 4469 ο
658 4430 925 4487 ποΛεμος,
980 4418 1064 4488 [Ρ.
1102 4418 1190 4488 4ο]
1250 4413 1356 4470 αλλ
1407 4437 1550 4469 ουτω
1584 4437 1719 4488 μετα
1766 4416 2074 4490 προϐυμιας

426 4505 515 4559 καὶ
547 4503 944 4578 λελογισμένης
979 4505 1172 4581 ῥώμης
1230 4502 1647 4580 διηγωνίσασοε,
1681 4505 1818 4561 ὥστε
1881 4503 2072 4578 μηδέν,

430 4596 510 4656 οἷς
542 4589 894 4667 προϐάλομεν
926 4595 973 4631 ⁶⁰
1002 4599 1108 4648 τῶν
1156 4596 1454 4672 φρουρίων,
1488 4595 1775 4670 ὑπέρτερον
1833 4595 2072 4668 γενέσθαι

429 4689 525 4752 τῆς
584 4683 736 4755 ὑμῶν
797 4683 991 4755 ἀρετῆς
1027 4728 1041 4753 ,
1119 4685 1208 4737 καὶ

429 4769 562 4826 Οἶδα
593 4770 650 4827 δὲ
705 4771 795 4826 καὶ
845 4773 906 4826 τὸ
967 4773 1100 4845 πρὸς
1151 4775 1250 4840 την
1309 4773 1652 4850 κατασκαφὴν
1705 4773 1932 4842 ταυτησί
1974 4779 2072 4841 τῆς

427 4860 643 4922 πόλεως
675 4861 955 4936 πρόθυμον
993 4863 1169 4934 ὑμῶν,
1202 4861 1351 4923 ὅπως
1394 4863 1589 4935 όργᾶτε
1638 4862 1726 4915 καὶ
1782 4859 2075 4936 σφαὸαζετε

426 4951 461 5021 ἡ
492 4951 735 5024 στρατιὰ,
765 4949 968 5020 ταύτην
1000 4949 1386 5024 κατεριπώσειν
1429 4950 1518 5005 καὶ
1570 4950 1794 5026 δῃώσειν
1820 4951 1865 4986 ⁶ί
1916 4949 2068 5024 πυρί.

2203 3445 2310 3505 est,
2354 3439 2680 3508 castrisque
2711 3436 2784 3492 ad
2817 3453 3052 3491 murum
3085 3437 3312 3507 positis,
3351 3435 3604 3490 tribunis
3635 3441 3844 3490 centu-

2201 3526 2582 3597 rionibusque
2623 3527 2977 3592 convocatis,
3010 3541 3139 3579 cum
3182 3525 3310 3579 loco
3368 3525 3686 3595 conspicuo
3738 3523 3845 3578 sub

2199 3616 2328 3670 divo
2387 3615 2770 3680 constitisset,
2821 3613 3111 3686 ejusmodi
3189 3613 3537 3668 concionem
3590 3612 3843 3668 habuit:

2197 3706 2501 3760 «Remota
2535 3705 2629 3759 78
2672 3703 2826 3758 ultra
2883 3704 3034 3757 hanc
3102 3701 3308 3757 urbem
3349 3702 3594 3756 castella
3649 3701 3840 3772 provi-

2195 3793 2412 3848 dentiae
2443 3799 2589 3848 nutu
2622 3809 2851 3863 usuque
2881 3797 3070 3847 vestro
3098 3791 3159 3845 in
3183 3808 3245 3846 re
3277 3791 3540 3859 militari,
3561 3807 3694 3846 cum
3724 3791 3840 3845 vir-

2195 3886 2317 3935 tute
2351 3881 2690 3953 conjuncto,
2726 3880 3208 3953 expugnavimus,
3253 3883 3320 3934 ut
3370 3879 3554 3946 scitis,
3590 3879 3838 3934 commi-

2193 3970 2429 4034 litones,
2471 3977 2686 4042 praeter
2751 3985 2988 4024 omnem
3047 3969 3412 4040 opinionem.
3472 3969 3842 4039 Quapropter

2191 4060 2440 4130 gratiam
2458 4075 2550 4114 me
2582 4059 2798 4115 habere
2822 4058 2981 4114 vobis
3005 4058 3323 4130 plurimam
3349 4059 3654 4124 confiteor,
3681 4057 3840 4129 quod

2190 4149 2253 4203 in
2285 4165 2401 4214 me,
2437 4149 2647 4204 ducem
2688 4154 2969 4216 vestrum,
3017 4147 3319 4202 intuentes
3349 4147 3455 4202 ulli
3488 4146 3675 4201 labori
3715 4163 3836 4201 non

2190 4238 2608 4306 succubuistis,
2625 4255 2772 4310 quos
2794 4238 3084 4310 plurimos
3108 4237 3508 4308 molestosque
3527 4237 3834 4307 imponere

2190 4328 2342 4383 solet
2363 4328 2608 4396 bellum,
2639 4327 2918 4398 quodque
2940 4326 3136 4398 potius
3157 4331 3320 4380 tanta
3349 4342 3483 4380 cum
3507 4324 3835 4393 alacritate,

2187 4418 2460 4488 consilio,
2491 4417 2864 4484 fortitudine,
2897 4433 3022 4471 rem
3063 4416 3348 4488 gessistis,
3377 4420 3442 4468 ut
3473 4414 3701 4468 nullum
3735 4414 3828 4468 cui

2185 4525 2295 4563 nos
2325 4509 2694 4564 admovimus
2728 4507 3039 4562 castellum
3083 4507 3358 4560 virtutem
3417 4510 3670 4559 vestram
3730 4522 3833 4558 su-

2183 4600 2494 4668 peraverit,
2527 4599 2921 4668 relictumque
2954 4597 3029 4650 sit
3059 4595 3202 4666 quin
3235 4602 3688 4667 expugnaretur.
3721 4596 3833 4649 Ne-

1293 4685 1716 4760 καταλειιροῆναι
1768 4683 2066 4739 ἀνάλωτον.

2198 4704 2298 4757 que
2331 4688 2529 4742 minus
2559 4691 2865 4758 perspecta
2897 4685 3042 4739 mihi
3076 4689 3166 4738 est
3185 4689 3377 4738 vestra
3413 4682 3829 4738 exscindenda)

2185 4775 2364 4846 hujus
2393 4775 2560 4830 urbis
2591 4773 2904 4845 cupiditas,
2939 4778 3304 4843 quantopere
3338 4772 3624 4842 expetatis
3662 4777 3830 4843 opte-

2184 4865 2378 4934 tisque
2409 4881 2508 4918 vos
2567 4863 2852 4934 legiones,
2915 4861 3151 4916 diruere.
3209 4861 3373 4916 illam
3429 4860 3826 4931 incendioque

2180 4959 2431 5009 vastare.
2471 4955 2682 5007 Verum
2719 4951 3158 5006 commiseratio
3192 4967 3286 5005 me
3339 4950 3609 5022 quaedam
3671 4950 3831 5006 subit

1610 5103 1672 5159 C.
1717 5106 1775 5159 Β.
1821 5103 2008 5159 HASII
2050 5103 2612 5160 ANNOTATIONES.

489 5245 538 5281 ⁵8
567 5243 861 5317 παίδευσιν.
899 5245 1021 5301 Vid.
1058 5263 1245 5317 supra
1265 5249 1354 5317 40.
1391 5248 1450 5301 Α.
1482 5248 1542 5300 Β.
1618 5246 1889 5317 “ﬂabra.
1920 5247 2086 5302 Alius

2198 5252 2322 5300 ctor
2345 5245 2591 5301 dixisset
2617 5239 2765 5302 τάδε.
2841 5245 2887 5280 ⁸ο
2917 5246 3046 5317 Leg.
3081 5238 3512 5317 προσεϐαλομεν,
3545 5245 3632 5300 vel
3668 5249 3824 5300 certe

419 5325 520 5383 aut
547 5313 935 5394 προύϐἀλομεν
969 5324 1071 5373 aut
1099 5311 1519 5391 π’ροϐαλλομεν.
1596 5317 1640 5355 ⁶¹
1672 5313 1875 5384 δωήσιν
1912 5319 2041 5391 (sic)
2074 5317 2202 5373 cod.

507 5489 597 5557 73)
629 5489 707 5542 De
739 5488 848 5542 hoc
883 5487 1023 5542 solis
1054 5487 1316 5559 deliquo,
1359 5487 1518 5542 unde
1549 5487 1843 5559 praecipue
1877 5493 2057 5559 patet,

417 5559 856 5631 expeditionem
889 5560 1184 5631 Syriacam
1244 5559 1559 5630 Nicephori
1618 5559 1690 5614 ad
1748 5576 1886 5614 ann.
1935 5562 2057 5614 968.

416 5632 879 5704 pertinerernec
913 5631 1165 5704 Leonem
1193 5637 1526 5704 temporum
1572 5631 1843 5704 ordinem
1877 5631 2060 5684 inter-

416 5701 684 5768 vertisse,
716 5701 844 5756 vide
873 5701 1062 5756 Calvis
1115 5704 1219 5772 Op.
1281 5701 1550 5756 chronol.
1605 5705 1726 5756 699.
1771 5703 1814 5756 D
1849 5704 2056 5756 Baron.

421 5774 627 5830 Annal.
662 5773 815 5830 Eccl.
851 5772 990 5829 XVI.
1046 5775 1169 5828 375.
1219 5775 1282 5829 A.
1318 5774 1560 5846 Pagium
1591 5774 1788 5828 Critic.
1846 5773 1935 5828 IV.
1974 5776 2056 5828 t9.

2170 5492 2231 5542 D.
2262 5486 2497 5551 accidit,
2531 5491 2596 5541 ut
2626 5493 2783 5541 recte
2817 5487 2899 5541 ait
2958 5489 3087 5550 Leo,
3134 5487 3169 5541 d
3227 5491 3312 5541 22.
3349 5488 3686 5542 Decembris
3719 5504 3816 5542 an.

2170 5561 2292 5615 968.
2329 5576 2460 5614 cum
2522 5559 2881 5629 Nicephorus
2915 5559 2971 5612 in
3007 5559 3172 5629 Syria
3226 5566 3446 5628 ageret,
3509 5560 3818 5628 Luitpran-

2170 5631 2278 5685 dus
2304 5629 2364 5684 in
2407 5629 2637 5684 Italiam
2672 5630 2908 5684 rediens
2940 5631 3203 5699 Corcyrm
3262 5633 3319 5682 in
3378 5647 3561 5683 mensa
3605 5632 3816 5698 positus

2163 5717 2365 5780 partem
2395 5701 2714 5780 comedet-et:
2761 5702 2953 5780 Legat.
2988 5701 3059 5754 ad
3095 5701 3334 5780 biceph.

2241 5775 2356 5844 (74)
2387 5771 2779 5827 Combeﬁsius
2811 5773 2973 5828 tertia
3005 5789 3096 5842 ap.
3125 5771 3368 5842 Pagium
3401 5771 3493 5825 IV.
3524 5772 3610 5826 20.
