4186 6308
371 391 489 451 767

1746 386 2040 448 LEONIS
2082 384 2398 449 DIACONI

3656 392 3778 453 768

373 522 524 594 ejus,
559 522 605 576 si
640 521 879 593 quidem
905 519 1070 587 urbs,
1121 536 1252 592 quas
1293 519 1535 575 tertium
1564 518 1761 574 locum
1788 518 1849 573 in
1881 518 2013 573 orbe

2135 514 2291 573 Ἀλλ’
2319 516 2499 580 οἶκτός
2536 516 2602 592 μὲ
2655 538 2739 581 τις
2795 517 3173 595 ὑπεισέρχεται
3228 519 3449 592 ταύτης,
3510 518 3556 576 εί
3614 520 3775 597 τρίτη

371 618 543 668 terra)
574 611 824 676 obtinet,
859 628 962 665 seu
986 609 1494 681 pulchritudinem
1518 613 1696 679 atque
1724 608 2022 680 magnitu-

364 701 567 757 dinem
599 700 886 755 mmnium
915 699 1145 770 (videtis
1173 700 1332 753 enim
1363 700 1423 753 in
1447 704 1729 769 quantam
1754 697 2021 753 altitudi-

365 806 503 845 nem
527 804 594 843 ea
617 794 904 857 surgunt),
927 788 1044 842 sive
1071 787 1515 842 multitudinem
1543 786 1746 858 populi
1771 786 2017 841 mdium-

368 896 484 950 que
514 879 811 934 inﬁnitam
846 878 1278 949 supellectilem
1326 877 1649 949 aspexeris,
1705 876 2021 933 ruderibus

370 967 861 1041 obtectajacebit,
889 968 1055 1038 quasi
1087 966 1397 1023 castellum
1428 967 1878 1038 pauperculum.
1912 968 2018 1021 Ne-

372 1074 485 1129 que
518 1057 703 1129 magis
736 1056 1028 1112 exercitus
1059 1055 1305 1110 Romani
1329 1055 1391 1109 in
1418 1071 1486 1111 ea
1516 1054 1831 1110 evertenda
1861 1070 2018 1109 com-

371 1148 645 1216 moratio,
679 1152 744 1202 ut
774 1164 904 1218 quae
956 1162 991 1200 a
1040 1145 1213 1200 nobis
1273 1145 1495 1201 domita
1517 1146 1643 1217 jam
1694 1145 1849 1201 bello
1901 1146 2020 1200 sint

368 1236 833 1310 pessumdentur
856 1236 1070 1291 iterum
1095 1235 1592 1307 diripianturque,
1623 1235 1855 1290 videtur
1873 1236 2017 1290 mihi

369 1327 660 1383 rationem
694 1326 934 1381 habere.
996 1326 1230 1382 Etenim
1289 1341 1392 1397 ego
1425 1326 1584 1380 hunc
1642 1326 2016 1397 potissimum

371 1418 622 1473 dixerim
653 1417 998 1485 diligentem
1030 1417 1264 1486 ducem,
1301 1417 1400 1488 qui
1428 1417 1879 1487 irruptionibus,
1913 1416 2015 1488 qui

371 1508 597 1563 stativis
627 1507 1101 1563 adversariorum
1151 1506 1281 1562 loca
1340 1512 1508 1562 vexat
1546 1513 1721 1578 atque
1779 1506 2013 1579 perdit:

373 1600 478 1655 sed
500 1601 549 1655 si
571 1600 705 1670 quis
733 1616 872 1655 suos
903 1600 1052 1654 fines
1083 1616 1217 1654 cum
1266 1598 1716 1654 excursionibus
1751 1604 1875 1653 tum
1907 1598 2016 1654 do-

371 1706 535 1744 mum
564 1688 1002 1745 reversionibus
1024 1688 1326 1759 copiarum
1351 1687 1696 1759 pessumdat
1714 1692 1892 1759 atque
1917 1690 2016 1745 74

369 1778 642 1847 conterit,
675 1779 834 1833 hunc
880 1777 1046 1833 nulla
1074 1777 1165 1832 vel
1193 1778 1390 1849 potius
1445 1777 1604 1833 mala
1634 1784 1833 1832 mente
1859 1795 2014 1849 prm-

369 1867 561 1923 ditum
593 1867 789 1924 dicere
820 1884 941 1922 non
972 1866 1313 1923 reformido.
1348 1866 1632 1922 Similiter
1658 1867 1824 1922 enim
1872 1867 2014 1923 facit

368 1961 438 2012 ut
457 1973 634 2012 canes
662 1957 723 2011 in
745 1955 946 2012 fabula
973 1956 1181 2021 notati,
1212 1956 1312 2027 qui
1345 1973 1480 2012 cum
1510 1956 1682 2028 lupos
1713 1956 1785 2012 ab
1809 1957 2013 2013 ovibus

366 2046 659 2117 repellere
689 2044 963 2112 debeant,
1012 2043 1389 2117 pecudesque
1444 2044 1516 2100 ab
1574 2045 1810 2101 insidiis
1838 2046 2012 2114 tueri,

364 2142 761 2209 praeterquam
793 2135 951 2206 quod
981 2134 1153 2206 lupos
1178 2151 1298 2188 non
1329 2134 1648 2206 repellunt,
1680 2135 1793 2207 ipsi
1828 2135 2013 2208 magis

364 2242 544 2297 quam
576 2226 665 2280 hac
700 2225 914 2279 bellua)
943 2223 1199 2295 pecudes
1230 2224 1631 2279 conscindunt
1661 2230 1838 2296 atque
1864 2226 2012 2281 dila-

368 2315 555 2371 niant.
590 2314 867 2378 Proinde,
901 2314 948 2367 si
981 2313 1143 2368 vobis
1172 2312 1402 2367 videtur
1449 2313 1715 2384 mihique
1747 2314 2010 2383 creditis,

369 2404 852 2476 quandoquidem
870 2403 965 2458 hic
984 2402 1249 2457 tumulus
1264 2402 1644 2458 ﬁrmissimus
1665 2403 1916 2471 videtur,
1942 2404 2015 2459 ir-

358 2499 686 2570 riguusque
718 2496 888 2566 aquis
906 2501 1014 2559 est,
1041 2495 1212 2550 illum
1236 2495 1512 2567 evestigio
1536 2496 2012 2552 communiamus

359 2587 456 2642 ala
506 2585 774 2657 equitum
831 2590 890 2641 et
946 2585 1186 2640 cohorte
1237 2584 1498 2640 militum
1552 2584 1631 2639 ibi
1666 2586 1915 2641 relicto:
1948 2592 2014 2642 ut

361 2675 727 2747 quotidianis
749 2674 1181 2747 eruptionibus,
1205 2674 2008 2743 decursionibus,alimento-

362 2781 496 2820 rum
527 2763 987 2835 direptionibus,
1012 2764 1260 2820 fractam
1288 2764 1687 2835 Antiochiam,
1711 2766 1772 2821 in
1796 2782 2012 2839 angus-

360 2857 594 2928 tiasque
625 2873 889 2914 summas
919 2857 1312 2929 compulsam,
1334 2856 1427 2913 vel
1456 2857 1702 2913 invitam
1733 2875 2011 2931 cogamus

362 2948 765 3002 Romanorum
792 2964 854 3003 se
886 2948 1233 3019 permittere
1262 2947 1497 3002 ditioni.
1532 2969 1561 2998 »
1594 2948 1712 3003 Hac
1743 2949 2011 3004 oratione

362 3034 585 3098 habita,
617 3036 961 3107 imperator,
998 3036 1257 3107 lapidem
1288 3036 1348 3090 in
1379 3036 1661 3092 humeros
1719 3037 2010 3094 extollens

362 3127 514 3193 (erat
538 3125 699 3180 enim
728 3125 1032 3195 popularis
1058 3126 1118 3180 in
1152 3125 1446 3196 ejusmodi
1478 3126 1656 3180 rebus
1687 3142 1753 3181 ac
1796 3126 2008 3182 mode-

358 3216 525 3283 stus),
558 3213 910 3268 ascenditin
946 3213 1261 3280 tumulum,
1297 3218 1418 3267 toto
1452 3213 1715 3268 exercitu
1744 3214 1903 3269 idem
1924 3214 2005 3270 fa-

350 3265 697 3371 cereljusso.
727 3300 1065 3370 Apparebat
1107 3265 1287 3372 igitur
1316 3303 1496 3356 trium
1543 3300 1774 3357 dierum
1808 3304 1997 3375 spatio
2035 3265 2078 3332 ϐ

351 3388 666 3445 castellum
688 3389 749 3444 in
773 3389 1001 3444 tumulo
1023 3389 1475 3458 exaediﬁcatum,
1503 3390 1653 3446 bene
1686 3398 1921 3463 septum
1944 3398 2004 3448 et

350 3478 838 3534 munitissimum.
871 3480 994 3544 Quo
1025 3480 1086 3534 in
1118 3479 1363 3535 castello
1422 3485 1739 3551 postquam
1790 3481 1999 3552 pransi-

353 3567 519 3624 dium
552 3568 1014 3640 quingentorum
1057 3569 1325 3640 equitum
1382 3570 1804 3642 cohortemque
1836 3570 2000 3627 mille

352 3657 613 3713 militum
644 3674 779 3713 cum
826 3657 1067 3713 cibariis
1124 3658 1355 3713 idoneis
1411 3659 1756 3730 reliquerat,
1780 3659 2001 3731 jubens

334 3734 417 3802 ‘ut
448 3747 714 3818 quotidie
744 3747 1125 3803 cxcursiones
1182 3748 1556 3804 Antiochiam
1587 3766 1788 3805 versus
1844 3749 1999 3805 face-

352 3842 506 3901 rent,
541 3841 718 3907 atque
748 3835 919 3891 obvia
960 3837 1179 3908 quaevis
1210 3838 1468 3893 caedibus
1498 3838 1845 3910 rapinisque
1876 3840 2003 3895 exi-

351 3926 657 3995 nanirent,
688 3926 816 3997 ipse
846 3925 987 3981 inde
1017 3926 1230 3982 castris
1262 3928 1437 3982 motis
1463 3926 1538 3983 ad
1570 3927 1781 3984 urbem
1812 3929 2001 4002 impe-

351 4014 635 4069 ratoriam
678 4014 877 4082 rediit,
912 4014 1343 4088 splendideque
1374 4033 1409 4072 a
1460 4018 1697 4074 civitate
1726 4024 2002 4091 receptus

351 4101 432 4157 ibi
464 4107 554 4157 est
577 4106 1000 4158 commoratus-

2125 610 2233 661 τῶν
2278 606 2401 682 περὶ
2457 608 2558 677 τὴν
2614 606 2945 682 οἶκουμένην
3000 607 3234 664 τελοῦσα
3293 608 3530 678 πόλεων,
3583 613 3666 682 τῷ
3717 630 3777 665 τε

2124 693 2320 751 κάλλει
2350 697 2438 752 καὶ
2466 702 2546 770 τῷ
2608 699 2820 773 μεγέθει
2885 702 2992 754 τῶν
3059 693 3371 770 περιϐόλων
3432 700 3616 773 (ὁρᾶτε
3668 701 3773 774 γὰρ

2126 783 2203 847 εἷς
2236 785 2363 841 ὅσον
2394 786 2528 861 ὕψος
2582 788 3017 843 ἐπανατείνονται
3064 788 3257 862 οῦτοι),
3314 783 3393 843 ἔτι
3450 786 3508 842 δὲ
3562 786 3771 860 πλήθει

2123 878 2220 929 τοῦ
2262 873 2443 950 δήμου
2502 877 2592 932 καὶ
2646 882 2754 934 τῶν
2788 877 2977 933 οἲκιῶν
3039 877 3349 952 ἀμηχάνοις
3395 882 3771 947 κατασκευαῖς,

2125 962 2363 1040 ἐρείπιον
2419 965 2671 1036 κείσεται,
2730 968 2867 1022 κατά
2920 989 2974 1023 τι
3041 968 3298 1046 φρούριον
3354 966 3636 1044 πενιχράν.
3698 967 3773 1025 Τὸ

2124 1050 2182 1108 δὲ
2222 1055 2320 1123 τήν
2362 1056 2677 1129 Ῥωμαῖκήν
2728 1057 2978 1132 στρατιὰν
3030 1058 3166 1112 κατᾶ
3216 1059 3315 1127 τήν
3372 1057 3573 1129 ταύτης
3604 1076 3772 1113 κατα-

2121 1140 2324 1219 τρίϐειν
2386 1142 2737 1219 ἐκπόροησιν,
2793 1147 2882 1202 καὶ
2936 1146 3004 1202 τὰ
3063 1147 3187 1221 ὑμῖν
3251 1147 3654 1218 ὑποποιηθὲντα
3692 1153 3774 1223 τῷ

2122 1232 2389 1305 πολεμεῖν
2421 1232 2571 1296 αὖθις
2631 1231 2959 1313 διαφθείρειν
3012 1256 3071 1291 τε
3099 1235 3188 1291 καὶ
3227 1233 3546 1309 λεηλατεῖν,
3582 1235 3643 1291 οῦ
3678 1238 3778 1310 μοι’

2120 1328 2244 1378 νοῦν
2274 1320 2420 1399 ἔχειν
2476 1322 2645 1384 δοκεῖ.
2704 1327 2841 1401 Ἐγὼ
2898 1327 3001 1402 γὰρ
3060 1325 3263 1382 ἐκεῖνον
3329 1325 3570 1400 μάλιστα
3600 1329 3767 1406 φαίην

2120 1410 2484 1487 κηδεμονικὸν
2547 1415 2888 1491 στρατηγὸν,
2940 1416 3033 1471 τὸν
3098 1422 3219 1481 ταῖς
3277 1414 3617 1490 ἐπεξελᾶσεσι
3679 1419 3771 1474 καί

2122 1501 2516 1575 διαμελλήσεσι
2547 1506 2648 1574 τήν
2676 1508 2786 1560 τῶν
2817 1503 3068 1561 ἐναντίων
3130 1510 3395 1561 κακοῦντα
3461 1508 3650 1583 χώραν
3679 1508 3770 1563 καὶ

2121 1589 2519 1670 διαφθείροντα·
2552 1592 2726 1650 τὸνδέ
2765 1615 2828 1670 γε
2881 1595 2982 1665 τὴν
3031 1594 3235 1651 οἰκείαν
3286 1600 3405 1659 ταῖς
3453 1603 3556 1667 τῆς
3608 1618 3767 1672 στρα-

2120 1688 2237 1748 τιᾶς
2266 1680 2562 1760 ἐκδρομαῖς
2606 1684 2693 1740 καὶ
2752 1685 2901 1748 αὗθις
2956 1688 3092 1741 κατα
3157 1688 3345 1762 χώραν
3405 1686 3768 1767 άναστροςραῖς

2118 1771 2582 1848 παραπολλύοντα
2638 1775 2729 1830 καὶ
2805 1771 3123 1852 ἐκτρίϐοντα
3155 1820 3169 1848 ,
3228 1780 3420 1833 τοῦτον
3505 1778 3767 1850 ἀνόητον,

2044 1897 2090 1962 Β
2122 1860 2336 1936 μᾶλλον
2385 1862 2443 1919 δὲ
2493 1865 2921 1921 κακονούστατον
2979 1866 3264 1939 ὀνομάζειν
3299 1864 3397 1923 οὐκ
3426 1865 3484 1922 ἂν
3518 1867 3770 1939 ἀποκνή-

2118 1971 2296 2026 σαιμι⁶
2338 1952 2643 2028 παρόμυίόν
2673 1975 2726 2009 τι
2759 1951 3174 2031 διεργαζόμενον
3228 1960 3336 2011 τῶν
3370 1960 3440 2029 τῇ
3498 1957 3770 2033 παροιμίᾳ

2116 2039 2575 2116 κωμῳδουμένων
2613 2047 2812 2114 κυνῶν,
2846 2041 2897 2099 ο⁴ί
2926 2044 3055 2109 τοὺς
3101 2042 3303 2107 λύκους
3336 2050 3443 2101 τῶν
3477 2041 3767 2121 προϐάτων

2118 2125 2408 2186 ἀποσοϐεῖν
2455 2130 2854 2210 ἐποφείλοντες,
2908 2133 2997 2188 καὶ
3048 2134 3116 2189 τὰ
3177 2135 3499 2211 βοσκήματα
3557 2136 3771 2214 φυλάτ-

2114 2241 2225 2277 τειν
2260 2216 2734 2290 ἀνεπιϐούλευτον,
2784 2223 2837 2277 οἱ
2895 2220 2975 2291 δὲ,
3034 2225 3173 2298 πρὸς
3220 2228 3301 2295 τῷ
3341 2225 3417 2298 μὴ
3450 2220 3767 2297 ἀποσοϐεῖν,

2122 2306 2337 2384 μᾶλλον
2367 2311 2473 2365 τῶν
2529 2310 2733 2386 θηρίων
2794 2312 2947 2368 αὐτοὶ
3006 2311 3358 2369 διακόπτουσι
3413 2314 3504 2369 καὶ
3537 2311 3769 2370 διασπα-

2118 2400 2423 2471 ράττοιρσιν.
2479 2399 2544 2456 Εἰ
2603 2399 2694 2455 οὖν
2758 2398 3029 2457 δοκεῖκαὶ
3072 2402 3316 2467 πείθεσθὲ
3376 2425 3495 2478 μοι,
3545 2404 3763 2481 ἐπείπερ

2117 2488 2146 2543 ὁ
2177 2485 2349 2566 λόφος
2410 2488 2761 2564 ὀχυρώτατος
2821 2491 3003 2546 οὐτοσὶ
3060 2492 3461 2566 καταφαίνεται,
3519 2492 3609 2548 καὶ
3666 2515 3768 2548 κα-

2114 2576 2379 2653 τάρῥυτός
2423 2577 2563 2633 ἐστιν
2625 2576 2808 2634 ὕδασιν
2869 2581 2943 2642 ὡς
3000 2582 3180 2657 ὁρᾶτε,
3211 2586 3404 2637 τοῦτον
3462 2579 3530 2651 δὴ
3586 2602 3764 2659 τειχι-

2118 2668 2268 2722 στέον
2302 2665 2546 2741 ἐξαυτῆς,
2586 2668 2676 2723 καὶ
2737 2666 2864 2741 ἴλην
2897 2670 3104 2725 ἱππέων
3155 2670 3246 2726 καὶ
3307 2676 3525 2744 σπεῖραν
3585 2676 3763 2742 πεζῶν

2117 2755 2169 2810 ἐν
2204 2755 2351 2829 αὐτῷ
2390 2755 2593 2813 ἐατέον·
2654 2756 2793 2814 ὥστε
2845 2760 2963 2823 καθ’
3023 2759 3249 2831 ἑκάστην
3308 2760 3645 2832 ἐπεξελάσεσι
3675 2762 3765 2817 καὶ

2114 2843 2490 2920 καταδρομαῖς
2521 2890 2536 2919 ,
2592 2845 2683 2903 καὶ
2735 2852 2845 2904 τῶν
2895 2846 3220 2920 ἐπιτηδείων
3283 2847 3610 2926 διαρπαγαῖς
3664 2851 3764 2921 τήν

2119 2935 2420 3010 Ἀντιόχου
2469 2936 2892 3009 ταπεινώσωσι,
2932 2938 3019 2993 καὶ
3079 2937 3158 3001 εἷς
3218 2937 3530 3015 ἂμηχανίαν
3588 2936 3767 3010 δεινήν

2116 3021 2567 3088 κατακλείσαντες
2604 3024 2694 3081 καὶ
2752 3027 2985 3082 ἄκουσαν
3040 3026 3401 3103 ἀναγκάσωσι,
3469 3029 3771 3102 Ῥωμαίοις

2114 3114 2364 3190 γενεσθαι
2414 3112 2781 3174 ὑπόσπονδον.
2815 3140 2842 3168 ››
2899 3119 3063 3172 Εἶπεν
3112 3116 3140 3171 ὁ
3176 3116 3451 3191 βασιλεὺς,
3482 3118 3572 3173 καὶ
3613 3117 3765 3174 λίϐον

2117 3202 2527 3277 ἐπομισάμενος
2557 3207 2642 3279 (ἦν
2674 3205 2776 3279 γὰρ
2819 3206 2945 3280 περῖ
2990 3204 3057 3261 τὰ
3110 3211 3338 3263 τοιαῦτα
3398 3208 3767 3283 μετριοπαθής

2113 3315 2173 3348 τε
2229 3293 2320 3348 καί
2373 3295 2668 3368 ταπεινὸς),
2718 3294 2884 3350 ἄνεισι
2942 3294 3031 3351 ἐπὶ
3085 3296 3176 3352 τὸν
3236 3295 3432 3375 λόιρον,
3486 3299 3634 3373 πάσῃ
3691 3302 3762 3371 τῇ

2111 3387 2334 3456 στρατιᾷ
2418 3382 2560 3439 οὕτω
2647 3389 2821 3440 ποιεῖν
2899 3383 3406 3460 διακελευσάμενος.
3500 3392 3599 3443 Ἢν
3670 3386 3763 3444 οὗν

2111 3469 2246 3527 ἰδεῖν
2277 3469 2329 3527 ἐν
2385 3471 2560 3546 τρισὶν
2617 3471 2852 3546 ἡμέραις
2898 3471 3028 3529 ἄστυ
3087 3475 3456 3549 ἀνῳκισμένον
3517 3475 3605 3531 ἐπὶ
3661 3478 3755 3532 τὸν
3842 3521 3849 3527 .

2111 3557 2305 3639 λόφον,
2338 3560 2552 3636 εὐερκὲς
2587 3582 2647 3616 τε
2673 3560 2764 3616 καὶ
2796 3561 3171 3640 ὀχυρώτατον.
3218 3561 3488 3640 Φάλαγγα
3529 3584 3756 3639 τοιγαρ-

2113 3654 2203 3705 οῦν
2228 3649 2595 3706 πεντακοσίων
2637 3649 2870 3722 ἱππέων,
2928 3651 3017 3707 καὶ
3078 3657 3298 3730 σπεῖραν
3350 3654 3553 3728 χιλίων
3581 3657 3755 3723 πεζῶν

2111 3737 2164 3795 ἐν
2221 3744 2300 3812 τῷ
2356 3740 2605 3817 φρουρίῳ
2659 3739 2999 3815 καταλιπὼν,
3067 3744 3157 3798 καί
3214 3744 3545 3819 ἀποχρῶσαν
3592 3743 3757 3819 χιλὸν

2113 3828 2296 3892 αὐτοῖς
2355 3830 2809 3903 ἀποσιτισάμενος
2845 3875 2859 3901 ,
2919 3831 3301 3906 ἐντειλάμενόν
3364 3853 3423 3888 τε
3488 3834 3759 3908 ὁσημέραι

2113 3916 2382 3995 ἐκδρομὰς
2411 3919 2547 3976 κατὰ
2602 3926 2703 3992 τῆς
2762 3921 3105 3998 Ἀντιοχείας
3163 3927 3363 3994 ποιεῖν,
3418 3922 3510 3978 καὶ
3565 3926 3628 3978 τὸ
3658 3943 3765 3979 πα-

2113 4009 2349 4085 ρατυχὸν
2412 4007 2690 4084 μαχαίρας
2748 4004 2903 4087 ἔργον
2960 4009 3050 4065 καὶ
3117 4017 3407 4089 προνομῆς
3461 4011 3759 4088 ἀπεργάζε-

2112 4098 2258 4168 σθαι,
2284 4097 2446 4160 αὐτὸς
2502 4097 2702 4163 ἐκεῖθεν
2763 4099 2971 4175 ἀπάρας
3015 4100 3153 4177 πρὸς
3207 4101 3304 4170 τὴν
3369 4101 3758 4177 βασιλεύουσαν

2113 4185 2423 4258 ἐπανέζευξι
2454 4230 2471 4258 ,
2527 4188 2617 4243 καὶ
2676 4188 3114 4266 μεγαλοπρεπῶς
3166 4190 3304 4266 πρὸς
3360 4195 3467 4247 τῶν
3525 4190 3759 4248 ἀστικῶν

2115 4272 2439 4351 ὑποδεχοεῖς
2473 4275 2644 4333 ἐκεῖσε
2674 4273 2960 4355 διέτριϐεν.

357 4431 3756 4459 Ww—WW

1571 4538 1945 4633 LIBER
2012 4538 2579 4650 QUINTUS.

423 4919 822 5001 ᾼιιιρὴωιεκτωι.
855 4954 923 4962 -
954 4923 1317 5001 Nicephorus
1349 4925 1639 5001 captosin
1672 4925 1872 5001 Sicilia
1893 4927 2189 5001 Romanos
2219 4942 2252 4981 a
2277 4927 2584 5001 Saracenis
2611 4926 2892 5001 exposcit.
2925 4926 3235 5001 calocyres
3267 4927 3585 5001 imperium
3615 4931 3760 4987 affe-

354 4992 658 5072 cutat‘(t3ap_.
696 4994 764 5060 1).
801 5003 840 5045 Α
868 5011 983 5063 quo
1016 4992 1251 5072 excitati
1286 4992 1454 5051 Russi
1482 4997 1812 5072 Bulgariam
1843 4996 2130 5072 invadunt
2158 5001 2251 5067 (2).
2273 4998 2635 5072 Nicephorus
2666 4992 2888 5072 legatos
2909 4992 3181 5072 mittitad
3202 4992 3483 5072 Bulgaros
3502 5003 3607 5071 (3).
3636 5013 3761 5057 An-

357 5060 654 5142 tiochia-vi
686 5060 1019 5142 expugnata
1047 5069 1142 5142 (λίς)ἒ
1171 5060 1759 5142 Ιιηρεινδῐοτγΐυῆρεῑο
1785 5070 2064 5124 vaticinio
2094 5060 2443 5142 commotus.
2479 5060 3062 5142 Bardasticephori
3081 5078 3248 5142 pater
3278 5060 3758 5129 nioritur.'Theo-

357 5130 554 5217 phano
590 5130 1706 5217 insidi'asfstruit'a'dversusconjugem
1746 5143 1840 5217 (5)ἒ
1874 5142 2131 5195 Joannes
2170 5141 2481 5217 'l‘zimisces
2517 5141 2589 5217 in
2646 5130 2865 5217 urbem
2893 5130 3252 5217 ‘arces‘situs.
3308 5144 3651 5217 Conjuratio
3684 5145 3759 5217 ad

355 5201 986 5293 pmdeminiperatoris
1018 5201 1608 5293 perpetrandathiT.
1646 5201 2005 5293 [\jicephorus
2054 5210 2377 5293 crudeliter
2407 5212 2634 5293 occisus
2678 5215 2771 5283 (7).
2794 5213 2943 5293 Ejus
2975 5214 3278 5293 ipgenium
3309 5222 3368 5270 et
3395 5201 3627 5272 indoles
3658 5216 3754 5289 (8).

349 5273 607 5328 Joannes
634 5273 945 5332 Tzimisces
978 5273 1175 5332 rerum
1207 5280 1449 5351 potitur.
1486 5273 1802 5352 Nicephori
1824 5300 2041 5355 corpus
2073 5282 2134 5337 in
2166 5284 2324 5355 regio
2356 5285 2627 5355 sepulcro
2659 5273 2936 5340 conditur
2967 5273 3060 5354 (9):

418 5568 509 5625 75
548 5572 592 5622 1.
628 5567 715 5623 Ita
738 5584 805 5623 eo
834 5584 950 5639 quo
986 5585 1165 5641 supra
1201 5569 1670 5626 demonstratum
1696 5578 1787 5628 est
1817 5572 1991 5630 modo
2024 5583 2068 5648 D

347 5659 713 5730 Nicephorus
744 5658 1088 5729 imperator,
1125 5660 1350 5732 Syriam
1383 5676 1666 5732 oramque
1709 5663 1837 5734 ejus
1869 5679 1992 5718 ma-

348 5748 611 5805 ritimam
644 5765 945 5821 emensus,
1003 5756 1320 5823 postquam
1378 5750 1611 5825 objecta
1666 5752 1866 5808 omnia
1904 5751 1996 5807 vel

2176 5575 2261 5646 [P.
2295 5574 2386 5646 46]
2417 5573 2482 5630 α’.
2516 5571 2677 5630 Ἀλλ’
2710 5574 2853 5629 οὕτω
2889 5574 3008 5649 μὲν,
3038 5576 3176 5649 ᾖπέρ
3206 5577 3330 5649 [μοι
3356 5573 3467 5647 ἤδη
3522 5574 3752 5652 έρῥήθη,

2107 5662 2134 5715 ὁ
2176 5662 2522 5737 αὐτοκράτωρ
2585 5665 2900 5741 Νικηφόρος
2961 5666 3159 5741 Συρίαν
3221 5665 3309 5720 καὶ
3369 5667 3433 5720 τά
3484 5665 3750 5740 παράκτια

2102 5752 2303 5822 ταύτης
2333 5750 2719 5827 καταδραμὼν,
2764 5752 2853 5809 καὶ
2898 5754 2959 5810 τὸ
3017 5754 3256 5827 ἀντίξουν
3311 5756 3448 5812 ἅπαν
3505 5751 3746 5811 ἐκποδὼν
