4190 6322
409 325 529 388 ’169

1739 316 2138 381 HISTORIA?
2177 318 2330 380 LlB.
2377 321 2456 380 V.

3703 332 3824 392 770

407 456 802 530 ποιησάμενος,
849 454 940 509 καὶ
993 450 1144 510 λείαν
1193 455 1392 509 Μυσῶν
1423 447 1668 525 θέμενος,
1705 451 1794 506 καὶ
1825 451 2054 508 πλεῖστα

2169 459 2567 510 summoverat
2594 455 2685 510 vel
2715 457 3010 528 Mysorum
3040 459 3323 530 praedam,
3356 466 3423 516 ut
3469 461 3658 530 aiunt,
3708 465 3816 521 du-

408 545 752 618 πεολίσματα
808 540 1077 613 καθελὼν,
1134 543 1231 597 κάν
1284 546 1400 604 τοῖς
1462 540 1899 616 ἐπικαιροτάτοις
1955 542 2056 604 τῆς

412 633 653 710 μεγάλης
684 631 1020 707 ’Λντιοχείας
1075 629 1332 709 φρούριον
1390 629 1621 706 ἐρυμνὸν
1669 627 2056 703 δομησάμενος

409 725 461 782 ἐν
517 722 694 799 τρισὶν
752 724 985 797 ἡμέραις
1056 721 1145 776 καὶ
1203 719 1465 790 πολίσας,
1526 719 1578 782 ἐς
1640 720 1703 774 τὸ
1767 720 2055 788 Βυζάντιον

408 813 765 883 έπανέζευξεν.
827 811 1099 874 Ἐντεῦθεν
1174 811 1320 886 παρᾶ
1406 810 1498 864 τὸν
1556 810 1604 845 δ’
1657 812 1765 864 τῶν
1825 810 2058 883 Καρχη-

409 902 599 960 δονίων
642 901 767 977 ἀγὸν
819 897 1252 976 διεκηρυκεύετο,
1307 899 1393 954 καὶ
1445 901 1505 953 τὸ
1561 901 1658 954 τοῦ
1708 896 2057 971 ἐναγεστάτου

405 992 494 1049 καὶ
559 986 914 1047 ἀσεϐεστάτου
970 989 1213 1062 Μωαίμεθ
1282 989 1432 1066 ξίφος
1499 984 1672 1062 δῶρον
1741 987 2056 1059 ἐξέπεμπεν,

408 1078 539 1154 ὅπερ
567 1079 806 1156 λάφυρον
841 1077 900 1133 ἔκ
938 1099 1086 1140 τινος
1115 1082 1220 1131 τῶν
1253 1078 1389 1132 κατᾶ
1412 1075 1777 1146 Παλαιστίνην
1812 1074 2056 1128 ἁλοντων

408 1169 682 1248 φρουρίων
713 1169 1002 1242 ἀνείληφε,
1052 1167 1140 1223 καὶ
1195 1168 1286 1223 τὸν
1343 1165 1627 1240 πατρίκιον
1671 1165 1844 1240 ἐξῄτει
1880 1166 2056 1234 Νική·

404 1280 522 1331 ταν,
555 1256 611 1312 ὅν
647 1251 839 1327 συνέϐη
871 1259 933 1311 τὸ
981 1255 1242 1332 πρότερον
1295 1254 1348 1310 ἐν
1399 1259 1478 1328 τῷ
1509 1255 1631 1330 περῖ
1667 1252 1919 1308 Σικελίαν
1951 1257 2058 1307 τῶν

406 1349 691 1422 Ῥωμαίων
768 1352 1067 1420 πταίσματι
1154 1345 1500 1421 δορυσὶλωτον
1608 1345 1905 1422 ληφθέντα,
1980 1347 2059 1414 τῷ

411 1441 647 1513 τοιούτῳ
702 1443 809 1494 τῶν
876 1440 1100 1516 ’Ἄφρων
1173 1444 1628 1512 παραπεμφθῆναι
1704 1438 2057 1512 κατάρχοντι,

407 1530 480 1592 ὡς
515 1531 542 1584 6
575 1530 740 1606 λόγος
772 1525 1040 1600 ἐδήλωσε.
1076 1529 1172 1582 Διά
1201 1529 1540 1602 γραμμάτων
1581 1527 1671 1582 οὗν
1703 1525 2055 1595 ἐπέσκηπτεν,

406 1618 501 1691 ὠς,
534 1619 578 1674 εί
611 1617 861 1693 ἐνδοιάσῃ
893 1619 1028 1694 πρὸς
1056 1618 1156 1688 τὴν
1195 1621 1292 1672 τοῦ
1321 1616 1609 1692 πατρικίου
1655 1614 1935 1686 ἀπόδοσιν,
1966 1614 2057 1668 καὶ

411 1709 737 1782 ούκέξαυτῆς
762 1712 953 1763 τοῦτον
979 1707 1168 1778 ἀνησοι
1195 1707 1242 1742 ⁸³
1261 1727 1320 1761 τε
1347 1711 1455 1762 τῶν
1481 1703 1718 1779 δεσμῶν,
1740 1706 1828 1760 καὶ
1859 1703 1933 1766 ὠς
1967 1703 2058 1757 αύ-

2173 547 2359 607 xerat,
2385 542 2776 616 plurimisque
2797 547 3029 618 oppidis
3053 549 3287 618 excisis,
3313 550 3374 604 in
3387 554 3821 622 opportunissi-

2173 630 2286 685 mis
2312 631 2387 686 ad
2420 649 2693 706 magnam
2724 637 3098 692 Antiochiam
3130 638 3276 693 locis
3298 640 3608 694 castellum
3641 641 3821 698 trium

2174 719 2405 776 dierum
2456 725 2642 794 spatio
2677 725 3145 783 exaedificaverat
3199 734 3377 798 atque
3435 729 3819 800 instruxerat,

2173 809 2746 884 Constantinopolim
2768 815 2963 870 rediit.
2986 816 3127 872 Inde
3153 817 3227 873 ad
3244 818 3819 891 Carthaginiensium

2171 904 2485 968 praetorem
2517 908 2780 958 oratores
2808 905 3009 977 legans
3039 907 3427 978 impurissimi
3454 911 3651 980 ﬁatque
3701 911 3818 965 im-

2172 988 2426 1057 piissimi
2457 991 2552 1046 76
2585 993 2931 1049 Moamelhis
2962 995 3224 1068 gladium
3265 998 3446 1066 misit,
3481 1016 3659 1069 quem
3711 1017 3816 1071 pro

2172 1078 2470 1134 manubiis
2501 1097 2570 1135 ex
2601 1082 2802 1153 aliquo
2835 1091 3140 1155 captorum
3170 1086 3230 1140 in
3262 1087 3580 1144 Palwstina
3606 1090 3818 1144 castel-

2172 1165 2365 1222 lorum
2393 1168 2734 1226 abstulerat.
2772 1173 2958 1228 Simul
2991 1175 3253 1230 Nicetam
3297 1177 3610 1248 patricium
3643 1194 3815 1250 repe-

2172 1257 2260 1325 tit,
2295 1258 2385 1312 cui
2422 1260 2584 1330 prius
2617 1264 2963 1334 contigerat,
2999 1270 3063 1318 ut
3091 1265 3148 1318 in
3191 1266 3482 1321 Siciliensi
3515 1269 3814 1322 Romano-

2170 1363 2302 1400 rum
2338 1349 2504 1404 clade
2537 1352 2798 1421 captivus
2829 1353 3018 1408 factus
3049 1354 3186 1408 huic
3235 1356 3509 1410 Afrorum
3557 1357 3814 1428 principi

2173 1438 2698 1505 transmitteretur,
2731 1442 2883 1496 sicut
2912 1443 3170 1497 narratio
3205 1444 3557 1515 signiﬁcavit
3585 1451 3815 1503 nostra.

2170 1525 2402 1581 Litteris
2433 1534 2629 1582 autem
2659 1530 2972 1586 denuntiat
3002 1533 3049 1585 si
3081 1538 3460 1587 cunctaretur
3498 1535 3813 1606 patricium

2168 1615 2501 1680 restituere,
2536 1635 2730 1689 neque
2763 1621 3038 1691 evestigio
3071 1621 3240 1675 illum
3270 1621 3520 1677 vinculis
3553 1623 3815 1679 solutum

2168 1704 2241 1758 ad
2276 1721 2335 1759 se
2370 1706 2653 1774 mitteret,
2686 1713 2750 1762 ut
2799 1708 3021 1763 bellum
3075 1711 3378 1766 infinitum
3429 1717 3816 1783 exspectaret,

404 1799 495 1854 τὸν
514 1799 877 1873 παραπέμψῃ,
902 1796 1146 1870 πόλεμον
1173 1796 1481 1870 ἀκήρυκτον
1509 1793 1628 1865 ἤτω
1648 1796 1696 1832 ⁶⁴
1716 1791 2054 1868 προσδοκῶν,

2172 1793 2440 1864 ﬁnesque
2473 1795 2659 1866 ipsius
2691 1814 2917 1862 omnes,
2952 1816 2986 1853 a
3019 1799 3300 1854 Romanis
3333 1801 3690 1857 exercitibus
3720 1802 3814 1856 di-

406 1887 497 1944 καὶ
528 1894 699 1942 πᾶσαν
731 1888 830 1956 τήν
890 1886 1058 1941 αὐτοῦ
1111 1883 1450 1960 ἐπικράτειαν
1505 1877 1906 1959 ἀνεκτριϐῆναι,
1939 1887 2056 1944 τοῖς

405 1978 736 2051 Ῥωμαϊκοῖς
791 1972 1127 2048 δηϊουμένην
1188 1975 1568 2051 στρατεύμασι.
1603 1977 1737 2037 Ταῖς
1785 1973 2060 2033 toni-.21;

409 2065 498 2121 οὗν
529 2067 557 2121 6
588 2063 962 2140 Καρχηδόνιος
995 2062 1412 2139 ἐκδειματωθεῖς
1437 2063 1739 2139 ἀγγελίαις,
1763 2062 1838 2126 ὡς
1864 2060 2059 2123 ἄλλαις

405 2157 538 2228 τισὶ,
570 2157 707 2211 κατᾶ
734 2157 832 2226 τὴν
866 2155 1184 2230 παροιμίαν,
1225 2155 1332 2210 ἀπὸ
1381 2159 1601 2219 Σκυθῶν
1647 2152 1832 2230 ρήσεσι
1863 2153 1930 2223 ⁸⁵,
1963 2151 2055 2206 τόν

405 2267 464 2301 τε
507 2244 790 2320 πατρίκιον
849 2247 1084 2317 Νικήταν
1142 2243 1231 2300 καὶ
1286 2243 1413 2307 τοὺς
1454 2243 1545 2298 σὺν
1579 2241 1726 2315 αύτῴ
1753 2243 2056 2320 ληφθέντας

396 2334 802 2411 δορυαλώτους,
879 2333 969 2388 ααὶ
1037 2335 1194 2396 ὅσους
1260 2333 1545 2406 Ῥωμαίων
1623 2331 1683 2387 ἐκ
1785 2328 2058 2409 διαφόρων

404 2427 604 2500 χώρων
639 2423 690 2479 έν
725 2424 962 2499 εἷρκταῖς
1020 2421 1258 2494 πεδήτας
1320 2427 1710 2498 παρακατεῖχε,
1773 2419 1948 2495 δῶρον
1975 2424 2054 2492 τῷ

411 2513 626 2590 βασιλεῖ
655 2513 957 2590 Νικηφόρῳ
999 2511 1282 2586 ἐξέπεμπε
1346 2507 1466 2573 δέος
1523 2513 1624 2588 γὰρ
1684 2511 1840 2566 αὐτὸν
1872 2510 2054 2564 ὑπεισ-

406 2609 516 2675 τζει,
568 2602 908 2676 ἐκστρατείαν
961 2602 1050 2658 καὶ
1091 2600 1326 2658 ἔκπλουν
1383 2602 1579 2657 τούτου
1633 2600 2048 2673 ένωτισάμενον.

409 2695 487 2752 Τὸ
532 2693 630 2768 γὰρ
684 2693 1117 2768 ἀκαταγώνιστον
1171 2697 1268 2747 τοῦ
1326 2689 1542 2765 ἀνδρὸς,
1571 2691 1666 2746 κάν
1689 2697 1807 2753 ταῖς
1844 2688 2050 2767 μάχαις

403 2778 769 2838 ἀνυπόστατον
831 2781 921 2836 καὶ
979 2781 1296 2856 ἀπρόσιτον,
1346 2782 1432 2836 καὶ
1496 2780 1646 2845 ὅπως
1699 2780 1935 2844 εύπετῶς
1987 2777 2051 2836 to‘

399 2871 692 2928 ἀντίπαλον
738 2872 874 2926 ἅπαν
938 2871 1011 2934 ὠς
1071 2869 1130 2926 ἔκ
1185 2892 1333 2933 τινος
1392 2870 1534 2934 θείας
1589 2871 1761 2947 ῥοπῆς
1794 2870 2052 2932 εύείκτως

398 2959 802 3039 κατεστρέφετο,
857 2957 1104 3039 ἔφριττόν
1175 2982 1233 3016 τε
1309 2962 1477 3015 πάντα
1527 2958 1651 3032 ἔθνη
1709 2960 1799 3015 καὶ
1859 2960 2047 3031 ἐτεθή-

399 3072 587 3120 πεσαν,
619 3053 704 3120 [Ρ.
744 3055 836 3124 47]
894 3051 981 3105 καὶ
1043 3051 1106 3105 ού
1164 3048 1437 3124 πολέμιον
1504 3045 1674 3126 ἔχειν,
1711 3049 1856 3106 ἀλλᾶ
1887 3049 2046 3127 φίλον

394 3139 484 3194 καὶ
517 3137 777 3210 δεσπότην
835 3139 1149 3216 ἠπείγοντο.
1210 3139 1366 3196 Οὕτω
1427 3139 1523 3213 μὲν
1575 3137 1642 3209 δὴ
1696 3141 1722 3193 ὁ
1764 3139 2047 3214 πατρίκιος
2088 3178 2131 3245 C

397 3235 442 3245 --
525 3231 537 3245 .
764 3228 776 3245 ς
869 3230 880 3245 .
944 3228 965 3245 η
1118 3229 1130 3245 ς
1233 3234 1256 3245 ..
1354 3230 1407 3245 ,η
1550 3229 1560 3245 .
1728 3227 1748 3245 9.
1855 3229 1896 3245 ,ς

396 3231 640 3300 Νικήτας
691 3228 780 3284 καὶ
836 3230 887 3284 οἱ
944 3228 1133 3285 λοιποὶ
1188 3234 1295 3284 τῶν
1354 3229 1637 3302 Ῥωμαίων
1690 3227 2046 3304 αἶ’χμάλωτοι

399 3324 506 3375 τῶν
563 3317 773 3393 δεσμῶν
838 3317 1117 3394 ῥυσθέντες
1190 3320 1281 3374 καὶ
1336 3325 1438 3388 τῆς
1504 3319 1742 3393 εἱρκτῆς,
1797 3320 1933 3393 πρὸς
1989 3319 2051 3373 τὸ

403 3409 694 3478 Βυζάντιον
751 3407 1072 3482 ἐπανῄεσαν,
1148 3410 1208 3466 Ὀ
1285 3405 1342 3463 δὲ
1412 3408 1664 3484 βασιλεὺς
1733 3407 2052 3487 Νικηφόρος

395 3497 534 3570 ἥσθη
589 3519 668 3570 τε,
729 3497 802 3562 ὠς
856 3499 918 3553 τὸ
976 3497 1139 3569 εἰκὸς,
1197 3496 1286 3553 καὶ
1345 3496 1555 3574 ἡμέραν
1627 3498 1755 3573 ἦγεν
1816 3498 2055 3574 ἑόρτιον,

404 3587 494 3641 καὶ
522 3587 617 3650 τας
651 3586 1108 3662 εὐχαριστηρίους
1139 3590 1218 3658 τῷ
1249 3590 1365 3658 Θεῷ
1395 3584 1482 3641 ἐπὶ
1511 3591 1580 3660 τῇ
1608 3591 1716 3642 τῶν
1751 3584 2049 3664 ὁμοφύλων

399 3672 778 3751 ἀπολυτρώσει
839 3673 1095 3730 ἀπεδίδου
1153 3675 1337 3749 εὐχάς.
1396 3677 1486 3731 Ἐν
1537 3675 1582 3741 ᾧ
1633 3672 1689 3729 δὲ
1737 3679 1901 3730 ταῦτα
1943 3677 2053 3746 (75)

398 3764 533 3819 κατά
587 3787 645 3820 τε
698 3767 797 3834 τὴν
859 3765 1051 3840 Συρίαν
1106 3765 1192 3819 καὶ
1252 3765 1316 3819 τὸ
1373 3765 1662 3833 Βυζάντιον
1712 3768 1792 3836 τῷ
1839 3761 2058 3838 βασιλεῖ

401 3851 768 3930 διεπράττετο,
821 3855 848 3908 ὁ
907 3854 1043 3928 πρὸς
1100 3853 1226 3917 τοὺς
1282 3853 1664 3928 Ταυροσκύθας
1697 3857 1806 3928 (76)
1841 3852 2055 3914 σταλεὶς

411 3943 677 4018 βασιλικῷ
713 3945 938 4017 νεύματι
997 3943 1315 4020 Καλοκύρης
1369 3946 1396 3999 6
1446 3945 1728 4020 πατρίκιος
1761 3946 1895 4016 (77),
1923 3944 2058 3997 κατᾶ

397 4033 493 4102 τήν
529 4032 759 4088 Σκυθίαν
809 4033 1120 4108 γενόμενος,
1180 4032 1269 4088 καὶ
1327 4037 1406 4106 τῷ
1456 4037 1563 4088 τῶν
1595 4032 1822 4107 Ταύρων
1855 4033 2055 4108 κατάρ·

411 4141 567 4197 χοντι
624 4122 931 4200 φιλιωθεὶς,
993 4121 1196 4199 δώροις
1250 4144 1308 4178 τε
1361 4123 1550 4178 τοῦτον
1612 4121 1919 4200 διαφθείρας
1967 4122 2057 4177 καὶ

407 4210 598 4286 λόγοις
670 4211 1106 4288 καταγοητεύσας
1184 4212 1497 4289 ἐπαγωγοῖς
1577 4209 1924 4290 (φιλοκερδὲς
2002 4208 2058 4266 δὲ

401 4302 537 4357 ἅπαν
573 4301 814 4366 ἐκτόπως
857 4302 920 4357 τὸ
981 4303 1267 4372 Σκυθικὸν,
1328 4303 1418 4358 καὶ
1453 4303 1643 4378 λίχνον
1678 4305 1760 4360 ὅτι
1797 4302 2056 4376 μάλιστα,

404 4390 812 4468 καὶέπιῤῥεπὲς
873 4391 1008 4466 πρὸς
1068 4391 1380 4465 λημμάτων
1445 4391 1740 4469 ὑπόσχεσιν
1797 4392 1886 4446 καὶ
1928 4391 2062 4447 ἀνά-

399 4477 588 4557 ληψιν)
675 4477 912 4537 ένέπεισε
992 4484 1244 4556 στρατιὰν
1343 4481 1724 4557 συναγηοχότα
1812 4482 2052 4557 βαρεῖαν,

2175 1887 2392 1953 raptos,
2442 1891 2733 1940 vastatum
2790 1887 2881 1941 iri.
2939 1889 3160 1952 Quibus
3221 1890 3447 1945 nuntiis
3514 1891 3817 1965 Carthagi-

2170 1972 2398 2027 niensis
2426 1977 2760 2044 exterritus,
2793 1977 2961 2048 quasi
2996 1979 3350 2049 quibusdam
3383 1981 3814 2053 Scythicisjus-

2171 2061 2460 2132 sionibus,
2493 2070 2555 2118 ut
2583 2065 2643 2119 in
2675 2067 2982 2137 proverbio
3015 2075 3123 2132 est,
3154 2074 3279 2123 tum
3312 2071 3572 2125 Nicetam
3621 2071 3814 2142 patri-

2169 2152 2349 2222 cium,
2383 2160 2508 2209 tum
2540 2157 2640 2226 qui
2674 2173 2791 2212 una
2825 2175 2957 2212 cum
2992 2159 3094 2214 illo
3125 2161 3335 2230 captivi
3367 2160 3504 2215 facti
3547 2162 3806 2227 fuerant,

2169 2247 2227 2297 et
2257 2244 2500 2298 omnino
2533 2247 2828 2302 Romanos
2859 2264 3267 2319 quoscumque
3299 2249 3546 2304 diversis
3577 2250 3724 2305 locis
3754 2250 3817 2305 in

2167 2334 2437 2388 custodia
2465 2334 2691 2390 vinctos
2723 2337 3078 2392 asservabat.
3114 2338 3443 2408 Nicephoro
3466 2339 3811 2411 imperatori

2167 2422 2320 2478 dono
2355 2423 2534 2478 misit.
2595 2425 2867 2480 Formido
2920 2427 3078 2480 enim
3128 2427 3296 2481 illum
3342 2428 3687 2496 incesserat,
3742 2428 3812 2482 de

2165 2513 2432 2567 terrestri
2491 2515 2806 2586 navalique
2855 2523 3141 2587 apparatu
3189 2523 3392 2572 nostro
3447 2518 3813 2575 audientem.

2165 2601 2390 2672 Quippe
2423 2602 2701 2657 invictam
2745 2605 3120 2675 imperatoris
3152 2607 3290 2668 vim,
3350 2607 3725 2662 intolerabile
3757 2609 3818 2663 in

2163 2692 2386 2763 praaliis
2413 2698 2592 2763 atque
2624 2695 2997 2750 inaccessum
3060 2696 3264 2765 robur,
3317 2699 3819 2768 quemadmodum

2168 2781 2334 2836 nullo
2369 2783 2604 2850 negotio
2649 2783 3016 2840 adversarios
3057 2786 3355 2856 quoslibet
3403 2789 3572 2857 quasi
3620 2788 3816 2844 divino

2165 2871 2422 2941 quodam
2464 2871 2725 2942 impulsu
2775 2880 3046 2944 prompte
3095 2874 3410 2946 subigeret,
3467 2877 3818 2932 verebantur

2161 2976 2367 3015 omnes
2394 2960 2669 3015 nationes
2708 2967 2884 3032 atque
2915 2962 3432 3034 obstupescebant,
3487 2981 3681 3036 neque
3715 2967 3819 3022 ho-

2161 3054 2309 3104 stem
2342 3049 2560 3105 habere
2594 3049 2783 3117 illum,
2817 3067 3018 3105 verum
3072 3053 3330 3108 amicum
3385 3071 3452 3109 ac
3495 3055 3811 3110 dominum

2163 3139 2583 3211 pr0perabant.
2640 3141 2702 3195 In
2753 3140 2911 3195 hunc
2960 3141 3203 3196 modum
3252 3143 3483 3199 Nicetas
3525 3145 3811 3215 patricius

2166 3230 2516 3300 cmterisque
2542 3230 2754 3302 captivi
2781 3231 3075 3286 Romanie
3099 3232 3350 3287 vinculis
3375 3250 3523 3305 eque
3541 3235 3810 3291 custodia

2160 3321 2738 3392 Constantinopolim
2771 3327 3160 3378 reverterunt.
3195 3323 3559 3395 Nicephorus
3607 3331 3808 3382 autem

2162 3410 2504 3482 imperator,
2546 3411 2799 3478 laetatus,
2828 3417 2894 3467 ut
2945 3430 3052 3484 par
3121 3415 3212 3467 77
3279 3421 3423 3482 erat,
3484 3416 3639 3472 diem
3697 3418 3816 3490 egit

2160 3499 2400 3565 festum,
2424 3505 2737 3572 gratesque
2765 3502 2880 3556 Deo
2905 3502 2976 3556 ob
2993 3501 3371 3573 popularium
3392 3503 3814 3561 liberationem

2161 3589 2443 3659 persolvit
2473 3605 2701 3660 preces.
2736 3591 2871 3644 Haec
2901 3589 3042 3644 dum
3075 3590 3134 3643 in
3167 3591 3334 3662 Syria
3364 3598 3542 3663 atque
3574 3594 3636 3648 in
3669 3595 3812 3650 urbe

2162 3677 2234 3732 ab
2266 3677 2619 3748 imperatore
2651 3684 2957 3750 geruntur,
2991 3679 3302 3750 Calocyres
3351 3682 3660 3751 patricius,
3711 3685 3812 3753 qui

2161 3773 2410 3838 augusto
2443 3771 2589 3820 nutu
2624 3767 2697 3821 ad
2730 3769 3159 3840 Tauroscythas
3180 3769 3400 3824 missus
3432 3771 3643 3839 fuerat,
3678 3789 3812 3827 cum

2163 3855 2224 3909 in
2257 3855 2555 3927 Scythiam
2588 3856 2973 3926 pervenisset,
3006 3858 3331 3914 Taurorum
3364 3861 3500 3932 Regi
3553 3862 3815 3917 amicitia

2156 3945 2402 4016 junctus
2435 3945 2783 4000 muneribus
2817 3962 2950 4000 eum
2982 3948 3267 4019 corrupit,
3301 3950 3612 4021 verbisque
3642 3950 3810 4007 blan-

2165 4033 2254 4088 dis
2287 4033 2572 4089 fascinato
2603 4033 2775 4103 (lucri
2813 4035 2970 4090 enim
3001 4036 3217 4108 cupida
3256 4043 3344 4092 est
3373 4045 3536 4094 extra
3567 4041 3810 4095 modum

2164 4123 2441 4178 universa
2469 4123 2818 4195 Scytharum
2845 4125 3028 4192 natio,
3059 4125 3347 4197 avidaque
3393 4128 3453 4182 in
3485 4129 3709 4200 primis,
3743 4146 3811 4185 ac

2164 4213 2458 4284 proclivis,
2486 4214 2604 4268 sive
2628 4215 2941 4286 promittas
2963 4221 3278 4286 quaestum,
3312 4217 3428 4273 sive
3448 4219 3810 4292 suppedites)

2165 4309 2370 4358 auctor
2390 4302 2520 4373 fuit,
2553 4309 2617 4358 ut
2656 4304 2812 4376 gravi
2835 4310 3035 4360 coacto
3055 4307 3345 4363 exercitus
3368 4315 3573 4364 contra
3602 4313 3807 4365 Moesos

2164 4393 2672 4465 proﬁcisceretur:
2698 4393 2914 4464 quibus
2933 4395 3242 4451 debellatis
3265 4403 3330 4451 ut
3350 4399 3650 4470 regionem
3685 4417 3806 4454 sua:

2165 4483 2473 4555 potestatis
2502 4483 2743 4550 faceret,
2778 4500 2964 4554 eaque
2997 4503 3099 4556 pro
3131 4486 3430 4542 domicilio
3464 4488 3588 4558 ipse
3618 4494 3808 4545 utere-

402 4568 642 4626 έλαύνειν
697 4571 834 4627 κατᾶ
890 4574 1112 4630 Μυσῶν·
1175 4570 1400 4636 τούτους
1461 4570 1518 4627 δὲ
1546 4574 2047 4649 καταγωνισάμενον

2164 4580 2277 4641 tur,
2312 4572 2424 4628 sibi
2463 4589 2597 4627 vero
2626 4573 2904 4627 adversus
2937 4576 3232 4629 Romanos
3263 4593 3436 4646 opem
3488 4577 3689 4646 ferret,
3740 4583 3806 4632 ut

405 4661 843 4735 ὑποποιήσασθαι
907 4663 1000 4737 μὲν
1053 4664 1153 4734 τὴν
1218 4664 1405 4741 χώραν
1477 4661 1567 4718 καὶ
1623 4661 1822 4734 ταύτην
1879 4683 2050 4739 ρπαα-

2161 4665 2410 4737 imperio
2461 4664 2772 4736 potiretur,
2831 4667 3353 4738 Romanorumque
3404 4666 3804 4744 principatum

1593 4837 1654 4892 C.
1698 4837 1758 4892 Β.
1810 4835 1998 4893 HASII
2045 4834 2601 4891 ANNOTATIONES.

464 5006 650 5079 φατόν]
677 5009 785 5061 τῶν
815 5005 944 5079 cod.
1047 5007 1094 5044 6³
1124 5006 1337 5077 ἇνήσοι,
1370 5008 1463 5064 Sic
1493 5007 1621 5063 cod.
1655 5007 1809 5064 Fort.
1843 5005 1966 5079 ἂνῇ.

398 5079 419 5114 ⁵
447 5077 552 5133 ἀπὸ
593 5077 818 5134 Σκυθῶν
853 5077 1060 5156 ῥήσεσι.
1095 5081 1224 5138 Vid.
1259 5097 1438 5151 supra
1467 5082 1555 5134 28.
1592 5083 1658 5135 A.

468 5230 576 5303 (‘75)
600 5232 715 5288 Sub
741 5233 898 5288 idem
921 5237 1153 5304 tempus
1175 5231 1405 5304 videtur
1424 5230 1710 5286 accidisse
1733 5230 2043 5304 Nicephori

399 5305 819 5377 peregrinatio.
854 5305 953 5376 qui
985 5303 1141 5377 apud
1171 5303 1504 5377 Cedrenum
1540 5305 1612 5377 Il.
1647 5306 1772 5377 660ἒ
1801 5305 1860 5358 Β.
1895 5303 2041 5377 urbe

398 5373 648 5431 movisse
692 5373 917 5457 dicitur
959 5373 1050 5436 τάξ
1097 5374 1152 5457 έν
1192 5379 1262 5449 τῇ
1307 5373 1487 5457 Θρᾴκῃ
1520 5373 1714 5435 πόλεις
1756 5373 2041 5457 ἐπισκεπό-

399 5448 747 5574 utev‘oqadUbi
805 5447 845 5503 l.
899 5445 1618 5520 ἐπισκεψόμενος,’]ιιῦθιιιε
1659 5447 2044 5519 grammatica

395 5534 424 5574 e
509 5524 556 5573 ὀ
648 5563 658 5572 .

467 5590 577 5621 Ρτίξὶ
609 5590 992 5621 Πηννιιυ-ιίξηῖησ
1023 5607 1092 5621 nn
1145 5591 1260 5621 Ὁηη
1311 5592 1384 5621 Ῐῖΐ
1435 5595 1503 5621 0n
1560 5591 1682 5621 ι-ηνυι
1715 5591 2036 5621 ητΛνιᾹι-ιημ..

465 5590 578 5663 (76)
609 5589 995 5674 Combeﬁsius
1021 5607 1114 5675 ap:
1144 5591 1278 5663 Pag.
1310 5592 1402 5676 iV.
1435 5595 1524 5674 20.
1560 5591 1683 5647 haec
1715 5591 1998 5647 mendose
2024 5608 2036 5647 :

393 5660 654 5734 Calocyri
683 5664 810 5736 (διο)
843 5693 912 5708 -ο
935 5679 1058 5720 cum
1088 5679 1146 5718 ιη
1189 5664 1359 5734 Syria
1395 5666 1523 5735 (διο)
1562 5679 1783 5722 versans
1835 5665 2040 5720 Tauro-

2070 5002 2118 5038 ⁶⁴
2145 5001 2284 5072 ἤτω.
2347 5002 2439 5056 Sic
2481 5000 2609 5059 cod.
2656 5001 3037 5074 imperative:
3071 5004 3216 5060 verti
3266 5021 3333 5061 ac
3387 5006 3434 5062 si
3489 5013 3644 5064 esset
3672 5006 3796 5077 ἧτο.

2146 5243 2269 5281 rum
2299 5225 2544 5304 amicitia
2565 5225 2795 5295 junctus
2825 5233 2975 5294 esset,
3001 5244 3063 5282 ac
3077 5229 3394 5287 muneribus
3411 5248 3530 5287 eum
3550 5232 3796 5304 (quem?)

2147 5299 2493 5367 corrupisset.

2218 5365 2327 5439 (77)
2360 5365 2676 5440 Καλοκυρὸς
2708 5369 2955 5440 Scylitza
3003 5371 3252 5428 historia
3283 5392 3392 5432 ms.
3457 5383 3514 5431 et
3568 5377 3780 5433 Cedre-

2146 5459 2259 5520 nus
2289 5442 2358 5520 ῌ.
2393 5443 2516 5520 ὃθϐ.
2549 5441 2609 5496 Β.
2642 5440 2761 5520 (ubi
2791 5442 2850 5520 in
2881 5443 3095 5512 verbis,
3129 5443 3289 5506 αὐτὸς
3329 5453 3515 5520 τῆςγτε
3545 5447 3793 5520 Βουλγα-

2147 5514 2264 5588 ρίας
2295 5510 2907 5591 έκστήσεται,)ίίῐιςυίεὶ,
2971 5510 3286 5591 ᾳμερ-ᾶῐιίεξ
3341 5510 3496 5591 αύτὸς
3553 5510 3792 5591 legitur,

2145 5584 2279 5658 post
2310 5584 2580 5653 locanda,
2607 5584 2959 5656 jubentibus
2988 5584 3171 5643 Codd.
3205 5590 3520 5650 omnibus.)
