4186 6308
391 313 512 377 775

1792 307 2073 370 LEONIS
2117 309 2406 372 DIACON
2414 312 2442 372 Ι

3693 314 3818 378 ’ΠΒ

398 444 712 502 doslabum
731 446 953 516 posset,
975 458 1097 498 non
1111 440 1286 497 facile
1308 438 1495 512 ipsius
1516 438 2050 495 voluntatimorem

2164 435 2565 517 Σφενδοσλάϐῳ
2613 439 2931 516 δυνηθέντα,
3014 445 3092 518 μὴ
3119 442 3354 508 εύείκτος
3395 444 3443 481 ⁷³
3490 449 3572 519 τῷ
3614 444 3817 503 τούτου

399 534 749 607 gesturum),
784 532 857 588 ad
887 534 1095 588 Mmsos
1124 530 1342 603 potius,
1375 527 1587 584 iisdem
1610 533 1788 600 atque
1808 528 1938 600 ipse
1959 545 2054 583 re-

397 623 723 696 ligionibus
750 622 1002 689 deditos,
1037 621 1232 693 legare
1264 617 1590 674 constituit.
1621 617 1879 673 Proinde
1910 633 2052 673 ora-

398 718 559 769 tores
590 712 662 768 ad
683 711 819 766 illos
839 711 1024 775 misit,
1049 708 1443 780 Nicephorum
1470 707 1808 779 patricium,
1835 722 2054 779 cogno-

404 807 607 857 mento
659 800 980 866 Eroticum,
1041 803 1101 854 et
1173 797 1569 862 Philotheum,
1630 797 2054 852 Euchaitarum

401 888 752 955 antistitem,
780 886 1234 957 communisque
1251 885 1657 957 persuasionis
1678 901 1779 940 eos
1798 899 2054 940 comma.

357 1039 361 1043 ,
402 978 623 1034 nefecit
651 976 1144 1049 (Christianorum
1177 975 1339 1029 enim
1398 974 1577 1029 fidem
1623 974 1770 1029 citra
1817 978 2055 1029 contro-

400 1067 653 1122 versiam
676 1065 882 1121 colunt
909 1065 1114 1136 Maasi),
1147 1064 1518 1137 virginesque
1541 1062 1775 1135 generis
1806 1062 1951 1134 regii
1978 1061 2049 1118 ab

398 1156 474 1212 iis
505 1156 795 1228 poposcit,
830 1173 978 1227 quas
1010 1154 1259 1211 Romani
1306 1154 1553 1226 Augusti
1599 1153 1740 1209 ﬁliis
1788 1153 2053 1209 colloca-

400 1250 516 1314 ret,
548 1249 614 1300 ut
642 1261 713 1300 ex
745 1244 1035 1299 afﬁnitate
1066 1242 1429 1299 inviolabilis
1459 1243 1619 1297 inter
1659 1244 1955 1298 Romanos
1986 1257 2055 1296 ac

396 1336 605 1391 Maasos
630 1334 972 1390 conciliatio
996 1340 1180 1406 atque
1211 1333 1474 1389 amicitia
1502 1332 1859 1388 ﬁrmaretur.
1894 1330 2054 1387 Mazsi

390 1422 579 1478 hilare
610 1423 905 1495 legatione
936 1427 1179 1494 accepta
1206 1421 1437 1493 puellas
1472 1437 1541 1476 ex
1583 1420 1870 1492 sanguine
1893 1419 2052 1492 regio

398 1512 682 1584 plaustris
712 1512 1021 1584 impositas
1053 1510 1155 1566 80
1185 1512 1645 1581 (consueverunt
1684 1514 1882 1564 autem
1913 1524 2053 1563 mu-

400 1601 581 1659 lieres
603 1603 913 1657 Mazsorum
942 1600 1225 1672 plaustris
1247 1600 1403 1668 vehi)
1435 1598 1763 1671 Nicephoro
1796 1598 2051 1669 impera-

401 1691 514 1746 tori
531 1691 825 1747 miserunt
844 1707 856 1745 :
882 1696 1075 1759 orant,
1105 1690 1546 1762 quamprimum
1568 1688 1679 1744 sibi
1695 1687 2052 1755 subveniret,

402 1780 661 1837 securim
691 1782 1038 1848 Taurorum,
1072 1781 1195 1836 suis
1225 1779 1553 1836 cervicibus
1583 1778 2050 1851 impendentem,
2084 1816 2132 1882 Β

400 1876 711 1940 averteret,
744 1872 1093 1944 irritamque
1122 1871 1418 1926 redderet.
1452 1878 1532 1925 Ac
1561 1869 1825 1941 profecto
1856 1869 1903 1924 si
1926 1869 2054 1941 opi-

400 1962 627 2018 tulatus
659 1967 817 2017 esset
841 1961 987 2029 illis,
1016 1961 1160 2017 item
1194 1967 1415 2032 tmpaaa
1461 1959 1532 2014 de
1580 1958 1787 2014 Tauris
1834 1958 2055 2013 consti'

400 2052 636 2120 tuisset,
668 2058 734 2107 ut
766 2049 836 2106 de
862 2050 1162 2118 omnibus,
1187 2049 1402 2122 quibus
1423 2050 1688 2105 Romana
1709 2048 1878 2120 signa
1896 2046 2054 2101 intu-

405 2143 577 2199 lerat.
617 2143 829 2197 Verum
865 2141 1165 2196 enimvero
1196 2156 1373 2211 parvo
1413 2142 1716 2194 momento
1748 2153 2053 2208 suspensae

398 2250 496 2289 res
522 2232 822 2297 humanm,
855 2230 1139 2301 tenuique
1173 2228 1294 2295 ﬁlo,
1327 2233 1395 2283 ut
1423 2228 1505 2282 ita
1525 2227 1742 2294 dicam,
1785 2225 2054 2295 sublatae,

402 2321 467 2376 in
497 2320 861 2377 contrariam
921 2335 1156 2390 quoque
1216 2323 1444 2390 partem
1503 2315 1699 2371 solent
1754 2314 2052 2370 inclinari.

402 2416 580 2469 Recte
595 2412 754 2467 enim
771 2409 1051 2465 nonnulli
1065 2403 2056 2480 opinantur,sicutmalevolentiam

402 2501 726 2572 quamdam
745 2498 1034 2566 numinis,
1054 2497 1193 2553 item
1217 2495 1497 2550 invidiam
1521 2493 1831 2549 hominum
1848 2491 2053 2548 claris-

399 2588 568 2645 simis
598 2585 1151 2660 potentissimisque
1177 2583 1316 2638 viris
1344 2581 1664 2648 adversari,
1705 2596 1925 2651 eosque
1954 2579 2056 2634 de-

400 2679 622 2750 cipere,
654 2681 942 2744 evertere,
974 2674 1048 2730 ad
1078 2673 1334 2729 nihilum
1372 2671 1661 2745 redigere.
1704 2669 1869 2737 Quod
1900 2670 2056 2725 idem

400 2771 546 2821 tunc
578 2782 814 2838 quoque
847 2764 1173 2836 Nicephoro
1208 2762 1576 2834 imperatori,
1610 2777 1745 2816 cum
1795 2758 2055 2816 secundo

403 2873 582 2912 cursu
619 2855 709 2910 illi
738 2855 942 2910 omnia
971 2854 1247 2922 ﬂuerent,
1280 2852 1469 2924 magis
1501 2867 1678 2923 quam
1711 2849 1818 2905 ulli
1851 2865 2057 2905 eorum

403 2946 505 3017 qui
531 2950 667 3001 ante
692 2944 1093 3018 principatum
1112 2941 1506 3007 obtinuerint,
1528 2939 1762 2995 accidit.
1786 2940 1902 3012 Ego
1919 2955 2055 2994 vero

406 3034 558 3090 illud
589 3034 742 3105 dico,
759 3032 1045 3106 singulari
1067 3030 1333 3086 numinis
1356 3029 1726 3102 providentia
1746 3029 2058 3084 hominum

401 3123 694 3179 secundas
724 3140 821 3178 res
850 3123 912 3176 in
944 3121 1307 3176 contrarium
1340 3118 1508 3185 verti,
1540 3117 1627 3173 uti
1658 3118 1743 3172 sic
1796 3117 2049 3183 discant,

402 3211 685 3268 mortales
716 3228 778 3266 se
810 3226 939 3265 esse
973 3215 1149 3281 atque
1190 3207 1468 3276 caducos,
1526 3223 1724 3278 neque
1776 3206 1911 3279 plus
1960 3206 2049 3260 in-
2082 3181 2126 3248 δ

398 3301 622 3356 ﬂentur
643 3316 822 3371 quam
853 3299 930 3353 sit
950 3298 1114 3353 satis.
1143 3299 1270 3354 .Iam
1294 3298 1455 3352 enim
1473 3295 1717 3368 quidam
1749 3294 2049 3367 prosperi-

402 3389 622 3446 tatibus
654 3389 747 3445 usi
778 3389 1119 3461 praeliisque
1151 3388 1293 3444 clari
1329 3387 1471 3442 deos
1489 3402 1550 3442 se
1570 3386 1897 3458 praedicare
1927 3401 2048 3440 non

401 3485 543 3536 sunt
563 3479 753 3548 veriti,
779 3480 966 3551 ipsam
994 3478 1422 3550 providentiam
1451 3477 1835 3533 lacessentes.
1867 3473 2047 3547 Cujus

396 3571 485 3626 rei
517 3568 788 3641 exempla
817 3574 958 3625 sunt
986 3568 1152 3624 Aloei
1181 3568 1289 3623 filii
1320 3571 1456 3622 Otus
1504 3570 1562 3621 et
1610 3564 1933 3637 Ephialtes,
1984 3562 2047 3619 in

398 3660 634 3725 cailum,
661 3659 709 3715 si
740 3658 1002 3714 fabulam
1035 3657 1332 3725 audimus,
1365 3655 1690 3713 ascendere
1738 3654 1958 3723 conati,
1990 3659 2049 3709 et

397 3748 946 3805 Nabuchodonosor
976 3746 1358 3819 Babylonius,
1390 3745 1483 3801 81
1522 3749 1776 3800 statuam
1817 3758 2048 3814 ponens

396 3839 594 3907 sibi,et
613 3837 1217 3909 AlexanderPhilippi
1245 3833 1852 3907 ﬁlius,quiAmmonis
1869 3832 2046 3889 filium

392 3928 577 3984 voluit
607 3944 669 3984 se
700 3927 1019 3983 nominari.
1055 3926 1221 3982 Haud
1251 3926 1477 3999 injuria
1505 3924 1685 3997 igitur
1724 3922 2044 3979 mutabiles

2165 527 2435 603 θελήματι
2522 534 2885 607 σπείσασθαι),
2998 534 3134 610 πρὸς
3211 533 3339 596 τοὺς
3433 535 3815 610 ὁμοθρήσκους

2165 618 2385 682 Μυσοὺς
2438 616 2800 678 ἐϐουλεύσατο
2863 623 3076 696 μᾶλλον
3135 619 3421 700 πρεσϐείαν
3481 623 3813 690 στείλασθαι.

2164 707 2260 762 Καὶ
2294 705 2432 778 δῆτα
2462 705 2715 783 πρέσϐεις
2747 711 2822 774 ὡς
2850 710 3046 768 αὐτοὺς
3074 708 3318 785 ἔστελλε,
3372 713 3463 770 τόν
3507 735 3566 770 τε
3613 713 3806 792 πατρὶ-

2160 818 2281 853 κιον
2340 801 2678 877 Νικηφόρον,
2736 801 2783 873 ᾧ
2838 801 2902 856 τὸ
2959 800 3245 876 ἐπώνυμον
3336 804 3654 878 Ἐρωτικὸς,
3722 805 3811 859 καὶ

2163 884 2454 957 Φιλόοεον,
2502 887 2595 944 τὰν
2642 894 2749 945 τῶν
2796 888 3082 966 Εὖχαΐτων
3129 889 3416 968 προεδρον,
3459 891 3549 948 καὶ
3597 896 3697 958 τῆς
3749 913 3809 949 τε

2164 976 2452 1053 θρησκείας
2483 980 2681 1043 αὐτοὺς
2741 981 3123 1054 ὑπεμίμνησκε
3180 983 3268 1057 (τά
3322 986 3662 1060 Χριστιανῶν
3709 984 3809 1059 γὰρ

2164 1067 2572 1144 ἇναπιρῤἡτως
2625 1065 3017 1146 πρεσϐεύουσιν
3075 1073 3128 1128 οἱ
3187 1073 3409 1147 Μυσοὶ),
3468 1073 3558 1128 καὶ
3615 1073 3815 1149 παρθὲο

2160 1175 2287 1218 νους
2307 1160 2404 1212 τοῦ
2437 1155 2722 1234 βασιλικοῦ
2750 1160 2936 1234 γὲνους
2986 1159 3182 1234 ἐξῄτει,
3233 1162 3308 1225 ὡς
3353 1161 3560 1237 συνάψῃ
3605 1162 3805 1226 ταύτας

2160 1250 2279 1308 τοῖς
2306 1250 2404 1302 τοῦ
2450 1247 2851 1323 αὐτοκράτορος
2906 1250 3191 1324 Ῥωμανοῦ
3238 1251 3416 1321 παισὶ,
3469 1251 3559 1307 καὶ
3619 1249 3814 1329 ἀδιάρο

2163 1334 2363 1412 ῥηκτος
2396 1336 2455 1392 ἐκ
2481 1341 2580 1392 τοῦ
2637 1335 2840 1409 κήδους
2873 1338 2998 1409 ἣτε
3054 1340 3105 1378 ⁷⁴
3161 1341 3300 1416 πρὸς
3355 1341 3664 1414 Ῥωμαίους
3715 1339 3809 1397 καὶ

2159 1423 2287 1488 τοὺς
2320 1424 2539 1489 Μυσοὺς
2570 1426 2893 1503 καταλλαγή
2943 1429 3034 1484 καὶ
3085 1428 3242 1505 φιλία
3289 1427 3605 1504 ἐμπεδωοῇ.
3652 1430 3722 1488 Οἱ
3751 1426 3810 1485 δὶ

2162 1514 2338 1570 Μυσοὶ
2368 1512 2588 1588 ἅσμενοί
2616 1516 2716 1585 τὴν
2752 1512 3040 1593 πρεσϐείαν
3091 1516 3376 1595 ἐδέχοντο,
3420 1518 3510 1573 καὶ
3566 1517 3730 1594 κόρας
3757 1517 3837 1592 ἐξ

2163 1600 2393 1674 αἳματος
2450 1606 2548 1657 τοῦ
2607 1601 2898 1679 βασιλικοῦ
2953 1603 3042 1661 ἐπὶ
3101 1607 3319 1679 ἁμαξῶν
3402 1600 3819 1671 ἀναϐιϐάσαντες

2163 1689 2490 1763 (εἰθισμένον
2521 1688 2579 1747 δὶ
2601 1692 2805 1767 γυναιξὶ
2853 1697 3071 1766 Μυσῶν,
3131 1694 3212 1771 ἐφ’
3259 1696 3477 1769 ἁμαξῶν
3517 1696 3813 1771 ὀχεῖσθαι),

2161 1784 2242 1853 τῷ
2296 1781 2657 1857 αὐτοκράτορι
2750 1782 3053 1859 Νικηφόρῳ
3134 1784 3455 1858 ἐξέπεμπον,
3542 1783 3813 1858 ἐπαμῦναι

2174 1869 2352 1947 σφίσιν
2382 1870 2465 1925 ὅτι
2495 1872 2729 1946 τάχιστα
2755 1874 3145 1945 ποτνιώμενοι,
3170 1873 3263 1929 καὶ
3289 1873 3382 1929 τὸν
3434 1880 3558 1937 τοῖς
3607 1874 3809 1949 αὐχέσι

2159 1959 2339 2014 αὐτῶν
2396 1958 2760 2033 ἐπικείμενονξ
2795 1963 2881 2035 [Ρ.
2937 1965 3030 2036 4-9]
3086 1963 3314 2020 πέλεκυν
3394 1967 3502 2018 τῶν
3578 1962 3808 2039 Ταύρων

2160 2045 2460 2123 ἀποτρέψαι
2543 2049 2633 2103 καὶ
2716 2050 2868 2106 κενὸν
2981 2053 3402 2129 ἀπεργάσασθαι.
3518 2052 3618 2111 Καὲ
3704 2049 3802 2107 κάν

2161 2135 2407 2208 ἐπήμυνε
2435 2137 2482 2173 ⁷⁵
2504 2138 2743 2206 τούτοις,
2802 2139 2893 2194 καὶ
2943 2140 3177 2215 τρόπαια
3233 2142 3370 2203 κατά
3423 2145 3530 2196 τῶν
3592 2140 3812 2217 Ταύρων

2159 2224 2438 2296 ἐστήσατο,
2473 2225 2586 2282 ἐπεὶ
2622 2227 2714 2282 καὶ
2771 2228 2909 2284 κατὰ
2959 2230 3200 2300 πάντων,
3256 2230 3393 2302 πρὸς
3445 2229 3539 2292 οῦς
3594 2230 3654 2285 ἄν
3699 2232 3801 2300 τήν

2160 2315 2476 2387 Ῥωμαϊκὴν
2508 2315 2866 2392 ἆντεπήνεγκε
2924 2315 3175 2392 δύναμιν.
3229 2317 3390 2377 ’Δλλ’
3448 2320 3553 2374 άπὸ
3614 2322 3812 2392 μικρᾶς

2162 2403 2338 2480 ῥοπῆς
2366 2402 2714 2478 αἲωρούμενα
2749 2407 2817 2460 τά
2876 2408 3208 2481 ἀνθρώπινα,
3269 2408 3359 2463 καὶ
3414 2407 3485 2470 ὡς
3545 2405 3604 2462 ἔκ
3659 2427 3807 2469 τινος

2163 2491 2330 2548 εἰπεῖν
2391 2491 2597 2563 λεπτῆς
2625 2496 2669 2532 ⁷⁸
2699 2494 2902 2571 κρόκης
2951 2495 3441 2572 ἐκκρεμαννύμενα,
3482 2495 3572 2551 καὶ
3616 2495 3694 2559 εἷς
3720 2496 3808 2551 ’τὸ

2161 2581 2397 2639 ἐναντίον
2453 2582 2611 2648 εἷ’ωθε
2657 2591 3010 2661 περιχωρεῖν.
3071 2585 3478 2665 ’Λνεπισιραλῶς
3539 2589 3638 2662 γάρ
3696 2589 3808 2664 (8'2)

2157 2690 2300 2734 τινες
2325 2669 2528 2726 οἷόνται
2556 2671 2769 2744 νέμεσίν
2824 2694 2948 2728 τινα
2966 2673 3107 2729 Θείαν
3153 2674 3243 2729 καὶ
3290 2673 3481 2752 φθόνον
3531 2673 3809 2748 ἀνθρώπι-

2161 2780 2253 2814 νον
2283 2764 2402 2822 τοῖς
2431 2760 2728 2833 ἐπισήμοις
2764 2763 2854 2816 καὶ
2913 2762 3327 2837 ἀλκιμωτάτοις
3377 2759 3599 2839 ἀνδράσι
3648 2781 3814 2838 προσ-

2165 2847 2426 2921 ἵστασθαι,
2515 2845 2830 2928 σφάλλοντα
2907 2853 3155 2921 τούτους,
3242 2852 3331 2908 καὶ
3389 2851 3804 2926 περιτρέποντα,

2158 2938 2250 2995 καὶ
2285 2938 2363 3002 εἷς
2393 2938 2457 2994 τὸ
2493 2936 2664 3013 μηδὲν
2696 2938 3103 2998 συνελαύνοντα.
3138 2945 3243 3002 Οἷα
3302 2940 3369 3012 δὴ
3412 2942 3502 2997 καὶ
3558 2942 3683 2997 τότε
3731 2945 3812 3015 τῷ

2160 3028 2522 3104 αὐτοκράτορι
2581 3028 2903 3107 Νικηφὸρῳ,
2961 3030 3096 3086 κατὰ
3153 3030 3282 3108 ῥοῦν
3346 3030 3493 3103 αύτῷ
3544 3030 3591 3065 ⁷⁷
3651 3050 3809 3110 φερο-

2166 3118 2342 3189 μένων
2373 3120 2416 3154 ⁷⁸
2443 3122 2552 3173 τῶν
2584 3121 2941 3195 πραγμάτων,
2972 3119 3064 3175 καὶ
3094 3120 3168 3183 ὡς
3200 3118 3301 3175 οὐκ
3327 3116 3487 3193 ἃλλῳ
3541 3123 3653 3175 τῶν
3703 3119 3808 3194 πρὸ

2159 3204 2323 3261 αὐτοῦ
2381 3207 2865 3281 ἡγεμονευσάντων
2922 3212 3058 3283 (83),
3110 3203 3473 3283 συμϐέϐηκεν.
3528 3208 3675 3284 Ἐγὼ
3752 3205 3810 3264 δὶ

2158 3294 2319 3351 τοῦτό
2351 3317 2518 3373 φημι,
2552 3295 2636 3352 ὅτι
2667 3296 2942 3374 ἀμηχάνῳ
2986 3302 3084 3354 τοῦ
3134 3297 3447 3374 κρείττονος
3492 3296 3811 3375 προμηθείᾳ

2158 3381 2268 3456 ἤδη
2289 3390 2408 3448 τοῖς
2466 3385 2775 3462 ἀνθρώποις
2863 3384 3154 3463 εύροοῦντα
3231 3388 3297 3443 oi
3379 3388 3676 3463 πράγματα
3732 3386 3808 3449 εἰς

2156 3473 2468 3531 τούναντίον
2525 3474 3013 3552 ἆντιπεριίσταται,
3069 3478 3146 3541 ὡς
3222 3476 3394 3553 ταύτῃ
3473 3473 3805 3533 παιδευθεῖεν

2158 3564 2348 3635 θνητοῖ
2402 3560 2551 3628 ὄντες
2637 3565 2726 3621 καὶ
2792 3567 3139 3643 πρόσκαιροι,
3196 3566 3287 3622 καὶ
3349 3568 3425 3640 μή
3502 3567 3807 3642 περαιτέρω

2157 3658 2367 3731 φυσῷεν
2393 3658 2493 3709 τοῦ
2521 3657 2901 3732 προσήκοντος
2930 3660 3064 3732 (84).
3096 3653 3239 3727 Ἤδη
3287 3654 3391 3733 γάρ
3420 3677 3563 3719 τινες
3614 3655 3810 3733 εὐπρα-

2154 3742 2299 3818 γίαις
2332 3738 2614 3807 ἐπιϐάντες
2645 3744 2735 3800 καὶ
2768 3745 2902 3800 κατὰ
2939 3745 3033 3808 τὰς
3092 3747 3278 3821 μάχας
3327 3742 3804 3820 εὐδοκιμήσαντες,

2156 3831 2308 3895 θεοὺς
2334 3830 2569 3889 ἀνειπεῖν
2623 3836 2669 3872 ’⁸⁸
2723 3833 2917 3899 αὐτοὺς
2966 3833 3065 3890 οὒκ
3122 3835 3441 3908 ἐνάρκησαν,
3499 3833 3577 3899 εἷς
3633 3834 3802 3904 αὖτήι

2153 3921 2253 3990 τὴν
2286 3920 2551 3998 Πρόνοιαν
2581 3918 2975 4000 ἐξυϐρίσαντες.
3036 3920 3606 4002 Παράδειγματούτων
3627 3925 3680 3979 οἱ
3707 3928 3807 3981 τοῦ

1595 4097 1656 4153 C.
1699 4097 1762 4150 B.
1806 4097 1995 4152 llASII
2034 4095 2592 4154 ANNOTATIONES.

462 4284 507 4318 ⁷³
536 4280 776 4352 εύήκτως
805 4281 934 4338 cod.
1038 4280 1087 4316 ⁷⁴
1115 4279 1151 4350 ἢ
1181 4282 1260 4352 τε]
1294 4279 1399 4335 εἴτε
1439 4280 1569 4338 cod.

1671 4280 1718 4317 ⁷⁸
1749 4279 2005 4339 ἐπίμυναι
2036 4282 2164 4339 cod.

462 4284 507 4318 ⁷³
536 4282 776 4352 εύήκτως
805 4282 934 4338 cod.
1038 4282 1087 4316 ⁷⁴
1115 4282 1151 4350 ἢ
1181 4282 1260 4352 τε]
1294 4282 1399 4335 εἴτε
1439 4282 1569 4338 cod.
1671 4282 1718 4317 ⁷⁸
1749 4282 2005 4353 ὲπῖμυναι
2036 4299 2051 4338 ι

392 4352 635 4430 ρομένων
665 4353 795 4411 cod.
829 4353 1052 4410 Deinde
1084 4359 1221 4427 post
1248 4350 1727 4427 ὴγεμονευσάντων
1757 4353 1985 4410 videtur
2009 4354 2046 4410 d

2162 4328 2164 4338 ι
2271 4282 2317 4318 ⁷⁸
2346 4282 2511 4351 λεπτῆ

2162 4370 2217 4411 se
2245 4354 2511 4410 verbum.

2271 4279 2317 4318 ⁷⁸
2346 4279 2573 4356 λεπτῆς]
2612 4278 2823 4356 λιευῖῖῆςΔ
2840 4280 2970 4338 cod.
3073 4280 3120 4356 7⁷
3151 4279 3329 4338 αὐτῶν
3364 4282 3493 4341 cod.
3596 4279 3643 4317 ⁷⁸
3673 4300 3798 4356 φαι-

2614 4353 2663 4389 79
2692 4353 2753 4408 ἅν
2781 4352 2952 4408 εἷπεῖν
2983 4353 3114 4411 cod.

393 4508 481 4581 31.
516 4509 594 4563 De
628 4506 1220 4581 incomprehensibili
1251 4506 1341 4581 Vl.
1369 4507 1496 4581 417.
1525 4506 1617 4581 2:}.
1666 4506 1793 4581 419A.
1845 4507 1933 4562 14.
1979 4505 2044 4562 In
2075 4510 2122 4575 D
2155 4506 2655 4581 nec_novissimus
2684 4506 2887 4581 θάἰιοιῂ
2905 4525 2975 4564 ea
3004 4524 3182 4581 quam
3233 4507 3351 4581 digni
3411 4507 3803 4581 pagina__ani-

392 4579 667 4637 Sanctam
698 4577 1092 4636 Pentecosten
1124 4580 1241 4634 VII.
1276 4580 1401 4633 585.
1430 4580 1521 4633 36.
1567 4577 1823 4632 Homilia
1866 4594 2041 4647 Lxxn,

392 4650 455 4706 in
487 4653 544 4709 S.
579 4653 919 4708 Matthaaum
949 4653 993 4706 Ι.
1027 4653 1152 4707 764.
1189 4652 1249 4706 Β.
1284 4649 1387 4705 ubi
1445 4649 1519 4705 de
1568 4649 1871 4704 Servatore
1918 4666 2045 4706 me-

393 4729 588 4779 morat
635 4722 736 4790 τὴν
792 4721 1090 4791 κυριότητα
1151 4720 1340 4788 αὐτοῦ,
1399 4719 1490 4775 καὶ
1546 4718 1609 4773 τὸ
1663 4721 1886 4791 γνήσιον
1942 4726 2046 4788 τῆς

397 4791 672 4866 υἱότητος,
700 4791 882 4866 καὶτὸ
914 4793 1184 4866 ὁμότιμον
1232 4792 1298 4849 τὸ
1347 4791 1487 4865 πρὸς
1532 4791 1624 4866 τὸν
1657 4791 1911 4866 ᾙατὲρα.
1959 4792 2047 4849 Ita

396 4864 458 4918 in
491 4864 753 4935 Epistola
782 4863 1034 4921 Nesto'rii
1065 4863 1240 4922 Conc.
1276 4867 1316 4922 l.
1351 4863 1509 4921 1277.
1541 4864 1606 4935 Ε.
1639 4863 1711 4920 de
1752 4863 1890 4920 ,ἰθέα
1915 4881 2043 4935 Δ110--

397 4930 684 5011 ξξιίῃῖῢιλβ,
713 4934 801 5011 ἳνα
836 4940 940 4991 τῶν
999 4937 1285 5008 ὀνομάτων
1340 4940 1446 4991 τῶν
1507 4933 1716 5011 φύσεων
1773 4930 2038 5011 ἑκατέρων

401 5002 768 5081 [ἲεέκατερας]
798 5011 995 5081 κοινῶν
1041 5002 1202 5063 τινων
1249 5002 1598 5081 σημαντικῶν
1643 5002 2040 5081 προκειμένων.

397 5076 537 5154 μήτε
590 5076 662 5130 τά
711 5076 808 5154 τῆς
865 5078 1119 5154 υἱότητος
1184 5076 1683 5154 καὶ-’κυριότητος
1753 5076 2042 5154 τέμνηναι,

392 5152 692 5222 postrema
724 5149 809 5205 sic
839 5150 1143 5206 reddenda
1163 5157 1328 5217 sunt,
1352 5149 1690 5208 ne'secentur
1710 5168 1793 5215 ea,
1818 5149 1939 5222 gum
1970 5151 2044 5208 ad

391 5219 718 5287 ﬁliationem
743 5228 795 5275 et
825 5222 1253 5277 dominationem
1269 5226 1575 5293 pertinent.
1626 5225 1805 5278 Vetus
1825 5219 2042 5280 “inter-

394 5306 567 5361 pres:
630 5293 1002 5363 nequequod
1056 5294 1345 5361 ﬁliationis
1413 5301 1465 5350 et
1519 5295 1885 5363 proprietatis
1941 5302 2039 5363 est,

393 5368 620 5435 secetur.
658 5365 726 5417 Et
751 5362 967 5435 inloco
1000 5364 1267 5435 Origenis
1295 5365 1361 5435 In
1421 5366 1476 5419 S.
1520 5362 1728 5435 Matth.
1777 5364 1870 5422 ΙΙΙ.
1912 5362 2037 5421 475.

393 5434 454 5507 Β..
488 5433 590 5507 ubi
612 5450 782 5507 nunc
812 5434 1049 5507 legitur,
1081 5433 1254 5507 σάρκα
1283 5433 1375 5506 μὲν
1431 5433 1729 5506 μιαίνουσι,
1759 5436 2040 5507 ,κυριότα-

390 5503 483 5559 τὸν
514 5502 570 5582 ἓξέ
602 5499 1060 5582 ἀθετοῦσιξδόξας
1102 5502 1160 5582 δὲ
1204 5499 1617 5582 βλασφημοῦσι,
1657 5499 2038 5582 scribendum

390 5575 722 5661 xophtdt’pta‘.
747 5582 886 5661 sunt
914 5578 1075 5661 enim
1106 5575 1236 5661 ipsa
1274 5575 1451 5661 verba
1470 5577 1781 5661 “Epistolte
1813 5577 2034 5661 ξ,

388 5646 529 5708 ν.’8.
562 5649 727 5717 Quod
765 5658 962 5722 neque
1012 5646 1257 5708 Bue—tius
1307 5651 1371 5709 in
1414 5646 1678 5709 editione
1726 5650 1772 5709 Ι.
1819 5650 1943 5707 233.
1972 5646 2034 5711 C.

2155 4579 2611 4652 madvertentes,
2645 4579 2842 4652 locum
2874 4580 2939 4635 in
2995 4578 3241 4652 Vulgata
3295 4578 3454 4652 bene
3496 4578 3805 4652 redditum

2155 4650 2521 4707 traducendo
2554 4650 3213 4723 inobscuraverunt.De
3242 4650 3490 4723 reliquis
3513 4650 3808 4723 signiﬁca-

2155 4723 2418 4779 tionibus
2453 4722 2606 4780 vocis
2634 4721 2894 4796 κυριότης
2953 4723 3067 4779 vid.
3124 4721 3502 4781 Schleusner.
3555 4721 3622 4777 In
3662 4723 3802 4778 Nov.

2152 4796 2511 4852 Testament.
2544 4796 2587 4850 Ι.
2626 4797 2782 4852 1269.
2816 4796 2879 4851 Β.

2223 4868 2333 4936 (82)
2358 4866 2716 4941 Adverbium
2741 4861 3126 4941 ᾀνεπισφαλῶς
3156 4882 3277 4922 non
3324 4870 3414 4941 est
3450 4865 3513 4941 in
3555 4863 3803 4941 Lexicis.

2151 4937 2374 4993 Prmter
2404 4940 2658 4994 Leonem
2699 4939 2794 4995 hic
2824 4942 2884 4994 et
2912 4937 3185 5011 superius
3216 4941 3282 5011 19
3317 4939 3399 5011 _B.
3451 4940 3551 5011 26'_
3592 4938 3654 4991 B.
3689 4938 3801 5011 _3t).

2152 5010 2220 5084 ᾼ.
2254 5011 2342 5066 31.
2375 5010 2438 5084 Β.
2470 5011 2729 5084 occurrit
2788 5009 2942 5084 apud
2984 5007 3052 5084 ‘s.
3103 5008 3464 5084 Methodium
3523 5007 3799 5084 Convivia

2152 5079 2371 5163 decem.
2390 5081 2683 5164 virginum
2717 5078 2843 5164 106”:
2998 5078 3400 5164 Ἀνεπισιξαλῂς
3437 5079 3645 5164 habet.
3670 5078 3802 5164 cla-n

2149 5152 2374 5279 iissipgi
2406 5154 2668 5278 iﬁominis
2694 5154 2780 5209 vir
2808 5153 3207 5210 Schueiderus
3230 5151 3293 5208 in
3326 5151 3709 5220 Dictionario,
3744 5155 3804 5206 et

2194 5240 2261 5279 eo
2369 5265 2380 5277 .
2467 5266 2481 5279 .
3342 5250 3345 5253 -

2194 5240 2261 5279 Θυ
2296 5240 2380 5278 1ο.
2414 5240 2481 5279 U.
3342 5250 3345 5253 '

2220 5296 2329 5377 (88)
2362 5296 2465 5386 llic
2495 5294 2586 5351 vel
2616 5295 3078 5386 deest‘verhum,
3105 5300 3172 5386 ut
3201 5296 3262 5351 in
3291 5293 3600 5386 no‘tula‘ad
3633 5311 3799 5383 oram

2147 5367 2479 5438 suspicatus
2512 5384 2664 5434 sum,
2720 5367 2808 5423 vel
2867 5368 3243 5423 referendum
3296 5373 3388 5423 est
3432 5367 3520 5421 καὶ
3568 5367 3645 5429 ὡς
3701 5367 3801 5419 οὐκ

2146 5432 2415 5515 ἄλλ-φλοξὶ.
2440 5438 2576 5515 κατὰ
2604 5436 2732 5515 ῥοῦν
2764 5435 2932 5515 αύτῷ,
2958 5439 3410 5515 utexpressiin
3442 5439 3763 5515 V'ersione:_

2218 5510 2329 5583 (8})
2362 5509 2646 5583 Similiter
2674 5510 3106 5583 Chalcondylas
3126 5509 3220 5567 'De
3250 5511 3428 5567 rebus
3482 5512 3652 5583 Turc.
3702 5509 3794 5563 84.

2143 5579 2404 5660 Α.ἐῖωβε
2430 5581 2493 5636 τὸ
2526 5582 2767 5660 θεξονῂτά
2817 5581 2964 5660 πάνυ
2984 5579 3169 5660 ξμέγα·
3209 5585 3512 5660 φρονοῦντα
3556 5579 3646 5635 καὶ
3697 5598 3796 5634 πι-

2145 5649 2429 5730 φυσημὲνα
2457 5656 2641 5727 μειοῦν
2673 5652 2748 5717 ὡς
2773 5652 2842 5710 τὰ
2869 5649 3055 5711 πολλᾶ
3081 5649 3173 5709 καὶ
3206 5649 3543 5730 ἀμικρύνειν.
