4190 6322
329 349 448 410 777

1666 348 2059 410 ΗΙὸΤΟΗΙλΕ
2103 345 2248 404 LIB.
2295 342 2395 404 Vl.

3630 354 3748 414 778

333 481 589 544 Ἀλωέως
620 480 810 544 παῖδες
861 484 1024 544 Ὦτος
1077 482 1168 538 καὶ
1227 483 1548 564 Ἐφιάλτης,
1583 484 1659 545 εἷς
1720 484 1980 558 οὖρανοὺς

2108 482 2638 553 vicissitudinisque
2670 483 2864 555 plena;
2896 489 3035 538 sunt
3063 501 3157 540 res
3191 488 3556 556 mortalium,
3589 491 3751 548 velut

333 576 473 632 κατὰ
503 576 594 630 τὸν
630 579 798 648 μῦθον
843 575 1179 649 πειρώμενοι
1231 573 1492 645 ἀνελθεῖν,
1543 576 1633 630 καὶ
1691 571 1993 652 Ναϐουχο-

338 663 562 740 δονόσορ
623 666 649 719 ὁ
694 659 1068 734 Βαϐυλώνιος,
1130 666 1309 720 εἰκόνα
1365 667 1704 740 στησάμενος
1772 667 1994 734 ἑαυτοῦ,

338 755 429 810 καὶ
462 752 805 809 ὁΦιλίππου
860 751 1232 828 Ἀλέξανδρος,
1295 756 1597 830 Ἀμμωνος
1654 757 1770 817 υἱὸς
1830 756 1995 824 ἀξιῶν

341 843 720 917 ὀνομάζεσθαι.
779 843 1020 904 Εἰκότως
1067 844 1160 898 οῦν
1215 845 1417 918 τρεπτὰ
1494 846 1584 900 καὶ
1645 844 1993 919 παλίντροπα

339 933 639 1002 καθέστηκε
667 938 786 994 τοῖς
809 932 1117 1007 ἀνθρώποις
1148 935 1213 989 τὰ
1242 936 1541 1012 πράγματα
1575 939 1709 1010 (85),
1769 937 1863 990 οἶα
1921 933 1988 1004 δὴ

338 1023 430 1079 καὶ
487 1024 612 1078 τότε
670 1023 970 1095 Ῥωμαίοις
1030 1018 1350 1091 συνέϐαινεν,
1426 1021 1770 1080 ἀποϐαλοῦσι
1856 1025 1993 1098 μετὰ

344 1113 537 1186 μικρὸν
566 1113 814 1188 ἡγεμόνα
844 1112 936 1166 τὸν
966 1112 1192 1179 ἑαυτῶν,
1226 1115 1344 1168 οἷον
1392 1115 1492 1169 οὐκ
1541 1112 1698 1193 ἔσχεν
1745 1112 1918 1168 ἄλλον
1954 1116 1990 1182 ἡ

339 1203 655 1275 Ῥωμαῖκὴν
713 1198 994 1255 δυναστεία
1047 1203 1110 1256 τὸ
1167 1203 1449 1277 πρότερον.
1507 1203 1568 1260 Εἰ
1621 1204 1725 1280 γὰρ
1789 1205 1863 1276 μὴ
1926 1204 1994 1275 τῇ

2103 579 2244 628 tunc
2275 589 2512 644 quoque
2542 574 2823 628 Romanis
2852 591 2966 629 usu
2997 578 3175 643 venit,
3226 593 3361 631 cum
3412 584 3544 649 post
3574 581 3750 650 paulo

2102 665 2432 734 principem
2465 664 2731 734 ipsorum
2763 665 3126 732 amitterent,
3162 667 3399 737 qualem
3443 685 3751 740 nunquam

2104 758 2278 807 antea
2309 753 2516 807 habuit
2546 755 2876 807 Romanum
2911 755 3252 825 imperium.
3288 757 3454 821 Quod
3491 758 3537 812 si
3572 759 3752 830 hujus

2103 841 2262 896 caide
2303 858 2423 896 non
2456 849 2612 896 retro
2647 859 2706 896 se
2739 842 2973 897 tulisset
3017 860 3221 898 eorum
3280 846 3537 914 fortuna,
3601 848 3752 902 nihil

2105 931 2325 992 aberat.
2351 932 2494 1001 quin
2527 931 2628 984 illo
2675 933 2993 1002 superstite
3051 933 3199 988 fines
3245 935 3488 990 ditionis
3549 953 3752 992 versus

2103 1021 2394 1074 orientem
2427 1020 2613 1074 solem
2646 1021 2708 1074 in
2724 1021 3120 1087 India,versus
3152 1023 3469 1078 obeuntem
3493 1027 3566 1080 ad
3593 1027 3755 1097 ipsos

2104 1111 2310 1165 mundi
2347 1110 2496 1164 fines
2529 1111 2984 1165 constituerent.
3019 1113 3234 1166 Verum
3293 1114 3635 1170 reducenda
3669 1119 3758 1170 est

2104 1198 2263 1254 unde
2288 1216 2317 1253 e
2348 1203 2630 1253 contextu
2661 1199 2979 1254 declinavit
3009 1203 3220 1258 oratio.

340 1290 538 1346 τούτου
563 1289 832 1362 ἀναιρέσει
889 1289 965 1350 εἰς
1021 1290 1084 1344 τὸ
1139 1287 1379 1363 ἔμπαλιν
1435 1294 1470 1360 ἠ
1531 1293 1678 1370 τύχη
1736 1291 1953 1351 τούτοις
2011 1287 2331 1364 ἀπέτρεχεν,
2381 1283 2554 1350 οὐδὲν,
2617 1282 2799 1354 ἐνέδει,
2861 1282 3205 1351 ἐπιϐιοῦντος
3263 1288 3492 1360 ἐκείνου,
3551 1293 3627 1364 μὴ
3687 1291 3755 1346 τὰ

341 1381 463 1454 ὅρια
515 1381 787 1450 πήξασθαι
850 1385 950 1446 τῆς
1010 1384 1158 1456 σφῶν
1211 1380 1552 1456 ἐπικρατείας
1611 1383 1748 1456 πρὸς
1805 1381 2098 1458 ἀνίσχοντα
2157 1375 2317 1446 ἣλιον
2373 1376 2510 1431 κατά
2567 1378 2665 1445 τὴν
2724 1373 2972 1446 Ἰνδικὴν,
3031 1379 3122 1432 καὶ
3177 1380 3334 1442 αὖθις
3388 1377 3740 1454 ἐπιδυόμενον

341 1471 476 1544 πρὸς
536 1467 670 1524 αὐτὸ⁴
726 1475 827 1537 τῆς
881 1469 1207 1541 οἰκουμένης
1281 1472 1349 1526 τὰ
1397 1472 1659 1546 τέρματα.
1727 1468 1901 1526 Ἀλλὰ
1969 1469 2075 1544 γὰρ
2136 1465 2460 1521 ἐπανακτέον
2547 1465 2640 1520 τὸν
2725 1463 2914 1542 λόγον,
2975 1466 3094 1522 ὅθεν
3154 1467 3411 1524 ἀπέκλινε
3468 1475 3566 1525 τοῦ
3649 1471 3755 1544 εἱρ-

347 1565 474 1633 μοῦ.

419 1675 575 1735 δ’.οἱ
629 1677 722 1751 μὲν
780 1673 845 1748 δὴ
906 1677 1080 1734 Μυσοὶ
1140 1683 1331 1758 χεῖρας
1388 1675 1625 1740 ἱκέτιδας
1684 1675 1991 1757 ἐφήπλουν,

347 1766 617 1840 ἐπαμῦναί
675 1787 825 1846 σφισι
887 1763 1262 1829 δυσωποῦντες
1320 1768 1410 1823 τὸν
1476 1767 1869 1842 αὐτοκράτορα.
1906 1767 1994 1822 Ἐν

347 1859 392 1929 ᾧ
441 1853 498 1911 δὲ
564 1855 699 1930 πρὸς
768 1859 867 1926 τήν
923 1854 1266 1932 ἐκστρατείαν
1337 1854 1728 1926 διεσκευάζετο,
1784 1859 1819 1925 ἡ
1893 1862 1992 1924 τῆς

352 1945 602 2023 μεγάλης
637 1946 977 2024 Ἀντιοχείας
1027 1945 1234 2007 ἅλωσις
1267 1949 1378 2022 (86)
1434 1944 1835 2024 ἐπηγγέλλετο,
1869 1945 1992 2019 ἄρτι

344 2037 481 2092 κατᾶ
509 2035 605 2096 τὰς
636 2033 840 2090 ἐκείνου
871 2036 1151 2106 ὑποθήκας
1186 2035 1416 2106 ἀλοῦσα,
1445 2036 1507 2098 ἅς
1558 2034 1623 2106 δὴ
1680 2041 1794 2096 τοῖς
1826 2056 1994 2090 κατα-

347 2123 621 2202 λειφθεῖσι
699 2126 836 2200 πρὸς
922 2125 1090 2180 αὐτοῦ
1147 2127 1224 2187 εἷς
1306 2126 1367 2182 τὸ
1427 2127 1629 2197 ταύτην
1707 2123 1995 2195 λεηλατεῖν

344 2215 710 2290 στρατιώταις
769 2213 1092 2284 ἐπέσκηπτε.
1156 2213 1386 2293 Λέγεται
1445 2216 1571 2292 γὰρ,
1621 2212 1716 2284 ὥς,
1777 2213 1994 2288 ἐπείπερ

344 2311 468 2366 ταῖς
526 2306 646 2368 καθ’
703 2303 912 2380 ἡμέραν
960 2302 1333 2380 καταδρομαῖς
1394 2306 1467 2367 εἷς
1550 2306 1864 2384 ἀμηχανίαν
1906 2304 1996 2359 καὶ

348 2396 536 2450 σπάνιν
612 2400 719 2449 τῶν
776 2394 1082 2471 ἀναγκαίων
1141 2396 1251 2468 (87)
1313 2394 1552 2473 ἐσχάτην
1610 2394 1994 2464 συνηλαύνετο,

348 2486 437 2540 τὸν
479 2484 770 2558 Πατρίκιον
829 2482 1029 2558 Πέτρον
1085 2485 1176 2539 καὶ
1237 2481 1744 2561 στρατοπεδάρχην,
1803 2484 1999 2557 τομίαν

355 2577 446 2650 μὲν
482 2572 608 2630 ὄντα
641 2577 773 2650 (88),
811 2573 1003 2649 ῥέκτην
1044 2572 1100 2629 δὲ
1133 2578 1216 2648 [Ρ.
1280 2577 1369 2648 50]
1428 2573 1720 2644 τηνάλλως
1774 2575 1864 2628 καὶ
1897 2574 1999 2647 ῥω-

356 2664 729 2738 μαλεώτατον,
762 2662 1170 2742 κατατρέχοντα
1226 2664 1446 2738 Συρίαν,
1504 2662 1673 2718 ἐκεῖσε
1733 2662 1868 2736 μετά
1897 2670 1998 2730 τῆς

354 2752 632 2828 δυνάμεως
690 2751 999 2822 ἀφικέσθαι,
1059 2753 1150 2807 καὶ
1234 2751 1469 2830 Μιχαὴλ
1529 2751 1747 2819 ἐκεῖνον,
1799 2750 1849 2805 ἐν
1905 2771 1997 2805 τα-

351 2844 602 2921 ξιάρχοις
634 2841 920 2910 τελοῦντα,
955 2843 1000 2914 ᾧ
1028 2843 1304 2916 Βούρτζης
1338 2841 1641 2914 ἐπώνυμον,
1676 2840 1764 2895 ἐπὶ
1830 2861 1998 2894 κατα-

351 2935 559 3001 σκοπὴν
615 2931 886 3006 ἐκπέμψαι
939 2938 1039 3000 τῆς
1098 2930 1337 2992 πόλεως.
1419 2932 1519 2985 Τὸν
1579 2928 1636 2984 δὲ
1724 2930 1856 3004 μετὰ
1908 2929 1999 2984 καὶ

359 3021 548 3078 ἄλλων
578 3019 826 3099 λογάδων
857 3023 1041 3101 ἀγχοῦ
1072 3022 1278 3093 ταύτης
1319 3023 1624 3098 γενόμενον,
1683 3022 1773 3076 τὸν
1804 3015 2002 3075 ἐπίϐα-

343 3133 436 3167 τον
459 3114 506 3148 ³ο
535 3117 629 3168 τοῦ
662 3113 882 3192 τείχους
945 3119 1374 3185 περισκοπῆσαι,
1432 3112 1523 3166 καὶ
1585 3111 1999 3184 ὀπισθόρμητον

346 3199 733 3278 ἀπαλλαγῆναι
791 3201 926 3276 πρὸς
991 3203 1052 3255 τὸ
1139 3197 1524 3276 στρατόπεδον,
1601 3199 1880 3274 κλίμακάς
1939 3221 2069 3306 τεο

344 3291 644 3369 ἀναλόγους
703 3297 782 3365 τῷ
841 3293 966 3366 ’ύψει
1023 3297 1129 3347 τῶν
1185 3293 1409 3369 πύργων
1467 3293 1843 3362 τεκτήνασθαιο
1899 3290 1995 3345 κάν

344 3387 459 3442 τοῖς
510 3381 850 3460 ἀχθοφόροις
912 3381 1076 3450 ζώοις
1123 3381 1323 3441 ταύτας
1377 3379 1848 3458 ἐπιφορτίσασθαι,
1903 3379 1994 3434 καὶ

350 3472 484 3545 μετὰ
515 3470 783 3548 λεγεῶνος
814 3472 1210 3548 γενναιοτάτων
1263 3477 1613 3546 στρατιωτῶν
1673 3469 1782 3541 ἤδη
1821 3469 1996 3544 μέσων

343 3567 549 3617 νυκτῶν
592 3562 683 3616 τὸν
733 3568 835 3630 τῆς
868 3563 1207 3639 Ἀντιοχείας
1262 3557 1558 3635 περίϐολον
1616 3562 1770 3625 αὖθις
1827 3581 1994 3616 κατα-

347 3646 760 3726 λαϐεῖν,ἢρεμά
819 3653 864 3688 ⁸1
923 3671 981 3704 τε
1039 3652 1238 3710 ταύτας
1293 3657 1641 3726 προσερεῖσαι
1693 3656 1772 3724 τῷ
1815 3651 1992 3729 τείχει

347 3741 437 3796 καὶ
496 3738 696 3794 ἀνιέναι
765 3737 854 3794 διὰ
913 3745 1020 3794 τῶν
1081 3737 1391 3814 κλιμάκωνο
1453 3741 1581 3802 τοὺς
1627 3737 1684 3795 δὲ
1750 3737 1995 3816 φύλακας

349 3836 456 3885 τῶν
505 3831 845 3905 Ἀγαρηνῶν,
892 3831 1048 3904 βαθεῖ
1102 3834 1181 3901 τῷ
1237 3830 1390 3901 ὒπνῳ
1446 3827 1822 3901 καθεύδοντας,
1880 3835 1996 3890 τοῖς

349 3919 522 3998 ξίφεσι
554 3916 979 3997 διαχρήσασθαι.
1015 3919 1328 3994 Ἐγκρατεῖς
1387 3915 1443 3972 δὲ
1491 3925 1598 3974 τῶν
1645 3924 1849 3997 τειχῶν
1906 3919 1997 3974 τὸν

348 4009 550 4082 τρόπον
607 4013 802 4062 τοῦτον
861 4007 1176 4081 Ῥωμαίους
1229 4007 1622 4085 γεγενημένους
1696 4003 1998 4078 καταϐῆναί

349 4117 406 4151 τε
430 4102 537 4151 τῶν
587 4097 836 4172 πύργων,
895 4097 987 4150 καὶ
1046 4101 1332 4173 τετραχῶς
1381 4096 1444 4150 τὸ
1491 4094 1622 4151 ὂῐστυ
1676 4095 1996 4171 πυρπολεῖνο

348 4186 652 4264 Ἀντιοχεῖς
685 4182 761 4254 δὲ,
794 4190 872 4258 τῷ
937 4182 1340 4260 ἀπροσδοκήτῳ
1396 4184 1863 4262 καταπλαγέντας,
1923 4187 2000 4247 εἷς

349 4275 602 4350 οἰμωγὰς
652 4274 743 4328 καὶ
777 4275 1008 4347 θρήνους
1068 4281 1335 4348 τραπῆναι
1388 4275 1479 4329 καὶ
1537 4274 1852 4353 ἀμηχανίαν
1901 4273 2003 4330 δει-

344 4366 439 4433 νὴν
524 4361 1013 4437 διενθυμουμένους
1064 4362 1094 4418 ὅ
1152 4385 1206 4419 τι
1263 4364 1353 4418 καὶ
1412 4361 1678 4438 δράσαιεν.
1743 4363 1882 4434 ’Πδη
1944 4355 2001 4419 δὲ

346 4453 484 4527 πρὸς
533 4449 706 4522 ἀλκὴν
757 4453 931 4525 ὁρμᾷν
988 4449 1482 4530 διαλογιζομένων,
1541 4453 1630 4508 καὶ
1692 4452 1998 4528 ῥωμαλέως

350 4547 465 4602 τοῖς
549 4539 808 4604 ἐναντίοις
865 4539 1134 4610 συστάδην
1202 4541 1697 4612 ἀντικαθίστασθαι,
1767 4551 1869 4613 τῆς
1923 4543 1998 4598 ’ὲω

2173 1678 2225 1730 li.
2249 1677 2316 1729 In
2347 1675 2504 1729 hunc
2544 1674 2786 1729 modum
2821 1673 2982 1730 Μωδὶ
3015 1693 3228 1731 manus
3262 1679 3556 1750 supplices
3606 1697 3756 1752 pan-

2103 1765 2340 1828 debant,
2375 1765 3221 1836 obsecrantesimperatorem,
3253 1773 3318 1822 ut
3377 1768 3487 1822 sibi
3538 1770 3755 1825 subve-

2102 1856 2277 1910 niret.
2329 1854 2436 1917 Qui
2487 1853 2626 1909 dum
2687 1872 2748 1910 se
2805 1855 2880 1910 ad
2933 1856 3376 1926 expeditionem
3429 1866 3752 1931 comparat,

2103 1943 2432 1998 Antiochiae
2464 1959 2692 2015 magna;
2725 1946 3077 2016 expugnatio
3131 1947 3405 2002 nuntiata
3463 1954 3572 2016 est,
3621 1950 3750 2020 jam

2095 2034 2269 2106 juxta
2291 2031 2572 2087 mandata
2603 2033 2790 2104 ipsius
2821 2034 2995 2096 facta,
3032 2052 3161 2106 quae
3216 2037 3440 2092 relictis
3490 2055 3524 2092 a
3582 2057 3643 2093 se
3675 2041 3748 2094 ad

2105 2139 2236 2178 eam
2267 2121 2588 2176 vexandam
2623 2122 2913 2176 militibus
2968 2123 3230 2180 dederat.
3291 2127 3517 2181 Dicitur
3567 2129 3748 2198 enim,

2104 2230 2238 2269 cum
2272 2212 2636 2284 quotidianis
2667 2212 3123 2269 decursionibus
3155 2217 3217 2269 in
3248 2218 3580 2288 angustiam
3616 2220 3748 2274 ino-

2105 2303 2385 2374 piamque
2405 2317 2602 2355 rerum
2638 2302 3110 2356 necessariarum
3134 2304 3405 2360 ultimam
3442 2308 3752 2378 compulsa

2107 2393 2530 2457 esset,Petrum
2544 2390 2860 2461 patricium
2881 2392 3208 2463 castrisque
3226 2394 3594 2464 praafectum,
3627 2399 3750 2468 qui,

2107 2481 2377 2551 quamvis
2395 2479 2599 2550 spado,
2621 2485 2902 2534 strenuus
2925 2487 3121 2536 tamen
3145 2483 3364 2554 alioqui
3393 2491 3550 2540 esset
3575 2492 3752 2558 atque

2105 2574 2484 2640 fortissimus,
2519 2572 2748 2643 Syriam
2781 2573 3222 2642 pervadentem,
3258 2592 3326 2629 eo
3376 2593 3510 2630 cum
3569 2579 3755 2649 c0piis

2106 2661 2938 2735 pervenisse,Michaelemque
2957 2663 3127 2717 illum
3144 2679 3209 2716 ex
3227 2664 3599 2731 tribunis,cui
3622 2669 3761 2721 Bur-

2107 2759 2207 2806 tzaa
2240 2767 2593 2823 cognomen,
2625 2751 2698 2805 ad
2729 2752 3156 2822 explorandam
3215 2754 3426 2809 urbem
3460 2757 3751 2812 emisisse.

2106 2840 2451 2896 Michaelem
2482 2856 2602 2893 una
2632 2856 2767 2893 cum
2826 2840 2958 2894 aliis
3012 2842 3216 2896 electis
3255 2842 3618 2915 hominibus,
3653 2846 3753 2900 ubi

2106 2931 2352 3002 propius
2401 2929 2768 2995 accessisset,
2829 2945 3080 2984 ascensu
3137 2931 3291 2984 muri
3369 2933 3634 3004 inspecto
3690 2936 3751 2990 in

2108 3024 2302 3075 castra
2360 3019 2459 3074 82
2538 3035 2839 3073 reversum
2894 3020 3083 3074 scalas
3143 3020 3445 3076 altitudini
3495 3025 3747 3080 turrium

2107 3117 2537 3188 respondentes
2567 3116 2887 3172 fabricasse
2915 3135 2928 3183 ;
2979 3118 3191 3189 hisque
3221 3119 3282 3173 in
3313 3121 3638 3176 sarcinaria
3650 3123 3748 3194 ju-

2109 3212 2312 3263 menta
2343 3206 2810 3277 impositis,cum
2841 3206 3072 3279 legione
3102 3207 3563 3265 fortissimorum
3587 3213 3750 3268 mili-

2109 3302 2232 3352 tum
2259 3297 2385 3368 jam
2417 3295 2614 3350 media
2644 3301 2816 3351 nocte
2849 3296 2918 3351 ad
2936 3298 3264 3352 Antiochiae
3296 3299 3749 3357 mwniaiterum

2107 3403 2169 3441 se
2203 3385 2545 3453 contulisse,
2585 3385 2878 3457 scalisque
2913 3386 3149 3442 silentio
3180 3388 3252 3442 ad
3287 3405 3488 3444 muros
3542 3392 3750 3462 positis

2106 3492 2212 3547 per
2242 3491 2340 3530 eas
2374 3476 2664 3530 evasisse:
2707 3475 3080 3531 excubitores
3133 3477 3579 3546 Saracenorum,
3631 3481 3749 3536 alto

2108 3582 2315 3620 somno
2345 3564 2628 3635 sepultos,
2686 3563 2897 3637 gladiis
2936 3565 3280 3622 confecisse.
3315 3569 3401 3623 Ita
3457 3571 3751 3625 Romanos

2109 3670 2415 3709 murorum
2449 3654 2558 3708 hoc
2592 3654 2767 3708 modo
2791 3655 3007 3725 potitos
3031 3655 3344 3710 demisisse
3377 3674 3505 3712 sese
3537 3675 3606 3712 ex
3629 3665 3752 3713 tur-

2108 3743 2293 3809 ribus,
2324 3742 2606 3814 oppidum
2649 3743 2873 3814 ubique
2906 3743 3242 3799 incendisse
3273 3760 3285 3798 :
3331 3747 3750 3817 Antiochenos,

2109 3831 2425 3904 improviso
2457 3831 2614 3886 malo
2647 3832 3049 3898 conturbatos,
3073 3833 3146 3888 ad
3177 3833 3448 3905 gemitus,
3473 3835 3749 3906 ejulatus,

2109 3921 2584 3993 desperationem
2617 3938 2909 3976 summam
2933 3923 3191 3991 venisse,
3214 3924 3576 3994 qumsivisse,
3608 3925 3750 3996 quid

2101 4013 2228 4084 jam
2261 4011 2372 4066 sibi
2405 4017 2562 4066 esset
2608 4011 2921 4084 agendum.
2981 4013 3108 4067 Jam
3167 4030 3301 4067 vero
3358 4030 3491 4069 cum
3550 4016 3748 4070 animo

2111 4100 2459 4156 statuissent
2515 4101 2587 4155 ad
2669 4101 2944 4155 virtutem
2999 4103 3336 4174 confugere,
3414 4105 3748 4176 acriterque

2109 4189 2258 4261 pede
2293 4188 2506 4243 collato
2541 4189 2849 4255 obsistere,
2908 4189 3009 4243 ubi
3079 4207 3252 4246 mane
3283 4192 3509 4248 clarum
3556 4194 3755 4249 sublu-

2109 4279 2216 4348 xit,
2277 4278 2546 4349 praecidit
2620 4295 2826 4334 eorum
2919 4279 3207 4351 impetum
3266 4283 3474 4336 Petrus
3536 4288 3756 4338 castro-

2110 4385 2240 4423 rum
2274 4368 2608 4439 praefectus,
2643 4385 2773 4422 cum
2810 4371 3071 4424 exercitu
3109 4371 3169 4424 in
3192 4370 3400 4426 urbem
3458 4389 3565 4443 per
3617 4390 3756 4443 por-

2111 4463 2199 4512 tas
2257 4475 2318 4512 se
2373 4459 2658 4524 inferens,
2718 4475 2865 4528 quas
2931 4459 3095 4530 prius
3143 4460 3426 4530 oppidum
3506 4461 3754 4532 ingressi

2109 4547 2359 4601 Romani
2394 4547 2482 4601 illi
2529 4553 2902 4617 aperuerant.
2962 4549 3415 4611 Antiochenses,
3466 4566 3600 4603 cum
3650 4549 3756 4604 ad-

351 4627 648 4706 τηλαυγῶς
731 4630 1175 4707 ὑπαυγαζούσης,
1235 4633 1542 4711 προέφθασε
1626 4635 1723 4702 τήν
1781 4631 1994 4687 ἐκείνων

2108 4653 2310 4690 versus
2343 4640 2535 4691 tantas
2575 4635 2772 4706 copias
2829 4653 2903 4690 ne
2964 4637 3264 4706 suspicere
3321 4636 3560 4706 quidem
3619 4655 3756 4709 pos-

353 4719 531 4792 ὁρμήν
580 4719 607 4772 ὁ
669 4715 1159 4798 στρατοπεδάρχης
1220 4717 1443 4792 Πέτρος,
1503 4720 1637 4794 μετὰ
1683 4728 1782 4790 τῆς
1845 4718 2000 4774 δυνά.

2112 4730 2266 4792 sent,
2299 4725 2545 4796 abjectis
2577 4725 2756 4778 armis
2788 4724 2860 4778 ad
2892 4741 3096 4796 preces
3155 4725 3450 4796 supplices
3495 4743 3556 4781 se
3615 4744 3757 4782 con-

1564 4853 1622 4904 C.
1656 4851 1718 4906 Β.
1767 4851 1956 4907 HASII
1989 4853 2547 4909 ANNOTATIONES.

421 4962 468 4998 ⁸ο
497 4957 770 5018 ἐπίϐατον.
807 4964 900 5019 Sic
931 4964 1059 5021 cod.
1098 4962 1144 4999 3‘
1175 4961 1377 5036 ἤρεμα.
1415 4963 1509 5020 Sic
1540 4965 1670 5022 cod.
1699 4982 1806 5036 pro
1835 4964 2036 5040 ἠρέμα.

423 5105 536 5187 (ἓξ)
571 5106 734 5187 €30!!!"-
765 5105 1048 5187 ᾼεδιιιίεει
1080 5108 1200 5187 109:
1235 5107 1301 5187 ᾼ»

424 5175 537 5246 (86)
569 5175 885 5232 Antiochia
916 5183 1088 5248 capta
1119 5181 1210 5231 est
1237 5176 1494 5248 (Opinor)
1517 5175 1686 5248 initio
1709 5177 1850 5231 anni
1872 5180 1994 5232 969.

356 5249 666 5304 Rationem
706 5247 1041 5320 temporum
1056 5247 1310 5304 fortasse
1324 5247 1583 5302 turbavit
1613 5249 1912 5303 Cedrenus
1931 5251 1996 5305 ΙΙ,

354 5324 476 5376 657.
512 5323 576 5373 Α.
612 5321 714 5390 qui
747 5321 1071 5376 attribuere
1103 5320 1334 5375 videtur
1364 5337 1419 5374 a.
1467 5321 1594 5372 967.
1630 5320 1768 5374 Vide
1821 5337 2004 5391 supra

353 5395 477 5446 214.
513 5393 576 5445 Ι).
610 5395 734 5445 215.
797 5398 860 5446 Α.
917 5393 1056 5456 Quas
1113 5391 1251 5446 inde
1305 5396 1627 5445 narrantur
1686 5408 1874 5461 usque
1930 5392 2005 5446 ad

356 5463 706 5588 finegnﬁiglibri
735 5463 954 5534 quinti,
997 5463 1584 5534 comprehenduntur
1640 5462 1849 5517 eodem
1898 5480 2005 5519 an-

356 5552 432 5588 no
576 5576 588 5588 .

355 5552 432 5590 D0
461 5552 588 5588 νον.

427 5608 542 5676 (87)
570 5606 839 5676 Eruenda
862 5605 1194 5676 Cedrenum
1225 5606 1292 5659 ιῐ.
1316 5607 1443 5660 656.
1473 5611 1534 5657 Α.
1571 5600 2011 5676 ἐπιλελοιπότων

362 5673 416 5731 δὲ
493 5673 584 5731 καὶ
665 5680 769 5730 τῶν
830 5673 1180 5753 Ἀντιοχέων·
1263 5676 1573 5746 scribeque
1655 5679 1762 5729 τῶν
1849 5675 2013 5754 ἀναγο

360 5672 444 5731 δὲ’
493 5672 584 5731 καὶ
665 5680 769 5730 τῶν
830 5672 1180 5753 Ἀντιοχέων·

682 5807 961 5868 ΡΑΤιιυΙ..
1007 5810 1124 5868 GR.
1169 5804 1408 5871 CXVII.

2108 5105 2306 5185 καίων,
2338 5110 2552 5185 ut_j_am
2585 5111 2923 5185 conjecerat
2948 5183 2954 5185 Α
2977 5111 3302 5185 Xylander.
3351 5115 3550 5185 Neque
3580 5115 3751 5170 aliter

2113 5181 2364 5252 Scylitza
2394 5181 2650 5258 Historia
2826 5181 3066 5258 Legitur
3117 5185 3256 5238 alibi
3309 5181 3543 5256 quoque
3603 5187 3760 5258 apud

2112 5259 2384 5328 nostrum
2413 5255 2606 5328 Δσπάνις
2657 5256 2784 5328 τῶν
2839 5255 3144 5328 ἀναγκαίων
3207 5258 3292 5310 39.
3327 5255 3406 5313 VC.
3431 5255 3488 5313 et
3519 5255 3657 5314 106:
3699 5261 3763 5316 Β.

2115 5340 2186 5377 ex
2215 5325 2464 5394 Agathia
2498 5327 2616 5379 131.
2653 5327 2717 5380 Ι).
2759 5328 2878 5380 158.
2911 5325 2976 5382 Ι)’.

2333 5398 2633 5466 Cedrenus
2665 5400 2732 5452 II.
2770 5402 2892 5452 656.
2946 5403 3002 5454 C.
3064 5400 3264 5462 Πέτρον
3296 5395 3390 5452 ἕνα
3416 5402 3523 5452 τῶν
3559 5399 3758 5452 ἑαυτοῦ

2119 5463 2397 5542 εὐνούχων
2433 5464 2628 5542 δοῦλον
2668 5469 3004 5542 ὑπάρχοντα.
3043 5472 3146 5526 Ubi
3197 5467 3395 5524 δοῦλον
3427 5478 3491 5526 ut
3521 5476 3764 5525 antece-

2121 5537 2321 5614 dentis
2351 5537 3199 5614 vocisglossani'ejiciendam
3255 5543 3549 5596 arbitror:
3603 5548 3760 5594 certe

2123 5626 2242 5665 non
2275 5611 2493 5684 legitur
2522 5611 2582 5666 in
2632 5611 3019 5685 Scylitza'ms.

3370 5811 3447 5868 25
