4186 6308
3799 306 3915 368 780

2268 457 2414 511 μεως
2446 436 2521 497 εἷς
2551 438 2651 506 τὴν
2674 434 2839 492 πόλιν
2869 434 2958 491 διὰ
3003 443 3114 493 τῶν
3142 435 3331 493 πυλῶν
3361 435 3652 501 εἰσελάσας
3686 442 3820 516 (89),
3851 441 3914 504 ἄς

2266 531 2317 583 οἱ
2373 530 2849 607 προκατασχόντες
2909 530 2971 584 τὸ
3028 529 3160 585 ἄστυ
3212 531 3481 604 Ῥωμαῖοι
3538 531 3688 605 αὐτῷ
3738 533 3918 590 ἀνεπέ-

2266 640 2447 674 τασαν.
2482 620 2789 697 Ἀντιοχεῖς
2829 616 2886 673 δέ
2941 620 3078 694 πρὸς
3130 619 3400 689 τοσαύτην
3457 623 3714 695 στρατιὰν
3771 622 3914 698 μηδὲ

2265 705 2530 761 ἀντωπεῖν
2586 704 2948 785 ἐξισχύοντες,
3002 707 3067 761 τὰ
3125 704 3271 761 ὅπλα
3330 708 3624 781 ῥίψαντες;
3676 710 3752 772 εἰς
3807 713 3913 767 ἱκε-

2543 796 2636 850 καὶ
2717 798 2817 863 τήν
2902 797 3171 870 πυρκαϊὰν
3256 792 3586 868 ἀποσϐέσας,
3644 801 3736 854 καὶ
3797 807 3906 856 τῶν

503 312 621 370 779
1890 303 2165 367 LEONlS
2209 303 2527 364 DIACONI

506 451 828 503 verterunt.
860 444 1082 511 Quibus
1104 445 1165 499 in
1196 444 1535 499 servitutem
1568 444 1720 501 datis
1752 443 2157 511 restinctoque

508 534 810 603 incendio,
846 540 1084 606 prmtor,
1120 532 1417 587 manubiis
1450 549 1481 586 e
1513 533 1713 604 praeda
1760 530 2028 595 delectis,
2052 546 2153 601 op-

505 624 714 695 pidum
740 624 794 678 vi
826 624 1039 690 tenuit,
1073 622 1134 676 in
1168 622 1472 693 murisque
1504 621 1662 693 quod
1690 626 1817 677 erat
1839 619 2154 676 labefacta-

498 718 627 768 tum
661 712 1071 769 communivit.

495 801 641 856 τείαν
697 799 1017 875 ἐτράποντο.
1076 800 1186 860 Οὓς
1262 800 1290 854 6
1349 792 1838 877 στρατοπεδάρχης
1894 792 2450 872 ἀνδραποδισάμενος,

499 888 686 944 σύλων
742 886 942 960 ἐξελὼν
997 887 1065 943 τὰ
1115 886 1451 964 πρωτόλεια,
1507 889 1607 959 τήν
1675 908 1735 942 τε
1789 884 1954 942 πόλιν
2002 884 2141 940 κατὰ
2194 884 2397 959 κράτος
2439 890 2686 963 κατεῖχε,
2744 885 2835 939 καὶ
2892 890 3000 939 τῶν
3057 891 3262 964 τειχῶν
3315 888 3384 942 τὰ
3432 886 3708 963 ἐπισφαλῆ
3745 888 3903 965 ἐκρα-

497 981 705 1037 τύνετο.

570 1104 623 1156 5.
658 1099 883 1154 Nobilis
905 1104 1083 1169 atque
1113 1115 1329 1171 magna
1377 1097 1689 1153 Antiochia
1735 1097 1894 1151 hunc
1925 1096 1987 1151 in
2017 1111 2096 1150 σι(

2212 1124 2232 1163 ι
2333 1095 2389 1149 ε’.
2422 1091 2585 1149 Ἀλλ’
2615 1094 2763 1148 οὕτω
2799 1094 2893 1167 μὲν
2922 1095 2957 1163 ἡ
3008 1096 3307 1173 περιφανὴς
3360 1096 3452 1150 καὶ
3514 1096 3733 1174 μεγάλη
3780 1099 3907 1154 Ἀν-

494 1190 639 1247 dum
669 1206 704 1244 a
735 1189 1015 1244 Romanis
1066 1194 1239 1260 capta
1295 1193 1354 1242 et
1396 1192 1623 1242 vastata
1679 1193 1786 1241 est.
1839 1185 2018 1257 Cujus
2077 1185 2096 1238 ε

2264 1184 2481 1261 τιόχεια
2510 1183 2647 1258 πρὸς
2677 1188 2784 1238 τῶν
2812 1184 3103 1258 Ῥωμαίων
3158 1182 3284 1253 ἢλω
3340 1206 3400 1240 τε
3452 1186 3543 1240 καὶ
3599 1185 3902 1261 ἐπορθήθη.

498 1279 935 1349 expugnatione
967 1293 1101 1332 cum
1144 1277 1473 1347 imperator
1513 1275 1797 1341 audisset,
1832 1290 1957 1327 rem
2014 1272 2096 1327 lam

2258 1275 2373 1341 Τὴν
2430 1277 2562 1349 γοῦν
2613 1273 2815 1343 ταύτην
2869 1273 2898 1327 6
2977 1274 3337 1349 αὐτοκράτωρ
3392 1272 3684 1337 διακούσας
3741 1280 3908 1334 κατά-

496 1366 597 1422 83
632 1367 789 1434 tulit,
820 1366 1175 1436 numinique
1200 1365 1659 1438 gratulationem
1692 1363 2096 1433 iecitForteqt

2257 1382 2463 1440 σχεσιν,
2496 1360 2748 1439 ἐγεγήθει
2777 1382 2835 1417 τε
2889 1362 2981 1419 καὶ
3038 1368 3118 1435 τῷ
3170 1364 3441 1437 κρείττονι
3498 1364 3903 1444 εὐχαριστήρια

496 1457 711 1523 evenit,
745 1461 810 1510 ut
838 1460 981 1509 tunc
1028 1454 1376 1527 angelorum
1418 1454 1658 1524 synaxis
1712 1453 2096 1508 interveniret

2252 1448 2452 1513 ἔθυσεν.
2508 1452 2714 1530 Ἔτυχε
2771 1448 2828 1506 δὲ
2882 1452 3008 1507 τότε
3063 1454 3162 1520 τήν
3199 1458 3306 1508 τῶν
3355 1454 3690 1528 Ἀσωμάτων
3730 1456 3906 1512 ἀπαν-

491 1543 574 1597 ibi
607 1544 963 1599 monachum
997 1542 1204 1598 dicunt
1229 1558 1299 1597 ex
1328 1543 1402 1597 iis
1429 1543 1529 1612 qui
1574 1544 1751 1596 vitam
1813 1540 2096 1596 solitaria!

2251 1546 2415 1609 τῆσαι
2446 1540 2676 1609 σύναξιν,
2708 1538 2760 1593 ἐν
2905 1539 2997 1597 καὶ
3054 1542 3297 1619 μοναχὸν
3350 1563 3468 1597 τινα
3526 1540 3745 1621 λέγεται
3790 1552 3902 1601 τῶν

490 1638 692 1704 agunt,
725 1631 1035 1687 codicillos
1066 1630 1387 1686 tradidisse
1418 1630 1784 1702 imperatori,
1838 1630 2096 1685 continu<

2249 1626 2532 1703 ἐρημικῶν
2561 1626 2876 1685 ἐπιστόλιον
2924 1626 3178 1685 ἐπιδόντα
3232 1636 3311 1703 τῷ
3366 1630 3604 1705 βασιλεῖ,
3651 1632 3902 1691 ἐκποδὼν

489 1739 606 1792 que
634 1738 664 1776 e
696 1726 1018 1792 conspectu
1050 1721 1381 1775 evanuisse.
1416 1720 1557 1774 Illos
1602 1736 1738 1775 cum
1787 1719 2096 1790 explicasse

2247 1713 2473 1784 ἐξαυτῆς
2505 1714 2773 1794 οἷ’χεσθαι,
2806 1716 2909 1773 Τὸν
2957 1712 3014 1770 δὲ
3041 1714 3280 1787 ἀνελῖξαί
3309 1739 3368 1773 τε
3418 1723 3604 1788 τοῦτο,
3662 1721 3754 1776 καὶ
3805 1724 3902 1777 τὸν

486 1811 831 1883 imperator,
884 1815 1418 1881 argumentumque
1484 1808 1904 1874 intellexisset,
1954 1808 2096 1862 fuiss

2244 1808 2367 1858 νοῦν
2397 1804 2567 1858 αὐτοῦ
2593 1802 2968 1873 ἀναλέξασθαν
3002 1805 3141 1859 εἶναι
3198 1801 3254 1860 δέ
3310 1808 3409 1875 τὴν
3465 1809 3662 1863 τούτου
3717 1807 3901 1889 ἔμφα-

488 1917 696 1957 eorum
726 1901 1223 1974 significationem
1267 1899 1600 1970 ejusmodi:
1637 1921 1665 1950 ‹‹
1700 1900 1864 1963 Mihi,
1898 1905 2096 1955 tamet:

2246 1915 2327 1948 σιν
2356 1894 2639 1963 τοιαύτην·
2673 1919 2699 1947 ι(
2736 1895 2896 1969 Ἐμοὶ
2948 1900 3027 1967 τῷ
3077 1893 3330 1966 σκώληκι
3386 1900 3531 1972 παρὰ
3583 1906 3684 1969 τῆς
3750 1922 3900 1976 προ-

483 1994 699 2048 vermis
732 2008 925 2049 sum.a
954 1990 1323 2063 providentia
1353 1990 1712 2062 patefactum
1736 1995 1843 2056 est,
1867 1989 2096 2045 domine

2241 1983 2391 2043 νοίας
2449 1981 2830 2062 ἀπεκαλύφθη,
2902 1982 3155 2059 βασιλεῦ,
3217 1989 3613 2058 μεταναστῆναί
3671 2010 3728 2043 σε
3781 1996 3896 2045 τῶν

481 2098 515 2136 a
544 2084 660 2138 vita
689 2089 744 2137 te
762 2098 1137 2137 recessurum
1150 2097 1355 2136 mense
1374 2082 1548 2135 tertio
1573 2085 1708 2152 post
1723 2079 2096 2151 Septembrem

2240 2070 2373 2146 τῇδε
2407 2078 2486 2146 τῷ
2520 2074 2655 2147 μετὰ
2713 2074 2805 2129 τὸν
2870 2071 3212 2148 παρελθόντα
3290 2072 3667 2152 Σεπτέμϐριον
3717 2081 3898 2153 τρίτῳ

478 2172 654 2226 modo
684 2171 1155 2243 prmterlapsum.
1193 2191 1220 2218 »
1253 2172 1453 2240 Neque
1488 2170 1831 2239 imperator,
1857 2170 2090 2239 quamvi

2243 2163 2393 2235 μηνί.
2458 2187 2485 2215 ››
2543 2161 2736 2218 Πολλὰ
2792 2165 2970 2218 τοίνυν
3026 2162 3461 2242 ἀναψηλαφήσας
3519 2167 3547 2220 6
3603 2167 3892 2243 βασιλεύς,

477 2261 733 2316 multum
766 2259 1153 2331 investigans,
1186 2258 1447 2329 reperire
1488 2258 1682 2328 potuit
1726 2257 1886 2312 hunc
1915 2274 2095 2313 mona

2236 2250 2344 2329 οὐχ
2374 2251 2494 2325 εὗρε
2522 2252 2614 2307 τὸν
2647 2252 2908 2329 μοναχόν.
2964 2253 3234 2315 Ἐντεῦθεν
3291 2251 3342 2307 ἐν
3397 2256 3666 2333 κατηφείᾳ
3723 2253 3892 2334 διῆγε

475 2352 675 2406 chum.
708 2353 894 2420 Atque
926 2348 1066 2403 inde
1096 2348 1156 2401 in
1181 2364 1433 2402 mcerore
1454 2353 1718 2402 versatus
1739 2352 1829 2401 est
1843 2363 1912 2401 ac
1942 2364 2091 2417 squa

2229 2339 2321 2396 καὶ
2352 2341 2794 2415 σκυθρωπότητι·
2831 2344 2918 2414 [Ρ.
2959 2344 3049 2414 51]
3081 2340 3171 2396 ἐπὶ
3217 2340 3409 2413 κλίνης
3464 2365 3523 2399 τε
3578 2345 3640 2400 τὸ
3695 2347 3882 2421 παρά-

472 2440 637 2505 lore;
671 2438 1035 2507 omninoque
1068 2437 1129 2490 in
1162 2436 1313 2491 lecto
1346 2436 1562 2491 cubare
1594 2451 1662 2490 eo
1721 2451 1791 2490 ex
1847 2442 2096 2507 tempore

2227 2452 2329 2486 παν
2362 2428 2548 2486 ἔκτοτε
2577 2429 2676 2485 οὐκ
2731 2425 3010 2501 ἐϐουλήθη
3072 2428 3553 2502 διαναπαύσασθαι,
3609 2432 3736 2490 ἀλλ’
3790 2435 3882 2491 ἐπ’

466 2529 697 2584 noluit:
730 2526 833 2581 sed
856 2541 1035 2596 super
1062 2525 1217 2597 pelle
1240 2526 1596 2596 pantherina
1624 2542 1941 2594 crassoque
1972 2542 2096 2580 coa-

2226 2516 2456 2599 ἐδάφους
2510 2520 2934 2594 ύποστρωνιύων
2978 2521 3088 2594 (90)
3141 2517 3314 2596 δέρμα
3379 2519 3725 2597 παρδάλεως,
3779 2528 3882 2582 καὶ

469 2618 592 2671 ctili
627 2617 868 2671 coccino
886 2615 1051 2669 humi
1084 2615 1284 2669 stratis
1315 2613 1683 2681 dormiebat;
1716 2614 1898 2684 pallio
1920 2619 2096 2669 auten

2222 2604 2538 2688 κοκκοϐαιρῆ
2573 2610 2621 2645 ⁸⁸
2647 2606 2833 2678 πῖλον,
2901 2607 2990 2664 ἐπὶ
3047 2610 3255 2665 τούτων
3329 2609 3600 2681 ἐκάθευδε,
3662 2612 3875 2690 μανδύῃ

467 2705 769 2761 Michaelis
821 2703 1124 2769 monachi,
1185 2704 1381 2774 patrui
1450 2703 1659 2774 ipsius,
1717 2703 1813 2758 cui
1867 2703 2096 2759 Maleim

2220 2702 2300 2770 τῷ
2330 2703 2428 2753 τοῦ
2464 2703 2711 2777 μοναχοῦ
2767 2696 3001 2776 Μιχαὴλ
3057 2699 3152 2753 καὶ
3212 2700 3358 2754 θείου
3412 2701 3601 2771 αὐτοῦ,
3659 2705 3704 2776 ᾧ
3753 2710 3882 2761 Μα-

467 2808 795 2867 cognomen
824 2794 1034 2860 fuerat,
1061 2809 1318 2864 superne
1341 2792 1692 2863 contegebat
1722 2791 1834 2847 sibi
1866 2809 2080 2864 corpus

2222 2783 2397 2848 λεῖνος
2428 2787 2475 2824 ⁸³
2529 2785 2834 2861 ἐπώνυμον,
2893 2786 3092 2851 ἄνωθεν
3148 2786 3536 2845 ἐπικαλύπτων
3592 2791 3761 2848 αὐτοῦ
3807 2796 3877 2849 τὸ

465 2884 679 2955 quibus
706 2884 767 2938 in
801 2882 980 2937 rebus
1017 2887 1370 2953 pernoctare
1411 2888 1816 2947 consueverat,
1860 2882 2093 2952 quoties

2218 2877 2517 2949 σωμάτιον·
2551 2874 2603 2930 ἐν
2635 2877 2721 2937 οἷς
2776 2873 2985 2931 ε’ίθιστο
3016 2874 3316 2947 καθεύδειν,
3350 2880 3584 2949 ὁπηνίκα
3633 2888 3741 2937 τῶν
3772 2891 3878 2939 Δε-

460 2974 815 3029 immiuente
849 2972 1159 3027 Dominica
1190 2972 1567 3027 solemnitate
1605 2971 1827 3041 aliqua,
1861 2972 2116 3026 inteme-

457 3063 605 3121 ratis
633 3061 850 3117 Christi
897 3061 1197 3132 mysteriis
1252 3061 1643 3116 constituerat
1693 3060 1830 3117 frui.
1892 3061 2112 3116 Iisdem

456 3167 640 3222 prope
672 3150 884 3205 diebus
909 3148 1146 3215 accidit,
1180 3155 1247 3204 ut
1295 3150 1513 3204 Bardas
1552 3150 1768 3214 Cmsar,
1800 3149 2111 3220 Nicephori

450 3237 828 3308 imperatoris
868 3242 1058 3306 pater,
1122 3252 1193 3290 ex
1251 3237 1361 3291 hac
1417 3237 1535 3291 vita
1572 3237 1872 3307 migraret,
1934 3243 2110 3293 natus

448 3342 645 3381 annos
678 3325 936 3396 amplius
962 3326 1308 3393 nonaginta,
1342 3342 1478 3380 cum
1509 3325 1573 3380 in
1603 3327 1868 3381 numeris
1889 3327 2106 3382 milita-

446 3414 619 3469 ribus
640 3413 713 3469 ab
740 3414 871 3485 ipsa
922 3412 1233 3484 pubertate
1282 3414 1719 3481 consenuisset,
1772 3415 2107 3487 triumphos

454 3508 633 3573 atque
659 3502 935 3557 victorias
964 3501 1332 3557 facinoribus
1370 3502 1603 3558 bellicis
1620 3504 1961 3575 complures
1978 3505 2110 3559 ade-

450 3597 606 3663 ptus.
636 3592 802 3646 Hunc
825 3590 1151 3662 imperator
1169 3596 1568 3659 mortuum,ut
1592 3609 1699 3663 par
1729 3598 1875 3658 erat,
1907 3592 2057 3649 luxit
2089 3610 2103 3649 :

453 3695 604 3750 eque
628 3679 848 3751 palatio
875 3695 1065 3750 usque
1105 3679 1180 3734 ad
1211 3679 1453 3734 domum
1487 3681 1639 3751 ejus,
1700 3682 1761 3735 in
1802 3686 1967 3753 parte
2000 3699 2101 3737 au-

448 3769 614 3823 strali
645 3768 811 3823 urbis
840 3768 1104 3833 sitam,in
1128 3767 1278 3824 clivo
1308 3770 1414 3823 vias
1455 3785 1573 3840 qua
1628 3770 1702 3825 ad
1733 3787 1896 3826 mare
1951 3771 2091 3836 itur,

446 3856 804 3928 Sophimque
835 3823 1041 3927 portus
1071 3856 1172 3912 84
1194 3823 1906 3930 panditurZVcorpuserV—us
1954 3823 2092 3929 pi};
2133 3823 2174 3889 ο

446 3949 685 4000 secutus
719 3949 828 4011 est,
862 3950 923 3999 et
951 3945 1014 4000 in
1067 3961 1207 3999 arca
1235 3946 1589 4017 composuit.
1658 3946 1901 4017 Aliquot
1963 3953 2100 4018 post

441 4032 674 4099 diebus,
707 4049 841 4088 cum
876 4040 1034 4089 esset
1060 4034 1369 4105 paululum
1401 4036 1591 4091 levata
1620 4036 1995 4109 imperatoris
2020 4036 2093 4091 de

443 4125 611 4191 patre
641 4119 948 4192 aegritudo,
972 4121 1329 4191 Theophano
1359 4125 2090 4194 Augusta,opportunitate

442 4224 571 4273 usa,
604 4213 831 4263 secreto
860 4225 998 4264 eum
1028 4208 1213 4277 addit,
1231 4210 1602 4281 multamque
1634 4220 1996 4269 connectens
2026 4215 2089 4269 in

437 4299 630 4355 verbis
661 4298 1218 4369 suaviloquentiam,
1250 4315 1356 4371 pro
1384 4300 1611 4355 Joanne
1653 4301 1927 4374 Magistro
1987 4321 2088 4359 co-

2218 2970 2491 3019 σποτικῶν
2515 2965 2717 3039 έορτῶν
2774 2985 2857 3026 τις
2915 2964 3202 3036 εἰσήλαυνε
3240 2967 3332 3023 καὶ
3390 2974 3498 3024 τῶν
3551 2974 3878 3047 μυστηρίων

2217 3056 2457 3128 Χριστοῦ
2488 3060 2595 3109 τῶν
2622 3054 2910 3132 ἀχράντων
2932 3050 3207 3124 ἠϐούλετο
3233 3064 3546 3137 μετασχεῖν.
3574 3062 3720 3116 Κατὰ
3740 3064 3874 3118 ταύ-

2215 3162 2310 3202 τας
2338 3139 2511 3203 δὲτὰς
2542 3141 2755 3217 ἡμέρας
2797 3139 2993 3213 συνέϐη
3027 3144 3119 3199 καὶ
3170 3145 3263 3200 τὸν
3326 3147 3570 3223 Καίσαρα
3629 3148 3870 3225 Βάρδαν,

2212 3230 2304 3285 τὸν
2358 3236 2456 3285 τοῦ
2511 3232 2917 3307 αὐτοκράτορος
2949 3234 3270 3313 Νικηφόρου
3318 3234 3526 3311 πατέρα
3571 3239 3704 3313 (91),
3764 3246 3871 3295 τοῦ

2216 3319 2338 3392 βίου
2401 3327 2815 3394 μεταναστῆναι,
2867 3321 2999 3395 ὑπὲρ
3064 3322 3130 3377 τὰ
3194 3320 3505 3394 ἐνενήκοντα
3560 3321 3655 3396 ἔτη
3742 3325 3871 3384 δια-

2212 3402 2507 3480 ϐιώσαντα,
2537 3409 2633 3464 κάν
2662 3415 2779 3471 τοῖς
2812 3418 3235 3485 στρατιωτικοῖς
3285 3412 3620 3492 καταλόγοις
3679 3415 3729 3488 ἐξ
3760 3418 3870 3473 αὐ-

2210 3503 2309 3566 τῆς
2340 3493 2484 3568 ἥϐης
2513 3499 2989 3575 καταγηράσαντα,
3040 3501 3132 3556 καὶ
3161 3499 3350 3556 πολλὰ
3389 3504 3625 3578 τρόπαια
3654 3506 3745 3561 καὶ
3775 3508 3868 3561 νί-

2207 3606 2305 3646 κας
2358 3584 2410 3641 ἐν
2459 3593 2575 3648 τοῖς
2631 3588 2769 3643 κατὰ
2826 3586 3072 3661 πόλεμον
3125 3587 3605 3668 ἀνδραγαθήμασιν
3658 3592 3866 3666 ἀναδη-

2208 3676 2436 3750 σάμενον
2468 3679 2599 3752 (92).
2652 3679 2748 3736 ’ον
2801 3676 3083 3748 ἐπένθησεν
3132 3680 3160 3734 6
3217 3680 3475 3755 βασιλεὺς
3534 3686 3866 3758 τεθνηκότα,

2206 3767 2280 3828 ὡς
2313 3768 2375 3822 τὸ
2410 3767 2576 3835 εἰκὸς,
2609 3766 2669 3823 ἐκ
2725 3775 2833 3824 τῶν
2889 3768 3200 3845 ἀνακτόρων
3257 3792 3317 3826 τε
3373 3771 3463 3827 καὶ
3528 3773 3697 3854 μέχρι
3754 3784 3865 3846 τῆς

2204 3856 2382 3918 ἑστίας
2415 3855 2581 3913 αὐτοῦ
2611 3858 2748 3913 κατὰ
2804 3853 3151 3934 μεσημϐρίαν
3206 3862 3461 3933 κειμένης
3512 3853 3860 3948 τοῦνᾶστεος,

2204 3945 2340 4019 πρὸς
2370 3945 2432 4001 τὸ
2463 3947 2719 4009 κάταντες
2749 3954 2849 4017 τῆς
2905 3945 2995 4003 ἐπὶ
3040 3945 3311 4011 θάλασσαν
3368 3951 3637 4028 φερούσης
3696 3945 3859 4024 ὁδοῦ,

2200 4032 2292 4090 ἵνα
2324 4038 2352 4091 6
2375 4044 2475 4107 τῆς
2510 4039 2715 4118 Σοφίας
2765 4037 2938 4113 λιμὴν
2969 4037 3252 4109 ἧπλωται,
3286 4040 3377 4096 τὸν
3435 4043 3632 4098 τούτου
3663 4046 3858 4119 νεκρὸν

2200 4124 2540 4200 προέπεμψε,
2573 4129 2664 4183 καὶ
2694 4132 2763 4200 τῇ
2795 4133 2941 4203 σορῷ
2994 4127 3351 4202 περιέστειλε.
3387 4133 3534 4187 Μετὰ
3594 4130 3651 4188 δέ
3701 4156 3856 4198 τινας

2198 4212 2409 4289 ἡμέρας
2440 4221 2537 4270 τοῦ
2569 4215 2657 4271 ἐπὶ
2704 4222 2784 4289 τῷ
2813 4217 2978 4291 πατρὶ
3026 4216 3252 4280 πένθους
3308 4224 3387 4293 τῷ
3444 4218 3666 4295 βασιλεῖ
3720 4224 3854 4280 ὐπο-

2199 4301 2578 4382 λωφήσαντος,
2627 4303 2902 4380 εὐκαιρίας
2958 4308 2993 4375 ἡ
3054 4306 3346 4383 Αὐγούστα
3405 4312 3657 4389 Θεοφανὼ
3716 4309 3847 4387 δρα-

1644 4460 1703 4515 C.
1737 4460 1795 4517 Βη
1837 4461 2026 4516 HASII
2072 4463 2630 4521 ANNOTATIONES.

500 4622 547 4657 ⁸³
575 4615 897 4697 κοκκηϐαφῆ
937 4620 1067 4679 cod.
1102 4621 1215 4677 Sed
1242 4614 1564 4695 κοκκοϐαφῆ
1590 4620 1746 4677 infra
1783 4623 1872 4676 53.
1905 4626 1970 4675 A.
2003 4620 2096 4676 ⁸³1

2212 4620 2364 4687 είνος.
2401 4625 2496 4681 Sic
2527 4626 2656 4681 cod.

499 4810 617 4882 (891
659 4811 920 4882 Quarum
977 4809 1263 4882 repagula
1327 4826 1361 4865 a
1391 4810 1597 4865 Burtza
1646 4826 1787 4866 ense
1819 4810 2076 4867 dissecta

428 4896 557 4953 esse
582 4880 882 4937 Cedrenus
905 4880 1112 4937 auctor
1131 4880 1241 4936 'est
1270 4883 1342 4946 Il,
1368 4884 1499 4953 657.
1531 4882 1714 4953 D.__lbi
1750 4883 1853 4937 lin.
1887 4885 1938 4936 9.
1969 4900 2075 4953 pro

423 4947 604 5025 πόλην
634 4953 775 5025 quis
808 4970 928 5008 non
960 4953 1118 5007 videt
1172 4951 1491 5025 legendum
1548 4949 1754 5022 πύλην,
1815 4947 1985 5007 εἰοιιι’
2014 4955 2074 5008 in

424 5022 647 5094 Schowi
694 5023 847 5094 redit.
915 5024 1212 5079 Laurentii
1240 5022 1397 5094 Lydi
1450 5026 1531 5079 De
1590 5025 1899 5080 mensibus
1949 5028 2069 5079 124.

419 5092 654 5167 lin._i_9-
689 5093 830 5149 item
853 5095 958 5149 lin.
997 5092 1421 5167 ult.ﬂejusdem
1446 5112 1584 5167 pag.
1631 5095 2069 5152 restituendum

419 5160 473 5217 ἐν
505 5160 726 5229 αἰτίαις,
759 5172 817 5219 et
846 5167 968 5220 658.
1006 5169 1072 5220 A.
1106 5160 1212 5221 lin'.
1245 5169 1296 5219 2.
1323 5160 1593 5236 παρέσχεν
1626 5167 1654 5222 ?

488 5237 600 5311 (90)_
625 5236 759 5290 Hac
789 5237 851 5311 in
883 5236 1248 5311 Glossarium
1280 5236 1851 5311 retulit‘Ducangius
1874 5240 1912 5294 1,
1941 5241 2063 5311 867,

417 5306 476 5361 C.
513 5306 621 5361 sub
681 5323 731 5361 v.
792 5302 1069 5369 Μανὸύεις,
1132 5323 1321 5375 usque
1383 5308 1456 5362 ad
1519 5302 1937 5373 verba,'a6-roﬁ
2003 5309 2067 5364 τὸ

415 5375 715 5449 σωμάτιον·
753 5394 859 5449 pro
893 5378 1109 5449 quibus
1140 5377 1270 5449 Fille
1320 5377 1505 5444 dedit,
1564 5378 1625 5431 τὸ
1685 5382 1845 5449 σῶμα
1874 5379 2060 5434 αὐτοῦ’

407 5464 520 5504 nec
543 5448 775 5520 reliqua
808 5450 1044 5518 singula
1072 5448 1531 5521 diligentissime
1588 5450 1922 5521 descripsit.
1961 5457 2061 5507 Co-

406 5537 665 5595 gnomAen
700 5521 1023 5582 Michaelis,
1052 5520 1433 5595 Maleinus,in
1464 5521 1707 5595 familiis
1732 5520 2063 5595 By‘zantinis

406 5591 531 5649 149.
568 5593 608 5649 C
641 5610 766 5649 non
800 5599 1093 5649 memorat
1144 5593 1480 5665 Ducangius
1516 5610 1527 5647 :
1589 5594 1737 5649 alias
1778 5591 2062 5665 ’ὀξυτόνως

2188 4811 2470 4867 scribitur
2500 4809 2792 4873 Μαλεῖνός’
2826 4814 2954 4869 vide
2987 4820 3189 4870 notam
3216 4817 3291 4871 ad
3352 4819 3452 4872 118
3508 4818 3571 4872 1).
3630 4822 3835 4874 Κοκκο-

2187 4875 2389 4955 ϐαφής,
2424 4885 3074 4968 praeterlocumnquem
3247 4905 3351 4968 ora
3405 4889 3840 4968 a_ttuli,legitur

2185 4971 2423 5041 quoque
2454 4958 2541 5010 74.
2578 4957 2640 5010 D.
2678 4959 2834 5028 apud
2866 4960 3232 5013 Constantin.
3284 4957 3831 5086 Porphﬁrogen'net.

2188 5027 2285 5080 13o
2339 5028 2380 5079 Ο
2435 5033 2493 5081 et
2540 5028 2693 5090 apud
2727 5028 3059 5085 Cedrenum
3082 5033 3148 5086 ll.
3183 5032 3287 5086 662
3364 5032 3423 5086 Ο.
3532 5040 3691 5088 ausu
3722 5036 3832 5090 Leo

2188 5031 2285 5080 135
2339 5031 2380 5079 C
2435 5033 2493 5081 et
2540 5031 2693 5097 apud
2727 5031 3059 5085 Cedrenum
3082 5033 3148 5086 ll.
3183 5032 3287 5086 662
3364 5032 3423 5086 Ο.

2184 5112 2266 5179 ex,
2279 5098 2530 5179 agathia

2251 5171 2365 5245 (9‘1)
2391 5170 2489 5245 E_lic
2515 5177 2611 5245 est
2641 5170 2743 5225 ille
2775 5180 3152 5233 senex,natus
3174 5180 3390 5228 centum
3418 5180 3830 5245 quinquaginta

2178 5242 2340 5317 gignis
2400 5241 2557 5317 [sic],
2595 5259 2865 5317 _quocum
2940 5245 3335 5316 Luitprandus
3391 5241 3519 5317 Heg.
3565 5241 3825 5303 _ad'l\‘ic.

2178 5312 2363 5391 Ρίιοςἐ
2408 5312 2525 5366 ⁷144
2594 5314 2637 5367 1)
2720 5330 2782 5367 se
2843 5312 3105 5371 manasse
3165 5317 3249 5370 ait
3300 5312 3503 5373 mense
3563 5321 3827 5391 Augusto

2175 5385 3042 5534 δ’(ἓὲῗοῐῖοιτξιιξιρἀοιίοιιὶεμεξΑ
3067 5459 3334 5534 Agathia,
3394 5460 3485 5514 cui
3542 5460 3827 5534 frequens

2175 5532 2263 5580 est
2296 5542 2310 5579 :
2345 5526 2523 5581 veluti
2554 5528 2646 5593 27,
2678 5531 2744 5583 A.
2770 5531 2857 5583 60.
2890 5529 2931 5583 C
2984 5531 3051 5583 99
3106 5531 3174 5598 1),
3210 5533 3330 5585 ilio.
3363 5534 3427 5585 A.
