4190 6322
307 361 418 427 ’181

1676 356 2073 418 HISTORLE
2117 357 2266 420 LIB.
2313 360 2389 421 V.

3595 364 3717 424 ’782

309 493 533 572 ξαμὲνη,
600 493 852 569 πρόσεισι
906 491 1088 563 τούτῳ
1166 490 1500 563 καταμόνας,
1547 488 1768 559 πολλὴν
1827 511 1985 555 συν-¹

2097 499 2384 550 ῖηοωοηιο
2434 496 2715 551 Tzimisce
2777 495 3079 567 deprecari
3127 493 3506 566 implorando
3538 499 3716 567 atque

311 588 530 663 είρουσα
587 583 772 662 λόγων
827 582 1023 651 πειθὼ,
1056 581 1309 652 Ἰωάννην
1367 603 1427 636 τε
1482 581 1574 637 τὸν
1636 580 1958 658 μάγιστρον,

310 678 358 751 ᾧ
414 678 724 749 Τζιμισκῆς
782 674 845 729 τὸ
899 671 1203 746 ἐπώνυμον,
1259 672 1359 726 οὐκ
1413 670 1534 741 ἀνίη
1585 670 1960 744 ἐξαιτουμένη,

310 764 767 841 προσλιπαροῦσά
852 784 911 819 τε
992 763 1083 818 καὶ
1141 760 1507 835 ποτνιωμένη.
1590 761 1693 818 Καὶ
1751 758 1962 817 δικαίαν

319 852 480 924 δῆθεν
542 855 641 922 τήν
704 854 905 924 σκῆψιν
956 846 1370 926 προτεινομένη,
1428 849 1601 917 καί,‹‹
1660 850 1768 904 Ἰνα
1824 849 1878 903 τί
1916 849 1965 884 ⁸⁴

314 944 488 999 πάντα
524 941 707 1018 μέτρῳ
732 941 823 995 καὶ
854 941 1081 1014 σταθμῷ
1108 938 1386 1013 ῥυθμίζων
1440 938 1507 993 τὰ
1564 938 1650 1006 σὰ,
1711 936 1962 1012 βασιλεῦ,

317 1034 393 1094 ὡς
432 1028 632 1108 ἀκριϐῆ
687 1031 932 1105 στάθμην
984 1029 1123 1084 εἷναί
1170 1050 1227 1083 σε
1282 1028 1374 1083 καὶ
1430 1029 1622 1084 κανόνα
1679 1029 1965 1105 σωφροσύ-

313 1143 413 1194 νης
468 1122 783 1190 εὐθύτατον,
834 1123 1079 1195 παρορᾷς
1137 1116 1301 1193 ἄνδρα
1375 1124 1613 1195 γενναῖον
1670 1119 1816 1174 οὕτω
1873 1118 1964 1174 καὶ

314 1213 575 1281 νεανικὸν,
628 1210 905 1287 ἀριπρεπῆ
965 1210 1011 1245 ⁸⁸
1038 1229 1098 1264 τε
1155 1208 1292 1264 κατὰ
1344 1208 1440 1269 τὰς
1511 1208 1696 1286 μάχας
1750 1208 1966 1286 τυγχά-

314 1322 471 1358 νοντα
554 1300 646 1355 καί
728 1298 1188 1375 ἀκαταγώνιστον,
1264 1293 1692 1373 ἐγκυλινδεῖσθαι
1766 1298 1813 1332 ⁸6
1889 1302 1968 1369 τῷ

321 1384 580 1467 βορϐόρῳ
636 1393 745 1444 τῶν
798 1384 1030 1457 ἡδονῶν,
1090 1385 1183 1441 καὶ
1242 1385 1361 1460 βίον
1421 1382 1774 1458 μεταδιώκειν
1828 1405 1969 1459 παρ-

324 1475 694 1551 εξηυλημένον
729 1477 839 1550 (93)
898 1475 989 1530 καὶ
1036 1473 1238 1542 ἄνετον,
1296 1479 1608 1553 σφριγῶντα
1665 1474 1755 1528 καὶ
1802 1471 1969 1544 αὐτὴν

322 1575 424 1638 τῆς
456 1564 682 1636 ἡλικίας
744 1564 946 1642 ἄγοντα
1002 1566 1102 1633 τὴν
1158 1563 1363 1637 ἀκμὴν,
1418 1562 1509 1617 καὶ
1549 1567 1720 1618 ταῦτα
1748 1562 1971 1618 αὐτανε-

323 1656 448 1730 ψιὸν
502 1659 601 1710 τοῦ
655 1659 754 1708 σοῦ
809 1653 1089 1732 πεφηνότα
1130 1652 1386 1727 κράτους,
1448 1648 1706 1726 λαμπράν
1763 1672 1822 1706 τε
1872 1655 1970 1706 τοῦ

324 1744 510 1823 γένους
539 1742 769 1799 ἓλκοντα
828 1744 928 1813 τήν
986 1741 1165 1816 σειράν
1199 1760 1212 1809 ;
1247 1738 1426 1809 Ἀλλ’,
1479 1740 1526 1794 εἰ
1558 1737 1727 1808 δοκεῖ,
1784 1738 1974 1796 κέλευε

2071 583 2422 641 obtestando
2454 603 2576 642 non
2635 586 2976 642 intermisit.
3035 586 3373 657 Speciosam
3433 586 3720 641 nimirum

2071 688 2307 729 causam
2341 682 2695 745 praetexens,
2730 700 2758 727 ‹‹
2782 678 2915 739 Cur,
2952 699 2980 725 ››
3013 675 3229 746 inquit,
3260 698 3289 724 «
3324 682 3387 729 tu
3415 676 3513 746 qui
3545 674 3722 730 modo

2071 767 2131 816 et
2160 764 2389 820 ratione
2419 767 2624 822 omnia
2651 766 2817 833 facis,
2852 766 3120 834 Domine,
3159 765 3306 820 adeo
3338 771 3404 820 ut
3439 765 3521 821 sis
3575 782 3722 820 con-

2073 858 2435 909 summatum
2467 856 2803 926 exemplum
2835 871 2901 909 ac
2929 871 3139 910 norma
3167 856 3459 910 acerrima
3490 859 3721 926 tempe-

2071 942 2303 1009 rantia,
2338 944 2504 999 nullo
2536 944 2666 999 loco
2698 961 3002 1008 numeras,
3047 945 3233 998 virum
3267 951 3385 999 tam
3418 944 3634 999 fortem
3663 948 3724 999 et

2072 1031 2430 1099 animosum,
2473 1033 2700 1089 clarum
2732 1033 2888 1088 bello
2928 1039 3107 1106 atque
3140 1034 3451 1103 invictum,
3472 1031 3725 1088 volutari

2072 1120 2134 1175 in
2150 1121 2272 1176 luto
2288 1123 2985 1195 voluptatum,vitamque
3007 1140 3179 1196 agere
3201 1128 3490 1178 extorrem
3510 1123 3728 1178 etotio-

2075 1226 2202 1264 sam
2227 1211 2254 1265 ?
2293 1213 2362 1266 Et
2390 1217 2590 1267 tamen
2620 1214 2773 1285 viget
2802 1213 2902 1268 ille
2931 1213 3059 1283 ipso
3100 1213 3290 1267 aetatis
3331 1211 3563 1279 robore,
3598 1216 3722 1266 tum

2075 1299 2254 1355 etiam
2288 1301 2681 1357 consobrinus
2733 1308 2847 1357 tuae
2904 1302 3236 1373 majestatis
3282 1307 3392 1367 est,
3428 1301 3723 1356 illustrem

2074 1389 2256 1443 trahit
2287 1391 2521 1462 generis
2553 1391 3094 1457 seriem.Verum,si
3117 1391 3365 1456 videtur,
3383 1391 3528 1462 jube
3551 1390 3722 1445 illum

2077 1479 2542 1549 quamprimum,
2578 1498 2714 1536 rure
2736 1481 2838 1536 ubi
2868 1487 2957 1536 est
2982 1481 3210 1548 relicto,
3253 1480 3327 1535 ad
3358 1497 3469 1536 nos
3497 1480 3722 1549 venire,

2079 1572 2137 1620 et
2160 1584 2407 1623 uxorem
2440 1569 2705 1641 aliquam
2737 1586 2766 1623 e
2794 1571 3060 1642 patriciis
3090 1570 3529 1635 ducere.Quam
3563 1570 3725 1624 enim

2081 1657 2246 1728 prius
2278 1658 2338 1712 in
2373 1659 2754 1714 matrimonio
2787 1660 3065 1727 habebat,
3126 1660 3362 1722 acerba,
3395 1664 3462 1714 ut
3490 1659 3626 1724 scis,
3659 1674 3727 1714 ac

2080 1746 2350 1801 membra
2379 1747 2612 1802 solvens
2627 1765 2787 1804 mors
2800 1748 3234 1819 perculit.Cede
3256 1747 3725 1820 igitur,domine.

323 1838 423 1905 τήν
451 1833 743 1912 ταχίστην,
773 1837 881 1888 τῶν
937 1832 1140 1910 χώρων
1192 1828 1286 1885 ’ίνα
1342 1824 1611 1904 διατρίϐει
1667 1828 1966 1905 ἀπάραντα,

2097 1834 2246 1900 Quod
2273 1835 2751 1903 suadeo,rectum
2782 1842 2890 1893 est.
2928 1839 3072 1893 Gere
3106 1838 3251 1892 mihi
3284 1834 3728 1905 morem.Neja-

323 1924 614 2004 ἀφικέσθαι
671 1945 731 1979 τε
781 1923 918 1999 πρὸς
957 1926 1106 1996 ἡμᾶς
1158 1921 1249 1977 καὶ
1308 1921 1527 1998 συζύγῳ
1582 1926 1689 1976 τῶν
1741 1921 1969 1997 εὐγενῶν

2097 1930 2209 1980 :eat
2238 1925 2312 1980 ad
2344 1925 2669 1982 ludibrium
2702 1932 2761 1982 et
2791 1927 3132 1983 irrisionem
3162 1928 3499 1999 linguarum
3552 1929 3725 1996 petu-

325 2016 688 2089 ἁρμοσθῆναι.
722 2014 831 2083 Τὴν
888 2012 992 2089 γὰρ
1049 2008 1158 2081 ἤδη
1216 2010 1372 2083 νόμῳ
1430 2010 1612 2086 γάμου
1649 2030 1966 2085 προσαρμο-

324 2105 535 2158 σθεῖσαν
559 2102 708 2175 αὐτῷ
740 2102 768 2156 ὁ
797 2101 1017 2176 πικρὸς,
1069 2101 1144 2161 ὡς
1204 2100 1385 2167 οἶσθα,
1442 2099 1533 2153 καὶ
1591 2097 1900 2172 λυσιμελὴς
1929 2101 1974 2136 ⁸⁷

2080 2015 2333 2070 lantium
2366 2016 2465 2087 qui
2499 2023 2558 2071 et
2581 2033 2797 2090 genere
2828 2023 2885 2072 te
2909 2018 3167 2090 attingit,
3200 2022 3260 2072 et
3288 2016 3361 2071 ob
3403 2014 3619 2070 bellica
3647 2014 3731 2069 fa-

2083 2104 2289 2159 cinora
2317 2104 2389 2159 ab
2421 2106 2700 2161 omnibus
2730 2105 3108 2178 praedicatur.
3145 2128 3173 2155 ››

326 2190 590 2267 ἐξεθερισε
611 2190 860 2255 θάνατος.
893 2190 1053 2259 Εἷξον
1084 2187 1299 2255 λοιπὸν,
1334 2184 1585 2262 βασιλεῖ’),
1616 2186 1707 2240 καὶ
1734 2187 2100 2265 εἰσηγουμένῃ
2133 2191 2201 2244 τὰ
2229 2188 2414 2246 δέοντα
2443 2194 2721 2263 πείσθητι,
2753 2194 2843 2247 καὶ
2879 2196 2954 2267 μὴ
2988 2193 3299 2267 προκείσθω
3346 2196 3466 2254 ταῖς
3495 2188 3735 2245 ἀκολάσ-

326 2302 444 2344 τοις
476 2278 757 2357 γλώσσαις
785 2275 1058 2354 κωμῳδία
1081 2277 1174 2332 καὶ
1205 2276 1517 2351 σαρκασμὸς
1546 2277 1574 2330 ὁ
1602 2274 1662 2331 ἐκ
1686 2280 1784 2331 τοῦ
1816 2281 1913 2332 σοῦ
1944 2278 2135 2354 γένους
2166 2276 2512 2355 ἀναδραμὼν,
2544 2283 2641 2338 κάν
2698 2289 2819 2345 ταῖς
2875 2288 2984 2338 τῶν
3041 2280 3305 2355 πολέμων
3352 2277 3737 2355 ἀνδραγαθίαις

329 2369 475 2444 παρά
503 2369 718 2425 πάντων
753 2364 1304 2446 μεγαλαυχούμενος.
1340 2388 1369 2418 ››

402 2490 481 2561 [Ρ.
521 2490 612 2560 52]
668 2489 732 2551 ς’.
793 2487 1023 2547 Τούτοις
1072 2490 1188 2546 τοῖς
1248 2482 1442 2561 λόγοις
1506 2481 1843 2558 μετελθοῦσα
1884 2485 1977 2541 τὸν

327 2578 706 2652 αὐτοκράτορα
783 2576 896 2644 καὶ,
978 2575 1053 2636 ὡς
1132 2574 1195 2629 τὸ
1271 2574 1437 2641 εἰκὸς,
1495 2575 1977 2651 καταγοητεύσασα

328 2662 557 2742 (εὔνοιαν
615 2666 722 2743 γὰρ
792 2665 924 2739 ὑπὲρ
980 2664 1044 2719 τὸ
1111 2669 1389 2738 προσῆκον
1468 2668 1730 2741 παρεῖχεν
1811 2664 1974 2737 αὐτῇ,

328 2753 577 2816 ἐκτόπως
638 2762 741 2824 τῆς
800 2752 945 2828 ὥρας
1002 2753 1205 2822 ταύτης
1261 2752 1625 2825 ἡττώμενος),
1711 2751 1979 2808 ἀνέπεισεν

323 2843 635 2900 εἰσκαλέσαι
665 2845 759 2900 τὸν
792 2844 1061 2912 Ἰωάννην,
1113 2842 1204 2897 καὶ
1239 2847 1433 2906 θᾶττον
1486 2842 1795 2911 ἀπαντῆσαι
1836 2843 1977 2916 πρὸς

325 2933 389 2988 τὸ
425 2934 740 3002 Βυζάντιον.
774 2934 836 2990 Ὀ
879 2929 937 2987 δὲ
992 2931 1130 3007 πρὸς
1178 2932 1279 3001 τὴν
1333 2928 1727 3006 βασιλεύουσαν
1774 2929 1981 2986 εἰσελά-

332 3040 431 3082 σας
463 3021 562 3076 καῖ
592 3026 672 3094 τῷ
722 3018 937 3096 βασιλεῖ
989 3020 1291 3094 παραστὰς,
1322 3018 1541 3093 ἐπείπερ
1585 3019 1905 3093 ἐπισκήψεις
1934 3020 1984 3056 ⁸⁸

2155 2492 2208 2544 6.
2243 2491 2344 2547 His
2375 2492 2619 2548 vocibus
2650 2492 2950 2547 insectans
2992 2492 3412 2563 imperatorem
3444 2495 3521 2557 et,
3549 2494 3610 2544 ut
3644 2490 3734 2563 ﬁt,

2085 2580 2388 2637 fascinans
2421 2580 2721 2652 (studebat
2749 2581 2849 2637 85
2883 2582 3043 2637 enim
3074 2583 3351 2653 Augusta:
3382 2580 3516 2651 plus
3566 2595 3733 2650 quam

2086 2670 2394 2738 attinebat,
2429 2677 2672 2742 eratque
2702 2671 2893 2726 forma
2912 2672 3042 2743 ejus
3097 2669 3456 2725 mirabiliter
3483 2668 3735 2739 captus),

2088 2762 2383 2833 persuasit
2414 2761 2500 2816 illi
2530 2766 2596 2816 ut
2623 2763 2912 2817 Joannem
2944 2766 3429 2830 accerseret,quo
3458 2762 3740 2815 Constan-

2089 2850 2404 2921 tinopolim
2430 2851 2701 2923 protinus
2732 2852 2782 2905 is
2822 2867 2885 2905 se
2915 2850 3229 2905 conferret.
3254 2851 3333 2904 Eo
3373 2865 3506 2903 cum
3531 2863 3738 2919 perve-

2090 2939 2298 3007 nisset,
2332 2939 2406 2995 ad
2468 2940 2885 3011 imperatorem
2942 2939 3262 3003 admissus,
3325 2942 3530 3009 postea
3560 2952 3739 3007 quam

2089 3028 2305 3083 vetitus
2332 3028 2527 3083 fuerat
2557 3029 2805 3100 singulis
2837 3028 3049 3082 diebus
3082 3028 3145 3082 in
3195 3026 3485 3098 palatium
3516 3026 3736 3092 venire,

339 3108 555 3180 ἐδέξατο
615 3115 732 3171 τοῖς
781 3108 1090 3180 ἧασιλείοις
1139 3107 1407 3183 ὁσημέραι
1465 3114 1674 3188 φοιτᾷν,
1702 3111 1826 3166 τότε
1889 3111 1981 3184 μὲν

2097 3119 2237 3170 tunc
2268 3116 2506 3186 quidem
2538 3116 2817 3187 evestigio
2870 3115 3111 3169 domum
3143 3129 3204 3168 se
3230 3112 3491 3183 recepit:
3524 3111 3739 3166 deinde

347 3199 432 3278 ἐφ’
488 3200 669 3260 ἑστίας
719 3198 873 3261 εὐθὺς
931 3196 1343 3268 ἀπηλλάττετο’
1407 3197 1694 3271 μετέπειτα
1752 3196 1809 3254 δὲ
1840 3200 1986 3275 παρὰ

333 3292 436 3360 τήν
470 3288 751 3364 βασίλειον
781 3289 959 3360 αὐλὴν
1019 3289 1080 3344 οὐ
1135 3286 1488 3362 διελίμπανεν
1544 3289 1724 3345 ἀνιών.
1763 3295 1890 3347 Ἀτε
1933 3288 1990 3345 δὲ

335 3379 680 3455 θερμουργός
710 3399 794 3439 τις
825 3379 960 3453 ἀνὴρ
989 3378 1267 3457 πεφυκὼς,
1325 3377 1416 3432 καὶ
1477 3375 1766 3451 τολμήσας
1797 3378 1845 3416 ⁸⁸
1877 3379 1987 3453 (84)

337 3467 383 3522 εἰ
412 3467 610 3529 καίτις
646 3465 845 3536 ἄλλος,
897 3467 989 3522 καὶ
1044 3467 1362 3543 πράγμασιν
1417 3464 1717 3545 ἐπιχειρεῖν
1745 3465 1990 3523 ἀλλοκό-

338 3577 456 3618 τοις
542 3552 1036 3632 παραϐολώτατος,
1097 3555 1274 3631 ἐξεῦρε
1353 3558 1633 3634 μηχανὴν,
1710 3554 1850 3612 ὥστε
1901 3554 1990 3613 διά

337 3670 498 3704 τινων
525 3649 741 3727 ἀφανῶν
799 3647 1023 3704 εἰσόδων
1078 3649 1216 3723 πρὸς
1274 3655 1376 3718 τῆς
1423 3647 1746 3725 Αὐγούστης
1794 3650 1991 3723 ἕτοιμά

337 3738 563 3793 σθεισῶν
598 3735 928 3801 ὐποδύεσθαί
952 3758 1011 3793 τε
1065 3737 1156 3792 καὶ
1211 3737 1287 3797 εἰς
1346 3735 1549 3813 λόγους
1601 3737 1772 3812 ταύτῃ
1806 3737 1991 3813 συνέρ-

338 3828 555 3905 χεσθαι,
586 3827 677 3882 καὶ
734 3828 835 3897 τήν
890 3830 988 3881 τοῦ
1044 3826 1451 3900 αὐτοκράτορος
1508 3826 1827 3901 Νικηφόρου
1885 3833 1991 3882 τῶν

336 3913 647 3991 ἀνακτόρων
697 3917 744 3954 ⁹⁰
804 3913 1103 3990 μελετῆσαι
1161 3914 1469 3989 καθαίρεσιν
1527 3915 1659 3989 (95).
1722 3916 1992 3972 Ἐντεῦθεν

2100 3210 2299 3260 tamen
2332 3204 2530 3260 aulam
2559 3202 3579 3275 frequentarenonintermisit.Nam
3602 3216 3738 3254 cum

2099 3298 2257 3349 esset
2285 3294 2373 3348 vir
2392 3294 2614 3350 fervida
2644 3298 2874 3360 natura,
2912 3297 2969 3347 et
2998 3290 3330 3355 conﬁdens,
3364 3290 3413 3344 si
3445 3289 3578 3360 quis
3628 3288 3742 3342 fuit

2098 3388 2469 3454 unquam,et
2497 3384 2571 3439 ad
2602 3400 2696 3438 res
2748 3384 3043 3437 immanes
3098 3379 3415 3434 tentandas
3473 3376 3745 3433 audacis-

2099 3474 2308 3536 simus,
2342 3472 2586 3528 modum
2607 3472 2849 3544 reperit,
2885 3469 3391 3542 quemadmodum
3423 3484 3532 3539 per
3570 3483 3747 3537 quos-

2101 3561 2237 3617 dam
2269 3562 2534 3617 occultos
2587 3561 2781 3617 aditus
2821 3560 2893 3615 ab
2959 3563 3221 3631 Augusta
3298 3562 3536 3628 paratos
3592 3555 3745 3609 clam

2098 3652 2394 3719 introiret,
2420 3651 2482 3705 in
2516 3652 2763 3722 ejusque
2794 3648 3021 3703 veniret
3043 3647 3429 3717 colloquium,
3466 3650 3524 3699 et
3553 3645 3742 3714 impe-

2098 3740 2311 3795 ratoris
2333 3740 2645 3810 Nicephori
2676 3738 3067 3794 remotionem
3085 3752 3118 3790 a
3140 3734 3473 3807 principatu
3496 3732 3744 3788 medita-

2097 3835 2281 3884 retur.
2315 3829 2568 3883 Proinde
2587 3828 2861 3884 homines
2891 3826 3166 3882 robustos
3182 3840 3249 3879 ac
3280 3823 3436 3877 bello
3470 3829 3743 3877 strenuos

2100 3935 2171 3974 ex
2217 3917 2547 3974 intervallis
2605 3918 2678 3973 ad
2736 3919 3059 3989 Augustam
3103 3913 3398 3981 submisit,
3459 3928 3608 3983 quos
3641 3909 3747 3965 illa

1543 4066 1605 4122 C.
1640 4068 1704 4126 Β.
1750 4068 1938 4124 HASII
1970 4070 2524 4126 ANNOTATIONES.

416 4219 466 4254 3‘
491 4217 585 4296 ἵνα
613 4218 690 4274 τί.
723 4217 968 4296 Videtur
996 4219 1093 4275 hic
1115 4218 1319 4296 deesse
1350 4217 1486 4296 φησί
1514 4217 1562 4254 ⁸⁸
1590 4215 1855 4296 ᾀριτρεπῆ
1911 4237 1985 4275 οοη

2100 4219 2149 4296 δέ
2202 4216 2826 4296 ἐγκαλινδεῖσθαι-οοά.
2981 4219 3291 4296 λυσιμενῐνξς⁸
3331 4218 3463 4274 cod.
3520 4215 3748 4296 Sf‘uVe}.

345 4288 665 4369 ἐπρκήψεις
682 4289 1037 4369 vertendum
1062 4296 1162 4369 est
1180 4288 1812 4369 iptgdigtaLveldeest
1831 4297 1965 4369 post

2097 4288 2566 4369 ‘zleio'ggnegatio
2602 4294 2675 4366 μή
2713 4312 2817 4351 seu
2849 4289 2976 4369 οὐχ.
3014 4288 3142 4348 Vid.
3175 4291 3512 4349 Cedrenum
3535 4291 3658 4343 662.
3686 4288 3749 4345 Β.

346 4362 395 4398 ⁸³
423 4359 579 4419 Fort.
614 4359 946 4435 τολμητίας,
978 4367 1045 4417 ut
1059 4364 1151 4416 23.
1184 4364 1244 4419 Ο.
1270 4365 1357 4417 36.
1393 4368 1449 4416 Β.
1484 4363 1543 4417 C.
1576 4361 1621 4397 ⁹⁰
1653 4363 1807 4417 Fort.
1833 4359 1985 4416 ἀνακ·

2098 4384 2193 4418 ων.
2234 4364 2358 4420 Vid.
2392 4359 2585 4421 ῐῖοὶᾶε.

418 4532 530 4606 (93)
580 4534 712 4589 Vim
757 4534 917 4590 vocis
976 4533 1232 4605 explicat
1276 4533 1538 4606 illustris
1597 4534 1997 4591 Schneiderus
2029 4540 2072 4604 ι)
2109 4540 2196 4606 51.
2231 4538 2292 4592 Β.
2330 4540 2422 4592 60.
2463 4538 2519 4593 C.
2557 4540 2645 4591 79.
2678 4538 2745 4592 Α.
2778 4538 2839 4591 Β.

348 4605 557 4677 LeXico
584 4606 710 4661 223.
744 4607 810 4677 Ι).
845 4606 1121 4677 Leonem,
1171 4605 1350 4677 verba
1400 4621 1536 4677 rara
1576 4613 1996 4677 aucupantem,

346 4676 644 4747 invenisse
675 4676 1038 4747 credendum
1072 4681 1162 4732 est
1190 4677 1250 4731 in
1271 4675 1565 4747 Glossario
1598 4675 1996 4747 aliquo,l]ape-

349 4745 716 4817 ξηυλημένος²
795 4743 1207 4821 διεφθαρμένος,
1294 4743 1559 4821 ἀμυδρός·
1622 4743 1770 4821 qua;
1823 4743 2000 4806 hodie

351 4822 632 4893 leguntur
656 4819 816 4893 apud
848 4819 1239 4893 PhavOrinum
1266 4819 1450 4893 4447.
1494 4820 1561 4873 23
1610 4820 1807 4893 (paulo
1868 4821 1999 4875 lono

353 4890 485 4965 gior
510 4896 602 4946 est
629 4890 839 4947 Suidas
870 4893 969 4947 III.
994 4893 1063 4945 46
1098 4892 1207 4965 (3.),
1230 4890 1463 4965 sibique
1485 4892 1853 4961 persuasisse
1874 4910 2006 4961 syn-

357 4962 721 5035 onymaesse
770 4965 897 5019 hac
955 4963 1176 5029 omnia,
1236 4962 1565 5035 eodemque
1617 4978 1797 5035 sensu
1838 4980 2007 5035 usur-

354 5032 551 5107 passe.
584 5036 723 5101 Quas
754 5035 803 5091 si
835 5035 968 5107 quis
1025 5035 1223 5107 minus
1283 5033 1532 5107 probet,
1561 5032 1783 5087 scribat
1810 5034 2003 5107 παρεξ-

359 5102 661 5175 ῖηλαμένος,
695 5122 729 5161 a
752 5102 1152 5179 παρεξελαύνων,
1177 5102 1337 5175 quod
1364 5103 1496 5179 vide
1519 5102 1578 5157 in
1600 5104 1829 5179 nott.ad
1849 5108 1917 5160 94

431 5173 540 5246 (94)
571 5173 858 5248 Ριιοροευῖ
901 5173 1231 5248 τολμητίαέ,
1288 5175 1468 5246 quod,
1522 5181 1738 5246 praater
1768 5176 1898 5232 loca
1945 5177 2007 5232 in

360 5249 627 5322 margine
648 5249 1096 5322 allata,legitur
1123 5248 1305 5322 75._C.
1338 5252 1546 5302 mutuo
1604 5254 1907 5319 sumptum
1939 5266 2009 5303 ex

364 5320 613 5392 Agathia
643 5323 728 5392 14.
754 5322 819 5376 D.
853 5320 1036 5392 4258.
1063 5323 1183 5375 135.
1203 5320 1264 5374 C.

430 5386 541 5462 (95)
577 5391 733 5447 Infra
754 5392 933 5450 70.8.
984 5391 1083 5458 τὴν
1141 5393 1237 5445 τοῦ
1287 5386 1541 5462 Ἰωάννου
1576 5392 1719 5462 ,τῶν
1782 5387 2007 5443 ἄνακτο-

401 5459 531 5537 ίων,
572 5462 900 5537 καθαίρεσιν.
955 5465 1153 5537 Neque
1239 5462 1385 5537 adeo
1445 5459 1724 5537 dissimili
1771 5462 2011 5537 _phrasi

355 5480 493 5585 pum
572 5480 900 5537 καθαιρεσιν.
955 5480 1153 5534 neque
1239 5480 1385 5518 aueo
1445 5480 1724 5516 01581111111
1808 5480 2011 5532 pnraSI

401 5536 447 5587 l.
496 5533 558 5588 Β.
615 5537 723 5587 τῶν
784 5533 1107 5603 τυραννείων
1151 5534 1413 5600 κατιέναι,
1464 5533 1531 5587 de
1580 5534 1811 5603 imperio
1858 5535 2011 5589 dece-

356 5604 512 5678 dere.
559 5605 749 5660 Habet
778 5600 1047 5678 quidem;
1081 5606 1192 5660 Leo
1235 5606 1383 5660 alias
1440 5600 2010 5678 νοσοῖμ’-ἀνάκτορον,

360 5675 468 5732 sed
499 5675 603 5745 ita,
626 5682 692 5732 ut
705 5675 988 5749 palatium
1018 5676 1279 5748 denotet,
1316 5679 1400 5732 19.
1434 5675 1494 5730 C.
1554 5676 1641 5729 39.
1683 5675 1748 5730 D.
1797 5675 1908 5731 4οζ
1946 5679 2011 5733 Λ.

2876 4536 3032 4607 quod
3064 4535 3205 4590 alibi
3237 4531 3413 4586 ἑστίαν
3467 4524 3750 4607 τῂνΑβασίιο

2108 4605 2256 4681 λειον
2291 4625 2413 4681 seu
2430 4606 2718 4681 βασιλικήν
2747 4601 2946 4681 _vocat
2968 4680 2977 4681 ί
2999 4607 3150 4681 (vide
3209 4619 3447 4681 quoque
3481 4601 3631 4681 "189';
3660 4601 3744 4681 CL)

2109 4680 2228 4735 sive
2256 4679 2356 4744 τήν
2393 4671 2901 4745 βασίλειοναύλήν,
2960 4671 3047 4732 30.
3106 4679 3173 4732 Α.
3228 4671 3314 4730 52.
3349 4671 3439 4728 “Α.
3474 4676 3532 4727 C.
3565 4672 3653 4727 62.
3686 4671 3750 4726 Β.

2110 4751 2252 4807 alibi
2282 4750 2351 4805 τὰ
2384 4744 2651 4820 βασίλεια,
2684 4754 2770 4805 20.
2805 4744 2867 4804 Β.
2927 4752 3016 4802 21.
3075 4756 3143 4803 Δ.
3175 4750 3294 4820 ⁷29.
3411 4747 3498 4820 52..
3533 4746 3599 4799 Α.
3660 4744 3749 4800 57.

2111 4823 2295 4877 0.59.
2332 4813 2501 4879 A160
2564 4813 2740 4878 3:90.
2774 4822 2835 4875 Β.
2874 4820 3095 4876 100.1).
3139 4819 3258 4873 sive
3313 4816 3414 4883 τὴν
3468 4813 3755 4885 ἀνακτορι-

2113 4890 2431 4960 κήνέστίαν,
2474 4895 2561 4949 98.
2622 4894 2684 4947 Β.
2731 4895 2848 4946 102.
2901 4892 2960 4945 C.
3023 4894 3145 4946 110.
3207 4891 3268 4943 Β.
3324 4882 3400 4941 Τα
3456 4882 3756 4960 θεῖα-ἀνά-

2112 4957 2281 5039 κτορα
2311 4967 2401 5039 60.
2420 4957 2492 5039 VC:
2524 4966 2803 5039 ecclesiam
2833 4962 3127 5039 denotat,_
3157 4960 3230 5015 de
3271 4976 3413 5039 _qua
3455 4957 3756 5039 significa-

2117 5029 2276 5091 tione
2308 5036 2425 5091 vid.
2456 5037 2542 5091 Jo.
2564 5035 2835 5090 Wolﬁum
2857 5034 2931 5089 ad
2962 5034 3237 5089 Photium
3261 5029 3474 5087 contra
3504 5029 3756 5085 Manich.

2115 5108 2337 5163 Anecd.
2377 5109 2469 5164 Gr.
2505 5109 2575 5163 ΙΙ.
2608 5109 2731 5179 219.
2756 5105 2826 5179 _C.
2859 5102 3180 5179 KaOaipegzc
3213 5109 3411 5179 autem
3433 5100 3759 5179 hiceodem

2118 5195 2317 5243 sensu,
2386 5197 2502 5251 quo
2560 5174 2807 5239 καθελών
2866 5172 3046 5251 apud'
3208 5177 3504 5251 Athanas._
3543 5172 3758 5251 Histor.

2120 5241 2320 5322 Arian.
2362 5241 2422 5306 1..
2459 5251 2684 5322 389._A.
2732 5241 2920 5322 ,τρεῖς
2951 5245 3218 5322 βασιλεῖς,
3284 5243 3637 5322 Βρετανίωνα,
3670 5241 3761 5295 καὶ

2119 5321 2479 5393 Μαγνέντιον,
2528 5320 2619 5375 καὶ
2672 5316 2883 5374 Γάλλον
2932 5316 3198 5393 καθελών,
3253 5316 3374 5375 cuin
3425 5325 3531 5393 tres
3587 5319 3761 5393 impp.

2130 5386 2534 5458 Vetranionem,
2575 5396 2977 5462 Magnentium,
3035 5392 3254 5448 Gallum
3302 5391 3538 5459 imperio
3560 5386 3767 5462 gelu]:-

2123 5466 2344 5531 basset;
2402 5459 2888 5521 Montefal—conius
2940 5482 2953 5532 ;
3009 5480 3145 5536 cum‘
3185 5470 3293 5517 tres
3339 5476 3513 5529 reges.
3549 5460 3623 5536 _V.

2123 5543 2174 5591 et
2205 5538 2291 5598 6.,
2318 5529 2448 5608 imp.
2485 5538 2811 5593 abdicasset.
2844 5529 3023 5608 Porro
3056 5533 3353 5606 καθαιρεῖν,
3386 5529 3568 5608 apud
3620 5529 3764 5581 scri-

2122 5613 2324 5679 ptores
2382 5601 2818 5665 ecclesiasticos
2878 5607 3167 5671 solemne,
3220 5601 3399 5679 sonat
3432 5601 3764 5679 _;de}_9.0n_e1‘8a

2125 5667 2506 5747 Exauctorare,
2565 5681 2633 5735 ab
2689 5680 2873 5750 ofﬁcio
2927 5667 3221 5732 removere.
3272 5671 3490 5729 Concil.
3526 5667 3768 5725 Chalce-
