4190 6322
449 357 567 416 ’183

1875 345 2158 409 LEONIS
2196 346 2520 443 IDIACONI

3752 348 3868 411 186

450 490 723 559 receptos
753 485 815 541 in
846 484 998 541 cella
1026 484 1400 540 tenebricosa
1427 499 1610 555 prope
1641 483 1832 554 ipsam
1850 479 2097 536 colloca-

2218 474 2412 551 ἄνδρας
2467 475 2790 553 ῥωμαλέους
2856 479 2948 534 καὶ
3011 455 3283 540 νεανικοὺς
3367 479 3434 536 τὰ
3472 454 3475 457 Δ
3516 478 3765 556 πολέμια
3809 479 3871 538 ἐκ

454 578 555 634 vit.
588 577 910 647 Postquam
942 590 1077 629 vero
1110 590 1315 628 eorum
1336 573 2020 644 conspiratio,conceptu
2043 571 2104 624 in

452 666 623 721 nefas
666 664 843 731 facto,
901 663 1296 718 calamitatem
1343 666 1402 715 et
1448 661 1853 715 truculentum
1912 661 2106 716 scelus

453 755 1081 829 parturiens,atrocem
1106 751 1476 822 impietatem
1490 749 1615 822 jam
1639 755 1765 805 erat
1778 749 2103 821 prolatura,

455 847 669 900 iterum
705 844 863 896 inter
893 857 955 895 se
987 857 1057 894 ex
1087 854 1253 895 more
1268 840 1690 895 convenientes
1708 838 2104 910 Nicephorum

457 932 881 1002 imperatorem
904 928 976 982 de
1010 927 1262 999 imperio
1294 927 1609 982 detrudere
1644 931 1997 982 statuerunt.
2023 927 2107 981 lta

450 1023 706 1076 Joannes
721 1018 898 1073 domo
912 1033 1184 1089 egressus
1199 1017 1545 1072 Michaelem
1558 1022 1949 1090 cognomento
1967 1018 2107 1071 Bur-

451 1115 580 1164 tzan
608 1112 665 1163 et
724 1108 981 1163 Leonem
1034 1105 1436 1162 Pediasimum
1488 1107 1853 1162 introvocat:
1904 1106 2108 1162 clausa

451 1194 603 1250 cella
616 1193 855 1249 cumbis
870 1192 1181 1264 Nicephori
1202 1192 1447 1265 Augusti
1467 1194 1688 1247 caedem
1706 1192 2104 1248 machinatur.

452 1283 749 1357 Agebatur
779 1287 920 1337 tunc
950 1281 1178 1337 mensis
1232 1281 1574 1337 Decembris
1627 1282 1753 1336 dies
1810 1282 2104 1337 decimus.

450 1374 553 1431 86
586 1375 842 1445 Vespera
889 1371 1078 1426 fertur
1125 1370 1235 1426 sub
1292 1377 1523 1443 tempus
1554 1387 1798 1443 precum
1855 1371 2106 1426 clericus

451 1463 694 1537 quidam
718 1479 788 1516 ex
809 1461 947 1517 aula
965 1460 1232 1532 palatina
1258 1459 1530 1515 libellum
1559 1459 1897 1531 porrexisse
1915 1459 2108 1531 impe-

450 1555 658 1624 ratori,
692 1569 808 1625 quo
838 1552 903 1606 in
925 1549 1130 1607 libello
1181 1550 1402 1622 scripta
1432 1555 1603 1606 erant
1630 1550 1760 1605 haec
1786 1566 1798 1603 :
1830 1571 1859 1599 ‹‹
1892 1551 2105 1604 Notum

452 1646 530 1702 sit
560 1644 688 1712 tibi,
723 1642 986 1710 domine,
1026 1647 1279 1697 mortem
1337 1642 1535 1713 parari
1596 1640 1703 1695 tibi
1763 1640 1873 1695 hac
1928 1645 2102 1695 nocte

450 1741 732 1793 atrocem.
766 1733 933 1800 Quod
954 1738 1153 1790 autem
1193 1748 1332 1787 vera
1361 1737 1501 1787 sunt
1552 1732 1700 1799 haec,
1726 1731 1873 1804 jube
1904 1747 2105 1804 gymn-

451 1843 624 1882 ceum
655 1823 1027 1896 inSpiciatur,
1060 1823 1122 1877 in
1154 1838 1272 1892 quo
1330 1821 1608 1889 homines
1639 1821 1853 1877 armati
1885 1820 2101 1893 depre-

452 1912 922 1984 bendentur,qui
955 1911 1223 1967 effecturi
1254 1916 1394 1966 sunt
1422 1916 1583 1967 tuam
1616 1911 1904 1966 caedem.»
1927 1911 2101 1965 Lecto

450 2004 657 2060 libello
681 2002 1004 2074 imperator
1033 2000 1400 2070 Michaelem,
1429 2000 1687 2056 cubiculi
1730 1999 2097 2071 praafectum,

450 2092 906 2165 inquisitionem
933 2089 1281 2163 diligentem
1311 2088 1525 2145 borum
1591 2089 1851 2144 virorum
1905 2087 2101 2143 facere

445 2182 666 2255 jussit:
700 2181 750 2235 is
780 2196 936 2245 vero,
970 2178 1088 2234 sive
1119 2180 1442 2250 Augustam
1473 2177 1717 2245 veritus,
1752 2177 1871 2232 sive
1920 2176 2102 2232 tardi-

444 2275 565 2326 tate
596 2285 759 2337 usus,
792 2267 887 2322 vel
935 2266 1113 2322 etiam
1181 2266 1570 2321 sinisteritate
1622 2270 2100 2337 praetergressus,

450 2360 685 2423 cellam,
716 2358 779 2412 in
807 2374 925 2428 qua
980 2372 1400 2428 percussorum
1458 2372 1673 2410 manus
1731 2355 2102 2425 consederat,

449 2448 886 2520 inexploratum
920 2444 1183 2515 reliquit.
1219 2444 1327 2499 Ubi
1387 2445 1515 2516 jam
1575 2461 1693 2499 nox
1740 2445 2101 2515 supervenit,

452 2542 735 2613 Augusta,
766 2543 833 2593 ut
870 2540 1289 2605 consueverat,
1320 2534 1393 2590 ad
1419 2535 1841 2607 imperatorem
1892 2534 2104 2589 introi-

449 2630 555 2693 vit,
589 2644 657 2684 ac
690 2642 1031 2682 sermonem
1071 2640 1208 2679 orsa
1243 2624 1317 2680 de
1350 2625 1608 2695 sponsis,
1636 2641 1769 2695 qum
1802 2640 1871 2679 ex
1906 2624 2106 2678 Moesia

449 2718 626 2773 modo
658 2720 963 2782 venerant,
996 2736 1023 2765 «
1058 2713 1240 2781 Vado,
1275 2734 1303 2763 »
1336 2713 1550 2785 inquit,
1592 2735 1620 2763 «
1645 2712 1870 2768 cultum
1890 2713 2102 2769 harum

450 2810 730 2862 curatura
759 2821 772 2871 ;
806 2802 1070 2875 posthaec
1099 2806 1363 2857 revertar
1389 2800 1463 2856 ad
1496 2806 1552 2856 te
1588 2818 1601 2855 :
1635 2806 1716 2869 at,
1750 2801 1945 2869 sodes,
1977 2800 2105 2857 sine

450 2898 722 2966 apertum
746 2891 1112 2960 cubiculum,
1143 2907 1218 2946 ne
1250 2890 1329 2945 sit
1355 2890 1628 2945 clausum
1678 2889 1739 2944 in
1770 2889 2053 2961 praesenti
2088 2907 2103 2957 ;

450 2982 689 3056 quando
715 2996 1018 3049 revenero,
1053 2988 1179 3036 tum
1210 2995 1314 3051 ego
1347 2979 1680 3034 claudam.»
1712 2979 1845 3033 Haec
1868 2978 1942 3033 ad
1967 2994 2104 3032 eum

450 3073 574 3128 fata
597 3072 642 3125 it
662 3071 839 3125 foras.
876 3070 1205 3139 Imperator
1233 3084 1339 3138 per
1388 3073 1569 3122 totam
1622 3067 1812 3121 noctis
1843 3066 2102 3139 vigiliam

451 3165 768 3217 consuetas
799 3173 1007 3229 preces
1038 3156 1112 3210 ad
1142 3158 1371 3211 Numen
1415 3156 1670 3210 sublime
1701 3155 1885 3224 misit,
1919 3155 2101 3226 inque

2211 565 2627 643 διαλειμμάτων
2686 570 2824 645 πρὸς
2884 569 3046 624 αὐτὸν
3075 572 3118 607 ⁹ί
3152 567 3466 642 ἐξέπεμπεν,
3528 571 3621 632 οὓς
3664 569 3868 627 ὑποδε-

2210 657 2421 737 χομένη
2454 656 2514 713 ἐκ
2559 658 2792 731 οἰκίσκῳ
2824 658 3067 730 σκοταίῳ
3098 660 3227 733 παρ’
3257 659 3398 732 αὐτῇ
3430 659 3862 740 παρεφύλαττεν.

2212 748 2359 805 Ἐπεὶ
2392 744 2449 802 δὲ
2477 749 2640 803 πόνον
2674 750 2708 817 ἡ
2736 749 2947 803 τούτων
3000 747 3088 803 ἐπὶ
3140 753 3292 821 κακῷ
3350 745 3705 808 συλλαϐοῦσα
3735 774 3869 828 συμ-

2210 837 2386 916 φωνία
2440 836 2530 892 καὶ
2591 834 2768 907 δεινὴν
2847 834 3062 892 ἀδικίαν
3133 834 3390 907 ὡδίνασα,
3450 841 3549 909 τήν
3624 843 3864 916 πονηρὰν

2209 931 2381 981 τεκεῖν
2429 925 2656 999 ἀνομίαν
2713 926 2997 1002 ἠπείγετο,
3058 924 3400 988 συνελθόντες
3457 928 3613 989 αὗθις
3681 928 3867 1002 ἀλλή-

2210 1013 2332 1075 λοις
2358 1015 2497 1070 κατὰ
2552 1014 2614 1069 τὸ
2675 1015 2928 1084 σύνηθες,
2989 1015 3081 1071 τὸν
3136 1015 3514 1091 αὐτοκράτορα
3546 1019 3864 1098 Νικηφόρον

2209 1111 2310 1174 τῆς
2395 1103 2579 1183 ἀρχῆς
2662 1108 3007 1159 κατασπᾶσαι
3081 1101 3393 1182 διεγνωσαν.
3483 1107 3718 1171 Ἐκεῖθεν
3781 1107 3864 1188 ἐφ’

2209 1192 2389 1254 ἐστίας
2421 1194 2449 1248 6
2479 1194 2734 1263 Ἰωάννης
2767 1191 3133 1271 ἀπαλλαγεὶς,
3193 1192 3431 1273 Μιχαήλ
3487 1217 3566 1265 τε,
3624 1197 3718 1252 τὸν
3759 1218 3861 1252 κα-

2209 1278 2474 1354 λούμενον
2550 1281 2853 1356 Βούρτζην,
2938 1281 3030 1336 καὶ
3085 1279 3288 1337 Λέοντα
3370 1283 3462 1338 τὸν
3530 1281 3861 1362 Πεδιάσιμον

2210 1368 2527 1432 εἰσκαλέσας
2550 1371 2643 1426 καὶ
2673 1371 2737 1426 τὸ
2778 1368 3062 1446 δωμάτιον
3118 1370 3364 1442 κλείσας,
3415 1375 3516 1444 τὴν
3576 1380 3674 1430 τοῦ
3704 1376 3865 1431 αύτο-

2206 1460 2476 1535 κράτορος
2518 1461 2840 1540 Νικηφόρου
2897 1462 3015 1535 μετ’
3071 1462 3251 1518 αὐτῶν
3311 1462 3664 1540 έσκαιωρεῖτο
3717 1466 3863 1521 ἀναί-

2211 1570 2372 1625 ρεσιν.
2430 1552 2553 1621 Μὴν
2635 1550 2946 1631 ἐφειστήκει
3029 1552 3154 1607 τότε
3209 1548 3563 1629 Δεκέμϐριος,
3626 1552 3859 1626 δεκάτην

2208 1636 2449 1693 ἐλαύνων
2523 1636 2753 1714 ἡμέραν.
2816 1637 3042 1717 Λέγεται
3123 1635 3181 1695 δὲ
3258 1641 3397 1697 κατὰ
3477 1643 3577 1712 τήν
3634 1642 3859 1719 ἑσπέραν

2207 1727 2357 1801 παρὰ
2412 1727 2505 1782 τὸν
2552 1728 2743 1802 καιρὸν
2780 1733 2882 1797 τῆς
2941 1725 3219 1803 ὑμνῳδίας
3274 1727 3544 1804 κληρικόν
3572 1751 3692 1786 τινα
3756 1740 3858 1802 τῆς

2212 1814 2498 1892 βασιλείου
2529 1814 2707 1887 αὐλῆς
2738 1810 3004 1871 λίϐελλον
3057 1814 3342 1872 ἀναδοῦναι
3379 1822 3460 1891 τῷ
3510 1817 3750 1894 βασιλεῖ,
3809 1819 3860 1874 ἐν

2211 1909 2257 1981 ᾧ
2288 1912 2457 1963 ταῦτα
2513 1906 2839 1985 ἐγέγραπτο·
2874 1932 2902 1961 ι(
2934 1908 3177 1963 Γνωστὸν
3237 1906 3379 1964 ἔστω
3437 1931 3543 1979 σοι,
3606 1909 3857 1986 βασιλεῦ,

2211 1997 2286 2058 ὡς
2317 1994 2543 2072 ὄλεθρός
2575 2018 2662 2052 σοι
2711 1996 2881 2073 ταύτῃ
2942 2000 3011 2072 τῇ
3054 1998 3206 2054 νυκτὶ
3262 1996 3642 2056 έπικαττύεται
3694 1998 3862 2079 χαλε-

2210 2087 2334 2147 πός.
2367 2088 2491 2143 *Οτι
2518 2083 2575 2141 δὲ
2630 2084 2811 2156 ἀληθῆ
2869 2091 3061 2156 ταῦτα,
3116 2089 3151 2157 ἡ
3215 2094 3594 2166 γυναικωνῖτις
3651 2087 3864 2164 ἐρευνη-

2212 2176 2386 2246 θήτω,
2419 2173 2470 2229 ἐν
2560 2171 2746 2250 ἄνδρες
2786 2169 3007 2231 ἔνοπλοι
3049 2179 3591 2256 καταληφθήσονται,
3650 2180 3702 2233 οἱ
3761 2181 3861 2249 τήν

2213 2266 2311 2334 σὴν
2345 2261 2641 2338 μέλλοντες
2670 2263 3045 2341 αὐτουργῆσαι
3099 2269 3332 2345 σφαγήν.
3369 2290 3396 2320 »
3443 2260 3573 2322 Tbvw
3601 2273 3732 2345 γοῦν
3781 2266 3868 2323 λί-

2212 2348 2413 2408 ϐελλον
2443 2354 2470 2407 6
2497 2351 2755 2427 βασιλεὺς
2785 2353 3067 2430 ἀναγνοὺς,
3099 2353 3332 2434 Μιχαὴλ
3360 2361 3439 2429 τῷ
3469 2361 3566 2412 τοῦ
3597 2362 3860 2417 κοιτῶνος

2210 2442 2545 2521 κατάρχοντι
2572 2438 2782 2516 ἔρευναν
2811 2437 3011 2517 ἀκριϐῆ
3045 2448 3152 2498 τῶν
3203 2440 3411 2519 ἀνδρῶν
3466 2452 3696 2515 ποιῆσαι
3751 2466 3861 2501 πα·-

2213 2529 2590 2605 ρεκελεύσατο·
2662 2532 2691 2586 ὁ
2751 2528 2828 2600 δὲ,
2910 2529 3020 2587 εἴτε
3078 2533 3178 2602 τήν
3235 2533 3555 2609 Αύγούσταν
3619 2531 3869 2590 καταιδε-

2212 2620 2378 2689 σθεὶς,
2413 2618 2522 2676 εἷ’τε
2566 2618 2835 2695 μελλήσει
2893 2621 3264 2700 χρησάμενος,
3323 2623 3357 2692 ἢ
3385 2623 3476 2678 καὶ
3533 2618 3862 2695 θεοϐλαϐείᾳ

2210 2709 2582 2788 παρενεχθεὶς,
2639 2716 2855 2784 παρῆκε
2909 2710 2971 2765 τὸ
3030 2706 3332 2784 δωμάτιον,
3391 2710 3444 2766 ἐν
3505 2713 3550 2785 ᾧ
3633 2713 3696 2768 τὸ
3752 2718 3860 2768 τῶν

2212 2799 2388 2877 φόνων
2452 2803 2559 2854 τῶν
2605 2800 2653 2836 ⁹²
2707 2795 2914 2874 ἀνδρῶν
2972 2800 3083 2874 (96)
3141 2803 3384 2871 καθῆστο
3415 2807 3627 2882 στῖφος,
3681 2802 3858 2872 ἀνεξε-

2212 2887 2484 2961 ρεύνητον.
2517 2883 2657 2957 Ἤδη
2692 2883 2749 2942 δὲ
2795 2894 2895 2957 τῆς
2948 2889 3140 2949 νυκτὸς
3196 2887 3557 2960 ἐπελθούσης,
3615 2892 3755 2947 κατὰ
3797 2892 3858 2947 τὸ

2210 2974 2510 3049 εἰθισμένον
2539 2978 2575 3045 ἡ
2611 2975 2831 3050 βασιλὶς
2888 2977 3026 3053 πρὸς
3074 2978 3166 3033 τὸν
3222 2979 3603 3055 αὐτοκράτορα
3663 2982 3863 3061 εἰσφοι-

2209 3066 2440 3134 τήσασα,
2498 3061 2702 3139 λόγους
2750 3061 2894 3138 διῄει
2944 3066 3069 3140 περὶ
3126 3072 3234 3120 τῶν
3291 3067 3352 3122 ἐκ
3398 3069 3610 3130 Μυσίας
3665 3070 3857 3125 νεωστὶ

2207 3150 2519 3230 ἀφιγμένων
2549 3157 2797 3231 συμφῶν,
2843 3152 2950 3222 ὅτι,
3009 3178 3037 3205 (ι
3098 3156 3327 3229 Ἀπειμι
3383 3155 3450 3210 τὰ
3506 3157 3643 3231 πρὸς
3697 3170 3855 3232 θερα-

448 3248 838 3305 meditatione
898 3260 1204 3300 sacrorum
1256 3244 1625 3299 voluminum
1676 3249 1765 3299 est
1812 3249 2096 3299 versatus.

2206 3241 2361 3294 πείαν
2389 3240 2569 3295 αὐτῶν
2625 3238 2994 3315 έπισκήψασα,
3051 3238 3238 3298 ἔπειτα
3297 3240 3355 3297 δὲ
3406 3247 3657 3323 φοιτήσω
3713 3247 3853 3322 πρὸς

447 3337 556 3392 Ubi
585 3350 720 3389 vero
748 3350 1025 3389 somnum
1056 3337 1273 3388 natura
1297 3332 1639 3403 postulavit,
1666 3349 1773 3404 pro
1802 3348 2095 3387 veneran—

445 3423 538 3479 dis
567 3422 929 3495 imaginibus
959 3421 1243 3477 deivirilis
1271 3420 1477 3476 formas
1535 3420 1774 3491 Christi,
1831 3421 2095 3492 itemque

2205 3327 2281 3382 σέ·
2332 3326 2459 3383 ἀλλ’
2512 3327 2856 3405 ήνεῳγμένος
2913 3330 2941 3384 ὁ
2997 3331 3352 3393 κοιτωνίσκος
3413 3336 3498 3406 [Ρ.
3552 3337 3645 3409 53]
3691 3333 3853 3408 ἔστω,

2203 3417 2407 3491 καὶμὴ
2438 3415 2752 3488 κλεισθήτω
2804 3419 2872 3474 τὰ
2926 3424 3036 3474 νῦν*
3093 3417 3541 3492 παλινοστήσασα
3597 3424 3701 3499 γὰρ
3744 3422 3854 3502 ἐγὼ

1647 3593 1709 3648 C.
1752 3593 1816 3647 Β.
1855 3592 2046 3648 HASII
2098 3590 2656 3649 ANNOTATIONES.

518 3737 563 3776 ⁹¹
586 3732 753 3790 αύτόν
783 3735 916 3808 Leg.
940 3731 1131 3803 αὐτήν.
1166 3734 1212 3770 ⁸³
1242 3733 1420 3811 φόνων
1451 3738 1579 3790 τῶν.
1619 3735 1775 3791 Fort.
1809 3736 2078 3814 φονευτῶν

2205 3750 2388 3809 ρονευτ
2398 3735 2546 3790 ικῶν.

444 3907 586 3947 non.
613 3886 683 3947 II.
717 3892 840 3945 387.
873 3890 938 3945 A.
973 3886 1138 3957 ἡνίκα
1190 3885 1451 3959 Νεστὸριο
1513 3885 1813 3961 καθῃρέθη,
1875 3887 2096 3957 quando

450 3965 738 4019 Nestorius
766 3962 1046 4031 depositus
1075 3966 1173 4014 est.
1210 3959 1701 4031 Versiovulgaris
1735 3974 2046 4031 perperam
2081 3975 2094 4012 :

448 4033 599 4105 quod
656 4036 720 4089 Ν.
760 4030 1069 4105 damnatus
1125 4030 1492 4105 est._Similis
1549 4030 1923 4105 visnnomini
1999 4048 2094 4105 κα-

448 4101 705 4176 θαίρεσις.
760 4103 871 4157 Leo
917 4108 1138 4176 noster
1180 4102 1316 4176 _10i.
1369 4104 1437 4176 A_.
1486 4101 1700 4176 Concil
1729 4101 2093 4176 _Chalcedo-

446 4167 721 4246 pel-15.11.
770 4176 857 4246 79Ϊ
897 4175 974 4246 _E.
1034 4171 1344 4246 καθαίρεσις
1398 4173 1533 4242 ἡμῖν
1592 4167 2094 4246 ἠπειλήθηηπιίηρε

442 4242 597 4301 nobis
667 4244 1097 4300 intendebantur
1147 4242 1537 4315 depositionis.
1586 4242 1785 4298 Versio
1839 4243 2092 4315 vulgaris

2204 3884 2629 3962 καθαιρετικοῖς·
2651 3889 2721 3962 in
2752 3890 3000 3962 scriptis
3036 3887 3185 3962 suis.
3239 3889 3505 3947 Emenda
3542 3894 3615 3962 ut
3655 3906 3854 3962 supra,

2204 3958 2263 4010 in
2288 3973 2395 4036 sua
2424 3958 2784 4036 depositionis
2836 3958 3112 4036 formula._
3144 3962 3209 4014 A.
3269 3960 3649 4036 καθαιρετικός
3704 3958 3851 4017 deri?

2204 4033 2408 4083 vatum
2438 4028 2783 4085 adverbium
2815 4032 3286 4102 praetermissum
3318 4033 3381 4088 in
3405 4028 3855 4102 Lexicis,xa0a:~

2203 4103 2452 4175 ρετικῶς,
2481 4117 2543 4175 eo
2573 4102 2804 4175 consilio
2833 4108 2901 4175 uti
2923 4102 3102 4158 tollas.
3136 4104 3416 4175 Origenes
3443 4106 3658 4160 Contra
3692 4106 3842 4163 Cels.

2202 4169 2269 4224 25
2298 4174 2377 4249 ΔΒ.
2414 4169 2563 4249 τινὰς
2620 4171 2751 4245 ὑπὲρ
2811 4174 2907 4249 τοῦ
2944 4175 3143 4249 Δκοινοῦ
3198 4169 3530 4249 τεθνηκέναι,
3588 4184 3844 4249 καθαιρετ

2198 4243 2367 4324 ἐικῶς
2423 4244 2531 4324 τῷν
2596 4236 3143 4324 Σερρκαταλαβόντων
3201 4244 3298 4324 τᾲς
3344 4236 3544 4305 ’πόλεις
3623 4236 3716 4300 καὶ
3754 4236 3849 4301 ’τὰ

444 4333 645 4373 errore
678 4333 795 4388 quo
828 4331 1026 4387 supra,
1058 4306 1418 4388 minabantur
1446 4314 1614 4388 nob."
1644 4306 1969 4388 damnatio:
1990 4317 2091 4388 ‘At
2127 4356 2169 4388 η
2198 4306 2321 4378 ἔθνη
2353 4315 2554 4388 κακῶν·
2589 4306 2823 4385 Sigism.
2851 4314 3166 4370 Gelenius:
3199 4315 3429 4388 aliquot,
3464 4319 3565 4386 qui
3590 4318 3848 4374 ultronea

443 4356 658 4444 ἔόἶιΐίῖ.
678 4356 959 4461 ἔὲᾗεῖὲῖῖ
974 4356 1211 4461 ᾜοῖἔῖξ
1216 4356 1343 4461 "vf:
1352 4356 1458 4439 ibi
1465 4356 1551 4461 i1"
1563 4356 1875 4461 'E,”i{'"é§'
1883 4356 2092 4461 ’ἶεέιθὲιϊ
2126 4356 2169 4421 D

444 4479 656 4535 pecte...
692 4452 1087 4535 νβεβαιωθῆναι
1143 4455 1407 4525 ἐζητήθη,
1472 4458 1778 4535 Matthasus
1826 4456 2091 4512 Raderus

442 4528 602 4587 recte
634 4528 947 4595 intellexit,
968 4544 1310 4600 quanquam
1342 4543 1502 4582 nunc
1524 4528 1585 4583 in
1608 4528 1748 4583 edit.
1782 4543 2092 4600 perperam

446 4604 807 4676 impressum
834 4602 934 4676 _sit_
971 4598 1457 4676 exauctoritatem,
1509 4616 1614 4676 pro
1676 4598 2088 4676 exauctoratio-

445 4666 569 4731 ηϐἦι
617 4691 636 4729 .'
695 4673 854 4747 quod
910 4674 1026 4747 _Leo
1080 4666 1345 4747 ἔκπτωσιν
1405 4666 1526 4747 τῆςς
1569 4667 1868 4747 ἱερωσύνης
1894 4676 2094 4747 _vocat

443 4750 531 4801 70.
569 4747 629 4800 Β.
662 4740 775 4801 Séd
808 4745 878 4800 de
910 4745 1023 4800 hac
1052 4744 1109 4798 vi
1140 4743 1297 4799 vocis
1354 4740 1657 4815 καταίρεσις
1709 4742 1836 4815 jam
1883 4741 2090 4815 _Su_ice-

441 4832 544 4870 rus
573 4818 856 4880 Thesaur,
911 4815 1130 4873 Eccles.
1164 4817 1233 4869 ll.
1296 4818 1343 4869 1.
1408 4819 1466 4869 et
1520 4813 1622 4869 alii
1672 4812 2089 4869 {vocabulum

444 4886 770 4943 derivatum
819 4889 1168 4954 omiserunt,
1227 4884 1592 4957 καθαιρετικά,
1655 4884 1848 4956 suppl.
1910 4884 2089 4957 γράμ-

443 4976 608 5028 ματα,
642 4959 863 5020 litterae,
898 4960 1094 5028 quibus
1152 4957 1509 5028 depositionis
1536 4958 1779 5026 formula
1822 4973 1924 5011 seu
1954 4972 2087 5011 sen-

438 5029 613 5085 tentia
656 5030 983 5085 continetur.
1018 5029 1183 5094 Quod
1239 5045 1476 5096 moneo,
1529 5029 1630 5099 qui
1676 5044 1803 5083 eam
1850 5043 2086 5099 quoque

436 5116 640 5172 vocem
672 5100 828 5155 docti
859 5100 1083 5172 passim
1141 5117 1262 5172 non
1293 5100 1736 5156 intellexerunt.
1794 5101 1911 5155 Jac.
1969 5099 2083 5154 Bil-

435 5170 554 5243 lius
583 5171 646 5243 in
693 5170 989 5243 Anonymi
1025 5172 1150 5225 Vita
1208 5171 1259 5225 S.
1306 5173 1519 5243 Athan.
1550 5188 1676 5243 om.
1738 5172 1798 5228 Β.
1848 5189 2088 5243 κατηγο-

438 5240 577 5316 ρίαις
610 5241 662 5295 ἐν
720 5246 836 5316 τοῖς
872 5235 1316 5316 ῖκαθαιρετικοῖς,
1374 5240 1465 5295 καὶ
1545 5235 1730 5316 ὕϐρεσι
1787 5240 1906 5316 -.καὶ
1964 5235 2084 5316 δία-

434 5309 665 5383 συρμοῖς
692 5309 1103 5379 πλεονάσαντες,
1136 5312 1329 5373 vertit,
1362 5336 1390 5362 ‹‹
1435 5309 1936 5381 accusationibus,
1969 5312 2081 5369 ab-

432 5407 460 5434 ‹‹
485 5384 723 5442 dicandi
744 5399 925 5439 causa
946 5383 1485 5448 viri.contumeliis,
1506 5383 1909 5440 derisionibus
1944 5400 2081 5439 eum

434 5454 1389 5540 .suprampdumat'ﬂcientestno
1401 5472 1418 5507 .·
1438 5454 1539 5540 qui
1555 5454 1616 5509 in
1628 5456 1884 5540 formula
1901 5456 2080 5540 depo-

430 5552 456 5580 «
466 5529 513 5584 si
523 5524 701 5584 tionis
717 5528 807 5599 [ab
830 5525 1172 5599 episcopatu]
1188 5524 2077 5599 oriminationes.contumelias,

428 5597 932 5657 «convicia—multa
943 5598 1339 5670 congerebant
1351 5620 1394 5651 ι».
1414 5597 1902 5670 Montefalconius
1917 5598 1975 5651 in
1990 5597 2076 5652 Si-

427 5689 639 5730 meoue
662 5671 946 5743 Metaphr.
1004 5666 1086 5725 De
1133 5669 1250 5724 vita
1299 5669 1569 5743 ejusdem
1626 5685 1746 5724 CXL.
1783 5669 1843 5722 Β.
1878 5666 1930 5720 ἐν
1959 5671 2076 5728 τοῖς

2202 4389 2375 4458 {n_orte
2403 4383 2557 4458 obita
2589 4383 2697 4458 prb
2727 4400 2843 4458 rep.
2895 4392 3043 4458 totos
3072 4457 3081 4458 ί
3095 4383 3331 4458 populos
3388 4383 3635 4458 totasque
3663 4396 3847 4457 gentes

2201 4453 2495 4532 liberat-int
2523 4471 2558 4508 a
2588 4453 3021 4532 calamitatibus.
3068 4453 3142 4511 Ut
3166 4453 3271 4532 iad
3300 4474 3506 4532 vocem
3533 4453 3846 4532 καθαίρεσις

2196 4523 2462 4592 redeam,
2517 4531 2659 4601 n_ota
2715 4525 3075 4601 peculiarem
3128 4527 3262 4601 ejus
3320 4523 3842 4601 signiﬁcationem,

2196 4611 2374 4668 quam
2402 4595 2604 4652 nescio
2636 4595 3064 4668 an'quisquam
3110 4595 3509 4655 distinxerim.
3561 4601 3731 4657 Pbilo
3767 4595 3843 4658 De

2197 4667 2347 4741 te_lor
2401 4673 2620 4741 con‘str.
2655 4667 2837 4741 923C.
2881 4667 3252 4741 ᾇποσπαστέον
3321 4691 3380 4725 τε
3437 4668 3549 4726 ἐστὶ
3598 4672 3842 4741 τήν-τα-

2194 4735 2429 4815 χίστην·
2466 4736 2562 4797 τὰς
2614 4737 2837 4815 πρῴτας
2897 4738 3121 4815 ὀροφὰς,
3162 4813 3176 4815 _
3206 4740 3298 4796 καὶ
3356 4741 3453 4806 τὰς
3509 4735 3846 4815 καθαιρέσεις

2193 4806 2516 4883 ἔναιρετέον,
2541 4817 2595 4865 et
2624 4806 2824 4866 rudera
2871 4806 3213 4883 asportanda
3239 4822 3389 4870 sunt.
3451 4815 3599 4870 Item
3656 4806 3844 4872 Athe-

2192 4879 2357 4961 nasus
2390 4881 2469 4936 De
2499 4883 2692 4961 mach.
2726 4886 2813 4937 92.
2864 4879 2950 4961 ῌῘ
2986 4883 3113 4961 τοὺς
3170 4879 3261 4961 8ιᾷ
3314 4889 3419 4939 τῶν
3473 4885 3835 4961 καθαιρέσεων

2190 4951 2589 5029 ε-ῗσπίπτοντας.
2626 4955 2825 5029 Neque
2880 4955 3102 5027 inepte,
3162 4956 3393 5028 opinor,
3452 4951 3651 5029 partes
3680 4960 3837 5015 muri

2193 5025 2458 5104 decussas
2481 5024 2818 5104 καθαιρέσεις
2846 5024 3303 5104 voca—nmmcum
3331 5024 3608 5104 καθαιρεῖν
3637 5030 3835 5104 ipsum

2188 5095 2417 5170 passim
2442 5102 2610 5170 n_otet_
2637 5095 3295 5170 decuterenrtemidor.
3316 5095 3583 5157 Onirocr.
3619 5095 3740 5157 H2.
3772 5103 3833 5160 C.

2192 5167 2239 5246 si
2271 5167 2421 5246 servi
2453 5167 2704 5246 depleis
2737 5169 3057 5246 somnient.
3090 5170 3149 5246 id
3181 5171 3282 5246 iis_
3315 5172 3563 5246 verbera
3608 5190 3835 5246 praesa-

2186 5233 2567 5317 gire‘ait,6‘ti
2621 5238 2685 5293 τὸ
2749 5237 3177 5317 μετὰ-πληγῶν
3233 5242 3325 5296 τὸν
3385 5233 3843 5317 καρπὸνίκαθαι·

2187 5311 2419 5384 ρεῖσθαι,
2447 5317 2750 5382 prapterea
2778 5311 2928 5382 quod
2955 5311 3090 5368 cum'
3098 5312 3287 5384 plagis
3326 5311 3543 5384 fructus
3600 5316 3845 5372 olearum

2184 5384 2555 5438 decutiantur.

2257 5453 2369 5541 (96)
2403 5453 2795 5541 Conjecturis.
2816 5471 2979 5541 quas
3016 5455 3107 5537 _ad
3141 5471 3305 5511 oram
3360 5458 3632 5541 apposui,
3664 5459 3842 5541 longe

2183 5530 2431 5651 prwstat
2469 5524 2687 5579 summi
2722 5524 2829 5580 viri
2852 5524 3053 5599 Krugii
3086 5544 3269 5600 prope
3300 5524 3463 5585 certa
3502 5524 3843 5586 emendatio

2208 5597 2401 5651 itteris
2435 5612 2670 5651 mecum
2723 5598 3188 5651 communicata.
3243 5602 3352 5651 τῶν
3408 5599 3695 5651 ωονώντων
3753 5598 3843 5651 ἆν-

2208 5597 2401 5679 itt_eris
2435 5612 2670 5679 mec'um
2723 5597 3216 5679 communicataf
3243 5602 3352 5655 τῶν
3408 5599 3695 5679 φονώντων
3753 5598 3847 5655 ἀν·

2181 5662 2344 5740 δρῶν,
2378 5682 2412 5721 a
2441 5664 2646 5742 φονάω,
2680 5668 2846 5724 caedis
2876 5670 3071 5725 avidus
3099 5662 3239 5725 suin.
