4186 6308
398 351 518 410 785
1809 353 2021 414 HIST(

2132 354 2205 414 1E
2250 353 2395 415 LIB.
2442 355 2516 414 V.
3697 360 3812 421 786

393 479 587 536 τδῦτον
621 479 825 537 κλείσω
856 480 1072 537 λοιπόνσ
1110 505 1134 532 ›τ
1177 485 1360 539 Ταῦτα
1419 482 1789 558 προσειποῦσα
1847 483 2021 539 έκεῖθεη

2132 486 2432 558 _Deiparm
2465 491 2523 540 et
2577 486 2758 542 divini
2819 490 3208 544 Praecursoris
3261 496 3436 560 atque
3493 493 3804 562 praeconis,

396 569 562 645 ἐξῄει·
594 573 655 629 Ὀ
685 568 741 626 δὲ
770 573 1026 646 βασιλεὺς
1060 569 1130 626 δι’
1161 570 1300 642 ὅλης
1363 574 1455 646 μὲν
1503 581 1601 644 τῆς
1652 571 1900 654 φυλακῆς
1949 580 2016 643 τῆ

2163 575 2351 641 humi,
2387 591 2564 646 super
2592 576 2748 646 pelle
2778 576 3135 647 pantherina
3166 581 3223 630 et
3252 577 3486 632 coactili
3541 579 3805 644 coccino,

389 664 583 724 νυκτὸς
617 663 714 723 τὰς
769 664 1018 732 συνήθεις
1070 661 1236 741 εὐχὰς
1300 661 1572 738 ἀνέπεμπε
1629 669 1707 737 τῷ
1763 662 1899 736 Θεῷ,
1957 685 2021 718 κα

2162 664 2344 734 quieti
2380 681 2439 718 se
2469 663 2728 718 tradidit.

389 757 460 820 τῆ
500 750 699 826 μελέτῃ
733 756 837 806 τῶν
870 753 1028 807 θείων
1055 757 1282 830 Γραφῶν
1316 751 1686 830 διεσχόλαζεν.
1723 753 1873 810 Ἐπεὶ
1907 750 1964 807 δέ
2012 752 2102 806 τὸν
2163 751 2327 805 ὕπνον
2387 754 2421 821 ἡ
2492 752 2648 816 φύσις
2707 752 2923 826 ἀπῄτει,
2981 754 3086 826 πρὸ
3144 757 3250 806 τῶν
3313 757 3520 808 σεπτῶν
3581 751 3802 809 εἰκόνων

391 848 494 911 τῆς
549 862 608 896 τε
661 838 980 916 θεανδρικῆς
1035 845 1132 896 τοῦ
1190 842 1428 918 Χριστοῦ
1489 851 1733 921 μορφῆς,
1786 841 1875 898 καί
1927 848 2028 910 τῆς
2088 842 2456 916 Θεομήτορος,
2514 840 2601 895 καὶ
2655 846 2751 895 τοῦ
2811 841 2956 905 θείου
3013 839 3339 917 Προδρόμου
3395 841 3484 897 καὶ
3540 845 3803 917 κήρυκος,

394 929 542 1004 παρᾶ
569 930 632 984 τὸ
661 927 990 1006 παρδάλειον
1021 927 1210 1006 δέῤῥος
1240 931 1330 986 καὶ
1360 933 1450 986 τὸν
1478 928 1800 1013 κοκκοϐαφῆ
1834 930 2020 1000 πῖλον,
2056 929 2134 984 ἐπ’
2169 928 2395 1009 ἐδάφους
2430 928 2795 986 διανεπαύετο.

467 1046 526 1114 ζ’.
562 1046 627 1102 Οἱ
663 1043 720 1100 δὲ
758 1046 896 1120 πρὸς
954 1053 1054 1116 τῆς
1114 1046 1438 1124 Αὐγούστης
1494 1046 1882 1126 ὑποδεχθέντες
1944 1045 2046 1100 ὑπ-

388 1134 581 1208 ηρέται
638 1140 734 1191 τοῦ
789 1136 1058 1206 Ἰωάννου,
1110 1141 1207 1191 τοῦ
1243 1134 1520 1210 δωματίου
1571 1138 1816 1216 ξιφήρεις
1875 1135 2046 1205 ἐκπη-

389 1223 668 1296 δήσαντες,
700 1230 798 1298 τήν
850 1228 1054 1284 ἐκείνου
1101 1227 1280 1308 ἄφιξιν
1336 1226 1737 1308 προσεδέχοντα
1795 1229 1861 1299 9³,
1919 1228 2042 1302 περὶ

385 1318 453 1372 τὰ
484 1317 718 1393 ὕπαιθρα
761 1322 868 1373 τῶν
927 1317 1220 1392 βασιλείων
1282 1319 1543 1394 ὑπερῴων
1593 1318 2044 1392 κατασκοπούμε-

388 1429 491 1462 νοι.
524 1406 788 1481 Ηὲμπτην
819 1410 917 1476 τῆς
950 1408 1140 1470 νυκτὸς
1199 1406 1344 1482 ὥραν
1391 1409 1418 1462 ὁ
1469 1409 1706 1484 γνώμων
1753 1405 1861 1477 ἤδη
1910 1428 2042 1462 κατ-

386 1495 789 1574 επηγγέλλετο·
816 1495 1038 1572 δριμεῖα
1069 1495 1127 1552 δέ
1156 1519 1240 1560 τις
1275 1497 1468 1572 βορέου
1493 1499 1626 1572 αὖρα
1656 1499 1718 1554 τὸ
1741 1502 1837 1552 τοῦ
1882 1496 2040 1572 ἀέρος

387 1587 578 1665 ἐπεῖχε
618 1587 968 1660 κατάστημα,
1019 1588 1108 1642 καὶ
1164 1587 1306 1665 χιὼν
1371 1587 1556 1664 έγεῖτο
1615 1585 1826 1655 πολλή·
1890 1586 2038 1640 καὶὸ

381 1675 634 1745 Ἰωάννης
712 1675 934 1754 ἀφίκετο
1019 1678 1064 1712 ⁹⁴
1151 1676 1285 1749 μετὰ
1366 1681 1473 1730 τῶν
1537 1679 1888 1748 συνωμοτῶν,
1951 1674 2037 1729 ἐπὶ

381 1757 596 1835 λέμϐου
638 1763 730 1817 τὸν
780 1761 1032 1839 αἰγιαλὸν
1090 1761 1446 1838 παραπλέων,
1503 1764 1593 1818 καὶ
1651 1769 1749 1833 τῆς
1803 1762 2032 1836 ἠπείρου

2227 1046 2322 1102 87
2359 1051 2410 1101 7.
2445 1048 2605 1102 Inter
2634 1048 2760 1102 haec
2788 1049 3031 1102 Joannis
3081 1047 3440 1116 administri,
3488 1067 3635 1119 quos
3683 1051 3799 1105 Au-

2154 1142 2324 1208 gusta
2354 1143 2680 1208 receperat,
2715 1153 2744 1189 e
2776 1136 2926 1190 cella
2956 1153 3090 1191 cum
3122 1137 3334 1208 gladiis
3353 1139 3565 1193 emersi
3591 1138 3802 1194 adven-

2156 1230 2281 1279 tum
2318 1225 2446 1295 ejus
2498 1225 3014 1296 praastolabantur,
3077 1243 3107 1280 e
3161 1227 3376 1280 solario
3428 1226 3802 1299 fastigiorum

2152 1313 2355 1384 palatii
2388 1313 2784 1384 speculantes.
2813 1315 3058 1384 Jamque
3081 1315 3350 1385 quintam
3379 1317 3572 1371 noctis
3593 1316 3802 1370 horam

2152 1420 2411 1474 gnomon
2443 1403 2782 1458 indicabat:
2813 1404 3008 1476 gelida
3038 1404 3335 1474 aquilonis
3363 1422 3509 1460 aura
3528 1406 3801 1478 regiones

2152 1493 2441 1564 perﬂabat
2465 1494 2678 1556 aerias,
2711 1493 2813 1548 nix
2842 1499 3041 1548 autem
3081 1493 3468 1549 delabebatur
3496 1495 3754 1566 plurima
3783 1512 3796 1549 :

2149 1598 2283 1636 cum
2313 1583 2569 1636 Joannes
2601 1581 2838 1636 advenit
2867 1599 3001 1637 cum
3033 1583 3379 1654 conjuratis,
3431 1584 3493 1637 in
3523 1584 3798 1638 navicula

2149 1669 2314 1724 littus
2348 1670 2569 1742 legens,
2605 1676 2780 1741 atque
2813 1670 2912 1725 ubi
2946 1671 3038 1725 leo
3074 1670 3340 1742 lapideus
3375 1677 3608 1726 taurum
3640 1675 3799 1744 capit

2148 1760 2564 1828 (Bucoleonem
2594 1759 2790 1814 locum
2822 1766 3031 1814 vocant
3060 1760 3276 1832 vulgo),
3302 1762 3363 1815 in
3390 1767 3607 1816 terram
3642 1763 3792 1817 exit:

378 1848 811 1926 προσεπιϐαίνων
860 1857 991 1922 (97),
1047 1849 1197 1906 ’ίναὸ
1231 1850 1440 1916 λίθινος
1496 1850 1635 1906 λέων
1691 1852 1781 1906 τὸν
1838 1856 2021 1925 ταῦροι

2143 1853 2349 1918 estque
2381 1849 2452 1902 ab
2484 1847 2880 1920 adjutoribus,
2914 1865 3170 1918 superne
3202 1865 3232 1903 e
3265 1849 3480 1904 solario
3525 1851 3792 1914 intentis,

379 1947 586 2018 ζωγρεῖ
614 1938 1008 2011 (Βουκολέοντα
1038 1941 1129 1996 τὸν
1160 1961 1329 1996 τοπον
1375 1938 1638 2010 κέκληκεν
1667 1943 1702 2010 ἡ
1737 1942 2029 2012 συνήθεια).

376 2031 439 2094 ὃς
496 2035 611 2090 τοῖς
666 2027 868 2093 ἄνωθεν
924 2028 1009 2084 ἐπὶ
1071 2035 1178 2084 τῶν
1269 2029 1550 2105 ὁπαίφρων
1626 2029 2036 2103 προκύπτουσιν

375 2119 672 2194 ὑπηρέταις
753 2119 1019 2191 συρίττων
1085 2117 1504 2197 ἐπεγινώσκετο.
1591 2121 1856 2176 Τοιοῦτον
1928 2119 2031 2196 γὰρ

377 2215 496 2270 τοῖς
552 2206 924 2281 παλαμναίοις
985 2205 1200 2264 ἐδέδοτο
1289 2209 1552 2282 σύνθημα.
1629 2208 1861 2286 Κόφινον
1941 2212 2034 2262 οὖν

372 2295 674 2359 καλωδίοις
757 2295 1119 2372 ἐξηρτημένον
1204 2296 1545 2376 χαλάσαντες
1631 2296 1853 2366 ὂίνωθεν,
1915 2298 2033 2350 καθ’

377 2387 470 2442 ’ὲνα
514 2388 642 2450 τοὺς
697 2385 1021 2458 συνωμότας
1075 2386 1343 2461 πρότερον
1394 2387 1630 2448 ἅπαντας
1677 2385 2032 2460 ἀνιμήσαντο,

386 2470 571 2531 ἔπειτα
606 2473 661 2530 δὲ
715 2476 804 2530 καὶ
857 2475 950 2530 τὸν
1003 2474 1252 2547 Ἰωάννην
1300 2475 1483 2531 αὐτόν.
1547 2472 1889 2539 ’Δνελθόντες
1941 2473 2031 2529 οὗν

381 2566 525 2638 παρὰ
608 2570 781 2620 πᾶσαν
868 2564 1206 2639 ἀνθρωπίνην
1295 2563 1571 2634 ὑπόνοιαν,
1630 2563 1720 2618 καὶ
1789 2565 1855 2619 τὰ
1906 2563 2030 2642 ξίφη

381 2653 786 2729 γυμνώσαντες,
831 2652 906 2706 εἷς
939 2653 1031 2708 τὸν
1090 2651 1376 2728 βασιλικὸν
1439 2651 1804 2708 εἰσελαύνουσι
1863 2651 2034 2716 θάλα-

388 2764 489 2818 μον
535 2744 623 2796 καὶ
681 2744 778 2812 τήν
836 2740 1029 2813 κλίνην
1080 2741 1496 2821 κατειληφότες,
1541 2743 1630 2797 καὶ
1691 2743 1892 2812 ταύτην
1953 2743 2035 2798 εὑ-

392 2833 572 2906 ρόντες
606 2832 762 2900 κενὴν
793 2831 882 2885 καὶ
931 2833 1005 2905 μή
1066 2853 1187 2886 τινα
1243 2830 1293 2884 ἐν
1354 2831 1490 2905 αὐτῇ
1542 2829 2030 2904 διαναπαυόμενον,

382 2919 717 2996 ἐπεπήγεσαν
800 2921 906 2975 ἀπὸ
987 2925 1083 2975 τοῦ
1158 2917 1334 2988 δέους,
1421 2920 1509 2975 καὶ
1573 2924 2032 2994 κατακρημνίζειν

381 3010 576 3072 αὑτοὺς
635 3009 932 3084 ἐπειρῶντο
990 3009 1125 3083 πρὸς
1183 3007 1472 3064 Θάλασσαν.
1534 3007 1692 3066 Ἀλλ’
1750 3006 2032 3084 ἀνδράριόν

380 3120 438 3154 τε
470 3105 576 3154 τῶν
611 3098 671 3154 ἐκ
728 3102 825 3168 τῆς
880 3095 1322 3174 γυναικωνίτιδος
1379 3098 1609 3172 ἰταμῶν,
1668 3098 1842 3153 αὐτῶν
1895 3101 2033 3173 ἡγη-

374 3188 625 3260 σάμενον,
690 3187 1029 3244 ὑποδεικνύει
1109 3189 1200 3242 τὸν
1264 3187 1492 3263 βασιλέα
1562 3187 1908 3259 καθεύδοντα,
1968 3187 2024 3243 ὅν

368 3281 560 3354 κύκλῳ
618 3282 967 3357 περιστάντες
1023 3276 1241 3336 ἔνυττον
1318 3287 1434 3342 τοῖς
1513 3281 1670 3336 ποσὶν
1725 3280 2028 3355 ἐναλλόμε-

370 3392 456 3424 νοι
488 3373 550 3425 ⁸⁵.
589 3369 976 3436 Διυπνισθέντα
1031 3368 1087 3424 δὲ
1137 3374 1328 3425 τοῦτον
1379 3370 1469 3424 καὶ
1517 3372 1616 3439 τήν
1659 3369 1901 3449 κεφαλὴν
1948 3369 2027 3425 ἐπ’

373 3459 620 3536 ἀγκῶνος
678 3460 974 3534 ἐρείσαντα,
1032 3459 1169 3538 ξίφει
1221 3459 1414 3535 βιαίως
1464 3459 1610 3513 παίει
1667 3459 1814 3513 Λέων
1848 3461 1875 3513 ὁ
1929 3467 2024 3514 Βα-

372 3547 578 3619 λάντης
624 3549 1048 3624 ὀνομαζόμενος.
1110 3550 1170 3605 Ὀ
1215 3545 1271 3602 δὲ
1311 3546 1684 3624 περιαλγήσας
1727 3553 1804 3620 τῷ
1859 3549 2020 3622 τραύ-

369 3659 501 3710 ματι
531 3637 726 3717 (μέχρι
755 3639 802 3675 ⁸⁸
847 3645 947 3706 τῆς
997 3636 1197 3715 ὀφρύος
1241 3638 1332 3690 καὶ
1380 3643 1479 3705 τῆς
1532 3633 1862 3714 βλεφαρίδος
1891 3640 1930 3673 9‘
1956 3637 2018 3691 τὸ

367 3727 524 3805 ξίφος
551 3729 826 3795 καθίκετο,
869 3726 1143 3800 ἀπαράξαν
1178 3725 1270 3798 μὲν
1323 3725 1384 3779 τὸ
1437 3725 1648 3794 ὀστοῦν,
1694 3727 1769 3797 μὴ
1809 3723 2020 3794 πλῆξαν

371 3812 429 3869 δὲ
458 3816 549 3869 τὸν
583 3814 933 3894 ἐγκέφαλον),
966 3838 994 3866 ε(
1029 3813 1280 3882 Θεοτόκε,
1333 3815 1546 3888 βοήθει,
1584 3837 1611 3864 ››
1643 3811 1898 3889 έκέκραγε
1927 3835 2019 3887 γε-

372 3905 651 3982 γωνοτέρᾳ
710 3909 886 3984 φωνῆ·
919 3903 1128 3980 ἐρῥεῖτο
1189 3901 1245 3958 δὲ
1299 3905 1642 3981 πανταγόθεν
1689 3909 1769 3976 τῷ
1827 3903 2019 3977 α’ίματι

361 4001 453 4049 καί
486 3997 944 4074 κατεφοινίσσετο.
979 3995 1039 4050 Ὁ
1067 3990 1144 4064 ιδὲ
1196 3993 1474 4063 Ἰωάννης,
1519 3991 1607 4048 ἐπὶ
1654 3999 1755 4060 τῆς
1807 3991 2019 4067 βασιλι-

358 4090 464 4152 κῆς
495 4085 718 4147 καθίσας
747 4089 1058 4158 στρωμνῆς,
1115 4079 1336 4136 ἐλκύσιν
1380 4081 1454 4143 ὡς
1504 4079 1664 4135 αὐτὸν
1713 4081 1804 4136 τὸν
1866 4083 2020 4154 βασι-

364 4172 464 4230 λέα
515 4171 969 4248 παρεκελεύσατο·
1029 4173 1128 4228 ’Όν
1191 4168 1538 4237 έλκυσθέντα,
1602 4169 1904 4239 ὀκλάζοντα
1959 4193 2016 4227 τε

351 4263 446 4320 καὶ
479 4262 566 4317 ἐπὶ
598 4262 660 4318 τὸ
705 4256 899 4339 ἔδαφος
947 4257 1265 4336 διαρῥέοντα
1311 4257 1459 4332 (οὐδὲ
1507 4259 1611 4336 γὰρ
1663 4259 1782 4322 οἷός
1827 4281 1887 4315 τε
1942 4261 2010 4330 ἦν

2145 1937 2316 1990 sibilo
2349 1938 2602 2009 agnitus.
2637 1937 2942 2009 Ejusmodi
2975 1938 3135 1991 enim
3168 1938 3368 2009 impiis
3416 1938 3618 1993 datum
3670 1945 3795 1994 erat

2143 2025 2396 2097 signum.
2430 2026 2683 2080 Proinde
2717 2033 2915 2097 sporta
2946 2044 3050 2098 per
3079 2032 3268 2082 restes
3298 2029 3567 2100 alligatas
3616 2029 3792 2084 desu-

2140 2132 2322 2185 perne
2356 2114 2634 2179 demissa,
2670 2115 2860 2185 primo
2883 2116 3224 2186 conjuratos
3256 2134 3463 2171 omnes
3487 2117 3791 2189 sigillatim

2141 2211 2530 2271 attraxerunt,
2565 2205 2780 2259 deinde
2812 2205 3008 2276 ipsum
3058 2224 3290 2277 quoque
3343 2209 3648 2262 Joannem.
3705 2209 3793 2262 Ita

2141 2312 2276 2350 cum
2308 2300 2524 2365 praater
2554 2311 2794 2349 omnem
2837 2294 3183 2365 Opinionem
3217 2296 3539 2350 humanam
3573 2297 3823 2351 evasis-.

2141 2399 2294 2460 sent,
2331 2393 2631 2447 destrictis
2660 2392 2874 2464 gladiis
2914 2393 3255 2465 irrumpunt
3299 2394 3360 2448 in
3413 2395 3791 2466 imperatoris

2141 2481 2505 2547 cubiculum,
2540 2482 2878 2550 lectumque
2909 2481 3235 2536 invadunt:
3271 2500 3446 2554 quem
3490 2501 3625 2538 cum
3659 2485 3787 2538 ina-

2141 2585 2277 2623 nem
2301 2569 2691 2633 invenissent,
2716 2585 2910 2638 neque
2934 2571 3369 2640 quemquamin
3394 2587 3459 2625 eo
3487 2571 3791 2641 quiescen-

2143 2663 2283 2726 tem,
2313 2657 2702 2729 obriguerunt
2741 2674 2977 2727 pavore,
3029 2675 3276 2728 seseque
3326 2659 3697 2730 praecipitare
3727 2659 3790 2713 in

2141 2763 2304 2800 mare
2335 2746 2529 2800 conati
2593 2751 2750 2799 sunt.
2811 2748 3022 2800 Verum
3075 2748 3399 2802 homuncio
3449 2748 3668 2818 aliquis
3717 2748 3788 2802 de

2141 2835 2361 2889 scurris
2390 2853 2420 2888 e
2450 2850 2746 2906 gynzeceo,
2783 2835 2882 2903 qui
2919 2850 3020 2888 eos
3066 2835 3333 2904 duxerat,
3385 2836 3792 2890 submonstrat

2140 2924 2211 2977 iis
2243 2924 2663 2994 imperatorem
2696 2921 3090 2977 dormientem
3118 2941 3130 2978 :
3167 2939 3339 2992 quem
3385 2923 3444 2976 in
3477 2924 3617 2978 orbe
3672 2925 3790 2978 cir-

2137 3017 2502 3067 cumstantes
2516 3011 2766 3082 pedibus
2779 3010 3324 3081 feriunt,supraque
3339 3027 3474 3066 eum
3490 3011 3785 3067 insiliunt.

2138 3103 2466 3156 Excitatum
2501 3117 2569 3154 ex
2602 3116 2808 3155 somno
2845 3106 2903 3154 et
2931 3106 3108 3171 caput
3137 3100 3334 3154 cubito
3389 3101 3785 3156 sustinentem

2142 3191 2273 3256 Leo,
2299 3189 2540 3244 nomine
2569 3189 2864 3253 Balantes,
2888 3189 3269 3244 vehementer
3283 3190 3478 3261 gladio
3508 3192 3784 3261 percutit.

2143 3239 2273 3256 -η,
2299 3239 2537 3244 --ν---ηη
2569 3239 2864 3253 ﬁmum.
3284 3239 3472 3261 ο---η
3508 3239 3784 3261 ru---"

2067 3239 2109 3303 C
2139 3279 2405 3334 Percitus
2433 3279 2636 3334 dolore
2678 3278 2778 3334 88
2800 3277 3062 3333 vulneris
3085 3279 3245 3349 (nam
3271 3296 3460 3350 usque
3484 3279 3557 3335 ad
3583 3297 3785 3352 super-

2137 3378 2274 3433 cilia
2330 3383 2388 3431 et
2441 3377 2755 3448 palpebras
2819 3377 3050 3449 gladius
3107 3383 3537 3448 penetraverat,
3595 3397 3780 3450 osque

2134 3467 2480 3533 resciderat,
2514 3467 2700 3521 illaeso
2729 3472 2926 3521 tamen
2959 3466 3244 3537 cerebro),
3295 3467 3589 3522 clamabat
3626 3468 3780 3523 elata

2131 3572 2292 3620 voce,
2329 3577 2353 3606 ‹‹
2391 3554 2662 3624 Deipara,
2696 3554 2880 3625 juva:
2917 3575 2944 3602 ››
2995 3553 3273 3608 difﬂuens
3327 3554 3592 3624 undique
3637 3571 3774 3610 san-

2131 3645 2308 3716 guine
2332 3649 2389 3697 et
2408 3649 2712 3698 cruentus.
2744 3649 2817 3696 At
2835 3644 3111 3707 Joannes,
3135 3643 3237 3712 qui
3261 3643 3321 3695 in
3343 3647 3590 3714 augusto
3622 3643 3773 3697 lecto

2132 3730 2661 3796 consedera't,trahi
2680 3731 2753 3785 ad
2777 3746 2838 3784 se
2856 3730 3772 3801 imperatoremjussit.Raptum,

2131 3838 2265 3875 cum
2300 3820 2509 3874 solutis
2541 3818 2826 3873 membris
2857 3817 2930 3872 ad
2958 3819 3151 3873 solum
3197 3818 3594 3873 collaberetur
3640 3823 3776 3890 (nec

2130 3910 2288 3963 enim
2319 3925 2472 3980 genu
2503 3908 2610 3962 niti
2642 3913 2898 3978 poterat,
2929 3907 3147 3979 insigni
3178 3908 3305 3978 ejus
3336 3907 3544 3962 robore
3602 3907 3776 3979 plaga

2127 3997 2306 4070 gladii
2337 3997 2566 4066 fracto),
2618 3996 2944 4067 interrogat
2998 4011 3133 4050 cum
3191 3996 3390 4062 minis,
3449 4001 3548 4050 et:
3608 3997 3773 4051 «Dic

2128 4087 2294 4154 mihi,
2327 4108 2355 4136 »
2389 4086 2604 4156 inquit,
2641 4107 2668 4135 ιι
2700 4084 2912 4139 stolide
2941 4091 3000 4140 et
3028 4084 3222 4140 invide
3252 4090 3519 4155 tyranne,
3568 4101 3770 4140 annon

2124 4193 2232 4247 per
2255 4192 2350 4230 me
2372 4174 2691 4230 ascendisti
2715 4173 2790 4229 ad
2811 4174 3210 4244 principatum
3233 4175 3562 4229 Romanum
3584 4174 3612 4228 ‘I
3642 4176 3767 4228 Non

2123 4281 2231 4336 per
2259 4281 2354 4319 me
2385 4264 2496 4318 hoc
2529 4269 2760 4318 tantum
2791 4262 3109 4334 imperium
3143 4262 3502 4334 suscepisti?
3530 4262 3636 4327 Qui
3659 4262 3767 4334 igi-

1557 4419 1616 4474 C.
1670 4419 1732 4474 B.
1776 4419 1962 4475 HASII
2000 4421 2554 4477 ANNOTATIONES.

422 4567 467 4602 ⁹³
489 4562 854 4640 προσεδέχετο
872 4565 1016 4640 _cod.

348 4639 396 4676 96
427 4629 580 4694 For},
618 4629 786 4715 μὲχβι
816 4637 942 4711 γάρ,
1047 4633 1094 4670 ⁸⁷
1131 4629 1477 4713 βκεφαρίδος]
1511 4629 1845 4710 φλέϐαρίδος
1878 4629 2008 4692 cdd.

1118 4563 1166 4642 ’ξ
1195 4558 1414 4642 ἀφίκετο
1440 4561 1579 4642 Qod‘.
1607 4562 2021 4642 plusquampei

2136 4572 2215 4637 to,
2249 4565 2467 4642 ἀφῖκτο,
2498 4569 2564 4620 ut
2623 4564 2777 4618 infra
2829 4565 2916 4617 69.
2973 4564 3034 4616 Β.

3138 4562 3182 4598 ⁸⁸
3212 4557 3576 4633 ιναλλόμενον
3628 4562 3759 4619 cod.

423 4815 538 4883 (9‘7)
590 4801 1314 4883 Verbum_1rpoasm6a€_v¢_u
1373 4808 1552 4878 (quod
1611 4826 1731 4883 non
1788 4811 1999 4883 estin

2132 4813 2618 4883 :ai¢_cupcgopaiq.
2680 4806 3134 4883 Olympiodorus
3199 4807 3418 4883 Catena
3475 4807 3537 4883 in
3597 4806 3754 4866 beat.

355 4880 605 4952 Le'xic'is)
625 4884 735 4936 Leo
757 4881 932 4936 modo
955 4897 1088 4935 cum
1110 4880 1364 4952 genitivo
1384 4881 1694 4952 construit,
1718 4881 1876 4936 velut
1905 4882 2000 4936 hic

352 4959 443 5010 60.
477 4956 536 5008 Β.
573 4951 631 5008 et
659 4957 746 5008 97.
786 4954 840 5008 D.
879 4952 1054 5007 modo
1097 4951 1232 5006 cum
1281 4951 1493 5016 dativo,
1540 4958 1606 5006 ut
1635 4955 1686 5006 6.
1723 4954 1781 5006 Β.
1815 4955 1902 5006 42.
1938 4953 1998 5006 C.

350 5026 573 5081 Eodem
606 5043 744 5080 casu
807 5030 896 5078 est
953 5023 1109 5094 apud
1169 5022 1669 5094 Theophylactum
1719 5025 1874 5078 Orat.
1928 5023 1999 5078 de

350 5103 556 5154 sancta
586 5098 769 5150 Cruce
801 5091 1017 5168 3981C.
1065 5091 1616 5168 προσεπιϐαίνωνλτῇ
1668 5096 1761 5168 γῇ.
1816 5096 1996 5168 Πειητ

349 5176 526 5240 patur
553 5169 730 5240 etiam
761 5183 796 5221 a
826 5166 1074 5240 Philone
1107 5165 1571 5240 Detemulentia
1619 5163 1740 5220 197.
1792 5169 1853 5220 E.
1911 5163 1997 5218 καὶ

347 5233 790 5313 προσεπιϐαίνειν
823 5235 1076 5306 ἠξίωσεν,
1109 5236 1207 5291 ubi
1251 5237 1564 5307 exponitur
1610 5240 1993 5308 prevaricari.

350 5312 612 5366 Alterius
669 5307 1078 5366 decomnositi.
1147 5300 1619 5366 προσεπεμϐαίνω.
1673 5308 1993 5364 secundam

352 5325 612 5366 Alterius
669 5325 1078 5380 uecomposm,
1147 5325 1619 5377 προσεπεμοαινω,
1673 5325 1996 5364 secundam

352 5384 785 5460 figuratamque
808 5379 1322 5460 significationem.
1346 5381 1996 5460 insultanirrideoaque

348 5451 422 5509 in
463 5451 800 5508 novissimis
855 5451 1216 5523 optimisque
1271 5451 1493 5523 Lexicis
1540 5451 1708 5505 video
1755 5457 1994 5522 praster-

345 5527 614 5581 missam.
648 5521 995 5594 Quanquam
1028 5539 1148 5576 non
1185 5521 1380 5594 desint
1407 5521 1583 5592 hujus
1614 5521 1994 5577 usus’aucto-

343 5593 924 5653 ritatesidoneaa.S.
984 5595 1146 5649 Joan.
1211 5593 1661 5662 Clirysosto‘mus
1721 5596 1874 5649 Orat.
1932 5611 1992 5648 1|.

347 5670 412 5726 in
443 5671 638 5724 Lazar.
676 5665 747 5722 V.
795 5668 919 5720 241.
963 5667 1032 5718 28
1092 5663 1167 5736 μὴ
1217 5657 1774 5736 προσεπεμϐαίνωμεν
1828 5664 1992 5718 αὑτοῦ

2109 4881 2214 4960 Job
2243 4871 2367 4960 $229..
2402 4871 2632 4960 (ζκατὰ
2651 4871 2953 4960 πρόσωπον
2989 4873 3415 4960 λοιδορεῖτέμε,
3444 4877 3534 4960 καὶ
3584 4897 3754 4960 πρρς.

2111 4946 2461 5021 ἐπεμϐαίνετὲ
2494 4971 2603 5022 μοι.
2643 4946 2781 5017 Quae
2814 4951 2963 5016 loca,
3014 4955 3116 5004 aut
3153 4946 3407 5016 similia,
3465 4946 3754 5022 Hesychia

2110 5024 2418 5079 obversata
2449 5029 2607 5086 sunt,
2657 5039 2793 5078 cum
2838 5022 2879 5075 Ι.
2943 5022 3098 5076 1044.
3161 5022 3221 5074 Β.
3289 5022 3753 5091 Προσεπεμῧαίνει

2111 5040 2418 5079 οῡνθνδᾶιᾶ
2449 5040 2607 5086 sunt,
2657 5040 2793 5078 cum
2838 5040 2879 5075 1.
2943 5040 3098 5076 lU-Iv‘l'.
3162 5040 3221 5074 Ι).
3289 5040 3324 5072 ιι
3370 5040 3753 5091 οσεπεμοαινει

2111 5096 2535 5164 interpretatus
2589 5101 2678 5149 est
2743 5091 3084 5159 ἐπιτωθάζει,
3173 5040 3414 5164 ἐπιγεῖᾷ.
3499 5096 3755 5151 Verbum

2107 5163 2420 5240 ἐπεμϐαίνω
2453 5166 2640 5240 simili
2672 5181 2844 5240 sensu
2885 5169 3227 5240 usurpatur,
3260 5163 3325 5218 ut
3355 5165 3495 5240 duo_
3529 5167 3659 5222 loca
3688 5184 3758 5222 ex

2108 5235 2310 5293 multis
2341 5239 2668 5305 nominem,
2702 5238 2763 5291 in
2794 5235 2979 5308 Epist.
3023 5235 3264 5308 nomine
3307 5237 3499 5292 concil
3531 5240 3750 5293 Nicmn.

2108 5310 2346 5380 scripta,
2381 5309 2534 5381 apud
2569 5311 2788 5368 Socrat.
2814 5308 2990 5381 hist.
3046 5307 3265 5381 Eccles.
3308 5311 3404 5381 28.7
3448 5311 3514 5365 A.
3549 5310 3691 5365 item
3723 5326 3758 5364 a

2107 5372 2376 5435 Cedreno
2414 5372 2478 5436 ll.
2511 5383 2632 5434 670.
2687 5382 2752 5435 D.
2808 5372 3091 5452 ἐπιϐαίνῳ,
3141 5379 3308 5452 idem
3350 5380 3753 5452 signiﬁcante,

2105 5452 2380 5523 copiosus
2409 5453 2454 5506 J.
2489 5452 2699 5523 Tobias
2731 5450 3008 5506 Krebsius
3041 5451 3395 5523 in_Decretis
3425 5450 3750 5507 “Romano-

2105 5521 2234 5577 rum
2269 5540 2373 5594 pro
2403 5522 2619 5578 Judzeis
2650 5523 2819 5578 factis
2849 5523 3055 5594 25.3..
3090 5521 3527 5594 demonstrans,
3550 5525 3753 5578 omnia

2102 5594 2223 5649 fere
2257 5590 2526 5648 veniendi
2559 5595 2732 5648 verba
2763 5611 2896 5647 cum
2947 5590 3051 5646 ἐπί.
3104 5591 3385 5664 adjuncto
3433 5609 3572 5647 casu
3621 5611 3750 5664 per-

2103 5683 2285 5735 sonae,
2317 5667 2624 5720 notionem
2674 5665 2909 5719 hostilis
2941 5663 3262 5717 invasionis
3295 5663 3529 5717 habere-
