4190 6322
420 443 539 502 789

1794 442 2188 504 HISTORI/E
2230 441 2376 502 LlB.
2423 440 2498 502 V.

3715 446 3833 504 790

414 581 517 642 τῆς
549 578 694 642 ζωῆς
725 575 926 650 χρόνον
964 577 1304 645 πεντήκοντα
1359 576 1450 630 καὶ
1482 575 1614 630 ἑπτὰ
1665 573 1758 644 ἔτη
1795 571 2035 639 διαϐιοὺς

2176 580 2294 630 tate
2327 575 2455 630 sine
2473 573 2872 629 controversia
2897 573 3284 642 antecellens,
3314 591 3548 630 summa
3563 575 3623 630 in
3655 576 3830 630 bellis

412 660 465 735 ’ἐξ
501 661 677 717 δὲκαὶ
713 664 915 736 μόνους
946 664 1222 726 ἐνιαυτοὺς
1268 666 1403 740 πρὸς
1465 665 1596 738 μησὶ
1654 666 1906 739 τέσσαρσι
1963 667 2062 734 τήν

417 759 518 820 τῆς
544 751 820 827 βασιλείας
851 753 1032 816 ἰθύνας
1083 754 1286 829 ἀρχήν·
1345 754 1483 829 ἀνήρ
1533 751 1748 829 ἀνδρείᾳ
1804 754 1893 809 καὶ
1955 754 2058 807 σώ-

418 863 586 913 ματος
648 842 810 918 ῥώμῃ
843 848 1014 898 πᾶσαν
1048 840 1322 919 ἀδηρίτως
1363 839 1699 918 ὑπερϐαίνων
1782 845 1881 912 τήν
1943 845 2060 899 κατ’

411 931 570 984 αὐτὸν
612 933 821 1007 γενεὰν,
885 931 1276 1006 ἐμπειρότατός
1329 953 1388 988 τε
1443 932 1533 987 καὶ
1621 931 2056 1004 δραστικώτατος

407 1018 474 1072 τὰ
503 1017 605 1073 πολ
621 1021 768 1092 ἐμια,
800 1021 891 1075 καὶ
923 1022 1060 1096 πρὸς
1090 1027 1262 1076 πᾶσαν
1319 1019 1462 1077 ίδὲαν
1522 1021 1701 1076 πόνων
1753 1019 2054 1093 ἆνὲνδοτος,

402 1107 492 1161 καὶ
549 1112 805 1181 σώματος
863 1108 1182 1184 ἀμείλικτος
1240 1111 1328 1166 καὶ
1390 1111 1753 1173 ἀκολάκευτος
1810 1109 2054 1182 ἡδοναῖς’

410 1197 772 1276 μεγαλόφρων
802 1223 860 1256 τε
897 1201 987 1256 καὶ
1049 1201 1400 1278 μεγαλοφυής
1451 1204 1517 1258 τὰ
1567 1203 1850 1270 πολιτικὰ,
1908 1204 2055 1258 ἐννο-

413 1288 636 1360 μώτατα
667 1287 922 1361 δικάζων,
955 1291 1044 1346 καὶ
1080 1297 1395 1364 νομοθετῶν
1454 1292 1733 1362 ἀσφαλῶς,
1789 1293 1879 1348 καὶ
1941 1317 2052 1366 μη-

406 1375 558 1439 δενὸς
589 1383 696 1433 τῶν
726 1379 776 1432 ἐν
827 1381 1045 1445 τούτοις
1108 1377 1535 1457 κατατριϐέντων
1593 1381 1935 1455 ἡττώμενος·
1995 1384 2047 1439 ἐν

402 1462 459 1519 δὲ
489 1471 606 1528 ταῖς
632 1468 825 1543 εὐχαῖς
857 1470 944 1523 καὶ
977 1476 1095 1532 ταῖς
1128 1471 1428 1547 παννύχοις
1475 1471 1610 1542 πρὸς
1668 1473 1795 1526 Θεὸν
1859 1474 2046 1527 στάσε-

399 1576 482 1608 σιν
515 1554 796 1628 ἄκαμπτός
853 1580 912 1614 τε
962 1561 1053 1614 xui
1107 1558 1490 1633 ἀδαμάντινος,
1538 1561 1936 1636 ἀμετεώριστον
1989 1562 2040 1616 ἐν

394 1648 515 1706 ταῖς
549 1644 850 1717 ὑμνῳδίαις
875 1648 967 1702 τὸν
996 1653 1116 1703 νοῦν
1150 1655 1454 1723 συντηρῶν,
1503 1651 1594 1705 καὶ
1638 1651 1772 1726 πρὸς
1828 1653 1895 1705 τὰ
1928 1653 2039 1724 μά-

390 1753 516 1787 ταια
549 1731 815 1806 μηδόλως
874 1732 1230 1812 ῥεμϐόμενον.
1291 1741 1374 1812 [Ρ.
1430 1741 1520 1813 55]
1583 1738 1908 1812 Ἐλάττωμα
1984 1739 2040 1796 δὲ

392 1826 554 1876 τοῦτο
585 1826 900 1897 προσῆπτον
933 1827 986 1880 οἱ
1016 1826 1220 1882 πολλοὶ
1249 1833 1329 1899 τῷ
1359 1825 1536 1902 ἀνδρὶ,
1571 1824 1652 1882 ὅτι
1709 1849 1767 1882 τε
1797 1829 2036 1904 ἀπαρεγ-

2173 682 2310 720 cum
2333 665 2550 719 Peritia
2566 671 2689 719 tum
2709 664 3032 730 alacritate,
3054 663 3127 718 ad
3148 681 3325 720 omne
3347 681 3534 736 genus
3553 665 3824 720 laborum

2173 755 2498 818 obdurans,
2544 753 2943 824 voluptatibus
3001 753 3266 824 corporis
3327 754 3707 825 incorruptus
3767 759 3822 808 et

2173 843 2604 909 indelectatus;
2642 842 2904 897 liberalis
2948 848 3238 913 pra3terea
3269 849 3327 896 et
3372 843 3726 915 magniﬁcus
3756 844 3818 897 in

2169 932 2685 987 administratione
2703 931 2880 999 civili,
2897 931 3485 1002 judexjustissimus,
3516 932 3820 1004 legislator

2170 1023 2399 1088 ﬁrmus,
2425 1038 2618 1092 neque
2649 1021 2757 1076 ulli
2791 1037 3017 1083 eorum,
3051 1020 3151 1091 qui
3183 1020 3275 1074 his
3306 1021 3368 1074 in
3401 1020 3580 1075 rebus
3600 1022 3813 1075 versati

2169 1118 2329 1179 sunt,
2361 1111 2829 1183 postponendus.
2863 1112 2928 1164 In
2962 1111 3236 1182 precibus
3263 1116 3461 1165 autem
3509 1111 3813 1181 pernocti-

2166 1201 2395 1272 busque
2418 1207 2554 1255 ante
2586 1203 2812 1254 Numen
2837 1199 3192 1254 stationibus
3219 1217 3454 1255 severus
3487 1205 3614 1254 erat
3633 1204 3809 1270 atque

2165 1300 2606 1363 adamantinus,
2637 1298 2999 1353 inturbatam
3039 1297 3099 1352 in
3131 1299 3376 1352 canticis
3408 1303 3667 1352 mentem
3697 1314 3814 1351 ser-

2160 1407 2323 1456 vans,
2357 1389 2429 1444 ad
2458 1388 2745 1443 vanitates
2776 1387 3234 1458 haudquaquam
3275 1387 3675 1443 delabentem.
3711 1389 3808 1442 Ni-

2159 1479 2488 1532 hilominus
2514 1477 2626 1531 hoc
2655 1477 2860 1530 vitium
2890 1475 3328 1546 exprobrabant
3356 1477 3417 1530 in
3451 1477 3554 1530 illo
3613 1476 3806 1547 vulgo,

2157 1569 2314 1640 quod
2344 1567 2414 1622 ab
2447 1566 2726 1621 omnibus
2764 1566 3168 1636 incorruptam
3199 1567 3302 1620 90
3348 1567 3625 1621 virtutem
3667 1566 3804 1634 coli,

2153 1675 2346 1728 neque
2371 1656 2615 1711 omnino
2641 1671 2924 1710 asumma
2949 1655 3224 1725 aequitate
3240 1655 3435 1709 recedi
3453 1655 3804 1719 vellet.Quo-

2150 1750 2306 1803 circa
2338 1746 2720 1802 inexorabilis
2750 1751 2876 1800 erat
2903 1746 2964 1800 in
2995 1746 3367 1814 vindicando,
3395 1745 3799 1816 delinquenti-

2147 1836 2376 1907 busque
2407 1836 2588 1890 durus
2615 1834 2922 1890 videbatur
2951 1839 3128 1904 atque
3145 1834 3353 1906 gravis,
3388 1835 3794 1903 molestusque

395 1911 654 1987 χείρητον
685 1909 947 1970 ἐϐούλετο
1003 1916 1137 1990 πρὸς
1196 1917 1449 1971 ἀπάντων
1499 1920 1874 1992 συντηρεῖσθαι
1932 1920 2031 1987 τὴν

2150 1925 2288 1991 illis,
2321 1925 2420 1995 qui
2453 1923 2795 1978 liberiorem
2845 1924 3020 1978 vitam
3068 1940 3240 1995 agere
3289 1923 3626 1995 cupiebant.
3673 1925 3789 1994 Ego

392 1999 613 2072 ἀρετὴν,
663 2003 753 2057 καὶ
817 2005 891 2076 μή
949 2009 1457 2081 παραχαράττεσθαι
1517 2011 1617 2078 τήν
1675 2015 1772 2064 τοῦ
1828 2008 2040 2065 δικαίου

387 2085 688 2164 ἀκρίϐειαν.
727 2092 820 2146 Διὸ
875 2095 966 2148 xui
1023 2095 1395 2171 ἀπαραίτητος
1431 2098 1498 2166 ἧν
1541 2097 1617 2162 εἰς
1669 2101 1770 2169 τὴν
1824 2100 2031 2155 τούτων

388 2179 689 2252 ἐκδίκησιν,
747 2183 837 2238 xui
897 2190 1016 2247 τοῖς
1076 2185 1473 2242 ὀλισθαίνουσιν
1535 2185 1892 2260 ἀδυσώπητος
1946 2191 2036 2245 καὶ

389 2273 645 2346 φορτικὸς
680 2271 875 2342 ἐδόκει,
907 2275 996 2329 xui
1028 2274 1278 2352 ἐπαχθὴς
1309 2280 1428 2339 τοῖς
1482 2275 1780 2356 ἀδιάφορον
1825 2279 2037 2336 ἀντλεῖν

382 2362 470 2415 τὸν
511 2361 632 2437 βίον
667 2361 965 2420 ἐθέλουσιν.
1004 2366 1148 2441 Ἐγὼ
1178 2365 1234 2420 δέ
1274 2389 1440 2444 φημι,
1475 2369 1550 2429 ὡς
1581 2368 1624 2423 εἰ
1689 2371 1764 2441 μή
1795 2392 1879 2432 τις
1906 2375 2042 2426 κατὰ

390 2452 513 2526 ῥοῦν
543 2451 869 2529 φερομένοις
900 2456 946 2491 ⁹⁹
990 2461 1108 2518 τοῖς
1139 2459 1422 2532 πράγμασι
1491 2459 1753 2533 βάσκανος
1800 2465 2043 2536 νεμεσῆ-

387 2561 520 2595 σασα
560 2543 705 2609 τύχη
737 2544 828 2597 τὸν
863 2543 1029 2619 ἄνδρα
1059 2551 1250 2602 τοῦτον
1273 2547 1414 2622 ταχὺ
1465 2553 1562 2603 τοῦ
1597 2549 1716 2624 βίου
1768 2551 2040 2629 ἀπήγαγε,

389 2632 652 2703 μεγίστην
689 2631 750 2686 ἄν
783 2635 816 2701 ἡ
852 2639 958 2688 τῶν
992 2635 1279 2710 Ῥωμαίων
1314 2640 1589 2710 ἡγεμονία
1618 2639 1707 2694 καὶ
1768 2641 1884 2695 οἳαν
1945 2643 2043 2698 οὐκ

2147 2039 2284 2077 vero
2317 2021 2470 2087 dico,
2505 2021 2620 2074 nisi
2651 2021 2828 2076 rebus
2861 2021 2945 2074 sic
2976 2021 3234 2075 secundo
3267 2037 3444 2075 cursu
3465 2019 3788 2075 ﬂuentibus

2145 2130 2251 2184 per
2273 2111 2555 2166 invidiam
2580 2110 2885 2180 indignata
2906 2111 3144 2179 fortuna
3165 2111 3325 2165 hunc
3353 2111 3540 2164 virum
3565 2110 3739 2165 citius
3762 2125 3792 2162 e

2146 2202 2264 2256 vita
2287 2199 2976 2265 sustulisset,maximum
3001 2198 3381 2269 splendorem
3397 2216 3492 2253 res
3507 2199 3793 2262 Romana,

2157 2296 2213 2345 et
2242 2289 2480 2361 qualem
2511 2305 2820 2358 nunquam
2855 2288 3023 2356 alias,
3058 2288 3435 2342 obtinuisset.
3469 2286 3581 2340 Sed
3605 2286 3805 2341 Provi-

2156 2379 2386 2443 dentia,
2422 2378 2601 2432 duros
2635 2383 2811 2448 atque
2836 2377 3021 2431 elatos
3051 2377 3360 2431 hominum
3392 2377 3626 2430 animos
3648 2375 3804 2430 male

2159 2486 2282 2534 osa,
2315 2467 2534 2537 frangit
2574 2467 3045 2536 comminuitque
3077 2483 3178 2520 eos
3208 2467 3282 2520 ad
3312 2466 3687 2533 nihilumque
3719 2481 3806 2519 re-

2151 2558 2298 2627 digit
2321 2555 3050 2626 incomprehensibilibus,
3088 2572 3218 2625 quae
3252 2555 3698 2624 novit,judiciis
3727 2553 3801 2608 ad

2152 2646 2464 2700 commoda
2494 2650 2697 2699 nostra
2727 2644 2998 2714 cymbam
3031 2645 3160 2698 vitai
3192 2643 3481 2716 dirigens.

378 2718 588 2776 ἄλλοτε
637 2719 881 2778 εὔκλειαν
942 2724 1302 2799 ἀπηνέγκατο.
1363 2724 1541 2782 Ἀλλά
1595 2729 1696 2803 γὰρ
1754 2734 1788 2799 ἡ
1843 2732 2091 2806 πρόνοια,
2146 2734 2212 2788 τά
2268 2731 2483 2805 σκληρᾶ
2537 2731 2626 2785 xui
2693 2730 2975 2805 ὑπέραυχα
3029 2735 3138 2784 τῶν
3198 2730 3497 2805 ἀνθρώπων
3554 2731 3789 2784 ἀποστυι

380 2813 557 2881 γοῦσα
591 2814 933 2886 φρονήματα,
965 2812 1188 2870 κολούει
1245 2837 1303 2871 τε
1358 2816 1449 2871 καὶ
1507 2819 1855 2892 περιστέλλει
1910 2821 1997 2876 xui
2061 2821 2136 2884 εἰς
2193 2823 2256 2876 τὸ
2318 2819 2486 2894 μηδὲν
2547 2825 2796 2892 συνωθεῖ,
2852 2821 2940 2880 οἷς
2999 2816 3145 2873 οἶδεν
3207 2818 3509 2896 ἀνεφίκτοις
3566 2819 3793 2892 κρίμασι

383 2897 522 2972 πρὸς
553 2900 616 2953 τὸ
644 2899 910 2978 συμφέρον
945 2903 1009 2958 τὸ
1038 2908 1136 2958 τοῦ
1171 2905 1292 2979 βίου
1326 2913 1625 2981 πορθμεῖον
1657 2908 1972 2965 εὐθύνουσα.

454 3019 515 3075 θ’.
548 3015 609 3070 Ὁ
641 3012 696 3069 δέ
726 3036 782 3090 γε
813 3017 1093 3089 Ἰωάννης,
1155 3018 1268 3075 ἐπεὶ
1318 3023 1380 3076 τὸ
1435 3027 1681 3078 τοιοῦτον
1741 3026 2020 3100 θεοστυγὶς

377 3101 465 3154 xui
506 3101 722 3159 ἀνόσιον
757 3110 925 3176 μῦσος
957 3107 1265 3183 εἰργάσατο,
1299 3110 1384 3165 ἐπὶ
1439 3113 1530 3167 τὸν
1580 3112 1833 3188 λαμπρὸν
1867 3116 2021 3170 οἷκον

2205 3040 2263 3093 9.
2297 3037 2810 3106 Joannes,patrato
2827 3033 3121 3106 ejusmodi
3146 3034 3382 3088 Numini
3412 3050 3588 3088 exoso
3611 3039 3788 3104 atque

2136 3125 2318 3196 impio
2355 3125 2638 3190 facinore,
2664 3123 3047 3194 magniﬁcum
3065 3139 3232 3177 moon
3260 3123 3463 3194 palatii
3485 3124 3788 3194 ingressus

380 3197 478 3285 τῆς
515 3193 803 3266 βασιλικῆς
837 3197 1013 3260 ἑστίας
1070 3199 1358 3273 παρελθὼν
1421 3203 1900 3278 (Χρυσοτρίκλινον
1931 3208 2025 3260 τὸν

2150 3213 2713 3285 ξΟῘιι·)νεοιῐ-ἱοιίηἰυῐη
2739 3212 2796 3266 id
2811 3212 3085 3267 conclave
3109 3218 3361 3278 vocant),
3387 3213 3790 3266 calceamenta

386 3276 552 3352 δόμον
587 3284 1068 3360 κατονομάζουσι),
1101 3288 1162 3342 τό
1193 3309 1251 3343 τε
1295 3287 1516 3345 πέδιλον
1552 3292 1615 3346 τὸ
1656 3276 1880 3368 ἐρυθρὸν
1912 3301 2029 3357 τοῖς

384 3378 542 3424 ποσίν
599 3371 966 3447 ἐνηρμόσατο,
1026 3378 1112 3430 καὶ
1175 3377 1321 3452 παρά
1377 3379 1468 3434 τὸν
1537 3381 1727 3456 θρόνον
1783 3384 2033 3440 κεκάθικε

382 3461 473 3515 τὸν
538 3462 840 3536 βασιλικὸν,
922 3467 1010 3520 καὶ
1090 3468 1215 3542 περὶ
1270 3475 1379 3524 τῶν
1436 3477 1633 3526 κοινῶν
1693 3478 2032 3550 πραγμάτων

386 3550 716 3624 ἐφρόντιζεν,
749 3555 900 3620 ὅπως
939 3556 1147 3612 τούτων
1205 3557 1474 3634 ἐγκρατής
1530 3583 1588 3617 τε
1646 3565 1882 3640 γένοιτο,
1940 3565 2030 3620 καὶ

387 3642 462 3712 μή
497 3663 579 3696 τις
614 3642 762 3715 αὐτῷ
794 3641 1158 3702 διαστασιάσοι
1190 3653 1297 3703 τῶν
1355 3647 1405 3719 ἐξ
1453 3647 1688 3723 α’ίματος
1717 3654 2029 3727 προσηκόν-

381 3751 490 3784 των
523 3735 602 3802 τῷ
634 3731 1021 3810 αὐτοκράτορι.
1052 3738 1119 3794 Οἱ
1153 3735 1209 3792 δὲ
1267 3743 1364 3792 τοῦ
1421 3739 1742 3816 Νικηφόρου
1805 3745 2030 3798 ὑπασπι·

384 3820 526 3889 arui,
560 3820 658 3894 ὀψὲ
686 3845 821 3878 ποτε
871 3827 969 3894 τῆν
1028 3825 1298 3900 ἀναίρεσιν
1369 3829 1566 3884 τούτου
1625 3830 2027 3903 ἐνωτισθὲντες,

381 3906 646 3981 ὥρμησαν
707 3910 966 3988 ἐπαρῦναι
1025 3916 1194 3987 αὐτῷ,
1258 3917 1714 3989 ὑποτοπάζοντες,
1803 3922 1853 3976 ἐν
1913 3929 2030 3985 τοῖς

383 4002 544 4065 ζῶσιν
607 3998 686 4054 ἔτι
745 4007 1010 4077 περιεῖναι
1068 4006 1159 4058 τὸν
1221 4003 1412 4080 ἄνδρα,
1465 4029 1554 4062 και
1611 4009 1705 4070 τὰς
1774 4009 2027 4086 σιδηρὲας

380 4085 556 4149 πύλας
594 4091 605 4124 ¹
639 4090 798 4144 παντὶ
830 4091 999 4147 σθένει
1033 4094 1431 4174 ἀναμοχλιύειν
1479 4096 1795 4171 ἐπειρῶντο.
1857 4085 2030 4158 Ἀλλὰ

383 4177 410 4230 ὁ
447 4177 598 4231 ’Ῐωάν
680 4201 702 4218 ς
794 4183 808 4200 “
1091 4186 1105 4206 ⁸
1199 4185 1212 4204 ’
1366 4193 1392 4204 ”
1621 4192 1644 4202 ”
1911 4193 1922 4212 ’

389 4266 396 4267 7
605 4201 699 4248 νη..
748 4202 848 4250 την
903 4183 1144 4259 κεφαλην
1195 4197 1484 4264 ενεχθηναι
1552 4209 1648 4242 του
1710 4191 2027 4267 Νικηφορου

384 4266 782 4338 ἐνεκελεύσατο,
815 4272 905 4325 xui
961 4273 1160 4344 ταύτην
1224 4273 1618 4350 ὑποδειχθῆναι
1677 4276 1765 4334 διὰ
1820 4266 2027 4356 τρυμα-

384 4357 504 4420 λιᾶς
535 4366 656 4422 τοῖς
681 4361 886 4418 ἐκείνου
937 4366 1382 4444 σωματοφύλαξι.
1443 4369 1736 4444 Παρελθὼν
1793 4369 1850 4428 δέ
1923 4396 2026 4446 τις,

383 4447 894 4528 Ἀτζυποθεόδωρος
923 4453 1286 4528 καλούμενος,
1333 4458 1546 4532 ἐξέτεμε
1601 4481 1659 4515 τε
1712 4464 1812 4532 τήν
1871 4485 2029 4541 κεφα-

2140 3305 2320 3358 rubra
2345 3303 2596 3374 pedibus
2629 3303 2870 3374 aptavit,
2923 3303 2983 3355 in
3017 3302 3283 3373 solioque
3338 3302 3551 3357 sedens
3601 3304 3790 3372 impe-

2139 3395 2359 3449 ratorio
2392 3393 2464 3448 ad
2499 3410 2792 3448 summam
2824 3409 3022 3447 rerum
3050 3394 3316 3448 animum
3339 3393 3644 3458 convertit,
3673 3409 3788 3462 quo

2141 3489 2312 3554 pacto
2347 3499 2414 3537 ea
2439 3483 2750 3554 potiretur,
2779 3481 3252 3552 seditionemque
3280 3499 3486 3536 eorum
3508 3482 3789 3552 praeveni-

2140 3579 2250 3638 ret,
2285 3572 2384 3643 qui
2419 3573 2838 3642 imperatorem
2866 3571 3213 3642 cognatione
3235 3569 3790 3641 attingebantJnter

2142 3663 2267 3716 haec
2298 3661 2609 3732 Nicephori
2644 3665 3028 3731 protectores,
3062 3659 3180 3713 fato
3230 3659 3358 3729 ejus
3411 3658 3636 3712 tardius
3684 3677 3786 3714 co-

2139 3761 2324 3832 gnito,
2345 3760 2417 3814 ad
2441 3776 2612 3830 opem
2638 3758 2944 3814 ferendam
2968 3762 3387 3828 proruperunt,
3405 3757 3562 3828 quod
3587 3775 3786 3828 super-

2140 3851 2334 3904 stitem
2357 3850 2701 3904 etiamnunc
2720 3864 2848 3902 esse
2863 3864 2996 3901 eum
3021 3846 3784 3918 suspicabantur,omnique

2137 3941 2191 3993 vi
2224 3939 2456 3993 emoliri
2490 3939 2712 3993 ferreas
2734 3937 2929 3992 conati
2955 3942 3153 4008 portas
3181 3942 3336 3991 sunt.
3361 3938 3504 3990 Tum
3527 3937 3782 3991 Joannes

2138 4034 2316 4099 caput
2373 4026 2686 4096 Nicephori
2747 4025 3018 4096 proferri,
3072 4042 3296 4096 perque
3351 4026 3444 4079 9|
3513 4025 3782 4079 foramen

2139 4115 2571 4188 protectoribus
2603 4113 2835 4168 ostendi
2864 4114 3066 4183 jussit.
3101 4115 3186 4168 Ita
3217 4113 3504 4168 accedens
3544 4114 3782 4184 aliquis,

2138 4203 2679 4276 Atzypotheodorus
2710 4203 2971 4271 nomine,
3007 4203 3064 4258 id
3115 4203 3400 4274 praecidit,
3459 4210 3518 4259 et
3562 4204 3784 4258 tumul-

2139 4294 2446 4349 tuantibus
2479 4293 2848 4358 exhibet.Qui
2877 4293 3111 4364 objecta
3133 4293 3379 4348 immani
3399 4299 3574 4363 atque
3598 4294 3786 4364 inopi-

2140 4390 2280 4440 nata
2331 4383 2527 4456 specie
2576 4383 2804 4454 gladios
2864 4385 3191 4438 emiserunt
3243 4383 3316 4438 de
3372 4383 3667 4449 manibus,
3730 4388 3788 4437 et

2137 4480 2365 4529 mutata
2388 4474 2514 4544 jam
2545 4489 2683 4528 voce
2713 4473 2998 4527 Joannem
3032 4473 3449 4542 imperatorem
3489 4474 3783 4527 Romano-

383 4536 509 4608 λήν,
542 4540 632 4594 καὶ
679 4547 795 4604 τοῖς
857 4545 1232 4615 στασιάζουσιν
1290 4547 1644 4607 ὑπεδείκνυεν.
1705 4554 1771 4609 Οἱ
1827 4551 1908 4624 δὲ,
1947 4536 2024 4610 ’τὸ

2150 4580 2278 4618 rum
2312 4579 2429 4616 una
2451 4561 2844 4616 consensione
2872 4562 3377 4616 renuntiaverunt.
3413 4565 3478 4616 In
3511 4561 3641 4614 nive
3675 4577 3782 4615 au-

377 4627 679 4685 ἀλΛόκοτον
730 4633 819 4686 καὶ
896 4633 1124 4690 ἃπιστον
1179 4635 1508 4712 ἀθρήσαντες
1595 4642 1790 4716 θὲαμα,
1849 4644 1914 4699 τά
1970 4667 2028 4700 τε

379 4716 503 4809 ξίιρη
536 4724 644 4809 τῶν
678 4727 882 4798 χειρῶν
934 4725 1193 4796 μεθῆκαν,
1251 4729 1340 4781 xui
1371 4727 1706 4801 παλινῳδίαν
1739 4731 1870 4806 ᾖσαν
1927 4737 2026 4809 (2),

378 4807 467 4860 καὶ
498 4808 586 4861 τὸν
631 4810 890 4882 Ἰωάννην
949 4812 1321 4890 αὐτοκράτορα
1375 4818 1662 4890 Ῥωμαίων
1715 4807 2026 4899 ὁμοφώνως

380 4894 695 4971 ἐκήρυττον.
749 4901 810 4957 Ὀ
869 4897 928 4955 δὲ
984 4906 1085 4956 τοῦ
1135 4906 1454 4982 Νικηφόρου
1511 4909 1697 4984 νεκρὸς
1753 4894 1890 4966 κατὰ
1964 4914 2028 4968 τὸ

2144 4657 2259 4707 tem
2297 4651 2402 4706 sub
2435 4651 2564 4705 divo
2591 4650 2780 4720 jacuit
2805 4649 3114 4719 Nicephori
3147 4667 3360 4720 corpus
3391 4655 3512 4703 toto
3543 4667 3611 4704 eo
3665 4649 3780 4717 die,

2140 4742 2238 4812 qui
2273 4741 2398 4795 dies
2430 4744 2556 4793 erat
2585 4737 2936 4791 undecimus
2967 4738 3324 4804 Decembris,
3350 4739 3639 4795 Sabbato:
3675 4740 3781 4794 do-

2139 4846 2247 4884 nec
2279 4830 2362 4883 illi
2398 4828 2470 4882 ad
2504 4826 2755 4882 multum
2787 4842 3094 4897 vesperum
3127 4829 3380 4884 Joannes
3422 4829 3588 4901 justa
3635 4830 3779 4885 solvi

2133 4918 2336 4989 jussit.
2368 4919 2456 4972 Ita
2484 4917 2546 4969 in
2578 4913 2772 4969 loculo
2804 4913 2998 4987 ligneo
3031 4917 3247 4988 raptim
3274 4917 3428 4974 facto
3446 4926 3512 4974 ut
3531 4936 3685 4975 unus
3708 4920 3780 4975 de

1571 5066 1632 5120 C.
1676 5067 1737 5122 B.
1782 5068 1970 5124 HASII
2005 5071 2562 5126 ANNOTATIONES.

454 5217 500 5307 ξ’
526 5218 821 5307 φερόμεέρς
853 5223 982 5280 cod.
1063 5227 1076 5260 ¹
1111 5219 1364 5299 σιδηρὲας
1397 5223 1594 5287 πύλας.
1628 5228 1708 5283 Ex
1735 5230 2009 5300 Homero,

2151 5237 2315 5303 puto,
2378 5230 2545 5288 Iliad.
2607 5239 2667 5288 Θ.
2727 5237 2814 5289 15.
2871 5227 2992 5286 ἔνθα
3041 5229 3310 5307 σιδήρειαί
3365 5253 3425 5288 τε
3479 5231 3650 5288 πύλαι
3696 5232 3787 5290 xui

383 5286 620 5360 χάλκεος
649 5286 832 5353 οὐδός.

381 5448 578 5504 denuo
611 5450 1015 5519 inf'historiam
1065 5451 1290 5518 recepit
1345 5451 1648 5508 Cedrenus
1705 5455 1904 5510 11.663
1960 5457 2023 5511 D.

380 5521 593 5594 Omisit
623 5532 821 5579 autem
856 5523 1184 5578 senariolos
1212 5523 1456 5577 Joannis
1479 5525 2028 5594 Melitenensis,sive

381 5592 537 5666 quod
573 5597 746 5663 paulo
790 5595 1088 5666 longiores
1112 5595 1168 5666 ei
1194 5605 1446 5666 itverernr
1474 5613 1547 5648 ne
1579 5598 1755 5652 etiam
1799 5592 2025 5662 lectori)

380 5663 743 5742 viderentur,
772 5663 1074 5742 sivefquod
1104 5665 1313 5742 ludus_
1341 5667 1536 5736 potius
1569 5668 1791 5740 ingenii
1849 5689 2026 5742 quam

383 5751 519 5790 vera
546 5753 698 5794 arca:
729 5738 1058 5808 inscriptio.
1094 5738 1261 5790 Certe
1289 5737 1544 5794 Joannes
1602 5737 2025 5808 Melitenensis,

2138 5456 2186 5530 si
2218 5455 2277 5530 is
2299 5461 2390 5530 est
2427 5457 2498 5512 de
2556 5477 2673 5529 quo
2736 5461 2994 5530 Lequien
3053 5461 3276 5516 Orient.
3330 5462 3543 5517 Christ.
3581 5465 3622 5517 Ι.
3656 5465 3780 5519 445.

2136 5527 2197 5581 C.
2231 5529 2373 5605 vixit
2411 5527 2664 5605 circa—a.
2722 5527 2880 5605 17027,
2933 5533 3066 5602 plus
3125 5534 3558 5605 quinquaginta
3609 5536 3783 5590 annis

2136 5605 2271 5670 post
2310 5600 2701 5670 Nicephorum
2736 5604 2798 5657 in
2831 5600 3027 5658 arcam
3060 5600 3386 5658 conditum.

2209 5670 2285 5743 (2)
2319 5672 2596 5743 Agathias
2625 5675 2712 5728 89.
2747 5675 2806 5729 Β.
