4190 6322
420 425 538 486 ’193

1779 426 2174 486 HISTORIJE
2218 425 2340 486 LIB
2382 425 2484 486 VI.

3711 429 3827 489 794

426 552 706 630 βασιλείας
750 553 904 622 ἡνίας
968 553 1244 624 Ἰωάννης,
1306 555 1334 608 ὁ
1391 554 1509 608 κατ’
1555 551 1843 624 ἐπίκλησιν
1870 558 2071 628 Τζιμι-

2184 574 2288 611 nos
2322 563 2711 628 cognomento
2744 558 3075 620 Tzimisces,
3132 557 3410 628 suscepit.
3461 559 3584 614 Jam
3619 567 3830 631 quarta

426 651 582 714 σκῆς,
644 644 1038 712 ὑποζώννυται.
1083 639 1224 713 Ἤδη
1278 639 1335 696 δὲ
1365 643 1630 717 τετάρτης
1824 642 2074 722 φυλακῆς

425 741 526 803 τῆς
573 733 765 794 νυκτὸς
822 730 1160 812 ἀρχομένης,
1225 727 1470 806 ἑϐδόμης
1517 732 1727 807 ἡμέρας
1786 730 2078 812 διαφανού-

423 844 522 894 σης
546 824 588 895 ⁴,
653 819 941 892 ἑνδεκάτης
1000 820 1269 892 τελούσης
1330 827 1426 877 106
1482 818 1818 896 Δεκεμϐρίου
1882 823 2076 897 μηνὸς,

426 914 564 969 κατὰ
621 915 721 983 τήν
775 909 1230 983 τρισκαιδεκάτην
1296 909 1532 968 ἷ¹νδικτον
1561 918 1658 968 106
1710 910 2079 990 ἑξακισχιλιο-

424 1008 554 1058 0106
606 1007 1061 1077 τετρακοσιοστοῦ
1146 997 1565 1077 έϐδομηκοστοῦ
1629 999 1828 1079 ὀγδόου
1883 998 2074 1070 ἔτους,

422 1090 678 1168 λογάδων
707 1089 913 1167 ἀνδρῶν
949 1097 1160 1171 στῖφος,
1195 1088 1282 1146 διὰ
1342 1098 1448 1148 τῶν
1506 1091 1712 1168 ἀγυιῶν
1744 1096 1841 1146 106
1873 1090 2076 1154 ἄστεως

421 1178 822 1259 διερχόμενον,
884 1180 1264 1256 αὐτοκράτορα
1323 1181 1612 1255 Ῥωμαίων
1669 1183 1762 1236 τὸν
1821 1181 2074 1251 Ἰωάννην

417 1271 510 1325 σὺν
556 1277 673 1331 τοῖς
728 1277 824 1326 106
884 1269 992 1342 ἤδη
1061 1272 1488 1345 βασιΛεύσαντος
1546 1273 1833 1346 Ῥωμανοῦ
1889 1269 2074 1325 παισὶν

417 1360 770 1436 ἀνηγόρευον·
811 1362 896 1423 οἷς
955 1360 1015 1416 ἐκ
1067 1358 1442 1435 διαστήματος
1480 1359 1726 1440 ἐφείπετο
1787 1359 2077 1423 Βασίλειος

425 1451 452 1504 ὁ
485 1451 683 1519 Νόθος,
712 1453 999 1524 Ῥωμανοῦ
1056 1457 1154 1506 106
1203 1450 1377 1506 πάλαι
1409 1449 1811 1526 αὒτοκράτορος
1843 1450 1903 1504 ἐκ
1937 1457 2078 1504 Σκυ-

422 1536 570 1599 θίδος
602 1541 743 1608 υἱὸς,
773 1545 851 1612 τῷ
881 1545 978 1594 106
1034 1537 1304 1615 προέδρου
1365 1537 1743 1612 ἐκδιαπρέπων
1777 1539 2072 1613 ἀξιώματι.

425 1628 742 1707 Νικηφόρος
774 1626 850 1697 δὲ,
884 1629 1046 1703 μόνος
1076 1635 1182 1684 τῶν
1242 1628 1454 1685 λοιπῶν
1485 1625 1780 1698 σεϐαστῶν,
1812 1627 1864 1688 ἐς
1918 1626 2078 1704 γέρας

426 1723 506 1790 τῷ
532 1715 688 1793 ἀνδρὶ
721 1719 923 1790 ταύτην
972 1717 1366 1792 ἐκαινοτόμησε
1396 1722 1495 1789 τήν
1550 1721 1720 1792 τιμήν
1887 1717 2074 1792 ὅσπερ,

428 1806 478 1862 εἷ’
505 1809 596 1863 καὶ
627 1807 888 1883 ἐκτομίας
942 1807 1254 1888 ἐτύγχανεν,
1282 1808 1430 1864 ἀλλὰ
1483 1808 1780 1879 τηνάλλως
1839 1806 2078 1883 δραστή-

2179 647 2374 702 noctis
2405 646 2598 719 vigilia
2647 647 2911 716 ineunte,
2970 646 3218 702 Sabbato
3279 645 3700 717 dilucescente,
3733 651 3827 704 die

2183 737 2406 792 mensis
2438 737 2778 792 Decembris
2837 737 3179 804 undecimo,
3245 737 3572 792 indictione
3604 738 3834 793 decima

2183 827 2359 882 tertia
2389 828 2528 882 anni
2563 827 2753 882 sexies
2784 827 3088 881 millesimi
3121 826 3696 898 quadringentesimi
3740 844 3830 882 se-

2183 916 2534 987 ptuagesimi
2567 917 2774 981 octavi,
2810 916 3096 972 lectorum
3143 917 3401 970 virorum
3449 933 3697 984 cuneus,
3731 935 3836 990 per

2181 1005 2346 1059 urbis
2378 1006 2636 1076 compita
2666 1007 3160 1071 circumcursans,
3193 1007 3481 1060 Joannem
3508 1006 3826 1078 imperato-

2181 1111 2307 1150 rem
2337 1097 2439 1150 94
2471 1097 2893 1163 Romanorum,
2926 1095 3222 1166 adjunctis
3255 1096 3502 1150 Romani
3543 1096 3700 1150 haud
3747 1097 3828 1152 ita

2183 1185 2414 1255 pridem
2445 1186 2690 1257 Augusti
2723 1185 2949 1247 liberis,
2998 1184 3414 1241 renuntiabat:
3448 1202 3596 1256 quos
3625 1202 3694 1240 ex
3733 1185 3827 1241 in-

2187 1274 2426 1329 tervallo
2461 1274 2936 1345 subsequebatur
2986 1275 3238 1330 Basilius
3299 1275 3544 1342 Nothus,
3578 1276 3830 1331 Romani

2187 1365 2486 1435 quondam
2523 1365 2760 1437 Augusti
2793 1382 2862 1420 ex
2893 1366 3160 1437 Scythica
3205 1366 3428 1421 femina
3461 1366 3637 1434 ﬁlius,
3681 1385 3829 1438 pras-

2189 1454 2334 1509 sidis
2365 1455 2648 1526 dignitate
2681 1455 3010 1511 decoratus.
3057 1456 3173 1510 Hoc
3204 1471 3422 1511 munus
3469 1456 3833 1527 Nicephorus

2188 1544 2416 1614 primus
2447 1545 2714 1598 omnium
2739 1544 3167 1615 imperatorum
3195 1545 3551 1599 inhonorem
3575 1545 3836 1600 hominis

2184 1642 2519 1692 creaverat:
2553 1638 2676 1708 qui,
2721 1638 2988 1708 quamvis
3049 1638 3251 1709 spado,
3311 1637 3458 1693 alias
3503 1637 3832 1692 industrius

2183 1733 2242 1780 et
2271 1727 2615 1798 ingeniosus
2638 1732 2766 1781 erat
2795 1727 2900 1794 vir,
2937 1728 3306 1798 negotiorum
3334 1744 3440 1797 pro
3465 1727 3831 1798 temporibus

2180 1815 2330 1870 bene
2363 1833 2590 1888 gerens.
2628 1816 2732 1870 Hic
2761 1833 2894 1870 cum
2919 1817 3143 1870 Joanne
3177 1816 3636 1887 conspiraverat,
3666 1833 3830 1870 sum-

428 1898 545 1972 ριός
571 1919 630 1952 τε
668 1898 759 1953 καὶ
791 1899 1058 1978 ἀγχίτους
1118 1901 1364 1977 ὑπῆρχεν
1421 1898 1577 1972 ἀνὴρ,
1637 1899 1845 1978 εὐφυῶς
1877 1899 1901 1933 ⁵
1957 1904 2072 1959 τοῖς

2186 1921 2280 1959 ma
2316 1905 2756 1960 necessitudine
2782 1906 2832 1959 ei
2865 1906 3201 1976 adjunctus,
3234 1906 3613 1976 primumque
3645 1906 3832 1961 simu-

421 1987 739 2063 πράγμασιν
787 1986 836 2042 ἐν
894 1989 1264 2062 περιστάσεσιν
1325 1988 1756 2062 ἁρμοττόμενος.
1811 1988 2074 2060 Συνωμό-

424 2096 524 2146 της
547 2073 603 2130 δὲ
637 2073 708 2130 ὢν
741 2077 989 2151 Ἰωάννῃ,
1022 2077 1113 2131 καὶ
1174 2078 1295 2130 Λίαν
1352 2075 1598 2137 ἐκτόπως
1631 2076 1782 2148 αύτῷ
1832 2074 2070 2155 φιλικῶς

425 2161 798 2239 διασκείμενος
831 2211 848 2235 ,
903 2164 1200 2235 ἐσκήπτετο
1271 2165 1535 2241 πρότερον
1592 2171 1788 2235 νοσεῖν,
1843 2163 2072 2219 κᾶπειτα

422 2256 680 2328 πονήρως
714 2255 860 2332 εἶχε,
889 2255 980 2309 καὶ
1011 2251 1339 2325 κλινοπετὴς
1359 2255 1443 2325 ἦν.
1483 2256 1693 2333 Νύχιον
1724 2255 1816 2309 06v
1848 2255 1945 2324 τὴν
1974 2259 2070 2308 106

423 2343 740 2423 Νικηφόρου
798 2345 1132 2418 μεμαθηκὼς
1197 2343 1491 2418 ἀναίρεσιν,
1568 2349 1648 2416 τῷ
1705 2341 2071 2422 προειληφότι

423 2434 598 2510 στίφει
689 2432 826 2507 μετὰ
874 2431 1096 2508 σπείρας
1181 2434 1438 2509 γενναίων
1498 2434 1788 2488 νεανίσκων
1843 2430 2067 2487 ἐπισπό-

426 2541 581 2594 μενος
614 2564 628 2590 ,
684 2516 943 2576 σεϐαστὸν
1003 2520 1231 2596 βασιλέα
1304 2522 1597 2597 Ῥωμαίων
1664 2523 1756 2578 τὸν
1813 2522 2070 2592 Ἰωάννην

424 2609 799 2684 ἀνεκήρυττεν*
858 2610 932 2672 εἰς
990 2611 1056 2665 τὰ
1117 2609 1368 2684 βασίλειά
1425 2633 1482 2666 τε
1539 2613 1692 2673 αὖθις
1748 2610 1925 2685 ἀνῄει,
1979 2611 2070 2664 καὶ

426 2700 550 2773 περὶ
606 2705 712 2755 τῶν
791 2705 988 2755 κοινῶν
1068 2700 1300 2775 τΙωάννῃ
1392 2699 1736 2775 συνέπραττε,
1796 2703 1894 2771 τὴν
1974 2705 2071 2755 τοῦ

439 2785 933 2863 παρακοιμωμένόυ
972 2788 1108 2862 πρὸς
1160 2787 1367 2843 ἐκείνου
1417 2791 1585 2863 τιμήν
1641 2787 1904 2868 εἰληφώς·
1942 2789 2070 2863 Περὶ

427 2881 536 2932 τῶν
591 2878 944 2946 ξυνοισόντων
998 2879 1090 2932 οὖν
1136 2877 1321 2942 αὐτοῖς
1374 2877 1828 2953 βουλευσάμενοι,
1877 2876 2071 2932 ἐντάλ-

436 2987 577 3040 ματα
607 2967 695 3020 καῖ
745 2967 1140 3043 προστάγματα
1199 2963 1286 3020 διὰ
1345 2969 1546 3032 παντὸς
1603 2973 1697 3022 106
1756 2966 1944 3028 ἄστεος
1971 2965 2069 3021 αὗ-

430 3059 602 3130 θωρον
630 3053 900 3122 ἔστελλον,
967 3059 1042 3130 μή
1099 3054 1286 3125 ἐξεῖναί
1333 3078 1439 3111 τινι
1489 3063 1788 3132 νεωτεριεῖν
1816 3060 1857 3123 ⁸,
1889 3059 1922 3127 ἢ
1980 3054 2067 3112 ἐπὶ

426 3140 726 3221 διαρπαγὰς
802 3143 1135 3200 ἀποκλίνειν
1212 3142 1453 3200 κίνδυνον
1517 3146 1618 3220 γὰρ
1672 3145 1804 3200 εἶναι
1862 3149 1945 3218 [Ρ.
1975 3149 2064 3219 58]

422 3239 500 3306 τῷ
557 3234 980 3307 τοιουτότροπόν
1037 3256 1088 3288 τι
1145 3232 1535 3307 τολμήσαντι,
1584 3235 1922 3314 ἀφαιρεῖσθαι
1970 3242 2068 3304 τῆς

422 3321 684 3402 κεφαλῆς.
721 3327 900 3380 Τοῦτο
930 3323 992 3378 τὸ
1024 3323 1396 3400 παράγγελμα
1443 3323 1695 3385 ἐπιεικῶς
1748 3324 2069 3394 Βυζαντίους

426 3410 834 3488 ἐξεδειμάτωσε,
866 3413 956 3468 καὶ
989 3410 1168 3474 οὐδεὶς
1201 3411 1410 3487 ἐτόλμα
1466 3415 1788 3492 νεοχμῶσαι
1841 3435 1892 3468 τι
1924 3416 2069 3490 παρὰ

1068 2700 1300 2775 τΙωῡὶννῃ

425 3502 486 3556 τὸ
542 3502 884 3580 προσταχθέν
919 3545 931 3558 .
1003 3502 1276 3558 Εἷώθεσαν
1332 3503 1436 3579 γὰρ
1511 3501 1562 3556 ἐν
1625 3508 1742 3564 ταῖς
1796 3505 2072 3568 τοιαύταις

426 3587 760 3664 μεταϐολαῖς
795 3592 847 3645 οἱ
878 3591 1034 3666 ἀργοὶ
1078 3596 1176 3645 106
1228 3588 1431 3663 δήμου,
1460 3591 1548 3644 καῖ
1581 3589 1801 3665 ἄποροι,
1833 3591 1881 3662 ἐξ
1916 3590 2070 3668 διαρ-

423 3681 602 3756 παγὰς
663 3681 972 3758 χρημάτων
1028 3680 1116 3733 καὶ
1167 3680 1511 3758 κατασκαφὰς
1572 3678 1737 3734 οἷ’κων
1771 3725 1784 3750 ,
1845 3678 1952 3736 ἔσθ’
1983 3683 2070 3737 ὅτε

423 3769 650 3823 καὶτῶν
683 3767 982 3848 ὁμοφύλων
1025 3769 1232 3847 σφαγὰς
1286 3766 1594 3840 τρέπεσθαι,
1651 3770 1787 3824 καθά
1845 3791 1948 3824 που
1979 3773 2067 3826 καὶ

422 3855 472 3912 ἐν
502 3857 569 3932 τῇ
610 3856 900 3932 ἀναρῥήσει
956 3862 1053 3912 106
1111 3857 1517 3932 αὐτοκράτορος
1575 3859 1896 3937 Νικηφόρου
1928 3882 2069 3934 συμ-

2102 3290 2152 3354 C

2189 1993 2308 2048 lata
2321 1995 2660 2049 valetudine
2684 2001 2888 2065 postea
2903 2001 3156 2067 {egrotus
3175 1996 3599 2066 erat,lect0que
3620 1995 3832 2050 afﬁxus

2185 2085 2262 2150 is,
2282 2090 2346 2137 ut
2367 2089 2544 2138 noctu
2577 2084 2648 2138 de
2673 2085 2985 2155 Nicephori
3010 2085 3168 2140 caede
3191 2091 3560 2156 cognoverat,
3595 2090 3834 2141 antece-

2183 2173 2421 2227 dentem
2454 2174 2756 2227 cohortem
2797 2191 2931 2228 cum
2989 2174 3160 2245 globo
3219 2179 3598 2230 strenuorum
3630 2174 3829 2230 adole-

2183 2262 2476 2316 scentium
2507 2262 2832 2330 insecutus,
2855 2265 3142 2318 Joannem
3165 2265 3491 2336 Augustum
3515 2264 3832 2333 imperato-

2180 2367 2306 2406 rem
2337 2353 2738 2406 Romanorum
2778 2352 3176 2407 renuntiavit:
3212 2369 3328 2422 quo
3379 2351 3534 2407 facto
3568 2352 3629 2406 in
3660 2351 3826 2422 pala-

2180 2441 2328 2496 tium
2382 2441 2579 2505 rediit,
2649 2457 3063 2511 summamque
3120 2458 3320 2496 rerum
3380 2456 3516 2495 eum
3600 2441 3825 2496 Joanne

2179 2529 2632 2592 administravit,
2661 2547 2696 2586 a
2716 2547 2832 2601 quo
2863 2531 3276 2602 prafecturam
3299 2529 3554 2585 cubiculi
3577 2529 3827 2600 accepit.

2180 2620 2319 2691 Ipsi,
2355 2619 2426 2674 de
2453 2621 2548 2675 his
2580 2637 2710 2690 quas
2741 2637 2772 2674 e
2804 2637 2867 2675 re
2901 2637 3008 2675 sua
3044 2621 3240 2674 forent
3260 2619 3689 2674 deliberatione
3721 2618 3824 2673 ha-

2181 2708 2324 2776 bita,
2357 2709 2638 2763 mandata
2665 2714 2724 2763 et
2775 2709 2966 2764 edicta
3018 2725 3123 2779 per
3179 2713 3362 2762 totam
3422 2707 3628 2762 urbem
3664 2707 3824 2762 illico

2182 2799 2482 2864 emittunt,
2507 2820 2534 2847 ‹‹
2559 2798 2762 2852 turbas
2789 2798 2964 2865 ciere,
2990 2797 3386 2868 direptionem
3400 2797 3592 2852 facere
3621 2795 3726 2851 ulli
3749 2812 3824 2850 ne

2181 2885 2387 2940 liceret
2412 2904 2422 2940 :
2453 2887 2610 2956 quod
2630 2887 2678 2940 si
2701 2887 2836 2958 quis
2858 2887 3151 2957 ejusmodi
3177 2885 3402 2956 aliquid
3425 2903 3604 2941 ausus
3627 2885 3822 2953 fuerit,

2181 2991 2353 3046 poma
2385 2981 2528 3038 esto,
2551 2981 2618 3031 ut
2647 2982 2824 3047 caput
2853 2977 2905 3030 ei
2936 2980 3295 3047 amputetur.
3323 2996 3351 3023 »ι
3369 2974 3535 3039 Quod
3567 2975 3826 3028 edictum

2180 3081 2302 3118 non
2333 3064 2694 3120 mediocrem
2721 3070 3008 3119 terrorem
3029 3063 3703 3134 Constantinopolitanis
3731 3063 3823 3115 in-

2171 3153 2341 3225 jecit,
2373 3171 2484 3209 nec
2516 3155 2830 3225 quisquam
2875 3161 3081 3209 contra
3137 3155 3485 3210 mandatum
3544 3153 3617 3207 ad
3673 3168 3824 3206 nova

2183 3243 2433 3298 consilia
2458 3244 2723 3299 animum
2747 3244 3027 3299 inducere
3053 3250 3142 3298 est
3163 3260 3363 3299 ausus.
3389 3245 3531 3297 Nam
3554 3241 3828 3296 solebant

2184 3333 2244 3388 in
2277 3334 2618 3405 hujusmodi
2642 3350 2843 3389 rerum
2876 3334 3307 3389 mutationibus
3330 3350 3400 3387 ex
3432 3332 3604 3403 plebe
3632 3331 3827 3385 homi-

2181 3440 2287 3479 nes
2320 3426 2439 3479 otio
2463 3430 2839 3498 egestateque
2871 3425 3106 3496 perditi,
3132 3425 3205 3480 ad
3232 3424 3622 3496 expilationes
3653 3422 3829 3476 bono-

2180 3530 2311 3568 rum
2371 3514 2731 3584 domumque
2792 3515 3129 3568 eversiones
3187 3514 3467 3580 converti,
3529 3510 3828 3566 interdum

2180 3619 2414 3672 quoque
2448 3602 2521 3656 ad
2543 3602 2760 3656 civium
2791 3603 2887 3659 95
2925 3603 3168 3670 caedem,
3201 3608 3266 3656 ut
3295 3603 3356 3655 in
3387 3599 3828 3656 renuntiatione

2180 3690 2489 3760 Nicephori
2532 3694 2777 3763 Augusti
2836 3698 3129 3746 evenerat.
3191 3691 3301 3745 Sed
3360 3692 3519 3745 hunc
3574 3688 3829 3744 forensis

2179 3778 2455 3834 colluviei
2479 3795 2700 3834 caecum
2725 3779 3012 3850 impetum
3042 3780 3286 3835 Joannis
3312 3780 3570 3834 edictum
3603 3794 3823 3850 praeve-

2180 3867 2401 3922 niendo
2435 3869 2806 3939 compressit.

417 3942 663 4018 ϐέϐηκεν.
699 3944 877 4000 Ἀλλά
909 3948 1003 4016 τήν
1060 3947 1315 4017 τοιαύτην
1372 3945 1662 4002 ἀκάθεκτον
1727 3953 1824 4002 106
1876 3948 2140 4026 ἀγοραίου
2173 3949 2352 4032 ὄχλου
2411 3956 2579 4033 φορὰν
2636 3957 2950 4036 προφθάσας
2996 3954 3269 4012 ἀνέστειλε
3323 3955 3386 4011 τὸ
3437 3959 3532 4010 106
3580 3951 3831 4008 Ἰωάννου

423 4033 511 4091 διά
521 4035 645 4112 γγελ
656 4057 748 4110 μα.

497 4161 563 4236 β“.
629 4161 715 4218 Ἐν
765 4161 984 4221 τούτοις
1039 4165 1148 4216 τῶν
1206 4164 1545 4238 πραγμάτων
1611 4159 1952 4236 ᾐωρημένων
1998 4163 2022 4198 7
2055 4207 2071 4234 ,

424 4248 571 4304 Λέων
602 4247 1061 4324 Κουροπαλάτης,
1086 4251 1114 4304 ὁ
1143 4254 1240 4304 τοῦ
1297 4251 1618 4330 Νικηφόρου
1679 4271 1959 4325 συναιμος,
1992 4251 2072 4332 ἐφ’

425 4340 603 4400 ἑστίας
635 4336 928 4409 καθεύδων,
960 4341 1059 4409 τὴν
1092 4344 1188 4393 106
1240 4336 1480 4419 ἀδελφοῦ
1533 4341 1745 4419 σφαγὴν
1799 4338 2071 4420 διενηχη-

424 4429 553 4501 θεὶς,
586 4426 697 4483 δίον
727 4427 897 4500 αύτῷ,
956 4433 1166 4505 χρυσοῦ
1227 4430 1532 4502 θησαυροὺς
1561 4429 1877 4503 κεκτημένῳ
1902 4429 2074 4486 πολυ-

424 4518 746 4590 ταλάντους,
807 4519 942 4572 κατὰ
1003 4514 1250 4597 ἄμφοδον
1309 4515 1657 4593 διασπείρειν,
1716 4521 1804 4575 καὶ
1854 4520 2072 4583 τούτοις

2252 4160 2305 4215 2.
2341 4161 2534 4218 Rebus
2559 4162 2642 4217 ita
2679 4162 3004 4233 suspensis,
3038 4164 3149 4218 Leo
3202 4164 3604 4235 Curopalates,
3656 4164 3826 4219 Nice-

2182 4251 2355 4322 phori
2381 4251 2582 4319 frater,
2614 4252 2775 4307 domi
2797 4252 3120 4323 dormiens,
3144 4270 3277 4308 cum
3309 4253 3632 4322 debuisset,
3649 4255 3830 4310 simul

2183 4347 2249 4397 ut
2269 4343 2341 4398 de
2371 4343 2530 4399 caede
2557 4343 2760 4399 fratris
2790 4343 3111 4409 audiverat,
3164 4345 3291 4399 auri
3313 4345 3645 4412 thesauros,
3678 4363 3825 4415 quos

2183 4433 2544 4505 pergrandes
2566 4433 2838 4499 habebat,
2860 4434 3129 4504 perviam
3151 4450 3445 4505 spargere,
3468 4434 3824 4504 plebemque

2183 4521 2496 4589 urbanam,
2525 4539 2594 4577 ea
2622 4540 2685 4578 re
2717 4523 3052 4588 excitatam,
3085 4523 3157 4576 ad
3201 4523 3490 4577 ultionem
3536 4523 3595 4577 in
3628 4529 3828 4592 tyran-

425 4609 552 4669 τοὺς
602 4607 856 4669 ἀστικοὺς
905 4603 1264 4680 δεξιούμενον,
1321 4608 1393 4670 εἶς
1450 4605 1723 4679 ἐκδίκησιν
1779 4610 1915 4664 κατὰ
1971 4615 2072 4665 τῶν

2186 4627 2295 4665 nos
2327 4611 2631 4682 impellere
2689 4610 2870 4681 (quod
2901 4611 2947 4664 si
2982 4611 3191 4665 inisset
3248 4611 3589 4675 consilium,
3620 4611 3824 4666 forsan

429 4699 696 4772 τυράννων
750 4693 1086 4770 παρακαλεῖν
1143 4695 1208 4769 (εἷ
1264 4696 1367 4772 γὰρ
1428 4694 1570 4752 οὓτω
1620 4695 1895 4769 διενοήθη,
1944 4700 2074 4778 τάχ’

427 4788 780 4862 ἃνὶἀναιμωτὶ
828 4787 919 4841 τὸν
975 4786 1225 4856 Ἰωάννην
1277 4793 1384 4841 τῶν
1439 4787 1677 4866 ἀρχείων
1725 4787 2070 4845 κατέσπασεν.

427 4880 510 4932 δτι
538 4899 597 4933 τε
627 4879 678 4931 οἱ
709 4877 804 4938 τὰς
861 4883 960 4945 τῆς
1018 4874 1302 4939 πολιτείας
1356 4875 1824 4956 ἐγκεχειρισμένοι
1846 4881 1866 4915 ⁸
1897 4879 2074 4957 ἀρχὰς

421 4967 554 5041 πρὸς
584 4971 681 5020 106
712 4965 1035 5044 Νικηφόρου
1066 4965 1263 5025 ταύτας
1311 4963 1621 5044 εἰλήφεσαν·
1677 4967 1767 5022 καὶ
1799 4967 1883 5023 ὅτι
1914 4988 2072 5044 στρα-

421 5053 674 5110 τιωτικὸν
719 5052 1019 5130 ἀξιόχρεων
1059 5058 1165 5106 τῶν
1219 5053 1308 5107 ὑπ’
1366 5052 1552 5125 ἐκείνῳ
1608 5054 1949 5131 τεταγμένων
1994 5062 2074 5127 τῷ

428 5147 704 5219 Βυυαντίῳ
749 5143 1134 5223 ἐπεχωρίαζενο
1186 5142 1240 5198 οἲ
1267 5144 1458 5205 πάντες
1517 5146 1668 5219 αὑτῷ
1727 5145 2072 5222 βουληθέντι,

2185 4700 2313 4755 sine
2344 4699 2647 4770 sanguinis
2679 4699 2964 4752 effusione
2993 4700 3280 4753 Joannem
3311 4700 3560 4771 imperio
3605 4699 3828 4772 pellere

2183 4789 2479 4860 potuisset
2506 4804 2519 4840 :
2553 4787 2710 4856 quod
2733 4787 2832 4857 qui
2866 4792 3004 4841 tunc
3032 4787 3412 4857 magistratus
3435 4789 3693 4860 majores
3724 4806 3826 4861 ge-

2184 4878 2524 4942 rebant,eos
2546 4893 2580 4931 a
2597 4876 2920 4946 Nicephoro
2939 4882 3290 4948 acceperant
3314 4895 3326 4931 :
3356 4884 3480 4932 tum
3504 4879 3644 4950 quia
3669 4879 3829 4934 haud

2185 4966 2593 5039 aspernandus
2605 4965 2778 5020 miles
2799 4965 2850 5018 ei
2868 4965 3138 5020 subditus
3153 4967 3664 5039 Constantinopoli
3683 4977 3830 5024 erat:

2185 5059 2284 5129 qui
2317 5056 2602 5119 universi,
2623 5054 2945 5108 dummodo
2976 5055 3296 5109 consilium
3325 5073 3558 5127 capere,
3590 5058 3830 5129 acrique

2185 5146 2385 5202 animo
2417 5161 2510 5200 res
2541 5159 2719 5199 novas
2751 5142 2951 5198 moliri
3003 5144 3304 5211 voluisset,
3341 5146 3390 5200 ei
3432 5153 3642 5218 prmsts
3685 5148 3833 5202 fuis-

1638 5282 1700 5341 C.
1735 5284 1795 5337 Β.
1840 5283 2031 5338 HASII
2070 5278 2622 5337 ANNOTATIONES.

493 5409 674 5484 ἤιξε.
717 5401 1177 5484 ,διαφαυούσης-,ι
1203 5411 1269 5461 ut
1315 5409 1382 5460 25
1414 5449 1428 5462 .
1466 5408 1556 5484 ΙΑ.

423 5479 443 5515 ⁸1
500 5474 848 5551 ἠωθῆμένων
872 5477 1002 5534 cod.
1062 5474 1069 5476 ﬁ
1105 5474 1568 5554 ⁸νέγχειρισμένοι
1601 5478 1732 5534 cod.

499 5615 572 5683 (5)
609 5613 953 5685 Baeciusque
1011 5611 1085 5666 ad
1148 5611 1243 5667 vb.
1301 5608 1632 5685 ἀνηγόρευον
1689 5612 2080 5669 Combeﬁsius

429 5702 520 5757 ap.
556 5689 715 5757 iPag._
735 5684 823 5738 IV.
847 5686 936 5736 22.

498 5750 906 5829 (6)C'edrenus
960 5754 1031 5808 ΙΙ.
1093 5755 1215 5808 663.
1252 5755 1314 5808 D.
1371 5753 1540 5827 μήπω
1600 5755 1861 5830 πρότερον
1921 5750 2074 5815 ὄντος

1658 5406 1708 5484 ⁵-
1743 5406 2018 5463 Mendose
2076 5404 2270 5484 εὐφυῦς
2329 5404 2454 5474 (sic)
2513 5402 2643 5458 cod.

3205 5404 3331 5460 Vid.
3391 5405 3546 5460 infra
3617 5406 3703 5460 71.
3765 5407 3830 5462 D.

2746 5400 2769 5436 ⁸
2796 5403 3095 5477 νεωτεριεῖν
3129 5445 3142 5459 .

2187 5613 2284 5665 τοῦ
2326 5608 2659 5700 ἀξιώματος,
2711 5606 2931 5700 τξρώτου
2965 5604 3009 5661 δ’
3042 5608 3173 5663 αὐτὸ
3224 5613 3384 5663 τοῦτο
3443 5609 3825 5700 ὶφευρηκότρς,

2187 5683 2416 5700 Πνῖἶερ
2524 5699 2531 5700 ε
2635 5698 2667 5700 Α.
2799 5698 2822 5700 με
2866 5682 2953 5700 μί’
3017 5684 3258 5700 --η-Α.⁶ε--.
3335 5683 3497 5700 η’...ι
3564 5698 3744 5700 Ανκᾼ.

2186 5683 2298 5738 Sed
2326 5675 2438 5754 leg.
2469 5675 2690 5754 πρώτου
2722 5675 2769 5730 δ’
2793 5677 2978 5748 αὐτοῦ,
3006 5697 3127 5754 cum
3148 5684 3262 5750 ipse
3282 5675 3521 5752 primus,
3553 5675 3636 5738 εἰ
3653 5675 3827 5738 codd.

2194 5750 2490 5824 omnibus,
2513 5750 2705 5808 'sensu
2729 5766 2965 5821 quoque
2997 5750 3318 5822 flagitante.
