4190 6322
334 434 451 494 795
1721 429 1999 490 LEONIS
2047 429 2365 491 DIACONI
3632 431 3750 492 796

335 566 519 631 sent):
575 564 699 628 ille,
733 564 806 618 ob
860 562 1327 635 magnitudinem
1378 561 1734 616 calamitatis
1780 566 1980 617 mente

2093 561 2182 615 καὶ
2240 563 2375 637 πρὸς
2448 560 2624 631 ἀλκήν
2677 562 2770 616 καὶ
2821 562 3181 636 νεωτερισμὸν
3252 560 3567 636 ὡρμηκύτι,
3626 582 3744 615 συν-

336 653 630 720 turbatus,
664 653 812 707 nihil
846 652 962 707 tale
991 669 1066 706 ne
1111 652 1309 705 animo
1341 648 1581 720 quidem
1613 651 1980 721 complexus,

2093 650 2283 723 ἤραντο
2333 650 2435 721 ἃν)·
2490 648 2638 706 ἀλλὰ
2700 651 2826 726 γὰρ,
2883 654 2963 721 τῷ
3020 648 3233 727 μεγέθει
3275 653 3371 704 τοῦ
3419 649 3624 711 πάθους
3651 651 3748 710 τάς

339 759 518 813 quam
548 742 741 813 potuit
764 740 1217 795 contentissima
1248 756 1424 793 cursu
1456 739 1518 793 in
1549 739 1811 794 nobilem
1837 740 1982 794 divi-

2087 735 2276 816 φρένας
2307 738 2640 811 ἐκθροηθείς,
2672 742 2834 792 τοῦτο
2885 739 2977 811 μὲν
3009 735 3124 793 οὐδ’
3154 736 3241 792 ἐπὶ
3296 741 3418 792 νοῦν
3472 732 3665 793 ἔλαϐεν
3698 740 3742 798 ⁹,

340 849 432 886 naa
465 831 778 902 Sapientiae
810 829 1122 884 ecclesiam
1155 846 1217 883 se
1258 829 1536 899 conjecit,
1585 828 1838 883 fortuna
1886 845 1980 884 ca-

2085 827 2160 889 ὡς
2220 830 2344 906 εἶχε
2398 825 2456 882 δὲ
2508 825 2729 902 δρόμων
2774 828 2866 883 τὸν
2907 828 3237 903 περίπυστον
3293 834 3395 897 τῆς
3446 832 3543 882 τοῦ
3592 831 3725 882 Θεοῦ

342 921 552 991 suique
564 921 691 973 haec
713 919 1108 973 committens.
1128 918 1646 985 IntereaJoannes,
1663 925 1984 989 antequam

2088 915 2291 994 Σοφίας
2321 911 2732 989 καταλαμϐάνει
2781 917 2966 987 σηκὸν,
3025 917 3094 988 τῇ
3146 917 3295 994 τύχῃ
3355 915 3445 970 καὶ
3494 919 3565 989 τῇ
3597 920 3737 995 φορᾷ

296 1002 299 1005 ’
340 1010 497 1064 clare
528 1010 589 1062 in
620 1013 838 1062 terram
876 1007 1074 1062 radios
1106 1006 1196 1061 sol
1218 1007 1557 1071 diffuderat,
1591 1007 1665 1063 ad
1720 1024 1951 1063 summa

2088 1009 2195 1058 τῶν
2224 1007 2566 1082 πραγμάτων
2593 1009 2760 1061 ταῦτα
2806 1003 3142 1061 καταλιπων.
3206 1007 3263 1058 Ὀ
3321 1002 3377 1059 δέ
3433 1027 3496 1082 γε
3558 1005 3743 1062 Ἰωάν-

338 1097 570 1167 imperii
595 1096 913 1168 dignitates
933 1109 1070 1151 suos
1089 1096 1363 1151 homines
1385 1097 1616 1151 extollit
1636 1114 1649 1163 ;
1669 1101 1984 1167 praetorem

2088 1114 2149 1162 νη
2162 1114 2206 1164 ς,
2234 1094 2358 1169 πρὶν
2389 1092 2686 1171 τηλαυγῶς
2714 1098 2781 1169 τῇ
2813 1098 2887 1169 γῇ
2917 1095 3014 1155 τὰς
3063 1093 3281 1155 ἀκτῖνας
3336 1092 3743 1173 προσυφαπλῶ-

338 1186 519 1240 ofﬁcii
551 1186 837 1240 maritimi
859 1185 1269 1258 drungarium,
1301 1186 1542 1258 vigilum
1575 1186 1983 1257 praepositum,

2090 1202 2178 1236 σαι
2215 1183 2306 1237 τὸν
2334 1181 2518 1253 ἣλιον,
2552 1188 2673 1245 ταῖς
2709 1184 2990 1260 μεγίσταις
3049 1190 3149 1252 τῆς
3205 1181 3489 1239 πολιτείας
3540 1183 3740 1261 ἀρχαῖς

337 1280 396 1329 et
425 1291 602 1346 quem
634 1275 826 1330 noctis
855 1275 1201 1346 praafectum
1232 1279 1463 1340 vocant,
1501 1274 1987 1345 Nicephorianos,

2092 1269 2327 1333 οἶκείους
2387 1269 2581 1346 ἄνδρας
2666 1272 3082 1343 ἀποκαθίστησι,
3157 1273 3465 1348 πραίτωρα,
3522 1272 3738 1327 καὶτοῦ

336 1363 410 1418 ab
442 1365 584 1434 Rep.
618 1369 919 1418 removet:
951 1364 1079 1430 hos,
1113 1368 1177 1418 et
1234 1364 1574 1434 quicunque
1625 1362 1712 1416 illi
1741 1363 1984 1434 propin-

2089 1359 2335 1435 πλοΐμου
2367 1358 2752 1439 δρουγγάριον,
2783 1364 2881 1431 τῆς
2910 1383 2969 1417 τε
3023 1360 3249 1440 βίγλης,
3281 1361 3372 1417 καὶ
3402 1362 3461 1417 ὃν
3513 1359 3744 1417 καλοῦσι

338 1450 661 1521 quitatibus
691 1452 794 1505 96
825 1450 1131 1522 conjuncti
1165 1455 1354 1518 erant,
1403 1451 1475 1506 ad
1508 1450 1733 1522 praedia
1782 1467 1989 1505 eorum

2088 1448 2634 1529 νυκτέπαρχον,τοί›ς
2682 1455 2779 1505 τοῦ
2835 1452 3182 1531 Νικηφόρου,
3238 1451 3735 1526 παραιτησάμενος·

338 1541 579 1609 rustica,
607 1546 673 1595 ut
699 1540 781 1595 ibi
819 1541 1120 1613 degerent,
1164 1540 1464 1596 amandat.
1503 1541 1766 1595 Fratrem
1817 1540 1986 1595 Nice-

2092 1538 2188 1600 οὓς
2219 1532 2332 1612 ἅμα
2359 1543 2476 1599 τοῖς
2506 1536 2557 1608 ἐξ
2617 1536 2847 1612 α’ίματος
2901 1537 3113 1610 ᾳκείνου
3173 1540 3462 1610 ἀνήκουσιν
3515 1537 3567 1593 ἐν
3617 1544 3735 1601 τοῖς

338 1629 533 1700 phori,
569 1630 825 1684 Leonem
865 1628 1303 1700 Curopalatam,
1337 1633 1396 1682 et
1451 1628 1848 1699 Nicephorum
1879 1630 1987 1683 Pa-

2091 1627 2367 1707 σφετέροις
2425 1628 2619 1706 ἀγροῖς
2677 1625 2972 1704 διατρίϐειν
3026 1627 3369 1705 παρέπεμψε.
3408 1629 3621 1691 Πίστεις
3686 1651 3743 1685 τε

339 1718 601 1785 tricium,
635 1718 845 1773 Leonis
877 1719 961 1786 F.,
993 1717 1067 1771 de
1098 1717 1363 1788 corporis
1407 1717 1818 1772 incolumitate
1872 1716 1988 1771 fide

2091 1723 2169 1791 τῷ
2196 1722 2293 1773 τοῦ
2336 1716 2735 1793 αὐτοκράτορος
2760 1720 3075 1799 Νικηφόρου
3108 1719 3372 1794 ὁμαίμονι
3430 1719 3621 1775 Λέοντι
3665 1722 3744 1789 τῷ

343 1807 501 1871 data,
535 1808 952 1878 Methymnam,
974 1807 1134 1878 quod
1156 1812 1244 1862 est
1274 1807 1337 1861 in
1370 1806 1552 1861 Lesbo
1585 1806 1783 1861 insula
1821 1807 1988 1878 oppi-

2094 1805 2514 1881 Κουροπαλάτῃ,
2557 1807 2647 1861 καὶ
2705 1809 3003 1886 Νικηφόρῳ
3055 1808 3335 1883 Πατρικίῳ
3384 1812 3466 1880 τῷ
3511 1807 3615 1879 υἱῷ
3643 1808 3741 1860 τοῦ

341 1896 505 1963 dum,
555 1895 811 1967 relegat:
861 1895 1171 1966 praefectos
1228 1896 1496 1950 omnium
1548 1896 1985 1967 provinciarum

2091 1896 2344 1952 τοιούτου
2376 1894 2771 1970 Λέοντος,περὶ
2806 1898 2852 1932 ¹⁰
2907 1902 3016 1951 τῶν
3074 1919 3220 1976 σφων
3274 1898 3545 1970 σωμάτων
3602 1895 3744 1950 ἀπα-

340 1984 601 2051 davocat,
634 2001 774 2039 suos
805 1985 1078 2039 homines
1111 1985 1170 2039 in
1199 2001 1405 2040 eorum
1437 1985 1631 2040 locum
1658 1985 1982 2041 substituit.

2093 1986 2240 2049 θείας
2271 1983 2420 2058 δοὺς,
2481 1986 2534 2049 ἐς
2591 1989 2909 2060 Μήθυμναν,
2963 1989 3062 2058 τήν
3119 1986 3171 2042 ἐν
3227 1983 3417 2060 Λέσϐῳ
3474 1991 3544 2061 τῇ
3594 1988 3743 2058 νήσῳ

337 2075 680 2145 Eodemque
704 2081 970 2146 tempore
1003 2075 1271 2139 Bardam,
1296 2076 1548 2130 alterum
1572 2075 1781 2130 Leonis
1811 2075 1988 2130 Curo.

2092 2075 2501 2149 κατῳκισμένην
2535 2120 2549 2145 ,
2607 2077 2927 2151 περιορίζει.
3000 2077 3129 2139 τούς
3185 2097 3243 2132 τε
3296 2076 3582 2155 τοπάρχας
3638 2080 3744 2131 τῶν

340 2164 552 2235 palata)
583 2165 667 2231 F.,
702 2180 731 2219 e
762 2164 1147 2235 patriciorum
1185 2181 1458 2230 numero,
1492 2164 1660 2219 ducis
1701 2164 1987 2236 dignitate

2095 2167 2297 2245 χώρων
2324 2167 2571 2221 ἀπάντων
2604 2168 2913 2241 μεθίστησι,
2970 2167 3060 2222 καὶ
3096 2167 3327 2245 οἰκείους
3360 2166 3471 2222 ἀντ’
3527 2164 3744 2220 ἐκείνων

340 2258 637 2319 ornatum,
666 2258 926 2324 tuncque
959 2253 1114 2325 apud
1146 2253 1487 2308 Chaldaeum
1517 2253 1769 2308 limitem
1799 2270 1987 2326 agen-

2095 2236 2508 2326 c’z'noxaﬁiaﬂjct.
2542 2236 2681 2313 Τότε
2728 2254 2794 2326 δὴ
2820 2236 2827 2238 ἡ
2851 2236 2944 2312 καὶ
2975 2236 3217 2331 Βάρδανί
3253 2255 3345 2312 τὸν
3398 2260 3494 2311 τοῦ
3543 2262 3743 2328 Κουρο-

344 2349 486 2409 tem,
519 2342 758 2413 dempto
792 2342 999 2397 ordine
1023 2342 1402 2407 discinctum,
1427 2343 1726 2398 Amasiam
1758 2344 1820 2399 in
1841 2343 1989 2398 exsi-

2096 2343 2346 2400 παλάτου
2393 2344 2621 2409 Λέοντος
2676 2346 2813 2415 υἱὸν,
2872 2344 2923 2401 έν
2970 2347 3280 2421 πατρικίοις
3334 2343 3614 2412 τελοῦντα,
3645 2342 3737 2398 καὶ

343 2429 493 2485 lium
524 2429 725 2483 mittit.
761 2429 907 2483 Cum
939 2445 1076 2502 ergo
1110 2434 1234 2484 tum
1274 2430 1409 2497 sibi,
1452 2434 1579 2485 tum
1636 2430 1815 2485 rebus
1846 2431 1990 2498 suis,

2097 2437 2196 2504 τήν
2245 2438 2343 2488 τοῦ
2400 2431 2592 2496 δουκὸς
2649 2434 2796 2504 ἀξίαν
2856 2433 3232 2509 ὑπεζωσμένον
3266 2480 3279 2505 ,
3327 2435 3423 2490 κὰν
3470 2439 3586 2495 τοῖς
3640 2436 3739 2497 τῆς

353 2520 496 2574 satis
527 2519 950 2590 prospexisset,
983 2536 1052 2574 ac
1080 2519 1371 2591 quidquid
1393 2526 1735 2592 suspectum
1767 2520 1997 2576 videba-

2102 2520 2382 2585 Χαλδαίας
2413 2523 2587 2597 ὁρίοις
2617 2519 2980 2598 διατρίϐοντα,
3012 2531 3114 2593 τῆς
3160 2523 3342 2602 ἀρχῆς
3397 2522 3742 2598 παγανώσας,

350 2614 469 2675 tur,
502 2624 533 2661 e
565 2608 798 2663 civitate
822 2608 1101 2664 amolitus
1124 2614 1282 2664 esset
1302 2610 1364 2664 in
1389 2609 1610 2681 palatio
1629 2609 1993 2668 morabatur.

2103 2612 2179 2677 εἰς
2228 2611 2521 2686 ’Δμάσειαν
2573 2613 2873 2688 περιορίζει
2909 2633 2921 2646 ·
2990 2614 3200 2683 Ἰκπονὴν
3258 2613 3351 2667 οὗν
3382 2614 3458 2686 (7)
3519 2609 3750 2665 ἐντεῦθεν

348 2700 589 2752 Annum
621 2702 745 2751 tum
777 2697 966 2753 astatis
995 2698 1203 2770 agebat
1235 2699 1510 2768 quintum
1540 2715 1720 2770 supra
1739 2700 1992 2771 quadra-

2108 2704 2193 2775 [P.
2253 2703 2343 2773 59]
2403 2699 2699 2781 ἀσφάλειαν
2755 2702 2930 2775 ἑαυτῷ
2979 2723 3038 2757 τε
3110 2701 3201 2756 καὶ
3257 2706 3377 2762 τοῖς
3431 2701 3748 2777 πράγμασιν

349 2787 662 2858 gesimum,
695 2803 831 2842 cum
856 2804 1057 2842 rerum
1087 2803 1384 2843 summam
1415 2789 1751 2860 capessivit.

2105 2784 2527 2864 ἐπιϐραϐεόσας,
2573 2790 2664 2846 καὶ
2722 2789 2860 2846 ἅπαν
2904 2791 2967 2845 τὸ
3025 2792 3264 2846 ὕποπτον
3313 2796 3414 2858 τῆς
3472 2786 3756 2847 πολιτείας

351 2871 705 2949 ἀνακαθάρας,
737 2873 788 2928 έν
816 2879 932 2937 τοῖς
970 2873 1275 2950 βασιλείοις
1309 2871 1562 2951 διέτριϐε,
1596 2876 1848 2950 Πέμπτον
1876 2877 1968 2933 καὶ
1996 2880 2420 2954 τεσσαρακοστὸν
2470 2875 2590 2942 ἔτος
2634 2881 2701 2950 ἦν
2729 2878 2876 2954 αὐτῷ
2904 2886 3004 2950 τῆς
3032 2877 3279 2951 ἡλικίας,
3338 2880 3434 2934 ὅτα
3460 2885 3563 2948 τῆς
3593 2879 3753 2953 βασι·

350 2959 501 3018 λείου
530 2957 698 3018 ἐπέϐη
740 2962 943 3018 ἀργῆς.

388 2969 501 3017 είου
530 2969 698 3033 ἐπέϐη
740 2969 943 3042 ἀρχῆς.

421 3080 473 3133 3.
507 3079 675 3145 Quod
723 3080 797 3135 ad
854 3081 1116 3152 speciem
1173 3081 1301 3152 ejus
1357 3083 1590 3150 attinet,
1648 3082 1785 3137 talis
1827 3088 1999 3139 erat:
2043 3157 2070 3161 ᾧ

2182 3085 2250 3161 γ“.
2282 3086 2390 3155 Τήν
2441 3082 2498 3140 δὲ
2527 3081 2668 3139 ἰδέαν
2722 3083 2937 3140 τοιόσδε
2987 3085 3054 3154 ἧν
3111 3088 3205 3158 (8).
3263 3081 3457 3146 λευκὸς
3520 3082 3614 3156 μὲν
3661 3082 3759 3151 τὴν

349 3168 547 3222 vultus
576 3168 887 3235 candidus,
920 3168 1087 3240 probi
1111 3169 1360 3224 coloris:
1389 3187 1559 3225 coma
1590 3170 1833 3235 ﬂavens,
1866 3187 2001 3225 rara

2119 3157 2263 3248 ὄψιν,
2320 3174 2410 3229 καὶ
2458 3174 2695 3252 εὕχρους
2730 3216 2744 3243 ,
2803 3176 2902 3244 τὴν
2959 3174 3139 3247 κόμην
3194 3173 3370 3253 φέρων
3425 3174 3617 3242 ξανθὴν
3668 3169 3759 3225 καὶ

346 3273 454 3329 per
481 3257 739 3312 frontem
771 3274 783 3310 :
816 3257 972 3311 oculi
1004 3273 1191 3324 acres,
1237 3258 1474 3313 caerulei
1505 3275 1518 3312 :
1570 3275 1751 3313 nasus
1784 3260 2000 3331 graciis

2110 3263 2301 3337 ἀραιὰν
2331 3261 2420 3318 ἐπὶ
2456 3261 2725 3336 μέτωπον·
2785 3260 3064 3341 ὀφθαλμοὶ
3093 3263 3271 3335 τούτῳ
3328 3258 3619 3336 ἀνδρώδεις
3663 3258 3753 3315 καὶ

351 3350 409 3399 et
431 3346 610 3416 justas
658 3345 1085 3417 magnitudinis
1115 3362 1128 3399 :
1186 3346 1370 3401 barba
1398 3347 1461 3402 in
1494 3348 1799 3419 superiore
1832 3347 1999 3402 labro

2110 3352 2390 3431 χαρωποί’
2442 3350 2525 3426 ῥὶς
2586 3350 2761 3422 λεπτή
2853 3373 2912 3407 τε
2974 3352 3066 3407 καὶ
3122 3352 3454 3426 σύμμετρος·
3506 3349 3658 3427 γένυς
3715 3351 3748 3419 ἡ

353 3434 487 3489 rufa
526 3440 586 3489 et
614 3433 688 3489 ad
719 3434 875 3489 latus
907 3435 1092 3490 nimio
1120 3434 1255 3506 plus
1285 3436 1587 3508 depressa,
1621 3436 1683 3491 in
1714 3436 1996 3492 inferiore

2111 3436 2307 3493 ἀνωθεν
2354 3440 2560 3513 πυρσή,
2599 3437 2691 3493 καὶ
2748 3438 2824 3500 εἷς
2872 3437 3128 3494 πλαίσιον
3184 3438 3474 3512 καθειμένη
3510 3442 3552 3476 ¹¹
3609 3437 3753 3512 παρὰ

349 3523 520 3578 bonae
548 3525 1073 3594 convenientisque
1096 3541 1414 3593 mensurae,
1445 3526 1597 3580 nihil
1628 3525 2000 3582 decurtatum

2109 3529 2173 3583 τὸ
2201 3527 2440 3603 μέτριον,
2472 3531 2507 3597 ἡ
2541 3525 2598 3583 δὲ
2639 3531 2875 3584 κατωθεν
2932 3527 3315 3604 μεμετρημένη
3349 3529 3425 3592 ὡς
3469 3530 3532 3583 τὸ
3588 3528 3751 3597 εἰκὸς,

350 3613 597 3670 habens.
618 3614 780 3680 Quod
813 3614 886 3669 ad
934 3620 1243 3682 staturam,
1276 3621 1515 3686 pectore
1564 3615 1706 3671 licet
1737 3622 1796 3672 et
1823 3621 2000 3671 dorso

2112 3618 2202 3673 καὶ
2239 3620 2374 3692 μήτι
2402 3614 2592 3678 ἐνδεῶς
2624 3616 2847 3696 ἔχουσα.
2883 3620 2995 3688 Τὴν
3052 3615 3109 3673 δὲ
3162 3616 3382 3688 ἡλικίαν
3432 3617 3645 3696 βραχὺς
3675 3637 3755 3678 τις

350 3704 503 3758 bene
537 3704 695 3769 latis,
726 3704 981 3776 pusillus
1013 3711 1213 3760 tamen
1253 3704 1597 3761 videbatur:
1631 3706 1735 3761 sed
1767 3712 1893 3761 erat
1939 3707 2003 3761 in

2111 3708 2199 3778 ἦν,
2232 3707 2278 3762 εἰ
2335 3707 2426 3762 καὶ
2481 3706 2692 3781 στέρνον
2751 3706 2876 3781 εὐρὺ
2931 3705 3023 3762 καὶ
3078 3708 3403 3787 μετάφρενον
3458 3708 3602 3785 εἶχε·
3665 3727 3751 3784 γι-

351 3793 596 3848 homine
624 3794 964 3867 giganteum
1014 3794 1216 3860 robur,
1272 3794 1334 3849 in
1374 3795 1653 3850 manibus
1683 3795 1914 3868 agilitas
1947 3800 2006 3850 et

2114 3794 2397 3875 γαντώδης
2422 3793 2478 3851 δὲ
2499 3796 2679 3869 τούτῳ
2730 3796 2852 3862 ἐνῆς
2886 3795 3069 3875 ἰσχὺς,
3116 3800 3208 3851 καὶ
3262 3801 3382 3858 ταῖς
3431 3797 3619 3874 χερσὶν
3676 3795 3758 3851 εὖ-

352 3883 437 3937 vis
462 3884 758 3954 quaedam,
780 3889 989 3939 contra
1018 3901 1195 3954 quam
1216 3884 1494 3939 resistere
1519 3901 1734 3940 vanum
1756 3885 2001 3939 fuisset:

2114 3886 2351 3963 αγωγία,
2381 3885 2471 3940 καὶ
2514 3883 2657 3955 ἀλκὴ
2711 3906 2795 3948 τις
2840 3885 3320 3963 ἀνανταγώνιστος·
3369 3886 3585 3960 ἡρωϊκὴ
3645 3886 3750 3963 γὰρ

358 3973 505 4037 haec,
528 3978 690 4027 tanta
705 3978 928 4043 quanta
949 3973 1010 4027 in
1039 3973 1321 4028 heroibus
1336 3973 1520 4029 fuisse
1543 3974 1778 4039 dicitur,
1804 3974 2005 4028 animo

2115 3975 2264 4047 αὐτῷ
2314 3977 2390 4047 (9)
2449 3973 2789 4048 ἀνέκέκρατο,
2847 3971 3011 4044 ἀδεής
3066 3995 3125 4029 τε
3170 3973 3261 4029 καὶ
3318 3972 3759 4045 ἀκατάπληκτος.

357 4064 487 4134 ejus
513 4062 786 4131 admista,
820 4068 983 4117 metu
1012 4079 1242 4131 carens,
1275 4062 1537 4119 adversis
1578 4065 1674 4118 υτ
1734 4065 2002 4130 immota,

2116 4063 2168 4119 ἐν
2199 4065 2343 4119 οὓτω
2403 4065 2608 4142 βραχεῖ
2655 4064 2870 4137 σώματι
2901 4060 3328 4140 ἀποδεδειγμένη
3358 4060 3572 4137 τόλμαν
3607 4064 3762 4138 ὑπερ-

358 4151 768 4207 incredibilem
798 4153 862 4206 in
916 4158 1034 4207 tam
1086 4154 1294 4225 exiguo
1354 4170 1600 4224 corpore
1638 4154 1908 4225 pariebat
1932 4153 2003 4207 ﬁ-

2118 4162 2248 4233 φυῆ·
2282 4155 2367 4215 Ἐς
2398 4151 2535 4223 ὅλην
2567 4154 2671 4229 γὰρ
2704 4151 2995 4208 ἀντίπαλον
3025 4150 3285 4231 φάλαγγα
3332 4151 3431 4206 οὐκ
3482 4150 3765 4208 ἀπεδειλία

359 4241 643 4296 dentiam.
675 4243 742 4295 In
773 4241 1103 4296 confertam
1128 4242 1385 4296 hosiium
1416 4241 1672 4298 frontem
1690 4260 1811 4297 non
1832 4244 2005 4297 time-

2122 4244 2284 4317 μόνος
2338 4244 2533 4317 ὁρμᾷν,
2589 4239 2881 4301 πλείστους
2936 4261 2995 4294 τε
3060 4240 3426 4294 κατακταίνων
3458 4241 3543 4309 ¹²,
3599 4242 3765 4296 ἀπτε-

359 4330 461 4386 bat
491 4331 654 4386 solus
708 4330 1040 4402 irrumpere
1072 4374 1086 4400 ,
1121 4331 1646 4402 compluribusque
1676 4331 2008 4387 interfectis

2122 4334 2281 4409 ρώτῳ
2326 4332 2489 4410 τάχει
2573 4330 2711 4404 πρὸς
2789 4329 2881 4383 τὸν
2939 4326 3139 4382 οἰκεῖον
3189 4328 3343 4387 αὖθις
3395 4330 3764 4401 συνασπισμὸν

359 4421 648 4493 praecipiti
679 4421 982 4477 celeritate
1005 4420 1079 4476 ad
1110 4437 1352 4475 suorum
1375 4422 1564 4476 aciem
1595 4421 1913 4476 incolumis
1946 4439 2007 4479 se

2123 4419 2503 4496 διανέκαμπτε,
2535 4424 2713 4474 κακῶν
2745 4417 2975 4485 ἀπαθής·
3022 4414 3074 4470 ἐν
3126 4410 3334 4490 ἅλματι
3364 4418 3474 4487 (10)
3535 4413 3612 4481 δὲ,
3668 4416 3759 4471 καὶ

359 4512 710 4583 recipiebat:
732 4511 908 4578 saltu,
924 4511 1066 4583 pila,
1074 4510 1647 4583 jaculatione,arcus
1666 4512 2007 4568 intentione

2123 4514 2475 4590 σφαιρισμοῖς
2510 4552 2524 4578 ,
2581 4505 2672 4561 καὶ
2727 4505 3099 4579 ἀκοντισμοῖς,
3149 4505 3242 4558 καὶ
3294 4504 3464 4575 τόξων
3530 4502 3764 4559 ἐντάσεσι

1569 4715 1633 4769 C.
1666 4714 1733 4770 Β.
1773 4711 1958 4767 HASII
1998 4708 2557 4768 ANNOTATIONES.

436 4900 458 4934 ³
486 4891 698 4973 ἔλαϐεν.
732 4898 889 4973 Fort-
921 4892 1168 4973 ἔϐαλεν.Δ
1197 4898 1406 4973 Odyss.
1441 4905 1507 4973 Α.
1565 4903 1694 4973 201,
1744 4904 1875 4967 202,
1929 4898 2005 4960 ὡς
2038 4898 2091 4973 ,ἐν

2119 4942 2121 4949 ,
2180 4900 2341 4973 θυμῷ
2398 4895 2682 4973 Ἀθάνατοι
2740 4890 3030 4973 βάλλουσι.
3138 4892 3338 4973 1(ξιιτερί
3397 4896 3593 4973 Malim
3649 4895 3774 4973 περὶ

364 4974 484 5038 τῆς.
564 4969 609 5005 ίί
640 4968 924 5042 καθημένη
958 4971 1088 5026 cod.
1124 4969 1172 5007 1³
1198 4963 1601 5043 κατακταίνων,
1633 4963 1955 5046 ἀπτερώτῳ.
1991 4973 2019 5027 S

2122 4963 2426 5028 30d.'Fort.
2458 4963 2852 5036 κατακτέννων,
2886 4963 3102 5040 ἀπτέρῳ
3130 4969 3210 5038 τῷ
3237 4969 3414 5041 τάχει.
3450 4969 3544 5024 Sic
3563 4963 3777 5042 ἀπτέρῳ

441 5168 517 5240 (7)
542 5166 782 5243 ignitum
809 5169 990 5240 hujus
1023 5170 1233 5242 capitis
1270 5172 1662 5228 Combeﬁsius
1713 5171 1889 5227 vertit
1923 5188 2019 5243 ap.
2135 5187 2247 5243 scas
2275 5168 2479 5224 nescio
2507 5183 2692 5243 quare
2721 5165 3125 5243 praetermisit,
3158 5169 3225 5220 ut
3264 5166 3444 5239 igitur
3485 5167 3548 5223 in
3589 5168 3781 5222 Leone

371 5239 508 5311 Pag.
542 5239 635 5311 IY.
668 5240 758 5295 22.
894 5239 904 5240 ί
1092 5239 1111 5242 “
1960 5239 1980 5243 “
2133 5242 2421 5297 duntaxat
2451 5245 2509 5294 et
2540 5240 2600 5294 in
2633 5239 2882 5311 Scylitza
2909 5253 3022 5311 ms.
3064 5243 3315 5311 exstent.

443 5308 515 5386 ᾧ)
551 5310 685 5386 Hagc
718 5327 788 5364 ex
818 5311 1104 5386 scriptore
1125 5318 1349 5386 _nostro
1403 5316 1697 5369 contraxit
1725 5313 2022 5386 Scylitzes,
2206 5316 2279 5386 (9)
2314 5312 2559 5386 Scylitza
2579 5308 2742 5386 addit
2770 5308 2949 5386 ψυχή,
2970 5324 3037 5386 ac
3057 5308 3309 5386 fortasse
3330 5311 3414 5386 sic
3442 5309 3783 5386 legendum.

372 5381 801 5458 subjunxitque
830 5382 893 5437 in
928 5378 1178 5458 historia
1208 5400 1318 5440 ms.
1370 5387 1697 5458 narrationi
1730 5378 2025 5441 de'morte
2138 5385 2320 5458 Paulo
2342 5378 2506 5458 post,
2538 5385 2627 5437 97.
2662 5378 3114 5458 lin_.'3_'Scylitza
3142 5380 3322 5458 habet
3346 5378 3574 5458 émép'gR
3599 5381 3784 5458 τάχει,

371 5453 667 5524 Τῑίωἰεοῳ
699 5469 712 5506 :
746 5471 876 5524 quas
920 5453 1277 5508 terminatur
1334 5455 1438 5511 sic.
1498 5456 1586 5509 καὶ
1621 5458 2026 5512 Κωνσταντῖνον

2138 5456 2296 5511 unde
2329 5452 2602 5509 firmatur
2630 5452 2975 5524 conjectura
3004 5467 3139 5507 mea
3166 5452 3240 5506 ad
3266 5470 3427 5524 oram
3461 5452 3615 5524 ('vide
3637 5452 3785 5524 quo-

372 5524 498 5586 τοῦς
532 5520 730 5584 παῖδας
764 5520 865 5577 τοῦ
894 5526 1194 5593 Ῥωμανοῦ.
1248 5525 1387 5579 Vide
1423 5527 1671 5582 Cedren.
1706 5530 1775 5582 Π.
1810 5528 1935 5581 684.
1965 5526 2027 5579 Β.

2142 5544 2281 5597 συθ,
2308 5542 2487 5597 supra
2530 5526 2619 5597 30.
2670 5520 2758 5578 Df
2796 5522 2905 5578 lin.
2956 5523 3372 5595 antepenult.),
3405 5520 3476 5579 et
3501 5523 3638 5596 πρὸς
3655 5520 3792 5585 τοὺς

375 5598 679 5674 Cedrenus
707 5602 926 5674 autem,
963 5592 1097 5674 cum
1139 5597 1342 5674 omnia
1375 5598 1624 5674 minima
1672 5599 1929 5674 maxima
1955 5596 2030 5674 ad

1183 5597 1342 5674 iunia
1375 5598 1624 5674 minima
1672 5599 1929 5674 maxima
1955 5596 2032 5674 ad
2144 5592 2828 5674 οἶκεέουέδιανέκαμςξτεν·

376 5670 627 5742 verbum
655 5685 685 5722 e
711 5668 960 5741 Scylitza
988 5666 1272 5742 in‘ipsius
1295 5671 1725 5742 compendium
1756 5670 2032 5742 historia-
2217 5672 2328 5741 (10)
2359 5661 2897 5740 δογὶίιιει,’ἃλμασι.

372 5759 512 5801 rum
536 5739 805 5811 referret,
832 5747 1031 5799 tamen
1063 5739 1191 5795 haec
1217 5740 1289 5796 de
1319 5739 1510 5799 forma
1532 5759 1603 5800 ac
1624 5742 1820 5817 specie
1837 5739 2039 5797 Tzimi-
