4190 6322
375 441 494 500 797

1716 434 2112 497 HISTORLE
2152 434 2302 494 LIB.
2348 435 2451 494 VI.

3667 435 3782 494 798

373 569 465 624 καὶ
531 567 724 644 βολαῖς
757 613 770 638 ,
824 569 1038 624 πάντων
1123 568 1514 644 κατηυμεγέθει
1569 572 1677 623 τῶν
1731 568 1867 622 κατὰ
1915 567 2016 634 τὴν

2145 567 2398 637 etjactu,
2433 584 2638 622 omnes
2669 567 2828 622 illius
2863 567 3051 621 aetatis
3099 566 3434 636 superabat.
3469 567 3542 620 Ut
3570 567 3782 633 fertur,

378 662 548 729 αὐτὴν
577 660 764 733 γενεάν
796 663 926 731 (11).
975 660 1222 734 Λέγεται,
1278 659 1353 721 ὡς
1413 657 1647 730 κέλητας
1702 655 1907 718 ’ίππους
1940 661 2029 711 τέ-

375 770 543 823 ταρας
576 745 877 823 στοιχηδὸν
910 750 1079 815 ἱστας,
1141 748 1200 802 ἐκ
1253 753 1350 802 τοῦ
1387 747 1609 824 θατέρου
1646 747 1842 820 μέρους
1901 747 2030 800 καθ-

378 837 711 910 ἀλλόμενος,
773 837 860 890 ἐπὶ
917 838 1006 891 τὸν
1066 837 1313 909 πύματον
1377 839 1488 910 (12)
1551 836 1623 898 ὥς
1689 857 1771 896 τις
1827 835 2030 904 πτηνὸς

379 929 611 1009 ἐφίζανε.
661 928 826 992 Βέλος
885 951 944 984 τε
1004 929 1180 1006 ἀφιεὶς
1248 930 1393 983 οὕτω
1454 927 1880 1002 κατεστοχάζετο
1933 928 2028 978 τοῦ

378 1027 610 1094 σκοποῦ,
669 1022 743 1083 ὡς
813 1019 902 1076 διὰ
972 1019 1263 1075 δακτυλίου
1322 1021 1462 1089 ὀπῆς
1525 1019 1656 1074 ἰέναι
1716 1017 2026 1073 ἀπευθύνειν

379 1109 533 1165 αὐτό·
587 1114 846 1164 τοσοῦτον
910 1105 1252 1185 ὑπερέϐαλλε
1301 1109 1393 1164 καὶ
1448 1109 1539 1164 τὸν
1595 1110 1722 1181 παρ’
1779 1108 2028 1180 Ὁμήρου

385 1200 909 1278 μεγαλαυχούμενον
961 1201 1384 1269 νησιώτην,τὸν
1443 1196 1534 1254 διὰ
1587 1203 1697 1253 τῶν
1756 1194 2026 1251 πελέκεων

377 1292 468 1344 τὸν
529 1288 706 1342 ὀϊστὸν
740 1289 784 1323 1³
843 1286 1210 1351 διευθύναντα.
1279 1289 1517 1364 Σφαῖραν
1576 1308 1632 1340 τε
1689 1286 1747 1340 ἐκ
1804 1284 2030 1346 σκύτους

378 1377 838 1454 κατειργασμένην
872 1377 1084 1432 ὑελίνου
1133 1379 1367 1456 σκύφους
1428 1377 1480 1432 ἐν
1535 1381 1615 1448 τῷ
1644 1376 1878 1448 πυθμένι
1911 1375 2030 1428 έπι-

375 1469 568 1537 τιθεὶς,
605 1469 791 1541 μύωπί
819 1489 878 1522 τε
906 1469 994 1522 τὸν
1025 1467 1194 1523 ’ίππον
1249 1467 1538 1542 κεντρίζων
1582 1467 1668 1521 καὶ
1700 1467 1792 1520 τὸν
1823 1464 2026 1540 δρόμον

379 1557 749 1632 ἐπιταχύνων,
784 1552 969 1631 ῥάϐδῳ
1028 1557 1203 1611 παίων
1239 1558 1338 1624 τὴν
1392 1561 1641 1632 σφαῖραν,
1703 1556 1871 1624 αὐτὴν
1933 1555 2025 1625 μὲν

377 1647 740 1721 ἀναθρώσκειν
799 1647 886 1701 καὶ
948 1645 1205 1701 πέτασθαι
1259 1646 1665 1719 κατειργάζετο’
1724 1644 1786 1698 τὸ
1843 1641 1900 1697 δὲ
1959 1641 2024 1711 δὴ

381 1741 582 1812 σκῦφος
667 1735 1060 1807 ἀμετακίνητον
1144 1735 1234 1790 καὶ
1293 1734 1584 1809 ἄθραυστον
1644 1733 1780 1787 κατὰ
1837 1733 2024 1811 χώραν

385 1824 556 1900 μένειν
591 1824 877 1898 έλίμπανε.
923 1821 1320 1899 Μεγαλὸδωρύς
1381 1826 1489 1896 (13)
1543 1845 1602 1876 τε
1659 1822 1749 1876 καὶ
1783 1819 2028 1896 φιλοδω-

2141 657 2309 726 equis
2362 657 2704 712 desultoriis
2745 674 2797 710 ιν
2828 661 3060 727 aequata
3098 655 3290 710 fronte
3349 655 3677 719 collocatis,
3711 655 3783 710 ab

2137 762 2256 800 una
2303 752 2467 817 parte
2531 748 2813 812 emicans,
2863 746 2923 800 in
2970 745 3313 809 novissimo,
3349 745 3450 814 qui
3509 745 3568 798 in
3600 744 3789 798 altera

2141 841 2303 905 parte
2327 842 2471 900 erat,
2499 841 2780 907 tanquam
2805 835 3056 889 volucris
3088 834 3305 904 aliquis
3339 832 3625 887 subsedit.
3657 833 3784 903 Spi—

2141 927 2338 980 culum
2374 927 2651 981 emitlens
2681 927 2762 981 ita
2808 925 3151 981 collimabat
3182 923 3240 978 in
3275 941 3543 995 scepum,
3577 929 3640 977 ut
3680 940 3786 993 per

2140 1017 2344 1070 annuli
2366 1016 2630 1070 foramen
2656 1016 3118 1087 illudtrajiceret
3144 1020 3335 1068 :tanto
3361 1012 3679 1084 superabat
3695 1013 3784 1067 vel

2140 1106 2463 1159 insularem
2490 1107 2659 1159 illum
2684 1107 2754 1160 ab
2782 1108 3029 1160 Homero
3056 1104 3442 1167 celebratum,
3471 1119 3575 1173 per
3595 1104 3784 1158 ascias

2141 1197 2412 1268 sagittam
2447 1197 2964 1251 transmittentem.
3004 1194 3251 1250 Globum
3272 1211 3341 1248 ex
3371 1193 3528 1247 corio
3560 1193 3782 1248 factum

2142 1283 2201 1338 in
2235 1285 2398 1339 vitrei
2430 1286 2634 1357 scyphi
2667 1286 2920 1340 fundum
2952 1284 3258 1355 deponens
3297 1283 3606 1351 calcarque
3632 1299 3783 1351 equo

2140 1373 2484 1445 subjiciens,
2511 1375 2687 1429 citato
2721 1393 2896 1429 cursu
2919 1379 3356 1446 praetervectus,
3388 1372 3628 1443 globum
3653 1372 3780 1441 qui-

2141 1461 2296 1530 dem,
2331 1463 2544 1518 bacillo
2577 1481 2949 1535 percussum,
2978 1461 3340 1534 impellebat.
3375 1466 3441 1514 ut
3471 1461 3542 1514 de
3593 1460 3777 1514 fundo

2140 1552 2419 1607 exsiliens
2442 1570 2546 1624 per
2578 1570 2775 1608 aerem
2796 1553 3079 1607 ferretur:
3107 1551 3392 1623 scyphum
3444 1551 3777 1616 immotum,

2139 1641 2356 1695 nedum
2389 1642 2774 1704 incolumem,
2809 1643 2870 1696 in
2903 1641 3110 1695 eodem
3157 1641 3283 1694 loco
3318 1644 3657 1694 manentem
3684 1654 3774 1691 re-

2136 1729 2333 1800 liquit.
2368 1733 2548 1785 Donis
2577 1732 2928 1803 magniﬁcus
2962 1736 3019 1784 et
3074 1730 3396 1784 muniﬁcus
3447 1745 3625 1798 supra
3657 1744 3779 1780 om-

2139 1835 2243 1873 nes
2277 1825 2437 1873 erat:
2474 1820 2746 1891 quisquis
2779 1820 2938 1874 enim
2970 1819 3041 1874 ab
3069 1836 3135 1873 eo
3165 1819 3452 1890 petiisset,
3490 1834 3592 1887 spe
3625 1832 3779 1869 nun-

386 1915 610 1990 ρότατος
659 1916 803 1990 παρὰ
859 1917 1061 1978 πάντας
1108 1917 1193 1983 ἦν’
1228 1911 1406 1974 οὐδεὶς
1454 1913 1553 1988 γὰρ
1595 1912 1751 1967 αὐτὸν
1807 1913 2027 1983 αἰτησα-

2145 1924 2318 1977 quam
2349 1908 2666 1963 frustratus
2719 1909 2936 1964 abibat.
2970 1911 3057 1962 Ita
3114 1907 3345 1962 cunctis
3401 1905 3657 1977 benigne
3715 1921 3782 1958 ac

388 2026 543 2078 μενος
601 2010 706 2058 τῶν
769 2002 1006 2059 ἐλπίδων
1080 2005 1230 2065 κενὸς
1286 2000 1665 2073 ἀπηλλάττετο
1701 2049 1712 2060 .
1776 2006 1916 2057 ΙΙᾶσι
1971 2000 2027 2055 δέ

383 2093 700 2171 φιλαγ-άθως
730 2094 820 2148 καὶ
869 2095 1080 2168 ἱλαρῶς
1116 2092 1638 2172 ἐφιλανθρωπεύετο,
1670 2097 2025 2169 προφητικῶς

379 2185 442 2238 τὸ
472 2181 657 2238 ἓλαιον
679 2191 779 2253 τῆς
813 2183 1058 2245 εὐποιίας
1091 2189 1300 2261 κιχρῶν
1337 2186 1397 2236 ¹⁴.
1423 2183 1512 2236 καὶ
1544 2182 1589 2236 εἰ
1629 2185 1703 2255 μή
1739 2183 2025 2242 Βασίλειος

379 2273 406 2327 ὁ
437 2273 936 2348 παρακοιμώμενος
972 2273 1129 2328 αὐτὸν
1182 2273 1370 2346 ἐπεῖχε
1399 2278 1499 2340 τῆς
1558 2272 1844 2340 ἀπλήστου
1900 2270 2022 2344 περὶ

374 2365 435 2418 τὸ
461 2363 759 2438 εὐεργετεῖν
801 2362 927 2426 τοὺς
979 2363 1296 2440 ὁμοφύλους
1326 2364 1524 2439 ῥοπῆς,
1581 2362 1677 2417 κᾶν
1719 2363 1846 2424 τοὺς
1881 2364 2028 2437 βασι-

380 2450 568 2515 λικοὺς
621 2454 928 2527 θησαυροὺς
985 2454 1060 2516 εἷς
1119 2455 1218 2522 τήν
1267 2457 1374 2508 τῶν
1432 2451 1702 2525 δεομένων
1764 2449 2027 2523 διανομὴν

375 2543 565 2597 θάττον
623 2542 1060 2620 συνεξεφόρησεν.
1134 2542 1460 2614 Έλάττωμα
1518 2539 1575 2596 δέ
1615 2544 1836 2616 Ἰὦαννῃ
1868 2544 2028 2594 τοῦτο

377 2639 616 2707 προσῆν,
651 2631 732 2686 ὅτι
765 2652 820 2686 τε
867 2631 990 2706 περὶ
1039 2632 1241 2693 πότους
1301 2629 1439 2686 ἔστιν
1474 2631 1562 2686 ὅτε
1593 2633 1738 2706 παρά
1765 2632 1825 2685 τὸ
1858 2650 2030 2706 προσ-

377 2729 518 2791 ῆκον
551 2725 660 2794 (14)
686 2721 955 2796 ἐκώμαζε,
1001 2722 1087 2776 καὶ
1142 2723 1265 2798 περί
1315 2722 1410 2784 τὰς
1463 2726 1559 2776 τοῦ
1609 2723 1864 2796 σώματος
1891 2717 2028 2789 ἡδο-

381 2809 479 2871 νὰς
509 2807 536 2863 δ
549 2811 800 2878 ιεπτόητο
826 2813 955 2882 (15).

463 2900 550 2970 [Ρ.
587 2900 676 2970 60]
709 2896 774 2953 δ’.
814 2897 974 2953 ’Λλλ’
1007 2900 1152 2954 οὕτω
1188 2902 1279 2973 μὲν
1312 2897 1364 2954 ἐν
1393 2899 1627 2974 ἡμέραις
1660 2901 1793 2955 έπτὰ
1821 2900 1886 2954 τὰ
1927 2907 2027 2969 τῆς

389 2986 672 3052 πολιτείας
718 2987 1152 3064 διοικησάμενος,
1197 2991 1288 3045 καὶ
1339 2992 1437 3059 τήν
1467 2993 1646 3066 ἀρχὴν
1693 2992 1868 3063 ἑαυτῷ
1897 3011 2029 3065 κρα-

387 3080 698 3152 τυνάμενος,
743 3080 830 3134 καὶ
884 3082 958 3142 ὡς
1011 3081 1109 3135 οὐκ
1138 3081 1198 3135 ἃν
1254 3103 1335 3144 τις
1393 3081 1550 3153 ᾠήθη
1609 3083 1742 3137 ποτὲ
1797 3081 1871 3151 (ἐν
1924 3081 2029 3156 γὰρ

386 3174 503 3229 ταῖς
539 3168 811 3244 μεγίσταις
838 3175 946 3224 τῶν
1005 3172 1342 3247 πραγμάτων
1381 3165 1732 3243 μεταϐολαῖς,
1784 3169 2030 3240 πολλῆς,

387 3259 460 3318 ὡς
515 3256 704 3328 εἰκός,
761 3260 999 3320 στάσεως
1047 3259 1544 3334 ἀναρῥιπιζομὲνης
1611 3260 1703 3314 καὶ
1750 3267 2024 3338 ταραχῆς»

382 3346 524 3413 τότε,
579 3347 678 3401 οὐκ
729 3345 833 3402 οἶδ’
891 3347 1059 3418 ὅπως,
1123 3351 1441 3428 παρατυχὺν
1497 3348 1760 3422 εὐκοσμία
1815 3371 1868 3404 τι
1935 3349 2026 3404 καὶ

389 3436 575 3510 βαθεῖα
634 3439 756 3512 σιγή
812 3439 904 3492 τὸν
957 3435 1133 3510 δῆμον
1196 3436 1451 3516 κατέσχε,
1494 3443 1592 3494 τοῦ
1630 3439 2032 3513 αὐτοκράτορος

385 3525 704 3604 Νικηφόρου
734 3526 1122 3601 ἀναιρεθέντος,
1149 3527 1239 3581 καὶ
1296 3549 1443 3591 τινος
1491 3528 1606 3590 ἑνὸς
1635 3528 1741 3582 τῶν
1797 3529 2034 3583 ὑπασπι-

388 3618 526 3669 στῶν
559 3611 743 3692 ἑτέρου
779 3613 1011 3688 μηδενὸς
1057 3617 1153 3671 κᾶν
1219 3617 1309 3671 ἐπὶ
1367 3616 1569 3692 κόρρης
1628 3616 1880 3696 εἷλερότος
1912 3619 2034 3672 κόν-

387 3700 597 3776 δυλον),
644 3704 694 3766 ἐς
727 3706 818 3759 τὸν
851 3707 994 3760 θεῖον
1027 3705 1115 3760 καὶ
1161 3707 1329 3782 μέγαν
1358 3713 1457 3775 τῆς
1511 3711 1608 3761 τοῦ
1638 3711 1771 3762 Θεοῦ
1827 3708 2034 3783 Σοφίας

388 3793 556 3864 σηκὸν
597 3794 844 3874 εἶσφοιτᾷ
873 3798 1007 3869 (16),
1058 3796 1131 3857 ὡς
1176 3798 1312 3870 πρὸς
1369 3800 1465 3850 τοῦ
1523 3798 1869 3875 πατριάρχου
1900 3797 2037 3852 κατά

387 3881 449 3936 τὸ
482 3882 782 3954 εἰθισμένον
825 3888 904 3956 τῷ
934 3883 1199 3959 βασιλείῳ
1256 3882 1553 3958 διαδήματι
1600 3887 2038 3960 ταινιωθησύμε-

386 3993 497 4033 νος.
529 3969 774 4028 ΕἷΌισθαι
803 3973 902 4047 γὰρ
932 3973 1062 4036 τοὺς
1093 3972 1206 4028 νέον
1248 3976 1347 4042 τῆς
1400 3975 1710 4046 Ῥωμαϊκῆς
1741 3975 2038 4048 ἡγεμονίας

387 4057 902 4135 προσεπιϐαίνοντας
949 4063 1035 4118 ἐπὶ
1068 4084 1126 4117 τε
1181 4064 1269 4118 τὸν
1327 4058 1558 4138 ἄμϐωνα
1614 4068 1709 4118 τοῦ
1765 4066 1866 4119 νεὼ
1925 4069 2035 4139 (17)

389 4153 610 4219 ἀνιέναι,
652 4152 905 4225 καὶπρὸς
962 4157 1059 4208 τοῦ
1118 4153 1254 4207 κατὰ
1310 4154 1532 4225 καιροὺς
1582 4154 1844 4232 ἱεράρχου
1879 4152 2038 4208 εὐλο-

389 4241 593 4314 γεῖσθαι
631 4262 709 4309 τε,
744 4242 831 4296 καὶ
868 4246 945 4313 τῷ
1009 4239 1275 4315 βασιλείῳ
1329 4241 1508 4320 στέφει
1551 4245 1884 4296 ταινιοῦσθαι
1938 4245 2037 4312 τήν

389 4327 629 4408 κεφαλὴν
663 4373 674 4384 .
729 4336 783 4384 '0
849 4328 905 4384 δέ
971 4330 1314 4395 Πολύευκτος
1367 4332 1458 4385 τὸν
1512 4338 1612 4401 τῆς
1670 4332 2036 4411 πατριαρχίας

389 4418 513 4472 τότε
539 4419 727 4492 θρόνον
779 4426 1020 4498 κατεῖχε.
1083 4421 1236 4481 Θεῖὁς
1274 4419 1333 4474 τέ
1379 4442 1460 4482 τις
1515 4419 1587 4474 ὢν
1626 4421 1715 4476 καὶ
1767 4421 1898 4491 ζέων
1959 4427 2038 4494 τῷ

392 4508 676 4582 πνεύματι,
711 4507 1248 4578 εἰκαὶτήνὴλικίαν
1305 4509 1503 4586 ἔξωρος
1561 4513 1650 4579 ἦν,
1715 4513 1788 4584 μή
1848 4511 2039 4580 ἐξεῖναί

394 4595 444 4649 οἱ
474 4593 676 4666 ἐδήλου
705 4602 786 4670 τῷ
813 4595 1032 4671 βασιλεῖ
1088 4595 1140 4658 ἐς
1193 4599 1256 4652 τὸ
1313 4599 1458 4673 ἱερὸν
1517 4597 1865 4671 εἰσελαύνειν,
1912 4601 2037 4676 πρὶν

2136 1996 2403 2051 hilariter
2451 1997 2837 2054 humanitatis
2883 1997 3078 2051 ofﬁcia
3106 1995 3442 2067 praestabat,
3476 1995 3778 2065 prephetae

2133 2085 2309 2140 modo
2337 2087 2532 2140 oleum
2553 2088 2963 2141 beneﬁcentia)
2995 2086 3419 2140 commodans:
3451 2101 3517 2138 ac
3540 2084 3655 2137 nisi
3682 2084 3780 2136 Ba-

2134 2173 2302 2228 silius
2333 2175 2591 2229 cubiculi
2623 2176 2936 2246 przefectus
2967 2174 3368 2229 insatiabilem
3394 2173 3565 2227 illum
3589 2173 3779 2243 impe-

2135 2266 2259 2316 tum
2317 2264 2468 2318 cives
2515 2264 2859 2320 demerendi
2921 2264 3300 2330 retardasset,
3356 2263 3513 2333 ipsos
3545 2278 3778 2331 quoque

2133 2354 2369 2424 imperii
2403 2356 2712 2410 thesauros
2771 2356 3110 2428 erogatione
3141 2355 3201 2408 in
3234 2369 3449 2425 egenos
3507 2351 3782 2406 celeriter

2133 2444 2522 2500 exhausisset.
2559 2447 2675 2500 Hoc
2704 2446 2916 2500 Joanni
2947 2445 3152 2498 vitium
3183 2442 3464 2508 haerebat,
3494 2441 3595 2496 98
3625 2440 3782 2511 quod

2134 2534 2420 2588 nimirum
2445 2535 2702 2605 potibus,
2760 2536 3015 2605 vinoque
3066 2551 3134 2589 ac
3182 2529 3782 2587 commessationibus

2135 2623 2491 2694 quandoque
2550 2624 2685 2696 plus
2742 2641 2910 2694 (equo
2966 2622 3334 2694 indulgebat,
3395 2619 3781 2691 corporisque

2134 2713 2532 2784 voluptatibus
2564 2711 2728 2768 avide
2761 2712 3046 2768 inhiabat.

2206 2913 2257 2965 4.
2293 2913 2507 2965 Verum
2531 2911 2614 2964 sic
2641 2909 2881 2982 quidem
2900 2914 3126 2980 septem
3149 2908 3380 2964 dierum
3404 2907 3594 2978 spatio
3619 2923 3782 2960 eom-

2134 3001 2329 3072 posita
2353 3000 2442 3054 illi
2471 3002 2636 3070 Rep.,
2695 3004 3041 3069 assertoque
3099 2998 3370 3069 imperio,
3431 3014 3548 3067 qua
3605 3012 3780 3050 nemo

2135 3091 2367 3145 ratione
2398 3106 2662 3160 unquam
2693 3090 2986 3160 putaverit
3025 3091 3180 3160 (cum
3215 3089 3374 3143 enim
3402 3089 3463 3141 in
3507 3086 3783 3142 maximis

2136 3196 2336 3234 rerum
2370 3179 2803 3233 mutationibus
2852 3195 3066 3250 magna
3096 3179 3446 3249 plerumque
3481 3176 3693 3231 seditio
3727 3182 3784 3229 et

2143 3269 2400 3323 turbatio
2428 3270 2764 3334 suscitetur,
2799 3274 2960 3334 tunc,
2995 3268 3232 3322 fortuna
3261 3267 3462 3322 nescio
3486 3283 3622 3336 qua,
3657 3283 3784 3321 mo-

2144 3359 2335 3413 destia
2354 3357 2661 3427 altumque
2681 3357 2983 3412 silentium
3007 3356 3293 3427 populum
3317 3356 3526 3419 tenuit,
3556 3355 3786 3409 sublato

2141 3448 2468 3518 Nicephoro
2514 3448 2797 3517 Augusto,
2859 3463 2995 3500 cum
3055 3452 3344 3517 praeterea
3400 3461 3574 3499 nemo
3634 3444 3786 3498 alius

2141 3535 2465 3591 satellitum
2497 3534 2587 3588 vel
2617 3534 2679 3588 in
2731 3551 2942 3606 genam
2999 3551 3263 3606 pugnum
3320 3533 3687 3604 accepisset),
3715 3532 3787 3586 ad

2141 3626 2406 3680 divinum
2437 3640 2836 3696 magnumque
2868 3624 2970 3678 Dei
3008 3624 3321 3694 Sapientiae
3346 3622 3660 3676 delubrum
3691 3639 3784 3675 ve-

2142 3713 2249 3781 nit,
2282 3718 2348 3767 ut
2376 3730 2409 3767 θ.
2438 3713 2778 3782 patriarcha
2806 3729 2876 3766 ex
2906 3729 3069 3767 more
3092 3711 3426 3766 diademate
3457 3716 3636 3781 caput
3664 3710 3793 3764 cin-

2141 3807 2396 3871 geretur.
2420 3802 2508 3855 Ita
2528 3801 2689 3854 enim
2719 3801 2981 3855 moribus
3009 3807 3333 3871 receptum,
3359 3805 3422 3853 ut
3449 3799 3549 3870 qui
3574 3801 3792 3854 Roma-

2143 3907 2286 3960 num
2308 3888 2626 3959 imperium
2658 3889 2895 3956 adeant,
2923 3890 2983 3942 in
3007 3889 3211 3960 templi
3244 3888 3558 3943 ambonem
3582 3902 3791 3941 ascen-

2145 3978 2307 4046 dant,
2341 3978 2491 4032 etab
2525 3994 2591 4032 eo
2614 3978 2714 4048 qui
2743 3995 2848 4049 pro
2874 3983 3137 4049 tempore
3172 3978 3354 4033 sacris
3378 3982 3611 4048 praeest,
3636 3976 3788 4030 bene

2144 4067 2290 4137 ipsis
2319 4073 2657 4138 apprecato,
2691 4067 2970 4122 diadema
3024 4068 3203 4139 capiti
3257 4067 3603 4138 impositum
3633 4065 3790 4120 acci-

2144 4156 2330 4226 piant.
2363 4155 2721 4227 Polyeuctus
2743 4160 2882 4212 tunc
2913 4157 3113 4213 sedem
3145 4155 3604 4228 patriarchalem
3627 4160 3791 4208 tene-

2145 4243 2264 4300 bat.
2293 4246 2367 4311 Is,
2392 4245 2479 4298 vir
2501 4262 2642 4301 sane
2674 4245 2907 4302 divinus
2926 4251 2984 4300 et
3009 4246 3219 4316 spiritu
3251 4245 3506 4312 fervens,
3523 4243 3792 4315 quamvis

2145 4338 2316 4389 aetate
2349 4335 2596 4400 effcetus,
2631 4336 2975 4408 imperatori
3009 4335 3340 4403 denuntiat,
3377 4352 3498 4389 non
3529 4335 3582 4388 ei
3614 4333 3792 4387 licere

2146 4423 2208 4477 in
2249 4424 2561 4479 ecclesiam
2593 4424 2841 4497 ingredi,
2876 4425 2991 4479 nisi
3049 4431 3226 4480 antea
3282 4430 3602 4496 Augustam
3654 4422 3791 4476 aula

2147 4514 2457 4584 expulerit,
2490 4532 2558 4569 ac
2590 4516 2900 4586 Nicephori
2933 4515 3308 4586 imperatoris
3351 4527 3786 4584 percussorem,

2147 4604 2417 4674 quisquis
2446 4605 2535 4658 illi
2561 4611 2738 4674 esset,
2771 4605 3134 4660 ostenderit:
3166 4604 3240 4658 ad
3296 4604 3429 4670 hoc,
3481 4601 3786 4655 decretum

1546 4757 1606 4808 C.
1661 4759 1724 4809 Β.
1785 4754 1977 4811 HASII
2031 4756 2635 4812 ANNOTATIONNES.

464 4934 508 4970 ¹³
538 4930 732 4988 ὀιστόν.
765 4931 911 4987 ἱστόν
946 4932 1075 4989 cod.

461 5120 570 5190 (11)
600 5119 870 5194 Amplior
899 5121 1108 5177 eadem
1151 5121 1386 5193 phrasis
1446 5137 1624 5194 supra
1680 5123 1766 5177 30.
1831 5124 1898 5178 A.
1932 5120 2033 5176 ubi

391 5188 486 5266 κατ
494 5188 790 5266 ευ-μεγέθ-ει.

461 5263 569 5332 (12)
600 5262 830 5337 Scilitza
862 5281 1053 5337 secus,
1102 5263 1188 5337 ἐπὶ
1248 5266 1337 5318 τὸν
1379 5262 1647 5336 πέμπτον,
1676 5265 2037 5337 calligrapho

390 5351 589 5410 vocem
622 5336 1041 5390 obsoletiorem
1082 5335 1335 5408 πύματος
1390 5335 1460 5392 in
1502 5339 1686 5410 magis
1717 5335 1942 5408 notam;
1973 5343 2039 5391 ut

395 5406 478 5470 ﬁt,
510 5415 933 5462 commutante.

464 5479 741 5558 (13,1ch
783 5495 982 5558 usque
1027 5477 1100 5532 ad
1149 5497 1276 5558 pag.
1328 5484 1588 5558 _1_(_)0._A7:
1647 5483 1811 5558 τῦφον
1869 5479 2036 5542 τιθεὶς

397 5547 786 5624 Combeﬁsius
815 5547 992 5624 vertit
1021 5567 1120 5621 ap.
1149 5547 1292 5624 Pag.
1326 5554 1417 5606 IV.
1443 5555 1530 5606 22.

615 5623 895 5696 égatllias
926 5619 1075 5690 tegi
1093 5625 1189 5674 τοῦ
1219 5619 1613 5696 iposvﬁxovtoq.
1641 5625 1729 5677 81.
1767 5625 1826 5680 Β.

473 5694 581 5767 (15)
615 5693 907 5767 Hactenus
939 5710 1070 5764 quae
1115 5709 1184 5749 ex
1219 5693 1408 5750 Leone
1466 5695 1714 5767 Scylitza
1743 5696 2047 5751 transtulit

406 5761 467 5816 in
494 5761 802 5819 hiStoriam
834 5782 945 5821 ms.

1153 4935 1198 4971 1⁸
1227 4936 1459 5010 κιχρῶν.
1495 4933 1660 4990 Conf.
1694 4934 1771 4990 ΙΙΙ
1809 4937 1948 5007 Reg.
1981 4953 2116 5004 xvn,
2168 4939 2255 4993 16.

2221 5122 2330 5214 (16)
2388 5120 2688 5214 gedren‘us‘
2752 5122 2969 5214 Hi’stor:
3027 5123 3108 5214 Il.
3319 5124 3380 5214 B;
3437 5117 3623 5214 ἂξπεισι.

2151 5191 2426 5268 ὀλίγων-ὁ
2477 5191 2730 5268 βασιλεὺς
2785 5192 2862 5268 εἰς
2909 5194 3006 5268 τὴν
3053 5191 3296 5268 μεγάλην
3355 5191 3798 5268 ἐκκλησιανίιώἱ

2148 5263 2487 5338 Xylander,
2509 5283 2679 5321 secus
2701 5267 2930 5337 opinor,
2966 5263 3176 5338 legisse
3209 5267 3440 5321 videtur
3464 5263 3576 5338 μετ’
3602 5263 3792 5339 ὀλίγον

2147 5355 2286 5393 nam
2319 5339 2492 5393 vertit
2517 5339 2686 5408 paulo
2705 5346 2830 5408 post
2860 5355 2963 5409 pro
3014 5355 3133 5393 cum
3184 5343 3380 5410 paucis
3411 5357 3428 5393 :
3487 5340 3791 5410 deinceps,

2147 5410 2207 5464 C.
2240 5410 2342 5464 lin.
2379 5413 2429 5466 5.
2465 5410 2778 5481 manifesto
2811 5408 3026 5464 mendo
3069 5408 3293 5465 editum
3349 5417 3439 5466 est
3469 5408 3800 5481 ἀπολογισα-

2153 5483 2319 5553 μένου
2351 5499 2456 5553 pro
2489 5479 2802 5553 ἀπολογησ.

2222 5556 2328 5624 (17)
2351 5550 2422 5608 ln
2476 5550 2743 5608 Hederici
2779 5553 2980 5609 Lexico
3041 5553 3302 5608 manuali
3362 5553 3500 5624 edit.
3561 5550 3795 5624 Ernesti

2153 5625 2307 5696 Lips.
2343 5628 2495 5679 1768.
2530 5627 2580 5678 8.
2615 5625 2727 5680 col.
2761 5626 2915 5696 1371.
2949 5625 3000 5679 is
3030 5626 3320 5696 genitivus
3361 5623 3461 5676 νεώ
3495 5623 3792 5696 scribitur,

2153 5693 2488 5824 gg—rffram.
2525 5695 2664 5750 Vide
2694 5695 2982 5751 Maittaire
3027 5693 3105 5750 De
3146 5696 3415 5750 dialectis
3466 5695 3558 5749 ed.
3609 5693 3792 5746 Sturz.
