  <div class='ocr_page' id='page_1' title='image "/cluster/home/n/w/nwhite01/storage/ocr_20150623/117/mdp.39015038086818/409.png"; bbox 0 0 4190 6322; ppageno 0'>
   <div class='ocr_carea' id='block_1_1' title="bbox 427 355 543 413">
    <p class='ocr_par' dir='ltr' id='par_1_1' title="bbox 427 355 543 413">
     <span class='ocr_line' id='line_1_1' title="bbox 427 355 543 413; baseline -0.009 0"><span class='ocrx_word' id='word_1_1' title='bbox 427 355 543 413; x_wconf 87' lang='grc'>803</span> 
     </span>
    </p>
   </div>
   <div class='ocr_carea' id='block_1_2' title="bbox 429 486 1012 552">
    <p class='ocr_par' dir='ltr' id='par_1_2' title="bbox 429 486 1012 552">
     <span class='ocr_line' id='line_1_2' title="bbox 429 486 1012 552; baseline -0.012 -7"><span class='ocrx_word' id='word_1_2' title='bbox 429 486 740 552; x_wconf 77' lang='lat' dir='ltr'>accedens,</span> <span class='ocrx_word' id='word_1_3' title='bbox 801 500 1012 540; x_wconf 90' lang='lat' dir='ltr'>aurum</span> 
     </span>
    </p>
   </div>
   <div class='ocr_carea' id='block_1_3' title="bbox 428 745 2079 825">
    <p class='ocr_par' dir='ltr' id='par_1_3' title="bbox 428 745 2079 825">
     <span class='ocr_line' id='line_1_3' title="bbox 428 745 2079 825; baseline -0.008 -13"><span class='ocrx_word' id='word_1_4' title='bbox 428 757 868 825; x_wconf 90' lang='lat' dir='ltr'>tus,lautusque</span> <span class='ocrx_word' id='word_1_5' title='bbox 891 749 1238 822; x_wconf 84' lang='lat' dir='ltr'>cumprimis</span> <span class='ocrx_word' id='word_1_6' title='bbox 1260 752 1432 802; x_wconf 84' lang='lat' dir='ltr'>esset.</span> <span class='ocrx_word' id='word_1_7' title='bbox 1459 749 1642 801; x_wconf 89' lang='lat' dir='ltr'>Tanta</span> <span class='ocrx_word' id='word_1_8' title='bbox 1664 746 1946 800; x_wconf 85' lang='lat' dir='ltr'>nimirum</span> <span class='ocrx_word' id='word_1_9' title='bbox 1970 745 2079 799; x_wconf 86' lang='lat' dir='ltr'>mi-</span> 
     </span>
    </p>
   </div>
   <div class='ocr_carea' id='block_1_4' title="bbox 429 835 2076 907">
    <p class='ocr_par' dir='ltr' id='par_1_4' title="bbox 429 835 2076 907">
     <span class='ocr_line' id='line_1_4' title="bbox 429 835 2076 907; baseline -0.009 -4"><span class='ocrx_word' id='word_1_10' title='bbox 429 847 725 902; x_wconf 89' lang='lat' dir='ltr'>seratione</span> <span class='ocrx_word' id='word_1_11' title='bbox 749 842 1090 904; x_wconf 75' lang='lat' dir='ltr'>ducebatur,</span> <span class='ocrx_word' id='word_1_12' title='bbox 1116 838 1528 907; x_wconf 88' lang='lat' dir='ltr'>laborantique</span> <span class='ocrx_word' id='word_1_13' title='bbox 1550 841 1777 890; x_wconf 66' lang='lat' dir='ltr'>naturae</span> <span class='ocrx_word' id='word_1_14' title='bbox 1801 835 2076 890; x_wconf 90' lang='lat' dir='ltr'>condole-</span> 
     </span>
    </p>
   </div>
   <div class='ocr_carea' id='block_1_5' title="bbox 427 926 2080 1005">
    <p class='ocr_par' dir='ltr' id='par_1_5' title="bbox 427 926 2080 1005">
     <span class='ocr_line' id='line_1_5' title="bbox 427 926 2080 1005; baseline -0.007 -14"><span class='ocrx_word' id='word_1_15' title='bbox 427 937 603 1000; x_wconf 85' lang='lat' dir='ltr'>bat,si</span> <span class='ocrx_word' id='word_1_16' title='bbox 622 933 859 1005; x_wconf 87' lang='lat' dir='ltr'>quando</span> <span class='ocrx_word' id='word_1_17' title='bbox 879 931 999 984; x_wconf 89' lang='lat' dir='ltr'>illis</span> <span class='ocrx_word' id='word_1_18' title='bbox 1013 927 1749 998; x_wconf 88' lang='lat' dir='ltr'>occurreret,majestatem</span> <span class='ocrx_word' id='word_1_19' title='bbox 1769 926 2003 996; x_wconf 89' lang='lat' dir='ltr'>imperii</span> <span class='ocrx_word' id='word_1_20' title='bbox 2021 931 2080 980; x_wconf 94' lang='lat' dir='ltr'>et</span> 
     </span>
    </p>
   </div>
   <div class='ocr_carea' id='block_1_6' title="bbox 426 1015 2076 1094">
    <p class='ocr_par' dir='ltr' id='par_1_6' title="bbox 426 1015 2076 1094">
     <span class='ocr_line' id='line_1_6' title="bbox 426 1015 2076 1094; baseline -0.007 -14"><span class='ocrx_word' id='word_1_21' title='bbox 426 1027 643 1081; x_wconf 84' lang='lat' dir='ltr'>fastum</span> <span class='ocrx_word' id='word_1_22' title='bbox 663 1039 939 1094; x_wconf 74' lang='lat' dir='ltr'>purpurae</span> <span class='ocrx_word' id='word_1_23' title='bbox 955 1019 1123 1074; x_wconf 83' lang='lat' dir='ltr'>flocci</span> <span class='ocrx_word' id='word_1_24' title='bbox 1139 1015 1822 1090; x_wconf 87' lang='lat' dir='ltr'>pendens.Vectigalium</span> <span class='ocrx_word' id='word_1_25' title='bbox 1841 1031 2076 1086; x_wconf 90' lang='lat' dir='ltr'>quoque</span> 
     </span>
    </p>
   </div>
   <div class='ocr_carea' id='block_1_7' title="bbox 428 1105 2074 1168">
    <p class='ocr_par' dir='ltr' id='par_1_7' title="bbox 428 1105 2074 1168">
     <span class='ocr_line' id='line_1_7' title="bbox 428 1105 2074 1168; baseline -0.005 0"><span class='ocrx_word' id='word_1_26' title='bbox 428 1113 866 1168; x_wconf 88' lang='lat' dir='ltr'>immunitatem</span> <span class='ocrx_word' id='word_1_27' title='bbox 924 1109 1340 1164; x_wconf 82' lang='lat' dir='ltr'>Armeniorum</span> <span class='ocrx_word' id='word_1_28' title='bbox 1401 1106 1645 1161; x_wconf 90' lang='lat' dir='ltr'>themati</span> <span class='ocrx_word' id='word_1_29' title='bbox 1704 1105 1902 1160; x_wconf 80' lang='lat' dir='ltr'>dedit:</span> <span class='ocrx_word' id='word_1_30' title='bbox 1936 1105 2074 1160; x_wconf 92' lang='lat' dir='ltr'>inde</span> 
     </span>
    </p>
   </div>
   <div class='ocr_carea' id='block_1_8' title="bbox 425 1195 2072 1267">
    <p class='ocr_par' dir='ltr' id='par_1_8' title="bbox 425 1195 2072 1267">
     <span class='ocr_line' id='line_1_8' title="bbox 425 1195 2072 1267; baseline -0.007 -9"><span class='ocrx_word' id='word_1_31' title='bbox 425 1203 586 1258; x_wconf 88' lang='lat' dir='ltr'>enim</span> <span class='ocrx_word' id='word_1_32' title='bbox 616 1201 903 1256; x_wconf 83' lang='lat' dir='ltr'>oriundus</span> <span class='ocrx_word' id='word_1_33' title='bbox 934 1204 1079 1255; x_wconf 90' lang='lat' dir='ltr'>erat.</span> <span class='ocrx_word' id='word_1_34' title='bbox 1111 1200 1374 1267; x_wconf 90' lang='lat' dir='ltr'>Cumque</span> <span class='ocrx_word' id='word_1_35' title='bbox 1405 1212 1544 1263; x_wconf 78' lang='lat' dir='ltr'>roga</span> <span class='ocrx_word' id='word_1_36' title='bbox 1593 1195 1861 1258; x_wconf 78' lang='lat' dir='ltr'>instaret,</span> <span class='ocrx_word' id='word_1_37' title='bbox 1895 1211 2072 1264; x_wconf 90' lang='lat' dir='ltr'>quam</span> 
     </span>
    </p>
   </div>
   <div class='ocr_carea' id='block_1_9' title="bbox 425 1284 2072 1360">
    <p class='ocr_par' dir='ltr' id='par_1_9' title="bbox 425 1284 2072 1360">
     <span class='ocr_line' id='line_1_9' title="bbox 425 1284 2072 1360; baseline -0.004 -15"><span class='ocrx_word' id='word_1_38' title='bbox 425 1298 665 1347; x_wconf 83' lang='lat' dir='ltr'>senatus</span> <span class='ocrx_word' id='word_1_39' title='bbox 696 1308 763 1346; x_wconf 89' lang='lat' dir='ltr'>ac</span> <span class='ocrx_word' id='word_1_40' title='bbox 797 1289 1139 1360; x_wconf 69' lang='lat' dir='ltr'>reipublicm</span> <span class='ocrx_word' id='word_1_41' title='bbox 1170 1286 1400 1341; x_wconf 87' lang='lat' dir='ltr'>nobiles</span> <span class='ocrx_word' id='word_1_42' title='bbox 1431 1299 1824 1356; x_wconf 88' lang='lat' dir='ltr'>proceresque</span> <span class='ocrx_word' id='word_1_43' title='bbox 1855 1299 1924 1338; x_wconf 87' lang='lat' dir='ltr'>ex</span> <span class='ocrx_word' id='word_1_44' title='bbox 1955 1284 2072 1338; x_wconf 84' lang='lat' dir='ltr'>im-</span> 
     </span>
    </p>
   </div>
   <div class='ocr_carea' id='block_1_10' title="bbox 419 1371 2072 1452">
    <p class='ocr_par' dir='ltr' id='par_1_10' title="bbox 419 1371 2072 1452">
     <span class='ocr_line' id='line_1_10' title="bbox 419 1371 2072 1452; baseline -0.005 -17"><span class='ocrx_word' id='word_1_45' title='bbox 419 1381 708 1452; x_wconf 89' lang='lat' dir='ltr'>peratoris</span> <span class='ocrx_word' id='word_1_46' title='bbox 742 1395 922 1434; x_wconf 90' lang='lat' dir='ltr'>manu</span> <span class='ocrx_word' id='word_1_47' title='bbox 953 1381 1256 1448; x_wconf 81' lang='lat' dir='ltr'>reportare</span> <span class='ocrx_word' id='word_1_48' title='bbox 1289 1375 1505 1440; x_wconf 91' lang='lat' dir='ltr'>solent,</span> <span class='ocrx_word' id='word_1_49' title='bbox 1537 1371 1812 1427; x_wconf 82' lang='lat' dir='ltr'>omnibus</span> <span class='ocrx_word' id='word_1_50' title='bbox 1845 1372 1945 1442; x_wconf 93' lang='lat' dir='ltr'>qui</span> <span class='ocrx_word' id='word_1_51' title='bbox 1968 1372 2072 1427; x_wconf 92' lang='lat' dir='ltr'>illa</span> 
     </span>
    </p>
   </div>
   <div class='ocr_carea' id='block_1_11' title="bbox 419 1462 2066 1541">
    <p class='ocr_par' dir='ltr' id='par_1_11' title="bbox 419 1462 2066 1541">
     <span class='ocr_line' id='line_1_11' title="bbox 419 1462 2066 1541; baseline -0.005 -16"><span class='ocrx_word' id='word_1_52' title='bbox 419 1470 731 1541; x_wconf 81' lang='lat' dir='ltr'>largitione</span> <span class='ocrx_word' id='word_1_53' title='bbox 765 1467 1399 1537; x_wconf 76' lang='lat' dir='ltr'>diguabantur,sponte</span> <span class='ocrx_word' id='word_1_54' title='bbox 1427 1479 1626 1532; x_wconf 84' lang='lat' dir='ltr'>rogam</span> <span class='ocrx_word' id='word_1_55' title='bbox 1654 1462 1834 1530; x_wconf 82' lang='lat' dir='ltr'>auxit,</span> <span class='ocrx_word' id='word_1_56' title='bbox 1869 1462 2066 1517; x_wconf 88' lang='lat' dir='ltr'>animo</span> 
     </span>
    </p>
   </div>
   <div class='ocr_carea' id='block_1_12' title="bbox 414 1553 1592 1632">
    <p class='ocr_par' dir='ltr' id='par_1_12' title="bbox 414 1553 1592 1632">
     <span class='ocr_line' id='line_1_12' title="bbox 414 1553 1592 1632; baseline -0.008 -17"><span class='ocrx_word' id='word_1_57' title='bbox 414 1560 618 1632; x_wconf 68' lang='lat' dir='ltr'>gloriae</span> <span class='ocrx_word' id='word_1_58' title='bbox 652 1564 710 1614; x_wconf 89' lang='lat' dir='ltr'>et</span> <span class='ocrx_word' id='word_1_59' title='bbox 740 1557 970 1612; x_wconf 89' lang='lat' dir='ltr'>virtutis</span> <span class='ocrx_word' id='word_1_60' title='bbox 998 1555 1262 1610; x_wconf 89' lang='lat' dir='ltr'>studioso</span> <span class='ocrx_word' id='word_1_61' title='bbox 1293 1553 1592 1608; x_wconf 89' lang='lat' dir='ltr'>inductus.</span> 
     </span>
    </p>
   </div>
   <div class='ocr_carea' id='block_1_13' title="bbox 486 1821 2062 1897">
    <p class='ocr_par' dir='ltr' id='par_1_13' title="bbox 486 1821 2062 1897">
     <span class='ocr_line' id='line_1_13' title="bbox 486 1821 2062 1897; baseline -0.006 -15"><span class='ocrx_word' id='word_1_62' title='bbox 486 1832 537 1884; x_wconf 88' lang='lat'><strong>6.</strong></span> <span class='ocrx_word' id='word_1_63' title='bbox 571 1826 883 1882; x_wconf 87' lang='lat' dir='ltr'>Antiochia</span> <span class='ocrx_word' id='word_1_64' title='bbox 904 1841 1117 1897; x_wconf 87' lang='lat' dir='ltr'>magna</span> <span class='ocrx_word' id='word_1_65' title='bbox 1138 1823 1211 1878; x_wconf 89' lang='lat' dir='ltr'>ad</span> <span class='ocrx_word' id='word_1_66' title='bbox 1234 1824 1513 1878; x_wconf 91' lang='lat' dir='ltr'>Orontem</span> <span class='ocrx_word' id='word_1_67' title='bbox 1539 1837 1571 1876; x_wconf 90' lang='lat' dir='ltr'>a</span> <span class='ocrx_word' id='word_1_68' title='bbox 1591 1821 1918 1892; x_wconf 88' lang='lat' dir='ltr'>Nicephoro</span> <span class='ocrx_word' id='word_1_69' title='bbox 1945 1821 2062 1874; x_wconf 90' lang='lat' dir='ltr'>Au-</span> 
     </span>
    </p>
   </div>
   <div class='ocr_carea' id='block_1_14' title="bbox 1816 341 2467 404">
    <p class='ocr_par' dir='ltr' id='par_1_14' title="bbox 1816 341 2467 404">
     <span class='ocr_line' id='line_1_14' title="bbox 1816 341 2467 404; baseline 0.002 -1"><span class='ocrx_word' id='word_1_70' title='bbox 1816 341 2098 403; x_wconf 84' lang='lat' dir='ltr'>LEONIS</span> <span class='ocrx_word' id='word_1_71' title='bbox 2146 341 2467 404; x_wconf 85' lang='lat' dir='ltr'>DIACUNI</span> 
     </span>
    </p>
   </div>
   <div class='ocr_carea' id='block_1_15' title="bbox 1100 475 2053 553">
    <p class='ocr_par' dir='ltr' id='par_1_15' title="bbox 1100 477 2053 553">
     <span class='ocr_line' id='line_1_15' title="bbox 1100 477 2053 553; baseline -0.01 -16"><span class='ocrx_word' id='word_1_72' title='bbox 1100 480 1396 553; x_wconf 81' lang='lat' dir='ltr'>erogabat,</span> <span class='ocrx_word' id='word_1_73' title='bbox 1455 477 1846 546; x_wconf 87' lang='lat' dir='ltr'>ulcerosaque</span> <span class='ocrx_word' id='word_1_74' title='bbox 1902 479 2053 546; x_wconf 76' lang='lat' dir='ltr'>atqw</span> 
     </span>
    </p>
   </div>
   <div class='ocr_carea' id='block_1_16' title="bbox 2167 475 3836 553">
    <p class='ocr_par' dir='ltr' id='par_1_16' title="bbox 2191 475 3836 548">
     <span class='ocr_line' id='line_1_16' title="bbox 2191 475 3836 548; baseline 0.006 -20"><span class='ocrx_word' id='word_1_75' title='bbox 2191 475 2422 548; x_wconf 78' lang='grc' dir='ltr'>ἀριθμὸν</span> <span class='ocrx_word' id='word_1_76' title='bbox 2476 475 2952 544; x_wconf 82' lang='grc' dir='ltr'>πολυπλασιάσας,</span> <span class='ocrx_word' id='word_1_77' title='bbox 3020 479 3185 534; x_wconf 83' lang='grc' dir='ltr'>ἀνιών</span> <span class='ocrx_word' id='word_1_78' title='bbox 3241 501 3298 534; x_wconf 88' lang='grc' dir='ltr'>τε</span> <span class='ocrx_word' id='word_1_79' title='bbox 3354 483 3444 538; x_wconf 80' lang='grc' dir='ltr'>καὶ</span> <span class='ocrx_word' id='word_1_80' title='bbox 3501 483 3574 543; x_wconf 84' lang='grc' dir='ltr'>ὡς</span> <span class='ocrx_word' id='word_1_81' title='bbox 3641 483 3836 546; x_wconf 77' lang='grc' dir='ltr'>αὐτοὺς</span> 
     </span>
    </p>
   </div>
   <div class='ocr_carea' id='block_1_17' title="bbox 432 567 2085 636">
    <p class='ocr_par' dir='ltr' id='par_1_17' title="bbox 432 567 2085 636">
     <span class='ocr_line' id='line_1_17' title="bbox 432 567 2085 636; baseline -0.007 -3"><span class='ocrx_word' id='word_1_82' title='bbox 432 577 642 634; x_wconf 90' lang='lat' dir='ltr'>morbo</span> <span class='ocrx_word' id='word_1_83' title='bbox 669 575 937 631; x_wconf 86' lang='lat' dir='ltr'>confecta</span> <span class='ocrx_word' id='word_1_84' title='bbox 982 589 1187 628; x_wconf 90' lang='lat' dir='ltr'>eorum</span> <span class='ocrx_word' id='word_1_85' title='bbox 1237 569 1506 625; x_wconf 89' lang='lat' dir='ltr'>membra</span> <span class='ocrx_word' id='word_1_86' title='bbox 1545 567 1757 630; x_wconf 86' lang='lat' dir='ltr'>fovere,</span> <span class='ocrx_word' id='word_1_87' title='bbox 1791 571 2085 636; x_wconf 88' lang='lat' dir='ltr'>quatenus</span> 
     </span>
    </p>
   </div>
   <div class='ocr_carea' id='block_1_18' title="bbox 432 655 2083 729">
    <p class='ocr_par' dir='ltr' id='par_1_18' title="bbox 432 655 2083 729">
     <span class='ocr_line' id='line_1_18' title="bbox 432 655 2083 729; baseline -0.007 -7"><span class='ocrx_word' id='word_1_88' title='bbox 432 669 669 724; x_wconf 86' lang='lat' dir='ltr'>licebat.</span> <span class='ocrx_word' id='word_1_89' title='bbox 697 683 815 721; x_wconf 90' lang='lat' dir='ltr'>non</span> <span class='ocrx_word' id='word_1_90' title='bbox 839 662 1151 719; x_wconf 88' lang='lat' dir='ltr'>recusabat</span> <span class='ocrx_word' id='word_1_91' title='bbox 1175 680 1186 717; x_wconf 82' lang='lat'>:</span> <span class='ocrx_word' id='word_1_92' title='bbox 1224 661 1402 729; x_wconf 91' lang='lat' dir='ltr'>idque</span> <span class='ocrx_word' id='word_1_93' title='bbox 1425 674 1559 712; x_wconf 91' lang='lat' dir='ltr'>cum</span> <span class='ocrx_word' id='word_1_94' title='bbox 1583 655 1840 711; x_wconf 81' lang='lat' dir='ltr'>maxime</span> <span class='ocrx_word' id='word_1_95' title='bbox 1863 655 2083 711; x_wconf 85' lang='lat' dir='ltr'>delica-</span> 
     </span>
    </p>
   </div>
   <div class='ocr_carea' id='block_1_19' title="bbox 3735 351 3855 412">
    <p class='ocr_par' dir='ltr' id='par_1_19' title="bbox 3735 351 3855 412">
     <span class='ocr_line' id='line_1_19' title="bbox 3735 351 3855 412; baseline -0.008 0"><span class='ocrx_word' id='word_1_96' title='bbox 3735 351 3855 412; x_wconf 77' lang='grc'>804</span> 
     </span>
    </p>
   </div>
   <div class='ocr_carea' id='block_1_20' title="bbox 2193 568 3843 650">
    <p class='ocr_par' dir='ltr' id='par_1_20' title="bbox 2193 568 3843 650">
     <span class='ocr_line' id='line_1_20' title="bbox 2193 568 3843 650; baseline 0.006 -28"><span class='ocrx_word' id='word_1_97' title='bbox 2193 570 2657 645; x_wconf 68' lang='grc' dir='ltr'>παραγινόμενος,</span> <span class='ocrx_word' id='word_1_98' title='bbox 2717 568 2928 644; x_wconf 87' lang='grc' dir='ltr'>διένεμέ</span> <span class='ocrx_word' id='word_1_99' title='bbox 2983 593 3041 626; x_wconf 88' lang='grc' dir='ltr'>τε</span> <span class='ocrx_word' id='word_1_100' title='bbox 3089 573 3306 636; x_wconf 77' lang='grc' dir='ltr'>τούτοις</span> <span class='ocrx_word' id='word_1_101' title='bbox 3367 575 3593 650; x_wconf 86' lang='grc' dir='ltr'>χρυσὸν,</span> <span class='ocrx_word' id='word_1_102' title='bbox 3633 578 3722 631; x_wconf 83' lang='grc' dir='ltr'>καὶ</span> <span class='ocrx_word' id='word_1_103' title='bbox 3777 579 3843 633; x_wconf 81' lang='grc' dir='ltr'>τὰ</span> 
     </span>
    </p>
   </div>
   <div class='ocr_carea' id='block_1_21' title="bbox 2191 656 3843 740">
    <p class='ocr_par' dir='ltr' id='par_1_21' title="bbox 2191 656 3843 740">
     <span class='ocr_line' id='line_1_21' title="bbox 2191 656 3843 740; baseline 0.007 -28"><span class='ocrx_word' id='word_1_104' title='bbox 2191 656 2487 732; x_wconf 77' lang='grc' dir='ltr'>ἡλκωμένα</span> <span class='ocrx_word' id='word_1_105' title='bbox 2563 662 2651 714; x_wconf 83' lang='grc' dir='ltr'>καὶ</span> <span class='ocrx_word' id='word_1_106' title='bbox 2748 664 2815 734; x_wconf 81' lang='grc' dir='ltr'>τῇ</span> <span class='ocrx_word' id='word_1_107' title='bbox 2911 659 3053 734; x_wconf 87' lang='grc' dir='ltr'>νόσῳ</span> <span class='ocrx_word' id='word_1_108' title='bbox 3137 666 3567 740; x_wconf 68' lang='grc' dir='ltr'>κατειργασμένα</span> <span class='ocrx_word' id='word_1_109' title='bbox 3636 668 3843 723; x_wconf 85' lang='grc' dir='ltr'>τούτων</span> 
     </span>
    </p>
   </div>
   <div class='ocr_carea' id='block_1_22' title="bbox 2195 746 3840 828">
    <p class='ocr_par' dir='ltr' id='par_1_22' title="bbox 2195 746 3840 828">
     <span class='ocr_line' id='line_1_22' title="bbox 2195 746 3840 828; baseline 0.007 -27"><span class='ocrx_word' id='word_1_110' title='bbox 2195 746 2335 820; x_wconf 84' lang='grc' dir='ltr'>μέλη</span> <span class='ocrx_word' id='word_1_111' title='bbox 2423 748 2514 803; x_wconf 78' lang='grc' dir='ltr'>οὖν</span> <span class='ocrx_word' id='word_1_112' title='bbox 2601 749 2831 820; x_wconf 79' lang='grc' dir='ltr'>ἀπηξίου</span> <span class='ocrx_word' id='word_1_113' title='bbox 2911 753 3222 806; x_wconf 65' lang='grc' dir='ltr'>Θεόαπεύειν</span> <span class='ocrx_word' id='word_1_114' title='bbox 3336 755 3473 808; x_wconf 82' lang='grc' dir='ltr'>κατὰ</span> <span class='ocrx_word' id='word_1_115' title='bbox 3556 756 3618 810; x_wconf 89' lang='grc' dir='ltr'>τὸ</span> <span class='ocrx_word' id='word_1_116' title='bbox 3704 755 3840 828; x_wconf 84' lang='grc' dir='ltr'>ἐνὸν,</span> 
     </span>
    </p>
   </div>
   <div class='ocr_carea' id='block_1_23' title="bbox 2187 833 3842 921">
    <p class='ocr_par' dir='ltr' id='par_1_23' title="bbox 2187 833 3842 921">
     <span class='ocr_line' id='line_1_23' title="bbox 2187 833 3842 921; baseline 0.007 -30"><span class='ocrx_word' id='word_1_117' title='bbox 2187 837 2366 892; x_wconf 87' lang='grc' dir='ltr'>καίτοι</span> <span class='ocrx_word' id='word_1_118' title='bbox 2405 833 2706 912; x_wconf 78' lang='grc' dir='ltr'>ἁϐρότατος</span> <span class='ocrx_word' id='word_1_119' title='bbox 2763 838 2835 894; x_wconf 83' lang='grc' dir='ltr'>ὢν</span> <span class='ocrx_word' id='word_1_120' title='bbox 2875 841 2963 895; x_wconf 81' lang='grc' dir='ltr'>καὶ</span> <span class='ocrx_word' id='word_1_121' title='bbox 3024 840 3144 896; x_wconf 83' lang='grc' dir='ltr'>λίαν</span> <span class='ocrx_word' id='word_1_122' title='bbox 3205 841 3528 921; x_wconf 76' lang='grc' dir='ltr'>φιλόκαλος.</span> <span class='ocrx_word' id='word_1_123' title='bbox 3572 847 3842 903; x_wconf 81' lang='grc' dir='ltr'>Τοσοῦτον</span> 
     </span>
    </p>
   </div>
   <div class='ocr_carea' id='block_1_24' title="bbox 2188 928 3840 1010">
    <p class='ocr_par' dir='ltr' id='par_1_24' title="bbox 2188 928 3840 1010">
     <span class='ocr_line' id='line_1_24' title="bbox 2188 928 3840 1010; baseline 0.006 -28"><span class='ocrx_word' id='word_1_124' title='bbox 2188 928 2308 1000; x_wconf 76' lang='grc' dir='ltr'>εἶχε</span> <span class='ocrx_word' id='word_1_125' title='bbox 2351 929 2412 982; x_wconf 89' lang='grc' dir='ltr'>τὸ</span> <span class='ocrx_word' id='word_1_126' title='bbox 2461 928 2746 1008; x_wconf 71' lang='grc' dir='ltr'>φίλοικτόν</span> <span class='ocrx_word' id='word_1_127' title='bbox 2805 951 2863 984; x_wconf 89' lang='grc' dir='ltr'>τε</span> <span class='ocrx_word' id='word_1_128' title='bbox 2920 931 3008 985; x_wconf 82' lang='grc' dir='ltr'>καὶ</span> <span class='ocrx_word' id='word_1_129' title='bbox 3069 933 3342 1004; x_wconf 77' lang='grc' dir='ltr'>συμπαθὲς</span> <span class='ocrx_word' id='word_1_130' title='bbox 3372 934 3510 1008; x_wconf 86' lang='grc' dir='ltr'>πρὸς</span> <span class='ocrx_word' id='word_1_131' title='bbox 3541 935 3603 989; x_wconf 86' lang='grc' dir='ltr'>τὸ</span> <span class='ocrx_word' id='word_1_132' title='bbox 3627 937 3840 1010; x_wconf 79' lang='grc' dir='ltr'>κάμνον</span> 
     </span>
    </p>
   </div>
   <div class='ocr_carea' id='block_1_25' title="bbox 2183 1018 3831 1099">
    <p class='ocr_par' dir='ltr' id='par_1_25' title="bbox 2183 1018 3831 1099">
     <span class='ocr_line' id='line_1_25' title="bbox 2183 1018 3831 1099; baseline 0.007 -29"><span class='ocrx_word' id='word_1_133' title='bbox 2183 1024 2282 1086; x_wconf 78' lang='grc' dir='ltr'>τῆς</span> <span class='ocrx_word' id='word_1_134' title='bbox 2332 1018 2562 1096; x_wconf 74' lang='grc' dir='ltr'>φύσεως,</span> <span class='ocrx_word' id='word_1_135' title='bbox 2622 1020 2769 1092; x_wconf 79' lang='grc' dir='ltr'>παρὰ</span> <span class='ocrx_word' id='word_1_136' title='bbox 2829 1019 3059 1099; x_wconf 71' lang='grc' dir='ltr'>φαῦλον,</span> <span class='ocrx_word' id='word_1_137' title='bbox 3094 1019 3181 1076; x_wconf 77' lang='grc' dir='ltr'>ὅτε</span> <span class='ocrx_word' id='word_1_138' title='bbox 3210 1044 3327 1084; x_wconf 88' lang='grc' dir='ltr'>πως</span> <span class='ocrx_word' id='word_1_139' title='bbox 3351 1024 3569 1088; x_wconf 75' lang='grc' dir='ltr'>τούτοις</span> <span class='ocrx_word' id='word_1_140' title='bbox 3597 1025 3831 1098; x_wconf 75' lang='grc' dir='ltr'>ἀπήντα,</span> 
     </span>
    </p>
   </div>
   <div class='ocr_carea' id='block_1_26' title="bbox 2181 1106 3832 1192">
    <p class='ocr_par' dir='ltr' id='par_1_26' title="bbox 2181 1106 3832 1192">
     <span class='ocr_line' id='line_1_26' title="bbox 2181 1106 3832 1192; baseline 0.007 -32"><span class='ocrx_word' id='word_1_141' title='bbox 2181 1106 2272 1160; x_wconf 86' lang='grc' dir='ltr'>τόν</span> <span class='ocrx_word' id='word_1_142' title='bbox 2299 1127 2358 1162; x_wconf 91' lang='grc' dir='ltr'>τε</span> <span class='ocrx_word' id='word_1_143' title='bbox 2385 1115 2484 1177; x_wconf 76' lang='grc' dir='ltr'>τῆς</span> <span class='ocrx_word' id='word_1_144' title='bbox 2520 1107 2800 1183; x_wconf 83' lang='grc' dir='ltr'>βασιλείας</span> <span class='ocrx_word' id='word_1_145' title='bbox 2851 1106 3016 1183; x_wconf 74' lang='grc' dir='ltr'>ὄγκον</span> <span class='ocrx_word' id='word_1_146' title='bbox 3075 1112 3165 1165; x_wconf 77' lang='grc' dir='ltr'>καὶ</span> <span class='ocrx_word' id='word_1_147' title='bbox 3212 1113 3303 1166; x_wconf 90' lang='grc' dir='ltr'>τὸν</span> <span class='ocrx_word' id='word_1_148' title='bbox 3337 1111 3395 1166; x_wconf 85' lang='grc' dir='ltr'>ἐκ</span> <span class='ocrx_word' id='word_1_149' title='bbox 3420 1119 3520 1182; x_wconf 80' lang='grc' dir='ltr'>τῆς</span> <span class='ocrx_word' id='word_1_150' title='bbox 3569 1113 3832 1192; x_wconf 79' lang='grc' dir='ltr'>ἁλουργί-</span> 
     </span>
    </p>
   </div>
   <div class='ocr_carea' id='block_1_27' title="bbox 2183 1193 3828 1278">
    <p class='ocr_par' dir='ltr' id='par_1_27' title="bbox 2183 1193 3828 1278">
     <span class='ocr_line' id='line_1_27' title="bbox 2183 1193 3828 1278; baseline 0.007 -28"><span class='ocrx_word' id='word_1_151' title='bbox 2183 1193 2273 1258; x_wconf 85' lang='grc' dir='ltr'>δος</span> <span class='ocrx_word' id='word_1_152' title='bbox 2311 1196 2737 1271; x_wconf 86' lang='grc' dir='ltr'>ἀποτικτόμενον</span> <span class='ocrx_word' id='word_1_153' title='bbox 2791 1203 2956 1278; x_wconf 72' lang='grc' dir='ltr'>τῦφον</span> <span class='ocrx_word' id='word_1_154' title='bbox 3009 1200 3196 1262; x_wconf 83' lang='grc' dir='ltr'>τιθείς.</span> <span class='ocrx_word' id='word_1_155' title='bbox 3259 1203 3454 1276; x_wconf 84' lang='grc' dir='ltr'>Φόρων</span> <span class='ocrx_word' id='word_1_156' title='bbox 3495 1224 3552 1258; x_wconf 87' lang='grc' dir='ltr'>τε</span> <span class='ocrx_word' id='word_1_157' title='bbox 3581 1204 3828 1261; x_wconf 85' lang='grc' dir='ltr'>ἀτελειαν</span> 
     </span>
    </p>
   </div>
   <div class='ocr_carea' id='block_1_28' title="bbox 2177 1287 3829 1370">
    <p class='ocr_par' dir='ltr' id='par_1_28' title="bbox 2177 1287 3829 1370">
     <span class='ocr_line' id='line_1_28' title="bbox 2177 1287 3829 1370; baseline 0.005 -30"><span class='ocrx_word' id='word_1_158' title='bbox 2177 1291 2257 1340; x_wconf 79' lang='grc' dir='ltr'>τῶ</span> <span class='ocrx_word' id='word_1_159' title='bbox 2304 1291 2412 1341; x_wconf 77' lang='grc' dir='ltr'>τῶν</span> <span class='ocrx_word' id='word_1_160' title='bbox 2467 1287 2846 1361; x_wconf 79' lang='grc' dir='ltr'>Ἀρμενιακῶν</span> <span class='ocrx_word' id='word_1_161' title='bbox 2906 1288 3097 1362; x_wconf 82' lang='grc' dir='ltr'>θέματι</span> <span class='ocrx_word' id='word_1_162' title='bbox 3154 1292 3449 1366; x_wconf 76' lang='grc' dir='ltr'>παρέσχενο</span> <span class='ocrx_word' id='word_1_163' title='bbox 3501 1290 3695 1347; x_wconf 82' lang='grc' dir='ltr'>ἐκεῖθεν</span> <span class='ocrx_word' id='word_1_164' title='bbox 3729 1295 3829 1370; x_wconf 78' lang='grc' dir='ltr'>γὰρ</span> 
     </span>
    </p>
   </div>
   <div class='ocr_carea' id='block_1_29' title="bbox 2179 1373 3833 1458">
    <p class='ocr_par' dir='ltr' id='par_1_29' title="bbox 2179 1373 3833 1458">
     <span class='ocr_line' id='line_1_29' title="bbox 2179 1373 3833 1458; baseline 0.006 -30"><span class='ocrx_word' id='word_1_165' title='bbox 2179 1373 2429 1451; x_wconf 82' lang='grc' dir='ltr'>ὥρμητο.</span> <span class='ocrx_word' id='word_1_166' title='bbox 2465 1379 2578 1446; x_wconf 76' lang='grc' dir='ltr'>Τῆς</span> <span class='ocrx_word' id='word_1_167' title='bbox 2611 1374 2667 1431; x_wconf 75' lang='grc' dir='ltr'>δὲ</span> <span class='ocrx_word' id='word_1_168' title='bbox 2725 1376 2888 1453; x_wconf 83' lang='grc' dir='ltr'>ῥόγας</span> <span class='ocrx_word' id='word_1_169' title='bbox 2937 1376 3215 1449; x_wconf 77' lang='grc' dir='ltr'>ἐνστάσης,</span> <span class='ocrx_word' id='word_1_170' title='bbox 3247 1381 3307 1448; x_wconf 82' lang='grc' dir='ltr'>ἣν</span> <span class='ocrx_word' id='word_1_171' title='bbox 3345 1382 3379 1448; x_wconf 73' lang='grc' dir='ltr'><strong>ἢ</strong></span> <span class='ocrx_word' id='word_1_172' title='bbox 3417 1402 3475 1436; x_wconf 93' lang='grc' dir='ltr'>τε</span> <span class='ocrx_word' id='word_1_173' title='bbox 3521 1381 3833 1458; x_wconf 73' lang='grc' dir='ltr'>σύγκλητος</span> 
     </span>
    </p>
   </div>
   <div class='ocr_carea' id='block_1_30' title="bbox 2176 1464 3825 1548">
    <p class='ocr_par' dir='ltr' id='par_1_30' title="bbox 2176 1464 3825 1548">
     <span class='ocr_line' id='line_1_30' title="bbox 2176 1464 3825 1548; baseline 0.005 -29"><span class='ocrx_word' id='word_1_174' title='bbox 2176 1465 2265 1519; x_wconf 84' lang='grc' dir='ltr'>καὶ</span> <span class='ocrx_word' id='word_1_175' title='bbox 2322 1466 2385 1519; x_wconf 84' lang='grc' dir='ltr'>τὸ</span> <span class='ocrx_word' id='word_1_176' title='bbox 2440 1468 2538 1534; x_wconf 67' lang='grc' dir='ltr'>τῆς</span> <span class='ocrx_word' id='word_1_177' title='bbox 2596 1464 2877 1528; x_wconf 82' lang='grc' dir='ltr'>πολιτείας</span> <span class='ocrx_word' id='word_1_178' title='bbox 2937 1467 3139 1542; x_wconf 80' lang='grc' dir='ltr'>εὐγενὲς</span> <span class='ocrx_word' id='word_1_179' title='bbox 3195 1469 3284 1524; x_wconf 81' lang='grc' dir='ltr'>καὶ</span> <span class='ocrx_word' id='word_1_180' title='bbox 3345 1468 3647 1547; x_wconf 81' lang='grc' dir='ltr'>ἐλλόγιμον</span> <span class='ocrx_word' id='word_1_181' title='bbox 3679 1474 3825 1548; x_wconf 79' lang='grc' dir='ltr'>παρὰ</span> 
     </span>
    </p>
   </div>
   <div class='ocr_carea' id='block_1_31' title="bbox 2175 1553 3832 1637">
    <p class='ocr_par' dir='ltr' id='par_1_31' title="bbox 2175 1553 3832 1637">
     <span class='ocr_line' id='line_1_31' title="bbox 2175 1553 3832 1637; baseline 0.004 -28"><span class='ocrx_word' id='word_1_182' title='bbox 2175 1562 2272 1624; x_wconf 78' lang='grc' dir='ltr'>τῆς</span> <span class='ocrx_word' id='word_1_183' title='bbox 2328 1553 2621 1630; x_wconf 79' lang='grc' dir='ltr'>βασιλικῆς</span> <span class='ocrx_word' id='word_1_184' title='bbox 2680 1557 2868 1631; x_wconf 77' lang='grc' dir='ltr'>’χειρὸς</span> <span class='ocrx_word' id='word_1_185' title='bbox 2926 1557 3276 1637; x_wconf 73' lang='grc' dir='ltr'>ἀποφέρεται,</span> <span class='ocrx_word' id='word_1_186' title='bbox 3334 1565 3464 1614; x_wconf 78' lang='grc' dir='ltr'>πᾶσι</span> <span class='ocrx_word' id='word_1_187' title='bbox 3519 1566 3636 1624; x_wconf 91' lang='grc' dir='ltr'>τοῖς</span> <span class='ocrx_word' id='word_1_188' title='bbox 3665 1563 3832 1632; x_wconf 78' lang='grc' dir='ltr'>ἠξιω-</span> 
     </span>
    </p>
   </div>
   <div class='ocr_carea' id='block_1_32' title="bbox 2178 1643 3834 1727">
    <p class='ocr_par' dir='ltr' id='par_1_32' title="bbox 2178 1643 3834 1727">
     <span class='ocr_line' id='line_1_32' title="bbox 2178 1643 3834 1727; baseline 0.004 -28"><span class='ocrx_word' id='word_1_189' title='bbox 2178 1643 2361 1719; x_wconf 87' lang='grc' dir='ltr'>μένοις</span> <span class='ocrx_word' id='word_1_190' title='bbox 2388 1646 2617 1717; x_wconf 82' lang='grc' dir='ltr'>ταυτησὶ</span> <span class='ocrx_word' id='word_1_191' title='bbox 2655 1653 2755 1714; x_wconf 78' lang='grc' dir='ltr'>τῆς</span> <span class='ocrx_word' id='word_1_192' title='bbox 2782 1643 3009 1722; x_wconf 79' lang='grc' dir='ltr'>δωρεᾶς,</span> <span class='ocrx_word' id='word_1_193' title='bbox 3043 1653 3244 1723; x_wconf 79' lang='grc' dir='ltr'>προῖκα</span> <span class='ocrx_word' id='word_1_194' title='bbox 3301 1650 3400 1717; x_wconf 79' lang='grc' dir='ltr'>τὴν</span> <span class='ocrx_word' id='word_1_195' title='bbox 3459 1649 3624 1727; x_wconf 73' lang='grc' dir='ltr'>ῥόγαν</span> <span class='ocrx_word' id='word_1_196' title='bbox 3668 1649 3834 1722; x_wconf 83' lang='grc' dir='ltr'>έπήυ-</span> 
     </span>
    </p>
   </div>
   <div class='ocr_carea' id='block_1_33' title="bbox 2171 1733 3681 1816">
    <p class='ocr_par' dir='ltr' id='par_1_33' title="bbox 2171 1733 3681 1816">
     <span class='ocr_line' id='line_1_33' title="bbox 2171 1733 3681 1816; baseline 0.005 -27"><span class='ocrx_word' id='word_1_197' title='bbox 2171 1736 2320 1806; x_wconf 82' lang='grc' dir='ltr'>ξησε,</span> <span class='ocrx_word' id='word_1_198' title='bbox 2353 1733 2636 1814; x_wconf 74' lang='grc' dir='ltr'>φιλοτίμῳ</span> <span class='ocrx_word' id='word_1_199' title='bbox 2665 1735 2754 1790; x_wconf 78' lang='grc' dir='ltr'>καὶ</span> <span class='ocrx_word' id='word_1_200' title='bbox 2787 1735 3079 1816; x_wconf 67' lang='grc' dir='ltr'>φιλαγάθῳ</span> <span class='ocrx_word' id='word_1_201' title='bbox 3111 1739 3306 1814; x_wconf 84' lang='grc' dir='ltr'>γνώμῃ</span> <span class='ocrx_word' id='word_1_202' title='bbox 3340 1740 3681 1813; x_wconf 85' lang='grc' dir='ltr'>κινούμενος.</span> 
     </span>
    </p>
   </div>
   <div class='ocr_carea' id='block_1_34' title="bbox 2249 1821 3826 1905">
    <p class='ocr_par' dir='ltr' id='par_1_34' title="bbox 2249 1821 3826 1905">
     <span class='ocr_line' id='line_1_34' title="bbox 2249 1821 3826 1905; baseline 0.003 -27"><span class='ocrx_word' id='word_1_203' title='bbox 2249 1826 2306 1894; x_wconf 87' lang='grc' dir='ltr'>ζ’.</span> <span class='ocrx_word' id='word_1_204' title='bbox 2363 1821 2505 1895; x_wconf 84' lang='grc' dir='ltr'>ἽΙδη</span> <span class='ocrx_word' id='word_1_205' title='bbox 2567 1822 2623 1878; x_wconf 70' lang='grc' dir='ltr'>δὲ</span> <span class='ocrx_word' id='word_1_206' title='bbox 2678 1831 2780 1893; x_wconf 79' lang='grc' dir='ltr'>τῆς</span> <span class='ocrx_word' id='word_1_207' title='bbox 2828 1826 2966 1896; x_wconf 86' lang='grc' dir='ltr'>πρὸς</span> <span class='ocrx_word' id='word_1_208' title='bbox 3010 1827 3239 1900; x_wconf 79' lang='grc' dir='ltr'>Ὀρόντῃ</span> <span class='ocrx_word' id='word_1_209' title='bbox 3275 1830 3388 1900; x_wconf 74' lang='grc'>(26)</span> <span class='ocrx_word' id='word_1_210' title='bbox 3423 1827 3674 1905; x_wconf 85' lang='grc' dir='ltr'>μεγάλης</span> <span class='ocrx_word' id='word_1_211' title='bbox 3704 1831 3826 1884; x_wconf 82' lang='grc' dir='ltr'>Ἀν-</span> 
     </span>
    </p>
   </div>
   <div class='ocr_carea' id='block_1_35' title="bbox 409 1887 2053 1996">
    <p class='ocr_par' dir='ltr' id='par_1_35' title="bbox 409 1887 2053 1988">
     <span class='ocr_line' id='line_1_35' title="bbox 409 1887 2053 1988; baseline -0.002 -18"><span class='ocrx_word' id='word_1_212' title='bbox 409 1922 577 1988; x_wconf 85' lang='lat' dir='ltr'>gusto</span> <span class='ocrx_word' id='word_1_213' title='bbox 593 1922 764 1987; x_wconf 89' lang='lat' dir='ltr'>capta</span> <span class='ocrx_word' id='word_1_214' title='bbox 776 1931 902 1970; x_wconf 92' lang='lat' dir='ltr'>cum</span> <span class='ocrx_word' id='word_1_215' title='bbox 920 1887 1353 1969; x_wconf 58' lang='lat' dir='ltr'>essetantistite</span> <span class='ocrx_word' id='word_1_216' title='bbox 1367 1927 1666 1966; x_wconf 88' lang='lat' dir='ltr'>sacrorum</span> <span class='ocrx_word' id='word_1_217' title='bbox 1679 1909 2053 1966; x_wconf 67' lang='lat' dir='ltr'>viduatamau</span> 
     </span>
    </p>
   </div>
   <div class='ocr_carea' id='block_1_36' title="bbox 2167 1887 3819 1996">
    <p class='ocr_par' dir='ltr' id='par_1_36' title="bbox 2169 1914 3819 1996">
     <span class='ocr_line' id='line_1_36' title="bbox 2169 1914 3819 1996; baseline 0.004 -30"><span class='ocrx_word' id='word_1_218' title='bbox 2169 1914 2416 1988; x_wconf 88' lang='grc' dir='ltr'>τιοχείας</span> <span class='ocrx_word' id='word_1_219' title='bbox 2448 1933 2583 1988; x_wconf 91' lang='grc' dir='ltr'>προς</span> <span class='ocrx_word' id='word_1_220' title='bbox 2611 1917 2706 1968; x_wconf 77' lang='grc' dir='ltr'>τοῦ</span> <span class='ocrx_word' id='word_1_221' title='bbox 2751 1914 3155 1989; x_wconf 79' lang='grc' dir='ltr'>αὐτοκράτορος</span> <span class='ocrx_word' id='word_1_222' title='bbox 3201 1917 3520 1996; x_wconf 69' lang='grc' dir='ltr'>Νικηφόρου</span> <span class='ocrx_word' id='word_1_223' title='bbox 3553 1916 3819 1990; x_wconf 77' lang='grc' dir='ltr'>ἀλούσης,</span> 
     </span>
    </p>
   </div>
   <div class='ocr_carea' id='block_1_37' title="bbox 413 2001 2063 2076">
    <p class='ocr_par' dir='ltr' id='par_1_37' title="bbox 413 2001 2063 2076">
     <span class='ocr_line' id='line_1_37' title="bbox 413 2001 2063 2076; baseline -0.002 -16"><span class='ocrx_word' id='word_1_224' title='bbox 413 2007 513 2076; x_wconf 89' lang='lat' dir='ltr'>qui</span> <span class='ocrx_word' id='word_1_225' title='bbox 546 2013 682 2060; x_wconf 88' lang='lat' dir='ltr'>ante</span> <span class='ocrx_word' id='word_1_226' title='bbox 715 2007 774 2060; x_wconf 92' lang='lat' dir='ltr'>in</span> <span class='ocrx_word' id='word_1_227' title='bbox 807 2021 876 2059; x_wconf 91' lang='lat' dir='ltr'>ea</span> <span class='ocrx_word' id='word_1_228' title='bbox 907 2004 1244 2058; x_wconf 89' lang='lat' dir='ltr'>dominatus</span> <span class='ocrx_word' id='word_1_229' title='bbox 1277 2007 1402 2056; x_wconf 90' lang='lat' dir='ltr'>erat</span> <span class='ocrx_word' id='word_1_230' title='bbox 1445 2001 1770 2054; x_wconf 87' lang='lat' dir='ltr'>Saracenus</span> <span class='ocrx_word' id='word_1_231' title='bbox 1799 2002 2063 2056; x_wconf 92' lang='lat' dir='ltr'>Christo-</span> 
     </span>
    </p>
   </div>
   <div class='ocr_carea' id='block_1_38' title="bbox 410 2088 2059 2166">
    <p class='ocr_par' dir='ltr' id='par_1_38' title="bbox 410 2088 2059 2166">
     <span class='ocr_line' id='line_1_38' title="bbox 410 2088 2059 2166; baseline -0.004 -17"><span class='ocrx_word' id='word_1_232' title='bbox 410 2095 663 2166; x_wconf 89' lang='lat' dir='ltr'>phorum</span> <span class='ocrx_word' id='word_1_233' title='bbox 696 2093 1118 2165; x_wconf 84' lang='lat' dir='ltr'>patriarcham,</span> <span class='ocrx_word' id='word_1_234' title='bbox 1151 2090 1540 2161; x_wconf 89' lang='lat' dir='ltr'>apostolicum</span> <span class='ocrx_word' id='word_1_235' title='bbox 1581 2105 1648 2143; x_wconf 91' lang='lat' dir='ltr'>ac</span> <span class='ocrx_word' id='word_1_236' title='bbox 1679 2088 1941 2143; x_wconf 91' lang='lat' dir='ltr'>divinum</span> <span class='ocrx_word' id='word_1_237' title='bbox 1975 2091 2059 2144; x_wconf 82' lang='lat' dir='ltr'>vi-</span> 
     </span>
    </p>
   </div>
   <div class='ocr_carea' id='block_1_39' title="bbox 407 2178 2058 2256">
    <p class='ocr_par' dir='ltr' id='par_1_39' title="bbox 407 2178 2058 2256">
     <span class='ocr_line' id='line_1_39' title="bbox 407 2178 2058 2256; baseline -0.003 -17"><span class='ocrx_word' id='word_1_238' title='bbox 407 2203 561 2252; x_wconf 91' lang='lat' dir='ltr'>rum,</span> <span class='ocrx_word' id='word_1_239' title='bbox 594 2185 714 2256; x_wconf 93' lang='lat' dir='ltr'>pilo</span> <span class='ocrx_word' id='word_1_240' title='bbox 747 2200 854 2254; x_wconf 91' lang='lat' dir='ltr'>per</span> <span class='ocrx_word' id='word_1_241' title='bbox 883 2188 1090 2254; x_wconf 89' lang='lat' dir='ltr'>pectus</span> <span class='ocrx_word' id='word_1_242' title='bbox 1139 2181 1345 2235; x_wconf 90' lang='lat' dir='ltr'>adacto</span> <span class='ocrx_word' id='word_1_243' title='bbox 1392 2178 1788 2245; x_wconf 86' lang='lat' dir='ltr'>interfecerat,</span> <span class='ocrx_word' id='word_1_244' title='bbox 1824 2180 2058 2235; x_wconf 89' lang='lat' dir='ltr'>crimini</span> 
     </span>
    </p>
   </div>
   <div class='ocr_carea' id='block_1_40' title="bbox 405 2268 2059 2343">
    <p class='ocr_par' dir='ltr' id='par_1_40' title="bbox 405 2268 2059 2343">
     <span class='ocr_line' id='line_1_40' title="bbox 405 2268 2059 2343; baseline -0.002 -16"><span class='ocrx_word' id='word_1_245' title='bbox 405 2274 456 2327; x_wconf 89' lang='lat' dir='ltr'>ei</span> <span class='ocrx_word' id='word_1_246' title='bbox 491 2273 640 2328; x_wconf 90' lang='lat' dir='ltr'>dans</span> <span class='ocrx_word' id='word_1_247' title='bbox 673 2274 954 2343; x_wconf 89' lang='lat' dir='ltr'>pietatem</span> <span class='ocrx_word' id='word_1_248' title='bbox 987 2271 1047 2325; x_wconf 89' lang='lat' dir='ltr'>in</span> <span class='ocrx_word' id='word_1_249' title='bbox 1081 2271 1449 2325; x_wconf 84' lang='lat' dir='ltr'>Servatorem</span> <span class='ocrx_word' id='word_1_250' title='bbox 1497 2268 1841 2339; x_wconf 88' lang='lat' dir='ltr'>Christum),</span> <span class='ocrx_word' id='word_1_251' title='bbox 1897 2269 2059 2324; x_wconf 91' lang='lat' dir='ltr'>illius</span> 
     </span>
    </p>
   </div>
   <div class='ocr_carea' id='block_1_41' title="bbox 405 2359 2060 2433">
    <p class='ocr_par' dir='ltr' id='par_1_41' title="bbox 405 2359 2060 2433">
     <span class='ocr_line' id='line_1_41' title="bbox 405 2359 2060 2433; baseline -0.002 -17"><span class='ocrx_word' id='word_1_252' title='bbox 405 2363 682 2433; x_wconf 80' lang='lat' dir='ltr'>conjugio</span> <span class='ocrx_word' id='word_1_253' title='bbox 743 2361 1052 2416; x_wconf 89' lang='lat' dir='ltr'>consulere</span> <span class='ocrx_word' id='word_1_254' title='bbox 1112 2359 1378 2429; x_wconf 89' lang='lat' dir='ltr'>cupiens,</span> <span class='ocrx_word' id='word_1_255' title='bbox 1435 2359 1691 2413; x_wconf 84' lang='lat' dir='ltr'>Joannes</span> <span class='ocrx_word' id='word_1_256' title='bbox 1737 2359 2060 2428; x_wconf 88' lang='lat' dir='ltr'>imperator</span> 
     </span>
    </p>
   </div>
   <div class='ocr_carea' id='block_1_42' title="bbox 406 2445 2058 2523">
    <p class='ocr_par' dir='ltr' id='par_1_42' title="bbox 406 2445 2058 2523">
     <span class='ocr_line' id='line_1_42' title="bbox 406 2445 2058 2523; baseline -0.004 -17"><span class='ocrx_word' id='word_1_257' title='bbox 406 2468 624 2523; x_wconf 85' lang='lat' dir='ltr'>magno</span> <span class='ocrx_word' id='word_1_258' title='bbox 649 2449 841 2504; x_wconf 91' lang='lat' dir='ltr'>studio</span> <span class='ocrx_word' id='word_1_259' title='bbox 865 2449 937 2504; x_wconf 89' lang='lat' dir='ltr'>ad</span> <span class='ocrx_word' id='word_1_260' title='bbox 961 2449 1018 2503; x_wconf 93' lang='lat' dir='ltr'>id</span> <span class='ocrx_word' id='word_1_261' title='bbox 1042 2448 1513 2516; x_wconf 84' lang='lat' dir='ltr'>incumbebat,ut</span> <span class='ocrx_word' id='word_1_262' title='bbox 1533 2446 1794 2515; x_wconf 88' lang='lat' dir='ltr'>aliquem</span> <span class='ocrx_word' id='word_1_263' title='bbox 1817 2445 2058 2516; x_wconf 90' lang='lat' dir='ltr'>amplis-</span> 
     </span>
    </p>
   </div>
   <div class='ocr_carea' id='block_1_43' title="bbox 409 2535 2056 2610">
    <p class='ocr_par' dir='ltr' id='par_1_43' title="bbox 409 2535 2056 2610">
     <span class='ocr_line' id='line_1_43' title="bbox 409 2535 2056 2610; baseline -0.004 -14"><span class='ocrx_word' id='word_1_264' title='bbox 409 2542 557 2596; x_wconf 91' lang='lat' dir='ltr'>simo</span> <span class='ocrx_word' id='word_1_265' title='bbox 589 2542 726 2596; x_wconf 91' lang='lat' dir='ltr'>huic</span> <span class='ocrx_word' id='word_1_266' title='bbox 758 2541 1088 2596; x_wconf 89' lang='lat' dir='ltr'>sacerdotio</span> <span class='ocrx_word' id='word_1_267' title='bbox 1119 2539 1364 2610; x_wconf 88' lang='lat' dir='ltr'>dignum</span> <span class='ocrx_word' id='word_1_268' title='bbox 1396 2536 1706 2592; x_wconf 90' lang='lat' dir='ltr'>inveniret.</span> <span class='ocrx_word' id='word_1_269' title='bbox 1737 2537 1860 2600; x_wconf 90' lang='lat' dir='ltr'>Qua</span> <span class='ocrx_word' id='word_1_270' title='bbox 1891 2535 1962 2590; x_wconf 94' lang='lat' dir='ltr'>de</span> <span class='ocrx_word' id='word_1_271' title='bbox 1995 2553 2056 2590; x_wconf 92' lang='lat' dir='ltr'>re</span> 
     </span>
    </p>
   </div>
   <div class='ocr_carea' id='block_1_44' title="bbox 406 2625 2055 2700">
    <p class='ocr_par' dir='ltr' id='par_1_44' title="bbox 406 2625 2055 2700">
     <span class='ocr_line' id='line_1_44' title="bbox 406 2625 2055 2700; baseline -0.004 -15"><span class='ocrx_word' id='word_1_272' title='bbox 406 2647 541 2685; x_wconf 89' lang='lat' dir='ltr'>cum</span> <span class='ocrx_word' id='word_1_273' title='bbox 575 2630 830 2684; x_wconf 90' lang='lat' dir='ltr'>multum</span> <span class='ocrx_word' id='word_1_274' title='bbox 875 2629 1095 2699; x_wconf 91' lang='lat' dir='ltr'>diuque</span> <span class='ocrx_word' id='word_1_275' title='bbox 1145 2628 1480 2700; x_wconf 87' lang='lat' dir='ltr'>cogitasset,</span> <span class='ocrx_word' id='word_1_276' title='bbox 1521 2626 1681 2680; x_wconf 81' lang='lat' dir='ltr'>venit</span> <span class='ocrx_word' id='word_1_277' title='bbox 1710 2625 1762 2680; x_wconf 94' lang='lat' dir='ltr'>ei</span> <span class='ocrx_word' id='word_1_278' title='bbox 1793 2625 1854 2679; x_wconf 91' lang='lat' dir='ltr'>in</span> <span class='ocrx_word' id='word_1_279' title='bbox 1887 2641 2055 2679; x_wconf 92' lang='lat' dir='ltr'>men-</span> 
     </span>
    </p>
   </div>
   <div class='ocr_carea' id='block_1_45' title="bbox 405 2714 2056 2784">
    <p class='ocr_par' dir='ltr' id='par_1_45' title="bbox 405 2714 2056 2784">
     <span class='ocr_line' id='line_1_45' title="bbox 405 2714 2056 2784; baseline -0.004 -11"><span class='ocrx_word' id='word_1_280' title='bbox 405 2724 523 2773; x_wconf 88' lang='lat' dir='ltr'>tem</span> <span class='ocrx_word' id='word_1_281' title='bbox 554 2719 896 2773; x_wconf 90' lang='lat' dir='ltr'>Theodorus</span> <span class='ocrx_word' id='word_1_282' title='bbox 927 2716 1318 2783; x_wconf 88' lang='lat' dir='ltr'>Coloniensis,</span> <span class='ocrx_word' id='word_1_283' title='bbox 1353 2716 1440 2769; x_wconf 90' lang='lat' dir='ltr'>vir</span> <span class='ocrx_word' id='word_1_284' title='bbox 1491 2715 1592 2784; x_wconf 92' lang='lat' dir='ltr'>qui</span> <span class='ocrx_word' id='word_1_285' title='bbox 1622 2731 1652 2768; x_wconf 88' lang='lat' dir='ltr'>a</span> <span class='ocrx_word' id='word_1_286' title='bbox 1687 2714 1909 2768; x_wconf 92' lang='lat' dir='ltr'>teneris</span> <span class='ocrx_word' id='word_1_287' title='bbox 1941 2730 2056 2768; x_wconf 80' lang='lat' dir='ltr'>un-</span> 
     </span>
    </p>
   </div>
   <div class='ocr_carea' id='block_1_46' title="bbox 398 2804 2056 2881">
    <p class='ocr_par' dir='ltr' id='par_1_46' title="bbox 398 2804 2056 2881">
     <span class='ocr_line' id='line_1_46' title="bbox 398 2804 2056 2881; baseline -0.004 -17"><span class='ocrx_word' id='word_1_288' title='bbox 398 2809 672 2881; x_wconf 90' lang='lat' dir='ltr'>guiculis,</span> <span class='ocrx_word' id='word_1_289' title='bbox 707 2809 976 2864; x_wconf 87' lang='lat' dir='ltr'>solitaria</span> <span class='ocrx_word' id='word_1_290' title='bbox 1032 2825 1100 2863; x_wconf 93' lang='lat' dir='ltr'>ac</span> <span class='ocrx_word' id='word_1_291' title='bbox 1156 2808 1358 2878; x_wconf 90' lang='lat' dir='ltr'>quieta</span> <span class='ocrx_word' id='word_1_292' title='bbox 1411 2806 1534 2860; x_wconf 89' lang='lat' dir='ltr'>vita</span> <span class='ocrx_word' id='word_1_293' title='bbox 1586 2805 1792 2872; x_wconf 89' lang='lat' dir='ltr'>electa,</span> <span class='ocrx_word' id='word_1_294' title='bbox 1851 2804 2056 2859; x_wconf 90' lang='lat' dir='ltr'>multis</span> 
     </span>
    </p>
   </div>
   <div class='ocr_carea' id='block_1_47' title="bbox 400 2894 2052 2966">
    <p class='ocr_par' dir='ltr' id='par_1_47' title="bbox 400 2894 2052 2966">
     <span class='ocr_line' id='line_1_47' title="bbox 400 2894 2052 2966; baseline -0.002 -13"><span class='ocrx_word' id='word_1_295' title='bbox 400 2898 670 2953; x_wconf 89' lang='lat' dir='ltr'>asceticis</span> <span class='ocrx_word' id='word_1_296' title='bbox 703 2898 1018 2952; x_wconf 89' lang='lat' dir='ltr'>sudoribus</span> <span class='ocrx_word' id='word_1_297' title='bbox 1047 2897 1231 2951; x_wconf 88' lang='lat' dir='ltr'>animi</span> <span class='ocrx_word' id='word_1_298' title='bbox 1259 2895 1654 2966; x_wconf 89' lang='lat' dir='ltr'>appetitiones</span> <span class='ocrx_word' id='word_1_299' title='bbox 1687 2894 2052 2949; x_wconf 90' lang='lat' dir='ltr'>edomuerat.</span> 
     </span>
    </p>
   </div>
   <div class='ocr_carea' id='block_1_48' title="bbox 397 2983 2052 3051">
    <p class='ocr_par' dir='ltr' id='par_1_48' title="bbox 397 2983 2052 3051">
     <span class='ocr_line' id='line_1_48' title="bbox 397 2983 2052 3051; baseline -0.002 -10"><span class='ocrx_word' id='word_1_300' title='bbox 397 2987 603 3042; x_wconf 88' lang='lat' dir='ltr'>Cilicia</span> <span class='ocrx_word' id='word_1_301' title='bbox 634 2988 794 3042; x_wconf 90' lang='lat' dir='ltr'>enim</span> <span class='ocrx_word' id='word_1_302' title='bbox 843 2987 1088 3042; x_wconf 87' lang='lat' dir='ltr'>indutus</span> <span class='ocrx_word' id='word_1_303' title='bbox 1143 2987 1289 3040; x_wconf 74' lang='lat' dir='ltr'>I0]</span> <span class='ocrx_word' id='word_1_304' title='bbox 1346 2985 1636 3051; x_wconf 87' lang='lat' dir='ltr'>tunicula,</span> <span class='ocrx_word' id='word_1_305' title='bbox 1671 2984 1824 3038; x_wconf 87' lang='lat' dir='ltr'>hanc</span> <span class='ocrx_word' id='word_1_306' title='bbox 1871 2983 2052 3050; x_wconf 82' lang='lat' dir='ltr'>ferro,</span> 
     </span>
    </p>
   </div>
   <div class='ocr_carea' id='block_1_49' title="bbox 398 3072 2051 3146">
    <p class='ocr_par' dir='ltr' id='par_1_49' title="bbox 398 3072 2051 3146">
     <span class='ocr_line' id='line_1_49' title="bbox 398 3072 2051 3146; baseline -0.003 -16"><span class='ocrx_word' id='word_1_307' title='bbox 398 3077 556 3146; x_wconf 92' lang='lat' dir='ltr'>quod</span> <span class='ocrx_word' id='word_1_308' title='bbox 575 3076 648 3130; x_wconf 89' lang='lat' dir='ltr'>ad</span> <span class='ocrx_word' id='word_1_309' title='bbox 673 3077 1060 3131; x_wconf 90' lang='lat' dir='ltr'>cruciandum</span> <span class='ocrx_word' id='word_1_310' title='bbox 1079 3091 1291 3146; x_wconf 90' lang='lat' dir='ltr'>corpus</span> <span class='ocrx_word' id='word_1_311' title='bbox 1312 3072 2051 3143; x_wconf 83' lang='lat' dir='ltr'>ferebat,superinjectam,</span> 
     </span>
    </p>
   </div>
   <div class='ocr_carea' id='block_1_50' title="bbox 399 3162 2051 3238">
    <p class='ocr_par' dir='ltr' id='par_1_50' title="bbox 399 3162 2051 3238">
     <span class='ocr_line' id='line_1_50' title="bbox 399 3162 2051 3238; baseline -0.003 -18"><span class='ocrx_word' id='word_1_312' title='bbox 399 3167 696 3238; x_wconf 87' lang='lat' dir='ltr'>deponere</span> <span class='ocrx_word' id='word_1_313' title='bbox 717 3185 837 3222; x_wconf 92' lang='lat' dir='ltr'>non</span> <span class='ocrx_word' id='word_1_314' title='bbox 857 3166 1457 3236; x_wconf 85' lang='lat' dir='ltr'>solebat,priusquam</span> <span class='ocrx_word' id='word_1_315' title='bbox 1477 3163 1718 3218; x_wconf 92' lang='lat' dir='ltr'>omnino</span> <span class='ocrx_word' id='word_1_316' title='bbox 1733 3162 2051 3228; x_wconf 83' lang='lat' dir='ltr'>difflueret,</span> 
     </span>
    </p>
   </div>
   <div class='ocr_carea' id='block_1_51' title="bbox 2164 2002 3806 2083">
    <p class='ocr_par' dir='ltr' id='par_1_51' title="bbox 2164 2002 3806 2083">
     <span class='ocr_line' id='line_1_51' title="bbox 2164 2002 3806 2083; baseline 0.002 -25"><span class='ocrx_word' id='word_1_317' title='bbox 2164 2002 2379 2058; x_wconf 76' lang='grc' dir='ltr'>καὶτοῦ</span> <span class='ocrx_word' id='word_1_318' title='bbox 2409 2003 2795 2078; x_wconf 76' lang='grc' dir='ltr'>ἱεραρχοῦντος</span> <span class='ocrx_word' id='word_1_319' title='bbox 2827 2003 3176 2078; x_wconf 82' lang='grc' dir='ltr'>χηρευούσης</span> <span class='ocrx_word' id='word_1_320' title='bbox 3232 2006 3282 2077; x_wconf 89' lang='grc' dir='ltr'>(ὁ</span> <span class='ocrx_word' id='word_1_321' title='bbox 3341 2007 3444 2082; x_wconf 83' lang='grc' dir='ltr'>γὰρ</span> <span class='ocrx_word' id='word_1_322' title='bbox 3496 2008 3557 2060; x_wconf 83' lang='grc' dir='ltr'>τὸ</span> <span class='ocrx_word' id='word_1_323' title='bbox 3613 2007 3806 2083; x_wconf 83' lang='grc' dir='ltr'>πρότε-</span> 
     </span>
    </p>
   </div>
   <div class='ocr_carea' id='block_1_52' title="bbox 2165 2090 3818 2173">
    <p class='ocr_par' dir='ltr' id='par_1_52' title="bbox 2165 2090 3818 2173">
     <span class='ocr_line' id='line_1_52' title="bbox 2165 2090 3818 2173; baseline 0.003 -27"><span class='ocrx_word' id='word_1_324' title='bbox 2165 2113 2258 2166; x_wconf 89' lang='grc' dir='ltr'>ρον</span> <span class='ocrx_word' id='word_1_325' title='bbox 2317 2093 2610 2167; x_wconf 85' lang='grc' dir='ltr'>κατάρχων</span> <span class='ocrx_word' id='word_1_326' title='bbox 2664 2090 2866 2161; x_wconf 78' lang='grc' dir='ltr'>ταύτης</span> <span class='ocrx_word' id='word_1_327' title='bbox 2943 2093 3250 2170; x_wconf 86' lang='grc' dir='ltr'>Ἀγαρηνὸς</span> <span class='ocrx_word' id='word_1_328' title='bbox 3319 2094 3409 2148; x_wconf 87' lang='grc' dir='ltr'>τὸν</span> <span class='ocrx_word' id='word_1_329' title='bbox 3467 2097 3818 2173; x_wconf 87' lang='grc' dir='ltr'>πατριάρχην</span> 
     </span>
    </p>
   </div>
   <div class='ocr_carea' id='block_1_53' title="bbox 2165 2179 3818 2260">
    <p class='ocr_par' dir='ltr' id='par_1_53' title="bbox 2165 2179 3818 2260">
     <span class='ocr_line' id='line_1_53' title="bbox 2165 2179 3818 2260; baseline 0.004 -25"><span class='ocrx_word' id='word_1_330' title='bbox 2165 2183 2560 2260; x_wconf 73' lang='grc' dir='ltr'>Χριστοφὸρον,</span> <span class='ocrx_word' id='word_1_331' title='bbox 2618 2179 2983 2236; x_wconf 85' lang='grc' dir='ltr'>άποστολικὸν</span> <span class='ocrx_word' id='word_1_332' title='bbox 3045 2179 3212 2257; x_wconf 74' lang='grc' dir='ltr'>ἄνδρα</span> <span class='ocrx_word' id='word_1_333' title='bbox 3255 2203 3311 2238; x_wconf 91' lang='grc' dir='ltr'>τε</span> <span class='ocrx_word' id='word_1_334' title='bbox 3368 2183 3458 2238; x_wconf 83' lang='grc' dir='ltr'>καὶ</span> <span class='ocrx_word' id='word_1_335' title='bbox 3515 2184 3818 2258; x_wconf 84' lang='grc' dir='ltr'>θεσπέσιον,</span> 
     </span>
    </p>
   </div>
   <div class='ocr_carea' id='block_1_54' title="bbox 2162 2269 3817 2348">
    <p class='ocr_par' dir='ltr' id='par_1_54' title="bbox 2162 2269 3817 2348">
     <span class='ocr_line' id='line_1_54' title="bbox 2162 2269 3817 2348; baseline 0.004 -23"><span class='ocrx_word' id='word_1_336' title='bbox 2162 2269 2396 2340; x_wconf 77' lang='grc' dir='ltr'>ἀνεῖλεν,</span> <span class='ocrx_word' id='word_1_337' title='bbox 2455 2270 2702 2326; x_wconf 81' lang='grc' dir='ltr'>ἀκόντιον</span> <span class='ocrx_word' id='word_1_338' title='bbox 2762 2272 2896 2326; x_wconf 80' lang='grc' dir='ltr'>κατὰ</span> <span class='ocrx_word' id='word_1_339' title='bbox 2951 2277 3059 2326; x_wconf 81' lang='grc' dir='ltr'>τῶν</span> <span class='ocrx_word' id='word_1_340' title='bbox 3121 2270 3355 2348; x_wconf 75' lang='grc' dir='ltr'>στέρνων</span> <span class='ocrx_word' id='word_1_341' title='bbox 3405 2275 3575 2330; x_wconf 78' lang='grc' dir='ltr'>αὐτοῦ</span> <span class='ocrx_word' id='word_1_342' title='bbox 3634 2273 3817 2331; x_wconf 83' lang='grc' dir='ltr'>διελά⁶</span> 
     </span>
    </p>
   </div>
   <div class='ocr_carea' id='block_1_55' title="bbox 2164 2357 3818 2438">
    <p class='ocr_par' dir='ltr' id='par_1_55' title="bbox 2164 2357 3818 2438">
     <span class='ocr_line' id='line_1_55' title="bbox 2164 2357 3818 2438; baseline 0.002 -24"><span class='ocrx_word' id='word_1_343' title='bbox 2164 2381 2281 2430; x_wconf 87' lang='grc' dir='ltr'>σας,</span> <span class='ocrx_word' id='word_1_344' title='bbox 2341 2357 2599 2436; x_wconf 83' lang='grc' dir='ltr'>ἔγκλημα</span> <span class='ocrx_word' id='word_1_345' title='bbox 2655 2357 2846 2434; x_wconf 82' lang='grc' dir='ltr'>τάνδρὶ</span> <span class='ocrx_word' id='word_1_346' title='bbox 2899 2360 2976 2422; x_wconf 83' lang='grc' dir='ltr'>εἰς</span> <span class='ocrx_word' id='word_1_347' title='bbox 3030 2361 3120 2415; x_wconf 88' lang='grc' dir='ltr'>τὸν</span> <span class='ocrx_word' id='word_1_348' title='bbox 3174 2362 3222 2399; x_wconf 78' lang='grc'>¹⁹</span> <span class='ocrx_word' id='word_1_349' title='bbox 3301 2369 3533 2438; x_wconf 83' lang='grc' dir='ltr'>Σωτῆρα</span> <span class='ocrx_word' id='word_1_350' title='bbox 3590 2365 3818 2438; x_wconf 81' lang='grc' dir='ltr'>Χριστὸν</span> 
     </span>
    </p>
   </div>
   <div class='ocr_carea' id='block_1_56' title="bbox 2162 2445 3822 2530">
    <p class='ocr_par' dir='ltr' id='par_1_56' title="bbox 2162 2445 3822 2530">
     <span class='ocr_line' id='line_1_56' title="bbox 2162 2445 3822 2530; baseline 0.004 -27"><span class='ocrx_word' id='word_1_351' title='bbox 2162 2448 2380 2526; x_wconf 81' lang='grc' dir='ltr'>ἐπάγων</span> <span class='ocrx_word' id='word_1_352' title='bbox 2436 2445 2757 2522; x_wconf 84' lang='grc' dir='ltr'>εὐσέϐειαν),</span> <span class='ocrx_word' id='word_1_353' title='bbox 2811 2451 3014 2520; x_wconf 87' lang='grc' dir='ltr'>ταύτης</span> <span class='ocrx_word' id='word_1_354' title='bbox 3073 2451 3164 2505; x_wconf 83' lang='grc' dir='ltr'>τὸν</span> <span class='ocrx_word' id='word_1_355' title='bbox 3225 2453 3578 2526; x_wconf 87' lang='grc' dir='ltr'>συνοικισμὸν</span> <span class='ocrx_word' id='word_1_356' title='bbox 3621 2456 3822 2530; x_wconf 83' lang='grc' dir='ltr'>προὺρ-</span> 
     </span>
    </p>
   </div>
   <div class='ocr_carea' id='block_1_57' title="bbox 2159 2537 3815 2616">
    <p class='ocr_par' dir='ltr' id='par_1_57' title="bbox 2159 2537 3815 2616">
     <span class='ocr_line' id='line_1_57' title="bbox 2159 2537 3815 2616; baseline 0.002 -22"><span class='ocrx_word' id='word_1_357' title='bbox 2159 2539 2430 2613; x_wconf 84' lang='grc' dir='ltr'>γιαίτερον</span> <span class='ocrx_word' id='word_1_358' title='bbox 2505 2540 2532 2594; x_wconf 97' lang='lat'>6</span> <span class='ocrx_word' id='word_1_359' title='bbox 2611 2537 2869 2614; x_wconf 82' lang='grc' dir='ltr'>βασιλεὺς</span> <span class='ocrx_word' id='word_1_360' title='bbox 2953 2541 3210 2612; x_wconf 83' lang='grc' dir='ltr'>Ἰωάννης</span> <span class='ocrx_word' id='word_1_361' title='bbox 3298 2543 3648 2616; x_wconf 86' lang='grc' dir='ltr'>ποιούμενος,</span> <span class='ocrx_word' id='word_1_362' title='bbox 3727 2541 3815 2598; x_wconf 83' lang='grc' dir='ltr'>διὰ</span> 
     </span>
    </p>
   </div>
   <div class='ocr_carea' id='block_1_58' title="bbox 2162 2625 3817 2708">
    <p class='ocr_par' dir='ltr' id='par_1_58' title="bbox 2162 2625 3817 2708">
     <span class='ocr_line' id='line_1_58' title="bbox 2162 2625 3817 2708; baseline 0.003 -26"><span class='ocrx_word' id='word_1_363' title='bbox 2162 2625 2402 2697; x_wconf 77' lang='grc' dir='ltr'>σπουδῆς</span> <span class='ocrx_word' id='word_1_364' title='bbox 2464 2629 2583 2703; x_wconf 75' lang='grc' dir='ltr'>εἶχε</span> <span class='ocrx_word' id='word_1_365' title='bbox 2631 2629 2721 2683; x_wconf 75' lang='grc' dir='ltr'>καὶ</span> <span class='ocrx_word' id='word_1_366' title='bbox 2779 2627 2953 2691; x_wconf 82' lang='grc' dir='ltr'>πολὺς</span> <span class='ocrx_word' id='word_1_367' title='bbox 3011 2632 3076 2698; x_wconf 75' lang='grc' dir='ltr'>ἦν</span> <span class='ocrx_word' id='word_1_368' title='bbox 3128 2629 3461 2706; x_wconf 82' lang='grc' dir='ltr'>ἐγκείμενος,</span> <span class='ocrx_word' id='word_1_369' title='bbox 3511 2639 3609 2700; x_wconf 77' lang='grc' dir='ltr'>τῆς</span> <span class='ocrx_word' id='word_1_370' title='bbox 3639 2633 3817 2708; x_wconf 71' lang='grc' dir='ltr'>ἱεραρ-</span> 
     </span>
    </p>
   </div>
   <div class='ocr_carea' id='block_1_59' title="bbox 2163 2717 3815 2795">
    <p class='ocr_par' dir='ltr' id='par_1_59' title="bbox 2163 2717 3815 2795">
     <span class='ocr_line' id='line_1_59' title="bbox 2163 2717 3815 2795; baseline 0.004 -25"><span class='ocrx_word' id='word_1_371' title='bbox 2163 2717 2288 2791; x_wconf 87' lang='grc' dir='ltr'>χίας</span> <span class='ocrx_word' id='word_1_372' title='bbox 2317 2717 2519 2788; x_wconf 82' lang='grc' dir='ltr'>ταύτης</span> <span class='ocrx_word' id='word_1_373' title='bbox 2576 2719 2667 2772; x_wconf 86' lang='grc' dir='ltr'>τὸν</span> <span class='ocrx_word' id='word_1_374' title='bbox 2719 2717 2868 2787; x_wconf 80' lang='grc' dir='ltr'>ἄξιον</span> <span class='ocrx_word' id='word_1_375' title='bbox 2923 2719 3114 2794; x_wconf 83' lang='grc' dir='ltr'>εὑρεῖν.</span> <span class='ocrx_word' id='word_1_376' title='bbox 3174 2719 3434 2776; x_wconf 84' lang='grc' dir='ltr'>Ἀλύοντι</span> <span class='ocrx_word' id='word_1_377' title='bbox 3474 2718 3530 2776; x_wconf 74' lang='grc' dir='ltr'>δὲ</span> <span class='ocrx_word' id='word_1_378' title='bbox 3565 2723 3612 2758; x_wconf 86' lang='grc'>²⁰</span> <span class='ocrx_word' id='word_1_379' title='bbox 3639 2723 3815 2795; x_wconf 84' lang='grc' dir='ltr'>τούτῳ</span> 
     </span>
    </p>
   </div>
   <div class='ocr_carea' id='block_1_60' title="bbox 2159 2806 3815 2882">
    <p class='ocr_par' dir='ltr' id='par_1_60' title="bbox 2159 2806 3815 2882">
     <span class='ocr_line' id='line_1_60' title="bbox 2159 2806 3815 2882; baseline 0.003 -22"><span class='ocrx_word' id='word_1_380' title='bbox 2159 2806 2250 2861; x_wconf 84' lang='grc' dir='ltr'>καὶ</span> <span class='ocrx_word' id='word_1_381' title='bbox 2306 2806 2733 2882; x_wconf 82' lang='grc' dir='ltr'>γνωματεύοντι,</span> <span class='ocrx_word' id='word_1_382' title='bbox 2788 2806 2876 2862; x_wconf 78' lang='grc' dir='ltr'>ἐπὶ</span> <span class='ocrx_word' id='word_1_383' title='bbox 2923 2808 3047 2862; x_wconf 77' lang='grc' dir='ltr'>νοῦν</span> <span class='ocrx_word' id='word_1_384' title='bbox 3104 2807 3270 2876; x_wconf 68' lang='grc' dir='ltr'>ἦλθεν</span> <span class='ocrx_word' id='word_1_385' title='bbox 3329 2809 3356 2862; x_wconf 87' lang='grc' dir='ltr'>ὁ</span> <span class='ocrx_word' id='word_1_386' title='bbox 3413 2809 3471 2864; x_wconf 81' lang='grc' dir='ltr'>ἐκ</span> <span class='ocrx_word' id='word_1_387' title='bbox 3504 2809 3815 2875; x_wconf 90' lang='grc' dir='ltr'>Κολωνείας</span> 
     </span>
    </p>
   </div>
   <div class='ocr_carea' id='block_1_61' title="bbox 2161 2893 3814 2976">
    <p class='ocr_par' dir='ltr' id='par_1_61' title="bbox 2161 2893 3814 2976">
     <span class='ocr_line' id='line_1_61' title="bbox 2161 2893 3814 2976; baseline 0.003 -26"><span class='ocrx_word' id='word_1_388' title='bbox 2161 2893 2464 2970; x_wconf 87' lang='grc' dir='ltr'>Θεόδωρος,</span> <span class='ocrx_word' id='word_1_389' title='bbox 2515 2897 2654 2971; x_wconf 76' lang='grc' dir='ltr'>ἀνὴρ</span> <span class='ocrx_word' id='word_1_390' title='bbox 2714 2895 2762 2966; x_wconf 80' lang='grc' dir='ltr'>ἐξ</span> <span class='ocrx_word' id='word_1_391' title='bbox 2818 2896 3032 2972; x_wconf 81' lang='grc' dir='ltr'>ὀνύχων</span> <span class='ocrx_word' id='word_1_392' title='bbox 3086 2899 3176 2952; x_wconf 87' lang='grc' dir='ltr'>τὸν</span> <span class='ocrx_word' id='word_1_393' title='bbox 3226 2897 3490 2974; x_wconf 82' lang='grc' dir='ltr'>έρημικὸν</span> <span class='ocrx_word' id='word_1_394' title='bbox 3525 2900 3612 2954; x_wconf 80' lang='grc' dir='ltr'>καὶ</span> <span class='ocrx_word' id='word_1_395' title='bbox 3646 2900 3814 2976; x_wconf 80' lang='grc' dir='ltr'>ἀπρά-</span> 
     </span>
    </p>
   </div>
   <div class='ocr_carea' id='block_1_62' title="bbox 2159 2984 3808 3064">
    <p class='ocr_par' dir='ltr' id='par_1_62' title="bbox 2159 2984 3808 3064">
     <span class='ocr_line' id='line_1_62' title="bbox 2159 2984 3808 3064; baseline 0.004 -26"><span class='ocrx_word' id='word_1_396' title='bbox 2159 3005 2341 3058; x_wconf 86' lang='grc' dir='ltr'>γμονα</span> <span class='ocrx_word' id='word_1_397' title='bbox 2427 2984 2546 3059; x_wconf 88' lang='grc' dir='ltr'>βίον</span> <span class='ocrx_word' id='word_1_398' title='bbox 2631 2986 3062 3060; x_wconf 82' lang='grc' dir='ltr'>αἰρετισάμενος,</span> <span class='ocrx_word' id='word_1_399' title='bbox 3131 2989 3221 3042; x_wconf 78' lang='grc' dir='ltr'>καὶ</span> <span class='ocrx_word' id='word_1_400' title='bbox 3287 2987 3525 3051; x_wconf 85' lang='grc' dir='ltr'>πολλοῖς</span> <span class='ocrx_word' id='word_1_401' title='bbox 3583 2987 3808 3064; x_wconf 73' lang='grc' dir='ltr'>ἱδρῶσιν</span> 
     </span>
    </p>
   </div>
   <div class='ocr_carea' id='block_1_63' title="bbox 2158 3072 3809 3154">
    <p class='ocr_par' dir='ltr' id='par_1_63' title="bbox 2158 3072 3809 3154">
     <span class='ocr_line' id='line_1_63' title="bbox 2158 3072 3809 3154; baseline 0.003 -27"><span class='ocrx_word' id='word_1_402' title='bbox 2158 3073 2475 3144; x_wconf 76' lang='grc' dir='ltr'>ἀσκητικοῖς</span> <span class='ocrx_word' id='word_1_403' title='bbox 2517 3076 2578 3128; x_wconf 86' lang='grc' dir='ltr'>τὸ</span> <span class='ocrx_word' id='word_1_404' title='bbox 2629 3075 2853 3146; x_wconf 87' lang='grc' dir='ltr'>σαρκίον</span> <span class='ocrx_word' id='word_1_405' title='bbox 2924 3072 3329 3148; x_wconf 82' lang='grc' dir='ltr'>καταδαμάσας.</span> <span class='ocrx_word' id='word_1_406' title='bbox 3391 3079 3649 3151; x_wconf 89' lang='grc' dir='ltr'>Τρίχινον</span> <span class='ocrx_word' id='word_1_407' title='bbox 3707 3081 3809 3154; x_wconf 84' lang='grc' dir='ltr'>γὰρ</span> 
     </span>
    </p>
   </div>
   <div class='ocr_carea' id='block_1_64' title="bbox 2161 3159 3806 3239">
    <p class='ocr_par' dir='ltr' id='par_1_64' title="bbox 2161 3159 3806 3239">
     <span class='ocr_line' id='line_1_64' title="bbox 2161 3159 3806 3239; baseline 0.003 -24"><span class='ocrx_word' id='word_1_408' title='bbox 2161 3161 2324 3237; x_wconf 79' lang='grc' dir='ltr'>ῥάκος</span> <span class='ocrx_word' id='word_1_409' title='bbox 2384 3159 2853 3234; x_wconf 82' lang='grc' dir='ltr'>ένδιδυσκόμενος,</span> <span class='ocrx_word' id='word_1_410' title='bbox 2884 3163 2972 3217; x_wconf 80' lang='grc' dir='ltr'>καὶ</span> <span class='ocrx_word' id='word_1_411' title='bbox 3026 3163 3203 3236; x_wconf 85' lang='grc' dir='ltr'>τούτῳ</span> <span class='ocrx_word' id='word_1_412' title='bbox 3251 3163 3668 3239; x_wconf 87' lang='grc' dir='ltr'>περικαλύπτων</span> <span class='ocrx_word' id='word_1_413' title='bbox 3716 3171 3806 3220; x_wconf 85' lang='grc' dir='ltr'>τὸν</span> 
     </span>
    </p>
   </div>
   <div class='ocr_carea' id='block_1_65' title="bbox 399 3245 2053 3329">
    <p class='ocr_par' dir='ltr' id='par_1_65' title="bbox 399 3251 2050 3325">
     <span class='ocr_line' id='line_1_65' title="bbox 399 3251 2050 3325; baseline -0.004 -16"><span class='ocrx_word' id='word_1_414' title='bbox 399 3255 473 3310; x_wconf 85' lang='lat' dir='ltr'>ad</span> <span class='ocrx_word' id='word_1_415' title='bbox 496 3256 874 3325; x_wconf 89' lang='lat' dir='ltr'>nihilumque</span> <span class='ocrx_word' id='word_1_416' title='bbox 899 3255 1281 3324; x_wconf 86' lang='lat' dir='ltr'>redigeretur.</span> <span class='ocrx_word' id='word_1_417' title='bbox 1301 3252 1463 3306; x_wconf 89' lang='lat' dir='ltr'>Idem</span> <span class='ocrx_word' id='word_1_418' title='bbox 1487 3251 1704 3305; x_wconf 89' lang='lat' dir='ltr'>dicitur</span> <span class='ocrx_word' id='word_1_419' title='bbox 1722 3251 2050 3304; x_wconf 90' lang='lat' dir='ltr'>monachus</span> 
     </span>
    </p>
   </div>
   <div class='ocr_carea' id='block_1_66' title="bbox 2167 3245 3809 3329">
    <p class='ocr_par' dir='ltr' id='par_1_66' title="bbox 2167 3245 3809 3329">
     <span class='ocr_line' id='line_1_66' title="bbox 2167 3245 3809 3329; baseline 0.004 -26"><span class='ocrx_word' id='word_1_420' title='bbox 2167 3248 2409 3324; x_wconf 84' lang='grc' dir='ltr'>σίδηρον,</span> <span class='ocrx_word' id='word_1_421' title='bbox 2444 3252 2501 3306; x_wconf 82' lang='grc' dir='ltr'>ὃν</span> <span class='ocrx_word' id='word_1_422' title='bbox 2556 3245 2710 3329; x_wconf 76' lang='grc' dir='ltr'>ἔφερε</span> <span class='ocrx_word' id='word_1_423' title='bbox 2738 3257 3012 3325; x_wconf 84' lang='grc' dir='ltr'>τυραννῶν</span> <span class='ocrx_word' id='word_1_424' title='bbox 3066 3253 3129 3306; x_wconf 85' lang='grc' dir='ltr'>τὸ</span> <span class='ocrx_word' id='word_1_425' title='bbox 3188 3255 3484 3325; x_wconf 82' lang='grc' dir='ltr'>σωμάτιον,</span> <span class='ocrx_word' id='word_1_426' title='bbox 3520 3253 3581 3307; x_wconf 80' lang='grc' dir='ltr'>οὐ</span> <span class='ocrx_word' id='word_1_427' title='bbox 3611 3255 3809 3327; x_wconf 82' lang='grc' dir='ltr'>πρότε-</span> 
     </span>
    </p>
   </div>
   <div class='ocr_carea' id='block_1_67' title="bbox 398 3341 2053 3416">
    <p class='ocr_par' dir='ltr' id='par_1_67' title="bbox 398 3341 2053 3416">
     <span class='ocr_line' id='line_1_67' title="bbox 398 3341 2053 3416; baseline -0.004 -16"><span class='ocrx_word' id='word_1_428' title='bbox 398 3346 725 3416; x_wconf 89' lang='lat' dir='ltr'>Nicephoro</span> <span class='ocrx_word' id='word_1_429' title='bbox 754 3345 1032 3415; x_wconf 91' lang='lat' dir='ltr'>primum,</span> <span class='ocrx_word' id='word_1_430' title='bbox 1065 3342 1278 3398; x_wconf 88' lang='lat' dir='ltr'>deinde</span> <span class='ocrx_word' id='word_1_431' title='bbox 1312 3341 1869 3412; x_wconf 88' lang='lat' dir='ltr'>Joanni,imperium</span> <span class='ocrx_word' id='word_1_432' title='bbox 1900 3358 2053 3411; x_wconf 74' lang='lat' dir='ltr'>prm-</span> 
     </span>
    </p>
   </div>
   <div class='ocr_carea' id='block_1_68' title="bbox 397 3429 2048 3500">
    <p class='ocr_par' dir='ltr' id='par_1_68' title="bbox 397 3429 2048 3500">
     <span class='ocr_line' id='line_1_68' title="bbox 397 3429 2048 3500; baseline -0.002 -14"><span class='ocrx_word' id='word_1_433' title='bbox 397 3433 640 3487; x_wconf 81' lang='lat' dir='ltr'>dixisse.</span> <span class='ocrx_word' id='word_1_434' title='bbox 675 3435 860 3498; x_wconf 87' lang='lat' dir='ltr'>Hunc,</span> <span class='ocrx_word' id='word_1_435' title='bbox 911 3449 1047 3487; x_wconf 91' lang='lat' dir='ltr'>cum</span> <span class='ocrx_word' id='word_1_436' title='bbox 1106 3437 1247 3486; x_wconf 90' lang='lat' dir='ltr'>tunc</span> <span class='ocrx_word' id='word_1_437' title='bbox 1303 3429 1815 3500; x_wconf 84' lang='lat' dir='ltr'>Constantinopoli</span> <span class='ocrx_word' id='word_1_438' title='bbox 1870 3435 2048 3495; x_wconf 89' lang='lat' dir='ltr'>esset,</span> 
     </span>
    </p>
   </div>
   <div class='ocr_carea' id='block_1_69' title="bbox 391 3519 2048 3592">
    <p class='ocr_par' dir='ltr' id='par_1_69' title="bbox 391 3519 2048 3592">
     <span class='ocr_line' id='line_1_69' title="bbox 391 3519 2048 3592; baseline -0.003 -16"><span class='ocrx_word' id='word_1_439' title='bbox 391 3523 651 3576; x_wconf 85' lang='lat' dir='ltr'>Joannes</span> <span class='ocrx_word' id='word_1_440' title='bbox 705 3521 948 3577; x_wconf 91' lang='lat' dir='ltr'>adducit</span> <span class='ocrx_word' id='word_1_441' title='bbox 1001 3521 1074 3576; x_wconf 92' lang='lat' dir='ltr'>ad</span> <span class='ocrx_word' id='word_1_442' title='bbox 1131 3521 1555 3592; x_wconf 88' lang='lat' dir='ltr'>Polyeuctum:</span> <span class='ocrx_word' id='word_1_443' title='bbox 1611 3519 1712 3588; x_wconf 90' lang='lat' dir='ltr'>qui</span> <span class='ocrx_word' id='word_1_444' title='bbox 1762 3535 1883 3573; x_wconf 88' lang='lat' dir='ltr'>una</span> <span class='ocrx_word' id='word_1_445' title='bbox 1912 3534 2048 3572; x_wconf 89' lang='lat' dir='ltr'>cum</span> 
     </span>
    </p>
   </div>
   <div class='ocr_carea' id='block_1_70' title="bbox 392 3608 2049 3682">
    <p class='ocr_par' dir='ltr' id='par_1_70' title="bbox 392 3608 2049 3682">
     <span class='ocr_line' id='line_1_70' title="bbox 392 3608 2049 3682; baseline -0.002 -17"><span class='ocrx_word' id='word_1_446' title='bbox 392 3611 688 3682; x_wconf 85' lang='lat' dir='ltr'>episcopis</span> <span class='ocrx_word' id='word_1_447' title='bbox 721 3612 782 3665; x_wconf 88' lang='lat' dir='ltr'>in</span> <span class='ocrx_word' id='word_1_448' title='bbox 814 3610 959 3665; x_wconf 89' lang='lat' dir='ltr'>urbe</span> <span class='ocrx_word' id='word_1_449' title='bbox 991 3610 1387 3682; x_wconf 67' lang='lat' dir='ltr'>praesentibus</span> <span class='ocrx_word' id='word_1_450' title='bbox 1427 3608 1533 3662; x_wconf 91' lang='lat' dir='ltr'>viri</span> <span class='ocrx_word' id='word_1_451' title='bbox 1565 3608 1878 3663; x_wconf 89' lang='lat' dir='ltr'>scientiam</span> <span class='ocrx_word' id='word_1_452' title='bbox 1911 3623 2049 3662; x_wconf 82' lang='lat' dir='ltr'>exa-</span> 
     </span>
    </p>
   </div>
   <div class='ocr_carea' id='block_1_71' title="bbox 391 3697 2048 3770">
    <p class='ocr_par' dir='ltr' id='par_1_71' title="bbox 391 3697 2048 3770">
     <span class='ocr_line' id='line_1_71' title="bbox 391 3697 2048 3770; baseline -0.001 -16"><span class='ocrx_word' id='word_1_453' title='bbox 391 3701 650 3764; x_wconf 89' lang='lat' dir='ltr'>minans,</span> <span class='ocrx_word' id='word_1_454' title='bbox 687 3701 789 3756; x_wconf 92' lang='lat' dir='ltr'>ubi</span> <span class='ocrx_word' id='word_1_455' title='bbox 823 3700 1209 3755; x_wconf 73' lang='lat' dir='ltr'>saecularibus</span> <span class='ocrx_word' id='word_1_456' title='bbox 1257 3697 1498 3770; x_wconf 91' lang='lat' dir='ltr'>quidem</span> <span class='ocrx_word' id='word_1_457' title='bbox 1531 3698 1746 3752; x_wconf 90' lang='lat' dir='ltr'>litteris</span> <span class='ocrx_word' id='word_1_458' title='bbox 1776 3697 1934 3753; x_wconf 92' lang='lat' dir='ltr'>haud</span> <span class='ocrx_word' id='word_1_459' title='bbox 1968 3698 2048 3752; x_wconf 88' lang='lat' dir='ltr'>ita</span> 
     </span>
    </p>
   </div>
   <div class='ocr_carea' id='block_1_72' title="bbox 391 3785 2046 3855">
    <p class='ocr_par' dir='ltr' id='par_1_72' title="bbox 391 3785 2046 3855">
     <span class='ocr_line' id='line_1_72' title="bbox 391 3785 2046 3855; baseline -0.002 -12"><span class='ocrx_word' id='word_1_460' title='bbox 391 3789 712 3855; x_wconf 85' lang='lat' dir='ltr'>excultum,</span> <span class='ocrx_word' id='word_1_461' title='bbox 743 3789 805 3842; x_wconf 95' lang='lat' dir='ltr'>in</span> <span class='ocrx_word' id='word_1_462' title='bbox 845 3787 1060 3842; x_wconf 81' lang='lat' dir='ltr'>divinis</span> <span class='ocrx_word' id='word_1_463' title='bbox 1109 3804 1243 3842; x_wconf 88' lang='lat' dir='ltr'>vero</span> <span class='ocrx_word' id='word_1_464' title='bbox 1275 3792 1334 3840; x_wconf 90' lang='lat' dir='ltr'>et</span> <span class='ocrx_word' id='word_1_465' title='bbox 1359 3786 1581 3841; x_wconf 88' lang='lat' dir='ltr'>nostris</span> <span class='ocrx_word' id='word_1_466' title='bbox 1610 3785 2046 3840; x_wconf 90' lang='lat' dir='ltr'>studiosissime</span> 
     </span>
    </p>
   </div>
   <div class='ocr_carea' id='block_1_73' title="bbox 393 3879 2044 3950">
    <p class='ocr_par' dir='ltr' id='par_1_73' title="bbox 393 3879 2044 3950">
     <span class='ocr_line' id='line_1_73' title="bbox 393 3879 2044 3950; baseline -0.002 -14"><span class='ocrx_word' id='word_1_467' title='bbox 393 3884 780 3938; x_wconf 87' lang='lat' dir='ltr'>exercitatum</span> <span class='ocrx_word' id='word_1_468' title='bbox 824 3883 1068 3950; x_wconf 87' lang='lat' dir='ltr'>invenit,</span> <span class='ocrx_word' id='word_1_469' title='bbox 1120 3887 1430 3936; x_wconf 88' lang='lat' dir='ltr'>consecrat</span> <span class='ocrx_word' id='word_1_470' title='bbox 1473 3897 1607 3936; x_wconf 93' lang='lat' dir='ltr'>eum</span> <span class='ocrx_word' id='word_1_471' title='bbox 1648 3879 2044 3950; x_wconf 85' lang='lat' dir='ltr'>patriarcham</span> 
     </span>
    </p>
   </div>
   <div class='ocr_carea' id='block_1_74' title="bbox 392 3968 2045 4042">
    <p class='ocr_par' dir='ltr' id='par_1_74' title="bbox 392 3968 2045 4042">
     <span class='ocr_line' id='line_1_74' title="bbox 392 3968 2045 4042; baseline -0.003 -15"><span class='ocrx_word' id='word_1_472' title='bbox 392 3973 740 4027; x_wconf 59' lang='lat' dir='ltr'>Antiochia).</span> <span class='ocrx_word' id='word_1_473' title='bbox 792 3971 970 4026; x_wconf 93' lang='lat' dir='ltr'>Porro</span> <span class='ocrx_word' id='word_1_474' title='bbox 1027 3971 1404 4042; x_wconf 90' lang='lat' dir='ltr'>Polyeuctus,</span> <span class='ocrx_word' id='word_1_475' title='bbox 1437 3987 1571 4024; x_wconf 91' lang='lat' dir='ltr'>cum</span> <span class='ocrx_word' id='word_1_476' title='bbox 1601 3985 1822 4040; x_wconf 91' lang='lat' dir='ltr'>paucos</span> <span class='ocrx_word' id='word_1_477' title='bbox 1855 3968 1980 4022; x_wconf 89' lang='lat' dir='ltr'>dies</span> <span class='ocrx_word' id='word_1_478' title='bbox 2012 3984 2045 4022; x_wconf 90' lang='lat' dir='ltr'>a</span> 
     </span>
    </p>
   </div>
   <div class='ocr_carea' id='block_1_75' title="bbox 389 4058 2043 4132">
    <p class='ocr_par' dir='ltr' id='par_1_75' title="bbox 389 4058 2043 4132">
     <span class='ocr_line' id='line_1_75' title="bbox 389 4058 2043 4132; baseline -0.003 -15"><span class='ocrx_word' id='word_1_479' title='bbox 389 4062 678 4118; x_wconf 89' lang='lat' dir='ltr'>Theodori</span> <span class='ocrx_word' id='word_1_480' title='bbox 697 4062 1070 4116; x_wconf 91' lang='lat' dir='ltr'>ordinatione</span> <span class='ocrx_word' id='word_1_481' title='bbox 1094 4067 1394 4132; x_wconf 90' lang='lat' dir='ltr'>superstes</span> <span class='ocrx_word' id='word_1_482' title='bbox 1415 4060 1644 4126; x_wconf 84' lang='lat' dir='ltr'>fuisset,</span> <span class='ocrx_word' id='word_1_483' title='bbox 1670 4077 1738 4114; x_wconf 86' lang='lat' dir='ltr'>ex</span> <span class='ocrx_word' id='word_1_484' title='bbox 1764 4058 2043 4114; x_wconf 88' lang='lat' dir='ltr'>humanis</span> 
     </span>
    </p>
   </div>
   <div class='ocr_carea' id='block_1_76' title="bbox 387 4151 2044 4222">
    <p class='ocr_par' dir='ltr' id='par_1_76' title="bbox 387 4151 2044 4222">
     <span class='ocr_line' id='line_1_76' title="bbox 387 4151 2044 4222; baseline 0 -18"><span class='ocrx_word' id='word_1_485' title='bbox 387 4152 620 4222; x_wconf 89' lang='lat' dir='ltr'>migrat,</span> <span class='ocrx_word' id='word_1_486' title='bbox 649 4169 754 4220; x_wconf 90' lang='lat' dir='ltr'>pro</span> <span class='ocrx_word' id='word_1_487' title='bbox 778 4156 1162 4204; x_wconf 90' lang='lat' dir='ltr'>monumento</span> <span class='ocrx_word' id='word_1_488' title='bbox 1187 4151 1450 4204; x_wconf 72' lang='lat' dir='ltr'>ecclesim</span> <span class='ocrx_word' id='word_1_489' title='bbox 1483 4152 1762 4204; x_wconf 86' lang='lat' dir='ltr'>virtutum</span> <span class='ocrx_word' id='word_1_490' title='bbox 1796 4151 2044 4204; x_wconf 90' lang='lat' dir='ltr'>simula-</span> 
     </span>
    </p>
   </div>
   <div class='ocr_carea' id='block_1_77' title="bbox 383 4239 2040 4308">
    <p class='ocr_par' dir='ltr' id='par_1_77' title="bbox 383 4239 2040 4308">
     <span class='ocr_line' id='line_1_77' title="bbox 383 4239 2040 4308; baseline -0.001 -14"><span class='ocrx_word' id='word_1_491' title='bbox 383 4240 520 4305; x_wconf 86' lang='lat' dir='ltr'>cris,</span> <span class='ocrx_word' id='word_1_492' title='bbox 555 4240 886 4308; x_wconf 67' lang='lat' dir='ltr'>divinaeque</span> <span class='ocrx_word' id='word_1_493' title='bbox 919 4245 974 4291; x_wconf 86' lang='lat' dir='ltr'>et</span> <span class='ocrx_word' id='word_1_494' title='bbox 1005 4239 1279 4292; x_wconf 68' lang='lat' dir='ltr'>humanm</span> <span class='ocrx_word' id='word_1_495' title='bbox 1320 4239 1626 4308; x_wconf 67' lang='lat' dir='ltr'>sapientiae</span> <span class='ocrx_word' id='word_1_496' title='bbox 1658 4239 2040 4308; x_wconf 66' lang='lat' dir='ltr'>scientiaeque</span> 
     </span>
    </p>
   </div>
   <div class='ocr_carea' id='block_1_78' title="bbox 381 4326 2036 4400">
    <p class='ocr_par' dir='ltr' id='par_1_78' title="bbox 381 4326 2036 4400">
     <span class='ocr_line' id='line_1_78' title="bbox 381 4326 2036 4400; baseline -0.002 -16"><span class='ocrx_word' id='word_1_497' title='bbox 381 4329 736 4400; x_wconf 87' lang='lat' dir='ltr'>notitia,qua</span> <span class='ocrx_word' id='word_1_498' title='bbox 756 4327 828 4383; x_wconf 91' lang='lat' dir='ltr'>ad</span> <span class='ocrx_word' id='word_1_499' title='bbox 853 4343 1153 4383; x_wconf 88' lang='lat' dir='ltr'>summum</span> <span class='ocrx_word' id='word_1_500' title='bbox 1177 4326 1445 4382; x_wconf 85' lang='lat' dir='ltr'>excultus</span> <span class='ocrx_word' id='word_1_501' title='bbox 1466 4327 1596 4394; x_wconf 84' lang='lat' dir='ltr'>fuit,</span> <span class='ocrx_word' id='word_1_502' title='bbox 1616 4326 2036 4398; x_wconf 87' lang='lat' dir='ltr'>relictis.Poly-</span> 
     </span>
    </p>
   </div>
   <div class='ocr_carea' id='block_1_79' title="bbox 2161 3339 3806 3417">
    <p class='ocr_par' dir='ltr' id='par_1_79' title="bbox 2161 3339 3806 3417">
     <span class='ocr_line' id='line_1_79' title="bbox 2161 3339 3806 3417; baseline 0.002 -23"><span class='ocrx_word' id='word_1_503' title='bbox 2161 3360 2252 3410; x_wconf 83' lang='grc' dir='ltr'>ρον</span> <span class='ocrx_word' id='word_1_504' title='bbox 2309 3339 2438 3394; x_wconf 81' lang='grc' dir='ltr'>αὐτὸ</span> <span class='ocrx_word' id='word_1_505' title='bbox 2495 3340 2910 3410; x_wconf 81' lang='grc' dir='ltr'>ἀπεσκευάζετο,</span> <span class='ocrx_word' id='word_1_506' title='bbox 2967 3341 3094 3416; x_wconf 81' lang='grc' dir='ltr'>πρὶν</span> <span class='ocrx_word' id='word_1_507' title='bbox 3155 3341 3214 3395; x_wconf 76' lang='grc' dir='ltr'>ἂν</span> <span class='ocrx_word' id='word_1_508' title='bbox 3277 3339 3498 3417; x_wconf 73' lang='grc' dir='ltr'>διεῤῥύη</span> <span class='ocrx_word' id='word_1_509' title='bbox 3559 3365 3616 3398; x_wconf 87' lang='grc' dir='ltr'>τε</span> <span class='ocrx_word' id='word_1_510' title='bbox 3655 3343 3806 3414; x_wconf 81' lang='grc' dir='ltr'>ὅλον,</span> 
     </span>
    </p>
   </div>
   <div class='ocr_carea' id='block_1_80' title="bbox 2157 3426 3805 3505">
    <p class='ocr_par' dir='ltr' id='par_1_80' title="bbox 2157 3426 3805 3505">
     <span class='ocr_line' id='line_1_80' title="bbox 2157 3426 3805 3505; baseline 0.003 -24"><span class='ocrx_word' id='word_1_511' title='bbox 2157 3429 2245 3482; x_wconf 77' lang='grc' dir='ltr'>καὶ</span> <span class='ocrx_word' id='word_1_512' title='bbox 2280 3429 2356 3490; x_wconf 82' lang='grc' dir='ltr'>εἷς</span> <span class='ocrx_word' id='word_1_513' title='bbox 2388 3426 2548 3482; x_wconf 65' lang='grc' dir='ltr'>οὐδὲν</span> <span class='ocrx_word' id='word_1_514' title='bbox 2601 3427 2964 3504; x_wconf 79' lang='grc' dir='ltr'>ἐχρημάτιζε.</span> <span class='ocrx_word' id='word_1_515' title='bbox 3027 3429 3255 3505; x_wconf 88' lang='grc' dir='ltr'>Λέγεται</span> <span class='ocrx_word' id='word_1_516' title='bbox 3305 3429 3380 3500; x_wconf 75' lang='grc' dir='ltr'>δὲ,</span> <span class='ocrx_word' id='word_1_517' title='bbox 3435 3432 3526 3486; x_wconf 88' lang='grc' dir='ltr'>τὸν</span> <span class='ocrx_word' id='word_1_518' title='bbox 3556 3437 3805 3488; x_wconf 75' lang='grc' dir='ltr'>τοιοῦτον</span> 
     </span>
    </p>
   </div>
   <div class='ocr_carea' id='block_1_81' title="bbox 2163 3519 3805 3599">
    <p class='ocr_par' dir='ltr' id='par_1_81' title="bbox 2163 3519 3805 3599">
     <span class='ocr_line' id='line_1_81' title="bbox 2163 3519 3805 3599; baseline 0.003 -25"><span class='ocrx_word' id='word_1_519' title='bbox 2163 3521 2432 3593; x_wconf 80' lang='grc' dir='ltr'>μοναστήν</span> <span class='ocrx_word' id='word_1_520' title='bbox 2492 3519 2793 3599; x_wconf 71' lang='grc' dir='ltr'>Νικηφόρῳ</span> <span class='ocrx_word' id='word_1_521' title='bbox 2846 3542 2905 3575; x_wconf 85' lang='grc' dir='ltr'>τε</span> <span class='ocrx_word' id='word_1_522' title='bbox 2960 3520 3247 3596; x_wconf 74' lang='grc' dir='ltr'>πρότερον,</span> <span class='ocrx_word' id='word_1_523' title='bbox 3287 3524 3378 3577; x_wconf 77' lang='grc' dir='ltr'>καί</span> <span class='ocrx_word' id='word_1_524' title='bbox 3437 3523 3590 3586; x_wconf 79' lang='grc' dir='ltr'>αὖθις</span> <span class='ocrx_word' id='word_1_525' title='bbox 3622 3526 3805 3579; x_wconf 81' lang='grc' dir='ltr'>Ἰωάν-</span> 
     </span>
    </p>
   </div>
   <div class='ocr_carea' id='block_1_82' title="bbox 2157 3609 3812 3690">
    <p class='ocr_par' dir='ltr' id='par_1_82' title="bbox 2157 3609 3812 3690">
     <span class='ocr_line' id='line_1_82' title="bbox 2157 3609 3812 3690; baseline 0.003 -27"><span class='ocrx_word' id='word_1_526' title='bbox 2157 3632 2244 3684; x_wconf 77' lang='grc' dir='ltr'>νῃ,</span> <span class='ocrx_word' id='word_1_527' title='bbox 2277 3612 2375 3679; x_wconf 73' lang='grc' dir='ltr'>τὴν</span> <span class='ocrx_word' id='word_1_528' title='bbox 2405 3617 2503 3679; x_wconf 83' lang='grc' dir='ltr'>τῆς</span> <span class='ocrx_word' id='word_1_529' title='bbox 2539 3609 2820 3684; x_wconf 81' lang='grc' dir='ltr'>βασιλείας</span> <span class='ocrx_word' id='word_1_530' title='bbox 2852 3609 3215 3681; x_wconf 79' lang='grc' dir='ltr'>θεοκλυτῆσαι</span> <span class='ocrx_word' id='word_1_531' title='bbox 3245 3613 3566 3690; x_wconf 62' lang='grc' dir='ltr'>ἀνάρρησιν.</span> <span class='ocrx_word' id='word_1_532' title='bbox 3613 3619 3812 3670; x_wconf 82' lang='grc' dir='ltr'>Τοῦτον</span> 
     </span>
    </p>
   </div>
   <div class='ocr_carea' id='block_1_83' title="bbox 2155 3699 3812 3778">
    <p class='ocr_par' dir='ltr' id='par_1_83' title="bbox 2155 3699 3812 3778">
     <span class='ocr_line' id='line_1_83' title="bbox 2155 3699 3812 3778; baseline 0.004 -24"><span class='ocrx_word' id='word_1_533' title='bbox 2155 3703 2232 3770; x_wconf 75' lang='grc' dir='ltr'>τῷ</span> <span class='ocrx_word' id='word_1_534' title='bbox 2265 3699 2536 3772; x_wconf 81' lang='grc' dir='ltr'>Βυζαντίῳ</span> <span class='ocrx_word' id='word_1_535' title='bbox 2583 3701 2706 3754; x_wconf 84' lang='grc' dir='ltr'>τότε</span> <span class='ocrx_word' id='word_1_536' title='bbox 2759 3702 3192 3775; x_wconf 84' lang='grc' dir='ltr'>παρουσιάζοντα</span> <span class='ocrx_word' id='word_1_537' title='bbox 3250 3703 3278 3756; x_wconf 83' lang='lat'>6</span> <span class='ocrx_word' id='word_1_538' title='bbox 3337 3704 3591 3774; x_wconf 81' lang='grc' dir='ltr'>Ἰωάννης</span> <span class='ocrx_word' id='word_1_539' title='bbox 3643 3725 3812 3778; x_wconf 84' lang='grc' dir='ltr'>προσ-</span> 
     </span>
    </p>
   </div>
   <div class='ocr_carea' id='block_1_84' title="bbox 2157 3787 3807 3866">
    <p class='ocr_par' dir='ltr' id='par_1_84' title="bbox 2157 3787 3807 3866">
     <span class='ocr_line' id='line_1_84' title="bbox 2157 3787 3807 3866; baseline 0.004 -24"><span class='ocrx_word' id='word_1_540' title='bbox 2157 3789 2276 3862; x_wconf 88' lang='grc' dir='ltr'>άγει</span> <span class='ocrx_word' id='word_1_541' title='bbox 2329 3793 2410 3860; x_wconf 82' lang='grc' dir='ltr'>τῷ</span> <span class='ocrx_word' id='word_1_542' title='bbox 2471 3787 2818 3861; x_wconf 80' lang='grc' dir='ltr'>Πολυεύκτῳ⁶</span> <span class='ocrx_word' id='word_1_543' title='bbox 2872 3791 2899 3844; x_wconf 92' lang='lat'>6</span> <span class='ocrx_word' id='word_1_544' title='bbox 2951 3787 3027 3858; x_wconf 80' lang='grc' dir='ltr'>δὲ,</span> <span class='ocrx_word' id='word_1_545' title='bbox 3068 3791 3181 3864; x_wconf 81' lang='grc' dir='ltr'>ἅμα</span> <span class='ocrx_word' id='word_1_546' title='bbox 3229 3794 3344 3853; x_wconf 79' lang='grc' dir='ltr'>τοῖς</span> <span class='ocrx_word' id='word_1_547' title='bbox 3375 3791 3672 3866; x_wconf 82' lang='grc' dir='ltr'>ένδημοῦσι</span> <span class='ocrx_word' id='word_1_548' title='bbox 3700 3798 3807 3848; x_wconf 82' lang='grc' dir='ltr'>τῶν</span> 
     </span>
    </p>
   </div>
   <div class='ocr_carea' id='block_1_85' title="bbox 2154 3877 3810 3962">
    <p class='ocr_par' dir='ltr' id='par_1_85' title="bbox 2154 3877 3810 3962">
     <span class='ocr_line' id='line_1_85' title="bbox 2154 3877 3810 3962; baseline 0.003 -29"><span class='ocrx_word' id='word_1_549' title='bbox 2154 3877 2464 3934; x_wconf 82' lang='grc' dir='ltr'>ἐπισκόπων</span> <span class='ocrx_word' id='word_1_550' title='bbox 2496 3879 2587 3934; x_wconf 90' lang='grc' dir='ltr'>τὸν</span> <span class='ocrx_word' id='word_1_551' title='bbox 2648 3877 2816 3956; x_wconf 78' lang='grc' dir='ltr'>ἄνδρα</span> <span class='ocrx_word' id='word_1_552' title='bbox 2874 3880 3168 3952; x_wconf 81' lang='grc' dir='ltr'>ἐξητακὼς,</span> <span class='ocrx_word' id='word_1_553' title='bbox 3223 3882 3460 3962; x_wconf 74' lang='grc' dir='ltr'>ἐφευρών</span> <span class='ocrx_word' id='word_1_554' title='bbox 3497 3906 3553 3940; x_wconf 86' lang='grc' dir='ltr'>τε</span> <span class='ocrx_word' id='word_1_555' title='bbox 3580 3887 3678 3954; x_wconf 77' lang='grc' dir='ltr'>τήν</span> <span class='ocrx_word' id='word_1_556' title='bbox 3716 3886 3810 3957; x_wconf 75' lang='grc' dir='ltr'>μέν</span> 
     </span>
    </p>
   </div>
   <div class='ocr_carea' id='block_1_86' title="bbox 2155 3967 3813 4048">
    <p class='ocr_par' dir='ltr' id='par_1_86' title="bbox 2155 3967 3813 4048">
     <span class='ocr_line' id='line_1_86' title="bbox 2155 3967 3813 4048; baseline 0.004 -26"><span class='ocrx_word' id='word_1_557' title='bbox 2155 3969 2376 4042; x_wconf 82' lang='grc' dir='ltr'>θύραθεν</span> <span class='ocrx_word' id='word_1_558' title='bbox 2429 3967 2676 4024; x_wconf 83' lang='grc' dir='ltr'>παιδείαν</span> <span class='ocrx_word' id='word_1_559' title='bbox 2713 3969 2774 4024; x_wconf 81' lang='lat' dir='ltr'>o6</span> <span class='ocrx_word' id='word_1_560' title='bbox 2826 3971 2966 4024; x_wconf 88' lang='grc' dir='ltr'>πάνυ</span> <span class='ocrx_word' id='word_1_561' title='bbox 3016 3975 3100 4044; x_wconf 74' lang='grc' dir='ltr'>[Ρ.</span> <span class='ocrx_word' id='word_1_562' title='bbox 3161 3977 3250 4045; x_wconf 78' lang='lat'>62}</span> <span class='ocrx_word' id='word_1_563' title='bbox 3299 3968 3650 4048; x_wconf 76' lang='grc' dir='ltr'>ἡκριϐωκότα</span> <span class='ocrx_word' id='word_1_564' title='bbox 3681 3977 3813 4047; x_wconf 77' lang='grc'>(27),</span> 
     </span>
    </p>
   </div>
   <div class='ocr_carea' id='block_1_87' title="bbox 2150 4058 3813 4142">
    <p class='ocr_par' dir='ltr' id='par_1_87' title="bbox 2150 4058 3813 4142">
     <span class='ocr_line' id='line_1_87' title="bbox 2150 4058 3813 4142; baseline 0.004 -30"><span class='ocrx_word' id='word_1_565' title='bbox 2150 4060 2250 4128; x_wconf 74' lang='grc' dir='ltr'>τήν</span> <span class='ocrx_word' id='word_1_566' title='bbox 2285 4080 2347 4135; x_wconf 90' lang='grc' dir='ltr'>γε</span> <span class='ocrx_word' id='word_1_567' title='bbox 2407 4059 2514 4131; x_wconf 76' lang='grc' dir='ltr'>μὴν</span> <span class='ocrx_word' id='word_1_568' title='bbox 2576 4058 2719 4112; x_wconf 83' lang='grc' dir='ltr'>θείαν</span> <span class='ocrx_word' id='word_1_569' title='bbox 2778 4059 2867 4112; x_wconf 86' lang='grc' dir='ltr'>καὶ</span> <span class='ocrx_word' id='word_1_570' title='bbox 2926 4059 3196 4133; x_wconf 77' lang='grc' dir='ltr'>ἡμετέραν</span> <span class='ocrx_word' id='word_1_571' title='bbox 3251 4061 3618 4135; x_wconf 83' lang='grc' dir='ltr'>ἐξησκημένον</span> <span class='ocrx_word' id='word_1_572' title='bbox 3647 4063 3813 4142; x_wconf 75' lang='grc' dir='ltr'>φιλο-</span> 
     </span>
    </p>
   </div>
   <div class='ocr_carea' id='block_1_88' title="bbox 2149 4146 3809 4226">
    <p class='ocr_par' dir='ltr' id='par_1_88' title="bbox 2149 4146 3809 4226">
     <span class='ocr_line' id='line_1_88' title="bbox 2149 4146 3809 4226; baseline 0.005 -25"><span class='ocrx_word' id='word_1_573' title='bbox 2149 4147 2437 4220; x_wconf 88' lang='grc' dir='ltr'>τιμότατα,</span> <span class='ocrx_word' id='word_1_574' title='bbox 2498 4147 2645 4219; x_wconf 77' lang='grc' dir='ltr'>χρίει</span> <span class='ocrx_word' id='word_1_575' title='bbox 2702 4146 2862 4202; x_wconf 70' lang='grc' dir='ltr'>αὐτὸν</span> <span class='ocrx_word' id='word_1_576' title='bbox 2921 4151 3268 4224; x_wconf 86' lang='grc' dir='ltr'>πατριάρχην</span> <span class='ocrx_word' id='word_1_577' title='bbox 3329 4151 3694 4226; x_wconf 80' lang='grc' dir='ltr'>Ἀντιοχείας.</span> <span class='ocrx_word' id='word_1_578' title='bbox 3746 4154 3809 4210; x_wconf 90' lang='grc' dir='ltr'>Ὁ</span> 
     </span>
    </p>
   </div>
   <div class='ocr_carea' id='block_1_89' title="bbox 2151 4233 3806 4313">
    <p class='ocr_par' dir='ltr' id='par_1_89' title="bbox 2151 4233 3806 4313">
     <span class='ocr_line' id='line_1_89' title="bbox 2151 4233 3806 4313; baseline 0.003 -23"><span class='ocrx_word' id='word_1_579' title='bbox 2151 4233 2208 4290; x_wconf 79' lang='grc' dir='ltr'>δὲ</span> <span class='ocrx_word' id='word_1_580' title='bbox 2240 4235 2583 4298; x_wconf 87' lang='grc' dir='ltr'>Πολύευκτος</span> <span class='ocrx_word' id='word_1_581' title='bbox 2613 4239 2746 4307; x_wconf 84' lang='grc'>(28),</span> <span class='ocrx_word' id='word_1_582' title='bbox 2784 4237 2980 4311; x_wconf 79' lang='grc' dir='ltr'>μικρὰς</span> <span class='ocrx_word' id='word_1_583' title='bbox 3009 4236 3218 4311; x_wconf 79' lang='grc' dir='ltr'>ἡμέρας</span> <span class='ocrx_word' id='word_1_584' title='bbox 3266 4234 3510 4300; x_wconf 75' lang='grc' dir='ltr'>ἐπιϐιοὺς</span> <span class='ocrx_word' id='word_1_585' title='bbox 3545 4242 3678 4313; x_wconf 76' lang='grc' dir='ltr'>μετὰ</span> <span class='ocrx_word' id='word_1_586' title='bbox 3709 4243 3806 4310; x_wconf 73' lang='grc' dir='ltr'>τὴν</span> 
     </span>
    </p>
   </div>
   <div class='ocr_carea' id='block_1_90' title="bbox 2152 4322 3803 4409">
    <p class='ocr_par' dir='ltr' id='par_1_90' title="bbox 2152 4322 3803 4409">
     <span class='ocr_line' id='line_1_90' title="bbox 2152 4322 3803 4409; baseline 0.002 -30"><span class='ocrx_word' id='word_1_587' title='bbox 2152 4322 2436 4399; x_wconf 85' lang='grc' dir='ltr'>Θεοδώρου</span> <span class='ocrx_word' id='word_1_588' title='bbox 2463 4324 2808 4400; x_wconf 83' lang='grc' dir='ltr'>προχείρισιν</span> <span class='ocrx_word' id='word_1_589' title='bbox 2861 4327 2904 4361; x_wconf 65' lang='grc' dir='ltr'>εί</span> <span class='ocrx_word' id='word_1_590' title='bbox 2961 4328 3094 4397; x_wconf 82' lang='grc'>(29),</span> <span class='ocrx_word' id='word_1_591' title='bbox 3128 4324 3489 4399; x_wconf 87' lang='grc' dir='ltr'>μεταλλάττει</span> <span class='ocrx_word' id='word_1_592' title='bbox 3519 4330 3613 4382; x_wconf 91' lang='grc' dir='ltr'>τὸν</span> <span class='ocrx_word' id='word_1_593' title='bbox 3666 4329 3803 4409; x_wconf 66' lang='grc' dir='ltr'>βίον,</span> 
     </span>
    </p>
   </div>
   <div class='ocr_carea' id='block_1_91' title="bbox 1588 4474 2588 4532">
    <p class='ocr_par' dir='ltr' id='par_1_91' title="bbox 1588 4474 2588 4532">
     <span class='ocr_line' id='line_1_91' title="bbox 1588 4474 2588 4532; baseline -0.003 -1"><span class='ocrx_word' id='word_1_594' title='bbox 1588 4477 1648 4531; x_wconf 91' lang='lat' dir='ltr'>C.</span> <span class='ocrx_word' id='word_1_595' title='bbox 1693 4477 1753 4530; x_wconf 91' lang='grc' dir='ltr'><strong>Β.</strong></span> <span class='ocrx_word' id='word_1_596' title='bbox 1800 4476 1992 4531; x_wconf 83' lang='lat' dir='ltr'><strong>HASII</strong></span> <span class='ocrx_word' id='word_1_597' title='bbox 2031 4474 2588 4532; x_wconf 81' lang='lat' dir='ltr'><strong>ANNOTATIONES.</strong></span> 
     </span>
    </p>
   </div>
   <div class='ocr_carea' id='block_1_92' title="bbox 461 4610 1705 4681">
    <p class='ocr_par' dir='ltr' id='par_1_92' title="bbox 461 4610 1705 4681">
     <span class='ocr_line' id='line_1_92' title="bbox 461 4610 1705 4681; baseline -0.003 -10"><span class='ocrx_word' id='word_1_598' title='bbox 461 4615 506 4652; x_wconf 76' lang='grc' dir='ltr'>ιθ</span> <span class='ocrx_word' id='word_1_599' title='bbox 536 4614 613 4678; x_wconf 74' lang='grc' dir='ltr'>εἷς</span> <span class='ocrx_word' id='word_1_600' title='bbox 639 4614 754 4672; x_wconf 91' lang='grc' dir='ltr'>τόν.</span> <span class='ocrx_word' id='word_1_601' title='bbox 788 4613 880 4670; x_wconf 89' lang='lat' dir='ltr'>Sic</span> <span class='ocrx_word' id='word_1_602' title='bbox 911 4613 1039 4670; x_wconf 91' lang='lat' dir='ltr'>cod.</span> <span class='ocrx_word' id='word_1_603' title='bbox 1075 4614 1229 4668; x_wconf 89' lang='lat' dir='ltr'>Fort.</span> <span class='ocrx_word' id='word_1_604' title='bbox 1263 4611 1360 4666; x_wconf 87' lang='lat' dir='ltr'>hic</span> <span class='ocrx_word' id='word_1_605' title='bbox 1390 4610 1558 4666; x_wconf 88' lang='lat' dir='ltr'>deest</span> <span class='ocrx_word' id='word_1_606' title='bbox 1583 4613 1705 4681; x_wconf 79' lang='grc' dir='ltr'>τήν.</span> 
     </span>
    </p>
   </div>
   <div class='ocr_carea' id='block_1_93' title="bbox 1784 4606 2248 4679">
    <p class='ocr_par' dir='ltr' id='par_1_93' title="bbox 1784 4606 2248 4679">
     <span class='ocr_line' id='line_1_93' title="bbox 1784 4606 2248 4679; baseline 0.002 -15"><span class='ocrx_word' id='word_1_607' title='bbox 1784 4611 1830 4646; x_wconf 77' lang='grc'>²⁰</span> <span class='ocrx_word' id='word_1_608' title='bbox 1860 4606 1936 4667; x_wconf 85' lang='grc' dir='ltr'>δέ.</span> <span class='ocrx_word' id='word_1_609' title='bbox 1972 4613 2127 4667; x_wconf 92' lang='lat' dir='ltr'>Fort.</span> <span class='ocrx_word' id='word_1_610' title='bbox 2159 4606 2248 4679; x_wconf 80' lang='grc' dir='ltr'>δή.</span> 
     </span>
    </p>
   </div>
   <div class='ocr_carea' id='block_1_94' title="bbox 2327 4607 2928 4682">
    <p class='ocr_par' dir='ltr' id='par_1_94' title="bbox 2327 4607 2928 4682">
     <span class='ocr_line' id='line_1_94' title="bbox 2327 4607 2928 4682; baseline 0.007 -20"><span class='ocrx_word' id='word_1_611' title='bbox 2327 4611 2366 4643; x_wconf 84' lang='grc'>²¹</span> <span class='ocrx_word' id='word_1_612' title='bbox 2400 4607 2764 4682; x_wconf 85' lang='grc' dir='ltr'>προχείρησιν</span> <span class='ocrx_word' id='word_1_613' title='bbox 2799 4609 2928 4666; x_wconf 90' lang='lat' dir='ltr'>cod.</span> 
     </span>
    </p>
   </div>
   <div class='ocr_carea' id='block_1_95' title="bbox 456 4748 2053 4828">
    <p class='ocr_par' dir='ltr' id='par_1_95' title="bbox 456 4753 2038 4828">
     <span class='ocr_line' id='line_1_95' title="bbox 456 4753 2038 4828; baseline -0.003 -17"><span class='ocrx_word' id='word_1_614' title='bbox 456 4760 567 4828; x_wconf 73' lang='lat'>(26)</span> <span class='ocrx_word' id='word_1_615' title='bbox 592 4760 726 4813; x_wconf 70' lang='lat' dir='ltr'>Haec</span> <span class='ocrx_word' id='word_1_616' title='bbox 743 4764 801 4812; x_wconf 88' lang='lat' dir='ltr'>et</span> <span class='ocrx_word' id='word_1_617' title='bbox 825 4756 1137 4827; x_wconf 90' lang='lat' dir='ltr'>sequentia</span> <span class='ocrx_word' id='word_1_618' title='bbox 1157 4773 1231 4828; x_wconf 82' lang='lat' dir='ltr'>ex</span> <span class='ocrx_word' id='word_1_619' title='bbox 1249 4755 1440 4810; x_wconf 89' lang='lat' dir='ltr'>Leone</span> <span class='ocrx_word' id='word_1_620' title='bbox 1467 4753 1771 4828; x_wconf 83' lang='lat' dir='ltr'>transtulit</span> <span class='ocrx_word' id='word_1_621' title='bbox 1789 4753 2038 4828; x_wconf 86' lang='lat' dir='ltr'>Scylitza</span> 
     </span>
    </p>
   </div>
   <div class='ocr_carea' id='block_1_96' title="bbox 2167 4748 2455 4828">
    <p class='ocr_par' dir='ltr' id='par_1_96' title="bbox 2167 4752 2455 4828">
     <span class='ocr_line' id='line_1_96' title="bbox 2167 4752 2455 4828; baseline 0 0"><span class='ocrx_word' id='word_1_622' title='bbox 2167 4752 2455 4828; x_wconf 63' lang='grc' dir='ltr'>ῖιαφργεὲν·</span> 
     </span>
    </p>
   </div>
   <div class='ocr_carea' id='block_1_97' title="bbox 386 4826 2030 4898">
    <p class='ocr_par' dir='ltr' id='par_1_97' title="bbox 386 4826 2030 4898">
     <span class='ocr_line' id='line_1_97' title="bbox 386 4826 2030 4898; baseline -0.002 -14"><span class='ocrx_word' id='word_1_623' title='bbox 386 4826 473 4884; x_wconf 70' lang='grc' dir='ltr'>ίπ</span> <span class='ocrx_word' id='word_1_624' title='bbox 507 4830 842 4884; x_wconf 89' lang='lat' dir='ltr'>Chronicon</span> <span class='ocrx_word' id='word_1_625' title='bbox 898 4826 1064 4894; x_wconf 83' lang='lat' dir='ltr'>mss.,</span> <span class='ocrx_word' id='word_1_626' title='bbox 1115 4827 1275 4882; x_wconf 90' lang='lat' dir='ltr'>unde</span> <span class='ocrx_word' id='word_1_627' title='bbox 1335 4826 1647 4898; x_wconf 88' lang='lat' dir='ltr'>exscripsit</span> <span class='ocrx_word' id='word_1_628' title='bbox 1685 4826 1900 4897; x_wconf 88' lang='lat' dir='ltr'>partim</span> <span class='ocrx_word' id='word_1_629' title='bbox 1931 4831 2030 4880; x_wconf 84' lang='lat' dir='ltr'>Ce-</span> 
     </span>
    </p>
   </div>
   <div class='ocr_carea' id='block_1_98' title="bbox 388 4900 904 4956">
    <p class='ocr_par' dir='ltr' id='par_1_98' title="bbox 388 4900 904 4956">
     <span class='ocr_line' id='line_1_98' title="bbox 388 4900 904 4956; baseline -0.01 -1"><span class='ocrx_word' id='word_1_630' title='bbox 388 4900 556 4955; x_wconf 87' lang='lat' dir='ltr'>dren.</span> <span class='ocrx_word' id='word_1_631' title='bbox 592 4901 656 4954; x_wconf 85' lang='grc' dir='ltr'>Η.</span> <span class='ocrx_word' id='word_1_632' title='bbox 687 4903 810 4956; x_wconf 86' lang='lat'>669.</span> <span class='ocrx_word' id='word_1_633' title='bbox 845 4901 904 4954; x_wconf 92' lang='grc' dir='ltr'>Β.</span> 
     </span>
    </p>
   </div>
   <div class='ocr_carea' id='block_1_99' title="bbox 456 4968 2037 5036">
    <p class='ocr_par' dir='ltr' id='par_1_99' title="bbox 456 4968 2037 5036">
     <span class='ocr_line' id='line_1_99' title="bbox 456 4968 2037 5036; baseline 0 -14"><span class='ocrx_word' id='word_1_634' title='bbox 456 4971 566 5032; x_wconf 80' lang='lat'>(27)</span> <span class='ocrx_word' id='word_1_635' title='bbox 601 4970 1033 5026; x_wconf 89' lang='lat' dir='ltr'>Dissuadebant</span> <span class='ocrx_word' id='word_1_636' title='bbox 1083 4970 1255 5024; x_wconf 91' lang='lat' dir='ltr'>multi</span> <span class='ocrx_word' id='word_1_637' title='bbox 1313 4971 1376 5024; x_wconf 91' lang='lat' dir='ltr'>in</span> <span class='ocrx_word' id='word_1_638' title='bbox 1435 4969 1677 5036; x_wconf 54' lang='lat' dir='ltr'>Gracia,</span> <span class='ocrx_word' id='word_1_639' title='bbox 1710 4974 1835 5023; x_wconf 83' lang='lat' dir='ltr'>tum</span> <span class='ocrx_word' id='word_1_640' title='bbox 1874 4968 2037 5022; x_wconf 91' lang='lat' dir='ltr'>omni</span> 
     </span>
    </p>
   </div>
   <div class='ocr_carea' id='block_1_100' title="bbox 385 5039 2033 5112">
    <p class='ocr_par' dir='ltr' id='par_1_100' title="bbox 385 5039 2033 5112">
     <span class='ocr_line' id='line_1_100' title="bbox 385 5039 2033 5112; baseline -0.002 -16"><span class='ocrx_word' id='word_1_641' title='bbox 385 5041 582 5096; x_wconf 90' lang='lat' dir='ltr'>medio</span> <span class='ocrx_word' id='word_1_642' title='bbox 615 5059 754 5102; x_wconf 79' lang='lat' dir='ltr'>aevo,</span> <span class='ocrx_word' id='word_1_643' title='bbox 791 5049 914 5096; x_wconf 91' lang='lat' dir='ltr'>tum</span> <span class='ocrx_word' id='word_1_644' title='bbox 946 5043 1200 5096; x_wconf 84' lang='lat' dir='ltr'>maxime</span> <span class='ocrx_word' id='word_1_645' title='bbox 1225 5042 1336 5096; x_wconf 90' lang='lat' dir='ltr'>hoc</span> <span class='ocrx_word' id='word_1_646' title='bbox 1367 5041 1606 5106; x_wconf 74' lang='lat' dir='ltr'>saeculo,</span> <span class='ocrx_word' id='word_1_647' title='bbox 1632 5041 1909 5112; x_wconf 87' lang='lat' dir='ltr'>profanas</span> <span class='ocrx_word' id='word_1_648' title='bbox 1942 5039 2033 5093; x_wconf 87' lang='lat' dir='ltr'>lit-</span> 
     </span>
    </p>
   </div>
   <div class='ocr_carea' id='block_1_101' title="bbox 388 5111 2037 5182">
    <p class='ocr_par' dir='ltr' id='par_1_101' title="bbox 388 5111 2037 5182">
     <span class='ocr_line' id='line_1_101' title="bbox 388 5111 2037 5182; baseline 0.001 -17"><span class='ocrx_word' id='word_1_649' title='bbox 388 5119 581 5166; x_wconf 89' lang='lat' dir='ltr'>teras:</span> <span class='ocrx_word' id='word_1_650' title='bbox 616 5113 772 5181; x_wconf 92' lang='lat' dir='ltr'>quod</span> <span class='ocrx_word' id='word_1_651' title='bbox 799 5114 898 5182; x_wconf 91' lang='lat' dir='ltr'>qui</span> <span class='ocrx_word' id='word_1_652' title='bbox 932 5114 1003 5166; x_wconf 90' lang='lat' dir='ltr'>iis</span> <span class='ocrx_word' id='word_1_653' title='bbox 1036 5131 1070 5168; x_wconf 93' lang='lat' dir='ltr'>a</span> <span class='ocrx_word' id='word_1_654' title='bbox 1110 5121 1312 5167; x_wconf 89' lang='lat' dir='ltr'>tenero</span> <span class='ocrx_word' id='word_1_655' title='bbox 1347 5113 1556 5167; x_wconf 91' lang='lat' dir='ltr'>imbuti</span> <span class='ocrx_word' id='word_1_656' title='bbox 1592 5111 1809 5173; x_wconf 82' lang='lat' dir='ltr'>essent,</span> <span class='ocrx_word' id='word_1_657' title='bbox 1845 5111 1917 5166; x_wconf 89' lang='lat' dir='ltr'>ad</span> <span class='ocrx_word' id='word_1_658' title='bbox 1943 5128 2037 5166; x_wconf 82' lang='lat' dir='ltr'>ve-</span> 
     </span>
    </p>
   </div>
   <div class='ocr_carea' id='block_1_102' title="bbox 388 5183 2038 5255">
    <p class='ocr_par' dir='ltr' id='par_1_102' title="bbox 388 5183 2038 5255">
     <span class='ocr_line' id='line_1_102' title="bbox 388 5183 2038 5255; baseline 0 -19"><span class='ocrx_word' id='word_1_659' title='bbox 388 5183 623 5236; x_wconf 87' lang='lat' dir='ltr'>ritatem</span> <span class='ocrx_word' id='word_1_660' title='bbox 647 5184 784 5237; x_wconf 81' lang='lat' dir='ltr'>fidei</span> <span class='ocrx_word' id='word_1_661' title='bbox 805 5184 1081 5238; x_wconf 69' lang='lat' dir='ltr'>caaciores</span> <span class='ocrx_word' id='word_1_662' title='bbox 1100 5190 1466 5254; x_wconf 86' lang='lat' dir='ltr'>putarentur.</span> <span class='ocrx_word' id='word_1_663' title='bbox 1492 5185 1574 5239; x_wconf 90' lang='lat' dir='ltr'>lta</span> <span class='ocrx_word' id='word_1_664' title='bbox 1591 5185 2038 5255; x_wconf 86' lang='lat' dir='ltr'>S.Nicephorus,</span> 
     </span>
    </p>
   </div>
   <div class='ocr_carea' id='block_1_103' title="bbox 391 5255 2040 5328">
    <p class='ocr_par' dir='ltr' id='par_1_103' title="bbox 391 5255 2040 5328">
     <span class='ocr_line' id='line_1_103' title="bbox 391 5255 2040 5328; baseline -0.002 -20"><span class='ocrx_word' id='word_1_665' title='bbox 391 5255 464 5308; x_wconf 93' lang='lat' dir='ltr'>de</span> <span class='ocrx_word' id='word_1_666' title='bbox 499 5271 614 5328; x_wconf 84' lang='lat' dir='ltr'>quo</span> <span class='ocrx_word' id='word_1_667' title='bbox 648 5271 826 5324; x_wconf 86' lang='lat' dir='ltr'>supra</span> <span class='ocrx_word' id='word_1_668' title='bbox 882 5256 1137 5328; x_wconf 26' lang='lat' dir='ltr'>2&#39;25.A_C-_</span> <span class='ocrx_word' id='word_1_669' title='bbox 1309 5256 1436 5309; x_wconf 90' lang='lat' dir='ltr'>Vita</span> <span class='ocrx_word' id='word_1_670' title='bbox 1468 5273 1576 5328; x_wconf 82' lang='lat' dir='ltr'>ms.</span> <span class='ocrx_word' id='word_1_671' title='bbox 1631 5257 1910 5328; x_wconf 80' lang='lat' dir='ltr'>magistro</span> <span class='ocrx_word' id='word_1_672' title='bbox 1945 5257 2040 5328; x_wconf 73' lang='grc' dir='ltr'>τοῦ</span> 
     </span>
    </p>
   </div>
   <div class='ocr_carea' id='block_1_104' title="bbox 393 5325 2038 5412">
    <p class='ocr_par' dir='ltr' id='par_1_104' title="bbox 393 5325 2038 5412">
     <span class='ocr_line' id='line_1_104' title="bbox 393 5325 2038 5412; baseline 0 -36"><span class='ocrx_word' id='word_1_673' title='bbox 393 5325 694 5412; x_wconf 56' lang='grc' dir='ltr'>μωσεέλοῦ</span> <span class='ocrx_word' id='word_1_674' title='bbox 725 5342 872 5412; x_wconf 89' lang='lat' dir='ltr'>puer</span> <span class='ocrx_word' id='word_1_675' title='bbox 901 5327 961 5412; x_wconf 81' lang='lat' dir='ltr'>in</span> <span class='ocrx_word' id='word_1_676' title='bbox 996 5325 1655 5412; x_wconf 47' lang='lat' dir='ltr'>disciplinlam’traditus</span> <span class='ocrx_word' id='word_1_677' title='bbox 1683 5325 1917 5412; x_wconf 64' lang='lat' dir='ltr'>dicitur,</span> <span class='ocrx_word' id='word_1_678' title='bbox 1940 5325 2038 5412; x_wconf 65' lang='grc' dir='ltr'>την</span> 
     </span>
    </p>
   </div>
   <div class='ocr_carea' id='block_1_105' title="bbox 388 5392 2039 5472">
    <p class='ocr_par' dir='ltr' id='par_1_105' title="bbox 388 5392 2039 5472">
     <span class='ocr_line' id='line_1_105' title="bbox 388 5392 2039 5472; baseline 0.001 -24"><span class='ocrx_word' id='word_1_679' title='bbox 388 5395 533 5469; x_wconf 80' lang='grc' dir='ltr'>ἱερὰν</span> <span class='ocrx_word' id='word_1_680' title='bbox 571 5392 784 5472; x_wconf 67' lang='grc' dir='ltr'>Γραφῆν</span> <span class='ocrx_word' id='word_1_681' title='bbox 844 5401 1017 5472; x_wconf 76' lang='grc' dir='ltr'>μόνην</span> <span class='ocrx_word' id='word_1_682' title='bbox 1058 5392 1588 5472; x_wconf 24' lang='grc' dir='ltr'>’παίδιευθησόμενοα</span> <span class='ocrx_word' id='word_1_683' title='bbox 1642 5395 1741 5450; x_wconf 81' lang='grc' dir='ltr'>οὐκ</span> <span class='ocrx_word' id='word_1_684' title='bbox 1773 5395 2039 5466; x_wconf 68' lang='grc' dir='ltr'>ἀνεχομέ-</span> 
     </span>
    </p>
   </div>
   <div class='ocr_carea' id='block_1_106' title="bbox 390 5466 2040 5549">
    <p class='ocr_par' dir='ltr' id='par_1_106' title="bbox 390 5466 2040 5549">
     <span class='ocr_line' id='line_1_106' title="bbox 390 5466 2040 5549; baseline 0 -29"><span class='ocrx_word' id='word_1_685' title='bbox 390 5466 496 5521; x_wconf 86' lang='grc' dir='ltr'>νων</span> <span class='ocrx_word' id='word_1_686' title='bbox 529 5466 988 5549; x_wconf 42' lang='grc' dir='ltr'>τῶν“προπατῶν</span> <span class='ocrx_word' id='word_1_687' title='bbox 1018 5466 1326 5549; x_wconf 45' lang='grc' dir='ltr'>τὸχζήσιρν</span> <span class='ocrx_word' id='word_1_688' title='bbox 1355 5467 1443 5519; x_wconf 83' lang='grc' dir='ltr'>καὶ</span> <span class='ocrx_word' id='word_1_689' title='bbox 1473 5467 1700 5540; x_wconf 86' lang='grc' dir='ltr'>γόνιμον</span> <span class='ocrx_word' id='word_1_690' title='bbox 1730 5474 1832 5535; x_wconf 78' lang='grc' dir='ltr'>τῆς</span> <span class='ocrx_word' id='word_1_691' title='bbox 1853 5470 2040 5549; x_wconf 67' lang='grc' dir='ltr'>ψυχῆς</span> 
     </span>
    </p>
   </div>
   <div class='ocr_carea' id='block_1_107' title="bbox 387 5531 2040 5610">
    <p class='ocr_par' dir='ltr' id='par_1_107' title="bbox 387 5531 2040 5610">
     <span class='ocr_line' id='line_1_107' title="bbox 387 5531 2040 5610; baseline -0.001 -17"><span class='ocrx_word' id='word_1_692' title='bbox 387 5543 484 5610; x_wconf 78' lang='grc' dir='ltr'>τοῦ</span> <span class='ocrx_word' id='word_1_693' title='bbox 515 5531 1026 5610; x_wconf 66' lang='grc' dir='ltr'>παιδὸςεκσπόροις</span> <span class='ocrx_word' id='word_1_694' title='bbox 1075 5531 1445 5610; x_wconf 61' lang='grc' dir='ltr'>ἐμϐομϐῆσαιΔ</span> <span class='ocrx_word' id='word_1_695' title='bbox 1475 5531 1810 5610; x_wconf 52' lang='grc' dir='ltr'>μαθήμασινλ</span> <span class='ocrx_word' id='word_1_696' title='bbox 1845 5531 2040 5609; x_wconf 63' lang='grc' dir='ltr'>δυ’μὴ</span> 
     </span>
    </p>
   </div>
   <div class='ocr_carea' id='block_1_108' title="bbox 390 5605 2044 5684">
    <p class='ocr_par' dir='ltr' id='par_1_108' title="bbox 390 5605 2044 5684">
     <span class='ocr_line' id='line_1_108' title="bbox 390 5605 2044 5684; baseline -0.002 -19"><span class='ocrx_word' id='word_1_697' title='bbox 390 5607 802 5684; x_wconf 41' lang='grc' dir='ltr'>δυνατὸνητοὺς</span> <span class='ocrx_word' id='word_1_698' title='bbox 841 5605 1044 5684; x_wconf 75' lang='grc' dir='ltr'>τύπους</span> <span class='ocrx_word' id='word_1_699' title='bbox 1090 5605 1196 5677; x_wconf 77' lang='grc' dir='ltr'>τῆς</span> <span class='ocrx_word' id='word_1_700' title='bbox 1222 5605 2044 5684; x_wconf 28' lang='grc' dir='ltr'>ζτερατολογίαςξπροτυπωθξέιν</span> 
     </span>
    </p>
   </div>
   <div class='ocr_carea' id='block_1_109' title="bbox 389 5679 2043 5760">
    <p class='ocr_par' dir='ltr' id='par_1_109' title="bbox 389 5679 2043 5760">
     <span class='ocr_line' id='line_1_109' title="bbox 389 5679 2043 5760; baseline -0.003 -22"><span class='ocrx_word' id='word_1_701' title='bbox 389 5703 486 5746; x_wconf 87' lang='grc' dir='ltr'>τας</span> <span class='ocrx_word' id='word_1_702' title='bbox 543 5680 833 5756; x_wconf 72' lang='grc' dir='ltr'>ἀναλεῖψαι</span> <span class='ocrx_word' id='word_1_703' title='bbox 914 5679 1137 5760; x_wconf 78' lang='grc' dir='ltr'>ῥᾳδίως,</span> <span class='ocrx_word' id='word_1_704' title='bbox 1192 5680 1238 5736; x_wconf 79' lang='grc' dir='ltr'>εἰ</span> <span class='ocrx_word' id='word_1_705' title='bbox 1297 5682 1360 5754; x_wconf 68' lang='lat' dir='ltr'>[f‘</span> <span class='ocrx_word' id='word_1_706' title='bbox 1420 5683 1478 5754; x_wconf 71' lang='grc' dir='ltr'>ἢ]</span> <span class='ocrx_word' id='word_1_707' title='bbox 1516 5679 1640 5737; x_wconf 60' lang='grc' dir='ltr'>“καὶ</span> <span class='ocrx_word' id='word_1_708' title='bbox 1695 5679 1795 5750; x_wconf 77' lang='grc' dir='ltr'>τήν</span> <span class='ocrx_word' id='word_1_709' title='bbox 1844 5681 2043 5756; x_wconf 79' lang='grc' dir='ltr'>πρᾶξν-</span> 
     </span>
    </p>
   </div>
   <div class='ocr_carea' id='block_1_110' title="bbox 2215 4809 3806 4904">
    <p class='ocr_par' dir='ltr' id='par_1_110' title="bbox 2215 4809 3806 4904">
     <span class='ocr_line' id='line_1_110' title="bbox 2215 4809 3806 4904; baseline 0.003 -26"><span class='ocrx_word' id='word_1_710' title='bbox 2215 4809 2342 4904; x_wconf 59' lang='grc' dir='ltr'>(ἐὸί</span> <span class='ocrx_word' id='word_1_711' title='bbox 2365 4824 2504 4904; x_wconf 65' lang='lat' dir='ltr'>Haec</span> <span class='ocrx_word' id='word_1_712' title='bbox 2527 4839 2717 4904; x_wconf 65' lang='lat' dir='ltr'>usque</span> <span class='ocrx_word' id='word_1_713' title='bbox 2866 4824 3048 4904; x_wconf 59' lang='lat' dir='ltr'>tinem</span> <span class='ocrx_word' id='word_1_714' title='bbox 3106 4825 3288 4896; x_wconf 87' lang='lat' dir='ltr'>hujus</span> <span class='ocrx_word' id='word_1_715' title='bbox 3319 4826 3529 4898; x_wconf 91' lang='lat' dir='ltr'>capitis</span> <span class='ocrx_word' id='word_1_716' title='bbox 3560 4827 3806 4882; x_wconf 88' lang='lat' dir='ltr'>Combe-</span> 
     </span>
    </p>
   </div>
   <div class='ocr_carea' id='block_1_111' title="bbox 2147 4896 2952 4963">
    <p class='ocr_par' dir='ltr' id='par_1_111' title="bbox 2147 4896 2952 4963">
     <span class='ocr_line' id='line_1_111' title="bbox 2147 4896 2952 4963; baseline -0.001 -12"><span class='ocrx_word' id='word_1_717' title='bbox 2147 4896 2314 4951; x_wconf 85' lang='lat' dir='ltr'>ﬁsius</span> <span class='ocrx_word' id='word_1_718' title='bbox 2339 4896 2533 4960; x_wconf 91' lang='lat' dir='ltr'>vertit,</span> <span class='ocrx_word' id='word_1_719' title='bbox 2567 4896 2706 4963; x_wconf 84' lang='lat' dir='ltr'>Pagi</span> <span class='ocrx_word' id='word_1_720' title='bbox 2741 4897 2828 4950; x_wconf 91' lang='lat' dir='ltr'>IV.</span> <span class='ocrx_word' id='word_1_721' title='bbox 2864 4899 2952 4950; x_wconf 76' lang='grc'>24.</span> 
     </span>
    </p>
   </div>
   <div class='ocr_carea' id='block_1_112' title="bbox 2219 4965 3801 5041">
    <p class='ocr_par' dir='ltr' id='par_1_112' title="bbox 2219 4965 3801 5041">
     <span class='ocr_line' id='line_1_112' title="bbox 2219 4965 3801 5041; baseline 0.003 -20"><span class='ocrx_word' id='word_1_722' title='bbox 2219 4965 2554 5041; x_wconf 71' lang='lat' dir='ltr'>(29)_Codex</span> <span class='ocrx_word' id='word_1_723' title='bbox 2611 4965 3004 5041; x_wconf 55' lang='lat' dir='ltr'>ﬁpoxstpnGLV°_</span> <span class='ocrx_word' id='word_1_724' title='bbox 3054 4969 3271 5041; x_wconf 76' lang='lat' dir='ltr'>mutavi</span> <span class='ocrx_word' id='word_1_725' title='bbox 3316 4971 3640 5025; x_wconf 80' lang='lat' dir='ltr'>secundum</span> <span class='ocrx_word' id='word_1_726' title='bbox 3673 4975 3801 5041; x_wconf 87' lang='lat' dir='ltr'>ety-</span> 
     </span>
    </p>
   </div>
   <div class='ocr_carea' id='block_1_113' title="bbox 2148 5038 3796 5120">
    <p class='ocr_par' dir='ltr' id='par_1_113' title="bbox 2148 5038 3796 5120">
     <span class='ocr_line' id='line_1_113' title="bbox 2148 5038 3796 5120; baseline 0 -26"><span class='ocrx_word' id='word_1_727' title='bbox 2148 5038 2466 5120; x_wconf 70' lang='lat' dir='ltr'>mologiam</span> <span class='ocrx_word' id='word_1_728' title='bbox 2490 5055 2524 5120; x_wconf 77' lang='lat' dir='ltr'>a</span> <span class='ocrx_word' id='word_1_729' title='bbox 2549 5038 3399 5120; x_wconf 54' lang='grc' dir='ltr'>νοτὶξοπροχειρίζομαι.γοοίε</span> <span class='ocrx_word' id='word_1_730' title='bbox 3428 5038 3796 5115; x_wconf 75' lang='grc' dir='ltr'>προχείρισις,</span> 
     </span>
    </p>
   </div>
   <div class='ocr_carea' id='block_1_114' title="bbox 2149 5110 3794 5183">
    <p class='ocr_par' dir='ltr' id='par_1_114' title="bbox 2149 5110 3794 5183">
     <span class='ocr_line' id='line_1_114' title="bbox 2149 5110 3794 5183; baseline 0.002 -18"><span class='ocrx_word' id='word_1_731' title='bbox 2149 5111 2340 5165; x_wconf 85' lang='lat' dir='ltr'>adhuc</span> <span class='ocrx_word' id='word_1_732' title='bbox 2387 5110 2478 5183; x_wconf 92' lang='lat' dir='ltr'>in_</span> <span class='ocrx_word' id='word_1_733' title='bbox 2503 5110 2725 5183; x_wconf 68' lang='lat' dir='ltr'>Lexicis</span> <span class='ocrx_word' id='word_1_734' title='bbox 2760 5110 3016 5183; x_wconf 68' lang='lat' dir='ltr'>omissaa,</span> <span class='ocrx_word' id='word_1_735' title='bbox 3074 5112 3438 5183; x_wconf 88' lang='lat' dir='ltr'>significatus</span> <span class='ocrx_word' id='word_1_736' title='bbox 3472 5110 3610 5168; x_wconf 72' lang='lat' dir='ltr'>sunt</span> <span class='ocrx_word' id='word_1_737' title='bbox 3635 5110 3794 5168; x_wconf 81' lang='lat' dir='ltr'>duo:</span> 
     </span>
    </p>
   </div>
   <div class='ocr_carea' id='block_1_115' title="bbox 2149 5180 3797 5254">
    <p class='ocr_par' dir='ltr' id='par_1_115' title="bbox 2149 5180 3797 5254">
     <span class='ocr_line' id='line_1_115' title="bbox 2149 5180 3797 5254; baseline 0 -16"><span class='ocrx_word' id='word_1_738' title='bbox 2149 5183 2309 5254; x_wconf 88' lang='lat' dir='ltr'>alter</span> <span class='ocrx_word' id='word_1_739' title='bbox 2329 5180 2484 5254; x_wconf 85' lang='lat' dir='ltr'>apud</span> <span class='ocrx_word' id='word_1_740' title='bbox 2516 5181 2922 5254; x_wconf 82' lang='lat' dir='ltr'>philosophos,</span> <span class='ocrx_word' id='word_1_741' title='bbox 2965 5180 3222 5237; x_wconf 27' lang='lat' dir='ltr'>alter‘in</span> <span class='ocrx_word' id='word_1_742' title='bbox 3273 5185 3575 5254; x_wconf 91' lang='lat' dir='ltr'>scriptorr.</span> <span class='ocrx_word' id='word_1_743' title='bbox 3609 5185 3797 5240; x_wconf 87' lang='lat' dir='ltr'>eccle-</span> 
     </span>
    </p>
   </div>
   <div class='ocr_carea' id='block_1_116' title="bbox 2151 5253 3801 5327">
    <p class='ocr_par' dir='ltr' id='par_1_116' title="bbox 2151 5253 3801 5327">
     <span class='ocr_line' id='line_1_116' title="bbox 2151 5253 3801 5327; baseline 0.001 -18"><span class='ocrx_word' id='word_1_744' title='bbox 2151 5253 2426 5309; x_wconf 88' lang='lat' dir='ltr'>siasticis.</span> <span class='ocrx_word' id='word_1_745' title='bbox 2464 5253 2628 5322; x_wconf 85' lang='lat' dir='ltr'>Apud</span> <span class='ocrx_word' id='word_1_746' title='bbox 2661 5253 2795 5308; x_wconf 92' lang='lat' dir='ltr'>illos</span> <span class='ocrx_word' id='word_1_747' title='bbox 2827 5260 2999 5327; x_wconf 85' lang='lat' dir='ltr'>sonat</span> <span class='ocrx_word' id='word_1_748' title='bbox 3017 5262 3189 5320; x_wconf 85' lang='lat' dir='ltr'>actus,</span> <span class='ocrx_word' id='word_1_749' title='bbox 3214 5253 3478 5326; x_wconf 66' lang='lat' dir='ltr'>operatio,</span> <span class='ocrx_word' id='word_1_750' title='bbox 3503 5274 3619 5326; x_wconf 90' lang='lat' dir='ltr'>qua</span> <span class='ocrx_word' id='word_1_751' title='bbox 3646 5256 3801 5327; x_wconf 83' lang='lat' dir='ltr'>cogi-</span> 
     </span>
    </p>
   </div>
   <div class='ocr_carea' id='block_1_117' title="bbox 2152 5326 3800 5396">
    <p class='ocr_par' dir='ltr' id='par_1_117' title="bbox 2152 5326 3800 5396">
     <span class='ocr_line' id='line_1_117' title="bbox 2152 5326 3800 5396; baseline 0.001 -15"><span class='ocrx_word' id='word_1_752' title='bbox 2152 5332 2272 5381; x_wconf 88' lang='lat' dir='ltr'>tata</span> <span class='ocrx_word' id='word_1_753' title='bbox 2303 5330 2826 5394; x_wconf 65' lang='lat' dir='ltr'>reprazsentantur,</span> <span class='ocrx_word' id='word_1_754' title='bbox 2853 5326 3378 5396; x_wconf 89' lang='lat' dir='ltr'>perducunturque</span> <span class='ocrx_word' id='word_1_755' title='bbox 3401 5328 3474 5382; x_wconf 89' lang='lat' dir='ltr'>ad</span> <span class='ocrx_word' id='word_1_756' title='bbox 3506 5326 3800 5382; x_wconf 72' lang='lat' dir='ltr'>effectum.</span> 
     </span>
    </p>
   </div>
   <div class='ocr_carea' id='block_1_118' title="bbox 2151 5395 3803 5469">
    <p class='ocr_par' dir='ltr' id='par_1_118' title="bbox 2151 5395 3803 5469">
     <span class='ocr_line' id='line_1_118' title="bbox 2151 5395 3803 5469; baseline 0.002 -19"><span class='ocrx_word' id='word_1_757' title='bbox 2151 5395 2512 5469; x_wconf 74' lang='lat' dir='ltr'>Porphyrius</span> <span class='ocrx_word' id='word_1_758' title='bbox 2530 5395 2872 5469; x_wconf 64' lang='lat' dir='ltr'>Sententad</span> <span class='ocrx_word' id='word_1_759' title='bbox 2896 5397 3208 5469; x_wconf 28' lang='lat' dir='ltr'>in_telligib‘.</span> <span class='ocrx_word' id='word_1_760' title='bbox 3235 5395 3473 5469; x_wconf 75' lang='lat' dir='ltr'>ducent.</span> <span class='ocrx_word' id='word_1_761' title='bbox 3500 5403 3622 5453; x_wconf 74' lang='lat'>225.</span> <span class='ocrx_word' id='word_1_762' title='bbox 3649 5403 3710 5453; x_wconf 85' lang='grc' dir='ltr'><strong>Α.</strong></span> <span class='ocrx_word' id='word_1_763' title='bbox 3731 5399 3803 5453; x_wconf 91' lang='lat' dir='ltr'>de</span> 
     </span>
    </p>
   </div>
   <div class='ocr_carea' id='block_1_119' title="bbox 2151 5461 3801 5544">
    <p class='ocr_par' dir='ltr' id='par_1_119' title="bbox 2151 5461 3801 5544">
     <span class='ocr_line' id='line_1_119' title="bbox 2151 5461 3801 5544; baseline 0 -22"><span class='ocrx_word' id='word_1_764' title='bbox 2151 5461 2373 5544; x_wconf 58' lang='lat' dir='ltr'>anima,</span> <span class='ocrx_word' id='word_1_765' title='bbox 2406 5463 2612 5544; x_wconf 75' lang='grc' dir='ltr'>ἐνεργεῖ</span> <span class='ocrx_word' id='word_1_766' title='bbox 2643 5461 2699 5519; x_wconf 77' lang='grc' dir='ltr'>δὲ</span> <span class='ocrx_word' id='word_1_767' title='bbox 2741 5467 2857 5519; x_wconf 84' lang='grc' dir='ltr'>κατ’</span> <span class='ocrx_word' id='word_1_768' title='bbox 2910 5461 3196 5544; x_wconf 53' lang='grc' dir='ltr'>αὐτοὺᾷιῆ</span> <span class='ocrx_word' id='word_1_769' title='bbox 3233 5468 3322 5522; x_wconf 81' lang='grc' dir='ltr'>ὑπ’</span> <span class='ocrx_word' id='word_1_770' title='bbox 3354 5467 3529 5524; x_wconf 77' lang='grc' dir='ltr'>ἄλλου</span> <span class='ocrx_word' id='word_1_771' title='bbox 3562 5469 3635 5530; x_wconf 78' lang='grc' dir='ltr'>εἷς</span> <span class='ocrx_word' id='word_1_772' title='bbox 3667 5490 3801 5544; x_wconf 86' lang='grc' dir='ltr'>προ-</span> 
     </span>
    </p>
   </div>
   <div class='ocr_carea' id='block_1_120' title="bbox 2152 5537 3800 5612">
    <p class='ocr_par' dir='ltr' id='par_1_120' title="bbox 2152 5537 3800 5612">
     <span class='ocr_line' id='line_1_120' title="bbox 2152 5537 3800 5612; baseline 0.003 -21"><span class='ocrx_word' id='word_1_773' title='bbox 2152 5539 2404 5612; x_wconf 80' lang='grc' dir='ltr'>χείρησιν</span> <span class='ocrx_word' id='word_1_774' title='bbox 2463 5537 2549 5612; x_wconf 46' lang='grc' dir='ltr'>[Ις</span> <span class='ocrx_word' id='word_1_775' title='bbox 2582 5539 2949 5612; x_wconf 77' lang='grc' dir='ltr'>προχείρισιν]</span> <span class='ocrx_word' id='word_1_776' title='bbox 3010 5537 3416 5612; x_wconf 76' lang='grc' dir='ltr'>ἐκκαλουμένη,</span> <span class='ocrx_word' id='word_1_777' title='bbox 3474 5543 3558 5596; x_wconf 74' lang='lat' dir='ltr'>vel</span> <span class='ocrx_word' id='word_1_778' title='bbox 3587 5543 3654 5596; x_wconf 87' lang='lat' dir='ltr'>ab</span> <span class='ocrx_word' id='word_1_779' title='bbox 3686 5537 3800 5596; x_wconf 64' lang='lat' dir='ltr'>alio</span> 
     </span>
    </p>
   </div>
   <div class='ocr_carea' id='block_1_121' title="bbox 2153 5610 3800 5677">
    <p class='ocr_par' dir='ltr' id='par_1_121' title="bbox 2153 5610 3800 5677">
     <span class='ocr_line' id='line_1_121' title="bbox 2153 5610 3800 5677; baseline 0.001 -12"><span class='ocrx_word' id='word_1_780' title='bbox 2153 5610 2227 5665; x_wconf 67' lang='lat' dir='ltr'>(id</span> <span class='ocrx_word' id='word_1_781' title='bbox 2256 5624 2392 5677; x_wconf 82' lang='lat' dir='ltr'>opus</span> <span class='ocrx_word' id='word_1_782' title='bbox 2421 5610 2683 5664; x_wconf 66' lang='lat' dir='ltr'>excitata.</span> <span class='ocrx_word' id='word_1_783' title='bbox 2721 5611 2792 5666; x_wconf 93' lang='lat' dir='ltr'>Ut</span> <span class='ocrx_word' id='word_1_784' title='bbox 2838 5611 2970 5665; x_wconf 90' lang='lat' dir='ltr'>ideo</span> <span class='ocrx_word' id='word_1_785' title='bbox 3003 5610 3284 5666; x_wconf 84' lang='lat' dir='ltr'>erraverit</span> <span class='ocrx_word' id='word_1_786' title='bbox 3315 5615 3619 5677; x_wconf 86' lang='lat' dir='ltr'>Kusterus,</span> <span class='ocrx_word' id='word_1_787' title='bbox 3676 5613 3800 5667; x_wconf 64' lang='lat' dir='ltr'>haec</span> 
     </span>
    </p>
   </div>
   <div class='ocr_carea' id='block_1_122' title="bbox 2157 5678 3805 5758">
    <p class='ocr_par' dir='ltr' id='par_1_122' title="bbox 2157 5678 3805 5758">
     <span class='ocr_line' id='line_1_122' title="bbox 2157 5678 3805 5758; baseline 0.001 -22"><span class='ocrx_word' id='word_1_788' title='bbox 2157 5678 2349 5736; x_wconf 69' lang='lat' dir='ltr'>Suida)</span> <span class='ocrx_word' id='word_1_789' title='bbox 2383 5681 2426 5736; x_wconf 91' lang='grc' dir='ltr'><strong>Ι.</strong></span> <span class='ocrx_word' id='word_1_790' title='bbox 2460 5681 2584 5734; x_wconf 89' lang='grc'>830.</span> <span class='ocrx_word' id='word_1_791' title='bbox 2618 5682 2685 5734; x_wconf 84' lang='grc' dir='ltr'>Α.</span> <span class='ocrx_word' id='word_1_792' title='bbox 2840 5682 2958 5735; x_wconf 81' lang='grc' dir='ltr'>καθ’</span> <span class='ocrx_word' id='word_1_793' title='bbox 3012 5679 3117 5752; x_wconf 73' lang='grc' dir='ltr'>ἕξιν</span> <span class='ocrx_word' id='word_1_794' title='bbox 3177 5681 3213 5752; x_wconf 78' lang='grc' dir='ltr'>ἤ</span> <span class='ocrx_word' id='word_1_795' title='bbox 3271 5683 3407 5737; x_wconf 84' lang='grc' dir='ltr'>κατὰ</span> <span class='ocrx_word' id='word_1_796' title='bbox 3437 5682 3805 5758; x_wconf 79' lang='grc' dir='ltr'>προχείρισιν,</span> 
     </span>
    </p>
   </div>
  </div>
