4190 6322
319 371 435 430 813

1654 368 2049 432 HISTORUE
2090 369 2242 431 LIB.
2293 373 2393 434 IV.

3604 380 3726 444 8M

316 499 700 576 Κοπρωνύμου
758 502 1064 572 ἡσσηθῆναι
1147 500 1391 572 Μυσοὺς,
1447 499 1536 556 καὶ
1613 501 1766 565 αὗθις
1821 499 1948 575 παρέ

2081 505 2370 560 memoria
2393 506 2464 561 ab
2486 511 2714 563 Joanne
2736 510 3015 581 Augusto,
3051 511 3150 582 qui
3179 513 3489 568 Mmsorum
3516 516 3738 586 oppida

315 596 414 647 τοῦ
471 591 698 666 έγγόνου
755 592 920 646 αὑτοῦ
979 590 1389 648 Κωνσταντίνου
1445 595 1540 646 τοῦ
1598 597 1697 660 τῆς
1761 589 1970 664 Αὐγού-

314 702 444 752 στης
493 681 734 756 Εἰρήνης
793 682 935 752 υἱοῦ,
994 682 1081 735 καὶ
1143 681 1210 734 τὰ
1261 684 1352 734 νῦν
1412 676 1467 735 δὲ
1523 680 1659 753 πρὸς
1711 680 1966 736 Ἰωάννου

311 775 408 826 τοῦ
445 770 868 844 αὐτοκράτορος,
904 771 961 832 ὅς
988 770 1083 832 τὰς
1136 774 1242 824 τῶν
1295 773 1488 825 Μυσῶν
1537 768 1736 834 πολεις
1782 769 1966 843 αἰχμῇ

2068 591 2121 644 vi
2155 595 2527 664 expugnavit,
2561 597 2743 650 victos
2795 597 3078 670 Bulgaros
3128 599 3483 670 perhibent:
3534 620 3730 674 neque

2069 679 2228 734 ullus
2252 682 2402 738 alius
2430 685 2830 740 Romanorum
2851 688 3145 742 exstitisse
3173 689 3445 756 traditur,
3472 692 3723 761 quiillos

2070 770 2129 823 in
2165 770 2429 840 ipsorum
2461 775 2701 846 regione
2734 775 3065 832 debellarit.
3103 777 3212 832 Sed
3245 779 3316 833 de
3349 779 3442 835 his
3471 782 3638 838 satis.

313 872 711 942 παρεστήσατο·
773 868 881 944 οὐχ
937 867 1219 942 ἱστόρηται
1281 865 1338 924 δέ
1396 889 1478 931 τις
1537 869 1830 942 Ῥωμαίων
1889 864 2094 943 ἕτερος,
2141 866 2366 930 τούτους
2418 868 2504 923 ἐπὶ
2571 873 2671 940 τῆς
2759 873 3012 949 σφετέρας
3097 881 3200 948 γῆς
3289 880 3731 952 καταγωνισάμε-

312 979 428 1022 νος.
463 957 640 1016 Ἀλλά
668 960 794 1031 περὶ
829 961 922 1032 μὲν
962 957 1170 1013 τούτων
1203 956 1348 1020 ἅλις.

392 1077 442 1133 ι’,
467 1076 522 1128 '0
555 1073 611 1129 δὲ
645 1069 1085 1153 Σφενδοσλάϐος,
1126 1081 1245 1138 ταῖς
1295 1074 1428 1129 κατά
1474 1080 1582 1130 τῶν
1639 1079 1833 1129 Μυσῶν
1885 1073 1961 1127 νί-

312 1185 434 1224 καις
469 1163 552 1218 ἐπὶ
595 1165 736 1236 μέγα
793 1163 1108 1238 αἰρόμενος,
1161 1166 1250 1218 καὶ
1302 1167 1369 1236 τῇ
1432 1159 1740 1238 βαρϐαρικῇ
1795 1163 1963 1216 αὐθα-

314 1250 748 1328 δείᾳύπέροπλα
811 1252 1206 1327 βρενθυόμενος
1264 1251 1396 1324 (ἤδη
1456 1254 1558 1327 γὰρ
1615 1253 1716 1320 τήν
1773 1251 1960 1326 χώραν

317 1338 555 1417 βεϐαίως
611 1341 912 1412 ἐκέκτητο),
972 1338 1210 1415 περιδεῖς
1268 1340 1359 1395 καὶ
1438 1338 1788 1413 καταπλῆγας
1847 1345 1959 1393 Μυ-

312 1431 442 1496 σοὺς
471 1436 538 1505 τῇ
571 1431 794 1507 ἐμφύτῳ
852 1430 1083 1500 ἀπηνείᾳ
1132 1432 1593 1507 κατεργασάμενος
1654 1430 1800 1507 (φασὶ
1857 1432 1958 1504 γὰρ

309 1524 411 1590 την
448 1520 733 1576 Φιλίππου
765 1519 923 1575 πόλιν
954 1524 1032 1590 τῷ
1062 1518 1325 1592 πολεμεῖν
1366 1519 1582 1593 ἐξελὼν,
1640 1517 1961 1594 δισμυρίους

307 1616 420 1666 τῶν
450 1609 500 1665 ἐν
532 1614 610 1682 τῷ
641 1607 785 1664 ἄστει
852 1607 1166 1685 ληφθέντων
1229 1610 1396 1682 ὠμῶς
1445 1611 1534 1664 καὶ
1581 1610 1959 1682 ἀπανθρώπως

312 1698 769 1768 ἀνασκολοπίσαι,
802 1699 891 1752 καὶ
947 1697 1114 1773 ταύτῃ
1171 1699 1231 1752 τὸ
1291 1699 1534 1769 ἀντίξοῦν
1590 1700 1723 1752 ἅπαν
1783 1695 1956 1752 ἐκδει-

315 1794 562 1864 ματῶσαι
612 1789 701 1842 καὶ
763 1793 929 1851 θεῖναι
992 1784 1382 1860 ὑπόσπονδον),
1442 1787 1784 1863 ὑπεραύχους
1867 1787 1955 1842 καὶ

311 1877 561 1943 αὐθάδεις
621 1879 714 1939 τὰς
772 1877 1087 1951 ἀποκρίσεις
1143 1882 1259 1938 τοῖς
1339 1871 1591 1951 πρέσϐεσι
1667 1876 1953 1947 Ῥωμαίων

310 1969 544 2043 ἐξέφερεο
581 1995 599 2017 ι
648 1969 739 2036 Μὴ
797 1968 898 2042 γάρ
961 1967 1241 2042 ἀφέξεσθαι
1298 1974 1397 2036 τῆς
1438 1968 1647 2042 χώρας,
1709 1965 1958 2038 εὐδαίμο-

307 2081 401 2121 νος
432 2059 622 2127 οὔσης,
656 2057 701 2111 εἰ
739 2058 814 2130 μὴ
847 2056 935 2112 ἐπὶ
975 2057 1280 2130 χρημάτων
1314 2054 1741 2113 πολυταλάντων
1792 2078 1954 2111 κατα-

309 2147 455 2223 ϐολῇ
481 2149 569 2204 καὶ
593 2148 981 2221 ἀπεμπολήσει
1004 2152 1112 2202 τῶν
1134 2168 1191 2202 τε
1217 2147 1430 2203 πόλεων
1453 2149 1542 2202 καὶ
1566 2153 1673 2202 τῶν
1693 2144 1958 2220 ἀνδραπό-

310 2237 438 2304 δων,
473 2239 572 2293 ὅσα
601 2243 681 2309 τῷ
708 2239 971 2310 πολεμεῖν
999 2236 1383 2307 ἐπεκτησαντο.
1413 2237 1480 2294 El
1504 2234 1550 2291 δ’
1573 2237 1638 2292 ού
1663 2236 1955 2311 βούλεσθαι

305 2330 610 2401 Ῥωμαίους
676 2333 842 2382 ταῦτα
898 2322 1248 2395 καταϐαλεῖν,
1305 2326 1452 2381 ἀλλά
1532 2331 1627 2392 τῆς
1682 2326 1954 2402 Εὐρώπης

309 2423 499 2482 θᾶττον
527 2419 872 2498 ἀφίστασθαι,
906 2419 979 2478 ὡς
1036 2419 1110 2489 μή
1165 2417 1552 2491 προσηκούσης
1605 2417 1815 2486 αὐτοῖς,
1864 2419 1954 2472 καὶ

307 2509 442 2576 πρὸς
483 2509 582 2576 την
640 2507 829 2561 Ἀσίαν
893 2504 1404 2578 μετασκευάζεσθαι·
1471 2505 1658 2567 ἄλλως
1715 2505 1814 2580 γὰρ
1877 2507 1952 2578 μή

309 2596 534 2660 οἲεσθαι.
589 2596 964 2671 Ταυροσκύθας
1020 2595 1096 2656 εἰς
1149 2592 1402 2656 σπονδάς·
1465 2594 1749 2668 Ῥωμαίων
1823 2598 1954 2667 ξυμ-

308 2681 592 2756 ϐήσεσθαι,
627 2710 653 2736 ››
711 2684 965 2754 Ἰωάννης
1027 2681 1083 2738 δὲ
1117 2685 1144 2738 ὁ
1186 2683 1561 2758 αὐτοκράτωρ,
1616 2683 1713 2745 τὰς
1767 2685 1955 2738 τοιαύ-

309 2795 406 2835 τας
467 2773 776 2849 ἀποκρίσεις
833 2778 929 2828 τοῦ
1017 2774 1229 2836 Σγύθου
1291 2771 1596 2845 δεξάμενος,
1660 2773 1750 2827 καὶ
1803 2773 1956 2837 αὖθις

311 2870 430 2924 τοῖς
501 2861 1041 2937 προαπεσταλμένοις
1096 2857 1376 2935 ἀμείϐεται
1461 2860 1607 2916 τάδε·
1675 2887 1694 2911 «ι
1731 2864 1842 2932 Τὴν
1895 2861 1956 2916 ἐκ

315 2951 562 3027 πατέρων
596 2953 646 3015 ἐς
695 2954 837 3024 ἡμᾶς
899 2948 1155 3006 διαϐᾶσαν
1213 2951 1433 3027 είρτςνην
1490 2946 1780 3020 ἀλώϐητον
1835 2953 1953 3014 καθ’

313 3037 380 3108 ἤν
414 3040 541 3100 Θεὸς
602 3038 956 3110 ἐμεσίτευσεν,
1018 3039 1079 3093 οὐ
1140 3037 1248 3093 δεῖν
1308 3039 1536 3111 οἰόμεθα
1594 3038 1738 3094 λύειν
1803 3039 1954 3094 αὐτοί

308 3133 395 3184 ἅτε
444 3130 696 3204 πρόνοιαν
751 3130 884 3185 εἶναι
934 3130 1274 3192 πιστεύοντες
1321 3131 1421 3198 τήν
1471 3131 1528 3184 τὸ
1573 3135 1674 3185 πᾶν
1727 3126 1948 3184 διεοθύ-

301 3240 514 3285 νουσαν,
576 3218 667 3272 καὶ
738 3221 803 3272 τὰ
887 3223 1216 3294 Χριστιανῶν
1295 3214 1683 3294 πρεσϐεύοντες
1764 3217 1945 3292 ἔθιμα·

301 3309 400 3362 Διά
431 3311 599 3362 ταῦτα
631 3307 1003 3382 εἶσηγούμεθά
1030 3328 1089 3362 τε
1122 3308 1249 3380 ὑμῖν
1283 3305 1357 3368 ὡς
1411 3306 1624 3381 φίλοις,
1671 3307 1760 3362 καὶ
1812 3328 1951 3381 συμ-

297 3393 668 3468 ϐουλεύομεν,
701 3395 928 3468 ἐξαυτῆς
977 3396 1224 3467 ἀπαίρειν
1275 3403 1375 3464 τῆς
1426 3394 1593 3468 μηδέν
1641 3417 1691 3450 τι
1743 3417 1950 3468 προση-

296 3488 504 3556 κούσης
531 3488 717 3562 χώρας
751 3488 903 3559 ὑμῖν,
961 3488 1048 3542 καὶ
1117 3490 1192 3560 μή
1249 3485 1590 3559 διαμέλλειν,
1637 3484 1768 3559 μηδ’
1819 3487 1952 3542 ἀνα-

294 3575 540 3645 δύεσθαι,
585 3575 814 3640 εἶδότας,
877 3577 951 3638 ὡς
1013 3577 1058 3630 εἱ
1122 3578 1195 3648 μὴ
1257 3578 1598 3636 καταπειθεῖς
1654 3575 1822 3651 ταύτῃ
1880 3581 1948 3649 τῇ

297 3663 620 3742 ὂνησιφόρῳ
645 3661 934 3736 ξυμϐουλῇ
959 3664 1218 3740 γένοισθε,
1254 3665 1364 3739 οὐχ
1418 3667 1587 3736 ἡμᾶς,
1643 3663 1834 3726 αὐτοὺς
1870 3662 1947 3734 δὲ,

296 3753 451 3809 λύειν
483 3754 575 3813 τὰς
613 3751 865 3808 ἀνέκαθεν
915 3754 1251 3817 συντεθείσας
1293 3751 1546 3814 σπονδάς.
1597 3754 1696 3809 Καὶ
1760 3755 1833 3825 μή
1887 3774 1949 3829 γε

292 3839 542 3914 δόξωμεν
609 3842 992 3918 μεγαλαύχους
1050 3845 1095 3878 2⁸
1176 3843 1370 3903 ταύτας
1454 3842 1548 3904 τὰς
1637 3842 1950 3915 ἀποκρίσεις

291 3938 479 3986 ποιεῖν
517 3935 648 4003 (36).
685 3934 772 3986 Ἐν
817 3933 1035 4006 Χριστῷ
1076 3933 1176 4006 γάρ
1231 3931 1525 4008 θαρῥοῦλεν
1573 3936 1652 4003 τῷ
1699 3931 1947 4003 ἀθανάτῳ

286 4026 431 4092 Θεῷ,
468 4021 563 4089 ὡς,
601 4020 646 4073 εἰ
711 4021 786 4093 μὴ
844 4029 945 4088 τῆς
993 4022 1182 4095 χώρας
1242 4019 1521 4089 ἀπέλθιτε,
1578 4020 1668 4074 καὶ
1729 4018 1948 4082 ἄκοντες

283 4111 418 4180 παρ’
453 4113 612 4182 ἡμῶν
651 4111 854 4179 ταύτης
906 4109 1306 4180 ἀπελαθήσεσθε
1354 4113 1480 4182 (37)·
1533 4110 1691 4181 οἶμαι
1737 4111 1838 4183 γάρ
1889 4130 1947 4163 σε

287 4199 372 4272 μή
408 4197 698 4267 λεληθέναι
727 4199 789 4252 τὸ
823 4202 905 4272 [Ρ.
941 4201 1030 4274 65]
1061 4203 1157 4253 τοῦ
1190 4203 1285 4253 σοῦ
1317 4203 1564 4271 πταῖσμα
1595 4200 1798 4272 πατρὸς
1829 4200 1944 4272 Ἰγ-

278 4309 461 4366 γορος
487 4293 620 4362 (38),
656 4291 714 4351 ὅς
747 4311 804 4344 τε
845 4291 941 4353 τάς
999 4289 1253 4365 ἐνόρκους
1314 4287 1547 4351 σπονδὰς
1606 4290 1752 4363 παρά
1809 4292 1942 4365 φαῦ-

2152 1077 2300 1131 105
2342 1079 2426 1130 10.
2463 1076 2967 1148 Sphendoslabus,
3003 1081 3309 1153 Bulgarica
3338 1085 3582 1142 victoria
3611 1087 3732 1144 ela-

2077 1168 2190 1226 tus,
2224 1171 2282 1218 et
2310 1165 2565 1220 barbara
2599 1167 2844 1224 audacia
2901 1187 3144 1241 magnos
3194 1172 3438 1243 spiritus
3487 1191 3730 1232 sumens

2070 1254 2220 1324 (jam
2253 1255 2412 1308 enim
2444 1256 2614 1310 ﬁrme
2648 1259 2948 1328 regionem
2995 1260 3275 1331 tenebat),
3317 1279 3450 1317 cum
3482 1264 3727 1322 timidos

2072 1342 2356 1415 Bulgaros
2384 1347 2785 1417 attonitosque
2802 1348 2981 1403 insita
3001 1350 3351 1406 crudelitate
3370 1354 3731 1414 reddidisset

2070 1437 2252 1503 (nam,
2279 1451 2411 1488 cum
2445 1436 2905 1508 Philippopolim
2931 1439 3086 1494 bello
3105 1442 3380 1512 cepisset,
3408 1444 3720 1500 hominum

2071 1521 2260 1576 millia
2284 1523 2486 1591 viginti
2515 1524 2574 1578 in
2589 1525 2806 1595 oppido
2821 1528 3388 1598 comprehensorum
3402 1533 3725 1589 crudeliter

2077 1625 2242 1664 more
2267 1609 2517 1665 barbaro
2543 1613 2693 1682 palis
2729 1615 3024 1671 sufﬁxisse
3053 1617 3290 1685 dicitur,
3325 1621 3732 1694 sicque,quos-

2068 1714 2302 1769 cunque
2329 1701 2401 1754 ad
2427 1701 2595 1755 illum
2619 1702 2777 1758 diem
2804 1706 3571 1774 restitissent,vehementer
3592 1730 3729 1783 per-

2067 1788 2264 1842 culsos
2287 1789 2347 1842 in
2371 1790 2737 1846 deditionem
2762 1795 3103 1865 accepisse),
3123 1799 3380 1868 superba
3403 1805 3460 1854 et
3477 1801 3726 1858 audacia

2066 1893 2352 1948 responsa
2384 1878 2590 1950 legatis
2649 1883 3052 1938 Romanorum
3109 1885 3310 1941 dedit:
3346 1911 3372 1937 ‹‹
3407 1891 3721 1961 Nunquam

2063 1966 2209 2033 fore,
2238 1972 2303 2020 ut
2322 1968 2561 2039 regione
2585 1969 2764 2024 fertili
2791 1987 2852 2025 se
2879 1973 3223 2039 abstineret,
3249 1977 3365 2031 nisi
3385 1984 3517 2048 post
3544 1996 3723 2052 gran-

2063 2054 2155 2109 dis
2170 2057 2437 2125 pecuniaa
2463 2058 3114 2132 pensionem,factaque
3133 2064 3544 2135 redemptione
3558 2070 3724 2141 Oppi.-

2063 2144 2274 2198 dorum
2291 2147 2718 2216 etcaptivorum
2739 2157 3031 2220 quotquot
3045 2151 3200 2207 bello
3217 2156 3724 2226 cepissent.Quam

2065 2233 2112 2286 si
2144 2233 2455 2303 pecuniam
2484 2237 2730 2290 Romani
2753 2238 3012 2307 pendere
3033 2241 3284 2308 nollent,
3313 2245 3454 2313 quin
3479 2245 3725 2302 decede-

2066 2328 2200 2376 rent
2220 2322 2380 2377 illico
2400 2340 2469 2378 ex
2492 2326 2814 2396 Europa,in
2839 2345 3013 2397 quam
3033 2329 3134 2399 jus
3153 2330 3719 2405 haberentnulIum,

2063 2414 2123 2465 in
2151 2412 2348 2466 Asiam
2372 2414 2726 2468 transirent:
2758 2432 2880 2469 non
2912 2417 3086 2472 aliter
3106 2436 3234 2474 sese
3260 2426 3718 2491 putare,Russos

2062 2519 2197 2557 cum
2230 2503 2513 2557 Romanis
2544 2520 2749 2573 pacem
2775 2505 3052 2561 facturos.
3082 2533 3102 2560 ι
3131 2510 3389 2566 Joannes
3417 2516 3714 2586 Augustus

2059 2591 2161 2645 ubi
2193 2608 2227 2646 a
2251 2591 2467 2663 Scytha
2498 2593 2608 2647 hoc
2640 2611 2994 2666 responsum
3029 2598 3264 2663 tulerat,
3299 2618 3404 2671 per
3433 2605 3719 2660 remissos

2061 2679 2285 2752 legatos
2319 2682 2443 2735 haec
2475 2683 2811 2738 renuntiat:
2844 2705 2866 2734 ιι
2907 2687 3117 2739 Pacem
3162 2689 3286 2758 jam
3333 2707 3523 2761 usque
3549 2709 3582 2747 a
3613 2709 3718 2763 pa-

2061 2775 2216 2823 trum
2242 2775 2506 2840 tempore
2534 2771 2606 2824 ad
2629 2789 2738 2826 nos
2771 2773 3137 2843 perductam,
3175 2794 3474 2850 quamque
3507 2783 3717 2837 incon-

2059 2875 2294 2914 cussam
2317 2860 2652 2914 interventu
2683 2879 2787 2915 suo
2813 2862 2965 2918 Deus
2988 2869 3372 2934 conservavit,
3408 2872 3652 2926 minime
3685 2890 3719 2928 a

2062 2948 2235 3003 nobis
2266 2948 2626 3003 arbitramur
2658 2950 2895 3006 dissolvi
2930 2953 3143 3009 debere
3173 2973 3184 3008 :
3219 2958 3377 3026 quod
3418 2961 3718 3017 credimus

2059 3037 2487 3109 providentiam
2513 3055 2640 3092 esse
2659 3046 2871 3095 cuncta
2889 3042 3404 3100 administrantem
3419 3049 3717 3121 ,quodque

2064 3129 2532 3184 Christianorum
2581 3135 2800 3185 statuta
2854 3133 3224 3204 profitemur.
3276 3138 3463 3201 Quare
3507 3141 3714 3195 suade-

2063 3235 2197 3273 mus
2230 3219 2390 3273 vobis
2421 3224 2484 3272 ut
2538 3220 2766 3286 amicis,
2830 3229 2887 3275 et
2939 3223 3266 3289 hortamur,
3323 3243 3353 3280 e
3414 3230 3716 3298 provincia

2062 3309 2413 3378 neutiquam
2459 3308 2532 3362 ad
2591 3326 2692 3364 vos
2775 3311 3112 3381 pertinente
3182 3315 3380 3370 statim
3466 3317 3715 3385 abeatis,

2067 3399 2196 3453 sine
2231 3399 2350 3453 ulla
2381 3417 2549 3454 mora
2597 3406 2698 3454 aut
2746 3404 3141 3470 recusatione,
3193 3407 3717 3476 persuasissimum

2062 3488 2371 3553 habentes,
2438 3488 2681 3543 salutari
2751 3491 2886 3544 huic
2939 3493 3189 3548 consilio
3251 3497 3296 3549 si
3359 3498 3556 3552 minus
3614 3518 3715 3555 vos

2062 3577 2459 3647 obsequentes
2491 3579 2898 3645 exhibueritis,
2949 3598 3068 3635 non
3128 3600 3255 3647 nos,
3292 3586 3394 3639 sed
3435 3590 3712 3643 vosmeti-

2059 3683 2216 3738 psos,
2281 3666 2515 3720 turbare
2574 3683 2778 3736 pacem
2867 3670 3195 3739 antiquitus
3268 3675 3405 3727 806
3475 3678 3712 3732 confec-

2058 3762 2199 3809 tam.
2236 3758 2432 3825 Neque
2463 3757 2836 3827 arrogantius
2869 3758 2978 3812 hoc
3023 3776 3130 3814 nos
3170 3777 3522 3833 responsum
3576 3766 3708 3820 red-

2059 3845 2197 3899 dere
2224 3845 2551 3915 putandum
2583 3851 2692 3900 est.
2719 3848 2860 3900 Nam
2886 3848 2947 3900 in
2971 3848 3201 3903 Christo
3232 3852 3349 3905 Deo
3384 3853 3708 3910 immortali

2055 3933 2320 3986 futurum
2355 3948 2483 3986 esse
2515 3932 2892 4002 conﬁdimus,
2931 3935 3037 3998 uti,
3088 3937 3202 3991 nisi
3235 3946 3444 4008 sponte
3495 3958 3564 3995 ex
3614 3960 3706 3996 re-

2055 4023 2226 4095 gione
2259 4021 2580 4088 decedatis,
2615 4022 2704 4076 vel
2728 4023 2907 4078 invidi
2935 4024 3072 4079 inde
3103 4043 3136 4080 a
3167 4027 3338 4081 nobis
3359 4029 3706 4099 ejiciamini.

2055 4115 2168 4167 Nec
2202 4118 2254 4167 te
2286 4112 2535 4166 oblitum
2569 4113 2838 4168 existimo
2890 4114 3074 4169 cladis
3125 4117 3308 4188 patris
3340 4119 3424 4172 tui
3459 4121 3704 4193 Ingoris,

2056 4203 2154 4272 qui
2183 4202 2589 4271 cum,juratas
2616 4203 2918 4273 pactiones
2947 4221 3052 4274 pro
3099 4206 3286 4260 nihilo
3342 4214 3577 4278 putans,
3615 4211 3707 4265 in-

2054 4295 2213 4362 genti
2241 4296 2525 4360 apparatu
2558 4307 2889 4364 magnaque
2917 4291 3187 4348 lintrium
3220 4295 3269 4348 vi
3302 4295 3518 4352 infesta
3547 4300 3707 4354 navi-

1493 4442 1553 4497 C.
1598 4441 1660 4496 B.
1703 4441 1888 4497 HASII
1925 4440 2484 4498 ANNOTATIONES.

358 4592 404 4627 ⁸⁵
433 4594 590 4649 Fort.
628 4590 1016 4668 μεγαλαύχως.

277 4749 453 4810 nacti,
521 4747 720 4801 eadem
777 4763 966 4802 eorum
1015 4746 1321 4816 plurimam
1372 4749 1637 4815 fecerunt,
1707 4748 1936 4812 nemini,
1967 4749 2012 4812 D
2045 4745 2300 4799 obierunt
2323 4761 2344 4816 ς
2368 4743 2429 4798 in
2459 4742 2598 4798 alios
2629 4759 2853 4816 carcere
2872 4752 2924 4800 et
2951 4749 3098 4816 fame
3127 4751 3569 4806 animadversum
3599 4760 3696 4808 est.

277 4825 555 4888 quantum
587 4821 646 4872 in
675 4821 809 4888 ipsis
837 4819 972 4887 fuit,
1005 4824 1310 4888 parcentes,
1341 4835 1517 4888 neque
1546 4821 1654 4887 ipsi
1702 4820 1938 4887 impera-

279 4893 410 4944 tori.
445 4889 577 4943 Inde
635 4897 898 4959 quotquot
953 4892 1246 4957 mortifera
1303 4890 1532 4943 vulnera
1589 4895 1932 4958 acceperant,

277 4963 539 5030 evestigio
562 4969 905 5043 excesserunt
929 4963 1097 5044 vita:
1111 4962 1208 5042 qui
1237 4977 1345 5044 non
1376 4963 1457 5044 ita
1471 4960 1693 5044 letalia.
1723 4963 1778 5044 in
1814 4960 1932 5044 loca

276 5047 560 5086 nemerosa
579 5049 635 5087 se
660 5033 1030 5101 conjecerunt.
1059 5032 1166 5098 Qui
1193 5034 1305 5087 υἱυί
1327 5033 1481 5102 capti
1508 5034 1756 5099 fuerunt,
1782 5031 1932 5085 mille

276 5103 454 5157 modis
496 5105 894 5173 suppliciorum
946 5110 999 5158 et
1051 5106 1395 5158 cruciatuum
1453 5104 1763 5170 conﬂictati
1805 5107 1932 5156 sunt

321 5175 433 5228 uod
459 5178 750 5230 Dominum
779 5182 1027 5231 nostrum
1063 5177 1248 5230 Iesum
1280 5175 1558 5229 Christum
1584 5177 1827 5245 ejurare,
1859 5173 1932 5226 ad

320 5245 715 5316 cytharumque
737 5249 1145 5316 persuasionem
1176 5263 1230 5301 se
1267 5248 1519 5314 conferre
1569 5246 1797 5299 nollent.
1845 5246 1932 5298 Ita

279 5331 407 5399 eum
433 5316 500 5399 [ιὶ
529 5325 810 5399 urgerent,
843 5321 1081 5399 vimque
1429 5323 1491 5399 ut
1536 5317 1727 5399 eadem
1765 5321 1930 5399 atque

278 5389 390 5458 ipsi
419 5389 684 5456 facerent,
718 5387 989 5459 abnegat?)
1021 5389 1252 5452 Christo,
1298 5387 1386 5442 illi
1433 5391 1658 5456 fortiter
1709 5389 1927 5442 resiste-

279 5464 452 5544 rent,_
482 5462 1029 5544 afﬁrmarentquese
1071 5463 1212 5544 mori
1256 5459 1419 5544 malle
1475 5475 1639 5544 quam
1687 5459 1930 5544 prodere

273 5532 560 5614 pietatem,
574 5535 749 5614 .pario
779 5531 968 5614 generi
997 5533 1202 5614 acerbae
1223 5605 1232 5614 _
1250 5533 1455 5614 mortis
1469 5604 1478 5614 I
1491 5531 1722 5600 subjecti
1741 5537 1924 5614 “sunt.

278 5600 414 5683 {iliis
453 5602 650 5683 gladio
671 5600 862 5683 cupita
903 5609 1029 5658 sunt
1084 5605 1296 5683 abscisa
1316 5603 1478 5683 _:__alii
1518 5602 1810 5683 suspendio
1837 5616 1928 5683 Aea;

281 5671 383 5732 hac
412 5671 530 5731 vita
558 5671 847 5732 exturba“
879 5693 893 5732 :
923 5675 1184 5731 nonnulli
1207 5674 1425 5746 sagittis
1470 5671 1671 5731 crebris
1723 5672 1928 5746 συηΜί

2115 4818 2232 4884 (36)
2265 4815 2350 4867 Ad
2385 4830 2547 4868 oram
2580 4815 2859 4886 proposui
2897 4815 3284 4941 μεγαλαύχως·
3319 4823 3478 4890 quod
3532 4841 3561 4878 θ
3595 4826 3698 4880 Le-

2115 4887 2194 4940 cis
2227 4885 2504 4939 exsulans
2538 4885 2751 4941 legitur
2781 4887 2937 4941 apud
2963 4926 2976 4940 ι
3007 4931 3016 4941 .
3046 4890 3423 4941 Hinnolvtum
3454 4895 3696 4941 nemon.

2044 4887 2194 4964 xicis
2227 4885 2504 4964 exsulans
2538 4885 2751 4964 legitur
2781 4885 3016 4964 apud_S.
3046 4885 3426 4964 Hippolytum
3454 4895 3696 4952 Demon.

2046 4957 2320 5042 strat..de
2362 4956 2738 5042 Aptechl'isto
2775 4956 2875 5042 143‘
3035 4959 3087 5042 τί
3119 4956 3537 5042 ῖμεγαὶλαύχωςΔ
3569 4965 3700 5042 βλα-

2042 5032 2282 5110 gemui:
2313 5046 2362 5110 ;_
2505 5027 2736 5110 duobus
2787 5027 3169 5110 substantivis
3219 5027 3340 5090 non
3386 5027 3578 5110 magis
3633 5041 3697 5097 in

2042 5098 2252 5184 Lexica
2283 5098 2486 5184 relatis
2519 5098 3424 5184 αμῐθιςυηημε-γαλαύχησιςρουοᾴ
3451 5098 3541 5165 est
3569 5111 3606 5165 i.
3635 5130 3691 5184 q.

2044 5167 2415 5242 μεγαλαυχία,
2440 5172 2746 5242 jactantia,
2781 5167 2959 5228 habet
3007 5167 3336 5234 M'éthodius
3385 5181 3463 5236 De
3509 5167 3693 5240 Cruc‘e

2040 5246 2163 5298 500.
2200 5244 2238 5297 Β
2295 5243 2548 5297 alterum
2585 5242 3014 5319 μεγαλαύχημα,
3048 5248 3230 5313 decus,
3274 5250 3345 5305 de
3393 5270 3509 5324 quo
3558 5256 3658 5326 qui

2037 5331 2342 5404 glorietur,
2371 5331 2542 5404 Philo
2575 5331 2654 5385 De
2686 5340 2968 5404 exsecrat.
3003 5337 3127 5391 724.
3163 5339 3226 5392 ι).

2109 5404 2244 5484 (
2277 5402 2534 5484 Imitatio
2566 5403 2852 5459 orationis
2883 5407 3284 5482 Nachoragani
3315 5413 3507 5468 Persa)
3535 5414 3692 5484 apud

2039 5474 2349 5543 Agathiam
2381 5476 2468 5529 96.
2503 5476 2566 5528 A.

2107 5547 2330 5625 g38)_De
2363 5546 2730 5625 haclngoris
2759 5547 3116 5625 clade_conf.
3174 5553 3564 5625 Luitprandus
3612 5557 3691 5609 De

2036 5617 2214 5673 rebus
2237 5618 2509 5690 imperat.
2545 5617 2604 5672 et
2631 5634 2749 5690 reg.
2795 5622 2884 5675 95.
2915 5622 2977 5678 Β.
