4190 6322
471 348 591 410 815

1860 344 2138 406 LEONIS
2182 345 2472 408 DIACON
2479 349 2508 408 Ι

3759 355 3885 415 816

477 481 712 555 gatione
743 481 988 553 petisset
1017 480 1285 552 reginam
1316 477 1577 544 urbium,
1601 477 1728 549 ipse
1785 477 2107 532 domestica

2240 475 2335 532 λον
2369 473 2615 550 θέμενος,
2648 478 2740 533 σὺν
2777 477 3002 555 μεγάλῳ
3030 483 3294 552 κινήματι
3337 480 3426 536 καὶ
3480 481 3702 557 μυρίοις
3751 483 3880 540 σκᾶ-

480 571 667 626 cladis
701 571 947 625 nuntius
977 569 1185 635 factus,
1221 582 1372 637 aegre
1404 583 1538 620 cum
1588 566 1874 621 naviculis
1926 565 2129 620 decem

482 661 555 716 ad
577 659 961 715 Cimmerium
993 659 1315 727 Bosporum
1348 661 1438 709 est
1490 671 1778 709 reversus.
1838 657 2129 709 Praetereo

479 751 819 806 luctuosum
835 750 962 818 ejus
985 746 1456 809 interitum,cum
1475 744 1631 799 bello
1647 745 1952 799 Germanis
1966 744 2129 798 illato

482 840 554 893 ab
577 839 721 909 ipsis
744 843 950 906 captus
968 834 1158 900 est,ad
1178 833 1578 905 arborumque
1593 839 1834 888 truncos
1855 834 2129 906 alligatus

482 945 548 983 ac
569 929 630 981 in
653 928 798 981 duas
826 931 1023 996 partes
1049 924 1401 995 discerptus.
1431 927 1630 995 Neque
1654 925 1930 996 teipsum,
1957 925 2129 978 siRo-

480 1034 720 1073 manam
753 1023 1116 1071 armaturam
1174 1020 1383 1070 contra
1415 1021 1469 1069 te
1501 1015 1795 1087 proﬁcisci
1845 1014 2127 1085 coegeris,

481 1107 724 1162 domum
757 1121 1132 1159 reversurum
1192 1119 1320 1158 esse
1379 1104 1687 1168 reor,.sed
1733 1104 1793 1158 in
1845 1103 1948 1158 illa
1999 1103 2130 1174 ipsa

480 1195 721 1268 regione
748 1211 865 1249 una
891 1210 1025 1248 cum
1057 1193 1337 1247 omnibus
1359 1193 1546 1263 copiis
1569 1193 1831 1248 deletum
1854 1193 1924 1246 iri
1955 1191 2124 1259 adeo,

476 1289 541 1338 ut
572 1301 644 1338 ne
678 1299 797 1337 una
827 1281 1070 1353 quidem
1103 1281 1355 1353 ignifera
1385 1281 1550 1335 navis
1591 1283 1650 1335 in
1702 1282 2000 1352 Scythiam
2050 1281 2128 1334 sit

477 1373 775 1444 elapsura,
837 1389 966 1442 quae
1026 1371 1186 1425 diros
1247 1387 1420 1424 casus
1476 1376 1703 1424 vestros
1786 1371 2038 1425 nuntiet.
2095 1393 2123 1419 ››

471 1460 979 1533 Sphendoslabus,
1015 1459 1418 1514 stomachatus
1452 1459 1552 1514 tali
1586 1475 1896 1530 responso,
1920 1458 2124 1514 barba-

465 1551 709 1620 ricoque
739 1550 938 1604 furore
966 1555 1142 1618 atque
1175 1547 1411 1602 insania
1442 1547 1743 1618 abreptus,
1770 1549 1851 1602 ita
1882 1565 2123 1618 respon-

467 1637 580 1691 dit:
607 1660 631 1685 «
660 1638 892 1692 Nullam
916 1636 1189 1706 equidem
1215 1635 1635 1690 necessitatem
1663 1634 1828 1689 video
1853 1636 2118 1706 impera-

464 1732 654 1781 torem
686 1729 1085 1781 Romanorum
1117 1731 1447 1796 cogentem,
1481 1730 1545 1778 ut
1592 1724 1666 1779 ad
1715 1741 1824 1778 nos
1876 1725 2117 1791 veniat;

2241 587 2360 642 φεσι
2394 566 2526 621 κατᾶ
2570 575 2670 637 τῆς
2732 566 3130 643 βασιλευούσης
3189 568 3506 642 ἐκπλεύσας,
3571 572 3736 645 μόλις
3788 574 3880 629 σὺν

2234 652 2358 709 δέκα
2387 651 2616 728 λέμϐοις
2671 655 2722 718 ἐς
2781 659 2872 711 τὸν
2932 659 3242 731 Κιμμέριον
3305 659 3527 736 ἀφικετο
3578 662 3881 734 Βόσπορονι

2234 745 2564 820 αὐτάγγελος
2619 749 2725 801 τῶν
2783 748 2996 803 οἰκείων
3077 750 3314 824 γεγονὼς
3372 756 3691 827 συμφορῶν.
3778 755 3877 810 Καὶ

2233 836 2471 908 παρίημι
2531 838 2622 890 τὸν
2686 838 2837 900 αὖθις
2897 836 3164 892 οἷ’κτιστον
3227 838 3394 913 μόρον
3446 839 3671 912 ἐκείνου,
3731 843 3879 918 παρά

2229 923 2356 986 τοὺς
2417 925 2726 998 Γερμανοὺς
2803 927 3304 1002 ἐκστρατεύσαντος,
3387 931 3476 984 καὶ
3548 932 3686 1004 πρὸς
3737 931 3880 986 ἐκεί-

2231 1035 2335 1069 νων
2396 1015 2718 1095 ληφθέντος,
2777 1017 2867 1071 καὶ
2943 1022 3123 1096 φυτῶν
3204 1016 3489 1092 στελέχεσι
3547 1018 3872 1092 προσδεθέν-

2228 1125 2343 1172 τος,
2415 1105 2502 1158 καὶ
2561 1105 2636 1167 εἷς
2697 1103 2792 1160 δύο
2871 1104 3314 1179 διαμερισθέντας
3395 1109 3680 1180 τμήματα.
3764 1111 3873 1166 Καὶ

2231 1192 2288 1246 σέ
2343 1197 2472 1266 γοῦν
2533 1192 2630 1247 οὐκ
2689 1193 2844 1265 οἶμαι
2926 1195 3060 1266 πρὸς
3153 1195 3252 1263 τήν
3334 1196 3432 1264 σήν
3519 1195 3866 1268 ἐπαναζεῦξαι

2228 1279 2482 1356 πατρίδα,
2545 1280 2598 1336 εἷ’
2646 1303 2710 1356 γε
2763 1283 2862 1349 τὴν
2921 1283 3242 1354 Ῥωμαϊκὴν
3327 1286 3656 1359 παντευχίαν
3741 1285 3878 1340 κατᾶ

2227 1377 2325 1426 σοῦ
2379 1379 2582 1449 χωρεῖν
2639 1373 3014 1449 ἀναγκάσειας,
3083 1371 3209 1430 ἀλλ’
3296 1375 3485 1430 αὐτόθι
3571 1373 3879 1453 διαφθαρή-

2227 1464 2407 1515 σεσθαι
2474 1459 2754 1529 πανσυδεὶ,
2843 1463 2915 1524 ὡς
2997 1459 3138 1534 μηδὲ
3229 1463 3507 1540 πυρφόρον
3592 1462 3645 1526 ἐς
3729 1469 3880 1518 Σκυ-

2226 1550 2340 1614 θίαν
2374 1547 2674 1628 ἀφικέσθαι,
2725 1551 2821 1613 τὰς
2882 1551 3258 1625 κατασχούσας
3319 1552 3456 1624 ὑμᾶς
3511 1551 3876 1615 ἀπευκταίους

2225 1640 2638 1718 ἀπαγγελοῦντα
2665 1640 2856 1715 τύχας,
2893 1664 2920 1692 ››
2951 1642 3011 1697 Ὁ
3039 1638 3097 1694 δὲ
3130 1636 3565 1717 Σφενδοσλάϐος,
3613 1641 3701 1696 ἐπὶ
3751 1646 3873 1704 ταῖς

2218 1729 2494 1789 τοιαύταις
2527 1729 2842 1803 ἀποκρίσεσι
2902 1727 3254 1803 σχετλιάσας,
3311 1733 3380 1803 τῇ
3438 1750 3495 1784 τε
3552 1725 3868 1805 βαρϐαρικῇ

463 1825 828 1888 quaprOpter
849 1833 922 1870 ne
943 1815 1386 1886 defatigetur,in
1414 1816 1564 1870 hanc
1593 1821 1811 1870 terram
1841 1816 2107 1886 proﬁcis-

2224 1819 2388 1890 μανίᾳ
2444 1818 2533 1874 καὶ
2592 1819 2826 1889 ἀπονοίᾳ
2880 1819 3350 1893 παραφερόμενος,
3436 1817 3684 1889 ἀντέλεξε
3756 1841 3872 1874 τοι-

461 1923 633 1960 cens:
663 1922 921 1976 namque
947 1905 1056 1975 ipsi
1084 1922 1220 1958 mox
1244 1904 1316 1958 ad
1340 1905 1596 1976 Byzantii
1631 1911 1831 1975 portas
1858 1905 2114 1959 colloca-

463 1995 660 2049 bimus
692 1994 1098 2058 tabernacula,
1131 1994 1361 2047 munito
1390 1993 1541 2046 vallo
1560 1993 1767 2048 urbem
1784 1995 2110 2066 cingemus,

463 2089 658 2158 ipsum
681 2104 841 2142 erum
854 2085 1374 2157 pentem,sipergit
1399 2092 1578 2140 tantas
1604 2103 1884 2140 aerumnae
1901 2086 2113 2152 obniti,

464 2177 698 2231 fortiter
719 2175 1400 2247 excipien1us,factisque
1423 2176 1568 2228 107
1591 2175 1734 2246 ipsis
1748 2175 2111 2243 docebimus,

463 2285 585 2322 non
607 2285 673 2323 ex
691 2268 833 2321 faece
852 2266 1290 2320 sellulariorum
1305 2265 1702 2335 manibusque
1720 2265 2112 2319 victitantium

461 2374 570 2411 nos
597 2355 858 2418 esse,sed
883 2355 1036 2408 viros
1057 2354 1576 2425 sanguinisarmis
1591 2355 1792 2408 hostes
1807 2354 2113 2408 debellan-

458 2452 569 2511 tes;
587 2446 633 2499 si
655 2443 895 2515 quidem
915 2444 1026 2498 iste
1041 2459 1146 2514 per
1164 2441 1624 2512 imprudentiam
1647 2459 1714 2496 ex
1744 2443 2114 2497 mulierculis

457 2553 564 2606 per
594 2533 944 2590 umbracula
978 2532 1351 2588 latitantibus
1381 2532 1690 2586 Russicum
1718 2533 1899 2586 robur
1921 2533 2118 2586 existi-

454 2630 598 2690 mat,
633 2630 814 2692 utque
845 2621 1134 2676 lactentes
1168 2636 1385 2691 pueros
1417 2619 1595 2673 larvis
1628 2622 1830 2674 nescio
1873 2620 2109 2690 quibus,

451 2712 794 2782 hujusmodi
837 2728 944 2765 nos
977 2710 1154 2764 minis
1189 2715 1408 2763 terrere
1440 2714 1648 2762 tentat.
1685 2730 1712 2758 »

449 2799 903 2876 ταγωνιζόμενοι·
961 2798 1006 2851 εἰ
1064 2797 1154 2851 καὶ
1212 2795 1373 2857 αὐτὸς
1444 2796 1495 2865 ἐξ
1552 2795 1776 2869 ἀγνοίας
1835 2797 1971 2852 κατὰ
2025 2799 2092 2854 τὰ
2149 2802 2575 2875 αιατραφοῦντα
2632 2799 2829 2874 γύναια
2883 2800 2982 2866 τὴν

451 2890 573 2957 κήν,
631 2888 744 2957 καὶ,
801 2885 875 2948 ὥς
932 2907 1052 2941 τινα
1110 2888 1276 2956 νήπια
1337 2885 1615 2958 ὑπομάζια
1673 2885 2103 2960 μορμολυκείοις
2157 2889 2290 2960 τισὶ,
2347 2889 2568 2949 ταύταις
2624 2893 2745 2949 ταῖς
2802 2887 3075 2958 ἀπειλαῖς,
3134 2891 3280 2961 ἡμᾶς
3355 2893 3603 2961 πειρᾶται

450 2980 657 3033 τεσθαι.
693 3001 720 3027 ››

525 3100 611 3150 il.
644 3097 993 3165 Imperator,
1027 3108 1162 3146 cum
1195 3091 1358 3146 illius
1388 3097 1506 3147 tam
1530 3108 1810 3147 vesanum
1844 3110 2100 3166 respon-
2143 3099 2185 3165 C

457 3202 588 3241 sum
613 3183 854 3238 auribus
881 3181 1675 3252 accepisset,intellexit,non
1699 3185 2101 3238 cunctandum

452 3289 601 3334 esse,
637 3271 740 3326 sed
773 3287 1003 3324 summo
1029 3269 1222 3324 studio
1245 3271 1450 3326 omnia
1470 3269 1544 3326 ad
1566 3270 1790 3325 bellum
1816 3273 2098 3341 paranda,

448 3367 515 3415 ut
536 3361 700 3414 illius
726 3359 1091 3414 invasionem
1123 3359 1677 3430 przeveniret,eique
1700 3359 1924 3414 aditum
1949 3379 2099 3432 pras-

447 3450 714 3506 cluderet
744 3450 816 3504 ad
850 3450 1113 3521 reginam
1147 3448 1407 3503 urbium.
1453 3449 1660 3503 Statim
1695 3456 1888 3504 turma
1919 3467 2097 3523 gene~

443 3557 718 3595 rosorum
748 3539 1216 3594 adolescentium
1251 3538 1521 3608 eligitur:
1571 3538 1680 3591 hos
1729 3539 2098 3595 immortales

441 3630 751 3684 nominat:
787 3629 859 3683 ad
891 3628 1045 3682 latus
1105 3627 1213 3681 sibi
1265 3633 1480 3698 prmsto
1536 3643 1663 3681 esse
1705 3628 1895 3698 jubet.
1950 3629 2094 3683 Dein

441 3719 781 3790 Magistrum
807 3717 1035 3771 militiai
1066 3716 1332 3778 Bardam,
1359 3716 1453 3770 cui
1478 3715 1713 3770 Sclerus
1735 3734 2089 3788 cognomen,

439 3807 681 3863 fratrem
706 3807 920 3872 Mariis,
947 3823 1079 3877 qum
1102 3806 1444 3876 imperatori
1468 3812 1653 3876 nupta
1666 3812 1802 3860 ante
1822 3807 2094 3862 decesse-

441 3903 551 3964 rat,
584 3898 774 3951 virum
822 3903 1130 3951 strenuum
1183 3895 1466 3966 singulari
1517 3896 1770 3950 virtute:
1818 3897 1980 3951 hunc
2037 3903 2095 3952 et

441 3987 681 4040 Petrum
705 3985 1173 4054 Patricium.jam
1189 3985 1564 4055 aNicephoro
1587 3988 1843 4054 Augusto
1868 3985 1941 4039 ob
1961 3986 2091 4055 ejus

438 4074 713 4128 virtutem
745 4073 1268 4145 pulcherrimaque
1302 4073 1360 4126 in
1388 4073 1562 4128 bellis
1623 4074 1780 4128 edita
1826 4074 2091 4129 facinora

439 4163 648 4218 castris
680 4163 1022 4234 praefectum
1063 4165 1248 4232 (nam,
1301 4179 1434 4216 cum
1490 4163 1727 4233 Scythia
1782 4163 2088 4217 Thraciam

439 4253 880 4308 incursantibus
910 4270 1045 4307 cum
1099 4253 1331 4324 legione
1381 4269 1488 4307 sua
1539 4254 1763 4320 Petrus,
1819 4254 2086 4323 quamvis

437 4342 711 4413 spado,se
736 4341 1076 4413 objecisset,
1109 4341 1458 4411 Scytharum
1483 4341 1618 4408 dux,
1645 4341 2085 4396 homoimmani

2226 1913 2378 1962 αὕτα*
2431 1933 2458 1958 ‹‹
2519 1905 2793 1979 Οὐδεμίαν
2848 1909 3081 1982 ἀνάγκην
3135 1909 3226 1960 τὸν
3300 1907 3673 1982 αὐτοκράτορα
3731 1909 3868 1964 Ῥω-

2228 1998 2400 2070 μαίων
2436 1999 2508 2058 ὠς
2565 1999 2713 2068 ἡμᾶς
2765 1996 3048 2069 ἀφικέσθαι
3109 1997 3221 2068 ὁρῶ
3279 1996 3728 2070 κατεπείγουσαν·
3790 1995 3875 2051 διὸ

2229 2089 2304 2158 μὴ
2345 2088 2520 2160 κάμῃ,
2586 2087 2751 2158 μέχρι
2809 2082 2974 2153 τῆσδε
3030 2092 3128 2152 τῆς
3187 2092 3290 2160 γῆς
3351 2085 3683 2162 ἀφικόμενος
3738 2091 3872 2158 (39)·

2225 2176 2376 2230 αὐτοὶ
2405 2177 2508 2249 γὰρ
2540 2177 2663 2229 ὅσον
2693 2171 2845 2228 οὔπω
2875 2175 2980 2249 πρὸ
3023 2179 3130 2229 τῶν
3181 2178 3279 2229 τοῦ
3333 2175 3630 2243 Βυζαντίου
3684 2174 3872 2229 πυλῶν

2222 2265 2504 2336 πηξάμεθα
2533 2265 2627 2326 τὰς
2685 2265 2909 2332 σκηνὰς,
2970 2263 3058 2318 καὶ
3116 2264 3378 2340 καρτερὸν
3435 2263 3650 2338 χάρακα
3703 2263 3876 2337 ταύτῃ

2222 2350 2650 2428 περιϐαλοῦμεν,
2711 2353 2916 2425 ἐξιόντα
2974 2375 3032 2407 τε
3090 2358 3304 2421 τοῦτον,
3341 2351 3392 2408 εἷ’
3416 2375 3472 2428 γε
3529 2353 3621 2408 καὶ
3677 2374 3878 2429 καρτε-

2223 2447 2376 2520 ρήσει
2436 2443 2571 2517 πρὸς
2622 2441 2897 2496 τοσούτων
2959 2443 3138 2496 πόνων
3172 2443 3218 2478 ²⁶
3249 2439 3691 2517 διαγωνίσασθαι,
3749 2463 3876 2518 γεν-

2221 2532 2383 2592 ναίως
2419 2529 2787 2602 ὑποδεξὸμεθα
2820 2529 3104 2604 διδάξομεν
3153 2553 3209 2586 τε
3255 2537 3370 2593 τοῖς
3422 2530 3625 2607 ἔργοις,
3681 2533 3873 2596 αὐτοῖς

2222 2622 2296 2682 ὡς
2331 2621 2391 2675 οὐ
2423 2620 2678 2695 βάναυσοί
2711 2620 2755 2655 ³⁷
2785 2641 2926 2682 τινες
2987 2615 3478 2695 ἀποχειροϐίωτοι,
3533 2617 3658 2674 ἀλλ’
3707 2621 3870 2692 αἱμά-

2219 2733 2327 2764 των
2361 2707 2546 2784 ανδρες
2572 2711 2948 2783 τυγχάνομεν,
2976 2714 3092 2771 τοῖς
3126 2708 3319 2771 ὅπλοις
3352 2711 3412 2764 τὸ
3471 2706 3729 2782 δυσμενὲς
3771 2730 3866 2762 κα-

3075 2800 3374 2868 Ῥωσσικὴν
3469 2801 3685 2872 ἡγεῖται
3767 2797 3835 2852 ἀλ
3847 2833 3867 2844 -

3694 2885 3868 2942 δεδίτ-

2283 3095 2369 3148 ια“.
2403 3093 2619 3147 Τούτων
2649 3097 2757 3146 τῶν
2784 3092 3234 3165 ἀπονενοημένων
3278 3097 3374 3146 τοῦ
3423 3091 3622 3156 ἐκεῖθεν
3672 3090 3856 3168 λόγων

2216 3184 2243 3236 ὁ
2279 3179 2537 3256 βασιλεὺς
2594 3177 2942 3255 διενηχηθεὶς
3001 3178 3138 3254 ἔγνω
3181 3182 3256 3252 μὴ
3315 3177 3658 3252 διαμέλλειν,
3711 3179 3862 3236 ἀλλὰ

2213 3274 2356 3336 πάση
2391 3267 2601 3343 σπουδῇ
2633 3269 2698 3323 τά
2723 3268 2776 3330 ἐς
2808 3271 2899 3324 τὸν
2952 3267 3198 3340 πόλεμον
3249 3269 3616 3344 ἐξαρτύεσθαι,
3667 3269 3741 3330 ὡς
3795 3268 3856 3323 ἄν

2212 3361 2543 3432 προτερήσοι
2573 3359 2674 3427 τήν
2735 3359 2871 3431 πρὸς
2918 3357 3120 3412 ἐκεῖνον
3170 3355 3368 3431 ἄφιξιν,
3421 3356 3750 3432 ἐπιτειχίσοι
3798 3379 3859 3412 τε

2209 3450 2388 3521 τούτῳ
2418 3449 2517 3516 τὴν
2563 3448 2698 3503 κατὰ
2754 3451 2853 3512 τῆς
2917 3447 3313 3522 βασιλευούσης
3370 3447 3623 3504 ἐπίθεσιν.
3687 3447 3862 3509 Εὐθὺς

2210 3536 2302 3591 οὖν
2338 3535 2460 3606 ἴλην
2493 3535 2751 3612 γενναίων
2783 3537 2873 3590 καὶ
2903 3541 3162 3591 τεανικῶν
3210 3535 3418 3610 ἀνδρῶν
3476 3535 3858 3609 ἐκλεξάμενος,

2209 3625 2504 3680 ἀθανάτους
2535 3647 2593 3680 τε
2633 3624 2862 3687 τούτους
2918 3626 3318 3698 κατονομάσας,
3374 3625 3498 3698 περὶ
3560 3625 3718 3680 αὐτὸν
3775 3625 3857 3679 εῖ-

2207 3737 2291 3769 ναι
2325 3713 2736 3773 διεκελεύσατο.
2779 3717 3052 3772 Ἐντεῦθεν
3103 3717 3194 3770 τὸν
3250 3717 3558 3791 Μάγιστρον
3619 3713 3857 3790 Βάρδαν,

2207 3803 2253 3877 ᾧ
2287 3803 2540 3878 Σκληρὸς
2569 3808 2603 3874 ἡ
2638 3804 2950 3876 ἐπίκλησίς,
2992 3805 3267 3878 ὁμαίμονα
3316 3812 3416 3875 τῆς
3471 3804 3858 3879 ἀποιχομένης

2206 3895 2438 3969 Μαρίας,
2467 3899 2568 3959 τῆς
2621 3899 2718 3949 τοῦ
2773 3895 3026 3949 τοιούτου
3079 3893 3349 3970 βασιλέως
3403 3907 3680 3965 συνεῡνου,
3723 3915 3856 3968 τυγ-

2205 3984 2461 4057 χάνοντα,
2496 3981 2821 4058 δραστήριον
2879 3980 3044 4056 ἄνδρα
3090 3985 3178 4038 καὶ
3226 3985 3322 4053 τήν
3374 3983 3549 4054 ἀλκὴν
3602 3984 3856 4061 γενναιό-

2201 4092 2383 4126 τατοψ
2415 4072 2503 4126 καὶ
2533 4073 2624 4126 τὸν
2661 4073 2948 4148 Πατρίκιον
3010 4072 3234 4146 Πέτρον,
3284 4073 3375 4127 τὸν
3422 4073 3559 4144 πρὸς
3606 4075 3702 4126 τοῦ
3750 4071 3851 4126 αύ-

2200 4161 2529 4235 τοκράτορος
2586 4162 2907 4238 Νικηφύρου
2990 4159 3471 4236 στρατοπεδάρχην
3553 4182 3846 4236 προχειρι-

2205 4250 2391 4313 σθέντα
2423 4248 2511 4304 διά
2560 4271 2619 4305 τε
2663 4253 2762 4319 τήν
2812 4255 3118 4326 προσοῦσαν
3171 4250 3316 4320 αὐτῷ
3363 4251 3582 4324 ἀρετήν,
3633 4253 3720 4305 καὶ
3781 4251 3851 4305 τὰ

2201 4341 2335 4394 κατά
2362 4339 2490 4401 τοὺς
2522 4339 2802 4412 πολέμους
2826 4337 3284 4413 ἀνδραγαθήματα
3313 4338 3548 4412 (λέγεται
3581 4340 3684 4413 γάρ
3715 4361 3850 4395 ποτε

434 4448 702 4503 corpore,
737 4431 887 4486 bene
921 4431 1226 4498 loricatus,
1261 4429 1545 4484 trabalem
1580 4431 1811 4484 hastam
1847 4437 2080 4485 contor-

2216 4434 2423 4493 Σκυθῶν
2454 4433 2554 4499 τὴν
2605 4430 2818 4504 Θρᾴκην
2876 4425 3355 4501 καταδραμόντων,
3414 4427 3529 4480 ἐπεὶ
3587 4427 3638 4496 ἐξ
3700 4430 3845 4483 ἀντι-

433 4537 642 4592 quens,
677 4522 737 4576 in
771 4520 1032 4576 medium
1066 4520 1221 4574 intra
1252 4519 1398 4573 duas
1429 4520 1586 4574 acies
1608 4536 1760 4590 equo
1789 4520 2086 4591 profectus

432 4609 504 4664 ad
537 4627 796 4682 pugnam
825 4625 1175 4680 provocasse
1206 4608 1444 4675 dicitur,
1479 4609 1579 4679 qui
1631 4625 1765 4662 cum
1814 4609 1965 4664 108
2014 4625 2081 4663 eo

2195 4519 2375 4572 πάλου
2403 4520 2494 4572 τὸν
2535 4519 2756 4592 Πέτρον,
2788 4514 2963 4570 καίτοι
2993 4515 3190 4586 τομίαν
3220 4513 3370 4585 ὄννα,
3404 4515 3537 4587 μετά
3566 4519 3666 4569 τοῦ
3709 4537 3841 4568 συν-

2193 4606 2463 4677 επομένου
2517 4606 2736 4685 στίφους
2791 4598 3090 4674 ξυνέϐαινεν
3147 4603 3337 4665 αὑτοῖς
3409 4603 3836 4677 ἀντιτάττεσθαι,

2190 4697 2276 4767 [Ρ.
2311 4697 2402 4771 66]
2432 4697 2522 4749 τὸν
2555 4699 2660 4749 τῶν
2699 4694 2918 4747 Σκυθῶν
2964 4692 3116 4767 ἀγὸν,
3166 4691 3445 4768 πελώριον
3505 4691 3696 4769 ἄνδρα,
3743 4693 3838 4749 καὶ

2193 4785 2244 4845 ἐς
2276 4786 2338 4838 τὸ
2371 4783 2607 4862 ἀσφαλὲς
2653 4781 3145 4854 τεθωρακισμένον,
3199 4782 3346 4855 παρά
3390 4782 3452 4836 τὸ
3506 4783 3839 4857 μεταίχμιον

2191 4872 2602 4942 ἐξιππάσασθαι,
2657 4872 2846 4926 κοντὸν
2898 4869 3144 4943 ἐπιμήκη
3202 4869 3585 4946 κραδαίνοντα,
3670 4892 3834 4946 προσ-

2189 4962 2471 5018 καλεῖσθαί
2503 4963 2552 4998 ²δ
2577 4982 2637 5016 τε
2690 4962 2781 5015 τὸν
2844 4956 3255 5035 βεϐουλημένον
3315 4961 3466 5033 αύτῷ
3525 4963 3837 5016 ἀντιτάττε-

2189 5053 2448 5116 σθαι-τὸν
2505 5049 2562 5106 δὲ
2609 5052 2833 5126 Πέτρον,
2890 5049 3066 5119 ἀλκῆς
3118 5051 3205 5105 καὶ
3271 5049 3463 5124 μένους
3521 5053 3650 5127 παρ’
3708 5050 3838 5107 ὑπό·-

433 4701 712 4770 congredi
732 4699 935 4754 vellet:
966 4697 1446 4764 Petrum,robore
1459 4703 1762 4768 assumpto
1778 4697 2082 4767 animique

432 4789 1002 4859 magnitudineque)
1018 4788 1282 4842 omnium
1301 4788 1804 4858 exspectationem
1824 4787 2086 4840 vinceret

431 4877 761 4931 calcaribus
791 4895 940 4947 equo
973 4879 1188 4932 acriter
1217 4877 1473 4932 admotis
1505 4882 1564 4931 et
1615 4877 1823 4931 lancea
1852 4877 2084 4930 fortiter

429 4965 676 5031 vibrata,
709 4965 996 5020 ambabus
1025 4982 1155 5020 eam
1187 4965 1464 5020 manibus
1494 4966 1556 5019 in
1616 4966 1843 5036 Scythae
1875 4971 2081 5036 pectus

430 5055 697 5128 adegisse
722 5073 736 5124 ;
757 5055 957 5124 itaque
978 5055 1241 5110 validum
1267 5054 1451 5110 fuisse
1484 5054 1762 5123 ictum,ut
1783 5055 2080 5126 perforato

1634 5259 1695 5312 Ο.
1718 5258 1783 5316 Β.
1805 5259 1994 5315 HASII
2023 5259 2586 5317 ANNOTATIONES.

489 5463 536 5500 ⁴⁶
567 5465 698 5537 Leg.
731 5463 988 5516 τοσοῦτον
1014 5458 1197 5518 κόνον.
1272 5460 1317 5496 ³⁷
1345 5459 1604 5515 κάναυσοι
1631 5459 1763 5517 cod.
1839 5461 1885 5496 ³⁸
1914 5464 2107 5521 Fort.1

2216 5460 2508 5528 ιαλεῖσθαί.

485 5655 596 5728 (39)
625 5653 884 5711 Zonaras
915 5651 984 5710 Il.
1017 5653 1148 5722 209,
1183 5652 1248 5710 Ι).
