4190 6322
412 353 527 414 81⁸1

1720 345 2119 409 ΗῙΞΤΟΒΙΕ
2158 347 2310 407 LIB.
2359 347 2468 406 VI.

3707 339 3828 402 818

410 505 560 540 νοιαν
588 478 1040 550 ὑποπλησθέντα,
1094 481 1184 535 τὸν
1237 476 1411 533 ’ίππον
1463 501 1520 534 τε
1583 477 1836 556 σφοδρῶς
1866 479 2044 551 κεντρί

2188 495 2432 549 corpore
2463 477 2662 549 cuspis
2692 476 2764 532 ad
2795 476 3038 530 dorsum
3069 473 3426 546 pervolaret,
3466 474 3660 528 hamis
3686 490 3830 528 con-

409 594 500 627 σαι
527 577 646 633 τοῖς
682 573 892 642 μυωψι,
927 568 1015 623 καὶ
1064 569 1127 624 τὸ
1185 566 1316 644 δόρυ
1366 574 1642 642 κραταιῶς
1702 565 2073 641 διαγκυλησά-

417 681 601 733 μενον,
634 658 972 736 ἀμφοτέραις
1021 655 1156 711 ὦσαι
1213 659 1348 712 κατά
1393 662 1491 712 τοῦ
1531 657 1752 730 στέρνου
1783 656 1874 710 τὸν
1939 656 2070 708 Σκύ-

411 761 532 819 θην·
607 748 750 803 οὕτω
837 744 894 801 δὲ
947 746 1192 823 γενέσθαι
1267 747 1364 815 τὴν
1427 747 1722 820 ἀντέρεισιν
1782 745 2067 818 καρτερὰν,

411 837 486 897 ὡς
519 836 901 909 ἀντιτορῆσαι,
932 833 1022 888 καὶ
1079 829 1376 908 διαμπερὲς
1422 835 1559 889 κατὰ
1615 855 1676 888 το
1735 831 2064 908 μετάφρενον

409 923 702 994 διαπτῆναι
727 924 794 991 ³9,
833 925 908 995 μή
942 922 1275 997 ἀντισχόντα
1328 924 1418 978 τὸν
1472 919 1812 978 ἁλυσιδωτὸν
1847 922 2068 994 θώρακα

406 1011 535 1069 ἀλλ’
569 1010 800 1068 ἄναυδον
852 1013 943 1067 τὸν
1000 1009 1276 1086 πελώριον
1337 1011 1539 1066 ἐκεῖνον
1608 1017 2062 1086 προσαραχθῆναι

405 1105 472 1174 τῇ
507 1101 720 1178 γῆ·καὶ
773 1101 956 1172 τούτῳ
1013 1099 1092 1170 τῷ
1122 1101 1292 1172 καινῷ
1350 1099 1440 1154 καὶ
1491 1101 1626 1172 ξένῳ
1675 1101 1906 1172 θεάματι
1963 1120 2062 1153 κα-

403 1190 754 1265 ταπλαγῆναί
783 1211 842 1245 τε
886 1189 1017 1250 τοὺς
1079 1189 1310 1261 Σκύθας,
1361 1188 1451 1244 καὶ
1510 1190 1646 1265 πρὸς
1702 1190 1878 1265 φυγὴν
1936 1189 2060 1244 ἀπι-

403 1278 810 1355 δεῖν)·τούτοις
839 1284 956 1340 τοῖς
1005 1284 1330 1354 στρατηγοῖς
1389 1277 1755 1355 παρήγγειλεν
1817 1280 1844 1333 ὁ
1908 1279 2059 1354 βασι-

401 1371 544 1438 λεὺς,
579 1373 674 1433 τας
695 1367 950 1442 δυνάμεις
981 1368 1347 1446 ἀνειληφότας
1403 1367 1492 1423 ἐπὶ
1550 1371 1650 1438 τὴν
1708 1367 1913 1444 ὅμορον
1969 1368 2058 1423 καὶ

403 1457 784 1538 ἀγχιτέρμονα
813 1465 912 1527 τῆς
946 1459 1158 1521 Μυσίας
1212 1453 1529 1513 διαϐαίνειν·
1584 1459 1699 1513 ἐκεῖ
1743 1479 1802 1513 τε
1852 1455 2060 1536 διαχει-

409 1552 620 1621 μάζειν,
652 1549 740 1602 καὶ
771 1549 1062 1624 γυμνάζειν
1095 1547 1194 1615 τὴν
1257 1547 1531 1623 στρατιὰν,
1579 1546 1668 1602 καὶ
1726 1549 1816 1602 τὸν
1872 1551 2059 1626 χῶρον

403 1635 699 1710 περιέπειν,
732 1638 806 1698 ὡς
843 1638 918 1709 μή
955 1657 1038 1697 τις
1068 1635 1150 1705 εἴη
1204 1636 1382 1708 τούτῳ
1415 1631 1573 1706 λώϐη
1609 1641 1728 1697 ταῖς
1760 1633 2054 1710 ἐκδρομαῖς

2186 574 2342 623 serta
2381 567 2565 622 lorica
2591 566 3052 636 haudquaquam
3085 562 3404 635 prohibita,
3430 562 3826 631 immanisque

2182 657 2369 712 hostis
2404 657 2569 711 nulla
2599 673 2738 711 voce
2771 655 2990 709 emissa
3035 653 3201 707 humi
3263 656 3631 706 sterneretur
3665 667 3677 703 :
3711 667 3825 720 quo

2181 764 2329 801 novo
2362 747 2632 817 miroque
2667 744 3004 816 spectaculo
3048 742 3284 797 territos
3343 741 3588 811 Scythas
3631 739 3828 810 fugam

2179 836 2530 908 respexisse)
2567 851 2580 888 :
2616 836 2722 889 hos
2755 834 2932 888 duces
2965 829 3831 902 imperatorjussitassumptis

2178 925 2445 980 numeris
2473 926 2532 978 in
2567 925 2758 978 vicina
2790 928 2847 978 et
2879 923 3133 976 finitima
3165 918 3530 975 descendere
3588 918 3826 982 Maesia),

2177 1016 2368 1086 iisque
2401 1015 2461 1069 in
2491 1014 2637 1069 locis
2669 1013 2919 1067 hiberna
2961 1012 3318 1066 constituere
3346 1026 3358 1064 :
3420 1008 3621 1076 copias
3680 1007 3825 1062 dili-

2175 1110 2381 1177 genter
2403 1108 2765 1168 exercerent,
2796 1101 3030 1155 obirent
3060 1100 3382 1172 regionem,
3403 1115 3477 1152 ne
3501 1097 3644 1168 quid
3664 1097 3824 1152 cala-

2173 1197 2396 1252 mitatis
2429 1213 2496 1250 ex
2530 1199 2853 1250 Russorum
2881 1191 3323 1247 incursionibus
3354 1189 3650 1260 acciperet
3682 1205 3826 1259 :per

2174 1287 2460 1341 stationes
2494 1285 2701 1339 etloca
2730 1283 2987 1337 hostium
3025 1281 3179 1335 viros
3207 1286 3521 1349 utramque
3555 1279 3820 1350 linguam

2172 1375 2456 1429 callentes
2488 1374 2831 1428 emitterent
2861 1371 3130 1442 Scythico
3155 1385 3318 1423 more
3346 1368 3606 1428 vestitos,
3625 1367 3725 1438 qui
3747 1367 3818 1421 de

2169 1480 2374 1518 eorum
2406 1463 2672 1517 consiliis
2705 1464 3152 1532 cognoscerent,
3179 1459 3335 1512 unde
3370 1475 3437 1512 ea
3470 1457 3822 1528 patefierent

2168 1552 2530 1623 imperatori.
2569 1549 2871 1622 Ejusmodi
2900 1547 3196 1603 mandatis
3229 1547 3299 1601 ab
3332 1547 3688 1618 imperatore
3717 1563 3817 1600 ac-

2167 1641 2374 1711 ceptis,
2406 1642 2698 1711 Europam
2742 1637 2915 1708 legati
2943 1635 3381 1707 ingrediuntur.

402 1731 507 1781 τῶν
535 1727 774 1782 Σκυθῶν’
806 1722 860 1786 ἓς
889 1746 945 1780 τε
987 1726 1081 1787 τὰς
1114 1724 1371 1788 ἐπαύλεις
1400 1725 1491 1781 καὶ
1520 1726 1587 1780 τὰ
1614 1723 1723 1795 ἤδη
1759 1726 1805 1762 3°
1831 1731 1939 1780 τῶν
1971 1723 2250 1800 δυσμενῶν
2281 1725 2618 1800 διγλώσσους
2661 1723 2856 1800 ἄνδρας
2887 1723 3184 1797 ἐκπέμπειν
3216 1723 3480 1786 Σκυθικὸν
3510 1723 3815 1800 ἤμπισχη-

407 1815 593 1888 μένους
625 1816 942 1888 ἱματισμὸν,
975 1815 1048 1876 ὡς
1076 1813 1142 1868 τά
1172 1835 1319 1892 σφων
1352 1809 1643 1868 διαῦούλια
1663 1820 1857 1888 γνοῖεν,
1890 1814 1980 1869 καὶ
2017 1816 2234 1888 βασιλεῖ
2261 1820 2429 1870 ταῦτα
2461 1815 2755 1891 κατάφωρα
2786 1813 3079 1890 γίγνοιντο.
3102 1813 3211 1882 Τὴν
3239 1812 3498 1879 τοιαύτην
3531 1811 3622 1866 οὗν
3654 1811 3812 1888 φάσιν

407 1905 542 1980 πρὸς
574 1901 670 1958 τοῦ
703 1902 974 1979 βασιλέως
1007 1901 1317 1980 εἰληφότες,
1352 1905 1450 1972 τήν
1481 1903 1750 1977 Εὐρώπην
1784 1899 2321 1976 καταλαμϐάνουσιν.

473 2022 560 2095 ιβ’.
593 2020 999 2094 Ταυροσοκύθαι
1030 2017 1108 2089 δὲ,
1141 2021 1239 2090 τὴν
1278 2020 1484 2076 τούτων
1521 2019 1898 2084 ένωτισθέντες
1922 2018 2038 2074 διάο
2076 2027 2122 2090 Β

396 2105 574 2179 ϐασιν,
629 2108 938 2183 ἀπόμοιραν
999 2116 1100 2178 τῆς
1183 2111 1443 2184 σφετέρας
1501 2115 1758 2185 στρατιᾶς
1849 2107 2058 2184 διαιρέ-

403 2220 616 2268 σαντες,
651 2198 862 2252 Οὕννων
897 2199 1071 2253 τεκαὶ
1123 2204 1317 2253 Μυσῶν
1371 2198 1588 2268 πλῆθος
1645 2199 1815 2273 ταύτῃ
1875 2219 2054 2272 προσ-

404 2287 790 2362 εταιρίσαντες,
877 2289 1014 2342 κατὰ
1097 2290 1380 2361 Ῥωμαίων
1481 2294 1684 2366 χωρεῖν
1774 2287 2056 2360 ἐκπεπόμ-

396 2399 579 2450 φεσαν.
618 2377 779 2450 Ἀρτι
815 2374 871 2431 δὲ
907 2379 1005 2446 τὴν
1068 2377 1278 2432 τούτων
1326 2375 1593 2446 ἐπήλυσιν
1653 2377 1680 2431 ὁ
1739 2376 2054 2453 Μάγιστρος

400 2464 618 2541 Βάρδας
649 2466 996 2539 αἰσθόμενος,
1056 2465 1143 2520 καὶ
1194 2464 1384 2529 ἄλλως
1437 2465 1674 2541 γενναῖός
1720 2487 1778 2521 τε
1832 2467 1922 2520 καὶ
1969 2463 2054 2539 ῥέ-

409 2577 544 2626 κτης
586 2557 880 2634 τυγχάνων
937 2555 1098 2629 ἀνὴρ,
1155 2555 1278 2610 τότε
1336 2552 1393 2608 δὲ
1447 2552 1701 2632 σφαδάζω
1761 2558 1917 2628 θυμῷ
1964 2554 2054 2607 καὶ

407 2646 601 2718 ῥώμης
635 2645 806 2716 ὁρμῃ,
841 2643 966 2704 τοὺς
1019 2643 1154 2720 ἀμφ’
1185 2643 1346 2698 αὑτὸν
1404 2644 1447 2678 ³1
1500 2640 1741 2718 λογάδας
1799 2656 2052 2711 συνειΛη-

401 2735 540 2811 φὼς,
572 2734 704 2806 πρὸς
763 2734 860 2801 τὴν
922 2737 1029 2787 τῶν
1087 2731 1334 2787 ἐναντίων
1388 2732 1645 2805 ἠπείγετο
1706 2729 2049 2804 συμπλοκήν.

402 2823 509 2878 Καὶ
565 2819 632 2889 δὴ
679 2823 935 2891 Ἰωάννην
995 2823 1086 2877 τὸν
1136 2820 1342 2878 Ἀλακᾶ
1419 2823 1528 2895 (40)
1588 2820 1922 2889 εἰσκαλέσας,
1979 2818 2054 2880 εἷς

415 2911 760 2978 κατασκοπήν
815 2910 1152 2978 ἀπέστειλεν,
1211 2910 1476 2985 ἀνθρῆσαί
1528 2913 1573 2946 ³³
1628 2931 1685 2964 τε
1739 2911 1868 2970 τοὺς
1922 2907 2056 2962 Σκύ-

411 3011 502 3062 θας
535 3002 664 3075 (41),
696 3001 780 3054 καὶ
811 3003 872 3056 τὸ
905 3006 1000 3056 τοῦ
1031 3001 1277 3070 πλήθους
1314 2998 1518 3054 εἰκάσαι
1568 3001 1732 3055 ποσὸν
1770 3001 1902 3075 (42),
1962 2998 2051 3052 καὶ

399 3091 522 3142 καθ’
553 3090 612 3142 ὅν
643 3087 949 3159 αύλίζοιντο
981 3090 1170 3156 τόπον,
1221 3089 1308 3144 καὶ
1371 3089 1399 3144 ὅ
1429 3111 1481 3144 τι
1535 3091 1845 3164 πράττοιενο
1901 3088 2050 3161 πέμ-

395 3200 514 3232 πειν
548 3199 605 3234 τε
635 3180 732 3246 τὴν
760 3181 1027 3253 ταχίστην
1065 3179 1138 3240 ὡς
1191 3179 1373 3244 αὐτὸν,
1425 3181 1512 3233 καὶ
1577 3201 1748 3234 παντα
1797 3175 2052 3253 διαγγέλ-

395 3267 529 3336 λειν,
567 3269 639 3330 ὡς
667 3268 1012 3338 συσκευᾶσοι,
1065 3271 1154 3324 καὶ
1215 3271 1424 3340 ἐκτάξοι
1478 3272 1576 3338 τήν
1619 3271 1873 3346 στρατιὰν
1913 3268 2050 3340 πρὸς

2227 2027 2313 2077 12.
2376 2023 2570 2088 Russi,
2623 2039 2756 2076 cum
2817 2021 2888 2075 de
2944 2037 3150 2075 eorum
3212 2020 3465 2074 transitu
3504 2018 3815 2074 audissent

2164 2119 2391 2184 partem
2425 2111 2735 2177 exercitus,
2765 2111 2858 2166 cui
2903 2112 3251 2164 Hunnorum
3312 2109 3816 2181 Bulgarorumque

2164 2201 2611 2256 multitudinem
2650 2199 3067 2270 adjunxerant,
3099 2200 3159 2252 in
3213 2201 3510 2253 Romanos
3548 2198 3814 2268 praamit-

2163 2296 2314 2345 tunt.
2349 2289 2562 2344 Audito
2591 2306 2794 2344 eorum
2828 2287 3334 2353 adventu,Bardas
3367 2287 3816 2357 magistermili-

2162 2385 2309 2447 tum,
2343 2397 2475 2434 cum
2511 2385 2568 2434 et
2599 2379 2747 2433 alias
2780 2378 2968 2432 virum
3027 2383 3337 2431 strenuum
3387 2377 3719 2446 fortemque
3751 2392 3814 2430 se

2161 2469 2680 2531 exhibuisset,tum
2706 2468 2958 2522 maxime
2976 2483 3043 2521 ea
3057 2467 3364 2521 occasione
3385 2482 3599 2537 magno
3613 2464 3812 2519 animo

2162 2560 2506 2630 impetuque
2550 2558 2851 2616 incitatus.
2903 2561 3104 2611 coacto
3161 2556 3486 2611 electorum
3546 2555 3703 2610 circa
3751 2571 3812 2609 se

2161 2649 2592 2720 agmine,signa
2616 2647 2812 2712 movit,
2842 2647 2991 2701 109
3008 2653 3073 2700 ut
3095 2663 3226 2701 cum
3247 2646 3517 2700 hostibus
3539 2645 3817 2700 decerne-

2161 2740 2681 2808 retJoannemque
2700 2741 2738 2790 A
2753 2737 2878 2792 Iaca
2891 2736 3237 2791 advocatum
3259 2735 3604 2807 speculandi
3625 2737 3812 2807 gratia

2160 2845 2293 2882 cum
2329 2827 2628 2883 mandatis
2657 2827 2943 2897 praemisit
2978 2844 2988 2880 :
3041 2826 3378 2880 observaret
3428 2826 3692 2894 Scythas,
3736 2825 3808 2879 de

2161 2934 2364 2971 eorum
2397 2932 2646 2970 numero
2677 2917 3079 2981 conjecturam
3112 2915 3416 2971 faceret.et
3437 2931 3551 2983 quo
3583 2913 3643 2966 in
3677 2913 3805 2966 loco

2159 3005 2863 3076 consedissent,quidque
2895 3011 3174 3076 agerent:
3205 3004 3420 3074 quibus
3454 3003 3803 3074 perspectis,

2156 3099 2609 3167 mitteretquam
2625 3097 2936 3150 celerrime
2961 3096 3027 3150 ad
3046 3112 3379 3166 se,remque
3403 3111 3639 3148 omnem
3659 3111 3806 3147 nun-

2160 3189 2426 3250 tiaret,ut
2457 3188 2582 3258 ipse
2615 3187 3001 3242 conclamatis
3035 3188 3184 3241 vasis
3215 3192 3452 3257 pararet
3482 3185 3802 3238 exercitum

2156 3279 2228 3333 ad
2262 3279 2625 3333 conflictum.
2659 3279 2914 3333 Joannes
2946 3278 3266 3348 assumptis
3309 3277 3532 3341 electis,
3565 3275 3665 3344 qui
3699 3292 3799 3329 se-

396 3359 485 3412 τὸν
513 3355 780 3430 πόλεμον.
820 3359 1072 3427 Ἰωάννης
1132 3355 1211 3427 δὲ,
1270 3359 1398 3422 τοὺς
1450 3357 1750 3434 ἑπομένους
1802 3359 2039 3436 λογάδας

2162 3368 2797 3439 quebantur,celeriter
2827 3367 2898 3423 ad
2933 3369 3175 3439 Scythas
3207 3367 3542 3436 adequitat:
3589 3367 3802 3438 postri-

395 3446 730 3524 ἀνειληφὼς,
764 3447 900 3501 κατὰ
930 3447 1100 3522 τάχος
1157 3446 1241 3501 ἐπ)
1301 3449 1428 3505 τοὺς
1481 3448 1687 3509 Σκύθας
1743 3449 2037 3506 ἱππάσατω

394 3539 463 3609 τῇ
524 3533 580 3590 δὲ
630 3536 883 3608 ὑστεραίᾳ
939 3536 1084 3610 παρὰ
1136 3536 1226 3590 τὸν
1281 3536 1594 3612 Μάγιστρον
1650 3536 1891 3609 στέλλει,
1924 3539 2044 3594 ἐπι-

399 3623 642 3680 σπεύδων
676 3629 866 3680 τοῦτον
899 3626 1107 3688 ἱκέσθαι
1142 3624 1276 3697 μετᾶ
1304 3623 1400 3679 τοῦ
1431 3626 1702 3696 πλήθους·
1741 3630 1817 3700 μὴ
1851 3629 2041 3704 πόρῥω

395 3715 523 3790 γάρ,
555 3713 684 3769 ἀλλ’
714 3714 959 3792 ἐγγύθεν,
993 3714 1120 3776 τοὺς
1155 3714 1364 3778 Σκύθας
1417 3713 1727 3784 αὐλίζεσθαι
1790 3719 1921 3792 (4-3).
1977 3719 2040 3775 Ὁ

395 3801 472 3870 δὲ,
505 3807 610 3858 τῶν
644 3805 907 3859 τοιούτων
967 3801 1148 3880 λόγων
1211 3800 1518 3873 διακούσας,
1569 3806 1736 3878 τριῘζῆ
1791 3803 2038 3877 διατάξας

391 3892 490 3960 τήν
543 3890 821 3968 φάλαγγα,
882 3895 949 3964 τῇ
1009 3892 1102 3964 μὲν
1163 3889 1452 3964 ἐφέπεσθαι
1508 3893 1854 3970 παρήγγειλε
1905 3895 2042 3950 κατὰ

395 3981 670 4053 μέτωπον,
712 3986 833 4041 ταῖς
864 3977 920 4034 δὲ
949 3980 1088 4035 κατά
1117 3979 1247 4042 τοὺς
1304 3979 1622 4056 ἐγκαρσίους
1680 3982 2038 4062 προλοχίζειν

392 4067 653 4144 δρυμούς·
687 4072 766 4143 [Ρ.
819 4072 910 4144 67]
945 4073 1242 4140 τηνικαῦτα
1274 4067 1329 4124 δὲ
1359 4073 1458 4134 τῆς
1493 4069 1704 4146 ἐνέδρας
1762 4069 2039 4145 διεκθέειν,

392 4159 629 4229 ὁπηνίκα
659 4167 756 4228 τῆς
788 4158 1120 4236 σάλπιγγος,
1149 4159 1212 4215 τὸ
1246 4158 1492 4214 ἐνυάλιον
1540 4160 1884 4239 έπηχούσης,
1920 4160 2038 4217 δια-

393 4249 661 4303 κούσαιεν.
716 4253 899 4306 Ταῦτα
953 4254 1068 4309 τοῖς
1157 4247 1422 4326 λοχαγεῖς
1473 4249 2039 4325 παρακελευσάμενος,

391 4338 527 4393 κατὰ
555 4337 731 4411 στόμα
762 4343 879 4401 τοῖς
903 4337 1134 4401 Σκύθαις
1189 4337 1465 4412 ἀντεπῄει,
1514 4345 1782 4414 κραταιῶς
1836 4337 2038 4418 διαγω-

388 4428 696 4500 νιζόμενος.
733 4423 1115 4485 Ἐπλεονὲκτει
1146 4424 1202 4481 δὲ
1230 4429 1434 4497 πλήθει
1482 4427 1545 4482 τὸ
1594 4429 1903 4504 στράτευμα
1933 4435 2040 4486 τῶν

389 4514 644 4571 ἐναντίων
679 4516 810 4590 ὑπὲρ
843 4517 969 4578 τοὺς
999 4517 1361 4591 τρισμυρίους
1419 4521 1636 4572 τελοῦν·
1681 4520 1737 4572 οἱ
1795 4519 1900 4596 γὰρ
1961 4525 2041 4593 τῷ

2155 3457 2249 3511 die
2281 3459 2410 3528 ejus
2438 3457 2553 3512 diei
2581 3457 2653 3511 ad
2681 3458 3016 3529 Magistrum
3053 3457 3308 3511 militum
3340 3457 3522 3510 mittit
3555 3474 3566 3511 :
3602 3456 3798 3510 horta-

2153 3552 2284 3600 tur:
2321 3548 2528 3601 Veniat
2557 3563 2689 3601 cum
2722 3547 2772 3600 vi
2798 3547 2979 3613 belli;
3014 3563 3132 3601 non
3163 3547 3336 3617 longe
3394 3545 3600 3600 abesse
3648 3546 3797 3599 Rus-

2153 3653 2248 3689 sos
2276 3653 2288 3690 :
2322 3635 2598 3706 proprius
2630 3642 2825 3720 castra
2854 3635 3091 3690 habere.
3118 3634 3339 3698 Quibus
3369 3635 3605 3692 auditis.
3631 3650 3796 3688 exer-

2151 3725 2334 3779 citum
2373 3725 2704 3796 tripertitur
2736 3725 2953 3779 Bardas
2989 3741 3001 3777 :
3061 3730 3288 3795 partem
3331 3723 3525 3778 medio
3583 3723 3797 3777 itinere

2153 3814 2404 3883 sequise
2433 3813 2626 3883 jubet,
2675 3814 2820 3868 duas
2869 3814 3086 3869 alteras
3118 3830 3224 3884 per
3275 3829 3522 3868 nemora
3551 3829 3585 3866 a
3614 3812 3798 3867 latere

2151 3902 2382 3973 objecta
2420 3902 2576 3957 locat
2627 3918 2640 3956 :
2683 3902 2880 3970 edicit,
2936 3919 3004 3956 ex
3052 3901 3286 3956 insidiis
3349 3908 3684 3973 erumpant,
3729 3900 3805 3954 si-

2152 3989 2276 4044 mul
2307 4006 2374 4044 ac
2407 3989 2583 4057 tubae,
2617 3989 2932 4044 classicum
2967 3990 3257 4056 canentis,
3293 3991 3552 4044 sonitum
3593 3991 3797 4047 audis-

2151 4084 2302 4134 sent.
2368 4081 2505 4144 Quaa
2559 4096 2692 4135 cum
2753 4080 3009 4135 tribunis
3098 4079 3458 4146 mandasset,
3533 4085 3693 4135 recta
3738 4081 3800 4136 in

2150 4171 2368 4224 Russos
2400 4169 2590 4224 vadit:
2625 4169 2855 4224 fortiter
2876 4169 3146 4240 praelium
3180 4170 3505 4224 committit.
3539 4169 3797 4241 Supera-

2150 4256 2250 4312 bat
2279 4258 2662 4312 multitudine
2694 4258 2928 4312 hostilis
2971 4258 3264 4313 exercitus
3298 4276 3310 4325 ;
3343 4258 3561 4330 quippe
3589 4259 3650 4312 in
3682 4275 3798 4330 quo

2152 4363 2331 4417 supra
2355 4348 2597 4420 triginta
2647 4347 2836 4401 millia
2873 4346 3230 4402 bellatorum
3280 4353 3740 4402 numerarentur
3780 4365 3794 4402 :

2151 4436 2354 4490 Bardas
2388 4437 2630 4502 milites,
2666 4455 2800 4492 cum
2823 4437 2915 4491 his
2943 4437 3042 4508 qui
3073 4438 3134 4492 in
3167 4437 3402 4491 insidiis
3433 4436 3797 4499 latebant,ad

2153 4523 2350 4580 decies
2383 4526 2549 4580 mille
2581 4533 2768 4589 erant,
2805 4542 2915 4580 nec
2960 4527 3237 4597 amplius.
3289 4526 3416 4580 Jam
3464 4526 3621 4579 inter
3649 4525 3798 4580 duas

1591 4673 1652 4728 C.
1694 4673 1757 4728 B.
1801 4674 1988 4730 HASII
2033 4677 2584 4733 ANNOTATIONES.

461 4845 507 4881 ²⁹
536 4841 858 4927 διαπῆνοιι.Δ
879 4845 961 4926 Ex_
991 4841 1368 4927 Iliad.‘E.‘9?.
1401 4842 1450 4878 ³ο
1477 4839 1608 4927 ἤθη,ξ
1644 4848 1841 4927 ξοεξὶε
1870 4865 2052 4927 quoq!

2162 4851 2405 4907 scribere
2435 4852 2531 4907 hic
2559 4848 2774 4923 πλήθη,
2808 4854 2967 4927 quod
3012 4861 3102 4912 est
3157 4857 3314 4914 infra
3356 4859 3420 4914 D.
3459 4859 3623 4915 lin.t.
3696 4861 3797 4916 Ta-

391 4933 527 4972 men
554 4917 708 4972 nihil
740 4917 980 4971 mutavi.
1012 4915 1055 4950 ³¹
1088 4913 1178 4991 ἀφ’
1207 4913 1367 4969 αὐτὸν
1398 4916 1527 4972 cod.
1559 4917 1608 4951 ³³
1632 4913 2040 4988 ἀθροῖσαίόοᾶῖ

459 5079 568 5148 (LO:
599 5076 898 5148 Cedrenus
958 5076 1025 5130 lI.
1076 5075 1198 5148 667_.
1256 5074 1348 5148 C._
1388 5070 2032 5148 ’AkamcéanScylitzes
2068 5082 2110 5145 D

391 5163 498 5201 ms.
536 5145 892 5200 ’Λλακασσέα.
928 5148 982 5219 Is
1014 5144 1284 5216 quaedam
1318 5145 1390 5199 de
1423 5147 1532 5200 hoc
1583 5147 1786 5217 praelio
1831 5144 2030 5219 '(quod

390 5219 676 5274 accidisse
706 5220 936 5274 videtur
968 5218 1027 5271 in
1061 5224 1347 5272 autumno
1380 5234 1431 5271 ει.
1494 5221 1639 5284 970.)
1697 5235 1766 5273 ex
1838 5218 2028 5276 Leone

389 5290 603 5351 hausit,
637 5291 755 5346 alia
785 5307 852 5345 ex
887 5291 1046 5344 fonte
1105 5289 1325 5354 ignoto.
1375 5289 1574 5344 Mendi
1616 5291 1896 5346 editionis
1927 5297 2032 5348 Ce-

388 5361 555 5417 dren.
590 5365 657 5427 II,
691 5365 813 5416 667.
844 5362 950 5415 lin.
983 5362 1032 5415 8.
1069 5356 1221 5412 ἐνδόν
1252 5361 1472 5430 τε-ίξίο)
1500 5365 1616 5422 τοῖς
1669 5358 1869 5423 *ίπποις
1907 5363 2033 5424 τοὺς

389 5431 673 5512 χαλινούς,
704 5434 898 5488 facilis
930 5431 1229 5512 medicina
1255 5449 1266 5484 :
1314 5427 1706 5512 ἐνδόντας-τοῖς
1735 5430 1862 5512 ’ίετ
1899 5455 1957 5512 χ.

413 5497 565 5580 _'(4t)
617 5504 1015 5580 Sic‘mutavi
1056 5504 1411 5580 scripturam
1467 5505 1699 5561 Codicis
1756 5497 1984 5580 ἀθροῖσα
2017 5549 2030 5562 .

391 5575 576 5648 Supra
607 5581 691 5631 11.
727 5578 788 5633 Β.
829 5574 1220 5648 περιαθρήσας,

460 5647 574 5721 (62)
600 5647 908 5720 Expressit
929 5647 1241 5720 Agathiam
1273 5647 1360 5700 58.
1396 5647 1456 5701 C.

2199 5081 2325 5159 .(43)
2347 5082 2612 5159 _Nemque
2630 5081 2706 5159 ad
2721 5081 3523 5159 Arcadiopolim.auctoribus
3547 5087 3792 5158 Scylitza

2147 5151 2398 5230 Historia
2427 5151 2572 5230 msl,
2596 5160 2653 5208 et
2679 5155 2946 5230 ngreno
2975 5151 3047 5208 ll.
3080 5158 3203 5209 666.
3237 5158 3296 5209 Ι).
3335 5156 3510 5230 ἀγχοῦ
3542 5151 3648 5211 που
3679 5163 3788 5212 τῶν

2136 5226 2339 5298 τειχῶν
2375 5222 3045 5298 Ἀρκαδιουπόλε‹υς,(ιυω
3079 5233 3202 5281 erat
3225 5222 3508 5298 oppidum
3531 5231 3790 5286 vicinum

2150 5294 2506 5372 Druziparte,
2540 5297 2734 5372 medio
2779 5294 2990 5372 itinere
3047 5299 3204 5372 inter
3252 5294 3699 5372 Adrianopolim
3735 5309 3793 5356 et

2147 5366 2487 5422 Heracleam
2525 5369 2680 5424 :vid.
2714 5370 2785 5423 Le
2842 5370 3033 5432 Quien
3085 5371 3309 5427 Orient.
3367 5366 3682 5428 Christian.
3745 5375 3788 5429 Ι.

2147 5439 2301 5518 1136.
2328 5441 2388 5495 B.
2423 5440 2734 5518 Xylander,
2762 5443 3559 5518 propemuros_Adrianop01is
3591 5445 3789 5514 :quod

2145 5512 2192 5633 si
2217 5516 2306 5636 ecslt
2335 5528 2472 5567 vera
2496 5512 2693 5580 lectio,
2729 5517 2887 5568 certe
2919 5514 3118 5568 Graaca
3144 5512 3605 5586 fuissent’aaque
3650 5512 3786 5570 inu-

2167 5597 2243 5635 an
2289 5599 2340 5636 a.

2167 5597 2340 5636 anaa.
