4190 6322
421 420 541 481 819
1797 417 2091 479 LEONIS
2133 417 2449 479 DIACONI
3710 409 3832 470 820

422 550 582 606 acies
611 549 885 607 cominus
914 566 1010 606 res
1039 548 1538 623 gerebatur,caede
1558 548 1870 605 fortiorum
1895 548 2068 616 facta,

2184 547 2486 624 Μαγίστρῳ
2514 549 2959 628 συνεφεπόμενοι,
2996 546 3131 621 μετὰ
3178 549 3284 599 τῶν
3317 541 3533 620 λόχων,
3567 539 3630 595 οὐ
3654 538 3833 628 Δπλέο-

421 656 557 695 cum
584 642 912 696 Russorum
944 639 1160 711 aliquis
1193 641 1300 703 (sic
1330 639 1488 694 fama
1517 638 1834 710 perhibet),
1854 638 2069 694 viribus

2184 657 2271 700 νες
2296 641 2403 691 τῶν
2442 625 2661 711 μυρίων⁷
2692 635 2995 715 ἐτύγχανον
3031 635 3162 710 (44).
3225 635 3341 702 Τῆς
3385 628 3442 686 δὲ
3499 625 3830 702 συμπλοκῆς

421 730 815 800 vastitateque
837 729 1102 799 corporis
1135 728 1569 795 ﬁsus,admisso
1602 744 1755 799 equo
1787 744 1856 782 ex
1880 734 2069 783 turma

2185 728 2489 804 γενομένης
2545 728 2675 804 παρ’
2727 726 3075 805 ἀμφοτέρων,
3130 721 3353 779 ἔπιπτον
3410 722 3461 775 οἱ
3513 718 3833 774 νεανικώτε-

427 835 537 875 sua
562 834 943 891 procurrens,
976 819 1202 888 impetu
1243 819 1304 873 in
1363 818 1611 873 Bardam
1656 817 1809 872 facto
1842 817 2074 890 galeam

429 909 558 980 ejus
589 907 785 980 gladio
808 906 980 961 ferit:
1015 905 1119 962 sed
1149 908 1346 963 inanis
1378 907 1570 962 evadit
1592 906 2073 967 ictus.laminain

423 996 652 1052 casside
688 997 841 1051 110
865 1001 1085 1062 retusa,
1120 1002 1179 1052 et
1199 997 1272 1053 ob
1301 997 1431 1069 ejus
1457 997 1736 1053 duritiem
1767 996 1886 1051 alia
1906 1001 2073 1068 parte

424 1085 756 1141 delabente.
784 1087 859 1139 At
887 1085 1309 1142 Constantinus
1328 1103 1357 1142 e
1389 1087 1774 1158 patriciorum
1796 1102 2069 1153 numero,

426 1174 628 1229 Bardaa
658 1174 861 1239 frater,
883 1174 1008 1245 jam
1031 1175 1225 1247 prima
1282 1176 1560 1250 languine
1591 1175 1779 1231 malas
1809 1174 2070 1240 fuscans,

421 1262 632 1333 grandi
656 1279 905 1334 corpore
930 1263 1665 1336 adolescens,viribusque,
1691 1264 1743 1319 vi
1768 1270 1825 1318 et
1846 1264 2072 1335 impetu

423 1352 623 1407 omnia
644 1352 911 1419 vincens.
935 1353 1140 1408 stricto
1173 1371 1458 1410 mucrone
1486 1354 1708 1409 invadit
1752 1354 2026 1425 Scytham
2053 1369 2066 1406 :

419 1442 491 1510 is,
524 1440 687 1495 illius
716 1441 951 1514 plagam
984 1444 1397 1511 extimescens,
1449 1459 1697 1515 corpore
1746 1443 1819 1497 ad
1863 1441 2070 1496 clunes

419 1532 556 1602 equi
588 1531 956 1603 resupinato,
988 1534 1132 1588 vitat
1188 1535 1395 1591 ictum.
1457 1535 1621 1589 Hunc
1679 1549 1867 1604 equus
1917 1531 2068 1586 collo

417 1618 652 1690 accipit,
690 1621 846 1691 quod
878 1627 1068 1677 totum
1118 1628 1458 1678 resecatur:
1496 1623 1732 1694 Scytha,
1763 1638 1884 1676 una
1933 1638 2069 1676 cum

417 1727 570 1782 equo
596 1711 763 1767 humi
792 1729 996 1780 ruens,
1025 1729 1060 1768 a
1089 1713 1480 1769 Constantino
1511 1712 1851 1768 coniicitur.

2185 836 2290 890 ροι.
2343 818 2603 870 Ἐνταῦθα
2661 812 2726 886 δὴ
2788 813 3008 893 λέγεται
3068 818 3174 869 τῶν
3237 832 3356 866 τινα
3401 813 3625 872 Σκυθῶν
3681 806 3827 880 ἀλκῇ

2181 907 2272 960 καὶ
2323 905 2575 979 σώματος
2629 901 2779 981 ὄγκῳ
2852 902 3249 981 γαυρούμενον,
3308 906 3407 970 τῆς
3462 898 3601 974 ἀμφ’
3660 896 3824 951 αὐτὸν

2182 994 2540 1069 ἀποκριθέντα
2570 992 2851 1074 φάλαγγος
2891 992 3206 1063 ἐξιππεῦσαί
3264 1012 3322 1046 τε
3364 989 3454 1044 καὶ
3512 992 3591 1060 τῷ
3649 981 3825 1061 Βάρδᾳ

2181 1080 2526 1159 ἐπιδραμεῖν,
2557 1083 2647 1138 καὶ
2678 1082 2819 1157 ξίφει
2875 1086 3068 1138 τοῦτον
3124 1077 3331 1149 πλῆξαι
3387 1078 3524 1133 κατὰ
3571 1082 3671 1144 τῆς
3725 1074 3825 1129 κό-

2183 1176 2366 1247 ρυθος’
2397 1174 2559 1242 κενὴν
2595 1169 2652 1226 δὲ
2677 1168 2923 1250 γενέσθαι
2954 1173 3054 1241 τήν
3110 1175 3206 1225 τοῦ
3259 1169 3445 1247 ξίφους
3498 1166 3825 1243 καταφορὰν,

2181 1267 2279 1317 τοῦ
2310 1260 2500 1336 ἀθέρος
2530 1260 3008 1337 ἀναγναμφθέντος
3066 1263 3135 1332 τῇ
3183 1261 3343 1332 κυνῇ,
3389 1256 3478 1311 καὶ
3540 1251 3827 1330 ἀλλαχόσε

2180 1354 2249 1426 τῇ
2279 1350 2483 1422 ταύτης
2531 1350 2888 1428 στεγανότητι
2944 1346 3468 1424 περιολισθήσαντος
3516 1344 3646 1417 (45).
3683 1348 3826 1396 Κωνο

2180 1445 2459 1502 σταντῐνος
2490 1437 2547 1495 δὲ
2576 1440 2604 1494 ὁ
2629 1440 2935 1515 πατρίκιος,
2960 1438 3217 1511 σύναιμος
3250 1441 3329 1509 τῷ
3389 1429 3569 1508 Βάρδᾳ
3625 1428 3825 1499 τελῶν,

2178 1528 2411 1605 ἀρτιτῷ
2439 1527 2617 1602 ἱούλῳ
2674 1531 2772 1599 τὴν
2829 1530 2984 1606 γένυν
3040 1526 3406 1607 ἐπιχνοάζων,
3440 1521 3719 1598 πελώριός
3768 1538 3825 1574 τε

2177 1618 2432 1695 πεφυκὼς
2463 1623 2541 1691 τῷ
2572 1618 2790 1692 σώματι
2819 1617 2909 1672 καὶ
2941 1620 3039 1687 τὴν
3098 1615 3258 1694 ῗσγὺν
3293 1609 3679 1677 δυσεκϐίαστος
3733 1613 3823 1669 καὶ

2177 1707 2644 1785 ἀκαταγώνιστος,
2677 1709 2739 1764 τὸ
2770 1708 2923 1787 ξίφος
2980 1708 3325 1781 σπασάμενος
3386 1703 3525 1761 ἵεται
3557 1705 3648 1761 τὸν
3688 1706 3819 1761 Σκύ.

419 1799 519 1869 θην
550 1798 758 1873 βαλεῖν·
791 1801 820 1855 6
853 1797 921 1869 δὴ
949 1801 1049 1869 τήν
1079 1800 1247 1878 φορὰν
1276 1801 1444 1856 αὐτοῦ
1478 1797 1849 1873 ὑπειδόμενος,
1882 1796 2116 1854 ἐκκλίνει
2145 1799 2243 1867 τὴν
2272 1797 2514 1874 πληγὴν,
2544 1799 2663 1854 κατ’
2694 1797 2875 1855 ἰσχίον
2907 1797 3166 1859 ὑπτιάσας
3197 1801 3296 1853 τοῦ
3317 1794 3520 1855 ἵππου,
3582 1796 3812 1870 Δέχεται

417 1884 474 1942 δὲ
501 1887 705 1957 ταύτην
734 1888 879 1963 παρὰ
902 1891 991 1944 τὸν
1022 1887 1223 1967 αὐχένα
1255 1891 1283 1944 6
1310 1886 1505 1962 ⁸ίππος,
1530 1891 1586 1944 δν
1618 1886 1913 1964 διαμπερὲς
1946 1885 2321 1961 ἀποτέμνεται·
2355 1887 2383 1942 6
2416 1884 2474 1942 δὲ
2507 1886 2745 1958 Σκύθης,
2778 1888 2893 1961 ἅμα
2938 1890 3019 1959 τῷ
3074 1883 3237 1959 ’ίππῳ
3285 1882 3649 1964 κατενεχθεὶς,
3683 1884 3823 1959 πρὸς

416 1980 516 2031 τοῦ
547 1977 948 2034 Κωνσταντίνου
981 1976 1455 2056 ἐναποσφάττεται.

490 2098 577 2152 13.
606 2099 737 2154 Jam
787 2098 1113 2153 certamine
1168 2099 1341 2154 modo
1401 2099 1518 2154 huc
1563 2099 1739 2153 modo
1798 2097 1942 2153 illuc
2002 2115 2063 2152 se
2095 2100 2142 2165 B

419 2185 1173 2258 inclinante,crebriusque
1201 2192 1467 2242 mutante
1498 2185 1814 2257 utrobique
1846 2185 2066 2241 variam

419 2275 745 2343 fortunam,
778 2275 1096 2331 classicum
1127 2277 1347 2331 Bardas
1387 2275 1519 2331 cani
1545 2275 1737 2347 jubet,
1788 2280 2071 2346 tympana

417 2363 541 2419 ictu
569 2365 777 2420 crebro
808 2365 1032 2436 pulsari
1066 2382 1078 2420 :
1112 2366 1416 2438 consurgit
1466 2364 1547 2436 (id
1600 2369 1957 2420 convenerat
1988 2364 2069 2418 si-

417 2470 600 2526 gnum
633 2471 703 2509 ex
736 2454 972 2509 insidiis
993 2455 1170 2517 acies.
1198 2455 1665 2526 Scytharumque
1700 2460 1863 2527 terga
1893 2453 2063 2508 inva-

422 2542 528 2609 dit,
563 2542 686 2614 qui,
723 2543 933 2598 timore
965 2543 1247 2615 perculsi,
1280 2544 1344 2597 in
1398 2543 1844 2599 conversionem
1902 2542 2067 2597 incli-

419 2637 584 2687 nant.
606 2633 867 2688 Necdum
901 2639 1029 2688 erat
1047 2633 1362 2688 manifesta
1382 2633 1521 2706 fuga
1549 2650 1685 2688 cum
1716 2632 1934 2688 nobilis
1956 2632 2067 2686 ali—

422 2722 556 2793 quis
587 2724 832 2791 Russus,
880 2723 1291 2794 magnitudine
1339 2723 1604 2795 corporis
1662 2730 1719 2777 et
1765 2739 2067 2778 armorum

418 2810 647 2884 fulgore
676 2818 890 2883 praeter
921 2813 1071 2868 alios
1100 2812 1417 2880 excellens,
1461 2813 1617 2867 inter
1655 2812 1871 2867 infesta
1903 2812 2069 2883 signa

421 2901 905 2968 circumcusaret,
935 2902 1010 2957 ad
1038 2902 1315 2958 virtutem
1357 2918 1495 2957 suos
1551 2902 1891 2957 cohortans.
1923 2900 2069 2954 Huic

425 2991 644 3047 Bardas
676 2991 908 3047 Sclerus
930 2992 1285 3064 adequitans
1307 2997 1484 3063 caput
1501 2993 1812 3064 percussit,
1873 2990 2066 3061 adque

423 3081 686 3136 cinctum
718 3098 908 3153 usque
925 3081 1187 3154 gladium
1200 3081 1415 3153 adegit,
1437 3097 1631 3152 neque
1644 3080 1811 3154 galea
1823 3097 1957 3135 eum
1980 3096 2068 3134 re-

420 3170 704 3242 pellente,
739 3186 933 3240 neque
987 3170 1225 3225 thorace
1265 3186 1477 3225 manus
1518 3168 1703 3225 robur
1732 3169 2066 3236 cohibente,

418 3259 670 3332 gladiive
701 3265 1017 3314 secturam.
1053 3260 1174 3324 Quo
1206 3258 1477 3314 bifariam
1504 3258 1750 3313 discisso
1783 3257 2068 3328 humique

418 3349 508 3419 dej
521 3347 1056 3415 ecto,conclamant
1076 3365 1196 3418 prae
1209 3348 1421 3420 gaudio
1440 3346 2067 3416 Romani,animosque

415 3441 663 3492 sumunt
686 3437 887 3491 :Russi
918 3454 1065 3492 novo
1090 3437 1200 3492 hoc
1221 3442 1683 3509 portentosoque
1710 3435 1831 3490 ictu
1855 3435 2065 3503 territi,

2179 3479 2273 3520 τος
2306 3456 2488 3536 ἰσχὺν,
2522 3457 2557 3527 ἢ
2585 3459 2684 3529 τῆν
2712 3463 2810 3513 τοῦ
2832 3457 3020 3536 ξίφους
3049 3459 3251 3531 τομήν.

418 3524 656 3581 ululatu
676 3525 908 3581 sublato
942 3529 1116 3593 111,
1150 3527 1360 3582 solutis
1402 3525 1712 3582 ordinibus
1760 3524 1908 3597 fugae
1936 3541 2068 3580 sese

416 3614 731 3671 mandant.
764 3616 920 3680 Quos
953 3617 1250 3688 persecuti
1273 3616 1523 3672 Romani
1553 3615 1628 3671 ad
1661 3631 1858 3670 serum
1881 3630 2070 3685 usque

417 3704 841 3776 crepusculum
895 3705 1024 3761 sine
1057 3704 1469 3761 misericordia
1498 3705 1861 3760 ceciderunt.
1895 3704 2074 3759 Fama

417 3799 527 3860 est,
562 3793 672 3849 hoc
703 3793 909 3865 prmlio
963 3812 993 3850 e
1024 3795 1307 3851 Romanis
1366 3800 1631 3850 mortuos
1689 3810 1819 3849 esse
1852 3792 2073 3848 milites

419 3884 684 3955 quinque
709 3889 767 3939 et
796 3885 1247 3957 quinquaginta,
1283 3885 1577 3940 sauciatos
1623 3900 1800 3955 quam
1830 3882 2070 3950 multos,

419 3988 708 4044 equorum
741 3973 1060 4044 plerosque
1086 3973 1393 4030 confossos
1416 3990 1430 4028 :
1457 3974 1806 4046 Scytharum
1836 3973 1969 4045 plus
1991 3972 2075 4027 vi-

416 4062 565 4134 ginti
597 4063 791 4118 millia
818 4063 1091 4134 periisse.
1155 4066 1319 4119 Hunc
1344 4064 1521 4119 ﬁnem
1552 4064 1759 4119 habuit
1780 4066 2070 4120 Romano-

413 4168 548 4205 rum
582 4168 716 4206 cum
740 4152 946 4206 Russis
968 4157 1109 4207 tunc
1131 4153 1450 4207 commissa
1478 4170 1694 4225 pugna.
1732 4154 1802 4206 Et
1823 4154 1951 4224 jam
1973 4169 2069 4206 ur-

411 4239 585 4313 gebat
613 4239 902 4295 Asiaticos
922 4257 1207 4296 numeros
1228 4242 1486 4296 Joannes
1521 4246 1812 4314 Augustus
1843 4241 1906 4296 in
1954 4243 2069 4296 Eu-

413 4345 623 4400 ropam
655 4345 762 4401 per
791 4320 1243 4401 Hellespontum
1280 4330 1668 4402 trajiciendos
1694 4346 1706 4383 :
1729 4330 2074 4385 hiemarent

418 4434 527 4490 per
555 4418 811 4473 Thraciae
844 4424 903 4473 et
932 4419 1290 4475 Macedonia:
1322 4424 1566 4487 tractus,
1588 4419 1976 4490 quotidieque
2008 4436 2070 4474 se

411 4509 474 4564 in
499 4508 683 4564 armis
708 4514 1177 4578 exercerent,ne,
1212 4508 1585 4565 incumbenti
1615 4508 1925 4564 certamini
1957 4508 2071 4563 mi-

415 4615 529 4654 nus
562 4597 780 4668 idonei,
816 4598 887 4654 ab
949 4597 1219 4653 hostibus
1286 4599 1347 4652 in
1378 4615 1575 4672 pugna
1629 4596 2023 4652 funderentur
2055 4613 2068 4650 :

415 4703 783 4760 vernumque
809 4694 1046 4761 tempus
1065 4688 1612 4760 exspectarentUbi
1642 4687 1801 4743 enim
1824 4691 1960 4757 post
1979 4686 2069 4741 hi-

414 4775 588 4832 berni
622 4777 755 4833 coeli
788 4778 1090 4833 tristitiam
1117 4793 1221 4833 ver
1250 4793 1559 4850 emergens
1603 4777 1664 4831 in
1695 4781 2069 4831 constantem

415 4868 799 4924 serenitatem
831 4874 1093 4925 mutaret
1113 4869 1320 4924 mundi
1342 4868 1578 4935 faciem,
1644 4867 2065 4939 imperatorem

2250 2095 2335 2171 ιγ’.
2369 2100 2480 2163 Τῆς
2514 2090 2570 2149 δὲ
2614 2093 2803 2170 μάχης
2856 2091 2989 2166 τῇδε
3045 2093 3262 2149 κάκεῖσε
3325 2092 3820 2169 μετακλινομένης,

2175 2183 2265 2238 καὶ
2324 2184 2527 2262 συχνὰς
2584 2184 2673 2239 καὶ
2731 2181 3174 2261 ἀμφιταλάντους
3234 2179 3694 2257 μεταϐαλλούσης
3727 2185 3824 2260 ῥο-

2175 2272 2277 2334 πὰς
2338 2271 2420 2349 ἐφ’
2477 2271 2724 2347 ἑκάτερα,
2783 2273 2845 2328 τὸ
2902 2270 3152 2328 ἐνυάλιον
3218 2274 3245 2327 ὁ
3314 2270 3524 2349 Βάρδας
3602 2272 3824 2353 ἐνηχεῖν

2175 2359 2544 2439 ἐγκελεύεται,
2603 2362 2669 2418 τά
2698 2383 2757 2417 τε
2814 2363 3070 2436 τύμπανα
3130 2363 3329 2436 θαμινᾶ
3383 2369 3663 2440 παταγεῖν
3722 2372 3823 2435 τῆς

2177 2447 2234 2504 δὲ
2264 2449 2550 2530 φάλαγγος
2591 2449 2648 2506 ἐκ
2676 2456 2786 2506 τῶν
2820 2449 3012 2530 λόχων
3043 2450 3402 2521 ἐξαναστάσης
3433 2454 3572 2508 κατᾶ
3600 2453 3663 2509 τὸ
3695 2454 3824 2509 σύν-

2175 2539 2350 2613 θημα,
2382 2539 2471 2595 καὶ
2501 2539 2640 2596 κατά
2666 2540 2844 2596 νώτου
2875 2546 2983 2595 τῶν
3034 2543 3258 2596 Σκυθῶν
3320 2543 3644 2619 γενομένης,
3703 2540 3822 2606 δέος

2171 2659 2231 2693 τε
2281 2638 2466 2701 αὐτοῖς
2558 2637 2730 2712 εἷσῄει
2796 2639 2881 2694 καὶ
2951 2638 3086 2713 πρὸς
3135 2636 3427 2716 φυγαδείαν
3504 2638 3820 2697 ἀπέκλιναν.

2175 2728 2363 2799 Μήπω
2395 2724 2452 2782 δὲ
2499 2727 2866 2804 γεγενημένης
2921 2725 3180 2803 λαμπρᾶς
3239 2735 3340 2798 τῆς
3392 2726 3651 2800 διωξεως,
3712 2735 3820 2786 τῶν

2174 2822 2448 2903 ἐπιφανῶν
2478 2846 2561 2887 τις
2614 2830 2862 2898 Σκυθῶν,
2925 2827 3141 2903 μεγέθει
3200 2825 3460 2900 σώματος
3499 2825 3589 2882 καί
3634 2826 3822 2883 ὃπλων

2175 2912 2531 2990 λαμπρότητι
2563 2915 2817 2994 πεφυκὼς
2845 2919 2954 2970 τῶν
2984 2911 3173 2969 ἄλλων
3204 2914 3537 2990 ἀριπρεπής,
3594 2918 3732 2972 κατᾶ
3759 2917 3821 2972 τὸ

2179 3005 2517 3082 μεταίχμιον
2548 3003 2788 3079 περιῄει,
2822 3003 2906 3059 ἐπ’
2935 3001 3112 3072 ἀλκήν
3165 3005 3293 3067 τοὺς
3361 3003 3608 3080 ἐταίρους
3666 3005 3822 3082 ἐπιρ-

2177 3089 2399 3166 ῥωννύς.
2459 3095 2669 3149 Τοῦτον
2730 3090 2935 3167 Βάρδας
2988 3093 3016 3146 ὁ
3078 3090 3334 3165 Σκληρὸς
3392 3091 3825 3167 ἐξιππασάμενος

2175 3183 2324 3238 παίει
2367 3185 2506 3239 κατά
2560 3190 2660 3252 τῆς
2717 3180 2961 3260 κεφαλῆς
3010 3183 3100 3238 καὶ
3155 3183 3325 3262 μέχρι
3383 3189 3480 3239 τοῦ
3541 3190 3826 3259 ζωστῆρος

2177 3281 2239 3335 τὸ
2270 3280 2422 3359 ξίφος
2456 3276 2707 3351 διήλασε,
2753 3283 2893 3353 μήτε
2950 3284 3047 3336 τοῦ
3112 3281 3343 3354 κράνους
3392 3281 3546 3354 αὐτῷ
3595 3279 3826 3357 ἐπαρκέ-

2181 3388 2394 3438 σαντος,
2431 3371 2573 3442 μήτε
2602 3373 2700 3424 τοῦ
2733 3369 2979 3444 θώρακος
3010 3370 3109 3439 τήν
3150 3372 3250 3434 τῆς
3307 3369 3497 3448 χειρὸς
3563 3368 3829 3450 ἐπισχόν-

3305 3466 3448 3538 Διχῆ
3516 3456 3573 3515 δὲ
3629 3460 3828 3517 τούτου

2178 3544 2571 3620 διατμηθέντος
2612 3546 2702 3601 καὶ
2753 3545 3232 3624 προσαραχθέντος
3290 3550 3358 3621 τῇ
3418 3551 3514 3624 γῇ,
3561 3553 3829 3623 Ῥωμαῖοι

2180 3644 2274 3717 μὲν
2301 3643 2387 3722 ὑφ’
2418 3640 2624 3713 ἡδονῆς
2672 3641 3046 3716 ἐπηλάλαξαν,
3106 3644 3197 3699 καὶ
3254 3644 3392 3720 πρὸς
3445 3642 3621 3716 ἀλκὴν
3670 3644 3830 3722 ἐπερ-

2178 3730 2485 3806 ρώσθησαν·
2522 3732 2726 3797 Σκύθαι
2758 3729 2815 3787 δὲ
2872 3736 2952 3804 τῷ
3005 3737 3177 3806 καινῷ
3234 3732 3326 3788 καὶ
3372 3731 3667 3808 ἀλλοκότῳ
3724 3741 3826 3806 τῆς

2176 3819 2403 3899 πληγῆς
2433 3818 2914 3885 ἀποδειλιάσαντες
2992 3822 3084 3876 σὺν
3141 3820 3363 3897 οἰμωγῇ
3430 3824 3523 3879 τὸν
3577 3845 3828 3880 συνασπι-

2179 3920 2315 3994 σμὸν
2350 3917 2728 3990 διαλύσαντες,
2761 3922 2837 3982 εἷς
2867 3918 3161 3998 φυγαδείαν
3213 3919 3534 3996 ἐτράποντο.
3588 3925 3673 3998 [Ρ.
3732 3927 3826 3996 68]

2178 4006 2287 4067 Οὓς
2342 4003 2701 4080 ἐπισπόμενοι
2744 4006 3015 4080 Ῥωμαῖοι
3064 4008 3236 4084 μέχρι
3288 4007 3504 4082 βαθείας
3594 4008 3823 4082 ἑσπέρας

2177 4092 2411 4168 ἀνῄρουν
2443 4093 2711 4166 ἀνηλεῶς.
2749 4097 2893 4151 Κατὰ
2921 4099 3113 4151 τοῦτον
3147 4094 3212 4166 δὴ
3248 4094 3470 4173 λέγεται
3519 4097 3611 4152 τὸν
3638 4096 3827 4174 ἀγῶνα

2177 4205 2515 4274 πεντήκοντα
2570 4204 2658 4258 καὶ
2714 4204 2873 4259 πέντε
2924 4203 3213 4277 Ῥωμαίων
3289 4200 3484 4279 ἄνδρας
3543 4206 3656 4278 (46)
3713 4207 3828 4260 τεθ-

2176 4293 2349 4362 νάναι,
2381 4291 2718 4366 τραυματίας
2770 4288 2828 4346 δὲ
2874 4292 3120 4366 γενέσθαι
3176 4293 3433 4369 συχνοὺς,
3491 4294 3580 4348 καὶ
3633 4291 3824 4349 ’ίππων

2175 4381 2667 4449 κατακοντισθῆναι
2696 4380 2825 4441 τοὺς
2879 4378 3133 4441 πλέονας·
3168 4382 3390 4434 Σκυθῶν
3440 4401 3499 4436 τε
3532 4381 3664 4456 ὑπὲρ
3696 4382 3825 4445 τοὺς

2179 4464 2499 4544 δισμυρίους
2531 4466 2912 4547 διαφθαρῆναι.
2947 4467 3102 4525 Ἀλλ’
3133 4470 3169 4538 ἠ
3205 4469 3299 4543 μὲν
3348 4470 3488 4543 πρὸς
3519 4470 3647 4531 τοὺς
3682 4470 3820 4524 Σκύ-

2178 4576 2270 4636 θας
2301 4573 2635 4653 γεγενημένη
2672 4575 2796 4631 τότε
2825 4573 3112 4649 Ῥωμαίων
3147 4572 3401 4655 διαμάχη
3459 4576 3534 4638 εἷς
3563 4580 3815 4632 τοιοῦτον

2175 4662 2432 4720 ἐτελεύτα
2461 4665 2523 4721 τὸ
2554 4663 2733 4728 τέλος.
2796 4662 3054 4735 Ἰωάννης
3105 4661 3162 4721 δὲ
3218 4666 3247 4719 ὁ
3306 4666 3661 4741 αὐτοκράτωρ
3720 4665 3819 4728 τὰς

2176 4755 2361 4815 Ἀσίας
2386 4751 2641 4829 δυνάμεις
2668 4754 2745 4818 εἷς
2796 4756 2896 4823 τήν
2951 4752 3222 4829 Εὐρώπην
3280 4752 3371 4810 διὰ
3425 4760 3523 4810 τοῦ
3580 4754 3823 4826 Ἑλλησ-

2176 4843 2383 4899 πόντου
2408 4846 2762 4919 περαιοῦσθαι
2791 4846 3139 4920 κατήπειγεν,
3197 4843 3249 4907 ἐς
3303 4843 3434 4901 τάπὶ
3492 4843 3711 4920 Θρᾴκης
3766 4866 3823 4901 τε

414 4959 610 5029 ipsum
644 4958 867 5023 adfore,
897 4976 1030 5014 cum
1062 4957 1354 5014 universis
1412 4958 1515 5030 qui
1568 4958 1915 5014 comitatum
1972 4972 2065 5011 se-

2176 4952 2253 5007 ιιαὶ
2284 4950 2623 5015 Μακεδονίας
2658 4949 3035 5033 διαχειμάζειν
3060 4951 3266 5031 χωρία,
3317 4952 3407 5007 καὶ
3466 4957 3583 5016 τοῖς
3615 4951 3823 5016 ὅπλοις

414 5053 1126 5119 querentur,omnemque
1153 5046 1296 5103 belli
1326 5048 1547 5103 molem
1579 5048 1641 5103 in
1672 5047 1917 5119 Scythas
1932 5062 2058 5101 ver-

415 5151 639 5193 surum.

2164 5041 2431 5118 ὁσημέραι
2492 5042 2877 5120 γυμνάζεσθαι,
2929 5042 3004 5105 ὡς
3083 5043 3159 5116 μῆ
3220 5041 3513 5122 ἀπόμαχοι
3571 5044 3679 5097 εἷεν
3734 5041 3823 5097 ἐπὶ

2161 5131 2252 5188 τὸν
2286 5136 2396 5188 τῶν
2423 5131 2654 5209 ἀγώνων
2681 5132 2893 5209 καιρὸν,
2946 5135 3386 5206 μειονεκτοῦντες
3442 5129 3496 5187 ἐν
3556 5129 3626 5207 τῇ
3663 5133 3817 5212 μάχῃ

1617 5268 1678 5321 C.
1719 5264 1782 5319 Β.
1825 5262 2007 5319 HASII
2046 5261 2606 5319 ANNOTATIONES.

490 5389 598 5459 (44)
628 5385 721 5449 Εἷς
744 5383 955 5462 δώδεκα
992 5383 1270 5462 χιλιάδας.
1314 5389 1487 5462 juxta
1540 5389 1850 5462 Scylitzam
1884 5394 1943 5444 et
1965 5389 2062 5462 Ce-

417 5462 670 5516 drenum
710 5462 779 5516 II.
812 5460 935 5513 667.
972 5459 1037 5516 Α.
1121 5459 1418 5531 copiosius
1475 5461 1603 5517 hmc
1618 5459 1962 5517 narrantes.
1997 5461 2063 5514 In

417 5533 684 5604 Gedreno
714 5535 838 5587 667.
870 5533 942 5604 ΑΔ
964 5531 1070 5588 lin.
1093 5534 1178 5588 12.
1208 5549 1279 5604 ex
1309 5532 1425 5586 ﬁde
1454 5533 1736 5589 Codicum
1759 5551 1863 5604 pro
1885 5533 2060 5587 Βουλ-

416 5603 607 5690 γάροις
640 5605 766 5676 lege
799 5597 1119 5685 Βαρϐἀροις·
1154 5610 1213 5658 et
1240 5603 1526 5674 deinceps
1562 5607 1621 5659 Β.
1657 5597 1775 5659 Πῃῖ
1807 5608 1860 5658 2.
1919 5609 1979 5658 et
2006 5605 2058 5658 3.

418 5684 775 5736 internumze
807 5693 910 5735 διο.
965 5673 1189 5736 τείγους
1229 5670 1376 5727 ἔνδον
1434 5676 1529 5736 τὰς
1588 5674 1901 5736 Ῥωμαϊκὰς
1956 5673 2058 5736 φά-

418 5692 775 5749 mterpunge
807 5693 910 5735 διο.
965 5692 1189 5748 τειχους
1229 5692 1376 5727 ενοον
1434 5695 1529 5736 τας
1592 5692 1901 5747 Ρωμαικας
1956 5694 1979 5749 τε

417 5746 651 5821 λαγγας,
674 5743 981 5821 ἐπεξελθεῖν
1007 5750 1082 5817 μή
1114 5743 1362 5821 τολμῶν.
1597 5816 1612 5821 _
1829 5818 1879 5821 __
1946 5818 1959 5821 Α

492 5816 601 5891 (45)
634 5822 765 5875 Haec
782 5816 941 5891 item;
960 5816 1086 5873 fera
1110 5816 1183 5873 ad
1218 5816 1474 5891 gverbum
1504 5816 1803 5891 Cedrenus
1824 5818 1899 5891 ιι.
1933 5816 2059 5891 668.

420 5885 637 5945 (Τιζιιίεὶ
659 5890 818 5962 quod
848 5889 1029 5945 habet
1072 5885 1598 5963 παρολισθῆσαντος.
1649 5888 1763 5944 Sed
1819 5886 2066 5961 Scylitza

2176 5405 2287 5444 ms.
2319 5382 2535 5463 περιολ.
2569 5392 2637 5444 ut
2667 5388 2801 5463 Leo_-.
2836 5385 3016 5463 Ambo
3046 5386 3298 5463 Bardam
3330 5386 3620 5463 Sclerum
3652 5405 3820 5463 agre-

2175 5477 2370 5515 sorem
2391 5457 2589 5531 ipsius
2619 5476 2739 5515 uno
2769 5457 3199 5531 ictugbifariam
3222 5458 3497 5531 divisisse
3546 5457 3818 5530 narrant,

2173 5529 2628 5613 Constantinum
2660 5548 2782 5587 non
2812 5529 3015 5613 hujus,
3048 5529 3616 5613 sedaliusﬂScythae
3667 5529 3819 5613 equo

2171 5603 2392 5676 collum
2420 5601 3031 5676 amputassetdeinde
3060 5602 3217 5676 ipsi“
3235 5601 3491 5676 Scytme_
3521 5601 3817 5676 οδριιῑξτῇ

2172 5674 2452 5749 χειρίμτῆς
2472 5669 3132 5749 γενειάδος-δραξάμενος.
3165 5669 3449 5749 Sicania)
3475 5669 3817 5748 lege-udum;

2170 5740 2293 5799 ἦοὴ
2327 5740 2641 5818 δεξάμενος,
2669 5751 2736 5818 ut.
2760 5740 2983 5800 habent
3003 5743 3135 5818 edd.
3170 5748 3234 5798 Ι).
3261 5744 3356 5818 lin
3407 5747 3459 5800 8.

2246 5818 2358 5889 (46)
2385 5814 2605 5889 Viginti
2635 5816 2900 5888 quinque
2956 5814 3116 5886 apud
3159 5815 3410 5873 Cedren.
3470 5816 3543 5874 ll.
3575 5820 3701 5879 669.
3744 5822 3814 5879 Α.
