4190 6322
362 337 481 398 821

1642 337 2042 398 ΗΙΞΤΟΒΠΕ
2087 337 2234 397 LIB.
2282 336 2415 397 VII.

3660 338 3778 400 822

360 463 788 538 τῶιδυσμηνῶν
813 465 884 533 ³³,
942 464 1250 539 περιμένειν
1305 462 1364 520 δὲ
1427 467 1520 521 τὸν
1575 469 1677 522 τοῦ
1726 471 1897 543 ἢρους
1969 466 2176 542 καιρόν’
2237 466 2441 522 ἐκείνου
2497 465 2598 542 γὰρ
2656 465 2766 538 ἢδη
2818 465 2878 522 ἐκ
2937 473 3041 537 τῆς
3097 467 3423 546 χειμερικῆς
3480 470 3780 547 κατηφείάς

364 563 797 636 προκόπτοντος,
883 564 974 618 καὶ
1033 562 1110 624 εἷς
1184 564 1441 638 σταθερὰν
1524 565 1736 640 αἴθρίαν
1814 569 1876 622 τὸ
1933 567 2200 640 κοσμικὸν
2280 567 2602 639 κατάστημα
2663 561 3133 639 ματαϐάλλοντος,
3193 565 3353 620 αὐτόν
3439 588 3495 622 τε
3550 566 3780 641 βασιλέα

372 655 447 716 ὠς
511 653 706 716 αὐτοὺς
761 652 1067 730 ἀφικέσθαι,
1146 655 1240 717 τὰς
1297 654 1432 731 ἀμφ’
1498 653 1658 711 αὐτὸν
1738 655 1989 731 δυνάμεις
2069 654 2424 732 ἐπαγόμενον,
2503 655 2591 711 καὶ
2678 653 2931 712 πανσυδεὶ
2985 661 3104 720 τοῖς
3158 657 3566 732 Ταυροσκύθαις
3641 676 3780 730 συμ-

373 742 662 799 πλέκεσθαι
673 790 686 803 .

447 872 495 916 ³³
525 870 820 946 δυσμενῶν.
857 874 964 930 Vid
995 891 1173 946 supra
1202 875 1288 929 31.
1321 875 1385 929 C.

1529 1083 1897 1176 LIBER
1993 1080 2625 1179 SEPTIMUS.

448 1347 850 1400 Aacuuzmuu.

893 1377 914 1383 —
935 1375 951 1384 -
984 1341 1426 1416 Bardaieonis
1453 1342 1662 1416 Phocea
1697 1341 2047 1416 filii,seditio
2075 1342 2945 1416 (Cap._i).Joannes,suppliciis
2979 1344 3232 1415 sumptis
3254 1343 3325 1398 de
3343 1344 3614 1416 cognatis
3633 1342 3783 1416 ejus,

374 1416 448 1471 ad
478 1416 919 1486 ipsumlitteras
951 1416 1132 1470 mittit
1157 1413 1480 1484 (2).Bardas
1513 1413 1746 1468 Sclerus
1777 1413 2058 1469 adversus
2091 1413 2405 1468 seditiosos
2439 1415 2654 1470 missus
2685 1413 2781 1485 (3}.
2819 1417 2958 1485 Ejus
2989 1432 3018 1469 e
3069 1413 3244 1470 istola
3283 1415 3356 1472 ad
3392 1413 3640 1470 Bardam
3661 1413 3770 1469 du-

374 1487 631 1540 cem-aui
667 1486 920 1540 superbe
949 1488 1269 1540 resoondet
1299 1485 1624 1540 (4).Bardas
1648 1485 1763 1539 dux
1795 1502 1828 1540 a
1859 1487 1982 1540 suis
2014 1486 2333 1540 destitutus
2365 1488 2440 1540 (5)
2473 1487 2531 1540 in
2557 1487 2869 1540 castellum
2902 1433 3167 1540 conpugit
3205 1490 3304 1540 (δι.
3356 1487 3583 1540 Bellum
3614 1487 3770 1540 inter

371 1485 631 1558 cem’.qui
667 1486 920 1557 superbe
949 1488 1269 1558 respondet
1299 1485 1624 1558 (4).Bardas
1648 1485 1763 1539 dux
1795 1502 1828 1540 a
1859 1487 1982 1540 suis
2014 1486 2333 1540 destitutus
2365 1488 2440 1555 (5)
2473 1487 2531 1540 in
2557 1487 2869 1542 castellum
2902 1504 3013 1542 con

3044 1489 3167 1559 ugit
3205 1490 3304 1557 (6).
3356 1487 3583 1542 Bellum
3614 1487 3772 1541 inter

376 1557 672 1615 Romanos
705 1573 751 1613 et
793 1557 1092 1630 Bulgaros,
1124 1560 1234 1613 Zoe
1273 1560 1534 1630 Augusta
1564 1557 1916 1630 imperante.
1953 1558 2270 1621 Simeonis,
2306 1558 2693 1629 Bulgarorum
2728 1559 3033 1629 principis.
3074 1557 3379 1629 insperata
3411 1558 3654 1630 victoria
3676 1559 3775 1627 ('I).

377 1631 606 1686 Deditio
642 1630 843 1685 Bardaa
876 1628 1085 1684 Phocm
1111 1631 1208 1699 (8).
1244 1628 1414 1685 RusSi
1449 1628 1851 1684 Macedoniam
1882 1635 2132 1685 vastant.
2165 1628 2759 1685 Joannes’Tzimisces
2817 1628 3206 1701 Theodoram,
3259 1629 3633 1686 Constantini
3666 1630 3780 1684 im-

374 1703 666 1774 peratoris
699 1702 908 1770 ﬁliam,
941 1718 1184 1757 uxorem
1217 1701 1381 1756 ducit
1409 1703 1506 1769 (9).

448 1889 530 1962 [P.
566 1891 656 1961 69]
691 1895 753 1944 α’.
791 1888 877 1943 Ἐν
911 1888 956 1959 ᾦ
985 1884 1041 1941 δὲ
1068 1891 1234 1942 ταῦτα
1267 1887 1376 1961 (4”’)
1409 1884 1631 1960 Ἰωάννῃ
1664 1891 1744 1957 τῷ
1805 1886 2020 1961 βασιλεῖ

2206 1889 2246 1941 1
2260 1891 2298 1942 1
2312 1888 2425 1944 21.
2459 1889 2605 1943 Dum
2631 1888 2691 1944 in
2711 1889 2803 1944 his
2820 1889 3077 1945 Joannes
3103 1891 3422 1961 imperator
3440 1894 3566 1944 erat
3578 1892 3785 1945 contra

373 1980 514 2033 κατὰ
567 1981 677 2032 τῶν
735 1979 870 2038 Ῥὦς
929 1974 1339 2047 διεσπούδαστο,
1402 1975 1610 2051 Βαρδας
1693 1980 1720 2032 ὁ
1774 1978 1929 2048 Δοὺξ,
1992 1980 2019 2034 ὁ

372 2073 472 2124 τοῦ
509 2065 945 2144 Κουροπαλάτου
1002 2069 1098 2141 μὲν
1131 2067 1360 2128 Λέοντος
1402 2069 1540 2137 υἱὸς,
1595 2067 1915 2144 Νικηφόρου
1967 2067 2023 2123 δὲ

371 2163 469 2213 τοῦ
552 2157 954 2232 αὐτοκράτορος
1012 2157 1334 2230 αὐτανεψιὸς
1398 2159 1465 2227 ³⁵,
1552 2155 1604 2220 ἐς
1659 2160 2022 2232 νεωτερισμὸν

376 2252 710 2326 άσυμφανῶς
761 2250 870 2324 (48)
934 2247 1257 2314 ἀποκλίνας,
1301 2248 1351 2319 ἐξ
1409 2250 1726 2323 Ἀμασείας,
1785 2251 1902 2314 καθ’
1963 2251 2022 2319 ἣν

377 2341 734 2413 περιώριστο,
814 2336 1079 2414 φυγαδείᾳ
1143 2338 1441 2413 ἐχρήσατο,
1499 2336 1783 2412 Θεοδώρου
1844 2337 2022 2413 Βάρδα

377 2451 434 2483 τε
514 2429 604 2482 καὶ
691 2427 1039 2505 Νικηφόρου,
1099 2432 1205 2482 τῶν
1265 2428 1561 2503 πατρικίων
1612 2429 1701 2484 καὶ
1759 2426 2024 2484 αὐταδέλ-

378 2517 600 2592 φων,ἒς
625 2521 788 2572 τοῦτο
826 2515 1205 2590 συναραμένων
1262 2517 1430 2588 αὐτῷ’
1492 2518 1544 2572 οἳ
1605 2517 1663 2572 ἐκ
1716 2525 1814 2586 τῆς
1874 2516 2024 2591 ἐνεγ-

375 2609 619 2681 καμένης
698 2606 895 2668 αὐτοὺς
951 2607 1344 2682 Παρσακούτης
1429 2606 1715 2678 ἐπίκλησιν
1801 2606 2024 2684 εἰλήφε-

377 2720 470 2754 σαν
557 2699 1029 2772 Παρσακουτηνοῖ,
1103 2695 1386 2774 ἐξάδελφοι
1442 2701 1522 2769 τῷ
1627 2697 1786 2752 Δουκὶ
1845 2694 2022 2769 Βάρδᾳ

379 2789 755 2865 τυγχάνοντες.
802 2795 915 2857 Τῆς
967 2790 1056 2844 οὗν
1117 2789 1408 2861 Ἀμασείας
1457 2788 1594 2864 ἀωρῖ
1652 2795 1759 2844 τῶν
1815 2794 2019 2844 νυκτῶν

384 2877 656 2953 λαθρηδὸν
691 2880 718 2932 ὁ
750 2879 878 2951 Δοὺξ
911 2875 1172 2953 ἀποδρὰς,
1208 2877 1297 2933 διά
1324 2879 1432 2933 τῶν
1479 2875 2020 2952 προετοιμασθέντων

386 2961 690 3037 ἀμοιϐαίων
721 2967 901 3021 ἳππων
933 2967 985 3029 ἐς
1007 2968 1105 3035 τήν
1162 2975 1261 3036 τῆς
1319 2966 1704 3030 Καππαδοκίας
1753 2969 1946 3046 ἀφῖκτο
1978 2969 2025 3005 ³⁵

383 3055 721 3128 Καισάρειαν.
767 3057 1028 3112 Ἐνταῦοα
1088 3053 1153 3125 δὴ
1215 3055 1301 3110 ἐπὶ
1363 3057 1752 3130 εὐαριθμήτοις
1786 3059 2021 3132 ἡμέραις

380 3143 825 3217 ἐναυλισάμενος,
884 3145 1098 3210 πλῆθος
1155 3147 1604 3219 ἀπονενοημένων
1685 3145 1895 3219 ἀνδρῶν
1941 3147 2023 3201 ἐπ’

378 3235 708 3290 ἀποστασίαν
789 3235 1059 3311 ῥεπόντων
1140 3235 1470 3312 συνειλόχει,
1546 3242 1654 3291 τῶν
1729 3237 1787 3291 ἐκ
1841 3239 2100 3324 γὲνουςΒ

380 3324 524 3396 αὐτῷ
583 3325 673 3378 καὶ
731 3327 977 3394 συνήθων
1066 3325 1301 3398 μάλιστα
1368 3327 1776 3402 συνεισρεᾶντων
1819 3327 2022 3399 ὁσημὲ-

380 3435 487 3490 ραι.
522 3415 623 3469 Καὶ
665 3415 766 3490 γὰρ
810 3420 926 3472 ταῖς
985 3415 1355 3488 καινοτομίαις
1403 3414 1644 3476 ἐκτόπως
1705 3417 1756 3470 οἱ
1817 3413 2024 3490 ἅνθρω-

376 3525 466 3557 ποι
505 3503 720 3578 χαίρειν
754 3503 1008 3558 εἰώθεσαν
1046 3506 1177 3577 (49),
1214 3503 1371 3574 δόξης
1412 3505 1945 3578 ὀνειροπολουμένης
1977 3507 2022 3542 ³⁸

377 3591 584 3662 ἐλπίσι,
634 3599 820 3664 τιμαῖς
880 3615 937 3648 τε
986 3595 1329 3666 ἀξιωμάτων,
1390 3596 1475 3648 καὶ
1541 3596 1844 3669 χρημάτων
1905 3591 2018 3648 δια-

375 3688 570 3754 νομαῖς
630 3683 988 3757 ὑπαγόμενοι.
1052 3685 1413 3756 Συνεκρότουν
1471 3681 1526 3738 δὲ
1600 3689 1699 3751 τήν
1787 3686 2019 3738 ἀποστα-

387 3771 523 3838 σίαν,
585 3773 991 3847 συναγηοχότες
1044 3774 1185 3847 πάσῃ
1241 3771 1449 3846 σπουδῇ
1505 3775 1572 3828 τά
1629 3774 2022 3847 στρατεύματα,

383 3861 435 3916 οἳ
465 3883 520 3916 τε
553 3862 802 3936 ῥηθέντες
831 3863 1292 3936 Παρσακουτηνοὶ,
1320 3863 1408 3917 καὶ
1462 3863 1705 3937 Συμεὼν,
1739 3863 1797 3924 ὅς
1850 3885 2017 3938 γεωρ-

385 3953 477 4026 γὸς
528 3951 791 4024 ἀμπέλων
850 3953 1219 4022 καθεστηκὼς,
1280 3950 1337 4006 ἐκ
1416 3959 1513 4021 τῆς
1571 3953 1820 4025 ἐργασίας
1863 3954 2030 4021 αὐτῆς

379 4042 441 4096 τὸ
473 4041 755 4114 ἐπώνυμον
787 4040 1036 4119 εἷ’ληφεν,
1107 4041 1385 4114 Ἀμπελᾶς
1441 4043 1865 4116 κατονομασθείς
1897 4046 2027 4118 (50)’

381 4129 518 4200 ἀνὴρ
551 4129 600 4204 ἐξ
632 4133 858 4203 ἀσήμων
921 4133 1013 4204 μὶν
1071 4133 1171 4210 φὺς
1214 4132 1305 4186 καὶ
1368 4137 1474 4186 τῶν
1529 4133 1754 4207 ἀγενῶν,
1814 4133 2032 4206 ἀνδρείᾳ

383 4215 440 4272 δὲ
493 4221 584 4273 καὶ
639 4223 842 4294 χειρῶν
905 4218 1058 4294 ἶσχῦϊ
1116 4217 1309 4291 μηδενῖ
1367 4241 1527 4274 εικων
1584 4221 1693 4274 τῶν
1748 4220 1831 4275 ἐπ’
1888 4219 2033 4296 ἀλκῇ

379 4307 664 4384 καὶῥώμῃ
711 4308 1248 4384 μεγαλαυχουμένων
1303 4308 1534 4384 ἀνδρῶν.
1599 4311 1752 4366 Ἐπεὶ
1808 4309 1863 4366 δὲ
1917 4313 2039 4366 ἰκα-

2137 1978 2354 2032 Russos
2386 1985 2725 2048 occupatus,
2761 1979 2978 2035 Bardas
3009 1980 3148 2045 dux,
3175 1980 3390 2035 Leonis
3413 1979 3783 2050 Curopalataa

2137 2066 2317 2132 filius,
2352 2067 2662 2138 Nicephori
2696 2069 2935 2140 Augusti
2968 2085 3037 2123 ex
3068 2069 3246 2124 fratre
3305 2085 3514 2141 nepos,
3548 2085 3643 2123 res
3676 2085 3785 2123 no-

2133 2170 2234 2208 vas
2267 2155 2493 2209 occulte
2518 2155 2780 2222 molitus,
2833 2160 3100 2224 Amasea,
3137 2174 3253 2228 quo
3304 2157 3606 2230 ablegatus
3639 2162 3784 2227 erat,

2134 2243 2332 2315 fugam
2357 2244 2512 2299 fecit.
2539 2246 2719 2316 Cujus
2746 2246 2832 2299 rei
2856 2246 3158 2317 adjutores
3187 2246 3393 2301 habuit
3414 2247 3786 2302 Theodorum

2133 2333 2384 2388 Bardam
2431 2339 2490 2389 et
2549 2335 2966 2406 Nicephorum,
3001 2337 3282 2406 patricios
3333 2342 3508 2407 atque
3573 2335 3786 2390 fratres

2134 2423 2291 2476 inter
2321 2439 2383 2477 se
2419 2439 2429 2476 :
2465 2423 2564 2493 qui
2599 2441 2668 2477 ex
2699 2424 2892 2495 patria
2923 2426 3237 2479 Parsacuta
3275 2441 3604 2497 cognomen
3644 2426 3780 2479 Par-

2135 2518 2551 2568 sacutenorum
2586 2520 2905 2570 traxerant.
2949 2517 3102 2570 na
3137 2517 3318 2570 Erant
3346 2516 3405 2570 hi
3439 2515 3641 2570 Bardaa
3682 2515 3785 2570 du-

2133 2602 2216 2656 cis
2243 2603 2668 2658 consobrini.ls
2698 2604 2876 2675 igitur
2897 2604 3034 2670 dux,
3058 2604 3414 2676 intempesta
3443 2610 3615 2659 nocte
3630 2603 3781 2659 clam

2135 2698 2383 2746 Amasea
2415 2692 2979 2763 elapsus,jumentis
3015 2694 3351 2748 mutatoriis
3374 2700 3510 2749 ante
3536 2693 3785 2764 disposi-

2132 2781 2208 2834 tis
2239 2780 2567 2835 Caasaream
2625 2781 3009 2852 Cappadociae
3069 2782 3354 2852 pervenit.
3416 2781 3522 2836 Ubi
3562 2797 3783 2853 paucos

2135 2877 2260 2933 dies
2317 2884 2716 2933 commoratus
2777 2879 3007 2934 turbam
3082 2879 3530 2950 desperatorum
3586 2879 3783 2934 homi-

2134 2985 2275 3022 num
2313 2969 2386 3022 ad
2428 2985 2640 3037 resque
2691 2984 2870 3022 novas
2927 2985 3356 3039 propensorum
3412 2968 3668 3040 collegit.
3721 2969 3782 3023 in

2137 3057 2346 3129 primis
2378 3057 2821 3112 conﬂuentibus
2849 3074 2916 3111 eo
2932 3058 3195 3127 quotidie
3220 3057 3320 3128 qui
3347 3057 3781 3112 erantcumillo

2134 3146 2220 3199 vel
2246 3163 2465 3216 genere
2486 3146 2576 3199 vel
2604 3145 3002 3200 familiaritate
3026 3147 3327 3218 conjuncti
3360 3147 3590 3200 Etenim
3615 3152 3780 3201 extra

2136 3236 2375 3290 modum
2412 3241 2553 3289 tunc
2587 3235 2774 3289 turbis
2805 3235 3059 3305 gaudere
3091 3235 3779 3306 solebanthomines.spe

2134 3325 2297 3380 falsae
2324 3325 2613 3396 glorimet
2653 3325 2977 3379 honoribus
3011 3325 3366 3386 officiorum.
3401 3330 3577 3394 atque
3602 3341 3776 3394 pecu-

2134 3415 2368 3467 niarum
2403 3414 2720 3484 partitione
2748 3415 3075 3484 prolectati.
3126 3413 3467 3469 Firmabant
3498 3413 3651 3467 hanc
3684 3431 3772 3467 re-

2133 3503 2476 3568 bellionem,
2507 3503 2723 3557 coactis
2743 3521 2900 3556 omni
2921 3504 3230 3566 diligentia
3261 3504 3596 3573 copiis.tum
3624 3520 3772 3572 quos

2135 3592 2252 3646 dixi
2285 3593 2682 3646 Parsacuteni.
2720 3598 2842 3644 tum
2902 3592 3161 3657 Simeon,
3207 3592 3305 3661 qui
3385 3608 3519 3645 cum
3579 3591 3772 3644 cultor

2133 3693 2437 3745 vinearum
2472 3691 2812 3755 exstitisset,
2848 3707 2915 3744 ex
2974 3693 3100 3760 ipso
3151 3691 3386 3761 Opificio
3447 3707 3775 3761 cognomen

2135 3779 2378 3844 invenit,
2412 3786 2771 3848 vocatusque
2820 3779 3097 3850 Ampelas
3149 3785 3239 3832 est
3270 3795 3282 3832 :
3319 3780 3405 3832 vir
3436 3779 3780 3850 parentibus

2138 3875 2301 3923 ortus
2335 3868 2733 3938 quamtumvis
2775 3867 3042 3921 obscuris
3066 3874 3124 3922 et
3161 3868 3541 3940 ignobilibus,
3571 3868 3783 3922 virtute

2141 3965 2338 4012 autem
2373 3974 2780 4028 manuumque
2813 3957 3158 4011 fortitudine
3194 3957 3417 4012 nemini
3453 3958 3524 4011 de
3557 3957 3648 4020 iis,
3685 3957 3786 4028 qui

2142 4047 2214 4101 ob
2249 4047 2362 4101 vim
2395 4052 2454 4100 et
2480 4045 2662 4100 robur
2694 4046 3119 4117 prwdicantur,
3153 4045 3604 4117 postponendus
3659 4047 3792 4100 B'ar-

2145 4136 2271 4202 das,
2304 4136 2402 4190 ubi
2438 4152 2681 4190 manum
2716 4136 2989 4190 idoneam
3017 4135 3173 4190 circa
3196 4152 3256 4189 se
3289 4135 3598 4191 collectam
3623 4135 3789 4202 vidit,

2145 4233 2209 4280 ut
2233 4227 2360 4296 jam
2391 4232 2591 4296 posset
2622 4231 2680 4279 et
2735 4232 2928 4280 castra
2986 4225 3202 4292 facere,
3261 4231 3320 4279 et
3376 4225 3557 4280 armis
3589 4230 3796 4280 contra

2149 4315 2516 4369 adversarios
2550 4313 3127 4384 decertare,remotis
3159 4313 3344 4385 nigris
3376 4315 3795 4370 calceamentis

1589 4441 1652 4494 C.
1695 4439 1754 4492 Β.
1786 4439 1974 4493 HASII
2023 4439 2577 4496 ANNOTATIONES.

455 4551 826 4630 «Ea-ﬂuit.th
857 4553 988 4609 cod.
1046 4553 1092 4589 ⁸⁸
1120 4553 1337 4628 ἀφῖκτο.
1372 4554 1464 4609 Sic
1507 4554 1636 4611 cod.
1675 4570 1688 4608 :
1719 4560 1786 4610 ut
1832 4572 2029 4627 supra,

2141 4595 2156 4612 .
2210 4561 2266 4609 Β.
2326 4555 2374 4592 ⁸⁸
2431 4557 2568 4610 Fort
2621 4552 3156 4630 ὀνειροπολούμενοι.
3216 4555 3482 4610 Activum
3548 4555 3794 4612 adhibet

387 4629 474 4681 70.
499 4626 560 4682 C.

457 4725 568 4790 (47)
597 4725 799 4779 Bardaa
834 4725 1006 4778 Ducis
1039 4722 1395 4778 seditionem
1430 4724 1503 4778 Le
1551 4725 1704 4778 Beau
1755 4727 1895 4780 Hist.
1959 4734 2033 4778 du
2068 4727 2106 4787 (ζ
2147 4729 2243 4777 tur
2281 4740 2314 4778 a
2347 4723 2553 4778 Proclo
2587 4723 2882 4778 Diadocho
2941 4724 3289 4794 Paraphras.
3351 4724 3412 4778 in
3469 4723 3784 4794 Tetrabibl.

386 4795 678 4866 Bas-Emp.
724 4797 864 4858 XVI,
901 4798 1019 4850 174.
1089 4798 1154 4849 Α.
1191 4796 1627 4866 εειηοοηεὶξζιιᾶι
1655 4814 1688 4850 a
1743 4799 1866 4851 970.
1922 4796 2032 4850 Sed

388 4883 520 4920 cum
559 4865 792 4922 Sc’lerus
826 4867 1033 4920 eodem
1066 4883 1222 4921 anno
1245 4865 1317 4920 ad
1348 4865 1793 4937 Adrianopolim
1819 4869 2036 4922 Russos

382 4938 589 5010 vicerit
618 4945 822 5010 (supra
852 4941 974 4993 232.
1035 4938 1466 5010 C.).nferiaque
1521 4939 1728 5008 quinta
1784 4940 2040 4994 maxima

382 5009 500 5081 (die
543 5027 659 5064 xm.
697 5009 916 5081 Aprilis
949 5011 1090 5065 anni
1124 5009 1306 5072 illius,
1334 5011 1792 5081 quoTzimisces
1816 5011 2038 5080 Sphen-

388 5080 765 5136 dosthlabuni
797 5082 972 5148 fudit,
1007 5082 1154 5151 imp.
1197 5089 1412 5151 praesto
1445 5080 1638 5135 fuerat
1666 5083 1824 5138 ι64.Ι)
1859 5083 2037 5147 ),ideo

392 5153 638 5207 tumulis
725 5153 926 5207 Bardas
1005 5153 1405 5221 diuturnaque
1473 5153 1740 5224 Tyropaai
1808 5154 2038 5207 obsidio

391 5224 480 5288 (T7
515 5230 602 5286 Α.)
637 5225 947 5279 referenda
980 5225 1254 5278 videntur
1307 5224 1377 5277 ad
1436 5241 1493 5279 a.
1561 5227 1685 5288 971,
1731 5241 1848 5293 quo
1881 5242 2037 5279 anno

387 5294 925 5368 JoannesCurcuas
950 5296 1008 5350 in
1070 5295 1409 5350 Macedonia
1471 5295 1623 5349 male
1685 5312 1808 5348 rem
1859 5297 2041 5368 gessit

385 5367 499 5435 (Π,
531 5367 643 5438 D.).
677 5367 972 5439 expeditio
1004 5368 1301 5422 Tzimiscaa
1336 5374 1542 5421 contra
1595 5369 1816 5422 Russos
1868 5367 1947 5422 ad
2007 5383 2040 5422 a

470 5511 582 5577 (48)
610 5511 706 5580 Sic
735 5511 928 5580 Codex
955 5527 966 5563 :
1003 5527 1180 5580 quem
1240 5516 1593 5565 consecutus
1617 5510 1786 5580 _verti
1836 5511 2039 5564 occulte

397 5580 578 5654 (quod
608 5579 884 5654 λαθρηδὸν
920 5578 1037 5654 Leo
1062 5598 1188 5652 pag.
1227 5598 1350 5651 seq.
1388 5581 1490 5635 lin.
1520 5588 1537 5635 1
1617 5578 1917 5654 λαθραῖ’74ι,
1950 5583 2035 5646 1)).

397 5653 700 5728 Cedrenus
720 5653 910 5709 habet
935 5653 1166 5728 ἀφανῶς,
1193 5654 1255 5706 in
1289 5655 1626 5728 narratione
1653 5653 2038 5728 ejusdemrei

398 5724 467 5778 II.
505 5727 628 5792 669,
663 5727 721 5780 Β.
756 5728 955 5796 Neque
983 5724 1105 5780 alio
1139 5741 1316 5780 sensu
1346 5725 1700 5797 adjectivum
1723 5725 2042 5796 etexplica-

2147 4796 2450 4849 Ptolemaei
2508 4797 2632 4868 237.
2679 4795 2744 4850 Ο.
2784 4792 3257 4868 γάσιρμφᾲανῆξήκαὶ
3323 4795 3398 4865 μή
3432 4792 3791 4849 παοαδεικνύ-

2150 4885 2300 4937 μενα·
2339 4873 2397 4920 et
2427 4866 2682 4937 sumitur
2712 4867 2829 4937 a_S.
2864 4866 3080 4937 Cyrillo
3112 4867 3652 4937 Hierosolymitano
3686 4873 3792 4924 (Za-

2151 4885 2300 4937 μενα’
2339 4885 2397 4920 et
2427 4885 2682 4920 sumitur
2712 4885 2746 4920 a
2776 4885 2829 4920 δ.
2864 4885 3080 4936 uyrtuo
3113 4885 3380 4921 nierOSOI
3428 4885 3652 4923 mltano
3686 4885 3788 4924 La-

2151 4938 2371 5010 tec‘hes.
2564 4940 2623 4992 C.
2659 4933 2852 5010 διπλαῖ
2873 4936 2937 5010 Δαἱ
2969 4934 3216 5010 κάθοδοι,
3239 4935 3348 5010 *μία
3379 4885 3420 5006 νζ
3447 4937 3788 5010 ἀσυμφανὴς,

2148 5010 2182 5076 ἡ
2216 5007 2288 5068 ὡς
2322 5007 2408 5060 ἐπὶ
2441 5007 2629 5084 πόκον·
2692 5007 2782 5084 καὶ
2809 5081 2828 5084 _
2869 5004 3088 5079 δευτέρα
3145 5011 3178 5077 ἡ
3235 5004 3524 5084 ἐπιφανής.
3555 5004 3797 5068 Ὀοῐιῗθί·

2149 5087 2437 5152 prmterea
2466 5080 2662 5136 Reisk.
2697 5080 2769 5134 ad
2800 5081 3104 5152 Constant.
3134 5080 3421 5152 Porph'yr.
3461 5084 3690 5139 Cmrim.
3725 5087 3792 5139 ll.

2152 5151 2273 5228 l24_,
2305 5153 2366 5206 Ι).
2415 5152 2769 5228 adverbium
2813 5151 3149 5228 exaugeam}:
3201 5151 3613 5228 Cedrenusill.
3669 5158 3795 5224 673,

2149 5226 2214 5300 Ι),
2251 5223 2309 5300 ἐκ
2351 5226 2445 5276 τοῦ
2477 5223 2867 5300 ἀσυμμφανοῦς
2925 5223 3302 5281 Cbnstantin.
3353 5227 3794 5300 Porphyrogen.

2149 5296 2460 5350 Caerimon.
2496 5297 2537 5349 Ι.
2571 5296 2694 5357 232,
2732 5297 2796 5350 Ι).

2219 5370 2328 5436 (49)
2363 5367 2508 5422 Aliis
2540 5367 2731 5437 verbis
2762 5367 3033 5437 Agathias
3065 5369 3153 5431 84,
3174 5370 3234 5423 C.
3258 5369 3503 5424 insitum
3523 5370 3796 5437 multitu-

2150 5438 2271 5512 dini
2306 5455 2458 5505 esse,
2517 5435 2738 5512 ἥδεσθαι
2779 5435 2857 5508 τῷ
2904 5443 3252 5511 νεωτερισμῷ
3294 5439 3382 5493 καὶ
3413 5445 3529 5500 ταῖς
3565 5435 3799 5512 μεταϐο-

2149 5506 2272 5567 λαῖς
2301 5513 2408 5562 τῶν
2453 5510 2808 5582 πραγμάτων.

2219 5583 2336 5646 (50)
2379 5582 2535 5636 Idem
2572 5582 3427 5654 Ampelas.strenuusillorum
3456 5588 3790 5652 temporum

2151 5651 2291 5717 dux,
2326 5651 2855 5709 numeratur'inter
2885 5668 3165 5724 patronos
3198 5655 3512 5708 muniticos
3545 5651 3599 5708 εξ
3625 5654 3796 5707 Nice-

2147 5724 2318 5795 phori
2351 5725 2613 5796 episcopi
2639 5727 2840 5793 Mileti,
2869 5725 2930 5779 in
2957 5725 3137 5796 hujus
3167 5726 3292 5778 Vita
3323 5742 3432 5780 ms.
