4190 6322
400 351 519 412 823

1779 338 2056 402 LEONIS
2098 338 2421 400 DIACONI

3694 348 3816 407 824

401 483 583 540 rubra
612 481 890 555 evestigio
921 479 1333 550 induxit,aque
1356 473 2046 546 conspiratisimperator
2077 512 2088 539 λ

2195 469 2249 523 ὸν
2282 467 2549 544 ὁΒάρδας
2581 467 2705 543 περῖ
2756 469 2915 525 αὐτὸν
2972 470 3119 545 ἑώρα
3175 475 3366 549 στῖφος
3423 472 3818 549 συνερρυηκὸς,

405 576 810 630 Romanorum
840 569 1217 627 renuntiatus
1247 571 1447 638 aperte
1472 570 1578 620 est.
1599 565 1846 634 Jamque
1872 578 2054 634 pecu-

407 664 523 719 nias
556 663 1009 720 distributiones
1032 657 1446 731 pollicebatur,
1499 652 1845 709 conferebat
1873 653 2054 706 hono-

410 771 506 810 res
537 745 1792 819 officiorum,tribunos,duces,magistratus
1811 740 2053 812 amplis-

412 845 594 899 simos
616 839 1087 910 oreabat,quales
1118 838 1441 908 imperator
1469 828 2059 907 consueveratﬁdeli—

411 934 525 989 bus
555 931 882 987 liberaliter
902 931 1137 983 olTerre.
1172 924 1627 982 Obsecundabat
1647 924 1789 977 item
1814 922 1952 975 huic
1973 936 2060 975 se-

413 1020 624 1076 ditioni
659 1020 769 1073 Leo
784 1015 1233 1088 Curopalates,1
1250 1017 1288 1068 1
1304 1018 1351 1069 4
1373 1013 1572 1068 Bardaa
1596 1010 1850 1083 pater.in
1864 1007 2063 1063 insula

411 1109 595 1165 Lesbo
627 1107 977 1164 custoditus.
1005 1107 1057 1160 Is
1079 1122 1185 1176 per
1205 1104 1591 1175 Stephanum,
1624 1099 1815 1172 Abydi
1841 1099 2065 1170 episco-

409 1215 571 1270 pum,
606 1195 1024 1253 Macedonibus
1064 1194 1350 1266 pecunias
1381 1191 1816 1263 dignitatesque
1839 1188 2063 1260 promi-

412 1295 588 1355 serat,
625 1289 916 1351 hortatus,
946 1291 1014 1340 ut
1046 1301 1173 1340 sese
1207 1300 1276 1338 ex
1309 1282 1507 1337 insula
1535 1280 1803 1352 elapsum
1835 1277 2062 1348 recipe-

412 1385 566 1446 rent,
596 1379 938 1450 pariterque
976 1373 1306 1429 rebellione
1336 1372 1491 1426 facta
1520 1369 1594 1425 ad
1627 1366 2066 1424 exturbandum

413 1468 663 1540 imperio
692 1467 980 1522 Joannem
1003 1479 1247 1535 operam
1277 1461 1637 1516 conferrent.

416 1535 592 1631 Βάρδα
645 1554 860 1621 τοκεὺς,
916 1550 970 1614 ἐς
1032 1551 1124 1623 μὲν
1178 1551 1276 1619 τὴν
1331 1554 1491 1618 νῆσον
1544 1540 1750 1601 Λέσϐον
1799 1541 2224 1621 φρουρούμενος,
2286 1535 2375 1594 διὰ

960 1642 1227 1719 χρήματα
1306 1637 1397 1692 καὶ
1479 1634 1642 1709 τιμᾶς
1730 1632 2181 1708 ὑπισχνούμενος,
2259 1628 2350 1683 καὶ
2435 1624 2688 1702 δέχεσθαι
2761 1628 2924 1684 αὑτὸν
3003 1628 3065 1686 ἐκ
3117 1636 3218 1697 τῆς
3271 1633 3438 1703 νήσου
3497 1630 3829 1710 ἀναγόμενον

415 1650 531 1707 τοῖς
587 1640 864 1702 Μακεδόσι

2165 559 2238 619 ὡς
2270 558 2381 612 οἶόν
2412 579 2471 613 τε
2503 557 2638 613 εἶναι
2679 558 2771 612 καὶ
2828 559 2905 621 εἰς
2965 562 3335 633 συνασπισμὸν
3396 561 3607 639 ἀρῥαγη
3641 583 3817 638 παρα-

2162 646 2465 715 τάττεσθαι,
2508 645 2557 719 ἐξ
2610 645 2914 702 ἀντιπάλου
2970 669 3028 703 τε
3085 646 3485 722 διαμιλλᾶσθαι
3544 657 3662 713 τοῖς
3721 650 3822 705 ἀν-

2167 737 2506 806 τιπίπτουσι,
2561 734 2627 790 τὸ
2690 732 3045 814 μελαμϐαφές
3098 740 3577 813 παραιτησάμενος
3658 737 3817 795 πέδι-

2167 824 2291 892 λον,
2330 826 2408 897 [Ρ.
2473 827 2560 898 70]
2614 825 2677 879 τὸ
2735 824 2958 901 ἐρυθρὸν
3021 828 3323 900 παραυτίκα
3375 831 3822 907 μετημφιάσατο,

2166 915 2258 968 καὶ
2337 914 2624 985 Ῥωμαίων
2702 914 3053 991 αὐτοκράτωρ
3157 915 3457 994 ἀναφανδὸν
3542 919 3817 994 ἀνερρήθη

2169 1003 2306 1076 πρὸς
2353 1006 2461 1056 τῶν
2551 1008 2950 1061 συστασιωτῶν.
3015 1007 3329 1080 Χρημάτων
3394 1006 3485 1062 οὖν
3553 1004 3822 1082 διανομὰς

2173 1093 2515 1167 ὑπισχνεῖτο,
2586 1092 2676 1147 καὶ
2762 1093 3084 1166 ἀξιωμάτων
3143 1101 3377 1171 παρεῖχε
3457 1097 3643 1169 τιμὰς,
3722 1118 3823 1152 τα-

2173 1184 2432 1256 ξιάρχους
2490 1182 2580 1236 καὶ
2667 1183 3005 1258 στρατηγοὺς
3082 1179 3560 1258 προϐαλλόμενος,
3647 1187 3825 1263 ἀρχας

2172 1291 2231 1323 τε
2275 1271 2370 1331 τὰς
2431 1269 2692 1341 εὐκλεεῖς,
2773 1269 2899 1333 ὅσας
2980 1272 3071 1327 καὶ
3158 1271 3413 1349 βασιλεὺς
3471 1274 3651 1330 εἰώθει
3706 1280 3826 1338 τοῖς

2177 1359 2354 1421 εῧθοις
2402 1360 2714 1436 φιλοτίμως
2774 1361 3168 1436 προτείνεσθαι.
3230 1363 3545 1439 Συνεκρότει
3606 1362 3663 1418 δὲ
3716 1367 3818 1433 τήν

2179 1449 2511 1505 ἀποστασίαν
2618 1451 2709 1504 καὶ
2809 1452 2959 1506 Λέων
3073 1450 3532 1528 Κουροπαλάτης,
3619 1455 3647 1508 ὁ
3729 1457 3829 1509 τοῦ

2482 1537 2755 1617 Στεφάνου
2835 1536 2913 1609 δὲ,
2994 1544 3093 1596 τοῦ
3183 1538 3484 1597 ἐπισκόπου
3566 1538 3828 1601 Ἀϐύδου»

420 1732 865 1809 προτρεπόμενος
921 1731 1011 1786 καὶ
1062 1727 1506 1794 συνεπιτίθεσθαι,
1559 1724 1651 1779 καὶ
1706 1720 2122 1799 συνεργάζεσθαι
2203 1718 2352 1790 αὐτῷ
2434 1717 2536 1786 τήν
2617 1720 2716 1772 τοῦ
2772 1718 3028 1774 Ἰωάννου
3083 1722 3190 1775 τῶν
3245 1719 3583 1796 ἀνακτορίων
3636 1720 3828 1787 καθαί-

424 1844 591 1898 ρεσιν·

496 1947 549 1998 2.
586 1947 660 1996 At
689 1940 1031 2012 imperator,
1064 1936 1371 1991 intellecto
1404 1932 1703 2007 ejusmodi
1728 1937 2065 1997 motu,con-

2252 1926 2345 1999 β’.
2377 1924 2438 1981 Ὀ
2491 1921 2547 1978 δὶ
2581 1920 2861 1998 βασιλεὺς,
2911 1924 3004 1980 τὸν
3059 1930 3308 1983 τοιοῦτον
3357 1928 3521 2003 γνοὺς
3578 1949 3837 2004 νεωτερι-

431 2033 699 2088 turbatus
724 2036 789 2084 ut
810 2046 918 2101 par
948 2032 1094 2091 erat,
1127 2025 1465 2081 incredibili
1492 2024 1797 2079 celeritate
1829 2021 2075 2091 Stepha-

426 2139 574 2178 num
601 2120 969 2192 episcopum,
1001 2117 1205 2187 Abydo
1247 2127 1506 2186 raptum,
1532 2112 1779 2185 judiciis
1808 2109 2073 2165 tradidit.

428 2213 696 2282 Eumque
730 2207 979 2263 crimine
1005 2203 1433 2271 convictum,in
1462 2203 1656 2257 lucem
1689 2199 1940 2272 prolatis
1971 2198 2075 2252 do-

430 2302 525 2362 lis.
544 2300 618 2355 ad
650 2297 943 2370 synodum
968 2295 1381 2366 episcoporum
1403 2290 1750 2355 transmisit,
1783 2294 1845 2342 ut
1878 2288 1959 2342 ibi
1986 2303 2077 2341 sa-

432 2388 694 2445 cerdotio
725 2390 1081 2442 moveretur.
1108 2385 1362 2438 Leonem
1410 2379 1822 2451 Curopalatem
1854 2384 2076 2442 autem,

434 2477 950 2549 Nicephorumque
981 2474 1162 2545 hujus
1192 2472 1404 2538 ﬁlium,
1455 2470 1664 2541 capitis
1693 2485 1728 2524 a
1774 2466 2080 2538 judicibus

435 2567 887 2631 condemnatos,
943 2564 1286 2633 imperator,
1319 2559 1394 2615 ad
1448 2558 1757 2614 lenitatem
1810 2560 2085 2611 revocata

435 2662 660 2724 mente,
692 2670 813 2711 non
835 2651 1153 2720 interfecit,
1176 2649 1624 2719 luminibusque
1649 2647 1936 2702 duntaxat
1963 2661 2085 2699 am-

438 2744 811 2815 bos,Lesbon
841 2742 1162 2815 ablegatos,
1196 2739 1441 2795 orbavit.
1476 2725 1828 2809 Hujusmodi
1859 2735 2082 2790 exitum

440 2837 650 2894 habuit
684 2835 1052 2907 Curopalataa
1112 2839 1252 2887 tunc
1308 2830 1628 2886 meditatus
1686 2829 1748 2882 in
1788 2829 2083 2898 Europam

440 2929 742 3000 trajectus,
766 2932 835 2981 ut
862 2942 999 2981 cum
1049 2922 1163 2996 ipsi
1222 2921 1402 2977 talem
1462 2938 1696 2992 pinnam
1750 2918 2081 2985 induceret,

441 3025 566 3075 tum
596 3018 774 3073 etiam
807 3017 1029 3072 amicos
1060 3014 1246 3082 illius,
1262 3011 1599 3083 complures
1631 3026 1794 3077 sane,
1826 3008 2083 3065 fortunis

441 3108 838 3177 domibusque
869 3102 1228 3169 exturbaret,
1261 3100 1309 3154 si
1340 3100 1436 3170 qui
1451 3099 1686 3156 consilii
1710 3100 1840 3171 ejus
1867 3097 1938 3152 de
1972 3096 2087 3151 im-

441 3202 713 3270 peratore
786 3192 1049 3248 tollendo
1123 3189 1379 3245 fuissent
1441 3188 1778 3261 participes.
1852 3187 2085 3241 Atenim

447 3283 876 3349 Bardas,semel
913 3281 986 3336 ad
1017 3279 1404 3335 rebellionem
1429 3277 2085 3350 prolapsus,fortissime
2122 3299 2163 3365 ρ

448 3376 512 3429 in
551 3391 622 3428 ea
644 3371 1100 3445 perseverabat;
1134 3369 1443 3439 elatusque
1474 3366 1855 3422 multitudine
1896 3366 2088 3422 homi-

453 3479 601 3518 num
631 3463 790 3517 circa
819 3477 881 3515 se
914 3464 1136 3521 coacta.
1197 3458 1458 3513 conﬁsus
1504 3456 1713 3528 copiis,
1768 3456 2095 3511 instantem

454 3550 895 3625 possessionem
940 3546 1174 3620 imperii
1205 3545 1559 3603 somniabat.
1590 3547 1677 3601 Ita
1731 3545 1930 3600 Asiam
1962 3561 2094 3616 per-

453 3638 1011 3706 vadens,domicilia
1039 3638 1351 3709 cujusque,
1384 3636 1485 3707 qui
1518 3636 1579 3689 in
1610 3634 1788 3690 ﬁdem
1821 3635 1949 3706 ejus
1975 3649 2098 3688 non

452 3735 715 3797 venerat,
746 3729 881 3802 igne
924 3726 1176 3807 subdito
1223 3725 1486 3797 prmdam
1545 3725 1839 3797 Mysorum
1870 3722 2096 3778 habuit.

451 3822 600 3878 115
630 3819 878 3890 Scripsit
906 3823 1103 3873 autem
1134 3816 1208 3872 ad
1240 3832 1375 3870 eum
1398 3816 1723 3887 imperator
1776 3814 1890 3868 ita:
1929 3836 1950 3862 α
1995 3817 2099 3867 Co-

450 3916 804 3986 gnoscentes
827 3909 899 3964 de
920 3915 1086 3964 motu
1109 3923 1215 3978 per
1234 3906 1529 3961 Orientem
1556 3920 1749 3976 nuper
1768 3903 1943 3965 facto,
1978 3918 2100 3957 non

451 4008 571 4058 tam
604 4001 687 4056 tui
719 3997 952 4055 consilii
982 4013 1108 4052 rem
1162 3994 1540 4062 arbitramur,
1590 4008 1767 4062 quam
1826 3994 2100 4048 amentiaa

452 4089 863 4158 barbariaeque
919 4085 1217 4141 sociorum
1250 4089 1509 4146 tuorum,
1553 4080 1677 4149 qui,
1712 4081 1951 4150 penitus
1973 4081 2103 4137 dira

456 4176 780 4233 stoliditate
812 4172 991 4244 capti,
1014 4171 1075 4226 in
1108 4174 1341 4225 tantum
1372 4166 1705 4239 periculum
1729 4166 1947 4222 inferre
1973 4184 2101 4223 sese

456 4282 578 4322 non
607 4263 1027 4319 dubitaverunt
1059 4276 1071 4313 :
1107 4257 1277 4330 quasi
1308 4273 1446 4311 vero
1490 4256 1783 4330 ignorent,
1826 4255 1944 4311 illis
1977 4258 2100 4329 qui,

457 4354 636 4411 rebus
668 4351 833 4407 novis
865 4349 1194 4417 studentes,
1228 4345 1295 4400 in
1323 4345 1483 4417 ipsos
1513 4347 1913 4400 Romanorum
1937 4346 2105 4416 prin-

458 4446 618 4518 cipes
649 4441 928 4498 infestam
957 4453 1201 4494 manum
1226 4434 1830 4503 sustulerint,nullam
1846 4435 2102 4507 relinqui

459 4531 861 4592 excusationis
889 4526 1399 4598 veniam,quando
1413 4525 1595 4581 armis
1626 4524 1759 4579 victi
1783 4523 2103 4595 traditique

456 4640 661 4698 poenas
688 4621 960 4677 subeant.
1004 4619 1139 4685 Nos,
1195 4616 1275 4670 mi
1337 4614 1542 4680 Barda,
1602 4613 1755 4668 civili
1815 4615 2103 4686 sanguine

2185 2016 2348 2088 σμὸν,
2381 2012 2711 2090 διεταράχθη
2750 2015 2869 2088 μὶν,
2902 2016 2975 2079 ὡς
3005 2017 3068 2072 τὸ
3117 2017 3288 2088 εἰκὸς,
3318 2021 3535 2097 ἂπτέρῳ
3569 2018 3627 2076 δὲ
3672 2022 3833 2097 τάχει

2183 2106 2274 2160 τὸν
2310 2104 2601 2160 ἐπίσκοπον
2646 2104 2917 2178 Στέφανον
2972 2104 3031 2161 ἐκ
3076 2114 3177 2176 τῆς
3234 2104 3467 2165 Ἀϐύδου
3529 2111 3834 2187 ἀναγαγὼν,

2183 2200 2301 2256 τοῖς
2334 2191 2708 2268 δικαστηρίοις
2732 2192 3008 2250 ἐκδίδωσι·
3041 2201 3153 2251 τῶν
3222 2195 3280 2253 δὲ
3336 2201 3672 2274 πραγμάτων
3735 2200 3839 2271 ἐξε-

2188 2281 2526 2358 λεγχθέντων
2555 2282 2645 2337 καὶ
2676 2287 3014 2361 καταφανοῦς
3044 2287 3337 2360 γεγονότος
3384 2291 3481 2343 τοῦ
3537 2287 3835 2363 δράματος,

2185 2373 2277 2426 τὸν
2345 2371 2439 2444 μὲν
2498 2375 2568 2446 τῇ
2620 2368 2826 2444 συνόδῳ
2882 2377 2989 2428 τῶν
3062 2375 3372 2431 ἐπισκόπων
3457 2380 3833 2452 παρέπεμψεν,

2187 2459 2451 2517 ἔκπτωσιν
2480 2469 2582 2531 τῆς
2636 2462 2939 2539 ἱερωσύνης
2999 2465 3465 2541 ὑποστησόμενον.
3519 2468 3724 2524 Λέοντα
3779 2467 3838 2524 δὲ

2188 2551 2280 2605 τὸν
2314 2549 2773 2626 Κουροπαλάτην,
2803 2552 2893 2607 καὶ
2926 2555 3263 2633 Νικηφόρον,
3321 2557 3414 2612 τὸν
3439 2559 3638 2613 τούτου
3694 2558 3836 2629 υἱὸν,

2188 2645 2257 2716 τῇ
2286 2647 2384 2698 τοῦ
2440 2644 2668 2698 θανάτου
2728 2644 3111 2719 ὑπαγαγόντων
3174 2649 3344 2722 ψήφῳ
3382 2652 3489 2703 τῶν
3547 2645 3836 2718 δικαστῶν,

2192 2732 2220 2786 ὁ
2275 2731 2554 2808 βασιλεὺς,
2621 2733 2758 2807 πρὸς
2806 2734 2870 2789 τὸ
2949 2732 3462 2813 φιλανθρωπότερον
3518 2737 3839 2806 ἀποκλίνας,

2192 2821 2292 2877 οὐκ
2344 2819 2565 2878 ἔκτεινε·
2621 2823 2718 2886 τὰς
2777 2821 2834 2878 δὲ
2913 2818 3069 2898 ὄψεις
3143 2825 3488 2903 ἀμφοτέρων,
3549 2828 3684 2883 κατά
3737 2828 3837 2896 τὴν

2193 2907 2399 2967 Λέσϐον
2434 2915 2674 2983 στείλας,
2700 2913 2973 2990 ἐπήρωσε.
3010 2916 3112 2972 Καὶ
3170 2919 3205 2986 ἡ
3268 2917 3360 2990 μὶν
3415 2921 3494 2989 τῷ
3550 2924 3839 2993 Κουροπα-

2195 3000 2332 3076 λάτῃ
2365 3002 2503 3077 πρὸς
2533 3004 2635 3071 τήν
2692 3002 2963 3079 Εὐρώπην
3019 3004 3143 3059 τότε
3198 3004 3557 3078 μελετηθεῖσα
3596 3002 3843 3074 διάϐασις

2196 3090 2248 3155 ές
2276 3095 2438 3146 τοῦτο
2467 3092 2532 3146 τὸ
2561 3091 2720 3155 τέλος
2750 3093 3035 3166 κατέληεε,
3072 3095 3326 3166 τοιαύτην
3392 3096 3488 3169 μὶν
3546 3096 3694 3168 αὐτῷ
3740 3097 3840 3164 τὴν

2194 3180 2389 3248 ποινὴν
2419 3180 2812 3254 προξενήσασα,
2844 3181 3078 3257 συχνοὺς
3112 3180 3169 3238 δὲ
3213 3188 3324 3239 τῶν
3378 3183 3552 3263 φίλων
3613 3182 3840 3259 χρημά-

2200 3289 2308 3323 των
2337 3270 2424 3323 καὶ
2455 3266 2622 3323 οἷ’κων
2657 3271 2982 3344 στερήσασα,
3015 3270 3132 3327 ὅσοι
3182 3273 3283 3341 τὴν
3339 3272 3548 3329 ἐκείνου
3593 3268 3843 3347 συμϐου-

2204 3355 2310 3428 λὴν
2343 3357 2432 3413 ἐπὶ
2464 3360 2770 3435 καθαιρέσει
2817 3359 2916 3416 τοῦ
2984 3360 3255 3437 βασιλέως
3295 3366 3665 3437 προσήκαντο.
3699 3364 3760 3420 Ὀ
3792 3360 3853 3418 δὲ

2202 3444 2437 3522 Βάρδας,
2496 3448 2632 3521 ἅπαξ
2693 3446 2996 3511 ἀποκλίνας
3056 3449 3132 3504 εἷς
3188 3449 3505 3525 τυραννίδα,
3561 3451 3720 3528 ἀπρὶξ
3776 3448 3846 3505 εἷ’-

2203 3557 2335 3612 χετο
2362 3535 2586 3607 ταύτης,
2614 3540 2685 3610 τῇ
2714 3558 2774 3592 τε
2828 3538 2951 3612 περὶ
3010 3539 3169 3594 αὑτὸν
3226 3538 3562 3617 πολυχειρίᾳ
3611 3539 3846 3618 γαυρού-

2208 3647 2386 3699 μενος,
2443 3629 2532 3681 καί
2589 3632 2707 3689 ταῖς
2772 3626 2999 3705 φάλαγξι
3061 3630 3472 3704 βρενθυόμενος,
3547 3631 3636 3686 καὶ
3719 3631 3843 3686 ’ὀσον

2208 3712 2361 3771 οὔπω
2416 3715 2516 3785 τήν
2566 3722 2666 3785 τῆς
2722 3715 3000 3791 βασιλείας
3050 3717 3374 3795 κατάσχεσιν
3452 3718 3851 3795 ὀνειροπολῶν.

2206 3804 2310 3859 Καὶ
2342 3800 2481 3873 δῆτα
2507 3805 2607 3873 τὴν
2658 3803 2842 3859 Ἀσίαν
2891 3808 3267 3882 κατατρέχων,
3315 3812 3423 3864 τῶν
3485 3809 3563 3883 μὴ
3620 3807 3853 3865 σπενδο-

2209 3890 2384 3964 μένων
2416 3891 2564 3964 αύτῷ
2592 3890 2893 3967 πυρπολῶν
2949 3894 3045 3957 τὰς
3105 3894 3282 3959 οἰκίας
3335 3895 3486 3952 λείαν
3520 3897 3682 3962 ἐτίθει
3738 3905 3849 3955 Μυ-

2207 3985 2337 4039 σῶν,
2371 3979 2635 4043 Βασιλεὺς
2671 3979 2728 4036 δὲ
2785 3983 2922 4058 πρὸς
2971 3984 3130 4040 αὐτὸν
3189 3987 3387 4064 γράφει
3445 3992 3685 4043 ταῦτα·¹
3742 3988 3847 4045 Τὸν

2208 4068 2437 4145 ἔναγχος
2465 4072 2830 4145 γεγενημένον
2862 4077 2997 4146 πρὸς
3063 4070 3138 4129 ἕω
3195 4078 3558 4151 νεωτερισμὸν
3617 4077 3854 4150 ἀκηκοό-

2206 4179 2317 4229 τες,
2352 4158 2412 4213 οὐ
2443 4165 2544 4228 τῆς
2571 4162 2670 4228 σῆς
2728 4161 2960 4238 γνώμης
3018 4160 3177 4239 ἔργον
3233 4169 3492 4221 τοσοῦτον
3547 4167 3857 4243 ἡγούμεθα,

2209 4246 2336 4303 ὅσον
2368 4254 2465 4317 τῆς
2516 4252 2624 4302 τῶν
2682 4256 3064 4325 συναραμένων
3116 4272 3201 4306 σοι
3260 4252 3523 4315 ἀπονοίας
3583 4256 3673 4310 καὶ
3726 4254 3857 4332 τρό-

2209 4358 2338 4407 που,
2401 4331 2756 4412 βαρϐαρικοῦ,
2813 4336 2873 4393 οἷ’
2921 4359 2982 4414 γε
3038 4338 3253 4403 πάντως
3337 4342 3438 4396 ὑπὸ
3497 4331 3855 4407 θεοϐλαϐείας

2209 4425 2736 4500 παρακροτούμενοι,
2768 4426 2820 4488 ἐς
2866 4432 3122 4482 τοσοῦτον
3181 4426 3425 4485 κίνδυνον
3477 4431 3700 4494 ἱαυτοὺς
3758 4432 3855 4505 έμ-

2210 4509 2398 4570 ϐαλεῖν
2432 4515 2532 4569 οὐκ
2571 4513 2891 4589 ἐνάρκησαν·
2956 4516 3041 4571 καὶ
3096 4522 3263 4573 ταῦτα
3320 4515 3548 4591 εἰδότες,
3597 4519 3674 4582 ὡς
3736 4525 3857 4584 τοῖς

2209 4607 2506 4677 νεωτεριεῖν
2564 4603 2610 4639 ³⁷
2686 4604 3049 4680 ἀνῃρημένοις
3107 4608 3197 4661 καὶ
3281 4606 3576 4664 ἀντίπαλον
3656 4607 3707 4682 ἐξ
3764 4607 3856 4663 αύ-

460 4679 476 4698 ι
506 4679 539 4681 _,
1127 4679 1136 4685 .
1928 4679 1955 4686 -

460 4720 676 4771 terram
707 4714 1019 4767 cruentare
1050 4722 1341 4761 veremur.
1362 4703 1513 4769 Quin
1540 4703 1589 4758 si
1618 4701 1903 4757 vellemus
1920 4704 2088 4758 armis

2212 4688 2424 4756 θαδείας
2452 4690 2623 4765 αἴρειν
2672 4679 2835 4768 χεῖρα
2890 4695 3179 4767 Ῥωμαίων
3236 4697 3425 4760 αὐτοῖς
3483 4679 3857 4775 αὐτοκράτορ-

455 4806 519 4860 in
551 4803 866 4859 seditiosos
896 4796 1384 4864 animadvertere,
1436 4793 1563 4849 sine
1595 4809 1761 4848 mora
1784 4793 1950 4865 (pace
1983 4793 2100 4848 Nu-

461 4893 639 4947 minis
672 4891 942 4959 dixerim)
970 4889 1044 4945 ad
1072 4886 1352 4942 acerbum
1382 4900 1484 4940 eos
1532 4883 1838 4939 interitum
1870 4882 2104 4956 redige-

463 4998 630 5039 mus:
666 4980 899 5034 Etenim
931 4978 1062 5049 quis
1081 4981 1171 5031 est
1202 4981 1320 5031 tam
1341 4973 1705 5045 pervicax,ut
1720 4973 1838 5027 vim
1859 4972 2107 5045 impres-

460 5071 645 5126 sionis
661 5075 876 5124 nostra:
890 5067 1410 5135 subtineat,neque
1421 5064 1620 5119 statim
1635 5064 1834 5119 animo
1848 5063 2106 5119 demisso

2215 4802 2320 4851 σιν,
2353 4777 2585 4854 οὐδεμία
2621 4803 2704 4846 τις
2763 4782 2839 4845 εἷς
2896 4784 3217 4860 παραίτησιν
3279 4785 3674 4845 ὑπολέλειπται
3724 4787 3864 4865 πρό-

2216 4891 2398 4949 φασις,
2431 4872 2661 4941 ὁπηνίκα
2689 4877 2805 4935 τοῖς
2864 4872 3064 4938 ὅπλοις
3110 4878 3625 4953 καταγωνισθέντες,
3650 4880 3736 4951 [Ρ.
3769 4880 3862 4953 ’71]

2220 4958 2432 5016 ἔκδοτοι
2461 4966 2581 5024 ταῖς
2610 4961 2998 5033 ποινηλασίαις
3057 4965 3376 5044 ὑπάγονται.
3419 4971 3608 5041 Ἡμεῖς
3638 4988 3862 5047 τοιγαρ-

2223 5055 2313 5105 οὖν
2346 5050 2602 5129 ἐμφυλίῳ
2659 5052 2850 5127 αἳματι
2912 5058 3097 5127 μιᾶναι
3145 5056 3243 5124 τήν
3299 5064 3403 5133 γῆν
3462 5053 3861 5131 εὐλαϐούμεθα.

460 5152 660 5223 fugam
708 5146 970 5219 spectet!
1018 5145 1272 5201 Proinde
1323 5145 1632 5200 hortamur
1678 5161 1797 5213 vos,
1830 5162 1865 5200 a
1907 5145 2110 5216 perni-

464 5240 641 5296 ciosis
673 5237 942 5293 consiliis
974 5235 1058 5290 uti
1090 5235 1166 5290 ad
1201 5233 1485 5289 salutaria
1515 5251 1614 5289 vos
1634 5235 2108 5302 transleratis,et,

461 5330 603 5385 dum
629 5327 874 5382 relictus
902 5322 1241 5379 remissioni
1281 5321 1446 5376 locus
1470 5329 1578 5389 est,
1612 5324 1863 5395 abjectis
1905 5324 2110 5392 armis,

458 5418 741 5494 potentiaa
800 5414 1023 5470 cedatis
1047 5412 1369 5483 Majestatis
1416 5416 1655 5477 nostrae,
1697 5412 2115 5483 impunitatem

2222 5141 2289 5199 Εἰ
2309 5140 2409 5216 γὰρ
2444 5140 2808 5217 βουληθῶμεν
2841 5148 2956 5205 τοῖς
2988 5141 3184 5206 ὅπλοις
3214 5144 3340 5208 τοὺς
3369 5146 3674 5212 ἀποστάτας
3723 5149 3865 5222 ἀμύ-

2223 5243 2426 5301 νεσθαι,
2460 5231 2559 5286 οὐκ
2587 5226 2647 5284 ἅν
2682 5233 2977 5307 φθάνοιμεν
3014 5231 3130 5306 (σὺν
3180 5231 3298 5308 Θεῷ
3353 5233 3409 5291 δὲ
3466 5236 3747 5314 εἲρήσθω),
3782 5237 3866 5293 οἶ-

2224 5325 2403 5396 κτρῶς
2431 5320 2627 5384 αὐτοὺς
2654 5320 3082 5386 κατακαίνοντες.
3118 5323 3211 5388 Τίς
3236 5325 3337 5400 γὰρ
3369 5325 3670 5402 ἀτέραμνος
3724 5327 3866 5382 οὕτω

2225 5407 2576 5481 καθέστηκεν,
2609 5411 2681 5472 ὡς
2711 5410 3009 5481 ὑποστῆναι
3048 5414 3148 5482 τήν
3207 5414 3386 5488 ῥοπήν
3440 5420 3538 5472 τοῦ
3596 5415 3869 5493 ἡμετέρου

1676 5536 1737 5590 C.
1771 5536 1831 5589 Β.
1885 5536 2072 5591 ΗΑΞΙΙ
2101 5535 2660 5594 ANNOTATIONES.

458 5644 928 5780 87³⁷Ονεωτεριεῖν.
964 5638 1217 5698 Videtur
1246 5634 1307 5689 id
1348 5648 1479 5690 esse
1535 5631 1694 5706 apud
1745 5633 2003 5689 Leonem
2057 5634 2088 5690 ί]

2195 5636 2390 5692 iitivus
2441 5634 2757 5708 prementis
2817 5635 3132 5708 cujusdam
3187 5639 3486 5715 νεωτεριέω
3539 5644 3687 5718 (sic).
3739 5645 3868 5705 Vid.
