4190 6322
385 381 510 441 829

1719 375 2116 439 HISTORUE
2158 377 2307 437 LIB.
2351 377 2486 438 VII.

3689 377 3811 437 830

389 509 702 583 ταξιάρχων
785 506 876 562 καὶ
964 512 1283 583 στρατηγῶν
1341 506 1432 562 καὶ
1509 508 1810 583 πατρικίων
1864 507 2020 580 τιμαί

2161 514 2342 577 verat,
2404 510 2527 580 qui,
2587 509 2936 580 pmnitentia
2978 509 3160 575 ducti,
3223 514 3539 580 spretoque
3568 510 3810 580 tyranni

389 598 617 660 Τούτοις
674 596 1127 671 ἐγκελευσάμενος
1203 595 1500 668 δεξιοῦσθαι
1573 595 1701 657 τοὺς
1760 617 2046 671 γνωσιμα-

387 693 645 763 χοῦντας,
703 687 794 742 καὶ
847 687 1168 750 ἀθετοῦντας
1222 688 1322 756 τὴν
1374 687 1471 741 τοῦ
1530 688 1793 759 τυράννου
1851 686 2046 749 αὐθεν-

382 777 530 845 τίαν,
569 776 661 831 καὶ
691 777 828 850 πρὸς
859 777 958 844 την
1018 781 1115 831 τοῦ
1159 775 1432 852 βασιλέως
1486 774 1882 835 ἀποκλίνοντας
1917 772 2044 828 δού-

388 869 590 923 λωσιν.
625 867 686 924 Ὁ
744 863 802 920 δέ
860 864 1241 939 στρατηλάτης
1303 864 1579 940 Σκληρὸς,
1621 865 1714 918 τὸν
1766 864 2044 936 Βόσπορον

386 955 714 1032 περαιωθεὶς
768 955 859 1009 καὶ
919 953 1267 1030 κατειληφὼς
1323 955 1386 1009 τὸ
1443 953 1766 1028 Δορύλαιον,
1827 952 2049 1015 ἐνταῦθα

383 1045 480 1101 τὸν
537 1046 761 1119 στρατὸν
833 1044 1172 1114 ἀνεκαλεῖτο,
1225 1044 1315 1098 καὶ
1369 1043 1420 1105 ἐς
1483 1043 1731 1120 φάλαγγα
1795 1042 2045 1112 καθίστη,

386 1136 478 1190 καὶ
535 1140 654 1196 ταῖς
712 1135 832 1197 καθ’
889 1132 1098 1207 ἡμέραν
1166 1132 1416 1205 μελέταις
1475 1132 1789 1207 ἐγύμναζεν·
1824 1130 1932 1202 ἢδη
1993 1129 2050 1186 δὲ

383 1225 476 1280 κὰὶ
529 1224 859 1298 ἀποχρῶσαν
922 1225 1065 1297 ὁρῶν
1122 1224 1221 1291 τὴν
1271 1222 1720 1297 ἐπισυναχθεῖσαν
1769 1223 2045 1297 στρατιὰν,

383 1315 462 1376 ὡς
515 1315 650 1369 εἶναι
708 1315 899 1382 ἱκανὴν
969 1314 1015 1350 ⁴¹
1074 1312 1124 1384 ἐξ
1185 1311 1483 1367 ἀντιπάλου
1562 1311 1876 1387 παρατυχὸν
1934 1317 2049 1372 τοῖς

381 1403 650 1463 ἐναντίοις
709 1401 1141 1475 συμπλέκεσθαι,
1188 1407 1270 1474 τῷ
1325 1403 1485 1456 Δουκὶ
1543 1399 1727 1475 Βάρδᾳ
1782 1401 1871 1455 καὶ
1921 1423 2048 1475 συγ-

2155 596 2483 665 dominatu,
2518 599 2580 652 in
2614 600 2991 670 imperatoris
3023 599 3202 654 ﬁdem
3236 615 3298 653 se
3331 597 3691 653 conferrent.
3721 598 3807 652 Ita

2159 686 2393 740 Sclerus
2427 688 2717 759 Magister,
2750 705 2884 743 cum
2921 689 3265 744 transmisso
3326 689 3585 758 Bosporo
3631 687 3808 756 Dory-

2158 775 2334 829 lmum
2356 778 2742 846 pervenisset,
2776 794 2844 833 eo
2877 779 3075 849 copias
3122 782 3342 844 evocat,
3375 777 3437 830 in
3495 791 3803 844 unumque

2158 870 2493 921 contractas
2549 867 2915 936 quotidianis
2972 866 3492 922 exercitationibus
3564 864 3804 936 subigit.

2159 956 2484 1022 Postremo,
2514 956 2613 1010 ubi
2647 956 2810 1020 vidit,
2857 956 3132 1010 idoneam
3191 956 3346 1011 circa
3377 971 3438 1009 se
3491 953 3800 1011 collectam

2157 1060 2424 1112 manum,
2459 1062 2589 1115 quas
2617 1045 2747 1117 jam
2779 1051 2998 1117 posset,
3027 1046 3336 1100 occasione
3369 1043 3591 1110 oblata,
3637 1042 3804 1115 signa

2158 1151 2290 1190 cum
2316 1135 2669 1191 adversariis
2695 1136 2986 1204 conferre,
3021 1136 3174 1191 118
3195 1135 3396 1190 Bardaa
3427 1134 3585 1201 duci,
3636 1131 3803 1187 afﬁni

2160 1243 2266 1280 suo
2297 1227 2535 1298 (quippe
2569 1245 2833 1283 sororem
2891 1229 3100 1282 Phocm
3157 1226 3580 1282 Constantinus
3610 1223 3804 1279 Patri-

2158 1315 2304 1380 cius,
2339 1315 2519 1369 Scleri
2552 1315 2751 1384 frater,
2784 1316 2846 1370 in
2877 1316 3326 1371 matrimonium
3359 1314 3647 1384 duxerat),
3673 1313 3801 1367 hmc

2156 1405 2452 1474 signiﬁcat
2473 1422 2486 1460 :

380 1491 622 1566 κηδεστῇ
669 1490 934 1570 (ἀδελφήν
984 1492 1088 1567 γὰρ
1144 1496 1240 1547 τοῦ
1278 1497 1432 1546 Φυκᾶ
1490 1496 1892 1554 Κωνσταντῖνος
1949 1491 2257 1566 Πατρίκιος,
2317 1493 2344 1546 ὁ
2399 1497 2496 1548 τοῦ
2550 1495 2808 1570 Σκληροῦ
2858 1497 3140 1567 σύναιμος,
3189 1493 3418 1568 σύζυγον
3469 1494 3603 1567 εἶχε)
3631 1489 3800 1562 δηλοῖ

379 1587 572 1637 ταύτασ

458 1696 518 1752 δ’.
571 1721 598 1748 ‹‹
657 1696 1010 1774 Ἐπισφαλῶς
1062 1691 1377 1751 ἐϐουλεύσω
1433 1696 1523 1751 καὶ
1585 1695 1709 1751 λίαν
1762 1693 2037 1751 ἐπικινδύο

381 1808 514 1854 νως,
553 1783 783 1856 ἀναίδην
842 1786 980 1840 κατᾶ
1031 1790 1138 1839 τῶν
1196 1786 1537 1861 κρατούντων
1601 1783 2041 1858 ἀπαυθαδισάμε-

378 1897 497 1946 νος,
556 1877 645 1931 καὶ
699 1877 798 1946 τὴν
877 1875 1129 1952 ὀλέθριον
1209 1873 1517 1946 μελετήσας
1574 1872 1887 1950 τυραννίδα,
1946 1876 2034 1929 καὶ

383 1965 531 2020 ὅπλα
586 1967 723 2020 κατὰ
783 1969 889 2019 τῶν
953 1963 1250 2042 ὁμοφύλων
1312 1964 1724 2039 ἀράμενος,καί
1771 1962 2037 2032 καταμιά-

379 2075 474 2119 νας
529 2056 690 2128 ἱερῶν
752 2051 917 2108 οἷ’κων
974 2050 1070 2124 ἕδη
1135 2059 1254 2115 ταῖς
1309 2058 1416 2107 τῶν
1476 2050 1813 2108 ἀπαιδεύτων
1865 2075 2036 2108 συνω-

384 2148 565 2216 μοτῶν
625 2149 956 2218 προνομαῖς.
1017 2142 1114 2206 Εἷς
1167 2143 1315 2197 κενὸν
1384 2145 1695 2213 ἠπατήθης,
1756 2143 2034 2217 Πατρίκιε,

377 2234 575 2290 λέοντα
619 2234 828 2289 νύσσων
879 2235 1255 2306 κοιμώμενον,
1305 2235 1396 2289 τὸν
1448 2234 1719 2304 ἀήττητον
1772 2233 2034 2308 αὐτοκρά-

372 2344 528 2399 τορα.
585 2321 756 2386 Οἶδας
815 2324 940 2400 γάρ,
1001 2323 1073 2384 ὡς
1132 2322 1184 2376 ἐν
1239 2329 1355 2383 ταῖς
1405 2325 1607 2397 μάχαις
1641 2322 1916 2396 ἐπιφανεὶς
1943 2323 2036 2376 οὗ·

376 2434 491 2483 τος,
551 2412 961 2488 πολυάνθρωπα
1020 2411 1359 2484 στρατόπεδα
1414 2412 1473 2466 ἐκ
1535 2419 1636 2480 τῆς
1694 2415 1887 2483 φήμης
1944 2410 2032 2465 καὶ

384 2503 554 2575 μόνης
631 2502 913 2577 ἐτρέψατο.
978 2506 1102 2563 Πῶς
1164 2500 1279 2573 οὖν,
1359 2498 1767 2579 διεφθαρμένων
1822 2498 2030 2572 ἀνδρῶν

377 2588 739 2663 συμϐουλίαις
799 2590 1162 2660 ἀναπεισθείς,
1222 2589 1299 2654 είς
1359 2595 1607 2644 τοιοῦτον
1668 2586 1889 2653 ὄλισθον
1949 2588 2031 2642 ἐν-

378 2679 618 2744 σέσεικας
648 2681 906 2749 σεαυτόν;
966 2677 1141 2745 Ἀλλ’,
1205 2679 1250 2733 εἶ
1309 2677 1480 2748 δοκεῖ,
1523 2677 1775 2748 πείσθητί
1809 2699 1926 2750 μοι,
1955 2677 2029 2739 ὡς

382 2770 748 2846 συγκηδεστῇ,
806 2771 894 2826 καὶ
955 2771 1225 2846 φιλούντι,
1285 2772 1372 2825 καὶ
1431 2772 1500 2826 τά
1560 2768 1744 2843 λῴονα
1788 2764 2027 2842 συμϐου-

383 2859 620 2915 λεύοντι·
679 2861 766 2914 καὶ
824 2860 1047 2914 ἀπώθου
1105 2861 1205 2927 τὴν
1261 2861 1522 2930 κακίστην
1582 2856 1890 2928 τυραννίδα,
1939 2857 2027 2912 καὶ

382 2955 480 3016 τῆς
513 2947 782 3024 σωτηρίας
837 2943 1150 3014 ἀντιλαϐοὖ,
1212 2947 1542 3022 συγγνώμην
1575 2952 1671 3000 τοῦ
1712 2947 2028 3024 σφάλματος

382 3039 742 3110 αἰτησάμενος
798 3038 924 3111 (ἐγὼ
1000 3036 1056 3092 δὲ
1143 3037 1302 3099 αὐτὸς
1361 3037 1671 3112 ἐγγυῶμαι,
1740 3034 1908 3108 μηδὲν
1971 3057 2028 3090 σε

377 3128 647 3191 πείσεσθαι
706 3133 813 3181 τῶν
871 3124 1077 3198 ἀηδῶν,
1135 3125 1258 3180 οὔτε
1337 3127 1472 3200 πρὸς
1521 3129 1618 3180 τοῦ
1674 3130 2024 3200 κρατοῦντος,

373 3217 493 3271 οὕτε
523 3217 659 3290 πρὸς
700 3216 874 3271 ἄλλου
905 3218 1076 3283 τινὸς,
1110 3215 1254 3270 ἁλλά
1304 3215 1394 3269 καὶ
1451 3220 1530 3286 τῷ
1561 3212 1908 3287 συνεπομένῳ
1941 3234 2025 3268 σοι

2220 1701 2272 1755 4,
2307 1723 2335 1750 ‹‹
2370 1701 2695 1756 Consilium
2724 1701 2912 1757 iniisti
2962 1702 3346 1756 temerarium
3379 1706 3437 1755 et
3485 1701 3799 1771 insigniter

2148 1790 2837 1861 periculosum,quando,
2861 1791 3241 1863 impudenter
3265 1791 3326 1845 in
3359 1789 3634 1845 dominos
3656 1807 3796 1845 con-

2149 1881 2370 1937 tumax.
2401 1878 2809 1934 calamitosam
2841 1879 3228 1933 rebellionem
3251 1877 3592 1940 meditatus,
3619 1877 3796 1932 motis

2146 1966 2456 2020 adversum
2489 1967 2643 2022 cives
2675 1969 2854 2023 armis
2916 1984 3217 2023 sacrarum
3273 1967 3489 2022 aedium
3547 1967 3796 2022 delubra

2145 2055 2498 2110 immanium
2547 2057 2991 2128 conjuratorum
3023 2056 3459 2128 direptionibus
3505 2057 3793 2111 contami-

2147 2145 2321 2199 nasti.
2370 2144 2540 2200 Falsa
2597 2163 2698 2216 spe
2756 2146 3058 2210 inductus,
3109 2145 3603 2213 Patrici,leonem
3659 2145 3791 2199 dor-

2146 2235 2451 2301 mientem,
2507 2235 2790 2291 invictum
2850 2237 3203 2308 principem,
3262 2237 3529 2295 irritasti.
3565 2237 3689 2290 Non
3729 2253 3791 2290 es

2144 2323 2402 2389 nescius,
2437 2323 2606 2378 illum
2639 2324 2700 2378 in
2730 2324 2954 2394 prmliis
2983 2331 3368 2394 apparentem
3391 2323 3791 2394 amplissimos

2146 2413 2438 2467 exercitus
2471 2412 2558 2467 vel
2590 2413 2716 2467 sola
2745 2413 2902 2468 fama
2933 2413 2993 2467 in
3024 2413 3222 2485 fugam
3270 2413 3647 2467 convertisse.
3682 2413 3792 2478 Qui

2143 2501 2324 2572 igitur
2356 2502 2440 2570 fit,
2474 2506 2557 2568 ut,
2605 2501 2973 2572 perditorum
3027 2502 3337 2556 hominum
3388 2501 3656 2556 consiliis
3688 2500 3788 2555 ob-

2143 2595 2507 2660 temperans,
2536 2589 2598 2644 in
2629 2590 2922 2661 ejusmodi
2956 2590 3200 2662 laqueos
3232 2599 3286 2645 te
3318 2592 3444 2663 ipse
3473 2590 3740 2646 indueris
3761 2592 3789 2644 ?

2142 2678 2274 2747 Sed,
2311 2679 2357 2732 si
2389 2679 2639 2745 videtur,
2675 2680 2819 2733 mihi
2851 2679 3046 2748 crede,
3081 2687 3146 2734 ut
3174 2681 3362 2749 afﬁni,
3387 2686 3452 2735 ut
3482 2681 3693 2747 amico,
3726 2683 3792 2733 ut

2143 2784 2211 2822 ea
2239 2767 2533 2834 suadenti,
2569 2785 2699 2838 quae
2732 2769 2835 2822 tibi
2888 2770 3144 2824 maxime
3195 2770 3533 2825 conducant
3561 2787 3573 2822 :
3607 2770 3788 2841 rejice

2141 2871 2175 2909 a
2206 2861 2261 2909 te
2294 2857 2446 2910 hanc
2479 2857 2768 2912 nefariam
2800 2857 3211 2919 rebellionem,
3238 2874 3478 2928 capesse
3511 2858 3784 2923 salutem,

2140 2944 2342 2999 delicti
2372 2947 2544 3000 venia
2573 2948 2829 3018 expetita
2859 2948 2985 3019 (ego
3027 2948 3136 3002 hoc
3191 2948 3296 3002 tibi
3350 2948 3634 3018 spondeo,
3669 2965 3787 3001 non

2141 3034 2332 3088 solum
2374 3033 2525 3088 nihil
2556 3040 2611 3088 te
2669 3034 2781 3089 diri
2841 3052 3179 3106 passurum,
3236 3053 3430 3106 neque
3479 3053 3513 3090 a
3543 3035 3786 3089 domino

2139 3129 2367 3189 nostro,
2407 3140 2602 3194 neque
2635 3124 2704 3178 ab
2737 3124 2854 3179 alio
2884 3141 3203 3196 quoquam,
3236 3142 3437 3180 verum
3471 3126 3645 3179 etiam
3670 3140 3790 3179 ma-

2143 3214 2270 3277 nui,
2298 3231 2428 3284 qum
2463 3221 2656 3269 tecum
2688 3216 2784 3281 sit,
2816 3216 3234 3286 impunitatem
3269 3215 3788 3271 inconsiderantiaa

375 3279 879 3384 otiosi'a’zpvnatefa
927 3313 1028 3374 τῆς
1065 3279 1405 3379 ’προπετείας
1459 3279 1788 3377 δοθήσεταιί⁸
1944 3297 2032 3368 73]

2150 3303 2352 3358 datum
2385 3303 2479 3372 iri)
2506 3321 2518 3358 :
2551 3320 2748 3376 neque
2794 3305 2938 3360 velis
2978 3307 3040 3359 in
3072 3311 3128 3360 te
3159 3322 3389 3361 armare
3434 3305 3790 3377 indignatio-

382 3395 470 3450 καὶ
507 3396 584 3467 μὴ
623 3394 909 3470 βουληθῇς
966 3395 1056 3448 τὸν
1117 3395 1287 3466 θυμὸν
1343 3392 1620 3463 ἐξοπλίσαι
1652 3393 1788 3448 κατά
1819 3397 1914 3448 σοῦ
1943 3394 2038 3453 τὸν

387 3482 694 3558 βασιλικὸν,
755 3481 814 3543 ὅς
886 3481 1255 3557 ἀπαραίτητός
1328 3481 1438 3535 ἐστι
1496 3487 1611 3544 τοῖς
1673 3481 2034 3555 εὐγνωμονεῖν

378 3571 477 3625 οὐκ
535 3570 806 3635 ἐθέλουσι.
865 3575 982 3625 Τῶν
1030 3575 1254 3625 σεαυτοῦ
1313 3570 1509 3626 λοιπὸν
1539 3569 1833 3645 γενόμενος
1867 3569 2034 3646 λογι-

381 3666 533 3733 σμῶν
570 3663 648 3734 μή
710 3665 856 3734 προῇ
912 3662 958 3697 ⁴²
1014 3664 1112 3731 τὴν
1173 3661 1411 3735 ἐσχάτην
1463 3657 1718 3736 ἄγκυραν,
1751 3657 2035 3731 ἀλλ’,ἓως

378 3752 440 3804 τὸ
503 3749 884 3826 φιλάνθρωπον
973 3751 1279 3824 πρόκειται,
1366 3747 1599 3802 ἄσπασαι
1651 3752 1839 3816 τοῦτο,
1901 3747 2031 3823 ὅπερ

388 3838 623 3900 εῗσαῦθις
681 3837 954 3908 ἐπιζητῶν
1016 3838 1124 3912 οὐχ
1179 3838 1448 3911 εὑρήσεις,
1506 3837 1596 3892 καὶ
1648 3834 1834 3891 πολλὰ
1859 3858 2031 3892 κατα-

390 3929 697 4000 θρηνήσεις,
755 3928 946 3982 σαυτὸν
1001 3934 1101 3996 τῆς
1162 3923 1426 3988 ἀϐουλίας
1485 3926 1855 4005 μεμφόμενος,
1893 3950 1919 3977 ››
1970 3927 2031 3983 Ὁ

383 4015 441 4069 δὲ
501 4021 698 4077 Φωκᾶς
761 4014 988 4083 Βάρδας,
1046 4017 1146 4082 τήν
1203 4013 1431 4086 δύναμιν
1491 4015 1888 4087 ἀναλεξάμενος
1931 4023 2030 4083 τῆς

381 4113 614 4184 γραφῆς,
673 4099 956 4177 ἀμείϐεται
1010 4109 1195 4158 ταῦτα·
1265 4126 1285 4153 ι
1345 4103 1567 4177 Ἀγαθόν
1614 4125 1663 4156 τι
1717 4110 1910 4178 χρῆμα
1940 4104 2028 4158 καὶ

384 4200 525 4256 θεῖον
592 4194 728 4248 εἶναι
784 4195 884 4261 τήν
968 4189 1290 4264 συμϐουλήν
1352 4192 1724 4266 ἐξεπίσταμαι,
1782 4191 2030 4248 παλαιῶν

384 4278 609 4356 βίϐλους
670 4283 1043 4357 παραναγνοὺς
1102 4284 1191 4337 καὶ
1249 4281 1430 4346 αὐτός·
1493 4281 1699 4356 ίσχύειν
1734 4280 1791 4337 δὲ
1826 4282 2026 4354 ταύτην

374 4377 668 4442 τηνικαῦτα
750 4371 1064 4448 λογίζομαι,
1129 4371 1366 4442 ὁπηνίκα
1424 4372 1708 4447 θεραπείαν
1765 4373 1833 4428 τά
1889 4375 2026 4448 πρά-

378 4483 559 4535 γματα
591 4460 865 4538 δέχονται.
925 4463 1086 4518 Ὅταν
1144 4459 1201 4516 δὲ
1257 4463 1379 4536 περὶ
1436 4461 1570 4517 αὐτὰ
1605 4462 1671 4517 τὰ
1699 4464 1882 4538 καίρια
1910 4484 2027 4517 κιν-

373 4547 632 4606 δυνεύωσι
690 4551 780 4605 καὶ
834 4550 908 4612 εἷς
968 4551 1034 4605 τά
1091 4550 1314 4622 πύματα
1373 4549 1520 4606 δεινά
1577 4550 2024 4619 συνελεύνωνται,

2144 3409 2281 3447 nem
2300 3393 2765 3463 imperatoriam,
2798 3395 3226 3450 inexorabilem
3253 3411 3498 3466 prorsus
3521 3395 3659 3458 illis,
3688 3395 3789 3464 qui

2145 3500 2304 3538 sanae
2336 3484 2556 3538 mentis
2581 3502 2709 3540 esse
2740 3485 2972 3540 nolunt.
3007 3486 3150 3540 Redi
3171 3487 3350 3557 igitur
3381 3486 3452 3541 ad
3483 3485 3788 3556 ingenium

2142 3578 2333 3639 tuum,
2366 3573 2488 3628 noli
2522 3574 2821 3630 dimittere
2868 3576 3142 3631 ultimam
3200 3591 3500 3641 ancoram,
3535 3580 3609 3637 et,
3646 3574 3787 3627 dum

2141 3662 2202 3716 in
2238 3669 2515 3735 promptu
2574 3671 2632 3718 et
2689 3666 3116 3732 misericordia,
3175 3667 3536 3737 amplectere
3596 3667 3786 3732 illam,

2141 3768 2316 3820 quem
2350 3753 2592 3822 p‘osthac
2650 3755 2963 3824 requirens
3010 3755 3167 3809 haud
3226 3755 3544 3822 obtinebis,
3610 3761 3786 3825 teque

2140 3838 2334 3908 ipsum
2358 3846 2515 3900 tunc.
2545 3841 2794 3916 multum
2818 3848 3198 3912 conquestus,
3234 3843 3584 3897 temeritatis
3615 3859 3789 3897 accu-

2141 3926 2318 3981 sabis.
2357 3950 2383 3976 »
2433 3929 2602 3999 cujus
2643 3933 2671 3983 I
2697 3931 2786 3984 I9
2838 3931 3103 4001 epistola:
3159 3931 3654 4002 significationem
3688 3931 3786 3985 ubi

2139 4015 2362 4070 Phocas
2395 4017 2612 4072 Bardas
2644 4020 2960 4090 perspexit,
3005 4020 3313 4091 respondit
3349 4021 3423 4076 ad
3459 4022 3616 4076 hunc
3656 4037 3788 4075 mo-

2138 4104 2278 4158 dum
2306 4122 2317 4158 :
2359 4132 2376 4153 ι
2409 4106 2738 4162 Consilium
2772 4125 2894 4162 rem
2930 4125 3058 4162 esse
3113 4109 3399 4180 optimam
3430 4117 3607 4180 atque
3639 4108 3788 4163 divi-

2138 4210 2277 4249 nam
2309 4195 2490 4266 probe
2514 4197 2669 4261 novi,
2696 4215 2835 4253 nam
2867 4197 3172 4253 volumina
3191 4198 3263 4254 ab
3296 4201 3558 4271 antiquis
3592 4199 3787 4253 homi-

2135 4285 2312 4340 nibus
2359 4288 2695 4358 conscripta
2743 4288 2869 4359 ipse
2900 4306 3135 4360 quoque
3166 4290 3279 4362 legi
3308 4308 3319 4343 :
3352 4291 3583 4346 tametsi
3636 4289 3786 4345 illud

2137 4375 2376 4446 quidem
2411 4383 2550 4432 tunc
2580 4379 2754 4433 modo
2778 4380 2972 4434 valere
3003 4379 3276 4446 arbitror,
3313 4381 3549 4451 quando
3585 4382 3788 4436 mede-

2135 4464 2252 4519 lam
2302 4485 2396 4522 res
2455 4468 2818 4525 admittunt.
2882 4470 3119 4532 Verum,
3179 4470 3411 4540 quoties
3465 4476 3786 4523 extremum

2133 4557 2468 4626 periculum
2500 4558 2794 4626 imminet,
2826 4564 3033 4628 estque
3055 4558 3272 4628 aliquis
3292 4557 3364 4612 ad
3387 4558 3546 4612 mala
3575 4559 3788 4614 ultima

372 4636 463 4694 ἴσα
492 4641 582 4696 καὶ
607 4645 688 4712 τῷ
723 4637 893 4711 μηδὲν
928 4639 1137 4714 ἷσχύειν
1172 4640 1330 4712 οἶμαι
1372 4643 1470 4710 τήν
1505 4636 1851 4714 συμϐουλήν.
1885 4644 2024 4718 Ἐγὼ

2146 4646 2474 4716 :ompulsus
2531 4652 2760 4700 tantum
2802 4647 3033 4716 pondus
3087 4647 3306 4701 habere
3355 4646 3611 4701 arbitror
3641 4664 3785 4702 con-

373 4729 477 4804 γάρ
511 4728 1001 4804 ἀναλογιζόμενος,
1063 4729 1138 4791 εἷς
1200 4731 1318 4792 oh:
1373 4730 1545 4806 τύχας
1605 4733 1632 4786 ὁ
1691 4734 1906 4794 ἂνόσιος
1938 4734 2025 4787 καὶ

373 4817 719 4892 παλαμναῖος
767 4818 1020 4890 Ἰωάννης
1077 4819 1139 4873 τὸ
1196 4819 1328 4892 ἐμὸν
1385 4819 1691 4875 συνέκλεισε
1721 4823 1900 4895 γένος,
1934 4824 2024 4876 τὸν

377 4907 474 4978 μὲν
532 4906 906 4982 αὐτοκράτορα
958 4907 1046 4961 καὶ
1103 4913 1246 4970 θεῖον
1307 4909 1462 4980 ἐμὸν,
1527 4908 1808 4984 εὐεργέτην
1845 4907 1900 4964 δὲ
1931 4909 2024 4964 αύ-

371 5001 488 5067 τοῦ,
547 4998 895 5070 κοιμώμενον
957 4995 1151 5052 λέοντα
1206 4997 1414 5057 κτείνας
1473 4995 1745 5068 ἀνηλεῶς,
1813 4997 1911 5071 ἐμὲ
1969 4997 2026 5054 δὶ

373 5085 546 5160 μάτην
576 5086 916 5162 περιορίσας,
950 5086 1042 5141 τόν
1073 5108 1131 5142 τε
1161 5087 1331 5166 φύντα
1361 5087 1449 5141 καὶ
1480 5088 1571 5141 τὸν
1606 5087 1886 5161 ὁμαίμονα

440 5240 484 5276 ⁴¹
521 5239 594 5302 ὡς
627 5239 676 5310 ἐξ
711 5241 898 5311 ἱκανὴν
935 5240 984 5310 ἐξ
1016 5241 1146 5298 cod.
1181 5243 1334 5298 Fort.
1370 5242 1556 5316 πρόες.

2139 4735 2359 4800 silium,
2386 4751 2563 4805 quam
2587 4752 2718 4804 qua)
2743 4735 3078 4790 minimum.
3108 4736 3222 4806 Ego
3248 4751 3480 4789 mecum
3503 4741 3786 4806 reputans

2136 4824 2210 4878 ad
2242 4840 2387 4894 quas
2409 4824 2924 4894 fortunasimpius
2973 4830 3150 4894 atque
3201 4825 3487 4879 scelestus
3531 4827 3786 4882 Joannes

2139 4931 2332 4969 meam
2364 4913 2652 4968 familiam
2707 4912 3021 4986 redegerit,
3065 4931 3204 4968 eum
3253 4921 3311 4968 et
3340 4914 3786 4987 imperatorem,

2137 5009 2414 5074 patruum
2447 5019 2670 5068 meum,
2701 5002 3140 5059 benefactorem
3164 5021 3359 5072 suum,
3391 5011 3457 5059 ut
3485 5006 3784 5061 dormien-

2139 5098 2257 5148 tem
2285 5093 2520 5147 leonem
2560 5092 2883 5148 crudeliter
2911 5093 3322 5163 obtruncasse,
3354 5100 3414 5149 et
3441 5111 3536 5150 me
3562 5101 3784 5151 temere

1583 5395 1642 5451 C.
1686 5394 1748 5452 Β.
1794 5396 1978 5451 HASII
2017 5399 2574 5455 ANNOTATlONES.

432 5544 547 5615 (55)
581 5544 888 5615 Manifesto
924 5561 1123 5600 errore
1183 5545 1293 5600 Leo
1347 5548 1472 5598 tum
1528 5544 1623 5600 hic
1678 5550 1802 5601 tum
1833 5550 1922 5608 99,
1955 5549 2018 5602 B.

358 5614 680 5694 confundit
735 5614 972 5694 φύσαντα
1027 5622 1086 5672 et
1141 5615 1339 5694 φύντα,
1395 5633 1648 5694 quorum
1706 5618 1816 5673 hoc
1843 5619 2022 5688 ﬁlium

356 5687 900 5761 signiﬁcare,'non
952 5687 1191 5760 patrem,
1254 5687 1344 5743 vel
1401 5689 1603 5760 pueris
1662 5699 1868 5747 notum
1909 5696 2017 5747 est.

2133 5550 2446 5622 Euripides
2482 5549 2809 5622 Heraclidis
2841 5553 2941 5622 326
2978 5569 2990 5607 :

2704 5621 2754 5699 ἐξ
2786 5621 2994 5684 ἐσθλῶν
3015 5618 3083 5699 ’δὲ
3114 5620 3215 5699 φὺς

2418 5691 2586 5749 Ούδὶν
2619 5696 2822 5748 κακίων
2852 5691 3141 5766 τυγχάνεις
3170 5693 3343 5768 γεγὼς
3375 5692 3599 5766 πατρός.
