4190 6322
417 369 530 428 831

1822 373 2100 436 LEONIS
2147 377 2469 444 DIACONI

3711 393 3838 453 832

421 500 482 554 in
515 501 793 556 exsilium
825 503 1013 574 egisse
1045 510 1273 574 patrem
1306 509 1501 560 autem
1527 504 1890 574 fratremque
1921 522 2069 560 saeve

2187 507 2353 580 ὠμῶς
2387 514 2495 601 ᾐκαὶ
2554 514 2993 592 ἀφιλανθρώπως
3049 516 3448 596 ἀποτυφλώσας
3498 519 3588 574 ἐπί
3617 523 3841 601 προφά-

423 597 600 662 atque
632 592 977 648 immaniter
989 595 1116 649 sine
1131 612 1308 650 causa
1329 595 1861 655 excaecasseyitam
1879 611 2072 651 meam

426 682 674 736 minime
695 683 931 738 vitalem
983 684 1275 738 existimo.
1313 684 1438 738 Noli
1470 685 1648 756 igitur
1677 685 1739 738 in
1786 701 1880 738 me
1929 685 2072 740 hor-

428 774 609 827 tando
640 773 966 843 defatigari.
997 781 1059 827 ut
1103 774 1376 829 manibus
1410 775 1680 830 scelerati
1729 776 1956 831 inimici
1988 776 2074 830 vi-

427 867 545 916 tam
579 868 940 916 committam
976 878 1190 917 meam.
1225 866 1542 934 Nunquam
1577 871 1637 919 tu
1692 865 1840 919 mihi
1889 865 2069 921 facies

427 951 625 1005 lldem.
662 951 812 1014 Quin
845 951 1044 1021 potius
1072 952 1160 1005 vir
1191 969 1289 1007 ero
1323 953 1448 1024 ipse
1500 971 1755 1024 quoque,
1791 960 1848 1008 et
1874 956 2070 1010 accin-

425 1044 553 1094 ctus
579 1039 774 1110 gladio
829 1040 1105 1096 manibus
1135 1043 1373 1114 generis
1405 1044 1521 1098 mei
1553 1043 1899 1114 parentabo.
1934 1045 2072 1099 Om—

426 1130 568 1183 nino
596 1129 874 1201 denique,
901 1133 1138 1202 quando
1162 1133 1320 1187 inter
1349 1133 1464 1188 duo
1498 1141 1760 1189 extrema
1781 1134 2074 1190 ﬂuctuant

423 1220 682 1278 fortuna.
715 1220 968 1276 alterum
1002 1238 1208 1277 eorum
1241 1225 1506 1278 eveniet:
1540 1229 1642 1278 aut
1680 1225 2070 1295 imperatorias

425 1308 731 1381 dignitatis
761 1311 1139 1382 splendorem
1191 1313 1490 1379 obtinebo,
1551 1319 1726 1384 atque
1779 1314 2071 1368 ultionem

425 1401 656 1473 integra
687 1402 915 1473 exigam
957 1419 990 1456 a
1022 1403 1373 1473 parricidis:
1434 1408 1536 1458 aut
1595 1403 1828 1458 fortiter
1884 1403 2071 1457 fatum

419 1489 629 1554 feram,
659 1491 731 1545 ab
765 1491 997 1562 impuro
1015 1499 1192 1563 atque
1216 1493 1398 1563 impio
1423 1499 1674 1564 tyranno
1707 1493 2012 1548 liberatus.
2042 1512 2064 1542 ι

496 1585 547 1636 5.
583 1583 742 1636 Hanc
774 1583 1084 1654 epistolam
1119 1583 1218 1638 ubi
1272 1584 1487 1638 Bardas
1534 1585 1771 1639 Sclerus
1820 1585 2069 1655 accepit,

424 1669 655 1740 abjecta
685 1688 808 1742 spe,
843 1672 1110 1726 consiliis
1149 1673 1410 1727 revocari
1462 1690 1634 1744 posse
1667 1673 1969 1727 hominem
2002 1689 2071 1727 ex

422 1762 756 1818 temeritate
781 1763 839 1816 in
862 1763 1156 1818 insaniam
1171 1763 1536 1835 prolapsum,
1552 1765 1815 1818 exercitu
1838 1764 1899 1817 in
1921 1765 1956 1817 I
1971 1763 2071 1818 20

2181 619 2258 652 σει
2298 599 2562 674 μηδεμιᾷ,
2621 606 2710 660 τὸν
2775 605 2892 680 βίον
2951 602 3186 662 ἀϐίωτον
3243 608 3483 681 τίθεμαι.
3539 613 3638 665 Διά
3666 599 3840 669 ταυτα

2185 689 2260 758 μή
2320 691 2492 762 κάμνε
2547 694 2950 769 προτρέπων,ἐς
3005 701 3195 771 χεῖρας
3271 695 3576 774 ἀλάστορος
3631 700 3839 776 ἐχθροῦ

2177 778 2276 845 την
2338 777 2572 852 ἐμαυτοῦ
2631 785 2890 854 προέσθαι
2973 788 3142 856 ζωήν.
3231 784 3372 844 Οὐδέ
3442 789 3544 863 γάρ
3605 793 3834 856 πείσεις.

2179 865 2338 922 Ἀλλ’
2370 870 2506 941 ἀνὴρ
2540 871 2614 925 ὢν
2645 874 2734 928 καὶ
2789 875 2952 936 αὐτὸς
3010 877 3074 946 ⁴⁸,
3129 878 3216 930 καὶ
3276 877 3534 948 ἀκινάκην
3586 887 3834 955 παρεζω-

2180 955 2396 1027 σμένος,
2459 960 2794 1034 ἀγωνίσομαι
2850 968 2966 1024 τοῖς
3021 963 3296 1037 κειμένοις
3525 969 3842 1043 τοῦγένους

2182 1066 2307 1117 μου.
2368 1047 2588 1112 Πάντως
2649 1048 2706 1106 δὲ
2764 1049 2883 1106 δυσὶ
2944 1055 3224 1128 πράγμασι
3281 1061 3380 1123 τῆς
3435 1055 3612 1131 τύχης
3637 1056 3837 1132 ᾑωρη-

2183 1135 2370 1205 μένης,
2423 1139 2641 1214 θάτερον
2698 1139 2908 1196 τούτων
2963 1137 3271 1214 ἐκϐήσεται·
3327 1143 3362 1212 ἢ
3419 1147 3520 1221 γάρ
3579 1145 3833 1209 εὐκλείας

2183 1225 2475 1297 βασιλικῆς
2503 1229 2870 1302 ἐπιτεῦξομαι,
2920 1233 3010 1286 καὶ
3058 1238 3176 1294 τοῖς
3215 1232 3586 1306 παλαμναίοις
3619 1235 3834 1298 ἐντελὶς

2177 1315 2392 1387 παρέξω
2449 1317 2510 1371 τὸ
2565 1317 2935 1392 ἀνταπόδομα³
2994 1319 3030 1389 ἢ
3087 1322 3348 1395 γενναίως
3379 1324 3442 1378 τὸ
3477 1327 3827 1400 μεμορμένον

2177 1400 2500 1478 ἀποίσομαι,
2563 1414 2763 1484 μιαροῦ
2817 1409 3082 1485 τυράννου
3137 1411 3229 1466 καὶ
3299 1412 3513 1468 ἀνοσίου
3571 1411 3835 1469 ἀπαλλα-

2175 1492 2306 1568 γείς.
2337 1518 2366 1546 ››

2253 1583 2307 1636 ε’.
2343 1583 2562 1654 Ταύτην
2597 1587 2625 1641 ὁ
2662 1587 2912 1662 Σκληρὸς
2965 1587 3176 1661 Βάρδας
3204 1589 3531 1665 ἀπειληφὼς
3561 1593 3660 1662 τὴν
3688 1613 3831 1668 γρα-

2179 1671 2307 1748 φὴν,
2368 1672 2456 1727 καὶ
2510 1674 2778 1752 ἀπογνοὺς
2834 1677 2908 1738 ὡς
2967 1679 3151 1734 οὐκέτι
3227 1675 3594 1752 συμϐουλίαις
3651 1683 3830 1737 πείσει

2177 1760 2267 1812 τὸν
2303 1761 2379 1823 εἴς
2408 1761 2663 1818 ἀπόνοιαν
2708 1763 2766 1818 ἐκ
2821 1767 3149 1838 προπετείας
3207 1767 3698 1839 κατολισθήσαντα,
3730 1770 3831 1838 τὴν

429 1851 554 1907 alas
578 1859 636 1906 et
664 1869 945 1906 numeros
975 1851 1291 1924 descripto,
1311 1869 1512 1907 versus
1537 1852 1914 1923 Dipotamum
1943 1868 2067 1905 mo-

2187 1851 2431 1924 στρατιὰν
2485 1854 2622 1907 κατά
2681 1852 2804 1916 ἴλας
2858 1853 2947 1910 καὶ
3007 1857 3228 1932 σπείρας
3283 1856 3551 1929 διατάξας,
3609 1861 3707 1928 τὴν
3743 1858 3834 1914 ἐπὶ

424 1947 537 1996 vet.
567 1943 689 2006 Quo
707 1959 840 1996 cum
879 1943 1260 2012 pervenisset,
1287 1943 1348 1996 in
1393 1943 1602 1996 Phocai
1642 1947 1835 1997 castra
1861 1958 1930 1995 ex
1961 1941 2070 1994 im-

425 2030 658 2100 proviso
691 2030 1093 2101 exploratores
1126 2031 1328 2095 mittit,
1379 2031 1792 2086 mendicorum
1842 2029 2070 2096 habitu,

425 2120 526 2190 qui
580 2120 958 2190 imperatoris
1017 2120 1478 2191 pollicitationes
1535 2121 2073 2190 impunitatemque

425 2207 775 2263 delictorum
795 2210 1090 2280 praefectis
1113 2210 1416 2280 copiarum
1432 2209 2071 2274 declarent,nuntient-

427 2315 540 2369 que
565 2299 995 2370 praeterea,nisi
1019 2299 1314 2370 extemplo
1331 2316 1365 2354 a
1378 2300 1673 2354 defectore
1687 2300 2076 2359 recedant.at-

423 2406 536 2460 que
571 2406 706 2444 cum
737 2391 1090 2461 imperatore
1137 2390 1535 2461 paciscantur,
1586 2389 1932 2461 magistrum
1983 2389 2071 2443 in-

421 2479 640 2534 festum
666 2479 793 2550 jam
827 2497 958 2534 cum
993 2480 1177 2550 ipsius
1237 2496 1415 2533 manu
1476 2495 1575 2534 eos
1634 2494 2071 2551 aggressurum,

421 2570 801 2640 hostiumque
833 2586 1081 2624 numero
1124 2569 1486 2624 habiturum.
1521 2569 1657 2633 Quae
1690 2585 1824 2622 cum
1874 2567 2074 2622 audis-

427 2665 578 2724 sent,
605 2665 966 2728 reputantes,
1019 2676 1088 2714 ex
1155 2675 1216 2714 re
1276 2675 1382 2714 sua
1440 2675 1590 2724 esse,
1650 2657 1968 2729 dignitates
2000 2656 2072 2711 ab

428 2751 690 2820 Augusto
721 2748 948 2804 oblatas
980 2748 1142 2803 inani
1188 2748 1376 2803 labori
1424 2747 1784 2818 incertisque
1817 2746 2073 2801 fortunis

428 2837 744 2902 anteferre,
760 2837 858 2891 ubi
883 2854 994 2892 nox
1020 2837 1380 2908 supervenit,
1405 2837 1612 2891 relicto
1631 2837 1839 2890 Phocaa
1861 2835 2074 2890 sodali-

431 2928 514 2982 tio
545 2927 618 2983 ad
651 2929 998 2998 magistrum
1046 2927 1466 3000 transfugiunt.
1500 2928 1580 2980 Ex
1630 2926 1722 2980 his
1773 2925 2073 2996 principes

422 3016 668 3071 fuerunt
692 3016 1077 3071 Andralestus
1096 3017 1401 3087 patricius,
1425 3014 1818 3069 consobrinus
1842 3014 2070 3083 Phocaa,

425 3112 485 3160 et
514 3106 750 3159 Simeon
781 3105 1076 3175 Ampelas.
1111 3105 1354 3175 Cognita
1398 3104 1609 3157 horum
1641 3103 1779 3174 fuga
1831 3101 2070 3168 Bardas,

425 3210 724 3265 quamque
769 3193 961 3246 subito
994 3209 1028 3247 a
1053 3209 1114 3246 se
1158 3192 1534 3257 defecissent,
1567 3192 1838 3263 graviter,
1872 3197 1938 3244 ut
1967 3207 2075 3262 par

2186 1941 2242 1992 τὸ
2275 1941 2585 2008 Διπόταμον
2632 1937 2739 2016 ᾔει.
2797 1946 3003 1999 Ἐκεῖσε
3063 1942 3119 1999 δὲ
3175 1947 3532 2022 ἀφικόμενος,
3565 1948 3617 2010 ἐς
3646 1949 3710 2004 τὸ
3739 1947 3840 2003 τοῦ

2183 2034 2378 2092 Φωκᾶς
2415 2028 2590 2106 Βάρδα
2635 2029 3010 2096 κατασκόπους
3061 2034 3384 2105 ἐξαπιναίως
3417 2037 3631 2092 στέλλει
3665 2058 3833 2112 στρα-

2180 2115 2431 2190 τόπεδον,
2492 2119 2567 2181 εἷς
2624 2119 2988 2177 ἐπαιτοῦντων
3052 2131 3247 2198 σχῆμα
3309 2127 3706 2200 μετασκευάσας
3734 2126 3835 2182 αὖ-

2179 2205 2329 2276 τοὺς,
2364 2205 2720 2276 δηλώσοντας
2772 2211 2818 2245 “
2875 2213 2968 2272 τὰς
3018 2211 3306 2286 βασιλικὰς
3370 2215 3692 2290 ὑποσχέσεις
3745 2215 3839 2270 καὶ

2181 2295 2483 2368 ἀμνηστίαν
2560 2302 2667 2352 τῶν
2725 2297 3115 2372 τολμηθέντων
3191 2308 3310 2364 τοῖς
3388 2305 3840 2378 προηγουμένοις

2181 2393 2281 2454 τῆς
2313 2392 2591 2460 στρατιᾶς,
2639 2388 2728 2441 καὶ
2781 2385 3002 2464 προσέτι
3050 2391 3513 2466 ἀπαγγελοῦντας,
3547 2392 3640 2460 ὥς,
3675 2393 3720 2446 εἰ
3757 2395 3834 2466 μὴ

2182 2479 2275 2529 τοῦ
2306 2475 2608 2531 ἀποστάτου
2669 2483 2860 2542 θᾶττον
2915 2478 3296 2553 ἀπορῥαγεῖεν,
3353 2481 3442 2535 καὶ
3499 2503 3637 2557 προς
3681 2483 3842 2558 βασι-

2183 2562 2281 2618 λέα
2340 2564 2668 2634 σπείσοιντο,
2728 2568 2817 2621 τὸν
2879 2567 3257 2642 στρατηλάτην
3321 2573 3455 2642 μετά
3511 2578 3614 2640 τῆς
3668 2573 3835 2644 ὁμαι-

2182 2654 2356 2728 χμίας
2413 2653 2760 2724 ἐπιθησεσθαι
2835 2657 3402 2736 καιροφυλακήσαντα,
3465 2659 3554 2714 καὶ
3613 2660 3686 2721 ὡς
3744 2661 3841 2714 ἀν-

2180 2739 2436 2803 τιπάλοις
2487 2745 2797 2817 χρήσασθαι
2828 2746 2891 2800 ⁸⁵.
2954 2745 3021 2800 Οἱ
3081 2741 3160 2811 δὲ,
3207 2747 3414 2800 τούτων
3464 2744 3837 2809 ἐνωτισθέντις

2181 2835 2288 2884 τῶν
2350 2830 2556 2905 λόγων,
2618 2834 2705 2886 καὶ
2767 2837 2863 2887 τοῦ
2919 2833 2999 2887 ἐπ’
3054 2831 3284 2904 ἀδήλσις
3343 2842 3668 2911 σκιαμαχεῖν
3713 2841 3838 2898 ταῖς

2182 2920 2378 2996 τύχαις
2405 2922 2502 2984 τάς
2560 2924 2704 2997 παρά
2758 2928 2854 2978 τοῦ
2912 2923 3308 3000 αὐτοκράτορος
3351 2924 3638 3000 διδομένας
3668 2927 3836 3000 τιμὰς

2185 3013 2268 3081 [Ρ.
2302 3014 2392 3084 74]
2435 3009 2648 3075 ἐλέσθαι
2709 3011 2922 3085 μᾶλλον
2983 3019 3229 3069 συνοῖσον
3288 3017 3423 3070 εἶναι
3483 3017 3835 3090 σκεψάμενοι,

2182 3103 2373 3163 νυκτὸς
2409 3099 2767 3173 ἐπελθούσης,
2816 3110 2916 3171 τῆς
2974 3108 3074 3157 τοῦ
3125 3110 3292 3159 Φωκᾶ
3349 3104 3651 3167 διαστάντες
3691 3107 3837 3161 ἑται-

2188 3192 2358 3265 ρείας,
2390 3191 2526 3265 πρὸς
2563 3192 2652 3246 τὸν
2705 3191 3082 3262 στρατηλάτην
3135 3193 3620 3266 ἀττηυτομόλησαν.
3653 3200 3748 3249 Ὧν
3781 3196 3836 3249 οἱ

425 3293 569 3344 erat.
602 3300 728 3337 rem
759 3283 910 3351 tulit,
945 3291 1440 3352 remanentesque
1474 3281 1843 3352 supplicibus
1879 3281 2070 3334 verbis

2187 3253 2525 3355 προῦχοντες
2558 3278 2950 3355 ’Δνδράλεστος
3006 3280 3072 3347 ἦν
3133 3283 3160 3334 ὁ
3222 3253 3511 3358 ΙΙατροΪκιος
3543 3288 3678 3357 (57),
3707 3282 3835 3338 αὖτ-

426 3373 787 3444 imploravit,
821 3389 1025 3437 orans,
1087 3389 1161 3428 ne
1194 3389 1325 3427 cum
1390 3387 1518 3426 sese
1549 3370 1891 3442 proderent,
1945 3376 2072 3425 tum

426 3465 634 3527 Deum,
668 3478 845 3533 quem
879 3469 1091 3518 testem
1137 3462 1653 3533 inspectoremque
1713 3460 2070 3516 sacramenti

424 3553 870 3608 adhibuissent:
906 3553 1052 3624 quin
1082 3552 1491 3624 depugnarent
1539 3551 1736 3622 potius
1768 3567 1873 3622 pro
1927 3549 2068 3604 viri-

2182 3370 2395 3443 ανεψιὸς
2441 3373 2537 3423 τοῦ
2597 3375 2783 3435 Φωκᾶ,
2844 3371 2934 3424 καὶ
2985 3371 3012 3424 6
3064 3371 3345 3444 Ἀμπελᾶς
3407 3374 3656 3444 Συμεών.
3692 3374 3836 3446 Βάρ-

2181 3456 2274 3520 δας
2335 3456 2412 3528 δὲ,
2470 3459 2561 3512 τὸν
2613 3458 2818 3513 τούτων
2881 3457 3122 3534 δρασμὸν
3197 3458 3469 3537 διαγνοὺς,
3528 3463 3618 3517 καὶ
3679 3461 3834 3524 ὅπως

2182 3547 2602 3623 ἀπροφασίστως
2658 3551 2767 3621 (58)
2828 3548 2995 3602 αὐτοῦ
3070 3548 3471 3627 ἀπερράγησαν,
3528 3550 3835 3626 ἤσχαλλεν,

1627 3719 1686 3774 C.
1730 3719 1794 3772 B.
1838 3719 2025 3774 HASII
2064 3718 2625 3776 ANNOTATIONES.

499 3867 544 3903 ⁴³
573 3864 700 3920 ἀλλ’
733 3897 799 3909 -
826 3864 1006 3926 αὐτός.
1043 3865 1172 3922 Vid.
1205 3881 1384 3936 supra
1415 3867 1483 3920 A.
1513 3864 1619 3919 lin.
1658 3865 1742 3918 11.

435 4011 656 4065 Addam
690 4028 757 4065 ex
795 4009 1181 4080 scriptoribus
1209 4007 1940 4080 prosaicisauctoritatem
1969 4009 2078 4063 He-

433 4083 669 4135 iliodori
708 4077 931 4152 Theag
957 4084 1078 4144 177,
1113 4082 1171 4134 Β.
1210 4077 1380 4152 ’πρὸς
1428 4077 1558 4138 τοὺς
1591 4077 1812 4150 φύντας·
1858 4086 1914 4152 et
1944 4080 2078 4134 Plu-

433 4153 620 4207 tarchi
676 4150 1007 4223 Comparat.
1061 4150 1538 4223 Agidis,'Cleom.
1591 4155 1649 4204 et
1680 4150 2079 4223 Gra_c_c_h._796,

433 4228 500 4278 Α.
536 4225 615 4278 De
646 4221 924 4278 audiend.
961 4221 1133 4295 poet:
1153 4226 1238 4276 36.
1269 4222 1538 4295 E.(quogd
1571 4227 1659 4295 est
1700 4221 1900 4295 nobile
1922 4221 2080 4295 frag;-

434 4302 702 4350 mentum
763 4292 1146 4366 Cresphontis
1206 4293 1506 4366 Euripidei
1561 4292 1675 4366 edg.
1719 4293 1976 4366 ¥B_arnes.
2012 4292 2080 4346 Π.

434 4370 581 4432 436).
603 4368 681 4421 De
731 4363 1028 4422 Consolat.
1080 4364 1152 4419 ad
1201 4363 1394 4435 Apoll.
1442 4369 1561 4428 111,
1624 4364 1681 4416 Β.
1718 4363 1854 4418 Ideo
1886 4370 2083 4419 autem

433 4440 620 4512 magis
649 4439 855 4506 miror,
883 4439 946 4492 in
969 4436 1276 4512 hoc__v_erbo
1306 4435 1833 4512 errasse-Leonem,
1857 4435 2015 4512 quod
2031 4442 2090 4490 et

438 4504 565 4583 ipse
597 4513 684 4584 69.
711 4528 759 4584 c.
794 4504 952 4565 recte
1011 4507 1367 4584 adhibuerit,
1428 4504 1478 4574 ἐξ
1535 4505 1763 4584 ἀσήμων
1825 4504 1917 4578 μέν
1952 4505 2073 4584 φύς·

436 4575 493 4638 et
521 4583 816 4654 Agathias,
851 4597 1027 4652 quem
1071 4579 1291 4654 imitari
1331 4584 1598 4639 conatur,
1633 4575 1935 4654 φύνταριζο
1965 4575 2078 4633 ἠα-

436 4663 550 4710 tum
571 4649 821 4725 usurpet
849 4649 915 4707 65
949 4654 1012 4706 D.
1056 4649 1295 4725 φύσαντα
1329 4667 1434 4720 pro
1460 4649 1690 4725 parente
1723 4649 1856 4725 147,
1877 4651 1936 4705 C.

503 4730 618 4796 (56)
650 4720 958 4787 Nimirum,
993 4720 1115 4778 vita
1141 4725 1366 4791 functis,
1398 4724 1513 4782 τοῖς
1553 4720 2078 4794 καυοιχομὲνοιςὋΧ

429 4798 635 4852 Aaatia
665 4798 753 4852 88.
790 4798 850 4852 Β.

481 4814 635 4868 gaua
665 4814 753 4861 δδ,
790 4814 850 4852 υ.

503 4868 616 4937 (57)
647 4863 1005 4940 Ἀδράλεστος
1034 4865 1191 4937 apud
1218 4865 1527 4937 Scylitzam
1559 4881 1649 4918 ms
1715 4870 1772 4919 et
1827 4863 2074 4920 Cedren.

505 5010 618 5080 (58)
651 5011 807 5064 Verti
838 5011 1052 5064 subito:
1093 5009 1427 5063 accuratius
1458 5008 1691 5080 fuisset.
1731 5009 1886 5062 nulla
1911 5023 2082 5080 causa

432 5078 752 5155 apparente.
808 5081 1036 5155 Habent
1091 5080 1498 5155 ἀπροφάσιστος
1533 5086 1592 5134 et
1623 5079 1868 5155 adverb.
1909 5078 2079 5155 ἀπρο-

473 5149 702 5213 eciam;
735 5153 955 5225 passim
985 5149 1178 5207 varias
1204 5149 1576 5223 maximeque
1605 5152 1866 5225 diversas
1898 5149 2078 5225 signi-

473 5173 702 5213 ασιστως
735 5173 955 5225 ρᾶεδιηι
985 5173 1174 5207 Vill‘lils
1204 5173 1576 5223 maxuneque
1605 5173 1866 5205 (“versas
1898 5173 2077 5221 Sigill-

434 5173 742 5281 lEicationes
769 5244 779 5279 :
806 5242 936 5294 qua:
959 5240 1090 5278 cum
1117 5225 1204 5276 vix
1229 5241 1262 5277 a
1280 5240 1577 5294 quoquam
1610 5223 1801 5277 adhuc
1825 5223 2077 5294 (opinor)

432 5299 739 5368 explicata:
775 5298 912 5357 sint,
957 5295 1267 5368 disponam
1311 5295 1405 5368 hic
1436 5295 1669 5368 aliquot
1711 5295 2073 5365 singularem

434 5365 721 5441 exempla.
759 5367 1258 5441 quemadmodum
1287 5366 1464 5441 aliam
1495 5382 1564 5441 ex
1597 5365 1714 5441 alia
1755 5372 1953 5419 natam
1985 5381 2074 5419 ar-

431 5437 654 5497 bitror:
693 5437 1255 5510 l.)"A1r;o-,oa'mmtoc,
1291 5438 1445 5510 quod
1491 5440 1551 5503 ﬁt
1597 5437 1711 5488 sine
1751 5452 1934 5500 causa,
1969 5453 2071 5510 cu:

423 5516 526 5587 jus
548 5507 848 5588 πρόφασις,
884 5507 996 5588 hoc
1026 5515 1115 5564 est
1145 5524 1328 5588 causa,
1362 5507 1450 5588 vel
1501 5523 1628 5588 non
1687 5507 2073 5588 apparet.-vel

432 5577 608 5644 nulla
631 5577 734 5641 est.
772 5586 826 5638 S.
882 5582 1327 5654 Gregor.A_Nyss.
1363 5577 1836 5654 _ln“Eccle_si_ast.
1869 5579 2072 5654 1.7402,

430 5663 496 5716 A.
561 5659 588 5713 6
641 5644 1043 5731 (inpendam-1:6}
1090 5644 1286 5731 γέλωξ,
1356 5649 1383 5701 6
1589 5644 2070 5731 “alilﬁq'epﬁvoqé

425 5717 1114 5797 Heliodorus'TheagenI
1135 5726 1193 5776 et
1225 5721 1394 5778 Char.
1431 5722 1552 5788 in,
1587 5721 1648 5776 Β.
1683 5717 1866 5794 βύθιόν
1889 5717 1948 5774 ·τι
1978 5719 2069 5774 καὶ

1820 3863 1869 3898 ⁴⁴
1895 3859 2254 3932 δηλώσαντασ
2282 3863 2410 3919 cod.

2487 3862 2531 3896 ⁴⁸
2561 3863 2715 3917 Fort.
2747 3863 3068 3936 χρήσεσθαι.

2188 4003 2589 4083 ἀπροφάσιστον
2619 4004 2932 4083 ἐπιστένων,
2963 4011 3079 4083 sine
3110 4008 3227 4083 ulla
3251 4026 3414 4064 causa
3462 4011 3836 4079 ingemiscens.

2196 4078 2315 4145 172,
2348 4078 2446 4132 Ἀ.
2517 4078 2918 4152 ἀπροφάσιστον
2984 4079 3301 4152 ἀγρυπνίαν,
3388 4078 3693 4152 insomnia
3724 4084 3844 4138 sine

2192 4165 2356 4222 causa
2387 4150 2707 4222 apparente.
2759 4156 2884 4222 Ipse
2919 4150 3039 4206 Leo‘
3060 4159 3264 4207 noster
3309 4155 3396 4217 76,
3446 4153 3505 4206 B.
3541 4153 3640 4218 τήν
3673 4150 3843 4221 ἀπρο-

2192 4219 2566 4301 φάσιστονκαὶ
2599 4219 2901 4304 ἀλλόκοτον
2947 4223 3250 4304 Ῥωμαίων.
3281 4219 3842 4304 ιρυγὴν,,ἰηεοιϐηἰεῖη

2193 4292 2245 4347 et
2273 4292 2390 4347 sine
2421 4308 2583 4347 causa
2610 4297 2817 4362 factam
2846 4292 3075 4363 fugam:
3109 4295 3253 4348 verti
3293 4292 3384 4348 'ibi
3427 4295 3627 4349 minus
3667 4313 3839 4350 accu-

2195 4370 2338 4451 rate.
2393 4367 2542 4451 Item
2579 4366 2736 4436 apud
2785 4365 3083 4451 lleliodor.
3134 4369 3257 4429 269,
3312 4365 3836 4451 B."&n|:.ocp1'an:toz

2195 4433 2360 4488 αἰτίαι
2411 4441 2551 4490 sunt
2573 4433 2950 4506 accusationes
2994 4437 3120 4506 sine
3152 4453 3349 4500 causa,
3383 4434 3441 4487 id
3473 4444 3562 4489 est
3592 4433 3835 4506 injuste,

2196 4508 2416 4584 142394,
2450 4508 2510 4561 C.
2559 4504 2971 4584 ἀπροφάσιστος
2997 4505 3275 4584 πόλεμος,
3333 4513 3391 4559 et
3417 4507 3600 4584 [apud
3639 4504 3838 4584 S._Baé

2188 4578 2280 4632 sil.
2316 4579 2499 4648 Epist.
2559 4573 2726 4635 Lxxx:
2789 4581 2854 4634 ΙΙ.
2915 4583 3038 4644 900,
3097 4573 3168 4633 Βξ
3219 4573 3617 4648 ἀπροφάσιστον
3655 4582 3831 4647 μῖσος,

2187 4647 2379 4704 odiuni
2405 4666 2525 4704 non
2560 4657 2678 4706 tam
2711 4649 3100 4717 inexcusabile,
3133 4647 3634 4719 quemadmodum
3666 4651 3824 4704 Mon-

2189 4721 2442 4802 tacutius
2470 4722 2890 4802 interpretatus
2911 4727 3018 4783 est,
3043 4737 3220 4802 quam
3245 4721 3513 4802 injustam
3535 4720 3654 4802 sive
3678 4721 3836 4802 nulla

2188 4793 2254 4846 de
2284 4809 2447 4847 causa
2475 4792 2800 4864 susceptum.
2835 4793 2924 4847 Sic
2978 4792 3137 4846 enim
3169 4792 3383 4864 melius
3416 4793 3660 4864 exponit
3689 4793 3834 4848 Leu-

2187 4864 2499 4919 venklaius
2529 4863 2715 4934 illas.
2751 4867 2915 4930 Greg.
2952 4865 3116 4934 Nyss.
3152 4863 3331 4934 Epist.
3365 4863 3438 4918 ad
3469 4863 3726 4920 Flavian.
3765 4866 3834 4921 ll.

2196 4937 2352 5000 1077,
2387 4939 2451 4989 Α.
2480 4935 2544 5008 τὸ
2597 4932 2781 4989 ἄδικόν
2830 4954 2892 5008 τε
2916 4932 3036 5008 ηκαὶ
3095 4932 3500 5008 ἀπροφάσιστον
3531 4937 3648 4998 καθ’
3676 4938 3836 5008 ἡμῶν

2195 5011 2373 5076 μῖσος,
2407 5007 2763 5062 Adverbium
2796 5006 2973 5060 simili
3008 5006 3186 5062 sensu
3237 5007 3588 5063 Heliodorus
3615 5006 3739 5074 316,
3771 5009 3833 5062 C.

2191 5078 2262 5132 de
2295 5078 2680 5155 cubicularia,
2713 5077 3151 5155 dia-poematum,
3183 5081 3300 5155 sine
3359 5095 3546 5155 causa,
3580 5081 3840 5135 introvo-

2193 5157 2341 5204 cata.
2377 5153 2450 5219 2.)
2503 5150 2956 5220 Ἀπροφάσιστός,
2992 5150 3149 5221 quod
3210 5151 3277 5204 ﬁt
3331 5150 3448 5206 sine
3499 5155 3834 5215 causatione,

2191 5223 2442 5294 hocrest,
2477 5221 2602 5294 sine
2637 5222 3139 5294 tergiversatione,
3166 5230 3442 5294 prompte,
3476 5224 3752 5294 alacriter.
3780 5221 3835 5276 S.

2196 5293 2372 5368 Basil.
2411 5294 2488 5346 De
2518 5291 2804 5368 baptisrh._
2841 5295 2883 5356 Ι,
2944 5296 3066 5368 δαί-6,
3228 5291 3636 5368 ἀπρίοᾷφασίστῳ,
3665 5312 3836 5365 ταχυ-

2192 5364 2326 5438 τάτη
2359 5383 2416 5417 τε
2447 5364 2534 5416 καὶ
2571 5363 2919 5438 μετεωρίστῳ
2977 5364 3189 5436 ὑπακοῇ
3256 5363 3418 5438 Unde
3452 5363 3699 5438 Simeon?
3721 5363 3836 5420 Me-

2193 5435 2526 5508 taphrastes
2559 5435 2770 5510 Vitas.
2796 5438 3103 5510 iChrysost.
3135 5438 3260 5492 397.
3286 5439 3372 5510 37.
3401 5437 3644 5502 ὑπακοήν
3679 5437 3843 5510 ἀπρο-

2192 5510 2566 5580 φασίστονλθι
2611 5508 2910 5564 Palladius
2974 5511 3099 5563 Vita
3157 5508 3424 5580 ejusdem
3457 5511 3544 5572 36,
3577 5515 3634 5564 Ο.
3668 5508 3841 5578 ἀπρο-

2186 5577 2440 5652 φάσιστον
2475 5577 2667 5649 ἀκοήν,
2694 5588 3010 5651 promptam
3068 5577 3452 5652 auditionem:
3503 5598 3646 5643 non,
3679 5577 3838 5636 aures

2184 5651 2380 5706 amisso
2404 5655 2553 5706 omni
2573 5659 2855 5722 praetextu
2897 5651 3338 5722 accommodate,
3370 5656 3435 5706 ut
3463 5653 3637 5707 vertit
3666 5653 3836 5719 Bigo-

2184 5723 2322 5778 tius.
2355 5721 2554 5779 Possis
2573 5720 2764 5778 etiam
2793 5723 3044 5793 (Opinor)
3074 5722 3189 5778 huc
3216 5720 3438 5780 referre
3469 5722 3667 5780 locum
3698 5721 3834 5780 Phi-

4178 4613 4180 4724 γ
