4186 6308
466 386 584 447 835

1834 369 2130 434 LEONIS
2175 368 2502 432 DlACUNI

3771 379 3890 439 836

469 519 718 591 Antigus
742 518 1002 579 vocatur,
1025 512 1226 582 fugere
1265 509 1457 580 coapit.
1519 507 1583 563 Id
1614 505 1946 571 castellum,
2004 502 2095 557 for

2240 499 2414 577 λάθρα
2437 507 2535 558 τοῦ
2555 506 2796 580 χάρακος
2836 503 3018 575 ἔξεισι,
3068 504 3160 560 καὶ
3191 506 3291 574 τήν
3351 505 3442 560 ἐπὶ
3503 507 3570 560 τὸ
3631 509 3739 560 τῶν
3793 513 3889 563 Τυ-

463 616 626 664 tunae
677 601 1141 660 inconstantiam
1173 615 1404 665 verens,
1431 598 1555 669 jam
1601 596 1824 651 dudum
1856 610 2115 649 commu-

463 700 678 764 nierat,
714 691 1102 764 comportatis
1134 706 1202 744 eo
1234 688 1533 742 frumento
1557 692 1615 741 et
1643 686 1932 756 cujusque
1955 683 2115 739 modi

461 785 982 843 alimentis.Locus
1013 785 1233 846 autem,
1267 794 1384 848 quo
1417 778 1477 831 in
1512 775 1642 830 loco
1678 775 1879 830 Bardaa
1905 774 2114 828 Phocm

465 877 758 932 exercitus
812 872 1080 941 dilapsus
1139 872 1245 932 est,
1328 865 1639 920 Bardaetta
1696 864 2118 918 nominabatur

464 964 993 1036 antiquitus.lnter
1022 960 1148 1013 haec
1163 957 1380 1012 Bardas
1413 956 1712 1027 magister,
1747 955 1953 1008 Phocea
1981 954 2116 1024 fuga

461 1056 714 1127 cognita.
751 1052 1050 1123 profectus
1081 1064 1218 1101 cum
1253 1046 1423 1100 lectis
1472 1044 1774 1114 equitibus
1801 1043 2113 1098 confestim

463 1151 550 1200 est
580 1141 1263 1206 insecutusQuanquam
1291 1136 1446 1188 hunc
1481 1133 1720 1203 quidem
1754 1139 1962 1186 nactus
1992 1148 2111 1185 non

461 1240 568 1292 est.
594 1231 748 1302 quod
783 1231 842 1284 in
867 1227 1178 1284 castellum
1229 1229 1580 1295 pervenerat
1619 1221 1937 1277 incolumis
1971 1238 1984 1274 :
2045 1237 2112 1275 ex

457 1321 784 1393 conjuratis
815 1325 1014 1374 autem
1041 1321 1335 1387 quotquot
1367 1313 1628 1383 captivos
1653 1313 1812 1377 fecit,
1866 1310 2109 1364 lumini-

457 1414 567 1467 bus
597 1411 862 1483 privavit,
897 1408 1050 1460 sicut
1098 1410 1226 1459 erat
1265 1403 1348 1456 illi
1410 1402 1481 1456 ab
1538 1402 1892 1472 imperatore
1944 1417 2109 1454 man-

458 1505 682 1559 datum.
739 1502 1040 1568 Locusque
1096 1495 1155 1549 in
1188 1511 1303 1565 quo
1338 1493 1573 1548 miseris
1607 1509 1716 1544 usu
1748 1491 1906 1544 venit
1953 1491 2112 1562 ejus-

454 1593 615 1647 modi
649 1591 983 1652 calamitas,
1021 1585 1160 1640 inde
1191 1584 1411 1638 dicitur
1439 1581 1885 1652 Typhlovivaria
1907 1579 2110 1650 appel-

453 1682 717 1746 lari.Qua
746 1681 807 1732 in
839 1694 902 1731 re
936 1675 1140 1730 mirari
1175 1672 1352 1736 subit,
1381 1670 1908 1742 quemadmodum,
1942 1670 2109 1740 quasi

453 1770 711 1841 quodam
746 1767 1034 1822 instinctu
1088 1763 1252 1828 moti,
1293 1761 1504 1814 vetusti
1566 1759 1849 1814 mortales
1891 1765 2024 1829 apte
2053 1765 2108 1812 et

2224 591 2430 664 ράννων
2483 593 2530 629 ⁸⁸
2586 595 2696 668 (60)
2753 595 3010 670 φρούριον
3100 594 3356 668 ἄγουσαν,
3405 594 3438 648 δ
3473 596 3761 668 Ἀντιγοῦς
3803 597 3892 652 κέ-

2222 678 2447 750 κληται,
2481 679 2590 756 ᾔει·
2627 687 2712 756 [Ρ.
2752 687 2842 756 75]
2897 685 3053 753 ὅπερ,
3109 685 3172 738 τὸ
3220 691 3322 753 τῆς
3373 684 3561 758 τύχης
3611 682 3886 758 παλίμϐο-

2223 769 2320 825 λον
2383 772 2756 849 ὑφορώμενος,
2813 773 2872 829 ἐκ
2921 773 3137 830 πολλοῦ
3196 773 3558 849 ἐκρατύνατο,
3623 782 3779 830 σῖτον
3835 777 3883 832 ἐν

2220 861 2484 933 αὐτῷκαὶ
2531 862 2883 933 παντοδαπὴν
2945 864 3110 940 χιλὸν
3169 863 3772 939 ἐπιδαψιλευσάμενος.
3831 870 3887 926 Ὁ

2222 948 2278 1006 δέ
2308 952 2637 1027 χῶρος,’ίνα
2661 959 2741 1025 τῷ
2801 959 2968 1025 Φωκᾷ
3022 952 3197 1029 Βάρδᾳ
3255 956 3282 1009 ὁ
3324 957 3710 1028 συνασπισμὸς
3772 955 3885 1012 82a-

2223 1039 2445 1110 λέλυτο,
2477 1041 2799 1117 Βαρδάηττα
2830 1042 3080 1098 ἐκαλεῖτο
3112 1046 3158 1080 ⁴⁹
3209 1046 3491 1108 ἀνέκαθεν.
3561 1043 3780 1120 Βάρδας
3836 1045 3886 1103 δὲ

2220 1132 2247 1184 ὁ
2309 1131 2714 1205 στρατηλάτης,
2771 1133 2864 1187 τὸν
2928 1131 3168 1205 δρασμὸν
3225 1133 3486 1207 διαγνοὺς
3538 1139 3640 1188 τοῦ
3700 1143 3882 1203 Φωκᾶ,

2219 1221 2430 1292 σύναμα
2464 1219 2689 1297 λογάσιν
2734 1221 3188 1294 ἐξιππασάμενος,
3249 1220 3356 1278 ἔθει
3416 1221 3670 1282 διώκων,
3735 1225 3884 1282 Ἀλλ’

2218 1310 2386 1362 αὐτοῦ
2449 1311 2540 1381 μὲν
2599 1308 2917 1384 διήμαρτεν,
2969 1309 3078 1380 ἤδη
3137 1317 3216 1381 τῷ
3267 1314 3525 1390 φρουρίῳ
3587 1314 3884 1378 ἀνασωθέν-

2215 1418 2327 1459 τος·
2405 1403 2512 1453 τῶν
2629 1398 2685 1454 δὶ
2745 1400 2942 1454 τούτου
3001 1407 3328 1471 συνωμοτῶν
3414 1404 3591 1464 δσοῢς
3657 1403 3886 1478 ζωγρίας

2218 1485 2430 1564 εἷ’Ληφε,
2465 1493 2572 1542 τῶν
2635 1489 2940 1566 ὀφθαλμῶν
2993 1490 3348 1563 ἀπεστέρησε,
3405 1489 3882 1566 προστεταγμένον

2216 1576 2353 1650 πρὸς
2391 1576 2660 1650 βασιλέως
2717 1575 2860 1634 ἔχων
2919 1577 3070 1635 αὐτό.
3130 1579 3356 1655 Λέγεται
3407 1579 3467 1634 δὲ
3521 1581 3590 1635 τὸ
3653 1583 3882 1655 χωρίον,

2211 1663 2304 1719 ’ἱνα
2332 1672 2448 1727 τοῖς
2479 1665 2694 1728 ἀθλίοις
2725 1669 2787 1721 τὸ
2809 1666 3056 1722 τοιοῦτον
3089 1663 3281 1737 συνέϐη
3334 1670 3633 1743 ἀτύχημα,
3668 1670 3882 1747 Ίύφλο-

2217 1750 2441 1830 ϐιϐάρια
2472 1755 2854 1828 ὀνομάζεσθαι.
2900 1759 3133 1833 Ἔμοιγε
3165 1757 3254 1812 οὗν
3316 1757 3495 1812 ἔπεισι
3561 1759 3880 1830 θαυμάζειν,

2405 1403 2512 1453 τῶν

455 1859 882 1914 convenienter
915 1872 983 1910 ex
1004 1870 1204 1909 rerum
1237 1857 1448 1906 eventu
1472 1850 1717 1904 nomina
1735 1849 1880 1904 locis
1898 1865 2097 1920 posue-

2215 1844 2364 1905 ὅπως
2399 1845 2449 1915 ἐξ
2482 1845 2771 1908 ἐπιπνοίας
2801 1847 2950 1907 τινὸς
2976 1847 3031 1900 οἱ
3063 1845 3232 1900 πά)αι
3291 1847 3618 1920 κινούμενοι
3671 1848 3881 1917 ἅνθρω-

453 1947 830 2018 rint.Quippe
863 1944 1112 1999 etLeoni
1148 1942 1600 2011 Phocm,patruo
1631 1955 1845 2010 magno
1879 1937 2102 2003 Bardas,

452 2037 656 2092 oculos
684 2034 1010 2090 crudeliter
1027 2037 1225 2086 erutos
1259 2046 1387 2085 esse
1419 2027 2101 2099 perhibent.locumque,

451 2127 550 2181 ubi
585 2142 820 2197 poenam
852 2123 1017 2178 illam
1051 2120 1315 2176 subierit.
1357 2117 1644 2173 Oeleonta
1674 2122 2104 2186 nuncupatum,

455 2216 744 2270 Goleonta
775 2213 990 2286 agresti
1023 2208 1454 2266 consuetudine
1483 2206 1697 2260 vocari.
1732 2207 1817 2260 Ita
1839 2205 1966 2260 loca
1996 2222 2104 2275 pu-

451 2306 753 2359 nitionum
787 2301 1120 2372 antiquitus
1154 2299 1295 2353 talia
1326 2297 1571 2351 nomina
1597 2296 1968 2349 invenerunt.
1998 2296 2106 2349 Ne-

449 2412 564 2466 que
596 2395 702 2449 abs
733 2410 797 2448 re
822 2393 1075 2446 fortasse
1099 2388 1412 2453 videbitur,
1449 2387 1496 2440 si
1528 2402 1645 2455 quo
1705 2389 1875 2455 pacto
1928 2400 2108 2439 excas-

449 2490 614 2540 catus
644 2483 826 2537 fuerit
856 2482 989 2548 Leo,
1024 2479 1085 2532 in
1110 2477 1364 2532 transitu
1392 2475 1896 2529 demonstravero.

2214 1953 2307 1987 ποι
2357 1933 2464 1987 ἀπὸ
2516 1937 2615 2002 τῆς
2662 1939 2769 1989 τῶν
2821 1936 3161 2011 πραγμάτων
3233 1932 3510 1998 ἐκϐάσεως
3567 1934 3880 2010 προσηκόν-

2210 2045 2318 2085 τως
2371 2025 2461 2078 καὶ
2509 2024 2882 2095 καταλλήλως
2940 2027 3035 2087 τὰς
3083 2027 3462 2102 προσηγορίας
3513 2033 3638 2091 τοῖς
3693 2027 3878 2090 τόποις

2218 2113 2484 2177 ἐτίθεσαν.
2521 2115 2674 2172 Ἐπεὶ
2699 2112 2915 2191 λέγεται
2949 2117 3036 2169 καὶ
3094 2115 3302 2170 Λέοντα
3356 2119 3451 2171 τὸν
3517 2123 3748 2185 Φωκᾶν,
3795 2118 3882 2172 τὸν

2217 2203 2354 2279 πρὸς
2386 2205 2691 2259 πάππου⁵⁰
2739 2208 2882 2260 θεῖον
2943 2211 3038 2260 τοῦ
3103 2205 3298 2280 Βάρδα,
3355 2209 3492 2269 τοὺς
3557 2206 3880 2285 ὀφθαλμοὺς

2218 2293 2515 2363 ἐκκοπῆναι
2547 2293 2816 2364 ἀνηλεῶς,
2849 2295 3208 2366 ὀνομάζεσθαι
3268 2294 3325 2351 δὲ
3374 2297 3472 2350 τὸν
3509 2302 3722 2371 χῶρον,
3769 2297 3878 2350 καθ’

2216 2381 2272 2438 δν
2305 2385 2405 2451 τήν
2436 2383 2694 2454 τοιαύτην
2730 2385 2928 2454 ὑπέστη
2963 2386 3180 2453 ποινὴν,
3225 2384 3560 2456 Ὠηλέοντα,
3622 2387 3759 2461 πρὸς
3814 2383 3868 2440 δὲ

2212 2479 2312 2540 τῆς
2343 2473 2673 2549 ἀγροικικῆς
2707 2469 2978 2534 ἰδιωτείας
3007 2473 3307 2541 κεκλῆσθαι
3355 2474 3672 2530 Γωλέοντα.
3711 2473 3878 2532 Ἀλλᾶ

454 2573 524 2626 τά
557 2571 648 2642 μὲν
680 2574 788 2624 τῶν
820 2569 1014 2622 τίσεων
1041 2565 1222 2639 χωρία
1250 2563 1506 2622 τοιαύτας
1533 2560 1777 2625 ἀνέκαθεν
1802 2562 1897 2622 τὰς
1929 2559 2240 2632 ἐπωνυμίας
2266 2560 2576 2631 εἷλήφεσαν.
2601 2561 2679 2619 Οὐ
2709 2561 2980 2635 παρέλκον
3036 2561 3094 2617 δὲ
3148 2561 3282 2626 ἴσως
3338 2561 3486 2633 δόξει
3544 2565 3612 2619 τὸ
3652 2564 3740 2618 καὶ
3770 2565 3855 2617 τὸν

453 2660 654 2732 τρόπον
683 2665 783 2728 τῆς
814 2661 911 2711 τοῦ
943 2657 1176 2715 Λέοντος
1208 2651 1602 2728 ἐκτυφλώσεως
1632 2651 1766 2705 κατᾶ
1797 2646 2157 2724 παραδρομὴν
2190 2649 2434 2719 ἐξειπεῖν.

525 2764 574 2813 7.
613 2761 723 2814 Leo
755 2759 1078 2827 imperator
1131 2770 1263 2809 cum
1312 2751 1445 2807 tabe
1493 2755 1881 2821 consumptus
1940 2749 2097 2805 diem

454 2867 627 2905 suum
652 2847 920 2912 obiisset,
974 2843 1326 2906 Alexander,
1361 2841 1514 2896 I28
1545 2839 1726 2895 frater
1784 2840 1931 2910 ejus,
1965 2843 2102 2910 post

450 2955 585 2993 eum
616 2939 757 2991 item
784 2952 855 2989 ex
885 2935 996 2988 hac
1019 2933 1135 2987 vita
1165 2931 1494 3002 migrasset,
1534 2928 1852 3000 imperium
1901 2933 2100 2983 autem

448 3030 777 3082 Romanum
811 3023 918 3078 sub
955 3023 1086 3092 ejus
1114 3021 1236 3075 ﬁlio
1269 3017 1676 3080 Constantino,
1725 3017 1882 3071 inter
1910 3017 2100 3070 nutri-

447 3133 544 3170 ces
567 3116 880 3170 etiamtum
909 3114 1203 3175 versante,
1237 3110 1469 3178 Zoeque
1492 3109 1772 3175 Augusta,
1805 3121 1926 3160 non
1973 3106 2102 3158 sine

2281 2750 2339 2817 ζ’.
2374 2750 2528 2822 Ἀρτι
2585 2753 2682 2804 τοῦ
2739 2749 3135 2824 αὐτοκράτορος
3197 2753 3424 2811 Λέοντος
3485 2753 3601 2826 (61)
3659 2747 3866 2828 φθινάδι

2208 2838 2352 2910 νόσῳ
2408 2842 2516 2892 τῶν
2594 2834 2738 2892 ἔνθεν
2807 2841 3261 2911 μεταναστάντος,
3322 2839 3413 2893 καὶ
3484 2837 3862 2912 Ἀλεξάνδρου,

2209 2931 2306 2982 τοῦ
2331 2927 2498 2982 αὑτοῦ
2529 2927 2815 3000 συναίμου,
2877 2928 3107 2982 κατόπιν
3163 2929 3352 3000 ἐκείνῳ
3412 2927 3865 2995 συναπελθόντος,

2210 3023 2310 3084 τῆς
2397 3014 2454 3070 δὲ
2512 3017 2828 3090 Ῥωμαϊκῆς
2888 3019 3068 3092 ἀρχῆς
3125 3014 3265 3092 πρὸς
3317 3039 3375 3073 τε
3431 3016 3862 3084 Κωνσταντίνου,

2211 3110 2314 3159 τοῦ
2335 3106 2737 3178 τίθηνουμένου
2769 3103 2963 3170 παιδὸς
2993 3106 3179 3176 αὐτοῦ,
3237 3107 3328 3162 καὶ
3381 3114 3491 3176 τῆς
3551 3107 3863 3184 Δύγούστης

446 3204 797 3260 difﬁcultate
862 3200 1403 3262 administraretur,
1481 3194 1719 3249 Simeon
1788 3195 2097 3248 Maasorum

2216 3201 2389 3263 Ζωῆς,
2424 3193 2740 3270 ἐπισφαλῶς
2797 3194 3121 3272 φερομένης,
3183 3195 3434 3271 Συμεὼν,
3511 3198 3540 3251 ὁ
3591 3179 3703 3252 τῶν
3751 3197 3865 3252 Mo-

445 3295 744 3366 princeps,
776 3292 952 3345 homo
988 3288 1179 3342 audax
1210 3286 1488 3355 belloque
1518 3283 1795 3344 fervidus,
1823 3283 1950 3354 jam
1978 3283 2098 3353 pri-

443 3383 579 3438 dem
595 3384 683 3437 ira
700 3380 980 3435 incitatus
997 3375 1556 3448 expeditionemque
1575 3379 1784 3427 contra
1801 3374 2100 3427 Romanos

443 3471 719 3533 moliens,
753 3476 893 3524 tunc
927 3465 1431 3539 Opportunitatem
1458 3468 1668 3518 nactus
1691 3461 2093 3517 Macedoniam

440 3561 868 3630 Tbraciamque
896 3555 1167 3629 populari
1201 3571 1321 3608 non
1355 3552 1878 3622 intermisitzquin
1895 3551 2091 3619 etiam,

440 3651 711 3723 Scythica
768 3655 827 3704 et
884 3651 1169 3702 consueta
1221 3642 1484 3698 amentia
1541 3641 1752 3706 elatus,
1799 3643 2095 3696 Romanos

439 3741 861 3811 imperatorem
895 3752 1024 3792 sese
1054 3734 1397 3790 renuntiare
1422 3731 1623 3802 juSsit,
1677 3731 1766 3792 Hi.
1827 3736 2092 3802 apertam

436 3829 821 3883 insolentiam
871 3826 1099 3898 Scythas
1160 3829 1336 3894 atque
1393 3821 1792 3893 arrogantiam
1845 3819 2091 3874 minime

436 3919 893 3985 ferentes,arma
921 3929 1155 3969 sumere
1175 3913 1454 3967 adversus
1478 3927 1611 3965 eum
1628 3910 2086 3965 constituerunt.

430 4011 639 4078 Itaque
692 4009 947 4061 Leonem
998 4004 1279 4065 Phocam,
1321 4001 1537 4054 virtute
1597 4005 1773 4070 atque
1829 3998 2090 4053 victoriis

433 4103 650 4170 praeter
672 4102 918 4150 caeteros
950 4099 1072 4146 tum
1097 4091 1276 4144 duces
1299 4089 1708 4153 excellentem,
1731 4087 1916 4157 copiis
1937 4104 2089 4157 prm-

431 4187 654 4242 fectum
671 4183 1074 4239 Domesticum
1126 4179 1461 4234 scholarum
1505 4177 2084 4232 declarantzﬂoma-

434 4291 578 4332 num
614 4272 880 4347 igniferis
904 4268 1247 4325 triremibus
1269 4282 1522 4339 praeesse
1545 4265 1766 4336 jubent
1793 4266 2085 4336 (Drunga-

434 4366 590 4421 rium
615 4363 699 4418 rei
726 4360 952 4417 navalis
975 4363 1240 4413 evectum
1273 4356 1346 4412 ad
1373 4356 1431 4410 id
1470 4354 1789 4426 imperium
1804 4355 2034 4420 vocant)
2067 4369 2082 4410 :

432 4455 685 4511 alterum
704 4457 770 4506 ut
791 4455 968 4516 terra,
1001 4447 1255 4503 alterum
1304 4450 1369 4500 ut
1407 4444 1556 4499 mari
1606 4444 1814 4498 Maasos
1844 4443 2085 4497 invade-

2207 3288 2316 3337 σῶν
2349 3283 2621 3358 ἀρχηγὸς,
2676 3284 2814 3358 ἀνὴρ
2871 3283 3178 3356 τολμητίας
3224 3285 3315 3339 καὶ
3387 3285 3738 3361 θερμουργὸς
3792 3283 3854 3336 τὰ

2205 3370 2505 3445 πολεμικὰ,
2539 3372 2710 3427 πάλαι
2739 3371 3050 3451 σφαδάζων,
3081 3376 3168 3428 καὶ
3229 3376 3327 3443 τήν
3382 3376 3527 3430 κατὰ
3571 3371 3852 3447 Ῥωμαίων

2210 3461 2398 3539 μάχην
2431 3459 2665 3530 ὠδίνων,
2699 3462 2974 3534 εὐκαιρίας
3013 3461 3364 3537 δραξάμενος,
3428 3463 3722 3534 λεηλατῶν
3764 3461 3861 3515 οὐκ

2208 3553 2332 3624 ἀνίη
2368 3552 2710 3612 Μακεδονίαν
2751 3555 2840 3609 καὶ
2899 3555 3136 3629 Θρᾴκην·
3191 3555 3267 3618 είς
3324 3556 3590 3610 ἀπόνοιάν
3651 3575 3709 3609 τε
3761 3553 3854 3618 τήν

2206 3645 2480 3712 Σκυθικὴν
2507 3645 2597 3698 καὶ
2658 3647 2860 3714 συνήθη
2909 3644 3182 3718 ἐπαρθεὶς,
3244 3644 3623 3718 αὐτοκράτορα
3680 3640 3855 3697 ἑαυτὸν

2201 3732 2590 3804 ἀνακηρύττειν
2623 3734 2921 3806 Ῥωμαίοις
2967 3733 3232 3790 ἐκέλευεν.
3291 3735 3357 3790 Οἱ
3408 3731 3490 3806 δὲ,
3550 3733 3650 3800 τήν
3710 3732 3855 3786 ’ὑπαι-

2203 3833 2330 3893 θρον
2362 3821 2682 3892 ἀλαζονείαν
2713 3825 2801 3877 καί
2854 3818 3009 3898 ὓϐριν
3042 3828 3140 3878 τοῦ
3172 3823 3381 3887 Σκύθου
3444 3825 3525 3894 μὴ
3584 3823 3848 3898 φέροντες,

2196 3910 2262 3964 τὰ
2291 3909 2436 3965 ὃπλα
2467 3917 2632 3965 κινεῖν
2661 3913 2778 3965 κατ’
2809 3911 2974 3966 αὐτοῦ
3025 3909 3282 3988 ἔγνωσαν.
3357 3911 3458 3967 Καὶ
3525 3907 3591 3979 δὴ
3655 3907 3846 3964 Λέοντα

2195 4000 2288 4053 τὸν
2339 4005 2560 4067 Φωκᾶν,
2619 3999 2834 4071 ἀνδρείᾳ
2891 4001 2982 4055 καὶ
3045 4001 3333 4074 τροπαίοις
3385 4001 3689 4070 τηνικαῦτα
3745 3998 3844 4048 τῶν

2199 4093 2408 4141 λοιπῶν
2438 4094 2755 4165 στρατηγῶν
2794 4087 3184 4168 ὑπερφέροντα,
3217 4090 3463 4165 ἀρχηγὸν
3532 4090 3631 4156 τῆς
3690 4103 3843 4158 στρα-

2195 4181 2316 4238 τιᾶς
2375 4180 2817 4252 προστησάμενοι
2873 4179 2962 4232 καὶ
3023 4178 3354 4250 Δομέστικον
3439 4183 3552 4232 τῶν
3627 4173 3840 4248 σχολῶν

2195 4266 2818 4339 ἀνειπόντεςῬωμανὸν
2879 4265 2958 4334 δὲ,
3016 4272 3124 4322 τῶν
3182 4266 3439 4341 ἐμπύρων
3520 4270 3656 4320 νεῶν
3710 4279 3840 4335 προ-

2197 4356 2572 4430 χειρισάμενοι
2615 4356 2889 4430 ναύαρχον
2953 4353 3344 4433 (δρουγγάριον
3402 4359 3514 4409 τῶν
3571 4352 3836 4420 πλωῒμων

2191 4445 2283 4498 τὸν
2315 4443 2391 4507 εἷς
2417 4444 2515 4512 τὴν
2565 4445 2824 4515 τοιαύτην
2884 4444 3184 4524 ἀφιγμένον
3237 4445 3416 4520 ἀρχὴν
3467 4436 3836 4524 ὀνομάζουσι)·

427 4549 538 4611 ret,
573 4542 836 4598 mittunt.
875 4539 960 4593 lbi
995 4538 1270 4604 Leonem,
1305 4539 1618 4607 postquam
1654 4532 1980 4603 transjectu
2005 4531 2085 4587 fa-

2209 4534 2283 4589 :ov
2317 4533 2414 4606 μὲν
2447 4531 2505 4587 ἐκ
2535 4540 2662 4610 γῆς,
2695 4535 2785 4588 τὸν
2846 4531 2903 4589 δὶ
2935 4523 3004 4588 ἐκ
3059 4531 3359 4602 θαλάσσης,
3422 4537 3632 4595 Μυσοῖς
3681 4523 3840 4611 ἐπιτίέ

427 4639 521 4688 cto
554 4633 813 4688 Mmsiam
845 4629 1149 4701 ingressus
1177 4629 1354 4691 esset,
1387 4623 1604 4678 acriter
1621 4621 1821 4676 ferunt
1843 4621 2077 4692 praalia-

427 4728 576 4788 tum,
603 4727 780 4792 atque
811 4715 1311 4772 innumerabilem
1337 4710 1783 4768 multitudinem
1814 4710 2078 4765 hostium

425 4811 781 4875 concidisse,
818 4809 963 4864 adeo
987 4813 1054 4862 ut
1083 4807 1341 4867 Simeon,
1375 4819 1590 4875 magna
1621 4801 1853 4856 consilii
1878 4800 2082 4872 inOpia

427 4903 698 4957 affectus.
723 4915 831 4954 nec
873 4897 1015 4968 quid
1047 4897 1286 4957 faceret,
1312 4893 1578 4961 haberet,
1611 4909 1721 4946 nec
1755 4908 1868 4962 quo
1903 4891 2080 4947 modo

430 4991 766 5060 etl‘ugerete
799 4986 1076 5041 manibus
1133 4983 1301 5038 ducis
1351 4983 1523 5037 fortis
1579 4981 1726 5037 adeo
1761 4987 1820 5036 et
1855 4981 2079 5036 invicti.

425 5081 552 5136 Jam
576 5095 710 5134 cum
743 5076 938 5132 caeteri
973 5089 1208 5146 quoque
1233 5071 1392 5127 Moesi
1419 5072 1616 5126 animo
1640 5071 1870 5142 abjecto
1884 5069 2082 5143 fugam

2191 4623 2373 4676 θεσθαι
2405 4623 2790 4696 προῦπεμψαν.
2845 4624 3220 4699 Περαιωθέντα
3277 4619 3335 4676 δὲ
3371 4622 3462 4676 τὸν
3499 4623 3704 4678 Λέοντα
3750 4610 3835 4669 καὶ

2187 4713 2287 4779 τήν
2339 4711 2542 4767 Μυσίαν
2607 4711 2981 4790 κατειληφότα
3036 4713 3162 4790 φασί
3214 4710 3458 4771 ἐκτόπως
3514 4703 3835 4784 διαγωνίσα-

2189 4803 2330 4869 σθαι,
2366 4803 2451 4871 [Ρ.
2487 4805 2576 4872 ’76]
2607 4801 2695 4854 καὶ
2758 4801 3102 4876 ἀναρίθμητα
3160 4799 3349 4869 πλήθη
3404 4794 3828 4868 κατακόψαιτῶν

2191 4887 2491 4962 δυσμενῶν,
2525 4891 2597 4952 ὡς
2634 4889 2725 4944 τὸν
2786 4891 3012 4963 Συμεὼν
3066 4889 3142 4950 είς
3203 4889 3430 4962 ἀπορίαν
3488 4882 3826 4943 συνελαθῆναι

2192 4975 2395 5051 δεινὴν,
2437 4980 2523 5033 καὶ
2585 4979 2896 5058 ἀμηχανεῖν
2953 4980 2982 5032 ὅ
3039 4999 3091 5032 τι
3139 4977 3229 5032 καὶ
3290 4974 3486 5052 δράσῃ,
3543 4973 3632 5030 καὶ
3687 4970 3828 5024 ὅπως

2193 5067 2403 5144 ἐκφύγῃ
2437 5066 2581 5124 οὕτω
2609 5053 2808 5145 θρασὺν
2839 5066 3001 5144 ἄνδρα
3049 5069 3139 5123 καὶ
3172 5069 3628 5143 ἀκαταγώνιστον.
3689 5053 3823 5122 Ἤδη

1626 5221 1688 5276 C.
1731 5223 1794 5277 Β.
1838 5221 2028 5278 HASII
2063 5221 2622 5280 ANNOTATIONES.

491 5359 537 5395 ⁸⁸
609 5359 720 5411 τῶν
772 5351 1072 5425 Τυράννων.
1133 5347 1435 5404 Cedrenus
1491 5350 1562 5415 ΙΙ,
1643 5350 1768 5418 670,
1831 5350 1870 5400 C
1947 5347 2009 5401 τὸ
2082 5349 2097 5404 '.

2209 5345 2411 5402 οποιόν.
2473 5348 2518 5383 ⁵ο
2598 5343 2868 5402 ἐκαλεῖτο.
2942 5349 3102 5403 Fort.
3165 5343 3438 5400 καλεῖται.
3496 5345 3544 5380 ⁸⁸
3616 5337 3825 5392 πάππον

425 5431 533 5488 cod

495 5547 604 5617 (60)
653 5547 1003 5617 Tyropteum
1044 5543 1284 5617 vocatur
1331 5556 1366 5594 a
1397 5537 1710 5617 _§edreno,
1760 5539 1888 5590 tum
1947 5535 2076 5592 loco

426 5608 606 5696 quem
636 5608 819 5696 attuli
841 5615 901 5673 in
922 5611 1214 5696 margine,
1240 5617 1364 5666 tum
1397 5608 1464 5664 ΙΙ.
1502 5609 1721 5696 699ηβ.

493 5693 611 5766 (61)
641 5691 724 5751 De
745 5688 856 5749 hac
885 5677 1087 5745 clade"
1109 5685 1537 5748 Romanorum,
1593 5694 1727 5756 qua)
1775 5677 1994 5740 accidit
2017 5695 2074 5742 ι.

2258 5540 2383 5601 917,
2420 5537 2750 5608 Leonisque
2776 5535 2988 5608 Pbocm
3019 5534 3370 5608 rebellione,
3403 5533 3534 5608 vide
3565 5525 3725 5583 Cedr.
3758 5517 3820 5572 ll-

2259 5610 2383 5662 613.
2420 5609 2480 5662 Β.
2517 5612 2575 5663 et
2613 5606 2750 5680 Pagi
2783 5606 2855 5662 ad
2886 5608 3098 5663 Baron.
3136 5608 3232 5662 ΙΙΙ.
3258 5607 3385 5661 811.
3419 5606 3478 5660 C.
