4190 6322
340 412 462 473 837

1626 401 2024 466 HISTORLﬁ
2065 399 2214 461 LIB.
2258 397 2392 460 VII.

3633 403 3754 465 838

343 542 403 600 δὲ
433 542 522 598 καὶ
553 547 661 597 τῶν
693 539 879 598 ἄλλων
911 539 1286 616 ἀπειρηκότων
1315 543 1514 595 Μυσῶν
1544 537 1636 593 καὶ
1691 538 1829 610 πρὸς
1889 557 1991 612 φυ-

2110 532 2697 598 meditarentur,ecce
2730 549 2764 588 a
2795 532 3052 603 quodam
3076 549 3106 588 e
3129 534 3333 590 schola
3353 541 3756 607 protectorum

345 631 567 710 γαδείαν
619 632 992 706 τρεπομένων,
1052 629 1305 704 ἀγγελίαν
1366 629 1502 702 πρός
1556 648 1704 690 τινος
1785 626 1999 699 λέγεται

348 729 456 778 τῶν
489 723 837 776 ὑπασπιστῶν
871 720 1224 794 ἀνενεχθῆναι
1255 723 1334 790 τῷ
1386 717 1602 786 Λέοντι,
1638 717 1711 777 ὡς
1743 717 1771 770 ὁ
1803 712 1998 790 δρουγ-

349 809 843 885 γάριοςῬωμανὸς
897 810 1082 870 αὐτοῖς
1138 806 1330 868 ἱστίοις
1388 806 1616 881 ἀπάρας,
1673 804 1809 858 κατά
1865 801 2003 875 πρύ-

353 922 487 973 μναν
547 899 842 971 ἱσταμένου
916 902 1015 951 τοῦ
1069 896 1399 964 πνεύματος,
1455 892 1618 970 ἔρωτι
1683 890 1998 966 τυραννίδος

344 987 612 1044 ἀποπλέει
646 988 721 1049 είς
748 989 810 1042 τὸ
841 988 1162 1056 Βυζάντιον.
1203 987 1305 1041 Τὸν
1366 983 1442 1055 δὲ,
1498 990 1579 1056 τῷ
1631 984 1870 1056 ἀπαισίῳ
1899 985 1998 1051 τῆς

346 1077 609 1156 ἀγγελίας
642 1075 1108 1152 περιαλγήσαντα,
1169 1073 1422 1130 διαλῦσαί
1477 1095 1536 1129 τε
1590 1075 1682 1128 τὸν
1753 1092 2002 1126 συνασπι-

345 1169 510 1240 σμὸν,
590 1167 701 1233 καὶ,
763 1169 908 1219 νῶτα
965 1170 1082 1227 τοῖς
1172 1167 1386 1226 Μυσοῖς
1462 1161 1640 1231 δόντα,
1697 1161 2000 1236 ἐπείγεσθαι

349 1257 490 1330 πρός
517 1256 615 1324 τήν
671 1253 1083 1331 βασιλεύουσαν,
1145 1254 1196 1308 εἷ’
1249 1274 1366 1314 πως
1421 1253 1512 1307 τὸν
1562 1255 1659 1307 τοῦ
1715 1252 2000 1324 Ῥωμανοῦ

348 1347 680 1419 προτερήσοι
714 1341 1002 1412 ἐπίπλουν,
1032 1344 1118 1397 καὶ
1179 1347 1277 1408 τῆς
1333 1343 1645 1414 Ῥωμαϊκῆς
1703 1341 1999 1413 ἡγεμονίας

347 1434 618 1510 ἐγκρατής
672 1433 904 1508 γένοιτο.
965 1433 1070 1488 Τὸν
1129 1429 1185 1486 δὲ
1271 1432 1517 1504 Συμεὼν,
1591 1431 1692 1498 τὴν
1757 1429 1998 1506 ἀπροφάο

343 1545 527 1578 σιστον
561 1523 650 1578 καὶ
700 1522 1006 1577 ἀλλόκοτον
1070 1519 1252 1576 ἰδόντα
1309 1520 1596 1593 Ῥωμαίων
1655 1520 1852 1596 φυγήν,
1913 1517 1997 1572 ἐνο

343 1614 557 1670 δοιάσαι
594 1613 689 1685 μὲν
751 1611 803 1674 ές
870 1611 933 1666 τὸ
990 1609 1312 1686 παραυτίκα,
1351 1612 1509 1683 μήτι
1557 1607 1996 1682 σκαιωρούμενον

347 1702 458 1774 εἴη,
517 1703 606 1756 καὶ
666 1697 894 1775 ὄλεθρος
945 1703 1154 1762 Μυσοῖς
1217 1698 1601 1772 ἐπισπομένοις
1689 1696 1996 1773 ἐγγένηται·

351 1796 591 1869 μαθόντα
623 1793 681 1850 δὲ
712 1795 811 1848 ἀνὰ
860 1795 1056 1867 κράτος
1112 1792 1326 1870 φεύγειν
1385 1791 1603 1861 αὐτοὺς,
1660 1788 1880 1854 ’έπεσθαί
1938 1809 1997 1843 τε

339 1888 430 1941 καὶ
465 1888 658 1958 ἄπειρα
690 1883 879 1954 πλήθη
915 1882 1180 1960 συγκόψαι
1223 1881 1492 1952 ἀνηλεῶς.
1559 1882 1662 1936 Καὶ
1727 1885 1816 1933 νῦν
1853 1879 1993 1934 ἔστιν

342 1978 474 2048 ὁρᾷν
505 1973 666 2028 εἰσέτι
698 1974 929 2045 σωρείας
965 1974 1136 2026 ὁστῶν
1181 1973 1224 2009 ⁵1
1274 1971 1419 2045 παρά
1465 1971 1563 2038 τὴν
1596 1968 1895 2045 ’Δγχίαλον
1928 1970 1992 2040 ⁵³,

343 2065 466 2119 καθ’
496 2062 562 2132 ἢν
595 2062 807 2125 ἀκλεῶς
837 2062 1104 2130 συνεκόπη
1137 2061 1259 2114 τότε
1311 2063 1508 2134 φεῦγον
1568 2063 1673 2112 τῶν
1706 2057 1992 2130 Ῥωμαίων

337 2155 404 2208 τὸ
448 2153 774 2226 στράτευμα.
824 2151 888 2206 Ὁ
947 2148 1003 2204 δὲ
1060 2153 1232 2218 Λέων,
1301 2147 1520 2217 ἐπείπερ
1581 2147 1841 2222 ὑστέρησε
1894 2149 1994 2215 τῆς

339 2241 421 2304 εἷς
468 2243 532 2296 τὸ
566 2242 857 2310 Βυζάντιον
921 2239 1172 2316 ἀφίξεως,
1231 2239 1323 2292 καὶ
1379 2245 1479 2306 τῆς
1535 2235 1758 2300 ἐλπίδος
1812 2238 1992 2310 ἡμάρ-

335 2326 676 2406 τανεν(ἔφθη
739 2332 842 2402 γὰρ
904 2329 931 2382 ὁ
988 2327 1271 2400 Ῥωμανὸς
1323 2328 1421 2394 τὴν
1483 2326 1758 2400 βασίλειον
1815 2325 1994 2380 ἑστίαν

346 2418 697 2493 κατειληφὼς
757 2417 847 2472 καὶ
909 2418 1095 2492 Πατὴρ
1156 2415 1434 2478 Βασιλέως
1511 2414 1882 2489 ἀναρρηθεὶς),
1944 2411 1995 2474 ἐς

338 2510 440 2576 τήν
474 2507 656 2563 Ἀσίαν
691 2505 897 2575 διάτῆς
953 2500 1189 2562 Ἀϐύδου
1249 2503 1598 2580 περαιωθεὶς,
1659 2503 1795 2578 πρὸς
1853 2505 1992 2557 ἀπο-

340 2597 562 2652 στασίαν
605 2593 885 2663 ἀπέκλινε,
935 2595 1024 2649 καὶ
1079 2592 1272 2648 πολλά
1327 2598 1406 2664 τῷ
1461 2594 1732 2665 Ῥωμανῷ
1770 2591 1859 2646 καὶ
1925 2594 1994 2664 τῇ

339 2683 594 2755 πολιτείᾳ
624 2686 864 2759 παρέσχε
892 2682 1211 2761 πράγματα,
1267 2681 1647 2757 κατατρέχων,
1715 2681 1805 2735 καὶ
1863 2680 1996 2742 τοὺς

348 2773 596 2844 ἐτησίους
652 2776 852 2851 φόρους
911 2773 1336 2849 ἀφαιρούμενος,
1395 2773 1481 2826 καὶ
1561 2770 1687 2834 τοὺς
1749 2772 1998 2834 ἀντικαθ-

350 2863 670 2936 ισταμένους
724 2861 1101 2939 χειρούμενος,
1181 2859 1325 2931 Ἤδη
1413 2859 1471 2915 δὲ
1526 2865 1604 2931 τῷ
1659 2861 1846 2935 χρόνῳ
1901 2863 1997 2914 τοῦ

346 2950 640 3026 λῃστρικοῦ
667 2950 1161 3021 διασκεδασθέντος,
1219 2952 1307 3005 καὶ
1370 2949 1446 3012 εἷς
1503 2949 1818 3022 τοῦμπαλιν
1850 2948 1997 3020 αύτῷ

353 3040 816 3111 ὑπονοστήσαντος
879 3045 976 3095 τοῦ
1056 3038 1453 3116 βουλεύματος,
1530 3037 1797 3116 φυγαδείᾳ

345 3130 472 3192 τοὺς
502 3130 843 3208 ὀφθαλμούς.

415 3231 485 3300 η’.
516 3229 692 3284 Ἀλλά
720 3233 888 3284 ταῦτα
923 3229 1017 3301 μὶν
1045 3227 1238 3290 οὕτως.
1302 3232 1473 3298 Φωκᾷ
1526 3225 1582 3282 δὲ
1608 3229 1656 3264 ⁵³
1709 3227 1818 3302 (62)
1850 3228 1997 3282 ἐπει·
2028 3236 2079 3302 Ο

341 3319 557 3394 γομένῳ
586 3323 884 3388 τηνικαῦτα
942 3317 1031 3372 ἐπὶ
1080 3319 1143 3372 τὸ
1201 3316 1485 3392 φρούριον,
1540 3317 1629 3372 καὶ
1675 3316 1996 3392 ούραγοῦντι

341 3411 449 3462 τῶν
482 3405 834 3484 ἀμφάὑτὸν,
892 3411 997 3460 τῶν
1059 3405 1448 3478 ἐπιτιθεμένων
1511 3404 1657 3476 αύτῷ
1712 3425 1793 3466 τις
1852 3402 1999 3476 ἐξιπ-

347 3497 682 3570 πασάμενος,
719 3497 914 3573 θρασὺς
968 3497 1056 3551 καὶ
1115 3495 1427 3575 ἀγέρωχος,
1485 3494 1662 3571 ἐπῂει,
1723 3494 1998 3549 ἐπανατεί-

346 3608 452 3641 νων
485 3587 547 3641 τὸ
578 3587 730 3664 ξίφος
767 3588 881 3659 μετ’
913 3585 1172 3653 ἀπειλῶν,
1213 3586 1302 3641 καὶ
1363 3587 1628 3656 πΛήττειν
1683 3583 1995 3659 ἐπιχειρῶν.

357 3681 396 3729 0
430 3673 486 3730 δὲ
510 3676 951 3740 ἀπαλλάττεσθαι
979 3677 1078 3744 τὴν
1115 3674 1380 3750 ταχίστην
1432 3672 1689 3748 παρῄνει,
1748 3673 1842 3736 τὰς
1899 3695 1998 3728 κα-

341 3764 668 3840 ’τασχούσας
695 3764 854 3819 αὐτὸν
880 3764 1053 3838 τύχας
1086 3759 1470 3834 εὐλαϐηθέντα·
1503 3759 1611 3816 δεῖν
1656 3763 1706 3797 ⁵⁴
1763 3759 1838 3834 δὲ,
1871 3765 2003 3832 θνη-

345 3853 436 3908 τὸν
468 3850 614 3922 ὄντα,
646 3855 708 3908 τὸ
779 3853 1004 3908 ἄστατον
1066 3855 1275 3914 πάντως
1331 3853 1628 3930 ὑφορᾶσθαι
1684 3856 1792 3905 τῶν
1821 3872 1999 3929 πραγ-

349 3941 531 4014 μᾶτων
560 3943 650 3998 καὶ
683 3943 928 4013 ἄπιστον,
979 3944 1066 3998 καὶ
1126 3944 1202 4015 μὴ
1261 3943 1606 4016 προστιθέναι
1636 3941 1685 3976 ⁵⁵
1738 3939 1998 3996 κακοδαι-

349 4038 638 4105 μονοῦντος
697 4031 894 4109 ἀνδρὸς
951 4039 1068 4094 τοῖς
1126 4030 1438 4106 ἀλιήμασιν
1495 4029 1740 4108 ἄλγημα.
1791 4032 1997 4105 Ἀρκεῖν

348 4122 452 4198 γὰρ
487 4124 553 4176 τὰ
584 4125 1084 4198 περιστοιχήσαντα
1129 4125 1319 4176 τοῦτον
1381 4118 1525 4175 δεινά
1575 4121 1710 4195 (63),
1742 4121 1892 4175 ἅτινα
1923 4120 1998 4182 είς

344 4215 512 4266 τοῦτο
572 4214 658 4285 [Ρ.
718 4215 808 4286 77]
863 4209 1200 4288 δυσπραγίας
1249 4209 1407 4264 αὐτὸν
1479 4208 1838 4286 περιήλασαν,
1925 4209 1998 4272 ὡς

351 4297 566 4375 φυγάδα
593 4303 681 4352 νῦν
737 4301 1065 4374 καθορᾶσθαι
1125 4299 1216 4353 τὸν
1271 4304 1371 4366 τῆς
1425 4299 1744 4370 Ῥωμαϊκῆς
1797 4315 1999 4372 καταρ-

1898 3039 2233 3114 χρήσασθαι,
2310 3034 2596 3112 συλληφθῇ
2607 3036 2693 3090 ναί
2792 3057 2850 3090 τε

2109 623 2287 679 Leoni
2319 623 2564 677 nuntius
2608 623 2824 678 allatus
2868 623 3105 690 dicitur,
3138 625 3471 680 Romanum
3529 630 3751 701 Drungi

2108 713 2451 786 prasfectum
2487 711 2733 767 solvisse
2759 729 3028 782 ancoras,
3065 721 3299 768 ventum
3325 715 3384 768 in
3436 718 3620 787 puppi
3651 718 3756 773 ha-

2107 804 2268 864 bere.
2283 805 2322 858 1
2337 804 2436 859 24
2451 803 2638 874 passis
2651 802 2800 856 velis
2817 805 3393 876 Constantinopolim
3409 823 3752 877 properare,

2110 910 2176 948 eo
2202 893 2474 959 consilio,
2499 893 2900 962 utimperium
2951 898 3274 963 appeteret.
3312 895 3414 949 Hic
3444 911 3579 950 vero
3610 897 3754 951 Leo-

2107 982 2488 1051 nem,acerbo
2519 982 2728 1036 nuntio
2754 983 3009 1054 graviter
3035 984 3334 1047 aﬂ'ectum,
3368 986 3610 1041 ordines
3633 987 3757 1041 sol.-

2108 1073 2283 1140 visse,
2317 1079 2392 1138 et,
2427 1078 2588 1144 terga
2637 1073 2827 1127 Moesis
2860 1072 3122 1139 dantem,
3185 1075 3298 1128 iter
3353 1075 3428 1130 ad
3487 1076 3752 1147 reginam

2107 1162 2344 1217 urbium
2377 1161 2684 1227 direxisse,
2717 1162 2766 1216 si
2798 1162 2970 1226 forte,
3004 1164 3252 1218 Romani
3311 1165 3750 1237 navigationem

2105 1253 2496 1325 praeveniens,
2529 1251 2654 1322 ipse
2687 1252 3094 1307 moderamina
3147 1253 3449 1308 invaderet
3497 1255 3581 1308 rei
3638 1258 3752 1310 Ro-

2105 1342 2681 1408 manaa.Simeonem,
2719 1358 2874 1407 cum,
2898 1341 3138 1412 ignarus
3169 1343 3751 1408 causae,insolentem

2107 1435 2506 1486 Romanorum
2534 1447 2868 1503 regressum
2901 1432 3290 1502 conspiceret,
3322 1434 3513 1504 primo
3555 1435 3750 1506 suspi-

2104 1521 2337 1575 cionem
2370 1520 2747 1587 habuisse,ne
2775 1521 2916 1590 quid
2948 1520 3068 1574 doli
3101 1520 3393 1590 subesset,
3419 1528 3475 1576 et
3504 1523 3752 1579 exitium

2105 1609 2296 1664 Maasis
2346 1609 2802 1680 insequentibus
2858 1615 3168 1679 pararetur
3202 1627 3214 1662 :
3249 1627 3404 1677 mox,
3436 1610 3538 1664 ubi
3563 1614 3751 1666 effusa

2102 1699 2237 1771 fuga
2259 1715 2430 1753 ruere
2461 1699 3536 1768 comperisset,insecutum.inﬁnitam
3553 1701 3753 1756 multi-

2106 1789 2371 1843 tudinem
2405 1787 2727 1842 crudeliter
2757 1788 3064 1842 occidisse.
3100 1790 3170 1841 Et
3200 1789 3650 1859 conspiciuntur
3681 1790 3754 1845 ad

2106 1878 2460 1932 hodiernum
2486 1878 2642 1931 diem
2675 1878 2863 1931 acervi
2888 1878 3113 1932 ossium
3137 1879 3208 1932 ad
3242 1879 3618 1946 Anchialum,
3651 1881 3752 1936 ubi

2111 1973 2253 2022 tunc
2273 1969 2503 2039 fugiens
2528 1984 2715 2021 caesus
2747 1969 2998 2038 turpiter
3030 1971 3430 2023 Romanorum
3464 1971 3757 2025 exercitus

2111 2063 2200 2111 est
2231 2056 2535 2127 Leo,quod
2567 2057 2757 2111 serius
2788 2057 3370 2128 Constantinopolim
3417 2059 3754 2127 advenerat,

2108 2162 2210 2216 spe
2241 2145 2508 2217 dejectus
2527 2147 2672 2216 (jam
2705 2146 2864 2200 enim
2889 2147 3185 2202 Romanus
3217 2148 3437 2218 palatio
3469 2155 3752 2220 occupato

2105 2237 2279 2290 Pater
2328 2234 2571 2306 Augusti
2609 2234 3008 2305 proclamatus
3059 2237 3228 2306 erat),
3281 2237 3342 2291 in
3403 2238 3602 2292 Asiam
3653 2254 3758 2309 per

2105 2323 2376 2396 Abydum
2409 2328 2778 2378 transvectus
2811 2324 3204 2379 defectionem
3259 2325 3418 2390 fecit,
3453 2327 3759 2396 multaque

2106 2413 2366 2484 posthaec
2392 2418 2449 2467 et
2466 2415 2730 2469 Romano
2749 2419 2805 2468 et
2827 2413 3171 2484 reipublicae
3185 2415 3422 2486 negotia
3440 2414 3757 2481 facessivit,

2106 2510 2230 2558 tum
2247 2504 2839 2569 incursionibus,tum
2857 2503 3288 2560 tributaannua
3301 2505 3756 2576 intercipiendo,

2105 2592 2253 2647 fusis
2303 2593 2401 2663 qui
2435 2599 2642 2648 contra
2671 2593 3034 2648 nitebantur.
3067 2595 3190 2649 Jam
3216 2611 3372 2662 vero,
3405 2595 3760 2666 prmdatoria

2108 2682 2235 2753 ejus
2264 2698 2443 2736 manu
2456 2681 2710 2736 decursu
2734 2683 3421 2755 temporisdilapsa,cum
3439 2685 3756 2740 consilium

2108 2777 2315 2824 contra
2366 2770 2552 2841 ipsius
2585 2771 2943 2826 sententiam
2983 2773 3206 2826 exitum
3257 2773 3582 2841 habuisset,
3617 2790 3752 2828 eum

2107 2860 2257 2931 fugae
2280 2875 2343 2913 se
2374 2859 2846 2927 commendasse,
2874 2862 3492 2933 comprehensumque
3523 2863 3753 2918 eﬂ'ossis

2109 2948 2298 3003 oculis
2319 2948 2641 3002 crudeliter
2661 2955 3039 3004 excaecatum.

2945 3039 3034 3091 καὶ
3111 3038 3276 3111 ὠμῶς
3367 3037 3750 3109 ἐκκεντηθῆναι

2179 3228 2230 3282 8.
2258 3227 2469 3282 Leonis
2495 3226 2743 3282 rebellio
2793 3228 2951 3282 hunc
3001 3228 3063 3282 in
3122 3227 3365 3283 modum
3398 3229 3754 3300 conquievit.

2111 3316 2368 3371 Phocam
2387 3322 2586 3370 autem
2632 3322 2771 3371 tunc
2794 3317 2866 3371 ad
2892 3318 3039 3374 I25
3089 3318 3399 3373 castellum
3432 3335 3754 3390 properan-

2111 3411 2250 3473 tem,
2275 3422 2407 3461 cum
2440 3422 2650 3478 agmen
2681 3423 2920 3461 suorum
2945 3407 3268 3475 clauderet,
3302 3425 3372 3462 ex
3394 3409 3756 3479 insequenti-

2109 3494 2220 3549 bus
2251 3494 2489 3565 aliquis,
2522 3495 2711 3550 audax
2759 3501 2817 3550 et
2872 3503 3198 3567 protervus,
3251 3504 3559 3567 provectus
3617 3504 3754 3554 ante

2112 3589 2358 3639 caateros
2389 3585 2623 3651 invasit,
2663 3584 3046 3656 gladiumque
3102 3601 3235 3640 cum
3294 3585 3473 3640 minis
3531 3587 3753 3642 elatum

2112 3673 2382 3745 inﬂigere
2405 3679 2654 3728 conatus
2676 3675 2844 3728 est.ls
2878 3690 3013 3728 eum
3052 3679 3269 3739 monet,
3304 3675 3576 3745 protinus
3598 3681 3756 3731 retro

2109 3762 2497 3834 regrediatur.
2532 3767 2886 3833 praesentem
2941 3779 3109 3817 suam
3161 3762 3460 3818 fortunam
3489 3765 3709 3819 veritus
3743 3780 3756 3822 :

2113 3851 2330 3907 debere
2361 3867 2516 3918 eum,
2549 3856 2615 3905 ut
2669 3851 3002 3916 mortalem,
3038 3854 3372 3908 necessario
3414 3853 3758 3909 inconstan-

2112 3941 2256 3995 tiam
2279 3939 2815 4011 inﬁdelitatemque
2845 3940 3096 3996 fortunae
3121 3943 3528 4010 extimescere,
3562 3960 3757 4014 neque

2112 4030 2184 4086 ad
2209 4029 2588 4102 aegritudines
2621 4029 2726 4084 viri
2761 4029 3089 4086 calamitosi
3114 4049 3325 4087 novam
3338 4032 3576 4088 addere.
3604 4033 3756 4089 Satis

2112 4120 2403 4175 malorum
2436 4136 2497 4175 se
2531 4121 2936 4188 circumstare,
2998 4138 3128 4192 quin
3148 4121 3209 4176 in
3258 4139 3357 4178 eas
3379 4139 3442 4177 se
3472 4123 3756 4178 adduxis-

2113 4215 2246 4264 sent
2275 4210 2670 4280 angustias,ut
2699 4211 2799 4282 qui
2832 4213 3113 4266 Romanae
3146 4218 3460 4268 armaturas
3484 4212 3757 4284 praefuis-

2113 4305 2222 4365 set,
2268 4300 2318 4354 is
2366 4298 2642 4372 fugitivus
2701 4316 2860 4355 nunc
2902 4301 3369 4372 conspiceretur.
3415 4302 3541 4369 Hic,
3597 4303 3756 4374 ejus-

1559 4459 1620 4513 C.
1663 4460 1725 4514 Β.
1768 4459 1957 4515 HASII
1993 4461 2553 4518 ANNOTATIONES.

420 4603 461 4638 ⁸¹
492 4601 687 4676 ὀστῶν.
724 4604 849 4658 Vid.
885 4618 1065 4676 supra
1315 4600 1363 4635 ⁵²
1394 4599 1718 4676 Ἀγχίαλον.
1756 4603 2008 4676 Cedrent

2112 4605 2153 4660 Ι.
2178 4603 2227 4637 ⁵³
2255 4600 2435 4657 Ἀλλά
2467 4636 2531 4646 -
2564 4609 2732 4674 Φωκᾷ
2763 4601 2839 4660 δέ.
2906 4606 2999 4660 Sic
3048 4605 3389 4676 emendavi._
3425 4603 3505 4676 _In
3547 4603 3760 4676 Codice

351 4679 441 4728 est
475 4692 487 4728 :
518 4671 703 4726 Ἀλλᾶ
732 4677 898 4728 ταῦτα

934 4673 1052 4746 μέν.
1085 4673 1212 4741 (sic)
1241 4675 1408 4746 Φωκᾷ
1435 4673 1753 4746 τηνικαῦτα,
1781 4693 1832 4726 κ.
1859 4693 1907 4726 τ.
1971 4673 2026 4746 λ.
2084 4677 2283 4731 Possis
2343 4681 2543 4731 tamen

2601 4670 2837 4746 quoque
2925 4677 3207 4743 scribere,
3268 4671 3448 4727 Ἀλλά
3502 4670 3624 4727 τότε
3659 4675 3759 4746 μὲν

353 4749 522 4804 Φωκᾶ
551 4743 636 4799 ἐπ.
678 4746 801 4801 Vid.
836 4739 992 4800 infra
1014 4739 1117 4799 320
1148 4739 1330 4799 recto.
1358 4739 1407 4777 ⁵⁸
1437 4739 1519 4796 δεῖ
1549 4745 1679 4800 cod.
1713 4744 2008 4818 ⁶⁵προστιθὲ

2117 4789 2130 4801 .
2164 4746 2302 4818 πρὸς
2333 4747 2393 4800 τὸ
2424 4748 2571 4800 θέναι
2604 4739 2734 4802 ὀοά.

417 4884 528 4950 (62)
551 4883 676 4937 .lam
708 4881 770 4936 in
791 4897 895 4936 ora
923 4880 1256 4953 suspicatus
1270 4896 1400 4953 sum
1420 4878 1995 4953 scribendum'AMﬁ

2110 4882 2327 4952 phrast.
2365 4883 2493 4937 Vita
2523 4883 2574 4936 S.
2619 4882 2864 4938 Joannis
2920 4884 3008 4936 42.
3071 4883 3131 4936 Β.
3192 4879 3393 4950 πλήθει
3442 4899 3752 4952 περιεστοι-

347 4951 468 5005 τότε
501 4953 594 5022 μὲν
628 4956 815 5022 φωκᾷο
850 4959 939 5008 est
969 4949 1125 5006 enim
1175 4951 1234 5006 id
1279 4949 1400 5022 τότε
1450 4951 1690 5006 verbum
1726 4953 1992 5008 solemne

351 5025 549 5089 Leoni,
582 5041 616 5080 a
646 5024 1014 5093 digressione
1045 5023 1119 5078 ad
1143 5039 1268 5077 rem
1287 5021 1990 5093 redeunti.Quem_usum,

350 5103 415 5150 ut
440 5097 646 5168 multa,
679 5091 752 5168 ab
779 5096 1025 5168 Agathia
1054 5100 1356 5168 mutuatus
1389 5095 1688 5168 est_g52._A_.
1708 5091 1865 5168 Ἄλλ*
1898 5091 1994 5168 of?-

349 5187 442 5249 τος
468 5166 563 5240 μέν
601 5162 661 5208 4-
693 5162 929 5220 τότε-δὲ
985 5165 1073 5218 καὶ
1125 5163 1176 5218 ἐν
1205 5167 1273 5237 τῇ
1347 5162 1562 5239 μεγάλῃ
1597 5163 1993 5238 Ἀλεξανδρείῳ

352 5245 494 5293 item
525 5241 611 5294 56.
645 5241 702 5293 Β.
739 5241 824 5294 73.
862 5241 920 5294 B.
957 5240 1045 5292 80.
1085 5240 1142 5291 h.
1179 5241 1267 5292 9‘7.
1314 5238 1377 5292 D.
1415 5239 1514 5290 145
1573 5238 1638 5290 D.

415 5312 524 5380 (63)
559 5311 651 5366 Sic
683 5310 895 5372 Codex.
929 5312 1099 5380 cujus
1131 5308 1487 5380 scripturam
1543 5308 1784 5363 servavi.
1853 5309 1993 5364 Pro-

350 5378 736 5458 clivefuis‘set
785 5378 1045 5458 scribere
1085 5378 1584 5458 περιστοιχίσαντα·
1623 5396 1762 5458 _quo
1818 5381 1994 5458 verbo

345 5453 741 5532 rion-conxth
775 5454 923 5532 nihil
973 5450 1378 5532 frequentius"
1405 5450 1477 5504 de
1506 5450 1993 5532 _malis_undique

343 5523 1035 5596 aliquem'cingentibus.
1064 5523 1212 5596 AVide
1248 5539 1484 5596 quoque
1504 5526 1557 5596 _7.
1586 5524 1648 5576 D.
1681 5523 1991 5578 Nihilomi-

345 5594 463 5650 nus
488 5596 726 5651 verbum
761 5594 1148 5668 περιστοιχέω,
1183 5595 1341 5668 quod
1373 5595 1468 5648 hic
1504 5594 1614 5668 Leo
1668 5596 1994 5666 usurpavit,

341 5668 616 5723 exsulans
644 5668 791 5722 illud
807 5659 1054 5739 quidem
1084 5683 1112 5739 e
1131 5659 1353 5722 Le'xicis
1375 5665 1741 5739 omninoque
1755 5659 1992 5722 rarissi;

340 5755 525 5812 mum,
553 5739 775 5797 offendi
805 5736 936 5797 bis:
978 5738 1241 5815 perfecto
1302 5737 1459 5812 apud
1515 5736 1776 5796 Simeon.
1811 5740 1995 5797 Meta-

2105 4956 2544 5026 XﬁcﬁILVXPEfbvi'
2581 4955 2799 5008 aoristo
2833 4954 2894 5008 in
2934 4954 2988 5007 S.
3046 4955 3262 5008 Joann.
3321 4954 3622 5025 Chrysost.
3650 4955 3754 5008 Ex-

2149 5025 2282 5099 osit.
2304 5025 2622 5099 in‘Psalm.
2653 5042 2915 5080 CXXXVIII.
2945 5027 2982 5081 Ι.
3010 5027 3133 5099 844.
3171 5029 3254 5079 12.
3289 5026 3755 5099 περιγεστοιχήθην

2111 5092 2214 5148 ὑπὸ
2244 5098 2352 5147 τῶν
2387 5092 2596 5149 δεινῶν’
2636 5103 2999 5168 quapropter
3020 5092 3374 5167 scripturam
3393 5092 3755 5168 Codicisim-

2107 5172 2335 5222 mutare
2365 5185 2485 5222 non
2512 5185 2641 5242 sum
2673 5167 3248 5242 ausus.’Aliagforma
3277 5167 3758 5242 περιστοιχείομαι

2105 5239 2567 5312 corruptaapud
2603 5241 2977 5312 Timotheum
3033 5240 3114 5312 De
3164 5239 3433 5312 proph’et.
3494 5239 3757 5312 Simeon.

2104 5313 2227 5364 845.
2256 5312 2317 5366 Ε.
2341 5310 2728 5383 τὴνίπαρθένον
2762 5311 2972 5384 ἀπείρῳ
3028 5310 3117 5364 καὶ
3166 5310 3339 5381 θεϊκῷ
3395 5310 3534 5377 φωτὶ
3598 5330 3757 5379 πεμ-

2105 5387 2567 5458 στοιχειωθεῖσαν.
2605 5383 3054 5457 Περιστιχίζομαι
3089 5384 3393 5458 legebatur
3423 5384 3564 5458 olinl
3590 5384 3721 5458 Aris
3743 5416 3753 5458 _-

2107 5451 2472 5529 ρεηξῖβρὶεῐ.
2538 5474 2609 5529 ιΧ1
2673 5451 2740 5510 58
2801 5451 2866 5510 Bt
2908 5451 3350 5529 ῖπεριεστιᾷὀίζετο
3405 5451 3614 5529 κύκλῳ·
3653 5455 3752 5507 ubi

2107 5525 2427 5582 Dorvillius
2460 5532 2517 5581 et
2549 5527 2831 5582 Abresch.
2866 5531 2952 5581 21.
2988 5525 3054 5582 Α.
3089 5525 3247 5581 recte
3280 5526 3577 5597 corrigunt
3599 5544 3754 5597 περι-

2106 5597 2467 5671 εστοιχίζετο.
2509 5599 2798 5670 probante
2822 5616 3058 5671 quoque
3119 5595 3572 5671 Wyttenbachio
3598 5595 3754 5671 _vir_o

2107 5617 2467 5671 εστοιχιςετο.
2509 5617 2798 5670 pronante
2822 5617 3058 5727 quoque
3128 5617 3569 5668 wyttennacnio
3630 5617 3754 5669 νηξο

2107 5669 2391 5727 celeberr.
2426 5671 2608 5743 Epist.
2638 5676 2764 5728 crit.
2792 5688 2825 5728 a
2896 5671 3135 5730 Ruhnk.
3162 5669 3302 5726 edit.
3335 5666 3754 5724 Schaef.260.tl.
