4190 6322
451 377 570 440 839

1829 372 2109 433 LEONIS
2152 374 2467 438 DIACONI

3743 389 3864 452 840

453 512 616 569 modi
647 526 818 566 voces
849 509 1018 564 ﬂocci
1069 524 1190 562 non
1247 507 1492 566 faciens.
1535 504 1778 576 pr0pius
1824 503 2094 571 accessit,

2211 503 2370 574 ξαντα
2401 514 2673 581 στρατιᾶς.
2709 511 2770 568 Ὁ
2799 506 2875 580 δὲ,
2929 509 3092 566 ὕθλον
3146 510 3444 582 τηνάλλως
3494 514 3626 578 τοὺς
3683 521 3860 573 τοιού»

451 604 630 657 ferire
663 617 908 656 conans.
943 601 1087 652 Tum
1131 597 1367 662 Bardas,
1401 600 1637 665 arrepta
1667 593 1894 649 casside
1920 611 2099 664 quam

457 708 807 764 suspensam
839 688 1099 761 gerebat,
1125 686 1318 740 subito
1350 701 1667 740 conversus
1700 684 2003 738 hominem
2038 683 2098 737 in

457 783 684 855 galeam
745 777 1072 850 percussit;
1107 775 1177 842 is,
1237 773 1534 845 perfracta
1590 773 1769 828 simul
1820 778 1877 828 et
1931 772 2100 844 galea

459 880 516 927 et
541 870 814 937 calvaria,
841 885 980 922 voce
1011 865 1178 920 nulla
1209 865 1410 928 missa,
1441 865 1502 918 in
1544 870 1762 918 terram
1793 863 2057 918 defertur
2083 879 2095 917 :

454 964 677 1018 Phocas
708 960 866 1014 hunc
896 957 958 1010 in
1018 955 1256 1009 modum
1306 954 1367 1008 in
1406 953 1717 1009 castellum
1777 951 2097 1006 incolumis

451 1049 736 1123 pervenit.
806 1046 970 1111 Quod
1043 1061 1177 1099 cum
1236 1043 1474 1109 Bardas,
1525 1043 1642 1098 dux
1689 1047 1748 1097 et
1797 1041 2095 1113 magister,

452 1139 713 1195 exercitu
763 1134 1273 1201 circumdedisset,
1305 1134 1492 1188 suasit
1522 1133 1750 1200 Phocaa,
1782 1137 1850 1186 ut
1878 1132 1952 1186 ad
1983 1131 2097 1185 cle-

449 1228 735 1284 mentiam
767 1224 1056 1297 principis
1099 1223 1463 1295 confugeret.
1515 1222 1706 1293 deque
1763 1221 2094 1276 munitione

449 1317 888 1388 quamprimum
911 1313 1116 1367 exiret.
1150 1313 1226 1377 Is,
1260 1312 1359 1366 ubi
1393 1316 1519 1366 erat
1563 1311 1635 1366 ad
1694 1326 1957 1365 summas
1987 1326 2094 1364 an-

451 1407 673 1480 gustias
743 1417 1137 1476 magnamque
1193 1418 1392 1456 rerum
1450 1401 1712 1471 inopiam
1794 1399 2092 1467 redactus,

449 1497 654 1553 multis
685 1494 919 1566 agitatis
976 1491 1407 1563 perpensisque
1456 1489 1788 1556 sententiis,
1841 1489 2093 1542 fortuna)

447 1589 657 1644 cedere
689 1580 1486 1650 δῑοῐυὶι,άοῐηίῐιοηῐίὺιιεῳιο
1499 1579 1791 1649 subjicere
1810 1594 2096 1643 sese,mo-

449 1679 522 1734 do
549 1675 1128 1747 impunitatem,cum
1149 1686 1338 1734 suam,
1365 1675 1488 1723 tum
1511 1669 1827 1723 charorum
1853 1682 2093 1722 suorum

450 1769 816 1838 impetraret.
850 1764 937 1816 Ita
954 1760 1229 1831 evestigio
1255 1759 1369 1813 fide
1391 1759 1708 1830 postulata,
1745 1774 1818 1812 ne
1838 1756 1980 1828 quid
2003 1757 2096 1810 in-

455 1853 748 1912 commodi
772 1849 1303 1922 caperet,ubihanc
1325 1865 1360 1902 a
1389 1847 1587 1901 Sclero
1620 1852 1948 1917 acceperat,
1978 1863 2095 1900 una

457 1963 592 2002 cum
623 1958 804 1998 uxore
834 1957 901 1995 ac
930 1939 1136 1994 liberis
1167 1938 1239 1992 de
1289 1937 1535 1992 castello
1563 1936 1887 1992 descendit.
1921 1936 1975 1990 ls
1997 1951 2097 1990 eos

458 2039 727 2105 receptos
757 2030 910 2086 πορθ
968 2027 1299 2082 incolumes
1351 2032 1646 2081 asservat:
1683 2027 1755 2080 de
1788 2025 1974 2097 pactis
2022 2022 2096 2078 ad

455 2123 787 2198 principem
818 2119 1031 2174 refert:
1057 2116 1201 2188 quid
1240 2132 1388 2187 opus
1445 2116 1522 2170 sit
1567 2115 1719 2170 facto
1752 2115 2094 2186 interrogat.

454 2211 778 2282 Rescripsit
830 2209 1085 2262 Joannes
1142 2207 1486 2276 imperator,
1535 2204 1782 2260 Bardam
1817 2204 2095 2272 Phocam,

450 2303 734 2359 clericum
763 2298 986 2353 factum
1018 2297 1630 2364 circumtonsumque,
1665 2309 1800 2347 cum
1845 2294 2095 2364 conjuge

448 2400 625 2464 atque
657 2389 863 2444 liberis
893 2388 955 2442 in
986 2386 1195 2441 Chium
1236 2383 1496 2439 insulam
1528 2383 1912 2438 amandaret:
1945 2382 2092 2453 ipse,

449 2479 718 2538 abductis
759 2476 967 2548 copiis,
1013 2476 1074 2529 in
1131 2475 1423 2544 Europam
1481 2489 1588 2543 per
1646 2472 2094 2542 Hellespontum

453 2570 846 2641 transjiceret,
904 2565 965 2620 in
1022 2564 1428 2632 hibernisque,
1487 2579 1617 2632 qua)
1673 2577 1780 2633 per
1808 2561 1939 2615 loca
1992 2561 2097 2616 illa

451 2661 590 2725 sint,
625 2657 968 2712 hibernaret
1002 2670 1014 2706 :
1049 2668 1188 2707 nam
1227 2651 1417 2720 primo
1448 2667 1582 2706 vere
1615 2651 1811 2722 ipsum
1837 2651 2096 2721 impera-

451 2755 639 2802 torem
673 2761 809 2801 cum
868 2741 1088 2798 scholis
1120 2740 1180 2795 in
1212 2740 1456 2811 Scythas
1513 2745 1852 2794 moturum:
1889 2755 2094 2794 eorum

449 2837 797 2890 effrenatam
822 2830 1206 2886 insolentiam
1250 2828 1506 2884 tolerare
1536 2828 1760 2883 diutius
1816 2845 1878 2884 se
1909 2827 2092 2884 nolle.

518 3115 570 3166 9.
604 3109 838 3166 Etenim
871 3107 1121 3178 Scythae,
1185 3105 1256 3159 de
1289 3104 1492 3159 Bardaa
1536 3103 1706 3159 ducis
1764 3121 1832 3158 ex
1863 3104 2096 3176 Europa

453 3202 718 3256 discessu
741 3197 1024 3252 certiores
1054 3195 1215 3258 facti,
1249 3194 1349 3264 qui
1382 3193 1455 3247 ob
1509 3193 1822 3248 excitatam
1855 3193 2029 3248 modo
2061 3211 2096 3248 a

2209 615 2338 656 τους
2400 596 2601 675 λόγους
2650 599 2956 673 τιθέμενος,
3015 601 3409 678 πλησιέστερον
3453 600 3566 678 ᾔει,
3601 608 3856 677 πλήττειν

2209 686 2576 757 πειρώμενος.
2609 689 2668 744 Ὁ
2702 687 2758 744 δὲ
2810 690 3047 766 Βάρδας,
3098 694 3198 760 τήν
3260 697 3713 768 παρῃωρημένην
3770 718 3859 752 κο-

2211 772 2378 845 ρύνην
2457 778 2998 854 μεταχειρισάμενος,
3061 781 3332 859 αἲφνίὸιόν
3391 804 3449 837 τε
3518 787 3856 865 συστραφεὶς,

2207 861 2342 915 κατά
2371 869 2470 931 τῆς
2501 864 2732 939 κόρυθος
2774 868 2919 922 παίει
2977 870 3069 923 τὸν
3132 867 3440 944 ἄνθρωπον·
3503 874 3531 926 ὁ
3593 870 3672 944 δὲ,
3727 861 3855 949 αὐτῇ

2209 957 2343 1026 κυνῇ
2393 958 2674 1031 κατεαγείς
2720 959 2784 1012 τὸ
2837 959 3076 1033 κρανίον,
3133 959 3363 1024 ἄναυδος
3419 966 3486 1036 τῇ
3545 968 3618 1038 γῇ
3683 985 3854 1037 προσ-

2206 1047 2513 1119 αράσσεται·
2549 1046 2637 1100 καὶ
2672 1046 2844 1110 οὕτως
2879 1047 2932 1109 ἐς
2961 1048 3024 1102 τὸ
3055 1048 3318 1126 φρούριον
3350 1051 3378 1106 ὁ
3421 1056 3623 1112 Φωκᾶς
3669 1049 3856 1106 διασώ-

2209 1140 2372 1203 ζεται.
2435 1133 2640 1210 Βάρδας
2701 1135 2778 1206 δὲ,
2842 1139 2869 1192 ὁ
2935 1138 3315 1212 στρατηλάτης
3371 1139 3458 1194 καὶ
3518 1147 3855 1215 Μάγιστρος,

2203 1247 2265 1280 το
2298 1225 2556 1301 φρούριον
2583 1225 3026 1300 κυκλωσάμενος,
3057 1229 3289 1305 παρῄνει
3320 1235 3401 1302 τῷ
3451 1236 3626 1302 Φωκᾷ
3661 1229 3854 1306 Βάρόᾳ,

2203 1317 2302 1385 τὴν
2345 1315 2622 1388 εὐμένειαν
2678 1322 2775 1372 τοῦ
2828 1322 3157 1392 κρατοῦντος
3213 1319 3560 1390 αἰτήσασθαι,
3617 1320 3708 1376 καὶ
3764 1325 3855 1376 τοῦ

2204 1405 2415 1479 τειχίου
2444 1407 2684 1460 κατιέναι
2716 1408 2791 1471 ὡς
2819 1409 3070 1483 τάχιστα.
3106 1409 3168 1464 Ὁ
3208 1407 3283 1479 δὲ,
3345 1410 3460 1464 ἐπεὶ
3515 1408 3570 1472 ἒς
3631 1410 3854 1486 ἀμηχα-

2203 1492 2318 1546 νίαν
2350 1490 2587 1565 ἐσχάτην
2619 1494 2704 1547 καὶ
2741 1491 2921 1562 δεινὴν
2976 1496 3203 1570 ἀπορίαν
3264 1497 3623 1568 συνείληπτο,
3675 1498 3856 1554 πολλὰ

2203 1582 2586 1656 γνωματεύσας
2644 1583 2732 1637 καὶ
2803 1583 3191 1658 λογισάμενος,
3287 1583 3428 1661 ἔγνω
3487 1586 3736 1642 ἐνδοῦναι
3791 1592 3854 1662 τῇ

2203 1671 2371 1745 τύχῃ,
2405 1671 2494 1725 καὶ
2534 1672 2668 1741 εἶξαι
2727 1678 2843 1733 τοῖς
2895 1679 3208 1746 κρατοῦσιν,
3270 1675 3317 1729 εἴ
3374 1676 3639 1740 ἀπάθειαν
3697 1677 3854 1730 αὐτοῦ

2203 1780 2260 1814 τε
2285 1759 2510 1815 καὶτῶν
2542 1759 2818 1836 φιλτάτων
2881 1764 2992 1836 (64)
3044 1760 3304 1835 λήψοιτο.
3367 1765 3686 1838 Παραυτίκα
3768 1765 3853 1820 οὗν

2128 1890 2172 1954 Β
2204 1849 2410 1910 πίστεις
2442 1850 2884 1922 ἐξαιτησάμενος,
2917 1851 2990 1912 ὡς
3023 1848 3174 1907 οὐδέν
3233 1875 3283 1908 τι
3340 1858 3449 1908 τῶν
3509 1851 3696 1920 ἀηδῶν
3746 1855 3860 1909 πεί-

2205 1960 2373 2008 σεται,
2404 1940 2494 1994 καὶ
2523 1938 2717 2002 ταύτας
2749 1941 2886 2014 πρὸς
2917 1946 3014 1995 τοῦ
3048 1941 3306 2017 Σκληροῦ
3347 1943 3624 2021 εἰληφὼς,
3657 1944 3855 1998 κάτεισι

2203 2031 2301 2082 τοῦ
2331 2025 2597 2103 φρουρίου
2639 2028 2732 2082 σὺν
2759 2031 2971 2104 γυναικί
3003 2029 3092 2083 καὶ
3121 2030 3350 2094 τέκνοις.
3409 2033 3471 2088 Ὁ
3527 2031 3592 2087 δὲ
3638 2032 3857 2096 τούτους

2207 2113 2495 2189 δεξάμενος
2554 2117 2778 2179 ἀλύπως
2838 2117 3111 2196 ἐφρούρει,
3174 2118 3422 2194 ἀναφέρει
3508 2123 3580 2177 τὰ
3638 2125 3683 2159 ⁸⁵
3740 2125 3855 2195 ξυν-

2205 2202 2440 2280 αχθὲντα
2483 2207 2618 2280 πρὸς
2683 2207 2928 2281 βασιλέα,
2988 2207 3242 2282 ἐρόμενος
3306 2211 3351 2246 ⁵⁷
3405 2209 3435 2264 ὅ
3513 2232 3575 2266 τι
3633 2209 3717 2266 δεῖ
3768 2209 3854 2264 καὶ

2203 2301 2396 2350 ποιεῖν.
2431 2297 2492 2352 Ὁ
2523 2293 2582 2350 δὲ
2612 2295 2962 2372 αὐτοκράτωρ
3008 2296 3265 2366 Ἰωάννης
3318 2296 3545 2369 ἐδηλου,
3608 2303 3698 2356 τὸν
3759 2301 3848 2373 μὲν

2202 2388 2304 2439 τοῦ
2335 2388 2503 2438 Φωκᾶ
2559 2382 2787 2459 Βάρδαν,
2839 2385 3103 2459 κληρικὸν
3163 2387 3520 2463 ἀποκαρέντα,
3601 2391 3715 2462 ἅμα
3763 2412 3852 2444 συ-

2207 2475 2350 2548 ζύγῳ
2378 2474 2467 2528 καὶ
2499 2475 2715 2535 τέκνοις
2746 2473 2796 2529 ἐν
2827 2479 2896 2548 τῇ
2928 2477 3078 2548 νήσῳ
3130 2477 3247 2549 Χίῳ
3296 2477 3631 2552 περιορίσαι·
3692 2479 3848 2534 αὐτὸν

2205 2560 2284 2633 δὲ,
2314 2564 2411 2624 τὰς
2470 2560 2725 2636 δυνάμεις
2783 2561 3136 2640 ἀνειληφότα,
3200 2565 3253 2627 ἐς
3303 2567 3402 2634 τήν
3449 2568 3726 2641 Εὐρώπην
3772 2565 3856 2622 διὰ

2201 2656 2300 2707 τοῦ
2343 2649 2760 2721 Ἑλλησπόντου
2819 2651 3100 2726 διαπερᾷν,
3161 2656 3547 2729 χειμεριοῦντα
3607 2659 3741 2732 πρὸν
3793 2657 3855 2710 τά

2205 2747 2378 2796 εκεῖσε
2400 2739 2690 2816 χειμάδια·
2751 2739 2848 2812 ὣς,
2908 2745 3044 2816 ἦρος
3091 2743 3244 2806 εὐθὺς
3300 2745 3716 2820 ἐπιγινομένου,
3771 2747 3855 2802 καὶ

2205 2831 2365 2885 αὐτὸν
2427 2829 2660 2888 Βασιλέα
2723 2833 2857 2903 μετά
2911 2836 3021 2886 τῶν
3083 2832 3431 2889 ὑπασπιστῶν
3469 2835 3854 2910 ἐκστρατεύσας

2204 2919 2339 2974 κατά
2373 2923 2618 2984 Σκυθῶν
2653 2917 2795 2992 μηδέ
2822 2923 2924 2996 γὰρ
2953 2923 3059 2990 τὴν
3108 2923 3316 2978 τούτων
3374 2923 3672 2982 ἀκάθεκτον
3705 2922 3851 3001 ὕϐριν

2202 3016 2530 3084 καρτερῆσαι
2564 3008 2782 3068 λοιπόν.

2277 3099 2339 3154 θ’.
2374 3098 2539 3154 Οὗτοι
2569 3098 2692 3174 γὰρ,
2723 3099 2821 3166 τὴν
2854 3098 2960 3153 ἀπὸ
3014 3107 3115 3169 τῆς
3177 3101 3448 3176 Εὐρώπης
3505 3108 3609 3158 τοῦ
3665 3124 3850 3179 στρατ-

2207 3186 2415 3258 ηλάτου
2475 3186 2656 3264 Βάρδα
2702 3186 3008 3262 διαγνόντες
3065 3191 3316 3265 ἄπαρσιν,
3371 3193 3425 3255 ἐς
3481 3196 3586 3264 τὴν
3675 3195 3846 3252 Ἀσίαν

450 3289 638 3343 Barda
668 3287 863 3341 Phoca
884 3284 1238 3340 seditionem
1272 3283 1332 3337 in
1361 3282 1559 3337 Asiam
1612 3283 1683 3338 ab
1735 3282 2092 3353 imperatore

2205 3277 2350 3352 παρὰ
2385 3277 2658 3352 βασιλέως
2699 3275 2989 3341 σταλέντος
3050 3277 3139 3334 διὰ
3191 3285 3283 3336 τὸν
3329 3279 3572 3358 ἔναγχος
3633 3283 3846 3361 ἀναρρι·

453 3384 581 3433 erat
601 3377 840 3442 missus,
875 3375 1079 3447 utjam
1101 3373 1324 3428 dictum
1357 3377 1447 3428 est
1501 3389 1535 3428 a
1588 3389 1702 3438 me,
1764 3372 2093 3444 plurimum

453 3472 751 3524 Romanos
799 3466 1109 3534 vexabant,
1166 3464 1726 3536 incursionibusque
1775 3464 2096 3536 derepente

448 3558 621 3614 factis
652 3556 919 3628 improbe
968 3553 1330 3626 diripiebant
1368 3553 1795 3626 vastabantque
1829 3553 2092 3609 Macedo-

449 3647 646 3703 niam:
682 3646 840 3718 quod
879 3647 1135 3701 Joannes
1167 3643 1456 3714 Magister,
1519 3649 1909 3712 cognomento
1941 3644 2093 3698 Cur-

449 3754 610 3802 cuas,
643 3736 738 3791 cui
770 3735 1076 3807 copiarum
1107 3733 1168 3788 in
1197 3733 1317 3788 illis
1344 3733 1612 3804 partibus
1631 3733 1950 3788 commissa
1970 3738 2098 3788 erat

450 3837 611 3887 cura,
645 3825 887 3880 desidias
911 3829 1086 3894 atque
1147 3822 1551 3893 potationibus
1609 3826 1824 3893 praeter
1852 3820 2095 3876 modum

450 3915 709 3980 deditus,
740 3913 1015 3985 imperite
1047 3918 1222 3982 atque
1256 3911 1668 3982 imprudenter
1695 3929 1789 3966 res
1839 3911 2096 3966 admini-

450 4005 706 4071 strabat;
730 4021 801 4058 ex
832 4021 944 4074 quo
980 4001 1054 4058 ad
1085 4002 1484 4074 arrogantiam
1526 4002 1925 4073 fiduciamque
1957 4005 2098 4058 Rus-

448 4110 649 4150 sorum
689 4109 752 4148 se
783 4097 1094 4148 erexerant
1132 4091 1336 4147 animi.
1362 4093 1625 4155 Quorum
1655 4091 1972 4162 superbam
2003 4091 2097 4146 in-

447 4183 763 4239 solentiam
781 4187 839 4237 et
858 4180 1205 4236 manifestas
1221 4179 1614 4235 contumelias
1628 4196 1760 4234 cum
1784 4196 1903 4234 non
1917 4179 2098 4235 ferret

449 4273 794 4344 imperator,
836 4270 1000 4326 omni
1045 4269 1098 4323 vi
1121 4269 1415 4340 repellere
1443 4273 1500 4322 et
1528 4267 1788 4340 dejicere
1814 4285 2097 4340 propera-

446 4360 778 4432 bat,prmlio
799 4359 1031 4415 collatis
1057 4359 1240 4431 signis
1260 4358 1437 4413 facto.
1472 4357 1726 4411 Proinde
1745 4358 2096 4430 etigniteras

449 4451 719 4507 triremes
737 4449 972 4504 onerari
984 4449 1006 4520 j
1019 4449 1169 4504 ussit
1183 4448 1628 4518 .etcomportari
1645 4445 2096 4519 Adrianopolim

445 4540 849 4596 fromentariis
873 4539 1022 4594 I27
1049 4537 1297 4594 navibus
1325 4542 1723 4592 commeatum
1747 4535 2094 4607 plurimum,

2201 3366 2456 3430 πισθέντα
2497 3367 2632 3440 πρὸς
2688 3365 2786 3422 τοῦ
2845 3372 3013 3422 Φωκᾶ
3067 3367 3246 3444 Βάρδα
3301 3375 3695 3448 νεωτερισμὸν,
3755 3394 3847 3428 κα-

2204 3454 2371 3530 θάπερ
2459 3477 2552 3528 μοι
2611 3453 2720 3525 ἢδη
2779 3454 3006 3532 ἐρῥήθη,
3093 3460 3160 3513 τὰ
3245 3462 3473 3535 μέγιστα
3536 3463 3848 3537 Ῥωμαίους

2203 3542 2464 3610 ἐσίνοντο,
2495 3542 2799 3621 αἰφνιδίους
2830 3544 3170 3616 ἐπεξελάσεις
3200 3549 3550 3622 ποιούμενοι,
3607 3567 3696 3607 και
3751 3553 3846 3621 τήν

2200 3638 2308 3688 τῶν
2364 3631 2690 3690 Μακεδόνων
2754 3633 3078 3708 ληϊζόμενοι
3136 3638 3224 3692 καὶ
3283 3636 3539 3713 δῃοῦντες
3594 3639 3846 3718 ἀφειδῶς’

2201 3727 2297 3778 τοῦ
2325 3724 2423 3791 τὴν
2453 3720 2766 3778 ἐπιστασίαν
2827 3732 2926 3793 τῆς
2989 3725 3212 3782 ἐνταῦθα
3267 3734 3518 3802 στρατιᾶς
3575 3730 3849 3808 ἐγχειρισ-

2205 3811 2388 3875 θέντος
2420 3813 2675 3870 Ἰωάννου
2705 3815 3047 3890 Μαγίστρου,
3081 3817 3129 3888 ᾧ
3183 3817 3498 3884 Κουρκούας
3542 3818 3845 3893 ἐπώνυμον,

2202 3899 2255 3963 ἐς
2289 3901 2572 3975 ῥᾳστώνην
2603 3900 2692 3956 καὶ
2725 3902 2949 3972 πότους,
2996 3904 3141 3978 παρὰ
3194 3905 3256 3959 τὸ
3312 3906 3480 3977 εἰκὸς,
3522 3908 3852 3964 ἀποκλίναν-

2199 4011 2294 4052 τος
2325 3992 2462 4064 (65),
2497 3990 2734 4065 ἀπείρως
2761 4012 2822 4045 τε
2867 3991 2958 4047 καὶ
3017 3993 3240 4065 ἀμαθῶς
3293 3996 3676 4070 κεχρημένους
3728 4002 3847 4060 τοῖς

2204 4081 2512 4159 πράγμασι⁹
2546 4087 2625 4154 τῷ
2676 4103 2763 4137 τοι
2791 4083 2882 4138 καὶ
2940 4082 2992 4146 ἐς
3049 4085 3334 4149 αὐθάδειαν
3384 4090 3470 4143 καὶ
3533 4090 3727 4165 θράσος
3783 4089 3845 4143 τὰ

2201 4173 2440 4226 Ῥωσικά
2472 4170 2684 4246 ἐπήρθη
2721 4174 3059 4249 φρονήματα.
3113 4177 3224 4243 Τὴν
3289 4177 3599 4254 ὑπέραυχον
3650 4201 3842 4256 τοιγα-

2205 4263 2331 4330 ροῦν
2364 4258 2686 4328 ἀλαζονείαν
2720 4260 2920 4330 αὐτῶν,
2961 4262 3050 4316 καὶ
3100 4264 3192 4317 τὸν
3256 4266 3504 4340 ἀντικρὺς
3560 4278 3843 4343 προπηλαο

2201 4348 2403 4422 κισμὸν
2438 4350 2514 4422 μή
2550 4346 2750 4424 στέγων
2784 4351 2812 4404 ὁ
2849 4350 3127 4425 βασιλεὺς,
3161 4356 3318 4408 παντὶ
3381 4357 3550 4412 σθένει
3593 4356 3840 4412 κολούειν

2203 4439 2296 4494 καὶ
2353 4445 2628 4511 κατασπᾷν
2709 4441 2968 4514 ἠπείγετο
3049 4442 3108 4496 ἐκ
3167 4449 3261 4498 τοῦ
3317 4445 3582 4518 συστάδην
3633 4448 3843 4507 τούτοις

2207 4532 2638 4604 συμπλέκεσθαι.
2666 4533 2937 4596 Ἐντεῦθεν
2977 4535 3065 4589 καὶ
3124 4539 3218 4598 τὰς
3274 4537 3551 4613 ἐμπύρους
3606 4540 3842 4612 τριήρεις

448 4631 710 4702 itemque
738 4629 1022 4701 pabulum
1046 4627 1359 4699 jumentis,
1385 4633 1443 4681 et
1471 4642 1774 4682 armorum
1806 4631 2094 4696 quantum

2205 4620 2511 4695 έρματίζειν
2545 4621 2892 4695 προσέταττε,
2927 4622 3014 4677 καὶ
3053 4627 3132 4696 [Ρ.
3191 4629 3280 4699 78]
3324 4627 3472 4682 σίτου
3530 4626 3734 4696 πλῆθος
3793 4623 3842 4686 ἐς

448 4727 538 4774 sat
564 4737 690 4774 esse
706 4719 1098 4785 militibus,ne
1121 4718 1263 4790 quid
1278 4733 1482 4773 earum
1502 4731 1702 4772 rerum
1715 4715 2098 4772 dimicationis

452 4813 718 4879 tempore
769 4809 1049 4864 Romanis
1106 4808 1357 4864 deesset.
1417 4809 1549 4862 Haec
1599 4808 1736 4863 dum
1789 4813 2094 4879 parantur,

451 4897 814 4954 Theodoram
847 4939 862 4969 ,
933 4898 1304 4955 Constantini
1374 4897 1866 4972 Porphyrogeniti
1951 4897 2094 4969 imp.

2205 4710 2304 4778 τὴν
2338 4713 2434 4763 τοῦ
2491 4706 2778 4783 Ἀδριανοῦ
2832 4711 2996 4766 πόλιν
3047 4710 3136 4767 διὰ
3186 4718 3291 4768 τῶν
3345 4721 3584 4790 σιτηγῶν
3641 4711 3844 4770 πλοίων

2207 4798 2473 4872 κομίζειν,
2505 4800 2593 4853 καὶ
2657 4800 3015 4874 χορτάσματα
3044 4806 3149 4856 τῶν
3212 4805 3520 4878 ὑποζυγίων
3565 4807 3653 4861 καὶ
3715 4801 3844 4858 ἀπο-

2207 4892 2430 4964 χρῶντα
2458 4886 2603 4942 ὅπλα
2630 4894 2697 4956 τῆ
2732 4893 2970 4960 στοατιᾷ,
3005 4891 3080 4953 ὡς
3145 4895 3220 4965 μή
3278 4913 3426 4958 τινος
3481 4895 3687 4951 τούτων
3719 4892 3848 4948 κατὰ

1657 5023 1716 5080 C.
1759 5025 1819 5078 Β.
1864 5024 2052 5078 HASII
2088 5021 2642 5080 ANNOTATIONES.

522 5147 568 5184 ⁵⁸
595 5149 750 5205 Fort.
786 5147 1033 5225 ἀναφέρει
1064 5169 1142 5203 τε.
1174 5149 1220 5185 ⁵⁷
1249 5149 1538 5224 αἲρόμενος
1567 5149 1698 5205 cod.

519 5264 634 5340 (ῥῷ
657 5263 737 5320 Τὰ
766 5262 999 5340 φίλτατα
1021 5271 1168 5340 sunt
1199 5266 1388 5340 liberi.
1413 5272 1477 5320 ut
1511 5267 1574 5340 in
1605 5270 1746 5340 nota
1775 5265 2096 5340 locutione,

455 5331 883 5410 κυϐεύεινηπερὶ
956 5335 1266 5408 φιλτάτοις,
1325 5337 1686 5410 Wernsdorf.
1744 5331 2096 5410 ad_Himer.

454 5411 579 5464 874.
609 5412 664 5462 C.
705 5408 838 5463 VidJ
869 5424 1105 5479 quoque
1137 5425 1316 5479 supra
1339 5410 1392 5462 8.
1443 5409 1504 5463 C.
1566 5409 1710 5462 Item
1747 5408 2099 5465 Valckenar.

453 5481 528 5536 ad
563 5480 848 5535 thniss.
881 5481 1000 5534 193.
1039 5483 1158 5534 162.
1188 5487 1246 5534 et
1273 5479 1465 5534 virum
1525 5480 1586 5534 in
1636 5479 1851 5534 litteris
1885 5481 2101 5535 Graecis

454 5553 784 5625 principem
809 5556 1052 5624 August.
1087 5552 1298 5606 ΒαθοΙώ
1334 5553 1399 5606 In
1431 5551 1584 5625 Plat.
1614 5552 2012 5625 Minoem‘t23.
2039 5553 2099 5608 Β.

452 5622 1018 5683 Βθάάὶᾶί.οὴανοιῖιιιη
1028 5623 1549 5696 suorum,exemplo
1566 5622 1850 5679 Lactantii
1874 5623 1953 5696 De
1968 5639 2102 5679 vero

453 5697 616 5754 cultu
643 5697 935 5769 540,23,“
964 5696 1158 5755 charos
1194 5713 1317 5756 suos
1344 5693 1470 5755 Deo'
1482 5695 1816 5770 relinquere.
1835 5693 1954 5753 Alii
1982 5710 2105 5752 ver-

2208 5268 2409 5320 terunt
2440 5263 2768 5320 charissima
2791 5267 3048 5335 pignora,
3073 5271 3139 5322 ut
3170 5269 3345 5326 Henr.
3381 5271 3651 5327 Valesius
3667 5272 3739 5327 ad
3755 5275 3830 5324 Eu

2213 5336 2514 5413 seh._Hist.
2550 5335 2866 5413 Eccl._355_.
2927 5338 2990 5392 D.
3051 5339 3398 5413 Vulcanius,
3458 5360 3581 5413 quas
3622 5343 3853 5413 habebat

2212 5408 2557 5462 charissima.
2591 5407 2665 5461 ad
2697 5409 2904 5476 Agath.
2941 5413 3060 5465 137.
3092 5414 3136 5465 Α
3191 5412 3410 5468 Eodem
3442 5407 3622 5470 sensu
3680 5412 3743 5467 τὰ
3771 5432 3850 5466 τι·

2213 5479 2461 5606 ἔέιὲτσῗα
2491 5478 2722 5533 videtur
2739 5479 2852 5534 dici
2879 5484 3031 5553 apud
3064 5483 3431 5554 Byzantinos.
3465 5486 3767 5544 Cedrenus
3787 5484 3850 5539 ΙΙ.

2213 5694 2257 5752 D
2284 5619 2704 5750 ($5)AAgathias
2737 5624 2818 5676 l9.
2852 5623 2912 5678 C.
2945 5623 3160 5679 Confer
3190 5631 3479 5697 prmterea
3530 5629 3780 5688 Leonem
3803 5629 3855 5683 4.
