4186 6308
410 325 533 384 849

414 460 523 521 πὰς
582 456 860 532 μηχανὰς.
954 453 1126 529 βάδην
1203 455 1478 526 ἐξόπισθεν

417 545 673 622 προέδρῳ
703 546 993 618 Βασιλείῳ,
1027 546 1190 617 ᾦτήν
1221 544 1429 599 τούτων
1463 545 1491 598 ὁ
1525 541 1778 618 βασιλεὺς
1819 540 2076 614 ἐπέτρεψε

414 639 693 712 πρόνοιαν.
728 635 879 691 Ἐπεὶ
919 632 976 689 δέ
1021 635 1148 696 τοὺς
1205 632 1520 711 ἐπισφαλεῖς
1579 631 1669 686 καὶ
1725 629 2072 703 κρημνώδεις

414 727 620 788 τόπους
677 723 904 779 διώδευε
960 726 1073 797 (81)
1157 723 1302 798 παρὰ
1366 727 1539 776 πᾶσαν
1606 720 1862 775 ὑπόνοιαν
1894 720 1960 789 ⁸⁸,
2010 719 2072 773 τὸ

415 816 671 870 σύντονον
732 813 978 888 ἐπισχὼν
1037 815 1136 877 τῆς
1194 813 1438 886 πορείας,
1499 810 1586 864 ἐπί
1645 829 1808 878 τινος,
1869 807 2072 883 ἐχυροῦ

413 902 672 979 γηλόφου
919 901 977 956 ἐκ
1031 905 1127 955 τοῦ
1215 903 1324 973 [Ρ.
1361 903 1476 972 8'3]
1556 898 1784 971 θατέρου
1873 894 2072 970 μέρους

416 988 793 1067 παραρρέοντα
824 991 872 1026 ⁸9
908 985 1133 1065 ἔχοντος
1165 990 1438 1061 ποταμὸν,
1502 985 1708 1042 ὑδάτων
1767 983 2068 1060 πληθώραν

417 1079 892 1156 ἐπαγγελλόμενον
922 1082 967 1115 ⁷ο
1002 1123 1015 1147 ,
1073 1081 1172 1146 τήν
1215 1099 1272 1132 τε
1323 1077 1490 1131 ἳππον
1549 1077 1638 1130 καὶ
1690 1076 1781 1130 τὸν
1841 1075 2067 1145 στρατὸν

416 1169 787 1226 διανέπαυσεν.
821 1169 976 1244 Ἄρτι
1028 1166 1082 1222 δὲ
1140 1169 1408 1240 σταθηρᾶς
1461 1167 1668 1240 ἡμέρας
1719 1163 2066 1237 ἀπαυγαζού-

412 1282 538 1330 σης,
601 1258 885 1322 διαναστὰς
939 1259 1029 1313 καὶ
1091 1257 1143 1318 ἐς
1207 1258 1419 1332 βαθείας
1478 1255 1763 1333 φάλαγγας
1817 1251 2064 1322 διατάξας

408 1352 474 1406 τὸ
507 1353 834 1426 στράτευμα,
866 1351 964 1417 τὴν
999 1349 1085 1404 ἐπὶ
1142 1344 1519 1423 [Ιραισθλάϐας
1575 1349 1680 1417 ῇει,
1741 1346 1940 1418 θαμινά
1967 1345 2063 1407 τὰς

404 1439 711 1515 σάλπιγγας
771 1441 834 1494 τὸ
888 1437 1136 1494 ἐνυάλιον
1225 1437 1681 1512 ἐγκελευσάμενος
1774 1435 2006 1509 ἐπηχεῖν
2048 1480 2063 1504 ,

407 1529 704 1598 ἀλαλάζειν
731 1549 790 1584 τε
818 1529 886 1584 τὰ
913 1525 1194 1601 κύμϐαλα,
1226 1526 1315 1581 καί
1345 1527 1413 1580 τὰ
1439 1525 1692 1598 τύμπανα
1712 1529 1966 1597 παταγεῖν
1992 1527 2060 1579 τί.

402 1621 685 1676 Ἐντεῦθεν
737 1619 839 1693 βοή
897 1639 980 1680 τις
1032 1615 1267 1692 ἅῤῥητος
1328 1613 1624 1683 ἀνεδίδοτο,
1688 1613 2062 1688 συνεπηχούν-

403 1729 514 1762 των
571 1714 687 1769 τοῖς
742 1709 1049 1781 τυμπάνοις
1131 1711 1238 1760 τῶν
1297 1705 1468 1760 ἐκεῖσε
1543 1703 1711 1779 ὀρέων
1757 1705 1910 1776 (83),
1969 1702 2059 1756 καὶ

1772 318 2168 380 HISTORIA?)
2211 321 2356 381 LlB.
2391 324 2552 385 VIII.

1566 454 1772 521 εἴπετο,
1829 449 1861 506 ἄ
1868 473 1941 525 μα
1997 457 2048 507 τί

2185 473 2321 511 cum
2353 459 2567 514 Basilio
2599 459 2874 531 prmside,
2909 460 3000 515 cui
3034 460 3358 532 imperator
3385 462 3598 518 horum
3629 481 3832 534 curam

3715 329 3836 390 850

2187 549 2588 614 commiserat,
2636 550 2738 617 lta,
2788 549 2887 604 ubi
2940 555 3156 620 praeter
3185 550 3452 605 omnium
3485 552 3832 622 opinionem

2184 637 2518 706 periculosa
2573 645 2631 694 et
2684 644 2984 710 praerupta
3038 640 3169 694 loca
3217 641 3585 704 transiverat,
3621 641 3832 703 itinere

2183 726 2400 795 raptim
2431 729 2583 783 183
2617 728 2883 784 confecto
2906 727 3170 783 substitit
3194 746 3206 795 ;
3240 729 3419 799 inque
3443 729 3594 784 colle
3619 737 3833 786 natura

2183 818 2433 885 munito,
2469 819 2569 889 qui
2595 820 2668 874 ab
2701 826 2954 890 utroque
3003 820 3187 875 latere
3235 820 3493 875 habebat
3527 823 3831 892 praeterla-

2179 903 2398 959 bensco
2413 907 2690 977 piamque
2721 924 3009 978 aquarum
3041 908 3312 978 praebens
3345 909 3829 980 flumen,equita-

2181 998 2303 1046 tum
2340 998 2397 1047 et
2426 994 2646 1049 milites
2694 995 2766 1050 ab
2819 995 3031 1050 itinere
3078 996 3303 1050 refecit.
3355 998 3596 1052 Postero
3627 999 3722 1052 die
3755 999 3827 1054 de

2177 1083 2367 1137 multa
2398 1084 2527 1138 luce
2559 1090 2754 1140 movet
2782 1091 2996 1148 castra,
3029 1091 3104 1154 et,
3136 1087 3394 1140 exercitu
3421 1088 3482 1141 in
3503 1089 3828 1158 profundas

2177 1175 2498 1247 phalanges
2521 1176 2830 1246 disposito,
2856 1176 3282 1231 Przesthlabam
3310 1180 3827 1235 contendit.Lituis

2173 1263 2522 1333 frequenter
2569 1265 2883 1320 classicum
2937 1266 3196 1330 concini,
3254 1267 3526 1337 cymbala
3573 1271 3826 1339 percuti,

2175 1357 2455 1424 tympana
2485 1354 2709 1424 pulsari
2759 1356 3033 1426 imperat.
3069 1357 3212 1409 Tum
3261 1356 3550 1410 ineffabili
3583 1358 3821 1413 fremitu

2173 1448 2386 1497 cuncta
2440 1449 2739 1498 retonent.
2800 1444 3270 1499 Admurmurant
3325 1447 3624 1516 tympanis
3674 1448 3821 1519 juga

2172 1532 2452 1603 regionis,
2485 1537 2848 1604 concrepant
2870 1549 3056 1595 arma,
3089 1534 3376 1589 hinniunt
3402 1537 3557 1605 equi,
3592 1536 3825 1591 concla-

2171 1625 2336 1674 mant
2369 1621 2608 1688 milites,
2637 1639 2818 1692 seque
2845 1623 2920 1678 ad
2942 1624 3215 1694 praelium
3248 1623 3319 1678 de
3352 1640 3516 1678 more
3547 1625 3820 1680 incitant.

2169 1711 2620 1781 Tauroscythas,
2655 1713 2978 1767 exercitum
3010 1729 3146 1767 cum
3178 1729 3288 1767 usu
3319 1712 3562 1767 militari
3594 1714 3820 1768 adven-

397 1796 870 1853 ἀντικτυπούντων
906 1795 1013 1852 τῶν
1043 1794 1254 1865 ὅπλων,
1311 1794 1400 1848 καὶ
1457 1798 1564 1848 τῶν
1604 1794 1786 1847 ἳππων
1849 1811 2048 1866 χρεμε-

2169 1802 2394 1852 tantem
2454 1799 2827 1870 conspicatos
2876 1817 3010 1856 cum
3069 1818 3164 1855 res
3217 1807 3432 1872 praeter
3475 1801 3819 1872 opinionem

391 1889 681 1956 τιζόντων,
739 1891 848 1956 τῷν
907 1907 962 1940 τε
1009 1883 1218 1959 ἀνδρῶν
1281 1882 1556 1953 ἀλλήλοις
1616 1877 1935 1937 ἐκϐοώντιυν
1963 1879 2050 1934 καὶ

395 1982 536 2054 πρὸς
617 1982 717 2048 τήν
811 1978 997 2052 μάχην

403 2068 786 2143 Ταυροσκύθας
837 2065 914 2136 δὲ,
971 2068 1068 2134 τήν
1118 2069 1214 2119 τοῦ
1273 2060 1637 2135 στρατοπέδου
1700 2065 1814 2134 μετ’
1872 2060 2056 2132 ἐμπει-

399 2159 522 2234 ρίας
559 2158 634 2218 ὡς
672 2156 866 2220 αὐτοὺς
923 2157 1257 2231 ἀθρήσαντας
1279 2155 1326 2189 ⁷²
1383 2152 1714 2222 ἐπεξέλασιν,
1766 2151 2053 2224 ἀμηχανία

394 2247 489 2301 καὶ
519 2245 637 2308 δέος
697 2242 841 2322 ᾕρει,
897 2251 978 2318 τῷ
1004 2241 1406 2320 ἀπροσδοκήτῳ
1461 2241 1903 2316 καταπλαγέντας
1954 2243 2052 2294 τοῦ

392 2336 736 2411 πράγματος·
774 2335 949 2392 ’Λλλά
977 2335 1065 2389 καὶ
1108 2331 1180 2394 ὥς
1231 2330 1440 2405 σπουδῇ
1466 2333 1534 2386 τά
1581 2331 1726 2385 ὅπλα
1778 2328 2048 2401 ἁρπάσαν-

387 2447 480 2487 τες
515 2470 529 2492 ,
589 2426 678 2479 καὶ
736 2425 864 2485 τοὺς
925 2421 1148 2498 θυρεοὺς
1214 2421 1624 2494 ἐπωμισάμενοι
1691 2418 1935 2493 (ἐρυμνοὶ
1993 2415 2049 2472 δέ

393 2516 551 2570 οὗτοι
589 2560 602 2584 ,
660 2516 747 2569 καὶ
804 2514 854 2575 ἐς
910 2513 971 2568 τὸ
1029 2513 1267 2590 ἀσφαλὲς
1323 2508 1587 2585 ποδήρεις
1646 2509 2047 2582 ἐξειργασμένοι

388 2604 764 2677 πεποίηνται),
828 2602 882 2665 ἐς
939 2603 1197 2675 καρτερὸν
1258 2601 1730 2660 ἀντικαταστάντες
1789 2618 2046 2652 συνασπι-

392 2694 535 2765 σμὸν
565 2693 631 2762 73,
689 2692 775 2747 ἐπὶ
827 2694 890 2746 τὸ
952 2693 1059 2766 πρὸ
1114 2696 1210 2745 τοῦ
1267 2688 1455 2753 ἄστεος
1510 2687 1821 2758 ἱππήλατον
1864 2684 2043 2740 πεδίον

384 2781 684 2853 Ῥωμαίοις
715 2779 1069 2854 ἀντεπῄεσαν,
1110 2777 1265 2848 δίκην
1299 2777 1506 2852 θηρίων
1541 2776 1916 2852 βρυχώμενοι,
1953 2774 2041 2828 καὶ

392 2871 586 2938 καινὴν
618 2870 703 2924 καὶ
737 2868 1040 2924 ἀλλόκοτον
1099 2870 1414 2943 προϊέμενοι
1475 2866 1718 2941 ὠρυγήν.
1777 2866 2042 2937 Ῥωμαῖοι

387 2957 468 3027 δὲ,
523 2955 896 3031 συμϐαλόντες
953 2958 1158 3026 αὐτοές,
1215 2955 1540 3031 ἐρρωμένως
1595 2956 1892 3028 ἐμάχοντο,
1951 2954 2040 3007 καὶ

382 3049 504 3118 ἄξια
535 3046 798 3120 πολέμων
831 3044 962 3124 ἔργα
1006 3047 1340 3122 εἰργάζοντο,
1372 3053 1472 3114 τῆς
1505 3046 1690 3118 μάχης
1742 3041 2041 3104 ἷσοπαλοῦς

382 3138 732 3215 ἀμφοτέροις
762 3136 1152 3213 γεγενημένης.
1205 3136 1464 3193 Ἐνταῦθα
1520 3139 1636 3195 τοῖς
1695 3133 1980 3193 ἀθανάτοις
2011 3132 2039 3186 ὁ

389 3226 649 3302 βασιλεὺς
676 3227 812 3280 κατὰ
849 3226 910 3280 τὸ
943 3225 1218 3298 εὐώνυμον
1255 3229 1362 3279 τῶν
1417 3225 1639 3278 Σκυθῶν
1689 3222 1849 3296 κέρας
1907 3222 2040 3294 μετά

385 3317 571 3390 ῥύμης
616 3311 926 3370 εἰσϐάλλειν
987 3312 1350 3389 ἐγκελεύεται.
1409 3314 1476 3370 Οἱ
1534 3310 1610 3381 δὲ,
1670 3307 2039 3386 προϐαλόντες

381 3405 514 3467 τοὺς
550 3405 796 3472 ἄκοντας,
839 3404 926 3458 καὶ
989 3402 1238 3477 σφοδρῶς
1295 3407 1410 3464 τοῖς
1468 3401 1652 3476 μύωψι
1682 3400 1809 3462 τοὺς
1835 3401 2041 3460 ἳππους

372 3495 770 3568 κεντρίσαντες,
831 3493 966 3547 κατά
1013 3493 1220 3547 τούτων
1281 3491 1542 3560 ἤλαυνον.
1579 3490 1777 3544 Σκύθαι
1840 3484 2040 3558 δέ,ἀτε

1084 1972 1550 2050 ἐπιβρωννύντων,
1625 1974 1700 2035 ὡς
1755 1973 1818 2027 τὸ
1887 1970 2050 2033 εἰκός.

378 3582 692 3657 πεζέταιροι
751 3581 1211 3657 χρηματίζοντες·
1273 3577 1399 3634 οὐδέ
1456 3581 1557 3655 γὰρ
1614 3580 1704 3652 ἀφ’
1761 3577 1950 3632 ’ίππων
2035 3577 2332 3651 εἰθισμένον
2414 3577 2554 3632 ἐστὶν
2624 3577 2808 3638 αὐτοῖς

377 3676 543 3727 τοῦτο
601 3670 989 3746 γυμνάζονταιο
1043 3671 1154 3748 οὐχ
1213 3670 1515 3742 ὑπήνεγκαν
1571 3668 1664 3722 τὸν
1720 3672 1828 3722 τῶν
1905 3667 2196 3739 Ῥωμαίων
2278 3665 2629 3740 δορατισμὸν,

381 3762 476 3816 τὸν
535 3765 632 3814 τοῦ
692 3756 876 3820 ἄστεος
931 3753 1232 3834 περίϐολον
1293 3756 1684 3812 συνεκλείοντο·
1749 3752 1838 3817 οὕς
1896 3754 2252 3828 ἐπισπόμενοι
2310 3756 2578 3828 Ῥωμαῖοι
2631 3753 2880 3825 ἀνηλεῶς
2937 3750 3187 3810 ἔκτεινον.

2167 1888 2500 1954 accidisset,
2527 1888 2816 1944 dubitatio
2851 1891 3145 1960 timorque
3176 1891 3577 1945 tenuit.Arma
3607 1891 3822 1945 nihilo-

2163 1977 2364 2032 minus
2413 1977 2689 2032 celeriter
2741 1983 3047 2049 ceperunt,
3109 1979 3410 2048 scutisque
3441 1980 3502 2032 in
3530 1980 3812 2034 humeros

2164 2064 2412 2118 sublatis
2441 2065 2534 2136 (ea
2562 2071 2759 2120 autem
2778 2070 2835 2120 et
2865 2067 3146 2136 perﬁrma
3169 2071 3418 2135 sunt,et,
3448 2083 3564 2137 quo
3595 2067 3812 2122 melius

2165 2159 2380 2225 tegant,
2411 2154 2485 2209 ad
2514 2154 2696 2225 pedes
2727 2155 3069 2225 pertinent),
3103 2154 3370 2210 conferta
3399 2156 3524 2210 acie
3555 2155 3617 2209 in
3649 2157 3812 2226 equi-

2161 2243 2325 2297 tabili
2375 2249 2510 2298 ante
2555 2244 2839 2315 oppidum
2896 2245 3144 2315 planitie
3174 2245 3456 2301 Romanis
3487 2245 3718 2299 obviam
3751 2262 3814 2300 se

2162 2334 2525 2404 obtulerunt,
2601 2334 2938 2388 belluarum
3003 2335 3124 2388 ritu
3189 2335 3510 2406 rugientes,
3581 2335 3812 2390 sublato

2160 2422 2384 2477 absono
2413 2428 2693 2493 vastoque
2723 2423 2976 2478 ululatu.
3003 2423 3213 2477 Prwlio
3236 2425 3554 2479 commisso
3582 2425 3814 2479 fortiter

2163 2515 2429 2583 pugnant
2449 2512 2656 2576 nostri,
2678 2511 2944 2566 facinora
2966 2511 3180 2566 bellica
3199 2513 3499 2567 mirabilia
3520 2513 3807 2568 efﬁciunt.

2157 2601 2301 2653 Cum
2347 2599 2568 2654 diutius
2618 2601 2746 2670 pari
2797 2603 2975 2655 Marte
3027 2600 3428 2670 dimicaretur,
3487 2603 3810 2673 imperator

2155 2689 2527 2743 Immortales
2550 2690 2857 2744 sinistrum
2881 2691 3229 2761 Scytharum
3253 2708 3438 2745 cornu
3461 2708 3638 2746 cursu
3661 2692 3808 2746 inci-

2158 2782 2277 2832 tato
2299 2778 2516 2832 adoriri
2535 2778 3016 2849 jubet.lli,equos
3039 2779 3369 2855 calcaribus
3391 2780 3806 2849 incendentes,

2155 2867 2380 2922 lanceis
2403 2866 2635 2921 infestis
2657 2868 2813 2922 134
2838 2867 2899 2922 in
2922 2868 3123 2922 hostes
3155 2885 3215 2922 se
3247 2868 3617 2938 permittunt.
3652 2871 3809 2933 Quo-

2153 2973 2288 3012 rum
2321 2955 2597 3026 cuspides
2628 2973 2764 3011 cum
2816 2956 3066 3028 Scythae,
3117 2962 3183 3010 ut
3227 2957 3476 3027 pedites,
3511 2958 3804 3013 sustinere

2151 3062 2272 3100 non
2303 3049 2585 3115 possent:
2619 3060 2812 3116 neque
2835 3045 2993 3099 enim
3017 3045 3327 3115 praeliandi
3361 3061 3430 3099 ex
3462 3045 3630 3116 equis
3660 3063 3804 3100 con-

2154 3133 2530 3190 suetudinem
2580 3133 2820 3202 habent,
2873 3151 3066 3204 neque
3116 3151 3186 3190 ea
3224 3135 3284 3188 in
3317 3151 3380 3188 re
3413 3141 3801 3194 exercentur:

2149 3225 2299 3297 fugae
2334 3241 2394 3279 se
2426 3224 2735 3291 mandant,
2769 3225 2950 3295 inque
2981 3224 3181 3296 oppidi
3214 3224 3432 3279 mmnia
3462 3241 3524 3279 se
3555 3226 3800 3280 conclu-

2150 3314 2330 3369 dunt:
2363 3330 2512 3384 quos
2569 3314 2823 3368 insecuti
2883 3315 3132 3368 Romani
3184 3314 3352 3368 nulla
3390 3314 3803 3370 misericordia

2150 3403 2558 3459 conciderunt.
2620 3404 2753 3457 Hazc
2811 3403 3206 3474 impressione
3276 3403 3618 3460 interfectos
3671 3421 3801 3460 esse

2153 3493 2318 3546 aiunt
2350 3492 2591 3562 Scythas
2624 3493 2809 3546 octies
2842 3492 3006 3546 mille
3029 3492 3405 3563 quingentos.

2895 3577 3267 3653 ἀγωνίζεσθαι,
3333 3577 3417 3632 ὅτι
3475 3576 3615 3651 μηδέ
3666 3579 3804 3653 πρὸς

2717 3665 2842 3720 ἀλλ’
2917 3665 3253 3727 ἐκκλίναντες
3313 3665 3389 3728 εἷς
3448 3669 3644 3744 φυγήν,
3705 3666 3790 3721 ἐπὶ

3275 3755 3414 3810 Φασὶ
3491 3756 3594 3831 γὰρ
3652 3777 3757 3830 παρ
3769 3756 3801 3810 ἀ

379 3871 585 3921 ταυτην
617 3851 714 3918 τήν
748 3845 1062 3924 προσϐολήν
1101 3847 1231 3903 ὀκτα
1260 3845 1571 3922 κιο-χιλίους
1605 3846 1738 3920 πρὸς
1773 3844 1888 3907 τοῖς
1919 3845 2297 3906 πεντακοσίοις
2332 3845 2676 3919 ἀναιρεθῆναι
2712 3850 2955 3908 Σκυθῶν.

453 3954 510 4009 ε“,
542 3953 608 4006 Οἱ
642 3950 697 4005 δὲ
737 3948 1200 4026 περιλειφθέντες,
1247 3948 1361 4003 ἐπεὶ
1415 3948 1551 4018 πρὸς
1597 3948 1661 4001 τὸ
1718 3948 1848 4002 ἄστυ
1910 3967 2036 4000 συν-

379 4039 777 4110 εκλείσθησαν,
837 4039 895 4094 ἐκ
949 4040 1056 4093 τῶν
1116 4037 1388 4108 ἐπάλξεων
1442 4036 1642 4091 ἄνωθεν
1709 4036 2032 4113 έρρωμένως

381 4125 832 4204 ἠκροϐολίζοντο·
895 4130 1206 4197 Τηνικαῦτα
1227 4126 1439 4202 λέγεται
1467 4126 1554 4180 καὶ
1585 4128 1675 4180 τὸν
1735 4125 2032 4200 Πατρίκιον

2217 3952 2268 4001 Ei.
2303 3947 2409 4012 Qui
2434 3947 2868 4018 superfuerant,
2895 3948 2933 4001 ii
2963 3947 3022 4001 in
3051 3947 3335 4019 oppidum
3362 3947 3577 4002 inclusi
3611 3966 3640 4002 e
3671 3965 3797 4004 mu-

2147 4038 2228 4092 ris
2269 4038 2458 4108 deque
2516 4038 2644 4092 loco
2706 4038 3008 4108 superiore
3062 4039 3196 4092 telis
3253 4039 3538 4110 conjectis
3569 4038 3802 4095 fortiter

2147 4127 2527 4182 resistebant.
2562 4127 2778 4182 Eodem
2813 4133 3079 4198 tempore
3109 4128 3454 4198 Calocyrem
3484 4128 3800 4185 Patricium

1588 4281 1649 4333 C.
1693 4279 1754 4333 Β.
1799 4277 1986 4332 HASII
2027 4277 2582 4333 ANNOTATIONES.

458 4452 505 4485 ⁸⁸
531 4449 806 4536 ὑπόνοιαν.
841 4452 1186 4536 Νοιδ.“νοος.5
1227 4447 1491 4536 ,πρόνοιαγ
1520 4457 1590 4536 'et
1638 4447 1894 4536 ύπόνοιαν

2164 4451 2356 4536 .cinas,
2404 4451 2947 4536 ob‘negligenti’am
2987 4452 3087 4536 χοι
3144 4452 3408 4536 ipopiam
3468 4452 3794 4536 scriptoris.

384 4522 435 4598 {9
463 4521 862 4598 παραρῥέοντος
894 4523 1022 4577 cod.
1123 4522 1168 4556 ⁷⁸
1225 4518 1744 4598 ἐτιὶαγγελλόμενος-⁸
1766 4521 1895 4576 cod.

386 4595 660 4650 firmatur
687 4595 1033 4666 conjectura
1062 4609 1197 4649 mea
1227 4610 1406 4664 supra
1435 4595 1523 4646 66.
1565 4597 1622 4647 C.

2000 4520 2045 4554 7‘
2072 4526 2349 4592 παταγεῖν.

1702 4591 1748 4626 ⁷⁸
1779 4593 2131 4664 συνασπισμῷ
2171 4591 2276 4648 cdd
2288 4635 2300 4648 .

2413 4523 2540 4578 Vid.
2601 4522 2781 4593 supra
2836 4527 2923 4576 22.
2987 4525 3046 4577 B.
3147 4524 3191 4557 7'
3245 4522 3600 4596 ἀθρήσαντας.
3656 4522 3798 4576 Inde

462 4793 574 4862 (8|)
609 4793 881 4881 Imdi'tatu‘r
907 4791 1016 4881 [fico
1038 4791 1301 4881 totonhoc
1323 4791 1513 4872 capite
1547 4789 1806 4881 Agathiaa
1836 4807 2045 4872 narra:

2164 4809 2247 4881 τας
2307 4789 2393 4842 καὶ
2455 4788 2544 4842 τὸν
2605 4788 3047 4881 ἐρημικὸντβίον
3102 4788 3532 4881 ἀσπαζομένους,
3591 4790 3660 4881 ἐνἼ
3682 4796 3800 4854 τοῖς

2347 4860 2396 4881 liv
2597 4879 2630 4881 __
2980 4861 2987 4872 ’
3032 4879 3064 4881 ,Α

391 4864 614 4918 tionem
650 4862 768 4917 124.
812 4865 871 4916 C.
907 4863 970 4916 Ι).
1023 4862 1095 4916 de
1156 4864 1437 4916 Romanis
1494 4868 1756 4916 montem
1814 4862 2041 4933 regioni

391 4935 858 4989 Misimianorum
891 4933 1188 5004 objectum
1223 4934 1461 4988 nemine
1514 4933 1839 4986 obsistente
1872 4950 2038 5004 supe-

387 5007 678 5061 rantibus.

461 5081 569 5145 (82)
596 5077 992 5142 Credendum,
1026 5077 1364 5130 Tzimiscem
1417 5075 1804 5146 Andrinopoli
1843 5075 2034 5146 profe-

385 5156 546 5204 ctum
567 5168 670 5219 per
693 5150 958 5203 Haamum
981 5148 1270 5218 inl’anysi
1293 5147 1620 5202 convallem
1644 5145 1704 5200 se
1728 5145 2038 5201 demisiSse

385 5220 488 5274 ubi
521 5227 648 5274 erat
675 5221 882 5275 civitas
914 5219 1170 5283 l’robati,
1204 5220 1372 5288 cujus
1401 5219 1680 5288 frequens
1713 5219 1935 5272 mentio
1978 5219 2038 5272 in

390 5293 517 5346 Vita
552 5310 658 5345 ms.
694 5292 948 5362 (opinor)
1007 5291 1060 5344 S.
1105 5291 1384 5352 Evaresti,
1446 5290 1603 5344 circa
1633 5306 1689 5343 a.
1745 5291 1867 5362 844.
1903 5305 2037 5344 cum

383 5363 592 5435 legatis
617 5361 935 5417 Theodorm
963 5368 1232 5435 Augusta:
1255 5379 1354 5435 eas
1379 5362 1534 5435 ipsas
1559 5367 1756 5435 partes
1777 5361 2034 5435 lustran-

386 5432 477 5488 tis'.
513 5436 588 5488 De
621 5452 736 5504 quo
769 5437 925 5489 inter
953 5434 1070 5504 alia
1114 5434 1239 5488 haec
1295 5433 1357 5486 in
1415 5432 1552 5504 Cod.
1609 5434 1744 5504 Reg.
1797 5449 1909 5504 sane
1940 5433 2034 5504 X_:

385 5505 481 5558 Καὶ
512 5504 584 5565 ὡς
617 5501 748 5575 πρός
781 5527 830 5560 τι
882 5502 1173 5576 πολίχνιον
1212 5502 1495 5576 -Θρᾳκικὸν
1553 5501 1840 5576 Προϐάτου
1873 5501 2036 5575 λεγό-

386 5596 543 5648 μενον
576 5571 936 5652 παρεγένοντο
968 5571 1094 5636 τοῦς
1151 5571 1360 5652 novo-pi
1405 5571 1871 5652 Saavandﬁ‘aov‘cs;
1904 5571 2036 5626 πυν-

384 5637 776 5711 ὸσὶνεταίτινάς
832 5649 860 5702 ὁ
919 5646 1218 5722 Εὐάρεστος
1268 5642 1463 5718 ἄνδρας
1515 5641 1771 5712 εὐλαϐείᾳ
1829 5637 2031 5712 συζῶν-

2154 4860 2533 4944 πλησιιέζουσίἱ
2597 4860 3148 4944 χ’ῶροις.“ὑπάιρχειν
3249 4860 3328 4914 ἐν’
3384 4861 3538 4944 τόπερ
3620 4860 3803 4944 Αλεςγο-

2151 4931 2298 5003 μένῳ
2332 4929 2788 5003 Σκοπέλῳῗριιω
2821 4933 2954 4987 ideo
2986 4929 3080 4988 hic
3111 4950 3286 5004 pono,
3321 4935 3477 5004 quod
3507 4929 3580 4990 Le
3612 4929 3799 5000 Qui'en

2149 5005 2374 5079 Orient.
2419 5005 2632 5079 Christ.
2669 5008 2706 5058 Ι.
2743 5006 2899 5079 1-1-85.
3051 5011 3292 5079 praeter
3322 5023 3501 5061 unam
3537 5008 3798 5079 episcopi

2151 5076 2646 5147 subscriptionem
2682 5076 2910 5131 nullam
2962 5077 3138 5146 hujus
3188 5077 3440 5132 civitatis
3486 5076 3797 5134 occurrere

2152 5149 2516 5202 mentionem
2546 5152 2732 5219 putat.
2766 5148 2846 5202 De
2895 5148 3138 5219 Scopelo
3173 5148 3329 5202 idem
3361 5150 3504 5205 ibid.
3541 5153 3695 5204 1185.
3730 5152 3795 5205 D.

2221 5221 2330 5290 (83)
2370 5219 2537 5292 Velut
2583 5220 2783 5292 Turcis
2836 5220 3239 5274 Cantacuzeno
3271 5221 3414 5292 imp.
3449 5222 3799 5277 auxilianti-

2147 5289 2291 5362 bus,
2334 5290 2501 5362 apud
2541 5291 2869 5361 Nicaeplior.
2923 5292 3158 5362 Gregor.
3221 5289 3432 5346 Histor.
3479 5295 3544 5348 ΙΙ.
3577 5295 3797 5350 451A.

2146 5360 2297 5434 Ἐνπεῖ
2332 5359 2388 5414 δέ
2420 5360 2506 5434 καὶ
2567 5359 2715 5421 τοῖς“
2741 5365 2860 5434 τῶν
2905 5359 3226 5434 σαλπίγγων
3283 5383 3342 5415 τε
3393 5364 3482 5415 καὶ
3512 5368 3630 5434 ςεῶν
3660 5383 3799 5434 τυμ-

2145 5433 2328 5507 ποὶνων
2363 5431 2580 5507 κρότοις
2615 5431 3025 5507 συνανεκίρνατο
3055 5430 3139 5486 καί
3177 5434 3210 5500 ἡ
3241 5439 3356 5493 τοῖς
3396 5430 3691 5507 βαρϐάροις
3725 5430 3794 5477 ὲ-

2143 5501 2433 5572 ἡλικιῶτις
2465 5502 2702 5576 κλαγγὴ,
2731 5525 2783 5560 κ.
2831 5501 2879 5560 τξ
2933 5501 2986 5558 λ.
3041 5507 3341 5575 Expressit
3373 5501 3481 5560 lleo
3516 5501 3609 5560 hic
3640 5523 3788 5576 quo-

2144 5594 2257 5647 que
2288 5577 2596 5649 Agathiam
2636 5581 2749 5632 102.
2782 5577 2841 5630 Β.
