4190 6322
421 342 540 401 853

1866 338 2152 401 LEONIS
2205 339 2517 402 DIACONI

3724 344 3843 405 856

423 471 819 544 direptionem
851 474 1140 529 conversi.
1200 475 1341 530 Inde
1392 475 1618 546 regiam
1665 478 2070 546 oppugnatum

2187 475 2362 543 μενεῖς
2392 471 2821 546 ἀποκτείνοντες,
2880 473 2946 529 τά
3005 472 3063 530 δὲ
3119 475 3382 551 χρήματα
3417 471 3839 550 διαρπάζοντες.

423 563 573 617 187
601 569 1035 634 venerunt,quo
1060 569 1185 617 erat
1214 564 1397 633 copiae
1423 561 1681 617 Russicze
1704 560 2080 632 compulsum

421 652 624 709 robur.
657 652 785 717 Qui,
818 652 979 706 intus
1010 652 1227 707 acriter
1279 668 1340 706 se
1391 650 1802 717 defendentes,
1838 666 1939 705 eos
1975 647 2079 721 qui

417 757 527 813 per
544 741 843 813 portulam
858 757 919 796 se
932 739 1814 809 immittebant,obtruncabant,
1831 739 2080 794 milites-

421 848 537 901 que
570 832 653 887 sic
683 830 756 885 ad
787 836 1025 885 centum
1064 831 1518 903 quinquaginta,
1546 830 1730 885 fortes
1760 831 1937 900 viros,
1973 847 2082 901 op-

419 920 920 992 presserunt.Qua
939 936 1002 975 re
1025 921 1262 993 cognita
1278 920 1616 993 imperator
1641 937 1794 992 equo
1818 919 2079 975 admisso

420 1023 758 1074 accurrens,
782 1008 1024 1063 cohorte
1046 1010 1324 1080 praetoria
1356 1010 1516 1065 omni
1539 1010 1591 1063 vi
1614 1010 1678 1064 in
1708 1011 1943 1064 hostem
1966 1008 2078 1063 niti

410 1098 604 1170 jussa,
622 1097 726 1152 ubi
750 1114 871 1153 non
903 1099 1158 1153 multum
1182 1100 1388 1171 profici
1411 1116 1585 1172 posse
1608 1099 1903 1154 intellexit
1922 1100 2078 1170 (pro-

418 1193 623 1258 pterea
653 1187 813 1258 quod
837 1205 958 1243 non
989 1190 1161 1260 pauci
1199 1197 1449 1261 angusta
1478 1190 1716 1261 portula
1747 1188 2077 1243 intromissi

419 1292 572 1347 aque
601 1278 1017 1349 Tauroscythis
1078 1279 1303 1349 excepti
1360 1294 1535 1349 parvo
1594 1278 1832 1350 negotio
1863 1277 2076 1349 gladiis

418 1365 671 1420 confecti
695 1366 1516 1437 interibant),inconsiderato
1540 1370 1942 1422 Romanorum
1964 1367 2076 1420 im-

418 1461 560 1526 petu
589 1470 884 1526 represso,
907 1456 1103 1527 ignem
1126 1456 1390 1525 undique
1413 1472 1519 1526 per
1548 1455 1994 1527 propugnacula
2015 1455 2076 1508 in

417 1544 643 1616 regiam
674 1544 912 1599 immitti
940 1544 1368 1616 jussit.Magna
1397 1543 1639 1599 ﬂamma
1669 1544 1987 1611 emicante,
2021 1549 2079 1599 et

420 1634 591 1688 obvia
622 1650 874 1704 quaeque
923 1634 1198 1689 celeriter
1240 1639 1652 1701 consumente,
1699 1634 1871 1688 Russi
1903 1633 2076 1688 tectis

422 1724 643 1795 egressi
676 1723 810 1794 plus
834 1740 909 1778 v11
935 1740 992 1778 ι.
1014 1739 1286 1788 numero,
1309 1723 1372 1776 in
1394 1723 1643 1794 locoque
1668 1723 1891 1794 patenti
1922 1722 2075 1777 aula;

2186 561 2499 631 Τηνικαῦτα
2524 564 2613 618 καὶ
2647 566 2716 636 τῇ
2761 562 3026 639 βασιλείῳ
3081 565 3226 639 αὐλῇ
3281 558 3686 639 προσέϐαλλον,
3721 563 3773 619 ἐν
3801 565 3838 640 ᾗ

2187 657 2285 719 τῆς
2312 651 2585 721 Ῥωσικῆς
2628 651 2877 722 πληθύος
2936 653 3184 724 συνώσθη
3246 654 3310 709 τὸ
3371 657 3643 729 μάχιμον.
3677 653 3837 710 Ἀλλ’

2186 738 2450 804 εὐσθενῶς
2501 736 2654 796 ἓνδον
2717 742 3198 806 ἀντικαταστάντες
3258 743 3308 797 οἱ
3369 745 3568 798 Σκύθαι
3610 744 3839 806 τούτους

2185 826 2442 904 ἀνῄρουν,
2502 826 2591 885 διά
2639 837 2738 901 τῆς
2813 829 3043 894 πυλίδος
3099 831 3568 901 ἐξολισθαίνοντας
3624 835 3694 900 ⁸ο,
3752 833 3839 887 καὶ

2190 919 2359 993 μέχρι
2417 923 2523 974 τῶν
2571 920 2756 975 ἑκατὸν
2807 920 2897 975 καὶ
2954 923 3292 991 πεντήκοντα
3369 918 3567 995 ἄνδρας
3623 921 3839 977 ἀνεῖλον

2184 1007 2460 1069 νεανικούς
2493 1012 2624 1081 (90).
2656 1010 2719 1065 Ὀ
2759 1006 2816 1064 δὲ
2869 1009 3128 1085 βασιλεὺς
3156 1012 3220 1065 τὸ
3250 1015 3498 1065 τοιοῦτον
3528 1010 3841 1083 σύμπτωμα

2182 1096 2370 1172 γνοὺς,
2430 1098 2620 1153 θᾶττον
2681 1097 3114 1172 ἐξιππασάμενος
3168 1102 3242 1167 ⁸¹,
3282 1100 3442 1155 παντὶ
3492 1102 3663 1163 σθένει
3706 1103 3840 1174 πρὸς

2183 1186 2281 1253 τῆν
2320 1185 2505 1261 μάχην
2542 1193 2746 1262 χωρεῖν
2796 1194 2914 1251 τοῖς
2974 1188 3262 1260 ἑπομένοις
3296 1188 3691 1263 προύτρέπετο·
3726 1188 3838 1243 ἐπεὶ

2186 1273 2243 1329 δὲ
2274 1277 2376 1329 οὐκ
2427 1276 2545 1350 εἶχέ
2601 1297 2652 1330 τι
2709 1283 2952 1352 γενναῖον
3006 1277 3245 1333 ἀνύττειν
3282 1276 3395 1350 (διὰ
3423 1280 3528 1353 γάρ
3557 1286 3655 1347 τῆς
3693 1278 3836 1333 ἐστε-

2182 1365 2435 1436 νωμένης
2490 1364 2721 1430 πυλίδος
2773 1366 2902 1428 τοὺς
2960 1366 3225 1430 εἶ’σιόντας
3262 1367 3640 1438 Ταυροσκύθαι
3677 1364 3836 1441 δεχό-

2188 1477 2337 1527 μενοι
2399 1456 2633 1519 εὐπετῶς
2698 1457 3141 1530 κατειργάζοντο,
3207 1456 3500 1521 πλείστους
3556 1479 3833 1513 κατασπα-

2185 1543 2466 1619 θίζοντες),
2497 1546 2597 1614 τὴν
2662 1547 2759 1618 μὲν
2816 1545 3005 1620 πρόσω
3061 1552 3171 1602 τῶν
3227 1548 3517 1619 Ῥωμαίων
3549 1547 3837 1624 ἀλόγιστον

2184 1635 2366 1707 ὁρμήν
2423 1635 2758 1710 ἀνεχαίτισε,
2817 1638 2924 1711 πῦρ
2979 1633 3037 1690 δὲ
3093 1640 3161 1708 τῇ
3221 1633 3368 1710 αὐλῇ
3417 1637 3723 1712 ἑκασταχοῦ
3756 1635 3843 1691 διά

2181 1728 2289 1778 τῶν
2321 1720 2635 1796 περιϐόλων
2691 1719 2883 1779 ἐνιέναι
2931 1725 3246 1799 προσέταξε.
3305 1728 3417 1795 Τῆς
3468 1723 3526 1780 δὲ
3569 1732 3837 1800 πυρκαϊᾶς

423 1813 760 1884 constipati,
806 1812 1219 1868 defensionem
1264 1812 1571 1883 parabant.
1620 1814 1720 1867 His
1749 1813 2077 1883 Imperator

2187 1810 2423 1891 σφοδρᾶς
2491 1812 2986 1890 ἀναρριπισθείσης,
3062 1813 3152 1868 καὶ
3224 1813 3587 1891 ἐκτεφρούσης
3648 1817 3837 1869 θᾶττον

424 1902 675 1957 Bardam
707 1902 974 1957 Sclerum
996 1903 1337 1973 Magistrum
1370 1918 1503 1956 cum
1536 1902 1774 1956 cohorte
1807 1901 2081 1972 expedita

425 1990 679 2063 objecit:
716 2007 911 2061 neque
942 2006 1076 2044 vero
1134 1990 1390 2055 Sclerus,
1448 1997 1764 2061 postquam
1807 1990 1944 2045 illos
1972 2007 2079 2044 suo

418 2078 884 2133 fortissimorum
942 2080 1199 2134 militum
1271 2078 1504 2152 agmine
1562 2079 2078 2150 circumsepserab

418 2168 558 2224 huic
586 2169 673 2223 rei
699 2168 907 2223 defuit.
941 2170 1029 2224 Ita
1056 2169 1263 2241 praelio
1295 2170 1614 2223 commisso
1645 2168 1882 2223 tametsi
1903 2168 2076 2223 Russi

414 2258 632 2313 acriter
659 2257 1131 2322 resistebant,ita
1159 2263 1225 2312 ut
1255 2274 1461 2312 eorum
1492 2274 1667 2313 nemo
1700 2264 1929 2330 tergum
1957 2273 2078 2311 ver-

412 2353 584 2413 teret,
618 2354 818 2402 tamen
849 2347 1098 2401 Romani
1131 2347 1344 2402 virtute
1378 2353 1437 2401 et
1481 2347 1903 2402 exercitatione
1931 2346 2077 2401 belli

416 2436 756 2508 superiores
785 2435 923 2490 facti
948 2452 1156 2491 omnes
1186 2436 1582 2490 conﬁxerunt.
1618 2436 1838 2490 Eodem
1869 2435 2076 2507 praelia

417 2528 577 2583 Moesi
605 2527 991 2598 quamplures
1017 2526 1381 2595 ceciderunt,
1417 2529 1518 2595 qui
1554 2527 1824 2582 hostibus
1855 2528 2077 2582 auxilio

416 2622 672 2687 fuerant,
708 2619 997 2675 Romanis
1030 2618 1270 2683 infensi,
1305 2619 1464 2690 quod
1495 2619 1782 2674 adventus
1816 2619 2077 2673 hostium

415 2710 570 2769 138
625 2709 698 2764 ad
757 2725 820 2763 se
878 2724 1060 2763 causa
1089 2709 1479 2775 exstitissent,
1533 2708 1899 2780 Sphencelus
1940 2724 2075 2762 cum

417 2799 643 2870 paucis,
699 2797 774 2852 ad
833 2796 1415 2868 Sphendosthlabum
1464 2796 1618 2851 clam
1647 2796 1906 2867 elapsus,
1938 2795 2077 2866 fuga

420 2888 530 2944 sibi
564 2889 796 2959 peperit
823 2888 1115 2943 salutem:
1151 2904 1286 2941 eum
1326 2888 1622 2958 posterius
1662 2888 1908 2958 periisse
1940 2903 2077 2941 mox

419 2976 946 3033 demonstrabitur.
970 2979 1037 3031 In
1061 2977 1218 3031 hunc
1240 2977 1481 3031 modum
1504 2975 2074 3043 Praesthlaba,biduo

419 3072 772 3139 expugnata,
804 3067 867 3120 in
900 3071 1255 3136 potestatem
1288 3067 1687 3119 Romanorum
1717 3065 1894 3118 venit.

2185 1903 2253 1957 τά
2312 1901 2664 1974 ὑποκείμενα,
2722 1906 2828 1957 τῶν
2891 1901 3075 1975 δόμων
3139 1903 3513 1972 ὑπεξελθόντες
3569 1905 3621 1958 οἱ
3677 1905 3837 1970 Ῥῶς,

2192 1991 2324 2065 ὑπὲρ
2378 1990 2506 2053 τοὺς
2558 1990 3007 2066 ἑπτακισχιλίους
3064 1995 3449 2068 τυγχάνοντες,
3505 1990 3559 2055 ἔς
3609 2014 3667 2048 τε
3697 1994 3748 2030 83
3773 1992 3837 2049 τὰ

2188 2082 2450 2156 ὕπαιθρον
2523 2087 2624 2150 τῆς
2700 2080 2927 2144 αὐλαίας
3004 2084 3467 2156 συσπειραθέντες,
3543 2082 3839 2155 ἀμύνεσθαι

2184 2176 2301 2232 τοῖς
2355 2168 2567 2224 ἐπιοῦσι
2624 2176 2733 2240 (91)
2793 2172 3278 2243 παρεσκευάζοντο.
3334 2171 3561 2234 Τούτοις
3605 2174 3633 2228 ὁ
3687 2174 3838 2248 βασι-

2186 2257 2312 2320 λεὺς
2342 2255 2551 2333 Βάρδαν
2584 2257 2895 2335 Μάγιστρον
2951 2261 3051 2328 τήν
3108 2260 3362 2335 Σκληρὸν
3420 2262 3553 2335 μετά
3594 2266 3841 2317 νεανικοῦ

2186 2350 2561 2424 συντάγματος
2618 2350 2914 2420 ἀντέταξεν
2975 2351 3068 2412 οὕς
3117 2353 3548 2424 κυκλωσάμενος
3598 2356 3668 2426 τῇ
3717 2374 3842 2407 συν-

2187 2439 2425 2512 επομένῃ
2456 2436 2698 2514 φάλαγγι
2729 2444 2837 2494 τῶν
2886 2439 3290 2513 ἀλκιμωτάτων
3340 2439 3550 2515 ἀνδρῶν
3583 2443 3611 2496 ὁ
3645 2440 3840 2511 Σκλη-

2188 2529 2302 2605 ρὸς,
2351 2525 2509 2604 ἔργου
2570 2527 2755 2604 εἴχετο
2808 2535 2944 2600 (92).
3006 2531 3110 2585 Καὶ
3166 2538 3268 2600 τῆς
3329 2529 3658 2605 συμπλοκῆς
3684 2553 3842 2608 γενο-

2191 2616 2356 2689 μένης
2384 2622 2660 2692 καρτερῶς
2709 2619 2760 2672 οἱ
2802 2620 2941 2681 Ῥῶς
2985 2616 3342 2694 διεμάχοντο,
3377 2621 3453 2693 μῆ
3488 2617 3668 2682 δόντες
3695 2624 3841 2676 νῶτα

2182 2711 2300 2767 τοῖς
2328 2706 2550 2783 ἐχθροῖς
2580 2708 2851 2780 Ῥωμαῖοι
2894 2706 2953 2762 δὲ
3005 2712 3074 2781 τῇ
3136 2714 3282 2785 σφῶν
3315 2708 3479 2783 ἀρετῇ
3510 2710 3599 2763 καὶ
3628 2713 3697 2784 τῇ
3727 2715 3834 2764 τῶν

2184 2795 2445 2869 πολέμων
2507 2796 2667 2871 πείρᾳ
2744 2797 3134 2867 κατηκόντισαν
3220 2799 3481 2867 ἅπαντας,
3565 2798 3835 2854 πλείστων

2184 2884 2269 2939 ὃτι
2298 2885 2389 2939 καὶ
2447 2887 2649 2941 Μυσῶν
2705 2889 2840 2941 κατά
2889 2887 3090 2957 ταύτην
3146 2887 3419 2942 πεσόντων
3478 2889 3582 2958 τήν
3623 2890 3834 2964 μάχην·

2184 2975 2300 3049 οἳγε
2326 2976 2707 3046 συνεπῆμυνον
2771 2974 3025 3039 Σκύθαις.
3087 2976 3390 3049 Ῥωμαίοις
3444 2974 3831 3050 δυσμεναίνον-

2179 3084 2288 3133 τες,
2322 3063 2395 3125 ὡς
2426 3065 2702 3139 γεγονόσιν
2757 3064 2953 3126 αἰτίοις
3008 3071 3108 3133 τῆς
3170 3066 3245 3127 ὡς
3302 3065 3499 3127 αὐτοῦς
3541 3068 3833 3142 γεγενημέ-

417 3177 517 3225 νης
547 3154 777 3230 ἀφίξεως
809 3156 890 3225 [Ρ.
928 3155 1016 3225 85]
1048 3157 1156 3205 τῶν
1193 3153 1437 3207 Σκυθῶν.
1494 3151 1802 3229 Σφέγκελος
1857 3148 1915 3205 δὲ
1970 3152 2117 3225 παρά
2168 3153 2259 3207 τὸν
2323 3149 2774 3231 Σφενδοσθλάϐον
2807 3154 3013 3228 ᾤχετο,
3057 3158 3203 3231 φυγῇ
3240 3156 3355 3227 μετ’
3386 3154 3594 3232 ὀλίγων
3626 3155 3834 3230 κλέψας

413 3244 515 3313 τὴν
551 3244 844 3313 σωτηρίαν·
878 3238 1034 3302 αὖθις
1063 3237 1120 3293 δὲ
1151 3240 1409 3313 ἀνῃρέθη,
1466 3237 1611 3313 ὥσγε
1674 3260 1768 3310 μοι
1825 3236 1935 3309 ἤδη
1997 3240 2292 3315 εἰρήσεται.
2352 3240 2513 3296 Ἀλλ’
2567 3242 2712 3296 οὕτω
2766 3242 2862 3315 μὲν
2891 3245 2927 3312 ἡ
2961 3237 3334 3318 Πραισθλάϐα,
3373 3242 3421 3298 ἐν
3459 3242 3610 3298 δυσὶν
3642 3242 3833 3314 ὴλίοις

416 3330 642 3399 ἂλοῦσα,
677 3329 780 3382 ὑπὸ
809 3326 1107 3399 Ῥωμαίοις
1141 3326 1373 3403 ἐγένετο.

486 3439 538 3491 8.
569 3438 826 3492 Joannes
856 3437 1180 3507 imperator
1223 3435 1509 3491 exercitui
1537 3436 1973 3505 honestatibus,
2004 3443 2073 3493 ut

2252 3438 2322 3508 η“.
2381 3438 2644 3508 Ἰωάννης
2704 3434 2762 3491 δὲ
2811 3439 2839 3493 ὁ
2891 3437 3266 3515 αὐτοκράτωρ,
3315 3440 3413 3508 τήν
3458 3441 3728 3515 στρατιάν,
3760 3440 3837 3500 ὡς

416 3544 525 3601 par
555 3531 700 3596 erat,
722 3532 930 3582 ornato
957 3526 1225 3597 requiem
1251 3525 1434 3590 dedit,
1458 3525 1840 3598 divinamque
1872 3527 2075 3583 Serva-

415 3617 562 3673 toris
592 3617 1089 3672 resurrectionem
1118 3632 1187 3670 eo
1209 3616 1269 3669 in
1292 3614 1420 3670 loco
1444 3615 1781 3670 celebravit.
1806 3615 1949 3672 Inde
1972 3632 2074 3671 ex-

419 3705 651 3778 Scythis
671 3706 860 3777 captis
874 3705 1138 3760 delectos
1155 3703 1384 3775 aliquot
1400 3702 1474 3758 ad
1487 3703 2073 3775 Sphendosthlabum

419 3794 711 3865 misit,qui
735 3793 938 3866 oppidi
960 3793 1458 3866 expugnationem
1490 3808 1852 3863 suorumque
1876 3793 2076 3847 interi-

420 3888 547 3939 tum
577 3885 946 3951 nuntiarent,
979 3883 1387 3952 dicerentque,
1421 3882 1550 3937 sine
1602 3898 1771 3937 mora
1821 3881 2074 3936 duarum

418 3990 644 4040 rerum,
677 3979 811 4027 utra
840 3973 893 4027 ei
922 3972 1107 4044 magis
1138 3971 1302 4026 cordi
1325 3976 1500 4039 esset,
1518 3987 1648 4026 eam
1672 3972 1950 4044 eligeret:
1975 3976 2078 4026 aut

420 4064 602 4118 armis
631 4062 863 4133 positis,
898 4060 1218 4115 victoribus
1276 4061 1728 4130 obsequeretur,
1773 4062 2075 4131 petitaque

419 4150 770 4222 arrogantia;
802 4149 972 4203 venia
1003 4149 1313 4203 confestim
1341 4148 1537 4203 Mmsia
1570 4148 1918 4215 decederet;
1952 4154 2072 4217 aut,

421 4239 482 4295 id
509 4240 557 4295 si
584 4238 793 4307 nollet,
812 4255 994 4309 seque
1021 4238 1096 4293 ad
1118 4238 1504 4293 domesticam
1530 4237 1919 4309 pervicaciam
1940 4255 2076 4293 con-

419 4333 694 4396 verteret,
717 4332 784 4382 ut
807 4326 971 4382 omni
1001 4327 1053 4381 vi
1084 4326 1157 4381 ab
1189 4326 1644 4383 adventantibus
1675 4329 2077 4382 Romanorum

419 4417 608 4490 copiis
635 4433 698 4473 se
720 4421 1004 4473 tueretur.
1040 4416 1141 4471 His
1189 4415 1264 4471 ad
1309 4415 1895 4488 Sphendosthlabum
1925 4415 2077 4471 datis

2182 3529 2243 3581 τὸ
2309 3526 2476 3596 εἰκὸς,
2560 3523 3130 3605 φιλοφρονησάμενος,
3209 3525 3515 3601 διανέπαυε,
3572 3529 3661 3583 καὶ
3731 3530 3835 3598 τήν

2181 3616 2323 3670 θείαν
2355 3615 2638 3672 ἀνάστασιν
2697 3622 2794 3672 τοῦ
2852 3624 3110 3693 Σωτῆρος
3165 3621 3269 3691 (93)
3326 3617 3513 3683 αὐτόθι
3546 3620 3834 3695 ἑώρταζεν.

2183 3706 2286 3762 Ἐκ
2338 3726 2397 3760 τε
2452 3712 2560 3760 τῶν
2623 3703 2988 3782 δορυαλώτων
3047 3709 3441 3775 Ταυροσκυθῶν
3491 3729 3642 3770 τινας
3692 3708 3834 3763 ἀπο-

2181 3793 2363 3868 κρίνας
2423 3794 2499 3855 ὡς
2552 3794 2645 3848 τὸν
2724 3788 3173 3873 Σφενδοσθλάϐον
3235 3795 3522 3866 ἐξέπεμπε,
3575 3796 3676 3864 τὴν
3733 3803 3837 3865 τῆς

2183 3879 2400 3943 πόλεως
2458 3879 2663 3936 ἅλωσιν
2724 3882 3162 3957 ἀπαγγελοῦντας
3218 3882 3364 3953 αὐτῷ
3422 3884 3512 3939 καὶ
3567 3885 3665 3953 τήν
3722 3889 3830 3939 τῶν

2184 3971 2412 4045 ἑταίρων
2446 3969 2737 4046 ἀναίρεσιν,
2780 3973 2999 4048 φράζειν
3048 3992 3126 4041 τε,
3187 3973 3261 4044 μὴ
3332 3969 3672 4044 διαμέλλειν,
3706 3972 3835 4028 ἀλλ’

2185 4061 2453 4135 αἱρεῖσθαι
2508 4061 2605 4130 τὴν
2665 4062 2934 4136 ταχίστην
2996 4058 3144 4115 δυοῖν
3204 4063 3446 4135 θάτερον·
3565 4063 3633 4117 τά
3690 4061 3838 4118 ὅπλα

2184 4149 2503 4203 καταθέσθαι
2560 4149 2649 4204 καὶ
2709 4154 2823 4211 τοῖς
2881 4149 3154 4225 κρείττοσι
3208 4156 3550 4226 πειθαρχεῖν,
3600 4153 3832 4207 καὶτῶν

2183 4235 2614 4309 τετολμημένων
2665 4238 2997 4313 συγγνώμην
3046 4239 3239 4306 αἰτεῖν,
3288 4239 3650 4318 ἀφιστάμενον
3684 4241 3839 4311 ἐξαυ-

2183 4332 2285 4395 τῆς
2316 4328 2507 4402 χώρας
2550 4334 2651 4397 τῆς
2702 4332 2807 4382 τῶν
2866 4332 3084 4382 Μυσῶν
3136 4330 3197 4398 ἢ,
3245 4333 3412 4384 τοῦτο
3449 4332 3525 4401 μή
3560 4329 3834 4406 βουλομέ-

2185 4434 2280 4468 νου
2334 4414 2403 4486 ⁸³,
2462 4412 2589 4471 ἀλλ’
2647 4414 2722 4477 εἷς
2757 4416 2855 4484 τῆν
2919 4414 3214 4494 σύντροφον
3266 4415 3547 4473 αὐθάδειαν
3601 4418 3835 4474 ἀποκλί-

1614 4594 1676 4651 C.
1718 4596 1780 4651 B.
1825 4594 2014 4652 HASIl
2054 4594 2618 4651 ANNOTATIONES.

490 4767 536 4802 ⁸⁰
566 4761 1055 4837 ἐξολισθαίνοντας.
1108 4764 1235 4837 Sive
1287 4758 1730 4837 ἐξολισθοῦντας.
1765 4763 1904 4820 Cod.
1952 4763 2077 4819 habt

2187 4761 2610 4837 igohoﬁofivmc,
2659 4768 2725 4837 ut
2766 4764 2838 4819 ab
2888 4762 3136 4833 ἐξολίζω.
3191 4765 3377 4837 Supra
3407 4768 3494 4821 28.
3539 4769 3598 4823 Β.
3635 4765 3830 4823 ὑπολι-

422 4828 768 4911 σθήσαςη30.
799 4838 860 4892 C.
896 4828 1338 4911 ὑλπολισθήσειενί
1404 4835 1450 4871 δί
1483 4833 1903 4907 ἐξιππισάμενος
1933 4836 2061 4891 cod.

2187 4828 2272 4896 ἱἒς
2302 4854 2380 4890 τε.
2412 4828 2559 4888 ἔσται
2591 4828 2718 4891 Cod.
2769 4836 2850 4891 Ib.
2902 4828 3367 4911 συσπειραθέντων
3398 4839 3526 4894 cod.
3606 4841 3653 4876 ⁸³
3683 4843 3830 4897 Male

425 4901 799 4983 βουλομένους
831 4907 960 4963 cod.

490 5072 896 5149 (90)ΑΝεανι3ιὸς
950 5073 1133 5149 apud_
1157 5074 1411 5149 Leonem
1469 5081 1559 5129 est
1585 5079 1768 5145 fortis,
1799 5082 2072 5144 strenuus,
2108 5086 2151 5149 D

421 5145 654 5212 aea-,7,
689 5146 750 5201 Β.
783 5146 844 5200 C.
879 5149 963 5198 10.
997 5148 1056 5199 C.
1102 5145 1167 5199 D.
1214 5149 1297 5199 12.
1352 5147 1413 5200 Β.
1457 5149 1544 5200 23.
1579 5153 1636 5200 G.
1671 5151 1760 5201 51.
1793 5148 1853 5202 C.
1886 5149 1973 5202 52.
2012 5149 2072 5203 Β.

422 5221 508 5273 54.
535 5222 599 5272 Α.
626 5221 711 5290 71.
742 5218 803 5270 1).
824 5217 915 5290 84.
941 5217 1005 5290 D_.
1032 5218 1121 5270 89.
1142 5220 1203 5290 C_.
1225 5216 1347 5290 [ubi
1371 5218 1538 5279 verti,
1557 5219 2073 5290 audaciaju'venili]

420 5289 579 5346 92.3.
640 5288 732 5342 Sic
792 5288 1104 5357 Nicephor.
1156 5287 1533 5360 (Tactic.7161.
1582 5289 1644 5342 Β.
1704 5288 1795 5341 σὺν
1847 5287 2076 5360 ἱππασίᾲ

421 5361 664 5431 νεανικῇ,
698 5360 854 5431 equis
883 5361 1087 5431 acriter
1115 5358 1320 5431 citatis.
1363 5359 1554 5431 Quare
1587 5360 1849 5429 phrasim
1883 5366 1967 5415 67.
2006 5358 2072 5416 A.

421 5428 646 5486 ἔπιπτον
709 5428 760 5481 ot
816 5428 1213 5504 νεανικώτεροι.
1274 5429 1551 5504 Scylit_zes
1588 5428 1966 5504 ’(Zedrenusq.
2002 5436 2072 5489 ll.

424 5508 546 5560 668.
582 5512 623 5558 A
658 5501 912 5576 mutuati
946 5498 1383 5576 expresserunt,
1412 5498 1697 5555 πίπτουσιν
1734 5501 1786 5555 ot
1820 5498 2071 5576 ἁλκῐμώ-

421 5596 590 5652 τεροι.
652 5572 1034 5652 Νεανικὸνῌ3ζε.
1202 5577 1302 5652 est
1327 5576 1551 5652 fortiter
1607 5592 1652 5629 s.
1705 5572 2075 5645 animose‘fa-

422 5643 568 5706 ctum
596 5653 661 5705 ut
685 5646 862 5720 apud.
895 5643 1063 5702 Cedr.
1102 5646 1167 5700 ΙΙ.
1200 5646 1323 5699 647.
1356 5646 1415 5699 Β.

2262 5078 2371 5148 (91)
2403 5077 2681 5149 Agathias
2712 5079 2799 5131 20.
2832 5077 2899 5132 Α.
2932 5074 3226 5146 ἀμύνεσθαι
3257 5076 3324 5144 ἢν
3372 5098 3457 5140 τις
3489 5077 3653 5133 ἐπίοι·
3689 5082 3834 5137 item

2186 5149 2277 5203 49.
2312 5150 2374 5203 D.

2258 5222 2365 5289 (92)
2397 5221 2676 5292 Agathias
2706 5222 2796 5292 45.
2830 5218 2890 5272 C.

2252 5294 2366 5361 (93)
2399 5289 2537 5347 ln'de
2570 5289 3005 5361 emendandus,
3038 5289 3269 5361 opinor,
3305 5292 3468 5348 Cedr.
3509 5295 3578 5348 Il.
3614 5297 3735 5349 674.
3768 5297 3830 5352 Β.

2177 5358 2277 5427 τήν
2335 5358 2433 5429 τῆς
2493 5362 2645 5445 ἁγίας
2692 5360 3052 5445 ,ἰδιναστρισίας
3076 5358 3323 5424 ’τελέσας
3382 5364 3597 5437 ἑορτήν.
3643 5367 3827 5424 Codd.

2182 5450 2417 5519 quoque
2442 5432 2574 5517 cum
2594 5434 2779 5519 ipsius
2795 5432 3048 5519 pedreni
3074 5438 3197 5488 tum
3220 5432 3833 5519 Scylitzae‘habentzﬁg

2182 5505 2286 5579 ςίιγ.⁸
2307 5505 2660 5565 ἀναστάσεως.
2712 5505 2848 5561 Vide
2896 5511 3093 5559 tamen
3141 5505 3405 5579 annotat.
3440 5507 3723 5579 Xylandri
3754 5505 3831 5566 ad

2182 5576 2241 5631 h.
2272 5576 2311 5631 Ι.
2348 5579 2434 5631 26.
2471 5581 2535 5632 Α.
2570 5583 2629 5632 et
2657 5581 2831 5632 notas
2860 5582 3077 5648 poster.
3115 5577 3283 5634 Goari
3317 5581 3405 5632 54.
3440 5576 3500 5633 Β.
