4186 6308
371 332 489 399 861

1798 327 2191 393 HISTORLE
2232 329 2385 392 LIB.
2432 330 2611 405 VIII._

3666 341 3788 401 862

372 461 544 541 ἂρδην
585 461 846 536 ἐμέλισαν
905 461 1162 526 ἅπαντας.
1212 467 1371 539 ’Ἄρτι
1425 463 1483 519 δὲ
1522 468 1627 519 τῶν
1688 461 2012 536 στρατευμοὶ⁴

2142 465 2275 515 sent
2305 461 2617 526 exercitus,
2673 462 3086 534 Tauroscytha)
3144 478 3365 519 cuneos
3410 482 3549 521 suos
3604 468 3791 525 hastis

365 576 476 609 των
509 552 563 615 ἐς
592 553 682 609 τὸν
717 552 825 628 πρὸ
853 550 950 607 τοῦ
999 551 1343 627 Δορυστόλου
1389 558 1574 629 χῶρον
1635 549 2028 623 συνελθόντων,

373 643 523 699 δκαὶ
556 642 821 719 Δρίστραν
866 643 912 678 ⁸⁷
969 643 1288 714 κικλήσκειν
1347 643 1602 699 εἰώθεσαν
1819 648 2029 715 Ταυρο-

373 733 563 788 σκύθαι
602 734 696 806 μὲν
725 730 915 808 ἔγχεσι
943 733 1033 787 καὶ
1065 735 1281 809 θυρεοῖς
1309 734 1404 796 τάς
1462 730 1744 812 φάλαγγας
1801 729 2027 785 πυκνώ-

377 843 589 889 σαντες,
621 822 709 878 καὶ
744 824 863 877 οἷον
906 822 1311 899 πυργώσαντες,
1367 822 1499 885 τοὺς
1549 819 1830 895 δυσμενεῖς
1882 817 2028 892 παρά

371 912 437 968 τὸ
473 912 806 988 μεταίχμιον
835 907 1051 985 ἔμενον.
1107 912 1417 993 Ῥωμαίους
1469 909 1528 967 δὲ
1574 912 1712 967 κατὰ
1773 911 2022 991 μέτωπον

371 1001 649 1072 ἀντιτάξας
693 1003 721 1056 ὁ
782 999 1057 1077 βασιλεὺς,
1114 1002 1203 1065 καὶ
1286 1001 1419 1069 τοὺς
1507 998 1874 1079 πανσιδήρους
1931 998 2027 1050 ἰπ-

368 1092 542 1154 πὸτας
601 1092 739 1146 κατά
795 1093 1017 1166 θάτερον
1075 1092 1237 1165 κὲρας
1318 1092 1829 1164 παραστησάμενος,
1899 1088 2027 1151 τούς

2141 551 2445 622 sentisque
2477 553 2735 624 rigentes
2770 553 3304 624 condensatosque,
3330 554 3475 610 adeo
3503 562 3570 611 ut
3590 575 3788 613 muro-

2135 656 2271 695 rum
2307 644 2563 711 speciem
2596 641 2903 698 haberent.
2939 643 2999 697 in
3032 644 3218 697 aciem
3251 644 3550 714 explicant
3603 662 3787 717 Oppe-

2135 729 2371 784 riuntur
2402 730 2622 785 hostes.
2655 733 2953 786 Romanos
2976 749 3047 787 ex
3076 732 3316 787 adverso
3351 734 3431 789 ita
3496 734 3790 807 disposuit

2136 819 2479 890 imperator,
2494 825 2560 874 ut
2583 820 2813 891 equites
2835 822 3244 892 cataphractos
3262 821 3321 876 in
3337 828 3587 894 utroque
3603 842 3787 880 cornu

2136 908 2460 964 collocaret
2494 927 2507 976 ;
2544 910 2900 981 sagittarios,
2932 910 3286 978 funditores,
3320 913 3447 968 sine
3480 914 3787 969 intermis-

2137 999 2304 1056 sione
2335 998 2452 1055 tela
2483 1001 2780 1070 conjicere
2803 1000 3027 1071 jussos,
3062 1018 3094 1057 a
3126 1006 3283 1073 tergo
3316 1002 3653 1074 subjiceret.
3688 1004 3785 1063 His

2135 1088 2218 1147 ita
2247 1088 2609 1156 constitutis,
2646 1087 2812 1161 signa
2841 1088 3048 1145 inferri
3080 1090 3352 1161 imperat.

363 1200 425 1234 τε
479 1180 705 1252 τοξότας
761 1182 853 1235 καὶ
904 1179 1268 1260 σφενδονήτας
1327 1180 1605 1252 ἐξόπισθε)
1664 1179 1978 1251 ἐπιστήσας,
2036 1174 2126 1231 καὶ
2185 1176 2387 1246 θαμινά
2449 1173 2672 1249 βάλλειν
2732 1176 3203 1251 ἐγκελευσάμενος,
3262 1177 3429 1253 ἐπῆγε
3491 1180 3590 1248 τήν
3677 1183 3783 1258 φά-

369 1269 569 1327 λαγγα.

442 1316 443 1319 η
516 1291 569 1327 α,

442 1291 646 1435 ἔΤῶν
681 1366 740 1423 δὲ
800 1366 1178 1444 πρατοπὲδων
1215 1369 1290 1433 εἰς
1321 1376 1512 1446 χεῖρας
1561 1368 1838 1442 ἀλλήλοις
1887 1388 2016 1429 συντ

368 1458 743 1532 αραχθὲντων,
802 1457 893 1512 καὶ
952 1456 1191 1532 σφοδρᾶς
1243 1462 1341 1522 τῆς
1434 1462 1619 1535 μάχης
1674 1454 2019 1534 καταρῥαγεί·

367 1566 490 1616 σης,
525 1544 818 1616 ἷσοπαλὴς,
850 1548 996 1621 ποιρά
1049 1548 1145 1611 τὰς
1200 1549 1418 1623 πρώτας
1467 1544 1782 1623 προσϐολὰς
1811 1546 1840 1600 ὁ
1873 1547 2017 1620 ἀγὼν

2203 1366 2288 1426 10.
2312 1364 2618 1421 Exercitus
2641 1382 2775 1433 cum
2796 1383 3043 1433 manum
3076 1367 3339 1439 undique
3374 1375 3778 1439 consererent,

2129 1452 2449 1511 commisso
2467 1456 2755 1515 acerrime
2774 1456 2977 1527 praalio
2997 1473 3031 1511 a
3050 1457 3240 1528 primo
3266 1474 3586 1530 congressu
3608 1477 3778 1530 aequo

2130 1544 2310 1597 Marte
2334 1542 2434 1597 diu
2466 1542 2813 1599 dimicatum
2863 1551 2969 1599 est.
3007 1546 3174 1600 Russi
3208 1547 3389 1612 enim,
3438 1549 3693 1619 graviter
3723 1554 3779 1603 et

360 1635 500 1697 τέως
558 1634 610 1689 ἐν
667 1633 999 1711 ἀμφοτέροις
1057 1634 1286 1711 ἐγίνετο.
1340 1639 1472 1699 Ῥῶς
1530 1638 1624 1711 μὲν
1678 1636 1777 1711 γὰρ
1839 1632 2012 1689 δεινόν

2131 1631 2341 1686 acerbe
2372 1631 2647 1701 ferentes,
2681 1634 2728 1688 si
2760 1633 3157 1705 laudem,qua
3187 1636 3342 1706 apud
3373 1642 3577 1708 gentes
3603 1639 3780 1692 [initi-

359 1743 468 1778 που
497 1723 588 1778 καὶ
621 1725 877 1799 σχέτλιον
905 1724 1204 1798 τιθέμενοι,
1238 1726 1282 1781 εἰ
1316 1724 1469 1800 δόξαν
1503 1726 1648 1801 παρά
1675 1729 1783 1780 τῶν
1843 1744 2015 1798 προσ·

362 1812 529 1868 οίκων
564 1812 729 1871 ἐθνῶν
762 1810 1002 1889 ἔχοντες,
1048 1813 1101 1869 ἐν
1149 1821 1269 1878 ταῖς
1332 1816 1536 1890 μάχαις
1583 1814 1664 1869 ἀεὶ
1708 1816 1815 1869 τῶν
1872 1812 2019 1868 ἀντι-

360 1902 559 1957 πάλων
600 1896 841 1977 κρατεῖν,
900 1908 988 1958 νῦν
1051 1904 1155 1959 ὑπὸ
1211 1903 1498 1977 Ῥωμαίων
1544 1903 1790 1978 αἰσχρῶς
1846 1904 2016 1971 ἠττηη

363 1994 545 2057 θὲντες
597 1992 800 2064 ταύτης
876 1992 1174 2063 ἐκπέσοιεν,
1258 1992 1512 2066 ἐκθύμως
1597 1991 2014 2067 διηγωνίζοδτο.

358 2080 658 2153 Ῥωμαίοις
697 2079 755 2137 δὲ
812 2081 985 2147 αῒδώς
1038 2103 1121 2145 τις
1179 2081 1349 2157 εῗσῄει
1405 2081 1496 2137 καὶ
1552 2081 1788 2154 νέμεσις,
1850 2079 1901 2134 εἷ’
1953 2079 2017 2134 τὸ

360 2170 608 2242 ἀντίξουν
637 2170 775 2227 ἅπαν
810 2170 1008 2234 ὅπλοις
1055 2171 1145 2226 καὶ
1195 2174 1262 2245 τῇ
1315 2175 1464 2245 σφῶν
1515 2172 1679 2245 ἀρετῇ
1723 2189 2016 2243 καταστρε-

365 2260 622 2338 φόμενοι,
643 2264 735 2315 νῦν
768 2259 1080 2329 ἀπέλθοιεν,
1113 2262 1260 2336 παρά
1309 2264 1758 2339 πεζομαχοῦντος
1809 2257 2014 2326 ἔθνους,

367 2350 694 2419 ἱππάζεσθαι
760 2347 1023 2424 μηδόλως
1081 2347 1312 2416 εἰδότος,
1368 2351 1881 2422 καταγωνισθέντες,
1939 2345 2016 2409 ὣς

360 2460 504 2498 τινες
530 2433 706 2513 ἔργων
762 2438 948 2514 μάχης
1001 2440 1313 2508 ἀνάσκητοι,
1365 2439 1453 2494 καὶ
1509 2442 1771 2493 τοσοῦτον
1830 2438 2014 2499 αὐτοῖς

360 2527 416 2583 ἐν
451 2528 642 2602 ἀκαρεῖ
668 2525 829 2589 κλέος
886 2528 1197 2603 οἷ’χήσεται.
1256 2529 1365 2591 Τάς
1422 2527 1675 2590 τοιαύτας
1732 2526 1798 2597 δὴ
1861 2525 2016 2600 δόξας

362 2618 493 2690 παρ’
524 2618 738 2679 ἑαυτοῖς
771 2618 1093 2692 ὲντρὲφοντα
1151 2617 1219 2672 τά
1267 2617 1644 2693 στρατεύματα
1700 2615 2017 2693 θαρραλέως

364 2704 780 2782 διηγωνίζοντο·
826 2706 916 2761 καὶ
961 2707 1099 2769 Ῥῶς
1143 2707 1238 2779 μὲν
1286 2710 1353 2780 τῇ
1404 2706 1687 2782 συντρόφῳ
1745 2702 2015 2780 θηριωδίᾳ

366 2794 465 2848 καὶ
531 2798 608 2866 τῷ
665 2799 820 2869 θυμῷ
888 2794 1379 2869 στρατηγούμενοι,
1440 2796 1573 2867 μετά
1641 2793 1821 2869 ῥύμης
1879 2793 2015 2848 κατά

367 2883 659 2954 Ῥωμαίων
690 2881 999 2962 ἐφήλλοντο
1032 2885 1116 2957 [Ρ.
1160 2888 1273 2956 87],
1326 2884 1441 2938 οἷον
1499 2883 1880 2948 ἐνθουσιῶντες
1922 2883 2013 2938 καὶ

376 2972 749 3046 βρυχώμενον
781 2974 1045 3045 Ῥωμαῖοι
1078 2971 1137 3027 δὲ
1186 2974 1302 3046 μετ’
1351 2972 1635 3049 ἐμπειρίας
1687 2973 1778 3029 καὶ
1825 2992 2010 3049 τεχνι-
2053 3007 2096 3074 C

368 3067 473 3131 κῆς
503 3060 810 3135 ἐπιστήμης
841 3062 1028 3125 αὐτοῖς
1076 3062 1423 3136 ἀντεπῄεσαν.
1484 3063 1582 3118 Καὶ
1635 3063 1829 3138 συχνοὶ
1886 3065 2012 3139 παρ’

365 3149 688 3228 ἀμφοτέρων
722 3150 945 3207 ἔπιπτον
978 3156 1086 3207 τῶν
1146 3156 1351 3226 μερῶν,
1399 3152 1490 3207 καὶ
1542 3154 1712 3231 μέχρι
1761 3153 1855 3226 μὲν
1904 3150 2011 3208 δεί-

368 3236 476 3309 λης
537 3238 757 3314 βαθείας
814 3241 1226 3319 ἀμφιτάλαντος
1257 3243 1292 3311 ἡ
1320 3241 1443 3311 νίκη
1491 3239 1689 3312 ἐδόκει,
1737 3239 1871 3316 τῇδε
1915 3242 2009 3296 κά-

364 3333 514 3382 κεῖσε
544 3331 987 3407 μεταφερομένης
1012 3338 1113 3400 τῆς
1148 3329 1357 3406 μάχης.
1417 3328 1557 3401 ’Πδη
1616 3328 1672 3385 δὲ
1720 3328 1818 3385 τοῦ
1866 3350 2013 3409 φωσ-

369 3419 547 3494 φόρου
604 3419 1044 3494 καταφερομένου
1099 3420 1237 3494 πρὸς
1295 3416 1527 3492 δυσμὰς,
1599 3420 1698 3487 τὴν
1753 3417 1922 3473 ἵππον
1986 3419 2014 3473 ὁ

370 3505 627 3581 βασιλεὺς
684 3508 783 3562 ἀνά
840 3510 1037 3583 κρᾶτος
1099 3510 1286 3571 αὐτοῖς
1370 3508 1678 3585 ἐπιρράξας,
1732 3504 2011 3580 ἐμϐοήσας

361 3617 445 3665 τε,
476 3596 787 3670 Ῥωμαίους
819 3594 976 3661 ὄντας
1022 3598 1109 3653 ἐπὶ
1166 3603 1274 3653 τῶν
1320 3596 1494 3674 ἔργων
1540 3600 1639 3667 τήν
1690 3602 1836 3672 σφῶν
1887 3597 2014 3673 ἀρε-

362 3687 465 3755 τὴν
494 3684 910 3757 ἐπιδείκνυσθαι,
937 3692 1045 3743 τῶν
1100 3687 1309 3762 ἀνδρῶν
1371 3687 1646 3764 ἐπέρρωσε
1690 3687 1757 3743 τά
1804 3689 2012 3766 φρονή-

371 3796 536 3849 ματα.
569 3772 893 3853 Ἐπέϐρνσαν
923 3779 1023 3852 γὰρ
1055 3772 1269 3851 ἐκτὸπῳ
1314 3782 1476 3853 φορᾷ,
1524 3777 1614 3832 καὶ
1664 3777 1717 3831 οἱ
1774 3775 2014 3852 σαλπιγ-

293 3896 304 3906 ·
362 3866 486 3922 κταὶ
532 3866 596 3921 τὰ
650 3866 896 3927 ἐνυάλιον
957 3865 1331 3939 ἐπηλάλαξαν,
1387 3869 1477 3922 καὶ
1538 3868 1641 3943 βοή
1702 3888 1784 3930 τις
1845 3867 2013 3941 ἀθρόα

362 3957 513 4031 παρὰ
538 3957 828 4031 Ῥωμαίων
872 3955 1043 4033 ἤρθη.
1103 3957 1303 4021 Σκύθαι
1351 3955 1427 4031 δὲ,
1484 3959 1586 4027 τήν
1643 3957 1850 4011 τούτων
1910 3957 2013 4012 οὐκ

358 4045 669 4121 ἐνεγκόντες
715 4048 915 4123 ῥοπὴν,
975 4045 1029 4111 ξς
1086 4049 1263 4125 φυγήν
1322 4040 1541 4102 ἔκλιναν
1608 4048 1699 4101 καὶ
1756 4047 1894 4122 πρὸς
1947 4047 2011 4102 τὸ

353 4141 546 4211 τεῖχος
605 4137 980 4207 συνώσθησαν,
1036 4136 1285 4199 πολλοὺς
1340 4141 1449 4192 τῶν
1530 4136 1799 4216 σφετέρων
1861 4137 2011 4212 παρὰ

352 4225 556 4295 ταύτην
611 4220 979 4288 ἀποϐαλόντες
1034 4226 1133 4295 τήν
1198 4227 1408 4304 μάχην,
1488 4214 1751 4299 Ῥωμαῖοι
1812 4222 1889 4296 δὲ,
1941 4227 2009 4281 τὰ

355 4313 594 4369 ἐπινίκια
623 4314 1036 4384 παιωνίσαντες,
1069 4314 1120 4370 ἐν
1156 4314 1454 4395 εὐφημίαις
1486 4315 1641 4394 εἶχον
1696 4315 1787 4370 τὸν
1842 4316 2008 4370 αύτο-

2130 1737 2256 1775 mas
2284 1721 2648 1789 ﬂoruissent,
2682 1730 2994 1794 reportatae
3025 1741 3264 1795 semper
3312 1725 3375 1780 in
3422 1726 3644 1797 praaliis
3692 1728 3778 1781 vi-

2128 1810 2349 1877 ctoriae,
2381 1827 2540 1866 nunc
2570 1812 2823 1883 turpiter
2846 1830 2880 1868 a
2912 1814 3190 1869 Romanis
3248 1814 3361 1868 fusi
3412 1817 3775 1885 amitterent,

2128 1916 2342 1971 magna
2372 1903 2753 1957 contentione
2782 1918 2909 1957 rem
2938 1903 3240 1974 gerebant.
3264 1905 3544 1959 Romanis
3571 1912 3779 1961 contra

2129 1989 2882 2062 turpitudinisinvidieeque
2898 1992 3252 2047 verecundia
3277 1993 3534 2061 subibat,
3569 1994 3638 2063 si,
3673 1995 3776 2050 ad-

2127 2079 2402 2134 versariis
2433 2079 2712 2135 omnibus
2763 2080 2945 2135 armis
3004 2086 3062 2135 et
3108 2082 3321 2137 virtute
3374 2082 3657 2148 subactis,
3713 2084 3776 2139 in

2126 2169 2446 2239 praesentia
2475 2186 2510 2224 a
2537 2175 2713 2241 gente
2742 2170 3043 2240 peditibus
3073 2171 3403 2242 prasliante,
3468 2172 3775 2243 equitandi

2126 2263 2324 2312 autem
2353 2274 2529 2325 usum
2560 2259 2803 2316 omnino
2860 2259 3095 2325 nullum
3151 2260 3431 2326 habente,
3490 2266 3774 2332 tanquam

2127 2349 2357 2420 aliquot
2381 2349 2537 2409 bello
2568 2351 2943 2406 inexercitati
2974 2350 3257 2406 tirunculi
3292 2352 3425 2406 victi
3458 2355 3605 2407 141
3645 2353 3776 2408 abi-

2125 2443 2279 2500 rent,
2314 2443 2593 2510 tantaque
2626 2440 2737 2495 sibi
2758 2440 2946 2511 gloria
2962 2446 3180 2512 puncto
3205 2443 3490 2513 temporis
3523 2443 3775 2514 eripere-

2127 2532 2242 2581 tur.
2274 2528 2581 2598 Ejusmodi
2611 2526 2873 2585 rationes
2903 2530 3102 2591 animo
3141 2530 3430 2601 agitantes
3479 2532 3773 2586 exercitus

2127 2632 2362 2672 summa
2391 2617 2442 2671 vi
2474 2618 2913 2688 conﬂigebant:
2946 2618 3028 2673 ita
3059 2624 3352 2686 tamen,ut
3377 2620 3568 2687 Russi,
3596 2620 3769 2675 innu-

2126 2703 2266 2758 trita
2292 2703 2528 2760 feritate
2554 2711 2730 2775 atque
2762 2706 3073 2762 iracundia
3100 2706 3282 2772 ducti,
3301 2712 3521 2763 temere
3552 2711 3769 2764 Roma-

2125 2812 2234 2850 nos
2265 2795 2586 2863 assilirent,
2619 2796 3014 2851 fanaticorum
3044 2796 3160 2851 ritu
3190 2797 3529 2868 rugientes;
3581 2800 3769 2853 nostri

2124 2888 2244 2943 illis
2271 2904 2382 2942 usu
2415 2902 2482 2941 ac
2515 2885 2762 2940 scientia
2791 2884 2936 2939 artis
2993 2885 3269 2940 militaris
3314 2885 3544 2940 obviam
3594 2887 3770 2942 irent.

2125 2977 2406 3033 Plurimis
2439 2993 2508 3030 ex
2537 2980 2786 3045 utraque
2819 2979 2984 3045 parte
3016 2975 3246 3042 occisis,
3297 2992 3433 3029 cum
3477 2992 3667 3046 usque
3698 2976 3773 3031 ad

2128 3067 2377 3124 multam
2407 3081 2713 3137 vesperam
2744 3064 2988 3119 victoria
3044 3064 3272 3120 incerta
3329 3064 3646 3133 videretur,
3707 3082 3775 3121 ac

2129 3156 2305 3213 modo
2337 3155 2398 3210 hi
2424 3153 2601 3209 modo
2630 3153 2715 3209 illi
2742 3152 3240 3225 propellerentur,
3273 3169 3515 3225 vespero
3538 3154 3667 3225 jam
3700 3154 3774 3209 ad

2130 3264 2405 3305 occasum
2428 3250 2723 3317 vergente,
2771 3244 3094 3316 imperator
3140 3244 3471 3314 equitatum
3529 3245 3589 3300 in
3636 3245 3773 3300 illos

2128 3353 2342 3410 magna
2362 3337 2415 3392 vi
2435 3334 3007 3404 immisitgsimulque
3026 3334 3384 3397 cohortatus,
3402 3340 3467 3388 ut
3489 3340 3772 3406 tanquam

2128 3427 2378 3484 Romani
2408 3424 2788 3480 vernaculam
2839 3423 3113 3483 virtutem
3166 3424 3338 3478 factis
3379 3424 3772 3493 declararent,

2128 3518 2361 3573 animos
2383 3516 2642 3570 militum
2657 3513 3632 3569 conﬁrmavit.lncubueruntenim
3661 3516 3770 3569 im-

2130 3612 2274 3677 petu
2295 3603 2884 3676 singulari,tibicines
2897 3601 3177 3657 bellicum
3196 3603 3774 3665 concinunt,clamor

2124 3695 2389 3764 undique
2410 3710 2445 3748 a
2465 3694 2747 3749 Romanis
2770 3690 3016 3745 tollitur.
3033 3692 3293 3756 Quorum
3318 3691 3774 3762 impressionem

2125 3800 2257 3839 cum
2284 3784 2511 3854 Scythas
2536 3782 2830 3836 sustinere
2856 3797 2976 3834 non
2998 3780 3419 3852 possentJugee
3445 3798 3507 3836 se
3535 3782 3776 3836 commi-

2127 3879 2333 3928 serunt
2361 3874 2542 3943 inque
2572 3886 2775 3927 muros
2833 3875 2972 3925 sunt
3020 3869 3333 3941 compulsi,
3381 3870 3586 3925 multis
3633 3888 3769 3926 suo-

2121 3979 2256 4018 rum
2286 3963 2347 4017 in
2380 3962 2491 4017 hac
2546 3976 2745 4032 pugna
2790 3960 3049 4016 amissis.
3109 3960 3379 4028 Romani,
3441 3960 3772 4015 victoriales

2126 4058 2337 4110 cantus
2366 4053 2705 4119 fundentes,
2734 4052 3155 4123 imperatorem
3178 4050 3453 4106 laudibus
3470 4052 3768 4107 ferebant:

2125 4142 2251 4214 ipse
2283 4158 2382 4197 eos
2412 4142 2747 4197 ofﬁciorum
2780 4147 2904 4196 tum
2950 4139 3367 4196 distributione
3426 4141 3770 4213 epularum-

2121 4248 2235 4303 que
2267 4232 2806 4287 communicatione
2856 4231 3273 4298 remuneravit,
3332 4230 3769 4302 alacrioresque

2120 4320 2194 4376 ad
2225 4322 2430 4393 praelia
2458 4320 2736 4376 reddidit.

351 4423 611 4478 κρατοραο
648 4405 676 4459 ὁ
709 4401 765 4459 δὲ
804 4403 1128 4477 ἀξιωμάτων
1186 4404 1310 4459 τότε
1369 4401 1657 4477 διανομαῖς
1711 4405 1800 4460 καὶ
1864 4403 2167 4477 δεξιώσεσιν
2226 4409 2511 4464 ἑστιάσεων
2702 4406 3117 4485 ἐφιλοφρονεῖτο
3175 4407 3423 4476 τούτους,
3480 4409 3569 4462 καὶ
3630 4427 3770 4482 προ-

2828 4488 2838 4505 ι

357 4492 693 4569 θυμοτὲρους
724 4492 812 4548 ἐπὶ
841 4494 938 4558 τάς
973 4494 1156 4570 μάχας
1187 4492 1489 4571 εἰργάζετο.

1565 4625 1628 4679 C.
1654 4622 1715 4677 Β.
1750 4623 1939 4679 HASII
1961 4624 2517 4680 ANNOTATIONES.

428 4727 475 4763 ⁸⁷
507 4732 783 4802 Δρῆστραν
818 4728 948 4801 (sic)
978 4729 1108 4784 cod.

355 4852 679 4927 reddenda,
714 4870 900 4927 eoque,
935 4870 1093 4924 quem
1120 4854 1503 4927 spathisterem
1531 4860 1749 4927 vocant,
1784 4855 2004 4921 glandis
2036 4864 2078 4927 ι)
2111 4872 2277 4911 verso
2308 4854 2524 4910 mendo
2556 4853 2727 4927 vertit
2756 4855 2842 4927 3i.
2878 4855 2941 4908 D.
2971 4860 3035 4927 ut
3055 4871 3124 4927 eo
3153 4855 3330 4924 magis
3370 4854 3626 4925 glandem
3652 4857 3762 4912 ali-

352 4925 652 4981 cuticulam
683 4926 1059 4980 attrahentes:
1094 4926 1219 4986 sed.
1271 4943 1375 4996 per
1417 4926 1797 4997 Spnthisterem
1840 4942 1999 4996 quem

349 4998 938 5056 vocant,membrorum
962 4997 1255 5051 culiculam
1276 4997 1619 5053 resolventes.
1644 4999 1743 5052 Est
1760 4997 1919 5052 enim
1947 4999 1997 5053 is

353 5066 653 5140 secundus
671 5068 882 5123 modus
898 5069 1160 5140 tegendae
1175 5068 1484 5140 glandis,si
1502 5069 1660 5124 nuda
1674 5076 1763 5124 est
1777 5069 1996 5123 relatus

349 5139 591 5213 aAPaul.
613 5141 797 5213 Egin.
832 5139 1112 5210 capIxm.
1136 5139 1233 5194 fol.
1264 5142 1346 5194 89.
1378 5140 1995 5213 recto:cutema_glan-

347 5211 440 5264 dis
470 5211 667 5265 radice
701 5211 1095 5265 instrumento
1121 5211 1535 5282 separandum,
1559 5212 1773 5266 deinde
1798 5211 1991 5266 detra-

350 5282 616 5354 hendum
631 5288 808 5352 atque
821 5282 915 5337 del
928 5282 1181 5354 gandam
1205 5283 1607 5353 esse,linteolo
1631 5283 1994 5338 intercutem

348 5360 407 5407 et
444 5353 635 5407 colem
693 5353 1063 5425 interposito.
1120 5354 1373 5410 Tametsi
1432 5354 1532 5408 fol.
1595 5356 1682 5410 89.
1737 5370 1894 5409 verso
1925 5358 1990 5410 Α.

347 5441 589 5501 operam
630 5440 760 5478 eam
783 5425 1433 5501 _raro_u_suveniredait,
1481 5425 1849 5501 quod_cutis_
1888 5442 1989 5501 pe-

349 5496 524 5555 nuria
554 5496 615 5568 in
646 5496 911 5566 partibus
944 5496 1213 5568 illisnon
1245 5499 1464 5568 afferat
1498 5495 1773 5565 τοσαύτην
1826 5495 1993 5568 ἀτέρέ-

347 5586 528 5633 πειαν,
561 5565 868 5640 deus“;
904 5565 1265 5640 uiAMv_-::»1
1293 5567 1392 5635 τήν
1446 5565 1534 5620 διὰ
1583 5574 1683 5635 τῆς
1735 5565 1994 5640 χειρουρ-

351 5638 480 5712 χίας
513 5638 747 5711 ἐρεῖσθαι
784 5637 1038 5710 βάλανον.
1078 5638 1184 5693 Ubi
1215 5640 1558 5694 Guinterius
1590 5656 1710 5694 non
1729 5637 1994 5694 animad-

2110 4944 2276 4997 quam
2299 4944 2368 4982 ea:
2397 4925 2686 4997 chirurgia
2705 4926 2935 4994 deligas.
2963 4925 3072 4980 Sed
3091 4927 3335 4981 omnino
3358 4928 3758 4992 scribendum,

2107 4996 2373 5070 αἱρεῖσθαι
2410 4996 2660 5070 βάσανον,
2693 4998 2840 5066 quod
2881 5013 2991 5051 non
3041 4997 3124 5051 ita
3171 5000 3419 5053 decorem
3468 5002 3641 5063 vitiet,
3695 5009 3757 5057 ut

2109 5071 2274 5139 hujus
2296 5071 2599 5139 chirurgiae
2629 5070 2933 5122 cruciatum
2964 5070 3145 5123 subire
3166 5072 3288 5138 quis
3317 5071 3448 5125 velit
3475 5086 3487 5131 :
3513 5078 3578 5125 ut
3598 5079 3758 5128 recte

2106 5141 2249 5195 vidit
2275 5142 2515 5196 Cornar.
2552 5139 2893 5194 Diolabellis
2925 5142 3012 5195 57.
3047 5145 3115 5194 Α.

2176 5214 2247 5287 (l)
2303 5212 2516 5287 Codex,
2575 5217 2654 5287 ut.
2699 5211 2889 5287 notavi
2941 5211 3012 5287 in
3067 5228 3209 5287 οτειἓ
3248 5214 3556 5287 Δρσῆστραν
3597 5215 3755 5287 (εἰς).

2105 5281 2350 5339 Cedren.
2388 5285 2527 5339 edit.
2562 5281 2794 5354 Δρίστρα
2827 5283 2894 5338 ΙΙ.
2928 5285 3051 5337 6735.
3090 5284 3146 5337 B.
3182 5284 3226 5337 D
3282 5281 3473 5340 Codd;
3498 5281 3667 5341 Cedr.
3702 5281 3760 5340 et

2105 5356 2237 5428 Spyl
2268 5401 2280 5417 .
2316 5373 2465 5426 quos
2493 5355 2734 5428 quidem
2766 5354 2903 5428 vidi.
2939 5355 3109 5428 satis
3139 5364 3483 5411 constanter
3540 5355 3753 5428 Δρίστα,

2105 5425 2970 5501 εὺεᾳυείρμῃήιξιηειςὶιῐιοόιιω-
2999 5426 3135 5480 Cod.
3193 5428 3403 5483 Leonis
3451 5430 3537 5501 83ἷ
3574 5425 3638 5484 Α.
3674 5430 3753 5482 De

2102 5497 2506 5563 Dristra'vide
2538 5497 2845 5552 Schlmzer.
2903 5497 2975 5551 ad
3037 5500 3243 5564 Nestor,
3304 5500 3586 5555 Bussische
3647 5504 3753 5552 ,4η-

2100 5568 2283 5625 nalen.
2319 5577 2428 5624 etc.
2464 5574 2530 5624 V.
2569 5572 2691 5623 131.
2733 5573 2790 5622 C.

2173 5643 2251 5711 (2)
2286 5642 2465 5708 Verti,
2499 5641 2788 5710 epularum
2820 5641 3349 5695 communicatione:
3406 5640 3507 5695 sed
3538 5644 3752 5694 notan-
