4186 6308
312 335 450 421 .855

1751 330 2144 393 HISTORIIE
2185 331 2336 392 LIB.
2391 331 2498 392 ΙΧ..

3634 342 3752 401 866

325 469 435 521 τῶν
465 463 738 542 ἐφιππίων
772 463 817 500 θί
875 458 1192 529 ἐπιϐαίνειν,
1225 463 1317 517 καὶ
1364 467 1480 524 τοῖς
1511 459 1806 535 πολεμίοις
1840 462 1972 516 ἀντ-

2112 481 2230 519 :um
2269 480 2346 518 ne
2368 479 2570 537 regere
2602 464 2846 535 quidem
2900 465 3151 521 habenis
3202 463 3384 538 equas
3442 471 3684 540 scirent,
3719 489 3754 527 a

331 555 709 631 αγωνίζεσθαι.
803 552 1071 624 Ῥωμαῖοι
1152 548 1230 619 δὲ,
1314 547 1524 624 σπουδῇ
1605 555 1723 613 τοῖς
1781 549 1980 612 ὅπλοις

332 641 664 721 φραξάμενοι
697 639 923 696 καὶτῶν
954 639 1138 694 ἳππων
1198 635 1499 708 ἐπιϐάντες,
1558 639 1686 700 τούς
1742 660 1800 694 τε
1856 659 1982 692 κον-

2094 553 2314 608 nostris
2336 554 2552 608 conﬁxi
2602 560 2764 626 terga
2819 560 3142 622 verterunt,
3204 556 3478 628 intraque
3547 577 3750 616 muros

2096 647 2235 696 sunt
2265 641 2556 697 conclusi.

330 732 463 795 τοὺς
492 728 843 804 ἀνειληφότες
876 730 1190 802 (ἐπιμήκεις
1219 726 1278 783 δὲ
1306 730 1534 792 τούτους
1564 729 1711 801 παρὰ
1739 729 1832 789 τὰς
1892 727 2076 800 μάχας
2133 729 2652 803 μεταχειρίζονται),
2715 733 2799 803 [Ρ.
2857 735 2947 804 89]
3015 731 3150 804 μετά
3207 732 3388 806 ῥύμης
3447 734 3536 788 καὶ
3571 735 3754 810 βιαίου

335 823 587 894 ὠθισμοῦ
617 819 801 881 αὐτοῖς
833 818 1242 876 ἐπελαύνουσιν.
1301 821 1364 873 Οἱ
1422 816 1500 887 δὲ,
1565 815 1708 891 μηδὲ
1763 823 1881 878 τοῖς
1928 816 2152 892 ῥυτῆρσι
2233 817 2358 880 τοὺς
2388 818 2590 881 ἳππους
2645 820 3046 896 χαλιναγωγεῖν
3081 820 3458 893 ἐπιστάμενοι,
3482 824 3616 896 πρὸς
3645 828 3753 878 τῶν

335 908 626 983 Ῥωμαίων
651 908 1193 980 κατακοντιζόμενοι,
1221 911 1364 962 νῶτα
1396 905 1578 968 δόντες
1611 906 1688 970 εἲς
1713 907 1777 961 τὸ
1805 911 1999 984 τεῖχος
2028 905 2439 963 κατεκλείοντο.

414 1010 480 1084 β’,
515 1010 825 1078 Τηνικαῦτα
851 1005 918 1075 δὴ
951 1008 1043 1061 καὶ
1099 1008 1153 1061 αἱ
1207 1011 1313 1061 τῶν
1372 1006 1662 1080 Ῥωμαίων
1717 1006 1990 1084 πυρφόροι

334 1099 585 1172 τριήρεις
645 1097 780 1168 μετᾶ
860 1100 968 1151 τῶν
1051 1100 1290 1170 σιτηγῶν
1368 1095 1688 1169 πορθμείων
1751 1092 1841 1148 διὰ
1896 1099 1992 1148 τοῦ

334 1187 554 1261 Ἴστρου
604 1184 876 1262 ἐφάνησαν
956 1182 1348 1239 ἀναπλέουσαι·
1432 1182 1492 1245 ἅς
1550 1185 1822 1255 Ῥωμαῖοι
1894 1182 1988 1253 μὲν

337 1271 545 1336 ἰδόντες
599 1273 840 1350 ἀρῥήτου
898 1281 1187 1348 χαρμονῆς
1245 1271 1696 1342 ὑπεπλήσθησαν,
1781 1271 1991 1334 Σκύθας

336 1362 398 1418 δέ
423 1362 542 1425 δέος
573 1361 721 1437 ᾔρει,
759 1364 822 1416 τὸ
852 1361 1242 1438 ἐπιφερόμενον
1278 1361 1462 1423 αὐτοῖς
1513 1361 1674 1436 ὑγρὸν
1729 1364 1833 1434 πῦρ
1895 1356 1992 1413 δε-

341 1451 549 1514 διότας,
583 1451 939 1521 Ἥκηκόεισαν
999 1453 1100 1528 γὰρ
1159 1451 1294 1527 πρὸς
1347 1455 1454 1504 τῶν
1513 1449 1838 1525 γεραιτέρων
1897 1453 1994 1503 τοῦ

337 1547 492 1616 σφῶν
527 1538 735 1610 ἔθνους,
767 1541 842 1602 ὡς
873 1542 962 1596 τὸν
1020 1539 1385 1617 μυριόστολον
1445 1539 1669 1613 στρατὸν
1728 1540 1994 1613 Ἴγγορος,

336 1635 439 1686 τοῦ
521 1629 615 1685 τὸν
707 1625 1155 1708 Σφενδοσθλάϐον
1213 1629 1484 1695 τεκόντος,
1565 1629 1834 1700 Ῥωμαῖοι
1916 1631 2072 1720 τῷΒ

340 1719 581 1791 τοιούτῳ
609 1717 837 1792 Μηδικῷ
883 1719 1014 1793 πυρί
1063 1717 1199 1773 κατᾶ
1252 1719 1343 1772 τὸν
1403 1715 1654 1787 Εὔξεινον
1703 1711 1991 1791 ἐξετέφρω·

345 1831 469 1866 σαν.
540 1811 810 1872 Ἐντεῦθεν
897 1805 1111 1882 σπουδῇ
1169 1810 1235 1862 τὰ
1319 1809 1520 1862 ἑαυτῶν
1600 1805 1994 1881 συναγαγόντες

346 1899 544 1953 ἀκάτια
575 1903 674 1972 (6),
705 1897 810 1973 πρὸ
841 1902 938 1952 τοῦ
996 1893 1297 1971 περιϐόλου
1353 1901 1449 1951 τοῦ
1497 1898 1685 1951 ἄστεπι
1717 1895 1995 1962 ε’ἰλκυσαν,

340 1989 437 2042 ἳνα
462 1987 841 2064 παραῤῥέωνὸ
896 1989 1106 2063 Ἴστρος
1163 1987 1224 2041 τὸ
1283 1988 1504 2062 θάτερον
1562 1990 1660 2040 τοῦ
1718 1983 1994 2059 Δορυστό-

350 2077 456 2134 λου
516 2075 831 2151 περικλύζει
881 2073 1138 2152 πλευρόν.
1201 2079 1383 2133 Ταῦτα
1442 2077 1496 2128 αἱ
1550 2073 1820 2150 πυρφόροι
1876 2074 2000 2141 νῆες

339 2164 610 2221 κυκλόθεν
649 2165 976 2242 ἐφρούρουν,
1009 2166 1082 2227 ὡς
1117 2166 1192 2238 μὴ
1226 2163 1310 2235 εἴη
1370 2163 1605 2228 Σκύθαις
1652 2163 1790 2229 ἐνὸν,
1820 2163 1998 2216 αὐτῶν

344 2250 760 2325 ἐπιϐεϐηκόσιν,
811 2253 900 2308 ἐπὶ
957 2255 1056 2323 τήν
1120 2258 1266 2330 σφῶν
1318 2252 1680 2321 ἀνασώζεσθαι
1736 2258 1862 2329 γῆν.
1921 2253 1997 2324 Τῇ

345 2342 410 2399 δὲ
445 2344 698 2418 ὑστεραίᾳ
732 2345 780 2381 ⁰²
807 2343 1206 2419 Ταυροσκύθαι,
1261 2344 1357 2398 τοῦ
1417 2341 1602 2404 ἃστεος
1657 2338 1998 2410 ὑπεκδύντες,

341 2435 578 2489 κατὰτὸ
634 2430 818 2488 πεδίον
879 2432 1152 2503 ἐτάξαντο,
1211 2433 1532 2501 ποδηνεκεῖς
1580 2430 1802 2503 θυρεοὺς
1859 2451 1998 2505 προ-

340 2518 682 2595 ϐαλλόμενοι
741 2522 832 2577 καὶ
884 2521 1130 2598 θώρακας
1187 2517 1582 2582 ἁλυσιδωτούς.
1614 2521 1881 2592 Ῥωμαῖοι
1942 2516 1998 2573 δὲ

339 2611 434 2666 καὶ
493 2610 646 2666 αὐτοὶ
703 2615 801 2666 τοῦ
859 2612 1102 2686 χάρακος
1161 2609 1454 2684 ὑπεξῄεσαν
1509 2609 1563 2672 ἐς
1631 2610 1694 2663 τὸ
1778 2602 1995 2682 ἄκριϐἒς

338 2699 821 2775 τεθωρακισμένοι·
855 2702 943 2756 καὶ
987 2707 1267 2776 καρτερῶς
1325 2697 1491 2775 ἄμφω
1548 2698 1616 2754 τὰ
1673 2698 1812 2774 μέρη
1873 2695 1997 2768 διη-

344 2791 670 2866 γωνίζοντο,
727 2791 817 2845 καὶ
879 2787 1174 2868 ἀμφίδοξος
1228 2792 1263 2855 ἡ
1321 2787 1446 2859 νίκη
1509 2783 1706 2857 ἐδόκει,
1794 2785 1998 2842 ἄλλοτε

351 2880 580 2954 θατέρου
650 2880 844 2952 μέρους
901 2878 1194 2942 ώθοῦντος,
1245 2877 1396 2935 Ἐπεὶ
1455 2876 1513 2932 δέ
1567 2898 1650 2939 τις
1707 2876 1994 2949 Ῥωμαίων

347 2973 452 3036 τῆς
485 2965 759 3044 φάλαγγος
819 2967 1148 3043 ἀπορῥαγεῖς
1200 2968 1290 3022 τὸν
1354 2967 1487 3040 μετᾶ
1544 2961 1990 3044 Σφενδοσθλάϐον

345 3057 536 3129 τρίτον
617 3057 764 3132 παρὰ
819 3056 1226 3132 Ταυροσκύθαις
1283 3057 1601 3130 τιμώμενον
1663 3054 1991 3132 Σφέγκελον,

345 3144 600 3218 ἐκθύμως
649 3145 774 3201 τότε
833 3143 1316 3222 διαγωνιζόμενον,
1367 3144 1770 3215 κατηκόντισεν,
1830 3141 1997 3218 ἄνδρα

342 3232 660 3312 γιγαντώδη
693 3235 784 3290 καὶ
823 3236 1083 3291 νεανικόν·
1137 3235 1225 3290 ἐπὶ
1281 3239 1362 3307 τῷ
1411 3234 1608 3290 τούτου
1639 3235 1892 3307 πτώματι
1948 3235 1996 3270 9³

342 3321 798 3399 διαταραχθέντες
827 3325 1198 3400 Ταυροσκύθαι
1235 3322 1406 3401 βάδην
1466 3329 1563 3379 τοῦ
1621 3321 1816 3378 πεδίου
1860 3323 1996 3378 ὑπε-

340 3413 570 3468 νόστουν
611 3414 706 3468 καὶ
736 3416 872 3489 πρὸς
902 3416 965 3468 τὸ
1024 3416 1156 3470 ἄστυ
1205 3414 1523 3488 ἠπείγοντο.
1567 3416 1880 3482 Τηνικαῦτα
1908 3413 1995 3467 καὶ

341 3501 650 3578 Θεόδωρος,
681 3505 708 3558 ὁ
739 3505 840 3573 τήν
872 3505 1288 3578 κατεπωνυμίαν
1324 3504 1612 3576 Λαλάκων,
1673 3503 1807 3578 ἀνὴρ
1864 3500 2002 3558 κατά

341 3611 404 3645 τε
435 3591 609 3661 ἀλκὴν
642 3595 729 3648 καὶ
765 3595 1019 3666 σώματος
1048 3595 1246 3668 ῥώμην
1304 3591 1635 3664 δυσάντητος
1689 3593 1779 3648 καὶ
1835 3592 1998 3647 ἀκατ-

338 3679 670 3757 αγώνιστος,
703 3681 996 3745 πλείστους
1050 3688 1158 3737 τῶν
1221 3680 1500 3756 δυσμενῶν
1561 3679 1758 3757 σιδηρᾷ
1794 3680 1999 3755 κορύνῃ

338 3768 670 3828 ἆπέκτεινεν.
733 3770 904 3846 Ἰσχύ·ι
961 3771 1063 3847 γὰρ
1124 3772 1312 3846 χειρὸς
1403 3771 1602 3840 ταύτην
1661 3771 2002 3848 καταφέρων,

342 3859 486 3933 αὐτῇ
518 3864 655 3935 κυνῇ
691 3861 740 3896 ⁹⁴
794 3861 888 3916 καὶ
945 3861 1043 3929 τήν
1098 3863 1268 3936 ταύτῃ
1318 3859 1821 3937 περιστελλομένην
1884 3882 2005 3917 συν-

348 3945 579 4004 ἐθλαττε
606 3950 656 3985 9⁵
678 3951 946 4027 κεφαλήν.
981 3950 1140 4007 Ἀλλ’
1171 3950 1314 4005 οὕτω
1349 3952 1445 4023 μὲν
1496 3949 1621 4006 τότε
1655 3949 1880 4018 Σκύθαι,
1939 3949 2004 4004 τὰ

349 4040 500 4091 νῶτα
530 4035 732 4107 δόντες,
767 4037 856 4094 διὰ
883 4045 980 4095 τοῦ
1011 4037 1196 4102 ἄστεος
1255 4040 1645 4108 ὑπενόστησαν.
1698 4039 2005 4110 Ῥωμαίους

341 4122 410 4179 δε
441 4147 469 4180 ο
525 4127 803 4202 βασιλευς,
851 4129 914 4184 τὸ
967 4127 1330 4199 ἀνακλητικὸν
1381 4127 1607 4184 παυλεῖν
1662 4127 2003 4202 ἐγκελεύσας,

2171 1011 2326 1064 144
2348 1013 2400 1062 2.
2436 1009 2655 1064 Eodem
2690 1015 2956 1081 tempore
3005 1011 3276 1066 triremes
3334 1013 3599 1084 igniferae
3636 1016 3750 1069 Bo-

2099 1113 2414 1152 manorum
2445 1115 2579 1152 cum
2612 1099 2863 1154 navibus
2884 1099 3291 1154 frumentariis
3334 1101 3577 1156 adverso
3601 1105 3752 1159 Istro

2101 1186 2521 1257 adnavigantes
2552 1188 3098 1259 conspiciebantur:
3122 1206 3268 1260 quas
3286 1193 3472 1246 nostri
3490 1193 3754 1248 videntes

2103 1274 2440 1330 incredibili
2475 1282 2614 1331 sunt
2661 1276 2870 1333 laatitia
2900 1279 3118 1345 affecti,
3150 1295 3262 1333 nec
3292 1280 3492 1335 minus
3527 1282 3756 1352 Scythae

2102 1363 2452 1435 perturbati,
2519 1366 2676 1435 quod
2731 1367 3075 1438 impositum
3153 1368 3400 1422 navibus
3453 1368 3760 1424 madidum

2103 1452 2300 1524 ignem
2348 1455 2682 1509 verebatur.
2746 1455 3071 1510 Audierant
3125 1457 3286 1511 enim
3337 1473 3372 1511 a
3432 1458 3758 1529 majoribus

2105 1547 2248 1596 natu
2305 1544 2520 1614 gentis.
2582 1545 3087 1614 quemadmodum
3136 1547 3456 1601 maximam
3502 1548 3754 1603 classem

2104 1631 2354 1702 Ingoris,
2406 1633 2589 1702 patris
2648 1633 3169 1704 Sphendosthlabi,
3248 1636 3493 1690 Romani
3554 1637 3760 1691 eodem

2103 1721 2324 1775 Medico
2353 1721 2486 1793 igne
2517 1722 2578 1775 in
2611 1727 2794 1777 Ponto
2844 1723 3331 1779 combussissent.
3367 1726 3453 1780 [ta
3482 1725 3757 1779 celeriter

2106 1805 2458 1865 lenunculos
2491 1828 2628 1865 suos
2661 1816 2995 1866 contractos
3026 1818 3163 1867 ante
3187 1830 3388 1868 muros
3410 1813 3757 1884 oppidisub-

2102 1897 2418 1966 duxerunt,
2469 1917 2586 1970 qua
2630 1901 3045 1971 praeterfluens
3102 1903 3252 1956 Ister
3303 1903 3557 1957 alterum
3601 1903 3757 1958 latus

2107 1987 2398 2058 Dorystoli
2415 1987 2605 2042 alluit.
2635 1989 2888 2044 Eosdem
2921 1990 3187 2061 igniferae
3209 1996 3430 2045 nostrae
3447 2007 3624 2045 naves
3643 1992 3762 2047 cir-

2107 2077 2403 2131 cumcirca
2419 2077 2828 2148 observabant,
2863 2095 2936 2132 ne
2971 2078 3202 2150 Scythis
3221 2078 3471 2134 facultas
3495 2080 3755 2147 daretur,

2108 2166 2451 2221 conscensis
2474 2167 2799 2238 scaphis,in
2824 2183 2990 2222 suam
3011 2185 3071 2223 se
3088 2168 3392 2240 regionem
3406 2169 3754 2241 recipiendi.

2107 2255 2346 2310 Postero
2379 2255 2474 2310 die
2504 2257 3018 2327 Tauroscythaa,ex
3036 2257 3253 2328 oppido
3286 2258 3529 2328 egressi,
3564 2259 3753 2313 aciem

2104 2346 2165 2399 in
2195 2345 2444 2418 planitie
2476 2347 2910 2416 instruxerunt,
2954 2347 3136 2403 scutis
3196 2348 3269 2402 ad
3327 2349 3509 2420 pedes
3565 2365 3757 2420 usque

2107 2435 2547 2506 pertinentibus
2579 2441 2637 2491 et
2658 2436 2859 2491 loricis
2881 2437 3139 2491 hamatis
3172 2437 3334 2492 tecti.
3369 2439 3515 2492 Item
3548 2440 3763 2493 Roma-

2107 2524 2167 2578 ni
2199 2524 2410 2579 castris
2454 2524 2750 2596 progressi
2801 2529 2942 2579 sunt
2971 2525 3121 2579 bene
3151 2524 3383 2580 loricati
3409 2541 3422 2579 :
3455 2531 3515 2580 et
3543 2527 3759 2581 acriter

2105 2614 2406 2684 utrimque
2441 2620 2764 2686 pugnatum
2795 2620 2904 2682 est,
2957 2614 3185 2669 incerta
3244 2615 3507 2682 victoria,
3568 2616 3756 2670 altero

2105 2703 2357 2757 alterum
2399 2703 2906 2774 propellente.Ubi
2938 2720 3070 2758 vero
3104 2706 3502 2759 Romanorum
3537 2705 3754 2775 aliquis

2107 2808 2177 2846 ex
2204 2791 2496 2864 phalange
2529 2809 2885 2862 procurrens
2945 2792 3358 2863 Sphencelum,
3417 2794 3515 2865 qui
3578 2795 3752 2849 tertio

2106 2886 2240 2953 post
2279 2881 2857 2952 Sphendosthlabum
2889 2882 3018 2936 loco
3051 2899 3084 2936 a
3115 2883 3532 2954 Tauroscythis
3563 2885 3755 2941 hono-

2103 2969 2367 3037 rabatur,
2391 2971 2658 3025 animose
2686 2975 2825 3025 tunc
2852 2970 3224 3041 praeliantem
3257 2973 3518 3041 conﬁxit,
3562 2975 3750 3028 virum

2104 3064 2266 3114 vasto
2294 3076 2540 3130 corpore
2566 3064 2625 3114 et
2649 3059 2900 3115 audacia
2921 3059 3173 3131 juvenili
3201 3075 3214 3112 :
3249 3060 3426 3131 hujus
3450 3077 3591 3116 casu
3617 3079 3753 3134 per-

2107 3149 2325 3204 turbati
2377 3151 2792 3222 Tauroscythaa
2852 3167 2882 3204 e
2940 3150 3188 3222 planitie
3246 3150 3460 3222 pedem
3506 3152 3758 3219 referre,

2106 3237 2287 3309 inque
2318 3239 2600 3310 oppidum
2624 3255 2686 3294 se
2718 3239 2982 3310 recipere
3012 3239 3569 3311 coeperunt.Eodem
3600 3259 3763 3313 prae:

2105 3327 2184 3382 lio
2206 3327 2549 3383 Theodorus
2580 3335 2971 3401 cognomento
3008 3329 3236 3397 Lalaco,
3263 3330 3443 3384 homo
3470 3331 3544 3385 ob
3581 3331 3770 3386 robur

2107 3417 2560 3489 corporis,quod
2593 3434 2890 3473 summum
2925 3424 3052 3472 erat
3073 3419 3135 3473 in
3166 3418 3291 3486 illo,
3312 3420 3670 3475 metuendus
3707 3425 3770 3474 et

2109 3507 2259 3562 145
2295 3506 3004 3578 inexpugnabilis,hostes
3024 3523 3274 3562 numero
3294 3509 3584 3578 plurimos
3603 3509 3767 3564 clava

2109 3594 2304 3650 ferrea
2328 3596 2629 3651 interfecit
2653 3617 2667 3661 ;
2693 3612 2871 3666 quam
2897 3613 3078 3650 manu
3103 3601 3221 3651 tam
3246 3596 3460 3651 valenti
3485 3598 3764 3652 demitte-

2111 3683 2566 3749 bat,utsimulet
2590 3685 2817 3755 galeam
2851 3689 2910 3739 et
2940 3689 3116 3755 caput
3145 3685 3249 3739 illa
3270 3689 3490 3740 tectum
3504 3687 3766 3741 confrin-

2113 3774 2366 3844 geretJn
2400 3774 2556 3827 hunc
2587 3773 2830 3828 modum
2855 3773 3104 3844 Scythaa,
3137 3773 3274 3845 fuga
3304 3773 3478 3842 facta,
3503 3775 3564 3830 in
3587 3777 3768 3848 oppi-

2114 3861 2254 3917 dum
2303 3867 2694 3918 reverterunt.
2751 3864 3048 3918 Romanos
3107 3863 3454 3934 imperator,
3502 3869 3775 3936 receptui

2115 3951 2248 4006 cani
2285 3951 2528 4022 jubens,
2565 3951 2626 4005 in
2675 3957 2868 4007 castra
2923 3951 3252 4007 revocavit:
3308 3951 3409 4006 ubi
3465 3953 3639 4008 donis
3672 3969 3774 4009 eos

2117 4040 2512 4111 conviviisque
2545 4041 2791 4111 accepit,
2809 4039 3164 4111 animosque
3201 4040 3271 4095 ad
3297 4042 3773 4098 strenueineun-

2117 4129 2252 4185 dam
2283 4146 2542 4202 pugnam
2562 4131 2821 4201 majores
2852 4129 3011 4184 fecit.

349 4215 699 4273 συνεκαλεῖτο
723 4216 811 4272 ἐπὶ
837 4219 928 4273 τὸν
959 4218 1197 4294 χάρακα,
1231 4217 1322 4282 οὕς
1347 4215 1546 4294 δώροις
1573 4219 1664 4272 καὶ
1695 4218 2026 4292 προπόσεσιν
2056 4214 2364 4291 ἐθεράπευε,
2396 4223 2850 4291 προθυμοποιῶν,
2882 4215 3191 4290 ῥωμαλέως
3222 4215 3311 4272 ἐπὶ
3335 4219 3464 4282 τοὺς
3487 4220 3770 4294 ποΛέμους

341 4324 386 4380 χ
403 4312 586 4380 ωρεῖν.

419 4406 485 4479 γ“.
518 4407 607 4462 Ἐν
639 4405 820 4479 τούτῳ
853 4404 910 4460 δὲ
938 4409 1048 4461 τῶν
1088 4405 1427 4481 πραγμάτων
1486 4405 1856 4482 ᾗωρημένων,
1907 4406 1996 4460 καὶ
2031 4415 2076 4478 D

336 4502 442 4565 τῆς
477 4495 666 4570 μάχης
721 4493 797 4550 ἔτι
859 4493 1264 4565 συνεστηκυίας,
1333 4495 1483 4549 Λὲων
1547 4495 2002 4570 ΚουροπαΛάτης,

339 4588 370 4642 ὁ
423 4589 521 4640 τοῦ
575 4584 976 4662 αὐτοκράτορος
1035 4587 1359 4665 Νικηφόρου
1414 4584 1695 4659 ὁμαίμων,
1748 4583 1844 4639 ἐπὶ
1900 4585 2002 4653 τήν

340 4676 481 4732 κατᾶ
515 4671 716 4731 Λέσϐον
748 4679 830 4747 [Ρ.
886 4678 977 4748 90]
1042 4676 1343 4748 Μήθυμναν
1401 4678 1476 4747 (7)
1525 4673 1639 4748 ἃμα
1698 4673 2002 4752 Νικηφόρῳ

2179 4408 2231 4462 3.
2264 4409 2521 4463 Eatenus
2553 4407 2733 4463 dubio
2768 4424 2964 4462 rerum
2999 4409 3181 4475 exitu,
3242 4409 3533 4480 ﬂagrante
3584 4409 3766 4465 etiam

2113 4496 2293 4563 bello,
2382 4498 2494 4552 Leo
2549 4498 2951 4569 Curopalates,
3012 4498 3323 4568 Nicephori
3388 4499 3771 4569 imperatoris

2110 4587 2314 4654 frater,
2345 4604 2522 4658 quem
2554 4588 2907 4658 Methymnae
2965 4587 3028 4640 in
3059 4586 3242 4640 Lesbo
3274 4586 3472 4641 insula
3502 4604 3776 4644 asserva-

2114 4681 2240 4732 tum
2265 4694 2400 4762 "esse
2433 4693 2613 4749 supra
2670 4676 3097 4743 demonstravi,
3130 4675 3478 4731 custodibus
3517 4678 3777 4748 pecunia

1589 4826 1651 4880 C.
1693 4827 1754 4882 Β.
1798 4825 1986 4881 HASII
2037 4826 2602 4882 ANNOTATIONES.

423 4994 471 5076 οξ
504 4990 726 5076 ὑστερέᾳ
752 4996 881 5053 cod.
916 4996 964 5032 ⁹³
993 4993 1108 5051 ἐπεί
1145 4995 1208 5051 τὸ
1235 4994 1432 5052 τούτου
1463 4997 1723 5071 πτώματι
1753 4998 1885 5056 cod.
1918 4999 1966 5035 ⁹⁴
1994 5019 1999 5052 :

2112 5001 2155 5072 ᾗ]
2184 5001 2344 5071 κοινῇ
2373 5001 2502 5055 cod.
2536 4999 2582 5036 9'
2610 4999 2952 5060 συνέθλαττε.
2987 5003 3134 5076 Lege
3198 5010 3299 5060 aut
3352 5003 3611 5074 συνέθλα,
3670 5013 3772 5063 aut

349 5066 664 5132 συνέθλασε.

425 5228 500 5298 (6)
543 5230 622 5283 De
655 5228 986 5300 monoxylis
1017 5231 1341 5300 Ilussorum
1385 5225 1693 5300 Constant.
1726 5228 1999 5300 Porphy-

350 5315 474 5381 rog.
508 5301 587 5381 De
619 5299 952 5381 administr.
979 5300 1128 5381 imp.
1271 5299 1430 5381 B:_—
1460 5299 1610 5381 6L_F
1664 5304 1723 5352 et
1747 5299 1999 5381 Bandur.

350 5369 515 5426 ad'h.
551 5371 589 5425 l.
624 5373 711 5425 36.
744 5374 805 5427 C.
843 5369 1110 5426 Manifice
1155 5369 1515 5425 Claudianus
1548 5373 1613 5424 ln
1646 5385 1717 5423 IV.
1773 5371 2001 5425 Consu-

349 5441 452 5497 lat.
487 5443 728 5497 Honorii
753 5460 801 5496 v.
842 5445 943 5497 623
971 5459 1101 5514 sqq.
1149 5458 1162 5496 :

425 5587 568 5642 Ausi
591 5588 900 5643 Danubium
932 5585 1214 5658 quondam
1243 5591 1471 5640 tranare
1501 5583 1830 5656 Gruthungi

421 5677 494 5731 In
525 5676 720 5733 lintres
743 5681 964 5748 fregere
991 5691 1180 5733 nemus
1204 5691 1218 5733 :
1242 5680 1325 5730 ter
1351 5673 1503 5730 mille
1523 5673 1760 5730 ruebant

2187 5229 2287 5282 Per
2312 5229 2540 5297 ﬂuvium
2557 5227 2737 5297 plena:
2769 5230 2953 5282 cuneis
2971 5230 3302 5285 immanibus
3333 5229 3481 5284 alni.

2187 5382 2420 5454 (7)Ha3c
2479 5381 2564 5454 sic
2620 5380 2955 5436 redduntur
3011 5383 3072 5437 in
3132 5383 3403 5438 versione
3448 5384 3770 5440 Combeﬁs.

2117 5453 2273 5526 apud
2307 5455 2443 5524 Pag.
2475 5453 2567 5505 IV.
2620 5454 2708 5526 2_8.
2743 5455 2788 5507 D
2825 5470 2836 5506 :
2887 5457 2992 5508 Leo
3053 5455 3410 5525 Curopalata,
3474 5456 3771 5526 Nic-ephori

2116 5524 2255 5596 iiup.
2289 5527 2490 5592 frater,
2521 5524 2843 5591 Methymna
2875 5541 2994 5595 quae
3017 5526 3176 5580 Lesbi
3194 5524 3389 5582 insula
3420 5535 3497 5582 est
3525 5525 3545 5592 [
3577 5524 3616 5582 1.
3644 5529 3768 5581 Me-

2119 5595 2382 5668 thymna,
2415 5611 2537 5665 quae
2566 5595 2724 5668 Lesbi
2771 5597 2964 5652 insulae
2996 5597 3123 5652 urbs
3155 5603 3251 5664 est]
3312 5629 3375 5639 —
3409 5599 3483 5653 ad
3512 5597 3765 5654 rebellio-

2119 5667 2244 5726 nem
2276 5669 2525 5723 animum
2545 5667 2814 5724 advertit.
