4190 6322
455 326 573 387 867

1900 326 2185 390 LEONIS
2238 325 2560 391 DIAGONI

457 459 775 531 corruptis,
798 458 1137 517 rebellavit:
1160 461 1379 533 quippe
1398 460 1618 516 illaesas
1635 459 2104 517 habebatocule-

2222 461 2301 528 τῷ
2332 458 2434 529 υἱῷ
2466 454 2899 533 φρουρούμενος,
2930 452 3004 517 ὥς
3045 474 3141 528 μοι
3167 450 3276 524 ἤδη
3312 450 3643 523 δεδήλωται,
3674 452 3872 527 χρυσῷ

458 565 588 604 rum
620 549 896 620 pupillas.
924 552 1154 606 Etenim
1178 551 1270 606 cui
1302 551 1468 621 prius
1491 550 1682 605 fuerat
1703 549 2104 621 ejusexcwca—

456 639 539 694 tio
573 639 931 706 mandata,is
963 641 1081 695 sive
1105 640 1485 710 Imperatoris
1495 640 1670 710 jussu
1703 640 2107 711 (suspicantur

454 729 665 793 ethoc,
700 729 773 784 ob
805 730 1097 784 rationem
1130 729 1483 799 illam.Quod
1514 746 1578 784 re
1610 729 1903 801 patefacta
1924 730 2102 784 homo

452 817 783 889 impunitus
841 817 1214 888 permansit),
1277 818 1397 873 sive
1447 818 1858 874 misericordia
1908 824 2103 875 motus

454 912 633 962 tantm
666 906 1040 974 calamitatis,
1093 907 1232 962 cilia
1292 908 1422 979 ejus
1464 908 1812 976 combussit,
1843 909 2103 980 pupillas

451 996 670 1051 illaesas
704 1001 762 1048 et
792 995 1046 1050 intactas
1074 996 1338 1067 reliquit.
1389 999 1475 1053 Ita
1505 998 1887 1069 Curopalates
1918 1015 2100 1053 cons-

453 1101 630 1139 censo
658 1083 878 1149 lembo,
932 1084 1006 1139 ad
1038 1102 1204 1140 oram
1263 1090 1469 1142 contra
1526 1087 2103 1158 Constantinopolim

451 1174 600 1229 clam
635 1173 1082 1245 appulit,inque
1114 1176 1475 1230 monasterio
1511 1177 1668 1247 quod
1699 1176 1972 1248 Pelamys
2001 1194 2103 1233 vo-

448 1267 633 1328 catur,
665 1277 727 1315 se
759 1261 1087 1316 occultavit.
1120 1263 1263 1318 Inde
1295 1264 1481 1318 mittit
1509 1270 1738 1319 certum
1771 1264 2098 1334 hominem,

450 1352 551 1421 qui
584 1351 792 1406 amicis
820 1356 879 1406 et
906 1350 1304 1407 familiaribus
1331 1353 1638 1409 nuntiaret
1667 1370 1728 1408 se
1759 1354 2008 1409 venisse.
2030 1355 2099 1409 Hi

450 1458 622 1497 suum
655 1441 944 1496 auxilium
974 1459 1078 1514 pro
1136 1443 1360 1499 viribus
1409 1444 1768 1515 pollicentur
1800 1461 1812 1498 :
1853 1461 2100 1500 manum

449 1536 815 1586 armatorum
876 1548 1005 1587 sese
1066 1537 1423 1600 coacturos;
1458 1533 1611 1589 I46
1657 1533 1849 1589 claves
1893 1533 2098 1605 palatii

453 1620 860 1692 subrepturos,
894 1637 1001 1693 per
1048 1638 1194 1692 quas
1251 1621 1446 1676 facilis
1477 1622 1529 1677 ei
1572 1622 1742 1677 ﬁeret
1772 1623 1832 1676 in
1866 1639 2101 1678 sacrum

448 1709 634 1764 limen
685 1710 1010 1781 ingressus.
1053 1709 1309 1765 Proinde
1366 1710 1701 1782 suscipiunt
1749 1712 2100 1784 negotium:

447 1799 605 1870 quod
636 1798 829 1854 verbis
862 1804 1032 1853 erant
1062 1799 1331 1870 polliciti,
1365 1798 1451 1853 nil
1476 1799 1689 1853 morati
1719 1816 1780 1853 re
1810 1800 2097 1872 perﬁcere
2130 1828 2182 1893 B

447 1894 757 1944 conantur.
788 1887 1156 1944 Persuadent
1210 1886 1316 1942 uni
1379 1904 1447 1943 ex
1508 1888 1767 1943 ostiariis
1814 1887 2096 1959 palatinis

451 1977 624 2032 donis
657 1978 997 2043 inducto,ut
1028 1978 1089 2032 in
1122 1995 1256 2033 cera
1282 1977 1474 2033 claves
1496 1978 1887 2048 imprimeret,
1906 1994 2105 2033 ceram

450 2070 562 2126 sibi
594 2070 1088 2128 communicaret.
1119 2073 1195 2139 Is,
1247 2076 1559 2142 promptus
1594 2073 1664 2126 ad
1698 2087 1846 2139 rem,
1907 2088 2104 2127 ceram

445 2161 829 2217 informatam
844 2160 1022 2216 tradit
1040 2186 1053 2219 :
1068 2161 1198 2232 conj
1210 2161 1664 2232 urati,opiﬁcem
1679 2160 2104 2230 conducentes,

446 2250 638 2307 claves
662 2250 939 2307 celeriter
968 2249 1126 2305 domi
1154 2250 1457 2305 cudendas
1474 2254 1705 2306 curant.

2216 548 2344 610 τοὺς
2378 545 2651 627 φρουροὺς
2709 544 3040 623 διαφθείρας,
3099 543 3151 607 ἐς
3199 543 3527 600 ἀποστασίαν
3559 536 3867 613 ἀπέκλινεν,

2219 637 2420 699 ἀσινεῖς
2469 635 2613 712 ἔχων
2672 636 2765 698 τὰς
2825 636 2990 710 κόρας
3070 639 3180 690 τῶν
3263 632 3582 713 ὀφθαλμῶν.
3649 634 3704 686 Ὀ
3762 632 3869 707 γὰρ

2217 724 2517 802 ἐκτυφλοῦν
2572 726 2637 781 τὸ
2691 726 2920 798 πρόσθεν
2989 723 3147 779 αὐτὸν
3234 724 3281 761 9⁸
3337 722 3702 798 προτραπεὶς,
3764 720 3871 777 ε’ίτε

2214 816 2330 869 κατ’
2364 812 2593 883 ἐντολήν
2651 818 2749 869 τοῦ
2801 812 3072 889 βασιλέως
3127 816 3287 868 τοῦτο
3341 813 3664 882 πεποιηκὼς
3712 811 3873 885 (ὑπο-

2214 910 2414 959 νοεῖται
2443 905 2546 982 γὰρ
2576 903 2668 959 καί
2699 908 2881 959 τοῦτο’
2944 904 3242 976 τεκμήριον
3304 899 3380 974 δὲ,
3431 901 3515 958 ὅτι
3576 902 3711 974 μετά
3763 900 3867 968 τήν

2213 997 2309 1048 τοῦ
2341 991 2617 1070 δράματος
2649 991 2940 1070 διάγνωσιν
2995 996 3172 1047 κακῶν
3235 991 3447 1061 ἀπαθὴς
3491 992 3519 1046 ὁ
3576 988 3868 1065 ἄνθρωπος

2215 1080 2464 1155 ἔμεινεν),
2498 1082 2604 1138 εἷ’τε
2660 1084 2749 1137 καί
2799 1081 2972 1154 οἷ’κτῳ
3030 1088 3129 1151 τῆς
3181 1079 3455 1144 τοσαύτης
3511 1079 3871 1158 ἐπικαμφθεὶς

2215 1176 2517 1249 συμφορᾶς,
2555 1174 2648 1236 τὰς
2710 1172 2804 1244 μὲν
2862 1171 3193 1248 βλεφάριδας
3256 1170 3459 1226 ἐκείνου
3523 1170 3868 1236 κατέκαυσεν,

2214 1261 2415 1326 ἀσινεῖς
2441 1260 2497 1317 δὲ
2526 1262 2611 1317 καὶ
2672 1261 2973 1336 ἀκηράτους
3007 1261 3101 1323 τὰς
3155 1261 3321 1334 κόρας
3375 1260 3663 1335 παρέλιπε.
3726 1259 3870 1317 Τότε

2212 1356 2338 1427 γοῦν
2386 1351 2463 1413 εἰς
2522 1353 2739 1407 ἀκάτιον
2792 1352 2819 1405 ὁ
2881 1348 3320 1426 Κουροπαλάτης
3378 1344 3570 1423 ἐμϐὰς,
3625 1353 3696 1423 τῇ
3747 1349 3865 1403 κατ’

2213 1440 2500 1518 ἀντιπέρας
2535 1441 2830 1511 Βυζαντίου
2861 1442 3021 1516 χθονὶ
3071 1438 3391 1511 λεληθότως
3450 1439 3865 1516 προσώρμισεν,

2211 1530 2299 1586 ἐπί
2327 1553 2379 1586 τι
2413 1533 2853 1606 φροντιστήριον,
2888 1529 2918 1585 ὅ
2948 1528 3219 1603 Πηλαμὺς
3263 1526 3527 1599 κέκληται
3559 1534 3660 1603 (8),
3691 1553 3868 1605 κρυπ-

2210 1620 2463 1692 τόμενος.
2499 1621 2734 1678 Ἐκεῖθεν
2762 1641 2822 1675 τε
2844 1616 2931 1675 διά
2957 1640 3106 1681 τινος
3146 1624 3252 1674 τῶν
3288 1617 3503 1674 οἰκείων
3532 1625 3649 1682 τοῖς
3681 1618 3874 1697 φίλοις

2210 1709 2300 1765 καὶ
2322 1715 2587 1785 γνωστοῖς
2643 1712 2743 1778 τήν
2798 1709 2966 1766 αὐτοῦ
3022 1707 3358 1781 καταμηνύει
3425 1704 3622 1785 ἄφιξιν.
3686 1710 3753 1763 Οἱ
3815 1708 3873 1767 δέ

2211 1790 2367 1854 παντὶ
2401 1799 2571 1855 σθένει
2601 1797 2929 1872 συνάρασθαί
2976 1799 3029 1853 οἱ
3062 1794 3473 1870 διωμολόγουν,
3521 1797 3612 1852 καὶ
3644 1801 3867 1868 πλῆθος

2211 1889 2577 1965 συναθροίσειν
2612 1887 2857 1943 ἐνόπλων
2880 1884 3112 1960 ἀνδρῶν,
3139 1886 3231 1942 καὶ
3259 1889 3355 1949 τάς
3401 1893 3501 1957 τῆς
3562 1888 3864 1962 βασιλικῆς

2212 1977 2391 2041 ἑστίας
2422 1975 2575 2040 κλεῖς
2608 1976 2922 2055 ὑφελέσθαι,
2957 1973 3028 2030 δι’
3060 1977 3133 2032 ὢν
3190 1974 3338 2046 αὑτῷ
3371 1975 3608 2040 εὐπετῶς
3643 1978 3678 2048 ἠ
3711 1975 3764 2039 ἐς
3800 1977 3871 2032 τὰ

2218 2067 2473 2144 βασίλεια.
2489 2072 2703 2146 γένοιτο
2732 2065 2991 2143 πάροδος.
3024 2066 3129 2123 Καὶ
3158 2063 3294 2136 δῆτα
3324 2062 3489 2142 ἔργου
3522 2066 3869 2143 ε’ἰχοντο,καὶ

2212 2158 2312 2226 τήν
2346 2156 2436 2213 διὰ
2466 2157 2648 2236 λόγων
2680 2156 2978 2232 ὑπόσχεσιν
3034 2156 3124 2211 καὶ
3157 2153 3227 2212 δι’
3266 2154 3440 2232 ἔργων
3470 2156 3713 2212 ἀνύττειν
3742 2157 3871 2214 ἐπε-

2212 2248 2460 2323 χείρουν,
2495 2244 2760 2320 μηδόλως
2793 2244 3186 2321 μελλήσαντες.
3220 2246 3492 2302 Ἐντεῦθεν
3512 2236 3578 2317 δή
3611 2266 3735 2302 τινα
3752 2251 3868 2303 τῶν

446 2336 746 2413 βασιλικῶν
771 2335 1120 2414 κλειδούχων
1154 2334 1382 2413 δωρεαῖς
1418 2338 1914 2411 ὑποποιησάμενοι,
1945 2342 2104 2411 κηρῷ
2146 2336 2241 2399 τὰς
2289 2336 2442 2400 κλεῖς
2500 2336 2763 2392 ἐκτυποῢν
2820 2333 3058 2405 ἔπεισαν,
3088 2334 3178 2391 καὶ
3219 2334 3402 2399 αὐτοῖς
3434 2332 3714 2393 ἐπιδοῦναι
3772 2338 3874 2393 τὸν

441 2427 630 2502 κηρόν.
666 2428 761 2483 Καὶ
797 2429 875 2498 ὅς,
903 2425 1059 2482 οὐδὲν
1088 2423 1310 2498 ἀναδὺς,
1341 2428 1595 2491 τυπώσας
1625 2428 1717 2483 τὸν
1755 2428 1922 2505 κηρὸν
1955 2424 2226 2482 ἐπεδίδου·
2264 2427 2316 2482 οἱ
2351 2423 2430 2497 δὲ,
2460 2425 2721 2502 βάναυσον
2758 2424 3159 2500 μισθωσάμενοι
3203 2424 3300 2488 τὰς
3356 2424 3510 2489 κλεῖς
3557 2424 3638 2504 ἐφ’
3669 2427 3858 2491 ἱστίας

446 2521 521 2593 (9)
554 2520 626 2581 ὡς
654 2519 831 2594 τάχος
868 2518 1228 2575 ἐχάλκευσαν.

514 2624 565 2674 4.
600 2622 743 2675 Cum
777 2619 978 2675 omnia
1011 2637 1080 2675 ex
1107 2621 1497 2690 sententia,ut
1526 2620 1812 2677 rebantur
1841 2621 2097 2686 illi,suc~

446 2710 787 2776 cessissent,
820 2714 1029 2764 vocant
1057 2709 1491 2780 Curopalatem,
1525 2716 1608 2778 ut,
1655 2710 1900 2780 trajecta
1928 2709 2098 2774 freto,

447 2798 1024 2870 Constantinpolim
1050 2798 1396 2870 appelleret.
1430 2801 1485 2855 Is
1517 2803 1692 2854 nocte
1741 2799 2103 2871 intempesta

451 2889 586 2945 navi
618 2905 943 2944 conscensa
961 2888 1034 2943 ad
1053 2903 1251 2943 arcem
1283 2886 1625 2951 delatus,ibi
1649 2905 1755 2961 per
1775 2888 2099 2959 portulam,

450 2995 582 3049 quas
619 2978 727 3034 sub
759 2978 954 3033 Sancti
986 2978 1196 3034 Phocea
1228 2978 1553 3047 est,urbem
1573 2978 2102 3049 intratiimperium

2281 2614 2343 2673 δ’.
2376 2617 2528 2675 Ἐπεὶ
2561 2615 2620 2672 δὲ
2667 2618 2841 2672 πάντα
2885 2617 3101 2680 τούτοις
3155 2616 3293 2672 κατά
3358 2620 3609 2695 γνώμην,
3670 2619 3744 2683 ὥς
3802 2640 3870 2696 γε

2211 2703 2407 2775 ἐδόκει,
2441 2706 2663 2781 ἐχώρει,
2723 2706 2815 2761 τὸν
2850 2707 3280 2782 Κουροπαλάτην
3317 2707 3545 2764 ἐκάλουν
3602 2712 3866 2782 περαιοῦ-

2209 2806 2330 2859 σθαι
2359 2794 2453 2850 τὸν
2487 2794 2791 2868 Βόσπορον,
2849 2795 2939 2850 καὶ
2990 2795 3265 2871 καταίρειν
3325 2794 3414 2851 ἐπὶ
3444 2797 3507 2852 τὸ
3538 2799 3858 2868 Βυζάντιον.

2209 2885 2271 2941 Ὁ
2301 2881 2378 2954 δέ,
2409 2888 2518 2939 τῶν
2547 2888 2753 2938 νυκτῶν
2816 2883 2955 2960 ἀωρὶ
3007 2884 3140 2945 νεὼς
3193 2879 3386 2948 ἐπιϐὰς
3444 2886 3535 2941 καὶ
3593 2891 3661 2960 τῇ
3693 2886 3856 2962 ἀκρο-

2209 2973 2370 3029 πόλει
2402 2974 2699 3048 προσσχὼν
2747 2973 2814 3043 ⁸⁷,
2874 2973 3074 3037 ἐκεῖθεν
3130 2970 3221 3029 διά
3273 2994 3419 3035 τινος
3463 2973 3697 3039 πυλίδος
3756 2978 3857 3034 ὑπό

441 3068 573 3140 jam
604 3083 666 3122 se
692 3066 973 3122 manibus
1002 3071 1202 3121 tenere
1235 3067 1566 3122 somnians.
1604 3068 1816 3121 Verum
1837 3066 1975 3120 huic
1996 3078 2100 3136 pro

2213 3063 2312 3131 τὴν
2348 3065 2447 3117 τοῦ
2505 3061 2662 3136 ἁγίου
2694 3066 2863 3117 Φωκᾶ
2943 3060 3276 3134 τελεθούσης
3341 3064 3392 3101 9⁸
3448 3064 3650 3135 ἑστίαν,
3707 3063 3857 3123 ἔνδον

449 3157 715 3229 fulgente
738 3172 1132 3227 purpura,pro
1166 3160 1398 3227 sceptro
1421 3170 1738 3225 aureo,pro
1764 3153 2099 3226 tyrannide,

454 3263 631 3318 quam
665 3245 921 3299 infausto
947 3245 1147 3299 omine
1161 3244 2100 3311 machinabatur,excaacationem

454 3333 1076 3405 diram,longinquum
1111 3334 1408 3401 exsilium,
1434 3333 1898 3406 publicationem
1916 3332 2099 3388 bono.

452 3439 585 3477 rum
619 3421 865 3492 parabat
884 3422 1144 3487 fortuna,
1172 3422 1432 3478 irridens
1455 3439 1621 3494 spem
1652 3423 1933 3483 hominis,
1969 3439 2100 3494 qum

451 3510 704 3565 nimium
736 3509 917 3564 fallax
938 3510 999 3564 in
1031 3510 1390 3566 contrariam
1413 3514 1641 3583 partem
1701 3510 1903 3574 evasit,
1938 3522 2101 3566 acer-

447 3599 703 3670 bamque
734 3598 821 3653 illi
854 3599 1149 3654 malorum
1181 3600 1485 3656 miseriam
1516 3599 1733 3655 intulit.
1754 3599 1905 3655 Dum
1937 3600 2099 3655 enim

450 3690 512 3745 in
545 3689 772 3745 aedibus
804 3690 1115 3761 cujusdam
1143 3706 1214 3745 ex
1242 3689 1600 3745 facientibus
1659 3706 1861 3746 secum
1911 3689 1973 3744 in
2004 3706 2096 3745 re.

448 3781 621 3852 gione
655 3779 959 3850 Sphoracii
992 3780 1242 3847 desidet,
1274 3781 1720 3852 conjuratorum
1742 3784 2099 3835 conventum

450 3869 1048 3941 prmstolans,aliquis
1069 3870 1453 3936 asseclarum,
1486 3870 1711 3927 aedibus
1740 3870 2000 3942 elapsus,
2024 3868 2099 3926 ad

447 3958 803 4014 familiarem
836 3959 1046 4029 ipsius,
1081 3960 1320 4015 textrini
1354 3961 1599 4033 Augusti
1630 3966 2097 4032 procuratorem,

447 4047 676 4102 accedit
695 4050 753 4102 τι
769 4049 862 4103 47
877 4049 1556 4119 nuntiat,Curopalatem
1568 4050 1800 4105 venisse
1818 4067 1829 4104 ς
1846 4049 2096 4105 consilio

446 4134 736 4206 patefacto
753 4141 1013 4207 rogat,ut
1029 4137 1141 4191 sibi
1156 4153 1290 4191 cum
1305 4152 1551 4209 corpore
1571 4143 1859 4193 textorum
1876 4137 2097 4193 auxilio

448 4223 545 4280 sit.
582 4223 684 4278 Hic
717 4239 779 4278 se
801 4224 919 4279 cito
946 4231 1165 4295 praesto
1197 4225 1285 4280 illi
1345 4225 1471 4281 fore
1527 4226 1803 4297 spondet,
1851 4240 2098 4297 surgens

447 4316 735 4382 tanquam
765 4312 1028 4366 ofﬁcium
1054 4318 1368 4368 vocaturus
1408 4314 1549 4368 abit.
1585 4316 1823 4381 Verum,
1855 4313 1929 4367 ad
1955 4314 2095 4367 Leo-

2212 3151 2386 3228 εὶσῂει
2419 3156 2516 3208 τοῦ
2573 3150 2781 3223 ἄστεος,
2813 3154 2911 3223 τὴν
2969 3159 3071 3223 τῆς
3128 3153 3431 3229 ἡγεμονίας
3510 3156 3693 3232 ἀρχὴν
3747 3154 3856 3229 ἢθη

2211 3244 2462 3318 κατέχειν
2499 3240 2552 3297 ἐν
2582 3246 2703 3304 ταῖς
2734 3242 2921 3316 χερσὶν
2954 3240 3343 3317 ὀνειροπολῶν.
3394 3244 3490 3318 Τῷ
3528 3248 3574 3284 ³⁸
3604 3237 3682 3318 δέ,
3742 3245 3856 3302 ἀντὶ

2210 3328 2546 3410 πορφυρίδος
2603 3330 2883 3407 λαμπρᾶς,
2940 3332 3029 3386 καὶ
3090 3334 3382 3408 σκήπτρων
3463 3333 3709 3410 χρυσῶν,
3766 3336 3856 3390 καὶ

2208 3418 2547 3496 τυραννίδος,
2578 3420 2643 3490 ἢν
2676 3422 2750 3483 ὡς
2784 3421 2859 3494 μή
2906 3419 3114 3498 ὤφελεν
3172 3420 3522 3496 ἐμελέτησαν,
3574 3423 3859 3503 ἐκτύφλω-

2212 3533 2293 3567 σιν
2350 3512 2547 3585 πικρὰν
2604 3511 2694 3565 καὶ
2753 3511 3044 3585 ὑπερορίαν
3109 3512 3337 3586 μακρὰν,
3419 3513 3508 3567 καὶ
3597 3510 3856 3585 δήμευσιν

2209 3606 2317 3657 τῶν
2364 3599 2578 3656 οἰκείων
2638 3602 2673 3670 ἡ
2730 3601 2875 3675 τύχη
2927 3599 3298 3673 ἐσκαιωρεῖτο,
3354 3600 3667 3677 ἐπιγελῶσά
3748 3620 3853 3660 που

2206 3697 2322 3754 τοῖς
2349 3688 2736 3763 ἐλπιζομένοις
2765 3686 2973 3761 τάνδρὶ,
3032 3689 3108 3754 ὠς
3164 3690 3265 3746 οὐκ
3320 3690 3373 3745 ἐν
3426 3691 3611 3768 ἐχυρῷ
3660 3695 3855 3767 κειμέ-

2207 3800 2339 3847 νοις,
2369 3777 2492 3833 ἀλλ’
2525 3777 2599 3839 εἷς
2627 3774 2939 3849 τοῦμπαλιν
2996 3776 3142 3849 αὐτῷ
3199 3782 3707 3852 περιτρεπομένοις,
3766 3784 3855 3838 καὶ

2209 3864 2463 3936 χαλεπὴν
2507 3870 2614 3921 τῶν
2666 3865 3038 3938 ἀτυχημάτων
3089 3863 3498 3923 ἐπικυλίνδουσι
3555 3872 3861 3945 συμφοράν.

2212 3958 2374 4030 ’Ἀρτι
2407 3955 2533 4030 γὰρ,
2566 3953 2787 4029 ἐπείπερ
2843 3954 2962 4009 κατ’
3020 3954 3168 4010 οἶκόν
3225 3976 3374 4019 τινος
3406 3957 3515 4011 τῶν
3557 3958 3860 4034 ὑπηρετου-

2215 4048 2391 4118 μένων
2414 4042 2562 4116 αὐτῷ
2593 4043 2647 4099 ἐν
2675 4048 2794 4107 τοῖς
2822 4047 2919 4098 τοῦ
2969 4044 3277 4122 Σφορακίου
3334 4045 3518 4121 μέρεσι
3548 4049 3786 4117 καθῆστο
3819 4054 3862 4120 ί,

2208 4134 2337 4194 τοὺς
2393 4133 2716 4203 συνωμότας
2803 4131 3073 4188 συνελθεῖν
3148 4130 3535 4208 ἐκδεχόμενος,
3618 4140 3695 4201 εἷς
3754 4145 3863 4194 τῶν

2209 4223 2558 4300 ἐφεπομὲνων
2590 4222 2758 4295 αὐτῷ,
2816 4228 2916 4293 τῆς
2964 4222 3143 4286 ἱστίας
3204 4225 3535 4298 ὑπεξελθὼν,
3613 4231 3861 4303 πρόσεισι

2211 4317 2296 4387 [Ρ.
2330 4316 2419 4387 91]
2454 4317 2561 4367 τῶν
2595 4314 2841 4383 συνήθων
2875 4313 3002 4382 τινὶ,
3040 4313 3334 4387 βασιλικῆς
3392 4316 3704 4392 ἱστουργίας
3744 4317 3857 4377 ὄντι

448 4417 583 4456 nem
618 4401 916 4456 Paricium
948 4401 1161 4457 classis
1184 4402 1579 4474 Drungarium
1601 4402 2096 4469 introductus,cui

2216 4399 2529 4475 μελεδωνῷ,
2554 4402 2651 4470 τὴν
2712 4406 2808 4456 τοῦ
2867 4400 3299 4478 Κουροπαλάτου
3329 4402 3587 4480 ἐνδημίαν
3632 4411 3854 4483 μηνύων

447 4489 891 4561 abimperatore
907 4496 1034 4547 erat
1052 4490 1597 4562 ConstantinOpolis
1610 4490 1929 4566 commissa
1945 4506 2103 4558 cura,
2137 4455 2184 4520 D

448 4578 530 4633 ibi
546 4579 745 4635 omnia
760 4579 952 4635 defert
972 4596 984 4633 :
1002 4579 1437 4652 Curopalatem,
1455 4579 1527 4635 de
1548 4579 1755 4635 exsilio
1780 4595 2104 4646 reversum,

450 4669 509 4723 in
543 4669 690 4725 urbe
721 4669 1290 4738 commorari,domo
1321 4670 1523 4742 aliqua
1552 4686 1613 4724 se
1646 4670 1974 4737 continere,
1996 4685 2107 4724 nec

450 4758 777 4829 quidquam
800 4761 1046 4831 pr0pius
1070 4776 1394 4831 essequam
1412 4758 2105 4831 utregnaret.Perculsus

450 4846 645 4901 subito
679 4848 789 4903 hoc
821 4850 1054 4903 nuntio.
1087 4850 1452 4922 Drungarius
1481 4848 1581 4903 ubi
1616 4860 1678 4903 se
1728 4842 1967 4920 collegit
1996 4848 2013 4916 (
2042 4851 2109 4901 ut

453 4943 581 4992 erat
608 4938 778 4995 ﬁrmo
804 4941 865 4996 in
896 4942 1179 5013 periculis
1198 4941 1905 5010 animo,etindustriusin
1928 4940 2105 4995 rebus

2217 4491 2383 4561 αὐτῷ,
2416 4491 2506 4546 καὶ
2532 4490 2594 4546 τὸ
2627 4488 2807 4565 δρᾶμα
2849 4489 3260 4562 ἀνακαλύπτων,
3321 4494 3410 4550 καὶ
3468 4497 3858 4576 προσλιπαρῶν

2217 4581 2544 4656 συνάρασθαι
2604 4580 2791 4642 αὐτοῖς
2854 4581 2987 4653 μετά
3039 4585 3137 4636 τοῦ
3209 4583 3308 4652 τὴν
3367 4585 3722 4664 ἱστουργικήν
3777 4590 3865 4645 αὖ·

2214 4672 2580 4745 τουργοῦντος
2609 4669 2975 4742 συστήματος.
3007 4670 3068 4727 Ὁ
3099 4666 3158 4726 δὶ
3202 4674 3302 4741 τήν
3328 4673 3599 4752 ταχίστην
3642 4677 3861 4751 βοηθεῖν

2217 4756 2623 4835 ἐπηγγέλλετο,
2651 4757 2739 4812 καὶ
2772 4758 2999 4820 ἀναστὰς
3030 4759 3106 4820 ὡς
3164 4762 3224 4815 τὸ
3278 4763 3401 4837 περὶ
3461 4763 3617 4820 αὑτὸν
3648 4764 3863 4836 πλῆθος

2214 4848 2447 4910 καλὲσᾶς
2474 4847 2660 4917 inmisi.
2722 4848 2874 4921 Παρὰ
2928 4845 3133 4904 Λέοντα
3183 4847 3242 4904 δὲ
3277 4852 3367 4907 τὸν
3426 4856 3718 4930 Πατρίκιον
3774 4856 3861 4912 καὶ

2215 4935 2491 5012 πλωΐμου
2568 4937 2943 5014 Δρουγγάριον
3013 4937 3366 5016 ἀφικόμενος,
3425 4940 3484 5005 ὅς
3540 4942 3664 4999 τότε
3719 4944 3863 5023 παρά

1651 5161 1710 5216 C.
1757 5160 1817 5214 Β.
1861 5155 2057 5212 HASII
2093 5149 2650 5209 ANNOTATIONES.

518 5330 566 5366 9°
598 5331 778 5386 αὐτῶν
814 5334 942 5389 cod.
979 5332 1023 5370 ’7
1052 5333 1316 5409 προσχὼν
1343 5336 1452 5393 cod
1512 5335 1557 5372 9'
1577 5332 1908 5405 τελεσούσης
1939 5335 2066 5391 cod.
2102 5340 2104 5354 '

2213 5331 2275 5404 ᾧ]
2305 5328 2369 5384 τὸ
2395 5328 2523 5385 cod.
2558 5326 2577 5362 ί
2607 5318 2875 5382 καθείσθω
2905 5327 3036 5384 cdd.

517 5519 600 5588 (8)
638 5518 808 5594 Cedr.
836 5520 885 5573 ΙΙ
940 5522 1062 5594 6_77.
1209 5514 1345 5591 κατά
1398 5521 1461 5576 τὸ
1520 5521 1864 5594 προάστειον,
2008 5538 2108 5594 κα-

443 5582 817 5668 τοὶλθίιιάζουσι
869 5589 1249 5666 Πηλαμύδιον.
1310 5586 1460 5668 Scyl.
1522 5582 1633 5652 ms.
1691 5582 1873 5648 habet
1927 5582 2112 5659 Ῑιηλα-

448 5657 618 5733 μύδα.

2292 5518 2367 5587 (9)
2400 5515 2555 5571 Verti
2588 5515 2761 5589 domj,
2792 5520 2859 5589 ut
2890 5518 2974 5572 l9.
3005 5522 3059 5570 C.
3091 5517 3236 5571 Item
3270 5513 3419 5570 ἐστία
3448 5534 3554 5589 pro
3575 5518 3751 5574 domo
3765 5522 3855 5585 2t,

2219 5596 2284 5644 Δ.
2320 5592 2408 5642 91.
2442 5592 2507 5642 Α.
2544 5589 2668 5642 103.
2704 5587 2763 5643 Β.
2790 5587 2860 5643 Βι
2895 5590 3016 5643 106.
3064 5589 3131 5645 D.
3196 5591 3316 5645 109.
3374 5587 3466 5644 AC
3510 5591 3575 5645 D.
3630 5591 3866 5647 Prmivit

2222 5660 2500 5732 Agathias
2521 5660 2610 5714 90.
2636 5663 2700 5715 Ι).
