4190 6322
348 283 462 347 871

1760 279 2039 342 LEONIS
2085 276 2406 341 DIACONI

3635 280 3757 341 872

354 416 647 489 phalange
678 413 834 470 facta
860 412 1039 485 (redit
1067 413 1229 468 enim
1283 429 1375 482 eo,
1432 412 1589 468 unde
1632 428 1870 485 egressa
1897 416 2000 478 est,

2119 409 2299 471 τέλος.
2361 408 2430 465 Οἱ
2488 404 2546 462 δὲ
2601 408 2740 470 Ῥῶς
2797 404 3206 469 συνασπίσαντες
3247 406 3421 481 (αὖθις
3450 410 3553 485 γᾶρ
3585 411 3613 465 ὁ
3663 409 3760 466 λά-

356 505 660 577 oratio),in
687 518 963 574 campum
983 507 1665 573 processerunt,summa
1686 503 1741 555 vi
1761 507 2006 557 conten-

350 595 584 661 dentes,
627 598 693 647 ut
723 595 1123 647 Romanorum
1180 597 1475 645 tormenta
1530 596 2006 646 concremarent.

353 685 523 755 Egre
555 681 712 736 enim
736 680 855 735 tela
876 696 1010 735 cum
1027 679 1280 734 stridore
1294 679 1435 734 inde
1451 681 1635 735 missa
1648 678 2006 746 tolerabant,

353 772 573 843 quibus
604 769 869 841 quotidie
901 770 1131 840 Scythae
1160 768 1401 839 plurimi
1430 768 1840 840 lapidibusicti
1859 768 2004 839 deji-

353 858 910 930 ciebantur.Agebat
939 863 1373 913 tormentorum
1406 858 1735 914 custodiam
1751 859 2010 911 Joannes

354 953 615 1006 Curcuas
640 949 921 1021 magister
943 948 1193 1016 militiae,
1226 965 1442 1020 genere
1466 964 1620 1003 -cum
1648 950 2010 1019 lmperatore

351 1040 730 1111 conjunctus.
765 1040 819 1094 Is
850 1036 949 1092 ubi
1008 1038 1210 1092 hostes
1259 1038 1541 1094 audacter
1588 1043 2011 1109 procurrentes

348 1128 516 1198 vidit,
548 1127 668 1182 vini
703 1127 1018 1197 somnique
1046 1128 1261 1197 plenus
1294 1127 1474 1198 (quod
1505 1132 1641 1199 post
1690 1126 2011 1199 prandium

349 1234 445 1272 res
485 1216 841 1289 gerebatur),
877 1232 1028 1286 equo
1051 1232 1398 1285 conscenso,
1431 1232 1567 1271 cum
1619 1214 2010 1285 sequentibus

353 1305 599 1363 delectis
631 1312 837 1361 contra
866 1305 1045 1359 venit.
1097 1306 1298 1376 Equus
1346 1305 1407 1359 in
1460 1304 1731 1360 scrobem
1778 1304 2011 1359 delatus

352 1396 529 1451 dorso
554 1412 690 1451 eum
724 1396 963 1451 excutit.
980 1397 1124 1449 Tum
1148 1396 1398 1466 Scythae,
1429 1396 1725 1467 insignem
1744 1399 2005 1449 armatu-

353 1502 483 1541 ram
514 1486 665 1556 ejus,
696 1485 1092 1558 phalerasque
1146 1485 1283 1554 equi
1336 1500 1472 1538 cum
1528 1484 1762 1553 reliquo
1794 1487 2011 1537 ornatu

352 1575 685 1631 elaboratas
706 1574 1021 1647 magniﬁce
1034 1573 1366 1645 conspicati
1384 1577 1578 1643 (erant
1608 1572 1767 1627 enim
1784 1571 2009 1626 aﬂ‘atim

349 1666 595 1722 inducta
611 1666 801 1737 auro),
832 1666 946 1721 rati
966 1667 1389 1736 Imperatorem
1416 1682 1565 1731 esse,
1600 1680 1810 1719 omnes
1832 1663 2010 1718 simul

2112 519 2230 574 γος,
2266 497 2382 551 ὅθεν
2417 491 2596 567 ἐξέϐη,
2658 496 2971 569 ἐπάνεισιν),
3027 496 3115 552 ἐπὶ
3166 500 3229 553 τό
3272 495 3458 553 πεδίον
3517 498 3762 574 ἐξῄεσαν,

2114 588 2273 642 παντὶ
2308 589 2475 651 σθένει
2502 587 2857 661 πειρώμενοι,
2910 586 3005 648 τὰς
3059 592 3167 642 τῶν
3208 588 3497 662 Ῥωμαίων
3549 610 3767 665 πυρποο

2116 675 2231 732 λεῖν
2295 675 2570 750 μηχανάς.
2626 675 2704 733 Ού
2778 675 2879 751 γὰρ
2936 675 3032 739 τὰς
3085 676 3292 731 τούτων
3383 680 3517 751 μετὰ
3575 679 3764 753 ῥοίζου

2116 759 2330 840 ἔστεγον
2390 764 2813 837 ἐκπεμπομένοις
2904 763 3096 838 βολὰς,
3156 764 3430 822 πλείστων
3491 769 3765 843 ὁσημέραι

2119 854 2221 908 ὑπὸ
2278 859 2387 908 τῶν
2446 852 2748 930 ἀφιεμένων
2801 850 2969 908 λίθων
3026 854 3435 929 ἀναιρουμένων
3517 859 3762 916 Σκυθῶν,

2119 943 2376 1013 Ἰωάννης
2413 941 2472 997 δὲ
2505 944 2532 997 6
2562 943 2881 1015 Κουρκούας
2912 942 3003 997 καὶ
3054 945 3394 1019 Μάγιστρος,
3460 946 3521 1001 ἐκ
3574 968 3770 1022 γενους

2116 1035 2417 1108 προσήκων
2447 1038 2528 1105 τῷ
2591 1030 2830 1107 βασιλεῖ,
2886 1033 2985 1101 τήν
3043 1037 3151 1088 τῶν
3208 1035 3474 1089 τοιούτων
3509 1055 3769 1110 μηχανη-

2121 1123 2305 1198 μάτων
2335 1121 2668 1196 ποιούμενος
2697 1121 2970 1195 φυλακήν,
3000 1123 3099 1190 τὴν
3165 1124 3299 1195 μετά
3328 1125 3556 1197 θράσους
3587 1126 3768 1198 ὁρμὴν

2115 1218 2221 1268 τῶν
2259 1211 2510 1267 ἐναντίων
2545 1208 2701 1278 ἰδὼν,
2732 1213 2822 1266 καὶ
2881 1208 3068 1274 ἄλλως
3102 1233 3233 1284 οινῳ
3288 1207 3619 1289 καρηϐαρῶν
3673 1214 3767 1269 καὶ

2114 1301 2418 1369 νευστάζων
2477 1301 2617 1374 (μετ’
2673 1298 2888 1374 ἄριστον
2949 1301 3054 1375 γὰρ
3111 1303 3223 1373 ἦν),
3300 1301 3474 1357 ἳππου
3553 1299 3767 1371 ἐπιϐὰς,

2118 1391 2209 1446 σὺν
2254 1396 2371 1454 τοῖς
2419 1389 2773 1466 ἐφεπομένοις
2830 1390 3055 1465 Λογάσιν
3110 1388 3315 1459 ἤλαυνε
3392 1393 3508 1447 κατ’
3567 1392 3765 1450 αὐτῶν.

2118 1481 2312 1556 Βόθρῳ
2340 1476 2399 1534 ὂὶ
2430 1481 2457 1534 ὁ
2483 1477 2656 1541 ’ίππος
2686 1480 3026 1552 κατενεχθεὶς
3067 1476 3375 1535 ἀποϐάλλει
3433 1485 3542 1536 τῶν
3574 1483 3764 1539 νώτων

2114 1570 2207 1625 τὸν
2244 1571 2577 1645 Μάγιστρον.
2629 1569 2698 1626 Οἱ
2756 1566 2813 1623 δε
2867 1569 3092 1640 Σκύθαι,
3150 1569 3424 1645 ἀριπρεπῆ
3458 1569 3765 1627 πανοπλίαν

2118 1655 2348 1729 ἰδόντες,
2376 1659 2468 1714 καὶ
2500 1657 2717 1736 φάλαρα
2740 1660 2837 1712 τοῦ
2867 1658 3042 1712 ἳππου
3072 1659 3162 1712 καὶ
3218 1660 3318 1729 τήν
3351 1657 3530 1729 ἄλλην
3566 1663 3762 1730 σκευὴν

348 1755 691 1811 circumfusi
715 1772 834 1810 una
853 1772 988 1811 cum
1010 1755 1193 1810 armis
1235 1771 1371 1809 eum
1401 1752 1616 1826 gladiis
1658 1752 2000 1807 securibus-

2115 1745 2499 1823 ἐξειργασμίνα
2565 1744 2837 1820 λαμπρῶς
2893 1744 3218 1821 (ἐτύγχανον
3286 1746 3389 1821 γὰρ
3447 1749 3764 1823 κατακόρως

354 1860 469 1915 que
498 1844 691 1900 ferum
723 1846 785 1899 in
835 1844 1076 1899 modum
1106 1843 1466 1899 articulatim
1499 1841 1790 1911 dividunt,
1823 1847 2004 1913 caput

352 1934 476 2005 pilo
510 1936 691 1989 ﬁxum
724 1934 786 1988 in
817 1933 1081 1989 turribus
1120 1933 1515 2001 constituunt,
1540 1935 1837 1988 Romanos
1866 1931 1998 1985 irri-

355 2022 757 2094 dentes,quod
787 2039 992 2078 eorum
1023 2024 1449 2094 Imperatorem
1465 2020 1718 2076 victimae
1750 2021 1867 2075 ritu
1886 2020 2000 2075 ob-

352 2114 874 2168 truncassent.Has
893 2114 1153 2167 Joannes
1184 2111 1457 2183 Magister
1486 2127 1692 2182 poenas
1706 2109 2004 2165 scelerum

349 2213 413 2268 in
445 2201 602 2256 sodes
635 2217 835 2257 sacras
871 2200 1326 2256 commissorum
1386 2198 1542 2267 tulit,
1600 2204 1667 2254 ut
1721 2216 1756 2255 a
1801 2199 2003 2254 furore

349 2289 738 2346 barbarorum
762 2288 1461 2361 opprimeretur.Etenim
1485 2288 1767 2344 ecclesias
1784 2288 2003 2344 multas

346 2385 411 2439 in
442 2379 642 2434 Maesia
669 2382 932 2435 vastasse
991 2378 1228 2445 dicitur,
1285 2393 1609 2447 earumque
1665 2382 1890 2433 vestem
1948 2381 2007 2431 et

343 2485 481 2525 vasa
503 2485 672 2525 sacra
701 2469 764 2524 in
816 2469 1108 2540 privatam
1150 2466 1586 2540 supellectilem
1617 2468 2002 2523 convertisse.

343 2557 522 2619 θείους
623 2557 1007 2632 πεπαρῳνήκει
1066 2556 1291 2627 σηκοὺς,
1351 2559 1527 2627 θυμοῦ

1635 2550 1975 2632 βαρϐαρικοῦ
2033 2554 2267 2631 γεγονὼς
2320 2549 2721 2627 παρανάλωμα.

2113 1837 2467 1911 ἀληλιμμένα
2499 1839 2520 1873 ⁵
2550 1841 2742 1912 χρυσῷ
2773 1839 2887 1909 (14)
2914 1840 2953 1910 ),
3013 1833 3259 1907 δόξαντες
3332 1838 3494 1893 αὐτὸν
3554 1837 3758 1895 ἐκεῖνον

2113 1929 2251 1983 εἶναι
2276 1929 2368 1982 τὸν
2401 1926 2792 2002 αὐτοκράτορα,
2826 1925 3036 2000 ἀθρόως
3069 1924 3497 2001 περιδραμόντες
3545 1931 3629 1997 [Ρ.
3664 1932 3756 2003 92]

2115 2018 2299 2080 αὐτοῖς
2327 2014 2521 2078 ὅπλοις
2548 2020 2741 2070 τοῦτον
2799 2021 2917 2078 τοῖς
2975 2015 3147 2090 ξίφεσι
3205 2017 3295 2071 καὶ
3352 2015 3604 2073 πελέκεσι
3652 2040 3750 2074 κα-

2111 2104 2401 2178 τεμέλισαν
2444 2106 2691 2175 ἀπηνῶς·
2737 2101 2976 2179 δορατίῳ
3032 2125 3090 2159 τε
3140 2106 3241 2175 τήν
3310 2103 3553 2184 κεφαλὴν
3608 2128 3762 2183 περι-

2113 2194 2417 2267 πείραντες,
2473 2192 2559 2249 ἐπὶ
2620 2198 2728 2248 τῶν
2796 2193 3016 2268 πύργων
3068 2194 3395 2265 κατέπηξαν,
3451 2195 3760 2270 Ῥωμαίους

2111 2283 2471 2354 τωθάζοντες,
2502 2282 2576 2345 ὡς
2608 2282 2700 2337 τὸν
2730 2286 2879 2357 σφῶν
2912 2279 3140 2357 βασιλέα
3195 2280 3349 2353 δίκην
3411 2286 3764 2360 βοσκήματος

2113 2374 2582 2449 κρεουργήσαντες
2640 2373 2776 2444 (15).
2837 2370 3011 2428 Ἀλλὰ
3065 2376 3288 2427 τοιαῦτα
3348 2373 3446 2444 μὶν
3501 2374 3765 2446 Ἰωάννης

2114 2464 2142 2517 6
2176 2462 2491 2540 Μάγιστρος
2522 2461 2869 2539 ἀπηνέγκατο
2916 2462 2984 2516 τὰ
3039 2460 3315 2537 ἐπίχειρα,
3373 2464 3447 2517 ὧν
3507 2464 3582 2527 εἷς
3629 2465 3757 2528 τοὺς

2809 2551 3040 2628 Λέγεται
3142 2552 3245 2627 γὰρ
3318 2553 3565 2617 πολλοὺς
3637 2559 3746 2610 τῶν

343 2646 482 2702 κατὰ
533 2648 741 2704 Μυσίαν
787 2644 1057 2721 κεραίσαι,
1105 2646 1197 2701 καὶ
1255 2646 1321 2700 τὰ
1368 2644 1574 2699 τούτων
1652 2642 1861 2700 ἔπιπλα
1889 2645 1980 2700 καὶ
2012 2644 2177 2715 σκεύη
2232 2643 2300 2697 τὰ
2358 2642 2479 2716 ἰερᾶ
2552 2642 2629 2704 εἰς
2707 2639 2965 2697 ἷδιωτικᾶ
3041 2643 3430 2714 μετασκευάσαι
3461 2643 3753 2718 κειμήλια.

413 2767 466 2820 6.
500 2765 673 2820 Russi
704 2765 1002 2837 ejusmodi
1044 2765 1288 2820 victoria
1337 2765 1496 2835 elati,
1546 2764 1834 2838 postridie
1867 2764 1997 2836 ejus

342 2852 461 2909 diei
482 2853 699 2926 oppido
721 2853 1214 2926 egressi,adversa
1234 2855 1359 2911 acie
1381 2859 1805 2913 constiterunt:
1824 2855 1997 2910 item-

344 2960 462 3014 que
497 2944 771 3012 Romani,
800 2944 863 2999 in
901 2943 1089 3000 altum
1120 2960 1378 3000 cuneum
1435 2946 1710 3015 conferti,
1766 2944 1995 3000 obviam

341 3035 497 3090 149
527 3034 879 3107 procedunt.
922 3037 1062 3091 Erat
1116 3036 1332 3103 Icmor,
1372 3038 1474 3107 qui
1534 3038 1642 3094 sub
1688 3035 1997 3108 Sphendo-

343 3124 577 3180 sthlabo
610 3125 936 3180 exercitum
962 3125 1302 3195 Scythicum
1358 3124 1629 3191 ducebat,
1686 3126 1993 3198 proximus

2182 2761 2246 2824 ς’.
2304 2760 2439 2821 Ῥῶς
2497 2756 2555 2815 δὲ
2609 2762 2678 2833 τῇ
2726 2758 2954 2835 τοιαύτῃ
3001 2756 3127 2834 νίκῃ
3188 2759 3629 2833 κατεπαρθέντες,
3701 2758 3757 2823 ἐς

2104 2848 2204 2918 τὴν
2260 2849 2513 2904 ἐπιοῦσαν
2572 2851 2670 2904 τοῦ
2731 2847 2919 2911 ἄστεος
2973 2846 3297 2920 ὕπεξιόντες,
3343 2850 3490 2923 παρὰ
3544 2849 3606 2904 τὸ
3666 2869 3761 2921 με·

2104 2938 2368 3012 ταίχμιον
2427 2936 2700 3007 ἐτάξαντο·
2757 2942 3021 3009 Ῥωμαῖοι
3066 2932 3125 2990 δὲ
3152 2937 3242 2991 καὶ
3300 2937 3479 3009 αὐτοὶ,
3542 2937 3595 2999 ἐς
3654 2940 3757 3012 βα-

2105 3028 2251 3082 θεῖαν
2307 3025 2723 3088 συνασπίσαντες
2778 3025 3058 3105 φάλαγγα,
3105 3024 3321 3089 τούτοις
3398 3024 3751 3102 ἀντεπῇεσαν.

2105 3117 2367 3181 Ἐνταῦθα
2397 3117 2650 3192 Ἵκμορα,
2711 3116 2800 3171 τὸν
2862 3117 2997 3190 μετὰ
3024 3116 3118 3171 τὸν
3177 3112 3627 3196 Σφενδοσθλάϐον
3686 3119 3750 3173 τὸ

340 3218 477 3285 post
506 3213 680 3268 illum
711 3214 1188 3280 auctoritate,vir
1213 3214 1460 3270 immani
1490 3231 1738 3286 corpore
1757 3221 1814 3270 et
1832 3215 1989 3271 fero-

2111 3205 2370 3269 Σκυθικὸν
2426 3204 2627 3282 ἄγοντα
2710 3207 3015 3281 στράτευμα
3077 3207 3167 3262 καὶ
3224 3205 3541 3279 τιμώμενον
3593 3206 3750 3270 εὐθὺς

344 3304 437 3357 cia
458 3302 904 3373 juvenili.Hunc
925 3303 1182 3357 Anemas
1215 3319 1284 3357 ex
1312 3303 1748 3374 protectoribus
1781 3303 1995 3374 palati-

342 3390 458 3457 nis,
491 3390 702 3445 Cretici
734 3394 984 3461 satrapze
1009 3390 1186 3457 filius,
1222 3393 1600 3463 conspicatus
1636 3409 1848 3466 magno
1878 3392 1994 3446 im-

339 3483 482 3550 petu
513 3493 648 3532 cum
681 3478 923 3533 cohorte
947 3476 1450 3550 satellitum,quos
1477 3479 1637 3535 circa
1656 3495 1719 3535 se
1737 3478 1994 3533 habebat

338 3566 1201 3638 incurrere,Romanorumque
1223 3567 1562 3640 complures
1579 3568 1991 3637 occidere,vir-

339 3660 466 3712 tute
498 3656 682 3712 animi
715 3656 1128 3730 elatus,gladio
1160 3656 1232 3713 ab
1263 3657 1447 3714 latere
1466 3658 1829 3728 stricto,huc
1849 3658 1993 3712 illuc

343 3763 695 3803 conversum
708 3748 1139 3820 incensumque
1152 3747 1481 3804 calcaribus
1494 3765 1713 3820 equum
1735 3750 1798 3804 in
1813 3751 1996 3805 Icmo-

344 3853 474 3891 rem
490 3836 741 3892 immisit
767 3853 780 3892 :
805 3854 983 3909 quem
995 3842 1206 3893 nactus
1223 3839 1508 3894 cervicem
1536 3838 1730 3911 gladio
1745 3838 1990 3910 appetit:

348 3926 577 3998 Scythas
604 3931 781 3998 caput
835 3944 973 3982 cum
1029 3944 1215 3983 manu
1274 3927 1481 3983 dextra
1537 3927 1835 3984 abscisum
1867 3927 1993 3983 solo

341 4014 741 4069 aftlixit.Duce
771 4014 1022 4069 cadente
1039 4015 1311 4071 clamora
1323 4016 1554 4088 Scythis
1568 4016 1994 4071 lamentatione

345 4102 672 4175 permistus
703 4102 973 4157 tollitur:
1005 4104 1072 4157 ﬁt
1093 4103 1154 4157 in
1187 4120 1288 4159 eos
1319 4120 1353 4159 a
1401 4105 1683 4160 Romanis
1716 4105 1992 4176 impetus.

345 4190 534 4254 Quem
566 4189 656 4243 illi
687 4205 809 4244 non
855 4189 1308 4257 sustinuerunt;
1361 4191 1487 4259 sed,
1531 4193 1801 4263 praetoris
1836 4193 1997 4249 caede

335 4278 729 4333 vehementer
757 4279 1253 4348 commoti,scutis
1284 4283 1418 4351 post
1447 4281 1729 4336 humeros
1757 4280 1997 4353 rejectis

338 4366 402 4421 in
436 4367 723 4439 oppidum
781 4369 1004 4423 reversi
1070 4372 1227 4423 sunt.
1261 4369 1512 4424 Romani
1568 4386 1719 4441 quos
1746 4375 2000 4441 possunt

341 4462 764 4514 consectantur
793 4462 971 4529 atque
997 4456 1502 4530 occidunt.Cuapta
1509 4459 1637 4531 jam
1658 4463 1996 4526 nocte,cum

2112 3296 2227 3370 μετ’
2259 3294 2486 3364 ἐκεῖνον,
2519 3292 2685 3366 ἄνδρα
2741 3293 3055 3372 γιγαντώδη
3105 3297 3193 3351 καὶ
3251 3296 3494 3352 νεανικὸν
3526 3298 3569 3362 ⁸,
3617 3294 3748 3353 ἰδὼν

2102 3385 2330 3458 Ἀνεμᾶς
2353 3387 2373 3422 ⁷
2404 3385 2432 3439 6
2461 3389 2569 3440 τῶν
2604 3384 2905 3460 βασιλικῶν
2966 3383 3452 3463 σωματοφυλάκων
3503 3386 3597 3455 εἷς,
3657 3386 3750 3441 καὶ

2098 3479 2196 3529 τοῦ
2224 3479 2331 3529 τῶν
2394 3477 2623 3550 Κρητῶν
2686 3475 2801 3537 υἱὸς
2861 3476 3115 3551 ἀρχηγοῦ
3191 3479 3323 3549 (16),
3380 3473 3752 3541 ἐνθουσιωδῶς

2100 3563 2424 3641 ἐφορμῶντα
2483 3564 2617 3637 μετὰ
2665 3570 2769 3634 τῆς
2827 3568 2936 3620 τῶν
2994 3563 3343 3642 ἐφεπομένων
3414 3565 3745 3641 πεζεταίρων

2101 3653 2381 3731 φάλαγγος
2436 3652 2526 3709 καὶ
2582 3652 2875 3716 πλείστους
2954 3655 3241 3728 Ῥωμαίων
3298 3653 3744 3725 ἀποκτιννύοντα,

2103 3742 2245 3817 ἀλκῇ
2276 3764 2335 3799 τε
2378 3744 2589 3816 φύσεως
2647 3742 2917 3817 ἐπαρθεὶς,
2975 3742 3036 3799 τὸ
3092 3744 3536 3820 παρῃωρημένον
3591 3745 3748 3822 ξίφος

2105 3831 2358 3903 ἑλκύσας,
2389 3832 2480 3887 καὶ
2537 3833 2628 3888 τὸν
2680 3833 2851 3888 ἳππον
2901 3829 3032 3907 τῇδε
3087 3832 3303 3889 κάκεῖσε
3358 3830 3749 3909 παρεξελάσας,

2102 3927 2218 3984 τοῖς
2257 3942 2315 3978 τε
2349 3921 2533 3996 μύωψι
2564 3923 2901 3991 καταικίσας,
2959 3923 3097 3978 γατᾶ
3151 3926 3249 3977 τοῦ
3297 3926 3556 3998 Ἵκμορος
3584 3923 3748 3994 ἳεται,

2103 4012 2193 4067 καὶ
2225 4015 2414 4066 τοῦτον
2456 4011 2805 4085 κατειληφὼς
2846 4009 3079 4082 πλήττει
3133 4013 3272 4067 κατᾶ
3326 4016 3427 4067 τοῦ
3478 4012 3747 4074 τένοντος·

2104 4103 2140 4170 ἡ
2177 4098 2235 4155 δὲ
2280 4104 2377 4155 τοῦ
2409 4099 2621 4165 Σκύθου
2678 4099 2888 4178 κεφαλὴ
2946 4100 3041 4155 σὺν
3097 4104 3165 4175 τῇ
3225 4098 3371 4172 δεξιᾷ
3428 4100 3755 4175 ἐκτμηθεῖσα

2107 4189 2259 4266 χειρὶ
2288 4190 2426 4267 πρὸς
2455 4187 2728 4268 τοῦδαφος
2788 4191 3148 4266 ἀπηράττετο.
3217 4193 3330 4247 Τοῦ
3386 4188 3445 4245 δὶ
3472 4190 3752 4258 πεσόντος,

2108 4280 2212 4353 βοή
2245 4298 2330 4343 τις
2357 4277 2507 4353 παρὰ
2532 4283 2641 4333 τῶν
2678 4280 2901 4334 Σκυθῶν
2925 4279 3150 4357 οἰμωγῇ
3182 4279 3492 4355 σύμμικτος
3519 4277 3752 4356 α’ίριταιθ

2105 4369 2378 4442 Ῥωμαῖοι
2410 4365 2468 4422 δὲ
2493 4368 2712 4430 τούτοις
2750 4366 3077 4442 ἐπέδραμον.
3138 4369 3211 4427 Oi.”
3255 4367 3312 4424 δὶ
3364 4368 3464 4424 οὐκ
3518 4366 3749 4447 ἤνεγκαν

2105 4458 2204 4525 τὴν
2234 4460 2346 4511 τῶν
2380 4455 2628 4512 ἐναντίων
2663 4457 2862 4532 ῥοπὴν,
2895 4456 3040 4514 ἀλλὰ
3062 4462 3142 4531 τῷ
3170 4462 3268 4513 τοῦ
3325 4463 3472 4537 σφῶν
3528 4477 3755 4534 στρατη-

338 4546 489 4602 luna
515 4547 694 4619 pleno
745 4547 889 4604 orbe
933 4547 1277 4615 colluceret,
1329 4547 1393 4602 in
1454 4564 1731 4620 campum
1772 4548 1993 4621 egressi

2111 4551 2205 4624 γοῦ
2236 4547 2390 4602 πάθει
2432 4545 2676 4610 ἐκτόπως
2733 4545 3224 4625 περιαλγήσαντες,
3280 4547 3346 4603 τὰ
3371 4532 3382 4537 -
3414 4545 3552 4619 σάκη
3595 4532 3752 4602 κάτω

1545 4726 1608 4780 C.
1654 4726 1712 4782 Β.
1759 4726 1948 4782 ΗΑ81Ι
1983 4727 2538 4784 ANNOTATIONES.

409 4897 431 4931 ⁸
453 4891 814 4972 ἀληλεγμένα
844 4897 973 4953 cod.
1005 4896 1029 4932 ⁸
1056 4895 1317 4955 νεανικόν.
1351 4897 1458 4954 Vid
1489 4913 1671 4970 supra
1698 4900 1787 4966 89,
1821 4900 1881 4955 C.
1912 4897 1936 4933 7
1965 4898 2000 4952 ’Δ

2111 4903 2227 4972 ,μᾶς
2251 4898 2407 4965 cod.,
2442 4898 2545 4955 sed
2574 4897 2878 4956 Cedrenus
2911 4900 2979 4955 II.
3013 4901 3136 4954 678.
3196 4900 3264 4956 D.
3301 4905 3359 4956 et
3389 4899 3530 4956 alibi
3562 4906 3749 4956 recte-

342 4984 450 5039 per
478 4986 524 5023 ε.

413 5117 526 5184 (14)
554 5116 725 5173 Dicas
748 5117 888 5192 inde
919 5117 1275 5192 Cinnamum
1299 5119 1360 5192 in
1385 5119 1643 5176 Historia
1670 5122 1995 5192 sumpsisse

346 5187 419 5242 de
451 5194 753 5265 armatura
780 5189 1025 5265 Ioannis
1055 5189 1360 5265 gommeni
1392 5192 1479 5257 63,
1531 5193 1598 5245 Α.
1651 5187 1843 5265 χρυσῶ
1892 5192 1994 5265 γὰρ

344 5255 666 5332 κατακόρως
694 5257 979 5332 ἆλήλιπτο
1021 5262 1182 5332 πᾶσα.

416 5330 741 5399 (15)Οιιοι1
802 5330 999 5400 ipsum
1050 5330 1295 5385 verbum
1349 5330 1487 5385 inde
1545 5337 1851 5390 mutuatus
1908 5342 1999 5393 est

342 5402 649 5457 Cedrenus
678 5402 740 5456 in
772 5402 1114 5457 narratione
1147 5401 1418 5472 ejusdem
1449 5402 1534 5455 rei
1566 5404 1631 5457 ΙΙ.
1670 5407 1793 5461 678.
1826 5408 1887 5461 C.

415 5476 524 5543 (t6)
557 5472 700 5528 Inde
725 5472 979 5546 emenda
1030 5473 1385 5546 C_ed_ren._Il.
1436 5475 1559 5527 678.
1611 5474 1678 5530 D.
1739 5475 1993 5546 ’Δνεμᾶς,

340 5544 375 5620 6_
401 5541 513 5620 τῶν
543 5546 775 5620 Κρητῶν
802 5545 899 5620 τοᾷ
943 5541 1227 5620 βασιλείου
1258 5542 1375 5607 υἱὸς
1424 5548 1730 5620 Κουρουπᾷ·
1776 5541 1994 5619 Χγὶαῃζ

342 5618 450 5675 dro
467 5618 529 5675 in
540 5614 812 5675 versione
844 5614 1123 5672 similiter
1148 5614 1454 5687 lapso,nec
1466 5614 1995 5693 animadvertente,

2110 5119 2809 5195 {iamkémescribendum
2868 5138 3020 5195 esse.
3076 5121 3472 5195 Scylitzagms.
3534 5120 3620 5195 (in
3675 5120 3749 5195 iis

2106 5193 2264 5250 eerte
2294 5194 2473 5250 Codd.
2500 5211 2650 5265 quos
2681 5194 2960 5265 inspexi:
2992 5208 3133 5248 nam
3185 5193 3356 5265 Goari
3390 5193 3751 5265 exemplaria

2106 5266 2381 5337 videntur
2410 5264 2574 5321 aliud
2605 5265 2748 5337 quid
2767 5264 3068 5337 habuisse)
3091 5265 3233 5337 item
3258 5264 3575 5337 είἈναιμᾶςί
3600 5264 3747 5337 [sic],

2105 5336 2134 5390 6
2165 5340 2270 5391 τῶν
2337 5339 2566 5410 Κρητῶν
2606 5332 2721 5410 τοῦ,
2779 5332 3057 5410 βασιλέως
3110 5335 3224 5410 υἱὸς
3283 5332 3619 5408 Κουρουπᾶί
3658 5332 3753 5390 Sé-

2105 5411 2351 5480 quentia
2379 5409 2451 5465 de
2482 5408 2807 5465 certamine
2839 5408 3125 5480 singulari
3166 5408 3323 5462 inter
3369 5412 3636 5480 Aneman
3694 5412 3753 5480 et

2103 5478 2392 5553 Icmorem
2424 5497 2597 5553 pcene
2641 5480 2716 5537 ad
2774 5478 3015 5553 verbum
3075 5496 3145 5535 ex
3189 5480 3381 5535 Leone
3438 5478 3754 5551 exscripsit

2104 5552 2405 5624 Scylitzes,
2424 5550 2510 5608 'ex
2539 5553 2786 5625 Scylitza
2822 5550 3141 5607 Cedrenus.
