4190 6322
317 369 434 428 873

1638 369 2025 430 ΠΙΒΊὈΒΗΕ
2066 371 2219 432 LIB.
2269 374 2377 433 IX.

3600 384 3716 443 874

316 495 484 569 μαδὸν
518 498 759 571 ἄραντες,
793 498 1039 574 ἐχώρουν
1073 498 1163 554 διὰ
1190 501 1286 553 τοῦ
1313 499 1521 571 ἄστεος,
1575 498 1668 563 οὕς
1709 500 1947 554 ἐπισπώ-

2082 508 2346 558 mortuos
2377 521 2514 558 suos
2546 506 3166 575 conquisiveruntzhos
3185 524 3290 577 pro
3310 524 3480 563 muro
3503 528 3732 568 coacer-

315 608 467 660 μενοι
499 588 770 656 Ῥωμαῖοι
823 589 1162 643 ἀπέκτεινον.
1221 586 1366 659 Ἤδη
1426 586 1482 643 δὲ
1537 589 1729 650 νυκτὸς
1795 611 1962 644 κατα-

311 677 575 752 σχούσης,
607 677 699 732 καὶ
732 685 836 747 τῆς
869 679 1051 751 μήνης
1090 676 1438 756 πλησιφαοῦς
1481 677 1667 747 οὔσης,
1715 679 1850 733 κατὰ
1899 681 1961 733 τὸ

310 763 500 820 πεδίον
559 764 866 838 ἐξελθόντες
915 766 1042 828 τοὺς
1098 765 1386 844 σφετέρους
1467 766 1830 845 ἀνεψηλάφων
1882 789 1962 822 νε-

307 855 496 928 κρούς·
560 852 654 917 οὕς
709 856 799 910 καὶ
857 855 1238 918 συναλίσαντες
1311 857 1418 932 πρὸ
1489 860 1586 911 τοῦ
1663 852 1959 930 περιϐόλου

310 945 399 998 καὶ
451 944 627 1018 πυρὰς
690 945 922 1018 θαμινάς
981 943 1354 1019 διανάψαντες,
1407 950 1754 1016 κατέκαυσαν,
1808 945 1962 1003 πλεί-

312 1054 472 1096 στους
527 1038 636 1089 τῶν
699 1032 1107 1108 αῗχμαλώτων,
1166 1031 1363 1104 ἄνδρας
1450 1035 1537 1090 καὶ
1594 1036 1805 1111 γύναια,
1877 1036 1960 1092 ἐπ’

311 1122 501 1185 αὐτοῖς
533 1123 670 1179 κατὰ
693 1124 785 1178 τὸν
816 1125 1044 1200 πάτριον
1100 1125 1268 1198 νόμον
1318 1125 1770 1204 ἐναποσφάξαντες
1821 1130 1956 1200 (l7).

312 1215 672 1291 Ἐναγισμοὺς
701 1235 760 1270 τε
816 1216 1201 1286 πεποιηκότες,
1261 1214 1349 1270 ἐπὶ
1405 1217 1496 1271 τὸν
1555 1219 1768 1292 Ἵστρον
1833 1219 1957 1272 ὑπο-

315 1304 480 1376 μάζια
515 1304 686 1382 βρέφη
737 1305 827 1360 καὶ
877 1304 1238 1378 ἀλεκτρυόνας
1287 1306 1600 1377 ἀπέπνιξαν,
1659 1312 1736 1379 τῷ
1792 1307 1958 1384 ῥοθίῳ

307 1399 404 1449 τοῦ
447 1398 700 1468 ποταμοῦ
755 1398 926 1449 ταῦτα
981 1394 1514 1458 καταποντῶσαντες.
1574 1397 1800 1471 Λέγεται
1852 1400 1954 1472 γὰρ

307 1483 661 1555 Ἑλληνικοῖς
695 1485 905 1560 ὀργίοις
953 1487 1229 1562 κατόχους
1275 1483 1431 1549 ὄντας
1487 1490 1624 1561 (18),
1682 1491 1773 1543 τὸν
1829 1490 1955 1546 Ἐλ-

306 1573 528 1643 ληνικὸν
554 1574 757 1648 τρόπον
805 1573 988 1638 θυσίας
1045 1574 1137 1629 καὶ
1197 1576 1332 1650 χοὰς
1384 1581 1503 1638 τοῖς
1559 1576 1954 1653 ἆποιχομένοις

2077 596 2240 646 vatos
2271 594 2423 663 rogis
2459 594 2864 663 compluribus
2895 595 3163 650 accensis
3205 604 3634 666 cremaverunt,
3669 601 3729 656 in

2070 679 2283 734 iisdem
2305 682 2566 751 captivos
2589 699 2836 736 numero
2857 683 3332 753 plurimos,viros
3353 686 3726 754 etmulieres,

2070 770 2260 840 patrio
2283 787 2446 825 more
2471 771 2836 843 jngulantes.
2873 773 3017 826 Item
3051 773 3295 828 inferias
3327 774 3724 844 celebrantes,

2069 860 2131 914 in
2150 861 2294 915 Istro
2313 860 2600 915 lactentes
2623 861 2878 917 infantes
2894 868 2951 917 et
2972 862 3159 935 gallos
3173 865 3536 936 gallinaceos
3553 867 3728 920 suffo-

2069 949 2304 1017 cabant,
2338 950 2513 1005 undis
2545 951 2814 1006 fluminis
2863 969 3110 1007 mersos.
3159 954 3390 1008 Etenim
3443 954 3724 1010 dicuntur

2067 1039 2379 1111 gentilium
2404 1041 2587 1095 sacris
2608 1041 2849 1110 addicti,
2881 1043 3215 1097 Graecorum
3239 1059 3402 1098 more
3427 1046 3721 1102 sacrificia

2069 1134 2125 1182 et
2151 1128 2438 1183 libamina
2467 1130 2620 1186 I50
2651 1130 2926 1184 manibus
2971 1132 3204 1198 offerre,
3256 1133 3376 1187 sive
3438 1133 3510 1187 ab
3561 1137 3716 1190 Ana—

2067 1217 2340 1272 charside
2372 1222 2430 1272 et
2458 1217 2740 1283 Zamolxi,
2799 1219 2920 1273 suis
2979 1219 3372 1291 philosophis,
3424 1221 3496 1276 ad
3559 1222 3717 1281 hunc

2066 1305 2329 1373 modum,
2367 1306 2484 1360 sive
2516 1323 2549 1361 a
2581 1307 2755 1360 sociis
2799 1307 3046 1361 Achillis
3107 1307 3348 1363 initiati.
3411 1310 3712 1381 Siquidem

2065 1395 2318 1450 Arianus
2371 1396 2432 1449 in
2488 1397 2708 1466 Periplo
2766 1401 2973 1451 auctor
3030 1403 3139 1466 est,
3202 1398 3498 1453 Achillem
3555 1400 3715 1456 Pelei

2065 1485 2254 1539 ﬁlium
2305 1484 2579 1555 Scytham
2651 1485 2968 1549 exstitisse,
3030 1488 3435 1557 Myrmecione
3487 1495 3713 1556 natum,

2061 1573 2221 1644 quod
2243 1579 2333 1628 est
2347 1573 2420 1628 ad
2443 1573 2771 1628 Mmotidem
2795 1574 3076 1643 paludem
3104 1576 3490 1647 oppidulum:
3521 1580 3720 1649 expul-

301 1662 498 1732 τελεῖν,
532 1663 638 1717 εἴτε
676 1663 812 1738 πρὸς
872 1665 1256 1739 Ἀναχάρσεως
1309 1669 1475 1720 ταῦτα
1533 1666 1622 1721 καὶ
1680 1666 1947 1740 Ζαμόλξι-

2064 1679 2194 1717 sum
2215 1679 2350 1716 vero
2373 1679 2407 1716 a
2429 1662 2657 1732 Scythis
2685 1662 2757 1717 ob
2774 1663 3518 1734 saevitiam,crudelitatem,
3545 1684 3711 1722 arro-

302 1750 414 1822 δος,
445 1757 552 1807 τῶν
611 1755 878 1830 σφετέρων
932 1753 1269 1831 φιλοσόφων,
1332 1756 1646 1826 μυηθέντες,
1703 1755 1808 1811 εἴτε
1865 1757 1952 1811 καὶ

301 1843 442 1917 πρὸς
497 1847 605 1897 τῶν
663 1846 761 1897 τοῦ
820 1842 1134 1917 Ἀχιλλέως
1190 1842 1440 1916 ἑταίρων.
1511 1844 1800 1921 Ἀῤῥιανὸς
1852 1845 1952 1923 γάρ

303 1953 465 2009 φησιν
500 1931 553 1986 έν
583 1937 665 2004 τῷ
697 1932 957 2006 Περίπλῳ
983 1938 1116 2006 (19),
1159 1932 1375 2004 Σκύθην
1403 1938 1488 2005 [Ρ.
1541 1938 1629 2008 93]
1684 1934 1951 2011 Ἀχιλλέα

301 2023 393 2078 τὸν
426 2022 658 2092 Πηλέως
712 2024 1002 2098 πεφηνέναι
1033 2025 1074 2095 ⁸,
1123 2022 1182 2078 ἐκ
1234 2026 1331 2092 τῆς
1392 2030 1796 2098 Μυρμηκιῶνος
1853 2047 1948 2081 κα-

303 2111 578 2186 λουμένης
610 2111 904 2188 πολίχνης,
947 2112 1094 2187 παρά
1138 2113 1239 2182 τὴν
1297 2118 1541 2169 Μαιῶτιν
1603 2113 1772 2188 λίμνη
1833 2137 1950 2170 κει-

305 2203 495 2274 μένηςο
572 2199 905 2265 ἀπελαθέντα
988 2198 1044 2256 δὲ
1096 2202 1234 2276 πρὸς
1289 2206 1400 2257 τῶν
1461 2204 1682 2258 Σκυθῶν
1744 2201 1834 2260 διὰ
1883 2206 1946 2260 τὸ

302 2290 526 2362 ἀπηνὲς,
557 2291 735 2363 ὠμὸν,
777 2295 866 2345 καὶ
922 2289 1152 2356 αὔθαδες
1205 2295 1303 2347 τοῦ
1361 2295 1735 2367 φρονήματος,
1793 2295 1944 2358 αὖθις

2063 1752 2323 1819 gantiam
2354 1751 2558 1819 animi,
2594 1752 2655 1805 in
2685 1752 2991 1806 Thessalia
3011 1754 3274 1824 posthinc
3299 1755 3500 1810 sedem
3529 1757 3713 1811 collo-

2063 1856 2248 1896 casse.
2283 1841 2463 1913 Cujus
2512 1842 2597 1895 rei
2649 1841 2810 1896 clara
2861 1849 3210 1913 argumenta
3265 1849 3408 1898 sunt
3458 1845 3714 1900 amictus

2064 1929 2292 1986 fibulati
2324 1931 2497 1992 ratio.
2517 1947 2716 2003 pugna
2735 1930 3309 2003 pedestris,capillus
3332 1933 3520 2002 rufus,
3554 1934 3712 1990 oculi

2061 2018 2274 2090 glauci,
2307 2021 2587 2087 amentia,
2622 2020 2951 2088 iracundia,
3013 2021 3375 2077 crudelitas:
3411 2040 3540 2094 quae
3582 2025 3712 2095 ipsa

2061 2110 2342 2166 conviciis
2382 2113 2786 2182 Agamemnon
2817 2111 3291 2178 consectabatur,
3323 2112 3407 2167 sic
3463 2113 3706 2168 dicens:

2410 2229 2544 2283 Huic
2571 2245 2782 2298 semper
2802 2230 3004 2299 jurgia
3033 2230 3210 2296 cordi,

2410 2302 2691 2370 Rtraeque,
2718 2315 3056 2371 pugnaeque.

299 2377 590 2435 Θετταλίαν
631 2379 872 2449 οἰκῆσαι.
931 2382 1216 2453 Τεκμήρια
1268 2385 1366 2436 τοῦ
1432 2380 1599 2458 λόγου
1653 2387 1796 2460 σαφῆ
1861 2384 1896 2454 ἥ
1945 2407 2004 2440 τε
2057 2392 2157 2455 τῆς
2215 2386 2541 2461 ἀμπεχόνης
2599 2388 2689 2440 σὺν
2750 2389 2816 2460 τῇ
2879 2386 3067 2462 πόρπῃ
3125 2388 3314 2455 σκευὴ,
3369 2388 3460 2442 καὶ
3521 2389 3554 2458 ἠ
3603 2409 3706 2442 πε-

302 2468 567 2544 ζομαχία,
625 2470 713 2522 καὶ
748 2469 990 2540 ἡπυρσὴ
1047 2471 1221 2541 κόμη,
1276 2471 1368 2526 καὶ
1422 2472 1475 2526 οἱ
1531 2466 1905 2546 γλαυκιῶντες
1963 2474 2265 2553 ὀφθαλμοὶ,
2333 2475 2423 2531 καὶ
2479 2475 2540 2531 τὸ
2597 2475 3057 2549 ἀπονενοημένον,
3113 2476 3204 2532 καὶ
3262 2475 3570 2550 θυμοειδὲς,
3615 2477 3709 2532 καὶ

295 2557 469 2631 ὠμόν·
504 2555 539 2611 ἄ
565 2557 656 2612 καὶ
688 2555 968 2629 ὀνειδίζων
1009 2557 1372 2630 ἐπέσκωπτεν,
1405 2560 1603 2617 οὑτωσὶ
1638 2561 1838 2638 Λέγων.

1217 2686 1334 2743 Alei
1364 2687 1464 2762 γάρ
1495 2709 1578 2744 τοι
1612 2685 1722 2760 ἔρις
1753 2711 1812 2745 τε
1844 2690 2007 2768 φίλη,
2039 2690 2281 2766 πόλεμοί
2310 2713 2387 2761 τε,
2434 2693 2608 2767 μάχαι
2634 2713 2693 2746 τε
2722 2693 2764 2749 9.

294 2813 458 2883 Φόνῳ
486 2812 586 2887 γὰρ
619 2809 779 2867 εἰσέτι
836 2812 926 2867 καὶ
985 2814 1179 2886 α’ἰματι
1230 2815 1300 2868 τά
1353 2814 1504 2885 νείκη
1565 2816 1945 2893 Ταυροσκύθαι

295 2899 588 2975 διακρίνειν
624 2901 893 2966 είώθασιν.
924 2908 1039 2958 *Θτι
1075 2899 1132 2958 δὲ
1167 2904 1230 2958 τὸ
1279 2901 1430 2968 ἔθνος
1479 2905 1942 2979 ἀπονενοημένον,

297 2991 386 3044 καὶ
424 2989 694 3065 μάχιμον,
725 2994 814 3047 καὶ
845 2993 1124 3068 κραταιὸν,
1156 2999 1286 3048 πᾶσι
1316 2999 1432 3050 τοῖς
1493 2995 1720 3071 ὁμόροις
1767 2995 1942 3052 ἐπιτι-

301 3079 522 3152 θέμενον
561 3077 753 3150 ἒθνεσι,
817 3086 1152 3158 μαρτυροῦσι
1209 3081 1441 3152 πολλοὶ,
1499 3086 1585 3140 καὶ
1622 3086 1650 3140 6
1683 3090 1826 3150 θεῖος
1887 3083 1944 3140 δέ

2055 2821 2224 2876 Caede
2248 2822 2408 2876 enim
2431 2825 2491 2877 et
2510 2822 2799 2894 sanguine
2823 2821 2895 2876 ad
2923 2821 3077 2876 hanc
3102 2821 3260 2875 diem
3290 2822 3704 2891 Tauroscythae

2055 2909 2335 2965 dirimere
2360 2911 2516 2964 rixas
2541 2909 3256 2964 consuerunt.Audaciam
3280 2914 3477 2964 autem
3509 2914 3567 2963 et
3596 2911 3704 2962 vir-

2054 3004 2241 3054 tutem
2256 3005 2431 3069 atque
2445 2999 2626 3054 robur
2646 2999 3188 3071 gentis,ﬁnitimum
3209 3015 3505 3068 quemque
3524 3016 3704 3070 popu-

2055 3089 2179 3143 lum
2206 3088 2559 3156 invadentis,
2589 3105 2722 3142 cum
2743 3087 2912 3142 multi
2941 3087 3041 3142 alii
3065 3088 3703 3157 testantur,tumetiam

296 3167 584 3240 Ἰεζεκιήλ,
618 3153 842 3244 μνήμην
891 3153 1091 3227 τούτου
1137 3172 1494 3247 ποιούμενος,
1543 3174 1596 3229 ἐν
1647 3177 1732 3238 οἷς
1779 3174 1946 3230 ταῦτά

2060 3177 2226 3233 divus
2254 3153 2872 3242 Ezechiel,lmentione
2904 3177 3034 3247 ejus
3067 3177 3236 3245 facta,
3269 3153 3374 3230 ubi
3429 3176 3502 3230 ad
3547 3176 3706 3232 hunc

296 3278 484 3332 φησιν’
521 3283 550 3312 ιι
579 3257 722 3317 Ἰδοὺ
752 3259 1076 3337 έγὼέπάγω
1124 3262 1213 3318 ἐπὶ
1267 3264 1326 3318 σὶ
1368 3266 1457 3319 τὸν
1503 3265 1628 3340 Γὼγ
1679 3267 1767 3320 καὶ
1827 3268 1946 3323 Μα-

296 3347 418 3424 γὼγ
448 3350 517 3419 ³0,
563 3351 809 3426 ἄρχοντα
853 3352 1012 3414 Ῥώς.
1043 3375 1072 3404 ››
1127 3352 1289 3409 Ἀλλ’
1345 3354 1566 3430 ἀπόχρη
1628 3355 1724 3428 μέν
1783 3359 1951 3412 ταῦτα

295 3437 422 3510 περῖ
449 3441 558 3493 τῶν
589 3437 813 3513 Ταύρων
841 3438 1174 3514 ἐναγισμῶν.

368 3526 427 3596 ζ’.
461 3526 602 3584 Τότε
643 3525 701 3584 δὶ
757 3527 866 3599 ἤδη
928 3527 1319 3606 διανισχούσης
1377 3531 1587 3608 ἡμέρας
1647 3534 1856 3608 βουλὴν
1915 3536 1944 3590 6

292 3611 739 3692 Σφενδοσθλᾶὄος
791 3621 900 3673 τῶν
962 3619 1196 3694 ἀρίστων
1252 3618 1517 3690 ἰκάθιζεν,
1575 3623 1644 3692 ἢν
1700 3622 1791 3677 καὶ
1847 3643 1945 3677 κο-

294 3704 484 3777 μέντον
516 3708 586 3778 τῇ
627 3707 868 3784 σφετέρῳ
926 3705 1195 3780 διαλέκτῳ
1250 3710 1431 3787 φασίν.
1489 3711 1646 3780 ’Ἄρτι
1705 3709 1764 3765 δέ
1817 3732 1938 3765 συν-

282 3793 687 3868 αθροισθέντων
719 3796 844 3871 περὶ
878 3796 1064 3867 αὐτὸν,
1095 3799 1187 3852 καὶ
1219 3796 1250 3852 6'
1278 3820 1329 3853 τι
1365 3795 1449 3852 δεῖ
1494 3799 1585 3853 καὶ
1627 3796 1755 3872 δρᾷν
1801 3801 1938 3876 πρὸς

280 3883 453 3938 αὐτοῦ
539 3881 1004 3959 διερωτηθέντων,
1061 3888 1114 3941 οἱ
1174 3888 1268 3960 μὶν
1347 3887 1486 3962 ἀωρὶ
1545 3883 1934 3944 συνεϐούλευον

278 3977 390 4027 τῶν
424 3977 655 4045 νυκτῶν,
715 3969 996 4038 ἐπιϐάντες
1045 3980 1151 4030 τῶν
1211 3977 1445 4048 πλοίων,
1500 3977 1645 4052 πάσῃ
1703 3983 1932 4052 μηχανῇ

282 4061 482 4135 κλέψαι
540 4064 641 4133 τήν
701 4065 897 4140 φυγήν·
961 4065 1038 4137 μὴ
1095 4066 1198 4139 γὰρ
1271 4066 1422 4128 οἳους
1504 4086 1562 4120 τε
1612 4068 1928 4130 καθεστάναι

281 4151 541 4214 ἱππόταις
599 4149 959 4223 πανσιδήροις
1013 4151 1238 4229 ἀνδράσι
1314 4153 1740 4227 συμπλέκεσθαι,
1795 4155 1927 4210 ἀπο-

2056 3265 2301 3322 modum
2323 3267 2442 3321 ait:
2485 3286 2505 3314 ι
2539 3268 2685 3320 Ecce
2732 3282 2835 3336 ego
2881 3264 3096 3319 induco
3155 3281 3334 3335 super
3384 3269 3440 3318 te
3486 3267 3602 3336 Gog
3650 3270 3708 3318 et

2056 3357 2277 3428 Magog,
2309 3355 2635 3427 principem
2667 3355 2845 3410 Rhos.
2881 3375 2910 3403 ››
2945 3353 3057 3408 Sed
3089 3353 3160 3408 de
3209 3352 3440 3409 inferiis
3488 3355 3704 3407 Tauro-

2053 3461 2186 3500 rum
2218 3445 2344 3500 haec
2376 3443 2696 3500 sufﬁciant.

2121 3535 2175 3591 7.
2202 3535 2360 3588 Inter
2380 3535 2506 3588 haec
2527 3533 2722 3604 prima
2752 3533 2883 3587 luce
2917 3531 3468 3603 Sphendosthlabus
3498 3532 3698 3586 consi-

2046 3622 2194 3677 lium
2217 3624 2545 3694 primorum
2562 3621 2837 3676 ordinum
2860 3619 3350 3688 constituit,quod
3374 3636 3480 3674 sua
3501 3620 3702 3690 lingua

2046 3716 2386 3767 comentum
2414 3711 2736 3782 appellant.
2772 3711 3015 3764 Coactos
3043 3708 3183 3778 quid
3211 3713 3342 3779 agat
3373 3709 3515 3763 I51
3553 3725 3697 3761 con-

2045 3800 2206 3856 sulit.
2239 3800 2352 3854 Alii
2384 3799 2573 3854 multa
2599 3799 2671 3852 de
2719 3803 2892 3852 nocte
2942 3813 3119 3852 naves
3181 3796 3690 3863 conscendendas,

2042 3889 2437 3959 omnibusque
2468 3887 2659 3941 modis
2689 3887 2893 3941 furtim
2927 3885 3687 3951 elabendum,existimant;

2039 3979 2205 4035 nullo
2227 3995 2287 4034 se
2308 3981 2478 4049 pacto
2499 3977 2728 4047 equites
2751 3977 3160 4046 cataphractos
3179 3975 3472 4028 sustinere
3493 3991 3687 4044 posse,

2038 4069 2214 4139 idque
2244 4071 2557 4139 postquam
2586 4067 2800 4120 virtute
2850 4070 3200 4136 praestantes
3248 4064 3426 4118 duces
3458 4064 3692 4118 amisis-

2039 4161 2193 4227 sent,
2225 4156 2327 4227 qui
2360 4155 2683 4210 exercitum
2715 4155 3095 4224 confirmare,
3147 4154 3383 4208 animos
3432 4153 3690 4208 militum

1489 4300 1549 4356 C.
1593 4301 1656 4356 Β.
1699 4301 1886 4356 HASII
1925 4301 2494 4358 ANNOTATIONES.

361 4421 382 4455 ⁸
413 4421 736 4511 πεφηνένξιζ
765 4424 1233 4511 Yid.,supra“5‘l.
1359 4426 1448 4482 60.
1485 4429 1564 4511 0.,
1593 4429 1713 4511 i02,

1908 4426 1932 4459 ⁹
1973 4427 2135 4483 Iliad.
2180 4429 2246 4481 A.
2283 4427 2406 4482 I77.

2500 4425 2546 4461 ¹⁰
2572 4425 2663 4479 τὸν
2698 4421 2878 4498 Ἀγὼγ
2905 4423 2995 4476 καὶ
3046 4422 3254 4495 Μαγὼγ
3305 4421 3434 4477 cod.
3486 4422 3690 4476 Ezech.

286 4490 563 4561 xxx1x,'t.
601 4490 743 4548 ’1δού
775 4493 880 4568 ἐγὼ
911 4490 1086 4550 ὲπῗσὲ
1116 4496 1237 4570 Γὼγ
1267 4492 1510 4570 ἄρχοντα
1541 4494 1672 4571 ῥώς·
1710 4503 1768 4553 et
1793 4497 1947 4554 idem

2063 4516 2215 4566 xvm,
2251 4501 2305 4552 2.

360 4617 475 4694 (l7)
509 4618 680 4689 Apud
713 4619 1016 4692 Bulgaros,
1052 4621 1242 4694 Leone
1274 4621 1554 4675 Armenio
1585 4622 1944 4694 imperante,

292 4689 517 4764 similia
574 4689 867 4764 memorat
934 4692 1225 4764 sacrificia
1300 4689 1944 4764 Anonymus'Narrat.

295 4761 729 4834 chronograph.
764 4767 899 4833 post
927 4763 1225 4833 TeOphan.
1258 4764 1382 4817 431.
1417 4765 1482 4819 D.

371 4834 503 4908 (178)_
534 4833 627 4888 ’Ad
687 4833 814 4908 haec
874 4836 1197 4908 Russorum
1255 4850 1449 4908 sacra,
1508 4834 1581 4889 ab
1627 4905 1641 4908 _
1657 4835 1947 4908 religione

291 4906 628 4966 Christiana
650 4905 866 4976 aliena,
894 4905 1196 4976 pertinere
1217 4905 1449 4960 videtur
1467 4905 1949 4961 exordium'illnd

289 4977 784 5052 narrationisms.
820 4975 1212 5052 dvenindcpou,
1242 4994 1421 5052 quam
1444 4978 1635 5052 reperi
1654 4977 1712 5031 in
1736 4979 1948 5052 Codice

293 4997 653 5038 narrationis
673 4997 784 5031 ms.
820 4997 974 5029 ανεπι
1018 4997 1212 5052 ραφου,
1242 4997 1421 5047 quam
1444 4997 1712 5048 reperlm
1736 4997 1946 5032 b00106

293 5049 493 5108 seaculi
531 5048 897 5119 Aundecimi:
955 4997 1046 5119 ’ἐν
1105 5052 1224 5119 ταῖς
1280 5046 1514 5119 ἡμέραῖς
1561 5047 1796 5119 ’Λέοντος
1854 5047 1946 5101 καὶ

295 5114 658 5193 Ἀλεξάνδρου
687 5121 795 5171 τῶν
842 5115 1110 5193 βασιλέων
1168 5114 1354 5193 ἄρχων
1397 5114 1499 5193 ’τις
1556 5115 1610 5172 ἐν
1669 5116 1947 5193 ῌελοπον-

294 5189 453 5265 νήσιμ
479 5189 719 5263 ἠγόρασε
749 5189 940 5265 παῖδα,
996 5189 1333 5265 Σκύθην
1389 5189 1700 5265 γένει’ᾐκαὶ
1752 5194 1946 5265 τοῦτου

292 5258 601 5340 πιᾶιρέδιιξιιὶε⁷
633 5265 713 5332 τῷ
759 5258 1120 5340 ’πρεσϐυτέρῳ
1174 5265 1256 5332 τῷ
1309 5258 1682 5340 ἱερουργοῦντι
1727 5260 1801 5340 ’ἐν
1867 5266 1949 5340 τῷ

294 5329 564 5409 εὐκτηρίῳ
595 5329 694 5389 τού
723 5329 878 5387 οἷ’κου
901 5329 1101 5400 αὐτοῦ,
1140 5329 1267 5409 τοῦΔ
1293 5329 1566 5409 παίιδεύείν
1617 5333 1803 5409 αὐτόν,
1856 5334 1946 5386 καὶ

293 5400 564 5465 διδάσκειν
598 5405 664 5480 τρι
718 5407 1062 5480 γράμμαται.
1097 5405 1186 5480 Ὡς
1243 5400 1319 5480 δὲ⁸
1360 5404 1648 5477 ἐμάνθανεν
1696 5405 1740 5480 ’ὁ
1792 5400 1946 5480 παῖς,

287 5482 378 5536 καὶ
411 5469 838 5552 έξυπηρέτειίτῷ
875 5469 1281 5552 πρεσϐυτέρῳ-
1302 5474 1354 5530 ἐν
1391 5469 1552 5552 ’ταῖς
1580 5475 1794 5550 χρείαις
1830 5469 1949 5552 ,αύὲ

287 5558 408 5608 τοῦ.
447 5544 594 5605 ’ΚαὶἾ
628 5544 943 5622 γενόμενον
981 5546 1114 5602 ἐτῶν
1163 5544 1385 5622 δώδεκα
1442 5544 1726 5622 ἠρώτησεν
1787 5546 1947 5622 «trav

288 5627 317 5680 6
349 5624 536 5698 κύριος
568 5618 836 5698 aerem-el
895 5618 1206 5698 Χριστιανοί
1259 5619 1400 5698 εἰσιν.
1443 5618 1504 5698 o_'i_
1546 5619 1770 5698 Σκύθαι,
1826 5620 1947 5698 ὅθεν

287 5689 540 5771 ὥρμητο.
573 5694 638 5750 Ὀ
670 5689 728 5747 δὶ
784 5689 1074 5768 ἀπεκρίθη,
1133 5689 1245 5745 Οὐκ
1304 5689 1403 5745 εἶσὶ
1463 5692 1802 5765 Χριστιανοὶ,
1854 5690 1947 5745 καὶ

609 5814 876 5875 Pusam.
922 5809 1033 5872 Gn.
1079 5808 1314 5872 CXVII.

2057 4620 2132 4683 ὡς
2155 4621 2385 4690 νομίζω,
2419 4618 2508 4674 καὶ
2541 4618 2644 4690 ἐγὼ
2677 4612 3171 4691 ἀϐάπτιστό-ςλείμι.
3221 4617 3339 4691 Hoc
3392 4620 3513 4691 est:
3557 4636 3604 4691 λιι
3630 4615 3696 4691 In

2059 4717 2086 4744 «
2123 4688 2331 4748 diebus
2364 4688 2656 4747 Leonis—et
2678 4688 2984 4744 Alexandri
3009 4688 3191 4758 impp.
3212 4689 3380 4755 (anno
3406 4688 3698 4758 8785-9“),

2060 4788 2087 4814 «
2113 4764 2508 4836 praafectusin
2532 4761 2940 4836 Peloponneso
2968 4757 3113 4836 emit
3140 4757 3393 4836 servum,
3425 4757 3698 4836 Scytham

2060 4829 2381 4890 «natione:
2429 4834 2588 4888 hunc
2639 4829 2881 4886 tradidit
2926 4830 3292 4901 presbytero,
3343 4829 3405 4882 in
3440 4829 3700 4901 oratorio

2059 4931 2085 4955 ‹‹
2113 4907 2326 4961 aedium
2354 4920 2593 4959 suarum
2619 4918 2785 4957 sacra
2805 4900 3137 4968 facienti,ut
3158 4901 3420 4954 erudiret
3435 4900 3706 4964 eum,do-

2062 5001 2088 5027 ‹‹
2109 4983 2385 5046 ceretque
2415 4976 2664 5030 litteras.
2701 4977 2865 5046 Puer
2894 4973 3034 5027 dum
3058 4971 3525 5046 instituebatur,
3560 4973 3703 5026 item

2061 5071 2088 5099 «
2123 5044 2451 5120 presbyteri
2474 5045 2832 5120 utilitatibus
2856 5044 3324 5120 inserviebaiilta
3348 5060 3484 5098 cum
3515 5059 3705 5098 annos

2061 5144 2087 5170 «
2123 5116 2370 5174 haberet
2399 5117 2734 5183 duodecim,
2770 5117 3039 5183 quaesivit
3068 5116 3139 5170 de
3169 5116 3272 5170 illo
3303 5117 3504 5178 herus,
3559 5131 3705 5169 num

2063 5216 2087 5240 ι(
2110 5190 2425 5245 Christiani
2444 5189 2758 5260 essentScy
2769 5186 3068 5254 thae,unde
3087 5186 3705 5260 eratortulelenegw

2062 5287 2088 5311 ‹‹
2115 5264 2195 5316 vit
2219 5278 2612 5332 esse»,neque
2635 5258 2834 5331 egomt
2854 5261 3294 5332 opinor,inquit.
3313 5258 3530 5332 geniali
3553 5274 3708 5328 aqua

2061 5334 2428 5390 madefactus
2453 5329 2862 5387 su_m.——ltlissa
2883 5329 3032 5386 facio
3049 5330 3470 5400 subsequentia
3483 5329 3554 5384 de
3568 5345 3707 5384 con-

2059 5406 2329 5461 versione
2344 5405 2572 5475 Scythie
2585 5404 3150 5475 illius,aliorumque
3167 5401 3540 5475 popularium
3557 5400 3706 5470 ejus.

2133 5479 2245 5550 (19)
2267 5478 2346 5531 De
2370 5472 2480 5532 hoc
2505 5476 2771 5550 Scythico
2793 5474 3048 5550 Achillis
3065 5479 3194 5527 ortu
3218 5473 3368 5550 nihil
3392 5472 3704 5550 Arrianus,

2059 5542 2434 5606 iniis'certe.
2469 5542 2600 5618 qua}
2631 5547 2702 5600 de
2724 5545 3113 5618 religionibus
3137 5545 3341 5618 templi
3375 5542 3623 5618 Achillei
3649 5542 3709 5618 in

2062 5622 2248 5675 Leuce
2280 5613 2745 5689 insula-copiose
2776 5613 2957 5672 tradit
2986 5615 3205 5686 Peripl.
3249 5613 3415 5669 Pont.
3471 5614 3592 5666 133.
3640 5613 3708 5665 A.

3264 5798 3344 5857 28
