4186 6308
357 379 480 439 817

1699 375 2094 443 HISTORIA!
2135 375 2290 437 LIB.
2340 376 2446 438 IX.

3657 398 3774 456 8'78

359 510 644 584 ροσκύθαι,
705 513 858 566 παντὶ
920 511 1095 567 σθένει
1153 510 1570 568 διακινδυνεύειν
1641 514 1877 588 ᾑροῦντο
1936 510 2002 569 εἷς

2130 510 2417 582 impetum
2442 511 2731 579 fecerunt,
2764 513 2847 569 ita
2871 519 2938 569 ut
2961 519 3195 572 nostros
3217 518 3356 588 pilis
3385 525 3772 596 conﬁgerent,

358 599 616 676 φάλαγγα
681 601 942 677 καρτερὰν
1001 601 1438 668 συνασπίσαντες,
1499 603 1587 659 καὶ
1646 599 2019 679 προϐαλόντες

358 689 488 751 τοὺς
541 688 795 755 ἄκοντας.
857 690 1161 765 Ῥωμαίους
1218 689 1276 748 δὲ
1355 690 1603 764 διατάξας
1662 694 1690 748 ὁ
1761 691 2015 767 βασιλεὺς

366 783 600 857 ὑπεξῆγε
627 786 726 836 τοῦ
759 783 1024 856 χάρακος.
1059 780 1199 852 Ἤδη
1256 779 1314 837 δὲ
1360 790 1460 851 τῆς
1510 782 1698 858 μάχης
1745 781 2017 858 καταρρα-

359 871 570 948 γείσης,
605 871 893 946 εὐρώστως
925 871 977 925 oi
1021 871 1221 935 Σκύθαι
1254 871 1552 945 Ῥωμαίοις
1605 871 1859 946 ἔπῄεταν,
1897 876 2014 933 τοῖς

359 983 421 1016 τε
459 961 727 1023 ἀκοντίοις
760 960 1056 1032 σινόμενοι,
1088 961 1177 1016 καὶ
1205 966 1346 1032 ζτοῖς
1401 962 1582 1037 βέλεσι
1629 962 1758 1026 τοὺς
1807 959 2013 1023 ’ίππους

358 1052 776 1126 τιτρώσκοντες,
809 1049 1074 1113 καὶτοὺς
1135 1045 1391 1112 ἐπιϐάτας
1450 1051 1526 1114 εἷς
1580 1055 1681 1125 γῆν
1740 1045 2012 1106 καταϐάλ-

363 1138 572 1204 λοντες.
641 1141 1053 1213 Ἐνταῦοαὸτῇ
1111 1140 1407 1215 προτεραίᾳ
1467 1141 1802 1214 ἠριστευκὼς
1860 1140 2015 1197 Ἀνε-

365 1237 469 1303 μᾶς
498 1229 588 1284 καὶ
626 1231 716 1285 τὸν
781 1230 1037 1305 Ἴκμορον
1106 1232 1150 1266 ³³
1203 1229 1568 1300 κατακτείνας,
1625 1231 1716 1285 τὸν
1775 1225 2012 1306 Σφενδο-

361 1314 599 1383 σθλάϐον
635 1317 766 1372 ἰδὼν
799 1315 1169 1383 ἐνθουσιωδῶς
1219 1319 1355 1374 κατὰ
1411 1318 1703 1391 Ῥωμαίων
1759 1319 2012 1393 ὁρμῶντα

359 1410 449 1464 καὶ
487 1414 751 1482 μανικῶς,
795 1410 884 1464 καὶ
939 1411 1036 1474 τὰς
1089 1408 1255 1465 αὐτοῦ
1311 1407 1748 1486 ἐπιρῥωννύοντα
1806 1407 2012 1485 φάλαγ-

359 1521 481 1575 γας,
512 1501 605 1553 τὸν
636 1498 804 1554 ἳππον
863 1497 1232 1574 παρεξελάσας
1290 1502 1400 1571 (23)
1456 1497 1785 1572 (εἰθισμένον
1837 1497 1895 1552 δὲ
1941 1499 2011 1566 ἦν

357 1589 508 1662 αὐτῷ
535 1590 698 1644 τοῦτο
728 1587 885 1663 δρᾷν,
914 1589 1004 1643 καὶ
1035 1587 1324 1651 πλείστους
1351 1589 1459 1644 τῶν
1496 1594 1717 1653 Σκυθῶν
1772 1587 2011 1659 τοιούτῳ

355 1680 544 1753 τρόπῳ
584 1679 767 1735 ἀνεῖλε
821 1681 885 1734 τὸ
945 1679 1255 1754 πρότερον),
1315 1675 1454 1750 ὅλην
1513 1679 1666 1749 ἡνίαν
1723 1683 1802 1750 τῷ
1853 1676 2011 1751 ’ίππῳ

353 1769 502 1831 ἀνεὶς
562 1770 640 1830 ὡς
698 1767 857 1823 αὐτὸν
915 1768 1077 1839 ἳεται,
1134 1767 1226 1824 καὶ
1287 1768 1422 1844 ξίφει
1504 1767 1652 1824 παίει
1709 1769 1847 1822 κατὰ
1909 1775 2010 1837 τῆς

2132 608 2265 662 telis
2287 623 2471 677 equos
2498 609 2896 679 vulnerarent,
2922 628 3302 684 sessoresque
3317 615 3663 688 dejicerent.
3692 623 3777 678 lbi

2128 699 2383 752 Anemas
2413 698 2535 765 ille,
2578 699 2679 768 qui
2701 700 2891 769 pridie
2917 717 3213 757 summam
3241 704 3514 762 virtutem
3550 710 3776 767 Icmore

2127 787 2321 842 occiso
2351 788 2727 858 praestiterat,
2764 789 3343 859 Sphendosthlabum
3393 799 3771 870 conspicatus

2127 880 2348 931 temere
2371 878 2771 946 etl‘renateque
2799 879 3094 934 Romanos
3122 879 3775 958 invadentem,phalan-

2123 982 2342 1037 gesque
2370 966 2558 1037 ipsius
2588 966 3018 1034 cohortantem,
3063 987 3456 1044 prorumpens
3508 993 3570 1031 se
3618 995 3770 1049 equo

2123 1055 2307 1126 (quod
2336 1061 2722 1110 consueverat
2749 1055 2963 1123 facere,
2989 1058 3396 1132 plurimosque
3419 1065 3769 1137 Scytharum

2126 1147 2238 1200 hoc
2267 1150 2436 1216 pacto
2459 1145 2588 1215 jam
2620 1146 2785 1215 prius
2807 1147 3174 1220 protriverat)
3200 1152 3402 1208 effusis
3426 1155 3674 1212 habenis
3707 1158 3769 1213 in

2124 1234 2278 1289 153
2311 1250 2445 1288 eum
2480 1234 2720 1299 involat,
2748 1235 3024 1307 jugulum
3055 1238 3251 1310 gladio
3282 1244 3526 1313 appetit,
3574 1246 3771 1316 ipsum

2123 1323 2489 1395 praecipitem
2502 1323 2780 1379 deturbat
2799 1342 2812 1378 :
2839 1325 3176 1382 interﬁcere
3199 1333 3398 1384 tamen
3417 1349 3538 1386 non
3556 1336 3766 1403 potuit.

2124 1415 2360 1472 Restitit
2380 1415 2538 1470 enim
2555 1416 2757 1471 tunica
2769 1416 2958 1473 hamis
2970 1427 3244 1476 conserta
3258 1428 3315 1478 et
3329 1431 3583 1494 scutum,
3612 1445 3765 1498 qum,

2122 1507 2525 1559 Romanorum
2573 1505 2849 1576 cuspides
2880 1508 3120 1575 veritus,
3153 1518 3463 1568 sumserat.
3489 1518 3768 1584 Anemas,

2121 1611 2156 1649 a
2177 1611 2365 1649 cuneo
2385 1594 2730 1664 Scytharum
2751 1596 3208 1669 circumventus,
3243 1618 3394 1673 equo
3412 1604 3617 1659 multis
3632 1605 3764 1660 has-

2123 1687 2313 1737 tarum
2331 1682 2542 1737 ictibus
2565 1683 3184 1757 confosso,postquam
3208 1692 3544 1763 complures
3558 1711 3765 1748 eorum

2121 1769 2518 1839 interfecerat,
2543 1771 2669 1841 ipse
2702 1771 2925 1827 ibidem
2947 1776 3229 1844 concidit,
3254 1778 3343 1832 vir
3361 1796 3395 1834 a
3415 1781 3581 1834 nullo
3615 1797 3767 1835 eoa)-

354 1855 595 1928 κλειδὸς,
627 1857 839 1914 καὶτὸν
869 1859 964 1932 μὲν
1008 1865 1191 1928 πρηνῆ
1254 1862 1300 1896 1⁸
1354 1853 1714 1926 καταϐάλλει,
1774 1856 1837 1912 οὐ
1898 1859 2002 1931 μὴν

2117 1858 2384 1930 qualium
2415 1858 2782 1914 facinoribus
2813 1860 3045 1917 bellicis
3080 1871 3411 1934 superatus.

354 1949 718 2004 κατακτείνει.
750 1949 1054 2021 Ἐπήρκεσε
1074 1947 1177 2022 γὰρ
1211 1944 1612 2009 ὁᾶλυσιδωτὸς
1645 1948 1816 2021 χιτὼν
1855 1947 1948 2002 καὶ
2002 1947 2065 2001 τὸ
2119 1947 2305 2018 σάκος,
2363 1947 2416 2016 ἅ,
2465 1942 2658 2008 δεδιὼς
2713 1947 2812 2008 τὰς
2863 1948 3171 2021 Ῥωμαϊκὰς
3228 1951 3464 2026 ιπιῒχμᾶις⁹
3520 1955 3759 2030 ἠμφιέν-

357 2058 510 2094 νυτο,
572 2038 804 2110 Ἀνεμᾶς
861 2035 940 2105 δὲ,
995 2038 1134 2112 πρὸς
1185 2043 1286 2106 τῆς
1343 2041 1452 2092 τῶν
1523 2040 1745 2101 Σκυθῶν
1801 2036 2107 2101 κυκλωθεὶς
2161 2035 2442 2112 φάλαγγος
2495 2039 2591 2089 τοῦ
2641 2032 2817 2090 ’ίππου
2873 2033 3314 2108 καταϐληθέντος
3374 2049 3596 2117 συχναῖς
3655 2048 3764 2098 τῶν

357 2124 607 2199 δοράτων
669 2125 891 2203 βολαῖς,
949 2126 1240 2189 πλείστους
1300 2128 1396 2200 μὲν
1455 2127 1661 2202 ἀναιρεῖ
1741 2125 1972 2196 τούτων,
2052 2122 2507 2202 ὲναποσφάττεται
2593 2121 2650 2178 δὲ
2733 2124 2822 2179 καὶ
2901 2125 3080 2200 αὐτὸς,
3152 2126 3289 2203 ἄνήρ
3366 2129 3581 2192 οὐδενὸς
3655 2137 3766 2187 τῶν

351 2216 674 2286 ἡλικιωτῶν
703 2217 1019 2289 ἡττώμενος
1049 2215 1100 2270 ἐν
1128 2220 1248 2278 τοῖς
1278 2215 1414 2270 κατᾶ
1440 2215 1537 2278 τὰς
1570 2218 1754 2291 μάχας
1781 2213 2088 2291 ἀνδραγαθή
2098 2235 2280 2287 μασιν.

433 2309 498 2370 θ’.
531 2305 766 2378 Ἐπὶτῷ
793 2304 988 2361 τούτου
1029 2304 1204 2360 τοίνυν
1257 2306 1310 2360 οἱ
1355 2305 1490 2366 Ῥῶς
1545 2304 2004 2381 ἀναθαρρήσαντες

354 2396 677 2470 πταίσματι,
709 2394 945 2471 γεγωνόν
984 2415 1036 2449 τι
1092 2393 1183 2449 καὶ
1243 2395 1428 2469 ἄγριον
1487 2392 1858 2465 ἐπηλάλαξαν,
1911 2393 2000 2449 καὶ

351 2486 668 2559 Ῥωμαίους
725 2485 1030 2554 άνώθησαν.
1091 2484 1158 2541 Οἱ
1219 2481 1276 2538 δὲ
1333 2480 1721 2558 προτροπάδην
1806 2483 1997 2538 ὑπενό-

353 2596 513 2630 στουν
546 2579 675 2648 (24),
730 2575 833 2642 τήν
890 2571 1196 2628 ἀλλόκοτον
1254 2573 1434 2647 ὁρμὴν
1493 2570 1833 2634 ἐκκλίνοντες
1889 2576 1996 2628 τῶν

355 2667 600 2720 Σκυθῶν.
632 2668 716 2738 [Ρ.
774 2666 864 2737 95]
923 2665 1183 2727 Ἐνταῦθα
1236 2663 1263 2716 ὁ
1329 2661 1605 2738 βασιλεὺς,
1665 2663 1740 2724 ὡς
1797 2662 1994 2736 ’ᾔσθετο

352 2753 681 2826 κλινομένην
731 2755 829 2823 τὴν
889 2753 1202 2825 Ῥωμαϊκὴν
1263 2751 1512 2828 φάλαγγα
1567 2748 1856 2814 δτδοικὼς.
1919 2753 1995 2824 μὴ

355 2843 788 2912 καταπτοηθεῖσα
815 2841 874 2897 τὸ
905 2840 1211 2897 ἀλλόκοτοτ
1243 2837 1476 2916 ὅρμημα
1512 2842 1558 2878 ¹⁵
1585 2844 1693 2895 τῶν
1747 2842 1995 2908 Σκυθῶν,

355 2933 487 3006 περὶ
532 2930 664 2987 αὐτὰ
716 2931 933 2986 πταίσοι
991 2931 1058 2986 τὰ
1108 2931 1313 3006 καίρια,
1369 2935 1487 2994 τοῖς
1542 2929 1680 3009 ἀμφ’
1737 2933 1781 2968 ¹⁶
1836 2931 1997 2985 αὐτὸν

348 3020 806 3096 ἐγκελευσάμενος
860 3020 952 3076 καὶ
1006 3021 1070 3076 τὸ
1130 3017 1261 3095 δόρυ
1348 3024 1623 3096 σθεναρῶς
1681 3039 1997 3095 μεταχειρι-

345 3113 604 3184 σάμενος,
634 3111 769 3166 κατὰ
826 3114 934 3165 τῶν
989 3106 1298 3165 ἀντιπάλων
1356 3108 1578 3184 ἐχώρει.
1637 3111 1994 3185 Ἐπαταγεῖτο

2192 2308 2244 2361 9.
2272 2305 2457 2376 Hujus
2481 2321 2620 2360 casu
2642 2305 2814 2360 Russi
2836 2304 3033 2361 denuo
3057 2309 3391 2365 conﬁrmati
3418 2312 3595 2367 altius
3627 2313 3763 2368 bar-

2108 2395 2388 2450 barorum
2420 2411 2585 2449 more
2634 2394 3033 2464 conclamant,
3093 2404 3328 2455 nostros
3387 2401 3748 2472 propellunt.

2105 2485 2350 2555 Jamque
2384 2483 2470 2538 illi
2497 2484 2717 2539 cursim
2749 2489 2905 2539 retro
2936 2487 3192 2558 regredi,
3243 2489 3603 2558 singularem
3634 2491 3751 2546 vim

2107 2572 2368 2627 hostium
2399 2571 2746 2628 devitantes.
2803 2573 2948 2627 Tum
3006 2574 3350 2646 imperator,
3403 2578 3504 2632 ubi
3562 2580 3751 2634 aciem

2106 2663 2434 2716 Romanam
2457 2660 2802 2715 inclinatam
2829 2661 3224 2729 vidit,veritus
3251 2681 3324 2719 ne
3347 2682 3503 2720 caeco
3520 2667 3755 2739 Scythe-

2106 2775 2237 2813 rum
2269 2758 2496 2829 impetu
2554 2758 2870 2828 perterrita
2924 2759 2984 2812 in
3044 2765 3373 2816 extremum
3430 2763 3752 2821 discrimen

2107 2846 2836 2913 adduceretur,cohortem
2859 2848 3016 2902 circa
3037 2865 3098 2902 se
3121 2850 3627 2921 hortatus,lancea
3639 2855 3754 2908 for-

2105 2937 2244 2992 titer
2273 2939 2530 3006 arrepta,
2562 2941 2772 2990 contra
2827 2935 3197 2992 adversarios
3252 2939 3378 3010 ipse
3435 2943 3747 3011 processit.

2100 3025 2422 3080 Pulsantur
2446 3029 2745 3096 tympana,
2771 3023 2926 3078 tubae
2965 3024 3246 3080 bellicum
3270 3028 3611 3083 concinunt.
3638 3032 3749 3085 Ro-

2101 3114 2286 3181 mani,
2342 3113 2716 3184 imperatoris
2774 3112 3081 3168 incursum
3127 3116 3386 3186 reveriti,
3446 3120 3746 3174 conversis

343 3199 404 3257 δὲ
432 3200 522 3256 καὶ
551 3200 618 3256 τὰ
645 3199 918 3274 τύμπανα,
968 3199 1058 3256 καὶ
1111 3199 1174 3254 τὸ
1221 3196 1472 3254 ἐνυάλιον
1533 3201 1876 3275 συνεπήχουν
1936 3200 1992 3254 αἱ

2114 3203 2278 3272 equis
2300 3201 2515 3257 acriter
2537 3201 2781 3272 Scythas
2803 3202 3469 3274 aggrediunturEodem
3485 3211 3748 3278 tempore

342 3289 662 3365 σάλπιγγες.
692 3291 963 3362 Ῥωμαῖοι
999 3285 1078 3359 δὶ,
1124 3289 1222 3357 τὴν
1266 3291 1365 3343 τοῦ
1411 3285 1810 3362 αὐτοκράτορος
1865 3309 1993 3343 κατ-

343 3378 676 3443 αιδεσθέντες
758 3381 961 3454 ὁρμὴν,
1043 3379 1170 3440 τοὺς
1265 3377 1474 3440 *ίτπους
1575 3378 1992 3453 περιελίξαντες,

351 3469 488 3543 μετᾶ
546 3468 726 3546 ῥύμης
777 3473 892 3530 τοῖς
950 3467 1182 3530 Σκύθαις
1268 3466 1622 3544 ἐφώρμησαν.
1685 3469 1996 3542 Παραυτίκα

347 3557 409 3614 δὲ
436 3558 526 3614 καὶ
553 3557 760 3614 θύελλα
815 3557 1008 3632 ψεκάδι
1061 3558 1344 3634 συμμιγὴς
1393 3556 1858 3633 ἀναῤῥιπισθεῖσα,
1905 3556 1993 3612 ἐπὶ

343 3647 493 3704 πολύ
516 3670 574 3704 τε
601 3652 698 3704 τοῦ
747 3647 904 3724 ἀέρος
953 3648 1202 3723 χυθεῖσα,
1251 3644 1380 3707 τοὺς
1439 3645 1715 3718 δυσμενεῖς
1770 3641 1994 3718 ἔϐαλλε,

339 3739 437 3794 καὶ
467 3740 500 3808 ἡ
532 3739 683 3800 κόνις
717 3737 1034 3814 ἐγειρομένη
1083 3735 1210 3800 τοὺς
1255 3732 1429 3791 αὐτῶν
1478 3731 1743 3790 ἔϐλαπτεν
1797 3735 1995 3813 ὀφθαλ-

343 3827 504 3903 μούς.
547 3826 769 3903 Λέγεται
833 3822 891 3881 δὲ
937 3827 1048 3899 (25)
1095 3824 1186 3880 καί
1242 3844 1362 3878 τινα
1417 3823 1768 3880 λευκόπωλον
1831 3821 1996 3898 ἄνδρα

343 3923 579 3995 φανῆναι
638 3915 1002 3991 προηγεῖσθαι
1067 3934 1125 3970 τε
1205 3913 1517 3987 Ῥωμαίων,
1600 3913 1691 3968 καὶ
1773 3913 1994 3976 τούτοις

344 4007 769 4082 προτρέπεσθαι,
828 4009 1031 4080 χωρεῖν
1118 4004 1254 4059 κατὰ
1322 4007 1428 4058 τῶν
1513 4007 1756 4068 Σκυθῶν·
1849 4004 1995 4066 ὅστις

347 4096 648 4158 θεσπεσίως
702 4094 799 4160 τὰς
856 4098 966 4148 τῶν
1021 4090 1301 4166 δυσμενῶν
1388 4089 1695 4148 διακόπτων
1777 4091 1996 4147 συνετά-

347 4210 510 4264 ραττε
541 4186 841 4264 φάλαγγας.
880 4186 1079 4242 Τοῦτόν
1136 4206 1263 4240 φασι
1325 4186 1463 4256 μήτε
1519 4183 1781 4260 πρότερόν
1838 4202 1921 4244 τις
1955 4183 1996 4218 ¹⁷

341 4281 399 4336 ἐν
429 4283 508 4352 τῷ
552 4273 902 4352 στρατοπεδῳ
955 4275 1262 4343 θεάσασθαι,
1324 4270 1435 4329 οὔτ’
1491 4274 1642 4338 αὗθις
1705 4271 1839 4346 μετὰ
1893 4273 1992 4342 τήν

2105 3297 2163 3346 et
2183 3290 2353 3346 turbo
2377 3290 2553 3345 imbri
2575 3290 2795 3344 mixtus
2820 3291 3060 3362 exstitit,
3093 3293 3194 3363 qui
3217 3293 3364 3348 cmlo
3387 3295 3504 3350 late
3523 3295 3748 3350 oﬂ‘usus

2105 3380 2376 3436 hostibus
2389 3378 2858 3445 incumbebat,et
2873 3380 3062 3451 pulvis
3074 3387 3311 3438 coortus
3327 3399 3530 3438 eorum
3546 3385 3747 3441 oculos

2103 3469 2419 3525 infestavit.
2455 3468 2776 3523 Perhibent
2805 3485 2939 3524 vero
2972 3471 3150 3525 etiam
3181 3472 3368 3526 virum
3429 3474 3749 3544 quemdam

2106 3575 2257 3630 equo
2289 3558 2404 3614 alio
2437 3563 2667 3613 vectum
2699 3560 3063 3629 apparuisse,
3098 3561 3197 3630 qui
3227 3563 3507 3616 Romanis
3538 3563 3748 3618 ductor

2106 3653 2279 3715 esset,
2306 3652 2364 3702 et
2386 3647 2461 3702 ad
2483 3646 2830 3701 irruendum
2853 3647 2914 3700 in
2941 3649 3182 3719 Scythas
3205 3650 3577 3705 hortaretur:
3612 3669 3747 3706 eum

2104 3737 2486 3792 vehementer
2517 3736 2671 3792 154
2701 3735 2888 3789 aciem
2916 3736 3176 3791 hostium
3207 3742 3397 3810 strage
3421 3739 3580 3794 edita
3604 3756 3748 3794 con-

2109 3824 2396 3881 turbasse.
2431 3826 2629 3894 Neque
2655 3828 2832 3878 antea
2862 3823 3033 3879 illum
3066 3825 3126 3879 in
3158 3827 3366 3881 castris
3396 3827 3585 3882 visum
3617 3844 3746 3884 esse

2105 3915 2292 3981 aiunt,
2324 3928 2518 3982 neque
2550 3916 2685 3983 post
2736 3911 3008 3982 praelium
3067 3915 3451 3985 apparuisse:
3512 3917 3744 3971 tametsi

2105 4001 2486 4074 investigaret
2515 4016 2650 4054 eum
2682 4000 3024 4071 imperator,
3056 4005 3121 4056 ut
3151 4018 3400 4058 munera
3429 4004 3517 4058 illi
3549 4005 3748 4061 debita

2104 4092 2439 4164 largiretur,
2469 4089 2836 4161 gratiamque
2861 4105 2968 4159 pro
2999 4089 3302 4146 laboribus
3332 4091 3602 4149 referret.
3635 4095 3746 4149 Sed

2107 4179 2485 4253 quantumvis
2517 4179 2802 4250 quaesitus
2832 4194 2954 4234 non
2985 4179 3256 4236 inventus
3289 4187 3397 4237 est.
3453 4183 3616 4239 Unde
3650 4184 3744 4239 in-

2107 4271 2289 4328 dubia
2316 4269 2574 4342 pervasit
2603 4267 2980 4337 existimatio,
3002 4286 3284 4342 magnum
3306 4271 3366 4327 in
3388 4273 3746 4347 martyribus

1535 4466 1594 4522 Ο.
1640 4467 1702 4525 Β.
1743 4465 1934 4522 HASII
1971 4460 2534 4521 ANNOTATIONES.

415 4654 460 4690 ιε
488 4654 766 4725 Ἵκμορον,
803 4653 995 4725 supra
1019 4650 1204 4725 92._B.
1237 4647 1490 4719 Ἰκμορα.
1645 4646 1862 4725 πρηνής
1890 4644 2021 4725 cod.

2103 4645 2146 4680 1⁵
2186 4644 2333 4714 Nota
2360 4636 2672 4714 ἀλλόκοτον.
2697 4636 2928 4714 ὅρμημα
2977 4640 3297 4714 repetitum
3345 4639 3546 4696 statim
3592 4647 3751 4714 post,

333 4731 431 4783 93.
465 4728 529 4782 Α.
564 4708 669 4782 iin'.
703 4729 756 4780 2.
834 4708 996 4798 ιο⁶ἀφ’
1028 4719 1186 4788 θοὰ..
1218 4725 1284 4776 ut
1315 4708 1490 4793 sape.
1570 4717 1612 4753 ιτ
1643 4708 1907 4793 πρότερον
1938 4718 2002 4781 τῆ

2114 4715 2199 4772 od.
2237 4713 2360 4770 sed.
2395 4713 2506 4768 Leo
2540 4708 2797 4766 scribere
2827 4708 3134 4765 debuiséet
3158 4711 3303 4764 τινά.

414 4933 526 5003 (23)
555 4926 994 5004 Παρεξελαύνειν,
1027 4944 1142 5001 quo
1165 4925 1450 5004 vocabulo
1503 4929 1710 4981 carent
1764 4923 1995 4993 Lexica,
2024 4925 2072 4990 D

340 4998 784 5077 apud'Leone'm
806 4998 1143 5077 significare
1157 4998 1390 5077 videtur
1400 5014 1523 5053 cum
1539 5013 1678 5077 equp
1691 5011 1995 5077 proruung

341 5065 415 5133 ei:
445 5077 582 5130 acie.
611 5075 830 5130 Tamen
860 5065 948 5129 §2.
984 5073 1046 5128 Β.
1078 5065 1212 5142 τῇδε
1235 5067 1448 5123 κᾶκεῖσε
1493 5065 1858 5139 παρεξελάσας
1888 5065 1990 5122 ἀε-

343 5152 555 5204 notare
572 5146 805 5201 videtur
829 5145 934 5200 huc
962 5143 1096 5198 illuc
1125 5143 1401 5197 obvertere
1428 5156 1627 5209 equum
1653 5156 1666 5194 :
1727 5143 1788 5194 et
1833 5143 1991 5194 certe

347 5217 813 5289 itabisaccepit
861 5215 1201 5289 Cedrenus:
1236 5213 1341 5289 _I_l._
1385 5214 1488 5289 67_9
1549 5213 1615 5265 A.
1672 5209 1762 5263 τὸν
1819 5209 1990 5289 ἳππον

342 5284 482 5352 τῆδε
517 5282 742 5342 κάκεῖσὶ
789 5285 1158 5357 παρακινήσας
1212 5282 1577 5357 (Xylander:
1636 5298 1837 5357 equum
1894 5282 1995 5357 hac

347 5362 485 5420 illac
516 5368 774 5432 torquens
796 5352 945 5428 ):'et
973 5352 1097 5432 68}.
1132 5359 1193 5432 Β.
1227 5352 1303 5432 de
1349 5359 1597 5432 Anema,
1643 5352 1758 5409 loci
1807 5352 1995 5408 nostri

345 5420 904 5498 circumlocutione,
943 5425 1078 5500 τῇδε
1130 5423 1347 5480 κάκεῖσε
1400 5423 1492 5500 τὸν
1545 5420 1720 5500 ’ίππον
1782 5441 1995 5495 μετακι-

342 5505 539 5574 νήσας.
577 5502 744 5574 Apud
765 5496 1149 5574 Plutarchum
1177 5496 1767 5574 Quomodoadolesc:
1795 5500 1999 5574 poetas

345 5565 556 5634 audire
605 5565 818 5631 debeat
848 5576 933 5628 15.
967 5573 1032 5627 D.
1065 5569 1358 5639 ποιητικὴν
1414 5565 1626 5641 φεύγειν
1673 5565 1765 5620 καὶ
1800 5565 2002 5640 παρεξ-

343 5645 592 5704 ελαύνειν
623 5661 802 5701 sensu
833 5659 1077 5719 prorsus
1106 5639 2000 5719 diver_so_vert_e‘ndumfrater-

344 5720 492 5780 vehi.
525 5720 606 5777 De
635 5734 795 5774 vocc.
833 5707 1164 5786 ’ἐπεξελασις
1230 5717 1289 5768 et
1349 5707 1663 5782 ὑπεξελασις
1723 5707 1842 5764 dixi
1902 5725 2000 5766 su.

2143 4937 2210 4977 ra
2237 4919 2362 4976 I99.
2397 4918 2458 4973 C.

2102 4940 2528 5064 pri2iiih‘iioc
2567 4986 2656 5064 vel
2698 4987 2758 5042 in
2816 4987 3082 5064 proxime
3135 4989 3491 5058 praecedenti
3540 4993 3746 5063 praalio

2104 5057 2403 5121 Romanos
2426 5060 2599 5131 jussu
2634 5058 2774 5129 imp.
2799 5057 3153 5131 _planitiem’
3186 5077 3388 5116 versus
3427 5057 3746 5120 recessisse

2103 5135 2404 5205 Cedrenus
2430 5129 2638 5186 auctor
2661 5135 2751 5205 est
2775 5129 2841 5197 ll,
2874 5131 2996 5186 680.
3026 5132 3086 5184 Β.
3114 5131 3221 5205 Ubi
3240 5132 3745 5205 legendum,ei’xew

2105 5205 2179 5265 εἰς
2207 5203 2474 5270 τούπίσω,
2526 5218 2646 5256 non
2699 5197 2850 5268 ἥκειν
2885 5221 2927 5254 ε.
2962 5221 3012 5257 τ.
3067 5203 3226 5272 quod
3280 5197 3458 5260 Habet
3513 5197 3743 5272 Cusum,

2105 5283 2252 5332 ltem
2283 5277 2342 5330 C.
2375 5275 2482 5330 lin.
2525 5277 2577 5326 2.
2637 5272 2817 5344 Codd.
2881 5273 2995 5328 ﬁde
3052 5271 3244 5328 scribe
3303 5271 3567 5344 εἴκοντας,
3627 5271 3747 5335 non

2104 5350 2359 5418 ἣκοντας.
2395 5341 2930 5418 Ηροτροπάδηνῖνοκ
2960 5349 3050 5418 est
3076 5345 3338 5418 Agaihiaa
3369 5351 3458 5404 34.

2178 5420 2290 5491 (25)
2312 5414 2760 5491 HaecLusquead
2779 5417 2860 5491 7D.
2889 5418 2997 5491 τῶν
3025 5414 3323 5491 ᾆςρθαλμῶν
3357 5419 3751 5477 Combeﬁsius

2107 5487 2283 5548 vertit
2312 5507 2406 5560 ap.
2440 5490 2576 5560 Pag.
2611 5488 2700 5556 ιν,
2730 5489 2817 5546 32.
2853 5487 2952 5559 qui
2985 5487 3195 5560 ultima
3213 5487 3371 5546 mire
3403 5493 3486 5548 sic
3535 5494 3750 5548 habet:

2110 5571 2162 5620 et
2193 5567 2254 5617 in
2287 5559 2409 5617 eum
2436 5559 2663 5614 modum
2691 5575 2887 5629 equum
2917 5575 2986 5613 ea:
3014 5559 3250 5627 virginis
3279 5563 3446 5629 oculis
3497 5564 3752 5628 evolasse,

2111 5634 2289 5691 credo
2321 5631 2496 5703 quod
2512 5627 2747 5703 legeret
2766 5629 2826 5684 in
2857 5630 3056 5703 Graeco
3088 5647 3100 5684 :
3133 5629 3222 5683 καὶ
3253 5627 3395 5703 οὕτω
3444 5633 3536 5687 τὸν
3591 5627 3754 5686 ἵππον

2111 5700 2442 5772 sumam
2478 5702 2544 5757 In
2577 5700 2790 5756 Codice
2820 5701 3136 5756 manifesto
3170 5707 3257 5757 est
3288 5700 3470 5759 ὕπνον.
3636 5704 3644 5718 ⁹
