4190 6322
496 422 614 480 879

1870 413 2150 474 LEONIS
2193 411 2510 472 DIACONI

3793 406 3899 470 880

495 552 869 608 Theodorum
901 550 1102 617 fuisse,
1139 567 1316 620 quem
1349 549 1408 602 in
1442 547 1664 619 prwliis
1686 547 2010 618 imperator
2032 545 2133 599 sibi

2263 541 2448 617 μάχην
2483 538 2796 616 ἒωρακέναι·
2851 539 3029 596 καίτοι
3090 541 3361 616 βασιλέως
3415 538 3573 595 αὐτὸν
3628 538 3900 613 ἀναψηλα-

492 641 900 711 exercituique
935 640 1161 694 socium
1195 643 1250 692 et
1287 637 1621 708 adjutorem
1650 636 1971 707 deposcere
1995 635 2147 690 sole-

501 732 618 787 bat.
651 732 834 788 Aiunt
863 729 1040 784 etiam
1081 725 1407 782 illiusmodi
1459 726 1686 796 aliquid
1739 726 2027 781 accidisse
2076 725 2150 779 ad

494 835 832 892 vesperam,
857 817 1048 889 pridie
1067 833 1244 887 quam
1264 832 1462 887 pugna
1484 815 1972 870 committeretur.
1999 815 2148 869 Con-

496 908 886 980 stantinopoli
914 909 1072 978 virgo
1103 906 1335 960 numini
1370 905 1564 960 dicata
1595 906 1655 959 in
1679 921 1886 959 somno
1937 905 2148 975 Deipa-

497 1019 624 1057 ram
657 999 853 1054 videre
889 997 1000 1051 sibi
1058 996 1180 1049 visa
1229 999 1336 1062 est,
1390 995 1617 1064 aliquot
1669 994 1806 1048 viris
1856 993 2150 1048 ﬂammeis

501 1091 799 1161 stipatam.
827 1088 927 1142 His
943 1101 1072 1140 eam
1087 1085 1336 1140 dixisse:
1371 1106 1397 1132 «
1419 1085 1627 1138 Vocate
1645 1100 1779 1156 ergo
1797 1083 1942 1137 mihi
1964 1083 2152 1136 Theo-

497 1179 709 1233 dorum
742 1181 1064 1245 martyrem
1093 1190 1104 1226 :
1143 1195 1169 1221 ››
1204 1172 1523 1243 statimque
1556 1171 1643 1225 illi
1667 1171 1990 1226 adductum
2023 1186 2151 1225 esse

489 1269 774 1341 juvenem
805 1266 1017 1320 fortem
1052 1270 1110 1318 et
1137 1267 1451 1317 armatum.
1488 1263 1631 1316 Huic
1663 1262 1881 1316 dixisse
1936 1261 2147 1332 Deipa-

490 1375 662 1413 ram:
703 1358 1020 1411 «Joannes
1054 1359 1194 1407 tuus
1252 1351 1407 1422 apud
1460 1351 1856 1424 Dorystolum,
1909 1351 2148 1406 domine

494 1446 821 1513 Theodore,
841 1443 1071 1515 Scythis
1095 1457 1388 1514 pugnans,
1415 1441 1542 1510 jam
1569 1442 1801 1512 gravius
1832 1441 2144 1512 premitur.

489 1538 679 1602 Quare
711 1533 853 1589 vade
886 1533 1025 1600 cito,
1077 1537 1141 1584 ut
1176 1531 1228 1585 ei
1261 1529 1548 1584 auxilium
1596 1529 1772 1584 feras.
1835 1530 1954 1584 Nisi
2009 1535 2146 1584 ante

488 1640 743 1696 occupas
761 1625 822 1678 in
845 1620 1180 1694 periculum
1207 1619 1293 1673 illi
1316 1635 1411 1673 res
1439 1624 1717 1673 vertetur.
1742 1640 1771 1669 »
1805 1618 1982 1674 Illum
2005 1637 2145 1674 con-

486 1721 581 1770 tra
610 1737 637 1763 «
673 1730 734 1768 se
767 1715 1042 1783 paratum
1075 1725 1207 1763 esse
1240 1730 1267 1757 »
1301 1707 1542 1775 dixisse,
1576 1730 1603 1756 ‹‹
1639 1713 1705 1762 ut
1743 1709 1909 1762 Matri
1944 1709 2044 1762 Dei
2079 1725 2147 1764 ac

490 1802 723 1858 Domini
757 1802 847 1856 sui
878 1800 1241 1868 obsequatur
1270 1814 1282 1851 :
1319 1817 1341 1847 υ
1381 1797 1597 1867 quibus
1629 1797 1802 1851 dictis
1862 1798 2142 1854 continuo

2263 636 2498 706 φῶντος,
2533 630 2608 691 ὡς
2643 627 2871 704 δωρεαῖς
2932 629 3160 701 ἐπαξίως
3210 627 3699 706 φιλοφρονήσαιτο,
3747 630 3831 684 καὶ
3859 630 3902 664 ⁸⁸

2261 717 2520 794 ἀμοιϐαῖς
2581 719 2730 775 ἕκατι
2787 725 2895 774 τῶν
2955 719 3135 774 πόνων
3194 719 3508 792 ἀμείψαιτο.
3589 717 3746 775 Ἀλλ’
3801 719 3900 794 οὐχ

2265 810 2457 884 εὐρέοη
2496 809 2853 882 ζητούμενος.
2904 811 3180 866 Ἐντεῦθεν
3229 807 3630 882 ἀναμφίλεκτος
3687 809 3904 863 ὑπόνοια

2267 898 2586 974 ὑποτρέχει,
2642 899 2736 952 τὸν
2796 899 2962 972 μέγαν
3009 897 3061 952 ἐν
3125 899 3357 972 μάρτυσι
3414 895 3693 973 Θεόδωρον
3754 899 3900 970 εἶναι,

2263 989 2321 1042 ὅν
2355 989 2502 1062 παρά
2532 986 2660 1048 τοὺς
2688 985 2902 1062 ἀγῶνας
2935 989 2963 1042 ὁ
3008 985 3261 1062 βασιλεὺς
3312 985 3605 1061 σύμμαχον
3656 984 3901 1057 ἐξελιπά-

2263 1098 2342 1153 ρει
2403 1077 2786 1153 παρίστασθαι,
2847 1076 3064 1152 ῥύεσθαί
3129 1097 3187 1130 τε
3269 1075 3358 1129 καὶ
3433 1076 3625 1144 σώζειν
3702 1075 3904 1150 σύναμα

2261 1178 2420 1232 παντὶ
2475 1183 2555 1250 τῷ
2613 1177 2996 1252 στρατεύματι.
3058 1176 3198 1232 Φασὶ
3263 1173 3319 1231 δὲ
3369 1177 3456 1230 καὶ
3538 1176 3785 1231 τοιοῦτόν
3850 1199 3899 1232 τι

2262 1263 2537 1340 συμϐῆναι
2598 1267 2746 1342 παρὰ
2804 1268 2902 1334 τήν
2953 1266 3058 1340 πρὸ
3115 1268 3214 1333 τῆς
3274 1267 3459 1341 μάχης
3517 1265 3761 1340 ἑσπέραν·
3820 1268 3899 1322 Ἐν

2261 1357 2534 1430 Ηυξαντίῳ
2592 1359 2854 1432 παρθένος
2911 1361 3016 1411 τῶν
3098 1356 3518 1429 ἀνατεθειμένων
3604 1360 3718 1427 Θεῷ
3791 1358 3902 1410 καθ’

2255 1442 2396 1519 ὕπαρ
2430 1447 2556 1519 ὁρᾷν
2587 1443 2760 1500 ἐδόκει
2789 1446 2890 1512 τήν
2946 1445 3232 1515 Θεοτόκον,
3285 1443 3388 1499 ὑπό
3431 1465 3592 1498 τινων
3651 1442 3901 1521 φλογοει-

2257 1531 2365 1588 δῶν
2399 1532 2882 1611 δορυφορουμένην
2917 1531 3152 1609 ἀνδρῶν.
3188 1533 3361 1588 Φάναι
3394 1531 3452 1588 δὲ
3498 1534 3634 1607 πρὸς
3686 1534 3895 1596 αὐτούς·

2258 1647 2285 1675 ‹‹
2323 1623 2592 1678 Καλέσατε
2625 1621 2690 1692 δή
2739 1644 2832 1696 μοι
2889 1623 2980 1677 τὸν
3045 1623 3288 1698 μάρτυρα
3343 1619 3646 1696 Θεόδωρον.
3686 1647 3706 1673 ιι
3768 1643 3900 1696 παρ-

2257 1712 2447 1766 αυτίκα
2481 1709 2538 1766 δὶ
2576 1718 2930 1786 παραχθῆναι
2991 1717 3230 1785 γενναῖον
3288 1707 3456 1786 ἄνδρα
3503 1711 3591 1765 καὶ
3642 1714 3900 1782 νεανικὸν,

2259 1800 2512 1858 ἔνοπλον.
2545 1801 2734 1857 Εἶπεῖν
2761 1821 2819 1855 τε
2876 1800 3012 1876 πρὸς
3063 1801 3224 1855 αὐτὸν
3283 1801 3382 1868 τήν
3444 1801 3725 1855 Θεοτόκον·
3787 1803 3898 1856 «Ὀ

490 1892 853 1947 excessisse:
887 1887 1066 1942 simul
1095 1903 1372 1940 somnum
1407 1902 1476 1939 ex
1505 1885 1752 1956 virginis
1783 1886 1973 1940 oculis
2005 1903 2133 1941 evo-

2258 1891 2348 1952 σὸς
2377 1893 2523 1964 παρὰ
2577 1890 2638 1944 τὸ
2700 1888 3039 1962 Δορύστολον
3097 1887 3370 1958 Ἰωάννης,
3428 1887 3582 1963 κύριε
3639 1886 3899 1962 Θεόδωρε.

491 1981 668 2035 lasse.
701 1982 894 2049 Atque
925 1977 1085 2030 hunc
1117 1974 1358 2046 quidem
1411 1974 1590 2028 finem
1648 1974 1854 2028 habuit
1899 1975 2142 2047 virginis

489 2084 876 2125 insomnium.

486 2156 829 2235 προφθάσῃς,
889 2154 942 2216 ές
999 2149 1246 2207 κίνδυνον
1301 2151 1450 2224 αὐτῷ
1503 2151 1820 2223 τελευτήσει
1896 2155 1964 2207 τὰ
2035 2155 2349 2230 πράγματα.
2410 2181 2438 2208 ››
2496 2157 2596 2212 Τόν
2652 2156 2708 2211 δὲ
2789 2157 2944 2218 αὖθις

2254 1979 2488 2042 Σκύθαις
2521 1979 2857 2054 μαχόμενος,
2891 1976 3012 2052 ἄρτι
3042 1982 3441 2052 περιστατεῖται
3477 1976 3684 2042 δεινῶς.
3741 1976 3896 2035 Ἀλλ’

2253 2067 2329 2132 είς
2384 2069 2483 2137 τήν
2541 2067 2746 2123 ἐκείνου
2833 2067 3059 2121 σπεῦσον
3148 2067 3422 2141 βοήθειαν.
3513 2066 3576 2121 Εἰ
3650 2066 3751 2142 γὰρ
3820 2068 3891 2139 μὴ

3035 2155 3269 2228 ἑτοίμως
3349 2153 3494 2230 ἔχειν
3561 2155 3754 2224 εἰπεῖν,
3825 2160 3892 2230 τῇ

490 2245 678 2320 Μητρὶ
707 2249 803 2299 τοῦ
830 2247 964 2298 Θεοῦ
994 2243 1082 2297 καὶ
1119 2242 1390 2295 Δεσπότου
1443 2261 1547 2314 μου
1607 2247 1947 2316 πειθαρχεῖν
1999 2242 2238 2316 φάμενος
2271 2249 2313 2283 ¹⁹
2360 2243 2418 2299 δὲ
2466 2243 2628 2300 τοῦτο
2680 2244 2836 2309 εὐθὺς
2890 2245 3159 2319 οἳχεσθαι,
3227 2245 3317 2299 καὶ
3378 2243 3521 2299 οὕτω
3570 2245 3664 2300 τὸν
3722 2245 3881 2300 ὕπνον

487 2338 793 2404 ἀποπτῆναι
822 2340 922 2402 τῆς
953 2333 1218 2407 παρθένου
1246 2335 1354 2384 τῶν
1387 2330 1707 2407 ὀφθαλμῶν.
1740 2329 1914 2386 Ἀλλὰ
1941 2335 2008 2405 τῇ
2047 2334 2138 2405 μὲν
2167 2337 2418 2408 παρθένῳ
2446 2336 2508 2389 τὸ
2539 2334 2679 2409 ὕπαρ
2712 2335 2764 2399 ἐς
2789 2339 2951 2389 τοῦτο
2982 2333 3410 2409 συνεπεραίνετο.

560 2425 900 2483 lO.Romani
947 2440 1103 2485 vero,
1139 2422 1334 2476 divum
1369 2423 1824 2494 antesignanum
1855 2422 2132 2490 insecuti,

484 2533 698 2572 manus
729 2530 863 2569 cum
895 2511 1250 2567 adversariis
1282 2511 1433 2566 I55
1469 2515 1810 2565 conserunt.
1859 2512 1949 2566 Fit
1979 2529 2134 2582 prae-

485 2609 632 2663 lium
663 2607 782 2662 acri
815 2603 1160 2660 certamine.
1194 2601 1454 2656 Tandem
1487 2602 1737 2672 Scytha),
1771 2618 1905 2656 cum
1939 2619 2134 2672 neque

485 2714 593 2769 per
615 2714 675 2751 se
698 2696 810 2750 vim
841 2698 1167 2747 turmarum
1191 2696 1530 2745 nostrarum
1560 2692 1855 2746 sustinere
1869 2696 2131 2762 possent,

490 2792 550 2840 et
579 2801 612 2840 a
643 2783 832 2840 Barda
862 2781 1167 2854 magistro,
1201 2780 1294 2835 cui
1327 2780 1508 2834 Scleri
1532 2796 1883 2852 cognomen,
1907 2797 1941 2834 a
1972 2786 2134 2852 tergo

489 2876 914 2931 invaderentur
945 2876 1012 2941 (is
1046 2874 1207 2929 enim
1239 2888 1373 2927 cum
1407 2871 1529 2926 suis
1545 2871 1732 2942 c0piis
1755 2887 1856 2926 eos
1878 2872 2131 2926 circum-

487 2966 768 3034 venerat),
800 2963 951 3036 fugae
981 2980 1042 3018 se
1073 2961 1399 3027 mandant;
1432 2975 1622 3030 usque
1654 2960 1727 3014 ad
1759 2960 1975 3014 muenia
1997 2977 2132 3030 pro-

487 3063 780 3113 teruntur.
813 3058 904 3111 Fit
931 3055 1086 3111 fceda
1115 3054 1326 3108 caedes.
1361 3053 1730 3122 Paulumque
1772 3051 1962 3105 abfuit
1991 3051 2134 3121 quin

485 3151 612 3220 ipse
631 3145 1178 3218 Sphendosthlabus
1201 3146 1532 3213 caperetur,
1565 3142 1880 3212 exsanguis
1913 3146 1971 3194 et
1995 3157 2134 3195 sau-

484 3241 696 3306 ciatus,
732 3237 849 3292 nisi
881 3253 999 3290 nox
1029 3235 1452 3306 superveniens
1483 3248 1620 3287 eum
1669 3238 1978 3287 servasset.
2030 3235 2134 3288 Fe-

483 3334 625 3382 runt
655 3327 768 3380 hoc
800 3324 1006 3395 praelio
1038 3324 1388 3394 Scytharum
1421 3337 1574 3376 caesa
1599 3337 1728 3375 esse
1759 3321 1950 3375 millia
1979 3340 2048 3375 xv
2079 3328 2136 3377 et

483 3416 841 3486 quingentos
867 3431 882 3480 ;
918 3417 1084 3466 scuta
1113 3411 1187 3465 ad
1219 3410 1410 3465 millia
1438 3427 1534 3477 xx,
1561 3409 1789 3482 gladios
1821 3411 2133 3482 quamplu-

479 3504 663 3558 rimos
703 3507 891 3574 capta.
941 3503 1237 3557 Romanos
1279 3499 1622 3553 interfectos
1655 3515 1783 3553 esse
1815 3515 1967 3565 CCCL,
2003 3501 2132 3555 vul-

481 3597 722 3647 neratos
752 3608 873 3646 non
904 3606 1145 3662 paucos.
1179 3587 1485 3659 Ejusmodi
1519 3588 1824 3642 victoriam
1884 3590 2132 3644 Romani

483 3682 594 3736 hoc
625 3681 829 3753 praelia
863 3678 1166 3736 consecuti
1211 3683 1368 3733 sunt.
1426 3676 1979 3748 Sphendosthlabus
2028 3696 2134 3750 per

484 3777 667 3827 totam
699 3776 936 3827 noctem
971 3769 1376 3824 internecione
1399 3768 1703 3839 copiarum
1727 3769 2128 3839 perturbatus,

485 3863 689 3918 dolore
722 3867 779 3917 et
807 3860 1118 3917 iracundia
1148 3859 1522 3915 efferebatur.
1564 3861 1806 3929 Tamen,
1862 3877 1997 3914 cum
2029 3861 2133 3915 ad-

482 3969 687 4007 versus
719 3951 998 4006 invictum
1034 3950 1358 4003 exercitum
1392 3948 1544 4002 nihil
1572 3954 1775 4019 posset
1819 3950 2126 4020 prolicere,

481 4041 797 4106 intellexit,
831 4039 970 4093 boni
1002 4037 1377 4108 imperatoris
1409 4053 1557 4103 esse,
1590 4037 1649 4090 in
1685 4037 1859 4091 rebus
1918 4039 2129 4110 despe-

480 4133 626 4187 ratis
666 4147 788 4184 non
819 4127 1207 4184 succumbere
1238 4126 1392 4181 tristi
1423 4126 1695 4192 fortunaa,
1722 4127 1825 4181 sed
1854 4129 1912 4182 id
1935 4146 2126 4200 agere,

479 4225 545 4274 ut
573 4219 796 4274 milites
828 4234 966 4272 suos
998 4233 1233 4287 quoque
1262 4214 1436 4269 modo
1495 4215 1685 4269 salvos
1732 4222 1990 4285 praestet.
2045 4221 2129 4272 lta

479 4309 587 4364 sub
613 4324 790 4364 mane
821 4306 1029 4378 legatis
1063 4306 1136 4360 ad
1165 4305 1452 4358 Joannem
1485 4304 1905 4374 imperatorem
1925 4307 2128 4363 missis

477 4400 548 4455 de
582 4397 697 4455 fide
731 4397 927 4453 danda
958 4401 1017 4450 et
1047 4394 1475 4466 compositione
1517 4395 1652 4467 egit,
1688 4394 2127 4454 conditionibus

474 4489 591 4557 his,
624 4493 692 4545 ut
720 4485 1135 4557 Tauroscythae
1168 4483 1546 4554 Dorystolum
1577 4483 1883 4539 traderent
1912 4488 2123 4541 Roma-

2319 2426 2367 2480 ι’.
2422 2425 2690 2496 Ῥωμαῖοι
2751 2421 2828 2493 δὲ,
2885 2428 2964 2496 τῷ
3023 2423 3484 2498 προπορευομένῳ
3552 2422 3682 2495 θείῳ
3738 2420 3888 2498 ἀνδρὶ

2245 2512 2595 2589 ἐφεπόμενοι,
2627 2519 2745 2575 τοῖς
2775 2512 3038 2574 ἐναντίοις
3093 2510 3521 2584 συμπλέκονται,
3559 2513 3651 2566 καὶ
3703 2532 3892 2587 καρτε-

2247 2622 2340 2676 ρας
2375 2603 2562 2675 μάγης
2613 2604 2905 2672 συστάσης,
2965 2602 3065 2656 ούκ
3121 2601 3427 2675 ἐνεγκόντες
3481 2601 3580 2668 τήν
3638 2608 3738 2669 τῆς
3792 2603 3891 2654 ἰπ-

2244 2698 2410 2759 πικῆς
2442 2690 2716 2768 φάλαγγος
2765 2693 2817 2746 οἱ
2878 2692 3080 2746 Σκύθαι
3141 2691 3344 2766 ῥοπήν,
3411 2689 3777 2753 κυκλωθέντες
3829 2691 3890 2745 τὸ

2245 2781 2380 2854 πρὸς
2414 2785 2508 2835 τοῦ
2544 2781 2844 2855 μαγίστρου
2903 2778 3100 2855 Βάρδα,
3153 2781 3198 2852 ᾧ
3253 2779 3506 2855 Σκληρὸς
3537 2783 3572 2850 ἡ
3606 2778 3891 2848 ἐπίκλησις

2244 2867 2468 2941 (ἐκεῖνος
2495 2870 2598 2943 γὰρ
2635 2871 2768 2942 μετά
2794 2868 2891 2924 τοῦ
2945 2871 3030 2942 [Ρ.
3082 2871 3172 2942 96]
3232 2869 3598 2941 συνεπομένου
3644 2868 3890 2938 πλήθους

2243 2957 2340 3024 τὴν
2399 2956 2675 3012 κύκλωσιν
2731 2957 3073 3031 ἐποιήσατο),
3134 2958 3210 3020 εἰς
3269 2959 3444 3033 φυγὴν
3501 2956 3740 3026 ἔκλιναν,
3798 2959 3886 3012 καὶ

2249 3049 2417 3121 μέχρι
2463 3051 2561 3102 τοῦ
2617 3042 2918 3121 περιϐόλου
2981 3047 3448 3120 συμπατούμενοι,
3505 3046 3716 3111 ἀκλεῶς
3772 3045 3893 3102 ἔπι-

2244 3156 2398 3190 πτον.
2434 3138 2649 3210 Μικροῦ
2681 3134 2738 3190 δὲ
2765 3136 2855 3191 καὶ
2887 3137 3048 3198 αὐτὸς
3082 3138 3110 3190 ὁ
3143 3132 3592 3213 Σφενδοσθλάϐος
3649 3135 3892 3213 ἐλήφθη,

2241 3221 2460 3296 ἔξαιμος
2517 3225 2755 3300 γεγονὼς
2817 3224 2907 3279 καί
2963 3221 3271 3294 καταϐελὴς
3317 3229 3451 3297 (26),
3502 3225 3547 3280 εί
3605 3232 3681 3298 μὴ
3731 3229 3766 3294 ἡ
3800 3227 3893 3298 νὺξ

2242 3318 2544 3382 ἐπελθοῦσα
2594 3325 2784 3374 τοῦτον
2826 3318 3095 3376 διέσωσεν.
3149 3322 3377 3395 Λέγεται
3409 3317 3466 3374 δὲ
3495 3322 3640 3396 παρὰ
3687 3321 3891 3390 ταύτην

2239 3408 2337 3476 τὴν
2377 3410 2562 3481 μάχην
2605 3407 2765 3464 πέντε
2821 3411 2912 3464 καὶ
2976 3407 3104 3464 δέκα
3161 3407 3428 3484 χιλιάδας
3481 3412 3526 3446 ²⁰
3572 3412 3711 3482 πρός
3769 3416 3891 3472 τοῖς

2240 3495 2620 3558 πεντακοσίοις
2707 3498 3054 3572 ἀναιρεθῆναι
3139 3503 3384 3569 Σκυθῶν,
3471 3497 3748 3576 ληφθῆναι
3832 3498 3893 3554 δὶ

2241 3585 2538 3661 δισμυρίαν
2597 3585 2819 3657 ἀσπίδα,
2878 3589 2968 3642 καὶ
3028 3587 3151 3665 ξίφη
3210 3587 3539 3662 πάμπολλα.
3596 3590 3888 3662 Ῥωμαίων

2241 3674 2297 3730 δὲ
2324 3677 2668 3749 τριακοσίους
2719 3679 3120 3747 ἀποκτανθῆναι
3171 3680 3309 3752 πρὸς
3350 3681 3468 3740 τοῖς
3526 3681 3889 3751 πεντήκοντα,

2236 3770 2513 3843 τρωθῆναι
2577 3762 2635 3823 δέ
2691 3775 2950 3845 συχνούς.
3011 3768 3186 3826 Ἀλλὰ
3240 3768 3500 3840 τοιαύτην
3528 3773 3569 3806 ²¹
3604 3771 3696 3842 μὲν
3751 3773 3893 3828 Ῥω-

2243 3863 2400 3929 μαῖοι
2432 3859 2532 3926 τὴν
2556 3859 2712 3926 νίκην
2746 3857 2892 3933 παρά
2919 3859 3010 3912 τὸν
3069 3858 3251 3934 ἀγῶνα
3298 3859 3594 3933 ἠνέγκαντο
3641 3860 3892 3917 τουτονί.

2236 3945 2386 4003 Ὁδέ
2420 3943 2894 4016 Σφενδοσθλάϐος,
2927 3949 3055 4022 παρ’
3105 3946 3243 4016 ὅλην
3292 3949 3390 4016 τὴν
3439 3947 3603 4002 νύκτα
3653 3950 3894 4022 βαρυθυ-

2241 4041 2355 4108 μῶν
2390 4035 2475 4091 έπί
2504 4040 2573 4110 τῇ
2604 4041 2886 4108 κατακοπῇ
2914 4040 3015 4101 τῆς
3067 4037 3258 4091 ἑαυτοῦ
3303 4041 3577 4112 στρατιᾶς,
3625 4037 3892 4112 ἤσχαλλε

2238 4127 2333 4198 μὲν
2365 4124 2456 4180 καῖ
2496 4123 2756 4204 ἐσφάδαζε
2809 4130 2890 4198 τῷ
2941 4130 3118 4199 θυμῷ.
3159 4127 3249 4195 Μή
3297 4125 3562 4201 ἐξισχύων
3621 4125 3668 4180 δ’
3724 4126 3801 4183 ἔτι
3839 4131 3892 4166 τί

2233 4214 2372 4286 πρὸς
2432 4214 2870 4287 ἀκαταγώνιστον
2954 4215 3194 4269 ἀνύττειν
3278 4215 3659 4286 πανστρατιὰν,
3717 4213 3890 4292 ἔγνω,

2234 4309 2537 4379 στρατηγοῦ
2565 4308 2690 4358 νοῦν
2735 4299 2961 4379 ἔχοντος
3018 4299 3175 4380 ἔργον
3231 4306 3386 4372 εἶναι,
3445 4304 3496 4360 έν
3563 4305 3894 4381 ἀμηχάνοις

2232 4392 2644 4469 καταληφθέντα
2694 4391 2910 4463 δεινοῖς,
2975 4395 3050 4466 μὴ
3109 4395 3463 4449 καταπίπτειν
3521 4402 3640 4457 τοῖς
3697 4393 3893 4466 λυπη-

2235 4494 2376 4562 ροῖς,
2408 4490 2566 4545 παντὶ
2600 4488 2657 4545 δὲ
2693 4490 2881 4564 τρόπῳ
2939 4488 3221 4559 διασώζειν
3282 4494 3564 4566 πειρᾶσθαι
3607 4492 3733 4556 τοὺς
3798 4495 3897 4548 ὑπ’

473 4579 588 4643 nis,
617 4577 880 4649 captivos
903 4573 1449 4639 redderent,Mmsia
1470 4571 1855 4642 abstinerent,
1881 4573 2124 4630 domum

2244 4577 2419 4632 κύτόν.
2485 4579 2580 4632 Καὶ
2641 4576 2777 4648 δῆτα
2835 4580 2979 4650 παρὰ
3035 4580 3134 4647 τὴν
3190 4576 3264 4632 ἕω
3349 4573 3601 4653 πρέσϐεις
3655 4581 3730 4642 ὠς
3784 4583 3888 4635 τὸν

470 4672 909 4723 reverterentur
935 4681 948 4720 :
982 4661 1229 4719 Romani
1264 4666 1471 4716 contra
1500 4659 1620 4715 illis
1644 4666 1994 4731 potestatem
2026 4663 2120 4719 fa-

470 4762 676 4814 cerent
707 4753 1074 4826 enavigandi,
1111 4767 1304 4822 neque
1338 4766 1438 4805 eos
1469 4749 1531 4803 in
1566 4749 1780 4804 itinere
1811 4752 1965 4808 156
1985 4769 2119 4808 cum

469 4845 716 4900 navibus
775 4843 1044 4917 igniferis
1102 4841 1482 4896 adorirentur
1541 4840 1700 4911 (nam
1760 4857 2118 4914 magnopere

469 4935 760 4989 timebant
791 4934 986 5004 ignem
1017 4932 1328 4998 Medicum,
1364 4931 1467 5001 qui
1497 4929 1586 4984 vel
1615 4930 1841 5000 lapides
1871 4931 1932 4987 in
1965 4933 2119 4988 cine-

465 5038 592 5078 rem
615 5022 881 5096 redigere
911 5020 1066 5092 potis
1095 5024 1201 5089 est)
1230 5036 1242 5087 ;
1270 5019 1569 5074 frumento
1588 5019 2120 5091 insuperjuvarent

2233 4666 2604 4742 αὐτοκράτορα
2637 4667 2893 4738 Ἰωάννην
2949 4666 3183 4735 στείλας,
3230 4665 3437 4730 πίστεις
3491 4667 3609 4743 ᾔτει
3670 4666 3884 4742 ξυμϐά-

2232 4777 2390 4827 σεων,
2425 4757 2510 4811 ἐπὶ
2569 4762 2647 4830 τῷ
2707 4760 2837 4829 (27),
2897 4757 3279 4831 Ταυροσκύθας
3334 4757 3428 4830 μὲν
3485 4754 3548 4812 τό
3605 4779 3662 4814 τε
3715 4759 3891 4834 Δορύ-

2230 4843 2426 4900 στολον
2460 4845 2766 4921 ἐγχειρίσαι
2796 4847 3117 4919 Ῥωμαίοις,
3157 4846 3248 4900 καὶ
3304 4847 3434 4909 τοὺς
3483 4847 3893 4923 αἰχμαλώτους

2230 4934 2522 5008 ἀπολῦσαι,
2554 4936 2642 4991 καὶ
2674 4935 2882 4997 Μυσίας
2912 4935 3213 5012 ἀφέξεσθαι,
3258 4936 3348 4991 καὶ
3402 4937 3536 5008 πρὸς
3578 4939 3677 5007 τὴν
3729 4942 3890 5014 σφῶν

2228 5023 2508 5097 ἀναζεῦξαι
2589 5021 2842 5100 πατρίδα·
2928 5024 3232 5098 Ῥωμαίους
3322 5022 3378 5080 δὲ
3478 5033 3896 5102 παραχωρῆσαι

1661 5162 1721 5215 C.
1767 5162 1826 5216 Β.
1870 5164 2058 5219 HASII
2107 5169 2667 5225 ANNOTATIONES.

536 5301 577 5334 ¹⁸
609 5295 1084 5371 ἀναψηλαφῗῶστος
1112 5292 1183 5352 ὡς
1215 5289 1444 5371 δωρεαῖς
1465 5291 1703 5371 ῃέπαλξίως
1737 5294 2159 5371 cptlocppovﬁqm,
2188 5301 2250 5354 τὸ
2282 5301 2371 5354 καὶ
2426 5303 2555 5357 cod.

1322 5365 1367 5398 ³ο
1396 5361 1648 5436 χιλιάδες
1677 5361 1807 5423 cod.
1885 5361 1949 5406 ’έι
1976 5361 2133 5425 τάύτγ

2244 5375 2355 5430 :od.
2427 5375 2538 5430 Sed
2588 5361 2920 5430 correctum
2973 5381 3063 5428 est
3111 5391 3291 5428 manu
3351 5375 3545 5446 prima
3591 5361 3889 5444 τωίαύτην.

459 5372 571 5442 ipsi
605 5365 786 5442 Leoni
815 5365 1218 5423 tribuendum.

459 5440 506 5479 ³³
541 5445 694 5499 Fort.
737 5440 795 5493 δέ
823 5461 901 5497 τι.

528 5597 638 5666 (26)
669 5593 810 5648 Vide
842 5605 1118 5666 suprap;
1150 5589 1201 5640 5.

525 5654 632 5736 1‘27)
661 5654 934 5722 Fortasse
965 5654 1148 5736 ἐφ’“ᾠ,
1197 5654 1579 5736 quodliabet
1619 5656 1988 5736 ΔΙιμοο-εεθηειι
2047 5671 2107 5721 et

451 5729 578 5809 ipse
611 5729 721 5796 Leo
754 5739 843 5795 37.
876 5736 937 5790 Β.
973 5729 1033 5788 εἰ
1061 5729 1340 5803 Agathias
1373 5731 1457 5784 ll.
1491 5729 1556 5783 Α.
1611 5729 1700 5783 65.
1756 5729 1818 5783 D.
1878 5735 1998 5788 142.
2031 5738 2100 5792 Α.

2659 5304 2702 5337 η
2757 5301 3016 5372 φάμενος.
3070 5305 3216 5357 Nota
3257 5303 3682 5371 anacoluthon,
3737 5306 3890 5360 fort.

2211 5599 2444 5652 tametsi
2473 5595 2559 5649 ἐπὶ
2595 5599 2675 5666 τῷ
2721 5598 2919 5652 Graece
2979 5611 3147 5666 mque
3205 5595 3321 5650 dici
3381 5614 3554 5667 posse
3612 5607 3893 5659 constat.

2208 5669 2352 5724 Vide
2386 5670 2573 5740 Viger.
2611 5669 2690 5723 De
2722 5667 3007 5724 idiotism.
3041 5667 3185 5723 edit.
3209 5668 3533 5725 Hermann.
3568 5671 3695 5726 619.
3731 5677 3799 5728 C.
