4190 6322
448 402 565 462 883

1830 402 2106 464 LEONIS
2151 402 2472 466 DIACONI

3739 399 3860 464 884

451 535 628 602 sicus,
663 537 916 588 mortem
956 533 1321 604 effugerant:
1370 532 1601 604 reliqua
1638 551 1846 590 xxxvm
1895 536 2083 591 millia

2227 542 2311 604 τῆς
2355 537 2625 607 Ῥωσικῆς
2710 541 2962 608 στρατιᾶς
3021 534 3144 591 τότε
3194 535 3286 590 τὸν
3346 530 3570 610 ὄλεθρον
3630 527 3854 608 ἔφυγονο

451 623 652 694 cuspis
674 625 938 678 Romana
955 620 1314 675 confoderat.
1338 621 1574 676 Fosdere
1599 622 1851 690 ﬁrmalo,
1877 625 2097 696 Sphen-

451 711 801 768 dosthlabus
832 712 893 764 in
942 710 1318 780 imperatoris
1375 710 1742 782 colloquium
1786 719 1852 768 ut
1899 715 2101 768 venire

451 801 658 855 liceret
687 798 1022 870 postulavit.
1059 799 1183 851 Non
1215 799 1442 869 respuit
1464 801 1514 854 is
1537 802 1939 857 conditionem
1969 820 1981 856 :
2014 820 2101 858 ar-

455 895 688 946 matura
711 889 980 942 inaurata
1001 891 1212 955 tectus,
1239 887 1311 941 ad
1341 889 1531 960 ripam
1565 890 1697 944 Istri
1720 891 2104 962 adequitavit,

456 987 752 1036 catervam
785 977 1286 1033 innumerabilem
1317 981 1586 1050 equitum
1617 999 1760 1037 auro
1801 985 2104 1054 armisque

456 1068 776 1124 nitentium
803 1066 1124 1122 adducens.
1159 1067 1376 1124 Contra
1405 1070 1956 1140 Sphendosthlabus
1978 1089 2108 1144 pro-

459 1161 720 1215 cesserat
764 1156 826 1209 in
882 1155 1154 1210 navicula
1211 1156 1482 1228 Scythica
1528 1159 1751 1215 ﬂumen
1808 1161 2106 1230 devectus,

463 1265 626 1304 remo
660 1263 720 1301 se
752 1245 1084 1317 applicans,
1119 1251 1177 1299 et
1206 1246 1332 1316 ipse
1386 1264 1520 1302 cum
1577 1250 1806 1304 caeteris
1864 1251 2109 1306 lintrem

465 1339 831 1412 propellens,
865 1343 930 1393 ut
960 1354 1116 1392 unus
1147 1337 1218 1393 de
1249 1339 1473 1394 multis.
1518 1341 1721 1412 Specie
1753 1348 1952 1398 autem
1985 1349 2112 1399 erat

463 1428 849 1501 hujusmodi:
885 1432 1131 1494 statura,
1168 1428 1350 1498 justa,
1383 1446 1578 1500 neque
1609 1438 1825 1502 praeter
1869 1433 2111 1488 modum

463 1520 525 1574 in
556 1519 742 1574 altum
775 1535 1072 1590 expressa,
1124 1535 1317 1589 neque
1371 1520 1433 1573 in
1481 1520 1730 1576 nimiam
1760 1521 2111 1578 brevitatem

467 1615 806 1665 contracta:
837 1608 1173 1680 superciliis
1212 1609 1441 1680 spissis,
1476 1609 1664 1665 oculis
1721 1612 1934 1682 caesiis,
1968 1629 2112 1667 naso

469 1700 641 1762 simo,
674 1697 857 1752 barba
885 1715 1039 1761 rara,
1082 1699 1228 1754 157
1277 1704 1491 1768 praeter
1533 1699 1765 1754 labrum
1815 1700 2111 1772 superius,

472 1788 674 1842 densis
708 1792 766 1841 et
795 1787 856 1841 in
883 1787 1313 1859 longitudinem
1345 1789 1654 1859 promissis
1686 1789 1920 1861 capillis
1962 1790 2113 1845 bene

2207 623 2300 685 τὰς
2357 626 2457 700 γὰρ
2508 627 2799 700 τριάκοντα
2855 624 2945 680 καὶ
2999 625 3142 680 ὀκτὼ
3199 621 3458 700 χιλιάδας
3500 625 3535 693 ἡ
3566 623 3855 696 Ῥωμαῖκῆ

2209 713 2392 788 αἰχμή
2427 715 2806 785 κατηκόντισε.
2859 714 3005 768 Μετᾶ
3035 711 3093 768 δὲ
3120 714 3183 768 τὸ
3211 708 3485 787 προϐῆναι
3541 713 3639 776 τᾶς
3692 733 3862 767 σπον-

2211 798 2327 872 δὰς,
2360 802 2438 866 εἷς
2472 803 2695 876 ὁμιλίαν
2729 804 2777 839 ²⁴
2815 805 2842 858 ὁ
2876 797 3288 881 Σφενδοσθάϐος
3339 806 3421 874 τῷ
3471 803 3682 876 βασικεῖ
3740 822 3859 856 συν-

2211 891 2383 947 ελθεῖν
2418 891 2634 964 ἐξαιτεῖ.
2666 895 2728 952 Ὀ
2761 892 2838 963 δὲ,
2892 891 3061 966 μηδὲν
3122 891 3337 964 ἀναδὺς,
3400 889 3683 966 διαχρύσῳ
3715 913 3860 946 παν-

2211 979 2385 1054 οπλίᾳ
2413 982 2825 1053 καθοπλισθεὶς,
2877 980 3115 1059 ἔφιππος
3172 982 3320 1058 παρὰ
3373 983 3471 1051 τὴν
3527 977 3703 1056 ὄχθην
3764 984 3862 1035 τοῦ

2211 1075 2427 1148 Ἴστρου
2459 1073 2700 1148 ἀφίκετο,
2753 1071 3076 1148 μυρίανδρον
3104 1073 3152 1108 2⁵
3181 1071 3310 1143 ΐλην
3367 1070 3861 1146 χρυσοφορούντων

2213 1160 2461 1217 ἆνόπλων
2519 1161 2728 1217 ἱππέων
2787 1164 2902 1238 [Ρ.
2964 1165 3079 1236 97]
3139 1161 3576 1236 συνεπαγόμενος
3609 1202 3624 1218 .
3684 1159 3786 1216 Καὶ
3835 1161 3863 1214 ὁ

2217 1247 2671 1329 Σφενδοσθλάϐος
2715 1249 2770 1306 δὲ
2802 1252 2929 1320 ἧκεν
2989 1250 3080 1306 ἐπὶ
3130 1271 3278 1313 τινος
3325 1252 3592 1305 Σκυθικοῦ
3641 1249 3865 1304 ἀκατίου

2213 1340 2545 1416 παραπλέων
2595 1343 2688 1396 τὸν
2745 1343 3013 1414 ποταμὸν,
3067 1343 3166 1412 τῆς
3219 1339 3412 1411 κώπης
3461 1341 3715 1414 ἡμμένος
3772 1339 3864 1394 καὶ

2217 1432 2307 1486 σὺν
2334 1435 2453 1495 τοῖς
2487 1431 2694 1506 ἑτέροις
2726 1433 2772 1468 ³⁸
2801 1430 3051 1508 ἐρέττων,
3087 1432 3162 1492 ὡς
3195 1429 3270 1492 εἷς
3319 1434 3426 1484 τῶν
3490 1429 3722 1484 Αοιπῶν.
3752 1430 3868 1497 Τὴν

2219 1519 2277 1576 δὲ
2309 1518 2453 1575 ὶδέαν
2485 1519 2702 1576 τοιόσδε
2728 1541 2813 1585 τις
2848 1521 2938 1596 ᾖνο
2999 1521 3097 1588 τὴν
3146 1517 3369 1590 ἡλικίαν
3432 1519 3866 1594 μεμετρημένος,

2219 1608 2344 1664 οὔτε
2377 1608 2454 1671 είς
2487 1609 2622 1683 ὕψος
2677 1609 2823 1684 παρὰ
2870 1613 2967 1664 τοῦ
3026 1609 3234 1671 εῗκότος
3293 1609 3558 1682 ᾑρμένος,
3618 1606 3739 1662 οὕτε
3792 1606 3872 1671 εἷς

2223 1697 2543 1774 βραχύτητα
2573 1694 3031 1770 συστελλόμενος·
3068 1694 3247 1758 δασεῖς
3268 1696 3364 1756 τὰς
3421 1693 3645 1772 ὐφροῦς,
3697 1693 3869 1770 γλαυ-

2219 1789 2348 1852 κοὺς
2376 1786 2518 1866 ἔχων
2549 1787 2682 1852 τοὺς
2711 1785 3046 1866 ὀφθαλμοὺς,
3095 1788 3194 1856 τὴν
3249 1785 3368 1862 ῥῖνα
3425 1785 3609 1859 σιμὸς,
3659 1782 3868 1859 ἐψιλω-

472 1877 751 1951 pilosum.
780 1876 981 1946 Capite
1012 1877 1154 1930 item
1184 1883 1309 1931 erat
1357 1877 1679 1934 admodum
1723 1879 1964 1951 glaber;
1997 1880 2113 1934 nisi

2227 1875 2381 1953 μένος
2410 1879 2502 1935 τὸν
2548 1879 2813 1953 πώγωνα,
2871 1881 2953 1949 τῷ
3009 1874 3211 1940 ἄνωθεν
3271 1874 3450 1950 χείλει
3510 1871 3750 1935 δασείαις
3777 1875 3868 1929 καὶ

472 1965 632 2036 quod
653 1965 726 2020 ad
748 1969 1066 2035 utrumque
1084 1965 1238 2021 latus
1270 1966 1583 2022 cincinnus
1600 1967 1993 2039 dependebat,
2018 1986 2117 2024 no-

468 2054 762 2110 bilitatem
792 2055 1024 2126 generis
1047 2055 1357 2110 declarans
1383 2056 1739 2112 :cervicibus
1772 2058 1980 2125 ﬁrmis,
2014 2075 2116 2130 pe-

471 2150 632 2200 ctore
665 2143 806 2211 lato,
835 2145 1065 2198 caeteris
1093 2161 1328 2216 quoque
1362 2146 1648 2200 membris
1697 2148 1942 2218 aequalis
1975 2165 2117 2203 sane

472 2240 530 2289 et
547 2250 915 2305 congruens;
947 2235 1249 2289 tristitiam
1282 2235 1678 2291 nihilominus
1702 2237 2118 2308 feritatemque

472 2325 736 2394 aliquam
775 2340 876 2378 ore
939 2325 1422 2394 repraesentabat.
1485 2327 1565 2378 Ex
1623 2326 1811 2382 altera
1852 2328 2120 2382 auricula

475 2429 655 2468 aurea
684 2412 1064 2484 dependebat
1109 2414 1162 2467 ei
1194 2414 1440 2482 inauris,
1497 2415 1728 2470 duabus
1785 2417 2120 2490 margaritis

474 2510 703 2572 ornata,
787 2504 1147 2559 carbunculo
1214 2505 1567 2560 intermedio
1621 2506 1740 2562 illis
1785 2508 2117 2580 interjecto.

474 2595 646 2650 Veste
679 2599 807 2649 erat
835 2593 1106 2664 candida,
1141 2593 1307 2649 nulla
1340 2595 1458 2649 alia
1488 2611 1550 2649 re
1597 2596 1712 2650 nisi
1765 2598 2058 2653 munditia
2088 2614 2123 2652 a

473 2684 702 2740 caeteris
734 2684 1066 2740 diﬁ‘erente.
1101 2685 1193 2738 Sic
1224 2700 1412 2756 pauca
1432 2685 1502 2739 de
1536 2702 1698 2757 pace,
1728 2693 1984 2742 transtro
2015 2704 2122 2743 na-

473 2773 678 2828 vicula)
714 2773 1009 2840 insidens,
1069 2791 1203 2829 cum
1253 2775 1609 2846 imperatore
1663 2776 2014 2844 collocutus,
2047 2777 2122 2832 ad

478 2880 616 2918 suos
675 2880 736 2918 se
785 2865 1028 2936 recepit.
1091 2865 1319 2919 Bellum
1371 2865 1528 2935 quod
1572 2882 1604 2920 a
1649 2868 1929 2922 Romanis
1986 2884 2121 2922 cum

474 2953 704 3024 Scythis
733 2960 964 3026 gestum
997 2959 1106 3023 est,
1135 2955 1292 3010 hunc
1325 2955 1506 3011 finem
1537 2956 1760 3012 habuit.

547 3224 633 3276 l2.
684 3221 1268 3292 Sphendosthlabus,
1320 3222 1630 3294 Dorystolo
1679 3223 1906 3292 relicto,
1941 3225 2128 3295 capti-

475 3314 676 3382 visque
707 3313 952 3383 insuper
976 3330 1046 3366 ex
1077 3313 1293 3368 ﬁndere
1316 3312 1595 3383 redditis,
1619 3331 1753 3368 cum
1789 3315 1974 3386 copiis
1998 3331 2128 3386 qua)

479 3408 828 3473 supererant
867 3420 1043 3458 naves
1101 3404 1290 3468 solvit,
1346 3405 1533 3475 inque
1579 3407 1830 3476 patriam
1889 3423 2129 3462 cursum

481 3492 699 3546 habere
727 3494 921 3564 ccepit.
986 3493 1324 3565 Enaviganti
1381 3494 1704 3549 Patzinacae
1743 3495 1990 3550 insidias
2021 3513 2130 3567 po-

482 3588 925 3654 suerunt,gens
969 3583 1303 3654 pastoralis,
1356 3584 1658 3655 frequens,
1706 3585 2126 3656 pediculivora,

479 3671 844 3744 domiporta,
878 3673 939 3726 in
970 3674 1153 3727 carris
1181 3673 1533 3744 plerumque
1575 3674 1873 3741 victitans,
1905 3675 1971 3729 Hi
1995 3693 2128 3731 cum

476 3763 720 3834 Scythas
751 3764 872 3818 fere
890 3780 1095 3818 omnes
1114 3763 1478 3832 occiderunt,
1510 3769 1636 3818 tum
1667 3765 1861 3835 ipsum
1885 3781 2126 3836 quoque

474 3857 902 3924 oppresserunt
935 3853 1523 3924 Sphendosthlabum
1557 3869 1678 3908 una
1709 3871 1842 3908 cum
1875 3854 2124 3919 caeteris,

472 3947 537 3996 ut
568 3959 637 3997 ex
671 3947 830 3998 tanto
889 3946 1214 3998 Russorum
1268 3944 1531 3998 exercitu
1580 3943 1902 3998 admodum
1955 3944 2126 4014 pauci

472 4031 720 4086 domum
740 4032 1070 4086 incolumes
1092 4033 1488 4102 pervenirent.
1513 4034 1769 4088 Joannes
1787 4050 1921 4088 vero
1944 4033 2127 4104 impe-

473 4126 654 4188 rator,
688 4126 943 4190 quatuor
987 4121 1130 4175 solis
1191 4121 1498 4176 mensibus
1549 4121 1745 4177 deleta
1801 4125 2126 4178 Russorum

475 4215 795 4273 armatura,
829 4215 894 4264 ut
923 4227 1100 4280 supra
1133 4210 1606 4264 demonstratum
1640 4217 1751 4276 est,
1808 4212 2126 4283 Moesiaque

476 4299 627 4354 I58
648 4304 901 4371 recepta,
926 4298 1302 4370 Dorystolum
1327 4316 1396 4353 ex
1430 4299 1669 4354 nomine
1703 4300 1870 4355 ducis
1895 4306 1952 4355 et
1975 4318 2124 4357 mar-

475 4391 616 4462 tyris
634 4391 920 4446 Theodori
942 4391 1437 4462 Tlieodoropolim
1457 4391 1849 4462 nuncupavit;
1875 4391 2121 4447 ibidem-

471 4497 585 4552 que
609 4481 776 4554 justo
807 4479 1084 4553 praesidio
1114 4480 1344 4549 relicto,
1378 4497 1514 4534 cum
1555 4481 1831 4536 maximis
1880 4483 2118 4553 tropaeis

2228 1970 2303 2032 εἲς
2339 1977 2514 2043 μῆκσς
2567 1967 2914 2042 καθειμέναις
2969 1967 3107 2042 θριξὶ
3160 1971 3348 2040 κομῶν
3409 1969 3700 2040 περιττῶς.
3755 1966 3865 2034 Τὴν

2226 2057 2284 2114 δὲ
2323 2059 2566 2135 κεφαλὴν
2595 2058 2734 2114 πάνυ
2784 2057 3045 2132 έψίλωτο·
3103 2056 3250 2132 παρὰ
3307 2053 3364 2111 δὶ
3420 2056 3643 2130 θάτερον
3704 2055 3869 2130 μέρος

2227 2148 2393 2219 αὐτῆς
2431 2149 2740 2223 βόστρυχος
2786 2147 3110 2221 ἆπῃώρητο,
3140 2147 3241 2216 τήν
3272 2149 3370 2200 τοῦ
3425 2145 3614 2222 γένους
3669 2142 3874 2220 ἐμφαί-

2225 2259 2328 2292 νων
2387 2237 2672 2314 εὐγένειαν·
2734 2236 2977 2311 εὐπαγὴς
3049 2236 3139 2304 τὸν
3225 2236 3479 2310 αὐχένα,
3536 2234 3603 2289 τὰ
3683 2235 3874 2306 στέρνα

2228 2325 2404 2400 εὐρὺς,
2434 2326 2526 2380 καὶ
2555 2326 2654 2394 τήν
2691 2322 2871 2395 ἄλλην
2931 2321 3225 2378 διάπλασιν
3271 2324 3328 2378 εὖ
3391 2321 3538 2396 μάλα
3597 2320 3876 2397 διηρθρω-

2232 2417 2414 2490 μένος.
2468 2417 2788 2490 σκυθρωπὸς
2845 2413 2903 2469 δέ
2960 2435 3042 2478 τις
3097 2414 3191 2468 καὶ
3243 2411 3526 2487 θηριώδης
3578 2409 3877 2468 ἐδείκνυτο.

2229 2505 2446 2581 Θατέρῳ
2479 2503 2536 2559 δὲ
2562 2509 2672 2560 τῶν
2704 2500 2858 2559 ὤτων
2907 2502 3162 2580 χρύσειον
3223 2501 3420 2575 ἐξῆπτο
3480 2500 3724 2570 ἐνώτιον,
3757 2499 3878 2556 δυσῖ

2233 2595 2535 2670 μαργάροις
2583 2593 2997 2668 κεκοσμημένον
3034 2637 3047 2663 ,
3108 2589 3371 2668 ἄνθρακος
3455 2590 3614 2656 λίθου
3696 2590 3881 2652 αὐτοῖς

2233 2684 2614 2759 μεσιτεύοντος
2649 2729 2663 2742 .
2725 2686 2920 2753 Ἐσθης
2975 2682 3156 2754 τούτῳ
3204 2679 3397 2751 λευκή,
3457 2678 3607 2736 οὐδέν
3663 2702 3718 2736 τι
3772 2684 3880 2736 τῶν

2230 2776 2424 2849 ἑτέρων
2454 2777 2498 2812 ²⁷
2533 2773 2952 2830 ὑπαλλάττουσα
3009 2772 3044 2841 ἢ
3101 2773 3434 2846 καθαρότητι
3491 2773 3626 2845 (29).
3682 2770 3879 2845 Ὀλίγα

2227 2869 2357 2940 γοῦν
2393 2862 2522 2920 ἅττα
2553 2864 2678 2939 περὶ
2719 2861 3027 2937 διαλλαγῆς
3056 2866 3136 2933 τῷ
3172 2859 3388 2936 βασιλεῖ
3432 2859 3699 2936 ἐντυχὼν,
3730 2863 3878 2934 παρὰ

2226 2955 2317 3009 τὸν
2381 2953 2536 3028 ζύγὸν
2593 2957 2691 3008 τοῦ
2757 2952 2979 3007 ἀκατίου
3028 2951 3351 3028 ἐφεζόμενος
3381 2996 3398 3023 ,
3467 2949 3872 3022 ἀπηλλάττετο.

2159 3066 2202 3133 C
2234 3043 2393 3101 Ἀλλ’
2441 3045 2470 3099 ὁ
2522 3045 2616 3117 μὶν
2673 3047 2779 3098 τῶν
2833 3040 3118 3116 Ῥωμαίων
3172 3041 3308 3114 πρὸς
3370 3039 3577 3104 Σκύθας
3629 3039 3878 3113 πόλεμος

2236 3132 2345 3189 ὧδε
2369 3131 2639 3190 έτελεύτα.

2309 3223 2399 3297 ιβ’.
2428 3223 2488 3279 'O
2521 3219 2580 3276 δὲ
2612 3215 3080 3299 Σφενδοσθλάϐος,
3111 3221 3172 3273 τὸ
3203 3217 3543 3295 ΔορύστοΑον
3585 3217 3878 3274 ἀπολιπὼν

2233 3313 2321 3366 καὶ
2356 3312 2484 3373 τοὺς
2517 3310 2914 3386 αἰχμαλώτους
2948 3306 3310 3384 προσεπιδοὺς
3330 3308 3466 3363 κατὰ
3493 3308 3588 3370 τὰς
3621 3306 3878 3380 σπονδὰς,

2235 3399 2465 3456 ἀπέπλει
2502 3403 2635 3474 μετὰ
2680 3405 2789 3455 τῶν
2849 3397 3304 3476 περιλειφθέντων
3359 3398 3603 3473 ἑταίρων,
3635 3397 3723 3453 ἐπὶ
3777 3401 3880 3467 τήν

2234 3488 2465 3566 πατρίδα
2496 3490 2729 3563 ἱέμενος.
2785 3486 3190 3558 ΙΙατζινάκαιδὶ
3244 3487 3391 3562 παρὰ
3443 3488 3536 3542 τὸν
3593 3487 3883 3542 ἀπόπλουν

2235 3579 2668 3656 έλλοχήσαντες,
2717 3577 2868 3643 ἔθνος
2921 3575 3218 3651 νομαδικὸν
3277 3575 3438 3632 τοῦτο
3493 3577 3583 3632 καὶ
3639 3576 3879 3632 πολυάν-

2233 3672 2472 3744 θρωπον,
2531 3668 2889 3744 φθειροιράγον
2945 3687 3002 3721 τε
3057 3666 3146 3720 καὶ
3207 3666 3590 3741 φερέοικον,-¹ί8
3628 3664 3706 3742 ἐφ’
3739 3667 3883 3738 ἀμα-

2234 3759 2332 3830 Eii)"
2366 3759 2439 3820 ὡς
2468 3758 2534 3812 τὰ
2563 3756 2746 3812 πολλᾶ
2806 3754 3085 3831 βιωτεῦον,
3119 3750 3313 3830 σχεδὸν
3349 3752 3648 3832 διέφθειραν
3706 3756 3880 3808 ἅπαν-

2232 3869 2350 3918 τας,
2382 3847 2472 3902 καὶ
2499 3846 2657 3902 αὐτὸν
2711 3843 2768 3901 δὲ
2817 3846 2910 3901 τὸν
2971 3838 3418 3922 Σφενδοσθλάϐον
3476 3849 3593 3906 τοῖς
3654 3841 3877 3907 λοιποῖς

2234 3936 2682 4013 συγκατέσφαξαν,
2716 3936 2788 3996 ὡς
2810 3934 2870 3990 έκ
2896 3941 2998 4004 τῆς
3025 3933 3295 4004 τασαύτης
3351 3937 3460 3988 τῶν
3526 3935 3660 3995 Ῥῶς
3716 3954 3878 4008 στρα-

2231 4031 2350 4089 τιᾶς
2409 4025 2808 4100 εὐαριθμήτους
2864 4024 3200 4093 ἀνασωθῆναι
3257 4023 3307 4094 ἐξ
3387 4021 3492 4093 ἤθη
3543 4022 3608 4077 τὰ
3653 4024 3874 4096 πάτρια.

2235 4115 2487 4186 Ἰωάννης
2521 4112 2578 4170 δὲ
2634 4117 2744 4188 (30)
2795 4115 2822 4168 ὁ
2881 4113 3253 4190 αὐτοκράτωρ,
3312 4113 3363 4167 έν
3419 4112 3692 4187 τέτταρσιν
3726 4109 3881 4172 ὅλοις

2239 4209 2371 4282 μησὶ
2451 4209 2552 4276 τὴν
2608 4207 2875 4274 Ῥωσικήν
2960 4204 3265 4260 πανοπλίαν
3342 4204 3877 4279 καταγωνισάμενος,

2234 4299 2308 4360 ὡς
2339 4297 2540 4373 φθάσας
2572 4299 2599 4351 ὀ
2633 4295 2798 4374 λόγος
2853 4293 3156 4366 δεδήλωκε,
3213 4295 3301 4350 καὶ
3354 4295 3452 4364 τὴν
3486 4294 3692 4351 Μυσίαν
3741 4295 3880 4348 Ῥω-

2239 4389 2424 4462 μαίοις
2459 4387 2898 4461 ἀνασωσάμενος,
2927 4389 2988 4442 τό
3044 4408 3103 4442 τε
3161 4384 3504 4461 Δορύστολον
3560 4384 3876 4460 Θεοδωρού-

2229 4475 2396 4533 πολιν
2437 4476 2519 4532 ἐπ’
2574 4478 2802 4551 ὀνόματι
2859 4481 2957 4532 τοῦ
3013 4475 3392 4552 στρατηλάτου
3449 4475 3539 4531 καὶ
3605 4477 3878 4552 μάρτυρος

1670 4653 1730 4709 C.
1773 4653 1834 4710 Β.
1877 4652 2066 4709 HASII
2104 4652 2663 4709 ANNOTATIONES.

538 4830 582 4866 ²⁴
616 4827 894 4900 ἲσομιλίαν
929 4827 1058 4884 cod.
1090 4826 1142 4900 35
1170 4821 1498 4900 μυρίανδρον
1532 4855 1601 4900 ἡ
1628 4821 2303 4900 συνεπαγ-όμενοςίξιιρνα
2362 4828 2449 4881 36.
2511 4819 2967 4900 0.--μυρίανδρον
3027 4823 3236 4900 ἱππέων
3299 4819 3426 4894 ἴλην
3461 4823 3870 4900 ἐπιφερόμενος.

467 4902 514 4936 2⁵
545 4905 675 4968 Leg.
710 4896 970 4970 ἑταίροις.
996 4899 1126 4954 Vid.
1159 4896 1314 4954 infra
1343 4896 1414 4954 Ο.
1440 4899 1545 4954 lin.
1579 4899 1632 4953 3.
1710 4899 1751 4932 ³⁷
1793 4896 2009 4969 ἑτέρων.
2045 4898 2114 4952 Vi

2227 4914 2406 4970 supra
2459 4900 2524 4952 A.
2583 4897 2691 4954 lin.
2715 4896 2774 4953 ’3.

2878 4881 2922 4931 ³⁸
2953 4896 3255 4971 φερέοικον.
3317 4881 3528 4954 Herod.
3750 4881 3872 4954 109.

467 4973 673 5028 Strabo
703 4972 792 5027 Xl.
825 4975 949 5028 754.
983 4973 1055 5027 Α.
1096 4973 1382 5026 Arrianus
1413 4970 1648 5040 Periplo
1675 4972 1846 5024 Pont.
1879 4970 2086 5024 Euxini
2120 4971 2242 5026 130.
2279 4971 2339 5025 Β.

469 5117 709 5189 Dialogo
770 5133 906 5189 cum
929 5115 1239 5189 Tryphone
1299 5116 1420 5189 307.
1485 5116 1564 5189 B._
1603 5115 1682 5186 3.)

468 5189 625 5244 idem
645 5186 817 5258 'quod
848 5186 1233 5258 praecedens,
1263 5187 1453 5240 Caius.
1491 5186 1779 5242 Adversus
1823 5187 2118 5258 Proclum,

471 5261 624 5332 apud
657 5256 868 5315 Euseb.
906 5258 1071 5332 Hist._
1105 5257 1258 5332 Enccl.
1293 5261 1493 5332 lOQ._A
1542 5258 1784 5332 ἀριθμὸνΔ
1834 5256 2116 5332 χιλιοντα-

473 5323 634 5392 ετίας.
672 5333 885 5384 Vocem
918 5323 1220 5401 χιλιόμϐῃ.
1248 5323 1588 5401 sacriﬁcium
1610 5348 1636 5382 e
1666 5323 1816 5384 inille
1840 5323 2119 5384 'bnimali-

471 5405 587 5470 bus,
613 5406 743 5474 jam
773 5399 996 5474 habent
1020 5399 1139 5474 alia
1169 5399 1407 5474 l.exica._
1442 5400 1719 5474 Summus
1758 5401 1844 5453 vir
1874 5402 2118 5474 Schnei-

469 5470 645 5530 derus
673 5473 874 5528 attulit
919 5471 1332 5527 auctoritatem
1381 5470 1600 5525 Juliani
1633 5472 1790 5526 Orat.
1835 5473 1907 5526 ad
1937 5474 2119 5528 Hera-

467 5548 648 5603 clium
679 5547 880 5611 Cynic.
922 5545 960 5599 l.
998 5543 1119 5596 314.
1154 5545 1220 5597 Α.
1256 5542 1510 5597 Utuntur
1571 5547 1858 5611 praeterea
1890 5543 1943 5596 S.
1982 5546 2117 5599 Gre-

465 5619 664 5693 gorius
696 5614 1104 5693 Nyssenusnln
1162 5615 1326 5668 Cant.
1363 5614 1527 5668 Cant.
1693 5615 1817 5693 4_75_.
1869 5614 1930 5667 C.
1992 5615 2122 5682 (ubi

467 5681 763 5746 scribitur'
777 5681 1079 5762 xckzoufiﬂ.
1135 5701 1483 5762 perperam.
1500 5685 1751 5762 opinor)_
1771 5681 2120 5762 An_onyln_us

471 5767 601 5833 Vita
639 5765 694 5819 S.
725 5757 934 5817 Joann.
968 5759 1171 5830 Chrys.
1231 5758 1370 5813 Vlll.
1424 5760 1546 5812 333.
1590 5758 1672 5814 18.
1722 5759 1775 5813 S.
1828 5757 1993 5813 Nilus
2041 5758 2120 5813 De

1741 5111 1844 5169 Χιλ
1855 5112 2117 5188 ιονταετία

2228 5121 2359 5171 octo
2393 5115 2620 5171 vitiosis
2653 5115 2889 5187 cogitat.
2925 5118 3012 5170 49.
3047 5117 3105 5172 B.
3143 5115 3542 5188 nonnullique
3574 5115 3674 5172 alii
3709 5120 3880 5171 astate

2232 5189 2566 5244 inferiores.

2303 5261 2410 5328 (29)
2445 5259 2588 5315 Inde
2629 5258 2882 5314 emenda
2912 5259 3179 5315 Priscum
3210 5259 3284 5314 de
3320 5258 3500 5314 Attila
3532 5258 3677 5328 Hist.
3711 5257 3882 5328 Goth.

2229 5325 2317 5403 δῖ.
2351 5325 2421 5388 Ᾱ.
2455 5331 2527 5403 ad
2559 5347 2737 5403 quam
2769 5332 3027 5403 Leonem
3067 5331 3406 5403 respexisse
3419 5331 3621 5403 dicas:
3664 5327 3792 5403 λιτὴ
3827 5325 3888 5381 δὲ

2230 5401 2378 5476 αὐτῷ
2408 5402 2497 5455 καὶ
2528 5397 2762 5476 ἡέσθὴς
2795 5400 3050 5476 έτύχανεν
3083 5397 3241 5476 οὖσα,
3302 5397 3471 5473 μηδὲν
3517 5405 3637 5476 τῷν
3671 5397 3886 5476 ᾅλλων,

2228 5470 2376 5548 πλὴν
2399 5473 2756 5548 τοῦμκα-θαρὰ
2810 5470 2969 5543 εἶναι,
3027 5470 3480 5548 διαφυλαττουσα.
3515 5474 3623 5529 Ubi
3680 5473 3887 5545 legen-

2231 5541 2372 5600 dum
2416 5541 2841 5603 διαλλάττουσα.

2300 5619 2414 5692 (3Q)
2448 5619 2580 5692 Hinc
2610 5635 2800 5692 usque
2830 5617 2905 5674 ad
2936 5635 3067 5692 pag.
3103 5618 3361 5692 158-1ξῐιη
3377 5617 3464 5672 25.
3517 5613 3888 5692 παρεσκεύασε

2230 5687 2618 5744 Combetisius
2649 5687 2822 5745 vertit
2848 5687 3005 5760 apud
3020 5687 3170 5762 'Pag.
3207 5689 3298 5746 ιν.
3338 5690 3428 5744 33.
