4190 6322
379 371 500 433 885

1734 375 2132 438 HISTORIE
2173 374 2323 434 LIB.
2363 374 2442 434 X.

3673 378 3793 438 886

379 496 666 574 Θεοδώρου
701 501 1095 572 μετονομάσας,
1127 502 1374 581 φυλακήν
1420 525 1478 560 ἰε
1522 501 1823 582 ἀξιόμαχον
1852 503 2020 580 ταύτῃ

2146 502 2721 574 Constantinopolim
2753 502 2907 558 redit
2935 518 2946 555 :
2982 501 3080 556 ubi
3113 501 3401 557 urbanam
3449 504 3794 560 multitudi-

382 589 734 664 παραλιπὼν,
797 591 931 663 μετᾶ
989 593 1257 667 μεγίστων
1316 594 1594 670 τροπαίων
1649 595 1919 651 ἐπάνεισιν
1954 596 2042 650 ἐπὶ

381 679 446 733 τὸ
503 678 812 752 Βυζάντιον,
891 680 1019 742 τοὺς
1097 683 1346 746 ἀστικοὺς
1402 687 1509 758 πρὸ
1562 689 1673 740 τῶν
1727 679 2039 760 περιϐόλων

383 766 756 838 κατειληφὼς,
807 772 1092 847 στεφάνοις
1141 771 1300 826 αὐτὸν
1351 772 1442 826 καὶ
1492 775 1791 849 σκήπτροις
1836 770 2043 843 δεξιου-

389 855 607 930 μένους,
637 856 702 912 ἐκ
751 863 962 933 χρυσοῦ
1021 859 1111 914 καὶ
1167 860 1336 916 λίθων
1398 860 1830 939 ἐξειργασμένοις
1863 859 2039 916 πολυ-

382 947 578 1002 τελῶν.
638 947 812 1022 Ἥγον
873 946 931 1003 δὲ
986 949 1077 1004 καὶ
1164 950 1623 1026 χρυσοκόλλητον
1681 951 2038 1008 λευκόπωλον

385 1035 553 1111 ἅρμα’
609 1037 672 1091 οὗ
725 1033 1126 1114 προσεπιϐῆναι
1182 1045 1378 1096 τοῦτον
1434 1041 1641 1114 ἠξίουν,
1701 1043 1789 1097 καὶ
1838 1043 1930 1096 τὸν
1957 1061 2043 1096 νε-

381 1125 714 1198 νομισμένον
786 1133 1106 1204 καταγαγεῖν
1187 1126 1476 1204 θρίαμϐον,
1531 1133 1588 1186 Ὁ
1648 1129 1706 1186 δὲ
1758 1131 1886 1192 τοὺς
1945 1131 2037 1202 μὲν

381 1216 675 1290 στεφάνους
730 1215 819 1271 καὶ
876 1218 946 1271 τὰ
1004 1224 1255 1292 σκῆπτρα
1307 1222 1646 1296 προσήκατο,
1703 1221 1794 1276 καὶ
1823 1219 2042 1276 πολλα-

380 1307 629 1371 πλασίως
651 1306 880 1369 τούτους
911 1305 1122 1371 δώπυις
1184 1314 1268 1384 [Ρ.
1330 1313 1420 1386 98]
1452 1311 1747 1386 ἠμείψατω
1783 1306 2038 1380 ἐπιϐῆναι

383 1394 439 1452 δὲ
466 1399 565 1452 τοῦ
590 1395 830 1472 ἅρματος
885 1396 985 1452 οὐκ
1031 1399 1314 1474 ἠνέσχετοο
1361 1398 1506 1456 ἀλλᾶ
1551 1403 1650 1471 τήν
1690 1406 1790 1470 τῆς
1823 1401 2038 1472 Θεομή-

380 1507 545 1561 τορος
577 1487 777 1555 εἰκόνα,
811 1487 1284 1562 ἐνηγκαλισμένην
1337 1489 1430 1545 τὸν
1465 1491 1808 1564 θεάνθρωποδ
1841 1491 2037 1564 Λόγον,

381 1574 449 1646 ἤν
484 1576 544 1631 ἐκ
571 1577 777 1638 Μυσίας
833 1576 1082 1654 εἴληφεν,
1137 1579 1225 1633 ἐπὶ
1280 1581 1374 1634 τὸν
1431 1583 1531 1635 τοῦ
1589 1582 1832 1653 ἅρματος
1861 1599 2039 1655 χρυσ-

383 1665 591 1736 ήλατον
623 1665 814 1739 θρόνον
875 1665 1126 1736 ἀνέθηκε,
1181 1667 1280 1729 τὰς
1339 1667 1648 1743 ἁλουργοὺς
1696 1673 1805 1724 τῶν
1837 1670 2038 1725 Μυσῶν

385 1752 582 1816 στολὰς
643 1754 880 1826 ὑποθεὶς,
940 1756 1027 1810 καὶ
1087 1755 1154 1810 τὰ
1212 1753 1514 1830 στέμματα,
1571 1757 1746 1820 Αὐτὸς
1772 1754 2036 1829 δὶ,ἳππῳ

2148 609 2286 648 nem
2318 597 2482 648 extra
2511 609 2712 647 muros
2760 591 3030 656 offendit,
3076 607 3324 646 coronas
3356 591 3443 646 illi
3475 597 3533 646 et
3563 599 3798 665 sceptra

2148 700 2218 738 ex
2259 699 2401 737 auro
2458 681 2800 754 lapillisque
2854 681 3132 752 pretiosis
3189 680 3364 747 facta,
3420 682 3797 740 offerentem.

2150 771 2452 827 Ducebant
2481 777 2539 826 et
2567 788 2808 826 currum
2843 787 2985 826 auro
3012 774 3385 841 compactum
3435 771 3603 841 equis
3649 771 3799 827 albis

2140 859 2421 931 junctum
2445 877 2458 916 :
2483 878 2600 931 quo
2625 865 2692 916 ut
2715 859 3063 916 ascenderet
3085 859 3393 932 rogabant,
3413 865 3798 916 consuetum-

2149 967 2262 1021 que
2289 951 2659 1022 triumphum
2693 950 2954 1006 duceret.
2985 953 3110 1021 Ipse
3127 967 3263 1004 vero
3286 966 3537 1005 coronas
3555 949 3798 1021 quidem

2149 1045 2205 1094 et
2233 1045 2464 1111 sceptra
2493 1041 2775 1112 suscepit,
2824 1041 3170 1112 majoraque
3200 1039 3388 1095 multo
3421 1039 3513 1094 his
3546 1056 3799 1096 munera

2149 1129 2458 1201 rependit:
2491 1135 2558 1184 ut
2602 1136 2800 1185 autem
2831 1130 2891 1184 in
2925 1146 3164 1184 currum
3209 1128 3559 1185 ascenderet
3595 1128 3798 1185 induci

2147 1235 2268 1273 non
2299 1219 2525 1289 potuit;
2553 1219 2656 1274 sed
2680 1219 2892 1274 divina;
2923 1218 3129 1274 matris
3153 1219 3496 1290 imaginem,
3529 1217 3796 1274 deivirile

2146 1308 2404 1363 Verbum
2435 1308 2900 1379 amplexantem,
2931 1324 3110 1379 quam
3143 1324 3212 1363 ex
3244 1308 3444 1363 Maesia
3491 1307 3791 1373 attulerat,

2146 1398 2208 1452 in
2241 1414 2420 1453 aureo
2453 1397 2625 1453 sedili
2644 1415 2852 1454 currus
2878 1397 3206 1462 collocavit,
3242 1397 3558 1453 substratis
3581 1413 3799 1469 purpu-

2144 1490 2263 1544 reis
2295 1491 2607 1544 Mmsorum
2658 1489 2896 1559 tunicis,
2921 1497 2980 1545 et
3009 1488 3265 1544 coronis.
3299 1490 3453 1559 Ipse,
3506 1487 3795 1560 singulari

2143 1595 2294 1650 equo
2327 1584 2546 1644 vectus,
2589 1595 2746 1650 pone
2793 1579 3174 1649 sequebatur,
3233 1583 3412 1650 caput
3457 1577 3796 1633 diademate

2143 1668 2390 1736 cinctus,
2423 1685 2491 1724 ac
2519 1685 2766 1723 coronas
2792 1673 3029 1740 gestans
3059 1672 3116 1722 et
3136 1672 3369 1738 sceptra
3400 1667 3459 1720 in
3490 1665 3792 1722 manibus.

2143 1759 2258 1812 Hac
2285 1757 2567 1828 triumphi
2593 1757 2788 1827 specie
2807 1773 2912 1827 per
2932 1757 3192 1812 mediam
3216 1755 3448 1823 urbem,
3475 1755 3792 1827 purpureis

381 1843 572 1914 κέλητι
627 1843 1028 1918 ἐποχούμενος,
1098 1845 1412 1918 μετόπισθεν
1495 1843 1696 1916 ε’ίπετο,
1751 1867 2031 1902 τεταινιω-

2140 1848 2402 1903 vestibus
2434 1848 2699 1918 undique
2745 1854 3038 1916 ornatam,
3074 1847 3440 1930 thalamique
3471 1847 3588 1901 ritu
3636 1847 3790 1902 lauri

387 1931 545 2008 μὲνος
593 1935 692 2004 τὴν
750 1935 994 2012 κεφαλήν
1053 1933 1374 2010 διαδήματι,
1431 1938 1521 1993 καὶ
1572 1939 1700 2002 τοὺς
1740 1939 2030 2017 στεφάνους

382 2026 558 2102 φέρων
617 2025 708 2080 καὶ
759 2027 828 2080 τα
883 2032 1134 2099 σκῆπτρα
1189 2026 1241 2080 ἐν
1295 2032 1416 2090 ταῖς
1475 2027 1685 2103 χερσίν,
1747 2028 1906 2086 Οὕτω
1935 2030 2028 2083 τὸν

380 2109 652 2189 θρίαμϐον
705 2115 1018 2190 καταγαγὼν
1079 2113 1168 2170 διὰ
1225 2115 1394 2188 μέσης
1425 2124 1525 2187 τῆς
1567 2117 1807 2191 πόλεως,
1867 2118 2031 2189 ἐσθή-

379 2223 520 2258 σεσιν
563 2203 854 2279 ἁλουργοῖς
904 2207 1326 2278 κεκοσμημένης
1371 2204 1698 2284 ἑκασταχοῦ,
1748 2209 1836 2262 καὶ
1872 2205 2029 2277 δίκην

378 2291 626 2366 θαλάμου
681 2299 800 2357 τοῖς
854 2314 912 2348 τε
967 2299 1074 2349 τῶν
1128 2293 1337 2373 δαφνῶν
1399 2293 1624 2360 κλάδοις
1657 2301 1768 2370 (31)
1798 2298 2034 2362 καὶτοῖς

377 2382 709 2460 χρνοσοῦφέσι
756 2381 990 2444 πέπλοις
1038 2383 1206 2454 οὔσης
1261 2390 1614 2463 συνηρεφοῦς,
1649 2385 1701 2448 ἐς
1733 2387 1824 2441 τὸν
1863 2386 2028 2461 μέγαν

377 2479 475 2540 τῆς
527 2475 626 2526 τοῦ
685 2475 818 2527 Θεοῦ
891 2471 1097 2549 Σοφίας
1180 2472 1474 2530 εἰσελαύνει
1541 2475 1732 2546 σηκόν⁶
1792 2476 1881 2531 καὶ
1939 2475 2033 2537 τὰς

381 2560 840 2636 εὐχαριστηρίους
903 2563 1075 2637 εὐχὰς
1131 2560 1388 2634 ἀποδοὺς,
1444 2565 1507 2618 τὸ
1557 2585 1616 2620 τε
1671 2569 1778 2620 τῶν
1829 2567 2029 2622 Μυσῶν

381 2649 807 2726 ἐκπρεπέστατον
867 2649 1058 2728 στέφος
1110 2652 1277 2707 οἱονεὶ
1331 2653 1671 2727 πρωτόλειον
1729 2652 1904 2729 δῶρον
1953 2659 2033 2726 τῷ

383 2745 498 2811 Θεῷ
527 2741 912 2812 καταθέμενος,
959 2741 1034 2803 είς
1090 2743 1189 2809 τὴν
1251 2743 1610 2818 ἀνακτορικὴν
1639 2743 1816 2798 ἐστίαν
1851 2748 2031 2821 φοιτᾷ,

384 2829 474 2883 καὶ
526 2833 632 2882 τῶν
693 2830 740 2864 ²⁹
791 2835 984 2884 Μυσῶν
1049 2830 1276 2905 βασιλέα
1359 2834 1538 2905 Βορὴν
1597 2835 1922 2908 παραγαγὼν
1968 2833 2035 2888 τὰ

387 2923 486 2985 τῆς
523 2915 798 2992 βασιλείας
830 2915 1148 2974 ἀπονθᾶσθαι
1179 2919 1478 2995 παράσημα
1509 2923 1621 2997 (32)
1650 2921 2029 2996 παρεσκεύασι.

388 3007 467 3062 Τὰ
523 3003 580 3060 δὲ
634 3009 698 3074 ἦν
752 3009 914 3084 τιάρα
968 3009 1394 3085 περιπόρφυρος,
1453 3015 1644 3087 χρυσῷ
1693 3011 1784 3066 καὶ
1817 3013 2032 3088 μαργά-

384 3113 501 3166 ροις
554 3098 930 3168 κατάστικτος,
991 3097 1153 3169 ἐσθής
1211 3120 1268 3154 τε
1339 3099 1632 3175 ἀλουργός,
1689 3102 1777 3156 καὶ
1838 3099 2034 3156 πέδιλα

2140 1938 2322 1993 ramis
2347 1937 2643 2010 pallisque
2665 1954 2810 1992 auro
2833 1937 3005 1992 textis
3027 1928 3382 2002 contectam,
3405 1935 3478 1991 ad
3511 1951 3789 2009 magnam

2139 2029 2454 2100 Sapientia:
2486 2028 2697 2083 divinas
2736 2028 3047 2083 ecclesiam
3078 2029 3404 2099 processit:
3438 2027 3538 2082 ubi
3565 2029 3784 2100 gratia—

2137 2137 2269 2174 rum
2291 2120 2545 2175 actionis
2575 2119 2858 2174 exsolutis
2889 2119 3185 2190 precibus,
3219 2121 3528 2175 Maasorum
3553 2121 3783 2193 magni-

2140 2209 2590 2265 ﬁcentissimam
2622 2225 2904 2264 coronam
2935 2215 3000 2264 ut
3029 2209 3447 2264 manubiarum
3487 2211 3782 2281 primitias

2140 2301 2256 2355 Deo
2289 2299 2517 2364 dicans,
2551 2299 2689 2354 inde
2720 2300 2782 2353 in
2812 2299 3099 2370 palatium
3129 2315 3191 2353 se
3221 2300 3465 2370 recepit,
3499 2304 3558 2354 et
3585 2301 3783 2356 Borim

2140 2391 2451 2444 Mcesorum
2482 2405 2681 2461 regem
2713 2388 3067 2460 productum
3099 2389 3338 2462 insigna
3377 2390 3540 2461 regia
3590 2390 3780 2462 depo-

2139 2495 2281 2534 nere
2305 2479 2507 2550 jussit.
2542 2479 2620 2534 Ea
2642 2483 2812 2534 erant
2839 2479 2990 2533 tiara
3031 2479 3183 2534 159
3230 2495 3494 2550 purpura
3529 2481 3786 2536 circum-

2141 2569 2326 2640 clusa,
2364 2585 2628 2640 auroque
2687 2574 2745 2622 et
2801 2568 3136 2640 margaritis
3194 2568 3607 2625 interstincta:
3641 2571 3784 2626 item

2138 2659 2316 2714 vestis
2347 2658 2590 2725 blattea,
2623 2662 2683 2711 et
2709 2657 2891 2712 calcei
2915 2657 3102 2712 rubri.
3135 2662 3333 2728 ipsum
3362 2673 3562 2730 regem
3610 2660 3786 2731 Magi-

2143 2753 2400 2802 strorum
2421 2746 2706 2818 dignitate
2735 2745 2983 2802 ornavit.
3013 2745 3320 2817 Ejusmodi
3336 2749 3592 2803 Joannes
3610 2749 3792 2820 impe-

2140 2843 2304 2892 rator
2356 2835 2515 2891 brevi
2573 2833 2898 2891 admodum
2953 2841 3218 2906 tempore
3276 2843 3492 2906 prmter
3549 2854 3789 2894 omnem

2143 2927 2643 2998 exspectationem
2675 2926 2859 2997 partis
2880 2925 3161 2994 victoriis,
3189 2927 3622 2982 contumaciam
3640 2929 3789 2984 Rus-

2144 3017 2326 3071 sicam
2381 3015 2688 3085 elatosque
2746 3031 2951 3070 eorum
2999 3015 3233 3070 animos
3279 3032 3395 3071 usu
3447 3016 3784 3084 bellorum,

2143 3107 2394 3175 ratione,
2424 3105 2658 3171 virtute,
2690 3103 2937 3160 audacia
2964 3103 3242 3176 frangens
3273 3109 3332 3159 et
3370 3105 3692 3162 deturbans
3723 3107 3786 3162 in

381 3182 594 3298 Ξρυθρά.
659 3191 863 3242 Τοῦτον
934 3185 991 3242 δὲ
1071 3193 1151 3260 τῷ
1205 3194 1312 3244 τῶν
1372 3192 1686 3267 μαγίστρων
1741 3193 2026 3266 τετίμηκεν

415 3273 621 3298 κληη-
763 3280 823 3298 ,πγ
898 3281 924 3292 ..
1084 3277 1097 3298 9
1255 3278 1267 3296 ,
1376 3281 1401 3298 η
1476 3281 1488 3298 ,
1793 3286 1819 3296 -
2007 3282 2021 3298 ι

2143 3201 2364 3250 terram
2396 3194 2593 3249 Maasia
2615 3193 2722 3248 sub
2747 3192 3064 3264 imperium
3095 3194 3427 3248 Romanum
3446 3194 3780 3266 subjuncta,

377 3272 667 3348 ἀξιώματι.
763 3280 996 3334 Τοιαῦτα
1079 3277 1130 3332 ἐν
1219 3278 1573 3353 εὐαριθμῆτῳ
1659 3286 1832 3356 καιρῷ
1885 3282 2032 3358 παρᾶ

376 3369 546 3418 πᾶσαν
625 3363 882 3420 ὕπόνοιαν
932 3368 960 3422 ὁ
1016 3367 1365 3443 αὐτοκράτωρ
1421 3370 1680 3440 Ἰωάννης
1739 3368 2030 3445 διαπραξά-

379 3474 537 3526 μενος
567 3454 827 3527 τρόπαια,
873 3459 972 3526 τήν
1029 3479 1088 3513 τε
1143 3459 1413 3525 Ῥωσικήν
1475 3459 1757 3514 αὐθάδειαν
1817 3459 1906 3515 καὶ
1963 3465 2031 3516 τά

2141 3282 2720 3354 Constantinopolim
2742 3282 2928 3337 redux
2949 3281 3199 3338 hiberna
3219 3283 3355 3354 egit,
3380 3285 3785 3356 populumque

2139 3374 2489 3430 muneribus
2520 3372 2631 3428 rite
2663 3377 3013 3443 prosecutus
3043 3377 3152 3440 est,
3173 3372 3414 3429 etfestis
3443 3374 3637 3445 epulis
3667 3375 3780 3430 sibi

2138 3463 2492 3519 conciliavit.

377 3542 660 3620 ἐιπῃρμένα
690 3545 899 3602 τούτων
933 3549 1258 3624 φρονήματα
1289 3548 1546 3624 ἐμπειρίᾳ
1576 3549 1838 3622 πολέμων
1887 3550 1977 3605 καὶ
2020 3548 2424 3626 λελογισμένης
2473 3547 2713 3625 ανδρείας
2751 3548 2936 3624 τόλμῃ
2967 3543 3290 3604 καταϐαλὼν
3322 3548 3410 3604 καὶ
3441 3553 3783 3616 κατασπάσας

378 3632 454 3694 εἷς
483 3640 611 3707 γῆν,
639 3635 729 3688 καὶ
753 3635 852 3702 τὴν
887 3635 1098 3692 Μυσίαν
1129 3637 1431 3710 Ῥωμαίοις
1477 3638 1870 3711 καθυποτάξας,
1919 3640 2066 3714 παρὰ
2108 3640 2172 3694 τὸ
2217 3641 2508 3709 Βυζάντιον
2560 3636 2866 3692 ἐπανελθὼν
2917 3635 3253 3711 διεχείμαζε,
3295 3639 3386 3692 καὶ
3435 3639 3500 3693 τὸ
3541 3640 3782 3711 ὑπήκοον

381 3719 601 3798 δώροις,
633 3723 709 3787 ὡς
739 3724 908 3796 εἰκὸς,
938 3722 1380 3804 ἐφιλοφρονεῖτο,
1411 3724 1500 3780 καί
1533 3725 1774 3790 θαλείαις
1804 3726 2116 3802 ἐθεράπευεν
2149 3727 2465 3784 ἐστιασεσιν.

1595 3858 1653 3912 C.
1698 3857 1758 3912 Β.
1794 3856 1979 3911 HASlI
2005 3857 2572 3913 ANNOTATIONMS.

451 3949 498 3985 "
523 3951 652 4023 τῶν]
690 3953 820 4024 Leg,
851 3952 966 4021 τὸν,
999 3957 1100 4008 aut
1128 3951 1219 4006 τὸν
1251 3955 1384 4008 τῶν.

451 4041 563 4111 (31)
595 4039 892 4097 Cedrenus
920 4041 1114 4113 ipsum
1146 4042 1432 4114 populum
1472 4048 1819 4099 coronatum
1869 4044 2210 4116 imperatori
2260 4043 2490 4100 obviam
2538 4044 2902 4116 processisse
2948 4051 3155 4101 auctor
3185 4052 3274 4102 est
3302 4047 3370 4103 Il.
3406 4050 3529 4104 582.
3563 4049 3622 4106 C.
3658 4045 3788 4104 ὑπε-

381 4123 594 4197 δέξαντο
627 4132 1178 4206 στεφανηφοροῦντες.
1214 4131 1306 4186 Sic
1364 4132 1524 4185 enim
1584 4132 1920 4204 legendum,
1972 4135 2036 4189 Cc

2141 4176 2154 4188 .
2213 4151 2450 4206 quoque
2509 4135 3042 4205 consentientibus,
3085 4151 3204 4191 non
3253 4133 3782 4215 στεφανηφοροῦντα.

451 4222 562 4293 (32)
596 4221 866 4293 Agathias
897 4224 986 4276 32.

1575 4478 1941 4572 LIBER
2006 4479 2576 4575 DECIMUS.

449 4847 847 4895 Anounsxrux.
874 4871 941 4880 ——
964 4836 1272 4910 Expeditio
1296 4838 1551 4911 Syriaca.
1579 4837 1796 4893 Nisidis
1813 4856 1846 4894 a
1870 4839 2150 4894 Romanis
2173 4844 2344 4909 capta
2365 4839 2520 4909 (Cap.
2548 4839 2615 4911 1).
2642 4840 2971 4911 Imperator
2991 4835 3432 4910 expeditionem
3454 4850 3659 4904 contra
3675 4848 3780 4908 Ec-

377 4909 592 4966 batana
618 4912 958 4978 meditatur,
985 4909 1089 4966 sed
1117 4909 1348 4965 infecta
1366 4928 1426 4964 re
1457 4911 1797 4982 Byzantium
1832 4912 2002 4964 redit.
2041 4911 2291 4966 Basilius
2323 4910 2659 4980 patriarcha
2687 4910 2824 4964 sede
2850 4909 3093 4982 pellitur
3109 4912 3205 4982 (2).
3229 4915 3525 4971 Antonius
3550 4929 3787 4979 creatur

377 4984 711 5066 patriarcha
734 4983 1336 5066 :nGcminilnonstrosi
1475 4981 1608 5066 alia
1629 4981 2576 5066 expeditio_$}'riaca._Darnascus,
2611 4983 2868 5066 Berytus.
2889 4981 3315 5066 el‘aliwl‘urb'es
3345 4988 3662 5066 capiuntur
3683 4996 3782 5066 (4),

375 5052 720 5127 Miraculum
745 5056 938 5127 Beryti
967 5056 1244 5127 effectum
1269 5053 1546 5127 inefﬁgie
1569 5053 1893 5127 Servatoris
1915 5057 2273 5127 (5).Com_e_ta
2295 5053 2452 5127 visus
2482 5069 2586 5127 per
2617 5054 2912 5123 octoginta
2943 5052 3077 5127 dies
3103 5053 3197 5124 (6).
3235 5052 3437 5112 Bardai
3469 5061 3649 5118 Scleri
3675 5052 3742 5122 su

377 5125 590 5211 llasi‘lio
614 5124 1417 5211 defection).Infelixliasilii
1437 5124 1642 5211 ccutra
1665 5125 1944 5211 gulgaros
1968 5124 2500 5211 expeditioﬂlades
2523 5126 2926 5211 l‘ioni‘anor‘um‘
2943 5125 3389 5211 .stella‘eade‘nte
3407 5139 3782 5211 portenta(8).

376 5197 586 5252 Bardas
610 5199 834 5253 Phocas
857 5213 1067 5252 novam
1091 5197 1448 5251 seditionem
1473 5197 1804 5268 parat.E'us
1827 5196 2103 5250 interitus

376 5270 610 5324 mitates
632 5272 963 5325 Romanum
987 5269 1304 5338 imperium
1328 5213 1747 5338 premuntuOi.
1766 5269 2022 5322 Joannes
2044 5269 2103 5322 T2

2119 5198 2416 5264 (9).'l‘errze
2438 5201 2632 5251 motus
2650 5196 3162 5266 Constantinopoli
3182 5198 3372 5255 factus
3393 5196 3452 5257 et
3470 5205 3602 5262 alia:
3625 5196 3781 5266 cala-

373 5270 610 5324 mitates
632 5272 963 5325 Romanum
987 5269 1304 5340 imperium
1328 5267 1747 5339 premuntuO).
1766 5269 2022 5322 Joannes
2044 5267 2356 5322 Tzimisces
2373 5285 2443 5322 ex
2467 5267 2633 5339 Syria
2654 5284 2946 5335 reversus,
2973 5268 3171 5323 Basilii
3190 5269 3396 5329 fraude
3417 5292 3644 5334 veneno
3671 5282 3781 5337 ab-

375 5346 668 5412 sumptus,
702 5342 956 5397 moritur
978 5341 1114 5413 (11).

449 5574 531 5638 [Ρ.
590 5571 678 5638 99]
735 5572 797 5625 α’.
859 5571 1074 5642 Θερείας
1125 5568 1194 5645 ,δὲ
1251 5568 1394 5641 ὥρας
1468 5569 1823 5645 ἐνισταμένης
1882 5573 2015 5643 (33),

446 5646 556 5715 (33)
586 5645 1012 5715 Complectitur
1040 5647 1090 5699 is
1122 5644 1272 5698 liber
1300 5650 1463 5716 gesta
1505 5644 1797 5700 annOrum
1831 5646 1934 5700 973
1965 5650 2024 5699 et

375 5719 513 5771 974:
543 5735 682 5772 nam
715 5716 850 5772 silet
884 5718 993 5770 Leo
1051 5717 1122 5770 de
1177 5716 1362 5770 initiis
1394 5716 1556 5783 belli,
1591 5718 2020 5787 obsidioneque

2052 5612 2097 5674 Β
2207 5572 2352 5627 [60
2384 5574 2434 5630 1.
2463 5573 2743 5628 Estivum
2774 5577 3008 5643 tempus
3065 5589 3198 5627 cum
3248 5575 3517 5643 instaret,
3546 5583 3775 5635 sereni-

2131 5645 2357 5697 Amidm
2385 5663 2436 5697 a.
2461 5649 2585 5697 9‘72.
2620 5662 2653 5697 a
2684 5646 2976 5697 Temelico
3002 5645 3233 5697 Melehi.
3265 5653 3332 5697 ut
3353 5651 3592 5697 Armeni
3627 5654 3774 5697 acri-

2184 5645 2357 5699 midzn
2385 5663 2436 5699 a.
2461 5649 2585 5699 9‘72.
2620 5662 2653 5699 a
2684 5646 2976 5698 Temelico
3002 5645 3233 5710 Melehi,
3265 5653 3332 5700 ut
3352 5651 3593 5705 Armeni
3626 5654 3774 5705 scri-

2131 5715 2299 5781 bunt,
2353 5722 2646 5786 suscepta,
2709 5715 2780 5770 de
2830 5733 2948 5785 qua
2977 5733 3028 5769 v.
3089 5716 3286 5770 Détails
3323 5720 3394 5772 de
3426 5721 3478 5774 ια
3501 5723 3775 5788 premiére
