4190 6322
380 392 493 453 887

1786 387 2063 448 LEONlS
2109 386 2432 450 DIACONI

3675 393 3795 455 888

389 530 597 595 tasque
621 523 747 594 jam
777 524 1058 578 continua
1088 538 1192 592 per
1223 526 1442 575 terram
1470 535 1599 574 sese
1630 517 2030 590 expandisset,

2143 518 2232 572 καὶ
2263 524 2532 595 σταθηρᾶς
2588 518 2800 596 αἰθρίας
2855 520 2990 576 κατᾶ
3034 521 3134 591 τήν
3190 519 3461 596 περίγειον
3532 521 3799 596 ἡπλωμέ-

388 612 900 683 Constantin0poli
929 611 1228 682 profectus
1273 610 1596 680 imperator
1625 613 1833 662 contra
1863 609 2034 662 Sara-

387 721 586 768 cenos,
621 703 721 772 qui
754 702 814 755 in
849 701 1014 770 Syria
1045 699 1349 770 superiore
1381 698 1673 766 habitant,
1705 697 2037 768 expeditio-

385 811 524 848 nem
541 791 818 861 suscepit.
837 793 924 845 Ita
943 788 1398 843 mediterraneis
1412 787 1757 859 peragratis,
1772 788 2036 858 Euphra-

385 890 504 937 tem
532 881 787 936 transiit.
818 881 870 934 Is
903 885 992 933 est
1013 879 1278 933 amnium
1320 878 1517 932 Asiam
1547 878 2035 932 intersecantium

383 975 528 1027 1&3]
567 971 883 1035 maximus,
918 985 1193 1038 unusque
1227 968 1299 1022 de
1329 969 1449 1022 illis
1481 969 1582 1038 qui
1617 985 1686 1021 ex
1715 967 1877 1022 Eden
1907 983 2035 1022 ma—

385 1067 548 1127 nant,
574 1058 1074 1130 quemadmodum
1097 1075 1166 1112 ex
1184 1075 1352 1113 sacra
1377 1057 1672 1128 Scriptura
1695 1057 2032 1111 didicimus.

381 1150 468 1204 Ibi
503 1149 717 1219 aliquis
750 1148 811 1202 in
851 1147 1100 1201 notariis
1160 1148 1446 1212 militans,
1496 1147 1726 1201 Nicetas
1771 1146 2034 1211 nomine,

384 1254 678 1294 summam
697 1254 828 1291 cum
848 1236 1180 1291 doctrinam
1199 1243 1320 1291 tum
1339 1235 1717 1307 prudentiam
1731 1240 2036 1290 assecutus

382 1327 444 1381 in
478 1328 607 1398 ipsa
639 1326 830 1381 astatis
865 1325 1156 1379 vitalitate
1190 1325 1609 1396 imperatorem
1648 1325 1806 1379 malo
1837 1325 2036 1378 omine

381 1418 491 1471 hac
506 1416 878 1487 expeditione
894 1416 1030 1469 comi
1043 1416 1648 1486 tabaturzquanquam
1668 1420 1833 1485 patre
1850 1414 2036 1485 ipsius

379 1507 635 1560 multum
667 1505 1045 1576 deprecante,
1079 1504 1141 1557 id
1171 1521 1246 1558 ne
1275 1504 1517 1572 faceret,
1551 1510 1728 1574 atque
1759 1504 2035 1557 hortante

377 1601 443 1650 ut
473 1594 630 1666 apud
652 1595 838 1649 larem
868 1594 1224 1648 familiarem
1249 1594 1483 1648 senium
1507 1593 1695 1647 aleret
1727 1610 1919 1656 suum,
1945 1592 2036 1663 ip-

379 1686 547 1755 sique
581 1685 641 1738 in
676 1684 864 1738 {etatis
898 1683 1104 1736 limine
1137 1683 1484 1741 constituto,
1506 1682 1656 1736 etad
1687 1683 1816 1736 vitm
1839 1682 2038 1736 termi-

378 1793 488 1830 nos
512 1775 639 1846 jam
672 1773 1033 1845 properanti,
1061 1773 1323 1826 ofﬁcium
1357 1790 1463 1843 pro
1485 1772 1766 1826 facultate
1790 1776 2036 1842 praesta-

382 1869 492 1918 ret.
529 1863 656 1927 Ille,
683 1862 948 1934 paternis
972 1862 1239 1929 monitis,
1272 1866 1481 1916 contra
1503 1867 1679 1932 atque
1697 1859 2030 1930 oportebat,
2064 1894 2109 1958 Β

383 1954 688 2024 neglectis,
718 1953 1003 2022 nullaque
1039 1951 1345 2023 jussorum
1379 1951 1506 2022 ejus
1547 1950 1778 2004 ratione
1807 1948 2029 2017 habita,

385 2048 452 2097 ut
479 2049 608 2097 erat
636 2043 936 2096 accinctus
969 2042 1030 2094 in
1058 2046 1251 2096 castra
1280 2040 1578 2111 profectus
1605 2045 1710 2093 est.
1742 2040 1869 2094 lam
1900 2054 2034 2093 vero

385 2131 744 2202 Euphratem
777 2131 1189 2186 transmittens
1221 2129 1296 2184 ad
1327 2135 1622 2183 tumorem
1653 2127 1829 2182 undas
1861 2127 2033 2182 verti-

382 2221 518 2292 gine
550 2226 640 2274 est
668 2225 998 2292 correptus,
1044 2219 1323 2290 delapsus
1353 2219 1426 2273 de
1479 2234 1629 2288 equo
1683 2218 1743 2271 in
1796 2233 2034 2272 amnem

380 2311 790 2381 praecipitavit,
825 2311 997 2381 vique
1023 2310 1290 2364 [luminis
1321 2310 1587 2380 rapiente
1613 2308 2036 2363 miserabiliter

380 2401 696 2471 depressus
725 2401 1040 2472 preemium
1072 2399 1460 2454 contumacia
1484 2399 1938 2453 suffocationem
1962 2399 2024 2451 in

378 2491 675 2562 Euphrate
708 2495 1061 2545 consscutus
1092 2496 1202 2544 est.
1238 2493 1309 2543 At
1337 2489 1667 2559 imperator
1695 2488 1859 2542 omni
1892 2504 2028 2542 cum

383 2581 644 2634 exercitu
667 2579 1050 2650 percurrebat
1077 2579 1328 2650 Syriam,
1353 2578 1735 2649 neminejam
1759 2593 1829 2631 ex
1849 2577 2036 2631 hosti-

381 2669 493 2723 bus
522 2674 728 2723 contra
761 2668 1242 2738 veniente,quod,
1275 2667 1435 2722 fama
1455 2665 1741 2721 adventus
1773 2665 1902 2736 ejus
1936 2682 2033 2720 ex-

385 2758 596 2825 territi,
621 2758 683 2812 in
715 2756 960 2812 castella
984 2761 1159 2826 atque
1194 2757 1413 2828 oppida
1443 2772 1570 2811 sese
1599 2773 1706 2810 sua
1724 2756 2036 2810 concluse-

385 2852 542 2901 rant.
577 2846 662 2900 Ita
687 2845 787 2900 ubi
808 2847 975 2900 Emet
993 2845 1185 2900 tenuit
1213 2845 1534 2915 (munitum
1558 2845 1618 2899 id
1639 2850 1730 2899 est
1760 2850 1818 2898 et
1836 2843 2034 2898 nobile

387 2935 696 3007 oppidum)
727 2935 790 2989 in
849 2934 1214 2989 deditionem
1271 2933 1599 2999 redactum,
1632 2934 2033 3004 pecuniasque

387 3025 860 3081 innumerabiles
901 3023 972 3078 ab
1006 3023 1320 3095 oppidanis
1371 3022 1759 3079 redemtionis
1789 3022 2032 3077 nomine

386 3117 636 3187 accepit,
669 3115 878 3170 castris
912 3113 1051 3167 inde
1083 3114 1298 3178 motis;
1334 3112 1717 3183 Miepharcim
1737 3112 2033 3183 proficisci

386 3204 714 3262 contendit.
746 3204 826 3257 Ea
858 3207 948 3256 est
979 3202 1120 3256 urbs
1137 3201 1356 3256 nobilis
1387 3207 1445 3255 et
1474 3201 1815 3272 conspicua,
1841 3205 1897 3255 et
1920 3217 2034 3256 cae-

384 3294 549 3357 teris,
583 3296 876 3362 quotquot
904 3306 1010 3361 per
1060 3290 1184 3344 haec
1236 3289 1369 3345 loca
1424 3290 1788 3358 habitantur,
1818 3290 2029 3361 opibus

383 3382 775 3454 gregibusque
789 3377 1369 3443 antecellens.Quam
1387 3395 1522 3434 cum
1540 3380 1682 3434 item
1701 3381 1738 3433 1
1754 3379 1853 3435 62
1873 3395 2030 3433 com-

382 3470 676 3542 positione
716 3468 826 3523 sibi
882 3467 1305 3539 subjunxisset,
1367 3467 1639 3539 donaque
1697 3469 2033 3538 conquisita

383 3558 645 3632 plurima
673 3562 731 3612 et
755 3557 1157 3628 pulcherrima
1188 3573 1256 3611 ex
1277 3573 1442 3623 auro,
1477 3561 1740 3629 argento,
1774 3556 2033 3612 vestibus

386 3665 530 3704 auro
560 3647 755 3718 pictis,
791 3646 1118 3718 accepisset
1148 3646 1220 3701 ab
1251 3647 1582 3718 Oppidanis,
1626 3647 1873 3701 Nisibim
1904 3663 2034 3700 ver-

387 3755 486 3793 sus
511 3737 722 3793 movit:
757 3737 912 3792 unde
940 3753 1188 3808 magnus
1215 3737 1486 3805 Iacobus,
1505 3737 1778 3792 antistitii
1807 3736 2035 3792 clavum

387 3834 621 3896 tenens,
647 3828 852 3882 Persas
866 3827 1205 3898 ingentibus
1223 3826 1410 3898 c0piis
1433 3826 1680 3882 Nisibim
1698 3826 2035 3881 adorientes

388 3919 600 3986 arcuit,
625 3917 782 3989 quod
817 3933 1152 3972 muscarum
1186 3916 1306 3971 illis
1337 3916 1714 3987 culicumque
1763 3916 2038 3971 examina

387 4026 493 4079 pro
516 4007 779 4062 exercitu
805 4005 1190 4070 immitteret,
1213 4005 1273 4058 in
1294 4006 1614 4077 fugamque
1662 4006 1734 4060 iis
1758 4005 2035 4077 evestigio

383 4097 590 4161 versis,
624 4095 823 4148 hostes
853 4095 963 4147 hoc
996 4099 1165 4164 pacto
1198 4093 1501 4148 refutaret.
1530 4094 1594 4148 Id
1625 4094 1908 4165 oppidum
1935 4093 2035 4148 de-

387 4191 612 4241 sertum
631 4183 854 4253 reperit
874 4184 1216 4253 imperator,
1245 4184 1385 4252 quia
1405 4189 1782 4237 excesserant
1803 4183 2032 4237 habita-

386 4282 546 4329 tores
576 4272 926 4343 irruptionis
961 4273 1358 4327 Romanorum
1391 4277 1574 4336 metu,
1619 4271 1873 4343 fugaque
1907 4289 2036 4328 sese

384 4363 458 4418 ad
490 4362 776 4416 interiora
804 4367 1177 4432 receperant.

2139 631 2262 678 νης,
2318 613 2417 664 τοῦ
2475 609 2770 679 Βυζαντίου
2828 609 3035 686 ἀπάρας
3067 611 3097 666 ὁ
3127 609 3481 686 αὐτοκράτωρ
3513 613 3652 666 κατὰ
3681 618 3793 668 τῶν

2138 699 2480 772 Ἀγαρηνῶν,
2521 703 2629 754 τῶν
2686 700 2786 768 τήν
2840 697 2951 754 ἄνω
3010 699 3207 775 Συρίαν
3241 698 3562 769 οἰκούντων,
3597 700 3796 774 ἐστρᾶ-

2139 808 2310 844 τευσε.
2365 789 2468 845 Καὶ
2526 786 2664 859 δῆτα
2739 791 2837 859 τὴν
2924 790 3210 866 μεσογαίαν
3268 787 3644 864 περιοδεύσας,
3699 793 3794 846 τὸν

2141 876 2424 952 Εὐφράτην
2489 877 2812 953 ἐπεραιώθη.
2880 879 3151 954 Μέγιστος
3211 877 3268 934 δὲ
3325 880 3482 942 οὗτος
3538 885 3646 935 τῶν
3689 883 3793 951 τὴν

2138 965 2323 1020 Ἀσίαν
2379 964 2778 1040 διατεμνόντων
2838 973 3119 1041 ποταμῶν,
3177 969 3266 1023 καὶ
3327 970 3401 1033 εἷς
3455 972 3562 1024 τῶν
3607 968 3668 1024 ἐκ
3688 976 3791 1039 τῆς

2140 1052 2306 1127 Ἐδὲμ
2355 1055 2693 1131 ὁρμωμένων
2748 1059 2816 1127 ³ο,
2875 1060 2948 1118 ὼς
3003 1058 3062 1112 ἐκ
3114 1065 3215 1127 τῆς
3259 1058 3401 1122 θείας
3442 1065 3662 1137 Γραφῆς
3694 1080 3791 1132 με-

2143 1145 2485 1217 μαθήκαμεν.
2568 1146 2826 1202 Ἐνταῦθά
2881 1168 2965 1210 τις
3047 1145 3099 1201 ἐν
3167 1147 3534 1225 ὑπογραφεῦσι
3591 1148 3790 1218 τελῶν,

2140 1235 2388 1304 Νικήτας
2445 1233 2877 1308 ὀνομαζόμενος,
2937 1235 3015 1298 εἰς
3067 1233 3228 1311 ἄκρον
3285 1235 3536 1310 γνώσεως
3581 1236 3792 1308 ἐληλα-

2139 1322 2250 1385 κὼς
2302 1321 2389 1377 καὶ
2449 1322 2732 1392 συνέσεως,
2790 1321 2935 1400 ἄγων
3019 1325 3152 1379 αὐτὸ
3205 1327 3304 1394 τῆς
3371 1325 3590 1394 ἡλικίας
3655 1326 3791 1401 βιώ-

2141 1431 2323 1483 σιμον,
2384 1415 2462 1484 τῷ
2548 1411 2764 1487 βασιλεῖ
2853 1415 2992 1468 κατὰ
3069 1413 3272 1484 ταύτην
3353 1411 3635 1491 δυστυχῶς
3690 1415 3793 1483 τήν

2140 1499 2481 1572 ἐκστρατείαν
2522 1502 2822 1572 συνείπετο,
2879 1501 3065 1558 πολλὰ
3117 1507 3214 1558 τοῦ
3263 1503 3459 1581 φύντος
3521 1505 3597 1578 μὴ
3625 1503 3789 1560 τοῦτο

2138 1588 2394 1662 πράττειν
2471 1588 3006 1668 προσλιπαροῦντος,
3093 1592 3364 1670 οἰκουρεῖν
3450 1590 3509 1648 δὲ
3569 1592 3787 1666 μᾶλλον

2139 1678 2229 1733 καὶ
2282 1687 2646 1757 γηροτροφεῖν
2704 1682 2796 1736 τὸν
2854 1683 3079 1737 τεκόντα
3152 1683 3521 1759 προσέποντος
3573 1684 3643 1756 ³³,
3697 1683 3792 1739 καὶ

2139 1767 2302 1822 αὐτὸν
2356 1769 2666 1844 θεραπεύειν
2737 1769 2814 1833 είς
2893 1768 3144 1844 δύναμιν,
3204 1773 3330 1846 περὶ
3392 1774 3600 1848 γήραος
3656 1771 3794 1844 ἐλη-

2141 1855 2347 1912 λακότα
2399 1855 2566 1930 οὐδῷ,
2623 1861 2713 1914 καὶ
2764 1861 2902 1935 πρὸς
2946 1860 3041 1923 τὰς
3068 1865 3171 1916 τοῦ
3205 1861 3324 1936 βίου
3355 1861 3478 1917 ὅσον
3512 1863 3665 1918 οὕπω
3697 1862 3795 1918 δυ-

2139 1945 2278 2017 σμὰς
2335 1945 2708 2022 ἐπειγόμενον.
2761 1949 2819 2002 Ὁ
2877 1947 2954 2016 δὲ,
3009 1954 3118 2003 τῶν
3172 1954 3273 2004 τοῦ
3320 1951 3525 2024 πατρὸς
3552 1951 3790 2006 ἐντολῶν

2138 2034 2211 2096 ὡς
2242 2035 2344 2090 οὐκ
2375 2033 2582 2113 ὤφελεν
2643 2036 2946 2112 ἀλογήσας,
2998 2038 3088 2093 καὶ
3144 2039 3290 2115 παρὰ
3324 2038 3529 2117 φαῦλον
3563 2041 3791 2112 ἐπισκή-

2137 2127 2255 2196 ψεις
2313 2125 2407 2187 τὰς
2465 2124 2673 2180 ἐκέίνου
2728 2125 2977 2199 θέμενος,
3026 2128 3102 2191 ὡς
3152 2129 3294 2203 εἶχεν
3339 2128 3795 2203 ἐνσκευασάμενος

2137 2211 2224 2287 ’δει
2256 2213 2394 2286 πρὸς
2443 2214 2505 2268 τὸ
2553 2213 2940 2286 στρατόπεδον.
3000 2221 3161 2289 ’Ἄρτι
3211 2217 3267 2272 δὲ
3293 2218 3386 2272 τὸν
3419 2219 3664 2292 ποταμὸν
3691 2241 3794 2274 πε-

2139 2301 2458 2375 ραιούμενος
2512 2303 2650 2378 πρὸς
2699 2313 2800 2372 τήν
2877 2302 3178 2382 πληθώραν
3228 2305 3276 2342 ³⁸
3333 2306 3641 2382 ἷλιγγίάσας
3691 2309 3792 2363 τοῦ

2137 2390 2353 2461 ὕδατος,
2383 2396 2481 2446 τοῦ
2506 2392 2682 2447 ’ἱππου
2713 2393 3064 2466 ἐξολισθήσας
3120 2394 3208 2450 ἐπὶ
3259 2396 3352 2451 τὸν
3411 2397 3660 2470 ποταμὸν
3692 2419 3791 2453 κα-

2135 2478 2442 2554 ταφέρεται,
2499 2484 2578 2552 τῷ
2626 2502 2686 2535 τε
2745 2481 2916 2557 ῥοθίῳ
2961 2485 3315 2560 παρασυρεὶς,
3373 2483 3623 2547 ἐλεεινῶς
3654 2487 3792 2540 ἀπο-

2137 2567 2402 2642 πνίγεται,
2434 2568 2688 2644 ἐπίχειρα
2738 2572 2836 2640 τῆς
2885 2579 3167 2647 παρακοῆς
3199 2574 3297 2642 τὴν
3331 2573 3383 2628 ἐν
3413 2579 3495 2646 τῷ
3524 2575 3788 2652 Εὐφράτῃ

2140 2658 2573 2731 ἀπενεγκάμενος
2631 2662 2959 2734 πνιγμονὴν.
3001 2662 3066 2719 Ὀ
3109 2659 3168 2716 δὲ
3219 2661 3474 2738 βασιλεὺς
3501 2662 3596 2718 σὺν
3627 2665 3791 2719 παντὶ

2136 2749 2216 2817 τῷ
2271 2746 2629 2820 στρατεύματι
2687 2751 2882 2825 Συρίαν
2960 2750 3302 2825 κατέτρεχεν,
3363 2749 3582 2815 οὐδενὸς
3638 2755 3793 2825 αὐτῷ

2137 2835 2440 2891 ἀντιπάλου
2471 2838 2988 2913 ἀντικαθισταμένου
3031 2846 3138 2896 τῶν
3191 2839 3493 2915 δυσμενῶν,
3526 2847 3594 2918 τῇ
3627 2847 3790 2922 φήμῃ

2136 2933 2237 2995 τῆς
2286 2924 2485 3004 ἐφόδου
2572 2929 2786 2983 πάντων
2866 2930 3319 3007 καταπλαγέντων
3385 2934 3474 2988 καὶ
3537 2943 3791 3009 συγκλει-

2139 3017 2372 3079 σθέντων
2425 3014 2514 3071 ἐπὶ
2571 3017 2636 3072 τὰ
2691 3022 2838 3095 σφῶν
2898 3019 3131 3097 φρούριά
3185 3041 3244 3076 τε
3289 3022 3379 3076 καὶ
3418 3021 3785 3096 πτολίσματα.

2140 3106 2240 3161 Καὶ
2299 3103 2434 3174 δῆτα
2488 3106 2550 3160 τὸ
2605 3107 2777 3180 Ἕμετ
2830 3105 3016 3178 (πόλις
3070 3106 3128 3164 δὲ
3183 3109 3316 3181 αὕτη
3368 3112 3546 3187 ὀχυρὰ
3572 3112 3792 3168 καὶπε-

2138 3197 2392 3272 ριφάνὴς)
2471 3192 2794 3252 καταλαϐὼν
2875 3198 2965 3253 καὶ
3047 3197 3194 3274 λόγῳ
3282 3201 3786 3275 ὑποποιησάμενος,

2135 3283 2215 3354 [Γ.
2276 3284 2398 3356 100]
2452 3281 2542 3337 καὶ
2603 3283 2776 3358 λύτρα
2834 3280 3018 3340 λαϐὼν
3079 3285 3305 3360 ἀριθμὸν
3370 3284 3787 3364 ὑπερϐαίνοντα,

2137 3369 2337 3435 ἐκεῖθεν
2413 3372 2673 3445 ὁρμηθεὶς
2748 3374 2886 3447 πρὸς
2956 3375 3018 3430 τὸ
3092 3378 3409 3455 Μιεφαρκὶμ
3507 3379 3785 3455 ἠπείγετο.

2139 3461 2304 3516 Ἀστυ
2336 3458 2393 3515 δὲ
2420 3465 2581 3516 τοῦτο
2632 3463 2919 3540 περιφανὲς
2974 3465 3062 3519 καὶ
3121 3462 3510 3541 περίϐλεπτον,
3560 3466 3789 3541 πλούτῳ

2141 3569 2199 3603 τε
2236 3548 2324 3603 καὶ
2386 3551 2699 3625 βοσκήμασι
2747 3556 2856 3606 τῶν
2917 3551 3102 3608 ἄλλων
3163 3554 3484 3630 ὑπερτεροῦν
3514 3561 3622 3611 τῶν
3651 3558 3790 3613 κατὰ

2142 3639 2233 3694 τὸν
2265 3638 2422 3694 αὐτὸν
2483 3644 2668 3717 χῶρον
2731 3640 3167 3716 πεπολισμένων.
3227 3644 3333 3700 Καὶ
3392 3645 3522 3701 αὐτὸ
3554 3643 3610 3701 δὲ
3639 3645 3792 3722 λόγῳ

2143 3728 2652 3804 παραστησάμενος,
2709 3732 2800 3785 καὶ
2855 3730 3086 3788 πλεῖστα
3153 3732 3243 3788 καὶ
3317 3733 3584 3791 κάλλιστα
3640 3733 3794 3810 δῶρα

2146 3819 2198 3874 ἐν
2257 3823 2447 3896 χρυσῷ
2502 3819 2591 3874 καὶ
2647 3819 2871 3896 ἀργύρῳ
2924 3822 3014 3876 καὶ
3073 3824 3488 3898 χρυσοστίκτοις
3542 3826 3790 3903 ὑφάσμα-

2147 3931 2226 3963 σιν
2261 3911 2376 3983 (34)
2406 3908 2703 3982 ἐταζόμενα
2759 3911 2894 3986 πρὸς
2946 3915 3054 3966 τῶν
3115 3912 3166 3967 ἐν
3226 3911 3374 3986 αὐτῷ
3402 3913 3670 3969 κατοίκων
3701 3914 3793 3968 ἀν-

2146 3998 2415 4072 ειληφὼς,
2470 3998 2557 4053 ἐπὶ
2609 4000 2707 4068 τήν
2766 3995 2979 4056 Νίσιϐιν
3026 4001 3074 4037 ³³
3125 4000 3278 4058 ἵεται·
3329 4005 3443 4068 καθ’
3471 4005 3537 4074 ἣν
3572 4005 3600 4059 ὁ
3634 4005 3798 4078 μέγας

2147 4083 2425 4159 Ἰάκωϐος,
2501 4092 2608 4144 τῶν
2709 4089 3013 4160 ἐπισκοπῆς
3089 4093 3290 4147 οἲάκων
3368 4091 3798 4166 ἐπειλημμένος,

2146 4177 2376 4254 Πέρσαις
2430 4179 2477 4216 ³⁴
2535 4179 2762 4255 μεγάλῳ
2817 4186 3028 4258 στρατῷ
3086 4182 3372 4239 ἐπελθοῦσι
3408 4185 3543 4240 κατά
3568 4191 3668 4255 τῆς
3697 4189 3798 4242 Νιν-

2146 4265 2340 4332 σίϐεως
2369 4270 2640 4343 ἠμύνατο,
2671 4276 2908 4326 σκνιπῶν
2941 4271 3125 4336 αὐτοῖς
3169 4273 3261 4329 καὶ
3291 4275 3573 4329 κωνώπων
3607 4277 3794 4349 σμήνη

2144 4357 2609 4433 ἀντιστρατεύσας,
2693 4359 2783 4414 καὶ
2858 4358 3095 4438 φυγάδας
3174 4363 3582 4437 παρασκευάσας
3640 4363 3796 4434 ἐξαυ-

381 4459 502 4522 τῆς,
560 4450 649 4504 καὶ
707 4449 886 4522 τούτῳ
940 4453 1020 4521 τῷ
1073 4450 1262 4522 τρόπῳ
1319 4448 1447 4511 τοὺς
1500 4446 1780 4521 δυσμενεῖν
1834 4447 2363 4526 καταγωνισάμενος.
2423 4450 2527 4504 "HV
2592 4449 2680 4504 καὶ
2737 4449 2992 4522 ἀοίκητον
3053 4451 3200 4527 εὗρεν
3253 4453 3280 4506 ὁ
3343 4452 3622 4528 βασιλεὺς,
3679 4459 3790 4509 τῶν

1581 4632 1642 4686 C.
1684 4632 1746 4687 B.
1789 4631 1979 4687 HASII
2032 4630 2590 4689 ANNOTATIONES.

449 4815 496 4850 ⁸ο
525 4813 888 4886 ὁρμωμένων.
923 4811 1054 4867 Vid.
1091 4826 1270 4883 supra
1306 4811 1394 4865 88.
1429 4813 1496 4866 A.

381 4923 559 4977 ρσαις.
591 4901 682 4957 Sic
709 4902 839 4957 cod.

1573 4808 1617 4845 3‘
1649 4806 2041 4882 προσέποντος.
2075 4809 2166 4865 Sic
2202 4810 2330 4866 cod.

2411 4811 2457 4846 ³³
2486 4809 2787 4887 πληρώραν
2830 4813 2961 4870 cod.
3038 4813 3085 4850 ³³
3137 4808 3364 4872 Νίσιϐον
3398 4817 3527 4874 cod.
3605 4817 3655 4852 ³⁴
3683 4819 3789 4874 Ηέ-

376 5075 694 5150 expedition
725 5075 816 5150 des
857 5073 1137 5150 Chrftiens
1162 5074 1299 5150 dans
1332 5074 1409 5150 la_
1445 5073 1736 5150 Ralestiine,
1790 5075 2032 5130 traduits
2061 5075 2106 5140 D
2141 5074 2921 5150 miscemgCenstantinopoli
2953 5079 3172 5135 obiisse
3223 5080 3316 5136 die
3352 5099 3408 5139 x.
3439 5083 3704 5140 Januarii
3735 5101 3790 5141 a.

375 5145 812 5204 deil'Arménie‘n
845 5161 909 5198 en
940 5145 1202 5211 Francais
1226 5163 1337 5214 par
1369 5148 1429 5198 F.
1459 5148 1666 5200 Martia
1686 5147 1747 5200 in
1778 5149 2029 5216 magasin

375 5217 870 5287 Encyclopddique,
904 5216 1220 5284 Septc-mbre
1255 5219 1411 5287 1811.
1447 5217 1591 5270 Cum
1623 5218 1886 5272 annalib.
1919 5221 2028 5273 Ar-

375 5286 590 5347 meniis
621 5287 851 5359 egregie
884 5287 1183 5360 consentit
1227 5286 1688 5360 Abulpharajius
1731 5291 1872 5344 Hist.
1912 5291 2022 5360 Dy-

374 5368 527 5418 nast.
563 5356 684 5414 315'.
724 5356 781 5411 BL
809 5356 907 5426 qui
955 5359 1248 5410 Romanos
1297 5357 1368 5411 ab
1401 5358 1526 5426 ipso
1559 5361 1890 5414 Domestico
1915 5356 2021 5415 du-

377 5442 522 5497 ctos,
561 5429 1077 5496 Domesticumque
1111 5434 1346 5497 captum
1381 5444 1508 5482 esse
1544 5431 1764 5484 scribit.
1800 5432 1884 5485 Ad
1917 5449 2019 5486 an-

376 5523 522 5562 num
554 5505 903 5579 sequentem
933 5499 1055 5579 Q73.
1094 5500 1394 5579 pertinent
1433 5501 1726 5579 espeditio
1754 5504 2015 5579 Mesopo-

374 5579 591 5634 tamica
619 5570 916 5630 Τῑὶιιιὶεοω
936 5571 1069 5636 (Leo
1090 5573 1174 5622 99.
1209 5572 1293 5636 C.)
1329 5570 1645 5640 Basiliique
1674 5570 2020 5642 patriarchae

383 5649 694 5721 depositio,
729 5645 801 5699 de
830 5657 947 5712 qua
980 5644 1090 5721 100,
1131 5642 1188 5695 Ι).
1221 5641 1292 5721 ad
1322 5657 1546 5721 annum
1727 5644 2018 5721 erpeditio

381 5726 443 5782 in
461 5713 722 5799 ‘Syriam,
781 5721 842 5771 et
907 5719 1150 5767 cometa:
1201 5718 1363 5768 ortus
1395 5713 1547 5786 (vide
1598 5717 1724 5771 104.
1761 5718 1823 5770 Λ,
1851 5717 1869 5787 )
1901 5717 2017 5769 Τιί-

2140 5148 2447 5216 sequentis
2480 5152 2603 5205 9'75.
2634 5167 2703 5205 ex
2743 5148 2933 5206 Leone
2981 5151 3242 5207 dilucide
3281 5153 3653 5212 demonstrat
3683 5159 3794 5212 Pa-

2137 5219 2268 5289 gius
2299 5220 2498 5274 Critic.
2532 5222 2621 5276 IV.
2660 5225 2746 5278 37.
2785 5224 2844 5278 Α.

2207 5291 2319 5362 (34)
2352 5291 2751 5362 Χρυσόστικτος
2786 5311 2905 5348 non
2957 5299 3045 5350 est
3103 5296 3160 5350 in
3223 5298 3487 5353 Lexicis:
3523 5299 3632 5354 Leo
3663 5299 3792 5355 for-

2133 5365 2284 5443 tasse
2316 5365 2496 5443 habet
2527 5367 2680 5443 exnb‘.
2717 5365 3020 5443 Clemente
3050 5368 3367 5443 Alexandr.
3400 5370 3631 5443 P_aa_dag.
3662 5375 3786 5426 160.

2132 5433 2190 5485 Β.
2227 5431 2631 5515 xp‘uaécux‘cot.
2661 5456 2720 5490 τε
2775 5437 2864 5515 καὶ
2925 5435 3180 5515 χελώνης
3239 5441 3301 5512 [Γ.
3357 5431 3787 5515 χελώναῖς]πεο

2127 5503 2484 5585 ποικιλμέναι
2539 5505 2734 5585 κοίτης
2790 5503 3090 5585 κλισὶάδες,
3131 5503 3552 5585 ξΧρῦσοάτιγής,
3612 5503 3783 5585 (eque

2130 5575 2354 5656 hexicis
2377 5579 2666 5656 ignotum,
2691 5579 2906 5656 legitur
2935 5582 3092 5652 apud
3124 5582 3181 5637 S.
3205 5575 3423 5655 'Epiph.
3440 5575 3785 5643 'D'e'duode-

2129 5655 2245 5700 cim
2275 5666 2490 5720 gemm.
2521 5655 2605 5706 Η.
2635 5655 2759 5704 227.
2793 5656 2852 5708 C.
