4190 6322
402 387 553 447 889

1761 388 2160 451 HISTORUE
2200 387 2348 449 LIB.
2397 389 2471 448 X.

3692 398 3813 457 890

392 516 592 588 ταύτην
653 515 944 572 οἰκούντων
1003 514 1106 572 δέει
1192 523 1294 586 τῆς
1348 518 1664 591 Ῥωμαῖκῆς
1719 519 2055 596 ἐκστρατείας
2117 523 2578 594 μεταναστάντων,
2655 524 2745 577 καί
2804 517 3063 601 φυγαδείᾳ
3115 525 3484 599 χρησαμένων
3544 528 3676 599 πρὸς
3743 529 3807 583 τά

395 605 677 682 ἐνδότερα.

468 706 532 779 β’.
557 702 936 780 Καταδραμὼν
969 705 1058 759 οὗν
1091 705 1190 774 τήν
1249 707 1590 782 περίχωρον,
1616 707 1708 762 καὶ
1767 707 2041 763 ὑπόσπον-
2070 716 2128 779 Α

395 794 485 850 δον
517 794 810 864 Ῥωμαίοις
838 794 1042 865 ταύτην
1101 795 1350 866 θέμενος,
1411 797 1670 873 ἠπείγετο
1723 798 1812 852 καὶ
1849 799 2046 873 μέχρις

393 887 740 950 Ἐκϐατάνων
795 891 1100 962 ἀφικέσθαι,
1145 889 1238 947 ἵνα
1295 895 1362 948 τὰ
1417 898 1523 948 τῶν
1587 897 1903 970 Ἀγαρηνῶν
1956 917 2056 950 τυ-

395 987 611 1056 ραννεῖα
665 981 1011 1052 καθέστηκεν,
1061 981 1342 1054 ἀμύθητον
1401 981 1637 1059 ἄργυρον
1691 985 1782 1039 καὶ
1845 987 2050 1061 χρυσὸν

395 1073 484 1127 καὶ
539 1077 777 1126 πλοῦτον
837 1067 1184 1126 παντοδαπὸν
1250 1067 1402 1127 ἔνδον
1459 1073 1787 1149 κατέχοντα,
1847 1074 1899 1146 ἐξ
1931 1075 2053 1130 ἐπι-

399 1161 612 1237 δρομῆς
641 1161 730 1216 καῖ
771 1165 938 1216 ταῦτα
963 1159 1108 1216 ἑλεῖν
1150 1163 1627 1237 προθυμούμενος.
1663 1165 1891 1240 Λέγεται
1949 1166 2052 1240 γάρ

402 1258 509 1307 τῶν
543 1250 728 1308 ἄλλων
759 1251 975 1308 πόλεων
1039 1250 1276 1326 μᾶλλον,
1329 1255 1448 1309 ὅσαι
1496 1254 1744 1311 τελοῦσιν
1817 1257 1921 1311 ὑπὸ
1959 1258 2049 1312 τὸν

399 1343 585 1414 ἣλιον,
616 1336 934 1398 πολύολϐον
996 1343 1088 1397 καὶ
1144 1341 1502 1419 πολύχρυσον
1550 1348 1648 1416 τήν
1698 1341 2044 1402 Ἐκϐατάνων

397 1431 678 1488 πολιτείαν
701 1433 899 1487 τελεῖν.
938 1431 1122 1487 Αἴτιον
1149 1431 1206 1488 δὲ
1232 1434 1295 1488 τὸ
1327 1433 1386 1489 ἐκ
1430 1435 1659 1490 πολλῶν
1721 1435 1815 1509 μὲν
1849 1437 2050 1512 χώρων

397 1523 564 1592 αὐτὴν
595 1522 1031 1599 χρηματίζεσθαι
1064 1524 1131 1592 ³⁸,
1167 1521 1441 1597 μηδεμίαν
1477 1523 1534 1580 δὶ
1563 1531 1774 1602 προτοῦ
1803 1532 1911 1581 τῶν
1962 1524 2052 1581 δυ-

395 1620 608 1686 σμενῶν
643 1614 935 1686 ὑπομένειν
964 1611 1341 1689 καταδρομήν.
1387 1614 1562 1672 Ἀλλά
1590 1617 1691 1691 γάρ
1726 1616 1923 1673 ἐπέσχε
1953 1618 2052 1686 τὴν

391 1703 592 1758 τούτου
616 1705 793 1777 ὁρμὴν
821 1706 855 1773 ἡ
887 1723 945 1757 τε
978 1701 1267 1779 λειψυδρία
1305 1709 1412 1759 τῶν
1443 1704 1628 1760 τόπων
1659 1707 1750 1761 καὶ
1780 1709 1815 1776 ἡ
1864 1703 2053 1768 σπάνις

396 1806 507 1856 τῶν
560 1801 891 1875 ἀναγκαίων.
947 1801 1013 1856 Ἥ
1089 1803 1188 1875 γὰρ
1275 1800 1642 1878 ἐπιλεγομένη
1717 1809 2052 1878 Καρμανῖτις

396 1887 607 1964 ἔρημος
639 1888 728 1945 ’διά
754 1895 860 1945 τῶν
891 1887 1064 1945 ἐκεῖσε
1119 1889 1345 1965 χωρίων
1408 1890 1606 1962 διήκει,
1648 1899 1910 1968 τραχεῖαν
1961 1892 2052 1948 καὶ

395 1980 595 2050 ἀνάντη
625 1975 1058 2052 προϐαλλομένη
1095 1977 1245 2050 ὁδὸν,
1298 1981 1391 2035 καὶ
1451 1984 1589 2054 μήτε
1630 1980 1777 2058 ὕδωρ
1828 1981 2054 2056 βλυστά·

396 2089 562 2124 νουσα
590 2073 724 2141 (35),
789 2069 928 2140 μήτε
989 2068 1221 2143 βοτάνην
1278 2064 1778 2139 ἀναϐλαστάνουσα,
1829 2071 2050 2149 ψαφαρά
2087 2092 2132 2156 Β

396 2179 481 2221 τις
513 2159 643 2213 οὖσα
673 2159 762 2213 καὶ
797 2157 1048 2232 ἄνικμος.
1109 2160 1212 2214 Διά
1265 2165 1434 2215 ταῦτα
1465 2162 1513 2197 ³⁸
1564 2162 1701 2237 πρὸς
1757 2167 1864 2216 τῶν
1899 2164 2054 2237 Ἀγα-

402 2254 581 2324 ργ,νῶν
615 2248 762 2320 αύτῷ
805 2249 1199 2324 προσαχθέντα
1258 2247 1407 2325 δῶρα
1466 2250 1944 2324 ἐνσκευασὶμενος,
2002 2251 2054 2306 ἐν

402 2343 622 2414 μυριάσι
674 2338 1012 2412 τριακοσῖαις
1070 2338 1309 2413 ἀργύρου
1380 2340 1470 2394 καὶ
1525 2345 1734 2416 χρυσοῦ
1793 2341 2060 2416 ἀριθμού-

404 2449 558 2500 μενα,
592 2428 667 2488 εἰς
695 2428 758 2482 τὸ
793 2429 1084 2496 Βυζάντιον
1145 2427 1479 2498 ἐπανέζευξε,
1539 2430 1626 2484 καὶ
1683 2429 1776 2484 τόν
1828 2451 1887 2484 τε
1918 2449 2054 2505 χρυ-

395 2519 487 2572 σὸν
517 2520 606 2573 καὶ
652 2519 743 2572 τὸν
805 2519 1040 2592 ἄργυρον
1090 2518 1200 2572 καὶ
1253 2520 1320 2573 τά
1371 2519 1430 2573 ἐκ
1490 2523 1686 2593 Σηρῶν
1748 2521 2058 2598 ὑφάσματα,

399 2606 490 2660 καὶ
524 2607 810 2680 ἀρώματα,
842 2607 931 2660 καὶ
964 2606 1064 2660 ὅσα
1094 2607 1230 2683 πρὸς
1279 2612 1386 2662 τῶν
1443 2609 1762 2682 Ἀγαρηνῶν
1796 2608 2059 2686 ἀνείληφε

398 2697 571 2773 δῶρα,
633 2694 722 2751 διά
781 2703 882 2766 τῆς
943 2697 1144 2771 ἀγορᾶς
1203 2691 1595 2771 ἐθριάμϐευσε,
1669 2702 1777 2752 τῶν
1827 2699 2056 2753 ἀστικῶν

397 2790 687 2860 θεωμένων
719 2785 808 2842 καὶ
839 2787 902 2841 τὸ
946 2785 1160 2852 πλῆθος
1216 2787 1395 2840 αὐτῶν
1453 2787 1864 2860 θαυμαζόντων,
1895 2787 2062 2860 φιλο-

395 2885 647 2956 τέμιυςτε
675 2889 865 2939 τοῦτον
939 2881 1395 2958 ὑποδεχομένων,
1459 2886 1550 2938 καὶ
1615 2886 1709 2938 σὺν
1764 2883 2057 2963 εὐφημίαις

405 2972 836 3046 προπεμπόντων
871 2972 946 3033 εἷς
1006 2972 1072 3026 τὰ
1118 2971 1394 3047 βασίλεια,
1439 2978 1560 3034 τοῖς
1609 2974 1888 3035 τοιούτοις
1931 2993 2062 3047 τρο-

402 3061 588 3122 παίοις
617 3060 1000 3134 κλεῖζόμενον.
1033 3063 1343 3130 Τηνικαῦτα
1380 3061 1469 3115 καὶ
1504 3065 1619 3133 (36)
1652 3063 1679 3116 ὁ
1711 3063 2060 3137 πατριάρχης

403 3148 714 3223 Βασίλειος,
753 3151 941 3224 φθόνῳ
969 3155 1076 3204 τῶν
1110 3149 1423 3204 ἐπισκόπων
1451 3147 1770 3218 διαϐληθεὶς
1800 3152 1938 3226 πρὸς
1968 3152 2057 3206 τὸν

398 3240 792 3316 αὐτοκράτορα,
845 3242 919 3304 ὡς
951 3238 1016 3311 δή
1051 3262 1155 3294 τινι
1187 3244 1293 3294 τῶν
1324 3241 1464 3315 μέγα
1493 3243 1574 3314 [Ρ.
1641 3243 1766 3314 101]
1827 3238 2058 3315 δυναμέ-

397 3354 500 3385 νων
532 3331 644 3406 χρᾷ
674 3332 782 3400 τήν
809 3337 909 3400 τῆς
943 3331 1244 3405 ἡγεμονίας
1299 3331 1498 3406 ἀρχὴν,
1558 3331 1647 3386 καὶ
1701 3332 1770 3385 τά
1797 3338 1896 3401 τῆς
1945 3333 2064 3388 Ἐκ-

397 3420 639 3492 κλησίας
673 3421 771 3475 οὐκ
805 3420 1010 3475 εὐθύνει
1061 3420 1198 3484 καθά
1256 3419 1345 3475 καὶ
1405 3421 1542 3497 πρὸς
1601 3425 1708 3475 τῶν
1768 3421 1925 3476 θείων
1959 3443 2058 3476 κα-

398 3509 571 3564 νόνων
603 3510 941 3582 νενόμισται,
973 3509 1049 3570 είς
1115 3510 1178 3563 τὸ
1243 3507 1525 3583 βασιλικὸν
1586 3508 1916 3565 εἶ’σεκαλεῖτο
1978 3509 2058 3564 δι-

396 3601 718 3673 καστήριον.
753 3599 904 3654 Ἐπεὶ
937 3596 995 3653 δὲ
1049 3599 1126 3670 μή
1179 3600 1416 3669 ἀπήντα,
1495 3597 1622 3654 ἀλλ’
1668 3600 2056 3672 οἷκουμενικήν

399 3687 680 3762 ἀντέλεγεν
755 3686 1180 3762 ἰσχυριζόμενος
1235 3688 1583 3761 ἀθροισθῆναι
1644 3685 1908 3756 σύνοδον,
1967 3689 2056 3742 καὶ

395 3780 696 3846 τηνικαῦτα
770 3773 1127 3839 διαλύσασθαι
1183 3777 1251 3830 τά
1328 3774 1648 3850 ἐγκλήματα
1710 3780 1887 3847 (τοῦτο
1952 3777 2054 3852 γὰρ

404 3863 697 3940 βούλεσθαι
729 3865 818 3918 καὶ
869 3865 935 3918 τά
991 3868 1102 3918 τῶν
1163 3863 1414 3938 Πατέρων
1466 3865 1795 3928 θεόπνευστα
1851 3885 2056 3939 παραγ-

395 3954 645 4029 γέλματα
681 3999 694 4024 ,
759 3953 1144 4027 οἷ’κουμενικήν
1201 3953 1287 4008 ἐπὶ
1345 3954 1690 4029 πατριάρχου
1747 3952 2052 4029 καθαιρέσει

395 4057 810 4127 συγκροτεῖσθαι
843 4049 1114 4124 σύνοδον)·
1145 4051 1220 4112 εἰς
1250 4052 1312 4106 τὸ
1367 4051 1505 4106 κατὰ
1558 4050 1653 4106 τὸν
1690 4050 2046 4128 Σκάμανδρον

395 4141 590 4196 τελοῦν
617 4143 1061 4219 φροντιστήριον,
1094 4139 1226 4217 ὅπερ
1287 4141 1448 4203 αὐτὸς
1479 4138 1756 4214 ἐδείματο,
1787 4141 1924 4217 πρὸς
1949 4145 2049 4197 τοῦ

401 4230 672 4305 βασιλέως
703 4231 1091 4306 περιορίζεται·
1140 4230 1277 4304 ἀνήρ
1337 4232 1572 4306 ἄτροφος
1623 4229 1818 4305 σχεδόν
1877 4231 2052 4287 τεκαὶ

400 4321 658 4394 ἄσαρκος,
690 4319 739 4391 ἐξ
771 4320 997 4375 ἀπαλῶν
1046 4319 1257 4395 ὀνύχων
1309 4319 1625 4390 άσκητικοῖς
1683 4319 1888 4395 ἀγῶσιν
1920 4321 2051 4395 ὑπὲρ

392 4418 549 4496 φύσιν
591 4419 1086 4495 ἐγγυμνασάμενος,
1143 4419 1434 4495 ἀμπεχόνῃ
1492 4421 1841 4496 κεχρημένος
1905 4418 2049 4495 θέρει

389 4525 448 4560 τε
472 4505 560 4561 καὶ
586 4511 825 4581 χειμῶνι
857 4511 977 4580 μιᾷ,
1008 4505 1098 4562 καὶ
1127 4506 1298 4582 ταύτῃ
1335 4509 1411 4582 μὴ
1469 4505 1873 4582 ἀπεκδυόμενος
1917 4511 2051 4582 (37),

2230 715 2282 765 2.
2316 714 2402 767 Ita
2428 716 2649 767 vastata
2669 729 2738 768 ac
2762 713 2822 767 in
2848 714 3249 768 Romanorum
3273 713 3560 769 ditionem
3573 717 3812 773 redacta

2153 801 2478 864 vicinitate,
2513 802 2870 874 properabat
2923 802 3222 858 Ecbatana
3253 820 3442 874 usque
3475 812 3812 878 penetrare,

2155 890 2254 944 ubi
2284 892 2712 947 Saracenorum
2733 893 3061 947 constituta
3081 893 3243 964 regia
3257 896 3623 966 est,argenti,
3661 899 3814 965 auri,

2156 980 2492 1036 divitiarum
2512 983 2804 1054 cujusque
2820 982 3473 1053 generisinexplicabili
3495 985 3545 1038 vi
3563 985 3802 1056 referta,

2158 1085 2225 1124 eo
2251 1071 2525 1137 consilio,
2549 1077 2615 1126 ut
2643 1071 2838 1126 subita
2868 1071 3219 1127 incursione
3243 1071 3406 1126 illam
3430 1089 3666 1144 quoque
3707 1076 3808 1128 ob-

2157 1160 2624 1232 tincret.Quippe
2657 1166 2873 1232 przeter
2904 1167 3151 1216 cmteras
3187 1161 3811 1233 urbes,quotquotsub

2159 1249 2282 1304 sole
2315 1254 2473 1313 sunt,
2497 1266 2618 1305 una
2643 1250 3079 1306 Ecbatanorum
3109 1251 3312 1306 civitas
3338 1269 3517 1323 opum
3563 1253 3812 1325 aurique

2158 1337 2512 1408 plenissima
2541 1339 2907 1410 perhibetur.
2942 1341 3083 1411 Ejus
3102 1341 3187 1395 rei
3221 1341 3373 1396 hanc
3398 1359 3525 1396 esse
3549 1359 3809 1410 causam,

2161 1424 2318 1494 quod
2352 1426 2480 1496 ipsa
2502 1427 2708 1482 multis
2741 1444 2810 1482 ex
2843 1427 3112 1498 partibus
3134 1429 3394 1499 coegerit
3415 1430 3722 1499 pecunias,
3746 1431 3808 1484 in

2161 1529 2404 1568 cursum
2439 1518 2634 1569 autem
2668 1515 2944 1570 hostilem
2979 1515 3172 1570 adhuc
3204 1517 3280 1571 sit
3310 1518 3556 1572 omnino
3578 1519 3812 1573 nullum

2160 1606 2595 1675 passa.Atenim
2610 1607 2985 1678 imperatoris
3001 1613 3140 1662 tunc
3159 1609 3446 1680 impetum
3461 1611 3818 1682 compressit

2162 1712 2297 1752 cum
2325 1697 2589 1753 locorum
2617 1699 2872 1766 siccitas,
2921 1707 3043 1755 tum
3091 1718 3293 1756 rerum
3339 1702 3807 1758 necessariarum

2163 1786 2384 1858 inopia.
2419 1787 2682 1843 Pertinet
2711 1805 2817 1860 per
2847 1805 2945 1843 eas
2976 1795 3173 1860 partes
3206 1806 3384 1860 quam
3417 1791 3811 1845 Carmanitim

2163 1880 2374 1929 vocant
2405 1876 2684 1944 solitudo,
2719 1894 2991 1948 asperam
3025 1877 3392 1949 arduamque
3434 1879 3812 1950 praetendens

2164 1966 2337 2035 viam,
2371 1985 2564 2038 neque
2596 1985 2814 2039 aquam
2847 1975 3121 2025 eructans
3154 1971 3306 2026 168
3338 1988 3532 2042 neque
3547 1972 3809 2043 plantam

2165 2055 2424 2111 fundens
2455 2057 2663 2124 ullam,
2696 2059 2883 2124 arida,
2915 2059 3166 2114 humore
3188 2077 3420 2116 carens.
3461 2062 3550 2115 Ita
3596 2061 3810 2116 ablatis

2164 2161 2296 2214 quae
2318 2162 2352 2199 a
2381 2146 2688 2202 Saracenis
2723 2147 2835 2202 sibi
2868 2147 3293 2204 deferebantur
3330 2151 3525 2216 donis,
3560 2167 3811 2205 numero

2165 2232 2364 2288 tricies
2390 2235 2660 2290 centenis
2691 2236 2960 2292 millibus
2991 2240 3215 2310 argenti
3243 2246 3300 2294 et
3330 2241 3819 2306 auri,Constanti-

2164 2324 2434 2395 nopolim
2466 2328 2726 2391 revertit,
2762 2327 2861 2381 ubi
2919 2345 3155 2396 aurum,
3201 2336 3534 2401 argentum,
3595 2336 3817 2385 vestem

2165 2414 2425 2469 sericam
2459 2421 2637 2486 atque
2668 2416 2901 2484 odores,
2935 2417 3093 2473 dona
3140 2419 3400 2488 denique
3446 2436 3481 2474 a
3511 2420 3818 2474 Saracenis

2163 2504 2495 2575 accepta,in
2521 2506 2821 2577 triumpho
2841 2524 2946 2578 per
2975 2509 3171 2562 forum
3192 2508 3348 2578 tulit,
3373 2514 3680 2580 spectante
3711 2527 3814 2563 co-

2163 2592 2444 2665 piamque
2462 2611 2663 2649 rerum
2683 2596 2936 2651 mirante
2953 2597 3170 2668 populo
3193 2615 3207 2662 ;
3233 2603 3291 2652 et
3305 2598 3565 2653 studiose
3585 2614 3724 2653 sane
3740 2598 3811 2652 ab

2166 2681 2376 2735 eodem
2400 2689 2489 2737 est
2515 2691 2810 2755 receptus,
2843 2691 2902 2740 et
2932 2703 3067 2740 cum
3125 2687 3658 2742 acclamationibus
3689 2705 3812 2742 ma-

2163 2786 2395 2842 gnaque
2409 2772 2618 2828 harum
2632 2775 3010 2832 victoriarum
3023 2777 3443 2847 praedicatione
3456 2777 3517 2831 in
3531 2777 3818 2848 palatium

2166 2862 2476 2919 deductus.
2525 2867 2744 2922 Eadem
2794 2872 3147 2938 tempestate
3180 2870 3431 2924 Basilius
3479 2857 3817 2941 patriarcha

2167 2956 2503 3012 antistitum
2537 2957 2758 3012 invidia
2781 2957 3182 3012 calumniatus
3213 2964 3301 3014 est
3322 2959 3814 3030 apudimperato-

2167 3061 2316 3113 rem,
2343 3046 2511 3116 quasi
2544 3045 2778 3101 cuidam
2815 3063 2844 3100 e
2875 3048 3217 3118 potentibus
3249 3048 3388 3101 viris
3408 3047 3814 3119 principatum

2167 3134 2574 3205 prwdixisset;
2599 3135 2778 3190 simul
2799 3136 2958 3206 quod
2988 3137 3313 3192 Ecclesiam
3330 3153 3450 3190 non
3466 3137 3547 3192 ita
3564 3136 3817 3192 admini-

2171 3232 2384 3282 straret
2403 3228 2904 3298 quemadmodum
2923 3229 3139 3284 divinis
3166 3230 3398 3302 legibus
3421 3231 3812 3285 essetconsti-

2167 3321 2361 3372 tutum
2388 3334 2400 3370 :
2426 3317 2508 3373 ita
2537 3317 2611 3373 ad
2642 3318 3063 3374 consistorium
3085 3318 3416 3390 palatinum
3448 3317 3685 3374 vocatus
3700 3324 3809 3373 est.

2173 3407 2279 3462 Ubi
2311 3425 2445 3462 cum
2477 3425 2596 3463 non
2630 3409 3227 3479 stitisset,contraque
3260 3409 3816 3476 afﬁrmaret,conci-

2173 3500 2320 3556 lium
2347 3502 2622 3573 generale
2653 3501 3096 3556 convocandum
3119 3518 3270 3570 esse,
3307 3501 3386 3555 ibi
3445 3517 3507 3555 se
3565 3499 3817 3554 crimina

2169 3590 2536 3646 diluturum:
2568 3592 2649 3646 ita
2680 3592 2827 3646 velle
2882 3594 3121 3646 Patrum
3174 3590 3384 3644 inﬂatu
3435 3589 3634 3644 divino
3683 3589 3816 3643 fusa

2167 3681 2428 3747 oracula,
2459 3687 2527 3734 ut
2557 3680 2632 3735 ad
2689 3681 3084 3736 amovendum
3139 3679 3540 3750 patriarcham
3571 3678 3814 3732 comitia

2169 3778 2370 3827 essent
2425 3774 2684 3828 maxima
2736 3773 3103 3829 instituenda
3132 3789 3145 3826 :
3180 3773 3241 3827 in
3275 3772 3701 3827 monasterium
3735 3771 3810 3826 ad

2164 3866 2778 3937 Scamandrum,quod
2795 3867 2921 3938 ipse
2946 3865 3809 3935 azdilicaverat,abimperatore

2164 3957 2518 4012 amandatus
2550 3963 2659 4013 est.
2693 3959 2830 4013 Erat
2877 3957 2927 4012 is
2976 3959 3153 4013 homo
3212 3957 3345 4013 cibo
3377 3956 3807 4028 propemodum

2164 4051 2472 4106 abstinens
2503 4057 2562 4106 et
2585 4067 2762 4105 carne
2789 4066 3024 4117 carens,
3057 4065 3092 4104 a
3121 4048 3343 4103 teneris
3373 4045 3714 4118 unguiculis
3745 4045 3807 4099 in

2164 4142 2587 4198 certaminibus
2618 4141 2892 4197 asceticis
2932 4156 3111 4212 supra
3135 4144 3412 4194 naturam
3431 4136 3807 4203 exercitatus,

2163 4233 2421 4289 amiculo
2445 4238 2504 4289 et
2526 4238 2730 4289 aestate
2753 4238 2811 4288 et
2840 4234 3036 4288 hieme
3068 4231 3278 4288 eodem
3311 4237 3508 4299 utens,
3537 4229 3696 4301 quod
3727 4245 3804 4282 ne

2164 4323 2498 4395 deponebat
2518 4323 2781 4394 quidem,
2807 4323 2997 4378 donec
3009 4322 3307 4392 dilapsum
3320 4320 3639 4376 utilitatem
3653 4335 3807 4390 pra;-

2163 4415 2330 4472 beret
2349 4416 2605 4473 nullam:
2627 4417 2934 4472 esculenta
2944 4422 3141 4472 autem
3157 4421 3215 4471 et
3230 4414 3547 4486 poculenta
3560 4411 3804 4467 omnino

2163 4526 2286 4566 non
2311 4509 2604 4584 gustabat,
2631 4515 2850 4583 praeter
2879 4526 3095 4582 aquam
3127 4515 3185 4564 et
3213 4508 3528 4563 baccarum
3574 4520 3802 4559 succos.

1605 4679 1666 4736 Ο.
1708 4679 1768 4736 Β.
1814 4680 2001 4735 HASII
2037 4680 2598 4736 ANNOTATIONES.

465 4835 512 4871 ⁸³
539 4831 821 4909 Τριπόλει.
852 4834 944 4890 Sic
974 4834 1105 4892 cod.
1139 4835 1268 4890 hic:
1306 4851 1484 4908 supra
1509 4837 1597 4892 43.
1628 4836 1695 4890 D.
1731 4835 2016 4891 mendose
2047 4837 2054 4859 '

2162 4844 2312 4892 πολι.
2390 4836 2436 4872 ⁴³
2467 4839 2621 4892 Fort.
2658 4831 3022 4910 βορειοτέρας.

466 4997 576 5076 (35)
609 4994 864 5051 Verbum
912 4991 1222 5076 βλρστηάνω,
1258 4994 1318 5048 in
1345 4994 1572 5076 .Lex‘icis
1623 4994 1769 5076 item
1802 4999 2043 5076 praeter-

394 5065 666 5134 missum,
698 5065 956 5122 occurrit
980 5065 1042 5120 in
1073 5067 1128 5119 S.
1151 5066 1394 5138 Joannis
1425 5067 1727 5138 Chrysost,
1752 5065 1868 5137 (cui
1888 5071 2046 5121 certe

393 5141 562 5212 vulgo
598 5139 893 5212 tribuitur)
927 5138 1083 5192 Orat.
1120 5154 1189 5212 ιν.
1233 5137 1313 5191 De
1368 5137 1566 5212 jejun.
1610 5139 1718 5212 rYl.
1779 5139 1923 5212 93§._
1954 5139 2044 5192 28.

393 5204 616 5283 phrasi,
637 5209 822 5283 unde
849 5208 1098 5262 fortasse
1133 5204 1557 5283 Leosurnp'sit:
1592 5209 1660 5283 ᾼί
1686 5212 1795 5261 τῶν
1813 5204 2039 5283 ⁸ιξδσὶτων

391 5277 567 5356 ’Ῑτηγαὶ
626 5279 989 5351 ἀντλούμεναι
1050 5277 1428 5356 καθαρώτερον
1483 5280 1545 5334 τὸ
1584 5277 1766 5356 -ὕδωρ-
1808 5278 2042 5356 βλυρστά-

395 5349 595 5408 νουσιν.
632 5356 774 5408 Nam
806 5349 1116 5424 perperam
1151 5349 1344 5424 legere
1375 5352 1647 5408 nonnulli
1681 5349 1884 5424 volunt
1905 5349 2044 5424 βλύ-

399 5431 600 5494 ζουσιν.
633 5427 780 5494 Item
806 5421 1065 5494 ’Orat.’in
1097 5421 1312 5494 turtur.
1343 5425 1454 5479 Vll.
1498 5428 1622 5494 266,
1659 5427 1744 5478 14.
1801 5421 1855 5475 ἐν
1893 5421 2044 5493 μέσῳ

388 5491 490 5567 ιέῆς
522 5492 744 5570 καρδίας
781 5493 1105 5570 -βλυστάνων
1164 5491 1498 5570 φιλόχριστα
1547 5492 1780 5570 vitarat.
1841 5491 2040 5549 Ῐῐίνϐῐὶἷ

434 5566 680 5624 rmterea
707 5566 1139 5621 substantivum
1174 5566 1447 5637 peraeque
1482 5567 1706 5621 Lexicis
1743 5567 2040 5637 ignorum,

434 5589 680 5624 rmtel‘ea
707 5589 1139 5621 SIIDSLIIUUVUIH
1174 5589 1447 5637 peraeque
1484 5589 1706 5621 LBXICIS
1743 5589 2040 5637 ιξςυυῐνυῐιι,

390 5589 428 5710 ξ
464 5639 656 5721 sum
685 5644 784 5721 τῆς
817 5638 1139 5721 {toﬁna/om
1168 5641 1316 5721 vitae,
1349 5640 1408 5720 in
1457 5638 1878 5721 'l‘beophyﬂaqti
1915 5638 2044 5721 Bul_-

391 5708 568 5789 gariaa
602 5710 948 5781 archiepisc.
980 5708 1310 5764 Comment.
1359 5711 1582 5765 inedito
1614 5708 1676 5765 in
1706 5708 1928 5766 Psalm.
1963 5710 2038 5765 ad

2077 4999 2120 5065 C
2151 4995 2351 5063 verba,
2381 4993 2528 5065 παρὰ
2553 4993 2637 5047 σοὶ
2687 4993 2851 5064 πημὴ
2904 4997 3072 5061 ζωῆς,
3122 4994 3340 5050 Psalm.
3401 5009 3568 5050 xxxv.
3625 4994 3680 5059 9,
3708 4991 3798 5065 vel

2157 5069 2208 5138 Ci
2228 5068 2350 5138 (alii
2385 5064 2546 5122 enim
2577 5065 2757 5138 aliter
2782 5068 3119 5136 numerant)
3177 5084 3346 5138 xxxv,
3408 5069 3492 5120 10.
3527 5071 3573 5138 ᾼ
3623 5064 3796 5138 verbo

2161 5132 2344 5212 βλύξω
2379 5138 2590 5212 deduci
2627 5132 2870 5212 βλύδιον,
2902 5139 3007 5204 ius,
3039 5132 3214 5212 atque
3234 5137 3382 5212 inde
3414 5137 3801 5212 brodium_La-

2156 5210 2436 5276 tinorum,
2469 5210 2795 5280 Salmasius
2824 5214 3094 5264 autumat
3124 5210 3197 5264 ad
3231 5210 3374 5265 Hist.
3409 5211 3554 5280 Aug.
3592 5210 3699 5280 £12
3730 5211 3798 5264 Α.

2156 5283 2261 5338 Ubi
2289 5283 2398 5338 Leo
2425 5273 2732 5356 βλυστάνω,
2769 5280 2848 5335 ibi
2877 5282 3156 5352 Agatbias
3203 5287 3451 5353 usurpat
3479 5273 3795 5348 ἀῖιαϐλύζω,

2156 5355 2536 5508 Qum
2585 5429 2918 5495 sequuntur
2968 5441 3003 5478 a
3059 5424 3412 5479 Combefisio
3465 5440 3632 5480 versa
3663 5427 3801 5476 sunt

2156 5497 2458 5639 Ηξζὶξῖέίο
2493 5586 2628 5623 cum
2657 5567 2850 5622 dativo
2886 5568 3179 5622 construit
3236 5568 3371 5631 Leo,
3406 5567 3554 5620 mire
3587 5580 3747 5639 sane
3783 5578 3796 5627 ;

2153 5635 2482 5695 aCCusativ'o
2508 5641 2771 5712 jungunt
2800 5640 2853 5694 S.
2890 5639 3107 5712 Paulus
3139 5639 3402 5712 Epistula
3451 5639 3522 5712 ad
3561 5635 3796 5712 _Col’oss.

2151 5713 2220 5767 II.
2259 5715 2341 5765 15.
2379 5713 2474 5765 Ill.
2500 5706 2552 5766 9.
2584 5706 2872 5780 Iosephus
2903 5711 3102 5779 Antiq.
3137 5706 3268 5764 Jud.
3299 5712 3422 5762 204.
3459 5710 3520 5761 D.
3557 5708 3610 5760 S.
3659 5706 3797 5759 Gre-

3177 5084 3346 5131 xxxv,
