4186 6308
398 349 517 409 895

1762 346 2055 408 LEONIS
2102 347 2431 410 DlACUNI

3684 350 3799 413 896

398 483 561 551 petze
581 482 859 533 vocatur:
894 494 1010 549 quo
1039 478 1094 531 vi
1123 476 1265 532 belli
1310 477 1596 547 omnique
1628 479 2042 534 machinarum

2159 476 2241 533 λει
2275 480 2410 552 (43),
2440 482 2523 552 τῷ
2549 482 2618 553 τῇ
2652 479 2800 555 Σύρᾳ
2830 481 2985 557 φωνῇ
3034 478 3369 551 καλουμένῳ
3404 478 3714 552 Μέμπετζε⁹
3771 486 3800 539 δ

396 584 611 640 genere
644 567 704 621 in
737 571 1088 637 potestatem
1112 566 1349 621 redacto
1376 566 1793 638 166,reperta
1814 567 1893 622 ibi
1912 584 2047 623 san-

398 657 558 712 dalia
590 656 913 711 Servatoris
937 661 1220 726 tanquam
1252 655 1490 711 caeleste
1503 656 1727 711 donum
1748 656 2046 727 quoddam

398 746 666 810 sustulit,
688 746 947 815 itemque
971 745 1218 815 capillos
1237 744 1562 800 venerandi
1582 747 1975 817 praecursoris
1992 752 2051 801 et

397 836 904 905 prmconis.Atque
919 834 1022 888 illa
1035 834 1273 905 quidem
1295 835 1354 888 in
1378 834 1597 889 illustri
1615 835 1836 906 templo
1850 835 2048 890 Matris

399 923 526 991 Dei,
562 923 718 994 quod
745 924 803 977 in
827 923 1047 994 palatio
1078 930 1441 978 exstructum
1463 930 1571 990 est,
1605 924 1883 979 ditissimi
1918 924 2048 978 the-

399 1014 557 1068 sauri
591 1014 777 1067 instar
806 1013 1116 1082 deposuit;
1143 1013 1251 1068 hos
1282 1014 1343 1067 in
1374 1013 1498 1068 aede
1518 1014 2047 1085 Servatoris,quam

401 1120 434 1157 a
455 1102 860 1158 fundamentis
893 1103 1267 1161 excitaverat.
1300 1103 1442 1157 Inde
1475 1103 1775 1175 profectus
1794 1103 1868 1158 ad
1890 1106 2045 1174 Apa-

399 1206 593 1245 meam
617 1190 887 1260 accessit,
921 1191 1217 1245 munitum
1242 1197 1536 1262 captuque
1564 1191 1807 1246 difﬁcile
1831 1192 2043 1246 castel-

395 1280 660 1336 lum.Sed
684 1286 884 1336 tamen
906 1282 1060 1336 hanc
1092 1298 1328 1353 quoque
1351 1287 1487 1353 post
1507 1282 1635 1337 dies
1654 1299 1775 1337 non
1792 1282 1875 1336 ita
1891 1282 2048 1337 mul-

396 1376 486 1426 tos
511 1371 935 1442 cepit,sua3que
962 1370 1206 1426 ditionis
1222 1371 1456 1438 fecit,ac
1481 1373 1831 1428 Damascum
1844 1388 2047 1427 versus

396 1476 530 1514 cum
552 1460 813 1514 exercitu
845 1458 1173 1515 contendit.
1208 1461 1282 1514 At
1314 1461 1663 1516 Damasceni
1687 1477 1823 1515 cum
1873 1460 2046 1515 donis

398 1549 596 1619 magni
618 1549 791 1619 pretii
822 1550 882 1603 in
913 1549 1211 1617 manibus,
1243 1567 1349 1620 pro
1374 1567 1478 1605 suo
1510 1550 2042 1622 emporioimpera-

402 1639 513 1692 tori
538 1638 771 1693 obviam
804 1639 1070 1707 veniunt,
1103 1644 1171 1694 ut
1195 1640 1324 1710 ejus
1354 1640 1502 1694 iram
1561 1640 2043 1711 deprecarentur,

402 1726 716 1797 ipsumque
749 1728 1098 1783 muneribus
1129 1729 1453 1799 placarent.
1480 1731 1587 1796 Ita,
1610 1729 1714 1784 ubi
1741 1734 1903 1784 certa
1925 1728 2046 1783 illis

2155 567 2246 620 καὶ
2277 566 2513 641 πολέμῳ
2568 567 2657 622 καὶ
2713 572 2833 630 ταῖς
2889 565 3259 629 παντοδαπαῖς
3317 573 3599 642 μηχαναῖς
3633 590 3798 643 παρα-

2158 657 2517 728 στησάμενος,
2547 656 2616 711 τὰ
2638 659 2736 712 τοῦ
2770 663 3031 731 Σωτῆρος
3060 660 3294 733 Χριστοῦ
3329 654 3598 712 σανδάλια
3636 658 3800 714 ἐκεῖσε

2157 744 2495 819 ἀνευρηκὼς,
2525 744 2815 823 ἀνείληφεν
2845 746 2921 808 ὥς
2965 766 3018 801 τι
3054 743 3232 817 δῶρον
3265 745 3540 822 οὐράνιον,
3569 746 3658 801 καὶ
3709 748 3800 809 τὰς

2152 838 2252 888 τοῦ
2305 828 2605 907 σεϐασμίου
2658 856 2719 890 τε
2775 833 3067 911 Προδόμου
3117 834 3337 910 τρίχας,
3380 840 3482 891 τοῦ
3538 838 3799 910 Κήρυκος.

2158 921 2257 975 Καὶ
2287 921 2355 976 τὰ
2387 924 2485 995 μὶν
2516 922 2670 987 αὗθις
2716 922 2769 977 ὲν
2826 927 2908 996 τῷ
2936 922 3254 998 περιπόστῳ
3303 929 3405 992 τῆς
3455 926 3802 999 Θεομήτορος

2156 1015 2334 1082 σηκῷ,
2393 1015 2473 1083 τῷ
2513 1011 2653 1067 κατὰ
2729 1013 2829 1082 τὴν
2883 1013 3243 1087 ἂνακτορικήν
3328 1011 3508 1068 ἑστίαν
3568 1010 3803 1086 δεδομη-

2161 1098 2322 1173 μένῳ,
2353 1099 2601 1169 ἀπέθετο,
2634 1100 2707 1163 ὥς
2736 1122 2857 1156 τινα
2900 1096 3223 1156 πολύολϐον
3282 1102 3574 1176 θησαυρόν·
3605 1102 3700 1164 τὰς
3750 1101 3804 1158 δὲ

2156 1187 2210 1243 ἰν
2236 1193 2317 1261 τῷ
2346 1193 2443 1244 τοῦ
2478 1196 2739 1265 Σωτῆρος
2774 1195 2902 1262 νεῷ,
2930 1192 2987 1245 δν
3022 1189 3180 1253 αὐτὸς
3219 1190 3280 1245 έκ
3338 1191 3558 1266 βάθρων
3591 1191 3805 1267 ἀνήγει-

2157 1297 2267 1353 ρεν.
2328 1278 2562 1335 Ἐκεῖθεν
2618 1279 2829 1352 ἀπάρας
2908 1279 3189 1352 Ἀπαμείᾳ
3245 1274 3588 1354 προσέϐαλε,
3644 1281 3803 1354 φρού-

2157 1387 2273 1443 ριον
2307 1364 2365 1422 δὲ
2398 1367 2532 1438 αὕτη
2567 1367 2772 1443 ὀχυρὸν
2802 1367 2894 1423 καὶ
2925 1366 3263 1428 δυσάλωτον.
3298 1366 3479 1425 Ἀλλὰ
3534 1370 3628 1424 καὶ
3683 1370 3808 1424 ταύ-

2153 1479 2252 1528 την
2315 1457 2707 1532 εὐαριθμήτοις
2785 1457 3021 1532 ἡμέραις
3075 1459 3305 1533 ᾑρηκὼς
3359 1459 3452 1513 καὶ
3515 1479 3806 1535 καταστρε-

2155 1545 2413 1621 ψάμενος,
2478 1546 2567 1602 ἐπὶ
2655 1546 2940 1622 Δαμασκὸν
3005 1546 3141 1620 μετᾶ
3221 1551 3320 1602 τοῦ
3405 1546 3806 1623 στρατεύματος

2156 1634 2315 1692 ἵεται.
2370 1637 2439 1692 Οἱ
2502 1634 2559 1691 δὶ
2614 1636 2819 1705 ταύτην
2879 1636 3176 1705 οῒκοῦντες,
3245 1635 3466 1692 πολλοῦ
3522 1638 3810 1710 τιμώμενα

2156 1722 2305 1801 δῶρα
2332 1730 2453 1788 ταῖς
2480 1724 2671 1800 χερσὶν
2695 1724 3073 1803 ἀνειληφότες,
3131 1727 3271 1799 πρὸς
3327 1726 3376 1763 ³9
3412 1730 3514 1781 τοῦ
3545 1725 3808 1800 ἐμπορίου

404 1816 625 1870 tributa
674 1816 959 1888 imposuit
1014 1818 1075 1871 in
1127 1824 1600 1891 potestatemque
1646 1822 2044 1876 Romanorum

2158 1818 2234 1885 τῷ
2268 1812 2487 1889 βασιλεῖ
2517 1814 2867 1887 ὑπηντίαζον,
2898 1814 3331 1889 παραιτούμενοί
3368 1835 3431 1869 τε
3477 1814 3575 1871 τὸν
3617 1814 3809 1870 τούτου

2159 1905 2184 1920 ,ι
2277 1905 2290 1920 ι
2460 1905 2474 1920 .
2571 1902 2720 1920 -..
2930 1905 3008 1920 ,.
3106 1905 3154 1920 η.
3348 1907 3403 1920 ..,
3643 1902 3778 1920 οη...

400 1905 562 1976 ipsos
590 1907 871 1977 suscepit,
906 1905 1045 1961 inde
1104 1909 1278 1962 motis
1337 1909 1546 1964 castris
1606 1924 1712 1980 per
1762 1910 2047 1965 Libanum

397 1994 592 2063 (mons
613 2000 703 2049 est
726 1995 983 2050 Libanus
1000 2012 1174 2067 asper
1203 2013 1271 2052 ac
1296 1998 1717 2068 maximus,qui
1733 2015 1838 2069 per
1852 2005 2051 2070 partes

401 2083 536 2137 illas
557 2084 863 2155 pertinens
883 2086 1245 2141 thniciam
1260 2104 1292 2142 a
1322 2088 1638 2142 Palaestina
1652 2087 2051 2159 disterminat)

408 2178 747 2227 transverso
770 2174 985 2229 itinere
1033 2175 1244 2242 tendit,
1277 2176 1338 2230 in
1370 2177 1685 2247 ipsumque
1700 2177 2051 2249 enixusjugi

407 2260 678 2325 dorsum,
710 2261 919 2316 urbem
951 2263 1415 2318 munitissimam
1442 2265 1619 2318 Bono
1644 2264 1838 2319 subita
1856 2265 2054 2319 incur-

355 2366 368 2380 ·
412 2349 578 2402 sione
597 2349 771 2419 cepit.
802 2350 940 2405 inde
962 2351 1259 2419 profectus
1292 2352 1353 2405 in
1379 2351 1734 2406 thniciam
1759 2368 1821 2405 se
1839 2351 2055 2406 demito

410 2438 499 2505 tit,
528 2438 839 2492 castellum
864 2439 1167 2493 Balanaaas
1185 2445 1452 2510 occupat.
1487 2442 1757 2511 Berytum
1783 2440 2017 2496 obsidet
2039 2459 2052 2496 :

411 2542 527 2595 quo
559 2526 620 2579 in
650 2526 868 2597 oppido
894 2544 1026 2580 cum
1050 2528 1497 2582 crucifixionem
1516 2529 1842 2584 Servatoris
1889 2529 2058 2601 depi-

412 2620 565 2670 ctam
603 2617 946 2684 invenisset,
982 2633 1111 2672 eam
1145 2617 1282 2672 inde
1328 2619 1621 2674 sublatam
1655 2619 1716 2673 in
1736 2619 2058 2675 Servatoris

405 2704 798 2776 mdem,quam
817 2722 850 2759 a
874 2705 2053 2774 fundamentisexmdiﬁcaveratmandat.

2158 1905 2351 1975 θυμὸν,
2385 1905 2475 1959 καὶ
2504 1909 2621 1967 τοῖς
2653 1902 2853 1978 δώροις
2887 1905 3046 1959 αὐτὸν
3102 1905 3595 1978 ἐξευμενιζόμενοι.
3643 1906 3704 1962 ’0
3733 1902 3809 1974 δέ,

2162 1993 2364 2072 φόρους
2393 1993 2577 2057 αὐτοῖς
2630 1994 2788 2065 τάξας
2844 1994 3045 2071 ρητοὺς
3102 1994 3192 2050 καὶ
3250 1992 3632 2057 ὑποσπόνδους
3688 1995 3814 2047 Ῥω-

2169 2082 2353 2156 μαίοις
2381 2083 2853 2159 ἀπεργασάμενος,
2885 2084 3084 2139 ἐκεῖθεν
3115 2086 3379 2159 ὁρμηθεὶς
3437 2082 3531 2139 διὰ
3583 2087 3682 2139 τοῦ
3719 2091 3813 2137 Λι-

2164 2168 2332 2227 ϐάνου
2364 2168 2513 2247 (ὄρος
2546 2170 2604 2227 δὶ
2636 2174 2721 2246 [Ρ.
2755 2175 2881 2247 103]
2938 2174 2967 2228 ὁ
3026 2170 3262 2233 Λίϐανος
3308 2176 3428 2228 κατ’
3460 2172 3669 2228 ἐκεῖνον
3722 2170 3809 2225 τὸν

2163 2267 2352 2337 χῶρον
2385 2260 2565 2337 τραχὺ
2594 2262 2683 2317 καὶ
2721 2260 2980 2336 μέγιστον
3005 2259 3292 2330 διατεῖνον,
3320 2264 3422 2331 την
3449 2283 3513 2317 τε
3555 2259 3813 2329 Φοινίκην

2162 2350 2253 2405 καὶ
2287 2349 2657 2421 Παλαιστίνην
2689 2348 2957 2421 ἀλλήλων
3004 2350 3244 2424 ἀπείργει
3279 2353 3294 2423 )
3326 2350 3631 2426 ἐγκαρσίως
3659 2348 3812 2418 ἠπεί-

2164 2461 2311 2515 γετο,
2337 2441 2426 2494 καὶ
2468 2441 2585 2494 κατ’
2617 2440 2785 2507 αὐτὴν
2816 2440 2916 2508 τήν
2967 2439 3163 2515 ῥαχίαν
3223 2441 3269 2476 ἰθ
3298 2439 3656 2517 ἀφικόμενος,
3711 2437 3806 2504 τήν

2166 2534 2355 2603 Βορζῶ
2391 2573 2404 2599 ,
2453 2526 2617 2583 πόλιν
2674 2528 3061 2601 ἆρυμνωτάτην
3098 2572 3112 2598 ,
3173 2527 3225 2599 ἐξ
3270 2525 3585 2601 ἐπιδρομῆς
3646 2525 3805 2582 εἷλεν.

2169 2620 2443 2674 Ἐντεῦθεν
2464 2619 2671 2692 ἀπάρας
2708 2620 2818 2690 (44)
2874 2617 2928 2678 ές
2984 2617 3249 2687 Φοινίκην
3306 2616 3539 2687 κάτεισι,
3571 2616 3661 2671 καὶ
3715 2613 3807 2675 τὰς

2162 2728 2223 2762 τε
2283 2706 2586 2768 Βαλαναίας
2645 2706 2706 2760 τὸ
2763 2705 3020 2783 φρούριον
3080 2707 3244 2781 αἱρεῖ,
3284 2706 3373 2761 καὶ
3423 2708 3528 2776 τὴν
3565 2703 3843 2780 Βηρυτὸν-

401 2791 711 2868 πολιορκεῖ·
748 2792 800 2846 έν
831 2795 982 2864 ᾗκαί
1010 2796 1110 2863 τὴν
1140 2799 1239 2849 τοῦ
1269 2800 1530 2869 Σωτῆρος
1562 2796 1615 2849 ἐν
1645 2796 1812 2851 είκόνι
1847 2798 2149 2871 σταύρωσιν
2198 2798 2468 2870 εὑρηκὼς,
2526 2797 2616 2851 καὶ
2670 2796 2871 2866 ταύτην
2921 2795 3117 2859 ἐκεῖθεν
3177 2796 3470 2874 ἀνειλιρὼς,
3509 2796 3568 2852 έν
3614 2798 3696 2867 τῷ
3716 2795 3808 2847 τοῦ

402 2885 663 2955 Σωτῆρος
686 2886 813 2952 νεῷ,
846 2882 901 2937 δν
935 2883 995 2937 ἐκ
1029 2881 1243 2958 βάθρων
1276 2884 1552 2956 ἐδείματο,
1585 2887 1987 2960 παρεκπέμπει.

468 2975 520 3026 5.
580 2973 747 3027 Circa
795 2973 947 3027 hanc
1005 2974 1263 3030 divinam
1316 2975 1638 3048 imaginem
1686 2977 2047 3048 stupendum

400 3061 699 3131 quoddam
744 3063 1078 3134 prodigium
1112 3064 1429 3136 contigisse
1488 3071 1785 3121 narratur.
1869 3067 2049 3121 Aiunt

2231 2976 2287 3029 ε’.
2350 2975 2570 3051 Λέγεται
2630 2971 2688 3028 δὶ
2752 2976 2877 3050 περὶ
2926 2973 3129 3044 ταῦτης
3209 2980 3310 3043 τῆς
3395 2972 3552 3037 θείας
3609 2971 3811 3033 εἲκόνος

2159 3063 2388 3133 ἐξαίσιόν
2418 3083 2472 3118 τι
2503 3058 2905 3137 συμϐεϐηκέναι
2963 3064 3265 3138 τεράστιον.
3327 3064 3466 3118 Φασὶ
3530 3063 3635 3138 γὰρ
3676 3060 3806 3116 κατά

398 3151 748 3206 Christiana;
802 3151 1110 3233 religionis
1135 3152 1438 3207 hominem
1466 3155 1657 3225 Beryti
1692 3155 1754 3209 in
1784 3155 2043 3225 quadam

2158 3175 2277 3208 τινα
2330 3153 2504 3208 ἑστίαν
2558 3160 2658 3222 τῆς
2740 3155 2991 3227 Βηρυτοῦ
3100 3150 3269 3227 ἄνδρα
3322 3153 3392 3208 τὰ
3464 3154 3813 3225 Χριστιανῶν

395 3238 572 3294 domo
603 3240 751 3294 181
780 3240 1100 3307 habitasse,
1125 3240 1186 3295 in
1211 3258 1328 3312 qua
1357 3242 1698 3313 imaginem,
1732 3259 1910 3313 quam
1957 3244 2043 3298 di-

396 3329 625 3396 cebam,
658 3329 848 3383 multo
880 3345 1016 3383 cum
1048 3330 1271 3385 honore
1328 3331 1721 3402 deposuisset.
1756 3332 2043 3387 Eumdem

396 3418 693 3488 posterius
717 3418 1081 3491 demigrasse
1104 3419 1165 3473 in
1194 3419 1341 3475 alias
1363 3420 1541 3487 aedes,
1571 3427 1648 3489 et,
1675 3421 1887 3475 divinaa
1909 3438 2046 3493 pro-

398 3506 671 3561 videntias
704 3514 875 3577 nutu,
909 3509 1059 3563 sacri
1092 3509 1357 3581 pignoris
1416 3510 1693 3581 oblitum,
1752 3511 1815 3565 in
1846 3511 2043 3581 priore

400 3594 573 3650 domo
606 3596 925 3669 imaginem
956 3597 1295 3668 reliquisse.
1320 3599 1568 3654 Easdem
1600 3599 1756 3655 aedes
1774 3599 2044 3655 Judaeum

395 3683 656 3755 aliquem
682 3686 1815 3760 tenuisse,uthabitaret,nonnullosque
1837 3705 2045 3759 super-

397 3773 656 3829 stitionis
678 3791 799 3829 sua;
845 3782 1082 3846 postero
1104 3776 1199 3831 die
1250 3778 1322 3833 ad
1347 3795 1577 3834 coenam
1608 3796 1868 3835 vocasse.
1905 3778 2043 3833 Illos

397 3862 640 3918 domum
665 3864 1171 3937 ingressos,inque
1194 3868 1519 3937 parietibus
1534 3869 1857 3924 Servatoris
1883 3869 2043 3923 cruci

395 3952 555 4007 affixi
585 3954 906 4024 imaginem
932 3954 1216 4024 videntes,
1253 3957 1525 4028 gravibus
1575 3958 1912 4013 maledictis
1941 3958 2044 4013 Ju-

2157 3236 2525 3317 πρεσϐεύοντα
2580 3248 2886 3317 παροικεῖν,
2936 3244 3056 3297 καθ’
3111 3244 3179 3311 ἢν
3230 3241 3321 3297 καὶ
3388 3244 3488 3312 τήν
3561 3242 3805 3319 ῥηθεῖσαν

2159 3329 2341 3384 εἰκόνα
2363 3325 2658 3403 σεϐόμενον
2685 3329 2990 3395 ἀναθέσθαι.
3022 3332 3229 3405 Χρόνον
3288 3329 3346 3386 δὶ
3403 3330 3632 3406 ὕστερον
3691 3328 3805 3391 καθ’

2154 3418 2341 3494 ἑτέραν
2395 3419 2570 3474 οἰκίαν
2634 3424 3074 3493 μεταναστεῦσαι,
3127 3419 3238 3488 καὶ,
3296 3420 3432 3475 κατᾶ
3488 3420 3637 3485 θείαν
3689 3415 3805 3472 τινὰ

2153 3507 2439 3583 πρόνοιαν,
2472 3507 2617 3583 λήθῃ
2657 3509 2702 3545 ⁴ί
2763 3510 3152 3586 περισχεθέντα
3213 3511 3350 3564 κατά
3402 3510 3501 3579 τήν
3538 3506 3796 3584 προτέραν

2154 3596 2325 3651 οἰκίαν
2409 3597 2508 3666 τήν
2592 3596 2775 3653 εἲκόνα
2829 3595 3189 3670 παραλιπεῖν.
3278 3596 3488 3667 Ταύτην
3569 3595 3627 3653 δὶ
3703 3594 3797 3662 τὴν

2155 3684 2330 3739 ἑστίαν
2356 3682 2619 3741 Ἰουδαῖον
2678 3684 3074 3762 παρειληφέναι
3129 3683 3272 3755 τινὰ,
3333 3684 3473 3740 ὥστε
3521 3684 3620 3741 καὶ
3676 3700 3803 3737 κατ-

2154 3779 2345 3829 οικεῖν·
2407 3776 2502 3829 τὸν
2561 3772 2618 3829 δὲ
2672 3778 2779 3829 τῶν
2841 3775 3204 3848 ὁμοθρήσκων
3267 3775 3378 3846 (45)
3430 3774 3602 3829 αὐτοῦ
3657 3789 3801 3829 τινας

2157 3863 2232 3926 εἷς
2262 3864 2363 3933 τήν
2399 3865 2676 3937 ὑστεραίαν
2707 3864 3042 3933 ήστιακέναι.
3104 3858 3212 3927 Οὕς
3263 3863 3342 3934 τῷ
3401 3860 3565 3936 δόμῳ
3628 3863 3802 3917 ὑπεισ-

2155 3953 2410 4015 ελθόντας
2455 3953 2547 4007 καὶ
2603 3954 2741 4029 πρὸς
2798 3953 3005 4008 ἐνώπια
3049 3954 3163 4025 (46)
3219 3953 3316 4021 τήν
3383 3956 3481 4007 τοῦ
3542 3957 3798 4021 Σωτῆρος

1609 4166 1666 4220 C.
1709 4165 1768 4220 Β.
1821 4162 2007 4218 HASII
2038 4161 2598 4219 ANNOTATIONES.

471 4358 518 4394 ³ο
543 4357 703 4432 πρός]
734 4357 865 4433 Leg.
897 4357 1024 4434 πρό.
1057 4358 1105 4396 ⁴⁰
1133 4356 1329 4435 parte.
1363 4360 1519 4430 cod.,
1550 4366 1859 4432 oxytonos.
1891 4359 1935 4395 ⁴¹
1968 4357 2148 4430 λήθης
2176 4358 2306 4415 cod.

396 4557 657 4640 presb_yt.
688 4557 818 4640 Yita
844 4556 897 4612 S.
927 4556 1192 4640 ‘Qre‘gorii
1222 4556 1483 4640 Nazianz.
1521 4559 1562 4613 Ι.
1612 4572 1766 4613 cxm.
1797 4630 1807 4640 ι
1822 4558 1873 4640 _A
1904 4573 2038 4640 προς
2071 4561 2116 4625 D
2149 4553 2576 4640 enimnfactam
2606 4570 2641 4611 a
2670 4555 2851 4610 Burza
2878 4569 2932 4610 a.
2965 4556 3069 4610 969
3106 4570 3119 4610 :
3150 4553 3282 4609 vide
3314 4569 3491 4626 supra
3518 4556 3612 4610 49.
3644 4552 3686 4607 D
3744 4549 3799 4601 et

395 4626 639 4705 ῐρητινιζυς
670 4626 861 4683 εἷπεῖν·
891 4626 1179 4705 alluditur
1207 4629 1290 4705 ad
1330 4629 1546 4705 Isaiam
1595 4645 1733 4705 _xxx.
1767 4630 1874 4705 _1‘Z.
1917 4626 2041 4705 ,νει

398 4697 650 4757 ὀοηοίιὶο
680 4717 973 4767 (acumen,
1000 4702 1254 4773 septimo
1277 4701 1338 4756 in
1371 4700 1725 4756 refutatione
1750 4697 2044 4773 deﬁnitio~

397 4773 491 4827 nis
520 4773 868 4855 lco'noclast:
899 4774 1003 4855 εν,
1186 4774 1243 4855 ll}:
1280 4776 1687 4855 “apocpn‘nxdii‘
1710 4770 1899 4855 φάναι,
1923 4768 2042 4823 ἀνά-

403 4863 562 4912 μεσον
597 4842 756 4918 άγίου
782 4844 871 4896 καὶ
908 4838 1151 4918 βεϐήλου
1183 4842 1244 4918 οὐ
1277 4838 1597 4901 διέστειλαν.
1625 4838 1734 4899 Ubi
1759 4847 2048 4918 praaterea

397 4913 744 4969 vertendum
775 4913 918 4983 non,
949 4922 1009 4969 ut
1031 4917 1355 4986 prophetica
1382 4919 1677 4985 fateamur,
1710 4913 1867 4986 quod
1885 4914 2050 4968 dedit

394 4992 560 5040 vetus
600 4986 917 5057 interpres,
978 5003 1097 5041 non
1155 4988 1631 5043 animadverteris
1680 5003 1809 5041 esse
1843 4986 2041 5040 locum

397 5057 715 5130 Scriptura)
747 5074 949 5120 sacrae,
986 5058 1088 5112 sed
1114 5076 1127 5124 ;
1150 5065 1212 5112 ut
1236 5058 1522 5128 propheta
1543 5057 1888 5130 [Ezechielis
1906 5073 2042 5111 χχιι.

394 5130 463 5184 26
520 5128 724 5198 [verbis
752 5135 995 5183 utamur.

466 5196 574 5269 (43)
606 5200 742 5266 Ista,
776 5215 963 5270 usque
999 5199 1073 5282 ad
1121 5199 1298 5282 verba
1355 5196 1414 5252 ἐκ
1458 5198 1687 5324 Ϊβάθρων
1743 5200 2043 5274 ἀνήγειρεν,

466 5276 532 5324 te
566 5270 820 5324 Bandur.
855 5271 1111 5324 Imperio
1139 5270 1422 5324 Oriental.
1487 5273 1529 5324 l.
1584 5274 1709 5324 481.
1768 5272 1853 5324 Β..
1888 5268 2043 5324 apud

393 5276 532 5325 ante
566 5270 820 5326 Bandur.
855 5268 1111 5341 Imperio
1139 5268 1529 5341 OrientaLIl.
1580 5268 1709 5325 1181.
1768 5268 2043 5341 B.,'apud

397 5358 575 5414 quem
620 5344 764 5413 Συρᾷ
796 5340 1013 5414 legitur
1063 5346 1121 5395 et
1166 5340 1649 5414 Μεμπετζέηάίιω
1708 5340 2043 5414 Ducangius

396 5412 731 5485 vulgaverat
754 5412 905 5467 Nott.
956 5413 1014 5485 in
1046 5414 1284 5467 Zonaras
1316 5412 1528 5467 Annal.
1556 5413 1624 5485 ll.
1664 5415 1781 5465 107.
1820 5412 1885 5466 D.
1921 5412 2042 5466 non

397 5484 525 5541 sine
551 5485 797 5539 minutis
819 5484 1212 5555 mendisquaa
1243 5490 1438 5539 tamen
1464 5484 1609 5537 tanti
1639 5500 1755 5536 non
1783 5490 1943 5547 sunt,
1978 5488 2043 5536 ut

395 5558 698 5639 sigillatim
720 5557 992 5639 exagites.
1010 5556 1094 5609 Ad
1120 5557 1267 5609 hanc
1292 5556 1726 5639 expeditionem
1745 5555 2043 5639 avri-actam

390 5612 706 5685 Tz‘i’miscm.
736 5612 791 5685 7a.
831 5612 970 5682 ῗηι.
998 5612 1726 5698 ειιευρριειιη,³Ε1ιηειρίηιι5
1758 5612 1901 5679 ΙῘίεί.
1938 5626 2038 5679 Sa-

395 5707 504 5758 tac.
540 5703 662 5757 233.
690 5702 747 5757 C.
782 5716 1093 5772 perperam
1114 5700 1297 5755 refert
1324 5700 1819 5772 expugnationem
1834 5698 2034 5752 Antio-

2231 4697 2344 4769 (44)
2367 4699 2500 4753 Haec
2523 4713 2712 4769 usque
2751 4697 2826 4753 ad
2858 4698 3043 4753 ﬁnem
3073 4697 3284 4769 capitis
3307 4698 3370 4766 V,
3403 4693 3478 4757 ὣς
3520 4714 3634 4769 ,μοι
3687 4684 3789 4769 ἤδη

2231 4715 2344 4769 ιη)
2368 4715 2500 4753 meo
2523 4715 2712 4769 usque
2751 4715 2826 4753 aa
2858 4715 3043 4753 nnem
3073 4715 3141 4754 ca
3185 4715 3284 4753 ius
3314 4715 3370 4766 ν,
3403 4715 3478 4757 ως
3538 4715 3634 4767 μοι
3687 4715 3789 4758 non

2157 4766 2505 4852 δεδήλωται,
2684 4770 2758 4852 D,_
2782 4774 2866 4852 et“
2869 4774 3121 4852 utraque
3144 4715 3354 4852 Yingua
3382 4767 3560 4852 apud“
3572 4761 3794 4852 Bandg:

2155 4842 2312 4898 rium
2340 4843 2407 4894 ιι.
2440 4843 2565 4897 480.
2599 4842 2662 4895 Β.
2708 4847 2769 4895 et
2826 4842 3029 4896 Graece
3074 4840 3363 4896 duntaxat
3408 4840 3471 4894 in
3520 4840 3790 4904 Ducangll

2157 4914 2309 4968 Nott.
2346 4913 2406 4967 in
2428 4914 2635 4967 Zonar.
2671 4913 2740 4968 Il.
2776 4915 2898 4984 102.
2935 4914 2995 4969 C.
3030 4912 3142 4984 Sed
3175 4912 3279 4979 ibi,
3311 4919 3379 4966 ut
3426 4910 3542 4984 alia
3573 4908 3792 4984 minuta

2154 4984 2372 5039 menda
2402 4989 2650 5048 taceam,
2682 4983 2860 5038 verba
2887 4983 2985 5052 τὴν
3020 4981 3223 5053 εἰκόνα,
3271 4999 3401 5055 quas
3432 4983 3707 5055 leguntur
3734 4981 3789 5027 in

2154 5056 2265 5111 hac
2298 5057 2389 5129 ed.
2426 5072 2556 5129 pag.
2593 5056 2715 5111 167.
2748 5055 2852 5109 lin.
2879 5058 2919 5129 1
2971 5071 3097 5129 una
3122 5071 3258 5129 cum
3290 5054 3452 5129 linea
3489 5054 3540 5107 5.
3574 5054 3790 5129 integra

2153 5144 2276 5183 non
2307 5127 2434 5181 sine
2465 5127 2667 5198 aliquo
2695 5127 3135 5198 perspicuitatis
3194 5127 3551 5198 detrimento
3582 5127 3790 5179 omissa

2155 5205 2314 5269 sunt,
2349 5194 2748 5269 opinor'quod
2771 5194 2939 5253 voces
2964 5198 3231 5269 repetita;
3258 5194 3589 5269 παραλιπεῖν
3619 5198 3675 5250 et
3694 5205 3785 5269 πσε-

2153 5262 2470 5345 ρειληφέναι
2503 5262 2786 5345 Ducangii
2812 5262 3219 5345 describentis
3238 5262 3443 5324 oculos
3472 5262 3786 5323 turbarent-

2225 5337 2340 5413 (45)'
2361 5341 2694 5412 Ducangius
2713 5337 2913 5413 τῶνδὲ
2939 5344 3071 5413 τῶν,
3106 5341 3281 5413 male.

2225 5402 2336 5483 (46)
2368 5402 2983 5467 νοοθῐῐίἨοῐηθι-ἱοειηι
3032 5402 3264 5464 ἐνώπιον
3299 5409 3491 5479 (Iliad.
3553 5414 3612 5463 Θ.
3646 5402 3782 5483 135.

2153 5486 2215 5538 N.
2251 5480 2375 5539 261.
2409 5485 2615 5555 Odyss.
2646 5489 2703 5536 Δ.
2738 5485 2831 5555 4-2.
2861 5486 2933 5538 Χ.
2974 5486 3091 5538 121.
3126 5484 3258 5537 vide
3290 5483 3580 5555 Heynium
3608 5480 3784 5555 virum

2151 5556 2471 5610 immortal.
2497 5546 2672 5610 Ubss.
2705 5554 2777 5609 ab
2814 5555 2979 5609 lliad.
3005 5557 3203 5610 v.491.
3233 5556 3322 5620 Β.)
3353 5546 3476 5608 rion
3507 5546 3787 5608 intellexit

2152 5627 2429 5685 Banduri.
2465 5627 2549 5681 sic
2581 5632 2837 5692 vertens,
2870 5627 3132 5695 conjectis
3189 5626 3358 5681 oculis
3386 5627 3446 5679 in
3493 5642 3577 5692 ea,
3614 5632 3731 5692 quae
3759 5627 3791 5666 (ι

2149 5700 2341 5768 fronte
2368 5700 2476 5752 sibi
2503 5699 2719 5767 objecta
2761 5704 2940 5753 erant.
