4190 6322
429 375 543 432 897

1760 367 2160 440 HISTORIA;
2204 367 2350 427 LIB.
2400 367 2472 425 X.

3721 370 3840 429 898

431 501 732 576 σταύρωσιν
792 503 1206 578 ἀνατεθειμένην
1267 506 1383 577 (47)
1467 503 1826 577 ἀθρήσαντας,
1896 497 2083 561 δεῖνῶς

2203 500 2388 554 dmum
2412 501 2748 560 incessisse.
2775 504 2837 553 ut
2867 501 3271 571 persuasionis
3321 518 3440 554 sum
3480 503 3842 558 desertorem

432 590 801 667 λοιδορεῖσθαι
831 595 923 647 τὸν
967 591 1250 663 Ἰουδαῖον,
1307 594 1380 653 ὡς
1435 588 1726 647 ἔκσπονδον
1783 597 1882 658 τῆς
1925 594 2070 665 σφῶν

430 681 716 757 θρησκείας
746 682 835 736 καὶ
874 682 940 736 τὰ
994 687 1100 736 τῶν
1158 684 1496 755 Χριστιανῶν
1553 675 1796 735 σέϐοντα.
1855 679 1958 733 Τὸν
2018 674 2075 731 δὲ

426 772 611 844 ὅρκοις
642 769 836 832 αὐτοὺς
889 765 1351 837 διαϐεϐαιοῦσθαι,
1381 772 1419 842 ἦ
1455 771 1560 843 μήν
1617 770 1692 842 μὴ
1743 769 1842 836 τήν
1886 766 2078 821 τοιαύ-

425 882 529 930 την
569 860 750 916 εἰκόνα
809 857 915 922 ἕως
967 865 1065 914 τοῦ
1115 861 1382 936 παρόντος
1437 860 1743 922 θεάσασθαι.
1797 857 1962 920 Αὖθις
2022 852 2079 909 δὲ

431 952 569 1025 πρὸς
601 949 760 1005 αὐτὸν
792 948 922 1012 τοὺς
971 948 1352 1021 παλαμναίους
1412 947 1644 1010 ἐκείνους
1694 947 1880 1001 εἰπεῖν·
1915 970 1942 996 ‹‹
1979 945 2079 1001 Καὶ

432 1040 602 1112 είμή
661 1039 728 1093 τὰ
781 1043 889 1093 τῶν
950 1041 1281 1113 Χριστιανῶν
1345 1036 1641 1111 ὀργιάζεις,
1700 1033 1877 1110 ἔργοις
1933 1036 2081 1106 ἡμᾶς

436 1129 894 1206 πληροφόρησον,
941 1127 1030 1182 καὶ
1079 1126 1278 1196 ταύτην
1327 1128 1426 1196 τήν
1477 1125 1695 1201 λόγχην
1745 1122 2080 1201 ἀνειληφὼς,

433 1217 588 1288 νύξον
617 1218 682 1272 τὸ
710 1221 806 1272 τοῦ
837 1217 1154 1291 Ναζαραίου
1186 1215 1473 1288 εῗκῦνισμα
1500 1215 1636 1270 κατᾶ
1665 1221 1763 1282 τῆς
1820 1213 2078 1286 πλευρᾶς,

435 1308 525 1361 τὸν
551 1307 776 1379 τρόπον,
823 1306 880 1360 ὅν
935 1307 987 1360 οἱ
1044 1307 1269 1379 πατέρες
1326 1305 1485 1376 ἡμῶν
1544 1305 1605 1357 τὸ
1662 1304 1836 1356 πάλαι
1891 1305 2080 1355 τοῦτον

440 1396 846 1470 σταυρώσαντες
933 1391 1292 1469 έλόγχευσαψ
1328 1417 1354 1446 n
1415 1394 1523 1450 Τὸν
1582 1390 1659 1460 δὲ,
1716 1393 1816 1460 τὴν
1869 1391 2084 1464 λόγχην

440 1482 986 1559 μεταχειρισάμενον,
1022 1483 1095 1545 ὡς
1127 1486 1248 1557 εἶχε
1279 1483 1478 1555 θυμοῦ,
1509 1482 1596 1536 καὶ
1655 1480 1892 1553 μάλιστα
1938 1477 2085 1547 πλη-

441 1571 691 1647 ροφορεῖν
751 1571 987 1634 ἐκείνους
1074 1569 1429 1647 βουλόμενον,
1511 1569 1573 1624 τὸ
1653 1569 2085 1640 περιαπτόμενον

439 1661 588 1734 αὐτῷ
643 1657 901 1736 ἔγκλημα
957 1659 1412 1733 κατεπειγόμενον
1499 1656 1898 1733 ἀποτρίψασθαι
1950 1657 2086 1729 (48),

439 1749 720 1819 νύξαιτὴν
747 1757 848 1818 τῆς
887 1747 1098 1810 εἲκόνος
1154 1748 1415 1820 πλευράν.
1473 1753 1625 1818 ⁴Αμα
1683 1743 1740 1799 δὲ
1793 1748 1862 1818 τῇ
1919 1764 2090 1818 προσ-

438 1834 581 1910 ϐολῇ
643 1842 752 1910 (49)
810 1845 911 1906 τῆς
969 1837 1206 1913 αἰχμῆς,
1284 1834 1499 1905 πλῆθος
1580 1834 1936 1910 καταρῥεῦσαι
1994 1832 2084 1886 σὺν

2183 591 2724 646 etChristianorum
2743 590 2918 645 ﬁdem
2941 591 3835 661 colentem.Huncjureiurando

2185 682 2506 748 afﬁrmare,
2542 696 2670 735 sese
2711 680 2878 734 illam
2913 679 3231 750 imaginem
3265 685 3404 734 ante
3456 681 3568 734 hoc
3600 685 3836 751 tempus

2185 770 2428 826 omnino
2452 786 2572 824 non
2589 769 2976 823 vidisse.Tum
3000 769 3234 822 scelesti
3259 769 3405 837 illi,«
3430 770 3483 822 Si
3512 769 3752 839 quidem
3780 792 3806 818 υ

2184 860 2485 930 inquiunt,
2520 882 2545 908 ‹‹
2573 858 3043 912 Christianorum
3071 874 3236 912 sacro
3270 875 3389 912 non
3431 859 3596 927 colis,
3652 859 3830 914 rebus

2184 949 2328 1020 ipsis
2359 954 2580 1003 certam
2613 946 2790 1000 fidem
2822 947 3018 1012 facito,
3053 954 3405 1018 arreptaque
3467 948 3675 1002 lancea
3723 948 3838 1003 ista

2191 1037 2468 1093 Nazareni
2503 1035 2760 1107 efﬁgiem
2793 1037 2854 1090 in
2876 1035 3060 1090 latere
3092 1037 3358 1107 pungito,
3393 1036 3604 1091 eodem
3637 1036 3835 1103 modo,

2189 1143 2304 1196 quo
2337 1125 2522 1179 nostri
2555 1125 2698 1179 olim
2732 1131 2928 1195 patres
2961 1141 3097 1179 eum
3147 1125 3494 1179 crucifixum
3555 1125 3834 1180 confode-

2187 1219 2346 1269 runt.
2373 1236 2400 1263 ››
2428 1215 2570 1266 Tum
2602 1212 2705 1266 ille
2737 1213 2942 1268 lancea
2971 1213 3032 1267 in
3084 1229 3294 1269 manus
3325 1219 3588 1284 accepta,
3616 1221 3682 1268 ut
3728 1214 3836 1268 fla-

2189 1303 2395 1374 grabat
2423 1304 2530 1366 ira,
2565 1317 2679 1372 quo
2713 1301 2831 1355 illis
2876 1318 3054 1372 quam
3086 1303 3343 1356 maxime
3375 1303 3554 1357 ﬁdem
3595 1303 3834 1366 faceret,

2191 1392 2476 1448 afflictum
2501 1390 2609 1443 sibi
2633 1391 2857 1445 crimen
2872 1392 3098 1445 diluere
3111 1392 3540 1462 cupiens,latus
3559 1392 3836 1462 imaginis

2191 1482 2502 1554 percussit.
2546 1481 2649 1534 Vix
2689 1486 2887 1536 autem
2943 1482 3248 1553 cuspidem
3303 1483 3648 1555 impegerat,
3702 1500 3837 1537 cum

2193 1572 2500 1644 sanguinis
2531 1588 2682 1642 apua
2713 1572 2878 1625 mixti
2911 1573 3081 1642 copia
3120 1573 3365 1627 efﬂuxit.
3419 1573 3504 1627 Ad
3555 1573 3838 1628 horribile

2196 1661 2600 1733 spectaculum
2660 1661 2987 1732 obriguisse
3046 1663 3245 1717 ferunt
3299 1663 3511 1734 impios
3567 1664 3836 1718 Judazos:

2193 1753 2400 1821 reique
2455 1750 2614 1805 fama
2672 1750 2988 1821 divulgata,
3031 1750 3438 1821 persuasionis
3491 1753 3840 1807 Christiana:

2197 1841 2468 1894 homines
2499 1839 2656 1893 aedes
2688 1839 2915 1893 Hebri-ei
2940 1840 3244 1905 invasisse,
3272 1841 3687 1912 sublatamque
3705 1859 3836 1895 cru-

438 1924 591 1980 ὕδατι
622 1926 880 1998 αἳματος·
924 1927 1051 1987 τοὺς
1105 1924 1163 1980 δέ
1221 1919 1498 1986 δυσσεϐεῖς
1561 1920 1853 1986 Ἰουδαίους
1908 1942 2085 1990 πεπη-

2203 1929 2354 1984 cifixi
2386 1929 2708 1982 Servatoris
2739 1929 3137 1983 venerandam
3170 1930 3512 2002 imaginem,
3538 1931 3844 2001 sanguinis

436 2019 588 2091 γέναι
644 2022 725 2090 τῷ
784 2021 996 2095 φρικτῷ
1053 2020 1150 2070 τοῦ
1235 2017 1523 2088 θεάματος,
1582 2014 1672 2069 καὶ
1724 2021 1824 2083 τῆς
1893 2014 2086 2091 φήμης

439 2104 807 2178 διαδοθείσης,
861 2107 990 2169 τοὺς
1046 2107 1115 2162 τὰ
1171 2108 1500 2179 Χριστιανῶν
1583 2100 1835 2166 σέϐοντας
1897 2103 2085 2173 εἰσπη-

440 2195 600 2265 δῆσαί
633 2217 691 2250 τε
719 2198 817 2265 τήν
849 2200 945 2250 τοῦ
979 2190 1234 2270 Ἐϐραίου
1265 2194 1466 2264 ἑστίαν,
1499 2195 1589 2248 καὶ
1618 2195 1718 2262 τήν
1749 2194 1948 2260 σεπτήν
1989 2196 2087 2247 τοῦ

444 2291 704 2355 Σωτῆρος
738 2284 1087 2360 ἀνειληφέναι
1145 2284 1469 2358 σταύρωσιν,
1499 2279 1576 2338 ἔτι
1607 2283 1668 2337 τὸ
1700 2287 1841 2346 θεῖον
1891 2276 2090 2336 ἐκϐλύ-

441 2383 635 2446 ζουσαν
694 2377 853 2448 αἷμα,
913 2374 1005 2430 καί
1061 2374 1138 2436 εἷς
1199 2374 1343 2447 ἱερὸν
1406 2375 1679 2438 ἀναθεῖναι.
1747 2373 1936 2444 σηκὸν,
2001 2371 2090 2426 καὶ

432 2470 593 2538 τιμᾶν
644 2464 1103 2540 μεγαλοπρεπῶς.

435 2554 808 2627 παρέπεμψεν,
841 2553 914 2616 ὡς
960 2574 1053 2625 μοι
1085 2551 1196 2622 ἤδη
1230 2549 1560 2622 δεδήλωται.

511 2649 588 2711 [Ρ.
626 2645 745 2716 104]
782 2643 841 2710 ζ’.
875 2642 1022 2698 Ἐπεὶ
1056 2638 1115 2695 δέ
1157 2641 1252 2703 τὰς
1296 2661 1355 2695 τε
1404 2639 1712 2701 Βαλαναίας
1767 2640 1858 2694 καὶ
1914 2646 2087 2714 Βηρυ-

437 2733 529 2788 τὸν
577 2737 658 2804 τῷ
715 2730 980 2805 πολεμεῖν
1048 2732 1240 2806 ᾕρηκε,
1298 2728 1564 2804 Τριπόλει
1620 2730 1669 2764 ⁴²
1722 2725 2087 2800 προσϐάλλει.

445 2823 546 2877 Καὶ
586 2821 691 2893 μὴν
724 2821 838 2883 οἷός
893 2840 952 2875 τε
991 2817 1064 2873 ὢν
1124 2818 1324 2888 ταύτην
1384 2817 1700 2891 πολιορκεῖν
1761 2817 1812 2887 ἐξ
1868 2814 2091 2890 ἐπιδρο-

454 2919 562 2983 μῆς
591 2912 704 2982 [50]
733 2905 1072 2985 (περιϐόλοις
1103 2907 1204 2984 γὰρ
1233 2907 1370 2962 κατὰ
1396 2908 1494 2976 τὴν
1555 2908 1780 2982 ἤπειρον
1833 2906 2087 2980 ἐρυμνοῖς

450 2998 850 3074 περιείληπται,
883 2998 971 3053 ἐπὶ
1022 2996 1196 3074 λόφου
1253 2996 1399 3057 τινὸς
1455 2996 1740 3068 ἀποτόμου
1798 2993 2093 3050 διατείνου·-

2197 2018 2351 2072 rivos
2377 2016 2555 2070 etiam
2579 2022 2704 2070 tum
2726 2017 3098 2086 fundentem,
3123 2019 3183 2072 in
3216 2036 3383 2074 sacro
3409 2020 3656 2074 delubro
3693 2019 3841 2074 168

2197 2106 2564 2176 deposuisse,
2597 2106 2943 2176 honoreque
2972 2107 3240 2163 affecisse
3269 2109 3659 2180 amplissimo.
3682 2110 3842 2163 Hanc

2199 2194 2566 2249 Deihominis
2599 2194 2854 2266 effigiem
2887 2186 3208 2265 imperator
3261 2197 3400 2251 inde
3432 2198 3748 2263 sublatam,
3781 2203 3847 2251 ut

2191 2284 2320 2355 jam
2353 2284 2824 2339 demonstratum
2855 2285 2961 2340 abs
2991 2303 3084 2340 me
3117 2292 3225 2353 est,
3269 2287 3844 2359 Constantinopolim

2203 2373 2386 2428 misit.

1187 2461 1396 2533 Ταύτην
1456 2463 1484 2517 ὁ
1547 2461 1801 2538 βασιλεὺς
1857 2463 1957 2529 τήν
2016 2461 2358 2533 θεάνθρωπον
2448 2461 2661 2537 μορφὴν
2740 2459 2940 2526 ἐκεῖθεν
3022 2463 3356 2537 ἀνειληφὼς,
3415 2471 3497 2538 τῷ
3557 2469 3842 2538 Βυζαντίῳ

2269 2644 2320 2695 6.
2353 2640 2625 2696 Balaneis
2661 2646 2719 2694 et
2749 2642 2958 2713 Beryto
2990 2643 3148 2697 bello
3208 2646 3416 2714 captis,
3451 2645 3524 2700 ad
3558 2646 3838 2717 Tripolim

2199 2730 2658 2794 accessit.Quam
2676 2747 2809 2785 cum
2830 2749 3174 2803 oppugnare
3195 2750 3262 2788 ex
3282 2735 3625 2789 itinerenon
3650 2742 3850 2806 posset

2199 2820 2360 2888 (nam
2385 2836 2500 2888 qua
2520 2824 2748 2889 spectat
2768 2820 3169 2875 continentem
3199 2824 3490 2878 maenibus
3515 2825 3704 2878 firmis
3731 2826 3851 2878 cin—

2199 2907 2489 2978 gitur,per
2504 2908 2796 2962 tumulum
2817 2909 3114 2963 abscisum
3131 2917 3400 2980 porrecta
3417 2913 3572 2982 ipsa:
3595 2913 3646 2966 al
3659 2919 3710 2967 te
3721 2931 3849 2968 rum

2201 2996 2356 3051 latus
2379 3013 2541 3050 mare
2573 2997 2764 3063 alluit,
2784 2998 3110 3068 navaleque
3135 3001 3850 3069 praetenditetstationem

447 3069 530 3143 σαλ
576 3091 708 3144 κατά
761 3069 983 3164 θάτερον
1047 3069 1116 3141 δὲ-
1161 3087 1324 3161 μέρος
1381 3083 1626 3159 θαλάσσῃ
1684 3083 2087 3159 περικλύζεται,

2203 3091 2548 3156 portuosam
2575 3102 2641 3139 ac
2670 3086 2900 3156 tutam),
2927 3087 3063 3141 inde
3083 3089 3258 3143 motis
3289 3091 3498 3144 castris
3529 3090 3764 3145 minora
3791 3091 3850 3143 in

439 3177 671 3233 ἐπίνειον
701 3180 786 3233 καὶ
819 3176 1173 3251 προκόλπιον
1228 3171 1664 3250 προϐαλλομένη
1716 3171 1946 3248 εὔορμον
2001 3175 2088 3228 καὶ

443 3269 765 3344 εύχείμερον
835 3271 1018 3342 (51)),
1081 3267 1280 3321 έκεῖθεν
1341 3265 1572 3340 ἀπάρας,
1629 3266 1724 3326 τὰς
1795 3263 2095 3340 παραλίους

442 3356 719 3432 πολίχνας
748 3355 860 3428 ὁδῷ
907 3351 1219 3431 προϐαίνων
1272 3354 1660 3429 ἐξεπολιόρκει.
1714 3355 1866 3409 Κατὰ
1903 3358 2098 3408 τοῦτον

449 3443 516 3514 δὴ
543 3447 634 3500 τὸν
667 3446 874 3520 καιρὸν,
917 3443 1226 3519 Αὔγουστος
1283 3440 1341 3497 δὲ
1399 3444 1507 3514 μὴν
1561 3442 1693 3516 ἦγεν
1751 3442 1947 3517 ἀρχὴν,
2004 3463 2098 3496 κο-

451 3537 634 3609 μήτης
667 3532 890 3608 ἐξεφάνη
933 3533 1128 3606 ἀστὴρ,
1181 3537 1378 3606 χρῆμα
1437 3531 1580 3594 θεῖόν
1637 3551 1688 3584 τι
1746 3530 1835 3586 καὶ
1893 3531 2095 3599 καινὸν,

458 3625 723 3699 Λογισμὸν
779 3616 1108 3696 ὑπερϐαῖνον
1142 3620 1499 3695 ἀνθρώπινον.
1559 3617 1700 3677 Οὖδὶ
1754 3621 1857 3694 γὰρ
1916 3623 2098 3674 τοιοῦ-

451 3714 541 3769 τόν
569 3735 622 3767 τι
651 3713 788 3767 κατὰ
824 3713 1020 3772 ταύτας
1051 3709 1206 3787 ὢφθη
1264 3709 1359 3771 τὰς
1414 3711 1622 3783 γενεὰς,
1681 3706 1794 3763 οὐδ’
1862 3707 1949 3764 έπὶ
2005 3729 2100 3762 το-

450 3802 644 3866 σαύτας
697 3803 913 3875 ἡμέρας
973 3799 1272 3874 ἐπιφαίνειν
1327 3797 1389 3851 τὸ
1445 3796 1676 3872 πρόσθεν
1733 3791 2096 3869 συμϐέϐηκεν·

447 3892 618 3952 Οὗτος
650 3889 741 3945 ἀπ’
792 3887 1060 3956 ἀνατολῆς
1123 3886 1465 3962 βορειότερος
1499 3888 1543 3922 ⁸³
1573 3885 1832 3960 ἀνίσχων,
1881 3887 1970 3940 καὶ
2025 3885 2102 3948 εἷς

449 3979 584 4052 ὕψος
645 3980 674 4033 ὅ
730 4001 780 4033 τι
838 3977 1093 4032 πλεῖστον
1158 3973 1466 4050 αίρὸμενος,
1540 3974 1613 4035 ὡς
1672 3975 1996 4049 κυπάριττός
2043 3994 2102 4028 τε

454 4069 779 4142 ὑψούμενος,
835 4069 950 4122 εἶτα
1008 4066 1191 4140 ἠρέμα
1245 4062 1633 4136 κυρτούμενος,
1693 4064 1829 4138 πρὸς
1885 4084 2101 4136 μεσημ-

455 4155 610 4234 ϐρίαν
643 4159 911 4226 ἀπένευεν,
948 4153 1170 4228 ἀπλέτῳ
1227 4154 1356 4223 πυρὶ
1403 4149 1776 4226 έκκαιὸμενος,
1824 4153 1913 4208 καὶ
1958 4152 2100 4223 τηλ-

455 4253 639 4322 αυγεῖς
670 4248 759 4301 καὶ
802 4245 1056 4318 λαμπρὰς
1114 4247 1209 4303 τὰς
1271 4244 1486 4305 ἀκτῖνας
1558 4242 1821 4320 έπαφιεές,
1878 4249 2101 4317 πρᾶγμα

453 4333 708 4408 δείματος
741 4335 830 4388 καὶ
862 4331 1063 4409 φρίκης
1117 4329 1283 4404 γέμον
1337 4335 1457 4392 τοῖς
1516 4329 1820 4404 ἀνθρώποις
1881 4331 2097 4404 ὁρώμε-

2209 3175 2408 3229 littore
2441 3175 2659 3246 oppida
2703 3177 3046 3232 Continuato
3105 3195 3421 3250 progressu
3478 3180 3849 3250 expugnavit.

2210 3265 2325 3319 Sub
2370 3265 2527 3320 idem
2561 3271 2815 3337 tempus.
2851 3267 3010 3336 quod
3042 3273 3168 3322 erat
3199 3269 3442 3341 Augusti
3482 3271 3706 3325 mensis
3738 3271 3853 3325 ini-

2211 3353 2380 3419 tium,
2413 3354 2587 3409 stella
2619 3355 2834 3409 crinita
2860 3357 3155 3427 apparuit,
3189 3357 3454 3412 divinum
3484 3377 3728 3430 prorsus
3786 3376 3855 3414 ac

2209 3461 2430 3500 novum
2462 3452 2828 3516 portentum,
2863 3448 3154 3503 rationem
3191 3466 3477 3520 superans
3506 3451 3853 3506 humanam.

2210 3537 2410 3604 Neque
2433 3534 2592 3589 enim
2632 3535 2976 3608 hujusmodi
3039 3537 3268 3608 aliquid
3321 3540 3510 3593 visum
3570 3541 3857 3596 memoria

2209 3628 2416 3678 nostra
2446 3629 2556 3687 est,
2591 3641 2784 3694 neque
2817 3625 3063 3679 omnino
3093 3643 3356 3696 unquam
3380 3633 3516 3682 ante
3547 3629 3767 3684 factum
3795 3635 3860 3684 ut

2207 3727 2313 3782 per
2335 3716 2418 3765 tot
2446 3712 2572 3766 dies
2603 3712 2828 3767 liceret.
2865 3714 3123 3785 Surgens
3157 3715 3262 3770 illa
3289 3715 3361 3770 ab
3396 3722 3531 3771 ortu
3580 3717 3857 3783 hiberno,

2208 3801 2270 3854 in
2288 3800 2783 3871 altitudinemque
2801 3802 3117 3872 plurimam
3133 3810 3556 3869 evecta,erecta
3570 3808 3856 3878 cyparissi

2209 3889 2349 3954 ritu,
2376 3893 2433 3942 et
2455 3889 2660 3943 leviter
2679 3906 2713 3944 a
2739 3906 2971 3944 summo
2995 3891 3234 3958 inflexa,
3262 3893 3337 3947 ad
3369 3894 3676 3948 meridiem
3731 3913 3856 3950 ver-

2207 3979 2401 4052 gebat,
2427 3978 2614 4032 multo
2635 3978 2754 4051 igni
2777 3979 3054 4051 ﬂagrans,
3078 3981 3394 4053 radiosque
3412 4000 3694 4054 spargens
3716 3985 3859 4038 luci-

2210 4069 2316 4124 dos
2348 4085 2416 4123 ac
2461 4068 2745 4134 illustres,
2779 4069 3022 4139 plenum
3082 4071 3418 4126 formidinis
3476 4074 3856 4145 horrorisque

2211 4157 2616 4228 spectaculum
2638 4158 2982 4213 hominibus
3005 4160 3595 4233 praebebatﬁumque
3613 4164 3857 4218 ineunte

2212 4264 2415 4302 mense
2464 4252 2745 4321 Augusto,
2781 4250 3242 4320 quemamodum
3276 4252 3416 4320 dixi,
3465 4256 3855 4325 apparuisset,

2213 4351 2316 4405 per
2346 4336 2651 4407 octoginta
2682 4340 2834 4391 totos
2866 4337 2992 4391 dies
3023 4337 3084 4390 in
3105 4346 3493 4410 conspectum
3521 4359 3648 4396 sese
3669 4343 3855 4410 dedit,

450 4445 564 4486 νος.
599 4425 720 4480 Ἀπ’
755 4423 935 4497 ἀρχῆς
967 4419 1025 4476 δὲ
1057 4421 1230 4494 μηνὸς
1284 4418 1628 4492 Αὐγούστου,
1679 4420 1752 4481 ὡς
1798 4416 1952 4496 ἔφην,
2005 4441 2090 4496 φα-

2212 4424 2294 4478 ita
2322 4430 2389 4478 ut
2419 4425 2678 4480 oriretur
2707 4424 2779 4477 de
2808 4431 2978 4480 nocte
3010 4427 3225 4495 media,
3245 4429 3542 4483 videretur
3572 4447 3758 4499 usque
3786 4431 3859 4484 ad

451 4513 584 4583 νεὶς,
615 4513 696 4588 ἐφ’
728 4510 886 4572 ὅλαις
921 4511 1154 4583 ἡμέραις
1204 4507 1501 4578 ἐπεποίητο
1532 4510 1632 4576 τὴν
1682 4507 1942 4577 ἐπιτολὴν
1989 4515 2098 4581 (52)

454 4601 816 4678 ὀγδοήκοντα,
850 4602 955 4657 ἀπὸ
990 4601 1166 4674 μέσων
1223 4598 1465 4673 ἀνίσχων
1515 4602 1739 4670 νυκτῶν,
1788 4598 1877 4654 καὶ
1934 4601 2099 4674 μέχρι

2212 4513 2434 4568 claram
2457 4514 2670 4569 lucem.
2705 4516 2776 4567 At
2799 4514 3141 4585 imperator,
3163 4533 3297 4571 cum
3317 4517 3622 4572 insolitum
3647 4519 3704 4572 id
3722 4536 3860 4588 por-

2214 4609 2444 4660 tentum
2479 4606 2621 4660 item
2653 4606 3082 4676 conspexisset,
3107 4623 3178 4660 ex
3203 4607 3276 4660 iis
3308 4609 3407 4678 qui
3433 4608 3720 4663 vacabant
3758 4609 3860 4662 oh-

1651 4803 1711 4857 C.
1755 4803 1817 4857 B.
1861 4802 2054 4856 HASII
2091 4803 2649 4860 ANNOTATIONES.

519 4936 566 4970 ⁴²
596 4930 887 5010 Τριπόλει.
922 4933 1036 4989 Sic.
1069 4931 1200 4989 cod.
1236 4933 1332 4988 hic
1366 4949 1378 4986 :
1413 4948 1593 5004 supra
1621 4936 1710 4988 43.
1746 4933 1809 4987 D.
1845 4933 2090 4988 mendos

2203 4931 2438 5008 Γρίπολι.
2517 4935 2564 4969 ⁴³
2594 4937 2748 4990 Fort.
2787 4934 3150 5011 βορειοτέρας.

521 5102 631 5172 (47)
665 5096 1005 5172 Ducangiu‘s
1031 5093 1500 5172 ἀνατεθριμμένην
1521 5095 1670 5166 [sic].

521 5105 608 5172 (4⁸7
665 5102 1005 5168 Ducangius
1031 5102 1359 5167 άνατεθριμε.

518 5102 633 5243 (/18;
666 5174 923 5240 Ducang.
958 5164 1359 5243 ἀποτρέψασθαι

518 5231 1750 5318 (491D‘ucanglnpqSoKﬁhetpa_ulo.post.u
1786 5239 1848 5318 1),
1903 5237 2095 5318 lin.

442 5304 570 5377 τοῧς
604 5304 661 5369 δὲ
693 5304 1004 5382 δυσμενεῖςί
1049 5304 1194 5363 item
1245 5304 1373 5362 lin:
1409 5312 1460 5362 5.
1516 5304 1844 5382 εἷᾶπηδῆσαί
1893 5328 1950 5360 τε
1994 5312 2103 5382 τῶν

445 5384 714 5459 Ἐϐραίων
749 5381 940 5437 ἑστίαν.
979 5383 1118 5459 Quae
1154 5385 1490 5459 sequuntur
1515 5381 1754 5459 omittit.
1791 5381 2102 5459 usquenad

440 5449 637 5526 verba,
670 5455 760 5510 καὶ
791 5475 840 5508 τ.
880 5449 1342 5526 μεγαλοπρεπῶς·
1385 5468 1516 5523 qua:
1567 5453 1711 5507 item
1764 5470 1830 5506 ex
1891 5451 2104 5506 Codice

448 5528 844 5590 restituenda.

516 5607 633 5676 (50)
663 5600 852 5676 Dictio
886 5612 957 5676 es
989 5595 1234 5676 Agatbia
1265 5597 1436 5676 50._A

519 5663 629 5747 (5t)
676 5669 946 5728 Occurrit
993 5663 1320 5739 εὸχείμερος
1369 5667 1483 5723 hoc
1533 5665 1658 5722 fere
1719 5684 1896 5724 sensu
1951 5667 2109 5739 apud

2211 5097 2386 5170 Arist.
2425 5099 2504 5151 De
2535 5115 2657 5170 rep.
2688 5099 2931 5170 171,438.
2988 5099 3046 5153 A.
3102 5116 3442 5170 quanquam
3491 5120 3688 5158 vocem
3733 5123 3863 5162 eam

2215 5169 2429 5238 ejicere
2466 5169 2604 5222 inde
2637 5169 2872 5224 volebat
2921 5171 3182 5225 Muretus
3217 5169 3400 5227 Variis
3431 5174 3587 5230 lecit.
3625 5177 3684 5230 in
3716 5179 3866 5233 The—

2215 5257 2371 5294 saur.
2410 5241 2540 5294 erit.
2577 5243 2805 5295 Gruter.
2843 5241 2906 5296 ll.
2941 5245 3095 5295 1125.
3130 5244 3184 5295 Β.

2288 5314 2394 5380 (52)
2425 5313 2724 5367 Cedrenus
2756 5314 2822 5366 ll.
2858 5315 2979 5378 683,
3018 5315 3076 5370 Β.
3111 5315 3297 5369 visum
3321 5333 3449 5372 esse
3482 5319 3564 5373 ait
3594 5336 3626 5373 a
3660 5337 3861 5375 mense

2219 5385 2476 5458 Augusto
2509 5385 2629 5438 ind.
2655 5384 2760 5458 illl.
2793 5381 2895 5458 ἕως
2929 5380 3264 5458 Ὀκτωϐρίου
3301 5388 3472 5454 μηνὸς
3526 5395 3627 5452 τῆς
3671 5391 3860 5455 157i..—

2216 5452 2609 5535 -r_-r,ctv8txtou.
2649 5456 2927 5535 Sicuenim
2959 5452 3373 5535 demonstrant
3428 5461 3608 5535 Codd.
3646 5452 3862 5535 legen-

2221 5524 2362 5580 dum
2395 5544 2546 5596 esse,
2580 5545 2701 5582 non
2730 5522 2834 5587 ’έιυς
2871 5525 3014 5581 ὀκτὼ
3049 5533 3234 5600 μηνῶν
3267 5551 3318 5586 τ.
3349 5551 3398 5583 τ.
3433 5531 3471 5584 ἱ.
3507 5533 3664 5602 quod
3694 5522 3866 5588 estin

2220 5613 2381 5653 CUSO.
