4190 6322
373 366 490 425 899

1755 361 2047 421 LEONIS
2090 361 2405 424 DIACONI

3667 371 3792 434 900

377 497 693 553 servationi
719 497 982 552 siderum
1009 495 1298 568 quaesivit,
1329 495 1479 550 169
1508 492 1842 565 prodigium
1865 491 2015 563 ejus-

2139 498 2410 567 σταθηρᾶς
2466 493 2677 569 ἡμέρας
2718 497 3020 570 ὁρώμενος.
3079 498 3345 561 Βασιλεὺς
3403 497 3481 566 δὲ,
3525 500 3588 554 τὸ
3626 500 3784 556 ἀσύν-

372 587 534 642 modi
568 586 712 658 quid
744 587 857 640 sibi
887 586 1082 640 vellet.
1117 586 1210 640 llli
1243 602 1361 639 non
1395 601 1463 638 ex
1495 582 1860 654 argumentis
1893 598 2025 652 quae

373 693 470 731 ars
495 675 932 747 suppeditabat,
968 674 1070 728 sed
1093 675 1166 729 ad
1199 678 1468 744 optatum
1495 671 1894 742 imperatoris,
1926 688 2027 726 co-

371 769 545 825 meta;
578 770 774 819 ortum
796 763 1342 833 interpretabantur
1363 777 1698 832 perperam,
1721 760 2025 815 victoriam

377 857 430 911 ei
455 855 526 910 de
552 855 822 910 hostibus
843 871 910 908 ac
930 853 1104 907 vitam
1124 852 1418 907 diutinam
1440 852 1811 922 pollicentes.
1837 853 2024 916 Quam

376 945 854 1015 explanationem
881 940 1359 997 ementiebantur
1382 941 1619 996 Simeon
1641 940 1940 1012 logotbeta
1969 945 2027 994 et

370 1033 854 1103 magister,atque
877 1029 1569 1100 StephanusNicomediaa
1594 1029 2026 1096 antistes,inter

374 1121 578 1176 doctos
610 1120 772 1175 illius
805 1119 1089 1191 temporis
1121 1136 1240 1190 praa
1281 1119 1510 1174 cwteris
1542 1119 1709 1175 clari.
1765 1119 2020 1174 Tametsi

370 1215 616 1265 cometa}
639 1226 914 1265 accessus
938 1225 1058 1264 non
1081 1225 1150 1263 ea
1171 1208 1585 1279 portendebat,
1602 1226 1732 1279 quae
1755 1208 2021 1279 impera-

371 1299 482 1354 tori
514 1299 912 1368 obsequenter
935 1296 1329 1369 exponebant,
1356 1297 1459 1352 sed
1484 1297 1844 1352 rebelliones
1865 1297 2022 1352 cala-

370 1389 636 1456 mitosas,
671 1388 1046 1443 incursiones
1077 1388 1367 1458 gentium,
1426 1393 1623 1442 motus
1676 1387 1898 1455 civiles,
1952 1404 2024 1442 ex

369 1477 604 1550 oppidis
637 1481 694 1532 et
716 1478 870 1548 agris
891 1476 1110 1548 fugam,
1132 1477 1431 1543 caritates,
1455 1482 1674 1546 pestes,
1697 1480 1871 1530 terra:
1895 1492 2022 1530 mo-

373 1575 462 1622 tus
481 1567 812 1632 horriﬁcos,
847 1566 1104 1635 denique
1137 1581 1307 1635 pmne
1339 1579 1611 1619 occasum
1647 1563 1878 1634 imperii
1910 1564 2022 1618 Ro-

369 1660 552 1728 mani,
577 1656 1079 1729 quemadmodum
1094 1673 1202 1711 nos
1223 1657 1285 1710 in
1301 1661 1512 1711 eventu
1529 1671 1724 1710 rerum
1742 1655 2015 1710 vidimus.

2134 593 2263 650 ηθες
2319 583 2596 656 τεράστιον
2652 584 2908 654 κατιδὼν,
2964 586 3095 650 τοὺς
3148 587 3273 663 περὶ
3328 589 3427 658 τήν
3486 594 3593 644 τῶν
3655 611 3784 663 μετ-

2136 672 2320 744 εώρων
2375 671 2746 748 ἐσχολακότας
2801 678 2990 747 ἠρώτα
3059 679 3464 752 παρατήρησιν,
3516 681 3546 734 δ
3597 700 3650 734 τι
3711 679 3778 749 δὴ

2133 760 2220 814 καὶ
2253 761 2512 835 βούλοιτο
2544 764 2606 818 τὸ
2637 770 2887 820 τοιοῦτον
2909 765 3158 836 ἐξαίσιον.
3184 769 3252 824 Οἱ
3285 766 3364 835 δὲ,
3397 767 3504 843 οὐχ
3535 769 3608 830 ὡς
3637 772 3671 837 ἡ
3703 768 3784 824 τὲ-

2135 868 2240 923 χνη
2303 858 2536 927 παρεῖχε
2585 855 2990 930 τεκμαίρεσθαι,
3022 857 3157 931 πρὸς
3192 854 3249 910 δὲ
3299 858 3361 911 τὸ
3389 862 3487 911 τοῦ
3521 857 3792 934 βασιλέως

2137 938 2418 1014 βούλημα,
2463 944 2562 1012 τὴν
2608 947 2705 997 τοῦ
2763 946 3014 1016 κομήτου
3056 949 3464 1020 παρεξηγοῦντο
3495 946 3784 1018 ἐπιτολήν,

2131 1029 2289 1098 νίκην
2321 1051 2380 1084 τε
2420 1030 2566 1103 αὐτῷ
2620 1034 2738 1086 κατ’
2797 1032 3010 1108 ἐχθρῶν
3069 1035 3156 1087 καὶ
3214 1035 3529 1108 μακρότητα
3559 1039 3784 1113 ἡμερῶν

2132 1116 2604 1193 ἐπαγγελλόμενοι
2659 1116 2891 1186 ἔσεσθαι.
2954 1129 3158 1192 ’Ήστην
3217 1121 3274 1178 δὲ
3332 1125 3385 1178 οἱ
3435 1129 3601 1180 ταῦτα
3646 1131 3788 1202 παρ-

2132 1206 2486 1282 εξηγούμενοι
2573 1212 2873 1283 Συμεώνης
2926 1233 2986 1266 τε
3045 1213 3073 1265 ὁ
3133 1210 3436 1287 Λογοθέτης
3518 1215 3609 1268 καὶ
3680 1217 3787 1287 μά-

2129 1317 2368 1372 γιστρος,
2399 1299 2491 1352 καὶ
2536 1300 2564 1354 ὁ
2616 1302 2716 1368 τῆς
2769 1298 3140 1372 Νικομηδείας
3199 1300 3465 1376 πρόεδρος
3496 1301 3789 1380 Στέφανος,

2131 1383 2315 1460 ἄνδρες
2356 1392 2462 1442 τῶν
2515 1387 2637 1444 τότε
2692 1393 2874 1463 σοφῶν
2928 1411 3076 1452 οντες
3139 1389 3594 1465 ἐλλογιμώτεροι.
3625 1392 3789 1448 Ἀλλ’

2131 1475 2261 1549 οὐχὶ
2319 1481 2486 1532 ταῦτα
2536 1481 2570 1547 ἡ
2630 1482 2730 1532 τοῦ
2787 1481 3036 1551 κομήτου
3089 1477 3406 1554 παρεδήλου
3463 1480 3718 1552 ἐπιτολὴ,
3754 1480 3789 1536 ἂ

2132 1565 2269 1639 πρὸς
2313 1565 2472 1639 χάριν
2525 1567 2578 1621 οἱ
2621 1565 2811 1641 ἄνδρες
2865 1573 2944 1639 τῷ
2998 1568 3362 1642 αὐτοκράτορι
3417 1571 3786 1646 ὑπηγόρευον,

2129 1653 2459 1716 ἀποστασίας
2537 1653 2594 1710 δὲ
2643 1655 2916 1730 χαλεπὰς,
2976 1656 3140 1711 ἐθνῶν
3197 1678 3256 1712 τε
3313 1655 3634 1733 ἐπιδρομὰς,
3695 1660 3788 1714 καὶ

369 1745 669 1823 ἐμφυλίους
702 1747 934 1815 στάσεις,
963 1745 1050 1799 καὶ
1086 1742 1498 1816 μεταναστάσεις
1531 1742 1747 1798 πόλεων
1791 1742 1881 1796 καὶ
1941 1745 2166 1817 χωρῶν,
2227 1740 2429 1816 λιμοὺς
2487 1746 2578 1798 καὶ
2627 1744 2888 1816 λοιμοὺς,
2935 1745 3026 1800 καὶ
3057 1743 3350 1824 φρικώδεις
3383 1747 3663 1820 σεισμοὺς,
3695 1749 3785 1803 καὶ

367 1834 742 1910 πανωλεθρίαν
806 1831 1002 1909 σχεδὸν
1070 1840 1171 1904 τῆς
1239 1834 1557 1904 Ῥωμαῖκῆς
1652 1831 2016 1907 ἐπικρατείας,

371 1923 610 1998 ειδομεν.

2111 1833 2245 1903 ἅπερ

2343 1836 2506 1905 ἡμεῖς
2593 1833 2653 1890 ἐκ
2743 1842 2845 1904 τῆς
2931 1840 3037 1890 τῶν
3106 1837 3446 1911 πραγμάτων
3515 1833 3791 1903 εκϐάσεως

442 2021 496 2071 7.
530 2016 761 2072 Etenim
785 2020 918 2087 post
938 2013 1574 2086 Joannisimperatoris
1595 2030 1626 2068 e
1650 2013 1771 2068 vita
1801 2013 2015 2068 disces-

2204 2011 2264 2079 ζ’.
2297 2013 2447 2068 Μετὰ
2482 2013 2583 2088 γὰρ
2613 2014 2712 2082 τήν
2757 2017 2854 2069 τοῦ
2903 2013 3304 2090 αὐτοκράτορος
3338 2015 3589 2072 Ἰωάννου
3619 2015 3787 2086 ἐκδη-

371 2123 522 2173 sum,
559 2105 779 2160 Bardas
810 2105 1092 2177 magister
1122 2109 1515 2176 cognomento
1549 2103 1802 2171 Sclerus,
1829 2101 2019 2156 domi-

369 2197 549 2252 nandi
582 2196 962 2266 habendique
1023 2196 1229 2250 morbo
1280 2195 1584 2261 laborans,
1635 2210 1771 2248 cum
1832 2193 2020 2247 levem

371 2286 818 2342 multitudinem
841 2285 1156 2356 praestigiis
1187 2289 1419 2354 captam
1456 2282 1831 2350 infatuasset,
1862 2281 2022 2352 peri-

374 2376 641 2430 culosam
676 2374 956 2429 adversus
987 2375 1288 2445 principes
1337 2371 1727 2427 rebellionem
1777 2371 2021 2426 molitus

371 2469 477 2519 est:
484 2481 590 2536 per
602 2463 1180 2535 quadrienniumque
1195 2462 1395 2517 Asiam
1409 2461 1681 2533 pervasit,
1689 2460 2021 2532 provincias

372 2561 629 2621 vastans,
663 2553 881 2625 oppida
911 2569 1130 2607 eruens
1158 2571 1170 2619 ;
1205 2552 1406 2622 copias
1453 2557 1652 2606 autem
1700 2553 2016 2618 Romanas,

373 2644 582 2701 castris
612 2659 682 2697 ex
714 2642 959 2697 adverso
990 2641 1161 2696 factis
1193 2641 1306 2695 sibi
1338 2641 1660 2712 Oppositas,
1710 2640 1772 2694 in
1820 2639 2019 2712 fugam

369 2731 564 2798 vertit,
589 2731 962 2801 conciditque
985 2730 1300 2785 atrociter:
1338 2728 1523 2784 semel
1554 2729 1878 2784 exercitum
1907 2730 2020 2783 Pe-

374 2822 446 2877 tri
476 2820 707 2887 patricii
741 2836 808 2874 ac
839 2819 1133 2890 praetoris,
1169 2835 1303 2874 cum
1352 2819 1414 2872 in
1468 2819 1703 2890 Laparaa
1757 2834 1894 2889 agro
1947 2817 2018 2888 (is

369 2909 688 2982 provinciae
703 2909 1121 2963 Armeniorum
1138 2913 1227 2963 est
1240 2907 1552 2974 ﬁnitimus)
1570 2906 1843 2978 praelium
1866 2922 2022 2961 com-

370 3001 728 3067 mitteretur,
763 2999 864 3054 ubi
897 3004 956 3054 et
1003 2999 1129 3069 ipse
1163 2999 1372 3052 Petrus
1420 2997 1726 3068 patricius,
1777 2995 2020 3067 cuspide

370 3091 523 3145 ictus
565 3096 623 3145 et
653 3089 806 3144 I70
837 3088 1105 3159 dejectus
1136 3103 1314 3158 equo,
1343 3087 1406 3140 in
1438 3087 1568 3158 ipsa
1597 3086 1722 3142 acie
1752 3086 2018 3140 animam

365 3179 620 3242 efﬂavit;
653 3181 1018 3248 protectores
1051 3180 1248 3230 autem
1282 3175 1707 3246 quamplurimi
1741 3190 1863 3228 una
1882 3190 2018 3228 cum

364 3269 469 3324 illo
494 3264 1144 3322 occubuerunt:deinde
1163 3264 1271 3318 sub
1290 3263 1478 3319 Barda
1496 3263 1691 3318 Phoca
1711 3264 2015 3335 magistro,

363 3357 464 3426 qui
497 3371 631 3409 cum
663 3370 698 3409 a
729 3352 1097 3425 principibus
1129 3352 1478 3422 dignitatem
1505 3352 1815 3407 domestici
1845 3352 2016 3407 scho-

366 3444 558 3499 larum
575 3441 1052 3513 recepisset,acie
1065 3439 1346 3496 adversus
1362 3441 1626 3496 Sclerum
1644 3441 1704 3495 iu
1726 3441 2019 3496 Pancalea

364 3535 653 3590 constitit.
694 3535 742 3588 Is
777 3532 1127 3604 equitabilis
1159 3538 1402 3602 propter
1432 3533 1739 3588 Amorium
1772 3547 2019 3604 campus

369 3629 476 3679 est.
513 3623 596 3677 lbi
629 3622 785 3677 inter
834 3622 1053 3677 infesta
1093 3622 1211 3676 tela
1265 3627 1442 3693 caput
1480 3622 1641 3694 ligno
1697 3639 2017 3694 percussus

373 3714 600 3767 Phocas
633 3729 700 3767 ex
734 3727 884 3782 equo
917 3711 1173 3766 occidit:
1208 3711 1496 3781 humique
1547 3715 1766 3766 stratus
1811 3716 2018 3783 captus

367 3807 522 3857 esset
543 3801 614 3856 ab
635 3801 927 3868 hostibus,
947 3801 1392 3872 interiissetque
1415 3800 1776 3872 ignobiliter,
1809 3801 1926 3856 nisi
1951 3807 2018 3856 ut

357 3907 510 3946 unus
536 3890 608 3946 de
630 3890 837 3946 multis
859 3889 1164 3963 neglectus
1187 3895 1342 3944 esset
1362 3889 1433 3944 ab
1456 3889 1830 3958 adversariis,
1855 3891 2014 3962 quod

360 3981 621 4051 speciem
656 3981 784 4051 ejus
815 3981 1176 4052 ignorarent,
1206 3979 1537 4050 fuissetque
1570 3979 1640 4034 ab
1693 3985 1864 4034 nocte
1915 3996 2016 4035 su—

359 4068 744 4139 perveniente
777 4072 1062 4123 servatus.
1097 4071 1172 4120 At
1201 4067 1455 4135 Sclerus,
1491 4067 1680 4122 elatus
1723 4069 2014 4140 ejusmodi

357 4157 621 4212 victoriis
653 4160 834 4226 atque
865 4155 1220 4222 obcaecatus,
1253 4156 1464 4210 fortior
1485 4156 1612 4226 jam
1661 4157 2011 4226 habebatur,

359 4262 538 4316 quam
569 4249 636 4298 ut
662 4245 715 4297 vi
748 4244 872 4299 ulla
897 4245 1200 4314 armisque
1233 4245 1498 4314 superari
1530 4250 1751 4315 posset.
1786 4247 1866 4301 Ex
1895 4265 2012 4318 quo

361 4337 419 4388 et
449 4333 727 4396 Nicaeam,
758 4330 1052 4402 Abydum,
1082 4331 1376 4386 Attaleam
1399 4331 1558 4387 bello
1577 4333 1753 4404 cepit,
1777 4335 2013 4404 etquid-

357 4419 502 4491 quid
535 4421 597 4474 in
628 4421 767 4475 Asia
797 4421 1080 4475 Romanis
1109 4426 1277 4490 paret
1306 4419 1616 4490 subjunxit
1647 4420 1757 4476 sibi
1786 4438 1798 4475 :
1833 4422 2010 4478 simul

357 4511 680 4583 assumptis
714 4509 1060 4566 triremibus
1090 4509 1241 4564 bene
1295 4510 1520 4577 multis,
1573 4511 2010 4584 dominansque

355 4599 692 4669 mari,male
713 4617 848 4654 cum
878 4599 1274 4670 negotiatores
1293 4604 1418 4654 tum
1440 4600 1632 4671 ipsam
1646 4601 1774 4672 jam
1798 4601 2006 4656 urbem

350 4690 594 4757 vexavit,
612 4689 881 4760 adquam
899 4688 1222 4760 appellere,
1246 4689 1594 4756 utantehac,
1619 4689 1867 4745 navibus
1885 4690 2004 4745 fru-

351 4781 666 4835 mentariis
698 4780 946 4834 minime
977 4779 1247 4850 permisii
1273 4796 1285 4834 :
1320 4779 1508 4835 donec
1525 4779 1778 4852 ignifera
1797 4780 2005 4836 classis

356 4868 508 4923 clam
532 4885 566 4924 a
587 4868 959 4940 principibus
981 4869 1495 4941 Constantinopoli
1528 4869 1747 4925 emissa
1768 4875 1872 4925 est.
1898 4871 2003 4925 Cui

354 4957 528 5011 classi
563 4956 877 5026 praefectus
923 4957 1143 5014 Bardas
1193 4960 1647 5026 Parsacutenus,
1699 4959 2000 5032 magister,

348 5045 669 5118 derepente
700 5046 978 5103 devectus
1010 5048 1084 5103 ad
1115 5047 1409 5120 Abydum,
1442 5051 1715 5106 triremes
1763 5051 2002 5122 tyranni

2052 3381 2093 3447 ρ
2135 3350 2300 3421 αὐτὴν
2361 3353 2636 3422 ἐξέπνευσε
2691 3353 2789 3420 τήν
2848 3351 3166 3427 παράταξιν,
3222 3351 3494 3406 πλείστων
3545 3349 3628 3405 ὅτι
3675 3356 3790 3404 τῶν

2135 2100 2263 2173 μίαν
2294 2102 2401 2157 ἀπὸ
2429 2107 2526 2157 τοῦ
2557 2103 2828 2176 σώματος,
2862 2101 3076 2177 Βάρδας
3127 2106 3448 2180 μάγιστρος,
3479 2107 3505 2160 ὁ
3537 2108 3650 2160 κατ’
3683 2106 3785 2161 ἐπ-

2131 2191 2371 2264 ωνυμίαν
2424 2192 2700 2268 Σκληρὸς,
2752 2193 3046 2269 φιλαρχίαν
3093 2195 3180 2248 καὶ
3235 2193 3541 2264 ἀπληστίαν
3581 2199 3782 2262 νοσῶν,

2131 2279 2306 2354 ἀπάτῃ
2364 2278 2422 2335 δὲ
2480 2283 2757 2353 μετελθὼν
2805 2282 2898 2337 καὶ
2956 2282 3240 2358 φενακίσας
3269 2283 3362 2338 τὸν
3395 2281 3569 2338 πολὺν
3603 2279 3782 2358 ὄχλον

2129 2368 2217 2423 καὶ
2277 2366 2525 2440 εὔκολον,
2577 2373 2663 2444 [Ρ.
2699 2374 2821 2443 105]
2879 2371 3204 2426 ἀποστασίαν
3265 2369 3444 2442 δεινήν
3503 2374 3642 2428 κατὰ
3670 2377 3780 2427 τῶν

2128 2459 2468 2533 κρατούντων
2503 2458 2852 2533 ἐμελέτησεν·
2905 2459 2993 2516 ἐπὶ
3040 2468 3295 2532 τετραετῆ
3322 2482 3382 2516 τε
3410 2461 3650 2516 ἐνιαυτὸν
3677 2463 3782 2530 τὴν

2130 2547 2315 2605 Ἀσίαν
2348 2548 2673 2624 κατέδραμε,
2731 2551 2920 2624 χώρας
2974 2549 3298 2624 πυρπολῶν,
3332 2549 3422 2604 καὶ
3451 2549 3642 2612 πόλεις
3673 2571 3780 2605 κα-

2127 2640 2580 2715 ταστρεφόμενος,
2679 2642 2780 2709 τήν
2850 2660 2909 2694 τε
2991 2641 3308 2712 Ῥωμαϊκὴν
3405 2638 3652 2712 δύναμιν,
3730 2639 3784 2710 ἐξ

2129 2729 2429 2783 ἀντιπάλου
2485 2728 2832 2803 παρατάξεως
2904 2729 3363 2802 ἀντιτασσομένην
3429 2729 3595 2802 αὐτῷ,
3658 2749 3789 2805 τρε-

2127 2819 2392 2893 πόμενος,
2422 2819 2511 2874 καὶ
2566 2822 2902 2876 κατακαίνων
2963 2820 3154 2895 ὠμῶς·
3212 2825 3375 2876 τοῦτο
3423 2821 3519 2894 μὶν
3552 2820 3656 2875 ὑπὸ
3685 2824 3788 2875 τοῖ’)

2127 2906 2414 2979 πατρικίου
2465 2907 2672 2980 Πέτρου
2720 2906 2811 2961 καὶ
2866 2904 3347 2981 πρατοπεδάρχου
3407 2903 3783 2980 δημαγωγουο

2132 2995 2320 3066 μένην,
2369 2993 2458 3048 ὅτε
2509 2995 2647 3049 κατὰ
2699 2995 2798 3062 τὴν
2859 2995 3118 3069 Λάπαραν
3167 2995 3231 3049 τὸ
3277 2991 3468 3050 πεδίον
3506 2993 3789 3066 (μεθόριον

2129 3081 2185 3138 δὲ
2236 3087 2398 3138 τοῦτο
2453 3091 2553 3153 τῆς
2605 3088 2796 3159 χώρας
2847 3088 2956 3138 τῶν
3018 3083 3407 3160 Ἀρμενίων)ἡ
3445 3084 3601 3158 μάχη
3659 3104 3788 3137 συν-

2127 3179 2422 3248 εκροτεῖτο,
2463 3173 2700 3244 ὁπηνίκα
2759 3173 2846 3228 καὶ
2903 3173 3066 3238 αὐτὸς
3123 3175 3151 3229 ὁ
3206 3173 3498 3249 Πατρίκιος
3557 3173 3788 3246 Ιιέτρος,

2130 3259 2366 3336 δορατίῳ
2428 3260 2657 3337 βληθεὶς
2707 3264 2794 3318 καὶ
2849 3267 2951 3318 τοῦ
3001 3261 3177 3317 ’ίππου
3234 3260 3602 3336 κατενεχθεὶς,
3655 3262 3784 3336 παρ’

2133 3442 2480 3497 ὑπασπιστῶν
2539 3441 3026 3518 συναναιρεθέντων
3103 3441 3271 3514 αὐτῷ’
3349 3444 3510 3495 τοῦτο
3568 3437 3626 3494 δὲ
3685 3439 3792 3494 ὑπὸ

2128 3529 2312 3607 Βάρδα
2371 3532 2668 3606 μαγίστρου
2724 3537 2822 3587 τοῦ
2880 3537 3056 3604 Φυκᾶ,
3134 3530 3192 3594 ὅς
3277 3530 3414 3606 πρὸς
3486 3535 3594 3585 τῶν
3653 3550 3788 3604 κρα-

2122 3621 2362 3676 τούντων
2420 3623 2482 3676 τὸ
2539 3625 2638 3676 τοῦ
2694 3621 3019 3695 δομεστίκου
3074 3626 3182 3677 τῶν
3242 3621 3464 3696 σχολῶν
3496 3618 3781 3688 ὑποζωσά-

2126 3733 2286 3784 μενος
2367 3710 2605 3784 ἀξίωμα,
2677 3710 2972 3773 ἀντίπαλος
3044 3715 3126 3783 τῷ
3184 3707 3426 3783 Σκληρῶ
3479 3709 3616 3763 κατὰ
3669 3710 3769 3777 τήν

2122 3800 2462 3876 Παγκάλειαν
2546 3799 2878 3876 παρετάξατο
2971 3802 3103 3872 (55).
3188 3798 3521 3869 Ἱππήλατον
3602 3800 3770 3851 τοῦτο

2118 3887 2325 3959 πεδίον,
2375 3894 2455 3961 τῷ
2508 3888 2770 3964 Ἀμωρίῳ
2799 3891 3154 3965 προσὲγγιον.
3193 3893 3368 3945 Ὀπου
3411 3884 3479 3956 δὴ
3509 3887 3602 3942 καὶ
3632 3887 3779 3961 παρὰ

2116 3979 2178 4033 τὸ
2239 3978 2568 4054 μεταίχμιον
2630 3974 2815 4054 ῥάϐδῳ
2883 3977 3018 4033 κατά
3073 3982 3170 4033 τοῦ
3219 3976 3443 4050 κρανίου
3473 3973 3713 4050 πληγεὶς
3747 3976 3777 4030 ὁ

2118 4072 2338 4137 Φωκᾶς,
2368 4071 2464 4122 τοῦ
2510 4064 2686 4121 ’ίππου
2743 4087 2804 4122 τε
2857 4067 3158 4143 κατενὲχθη
3223 4066 3313 4121 καὶ
3373 4064 3449 4128 εἷς
3499 4071 3603 4140 γῆν
3640 4085 3774 4118 κατ-

2116 4152 2348 4226 εϐλήθηο
2376 4156 2466 4211 καὶ
2496 4152 2591 4211 κᾶν
2643 4154 2768 4226 ἥλω
2825 4161 2934 4211 τῶν
2987 4155 3240 4212 ἐναντίων
3267 4155 3357 4210 καὶ
3387 4152 3596 4216 ἀκλεῶς
3629 4172 3772 4227 παρ-

2115 4245 2392 4312 απώλετο,
2429 4244 2474 4300 εἰ
2510 4247 2586 4318 μὴ
2633 4245 2707 4308 ὡς
2768 4247 2842 4308 εἷς
2895 4250 3004 4300 τῶν
3064 4243 3292 4300 πολλῶν
3325 4244 3593 4319 παρώφθη
3628 4241 3774 4315 παρὰ

2112 4338 2221 4389 τῶν
2278 4333 2582 4407 δυσμενῶν,
2639 4335 2994 4410 ἠγνοηκότων
3053 4334 3235 4404 αὐτὸν,
3288 4331 3592 4396 ἐπελθοῦσα
3643 4328 3762 4399 δὲὴ

2113 4422 2202 4496 νὺξ
2231 4426 2422 4478 τοῦτον
2473 4419 2746 4480 διέσωσεν.
2807 4423 2868 4477 ’Π
2927 4419 2986 4477 δὲ
3047 4421 3317 4496 Σκληρὸς,
3345 4424 3464 4482 ταῖς
3489 4418 3766 4480 τοιαύταις

2111 4511 2251 4566 νίκαι
2279 4511 2526 4586 ἐπαρθείς
2565 4533 2624 4567 τε
2668 4514 2760 4567 καὶ
2817 4510 3134 4589 φρενωθεὶς,
3166 4507 3533 4570 ἀνυπόστατός
3563 4527 3648 4568 τις
3677 4507 3766 4560 καὶ

2111 4599 2541 4680 ἀκαταγώνιστος
2593 4599 2892 4674 ἐνομίζετο.
2952 4602 3224 4663 Ἐντεῦθεν
3289 4600 3389 4668 τήν
3431 4617 3492 4652 τε
3539 4595 3765 4652 Νίκαιαν

2112 4693 2200 4745 καὶ
2233 4685 2498 4762 νΑὸυδον,
2530 4691 2618 4745 καὶ
2677 4688 3000 4746 Ἀττάλειαν
3060 4693 3139 4760 τῷ
3182 4687 3446 4761 πολεμεῖν
3491 4685 3768 4758 παρεστή-

2115 4800 2265 4847 σατο,
2293 4779 2383 4834 καὶ
2413 4780 2514 4848 τήν
2570 4785 2672 4848 τῆς
2731 4779 2917 4840 Ἀσίας
2976 4776 3342 4848 ἐπεποιήσατο
3369 4776 3416 4810 ⁴³
3444 4772 3764 4846 Ῥωμαϊκὴν

2105 4868 2470 4941 ἐπικράτειαν·
2557 4868 2649 4923 καὶ
2729 4868 2988 4928 πλείστας
3069 4868 3315 4942 τριήρεις
3398 4858 3760 4938 προσείληφε,

2104 4958 2196 5012 καὶ
2249 4945 2737 5033 θαλᾶσσοκρατῶν’
2765 4955 2976 5034 μεγάλα
3031 4954 3157 5017 τοὺς
3204 4953 3484 5028 ἐμπόρους
3535 4950 3761 5018 ἐσίνετο,

2102 5049 2192 5103 καὶ
2273 5049 2440 5118 αὐτὴν
2522 5047 2632 5119 ἢδη
2713 5050 2812 5118 τήν
2879 5046 3292 5123 βασιλεύουσαν,
3349 5045 3445 5106 τὰς
3503 5039 3762 5118 σιτηγοὺς

1559 5231 1618 5285 C.
1663 5231 1724 5284 Β.
1767 5231 1955 5287 HASII
1994 5232 2551 5289 ANNOTATIONES.

424 5376 468 5411 ‘4
501 5377 632 5448 Leg.
668 5371 1058 5442 ὑπεποιήσατο.
1094 5371 1222 5427 Vid.
1259 5376 1378 5428 107.
1413 5375 1474 5427 Β.
1502 5373 1610 5428 lin.
1646 5373 1731 5429 12.
1763 5375 1863 5430 108
1894 5378 1962 5434 Α.
1993 5377 2103 5434 lin.
2132 5381 2184 5434 5.

422 5557 533 5630 (53)
561 5556 640 5630 De
670 5555 781 5630 hac
801 5550 1130 5630 rebellione
1151 5549 1579 5630 Bardqaﬁcleri,
1598 5566 1747 5630 quae
1769 5551 1900 5630 fere
1922 5555 1995 5610 ab

351 5621 840 5687 obitu'Tzimiscas
871 5641 924 5680 a.
959 5625 1082 5695 976.
1119 5621 1192 5695 ad
1224 5638 1276 5677 a.
1310 5623 1435 5677 981.
1472 5621 1811 5695 perduravit
1859 5625 1995 5695 (quo

350 5719 506 5760 anno
537 5699 834 5774 incipiunt
882 5694 1083 5754 Basilii
1130 5693 1274 5768 imp.
1327 5693 1731 5768 expeditiones
1789 5693 1998 5756 contra

2107 5558 2432 5631 Bulgaros),
2466 5558 2594 5614 vide
2627 5557 2877 5614 Cedren.
2913 5556 2979 5610 ΙΙ.
3000 5557 3156 5631 _§92_.
3217 5554 3282 5631 ρ.
3330 5549 3478 5631 Pagi
3683 5548 3756 5631 ad

2104 5621 2258 5686 AnnV.
2295 5621 2506 5686 Baron.
2541 5631 2634 5685 IV.
2677 5631 2743 5684 38
2783 5631 2849 5683 A.
2894 5634 2952 5682 et
2989 5629 3077 5683 45.
3112 5626 3178 5681 Α.
3224 5625 3298 5679 Le
3330 5621 3485 5679 Beau
3516 5621 3761 5677 Histoire

2106 5701 2181 5756 du
2211 5703 2506 5774 Bas-Emp,
2539 5702 2680 5758 XVI.
2715 5701 2836 5755 230.
2873 5703 2941 5756 A.
