4190 6322
394 359 510 423 921

1749 363 2145 426 HISTORIA!
2186 360 2332 422 LIB.
2376 360 2452 420 X.

3696 360 3814 423 922

400 493 761 572 κατερίπωσε,
820 495 911 555 καὶ
977 496 1071 558 τὰς
1126 494 1354 562 πλείους
1410 495 1586 561 ἑστίας
1637 497 1908 572 δινέτρεψε,
1955 499 2050 552 τᾶ-

2165 496 2434 553 constitit
2458 495 2721 552 malum:
2756 495 2863 552 sed
2895 496 3125 552 tholum
3158 513 3402 569 quoque
3442 499 3812 571 superiorem

401 607 502 664 φον
562 584 730 649 αὐτὰς
779 590 896 648 τοῖς
957 585 1193 640 οῗκοῦσιν
1249 586 1694 665 ἀπεργασάμενος
1742 588 1808 656 ⁵⁸,
1869 587 1936 642 τά
1991 607 2048 641 τε

401 675 706 752 πρόσὲγγια
735 678 833 731 τοῦ
861 674 1161 744 Βυζαντίου
1192 676 1374 751 χωρία
1408 674 1606 754 μέχρις
1661 673 1892 738 ἐδάφους
1922 695 2049 730 κατ-

409 760 595 833 έϐαλε,
653 764 744 818 γαὶ
801 763 974 819 πολὺν
1029 769 1136 818 τῶν
1182 764 1456 841 ἀγροίκων
1522 763 1722 842 φθόρον
1781 764 2048 833 ἐποίῆσεν·

401 854 464 910 οὗ
491 853 656 928 μόνον
693 851 770 920 δὲ,
803 850 950 907 ἀλλά
978 853 1066 907 καὶ
1121 853 1183 908 τὸ
1232 853 1589 933 ἡμισφαίριον
1645 861 1744 923 τῆς
1804 854 2053 929 ὑπερῴας

405 951 509 1012 τῆς
581 941 826 1018 μεγάλης
886 941 1178 1012 ἐκκλησίας
1240 947 1350 1014 (63)
1408 942 1499 998 σὺν
1554 947 1622 1016 τῇ
1707 945 1842 1017 πρὸς
1902 940 2051 997 δύσιν

402 1029 561 1106 ἀψίδι
646 1025 912 1086 κατέϐαλε
994 1031 1084 1085 καὶ
1171 1031 1246 1093 εἷς
1315 1038 1418 1107 γῆν
1470 1031 1856 1106 κατερίπωσεν·
1916 1026 2051 1106 ἅπερ

403 1123 557 1186 αὖθις
590 1123 617 1176 ὁ
651 1121 1004 1196 αὐτοκράτωρ
1052 1118 1342 1182 Βασίλειος
1411 1119 1462 1175 ἐν
1519 1114 1569 1192 ἔξ
1620 1119 1884 1182 ἐνιαυτοῖς
1941 1117 2055 1176 ἐδο-

407 1213 648 1286 μήσατο.
717 1209 812 1264 Καὶ
873 1210 925 1264 οἱ
978 1208 1334 1287 παγχάλεποι
1368 1206 1425 1266 δὲ
1454 1207 1639 1285 λιμοὶ,
1687 1211 1777 1265 καὶ
1836 1209 2051 1285 λοιμοὶ,

404 1299 614 1376 αὐχμοί
667 1321 726 1356 τε
761 1341 775 1365 ,
833 1299 924 1355 καὶ
973 1297 1283 1361 ἐπικλύσεις
1321 1342 1335 1369 ,
1393 1299 1483 1355 καὶ
1535 1297 1742 1372 ἀνέμων
1807 1298 2054 1370 ἐξαισίων

397 1387 658 1469 ἐπιφοραί
693 1410 705 1423 ·
767 1387 998 1459 ὁπηνίκα
1056 1388 1147 1443 καὶ
1205 1389 1233 1444 ὁ
1282 1387 1334 1444 ἐν
1394 1393 1512 1450 τοῖς
1576 1389 1883 1464 Εὐτροπίου
1941 1391 2052 1463 (64)

404 1477 603 1542 στύλος
663 1482 732 1552 τῇ
785 1479 879 1554 βίᾳ
924 1483 1032 1533 τῶν
1090 1480 1350 1552 κυμάτων
1403 1477 1740 1558 κατηνέχθη,
1788 1478 1880 1534 καὶ
1921 1479 1948 1534 ὀ
2004 1477 2056 1533 ἐν

2158 591 2378 661 Magnae
2410 588 2680 643 Ecclesiaa
2739 605 2871 644 cum
2906 587 3114 644 absida
3165 588 3519 644 occidentali
3575 591 3810 662 dejecit,

2160 683 2451 749 terraeque
2481 677 2730 732 afflixit:
2761 695 2892 749 quae
2923 679 3173 749 posthac
3205 678 3456 733 Basilius
3489 679 3814 750 imperator

2161 768 2319 823 intra
2351 766 2595 822 sexemii
2637 766 2894 838 spatium
2950 766 3268 821 renovavit.
3322 769 3542 839 lnopiaa
3610 768 3814 824 adbaec

2161 856 2712 928 importunissimaa,
2733 855 3112 927 pestilentizn,
3140 855 3454 923 siccitates,
3487 857 3812 928 cluviones,

2160 952 2469 1001 ventorum
2503 945 2877 1000 horribilium
2908 945 3173 1000 turbines
3201 962 3212 999 :
3268 947 3485 1016 quibus
3533 947 3815 1003 columna

2162 1052 2397 1107 quoque
2428 1035 2488 1090 in
2513 1036 2874 1106 Eutropiano
2899 1052 3004 1106 per
3024 1036 3136 1090 vim
3165 1036 3454 1090 ﬂuctuum
3479 1053 3682 1092 eversa
3703 1043 3810 1106 est,

2161 1123 2460 1194 fraterque
2484 1139 2662 1194 super
2682 1123 2846 1177 illam
2875 1122 3050 1176 undis
3075 1123 3265 1195 pelagi
3291 1124 3507 1179 misere
3541 1141 3772 1180 mersus
3797 1142 3810 1180 :

2163 1213 2444 1268 sterilitas
2491 1212 2633 1268 item
2696 1217 2866 1266 terrae
2924 1218 3101 1283 atque
3159 1229 3414 1284 superne
3475 1214 3814 1287 ingruentia

2161 1301 2319 1356 mala
2339 1305 2472 1372 post
2505 1301 2690 1356 stellae
2723 1307 2939 1367 ortum,
2973 1300 3174 1356 omnia
3217 1307 3560 1358 evenerunt.
3593 1305 3810 1358 Verum

2171 1391 2297 1445 hzec
2321 1391 2624 1463 sigillatim
2655 1407 2761 1446 suo
2780 1390 3042 1462 quidque
3066 1396 3329 1462 tempore
3353 1392 3601 1447 historia
3631 1392 3807 1448 dicet.

393 1569 541 1643 αὖτῷ
575 1571 848 1643 μοναστὴς
889 1571 1000 1642 (65)
1030 1567 1353 1644 έναπεπνίγη
1385 1573 1500 1630 τοῖς
1528 1567 1846 1633 θαλασσίοις
1877 1567 2085 1644 ῥοθίοις
2119 1566 2330 1629 δεινῶς·
2362 1568 2452 1624 καὶ
2483 1571 2517 1638 ἡ
2545 1568 2746 1649 ἀφορία
2777 1566 2832 1623 δὲ
2882 1575 2981 1638 τῆς
3032 1575 3160 1642 γῆς,
3218 1570 3304 1624 καὶ
3338 1569 3405 1625 τὰ
3434 1569 3808 1645 ἐπισκήψαντα

395 1658 616 1736 χαλεπὰ
647 1659 780 1732 μετὰ
805 1658 903 1727 τὴν
933 1663 1030 1714 τοῦ
1061 1657 1283 1733 ἀστέρος
1323 1655 1611 1729 ἐπιτολὴν,
1671 1653 1881 1714 ἅπαντα
1936 1657 2260 1736 ἐξεγένοντο.
2297 1656 2470 1715 Ἀλλὰ
2526 1663 2694 1713 ταῦνα
2753 1658 2845 1731 μὲν
2902 1659 3038 1714 κατὰ
3081 1657 3247 1732 μέρος
3289 1660 3364 1720 εἰς
3420 1658 3548 1720 τοὺς
3598 1660 3802 1714 ἑαυτῶν

394 1747 619 1831 κα,ροί›ς
653 1750 688 1816 ἡ
721 1745 933 1824 ἱστορία
959 1744 1370 1822 παραδηλώσει.

475 1837 562 1893 ια’.
622 1837 684 1894 Ὀ
738 1833 796 1891 δὲ
854 1835 1208 1912 αὐτοκράτωρ
1261 1837 1532 1907 Ἰωάννης,
1591 1835 1715 1892 τότε
1783 1840 1890 1891 τῶν
1949 1843 2050 1907 τῆς

2229 1843 2315 1894 11.
2345 1840 2603 1895 Joannes
2635 1839 2977 1911 imperator,
3012 1844 3152 1894 tunc
3183 1856 3253 1894 ex
3283 1839 3450 1912 Syria
3505 1839 3806 1912 profectus

407 1925 607 1999 Συρίας
628 1924 838 2000 ἀπάρας
871 1924 1090 2001 (ἐκεῖθεν
1136 1927 1262 2004 γὰρ,
1319 1923 1437 1982 ὅδεν
1493 1921 1697 1998 ἐξέϐην,
1753 1925 2046 2001 ἐπάνειμί),

402 2014 489 2070 ἐπὶ
521 2016 583 2071 τὸ
619 2014 912 2086 Βυζάντιον
977 2014 1107 2075 ἵετο.
1165 2017 1342 2092 Ὁρῶν
1391 2013 1447 2072 δὲ
1489 2016 1626 2072 κατὰ
1679 2013 1920 2090 πάροδον
1951 2018 2050 2084 τήν

402 2127 460 2162 τε
491 2103 772 2183 Λογγιάδα
827 2105 918 2162 καὶ
948 2107 1039 2162 τὸν
1072 2112 1268 2181 Δριζῆν
1295 2110 1432 2181 (66),
1478 2107 1667 2181 χώρας
1726 2105 1966 2181 εὖγείους
1992 2128 2051 2161 τε

2158 1926 2355 1999 (redeo
2388 1929 2548 1984 enim
2580 1946 2671 1994 eo,
2696 1928 2851 1984 unde
2884 1928 3137 1998 diverti),
3170 1928 3283 1984 iter
3312 1929 3806 2000 Constantinopo-

2159 2018 2264 2074 lim
2286 2035 2488 2074 versus
2518 2018 2790 2074 habebat.
2813 2018 2894 2072 lbi
2915 2035 3050 2073 cum
3081 2017 3143 2073 in
3169 2019 3422 2074 transitu
3446 2017 3802 2091 Longiadem

2161 2113 2218 2163 et
2249 2107 2454 2162 Drizen
2482 2107 2726 2176 videret,
2751 2107 2970 2162 feracia
3017 2112 3194 2178 atque
3253 2107 3432 2180 opina
3488 2108 3635 2174 loca,
3670 2124 3801 2179 quae

1605 2262 1665 2318 C.
1700 2262 1762 2317 Β.
1800 2260 1991 2318 HASII
2043 2260 2599 2320 ANNOTATIONES.

465 2403 514 2439 δι
541 2400 1002 2480 ἀπεργασάμενος.
1034 2403 1162 2460 Vid.
1192 2421 1372 2477 supra
1391 2407 1478 2460 42.
1506 2413 1552 2460 Δ

402 2546 504 2621 γὰρ
537 2543 686 2618 αὐτῷ
718 2548 1013 2621 τηνικαῦτα
1041 2546 1104 2621 τὸ
1135 2539 1280 2608 ἔθνος
1335 2545 1496 2602 ἄπαγ’
1532 2564 1648 2619 quo
1681 2550 2046 2605 conﬁrman-

404 2618 512 2684 tur,
547 2635 678 2691 quaa
732 2618 984 2692 bngelus
1039 2619 1170 2675 loco
1220 2621 1318 2692 cit.
1356 2623 1396 2676 Ι.
1434 2618 1576 2692 258.
1638 2621 1710 2676 de
1769 2621 2052 2677 Sclavinis

449 2697 543 2745 ost
593 2705 628 2744 a
676 2693 797 2746 573.
853 2693 1175 2746 Avarorum
1234 2691 1484 2763 imperio
1544 2692 1827 2761 subjectis
1883 2699 2053 2749 acute

448 2763 1003 2836 isputat._Sequitur
1032 2763 1094 2817 in
1116 2763 1255 2836 Cod.
1291 2763 1466 2836 longa
1495 2764 1755 2818 narratio
1779 2764 1850 2819 de
1881 2766 2054 2820 Thes-

413 2834 680 2891 salonica
696 2833 790 2908 bis
811 2834 920 2889 sub
945 2835 1222 2908 Mauricio
1242 2833 1736 2908 impfaccerrime
1759 2852 2058 2908 oppugna-

416 2910 495 2971 ta,
529 2905 713 2960 semel
764 2911 902 2961 tunc
930 2923 964 2961 a
994 2907 1300 2971 Sclavinis,
1334 2905 1568 2962 iterum
1600 2907 1670 2961 ab
1725 2905 1870 2977 ipsis
1897 2905 2055 2962 Kna-

417 2977 501 3032 ris
526 2977 754 3049 :deque
783 2977 1033 3032 civitatis
1065 2984 1198 3049 post
1226 2981 1416 3033 varias
1449 2994 1832 3049 summasque
1864 2994 2053 3047 angu-

413 3049 526 3103 tias
548 3048 862 3118 improvisa
893 3048 1263 3104 liberatione.
1298 3051 1436 3115 Qua)
1467 3050 1671 3104 omnia
1698 3048 1836 3104 ante
1867 3067 1901 3104 a
1952 3053 2056 3104 602

413 3135 528 3191 quo
560 3136 744 3174 czesus
803 3125 892 3175 est
950 3121 1285 3186 Mauricius,
1345 3126 1528 3192 gesta.
1584 3121 1657 3176 ab
1704 3120 2056 3192 oculatoque

414 3197 566 3272 teste
579 3192 1065 3272 perscriptaiqui
1097 3192 1406 3272 ideo_alius
1429 3208 1558 3272 esse
1579 3191 1864 3272 debet‘ac
1882 3191 2058 3248 Joan-

409 3279 516 3318 nes
547 3264 616 3334 ll.
678 3263 1160 3334 archiepisc0pus
1218 3264 1782 3327 Thessalonicensis,
1817 3265 1974 3319 circa
2002 3281 2053 3320 a.

413 3336 546 3407 680.
572 3333 832 3407 liorens),
858 3333 923 3389 ut
953 3333 1437 3407 supplementum
1460 3337 1729 3390 Historias
1751 3337 2054 3407 Theophy-

2162 2549 2502 2608 extulerant.
2554 2552 2638 2623 (Ac
2661 2551 2790 2622 jam
2842 2555 2979 2623 ante
3037 2549 3272 2623 Andrea
3320 2551 3594 2606 Schottus
3650 2551 3808 2623 apud

2162 2623 2436 2694 Pbotium
2468 2622 2679 2684 83l.;A.
2717 2624 2840 2694 haec
2871 2622 2942 2676 de
2965 2623 3017 2676 S.
3054 2622 3327 2677 Simeone
3360 2623 3588 2694 Stylita.
3621 2622 3718 2676 τοῦ
3757 2622 3808 2676 ἐν

2161 2697 2240 2762 τῷ
2268 2691 2408 2747 κίονι
2442 2694 2626 2746 στάσιν
2682 2693 3042 2761 ἀθλήσαντος,
3075 2696 3173 2763 qui
3208 2691 3524 2766 [asceticaa]
3553 2697 3806 2751 stationis

2163 2772 2433 2821 certamen
2463 2767 2520 2819 in
2551 2767 2804 2820 columna
2823 2767 3103 2830 sustinuit,
3129 2782 3328 2819 errore
3359 2783 3529 2836 paene
3553 2767 3809 2835 joculari

2165 2837 2250 2892 sic
2280 2836 2666 2891 reddiderat:
2719 2838 2912 2891 Sancti
2960 2838 3248 2900 Simeonis,
3285 2839 3383 2907 qui
3425 2839 3484 2892 in
3535 2839 3804 2894 seditione

2167 2908 2418 2963 Cionensi
2451 2910 2721 2963 occubuit.
2757 2909 2872 2962 Nec
2901 2907 3096 2969 facile,
3130 2914 3194 2961 ut
3226 2909 3336 2963 hoc
3365 2908 3558 2963 obiter
3589 2909 3808 2977 dicam,

2165 2997 2235 3036 ea
2264 2980 2326 3034 in
2357 2979 2623 3052 versione
2656 2979 2947 3052 pagellam
2996 2979 3283 3052 invenias,
3318 2980 3460 3052 quin
3494 2980 3577 3052 sit
3616 2980 3811 3035 defor-

2164 3057 2323 3106 mata
2350 3051 2673 3118 erroribus,
2708 3051 3167 3120 interpretisque
3191 3067 3295 3105 seu
3325 3051 3684 3120 imperitiam
3711 3069 3816 3107 seu

2164 3124 2540 3178 oscitantiam
2573 3122 2804 3193 prodat.
2839 3122 3157 3194 Velut7887.
3188 3124 3252 3194 Ι).
3290 3122 3675 3193 Sophronius.
3711 3123 3812 3194 qui

2169 3211 2283 3249 suac
2305 3211 2401 3249 vu.
2432 3195 2853 3264 Hierosolymm
2873 3193 3210 3264 patriarcha
3229 3193 3358 3256 fuit,
3380 3194 3452 3248 ad
3485 3193 3810 3250 Henorium

2167 3267 2310 3336 imp.
2335 3283 2468 3336 sae.
2489 3284 2538 3319 v.
2573 3272 2873 3336 mortuum
2907 3265 3215 3336 scripsisse
3237 3264 3810 3336 diciturepistolam,

2165 3337 2199 3404 ἢ
2235 3333 2510 3406 ἱπεστάλη
2571 3333 2621 3388 ἐν
2682 3336 2870 3410 Ῥώμῃ
2936 3333 3187 3410 Ὀνὶυρίῳ
3241 3339 3341 3410 τῷ,
3377 3333 3576 3402 ταύτης
3644 3335 3810 3407 ἐπέρ-

412 3405 550 3460 lacti
594 3406 925 3482 Simgcattze
959 3405 1251 3482 in’aliquo
1283 3409 1752 3482 subsequentum
1785 3405 2054 3482 __volumi-
2098 3413 2140 3478 ρ
2170 3428 2348 3482 χοντι.
2385 3405 2660 3464 SchOttus
2690 3426 2703 3462 :
2753 3405 3019 3482 Honorio,
3054 3405 3651 3482 Romanoiimperatori
3679 3405 3814 3482 mis-

413 3493 579 3550 num.
615 3484 678 3531 ut
699 3477 978 3545 diximus,
1013 3478 1062 3532 si
1092 3477 1188 3533 res
1218 3484 1436 3534 nostrae
1460 3479 1726 3536 siverint.
1747 3478 2057 3550 aliquanto

410 3548 681 3622 pleniora
711 3556 887 3620 atque
947 3550 1352 3605 emendatiora
1381 3567 1559 3622 quam
1591 3556 1730 3606 sunt
1787 3548 1868 3606 in_
1897 3551 2058 3606 Actis

415 3619 805 3682 Sanctorum,
823 3622 1210 3692 proferemus.

480 3694 590 3764 (637)
624 3691 933 3764 (Plura’de
980 3693 1397 3764 hemisphzerio
1449 3692 1550 3764 illo
1605 3693 1939 3764 Ducangius
1969 3691 2055 3747 Ad

413 3763 580 3846 gauli
614 3763 931 3846 Silentiarii
974 3763 1435 3846 descriptionem
1480 3763 1534 3818 S.
1573 3763 1958 3846 Soph-imbui.
1992 3769 2052 3818 Β.

406 3836 597 3890 Terras
633 3841 875 3901 motum,
896 3835 967 3889 de
987 3853 1102 3905 quo
1133 3835 1227 3890 hic
1255 3836 1384 3890 Leo.
1404 3842 1696 3889 memorat
1716 3835 2056 3889 Elmacinus

416 3907 630 3959 Histor.
667 3907 855 3961 Sarac.
909 3909 1014 3960 252
1070 3908 1129 3961 C.
1167 3907 1453 3971 Similem,
1485 3912 1552 3961 ut
1605 3907 1700 3961 hic
1754 3906 1863 3961 sub
1896 3905 2054 3960 Basi-

408 3976 512 4039 lio,
543 3978 822 4039 Agathias
855 3979 976 4030 145.
1010 3979 1068 4030 C.
1101 3978 1209 4033 sub
1233 3977 1564 4033 Justiniano
1591 3977 1877 4034 accidisse
1908 3977 2056 4032 scri-

407 4047 509 4120 bit.
549 4047 708 4103 Abus
741 4048 846 4102 sub
882 4049 1156 4104 Mauricio
1191 4056 1416 4104 tantum
1477 4049 1812 4120 Byzantinis
1844 4048 2050 4103 formi-

405 4118 606 4192 dinem
653 4119 858 4174 intulit
890 4162 916 4192 ,_
962 4127 1213 4192 auctore
1257 4118 1675 4192 Theophylact.
1735 4121 2054 4192 Simocatta

405 4191 742 4263 ῌίεῐοιζη24.
786 4193 852 4246 D.
889 4189 1085 4263 dicunai
1137 4191 1267 4252 τοὺς
1319 4189 1760 4263 ἱππομανοῦντας
1954 4193 2051 4263 τοῦ

406 4257 559 4321 δέους
593 4259 787 4336 ἀθρόον
843 4259 1227 4336 μετάλλεσθαι,
1267 4263 1328 4336 [1.
1367 4257 1755 4336 μεθ’άλλεσθαι]
1819 4261 1955 4333 πρὸς
1989 4261 2052 4315 τὸ

406 4337 644 4410 σῷφρον.
670 4335 808 4410 Quas
839 4335 1038 4406 inepte
1090 4334 1282 4410 vertit
1311 4334 1954 4410 Jacobusl’ontanusu
1986 4339 2055 4410 ut

407 4405 586 4486 etiam
613 4406 714 4486 qui
777 4405 1069 4486 equarum
1120 4407 1182 4462 in
1243 4422 1470 4486 morem
1503 4406 1836 4486 libidinum
1884 4406 2054 4462 furiis

405 4478 792 4549 agitarentur,
824 4477 924 4532 icti
955 4483 1138 4544 metu,
1172 4483 1417 4549 repente
1447 4477 1522 4532 ad
1554 4479 1901 4549 pudicitiam
1924 4493 2052 4533 sese

406 4547 636 4604 darent.
677 4572 696 4595 -
755 4547 902 4602 Sunt
961 4549 1122 4603 enim
1179 4547 1720 4617 ot‘innouavo‘ﬁvtsc
1777 4549 2051 4605 homines

403 4619 778 4691 equestribus
819 4619 976 4691 ludis
1007 4620 1129 4675 sive
1158 4620 1324 4691 Circo
1355 4621 1560 4688 dediti,
1593 4623 1693 4691 qui
1742 4638 1950 4676 omnes
1981 4637 2052 4676 ex

405 4689 846 4772 gymnasiqtiiw
875 4690 1116 4774 ἱππικῶν
1138 4689 1569 4774 ,ἀγωνισμάτωῃ
1601 4689 1674 4748 de
1716 4710 1832 4774 quo
1854 4693 2050 4774 βίαιο-

2168 3479 2302 3538 sam.
2339 3482 2509 3535 Verte
2536 3499 2547 3534 :
2588 3482 2853 3547 Honorio,
2889 3481 3054 3549 hujus
3079 3479 3266 3550 [urbis
3298 3481 3518 3550 Romai]
3545 3480 3810 3546 antistiti,

2169 3552 2480 3607 Pontiﬁci.
2542 3552 2817 3622 Epistolaa
2867 3567 3103 3622 quoque
3158 3551 3372 3616 Photii,
3434 3569 3469 3606 a
3523 3551 3812 3607 Richardo

2167 3624 2521 3678 Montacu'tio
2555 3640 2733 3678 versae
2764 3629 2940 3693 atque
2963 3623 3157 3688 editae,
3182 3639 3302 3678 non
3336 3623 3644 3676 meliorem
3675 3624 3814 3678 sub-

2166 3695 2364 3750 ierunt
2394 3695 2714 3750 fortunam.
2775 3696 2918 3749 Nam
2977 3693 3150 3748 modo
3209 3693 3525 3765 interpres,
3585 3699 3652 3748 ut
3688 3699 3816 3750 erat

2165 3766 2330 3822 rudis
2364 3782 2560 3820 rerum
2625 3765 3096 3836 Byzantiuarurn,
3157 3765 3702 3836 protospatharium
3735 3765 3809 3819 ob

2165 3854 2287 3891 non
2346 3832 2716 3891 intellectum
2761 3836 2982 3907 (siglum
3046 3832 3381 3907 anienem;
3421 3835 3572 3905 (vide
3633 3853 3813 3907 supra.

2164 3911 2266 3963 217
2334 3910 2428 3973 Α.)
2468 3906 2861 3979 Aspatharium
2907 3913 3074 3979 vocat
3102 3909 3190 3961 69.
3226 3906 3291 3961 Α.
3325 3913 3384 3962 et
3414 3908 3672 3979 primum
3704 3906 3809 3963 no-

2166 3980 2382 4035 tarium
2413 3979 2506 4034 vel
2544 3977 2963 4049 primicerium
3002 3977 3328 4050 (ανοταριον)
3356 3997 3390 4034 a
3416 3977 3655 4034 notariis
3685 3981 3810 4036 36l.

2167 4052 2227 4108 Β.
2261 4051 2436 4106 modo
2460 4057 2577 4105 tum
2599 4050 2953 4118 religionum
2978 4055 3102 4104 tum
3127 4050 3343 4122 linguae
3367 4052 3581 4105 Graecas
3607 4051 3812 4106 admo-

2165 4122 2305 4177 dum
2329 4139 2391 4177 se
2414 4122 3058 4192 ostenditimperitum.
3099 4122 3192 4177 Sic
3215 4125 3302 4176 ‘75.
3328 4123 3387 4178 C.
3415 4123 3648 4193 legitur.
3670 4122 3814 4177 ridi-

2165 4194 2374 4249 culene
2405 4194 2598 4250 dicam
2629 4211 2705 4249 an
2732 4194 3017 4248 scelerate
3043 4210 3056 4248 :
3089 4195 3383 4248 retributio
3415 4212 3448 4249 a
3478 4194 3624 4249 caelis
3651 4211 3816 4264 repo-

2161 4267 2271 4321 sita
2295 4273 2373 4322 est
2402 4268 2472 4321 iis
2502 4267 2600 4336 qui
2630 4282 2752 4320 cum
2778 4268 3062 4336 proposito
3091 4265 3391 4336 mentiendi
3446 4266 3608 4336 verbo
3637 4268 3815 4335 impia

2156 4338 2462 4409 protulere.
2497 4333 2609 4409 Sed
2648 4333 2899 4392 locu—tio'
2921 4341 3060 4409 τοῖς,
3088 4334 3174 4391 ἐπὶ
3205 4333 3422 4409 ψεύδεσι
3458 4333 3608 4409 ῥῆμα
3638 4333 3812 4405 πονη-

2165 4405 2254 4481 ρὸν
2290 4405 2698 4481 ὑφισταμένοις,
2731 4414 2985 4481 quaeest
3013 4405 3229 4464 allusio
3285 4408 3360 4464 ad
3418 4405 3472 4465 SL
3509 4410 3706 4464 Matth.
3747 4411 3808 4464 V.

2165 4479 2222 4535 ll
2257 4481 2471 4536 sicerat
2489 4479 2791 4535 reddenda
2813 4497 2826 4535 :
2855 4479 2926 4534 iis
2947 4483 3045 4549 qui
3065 4481 3272 4534 malum
3293 4481 3516 4534 verbum
3546 4487 3738 4534 contra
3757 4496 3812 4534 se

2161 4554 2498 4607 mendaciter
2521 4553 2802 4620 prolatum
2843 4553 3132 4621 sustinent,
3165 4551 3493 4621 patiuntur.
3529 4551 3809 4605 tolerant.

2161 4625 2230 4678 Et
2263 4626 2347 4679 l3.
2380 4625 2440 4679 C.
2481 4621 2769 4690 παρελθεῖν
2827 4620 3089 4674 αἰτεῖσθαι
3147 4620 3209 4674 τὸ
3253 4621 3520 4686 ποτήριον
3583 4623 3682 4674 τοῦ
3712 4621 3808 4673 θα-

2159 4693 2342 4762 νάτου,
2372 4693 2463 4747 καὶ
2495 4690 2650 4763 δόξαν
2691 4691 2836 4760 αὐτῷ
2860 4692 3046 4745 καλεῖν
3081 4689 3269 4753 πάλιν,
3301 4693 3492 4752 vertit.
3521 4695 3809 4762 deprecari

405 4762 561 4819 catta
591 4762 790 4844 statim
831 4768 966 4848 post
994 4766 1080 4816 25.
1121 4762 1282 4818 A.'in
1341 4762 1620 4820 ecclesias
1683 4762 2047 4835 trepidantes
2077 4785 2131 4848 D
2160 4773 2220 4848 ut
2251 4773 2492 4848 transeat
2519 4762 2711 4848 mortis
2737 4765 3018 4834 poeulum,
3051 4770 3101 4818 et
3118 4763 3374 4848 eamdem
3402 4779 3592 4819 rursus
3608 4763 3807 4848 glori-

406 4850 467 4890 se
501 4834 888 4905 conjecerunt

474 4905 590 5031 (64;
621 4907 696 4961 De
744 4905 1007 4976 Eutropii
1039 4910 1212 4976 portu
1247 4906 1503 4988 Banduri
1561 4907 1773 4977 imper.
1823 4905 2045 4987 Orient.

524 4981 554 5031 7
595 4979 626 5031 8
685 4983 749 5031 Α.
783 4982 842 5030 et
872 4978 1080 5031 Petrus
1111 4977 1338 5031 lelius
1388 4979 1468 5031 De
1519 4979 1778 5031 Bosporo
1803 4977 2045 5031 Thracio

397 4977 626 5103 (L338
642 4983 749 5103 DA.
783 4982 842 5030 et
872 4978 1080 5031 Petrus
1111 4977 1338 5047 Gyllius
1388 4979 1468 5033 De
1519 4979 1778 5048 Bosporo
1803 4977 2048 5032 Thracio

470 5121 580 5191 (65)
612 5121 796 5184 Quem
828 5135 1024 5179 usum.
1067 5125 1133 5174 ut
1162 5119 1454 5174 Simeonis
1515 5119 1737 5191 Stylitaa
1795 5119 1914 5174 ritu
1939 5119 2046 5174 viri

397 5190 658 5263 religiosi
691 5208 870 5262 super
898 5191 1195 5246 columnis
1223 5198 1454 5246 tetatem
1493 5190 1794 5262 degerent,
1828 5191 1902 5245 ad
1933 5209 2043 5247 sas-

399 5263 602 5319 culum
641 5279 735 5334 im.
771 5263 1124 5334 perdurasse
1157 5271 1364 5318 auctor
1393 5268 1483 5318 est
1511 5263 2041 5334 NicetasChoniat.

398 5336 521 5406 244.
551 5334 590 5388 C
646 5331 933 5406 Isaacium
965 5334 1241 5405 angelum
1283 5350 1634 5406 convocasse
1681 5331 2043 5406 mquams—

393 5403 564 5484 ποδας
595 5403 994 5484 καὶχαμεὼας
1025 5402 1133 5484 τῶν
1169 5409 1447 5484 μοναχῶν,
1477 5404 1568 5458 καὶ
1599 5403 1718 5458 ὅσοι
1739 5402 1919 5484 ,κίοσι
1941 5411 2042 5474 τῆς

393 5482 500 5552 γῆς
537 5475 937 5552 ὑπερήρθη-σαν.
974 5477 1130 5552 Mire
1172 5475 1582 5552 Hieronymus
1626 5475 1873 5552 Wolfius
1905 5493 2039 5532 ver-

395 5547 488 5615 tit,
518 5547 689 5619 veluti
720 5547 1009 5604 columnis
1064 5565 1236 5619 supra
1292 5547 1516 5604 humum
1573 5549 1884 5619 efferuntur
1913 5565 1934 5604 .'
1984 5554 2043 5604 et

399 5617 682 5679 emendat
711 5619 772 5675 in
803 5620 960 5676 notis
989 5616 1228 5675 437KB:
1283 5623 1520 5689 fortasse
1569 5616 1697 5672 ὠσει
1748 5616 1914 5676 κίοσι.
1945 5621 2042 5675 vel

395 5691 595 5754 κίονες.
649 5690 1060 5759 Reddendum,
1086 5694 1184 5764 qui
1213 5693 1478 5749 columnis
1532 5707 1704 5764 supra
1753 5696 1956 5748 terram
1983 5707 2040 5749 se

2158 4836 2474 4906 ﬁcationem
2547 4835 2767 4906 dicere,
2819 4852 2974 4906 (non
3034 4835 3443 4892 animadverso
3497 4835 3807 4906 participio

2161 4907 2644 4977 nominativoque
2669 4905 2941 4961 absoluto
2964 4905 3024 4960 in
3055 4906 3243 4962 altera
3269 4912 3432 4978 parte
3464 4905 3806 4974 locutionis,

2160 4981 2243 5034 sic
2273 4978 2569 5034 vertenda:
2603 4993 2616 5031 :
2651 4978 2806 5049 depr.
2838 4985 2901 5032 ut
2923 4985 3166 5033 transeat
3211 4981 3404 5034 mortis
3446 4979 3726 5049 poculum,
3756 4985 3810 5034 et

2156 5049 2301 5105 illud
2329 5053 2472 5104 idem
2503 5051 2646 5116 (cum
2676 5047 2758 5102 ita
2785 5051 2962 5104 visum
3010 5049 3118 5119 ipsi
3157 5052 3369 5120 fuisset)
3399 5047 3587 5105 rursus
3619 5067 3802 5105 arces-

2155 5137 2297 5202 sere__
2325 5121 2460 5202 Sed_
2483 5120 2980 5202 infinitumesset
3014 5121 3317 5202 sigillatim
3371 5123 3669 5202 persequi,
3701 5121 3799 5175 ubi

2156 5194 2416 5248 oscitans
2446 5193 2742 5263 interpres
2773 5191 2874 5246 ille
2906 5191 3264 5248 allucinatus
3297 5191 3406 5249 est.

2223 5265 2332 5335 (66)
2354 5263 2626 5335 iCedrent
2648 5263 2727 5335 Π.Δ
2757 5266 2883 5335 683.
2931 5263 2989 5317 C.
3053 5265 3234 5320 habet
3260 5263 3396 5318 κατὰ
3418 5264 3515 5330 τήν
3551 5263 3804 5335 Ἀνάξαρ-

2113 5389 2118 5394 ,
2153 5327 2368 5417 ieiuni
2397 5335 2488 5389 τὸν
2525 5329 2821 5417 [[οκδανὶδόν.
2869 5335 3130 5417 ‘Scxlitia
3161 5354 3276 5417 τῃεὲ
3297 5337 3401 5417 τὴν
3462 5327 3795 5417 ’Ἀμνᾴῦαρζάν

2151 5407 2314 5476 (Vide
2345 5424 2524 5478 supra
2555 5410 2640 5462 32.
2679 5407 2765 5472 B.)
2793 5404 2883 5458 καὶ
2940 5403 3002 5459 τὸ
3063 5403 3368 5460 Πανδαδόνέ
3422 5407 3618 5474 Δριζής
3671 5403 3797 5462 ’δὶνε

2150 5479 2346 5550 Δριζῆς
2401 5479 2632 5534 videtur
2687 5478 2852 5550 locus
2899 5495 3075 5546 quem
3133 5481 3388 5550 Zonaras
3446 5480 3512 5534 ll.
3574 5479 3791 5550 201._A.

2149 5545 2726 5625 Apici6iov,Cedren.
2761 5549 2829 5604 Π.
2882 5545 3009 5605 554.
3069 5551 3134 5606 D.
3196 5549 3412 5623 Λρίζιον
3473 5568 3519 5606 s.
3581 5546 3793 5622 Δριζίον
