4146 6302
338 349 458 411 983

1728 333 2008 396 LEONIS
2053 331 2367 397 DIAGONI

3741 334 3888 393 924

341 480 594 542 Romani
620 479 912 537 exercitus
935 474 1150 533 sudore
1181 475 1590 548 sanguineque
1616 471 1876 547 plurimo
1902 485 1996 524 re-

2133 469 2194 523 ιαί
2229 467 2579 544 εὐδαίμονας,
2636 469 2699 536 ἃς
2763 469 3004 533 πολλοῖς
3063 468 3254 546 ἱδρῶσι
3313 468 3429 526 καὶ
3513 469 3800 543 αἶμασιν
3838 469 3877 540 ἡ

347 589 490 632 cens
523 571 775 643 imperio
799 572 1146 638 recuperata
1173 583 1207 621 α
1240 566 1451 621 Basilio
1484 562 1736 636 praeside
1774 566 1833 616 et
1861 576 2006 632 prte-

345 662 504 719 fecto
529 658 785 716 cubiculi
816 665 957 712 tunc
985 655 1360 723 tenebantur,
1380 669 1532 726 aagre
1565 652 1647 718 id,
1669 656 1732 706 ut
1753 667 1860 722 par
1880 652 2008 704 erat

355 769 424 808 ac
449 750 697 807 moleste
726 748 879 813 tulit,
910 751 967 801 et
986 745 1332 816 vituperavit
1360 744 1677 798 violentam
1700 740 2007 796 avaritiam

360 841 647 897 hominis.
691 840 888 908 Neque
931 836 978 889 is
1038 840 1178 888 tunc
1238 833 1476 904 quidem
1509 847 1708 902 aperte
1741 828 2006 899 obloqui,

362 929 650 1004 principis
667 925 1137 997 indignationem
1169 939 1398 988 verens,
1419 928 1677 993 poterat:
1697 921 1850 975 clam
1871 934 2006 972 vero

361 1019 596 1076 ridebat
616 1017 744 1087 ejus
761 1013 959 1076 verba,
991 1012 1304 1082 illumque.
1328 1017 1394 1064 ut
1417 1009 1724 1064 dominum
1751 1009 1875 1079 jam
1897 1006 2008 1061 sibi

363 1104 596 1181 gravem
641 1103 845 1175 quovis
876 1101 1052 1156 modo
1077 1100 1423 1154 submovere
1456 1100 1678 1154 statuit.
1714 1099 1860 1152 177
1901 1099 2011 1149 Ve-

363 1202 534 1254 nerat
563 1196 887 1266 imperator
916 1192 978 1246 in
1009 1195 1202 1246 Atroaa
1233 1206 1507 1260 campum
1543 1189 1790 1259 Olympo
1821 1187 2014 1256 subje-

365 1292 524 1342 ctum
554 1302 566 1339 :
601 1284 933 1339 deverterat
963 1281 1036 1335 ad
1085 1282 1416 1334 Romanum
1466 1278 1804 1350 patricium,
1834 1275 2012 1329 Seba-

369 1375 635 1446 stophori
669 1373 954 1443 dignitate
1001 1370 1365 1424 decoratum.
1402 1367 1489 1422 lbi
1524 1367 1721 1421 ferunt
1751 1364 2013 1434 aliquem

367 1466 695 1538 spadonem
745 1462 816 1516 de
850 1458 1348 1524 ministrantibus,
1383 1457 1500 1512 sive
1533 1473 1638 1528 per
1670 1471 1730 1509 se
1759 1457 2011 1524 impera-

366 1556 480 1612 tori
540 1554 887 1617 intensum,
942 1550 1060 1604 sive
1119 1548 1506 1603 subornatum
1550 1548 2013 1616 corruptumque

367 1641 900 1718 pollicitationibus
922 1639 1299 1710 largitionum
1322 1636 1551 1702 abillis,
1572 1635 1692 1706 qui.
1709 1633 1883 1688 bonis
1906 1633 2016 1686 ini-

371 1734 471 1804 qui
490 1731 936 1788 conversionem
951 1727 1146 1781 videre
1160 1743 1358 1780 rerum
1373 1729 1660 1796 cuperent
1678 1723 1799 1793 (qui
1814 1737 2016 1776 rumor

2114 559 2397 632 Ῥωμαῖκὴ
2485 562 2706 630 στρατιὰ
2779 566 2847 635 τῇ
2910 561 3160 636 βασιλείᾳ
3207 561 3270 616 τὸ
3316 563 3662 637 πρότερον
3771 563 3884 616 ἀν-

2115 650 2375 718 εσώσατο,
2407 650 2529 706 τότε
2549 649 2606 706 δὲ
2667 651 2811 727 παρὰ
2864 656 2962 707 τοῦ
3013 649 3284 726 προέδρου
3331 650 3707 708 Βασιλείου
3772 651 3878 708 καὶ

2115 739 2616 812 παρακοιμωμένου
2672 739 3092 816 κατεχομένας,
3154 738 3461 816 ἤσχαλλεν
3511 785 3531 812 ,
3612 741 3708 804 ὠς
3804 742 3877 796 τὸ

2119 827 2285 896 εἰκὸς,
2344 829 2434 883 καὶ
2493 832 2707 901 ἠνιᾶτο,
2765 829 2856 884 καὶ
2914 831 3012 898 τὴν
3073 828 3502 899 πλεονεκτικήν
3620 828 3872 886 ἐκείνου

2121 915 2242 991 βίαν
2274 915 2569 987 ὠνείδιζεν·
2603 919 2664 975 Ὀ
2713 916 2769 973 δὲ
2825 916 3124 996 ἀναφανδὸν
3188 919 3283 989 μὲν
3341 919 3467 974 οὐκ
3537 921 3727 996 εἶχεν
3767 920 3873 974 ἂν·

2118 1002 2375 1061 τιϐαίνειν
2412 1052 2426 1078 ,
2484 1009 2584 1075 τήν
2641 1012 2738 1062 τοῦ
2796 1005 3024 1072 ἄνακτος
3110 1005 3301 1071 δεδιὼς
3384 1009 3869 1084 ἀγανάκτησιν·

2121 1093 2400 1170 λαθραίως
2433 1095 2488 1152 δὲ
2516 1098 2585 1152 τὰ
2623 1097 2829 1153 ἐκείνου
2884 1097 3214 1172 ἐμυκτήριζι
3266 1098 3476 1173 λόγια,
3555 1101 3666 1154 καὶ
3705 1105 3864 1154 τοῦ-

2118 1205 2235 1252 τον,
2287 1183 2394 1257 ἤδη
2441 1186 2606 1261 βαρὺν
2666 1188 2814 1259 αὐτῷ
2865 1190 3228 1262 γεγενημένον
3291 1185 3640 1258 δεσπότην,
3680 1188 3866 1261 ἄμω-

2123 1273 2336 1348 σγέπως
2398 1274 2660 1332 διενοεῖτο
2739 1276 3205 1342 ἀποσκευάσασθαι
3239 1321 3252 1335 .
3310 1281 3489 1354 ’Ἄρτι
3571 1277 3644 1334 δὲ
3706 1279 3860 1334 κατά

2121 1365 2222 1432 τήν
2278 1370 2357 1437 τῷ
2409 1365 2682 1438 Ὀλύμπῳ
2751 1369 3154 1440 παρακειμένην
3204 1374 3306 1436 τῆς
3382 1369 3688 1441 Ἀτρώας
3749 1389 3855 1424 1:5-

2125 1451 2344 1508 διάδαὸ
2381 1455 2634 1531 βασιλεὺς
2668 1455 3015 1534 ἀφικόμενος,
3074 1456 3211 1530 πρὸς
3269 1459 3368 1526 τήν
3430 1461 3558 1511 τοῦ
3628 1478 3849 1533 πατρι-

2123 1543 2246 1597 κίου
2305 1545 2590 1618 Ῥωμανοῦ
2642 1546 2732 1600 καὶ
2784 1550 2866 1617 τῷ
2920 1549 3016 1600 τοῦ
3084 1540 3516 1625 σεϐαστοφόρου
3601 1544 3855 1621 διαπρέ-

2123 1652 2317 1694 ποντος
2351 1633 2620 1707 ἀξιώματι
2677 1633 2850 1688 ἑστίαν
2910 1635 3199 1708 κατήγετο.
3263 1636 3564 1698 Ἐνταῦθα
3601 1634 3843 1709 λέγεται

2124 1742 2245 1775 τινα
2272 1726 2381 1776 τῶν
2404 1722 2913 1798 έξυπηρετουμένων
2946 1721 3198 1795 έκτομίαν
3248 1727 3327 1794 τῷ
3385 1722 3843 1798 αὐτοκράτορι,

373 1821 571 1896 potius
590 1836 766 1891 quam
782 1817 1056 1889 priorille
1081 1821 1139 1870 et
1162 1815 1432 1870 differtur
1455 1820 1514 1868 et
1531 1812 1831 1880 creditur).
1849 1826 2017 1865 vene-

2133 1809 2232 1866 εῗτε
2259 1807 2476 1866 οἷ’κοθεν
2512 1808 2792 1885 δυομενῶς
2849 1811 2982 1875 πτὸς
3047 1811 3206 1867 αὐτὸν
3265 1811 3678 1885 διακείμενον,
3718 1815 3838 1868 εἴτε

373 1926 519 1966 num
542 1914 941 1982 praeparatum
963 1904 1303 1976 imperatori
1329 1905 1389 1958 in
1410 1903 1651 1974 potione
1668 1899 2014 1972 praebuisse:

374 1999 548 2055 illum
581 1997 732 2054 nihil
770 1997 885 2052 tale
910 1995 1334 2066 suspicantem,
1386 2009 1492 2064 pro
1525 1991 1768 2046 salutari
1804 1990 2018 2044 haustu

370 2089 530 2144 virus
562 2088 838 2144 ebibisse.
883 2084 993 2141 Sed
1015 2086 1142 2156 jam
1174 2083 1457 2154 postridie
1490 2082 1618 2152 ejus
1649 2081 1766 2135 diei
1821 2085 2022 2149 torpor

373 2195 510 2235 eum
545 2177 970 2238 membrorum,
1007 2181 1064 2226 et
1111 2171 1376 2242 corporis
1435 2169 1692 2224 universi
1736 2167 2019 2222 relaxatio

373 2266 698 2337 occupavit,
731 2265 904 2333 vique
937 2261 1250 2330 repentina
1270 2258 1411 2313 mali
1444 2274 1652 2312 vanam
1681 2273 1810 2312 esse
1840 2255 2020 2310 medi-

372 2370 575 2410 corum
601 2352 910 2408 scientiam
944 2348 1232 2418 nulloque
1263 2347 1393 2402 usui
1427 2347 1720 2418 apparuit,
1755 2362 1865 2400 nec
1894 2361 2023 2399 ver-

373 2443 490 2499 sari
523 2443 582 2497 in
616 2440 952 2512 cognitione
984 2437 1142 2492 facili
1167 2437 1324 2491 hunc
1348 2435 1642 2491 morbum.
1678 2434 2020 2506 Imperator,

375 2533 476 2588 ubi
506 2533 688 2588 robur
747 2528 1067 2601 singulare,
1129 2526 1289 2597 quod
1347 2526 1578 2598 pridem
1635 2525 1748 2580 sibi
1808 2525 2019 2591 inerat,

373 2628 618 2694 repente
649 2624 1009 2692 prostratum
1051 2633 1180 2672 esse
1213 2616 1417 2680 sensit,
1450 2613 2021 2686 Constantinopolim

374 2714 683 2787 pervenire
715 2711 1051 2768 contendit:
1089 2707 1271 2763 simul
1292 2724 1448 2775 arca,
1475 2725 1605 2779 qua;
1628 2707 1688 2761 in
1702 2705 2024 2761 Servatoris

370 2804 510 2860 fano
546 2820 580 2859 a
612 2819 673 2859 se
713 2802 1006 2858 aediﬁcato
1048 2798 1279 2870 corpori
1315 2797 1502 2868 ipsius
1556 2795 2020 2868 praeparabatur,

370 2899 438 2948 ut
485 2893 927 2965 quamprimum
961 2888 1370 2944 absolveretur
1419 2891 1714 2958 properat.
1752 2885 1843 2940 Sic
1877 2901 2020 2939 con-

363 2987 529 3038 tento
553 2997 730 3037 cursu
752 2978 827 3035 ad
859 2979 1067 3034 urbem
1102 2977 1278 3039 venit,
1315 2980 1715 3046 exceptusque
1738 2990 1772 3028 a
1802 2971 2022 3044 populo

373 3070 734 3127 mirabiliter
764 3073 875 3136 est,
907 3069 1198 3140 languens
1221 3065 1372 3137 jam,
1413 3070 1588 3134 atque
1629 3079 1780 3135 aagre
1814 3062 2022 3116 intimo

2127 1901 2213 1956 καὶ
2248 1901 2381 1974 πρὸς
2409 1899 2639 1958 τούτων.
2669 1906 2787 1962 τοῖς
2837 1899 3028 1964 καλοῖς
3090 1902 3515 1977 βασκαινόντων
3583 1903 3688 1956 καὶ
3729 1922 3838 1974 με-

2125 1985 2365 2051 ταϐολάς
2419 1995 2528 2045 τῶν
2606 1989 2942 2066 πρά-(ματρν
3020 1993 3383 2065 ἱμειρομένων
3445 1993 3641 2063 ὁρᾷν,
3719 1993 3826 2047 ὑπ-

2129 2081 2382 2155 αχθέντα,
2413 2080 2501 2134 καὶ
2537 2080 2862 2154 ὑποσχέσεσι
2895 2078 3112 2153 δωρεῶν
3171 2079 3629 2155 παρακλαπέντα
3663 2081 3832 2156 (ὅπερ

2127 2169 2187 2224 τὶ
2215 2174 2312 2223 τοῦ
2342 2170 2610 2244 προτέρου
2645 2167 2858 2241 μᾶλλον
2891 2171 2977 2224 καὶ
3010 2167 3224 2244 λέγεται
3269 2170 3358 2224 καὶ
3419 2171 3820 2242 πιστεύεται),

2131 2256 2474 2332 δηλητήριον
2507 2260 2870 2333 κερασάμενον
2915 2260 3059 2332 παρά
3113 2259 3205 2313 τὸν
3263 2260 3432 2314 πότον
3505 2257 3821 2314 ἐπιδοῦναι

2129 2351 2208 2418 τῷ
2265 2345 2500 2420 βασιλεῖ’
2558 2346 2650 2400 τὸν
2709 2343 2788 2414 δὲ,
2853 2343 3019 2420 μηδὲν
3079 2368 3131 2400 τι
3191 2351 3446 2402 τοιοῦτον
3513 2348 3824 2427 φρασάμεο

2129 2457 2243 2505 νον,
2299 2438 2386 2510 [Ρ.
2450 2437 2572 2508 ΗΟ]
2635 2435 2708 2497 ὡς
2771 2438 3040 2510 σωτήριον
3102 2437 3253 2509 πόμα
3307 2438 3370 2492 τὸ
3434 2434 3821 2510 δηλητήριον

2132 2525 2354 2580 ἐκπιεῖν.
2388 2530 2466 2600 Τῇ
2495 2529 2622 2601 γοῦν
2652 2524 2903 2602 ὑστεραίᾳ
2936 2528 3105 2602 νάρκη
3165 2548 3224 2582 τε
3279 2531 3384 2581 τῶν
3449 2529 3661 2600 μελῶν
3726 2525 3819 2580 καί

2129 2617 2352 2688 πάρεσις
2410 2617 2505 2668 τοῦ
2582 2614 2782 2676 παντὸς
2844 2614 3094 2687 σώματος
3145 2614 3291 2686 αὐτῷ
3347 2614 3661 2691 ἐξεγένετο,
3723 2612 3812 2668 καὶ

2131 2705 2166 2774 ἡ
2197 2709 2302 2759 τῶν
2337 2703 2536 2776 ἰατρῶν
2569 2701 2847 2776 ἐπιστήμη
2881 2708 2957 2775 τῷ
2997 2705 3178 2779 ἀθρόῳ
3230 2708 3325 2759 τοῦ
3382 2703 3609 2766 πάτους
3676 2703 3812 2770 κενὴ

2131 2815 2215 2856 τις
2244 2793 2334 2848 καὶ
2392 2791 2663 2867 ἄπρακτος
2687 2795 2732 2828 ⁵⁸
2791 2791 3163 2868 ἀπηλέγχετο,
3230 2795 3307 2866 μὴ
3367 2789 3701 2866 ἀκριϐοῦσα
3735 2789 3814 2847 δι-

2131 2881 2362 2955 ἆγνωσιν
2391 2885 2489 2936 τοῦ
2536 2879 2791 2936 τοιούτου
2832 2883 3257 2955 συμπτώματος.
3291 2883 3354 2938 Ὁ
3388 2878 3446 2936 δὲ
3513 2881 3814 2958 βασιλεὺς,

2129 2972 2229 3038 τήν
2264 2970 2528 3046 πρότερον
2579 2969 2797 3025 ἐνοῦσαν
2855 2971 3003 3043 αὖτῷ
3059 2970 3368 3047 γιγαντώδη
3431 2971 3645 3046 ῥώμην
3678 2969 3809 3047 ait?-

2131 3056 2307 3115 νίδιον
2335 3053 2767 3129 καταϐληθεῖσαν
2825 3059 3169 3132 αἰσθόμενος,
3227 3059 3493 3138 ἠπείγετο
3545 3057 3805 3115 καταλα-

371 3165 608 3233 pectore
641 3159 916 3230 spiritum
944 3155 1167 3210 ducens
1189 3159 1248 3210 et
1277 3153 1507 3208 efﬂans.
1553 3153 1697 3207 Cum
1729 3157 1926 3207 autem
1960 3151 2021 3206 in

2134 3144 2246 3204 δεῖν
2279 3149 2340 3203 τὸ
2371 3148 2685 3218 Βυζάντιον·
2748 3147 3040 3205 έπέσπευδε
3094 3147 3151 3204 δὲ
3206 3149 3297 3204 καὶ
3353 3151 3454 3218 τὴν
3493 3149 3553 3205 ἐν
3586 3155 3668 3222 τῷ
3698 3151 3796 3202 τοῦ

373 3248 663 3320 palatium
686 3263 747 3301 se
770 3244 1138 3308 contulisset,
1163 3259 1387 3297 veneno
1412 3241 1851 3311 confectusjam
1869 3240 2022 3295 lecto

376 3335 680 3391 decubuit.
701 3331 958 3403 Itaquod
984 3331 1279 3386 sentiebat
1298 3347 1418 3385 non
1442 3329 1872 3385 convaliturum
1896 3344 2025 3384 sese

377 3441 448 3480 ex
488 3428 652 3479 tanto
684 3422 892 3477 morbo
923 3422 1084 3492 (nam
1117 3420 1266 3476 foede
1320 3419 1748 3490 depascebatur
1805 3417 2029 3473 viscera

373 3511 910 3586 penibusinsidens
945 3510 1214 3579 malum),
1246 3526 1275 3564 e
1305 3509 1447 3564 fisco
1469 3509 1646 3579 plena
1677 3524 1856 3563 manu
1887 3508 2028 3562 bau-

376 3604 536 3659 riens
570 3601 917 3675 largitiones
948 3599 1101 3654 I78
1134 3599 1275 3654 fecit
1303 3615 1436 3652 cum
1464 3598 1525 3652 in
1556 3613 1868 3670 pauperes.
1903 3603 2026 3653 tum

374 3693 632 3748 maxime
651 3692 712 3747 in
746 3691 1011 3761 leprosos
1032 3689 1303 3759 illosque,
1323 3687 1422 3759 qui
1447 3687 1624 3743 adesa
1647 3687 1803 3742 mala
1832 3686 2026 3743 scabie

379 3800 628 3855 corpora
657 3780 1103 3844 circumferunt,
1161 3796 1310 3850 quos
1352 3784 1568 3851 praeter
1596 3785 1840 3833 caateros
1873 3778 2028 3832 indi-

378 3882 585 3947 gentes
611 3877 990 3946 paramanter
1015 3869 1385 3924 observabat.
1412 3871 1777 3924 Introvocato
1811 3868 2027 3923 deinde

376 3963 640 4026 Nicolao,
664 3959 1079 4030 Adrianopolis
1100 3957 1374 4021 antistiti,
1397 3956 1518 4011 viro
1551 3956 1746 4011 divino
1776 3973 1842 4010 ac
1864 3972 2028 4010 reve-

371 4053 583 4118 rendo,
617 4050 969 4106 commissos
1000 4064 1035 4102 a
1079 4063 1140 4101 se
1171 4047 1231 4100 in
1264 4047 1394 4100 vitae
1449 4046 1743 4101 curriculo
1797 4061 2028 4101 errores

372 4140 671 4214 patefecit.
688 4139 924 4208 vimque
946 4137 1343 4206 lacrymarum
1367 4134 1556 4190 oculis
1586 4134 2028 4205 profudit,qua—

373 4243 506 4283 rum
525 4225 817 4280 lavatione
841 4223 1005 4278 labes
1021 4222 1344 4292 sordesque
1359 4226 1734 4292 peccatorum
1753 4220 2032 4276 abstersit

379 4317 653 4372 invocata
680 4313 781 4369 Dei
814 4314 1014 4378 Matre,
1049 4316 1115 4364 ut
1143 4311 1204 4365 in
1231 4310 1325 4364 die
1346 4309 1558 4380 judicii
1581 4314 1896 4382 patronum
1916 4310 2028 4366 sibi

375 4405 690 4470 inveniret,
725 4402 964 4475 quando
995 4416 1194 4455 coram
1228 4400 1422 4455 divino
1458 4399 1586 4470 ejus
1616 4399 1762 4454 Filio
1808 4401 2031 4456 trutina

377 4493 864 4568 ponderibusque
896 4491 1257 4560 incorruptis
1287 4489 1551 4544 actiones
1577 4489 1922 4544 mortalium
1956 4489 2028 4544 li-

378 4582 728 4638 brabuntur.
763 4581 950 4646 Quam
984 4577 1421 4634 confessionem
1447 4576 1544 4631 ubi
1571 4576 1800 4632 intenta
1831 4583 2021 4632 mente

2139 4559 2650 4656 ’Ᾰδριανουπόλεως

377 4678 553 4744 atque
585 4673 783 4726 animo
835 4668 1090 4724 contrito
1150 4667 1472 4739 imperator
1525 4666 1766 4730 fecerat,
1817 4683 1886 4721 ex
1921 4667 2028 4721 hac

372 4761 490 4816 vita
521 4760 813 4823 discessit,
851 4764 908 4813 et
937 4757 1010 4814 ad
1044 4758 1309 4829 requiem
1349 4773 1498 4822 sese,
1543 4773 1673 4828 quae
1729 4756 1885 4812 ultra
1918 4761 2028 4827 est,

373 4849 698 4915 transtulit,
717 4849 812 4904 die
842 4847 1105 4903 Januarii
1135 4846 1386 4911 decima,
1419 4845 1837 4914 indictioneiv,
1869 4863 2028 4906 anno

377 4956 480 4997 sex
509 4939 830 4996 millesimo
851 4938 1405 5010 quadingentesimo
1425 4938 1784 5010 octogesimo
1799 4939 2026 5009 quinto.

2136 3245 2394 3312 Σωτῆρος
2455 3243 2580 3310 νεῷ,
2631 3238 2688 3293 ὃν
2748 3238 2909 3301 αὐτὸς
2966 3236 3258 3313 ἱδείματο,
3316 3238 3800 3310 κατασκευαζομέ-

2128 3349 2226 3397 νην
2259 3331 2338 3400 τῷ
2369 3327 2628 3400 σωματίῳ
2656 3327 2851 3382 τούτου
2903 3328 3062 3402 σορὸν
3122 3329 3527 3404 ἀπαρτισθῆναι
3561 3328 3641 3391 ὡς
3695 3326 3792 3380 τά-

2130 3437 2313 3496 χιστα.
2350 3416 2634 3479 Συντείνας
2693 3414 2751 3472 δὲ
2797 3419 2898 3487 τήν
2956 3415 3300 3492 ὁδοιπορίαν,
3361 3417 3414 3479 ές
3458 3419 3566 3486 τὴν
3634 3418 3788 3492 βασι-

2130 3507 2390 3564 λεύουσαν
2420 3507 2545 3576 ἧκε,
2579 3507 2930 3585 φιλοφρόνως
2961 3509 3055 3582 μὲν
3113 3506 3438 3584 ὑποδεχθεὶς
3494 3509 3638 3581 πρὸς
3678 3509 3786 3561 τῶν

2130 3597 2383 3665 ἀστικῶν,
2429 3595 2832 3672 ὀλιγοδρανέων
2887 3594 2943 3652 δὲ
2998 3594 3132 3667 ἤδη,
3189 3597 3277 3651 καὶ
3333 3596 3517 3669 ἆσθμα
3585 3595 3785 3672 μόχιον

2130 3687 2220 3742 καὶ
2303 3683 2668 3760 δυσπρόσοδον
2753 3689 3052 3761 περιπνέων
3137 3687 3227 3742 καὶ
3296 3686 3779 3758 ἀναπεμπόμενος.

2130 3782 2290 3850 Ἀρτι
2349 3773 2407 3830 δὲ
2464 3775 2540 3837 εἲς
2593 3777 2692 3843 τὴν
2751 3777 3109 3851 ἀνακτορικὴν
3167 3777 3341 3830 ἑστίαν
3401 3774 3781 3851 πεφοιτηκὼς,

2131 3863 2458 3933 κλινοπετής
2489 3861 2778 3933 ἐδείκνυτο,
2809 3869 2888 3935 τῷ
2944 3866 3215 3940 φαρμάκῳ
3271 3865 3769 3936 καταπονούμενος.

2135 3955 2343 4018 Συνιεὶς
2382 3950 2460 4023 δὲ,
2493 3953 2569 4016 ὡς
2597 3952 2695 4008 οὐκ
2727 3953 2786 4008 ἃν
2822 3953 3108 4033 ἀνασφηλῃ
3162 3957 3260 4008 τοῖ’)
3316 3953 3572 4008 τοιούτου
3629 3950 3773 4006 πτώ-

2137 4065 2305 4118 ματος
2344 4043 2424 4116 (τὸ
2474 4044 2575 4120 γάρ
2632 4041 2971 4124 ένδομυχοῦν
3033 4042 3205 4100 δεινὸν
3262 4044 3328 4099 τὰ
3383 4041 3586 4119 ἔγκατα
3617 4041 3777 4118 χαλε-

2133 4137 2248 4194 πῶς
2307 4131 2604 4208 ἐξεθέριζε),
2669 4137 2776 4188 τῶν
2838 4131 3138 4208 βασιλικῶν
3198 4138 3481 4209 θησαυρῶν
3544 4129 3772 4210 ἂφειδῶς

2134 4223 2440 4290 ἀπαντλῶν,
2501 4221 2740 4280 διεδίδου
2781 4229 2896 4286 τοῖς
2955 4223 3170 4296 πένησι,
3230 4225 3319 4280 καὶ
3379 4224 3618 4297 μάλιστα
3663 4226 3770 4280 τοῖς

2134 4307 2554 4386 λελωϐημένοις
2582 4314 2670 4367 καὶ
2732 4308 3056 4389 βεϐρωμένα
3082 4318 3150 4387 τῇ
3183 4315 3301 4390 ἱερᾷ
3355 4313 3497 4386 νόσῳ
3550 4313 3615 4369 τὰ
3667 4309 3760 4364 σώ-

2138 4423 2277 4476 ματα
2305 4404 2706 4477 περιφέρουσιν,
2741 4404 2823 4464 οἶς
2866 4407 2973 4457 τῶν
3029 4402 3217 4458 ἄλλων
3275 4406 3522 4473 πενήτων
3585 4400 3758 4480 φιλαν-

2137 4491 2484 4566 θρωπότερον
2546 4489 2832 4556 διετίθετο.
2893 4491 3166 4549 Νικόλαόν
3219 4514 3297 4563 τε,
3357 4494 3448 4548 τὸν
3508 4487 3748 4566 πρόεδρον

2685 4626 2698 4649 ,
2758 4579 3074 4644 εἰσκαλέσας
3162 4579 3325 4658 ἄνδρα
3381 4581 3524 4636 θεῖόν
3577 4601 3630 4635 τε
3673 4571 3748 4630 καὶ

2137 4667 2431 4744 σεϐάσμιον
2468 4713 2482 4739 ,
2542 4670 2609 4726 τὰ
2665 4672 2800 4726 κατὰ
2840 4672 2932 4726 τὸν
3021 4672 3137 4746 βίον
3229 4672 3375 4743 αὖτῷ
3450 4667 3752 4738 ἀνεκάλυψεν

2138 4761 2483 4835 ἀγνοήματα,
2541 4759 2807 4834 κρουνοὺς
2856 4765 2963 4815 τῶν
3015 4757 3313 4836 ὀφθαλμῶν
3377 4755 3622 4832 δακρύων
3669 4753 3759 4808 έπ-

2139 4850 2340 4930 αφιεὶς,
2363 4849 2455 4905 καὶ
2511 4853 2590 4920 τῷ
2620 4848 2826 4904 τούτων
2860 4848 3092 4924 λουτῆρι
3147 4849 3213 4904 τὰ
3268 4849 3439 4923 αἴσχη
3477 4847 3570 4903 καὶ
3597 4846 3655 4902 τὰ
3681 4843 3762 4919 ῥυ·

2139 4939 2394 5013 πάσματα
2425 4941 2535 5012 (67)
2587 4942 2696 4994 τῶν
2739 4937 3092 5018 ἐσφαλμένων
3149 4939 3510 5014 ῥυπτόμενος,
3542 4938 3632 4993 καὶ
3681 4932 3766 4999 τὴν

1587 5125 1645 5180 C.
1681 5126 1742 5184 Β.
1777 5127 1967 5184 HASII
2021 5127 2574 5186 ANNOTATIONES.

447 5305 497 5339 ⁵⁵
525 5301 820 5377 ἄπρακτος.
854 5301 980 5358 Vid.
1012 5301 1319 5358 Schottum
1351 5304 1430 5359 De
1461 5301 1635 5359 nodis
1665 5303 1966 5361 Ciceronis
2002 5307 2092 5361 22.
2124 5305 2187 5361 C.

455 5450 566 5513 (67)
599 5444 1100 5517 Ρυπάσματαειιηι
1143 5443 1472 5516 saepissime
1503 5443 1661 5516 aqud
1719 5447 2038 5517 scriptores

386 5520 752 5577 Christianos
784 5516 1209 5588 inquinamenta
1259 5533 1359 5572 seu
1392 5517 1619 5588 maculas
1650 5516 1856 5576 animi.
1887 5518 1947 5574 h.
1982 5535 2034 5574 e.

382 5599 637 5665 peccata.
666 5587 972 5665 _l_Jsurp’ant
991 5588 1084 5665 ita
1112 5587 1806 5665 Theophanes_Nicamu_s
1848 5589 2033 5665 Epist.

387 5658 706 5722 doctrinali
757 5658 846 5717 de'
885 5660 1171 5733 patientia
1202 5665 1260 5715 et
1283 5658 1704 5733 longanimitat
1748 5663 1837 5733 40.
1875 5658 1937 5715 Ᾱ.
1974 5661 2027 5714 S.

389 5737 641 5797 Basilius
671 5734 853 5808 Epist.
887 5731 1177 5791 canonica
1207 5749 1268 5789 ιι.
1303 5731 1377 5788 ad
1405 5731 1780 5806 Amphiloch,
1801 5732 1871 5791 Il.
1906 5733 2032 5790 773.

2148 5449 2208 5505 C.
2241 5449 2564 5522 Hesychius
2595 5447 2906 5522 presbyter
2935 5449 3014 5504 De
3036 5453 3389 5522 temperant.
3419 5453 3487 5522 et,
3506 5449 3705 5522 virtute
3719 5442 3762 5522 _I.

2149 5523 2306 5593 ιοοι.
2341 5515 2406 5576 Ᾰ.
2464 5515 2794 5593 Leo'lmp.'
2830 5521 2895 5576 In
2946 5515 3181 5593 exaltat'.
3234 5521 3288 5575 S.
3322 5521 3527 5576 Crucis
3572 5515 3757 5593 εθεηρ.

2146 5591 2202 5664 ξ.
2237 5593 2547 5664 Gregorius
2577 5587 2742 5664 Nyss'.
2789 5593 2855 5648 In
2914 5591 3272 5664 principium
3297 5593 3493 5664 jejun.
3531 5593 3620 5647 ΙΙΙ.
3652 5587 3756 5642 247.

2144 5663 2210 5718 D.
2245 5663 2442 5736 alique
2485 5663 2678 5719 multi.
