4190 6322
378 369 498 431 927

378 507 450 561 II.
485 507 562 561 De
593 505 851 560 custodiis
881 503 1143 560 itinerum
1172 510 1225 558 et
1254 504 1321 558 de
1348 503 1809 574 exploratbribus.

379 595 480 651 III.
515 595 585 649 De
613 601 765 650 motu
794 595 1050 662 hostium,
1083 600 1136 647 et
1175 609 1281 663 quo
1307 599 1472 663 pacto
1502 594 1769 662 angustiae
1820 607 2030 663 praeoc-

451 685 717 755 cupanda:
747 685 876 738 sint.

380 775 481 829 1V.
518 775 635 838 Quo
659 780 828 843 pacto
857 773 1072 828 insidiae
1099 773 1241 826 clam
1291 772 1534 828 hostibus
1577 770 1853 840 faciendae
1895 774 2028 838 sint,

457 869 509 918 et
562 862 1020 932 quemadmodum
1077 861 1408 917 adversariis
1483 862 1880 918 occurrendum
1959 862 2030 915 sit

455 954 676 1008 domum
704 951 1078 1006 redeuntibus.

391 1043 454 1097 V.
491 1041 563 1095 De
592 1056 867 1110 aquarum
897 1042 956 1095 in
986 1042 1258 1110 angustiis
1280 1040 1791 1112 praeoccupatione.

389 1222 482 1275 VI.
520 1223 596 1274 De
626 1219 982 1274 consectando
1009 1222 1246 1291 equestri
1275 1223 1514 1290 agmine,
1548 1221 1697 1291 quod
1717 1221 2030 1291 przdatum

454 1309 727 1376 incurrat,
789 1315 842 1364 et
890 1325 998 1379 quo
1049 1316 1218 1379 pacto
1276 1326 1563 1364 numerum
1621 1311 1858 1364 militum
1913 1311 2031 1380 ejus

456 1403 601 1454 inire
621 1401 816 1469 possis.

393 1490 514 1544 VII.
549 1491 627 1544 De
659 1490 1036 1544 contractione
1072 1495 1129 1543 et
1183 1495 1335 1544 motu
1393 1491 1678 1556 exercitus,
1740 1494 1791 1544 et
1838 1490 1904 1544 de
1949 1505 2032 1559 eo,

457 1585 518 1634 ut
548 1580 937 1634 mercatoribus
959 1581 1327 1650 permittatur
1356 1580 1568 1634 intrare
1612 1577 1855 1633 hostium
1900 1582 2033 1648 ﬁnes

458 1686 521 1725 ac
553 1670 846 1740 specula-ri.

394 1761 544 1816 VIII.
582 1766 656 1816 De
684 1762 900 1815 ratione
927 1761 1248 1815 observandi
1295 1766 1461 1831 atque
1508 1757 1834 1829 insequendi
1871 1774 2033 1814 exer-

462 1851 653 1906 citum.

387 1941 480 1995 IX.
521 1941 597 1993 De
626 1945 778 1993 motu
806 1955 999 1994 manus
1022 1939 1395 2009 praedatoriae,
1429 1945 1484 1994 et
1511 1939 1578 1993 de
1604 1939 1959 1994 insecutione.

385 2120 453 2174 X.
492 2122 571 2173 De
598 2119 936 2190 sejunctione
963 2132 1157 2172 manus
1169 2116 1550 2187 praedatoria,
1584 2116 1758 2186 deque
1771 2115 2032 2186 peditatu

459 2223 495 2262 a
521 2214 675 2277 tergo
713 2208 1086 2278 subsequente.

381 2297 478 2352 XI.
511 2298 573 2351 In
605 2295 876 2366 angustiis
899 2296 1212 2366 peditatum
1253 2295 1328 2350 ad
1381 2301 1676 2366 utrumque
1733 2295 1874 2351 latus
1923 2297 2032 2352 υἱέε

457 2391 604 2441 stare
635 2392 906 2456 Oportere.

385 2473 538 2531 182
569 2476 686 2532 XII.
723 2477 799 2529 De
826 2476 1010 2530 subita
1062 2475 1378 2530 incursione
1427 2475 1685 2541 hostium,
1735 2482 2031 2547 antequam

457 2567 711 2619 Romana:
744 2567 912 2634 copiae
943 2567 1066 2634 cogi
1088 2565 1323 2634 possint.

385 2655 534 2710 XIII.
569 2655 644 2708 De
699 2655 936 2721 insidiis,
997 2670 1118 2725 quae
1175 2659 1366 2709 contra
1422 2660 1838 2724 mensuratores,
1899 2672 2032 2726 quos

457 2766 728 2821 vocamus,
755 2753 814 2804 in
856 2757 1167 2806 castrorum
1189 2751 1318 2806 locis
1345 2755 1502 2820 ﬁant.

383 2842 529 2896 XIV.
564 2841 636 2895 De
664 2842 900 2896 discessu
947 2843 1196 2912 equitum
1241 2857 1276 2895 a
1323 2842 1600 2912 peditatu,
1648 2859 1881 2914 quocum
1927 2845 2032 2898 iter

453 2933 723 2999 fecerant.

383 3021 504 3074 XV.
538 3020 614 3074 De
651 3022 926 3076 cautione.

383 3109 535 3163 XVI.
564 3110 640 3162 De
667 3108 1046 3163 submovendis
1075 3108 1496 3179 impedimentis.

387 3199 563 3251 XVII.
597 3198 674 3252 De
703 3198 945 3252 hostibus
975 3213 1095 3252 cum
1143 3197 1458 3268 ingentibus
1504 3201 1673 3270 copiis
1713 3201 2034 3270 provincias

457 3292 674 3340 nostras
700 3284 1104 3353 invadenlibus,
1147 3293 1201 3341 ct
1250 3288 1323 3342 de
1371 3290 1592 3343 ratione
1639 3305 1746 3359 per
1805 3290 2034 3344 insidias

466 3374 726 3428 betlandi.

387 3463 590 3517 XVIII.
623 3463 697 3517 De
725 3478 805 3530 eo,
839 3465 1059 3533 quando
1085 3471 1301 3535 oportet
1321 3466 1517 3522 ducem
1553 3467 1820 3539 bipartito
1864 3468 2038 3524 hostes

461 3553 697 3622 insequi.

389 3642 523 3696 XIX.
558 3643 632 3697 De
660 3648 831 3712 statu,
863 3649 1153 3699 armatura
1181 3650 1234 3700 et
1253 3645 1646 3701 exercitatione
1673 3645 1935 3703 militum.

393 3827 506 3880 XX.
554 3823 622 3878 De
677 3824 1029 3890 adversariis,
1089 3826 1138 3880 si
1192 3825 1404 3880 diutius
1464 3826 1520 3880 in
1575 3825 1800 3894 regione
1854 3832 2042 3881 nostra

464 3920 776 3981 morantur,
809 3920 871 3968 ut
919 3916 1193 3969 exercitus
1247 3921 1432 3970 noster
1478 3916 1537 3970 in
1595 3916 1820 3970 illorum
1877 3919 2040 3986 ﬁnem

469 4009 733 4058 transeat.

390 4092 512 4145 XXI
563 4092 636 4145 De
664 4090 942 4145 obsidione
972 4091 1184 4162 oppidi.

393 4180 557 4233 XXII.
619 4181 694 4233 De
749 4181 1095 4249 separatione
1151 4181 1416 4248 dimidia,
1471 4183 1557 4236 vel
1635 4184 1800 4238 etiam
1865 4183 2042 4238 tertia

459 4269 642 4338 partis
673 4270 959 4338 copiarum
989 4269 1288 4326 hostilium.

393 4358 587 4412 XXIII.
622 4358 693 4411 De
749 4356 985 4413 discessu
1039 4358 1300 4427 hostium,
1355 4366 1409 4415 et
1475 4361 1841 4418 claustrorum
1882 4377 2044 4418 occu-

463 4449 704 4517 patione.

392 4539 582 4594 XXIV.
619 4540 689 4593 De
718 4539 1072 4595 dimicatione
1100 4547 1394 4596 nocturna.

1758 365 2043 428 LEONIS
2088 367 2413 429 DIACONI

2065 1875 2112 1941 Β

3661 372 3783 434 928

2057 504 2108 572 Α
2142 502 2209 576 β’.
2247 501 2374 578 Περὶ
2403 507 2511 558 τῶν
2538 502 2983 579 καμινοοιγλίων
3013 502 3104 558 καὶ
3135 504 3508 560 κατασκόπων.

2140 591 2208 667 γ’.
2267 593 2398 663 Περὶ
2451 595 2718 664 κινήσεως
2777 593 3014 672 ἐχθρῶν,
3089 593 3182 648 καὶ
3239 597 3257 630 ¹
3315 596 3415 649 106
3499 613 3786 670 προκατα-

2211 683 2473 756 σχεθῆναι
2505 683 2599 746 τὰς
2630 680 2965 758 δυσχωρίας.

2139 765 2203 825 δ’.
2235 771 2363 844 Περὶ
2397 775 2494 826 106
2523 773 2797 826 ποιεῖσθαι
2831 770 3007 846 λάθρα
3059 771 3155 836 τὰς
3208 773 3347 827 κατὰ
3397 776 3506 827 τῶν
3565 771 3781 850 ἐχθρῶν

2211 856 2500 928 ἐπιθέσεις,
2584 859 2675 914 καὶ
2784 861 2908 935 περὶ
2989 865 3087 916 106
3171 865 3552 936 προσυπαντᾷν
3656 863 3784 926 τοὺς

2211 945 2520 1021 πολεμίους
2551 949 2688 1021 πρὸς
2718 951 2820 1020 τὴν
2853 939 2992 1005 ἶδὶαν
3021 949 3528 1028 ἐκαναστρὲφοντας.

2137 1035 2196 1092 3‘.
2259 1038 2386 1112 Περὶ
2441 1039 2933 1118 προκατασχὲσεως
2986 1037 3192 1095 ὗδάτων
3248 1038 3300 1094 ἐν
3384 1044 3501 1102 τοῖς
3583 1043 3780 1097 στενώ-

2213 1145 2372 1198 μασιν
2405 1120 2596 1182 ὅντων.

2141 1215 2201 1283 ζ’.
2262 1215 2392 1287 Περὶ
2475 1214 2838 1293 παραδρομῆς
2942 1223 3049 1274 τῶν
3160 1218 3567 1292 μονοκούρσων,
3687 1220 3778 1274 καὶ

2211 1310 2530 1380 στοχασμοῦ
2560 1313 2661 1376 τῆς
2683 1311 2779 1362 106
2809 1306 2946 1364 λαοῦ
2975 1308 3151 1364 αὐτῶν
3185 1309 3508 1377 ποσότητος.

2139 1483 2203 1552 ζ’.
2257 1482 2389 1558 Περὶ
2469 1485 2864 1562 συναθροίσεως
2948 1487 3041 1542 καὶ
3123 1490 3386 1558 κινήσεως
3471 1490 3777 1567 φωσσάτου,

2209 1575 2299 1628 καὶ
2357 1575 2634 1649 περὶτοῦ
2717 1582 3073 1653 παραχωρεῖν
3153 1577 3280 1640 τοὺς
3363 1579 3782 1654 πραγματευτὰς

2209 1661 2550 1739 είσὲρχεσθαι
2579 1664 2668 1721 καὶ
2689 1671 3069 1725 κατασκοπεῖν.

2140 1751 2210 1821 η“.
2272 1753 2402 1828 Περὶ
2490 1763 2815 1832 παραμονῆς
2899 1758 3206 1834 φωσσάτου,

2212 1862 2371 1905 σεως.

3292 1757 3381 1812 καὶ
3467 1757 3783 1829 ἀκολουθή-

2145 1931 2206 1988 0‘.
2269 1933 2399 2009 Περὶ
2454 1941 2554 2004 τῆς
2609 1936 2878 2007 κινήσεως
2959 1939 3055 1992 106
3137 1935 3394 2009 κούρσου,
3477 1935 3570 1990 καὶ
3653 1936 3787 1990 ἀκο-

2216 2019 2551 2093 λουθήσεως.

2149 2113 2196 2172 ι’.
2249 2115 2380 2190 Περὶ
2435 2121 2534 2172 106
2589 2115 2974 2194 διαχωρισμοῢ
3029 2122 3128 2174 106
3209 2117 3464 2192 κούρσου,
3522 2116 3611 2172 καὶ
3685 2122 3783 2173 τοῦ

2223 2210 2360 2267 λαοῦ
2387 2209 2605 2274 ὄπισθεν
2633 2205 3154 2272 ἐπακολουθοῦντος.

2147 2300 2234 2360 ia‘.
2290 2301 2418 2374 Περὶ
2479 2303 2577 2354 106
2634 2295 2776 2354 ἔνθεν
2830 2297 3072 2353 κάκεῖθεν
3151 2295 3394 2362 ἱστασθαι
3471 2295 3598 2358 τοὺς
3679 2317 3777 2353 πε-

2216 2389 2339 2460 ζοὺς
2371 2388 2425 2446 ἐν
2456 2394 2576 2452 ταῖς
2609 2385 2967 2464 δυσχωρίαις.

2145 2480 2234 2555 ιβ’.
2296 2479 2423 2554 Περὶ
2487 2476 2686 2552 ἀθρόας
2747 2476 3062 2547 ἐξελεύσεως
3120 2479 3227 2530 τῶν
3312 2473 3616 2547 πολεμίων,
3671 2473 3778 2550 πρὸ

2209 2573 2306 2625 106
2378 2568 2444 2623 τὰ
2523 2567 2803 2642 Ῥωμαϊκὰ
2885 2565 3312 2641 ἐπισυναχθῆναι
3389 2562 3779 2641 στρατεύματα.

2143 2661 2229 2736 ty‘.
2292 2659 2420 2734 Περὶ
2493 2661 2590 2714 106
2674 2653 2976 2732 ἐνεδρεῦσαι
3061 2655 3198 2710 κατὰ
3277 2659 3386 2709 τῶν
3465 2653 3780 2729 λεγομὲνων

2215 2747 2658 2823 μινσουρατὸρων
2687 2745 2738 2800 ἐν
2768 2750 2886 2809 τοῖς
2915 2741 3241 2815 ἀπλήκτοις.

2144 2837 2227 2898 ιδ’.
2288 2839 2418 2912 Περὶ
2467 2843 2566 2907 τῆς
2621 2836 3036 2912 ὑποχωρήσεως
3087 2838 3196 2888 τῶν
3250 2830 3458 2889 ἱππέων
3510 2832 3616 2886 ἀπὸ
3673 2834 3782 2886 τῶν

2211 2927 2407 2999 πεζῶν,
2441 2924 2879 3001 ὁδοιπορούντων
2909 2926 3073 2996 ὁμοῦ.

2146 3019 2222 3075 ιε’.
2259 3019 2389 3093 Περὶ
2422 3015 2742 3092 ἀσφαλείας.

2147 3110 2226 3172 ις’.
2261 3108 2392 3183 Περὶ
2425 3106 2810 3182 διαχωρισμοῦ
2835 3109 2935 3159 106
2963 3100 3224 3159 τούλδου.

2149 3200 2232 3268 ιζ“.
2289 3197 2419 3271 Περὶ
2473 3200 2582 3252 τῶν
2647 3195 2780 3269 μετὰ
2837 3191 3056 3262 πολλῆς
3111 3189 3396 3264 δυνάμεως
3478 3188 3794 3265 ἑπιτρεχόν-

2213 3308 2320 3342 των
2365 3285 2649 3358 πολεμίων
2706 3285 2802 3345 τὰς
2861 3283 3051 3357 χώρας
3108 3283 3292 3353 ἡμῶν,
3349 3279 3440 3334 καὶ
3493 3285 3593 3348 τῆς
3653 3278 3790 3351 μετὰ

2214 3375 2613 3451 ἐγκρυμμάτων
2634 3379 2998 3444 παρασκευῆς.

2149 3466 2239 3537 ιη’.
2301 3465 2432 3540 Περὶ
2488 3463 2613 3532 106,
2671 3461 2804 3517 πότε
2859 3457 2944 3516 δεῖ
2987 3460 3078 3516 τὸν
3155 3458 3458 3536 στρατηγὸν
3526 3454 3585 3512 ἐκ
3657 3453 3787 3512 δύο·

2222 3560 2399 3630 μερῶν
2426 3559 2534 3610 τῶν
2557 3551 2841 3625 πολεμίων
2871 3548 3231 3624 παραδρομὴν
3263 3555 3512 3617 ποιῆσαι.

2151 3646 2235 3710 ie‘.
2318 3644 2447 3720 Περὶ
2527 3641 2930 3710 καταστάσεως,
3030 3639 3121 3694 καὶ
3236 3635 3584 3710 ἐξοπλίσεως,

2219 3733 2519 3812 γυμνασίας
2551 3735 2799 3806 στρατοῦ.

2147 3828 2213 3886 κ’.
2276 3827 2404 3903 Περὶ
2460 3830 2579 3882 τῶνη
2628 3822 3052 3901 ἐγχρονιζᾶντων
3111 3817 3396 3891 πολεμίων
3478 3817 3614 3873 κατὰ
3688 3822 3789 3885 τῆς

2222 3919 2409 3993 χώρας
2467 3918 2647 3988 ἡμῶν,
2699 3912 2848 3969 ’ἔναὸ
2891 3914 3161 3987 ἡμέτερος
3218 3907 3639 3985 στρατὸςκατὰ
3694 3912 3799 3975 τῆς

2223 4006 2412 4080 χώρας
2440 4002 2616 4059 αὐτῶν
2647 3997 2870 4074 ἐπέλθῃ.

2149 4099 2250 4149 κα“.
2287 4091 2415 4166 ΙΙερὶ
2444 4088 2771 4165 πολιορκίας
2800 4089 3060 4163 κάπρου.

2149 4183 2255 4258 κβ“.
2316 4181 2446 4256 Περὶ
2505 4177 2888 4256 διαχωρισμοῦ
2945 4175 3082 4232 λαοῦ
3136 4179 3240 4231 τῶν
3325 4173 3570 4246 ἡμίσεων
3623 4169 3797 4225 πολε-

2228 4272 2391 4345 μίων,
2422 4270 2458 4340 ἢ
2491 4271 2580 4325 καὶ
2609 4268 2705 4326 106
2735 4267 2921 4342 τρίτου
2954 4263 3171 4339 μέρους.

2151 4344 2253 4438 κγί.
2317 4360 2446 4435 Περὶ
2527 4365 2626 4428 τῆς
2715 4357 3062 4432 ὑποστροφῆς
3143 4357 3250 4408 τῶν
3323 4348 3628 4423 πολεμίων,
3703 4344 3796 4401 καὶ

2222 4450 2598 4525 κατασχέσεως
2628 4445 2976 4522 κλεισούρας.

2152 4538 2252 4597 κδ’.
2289 4539 2417 4613 Περὶ
2444 4533 2880 4609 νυκτοπολίμου.

3695 3634 3790 3690 καὶ

391 4628 560 4683 XXV.
594 4629 668 4683 De
698 4629 808 4684 alio
829 4631 990 4686 modo
1019 4631 1327 4704 occupandi
1354 4633 1520 4701 viam,
1552 4647 1672 4703 quae
1703 4630 1764 4687 in
1785 4631 2031 4689 descensu

2159 4635 2240 4686 ιε’.
2301 4628 2431 4704 Περὶ
2488 4627 2672 4703 ἐτέρας
2729 4620 3110 4699 κατασχίσεως
3167 4618 3319 4689 ὁδοῦ,
3403 4624 3502 4688 τῆς
3552 4613 3638 4679 ἐἰς
3690 4614 3790 4685 τήν

462 4716 853 4788 difﬁcultatem
884 4720 1066 4777 habet.

1031 4899 1420 4958 PBEFATIO.

473 5064 619 5120 18³
651 5064 796 5121 Cum
827 5067 1200 5139 propositum
1227 5067 1399 5124 nobis
1449 5069 1527 5125 sit
1579 5069 1874 5125 rationem
1921 5073 2038 5125 tra-

394 5153 555 5219 dere,
590 5169 706 5225 qua
737 5155 938 5212 hostes
967 5156 1126 5212 bello
1159 5157 1510 5213 observandi
1543 5159 1679 5224 sint,
1713 5159 1949 5214 tametsi
1979 5157 2040 5213 id

391 5244 641 5299 fortasse
672 5244 733 5298 in
762 5245 1080 5315 praesentia
1097 5245 1295 5301 minus
1320 5247 1725 5304 necessarium
1747 5249 1810 5303 in
1832 5248 2040 5303 Orien-

393 5333 466 5388 tis
493 5332 761 5405 partibus
785 5338 893 5398 est,
914 5334 1073 5406 quod
1095 5334 1386 5399 Christus,
1420 5351 1595 5392 verus
1628 5337 1783 5392 Deus
1812 5341 2038 5404 noster,

390 5422 628 5480 infensa
654 5422 828 5480 nobis
847 5422 895 5479 vi
918 5439 986 5480 ac
1005 5424 1276 5496 potentia
1295 5423 1556 5481 ﬁliorum
1578 5425 1792 5483 Ismael
1813 5426 2040 5498 majore

2219 4713 2514 4775 κατᾱϐασιν
2543 4715 2765 4791 δυσχωρ
2778 4735 2855 4770 ιαν
2889 4710 3284 4782 ἀποτελούσης.

2771 4893 3153 4950 ΠΡΟΟΙΜΙΟΝ
3167 4932 3179 4947 .

2224 5068 2310 5140 [Ρ.
2345 5062 2750 5138 112-1171Τὴν
2783 5066 2880 5130 τῆς
2931 5054 3294 5134 παραδρομῆς
3351 5049 3580 5128 μέθοδον
3630 5068 3798 5140 παρα-

2151 5139 2336 5210 δοῖῖναι
2372 5149 2728 5228 βουλόμενοι,
2780 5147 2826 5206 εἰ
2885 5147 3024 5222 νάχα
3078 5145 3170 5200 καὶ
3225 5143 3361 5200 κατὰ
3409 5142 3500 5198 τὸν
3553 5139 3794 5215 παρόντα

2147 5243 2336 5319 καιρὸν
2369 5226 2445 5315 μὴ
2479 5237 2761 5317 χρειώδης
2793 5241 2814 5275 ⁸
2853 5235 2994 5292 ἐστὶν
3053 5234 3130 5298 εἷς
3177 5234 3245 5290 τὰ
3299 5238 3400 5302 τῆς
3453 5233 3594 5319 "Eur
3623 5226 3793 5319 μέρη,

2150 5316 2521 5409 ἅτενχριστοῦ.
2555 5333 2653 5386 τυῦ
2681 5329 2946 5400 ἀληθινοῦ
2975 5329 3109 5382 Θεοῦ
3150 5325 3338 5396 ἡμῶν,
3393 5320 3457 5376 τὸ
3507 5316 3652 5374 πολὺ

2149 5401 2462 5496 καθ”ἦμῶν
2515 5417 2796 5493 δυνάμεως
2848 5417 2941 5473 καὶ
2999 5413 3192 5490 ἰσχύος
3248 5411 3357 5467 τῶν
3414 5412 3512 5465 106
3571 5401 3802 5482 Ἰσμαὴλ

1608 5571 1668 5626 C.
1708 5569 1771 5622 B.
1813 5569 2003 5625 BASII
2037 5566 2591 5626 ANNOTATIONES.

469 5716 488 5753 ι
515 5713 608 5771 καὶ
637 5715 807 5774 abest
831 5730 902 5773 ex
931 5713 1063 5773 cod.
1098 5711 1260 5769 2437.
1336 5713 1361 5749 ι
1389 5707 1664 5792 χρειώδης.
1698 5710 2031 5772 Lambeciu:

2159 5716 2472 5773 mmentar.
2509 5708 2655 5767 Bibl.
2704 5709 2851 5768 Cas.
2902 5705 3020 5763 VII.
3070 5703 3185 5764 col.
3236 5702 3362 5761 432-.
3415 5699 3477 5758 Β.
3529 5689 3808 5771 κρεώδης.
