4146 6302
385 401 504 462 929

1682 385 2106 449 VELITATIO
2151 385 2497 448 BELLICA.

3679 393 3801 456 930

387 531 628 608 ἰκγόνων
661 523 1062 604 ἀμϐλύναντος,
1117 521 1206 579 καὶ
1261 520 1359 585 τάς
1415 517 1642 595 ἐφόδους
1698 519 1875 576 αὐτῶν
1909 521 2033 576 ἀνα-

2156 535 2226 576 ex
2254 525 2422 593 parte
2451 520 2660 586 fracta,
2682 521 2960 579 incursus
2981 537 3188 578 eorum
3219 523 3544 594 repressit:
3574 529 3805 599 tamen,

389 621 757 698 χαιτίσαντος·
796 615 924 672 ἀλλ’
955 613 1072 684 οὖν,
1097 611 1190 668 *ίνα
1227 612 1303 686 μὴ
1333 611 1434 680 τήν
1468 609 1642 682 λήτην
1689 609 1780 665 καὶ
1822 608 2044 686 ἄγνοιαν

388 711 761 786 ἑπεισαγαγὼν
811 709 840 764 ὁ
891 707 1092 782 χρόνος
1148 703 1340 785 φθείρῃ
1393 703 1457 758 τὸ
1511 700 1712 772 ταύτης
1766 699 2045 782 ἐτιεωφιιιλὲ,ς

389 801 475 879 [Ρ.
539 802 661 874 118]
763 797 856 854 καὶ
930 794 1239 870 ἐξαφανίζῃ,
1317 789 1424 847 δεῖν
1502 791 1766 864 ᾠήθημεν
1865 792 2048 868 γραφῇ

389 889 724 968 παραδοῦναι
821 885 1046 956 ταύτην·
1115 884 1187 939 ἳν⁹
1257 881 1310 937 εἷ’
1369 902 1503 937 ποτε
1567 881 1767 949 ταύτης
1863 879 2042 951 δεήσει

391 967 763 1056 Χριστιανοῖς,
795 979 990 1047 καιροῦ
1027 994 1174 1036 τινος
1223 973 1358 1045 πρὸς
1390 973 1451 1027 τὸ
1483 968 1693 1044 μέλλον
1721 967 2043 1039 καλοῦντος,

389 1069 612 1144 ἕτοιμός
671 1068 783 1124 ἐστι
814 1071 836 1104 ⁸
866 1066 1120 1142 συνεργὸς
1171 1065 1343 1140 ἀγαθὴ
1402 1067 1484 1135 τῷ
1537 1083 1597 1118 τε
1649 1065 1822 1134 κοινῷ
1859 1061 2042 1130 παντὶ,

389 1161 480 1216 καὶ
548 1163 664 1220 τοῖς
753 1157 923 1225 αὐτὴν
1024 1153 1592 1229 μεταχειριζομένοις.
1658 1151 1852 1224 Ἡμεῖς
1909 1152 2041 1223 γοῦν

393 1248 594 1317 ταύτην
679 1246 743 1301 ού
829 1242 1096 1318 μονονοὺκ
1181 1242 1318 1315 ἅκοῇ
1372 1241 1811 1318 παρειλήφαμεν,
1899 1235 2046 1292 ἀλλά

389 1337 480 1393 καὶ
536 1337 727 1410 πεῖράν
779 1353 901 1389 τινα
963 1332 1091 1407 παρ’
1158 1329 1327 1400 αὐτῆς
1385 1325 1778 1403 ἐδιδάχθημενο
1808 1328 1871 1383 τὸ
1923 1327 2042 1401 μὲν,

389 1427 584 1491 αὐτοὺς
645 1425 873 1502 σχόντες
959 1421 1320 1484 διδασκάλους
1407 1419 1496 1475 καὶ
1558 1416 1849 1479 παιδευτὰς
1912 1414 2040 1479 τοὺς

391 1517 618 1588 ταύτην,
679 1501 876 1590 σχεδὸν
958 1513 1151 1585 εἰπεῖν,
1227 1509 1550 1589 ἐφευρόντας
1623 1509 1722 1578 τὴν
1788 1501 2038 1580 μέθοδον.

392 1609 456 1664 τὸ
487 1604 564 1676 δὲ,
596 1605 686 1661 καὶ
719 1603 872 1660 αὐτοὶ
936 1602 1093 1675 μόνοι
1149 1598 1320 1675 ταύτῃ
1351 1600 1376 1635 δ
1407 1597 1771 1674 χρησάμενοι,
1801 1596 1892 1651 καὶ
1921 1599 2041 1650 πεῖ-

394 1717 488 1772 ραν
558 1695 728 1764 αὐτῆς
813 1688 1301 1766 ἐγκολπωσάμενοί
1369 1678 1510 1755 τινα,
1579 1685 1713 1741 κατά
1778 1684 1841 1739 τὸ
1907 1686 2044 1756 ἡμῖν

395 1785 635 1865 ἐφικτόν.
668 1784 818 1853 Αὕτη
849 1785 1032 1838 τοίνυν
1092 1779 1228 1835 κατά
1282 1782 1444 1834 τοῦτο
1501 1773 1616 1852 ἔχει
1645 1776 1708 1865 τί)
1739 1776 2040 1865 χρήσιμον,

394 1861 585 1949 ὅτιπερ
615 1877 658 1944 ⁵,
691 1873 744 1928 οἳ
800 1871 1003 1942 ταύτην
1065 1867 1430 1943 μετήλθοσαν,
1487 1867 1600 1940 μετ’
1644 1863 1838 1940 ὀλίγου
1872 1861 2046 1938 μαχί-

397 1986 504 2038 μου
563 1964 700 2019 λαοῦ
758 1961 987 2038 μέγιστα
1039 1958 1130 2014 καὶ
1211 1954 1686 2030 ἀξιομνημόνευτα
1742 1949 2043 2024 ἐξετέλεσαν

393 2053 543 2127 ἔργα.
581 2053 706 2108 Καὶ
770 2053 896 2128 γὰρ,
956 2049 1112 2104 ἅτινα
1174 2047 1250 2122 μὴ
1334 2049 1678 2120 κατορθῶσαι
1735 2040 1955 2118 ἴσχυσεν
2009 2039 2045 2110 ἢ

397 2142 702 2216 ἐτόλμησεν
761 2143 798 2209 ἡ
855 2136 1147 2211 Ῥωμαίων
1209 2135 1468 2208 σύμπασα
1535 2133 1780 2210 στρατιὰ,
1839 2132 1928 2187 ὅτε
1981 2131 2050 2186 τὰ

391 2237 503 2288 τῶν
559 2229 804 2287 Κιλίκων
859 2227 950 2283 καὶ
1006 2230 1103 2282 τοῦ
1159 2221 1390 2299 Χαμϐδᾶ
1445 2224 1714 2296 ἢκμαζεν,
1747 2223 1829 2284 εἷς
1876 2220 2048 2276 ἐνίοτε

396 2327 506 2378 τῶν
564 2320 800 2394 ἀρίστων
862 2320 1200 2392 στρατηγῶν,
1281 2313 1375 2369 σὺν
1467 2313 1616 2388 μόνῳ
1666 2316 1746 2384 τῷ
1800 2314 1896 2366 τοῦ
1957 2303 2049 2366 ὑπ’

394 2413 553 2468 αὐτὸν
611 2411 846 2484 θεματος
901 2407 1040 2480 λαῷ,
1100 2403 1384 2485 φρονίμως
1435 2404 1524 2460 καὶ
1563 2400 1867 2478 ἀμπείρως
1919 2399 2046 2463 τοὺς

397 2499 699 2574 πολεμίους
759 2493 1277 2569 ἔπιτηδεύσοίμενος,
1336 2493 1428 2550 καὶ
1487 2496 1718 2555 συνετῶς
1784 2488 2046 2554 διατεθεὶς

402 2593 492 2647 καὶ
553 2590 955 2664 στρατηγήσας,
1017 2586 1302 2661 ἀπήρτισε.
1362 2583 1537 2641 Τοῦτο
1594 2579 1652 2636 δὲ
1709 2601 1909 2655 φαμεν,
1940 2579 2049 2654 οὐχ

404 2679 616 2734 ὅτιτοῦ
672 2675 931 2738 πλείονος
988 2675 1052 2730 τὸ
1112 2671 1303 2749 ὀλίγον
1358 2671 1720 2746 προκρίνομεν
1772 2674 2044 2744 μάχιμον·

406 2766 517 2823 οὐδ’
566 2767 648 2822 ὅτι
699 2769 898 2836 ταύτην
958 2763 1240 2840 ξξαίρομεν
1301 2767 1408 2817 τῶν
1466 2758 1676 2816 λοιπῶν
1736 2778 2049 2834 στρατηγη-

411 2857 594 2929 μάτων
650 2853 740 2909 καὶ
796 2849 1244 2924 ἐπιτηδευμάτων
1295 2853 1396 2915 τῆς
1453 2854 1738 2918 τακτικῆς·
1794 2843 1923 2900 ἀλλ’
1963 2844 2045 2900 ὅτι

406 2947 722 3020 στρατηγῶν
752 2947 866 3004 τοῖς
911 2941 1154 3017 ἀρίστοις
1196 2940 1331 3010 αὕτη
1385 2938 1642 3015 συνεργὸς
1686 2936 1879 3010 ἀρίστη
1913 2945 2047 2998 καθ-

401 3031 642 3104 έστηκεν
698 3032 771 3085 ’ἐν’
827 3030 916 3086 ὅτε
975 3031 1050 3104 μή
1109 3029 1246 3084 κατὰ
1308 3027 1599 3100 πρόσωπον
1674 3029 1791 3086 τοῖς
1873 3022 2045 3078 πολε-

402 3122 549 3196 μίοις
634 3119 1033 3184 ἀντιτάττεσθαι
1102 3116 1373 3187 δύναιντο,
1452 3114 1622 3190 ταύτῃ
1688 3116 1757 3188 τῇ
1828 3109 2045 3187 μεθόδῳ

394 3212 700 3287 χρώμενοι,
731 3205 995 3274 ἀϐλαϐεῖς
1039 3231 1098 3264 τε
1154 3206 1376 3267 ἑαυτοὺς
1405 3209 1425 3243 ⁷
1455 3206 1544 3262 καὶ
1601 3205 1703 3274 τὴν
1746 3201 1885 3258 ίδίαν
1919 3223 2042 3257 συν⁸

388 3307 610 3377 τηροῖεν
665 3303 876 3376 χώραν.
933 3298 1142 3370 Ταύτην
1174 3295 1432 3374 ⁸Βάρδας
1477 3296 1506 3350 ὁ
1557 3293 1858 3370 μακαρίτης
1915 3295 2042 3347 Καῖο

393 3411 517 3467 σαρ,
573 3393 674 3446 ὅσα
728 3389 826 3464 ἐμὲ
875 3390 1183 3466 γινώσκειν,
1235 3388 1311 3450 είς
1365 3388 1527 3462 ἄκρον
1573 3385 1924 3461 κατώρθωκε,
1955 3379 2047 3438 καὶ

392 3479 678 3542 παντελῶς
730 3479 1114 3559 ἀφανισθεῖσαν
1194 3474 1528 3533 ἀνενεώσατο
1585 3475 1698 3549 (ἳνα
1777 3475 1854 3546 μὴ
1917 3471 2046 3534 τοὺς

391 3568 666 3631 παλαιοὺς
716 3569 741 3604 9
786 3573 894 3623 τῶν
955 3570 1272 3644 στρατηγῶν
1333 3565 1627 3641 ἀπαριθμῶ
1655 3563 1776 3619 καθ’
1796 3559 2044 3624 ἕκαστον,

395 3659 596 3732 μόνους
627 3656 684 3714 δὲ
706 3657 835 3720 τοὺς
867 3663 998 3712 πᾶσι
1049 3655 1358 3731 γνωρίμους
1415 3654 1506 3709 καὶ
1537 3654 1655 3717 καθ’
1687 3654 1734 3690 ¹⁰
1761 3654 1953 3725 ἠμᾶςγ
1988 3652 2047 3714 ’ὸς

393 3747 448 3804 ἐν
476 3754 594 3812 τοῖς
626 3752 934 3824 γειτονοῢσι
991 3750 1060 3820 τῇ
1119 3748 1319 3818 Ταρσῷ
1376 3743 1566 3817 θέμασι
1605 3745 1670 3811 ιι,
1711 3745 1779 3816 τῇ
1808 3763 1867 3797 τε
1898 3743 2048 3799 Καπ-

397 3837 637 3910 παδοκίᾳ
663 3838 752 3893 καὶ
783 3842 864 3910 τῷ
894 3835 1236 3908 Ἀνατολικῷ
1283 3837 1622 3909 στρατηγῶν,
1668 3834 1924 3908 μυριάκις
1953 3833 2048 3895 τὰς

397 3934 507 3984 τῶν
540 3931 788 4005 Ταρσέων
847 3928 938 3983 καὶ
994 3926 1207 3982 λοιπῶν
1268 3923 1513 3981 Κιλίκων
1575 3920 1831 3996 δυνάμεις
1862 3923 2051 3998 ἐτραυ-

397 4019 618 4092 ’μάτισε,
677 4018 767 4072 καὶ
827 4015 1051 4091 μέγιστα
1107 4015 1223 4070 κατ’
1304 4012 1478 4069 αὐτῶν
1538 4013 1868 4083 ἀνεστήσατο
1920 4011 2051 4088 τρό-

400 4127 557 4166 παια.
618 4109 751 4182 Παρ’
809 4105 870 4161 οὗ
928 4104 1015 4161 καὶ
1075 4105 1240 4177 ἡμεῖς
1291 4102 1492 4173 ταύτην
1532 4102 1920 4178 γυμνασθέντες
1950 4103 2049 4172 τήν

397 4196 603 4267 ταύτης
633 4196 728 4251 κᾶν
779 4199 962 4256 ποσῶς
1011 4192 1425 4270 παρειλήφαμεν
1458 4195 1669 4263 πεῖραν.
1705 4191 1845 4266 Πρὸς
1875 4191 2053 4265 τούτῳ

401 4286 492 4341 καὶ
554 4289 958 4346 Κωνσταντῖνος
1016 4282 1325 4357 πατρίκιος,
1383 4281 1428 4353 ᾧ
1484 4277 1745 4342 Μελεϊνὸς
1821 4280 2052 4352 ἐπίκλη-

403 4397 488 4440 σις
539 4378 636 4449 (1),
697 4375 932 4450 χρόνους
986 4370 1275 4433 πλείστους
1329 4366 1706 4426 Καππαδοκῶν
1747 4373 2053 4447 στρατηγήο

402 4486 500 4528 σας
527 4465 615 4521 καὶ
646 4464 850 4534 ταύτην
885 4462 1137 4538 συνεργὸν
1201 4459 1366 4537 ἔχων,
1423 4459 1524 4515 οὐκ
1565 4459 1834 4536 ἐλάχιστα
1863 4462 2054 4535 ἀπειρ-

402 4554 603 4633 γάσατο
670 4553 1090 4630 κατορθώματα.
1161 4550 1266 4606 Σὺν
1332 4549 1550 4613 τούτοις
1616 4564 1706 4606 και
1797 4551 1825 4606 ὁ
1898 4555 2052 4626 κῦρις

2153 627 2228 667 ne
2263 613 2545 684 temporis
2577 613 3000 687 longinquitas,
3035 612 3394 668 oblivionem
3425 619 3603 685 atque
3633 616 3799 688 igno-

2151 701 2406 758 rantiam
2438 705 2714 771 efferens,
2739 705 2978 760 tolleret
3006 704 3160 759 184
3189 721 3362 759 usum
3395 705 3525 776 ejus
3551 721 3619 760 ac
3649 705 3805 762 dele-

2151 791 2488 859 ret,idcirco
2518 793 2738 865 scripto
2773 793 3120 850 tradendam
3151 810 3282 849 eam
3313 793 3800 850 existimavimus:

2152 885 2236 948 ut,
2273 881 2320 935 si
2353 898 2617 953 unquam
2671 884 2799 955 ejus
2857 890 3098 955 egerent
3126 883 3465 951 Christiani,
3499 883 3803 956 ﬂagitante

2150 971 2334 1027 futuri
2369 974 2654 1045 temporis
2705 976 3078 1042 necessitate,
3113 976 3284 1046 quasi
3333 975 3604 1046 quaedam
3637 975 3807 1030 fortis

2151 1060 2414 1132 adjutrix
2464 1079 2598 1117 cum
2642 1063 2987 1135 reipublicaa
3037 1065 3346 1130 universm,
3380 1071 3507 1120 tum
3549 1064 3807 1120 maxime

2151 1149 2630 1208 observatoribus
2663 1153 2793 1225 ejus
2843 1159 3058 1226 prmsto
3111 1160 3286 1210 esset.
3329 1155 3470 1209 Eam
3501 1155 3660 1209 enim
3695 1170 3806 1210 nos

2148 1254 2271 1294 non
2293 1240 2468 1296 modo
2490 1241 2794 1298 auditione
2815 1244 3418 1315 percepimus,verum
3441 1244 3809 1315 experientia

2151 1329 2412 1385 etiamin
2439 1346 2509 1386 ea
2533 1347 2738 1387 sumus
2757 1333 2974 1388 eruditi
3001 1348 3014 1389 :
3049 1333 3199 1388 illud
3221 1333 3633 1404 quidem,quia
3653 1351 3807 1405 pra)-

2151 1423 2419 1490 ceptores
2448 1435 2516 1475 ac
2547 1422 2858 1493 magistros
2888 1439 2988 1478 eos
3034 1422 3192 1478 nacti
3237 1439 3465 1490 sumus,
3496 1423 3599 1493 qui
3628 1423 3805 1478 istam

2148 1506 2544 1581 belligerandi
2576 1511 2750 1579 viam,
2774 1528 2960 1584 prope
2985 1511 3203 1583 dicam,
3234 1517 3635 1584 aperuerunt:
3667 1511 3800 1582 hoc,

2151 1597 2307 1666 quod
2339 1597 2452 1669 ipsi
2509 1604 2712 1655 nostro
2769 1600 3015 1657 arbitrio
3049 1617 3180 1656 eam
3212 1606 3660 1673 persequentes,
3694 1601 3806 1656 ali-

2150 1700 2329 1754 quem
2361 1686 2492 1758 ejus
2521 1704 2718 1755 usum,
2755 1696 3043 1760 quantum
3097 1689 3339 1761 quidem
3381 1691 3441 1745 in
3469 1689 3640 1745 nobis
3669 1689 3803 1756 fuit,

2148 1776 2575 1832 contraximus.
2635 1779 2880 1834 Proﬂcit
2934 1784 3136 1835 autem
3167 1779 3493 1851 plurimum
3525 1779 3599 1834 ad
3633 1777 3803 1847 illud,

2076 1914 2122 1980 Β
2154 1864 2333 1936 quod,
2365 1868 2466 1938 qui
2501 1884 2632 1924 eam
2662 1870 2985 1937 tenuerint,
3019 1887 3154 1925 cum
3203 1871 3414 1942 exiguo
3439 1876 3804 1925 armatorum

2159 1970 2403 1980 _____..-_-
2438 1973 2530 1980 ,η
2556 1959 2840 1980 μηιμ--
2870 1960 3272 1980 ____--_:____-
3316 1959 3512 1980 λίψ--
3550 1959 3776 1980 --ηιμ

2159 1970 2408 2012 numero
2438 1973 2533 2012 res
2556 1959 2844 2014 maximas
2870 1960 3276 2030 memoriaque
3308 1959 3516 2032 dignas
3542 1959 3806 2015 confece-

2159 2051 2317 2099 runt.
2342 2047 2595 2114 Etenim,
2657 2064 2787 2118 qua)
2847 2048 3089 2119 exsequi
3144 2064 3339 2120 neque
3387 2048 3580 2119 potuit
3607 2063 3804 2118 neque

2159 2141 2407 2190 conatus
2425 2141 2514 2191 est
2533 2135 2844 2192 universus
2862 2139 3263 2194 Romanorum
3287 2138 3576 2194 exercitus
3599 2143 3808 2193 contra

2159 2227 2536 2284 ﬁrmissimas
2588 2234 2729 2284 tunc
2781 2229 3026 2284 Cilicum
3059 2234 3116 2282 et
3155 2228 3516 2284 (.lhambdani
3545 2243 3706 2299 opes,
3739 2244 3810 2282 ea

2159 2333 2317 2373 unus
2347 2316 2647 2372 interdum
2701 2334 2771 2372 ex
2826 2317 3336 2390 praestantissimis
3366 2317 3636 2386 ducibus,
3671 2333 3808 2373 cum

2159 2406 2303 2462 solis
2333 2423 2454 2462 sum
2511 2407 2826 2478 provincia)
2887 2406 3094 2478 copiis,
3155 2406 3355 2462 hostes
3386 2407 3710 2478 prudenter
3739 2423 3808 2462 ac

2161 2497 2304 2552 scite
2336 2513 2631 2570 agressus,
2663 2497 2821 2553 bello
2864 2498 3268 2570 intelligenter
3307 2497 3596 2553 instructo
3627 2503 3805 2569 atque

2158 2587 2592 2648 administrata.
2623 2588 2898 2644 confecit.
2931 2589 3187 2644 Tametsi
3230 2605 3349 2644 non
3393 2588 3525 2643 ideo
3565 2587 3627 2642 id
3658 2588 3807 2643 dici-

2156 2693 2311 2744 mus,
2345 2677 2504 2747 quod
2531 2677 2763 2750 magnis
2785 2677 2972 2749 copiis
2993 2678 3232 2749 exiguas
3253 2677 3654 2748 praeferendas
3677 2694 3806 2734 esse

2156 2771 2471 2836 putemus:
2532 2782 2728 2838 neque
2785 2771 2850 2821 ut
2901 2767 3056 2822 hanc
3112 2767 3378 2822 bellandi
3408 2768 3558 2823 viam
3592 2774 3807 2840 praeter

2155 2857 2390 2928 reliqua
2421 2864 2757 2914 commenta
2779 2857 3064 2914 militaria
3084 2864 3142 2913 et
3166 2858 3406 2914 inventa
3426 2858 3803 2913 extollamus:

2155 2962 2362 3001 verum
2421 2947 2560 3018 quia
2615 2948 2977 3018 optimorum
3035 2945 3251 3002 ducum
3293 2947 3519 3018 optima
3547 2945 3808 3017 adjutrix

2157 3035 2436 3090 existitit:
2461 3040 2545 3101 ut,
2570 3035 2807 3106 quando
2829 3041 2992 3091 recta
3011 3036 3203 3090 fronte
3225 3035 3512 3091 obsistere
3535 3033 3806 3089 hostibus

2157 3123 2308 3180 185
2343 3141 2465 3180 non
2495 3130 2758 3196 possent,
2813 3141 2943 3180 sese
2973 3141 3230 3196 suosque
3283 3125 3453 3190 ﬁnes,
3488 3123 3597 3179 hac
3625 3122 3804 3177 disci-

2156 3213 2323 3284 plina
2351 3213 2464 3280 usi,
2489 3214 2820 3270 incolumes
2847 3219 3168 3269 servarent.
3192 3212 3488 3278 Eamdem,
3513 3217 3804 3284 quantum

2159 3318 2265 3375 ego
2297 3303 2614 3375 perspicio,
2637 3303 2993 3359 mirabiliter
3022 3302 3422 3374 locupletavit.
3444 3315 3805 3373 prorsusque

2159 3391 2488 3449 obsoletam
2539 3392 2841 3449 renovavit
2892 3393 3068 3449 Divus
3118 3393 3334 3448 Bardas
3376 3392 3570 3448 Caesar
3596 3393 3691 3455 (ne
3722 3390 3805 3444 si-

2159 3482 2410 3554 gillatim
2442 3483 2670 3555 priscos
2699 3481 2901 3548 duces,
2933 3499 3137 3538 verum
3186 3499 3287 3538 eos
3336 3481 3626 3537 duntaxat
3654 3495 3807 3535 enu-

2157 3575 2514 3644 merem,qui
2539 3579 2743 3630 nostra
2763 3574 3052 3629 memoria
3067 3572 3347 3628 omnibus
3369 3573 3805 3631 innatuerunt):

2159 3663 2258 3733 qui
2292 3663 2354 3717 in
2405 3663 2723 3734 provinciis
2781 3664 2957 3717 Tarso
3005 3661 3308 3724 ﬁnitimis,
3349 3658 3720 3732 Cappadocia
3749 3661 3807 3712 et

2157 3750 2491 3819 Anatolico,
2523 3752 2708 3822 copiis
2759 3751 3093 3822 prmfectus,
3125 3749 3501 3805 Tarsensium
3543 3747 3805 3818 reliquo-

2158 3856 2410 3911 rumque
2441 3840 2688 3895 Cilicum
2714 3839 2866 3894 vires
2889 3855 3296 3910 saepenumero
3320 3835 3807 3901 contudit,maxi-

2159 3946 2374 4001 maque
2406 3929 2477 3984 de
2509 3930 2630 3985 illis
2658 3929 2968 3985 constituit
3025 3931 3308 4002 trophaea.
3340 3929 3426 3984 Ah
3459 3928 3667 3984 eodem
3699 3944 3809 3982 nos

2163 4035 2397 4091 quoque
2430 4019 2538 4075 hac
2569 4018 2886 4090 disciplina
2939 4018 3176 4087 eruditi,
3204 4036 3378 4074 usum
3437 4019 3586 4088 ejus,
3620 4033 3809 4089 quan-

2162 4108 2323 4165 tulus
2351 4108 2402 4164 is
2424 4124 2656 4180 cuuque
2688 4114 2798 4177 est,
2830 4109 3225 4180 percepimus.
3259 4108 3390 4163 Fuit
3437 4108 3614 4163 etiam
3662 4108 3810 4162 Con-

2163 4198 2460 4254 stantinus
2516 4198 2820 4270 patricius,
2881 4203 3273 4271 cognomento
3334 4196 3641 4261 Meleinus,
3687 4196 3810 4267 qui,

2163 4287 2500 4360 complures
2529 4304 2720 4343 annos
2761 4287 2946 4360 copiis
2991 4287 3403 4359 Cappadocum
3435 4285 3810 4358 praepositus,

2167 4394 2237 4433 ea
2266 4377 2554 4449 adjutrice
2581 4377 2922 4432 felicissime
2970 4393 3091 4432 non
3142 4392 3330 4448 pauca
3359 4375 3558 4447 gessit.
3593 4376 3815 4428 Praeter

2166 4467 2274 4523 hos
2307 4469 2450 4524 item
2481 4467 2761 4524 dominus
2792 4473 2996 4523 noster
3034 4466 3420 4537 Nicephorus,
3457 4461 3812 4519 immortalis

2165 4556 2468 4612 memoria)
2500 4556 2800 4629 princeps,
2833 4572 2963 4611 eam
3002 4555 3251 4610 miriﬁce
3283 4552 3498 4608 coluit:
3532 4551 3633 4623 qui
3677 4565 3812 4605 cum

1606 4731 1666 4786 C.
1724 4731 1784 4786 B.
1829 4732 2018 4788 HASII
2056 4734 2612 4790 ANNOTATIONES.

476 4901 500 4937 ³
528 4899 826 4977 ἐπωφελὲς.
863 4902 1170 4977 Hactenus
1187 4899 1583 4977 fragmentum
1608 4896 1746 4977 libri
1798 4900 1957 4971 apud
2007 4901 2046 4957 L

2156 4901 2404 4977 becium.
2478 4899 2502 4934 ⁴
2532 4898 2664 4954 ἐστι.
2699 4900 3087 4977 Scribendum
3140 4897 3383 4977 omnino
3413 4897 3467 4968 ᾕυ
3505 4898 3803 4977 δεφόμε-

529 4939 651 4956 ...ωη
689 4939 778 4955 ωηο
814 4943 826 4956 .
863 4939 1156 4956 “aut...”
1188 4939 1297 4954 ..μγ
1320 4939 1583 4953 meum...
1610 4939 1746 4952 ..-η
1798 4939 1832 4955 ι.
1879 4939 1957 4956 ιη.
2007 4939 2404 4958 “munem”...
2532 4939 2664 4954 ευ...
2700 4939 3087 4957 acuum“...
3141 4939 3383 4955 mu...”
3417 4939 3430 4968 τ
3506 4939 3609 4955 ουν.
3639 4939 3668 4956 ν
3703 4939 3801 4956 ..ο-

407 4974 569 5052 modi
603 4939 922 5029 soflaacismi
957 4979 1076 5052 toto
1109 4971 1212 5052 il_lo
1235 4939 1449 5052 libello
1482 4975 1601 5024 tam
1615 4939 1963 5052 frequentes
1986 4980 2144 5052 sunt,
2170 4979 2236 5029 ut
2256 4975 2580 5052 otiosorum
2603 4980 2759 5052 esset
2780 4979 2988 5052 notare
3008 4971 3292 5052 singulos.
3327 4939 3513 5052 Quam
3541 4939 3811 5052 animad-

407 5046 741 5116 versipnem
773 5061 988 5116 moneo
1021 5044 1080 5098 in
1114 5042 1351 5116 similia;
1382 5040 1514 5116 loca
1559 5040 1761 5096 omnia
1794 5060 1978 5116 usque
2025 5062 2046 5098 τ

2157 5061 2240 5100 re.
2317 5045 2339 5079 ⁸
2364 5042 2566 5111 ταύτην
2596 5044 2725 5099 cod.
2803 5044 2826 5077 δ
2857 5043 2942 5097 ὅτι
2972 5040 3325 5116 περΓταύτηγ
3354 5043 3525 5116 codd.
3558 5113 3572 5116 _
3603 5044 3622 5078 ⁷
3653 5045 3811 5116 Fort.

406 5109 668 5176 ἀϐλαϐεῖς
701 5113 924 5175 ἑαυτούς
955 5134 1034 5178 τε,
1064 5117 1291 5188 χώραν,Δ
1311 5114 1443 5168 Haec
1470 5113 1614 5188 item
1656 5109 2042 5188 apudhllamh

2156 5132 2241 5171 1m
2289 5109 2618 5170 Comment.
2661 5115 2779 5171 νη.
2811 5117 2915 5188 ιξ33
2961 5147 3014 5157 -
3042 5109 3050 5116 ’
3081 5118 3166 5188 35.
3204 5109 3332 5188 cod.
3369 5113 3811 5188 Vindobonensi

403 5188 817 5274 philosophice
850 5184 1523 5274 CXI.‘cum'di'lTorentia
1555 5191 1751 5274 tamen
1783 5184 1983 5274 aliqua
2021 5187 2296 5274 lecti-onis
2350 5188 2446 5274 hic
2480 5193 2737 5274 enotata.
2815 5186 2840 5220 ⁸
2869 5188 3006 5242 Post
3032 5185 3234 5269 ταύτην
3271 5185 3815 5274 hambecius‘addit

403 5255 504 5325 τήν
542 5255 791 5331 μέθοδον.
868 5255 1201 5331 θπαλαιούς.
1239 5255 1585 5312 Lambecius
1647 5255 1943 5331 col._{r34.
2001 5276 2046 5313 οι

2156 5260 2224 5313 tit
2273 5256 2565 5322 παλαιούς,
2599 5276 2932 5330 perperam,
2965 5259 3194 5330 opinor.

3276 5259 3343 5311 ίθ.
3377 5259 3531 5313 Fort.
3563 5256 3652 5309 καὶ
3684 5255 3812 5318 τοὺς

405 5327 552 5385 καθ’(
580 5331 843 5401 Mametsi
877 5346 1070 5401 neque
1100 5329 1260 5401 ullus
1301 5333 1642 5401 nostrorum
1680 5327 1860 5401 codd.
1916 5331 2121 5386 variet.
2181 5347 2397 5401 neque,
2429 5336 2496 5385 ut
2537 5327 2947 5401 exiLambAecio
2978 5327 3091 5386 col.
3120 5332 3244 5386 434.
3287 5329 3481 5400 video,
3517 5329 3816 5385 Vindobo-

407 5403 634 5460 nensis.

409 5574 412 5577 ’
484 5571 556 5641 (1)
588 5572 754 5626 Hunc
784 5555 1239 5642 Constantinum
1299 5567 1618 5622 Meleinum
1643 5567 2053 5642 _ducemicap-

449 5638 672 5700 adeone
703 5659 754 5698 a.
785 5645 908 5706 960,
940 5641 1058 5696 sive
1088 5643 1212 5703 961,
1246 5656 1486 5711 operam
1517 5638 1842 5711 prmbuisse
1877 5638 2054 5697 Leoni

449 5659 672 5700 ειαοοιτε
703 5659 754 5698 a.
785 5659 908 5706 νου,
940 5659 1058 5696 Slve
1088 5659 1212 5703 νυι,
1246 5659 1486 5711 operam
1517 5659 1842 5710 ρι’ωοιιιεεθ
1877 5659 2054 5697 Leoni

402 5659 612 5772 Ehocze
627 5714 687 5770 in
708 5713 1082 5785 expeditione
1099 5716 1306 5767 contra
1321 5710 1772 5767 Chambdanum
1789 5712 2054 5769 videmus

715 5406 760 5440 ιι
794 5398 1008 5474 Θὲμασῖ³
1045 5399 1390 5456 Lambecius
1421 5398 1459 5454 l.
1495 5416 1544 5455 c.
1577 5399 1754 5470 male,
1786 5399 1998 5472 θὲματι,
2029 5419 2046 5457 ε

2156 5398 2291 5458 aulo
2322 5407 2474 5474 post,
2504 5405 2587 5474 τῷ
2617 5399 2959 5474 Ἀνατολικῷ
2990 5404 3298 5477 στρατηγῷ.

2165 5587 2236 5627 ex
2281 5570 2612 5644 fragmento
2669 5570 2946 5644 Chronici
2982 5567 3400 5644 _inediti,qu_od
3436 5567 3612 5644 dedi
3634 5582 3815 5644 supra

2167 5645 2287 5714 199.
2321 5637 2686 5714 CCVariatur
2749 5642 2813 5697 in
2881 5642 3172 5714 scriptura
3219 5637 3509 5708 Μαλεινὸς,
3558 5637 3814 5708 Μαλέϊν,,

2162 5711 2432 5775 Μελεϊνὸς
2463 5719 2522 5770 et
2550 5711 2834 5775 Μελεῖνος.
