4146 6302
431 359 543 421 931
1815 345 2102 411 LEONIS
2132 348 2459 413 .DIACONI
3756 361 3880 420 932

437 491 794 548 exercitibus
823 492 1124 559 praeesset,
1156 485 1258 543 illa
1287 503 1448 555 usus,
1474 485 1730 557 plurima
1761 500 1949 554 eaque
1981 481 2074 538 ad-

2238 483 2532 559 ἰκηφόρος,
2618 485 2646 539 ὁ
2722 483 2972 559 ἀοίδιμος
3060 486 3340 562 βασιλεὺς,
3397 489 3623 558 ταύτην
3691 490 3875 564 ἄκρως

418 580 692 636 miranda
724 579 992 635 facinora
1029 580 1250 643 effecit,
1286 579 1486 633 hostes
1518 576 1852 632 sexcenties
1905 578 1970 628 ut
2001 575 2048 629 si

2238 571 2460 637 ετῆλθεν
2517 575 2574 635 ὃς
2607 571 2786 644 δήπου
2846 583 3185 652 στρατηγῶν,
3242 577 3332 632 καὶ
3385 577 3574 654 ταύτῃ
3623 581 3874 655 χρώμε-

419 670 635 736 dicam,
672 669 729 723 fu
747 667 851 730 dit,
889 668 1176 724 maximas
1203 683 1407 722 eorum
1437 665 1636 738 copias
1669 662 1945 720 concidit.
1979 664 2056 718 Cu

2236 681 2279 724 >ς
2333 662 2644 734 πάμπολλα
2701 664 2791 719 καὶ
2849 665 3140 741 ἀξιάγαστα
3197 662 3326 743 ἔργα
3380 667 3703 738 πεποίηκε,
3770 691 3873 744 μυ-

420 759 523 830 jus
547 759 805 831 gloriosa
826 759 1002 824 facta,
1033 766 1170 814 tunc
1192 775 1327 814 cum
1350 757 1627 813 militiam
1652 755 2057 810 moderaretur

2236 751 2386 812 ,άκις,
2443 753 2516 812 ὡς
2574 752 2761 819 εῒπεῖν,
2823 756 2950 817 τοὺς
3008 757 3310 828 πολεμίους
3356 761 3751 832 τρεψάμενος,
3783 759 3873 814 καὶ

427 851 477 904 si
513 849 806 920 scriptura
836 850 1111 920 persequi
1141 855 1244 904 aut
1273 863 1626 903 enumerare
1657 845 1890 911 vellem,
1923 843 2064 915 puti‘

2234 839 2418 914 ἐγιστα
2472 841 2678 896 τούτων
2754 843 3128 918 στρατεύματα
3209 845 3554 919 κατακόψας.
3629 847 3714 904 Οὗ
3773 848 3867 910 τὰς

427 938 568 994 dum
603 939 660 993 id
683 946 840 993 esset
861 939 1346 1012 legentibus,tum
1371 941 1612 1010 propter
1634 935 2064 992 multitudinea

2230 930 2474 1000 οιστεέας,
2531 933 2649 996 καθ’
2699 931 2758 988 ὅν
2818 934 3131 1009 ἐστρατήγει
3183 936 3396 1010 καιρὸν,
3451 937 3867 1014 συγγράφεινῆ

425 1044 632 1084 eorum
657 1028 975 1094 infinitam,
1003 1035 1127 1083 tum
1150 1030 1290 1099 quia
1323 1031 1360 1082 I
1379 1028 1479 1084 86
1511 1025 1666 1097 apud
1701 1025 1920 1080 multos
1943 1039 2062 1079 sun‘

2229 1022 2606 1095 παριρμεῖσθαι
2663 1024 2748 1093 [Ρ.
2802 1025 2926 1096 119]
2984 1022 3233 1101 ὀχληρὸν
3291 1023 3435 1081 ἔσται
3495 1031 3631 1088 τοῖς
3679 1026 3866 1102 ἐντυγ-

421 1117 783 1189 pervulgata.
821 1119 1145 1188 Imperator
1175 1123 1407 1180 autem,
1425 1132 1537 1170 usu
1569 1114 1831 1176 edoctus.
1856 1111 2050 1184 peruti

2227 1106 2433 1175 άνουσι,
2467 1107 2555 1164 διά
2609 1130 2666 1164 τε
2721 1113 2784 1166 τὸ
2846 1107 3192 1186 ὑπερϐάλλον
3225 1112 3440 1184 πλῆθος
3484 1115 3586 1169 καὶ
3617 1116 3683 1169 τὸ
3717 1119 3863 1192 παρά

421 1206 540 1262 lem
563 1223 690 1262 esse
715 1206 1092 1277 disciplinam
1117 1206 1303 1273 illam,
1326 1212 1382 1259 et
1405 1206 1552 1276 ipse,
1575 1201 2058 1276 quemadmodun

2225 1195 2407 1252 ολλῶν
2467 1200 2513 1236 η
2565 1200 2941 1271 γινώσκεσθαι.
2999 1203 3098 1264 ⁸ος
3151 1203 3350 1273 ταύτην
3398 1200 3556 1278 ἔργῳ
3595 1206 3860 1278 μεμαθηο

423 1303 580 1352 esset
608 1298 712 1352 illa
743 1297 1052 1360 utendum,
1075 1297 1409 1352 communis
1433 1295 1702 1350 utilitatis
1735 1310 1912 1350 causa
1933 1293 2060 1348 scri'

2224 1285 2290 1348 ὼς
2324 1287 2628 1362 εὔχρηστον
2683 1289 2866 1358 οὖσαν,
2916 1290 3201 1367 ἐγγράφως
3251 1294 3388 1368 πρὸς
3434 1295 3652 1363 κοινὴν
3704 1295 3861 1350 λυσι-

423 1392 522 1458 pto
571 1389 878 1459 exposuit:
933 1393 991 1443 et
1039 1387 1184 1441 mihi
1236 1385 1554 1447 mandavit,
1588 1389 1654 1438 ut
1683 1383 2060 1454 compositum

2219 1375 2413 1443 ἑλειαν,
2455 1381 2572 1440 πῶς
2631 1375 2715 1433 δεῖ
2769 1386 3010 1455 χρῆσθαι
3066 1383 3107 1418 ³⁸
3159 1381 3353 1456 ταύτῃ,
3387 1381 3642 1453 ἐξάθετο·
3687 1383 3856 1457 κάμοὶ

424 1493 602 1547 quam
624 1477 1071 1532 accuratissime
1094 1491 1330 1546 possem
1354 1474 1424 1529 de
1449 1473 1656 1528 eadem
1674 1489 1736 1527 re
1777 1488 2061 1527 comment

2220 1466 2560 1540 αρηγγύησε,
2593 1469 2713 1532 καθ’
2771 1469 2895 1524 ὅσον
2949 1470 3063 1525 οἷόν
3121 1491 3181 1527 τε
3236 1467 3483 1545 ἀκριϐῶς
3517 1473 3655 1545 περὶ
3689 1472 3855 1542 αὐτῆς

425 1566 639 1620 tarium
671 1565 925 1636 posteris
949 1565 1373 1634 relinquerem.
1396 1565 1594 1633 Neque
1621 1562 1816 1617 solum
1840 1561 1912 1616 de
1942 1561 2062 1630 hac,

2221 1555 2502 1630 ›γγράψαι,
2562 1557 2651 1612 καὶ
2717 1554 3051 1633 παραδοῦναι
3113 1565 3232 1623 τοῖς
3308 1561 3548 1634 μεθεξῆς
3626 1562 3699 1631 ¹⁴,
3767 1564 3858 1631 Μὴ

426 1671 604 1726 quem
640 1656 713 1710 ad
746 1655 924 1710 finem
959 1654 1181 1710 Orienti
1213 1658 1543 1717 conveniat,
1567 1667 1770 1706 verum
1801 1650 1979 1705 etiam
2002 1649 2063 1704 de

2219 1643 2345 1699 ovov
2379 1641 2437 1699 δὲ
2467 1646 2588 1720 περί
2613 1645 2816 1716 ταύτης
2844 1654 2944 1713 τῆς
2984 1651 3054 1722 τῇ
3097 1651 3215 1722 "Egi
3243 1650 3680 1722 προσηκούσης,
3712 1649 3856 1706 ἀλλὰ

428 1743 552 1811 illa,
587 1761 718 1815 qum
751 1745 811 1798 in
839 1743 1171 1799 Occidentis
1206 1742 1473 1814 partibus
1494 1742 1627 1796 usui
1655 1743 1768 1796 sit:
1802 1740 1960 1811 quod
1993 1739 2065 1793 ibi

2217 1735 2421 1811 αἱπερὶ
2468 1743 2568 1806 τῆς
2618 1741 2686 1812 τῇ
2737 1741 2953 1814 Εσπέρᾳ
2998 1741 3044 1778 ¹⁵
3097 1738 3386 1819 ὠφελίμου
3416 1744 3854 1812 καθεστηκυίας.

426 1833 612 1903 copiis
645 1832 966 1903 plurimum
1026 1832 1258 1903 prasini,
1317 1847 1638 1901 earumque
1681 1846 1882 1884 rerum
1914 1828 2063 1900 peri-

2220 1827 2272 1880 ιὰ
2300 1827 2362 1880 τὸ
2397 1829 2439 1864 ¹⁶
2469 1825 2521 1881 ἐν
2555 1828 2694 1901 αὐτῇ
2750 1827 2980 1886 πλεῖστά
3026 1851 3084 1885 τε
3135 1838 3541 1906 στρατηγῆσαι,
3598 1832 3695 1887 καὶ
3737 1837 3855 1886 πεῖ-

429 1921 592 1990 tiam,
627 1921 823 1993 quoad
867 1921 1118 1977 facultas
1171 1921 1325 1985 tulit,
1359 1921 1558 1976 animo
1589 1919 1822 1990 collegi.
1856 1917 1968 1973 Sed
2000 1917 2066 1972 de

2220 1935 2276 1969 αν
2339 1913 2466 1970 ὅσον
2525 1915 2642 1971 αῖόν
2699 1937 2758 1972 τε
2811 1917 2877 1987 ἦν
2934 1918 3087 1994 φύσει
3141 1919 3209 1994 τῇ
3262 1920 3539 1997 ἡμετέρᾳ,
3575 1921 3852 1996 ἀθροῖσαι.

429 2011 539 2066 hac
585 2012 903 2082 separatim
965 2018 1022 2066 et
1075 2011 1222 2067 alias
1277 2011 1540 2066 dicetur:
1597 2026 1755 2065 nunc
1787 2008 1858 2064 de
1889 2007 2066 2062 altera

2210 2001 2360 2061 Αλλά
2388 2005 2512 2079 περὶ
2543 2003 2752 2075 ἐκείνης
2806 2006 2900 2079 μὶν
2948 2005 3061 2078 ἱδίᾳ
3100 2009 3187 2064 καὶ
3219 2007 3274 2064 ἐν
3300 2007 3510 2074 ἄλλοις
3550 2011 3847 2084 εἰρήσεται·

430 2099 724 2156 disserere
757 2099 927 2156 nobis
978 2102 1367 2172 propositum.
1403 2099 1650 2154 Proinde
1682 2099 1824 2154 satis
1850 2096 2067 2152 faciens

2216 2095 2300 2148 υνὶ
2359 2092 2416 2149 δὲ
2473 2098 2676 2158 σκοπὸς
2724 2098 2860 2170 ἡμῖν
2945 2099 3069 2173 περὶ
3125 2106 3227 2170 τῆς
3285 2101 3474 2178 ἑτέρας
3541 2096 3850 2158 διαλαϐεῖν.

429 2191 718 2262 principis
747 2191 1048 2259 mandato,
1101 2192 1390 2264 adjutrice
1447 2207 1590 2245 usus
1641 2191 1827 2260 gratia
1856 2187 2066 2254 divina1

2207 2189 2340 2251 Οθεν
2399 2189 2490 2242 καὶ
2544 2191 2645 2260 τήν
2702 2189 2908 2246 ἐκείνου
2961 2196 3145 2267 τηρῶν
3204 2191 3459 2262 ἐντολὴν,
3499 2198 3756 2271 συνεργῷ
3781 2197 3844 2267 τῇ

429 2297 561 2350 quae
593 2281 665 2336 ad
697 2283 898 2337 omnia
951 2282 1109 2336 bona
1163 2280 1494 2352 expetenda
1531 2280 1753 2335 assumi
1786 2277 1980 2340 debet,
2016 2277 2066 2330 in

2210 2280 2283 2330 '06
2333 2281 2465 2331 Θεοῦ
2523 2279 2709 2352 χάριτι
2767 2280 3076 2354 χρώμενος,
3140 2281 3262 2351 ἥτις
3313 2282 3364 2337 ἐν
3412 2282 3596 2338 ἃπασι
3632 2296 3847 2338 σῡνεπι-

429 2370 588 2424 hunc
649 2371 892 2426 modum
960 2371 1156 2426 dicere
1245 2369 1544 2442 ingrediar
1599 2369 1671 2424 de
1731 2372 2066 2440 argumentc

2214 2360 2520 2438 ,αμϐάνεται
2578 2372 2695 2429 τοῖς
2753 2366 2971 2442 καλοῖς,
3028 2367 3134 2424 ὧδὲ
3183 2370 3300 2433 πῶς
3360 2371 3704 2448 ἀπάρχομαι
3758 2377 3851 2441 τῆς

436 2465 660 2515 nostro.

2193 2456 2515 2520 ὑποθέσεως.

430 2551 563 2607 CAP.
599 2550 644 2607 Ι.
679 2553 755 2606 De
783 2551 1048 2615 emcubiis,
1101 2557 1150 2604 et
1208 2565 1314 2624 quo
1373 2547 1665 2603 intervallo
1711 2547 1837 2602 alia?
1862 2546 1929 2601 ab
1949 2547 2067 2602 alii:

2212 2547 2348 2602 (ΕΦ.
2383 2547 2462 2602 Α’.
2499 2551 2627 2624 Περί
2652 2544 2894 2624 Δβιγλῶν,
2937 2547 3027 2624 καὶ
3067 2549 3243 2624 ’πόσον
3274 2545 3472 2624 δ-ιάστη
3487 2571 3566 2622 μα
3598 2549 3849 2624 ὀφείλου-

1055 2638 1161 2676 esse
1205 2618 1452 2676 debeant.
2403 2638 2485 2672 σιν
2517 2618 2609 2672 ἀπ’
2641 2618 2692 2675 ἆ]

2403 2638 2485 2672 σιν
2517 2618 2609 2672 ἀπ’
2641 2618 2910 2690 ἀλλήλων
2945 2618 3044 2693 μία
3067 2619 3260 2692 ἑκάστη
3292 2618 3638 2700 διίστασφαι.

506 2727 613 2792 Qui
645 2742 993 2797 magnarum
1053 2730 1111 2780 et
1162 2725 1606 2780 limitanearum
1639 2723 2078 2795 provinciarum

2261 2730 2410 2802 [120]
2449 2726 2584 2790 Τοὺς
2614 2731 2723 2782 τῶν
2757 2727 3012 2804 μεγάλων
3036 2727 3126 2783 καὶ
3152 2729 3442 2802 ἀκριτικῶν
3484 2731 3746 2803 θεμάτων
3775 2712 3846 2798 (2)

434 2833 636 2872 curam
669 2821 902 2887 gerunt,
937 2815 996 2868 in
1029 2831 1254 2884 suaque
1299 2813 1523 2869 ditione
1554 2814 1754 2870 fauces
1787 2813 2071 2869 montium

2205 2819 2284 2886 τὴν
2340 2817 2598 2891 πρόνοιαν
2660 2814 3119 2893 ἀναδεχομένους,
3177 2819 3263 2872 καὶ
3347 2819 3448 2874 ὑπὸ
3511 2821 3614 2888 τήν
3675 2817 3842 2872 αὐτῶν

433 2905 676 2969 habent,
712 2905 873 2960 omni
931 2910 1181 2968 ratione,
1241 2903 1510 2970 consilio,
1572 2902 1878 2975 diligentia
1910 2901 2070 2957 inde-

2206 2905 2532 2982 ιπικράτειαν
2589 2906 2682 2968 τὰς
2736 2904 3060 2981 κλεισούρας
3117 2905 3364 2981 ἔχοντας,
3399 2906 3556 2982 πάσῃ
3597 2909 3843 2982 μηχανῇ,

423 2993 583 3049 fessa
612 2994 848 3049 studere
880 3008 1242 3064 operamque
1266 2992 1548 3046 adhibere
1570 2991 1812 3060 debent,
1836 2997 1902 3046 ut
1932 2992 2060 3046 fine:

2208 2996 2277 3051 ιαὶ
2306 2994 2555 3071 προθέσει
2599 2995 2688 3050 καὶ
2737 2995 2994 3071 ἀγρύπνῳ
3043 2994 3330 3068 ἐπιμελείᾳ
3371 2998 3652 3070 προσήκει
3682 3015 3845 3050 σπου-

427 3086 723 3140 Romanos
757 3089 944 3140 sartos
979 3091 1164 3139 tectos
1187 3083 1258 3138 ab
1282 3083 1623 3138 incursione
1655 3083 1916 3138 hostium
1945 3099 2064 3138 coni

2206 3085 2364 3155 ἰάζειν
2419 3085 2507 3140 καὶ
2563 3085 2941 3160 ἀγωνίζεσθαι,
3001 3086 3096 3148 τὰς
3154 3089 3261 3140 τῶν
3319 3086 3621 3158 Ῥωμαίων
3656 3085 3843 3160 χώρας

425 3181 659 3229 servent
715 3173 1204 3242 excubitoresque
1260 3171 1579 3242 disponant
1636 3171 1917 3241 valentes,
1952 3171 2062 3227 ido'

2198 3173 2571 3254 διαφυλάττειν
2623 3181 2722 3243 τῆς
2776 3179 2884 3230 τῶν
2939 3172 3222 3246 πολεμίων
3281 3171 3597 3250 ἐπιδρομῆς
3648 3175 3835 3234 ἀσινεῖς

423 3279 591 3327 neos,
624 3263 907 3316 itinerum
934 3262 1201 3331 apprime
1249 3276 1482 3330 gnaros.
1519 3260 1573 3313 Si
1605 3260 1724 3315 alta
1755 3267 1929 3330 atque
1961 3261 2060 3316 im-

2198 3265 2276 3318 ιιαὶ
2317 3265 2772 3339 ἀνεπηρεάστους,
2835 3262 3162 3338 βιγλάτορας
3209 3262 3548 3340 ὲφιστῶντας
3597 3267 3672 3336 (3)
3721 3265 3835 3337 ῥω-

425 3351 626 3421 pedita
673 3351 817 3422 juga
863 3350 1151 3404 ditionem
1209 3354 1475 3403 nostram
1508 3348 1655 3402 187
1713 3365 1749 3403 a
1803 3348 2062 3405 barbaria

2194 3352 2418 3415 καλὲους
2475 3353 2564 3407 καὶ
2613 3349 2985 3424 ἐπιτηδείους,
3041 3352 3131 3408 καὶ
3177 3351 3272 3416 τὰς
3331 3350 3496 3416 ὁδοὺς
3549 3353 3626 3414 εἰς
3673 3349 3831 3423 ἄκρον

429 3439 871 3504 disterminant,
934 3439 993 3492 in
1054 3437 1171 3492 illis
1231 3436 1450 3492 debent
1479 3438 1738 3492 excubiae
1769 3438 2066 3507 collocari,

2194 3441 2590 3514 ἱπισταμὲνους.
2625 3439 2727 3495 Καὶ
2754 3437 2804 3494 εἲ
2859 3439 2954 3512 μὲν
3009 3437 3110 3512 ὅρη
3168 3439 3301 3494 εἰσὶν
3359 3439 3552 3514 ὑψηλά
3582 3437 3675 3495 καὶ
3706 3435 3831 3492 δύσ-

426 3529 710 3584 stationes
759 3534 957 3584 autem
1005 3527 1415 3582 excubitorum
1465 3526 1684 3582 distare
1717 3527 1876 3583 inter
1909 3545 1970 3584 se
2001 3527 2063 3584 ad

2189 3522 2315 3584 31m
2348 3527 2658 3603 διορίζοντα
2684 3529 2784 3598 τήν
2815 3527 3107 3602 πολεμίαν,
3154 3525 3206 3582 ἐν
3254 3527 3474 3593 τούτοις
3502 3528 3599 3591 τὰς
3636 3524 3826 3601 βίγλας

422 3617 616 3673 millia
645 3634 928 3689 passuum
959 3622 1128 3673 terna
1154 3621 1256 3672 aut
1285 3621 1596 3687 quaterna.
1623 3617 1680 3672 Si
1708 3617 2059 3674 adversario:

2183 3617 2446 3673 ἰοτασθαι·
2505 3617 2726 3693 ἀπέχειν
2787 3615 2845 3672 δὲ
2897 3618 2993 3679 τάς
3051 3618 3262 3679 στάσεις
3310 3621 3418 3671 τῶν
3477 3613 3820 3692 βιγλατόρων

419 3707 868 3780 progredientes
893 3708 1289 3778 conspiciunt,
1314 3706 1536 3762 cursim
1568 3707 1741 3763 relati
1775 3707 1848 3763 ad
1879 3709 2056 3780 proxi'

2187 3705 2310 3783 Ξὶχρι
2345 3705 2588 3780 μιλλίων
2617 3709 2668 3784 γ’
2697 3707 2732 3776 ἢ
2763 3704 2828 3764 δ’.
2880 3707 2984 3763 Καὶ
3040 3705 3205 3776 ἡνίκα
3254 3706 3381 3768 τοὺς
3415 3705 3658 3782 ἐχθροὺς
3687 3701 3824 3774 ἐξερ-

420 3813 577 3852 mam
603 3797 942 3863 stationem,
970 3797 1249 3853 nuntient
1274 3814 1404 3867 quaa
1427 3797 1720 3864 viderint;
1755 3798 1879 3852 haec
1898 3799 2057 3854 static

2188 3797 2453 3873 χομὲνους
2483 3799 2784 3870 θεάσονται,
2826 3795 3106 3869 δρομαίως
3158 3797 3493 3872 ἀπέρχεσθαι
3527 3796 3604 3859 εἷς
3629 3794 3694 3849 τὸ
3717 3788 3825 3846 ἕτε-

421 3903 554 3941 cum
587 3903 801 3959 magna
857 3887 1159 3943 celeritate
1217 3887 1500 3958 proximas
1544 3887 1700 3942 idem
1734 3889 2058 3959 significet

2188 3908 2270 3942 πον
2325 3886 2620 3958 στασίδιον,
2678 3886 2769 3942 καὶ
2827 3886 3190 3962 ἀπαγγέλλειν
3252 3887 3283 3941 ἃ
3335 3877 3825 3950 ὲθεάσαντο,κάκεί-

422 3977 620 4046 itaque
654 3977 936 4047 deinceps
963 3993 1086 4031 rem
1109 3976 1456 4031 renuntient
1485 3977 1860 4046 equestribus
1882 3983 2059 4034 custo‘

2188 3997 2300 4039 μους
2330 3976 2494 4032 πάλιν
2550 3976 2686 4050 πρὸς
2735 3976 2800 4032 τὸ
2846 3972 3027 4050 ἕτερον
3091 3973 3330 4032 σασίδιον
3367 3975 3583 4049 σπουδῇ
3615 3969 3825 4040 πολλῇ·

419 4066 560 4127 diis,
590 4067 650 4120 in
683 4067 827 4120 locis
877 4066 1071 4137 planis
1122 4065 1612 4132 subsidiantibus,
1645 4083 1750 4137 per
1779 4083 1924 4137 quas
1955 4067 2056 4122 du:

2179 4068 2261 4121 καὶ
2313 4067 2458 4122 οὑτω
2508 4067 2732 4135 καθεξῆς
2793 4067 3090 4138 μηνύεσθαι
3139 4066 3206 4121 τὰ
3273 4070 3384 4121 τῶν
3435 4058 3816 4134 καϐαλλαρίων

421 4153 493 4208 de
525 4154 916 4210 barbarorum
958 4155 1210 4209 adventu
1259 4154 1477 4208 certior
1525 4153 1646 4208 ﬁat.
1692 4155 2058 4211 Excubitore:

2176 4155 2419 4212 στασίδια
2476 4157 2551 4218 εἰς
2604 4157 2730 4216 τοὺς
2788 4155 3116 4233 ἐφωμάλους
3177 4159 3217 4193 ¹τ
3273 4156 3478 4218 τόπους
3546 4154 3813 4224 ἷστάμενα,

419 4262 769 4317 permanere
828 4246 954 4301 dies
1010 4245 1350 4316 quindecim
1412 4245 1474 4299 in
1525 4245 1752 4300 viarum
1803 4246 2056 4302 custodia

2173 4247 2261 4302 καὶ
2295 4244 2363 4300 δι’
2421 4246 2596 4300 αὐτῶν
2651 4247 3042 4318 ἁναμανθάνειν
3095 4246 3186 4301 τὸν
3247 4247 3558 4321 στρατηγὸν
3587 4241 3809 4310 τὴντῶν

419 4335 713 4402 convenit,
747 4334 1020 4406 ferreque
1079 4350 1282 4389 secum
1331 4339 1621 4404 quantum
1669 4341 1760 4390 sat
1804 4335 1984 4390 fuerit
2008 4336 2056 4392 in

2175 4333 2341 4398 ἐθνῶν
2405 4331 2621 4413 ἔφοδον.
2675 4339 2958 4409 Καρτερεῖν
3010 4332 3067 4390 δὲ
3133 4333 3326 4397 αὐτοὺς
3369 4333 3588 4411 ἡμέρας
3632 4343 3808 4383 πεντε-

419 4424 527 4480 hos
559 4425 687 4480 dies
713 4424 968 4481 cibaria:
1001 4424 1139 4479 dein
1184 4423 1259 4479 ad
1307 4423 1416 4480 hos
1447 4424 1903 4481 commutandos
1937 4443 2056 4482 suc-

2171 4423 2392 4479 καίδεκα
2423 4411 2474 4479 ἐν
2506 4428 2573 4498 τῇ
2605 4428 2711 4480 τῶν
2768 4422 2909 4479 ὁδῶν
2969 4426 3209 4504 φυλακῇ,
3260 4423 3683 4501 ἐπιφερομένους
3725 4411 3808 4470 καὶ

418 4515 635 4570 cedant
654 4515 942 4582 alii,recte
967 4515 1174 4570 censiti
1201 4519 1378 4585 atque
1403 4514 1676 4569 instructi
1699 4531 1733 4569 a
1748 4515 2055 4587 praefectis1

2175 4515 2274 4583 τὴν
2309 4503 2630 4588 διαρκοῦσαν
2673 4513 2857 4575 αὐτοῖς
2911 4515 3121 4588 τροφὴν
3173 4518 3282 4568 τῶν
3341 4512 3522 4569 αὐτῶν
3577 4507 3807 4583 ἡμερῶν·

415 4609 482 4660 ut
505 4604 718 4678 integri
747 4575 1028 4677 plenique
1052 4605 1225 4677 juxta
1269 4575 1472 4659 album
1515 4575 1930 4676 praescriptum
1959 4606 2052 4662 ad-

2179 4604 2278 4660 εἶθ’
2354 4575 2528 4666 οὑτως
2613 4603 2939 4680 ἀπέρχεσθαι
3027 4575 3273 4677 ξτὲρους,
3330 4602 3406 4664 εἷς
3463 4603 3565 4672 τήν
3614 4594 3809 4654 τούτων

414 4695 557 4764 sint,
592 4712 786 4768 neque
817 4695 1080 4768 praefecti
1130 4695 1203 4751 ob
1250 4701 1420 4768 turpe
1451 4695 1873 4768 compendium
1905 4695 2051 4754 domi

2179 4693 2526 4772 ὑπαλλαγὴν,
2572 4693 2758 4756 καλῶς
2821 4691 3357 4768 ἀδνουμιαζομὲνους
3407 4694 3495 4749 καὶ
3574 4689 3807 4764 εὑτρεπι.

1623 4901 1682 4956 C-
1726 4903 1788 4960 B.
1831 4902 2022 4960 HASII
2059 4903 2616 4962 ANNOTATIONES.

487 5105 534 5183 ιε
564 5105 709 5183 1:195;
741 5102 912 5183 πολλῖ
942 5106 1293 5183 Lambecius
1341 5111 1483 5160 πᾶσα
1509 5105 1783 5183 *πολλῶν
1837 5111 1996 5181 quod
2035 5110 2124 5183 jai

2163 5159 2166 5167 .
2216 5117 2273 5166 et
2321 5110 2616 5166 Kollarius
2663 5108 2919 5183 correxit
2952 5108 3091 5183 edit.
3124 5107 3320 5183 altera
3339 5091 3800 5183 Commenta“!-

413 5179 537 5264 434;
572 5169 1105 5264 C.'et”Cotel_eri~us.
1135 5177 1436 5264 'Ecclesiaa
1496 5181 1737 5264 Graecae-
1770 5169 2050 5264 lito-nume:

2187 5183 2287 5264 ιμν
2338 5185 2484 5264 ξενίη.
2513 5183 2606 5264 οο.
2653 5181 2698 5218 ¹³
2745 5181 3008 5264 χρῆσθαιι
3054 5179 3398 5264 ιαωιὶὲοέυέ
3448 5179 3565 5264 901.;
3592 5169 3798 5264 4ῗὲξὲ

437 5254 643 5324 ςρῆσαι.
675 5321 685 5324 _
724 5248 770 5284 ¹⁴
808 5250 1072 5324 Αμεθεξῆς.
1135 5250 1484 5324 Lambecius
1539 5251 1790 5324 καθεξῆς.
1870 5255 1912 5288 ¹⁸
1942 5251 2068 5307 me

2215 5248 2561 5310 Lambecius
2591 5253 2703 5324 loc.
2737 5248 2852 5324 cit.
2889 5251 3118 5324 ἐσπὲρῳ.
3220 5252 3264 5287 ¹⁶
3294 5249 3383 5304 διὰ
3406 5251 3490 5305 τό.
3525 5248 3797 5324 Hactenus

412 5267 685 5375 ἶρησαι..
725 5267 770 5284 ι’
831 5267 1072 5319 μεθεξτ,ς.
1137 5267 1484 5333 Lambecius
1539 5267 1790 5319 καθεξης.
1870 5267 1912 5288 ι’
1943 5267 2049 5306 εσπι

460 5321 765 5376 ειηιὺθοιιιε
795 5321 1194 5377 Commentar.
1229 5321 1302 5376 de
1335 5323 1612 5379 Biblioth.
1645 5324 1860 5379 Caesar.
1899 5327 2015 5382 VII.

2095 5274 2157 5308 ια.
2215 5267 2561 5310 LamDeCIus
2594 5267 2703 5310 IOC.
2737 5267 2835 5309 οη.
2889 5267 3047 5318 εσπερ
3108 5295 3118 5306 .
3220 5267 3264 5287 ³³
3294 5267 3383 5304 οια
3406 5267 3490 5305 το.
3526 5267 3732 5305 uacum

2095 5329 2174 5384 35.
2253 5325 2298 5362 ¹⁷
2327 5324 2402 5387 είς
2431 5325 2558 5386 τοὺς
2592 5323 2671 5402 ἐφ’
2701 5322 2946 5397 ὁμαλοὺς
2976 5272 3107 5380 00$.
3143 5324 3274 5380 Sed.
3307 5323 3423 5380 vid.
3455 5323 3520 5380 D.
3554 5321 3656 5376 lin.
3684 5314 3732 5366 2ο

485 5522 563 5586 (2)
594 5520 790 5592 ξΑκραι
842 5525 982 5592 sunt
1029 5519 1249 5575 limites
1300 5519 1555 5592 imperii,
1589 5521 1713 5572 122.
1745 5519 1812 5592 Α.
1852 5523 1970 5574 423.
2005 5522 2066 5579 C.

2249 5525 2321 5591 (3)
2354 5522 2653 5592 Ejusmodi
2685 5521 2908 5576 formas
2940 5520 3000 5575 in
3044 5515 3123 5573 άω
3169 5537 3303 5576 cum
3336 5521 3584 5591 scriptor
3612 5509 3794 5592 noster

415 5607 550 5664 ergo
584 5587 837 5664 ἀκριτικα
863 5589 1066 5663 θέματα
1089 5587 1405 5664 provinciai
1435 5593 1495 5645 in
1531 5591 1808 5664 extremis
1843 5592 2060 5664 finibus
2172 5587 2294 5648 tum
2319 5587 2418 5650 alii
2439 5594 2617 5663 hujus
2639 5587 3792 5664 atatismultomagisfrequentant(1933‘

416 5646 562 5736 sitas.
599 5646 934 5730 liinitaneae;
955 5665 1071 5718 157.
1205 5646 1366 5719 Unde
1399 5662 1671 5717 homines
1702 5646 1804 5735 qui
1835 5646 2053 5720 limites

2169 5646 2955 5736 9.3.57..—‘pL‘Sia‘a-aa.
2980 5646 3220 5721 mis;
3249 5646 3464 5733 ἐφιὲτῷ
3500 5665 3620 5718 12ι.
3649 5646 3706 5708 Β.
3734 5646 3795 5700 Ι).

413 5734 687 5794 habitant
715 5736 929 5812 ἀκρῖται
961 5742 1244 5793 vocantur
1276 5738 1397 5791 122.
1432 5736 1496 5790 D.
1728 5733 1739 5735 ἡ

2167 5733 2397 5813 ἐφιστῶν
2433 5733 2555 5793 146.
2588 5740 2658 5795 Α.
2687 5739 2809 5795 152.
2840 5737 2902 5793 Ο.
2931 5736 3184 5807 καθιστᾷν
3217 5739 3337 5794 122.
3372 5737 3442 5795 ι).
