4146 6302
376 357 494 417 933

1706 355 2120 419 VELITATIO
2165 358 2488 424 BELLICA
2505 408 2517 421 .
3665 358 3786 416 934

373 488 641 562 ζομὲνους
669 485 815 563 παρὰ
843 492 950 542 τῶν
983 486 1289 566 ἀρχόντων,
1347 488 1442 543 καὶ
1503 489 1681 553 σώους
1730 491 1818 544 καὶ
1871 487 2028 544 ἀνελ-

2163 509 2240 547 eos
2298 497 2562 552 residere
2636 496 2853 552 sinant.
2913 497 3171 549 Possunt
3222 494 3365 546 item
3414 492 3785 547 excubitores

377 576 561 638 λιπεῖς
636 578 772 630 κατά
854 577 944 630 τὸν
1004 577 1319 632 τυπωθέντα
1400 577 1637 653 ἀριθμὸν
1694 575 2038 634 ἀποστελλο-

387 669 604 744 μένους,
633 666 723 720 καὶ
759 667 836 738 μή
868 663 937 719 δι’
975 665 1205 741 αἶ’σχρὸν
1269 664 1461 740 κὲρδος
1520 666 1689 722 οἷ’κοι
1723 667 2036 738 καθέζεσθαι

383 757 528 832 παρά
609 760 717 811 τῶν
779 755 1063 830 ἀρχόντων
1123 755 1300 811 αὐτῶν
1384 757 1640 821 ὲαθῶσιν.
1696 759 1910 830 ’Ἔξεστι
1979 754 2036 810 δὲ

381 850 508 913 τοὺς
541 846 871 924 βιγλάτορας
930 845 1159 923 ἀφορᾷν,
1219 847 1272 900 ἐν
1333 848 1417 910 οἷς
1466 844 1719 918 ἅπληκτα
1776 851 1884 902 τῶν
1940 867 2036 900 πο-

385 941 598 1014 λεμίων
629 937 858 1012 ἁρμόζει
890 934 1154 1011 γίνεσθαι,
1212 934 1264 989 ἐν
1299 939 1381 998 οἷς
1443 933 1592 1012 ὓδωρ
1623 935 1736 992 ἐστὶ
1797 934 2036 1011 διαρκὲς,

385 1029 476 1086 καὶ
529 1028 697 1088 τόπος
753 1023 1074 1099 ἐφώμαλοςο
1138 1022 1352 1099 ἑτέρους
1427 1021 1484 1079 δὲ
1543 1023 1790 1099 βλέπειν,
1845 1024 1896 1080 ἐν
1959 1026 2040 1088 οἷς

381 1122 417 1189 ἡ
493 1114 618 1178 ὁδὸς
699 1113 956 1170 ἀποτελεῖ
1012 1114 1055 1150 ¹⁸
1114 1113 1386 1188 στ¹ρενωμα⁸
1473 1113 1680 1178 ἄλλους
1737 1112 1815 1188 δὲ,
1901 1115 2040 1169 ὃπου

384 1206 633 1279 ποταμὸς
692 1203 929 1280 ὑπάρχει
991 1198 1345 1277 δυσπέρατος.
1408 1204 1508 1256 Καὶ
1592 1204 1802 1258 τούτων
1863 1202 2040 1264 οὕτως

389 1293 654 1374 ἀσφαλῶς
737 1291 1148 1369 φυλαττόντων,
1230 1290 1290 1346 οὐ
1342 1288 1666 1362 δυνήσονται
1753 1294 1803 1346 οἱ
1880 1292 2043 1349 πολὲ-

400 1406 517 1459 μιοι
571 1383 744 1457 λάθρα
827 1383 1160 1452 ποιήσασθαι
1238 1381 1338 1449 τὴν
1395 1379 1684 1451 ἐξὲλευσιν.
1745 1380 2043 1438 Ἀποστελ-

389 1474 505 1530 λειν
533 1494 590 1527 τε
640 1469 866 1532 πιστοὺς
925 1469 1246 1539 ἀνθρώπους
1303 1469 1393 1523 καὶ
1449 1467 1897 1545 ἐμπειροτάτους,
1947 1474 2044 1525 τοῦ

383 1562 584 1638 ἐφορᾷν
614 1558 835 1630 αὐτοὺς,
860 1556 912 1614 εἷ’
931 1580 991 1634 γε
1037 1555 1224 1619 καλῶς
1283 1558 1372 1613 καὶ
1437 1557 1726 1635 ἀγρύπνους
1758 1559 1826 1614 τὰ
1876 1579 2045 1615 κατα-

387 1654 555 1708 τόπια
639 1651 815 1705 αὐτῶν
904 1647 1350 1723 διαφυλάττουσι.
1431 1649 1537 1704 Καὶ
1605 1650 1658 1704 οἱ
1715 1649 2046 1714 τυπωθέντες

390 1746 718 1820 βιγλάτορες
773 1747 906 1797 σῶοι
956 1746 1033 1814 τῷ
1092 1743 1311 1817 ἀριθμῷ
1341 1742 1434 1798 καὶ
1491 1743 1568 1817 μή
1604 1741 1851 1806 ἐλλιπεῖς
1881 1743 2044 1819 ἀπέρ-

2140 584 2453 656 dispicere,
2489 604 2619 658 quas
2650 586 2782 642 loca
2820 584 2893 640 ad
2951 588 3146 638 castra
3195 581 3456 636 hostium
3513 580 3786 637 facienda

2148 682 2284 746 apta
2315 676 2453 744 sint,
2487 677 2804 747 aquatione
2835 674 3096 744 copiosa,
3130 672 3260 727 loco
3306 670 3619 742 propatulo
3649 687 3660 723 :
3687 671 3788 724 alii

2148 765 2474 837 explorare,
2533 766 2636 820 ubi
2690 766 2802 820 iter
2858 763 3041 817 efﬁcit
3096 761 3447 834 angustias:
3503 760 3628 828 alii,
3688 759 3788 814 ubi

2147 856 2372 912 flumen
2396 857 2646 912 transitu
2670 855 2914 910 difﬁcile
2945 853 3152 908 subsit.
3176 854 3282 919 Qui
3299 853 3397 908 ubi
3423 857 3580 908 recte
3597 858 3798 908 custo-

2149 945 2340 1009 diunt,
2364 963 2482 1000 non
2514 949 2794 1018 poterunt
2839 944 3040 998 hostes
3099 942 3354 997 latenter
3411 942 3788 1013 eruptionem

2146 1034 2360 1090 facere.
2395 1035 2482 1090 Ad
2514 1035 2640 1089 haec
2686 1034 2921 1090 mittere
2979 1037 3211 1103 oportet
3252 1037 3444 1087 certos
3500 1031 3794 1102 peritissi-

2150 1140 2395 1194 mosque
2422 1124 2717 1190 homines,
2750 1124 2852 1194 qui
2885 1123 3287 1194 speculentur,
3320 1138 3396 1176 an
3426 1128 3586 1176 recte
3615 1128 3794 1193 atque

2149 1213 2461 1285 vigilanter
2490 1213 2774 1269 stationes
2804 1229 2940 1268 suas
2970 1210 3324 1268 custodiant.
3358 1211 3660 1282 Designati
3691 1226 3798 1265 au-

2153 1307 2270 1356 tem
2303 1303 2674 1359 excubitores
2703 1304 2936 1373 integro
2968 1317 3220 1356 numero
3263 1299 3591 1366 discedant,
3626 1299 3708 1354 ita
3738 1304 3804 1354 ut

2152 1392 2352 1448 nullus
2381 1392 2554 1459 desit,
2588 1409 2782 1464 neque
2832 1392 3178 1462 relinquant
3225 1390 3377 1457 loca,
3437 1389 3588 1444 188
3647 1388 3805 1443 unde

2155 1482 2446 1553 speculari
2479 1489 2654 1553 atque
2688 1481 2960 1536 obsidere
2994 1481 3210 1534 itinera
3251 1479 3408 1551 jussi
3440 1478 3580 1544 sint,
3614 1494 3808 1548 neque

2153 1571 2460 1627 iniisdem
2512 1571 2867 1627 stationibus
2923 1573 3342 1641 permaneant,
3413 1567 3518 1622 sed
3576 1571 3815 1622 mutent

2155 1660 2406 1717 subinde
2437 1661 2634 1716 locum
2691 1660 2928 1730 alioque
2987 1659 3383 1727 demigrent:
3417 1673 3515 1725 ne,
3573 1661 3817 1728 propter

2153 1751 2587 1806 diuturniorem
2616 1751 2676 1806 in
2704 1750 2913 1805 eodem
2949 1754 3107 1804 statu
3140 1746 3670 1802 commorationem
3703 1761 3808 1801 no-

391 1855 629 1912 χωνται,
664 1835 745 1906 [Ρ.
796 1834 922 1906 121]
953 1831 1043 1886 καὶ
1107 1834 1181 1906 μὴ
1245 1829 1712 1907 καταλιμπάνωσι
1771 1834 1866 1898 τὰς
1925 1837 2048 1892 στά-

2163 1840 2289 1905 tati,
2321 1839 2393 1895 ab
2427 1839 2694 1895 hostibus
2723 1839 2896 1894 facile
2929 1839 3059 1909 capi
3091 1837 3342 1909 possint.

387 1923 745 1979 ἐναλλάσσειν
777 1922 908 1985 τοὺς
937 1922 1140 1984 τόπους
1171 1922 1260 1976 καὶ
1293 1920 1548 1998 ἀλλαχοῦ
1582 1921 1945 1996 μεταϐαίνειν·
1974 1926 2071 1984 ’ίνα
2104 1931 2180 2002 μὴ
2214 1927 2300 1982 ἐπὶ
2333 1925 2477 1983 πολὺ
2510 1927 2922 2003 ἐγχρονίζοντες
2953 1930 3069 1987 τοῖς
3101 1923 3287 1985 αὑτοῖς
3344 1923 3559 1995 τόποις,
3624 1919 3803 1997 διαγι-

389 2013 733 2085 νωσιιόμενοι
767 2010 1038 2066 εὐάλωτοι
1068 2010 1322 2087 γίνωνται
1354 2016 1469 2074 τοῖς
1496 2011 1742 2090 ἐχθροῖς.

398 2105 560 2160 ΚΕΦ.
611 2103 681 2156 B‘.
742 2100 872 2177 Περὶ
930 2106 1037 2156 τῶν
1095 2095 1528 2176 καμινοὸιγλίων
1609 2104 1699 2158 καὶ
1783 2108 2042 2163 κατασκό-

1156 2195 1270 2227 πων
1281 2216 1294 2229 .

387 2280 763 2359 ἓἈναγκαία
821 2277 878 2335 δὲ
934 2282 969 2348 ἡ
1025 2284 1133 2336 τῶν
1191 2277 1752 2359 καμινοϐιγλοιτόρων
1807 2284 2041 2360 ὑπάρχει

406 2369 665 2447 ὠφέλειά
689 2371 779 2426 καὶ
811 2371 922 2445 γρή
954 2371 1045 2425 τὸν
1080 2371 1381 2446 στρατηγὸν
1410 2371 1499 2426 καὶ
1555 2373 1764 2428 τούτων
1819 2373 2039 2445 πολλὴν

398 2466 671 2524 ποιεῖσθαι
699 2460 799 2527 τήν
832 2456 1173 2531 ἐπιμέλειαν,
1229 2460 1319 2514 καί
1377 2458 1430 2515 ἐν
1477 2459 1807 2533 ἐπιτηδείοις
1848 2464 2042 2528 τόποις

402 2549 617 2627 ἐφιστᾷν
647 2549 714 2604 τὰ
745 2543 1158 2626 καμινοϐίγλιον
1209 2548 1382 2618 ὓπως,
1440 2549 1602 2620 ἡνίκα
1656 2552 1868 2624 κίνησις
1934 2559 2044 2610 τῶν

404 2640 614 2714 ἐχθρῶν
647 2639 889 2720 γενηται,
920 2638 1010 2694 καὶ
1051 2639 1103 2693 οἱ
1138 2638 1464 2716 βιγλάτορες
1523 2641 1726 2713 ταύτης
1757 2641 2044 2708 αἴσθωνται

405 2725 494 2782 διὰ
523 2734 628 2783 τῶν
659 2723 1096 2805 καμινοϐίγλων,
1129 2729 1218 2783 καὶ
1273 2729 1302 2784 ὁ
1332 2732 1635 2807 στρατηγὸς
1675 2734 1777 2802 τὴν
1832 2732 2042 2804 ἐξελευ-

403 2838 484 2872 σιν
516 2822 622 2872 τῶν
643 2815 850 2892 ἐχθρῶν
877 2819 1258 2894 προγινώσκῃ,
1289 2820 1376 2874 καὶ
1410 2819 1570 2875 ποίαν
1632 2817 1756 2875 ὁδόν
1810 2820 2046 2892 ἐξελθεῖν

407 2904 695 2980 μέλλουσι·
729 2907 817 2960 καὶ
848 2907 901 2961 αἱ
935 2911 1114 2982 χῶραι
1172 2909 1268 2981 (4),
1304 2905 1375 2962 δι’
1434 2908 1606 2964 αὐτῶν
1665 2931 1723 2966 τε
1784 2912 1876 2966 καὶ
1935 2917 2042 2968 τῶν

403 2996 826 3073 ἐκσπηλατόρων
861 3000 935 3072 (5)
985 2998 1485 3074 καταμηνυόμεναι,
1544 3006 1659 3064 τοῖς
1719 3003 2047 3082 ὀχυρώμασι

400 3087 799 3164 καταφεύγωσι,
831 3087 1016 3142 καὶτά
1042 3087 1248 3144 τούτων
1307 3086 1613 3163 θρέμματα.
1677 3092 1764 3148 Ἐν
1816 3090 1872 3148 δὲ
1927 3099 2049 3159 ταῖς

2150 2111 2285 2166 CAP.
2314 2110 2384 2166 ΙΙ.
2418 2110 2492 2164 De
2520 2110 2784 2165 custodiis
2824 2109 3087 2162 itinerum
3121 2113 3174 2161 et
3232 2105 3297 2161 de
3345 2104 3809 2175 exploratoribus.

2225 2289 2603 2345 Necessarius
2634 2292 2832 2343 autem
2859 2290 2951 2342 est
2979 2284 3289 2342 custodum
3322 2284 3601 2338 itinerum
3620 2299 3764 2339 usus
3790 2299 3805 2338 :

2155 2384 2212 2434 et
2241 2378 2419 2434 debet
2449 2378 2564 2434 dux
2596 2379 2658 2433 in
2685 2377 2777 2432 his
2831 2391 3068 2448 quoque
3117 2390 3390 2446 magnam
3433 2372 3804 2444 diligentiam

2153 2469 2460 2537 adhibere,
2484 2467 2902 2538 custodiasque
2933 2465 3157 2520 viarum
3181 2463 3328 2519 locis
3359 2461 3588 2517 idoneis
3611 2461 3805 2532 dispo-

2153 2575 2333 2614 nere:
2367 2563 2451 2625 ut,
2487 2556 2723 2627 quando
2751 2562 2947 2610 motus
2976 2554 3235 2608 hostium
3271 2552 3356 2615 ﬁt,
3385 2569 3491 2622 per
3521 2551 3807 2606 itinerum

2155 2647 2430 2703 custodes
2461 2647 2570 2701 hac
2592 2645 2663 2700 de
2694 2661 2757 2700 re
2779 2650 2839 2699 et
2868 2643 3240 2698 excubitores
3299 2641 3583 2696 certiores
3637 2641 3806 2707 ﬁant,

2157 2743 2214 2794 et
2242 2737 2360 2792 dux
2390 2752 2525 2791 cum
2559 2735 2770 2790 exiisse
2797 2734 3020 2796 hostes,
3056 2737 3179 2786 tum
3210 2747 3328 2802 qua
3376 2730 3467 2785 via
3517 2728 3806 2800 irrupturi

2156 2826 2296 2893 sint,
2319 2827 2794 2897 praecognoscat:
2831 2837 3024 2892 neque
3056 2820 3256 2874 minus
3285 2834 3513 2890 pagana
3545 2817 3735 2887 plebs,
3771 2832 3806 2870 a

2156 2914 2501 2970 custodibus
2531 2910 3073 2984 expilatoribusque
3096 2907 3491 2969 admonita,in
3522 2905 3653 2960 loca
3673 2921 3805 2959 mu-

2156 3005 2282 3060 nita
2311 3021 2446 3059 cum
2476 3001 2787 3075 pecoribus
2819 2999 3128 3072 perfugiat.
3161 2999 3228 3052 In
3261 2995 3449 3050 limite
3472 2993 3807 3066 provincia—

2156 3112 2290 3150 rum
2322 3094 2634 3161 Armeniaa,
2669 3089 3152 3163 quandoquidem
3178 3085 3442 3141 Armenii
3475 3100 3662 3154 neque
3693 3083 3807 3137 rite

401 3174 592 3249 ἄκραις
622 3182 729 3231 τῶν
790 3177 1161 3251 Ἀρμενιακῶν
1221 3177 1496 3250 θεμάτων,
1553 3178 1666 3235 ἐπεὶ
1724 3182 1776 3235 οἱ
1838 3183 2042 3256 Ἀρμέ-

2163 3201 2352 3257 neque
2389 3183 2648 3239 fideliter
2680 3179 3047 3236 excubitoria
3077 3176 3292 3232 militia
3343 3173 3807 3246 perfunguntur,

401 3285 510 3320 νιοι
535 3266 599 3320 οὐ
629 3265 815 3327 καλῶς
850 3263 976 3320 οὐδὲ
1005 3265 1262 3343 ἀσφαλῶς
1305 3269 1405 3337 τὴν
1463 3273 1571 3324 τῶν
1631 3270 1840 3344 βιγλῶν
1902 3269 2044 3328 ἐκτε-

402 3357 562 3412 λοῦσι
606 3352 880 3424 δουλείαν,
947 3355 1305 3432 ὀφειλόμενόν
1365 3355 1477 3413 ἐστι
1535 3358 1898 3436 φυλάττεσθαι
1955 3363 2047 3418 τὸν

405 3445 511 3500 ἀπὸ
542 3444 786 3500 παλαιοῦ
815 3447 1159 3520 κρατήσαντα
1197 3445 1366 3502 τύπον
1394 3446 1446 3502 ἐν
1496 3454 1615 3512 ταῖς
1671 3449 1890 3528 βίγλαις
1943 3458 2050 3508 τῶν

405 3533 706 3609 Ἀρμενίων
740 3535 830 3588 καὶ
890 3533 1209 3610 ἀνθρώπους
1267 3535 1613 3615 ἐπιλέγεσθαι
1662 3540 1752 3594 καὶ
1811 3541 2052 3616 ἀπογρά-

409 3625 598 3699 φεσθαι
658 3621 1022 3695 ἐπιτηδείους,
1083 3619 1467 3697 λαμϐάνοντας
1541 3629 1728 3700 μισθὸν
1791 3628 1898 3683 ἀπὸ
1953 3634 2054 3684 τοῦ

411 3717 643 3788 στρατοῦ
687 3711 1175 3788 ἐπισωρευόμενον,
1235 3715 1364 3790 ὑπὲρ
1397 3716 1472 3770 ὧν
1531 3718 1558 3770 ὁ
1609 3722 1863 3781 τοιοῦτος
1894 3739 2057 3794 στρα-

410 3803 504 3864 τὸς
535 3806 603 3875 τῇ
634 3806 743 3857 τῶν
806 3802 1015 3878 βιγλῶν
1078 3802 1395 3880 λειτουργίᾳ
1455 3805 1742 3880 ὑπηρετεῖν
1802 3806 2052 3886 ὣφειλεν·

415 3891 674 3952 ὡσαύτως
725 3891 814 3946 καὶ
847 3891 1079 3945 ἀννώναν
1138 3892 1347 3966 ἑκάστῳ
1403 3895 1531 3968 μηνὶ
1595 3897 1696 3965 τήν
1740 3896 2060 3972 τετυπωμὲ-

407 3998 532 4051 νην·
591 3981 683 4036 καὶ
740 3978 1104 4036 ὑπαλλάττειν
1161 3982 1355 4046 αὐτοὺς
1439 3989 1554 4048 καθ¹
1607 3981 1828 4043 ’ἑκαστον
1891 3992 2057 4062 μῆνα,

406 4070 498 4126 καὶ
527 4068 596 4125 δι’
630 4069 805 4126 αὐτῶν
838 4071 932 4132 τὰς
965 4069 1144 4140 ὁδοὺς,
1177 4070 1228 4127 ἐν
1258 4073 1340 4134 αἶς
1373 4073 1430 4127 οἱ
1487 4073 1751 4147 πολέμιοι
1805 4074 2060 4152 ἐξέρχον-

407 4178 522 4226 ται,
552 4156 843 4237 φυλάττειν
884 4159 1160 4238 ἀσφαλῶς.
1226 4159 1384 4219 Ἀλλ’
1441 4163 1555 4218 ἐπεὶ
1614 4162 1738 4220 οὐδὲ
1793 4167 1949 4222 αὐτοὶ
2010 4169 2062 4222 οἱ

411 4249 551 4323 μετὰ
584 4253 780 4322 μισθοῦ
831 4249 920 4304 καὶ
987 4249 1246 4320 ἀννώνας,
1301 4249 1585 4327 Ἀρμένιοι
1646 4249 1814 4323 ὄντες,
1877 4256 2064 4320 καλῶς

409 4340 508 4407 τὴν
567 4342 676 4393 τῶν
743 4339 956 4415 βιγλῶν
1033 4340 1364 4415 ὑπηρετοῦσι
1422 4341 1696 4412 δουλείαν,
1779 4346 1884 4401 ἀπὸ
1953 4351 2060 4403 τῶν

409 4427 903 4502 ἀποστελλομένων
989 4431 1346 4488 κατασκόπων
1435 4435 1546 4509 χρὴ
1635 4435 1730 4498 τάς
1824 4438 2067 4509 κινήσεις

2159 3274 2435 3332 convenit
2457 3280 2662 3328 tenere
2691 3269 3185 3328 consuetudinem
3217 3265 3548 3335 antiquitus
3579 3264 3640 3317 in
3690 3270 3807 3317 Ar-

2160 3364 2496 3420 meniorum
2528 3361 2741 3434 vigiliis
2773 3359 3107 3414 institutam
3144 3360 3247 3411 :ut
3292 3353 3624 3425 deligantur
3671 3366 3808 3406 con-

2162 3452 2616 3522 scribanturque
2647 3449 2920 3504 homines
2953 3445 3173 3512 idunei,
3206 3443 3307 3514 qui
3359 3441 3725 3513 stipendium
3773 3455 3808 3494 a

2161 3542 2456 3598 militibus
2504 3539 2790 3596 collatum
2866 3536 3180 3607 accipiant,
3239 3536 3483 3603 propter
3539 3545 3807 3601 operam,

2165 3650 2341 3704 quam
2373 3629 2743 3687 exercitusin
2767 3625 3029 3682 excubiis
3059 3623 3300 3697 agendis
3332 3637 3552 3692 ponere
3571 3619 3809 3674 debuis-

2166 3728 2254 3777 set
2280 3738 2292 3776 :
2317 3722 2458 3776 item
2479 3717 2826 3790 utquolibet
2854 3731 3058 3772 mense
3091 3728 3392 3768 annonam
3421 3709 3811 3765 constitutam

2167 3814 2424 3884 capiant,
2456 3810 2822 3882 singulisque
2868 3805 3174 3862 mensibus
3232 3806 3694 3867 commutentur,
3756 3804 3815 3854 et

2166 3903 2405 3962 itinera,
2430 3899 2646 3972 quibus
2677 3899 2878 3953 hostes
2909 3899 3249 3967 erumpunt,
3275 3899 3434 3947 recte
3452 3889 3810 3946 custodiant.

2169 3991 2280 4046 Sed
2312 3991 2450 4061 quia
2479 4005 2553 4044 ne
2575 3987 2662 4042 illi
2697 3986 3041 4058 quidem,ut
3061 3981 3345 4038 Armenii.
3383 3980 3534 4036 189
3559 3976 3816 4049 acceptis

2170 4079 2482 4152 stipendiis
2514 4082 2573 4134 et
2600 4075 2878 4142 annonis,
2913 4072 3337 4129 excubitoriam
3364 4069 3641 4125 militiam
3660 4071 3816 4121 recte

2172 4170 2614 4233 administrant,
2647 4170 2879 4239 oportet
2905 4181 2972 4219 ex
3005 4162 3304 4218 indicibus
3328 4159 3588 4215 dimissis
3618 4162 3814 4212 motus

2174 4261 2536 4316 exercituum
2571 4256 2878 4321 sciscitari,
2911 4259 2970 4309 et
3000 4252 3310 4324 trapezitas
3360 4249 3576 4321 eligere
3634 4247 3816 4302 fortes

2173 4367 2242 4406 ac
2271 4356 2721 4418 strenuos,quos
2743 4342 3007 4400 Armenii
3030 4341 3344 4397 tasinarios
3373 4343 3601 4406 vocant,
3623 4337 3816 4404 iisque

2175 4439 2237 4494 in
2261 4437 2635 4494 matriculam
2657 4433 3008 4504 conscriptis
3029 4429 3338 4502 praefectos
3356 4421 3812 4497 imponere,qui,

1618 4653 1681 4707 C.
1714 4651 1777 4708 Β.
1829 4652 2018 4708 HASII
2044 4648 2602 4708 ANNOTATIONES.

488 4823 531 4862 1⁸
561 4820 844 4898 ἀποτελεῖ]
873 4820 1171 4878 ἀποστελεῖ
1199 4819 1690 4879 οοᾰ.⁹ἀποστέλλει
1719 4824 1842 4882 alii.
1871 4825 1915 4861 ¹⁹
1941 4824 2148 4897 αὐτῶν]
2178 4825 2334 4881 Fort.
2361 4819 2569 4882 αὖτοῖς.

486 5004 560 5075 (4)
581 5005 702 5060 Hoc
731 5009 839 5073 est,
874 5006 1028 5076 plebs
1081 5021 1326 5076 pagana,
1383 5003 1747 5062 habitatores
1805 5007 2049 5062 vicorun

2177 5001 2558 5060 scribendum
2615 4998 2845 5076 fuisset,
2894 4989 3269 5076 ἔξπιλάτορες,
3303 4986 3563 5069 expressi
3595 4985 3658 5076 in
3686 5000 3815 5038 ver-

411 5092 560 5151 quos
582 5076 765 5151 χωρία
793 5083 962 5151 vocat
1001 5080 1113 5132 I27.
1151 5083 1210 5134 Β.
1265 5076 1508 5151 χωρίτας
1560 5080 1702 5151 1262
1734 5078 1796 5133 Β.
1847 5081 1967 5133 133.
1997 5080 2060 5134 C.

414 5149 536 5222 158.
587 5147 998 5222 Βᾙοῖκήτορας
1049 5152 1156 5222 τῶν
1212 5147 1434 5222 χωρίων
1499 5151 1617 5204 132.
1655 5150 1741 5208 Β.
1803 5153 1925 5206 140.
1985 5153 2053 5205 Α.

409 5217 538 5294 τοὺς
571 5223 676 5273 τῶν
709 5216 958 5294 -χωρίων
1018 5216 1252 5294 πολίτας
1306 5216 1427 5294 160.
1481 5222 1540 5277 C.
1601 5223 1703 5275 Est
1750 5223 1909 5277 enim
1941 5239 2061 5293 χω-

413 5289 527 5364 ρίον
567 5283 1010 5363 ορυᾶῒὶὶεωοοε
1061 5293 1241 5347 medii
1299 5292 1402 5347 aevi
1451 5298 1838 5363 recentesque
1894 5283 2060 5359 ricus,

411 5363 614 5433 pagus,
647 5371 711 5418 ut
733 5363 820 5418 vel
852 5381 920 5419 ex
943 5365 1191 5419 Tacticis
1225 5364 1537 5435 Nicephori
1577 5365 1766 5435 liquet
1813 5367 1932 5420 152.
1999 5365 2061 5421 D.

423 5437 545 5487 159.
581 5437 640 5489 C.
694 5436 1027 5492 Ducanzius
1087 5436 1340 5490 Glossar.
1396 5437 1468 5491 Il.
1520 5439 1675 5490 1774.
1754 5436 1818 5491 D.
1898 5436 2065 5501 Quod

419 5507 992 5586 non_animadv_ertit
1020 5506 1294 5586 Reiskjus
1326 5508 2066 5586 Constantinforphyrog.

415 5578 646 5658 .Cairim.
681 5578 798 5658 aul.
836 5580 1069 5650 Byzant.
1105 5579 1147 5633 Ι.
1186 5580 1311 5633 258.
1341 5581 1408 5634 Α.
1467 5578 1535 5632 τὰ
1590 5577 1774 5652 χωρία
1819 5577 2069 5649 regiona

412 5655 867 5721 interpretatus.

488 5723 566 5793 (ὅ)
581 5718 1062 5794 Ἒκσπηλάτορες,
1096 5727 1295 5790 seu,ut
1307 5721 1635 5778 secundum
1655 5721 2072 5796 etymologiam

2178 5058 2594 5132 sioneiservato
2652 5069 2894 5126 nomine
2933 5058 3289 5140 'expilat'ores
3318 5079 3336 5116 :
3376 5058 3588 5140 possis
3615 5063 3819 5140 tamen

2167 5129 2662 5219 quoque-vertere
2689 5129 3268 5219 exinanitqﬂsLNam
3313 5129 3473 5204 quod
3517 5129 3820 5186 faciebant

2170 5209 2222 5273 ὁὶ
2253 5209 2686 5288 ἐκσπηλάτορες,
2715 5220 2782 5268 ut
2814 5209 3257 5288 multitudinem
3314 5219 3625 5288 paganam.
3674 5217 3812 5288 gre—

2171 5308 2292 5365 ges,
2325 5275 2527 5345 omnia
2555 5275 2811 5357 denique
2845 5301 2913 5365 e_x
2964 5282 3120 5365 agris
3151 5281 3211 5334 in
3245 5275 3374 5358 loca
3399 5275 3820 5365 munit'a'com:

2173 5346 2485 5435 pellerent,
2518 5376 2656 5415 voce
2689 5346 2928 5429 propria
2956 5346 3195 5435 vocatur
3227 5350 3556 5435 ‘eatina'r‘zire‘
3591 5346 3814 5425 _Hirtius

2178 5417 2321 5490 ἱςέιιζ
2351 5417 2610 5489 African.
2645 5417 2774 5500 cap.
2799 5417 2894 5482 ‘20.
2949 5429 3145 5500 Neque
3190 5423 3362 5500 aliter
3405 5417 3681 5500 Reiskius
3713 5431 3812 5467 ex-

2219 5508 2347 5562 onit
2374 5491 2733 5568 ἐκσπηλεύειν
2765 5491 3069 5556 Constant:
3105 5495 3466 5568 Porphxrog.
3499 5491 3813 5568 Cmrimon.

2537 5556 2660 5650 .258.
2820 5556 3260 5650 Substantivum
3293 5556 3815 5650 "EXJE'IJAE‘EQJ‘DLEI-Et:

2740 5643 2944 5720 locum
2973 5641 3160 5720 lg7.B.
3191 5636 3434 5692 verbum
3465 5625 3815 5697 ἔκσπηλεύειν

2185 5739 2231 5778 s.
2263 5713 2562 5788 ἐξπιλεὺειν
2594 5717 2716 5773 139.
2740 5716 2806 5769 Α.
2842 5715 2965 5770 157.
3001 5713 3074 5766 D.
