  <div class='ocr_page' id='page_1' title='image "/cluster/home/n/w/nwhite01/storage/ocr_20150623/117/mdp.39015038086818/475.png"; bbox 0 0 4190 6322; ppageno 0'>
   <div class='ocr_carea' id='block_1_1' title="bbox 415 412 534 473">
    <p class='ocr_par' dir='ltr' id='par_1_1' title="bbox 415 412 534 473">
     <span class='ocr_line' id='line_1_1' title="bbox 415 412 534 473; baseline -0.017 0"><span class='ocrx_word' id='word_1_1' title='bbox 415 412 534 473; x_wconf 75' lang='lat'>935</span> 
     </span>
    </p>
   </div>
   <div class='ocr_carea' id='block_1_2' title="bbox 1841 401 2484 467">
    <p class='ocr_par' dir='ltr' id='par_1_2' title="bbox 1841 401 2484 467">
     <span class='ocr_line' id='line_1_2' title="bbox 1841 401 2484 467; baseline 0.002 -4"><span class='ocrx_word' id='word_1_2' title='bbox 1841 401 2122 464; x_wconf 82' lang='lat' dir='ltr'>LEONlS</span> <span class='ocrx_word' id='word_1_3' title='bbox 2167 403 2484 467; x_wconf 86' lang='lat' dir='ltr'>DIACONI</span> 
     </span>
    </p>
   </div>
   <div class='ocr_carea' id='block_1_3' title="bbox 3714 405 3836 466">
    <p class='ocr_par' dir='ltr' id='par_1_3' title="bbox 3714 405 3836 466">
     <span class='ocr_line' id='line_1_3' title="bbox 3714 405 3836 466; baseline 0.016 -2"><span class='ocrx_word' id='word_1_4' title='bbox 3714 405 3836 466; x_wconf 83' lang='lat'>936</span> 
     </span>
    </p>
   </div>
   <div class='ocr_carea' id='block_1_4' title="bbox 420 533 2062 612">
    <p class='ocr_par' dir='ltr' id='par_1_4' title="bbox 420 535 2062 608">
     <span class='ocr_line' id='line_1_4' title="bbox 420 535 2062 608; baseline -0.004 -10"><span class='ocrx_word' id='word_1_5' title='bbox 420 548 586 598; x_wconf 84' lang='lat' dir='ltr'>extra</span> <span class='ocrx_word' id='word_1_6' title='bbox 631 542 930 608; x_wconf 81' lang='lat' dir='ltr'>virtutem,</span> <span class='ocrx_word' id='word_1_7' title='bbox 990 554 1167 594; x_wconf 91' lang='lat' dir='ltr'>usum</span> <span class='ocrx_word' id='word_1_8' title='bbox 1223 537 1509 592; x_wconf 83' lang='lat' dir='ltr'>itinerum</span> <span class='ocrx_word' id='word_1_9' title='bbox 1562 535 1950 607; x_wconf 86' lang='lat' dir='ltr'>locorumque</span> <span class='ocrx_word' id='word_1_10' title='bbox 2008 537 2062 592; x_wconf 93' lang='lat' dir='ltr'>in</span> 
     </span>
    </p>
   </div>
   <div class='ocr_carea' id='block_1_5' title="bbox 2170 533 3832 612">
    <p class='ocr_par' dir='ltr' id='par_1_5' title="bbox 2178 533 3832 612">
     <span class='ocr_line' id='line_1_5' title="bbox 2178 533 3832 612; baseline 0.001 -24"><span class='ocrx_word' id='word_1_11' title='bbox 2178 538 2289 589; x_wconf 91' lang='grc' dir='ltr'>τῶν</span> <span class='ocrx_word' id='word_1_12' title='bbox 2345 535 2645 612; x_wconf 71' lang='grc' dir='ltr'>’ρωσσάτων</span> <span class='ocrx_word' id='word_1_13' title='bbox 2723 535 3138 610; x_wconf 82' lang='grc' dir='ltr'>ἀναμανθάνειν,</span> <span class='ocrx_word' id='word_1_14' title='bbox 3195 535 3286 590; x_wconf 84' lang='grc' dir='ltr'>καὶ</span> <span class='ocrx_word' id='word_1_15' title='bbox 3336 533 3660 608; x_wconf 74' lang='grc' dir='ltr'>τραπεζίτας</span> <span class='ocrx_word' id='word_1_16' title='bbox 3713 534 3832 590; x_wconf 73' lang='grc' dir='ltr'>ἑπι-</span> 
     </span>
    </p>
   </div>
   <div class='ocr_carea' id='block_1_6' title="bbox 418 625 2064 704">
    <p class='ocr_par' dir='ltr' id='par_1_6' title="bbox 418 625 2064 704">
     <span class='ocr_line' id='line_1_6' title="bbox 418 625 2064 704; baseline -0.004 -16"><span class='ocrx_word' id='word_1_17' title='bbox 418 633 586 704; x_wconf 89' lang='lat' dir='ltr'>Syria</span> <span class='ocrx_word' id='word_1_18' title='bbox 616 632 943 703; x_wconf 88' lang='lat' dir='ltr'>plurimum</span> <span class='ocrx_word' id='word_1_19' title='bbox 974 628 1232 683; x_wconf 84' lang='lat' dir='ltr'>habeant</span> <span class='ocrx_word' id='word_1_20' title='bbox 1266 644 1278 681; x_wconf 91' lang='lat'><strong>:</strong></span> <span class='ocrx_word' id='word_1_21' title='bbox 1306 642 1526 696; x_wconf 89' lang='lat' dir='ltr'>eosque</span> <span class='ocrx_word' id='word_1_22' title='bbox 1561 625 1688 680; x_wconf 89' lang='lat' dir='ltr'>sine</span> <span class='ocrx_word' id='word_1_23' title='bbox 1728 625 2064 697; x_wconf 87' lang='lat' dir='ltr'>intercape-</span> 
     </span>
    </p>
   </div>
   <div class='ocr_carea' id='block_1_7' title="bbox 417 713 2068 788">
    <p class='ocr_par' dir='ltr' id='par_1_7' title="bbox 417 713 2068 788">
     <span class='ocr_line' id='line_1_7' title="bbox 417 713 2068 788; baseline -0.004 -12"><span class='ocrx_word' id='word_1_24' title='bbox 417 723 557 777; x_wconf 88' lang='lat' dir='ltr'>dine</span> <span class='ocrx_word' id='word_1_25' title='bbox 589 721 880 778; x_wconf 75' lang='lat' dir='ltr'>emittere.</span> <span class='ocrx_word' id='word_1_26' title='bbox 911 723 978 772; x_wconf 91' lang='lat' dir='ltr'>ut</span> <span class='ocrx_word' id='word_1_27' title='bbox 1017 718 1078 771; x_wconf 88' lang='lat' dir='ltr'>in</span> <span class='ocrx_word' id='word_1_28' title='bbox 1137 733 1306 788; x_wconf 84' lang='lat' dir='ltr'>agros</span> <span class='ocrx_word' id='word_1_29' title='bbox 1366 715 1630 770; x_wconf 90' lang='lat' dir='ltr'>hostium</span> <span class='ocrx_word' id='word_1_30' title='bbox 1681 713 2068 771; x_wconf 84' lang='lat' dir='ltr'>decurrentes</span> 
     </span>
    </p>
   </div>
   <div class='ocr_carea' id='block_1_8' title="bbox 414 805 2070 876">
    <p class='ocr_par' dir='ltr' id='par_1_8' title="bbox 414 805 2070 876">
     <span class='ocr_line' id='line_1_8' title="bbox 414 805 2070 876; baseline -0.004 -10"><span class='ocrx_word' id='word_1_31' title='bbox 414 817 702 866; x_wconf 88' lang='lat' dir='ltr'>terrorem</span> <span class='ocrx_word' id='word_1_32' title='bbox 759 807 1213 876; x_wconf 88' lang='lat' dir='ltr'>vastitatemque</span> <span class='ocrx_word' id='word_1_33' title='bbox 1267 805 1529 860; x_wconf 86' lang='lat' dir='ltr'>inferant</span> <span class='ocrx_word' id='word_1_34' title='bbox 1586 805 1935 876; x_wconf 89' lang='lat' dir='ltr'>;quosdam</span> <span class='ocrx_word' id='word_1_35' title='bbox 1999 821 2070 860; x_wconf 83' lang='lat' dir='ltr'>ex</span> 
     </span>
    </p>
   </div>
   <div class='ocr_carea' id='block_1_9' title="bbox 412 893 2068 966">
    <p class='ocr_par' dir='ltr' id='par_1_9' title="bbox 412 893 2068 966">
     <span class='ocr_line' id='line_1_9' title="bbox 412 893 2068 966; baseline -0.004 -12"><span class='ocrx_word' id='word_1_36' title='bbox 412 900 701 962; x_wconf 76' lang='lat' dir='ltr'>hostibus,</span> <span class='ocrx_word' id='word_1_37' title='bbox 727 895 916 952; x_wconf 86' lang='lat' dir='ltr'>sicubi</span> <span class='ocrx_word' id='word_1_38' title='bbox 948 895 1202 966; x_wconf 87' lang='lat' dir='ltr'>possint,</span> <span class='ocrx_word' id='word_1_39' title='bbox 1235 893 1707 966; x_wconf 87' lang='lat' dir='ltr'>deprehendant,</span> <span class='ocrx_word' id='word_1_40' title='bbox 1740 911 1960 966; x_wconf 90' lang='lat' dir='ltr'>eosque</span> <span class='ocrx_word' id='word_1_41' title='bbox 1992 894 2068 950; x_wconf 92' lang='lat' dir='ltr'>ad</span> 
     </span>
    </p>
   </div>
   <div class='ocr_carea' id='block_1_10' title="bbox 415 983 2067 1057">
    <p class='ocr_par' dir='ltr' id='par_1_10' title="bbox 415 983 2067 1057">
     <span class='ocr_line' id='line_1_10' title="bbox 415 983 2067 1057; baseline -0.002 -14"><span class='ocrx_word' id='word_1_42' title='bbox 415 990 646 1052; x_wconf 89' lang='lat' dir='ltr'>ducem,</span> <span class='ocrx_word' id='word_1_43' title='bbox 683 985 782 1057; x_wconf 92' lang='lat' dir='ltr'>qui</span> <span class='ocrx_word' id='word_1_44' title='bbox 807 1001 1100 1040; x_wconf 89' lang='lat' dir='ltr'>summam</span> <span class='ocrx_word' id='word_1_45' title='bbox 1149 1000 1350 1040; x_wconf 89' lang='lat' dir='ltr'>rerum</span> <span class='ocrx_word' id='word_1_46' title='bbox 1410 983 1810 1051; x_wconf 87' lang='lat' dir='ltr'>administrat,</span> <span class='ocrx_word' id='word_1_47' title='bbox 1851 983 2067 1054; x_wconf 89' lang='lat' dir='ltr'>perdu-</span> 
     </span>
    </p>
   </div>
   <div class='ocr_carea' id='block_1_11' title="bbox 413 1073 2068 1145">
    <p class='ocr_par' dir='ltr' id='par_1_11' title="bbox 413 1073 2068 1145">
     <span class='ocr_line' id='line_1_11' title="bbox 413 1073 2068 1145; baseline -0.003 -13"><span class='ocrx_word' id='word_1_48' title='bbox 413 1081 643 1141; x_wconf 87' lang='lat' dir='ltr'>cant,ut</span> <span class='ocrx_word' id='word_1_49' title='bbox 662 1091 731 1130; x_wconf 81' lang='lat' dir='ltr'>ex</span> <span class='ocrx_word' id='word_1_50' title='bbox 762 1075 882 1130; x_wconf 86' lang='lat' dir='ltr'>illis</span> <span class='ocrx_word' id='word_1_51' title='bbox 900 1074 1376 1129; x_wconf 81' lang='lat' dir='ltr'>adversariorum</span> <span class='ocrx_word' id='word_1_52' title='bbox 1394 1079 1591 1129; x_wconf 90' lang='lat' dir='ltr'>motus</span> <span class='ocrx_word' id='word_1_53' title='bbox 1623 1080 1799 1145; x_wconf 87' lang='lat' dir='ltr'>atque</span> <span class='ocrx_word' id='word_1_54' title='bbox 1817 1073 2068 1128; x_wconf 88' lang='lat' dir='ltr'>consilia</span> 
     </span>
    </p>
   </div>
   <div class='ocr_carea' id='block_1_12' title="bbox 411 1170 747 1240">
    <p class='ocr_par' dir='ltr' id='par_1_12' title="bbox 411 1170 747 1240">
     <span class='ocr_line' id='line_1_12' title="bbox 411 1170 747 1240; baseline -0.018 -17"><span class='ocrx_word' id='word_1_55' title='bbox 411 1170 747 1240; x_wconf 81' lang='lat' dir='ltr'>cognoscat.</span> 
     </span>
    </p>
   </div>
   <div class='ocr_carea' id='block_1_13' title="bbox 2143 621 3826 704">
    <p class='ocr_par' dir='ltr' id='par_1_13' title="bbox 2143 621 3826 704">
     <span class='ocr_line' id='line_1_13' title="bbox 2143 621 3826 704; baseline 0.001 -26"><span class='ocrx_word' id='word_1_56' title='bbox 2143 621 2437 700; x_wconf 67' lang='grc' dir='ltr'>’λέγεσθαι</span> <span class='ocrx_word' id='word_1_57' title='bbox 2469 626 2746 704; x_wconf 84' lang='grc' dir='ltr'>γενναίους</span> <span class='ocrx_word' id='word_1_58' title='bbox 2806 627 2897 682; x_wconf 77' lang='grc' dir='ltr'>καὶ</span> <span class='ocrx_word' id='word_1_59' title='bbox 2953 623 3258 702; x_wconf 82' lang='grc' dir='ltr'>ἀνδρείους,</span> <span class='ocrx_word' id='word_1_60' title='bbox 3312 624 3406 686; x_wconf 81' lang='grc' dir='ltr'>οὒς</span> <span class='ocrx_word' id='word_1_61' title='bbox 3463 625 3514 679; x_wconf 77' lang='grc' dir='ltr'>οἱ</span> <span class='ocrx_word' id='word_1_62' title='bbox 3547 621 3826 699; x_wconf 82' lang='grc' dir='ltr'>Ἀρμένιοι</span> 
     </span>
    </p>
   </div>
   <div class='ocr_carea' id='block_1_14' title="bbox 2177 713 3828 790">
    <p class='ocr_par' dir='ltr' id='par_1_14' title="bbox 2177 713 3828 790">
     <span class='ocr_line' id='line_1_14' title="bbox 2177 713 3828 790; baseline 0.001 -22"><span class='ocrx_word' id='word_1_63' title='bbox 2177 714 2527 789; x_wconf 87' lang='grc' dir='ltr'>τασιναρίους</span> <span class='ocrx_word' id='word_1_64' title='bbox 2583 717 2632 753; x_wconf 68' lang='grc' dir='ltr'>³ο</span> <span class='ocrx_word' id='word_1_65' title='bbox 2687 714 2940 787; x_wconf 87' lang='grc' dir='ltr'>καλοῦσι,</span> <span class='ocrx_word' id='word_1_66' title='bbox 2997 715 3086 770; x_wconf 83' lang='grc' dir='ltr'>καὶ</span> <span class='ocrx_word' id='word_1_67' title='bbox 3163 713 3215 769; x_wconf 86' lang='grc' dir='ltr'>έν</span> <span class='ocrx_word' id='word_1_68' title='bbox 3305 714 3614 790; x_wconf 83' lang='grc' dir='ltr'>ματρικίοις</span> <span class='ocrx_word' id='word_1_69' title='bbox 3687 715 3828 770; x_wconf 84' lang='grc' dir='ltr'>ἀπο-</span> 
     </span>
    </p>
   </div>
   <div class='ocr_carea' id='block_1_15' title="bbox 2181 803 3825 884">
    <p class='ocr_par' dir='ltr' id='par_1_15' title="bbox 2181 803 3825 884">
     <span class='ocr_line' id='line_1_15' title="bbox 2181 803 3825 884; baseline 0 -24"><span class='ocrx_word' id='word_1_70' title='bbox 2181 806 2504 884; x_wconf 76' lang='grc' dir='ltr'>γράφεσθαι,</span> <span class='ocrx_word' id='word_1_71' title='bbox 2585 808 2672 862; x_wconf 74' lang='grc' dir='ltr'>καὶ</span> <span class='ocrx_word' id='word_1_72' title='bbox 2759 805 3046 883; x_wconf 73' lang='grc' dir='ltr'>ἀρχηγοὺς</span> <span class='ocrx_word' id='word_1_73' title='bbox 3133 805 3319 869; x_wconf 77' lang='grc' dir='ltr'>αὐτοῖς</span> <span class='ocrx_word' id='word_1_74' title='bbox 3402 803 3642 884; x_wconf 75' lang='grc' dir='ltr'>ἐφιστᾷν,</span> <span class='ocrx_word' id='word_1_75' title='bbox 3719 807 3825 873; x_wconf 81' lang='grc' dir='ltr'>οἷς,</span> 
     </span>
    </p>
   </div>
   <div class='ocr_carea' id='block_1_16' title="bbox 2179 892 3827 970">
    <p class='ocr_par' dir='ltr' id='par_1_16' title="bbox 2179 892 3827 970">
     <span class='ocr_line' id='line_1_16' title="bbox 2179 892 3827 970; baseline -0.001 -22"><span class='ocrx_word' id='word_1_76' title='bbox 2179 895 2318 968; x_wconf 89' lang='grc' dir='ltr'>πρὸς</span> <span class='ocrx_word' id='word_1_77' title='bbox 2346 896 2416 966; x_wconf 75' lang='grc' dir='ltr'>τῇ</span> <span class='ocrx_word' id='word_1_78' title='bbox 2442 892 2680 970; x_wconf 79' lang='grc' dir='ltr'>ἀνδρείᾳ,</span> <span class='ocrx_word' id='word_1_79' title='bbox 2711 897 2802 951; x_wconf 84' lang='grc' dir='ltr'>καὶ</span> <span class='ocrx_word' id='word_1_80' title='bbox 2849 894 3038 964; x_wconf 89' lang='grc' dir='ltr'>πολλή</span> <span class='ocrx_word' id='word_1_81' title='bbox 3091 895 3348 968; x_wconf 80' lang='grc' dir='ltr'>ἐμπειρία</span> <span class='ocrx_word' id='word_1_82' title='bbox 3397 898 3505 948; x_wconf 92' lang='grc' dir='ltr'>τῶν</span> <span class='ocrx_word' id='word_1_83' title='bbox 3539 892 3679 949; x_wconf 82' lang='grc' dir='ltr'>ὁδῶν</span> <span class='ocrx_word' id='word_1_84' title='bbox 3734 892 3827 948; x_wconf 80' lang='grc' dir='ltr'>καὶ</span> 
     </span>
    </p>
   </div>
   <div class='ocr_carea' id='block_1_17' title="bbox 2177 979 3834 1060">
    <p class='ocr_par' dir='ltr' id='par_1_17' title="bbox 2177 979 3834 1060">
     <span class='ocr_line' id='line_1_17' title="bbox 2177 979 3834 1060; baseline 0.001 -24"><span class='ocrx_word' id='word_1_85' title='bbox 2177 985 2284 1036; x_wconf 88' lang='grc' dir='ltr'>τῶν</span> <span class='ocrx_word' id='word_1_86' title='bbox 2307 989 2407 1052; x_wconf 80' lang='grc' dir='ltr'>τῆς</span> <span class='ocrx_word' id='word_1_87' title='bbox 2442 983 2638 1059; x_wconf 82' lang='grc' dir='ltr'>Συρίας</span> <span class='ocrx_word' id='word_1_88' title='bbox 2670 988 2870 1060; x_wconf 88' lang='grc' dir='ltr'>χωρῶν</span> <span class='ocrx_word' id='word_1_89' title='bbox 2900 983 3177 1059; x_wconf 86' lang='grc' dir='ltr'>πρόσεστι·</span> <span class='ocrx_word' id='word_1_90' title='bbox 3227 982 3318 1038; x_wconf 83' lang='grc' dir='ltr'>καὶ</span> <span class='ocrx_word' id='word_1_91' title='bbox 3374 982 3600 1046; x_wconf 81' lang='grc' dir='ltr'>τούτους</span> <span class='ocrx_word' id='word_1_92' title='bbox 3654 979 3834 1052; x_wconf 87' lang='grc' dir='ltr'>διηνε-</span> 
     </span>
    </p>
   </div>
   <div class='ocr_carea' id='block_1_18' title="bbox 2177 1071 3830 1149">
    <p class='ocr_par' dir='ltr' id='par_1_18' title="bbox 2177 1071 3830 1149">
     <span class='ocr_line' id='line_1_18' title="bbox 2177 1071 3830 1149; baseline 0.001 -23"><span class='ocrx_word' id='word_1_93' title='bbox 2177 1075 2290 1134; x_wconf 98' lang='grc' dir='ltr'>κῶς</span> <span class='ocrx_word' id='word_1_94' title='bbox 2371 1071 2761 1146; x_wconf 75' lang='grc' dir='ltr'>ἀποστέλλειν,</span> <span class='ocrx_word' id='word_1_95' title='bbox 2817 1077 2917 1129; x_wconf 90' lang='grc' dir='ltr'>τοῦ</span> <span class='ocrx_word' id='word_1_96' title='bbox 2973 1073 3339 1149; x_wconf 74' lang='grc' dir='ltr'>κατέρχεσθαι</span> <span class='ocrx_word' id='word_1_97' title='bbox 3397 1073 3475 1134; x_wconf 78' lang='grc' dir='ltr'>εἰς</span> <span class='ocrx_word' id='word_1_98' title='bbox 3537 1073 3651 1140; x_wconf 19' lang='grc' dir='ltr'>,τάς</span> <span class='ocrx_word' id='word_1_99' title='bbox 3720 1077 3830 1128; x_wconf 92' lang='grc' dir='ltr'>τῶν</span> 
     </span>
    </p>
   </div>
   <div class='ocr_carea' id='block_1_19' title="bbox 2176 1160 3827 1239">
    <p class='ocr_par' dir='ltr' id='par_1_19' title="bbox 2176 1160 3827 1239">
     <span class='ocr_line' id='line_1_19' title="bbox 2176 1160 3827 1239; baseline 0.002 -24"><span class='ocrx_word' id='word_1_100' title='bbox 2176 1160 2463 1235; x_wconf 87' lang='grc' dir='ltr'>πολεμίων</span> <span class='ocrx_word' id='word_1_101' title='bbox 2559 1165 2767 1239; x_wconf 87' lang='grc' dir='ltr'>χώρας,</span> <span class='ocrx_word' id='word_1_102' title='bbox 2821 1165 2914 1218; x_wconf 82' lang='grc' dir='ltr'>καὶ</span> <span class='ocrx_word' id='word_1_103' title='bbox 2987 1168 3335 1236; x_wconf 83' lang='grc' dir='ltr'>καινοτομεῖν</span> <span class='ocrx_word' id='word_1_104' title='bbox 3394 1164 3440 1200; x_wconf 76' lang='grc'>²¹</span> <span class='ocrx_word' id='word_1_105' title='bbox 3514 1162 3679 1224; x_wconf 77' lang='grc' dir='ltr'>αὐτὰς</span> <span class='ocrx_word' id='word_1_106' title='bbox 3733 1163 3827 1218; x_wconf 80' lang='grc' dir='ltr'>καὶ</span> 
     </span>
    </p>
   </div>
   <div class='ocr_carea' id='block_1_20' title="bbox 413 1247 3828 1331">
    <p class='ocr_par' dir='ltr' id='par_1_20' title="bbox 413 1247 3828 1331">
     <span class='ocr_line' id='line_1_20' title="bbox 413 1247 3828 1331; baseline -0.001 -23"><span class='ocrx_word' id='word_1_107' title='bbox 413 1252 699 1328; x_wconf 85' lang='grc' dir='ltr'>βλάπτειν·</span> <span class='ocrx_word' id='word_1_108' title='bbox 733 1251 823 1307; x_wconf 89' lang='grc' dir='ltr'>καὶ</span> <span class='ocrx_word' id='word_1_109' title='bbox 855 1249 909 1306; x_wconf 75' lang='grc' dir='ltr'>εἴ</span> <span class='ocrx_word' id='word_1_110' title='bbox 940 1272 1047 1307; x_wconf 90' lang='grc' dir='ltr'>που</span> <span class='ocrx_word' id='word_1_111' title='bbox 1079 1249 1382 1322; x_wconf 80' lang='grc' dir='ltr'>δυνηθῶσι,</span> <span class='ocrx_word' id='word_1_112' title='bbox 1415 1252 1563 1312; x_wconf 81' lang='grc' dir='ltr'>τινὰς</span> <span class='ocrx_word' id='word_1_113' title='bbox 1592 1254 1883 1325; x_wconf 83' lang='grc' dir='ltr'>κατασχεῖν</span> <span class='ocrx_word' id='word_1_114' title='bbox 1915 1253 2023 1304; x_wconf 91' lang='grc' dir='ltr'>τῶν</span> <span class='ocrx_word' id='word_1_115' title='bbox 2052 1247 2365 1324; x_wconf 86' lang='grc' dir='ltr'>πολεμίων,</span> <span class='ocrx_word' id='word_1_116' title='bbox 2395 1251 2485 1307; x_wconf 81' lang='grc' dir='ltr'>καὶ</span> <span class='ocrx_word' id='word_1_117' title='bbox 2517 1255 2654 1328; x_wconf 88' lang='grc' dir='ltr'>πρὸς</span> <span class='ocrx_word' id='word_1_118' title='bbox 2705 1254 2798 1309; x_wconf 89' lang='grc' dir='ltr'>τὸν</span> <span class='ocrx_word' id='word_1_119' title='bbox 2857 1255 2956 1323; x_wconf 78' lang='grc' dir='ltr'>τήν</span> <span class='ocrx_word' id='word_1_120' title='bbox 3015 1253 3192 1331; x_wconf 49' lang='grc' dir='ltr'>ἀρχὴν</span> <span class='ocrx_word' id='word_1_121' title='bbox 3239 1250 3496 1308; x_wconf 73' lang='grc' dir='ltr'>διέποντα</span> <span class='ocrx_word' id='word_1_122' title='bbox 3523 1252 3828 1328; x_wconf 85' lang='grc' dir='ltr'>στρατηγὸν</span> 
     </span>
    </p>
   </div>
   <div class='ocr_carea' id='block_1_21' title="bbox 407 1339 2820 1419">
    <p class='ocr_par' dir='ltr' id='par_1_21' title="bbox 407 1339 2820 1419">
     <span class='ocr_line' id='line_1_21' title="bbox 407 1339 2820 1419; baseline 0 -21"><span class='ocrx_word' id='word_1_123' title='bbox 407 1343 786 1415; x_wconf 83' lang='grc' dir='ltr'>ἀποκομίζειν,</span> <span class='ocrx_word' id='word_1_124' title='bbox 819 1343 971 1404; x_wconf 80' lang='grc' dir='ltr'>ὅπως</span> <span class='ocrx_word' id='word_1_125' title='bbox 1001 1339 1068 1395; x_wconf 88' lang='grc' dir='ltr'>δι’</span> <span class='ocrx_word' id='word_1_126' title='bbox 1101 1341 1292 1395; x_wconf 81' lang='grc' dir='ltr'>αὐτῶν</span> <span class='ocrx_word' id='word_1_127' title='bbox 1323 1339 1417 1401; x_wconf 81' lang='grc' dir='ltr'>τὰς</span> <span class='ocrx_word' id='word_1_128' title='bbox 1446 1344 1553 1394; x_wconf 90' lang='grc' dir='ltr'>τῶν</span> <span class='ocrx_word' id='word_1_129' title='bbox 1589 1340 1800 1414; x_wconf 79' lang='grc' dir='ltr'>ἐχθρῶν</span> <span class='ocrx_word' id='word_1_130' title='bbox 1833 1340 2070 1409; x_wconf 82' lang='grc' dir='ltr'>κινήσεις</span> <span class='ocrx_word' id='word_1_131' title='bbox 2098 1339 2186 1394; x_wconf 82' lang='grc' dir='ltr'>καὶ</span> <span class='ocrx_word' id='word_1_132' title='bbox 2218 1339 2424 1415; x_wconf 78' lang='grc' dir='ltr'>βουλὰς</span> <span class='ocrx_word' id='word_1_133' title='bbox 2457 1343 2820 1419; x_wconf 80' lang='grc' dir='ltr'>ἀναμανθάνῃ.</span> 
     </span>
    </p>
   </div>
   <div class='ocr_carea' id='block_1_22' title="bbox 411 1430 2064 1501">
    <p class='ocr_par' dir='ltr' id='par_1_22' title="bbox 411 1430 2064 1501">
     <span class='ocr_line' id='line_1_22' title="bbox 411 1430 2064 1501; baseline -0.004 -11"><span class='ocrx_word' id='word_1_134' title='bbox 411 1435 543 1492; x_wconf 75' lang='lat' dir='ltr'>CAP.</span> <span class='ocrx_word' id='word_1_135' title='bbox 581 1435 672 1489; x_wconf 88' lang='lat' dir='ltr'><strong>III.</strong></span> <span class='ocrx_word' id='word_1_136' title='bbox 709 1435 780 1488; x_wconf 85' lang='lat' dir='ltr'>De</span> <span class='ocrx_word' id='word_1_137' title='bbox 812 1440 963 1488; x_wconf 78' lang='lat' dir='ltr'>motu</span> <span class='ocrx_word' id='word_1_138' title='bbox 995 1433 1253 1496; x_wconf 81' lang='lat' dir='ltr'>hostium,</span> <span class='ocrx_word' id='word_1_139' title='bbox 1317 1438 1370 1486; x_wconf 83' lang='lat' dir='ltr'>et</span> <span class='ocrx_word' id='word_1_140' title='bbox 1426 1447 1536 1500; x_wconf 85' lang='lat' dir='ltr'>quo</span> <span class='ocrx_word' id='word_1_141' title='bbox 1580 1437 1742 1501; x_wconf 83' lang='lat' dir='ltr'>pacto</span> <span class='ocrx_word' id='word_1_142' title='bbox 1796 1430 2064 1499; x_wconf 63' lang='lat' dir='ltr'>angustia</span> 
     </span>
    </p>
   </div>
   <div class='ocr_carea' id='block_1_23' title="bbox 899 1503 1536 1575">
    <p class='ocr_par' dir='ltr' id='par_1_23' title="bbox 899 1503 1536 1575">
     <span class='ocr_line' id='line_1_23' title="bbox 899 1503 1536 1575; baseline -0.002 -16"><span class='ocrx_word' id='word_1_143' title='bbox 899 1543 906 1548; x_wconf 94' lang='grc'><strong><em>-</em></strong></span> <span class='ocrx_word' id='word_1_144' title='bbox 940 1503 1389 1575; x_wconf 62' lang='lat' dir='ltr'>praeoccupanda</span> <span class='ocrx_word' id='word_1_145' title='bbox 1408 1505 1536 1558; x_wconf 83' lang='lat' dir='ltr'>sint.</span> 
     </span>
    </p>
   </div>
   <div class='ocr_carea' id='block_1_24' title="bbox 490 1609 2066 1676">
    <p class='ocr_par' dir='ltr' id='par_1_24' title="bbox 490 1609 2066 1676">
     <span class='ocr_line' id='line_1_24' title="bbox 490 1609 2066 1676; baseline -0.004 -7"><span class='ocrx_word' id='word_1_146' title='bbox 490 1616 616 1670; x_wconf 84' lang='lat' dir='ltr'>Dux</span> <span class='ocrx_word' id='word_1_147' title='bbox 649 1613 865 1668; x_wconf 88' lang='lat' dir='ltr'>certior</span> <span class='ocrx_word' id='word_1_148' title='bbox 891 1611 1082 1666; x_wconf 81' lang='lat' dir='ltr'>factus</span> <span class='ocrx_word' id='word_1_149' title='bbox 1121 1610 1506 1666; x_wconf 84' lang='lat' dir='ltr'>commovisse</span> <span class='ocrx_word' id='word_1_150' title='bbox 1561 1627 1622 1664; x_wconf 92' lang='lat' dir='ltr'>se</span> <span class='ocrx_word' id='word_1_151' title='bbox 1675 1609 2066 1676; x_wconf 85' lang='lat' dir='ltr'>adversarios,</span> 
     </span>
    </p>
   </div>
   <div class='ocr_carea' id='block_1_25' title="bbox 418 1701 2065 1774">
    <p class='ocr_par' dir='ltr' id='par_1_25' title="bbox 418 1701 2065 1774">
     <span class='ocr_line' id='line_1_25' title="bbox 418 1701 2065 1774; baseline -0.005 -14"><span class='ocrx_word' id='word_1_152' title='bbox 418 1703 598 1760; x_wconf 90' lang='lat' dir='ltr'>debet</span> <span class='ocrx_word' id='word_1_153' title='bbox 627 1703 752 1774; x_wconf 91' lang='lat' dir='ltr'>ipse</span> <span class='ocrx_word' id='word_1_154' title='bbox 784 1718 1020 1772; x_wconf 90' lang='lat' dir='ltr'>quoque</span> <span class='ocrx_word' id='word_1_155' title='bbox 1044 1717 1180 1756; x_wconf 91' lang='lat' dir='ltr'>suas</span> <span class='ocrx_word' id='word_1_156' title='bbox 1213 1701 1413 1772; x_wconf 79' lang='lat' dir='ltr'>capias</span> <span class='ocrx_word' id='word_1_157' title='bbox 1444 1715 1652 1770; x_wconf 77' lang='lat' dir='ltr'>cogere</span> <span class='ocrx_word' id='word_1_158' title='bbox 1707 1704 1766 1754; x_wconf 91' lang='lat' dir='ltr'>et</span> <span class='ocrx_word' id='word_1_159' title='bbox 1812 1713 2065 1766; x_wconf 90' lang='lat' dir='ltr'>armare,</span> 
     </span>
    </p>
   </div>
   <div class='ocr_carea' id='block_1_26' title="bbox 413 1787 2060 1860">
    <p class='ocr_par' dir='ltr' id='par_1_26' title="bbox 413 1787 2060 1860">
     <span class='ocr_line' id='line_1_26' title="bbox 413 1787 2060 1860; baseline -0.005 -10"><span class='ocrx_word' id='word_1_160' title='bbox 413 1793 488 1850; x_wconf 89' lang='lat' dir='ltr'>ad</span> <span class='ocrx_word' id='word_1_161' title='bbox 521 1792 772 1848; x_wconf 89' lang='lat' dir='ltr'>limitem</span> <span class='ocrx_word' id='word_1_162' title='bbox 808 1808 868 1845; x_wconf 92' lang='lat' dir='ltr'>se</span> <span class='ocrx_word' id='word_1_163' title='bbox 891 1791 1181 1857; x_wconf 86' lang='lat' dir='ltr'>conferre,</span> <span class='ocrx_word' id='word_1_164' title='bbox 1215 1789 1544 1860; x_wconf 89' lang='lat' dir='ltr'>peditatum</span> <span class='ocrx_word' id='word_1_165' title='bbox 1601 1805 1841 1843; x_wconf 91' lang='lat' dir='ltr'>omnem</span> <span class='ocrx_word' id='word_1_166' title='bbox 1899 1804 1968 1843; x_wconf 88' lang='lat' dir='ltr'>ea</span> <span class='ocrx_word' id='word_1_167' title='bbox 1998 1787 2060 1841; x_wconf 90' lang='lat' dir='ltr'>in</span> 
     </span>
    </p>
   </div>
   <div class='ocr_carea' id='block_1_27' title="bbox 413 1875 2058 1954">
    <p class='ocr_par' dir='ltr' id='par_1_27' title="bbox 413 1875 2058 1954">
     <span class='ocr_line' id='line_1_27' title="bbox 413 1875 2058 1954; baseline -0.002 -20"><span class='ocrx_word' id='word_1_168' title='bbox 413 1883 504 1938; x_wconf 89' lang='lat' dir='ltr'>via</span> <span class='ocrx_word' id='word_1_169' title='bbox 534 1896 1044 1954; x_wconf 86' lang='lat' dir='ltr'>congregare,qua</span> <span class='ocrx_word' id='word_1_170' title='bbox 1066 1880 1267 1934; x_wconf 87' lang='lat' dir='ltr'>hostes</span> <span class='ocrx_word' id='word_1_171' title='bbox 1301 1878 1564 1948; x_wconf 82' lang='lat' dir='ltr'>erupturi</span> <span class='ocrx_word' id='word_1_172' title='bbox 1589 1883 1745 1932; x_wconf 91' lang='lat' dir='ltr'>sunt.</span> <span class='ocrx_word' id='word_1_173' title='bbox 1781 1876 1836 1930; x_wconf 90' lang='lat' dir='ltr'>Si</span> <span class='ocrx_word' id='word_1_174' title='bbox 1869 1875 2058 1931; x_wconf 90' lang='lat' dir='ltr'>intel-</span> 
     </span>
    </p>
   </div>
   <div class='ocr_carea' id='block_1_28' title="bbox 409 1966 2057 2042">
    <p class='ocr_par' dir='ltr' id='par_1_28' title="bbox 409 1966 2057 2042">
     <span class='ocr_line' id='line_1_28' title="bbox 409 1966 2057 2042; baseline -0.004 -15"><span class='ocrx_word' id='word_1_175' title='bbox 409 1972 720 2039; x_wconf 82' lang='lat' dir='ltr'>lexit,cum</span> <span class='ocrx_word' id='word_1_176' title='bbox 754 1970 980 2042; x_wconf 78' lang='lat' dir='ltr'>exiguis</span> <span class='ocrx_word' id='word_1_177' title='bbox 1012 1969 1198 2040; x_wconf 90' lang='lat' dir='ltr'>copiis</span> <span class='ocrx_word' id='word_1_178' title='bbox 1230 1968 1598 2024; x_wconf 86' lang='lat' dir='ltr'>adversarios</span> <span class='ocrx_word' id='word_1_179' title='bbox 1630 1966 1890 2039; x_wconf 90' lang='lat' dir='ltr'>prodire,</span> <span class='ocrx_word' id='word_1_180' title='bbox 1921 1983 2057 2037; x_wconf 89' lang='lat' dir='ltr'>pro-</span> 
     </span>
    </p>
   </div>
   <div class='ocr_carea' id='block_1_29' title="bbox 409 2056 2060 2133">
    <p class='ocr_par' dir='ltr' id='par_1_29' title="bbox 409 2056 2060 2133">
     <span class='ocr_line' id='line_1_29' title="bbox 409 2056 2060 2133; baseline -0.004 -18"><span class='ocrx_word' id='word_1_181' title='bbox 409 2067 582 2133; x_wconf 89' lang='lat' dir='ltr'>peret</span> <span class='ocrx_word' id='word_1_182' title='bbox 613 2060 845 2114; x_wconf 84' lang='lat' dir='ltr'>obviam</span> <span class='ocrx_word' id='word_1_183' title='bbox 877 2059 996 2113; x_wconf 91' lang='lat' dir='ltr'>illis</span> <span class='ocrx_word' id='word_1_184' title='bbox 1028 2075 1362 2124; x_wconf 90' lang='lat' dir='ltr'>occurrere,</span> <span class='ocrx_word' id='word_1_185' title='bbox 1396 2073 1614 2128; x_wconf 90' lang='lat' dir='ltr'>eosque</span> <span class='ocrx_word' id='word_1_186' title='bbox 1637 2073 1770 2111; x_wconf 90' lang='lat' dir='ltr'>cum</span> <span class='ocrx_word' id='word_1_187' title='bbox 1791 2056 2060 2126; x_wconf 89' lang='lat' dir='ltr'>equitatu</span> 
     </span>
    </p>
   </div>
   <div class='ocr_carea' id='block_1_30' title="bbox 413 2144 2058 2222">
    <p class='ocr_par' dir='ltr' id='par_1_30' title="bbox 413 2144 2058 2222">
     <span class='ocr_line' id='line_1_30' title="bbox 413 2144 2058 2222; baseline -0.004 -17"><span class='ocrx_word' id='word_1_188' title='bbox 413 2149 909 2222; x_wconf 90' lang='lat' dir='ltr'>pedestribusque</span> <span class='ocrx_word' id='word_1_189' title='bbox 967 2148 1153 2219; x_wconf 91' lang='lat' dir='ltr'>copiis</span> <span class='ocrx_word' id='word_1_190' title='bbox 1208 2163 1567 2219; x_wconf 83' lang='lat' dir='ltr'>expugnare,</span> <span class='ocrx_word' id='word_1_191' title='bbox 1601 2146 1648 2201; x_wconf 94' lang='lat' dir='ltr'>si</span> <span class='ocrx_word' id='word_1_192' title='bbox 1680 2146 1786 2200; x_wconf 90' lang='lat' dir='ltr'>has</span> <span class='ocrx_word' id='word_1_193' title='bbox 1817 2144 2058 2215; x_wconf 88' lang='lat' dir='ltr'>quidem</span> 
     </span>
    </p>
   </div>
   <div class='ocr_carea' id='block_1_31' title="bbox 415 2232 2059 2307">
    <p class='ocr_par' dir='ltr' id='par_1_31' title="bbox 415 2232 2059 2307">
     <span class='ocr_line' id='line_1_31' title="bbox 415 2232 2059 2307; baseline -0.005 -13"><span class='ocrx_word' id='word_1_194' title='bbox 415 2238 747 2294; x_wconf 88' lang='lat' dir='ltr'>conducere</span> <span class='ocrx_word' id='word_1_195' title='bbox 775 2243 951 2307; x_wconf 88' lang='lat' dir='ltr'>atque</span> <span class='ocrx_word' id='word_1_196' title='bbox 984 2237 1278 2291; x_wconf 89' lang='lat' dir='ltr'>instruere</span> <span class='ocrx_word' id='word_1_197' title='bbox 1301 2235 1512 2306; x_wconf 90' lang='lat' dir='ltr'>potuit.</span> <span class='ocrx_word' id='word_1_198' title='bbox 1555 2235 1624 2287; x_wconf 91' lang='lat' dir='ltr'>Et</span> <span class='ocrx_word' id='word_1_199' title='bbox 1654 2233 1935 2304; x_wconf 89' lang='lat' dir='ltr'>quoniam</span> <span class='ocrx_word' id='word_1_200' title='bbox 1985 2232 2059 2287; x_wconf 89' lang='lat' dir='ltr'>ad</span> 
     </span>
    </p>
   </div>
   <div class='ocr_carea' id='block_1_32' title="bbox 377 2321 2058 2400">
    <p class='ocr_par' dir='ltr' id='par_1_32' title="bbox 377 2321 2058 2400">
     <span class='ocr_line' id='line_1_32' title="bbox 377 2321 2058 2400; baseline -0.005 -17"><span class='ocrx_word' id='word_1_201' title='bbox 377 2341 380 2374; x_wconf 86' lang='grc' dir='ltr'><strong><em>ῖ</em></strong></span> <span class='ocrx_word' id='word_1_202' title='bbox 412 2327 718 2400; x_wconf 83' lang='lat' dir='ltr'>angustias</span> <span class='ocrx_word' id='word_1_203' title='bbox 748 2326 997 2396; x_wconf 89' lang='lat' dir='ltr'>locaque</span> <span class='ocrx_word' id='word_1_204' title='bbox 1029 2324 1315 2396; x_wconf 87' lang='lat' dir='ltr'>impedita</span> <span class='ocrx_word' id='word_1_205' title='bbox 1345 2321 1847 2379; x_wconf 87' lang='lat' dir='ltr'>accommodatior</span> <span class='ocrx_word' id='word_1_206' title='bbox 1903 2321 2058 2375; x_wconf 79' lang='lat' dir='ltr'>I90</span> 
     </span>
    </p>
   </div>
   <div class='ocr_carea' id='block_1_33' title="bbox 413 2409 2059 2486">
    <p class='ocr_par' dir='ltr' id='par_1_33' title="bbox 413 2409 2059 2486">
     <span class='ocr_line' id='line_1_33' title="bbox 413 2409 2059 2486; baseline -0.005 -15"><span class='ocrx_word' id='word_1_207' title='bbox 413 2423 502 2471; x_wconf 90' lang='lat' dir='ltr'>est</span> <span class='ocrx_word' id='word_1_208' title='bbox 532 2415 823 2486; x_wconf 90' lang='lat' dir='ltr'>pedestris</span> <span class='ocrx_word' id='word_1_209' title='bbox 847 2413 1170 2474; x_wconf 85' lang='lat' dir='ltr'>dimicatio.</span> <span class='ocrx_word' id='word_1_210' title='bbox 1195 2411 1433 2483; x_wconf 88' lang='lat' dir='ltr'>expedit</span> <span class='ocrx_word' id='word_1_211' title='bbox 1462 2412 1571 2467; x_wconf 88' lang='lat' dir='ltr'>hac</span> <span class='ocrx_word' id='word_1_212' title='bbox 1597 2416 1898 2467; x_wconf 84' lang='lat' dir='ltr'>armatura</span> <span class='ocrx_word' id='word_1_213' title='bbox 1927 2409 2059 2464; x_wconf 86' lang='lat' dir='ltr'>loca</span> 
     </span>
    </p>
   </div>
   <div class='ocr_carea' id='block_1_34' title="bbox 409 2499 2055 2577">
    <p class='ocr_par' dir='ltr' id='par_1_34' title="bbox 409 2499 2055 2577">
     <span class='ocr_line' id='line_1_34' title="bbox 409 2499 2055 2577; baseline -0.005 -17"><span class='ocrx_word' id='word_1_214' title='bbox 409 2505 717 2577; x_wconf 90' lang='lat' dir='ltr'>superiora</span> <span class='ocrx_word' id='word_1_215' title='bbox 747 2507 1036 2574; x_wconf 87' lang='lat' dir='ltr'>occupata</span> <span class='ocrx_word' id='word_1_216' title='bbox 1065 2509 1286 2567; x_wconf 88' lang='lat' dir='ltr'>tenere,</span> <span class='ocrx_word' id='word_1_217' title='bbox 1323 2507 1381 2555; x_wconf 92' lang='lat' dir='ltr'>et</span> <span class='ocrx_word' id='word_1_218' title='bbox 1409 2500 1481 2556; x_wconf 90' lang='lat' dir='ltr'>ab</span> <span class='ocrx_word' id='word_1_219' title='bbox 1542 2507 1796 2570; x_wconf 84' lang='lat' dir='ltr'>utroque</span> <span class='ocrx_word' id='word_1_220' title='bbox 1845 2499 2055 2565; x_wconf 89' lang='lat' dir='ltr'>latere,</span> 
     </span>
    </p>
   </div>
   <div class='ocr_carea' id='block_1_35' title="bbox 408 2589 2054 2668">
    <p class='ocr_par' dir='ltr' id='par_1_35' title="bbox 408 2589 2054 2668">
     <span class='ocr_line' id='line_1_35' title="bbox 408 2589 2054 2668; baseline -0.005 -17"><span class='ocrx_word' id='word_1_221' title='bbox 408 2597 456 2650; x_wconf 92' lang='lat' dir='ltr'>si</span> <span class='ocrx_word' id='word_1_222' title='bbox 479 2613 585 2668; x_wconf 89' lang='lat' dir='ltr'>per</span> <span class='ocrx_word' id='word_1_223' title='bbox 604 2599 878 2650; x_wconf 87' lang='lat' dir='ltr'>naturam</span> <span class='ocrx_word' id='word_1_224' title='bbox 895 2593 1008 2648; x_wconf 92' lang='lat' dir='ltr'>loci</span> <span class='ocrx_word' id='word_1_225' title='bbox 1039 2592 1470 2664; x_wconf 88' lang='lat' dir='ltr'>licet.peditum</span> <span class='ocrx_word' id='word_1_226' title='bbox 1493 2591 1652 2647; x_wconf 89' lang='lat' dir='ltr'>acies</span> <span class='ocrx_word' id='word_1_227' title='bbox 1673 2589 2054 2645; x_wconf 88' lang='lat' dir='ltr'>constituere.</span> 
     </span>
    </p>
   </div>
   <div class='ocr_carea' id='block_1_36' title="bbox 409 2682 2058 2757">
    <p class='ocr_par' dir='ltr' id='par_1_36' title="bbox 409 2682 2058 2757">
     <span class='ocr_line' id='line_1_36' title="bbox 409 2682 2058 2757; baseline -0.004 -16"><span class='ocrx_word' id='word_1_228' title='bbox 409 2687 516 2741; x_wconf 91' lang='lat' dir='ltr'>Ubi</span> <span class='ocrx_word' id='word_1_229' title='bbox 551 2691 824 2757; x_wconf 87' lang='lat' dir='ltr'>equestre</span> <span class='ocrx_word' id='word_1_230' title='bbox 854 2684 1127 2756; x_wconf 83' lang='lat' dir='ltr'>praelium</span> <span class='ocrx_word' id='word_1_231' title='bbox 1162 2684 1288 2738; x_wconf 80' lang='lat' dir='ltr'>fieri</span> <span class='ocrx_word' id='word_1_232' title='bbox 1323 2683 1625 2754; x_wconf 88' lang='lat' dir='ltr'>potest,ibi</span> <span class='ocrx_word' id='word_1_233' title='bbox 1659 2682 1888 2752; x_wconf 90' lang='lat' dir='ltr'>equites</span> <span class='ocrx_word' id='word_1_234' title='bbox 1910 2696 2058 2751; x_wconf 87' lang='lat' dir='ltr'>quo-</span> 
     </span>
    </p>
   </div>
   <div class='ocr_carea' id='block_1_37' title="bbox 410 2773 2056 2848">
    <p class='ocr_par' dir='ltr' id='par_1_37' title="bbox 410 2773 2056 2848">
     <span class='ocr_line' id='line_1_37' title="bbox 410 2773 2056 2848; baseline -0.004 -16"><span class='ocrx_word' id='word_1_235' title='bbox 410 2793 524 2848; x_wconf 91' lang='lat' dir='ltr'>que</span> <span class='ocrx_word' id='word_1_236' title='bbox 561 2776 859 2848; x_wconf 90' lang='lat' dir='ltr'>peditibus</span> <span class='ocrx_word' id='word_1_237' title='bbox 891 2774 1253 2846; x_wconf 85' lang='lat' dir='ltr'>adjiciantur</span> <span class='ocrx_word' id='word_1_238' title='bbox 1277 2790 1290 2827; x_wconf 89' lang='lat'><strong>:</strong></span> <span class='ocrx_word' id='word_1_239' title='bbox 1315 2780 1382 2828; x_wconf 92' lang='lat' dir='ltr'>ut</span> <span class='ocrx_word' id='word_1_240' title='bbox 1407 2774 1608 2828; x_wconf 88' lang='lat' dir='ltr'>hostes</span> <span class='ocrx_word' id='word_1_241' title='bbox 1625 2773 1856 2839; x_wconf 87' lang='lat' dir='ltr'>ve|,hoc</span> <span class='ocrx_word' id='word_1_242' title='bbox 1875 2787 2056 2842; x_wconf 85' lang='lat' dir='ltr'>appa-</span> 
     </span>
    </p>
   </div>
   <div class='ocr_carea' id='block_1_38' title="bbox 407 2861 2058 2939">
    <p class='ocr_par' dir='ltr' id='par_1_38' title="bbox 407 2861 2058 2939">
     <span class='ocr_line' id='line_1_38' title="bbox 407 2861 2058 2939; baseline -0.005 -17"><span class='ocrx_word' id='word_1_243' title='bbox 407 2873 540 2924; x_wconf 84' lang='lat' dir='ltr'>ratu</span> <span class='ocrx_word' id='word_1_244' title='bbox 575 2867 1084 2939; x_wconf 90' lang='lat' dir='ltr'>occupationeque</span> <span class='ocrx_word' id='word_1_245' title='bbox 1144 2865 1550 2937; x_wconf 80' lang='lat' dir='ltr'>angustiarum</span> <span class='ocrx_word' id='word_1_246' title='bbox 1605 2863 1932 2929; x_wconf 90' lang='lat' dir='ltr'>intellecto,</span> <span class='ocrx_word' id='word_1_247' title='bbox 1966 2861 2058 2915; x_wconf 89' lang='lat' dir='ltr'>in-</span> 
     </span>
    </p>
   </div>
   <div class='ocr_carea' id='block_1_39' title="bbox 412 2951 2058 3027">
    <p class='ocr_par' dir='ltr' id='par_1_39' title="bbox 412 2951 2058 3027">
     <span class='ocr_line' id='line_1_39' title="bbox 412 2951 2058 3027; baseline -0.004 -14"><span class='ocrx_word' id='word_1_248' title='bbox 412 2958 748 3013; x_wconf 90' lang='lat' dir='ltr'>cursionem</span> <span class='ocrx_word' id='word_1_249' title='bbox 784 2963 960 3027; x_wconf 86' lang='lat' dir='ltr'>atque</span> <span class='ocrx_word' id='word_1_250' title='bbox 983 2958 1272 3027; x_wconf 87' lang='lat' dir='ltr'>impetum</span> <span class='ocrx_word' id='word_1_251' title='bbox 1310 2955 1660 3026; x_wconf 85' lang='lat' dir='ltr'>reprimant.</span> <span class='ocrx_word' id='word_1_252' title='bbox 1688 2954 1780 3008; x_wconf 91' lang='lat' dir='ltr'>vel</span> <span class='ocrx_word' id='word_1_253' title='bbox 1810 2954 1928 3008; x_wconf 87' lang='lat' dir='ltr'>Deo</span> <span class='ocrx_word' id='word_1_254' title='bbox 1955 2951 2058 3008; x_wconf 91' lang='lat' dir='ltr'>ad-</span> 
     </span>
    </p>
   </div>
   <div class='ocr_carea' id='block_1_40' title="bbox 403 3043 2058 3118">
    <p class='ocr_par' dir='ltr' id='par_1_40' title="bbox 403 3043 2058 3118">
     <span class='ocr_line' id='line_1_40' title="bbox 403 3043 2058 3118; baseline -0.004 -16"><span class='ocrx_word' id='word_1_255' title='bbox 403 3048 650 3118; x_wconf 85' lang='lat' dir='ltr'>juvante</span> <span class='ocrx_word' id='word_1_256' title='bbox 683 3047 1079 3101; x_wconf 90' lang='lat' dir='ltr'>debellentur.</span> <span class='ocrx_word' id='word_1_257' title='bbox 1140 3045 1245 3099; x_wconf 90' lang='lat' dir='ltr'>Ubi</span> <span class='ocrx_word' id='word_1_258' title='bbox 1301 3061 1437 3098; x_wconf 82' lang='lat' dir='ltr'>vero</span> <span class='ocrx_word' id='word_1_259' title='bbox 1497 3051 1712 3099; x_wconf 89' lang='lat' dir='ltr'>natura</span> <span class='ocrx_word' id='word_1_260' title='bbox 1771 3043 1885 3098; x_wconf 91' lang='lat' dir='ltr'>loci</span> <span class='ocrx_word' id='word_1_261' title='bbox 1937 3057 2058 3096; x_wconf 92' lang='lat' dir='ltr'>non</span> 
     </span>
    </p>
   </div>
   <div class='ocr_carea' id='block_1_41' title="bbox 408 3111 2133 3208">
    <p class='ocr_par' dir='ltr' id='par_1_41' title="bbox 408 3111 2133 3208">
     <span class='ocr_line' id='line_1_41' title="bbox 408 3111 2133 3208; baseline -0.006 -18"><span class='ocrx_word' id='word_1_262' title='bbox 408 3111 654 3208; x_wconf 82' lang='lat' dir='ltr'>patitur,</span> <span class='ocrx_word' id='word_1_263' title='bbox 688 3142 753 3189; x_wconf 91' lang='lat' dir='ltr'>ut</span> <span class='ocrx_word' id='word_1_264' title='bbox 806 3151 876 3189; x_wconf 85' lang='lat' dir='ltr'>ex</span> <span class='ocrx_word' id='word_1_265' title='bbox 925 3141 1176 3203; x_wconf 85' lang='lat' dir='ltr'>utraque</span> <span class='ocrx_word' id='word_1_266' title='bbox 1237 3137 1424 3204; x_wconf 78' lang='lat' dir='ltr'>parte,</span> <span class='ocrx_word' id='word_1_267' title='bbox 1484 3132 1586 3188; x_wconf 91' lang='lat' dir='ltr'>sed</span> <span class='ocrx_word' id='word_1_268' title='bbox 1634 3139 1701 3187; x_wconf 90' lang='lat' dir='ltr'>ut</span> <span class='ocrx_word' id='word_1_269' title='bbox 1756 3148 1826 3187; x_wconf 85' lang='lat' dir='ltr'>ex</span> <span class='ocrx_word' id='word_1_270' title='bbox 1873 3131 2059 3186; x_wconf 88' lang='lat' dir='ltr'>altera</span> <span class='ocrx_word' id='word_1_271' title='bbox 2089 3111 2133 3179; x_wconf 84' lang='lat' dir='ltr'><strong><em>C</em></strong></span> 
     </span>
    </p>
   </div>
   <div class='ocr_carea' id='block_1_42' title="bbox 409 3220 2064 3295">
    <p class='ocr_par' dir='ltr' id='par_1_42' title="bbox 409 3220 2064 3295">
     <span class='ocr_line' id='line_1_42' title="bbox 409 3220 2064 3295; baseline -0.002 -17"><span class='ocrx_word' id='word_1_272' title='bbox 409 3224 695 3278; x_wconf 85' lang='lat' dir='ltr'>duntaxat</span> <span class='ocrx_word' id='word_1_273' title='bbox 722 3223 889 3295; x_wconf 89' lang='lat' dir='ltr'>signa</span> <span class='ocrx_word' id='word_1_274' title='bbox 910 3223 1266 3288; x_wconf 86' lang='lat' dir='ltr'>inferantur,</span> <span class='ocrx_word' id='word_1_275' title='bbox 1293 3221 1434 3276; x_wconf 91' lang='lat' dir='ltr'>item</span> <span class='ocrx_word' id='word_1_276' title='bbox 1461 3237 1528 3276; x_wconf 87' lang='lat' dir='ltr'>ea</span> <span class='ocrx_word' id='word_1_277' title='bbox 1551 3238 1706 3292; x_wconf 79' lang='lat' dir='ltr'>pars,</span> <span class='ocrx_word' id='word_1_278' title='bbox 1733 3221 1892 3276; x_wconf 89' lang='lat' dir='ltr'>unde</span> <span class='ocrx_word' id='word_1_279' title='bbox 1923 3220 2064 3276; x_wconf 91' lang='lat' dir='ltr'>licet</span> 
     </span>
    </p>
   </div>
   <div class='ocr_carea' id='block_1_43' title="bbox 411 3309 2062 3383">
    <p class='ocr_par' dir='ltr' id='par_1_43' title="bbox 411 3309 2062 3383">
     <span class='ocr_line' id='line_1_43' title="bbox 411 3309 2062 3383; baseline -0.001 -15"><span class='ocrx_word' id='word_1_280' title='bbox 411 3314 748 3379; x_wconf 90' lang='lat' dir='ltr'>decurrere,</span> <span class='ocrx_word' id='word_1_281' title='bbox 783 3311 1184 3383; x_wconf 83' lang='lat' dir='ltr'>praeoccupari</span> <span class='ocrx_word' id='word_1_282' title='bbox 1251 3309 1446 3366; x_wconf 85' lang='lat' dir='ltr'>debet.</span> <span class='ocrx_word' id='word_1_283' title='bbox 1481 3310 1590 3365; x_wconf 90' lang='lat' dir='ltr'>Ubi</span> <span class='ocrx_word' id='word_1_284' title='bbox 1631 3309 1744 3364; x_wconf 94' lang='lat' dir='ltr'>loci</span> <span class='ocrx_word' id='word_1_285' title='bbox 1779 3310 2062 3381; x_wconf 83' lang='lat' dir='ltr'>iniquitas</span> 
     </span>
    </p>
   </div>
   <div class='ocr_carea' id='block_1_44' title="bbox 409 3399 2061 3473">
    <p class='ocr_par' dir='ltr' id='par_1_44' title="bbox 409 3399 2061 3473">
     <span class='ocr_line' id='line_1_44' title="bbox 409 3399 2061 3473; baseline 0 -17"><span class='ocrx_word' id='word_1_286' title='bbox 409 3401 841 3473; x_wconf 88' lang='lat' dir='ltr'>impedimento</span> <span class='ocrx_word' id='word_1_287' title='bbox 891 3407 1000 3461; x_wconf 89' lang='lat' dir='ltr'>est.</span> <span class='ocrx_word' id='word_1_288' title='bbox 1033 3399 1352 3470; x_wconf 86' lang='lat' dir='ltr'>quominus</span> <span class='ocrx_word' id='word_1_289' title='bbox 1395 3416 1464 3454; x_wconf 85' lang='lat' dir='ltr'>ex</span> <span class='ocrx_word' id='word_1_290' title='bbox 1495 3400 1799 3471; x_wconf 90' lang='lat' dir='ltr'>superiore</span> <span class='ocrx_word' id='word_1_291' title='bbox 1829 3399 2061 3472; x_wconf 88' lang='lat' dir='ltr'>fastigio</span> 
     </span>
    </p>
   </div>
   <div class='ocr_carea' id='block_1_45' title="bbox 412 3489 2061 3564">
    <p class='ocr_par' dir='ltr' id='par_1_45' title="bbox 412 3489 2061 3564">
     <span class='ocr_line' id='line_1_45' title="bbox 412 3489 2061 3564; baseline -0.001 -17"><span class='ocrx_word' id='word_1_292' title='bbox 412 3497 776 3547; x_wconf 88' lang='lat' dir='ltr'>armatorum</span> <span class='ocrx_word' id='word_1_293' title='bbox 807 3491 910 3545; x_wconf 86' lang='lat' dir='ltr'>fiat</span> <span class='ocrx_word' id='word_1_294' title='bbox 940 3490 1220 3562; x_wconf 90' lang='lat' dir='ltr'>impetus,</span> <span class='ocrx_word' id='word_1_295' title='bbox 1253 3490 1461 3561; x_wconf 88' lang='lat' dir='ltr'>viaque</span> <span class='ocrx_word' id='word_1_296' title='bbox 1493 3489 1782 3561; x_wconf 88' lang='lat' dir='ltr'>paulatim</span> <span class='ocrx_word' id='word_1_297' title='bbox 1814 3505 2061 3564; x_wconf 81' lang='lat' dir='ltr'>surgens</span> 
     </span>
    </p>
   </div>
   <div class='ocr_carea' id='block_1_46' title="bbox 418 3577 2064 3653">
    <p class='ocr_par' dir='ltr' id='par_1_46' title="bbox 418 3577 2064 3653">
     <span class='ocr_line' id='line_1_46' title="bbox 418 3577 2064 3653; baseline -0.001 -16"><span class='ocrx_word' id='word_1_298' title='bbox 418 3597 628 3653; x_wconf 87' lang='lat' dir='ltr'>aspera</span> <span class='ocrx_word' id='word_1_299' title='bbox 658 3587 765 3648; x_wconf 92' lang='lat' dir='ltr'>est,</span> <span class='ocrx_word' id='word_1_300' title='bbox 790 3580 1046 3652; x_wconf 87' lang='lat' dir='ltr'>rivisque</span> <span class='ocrx_word' id='word_1_301' title='bbox 1077 3577 1414 3634; x_wconf 85' lang='lat' dir='ltr'>labentibus</span> <span class='ocrx_word' id='word_1_302' title='bbox 1444 3579 1506 3633; x_wconf 89' lang='lat' dir='ltr'>in</span> <span class='ocrx_word' id='word_1_303' title='bbox 1537 3579 1937 3634; x_wconf 90' lang='lat' dir='ltr'>arctissimum</span> <span class='ocrx_word' id='word_1_304' title='bbox 1968 3597 2064 3635; x_wconf 88' lang='lat' dir='ltr'>co-</span> 
     </span>
    </p>
   </div>
   <div class='ocr_carea' id='block_1_47' title="bbox 415 3668 2066 3744">
    <p class='ocr_par' dir='ltr' id='par_1_47' title="bbox 415 3668 2066 3744">
     <span class='ocr_line' id='line_1_47' title="bbox 415 3668 2066 3744; baseline 0 -20"><span class='ocrx_word' id='word_1_305' title='bbox 415 3671 593 3744; x_wconf 85' lang='lat' dir='ltr'>gitur,</span> <span class='ocrx_word' id='word_1_306' title='bbox 626 3676 858 3742; x_wconf 88' lang='lat' dir='ltr'>oportet</span> <span class='ocrx_word' id='word_1_307' title='bbox 886 3671 1074 3725; x_wconf 89' lang='lat' dir='ltr'>aciem</span> <span class='ocrx_word' id='word_1_308' title='bbox 1107 3669 1372 3740; x_wconf 89' lang='lat' dir='ltr'>peditum</span> <span class='ocrx_word' id='word_1_309' title='bbox 1405 3669 1680 3724; x_wconf 89' lang='lat' dir='ltr'>similiter</span> <span class='ocrx_word' id='word_1_310' title='bbox 1709 3668 1858 3724; x_wconf 90' lang='lat' dir='ltr'>locis</span> <span class='ocrx_word' id='word_1_311' title='bbox 1888 3686 2066 3741; x_wconf 89' lang='lat' dir='ltr'>supe-</span> 
     </span>
    </p>
   </div>
   <div class='ocr_carea' id='block_1_48' title="bbox 414 3758 2064 3832">
    <p class='ocr_par' dir='ltr' id='par_1_48' title="bbox 414 3758 2064 3832">
     <span class='ocr_line' id='line_1_48' title="bbox 414 3758 2064 3832; baseline 0 -18"><span class='ocrx_word' id='word_1_312' title='bbox 414 3761 672 3816; x_wconf 88' lang='lat' dir='ltr'>rioribus</span> <span class='ocrx_word' id='word_1_313' title='bbox 695 3762 1008 3822; x_wconf 84' lang='lat' dir='ltr'>instruere,</span> <span class='ocrx_word' id='word_1_314' title='bbox 1031 3760 1181 3815; x_wconf 86' lang='lat' dir='ltr'>viam</span> <span class='ocrx_word' id='word_1_315' title='bbox 1217 3760 1407 3831; x_wconf 90' lang='lat' dir='ltr'>ipsam</span> <span class='ocrx_word' id='word_1_316' title='bbox 1466 3764 1663 3814; x_wconf 89' lang='lat' dir='ltr'>autem</span> <span class='ocrx_word' id='word_1_317' title='bbox 1723 3758 2064 3832; x_wconf 88' lang='lat' dir='ltr'>legionariis</span> 
     </span>
    </p>
   </div>
   <div class='ocr_carea' id='block_1_49' title="bbox 420 3849 2066 3922">
    <p class='ocr_par' dir='ltr' id='par_1_49' title="bbox 420 3849 2066 3922">
     <span class='ocr_line' id='line_1_49' title="bbox 420 3849 2066 3922; baseline -0.002 -17"><span class='ocrx_word' id='word_1_318' title='bbox 420 3851 664 3906; x_wconf 87' lang='lat' dir='ltr'>scutatis</span> <span class='ocrx_word' id='word_1_319' title='bbox 684 3850 1236 3922; x_wconf 86' lang='lat' dir='ltr'>jaculatoribusque</span> <span class='ocrx_word' id='word_1_320' title='bbox 1269 3849 1540 3904; x_wconf 89' lang='lat' dir='ltr'>obsidere</span> <span class='ocrx_word' id='word_1_321' title='bbox 1572 3865 1638 3904; x_wconf 88' lang='lat' dir='ltr'>ac</span> <span class='ocrx_word' id='word_1_322' title='bbox 1669 3849 1860 3920; x_wconf 89' lang='lat' dir='ltr'>sepire</span> <span class='ocrx_word' id='word_1_323' title='bbox 1887 3865 1899 3903; x_wconf 94' lang='lat'><strong>:</strong></span> <span class='ocrx_word' id='word_1_324' title='bbox 1931 3854 2066 3920; x_wconf 91' lang='lat' dir='ltr'>post</span> 
     </span>
    </p>
   </div>
   <div class='ocr_carea' id='block_1_50' title="bbox 416 3938 2065 4011">
    <p class='ocr_par' dir='ltr' id='par_1_50' title="bbox 416 3938 2065 4011">
     <span class='ocr_line' id='line_1_50' title="bbox 416 3938 2065 4011; baseline -0.001 -17"><span class='ocrx_word' id='word_1_325' title='bbox 416 3941 525 3994; x_wconf 90' lang='lat' dir='ltr'>hos</span> <span class='ocrx_word' id='word_1_326' title='bbox 558 3941 659 4011; x_wconf 92' lang='lat' dir='ltr'>qui</span> <span class='ocrx_word' id='word_1_327' title='bbox 683 3956 825 3995; x_wconf 86' lang='lat' dir='ltr'>saxa</span> <span class='ocrx_word' id='word_1_328' title='bbox 865 3955 1043 3994; x_wconf 92' lang='lat' dir='ltr'>manu</span> <span class='ocrx_word' id='word_1_329' title='bbox 1063 3939 1316 4010; x_wconf 88' lang='lat' dir='ltr'>jaciunt,</span> <span class='ocrx_word' id='word_1_330' title='bbox 1350 3944 1408 3991; x_wconf 90' lang='lat' dir='ltr'>et</span> <span class='ocrx_word' id='word_1_331' title='bbox 1437 3955 1557 3992; x_wconf 90' lang='lat' dir='ltr'>una</span> <span class='ocrx_word' id='word_1_332' title='bbox 1578 3955 1710 3992; x_wconf 90' lang='lat' dir='ltr'>cum</span> <span class='ocrx_word' id='word_1_333' title='bbox 1744 3938 1863 3992; x_wconf 91' lang='lat' dir='ltr'>illis</span> <span class='ocrx_word' id='word_1_334' title='bbox 1896 3939 2065 4010; x_wconf 84' lang='lat' dir='ltr'>sagit-</span> 
     </span>
    </p>
   </div>
   <div class='ocr_carea' id='block_1_51' title="bbox 415 4027 2063 4098">
    <p class='ocr_par' dir='ltr' id='par_1_51' title="bbox 415 4027 2063 4098">
     <span class='ocr_line' id='line_1_51' title="bbox 415 4027 2063 4098; baseline -0.001 -15"><span class='ocrx_word' id='word_1_335' title='bbox 415 4035 636 4084; x_wconf 88' lang='lat' dir='ltr'>tatores</span> <span class='ocrx_word' id='word_1_336' title='bbox 651 4046 714 4083; x_wconf 90' lang='lat' dir='ltr'>ac</span> <span class='ocrx_word' id='word_1_337' title='bbox 728 4028 1061 4082; x_wconf 90' lang='lat' dir='ltr'>funditores</span> <span class='ocrx_word' id='word_1_338' title='bbox 1084 4027 1271 4082; x_wconf 88' lang='lat' dir='ltr'>eonsti</span> <span class='ocrx_word' id='word_1_339' title='bbox 1283 4033 1443 4080; x_wconf 89' lang='lat' dir='ltr'>tuere</span> <span class='ocrx_word' id='word_1_340' title='bbox 1462 4043 1475 4080; x_wconf 88' lang='lat'><strong>:</strong></span> <span class='ocrx_word' id='word_1_341' title='bbox 1492 4027 1632 4081; x_wconf 90' lang='lat' dir='ltr'>item</span> <span class='ocrx_word' id='word_1_342' title='bbox 1655 4033 1789 4098; x_wconf 90' lang='lat' dir='ltr'>post</span> <span class='ocrx_word' id='word_1_343' title='bbox 1809 4027 2063 4098; x_wconf 88' lang='lat' dir='ltr'>primam</span> 
     </span>
    </p>
   </div>
   <div class='ocr_carea' id='block_1_52' title="bbox 418 4115 2066 4173">
    <p class='ocr_par' dir='ltr' id='par_1_52' title="bbox 418 4115 2066 4173">
     <span class='ocr_line' id='line_1_52' title="bbox 418 4115 2066 4173; baseline -0.001 -1"><span class='ocrx_word' id='word_1_344' title='bbox 418 4119 606 4173; x_wconf 90' lang='lat' dir='ltr'>aciem</span> <span class='ocrx_word' id='word_1_345' title='bbox 629 4118 876 4172; x_wconf 87' lang='lat' dir='ltr'>alteram</span> <span class='ocrx_word' id='word_1_346' title='bbox 901 4117 1332 4171; x_wconf 90' lang='lat' dir='ltr'>subsidiantem</span> <span class='ocrx_word' id='word_1_347' title='bbox 1364 4115 1692 4170; x_wconf 88' lang='lat' dir='ltr'>instruere:</span> <span class='ocrx_word' id='word_1_348' title='bbox 1742 4116 1814 4171; x_wconf 89' lang='lat' dir='ltr'>ad</span> <span class='ocrx_word' id='word_1_349' title='bbox 1844 4121 2066 4170; x_wconf 90' lang='lat' dir='ltr'>utrum-</span> 
     </span>
    </p>
   </div>
   <div class='ocr_carea' id='block_1_53' title="bbox 422 4204 2061 4278">
    <p class='ocr_par' dir='ltr' id='par_1_53' title="bbox 422 4204 2061 4278">
     <span class='ocr_line' id='line_1_53' title="bbox 422 4204 2061 4278; baseline -0.001 -17"><span class='ocrx_word' id='word_1_350' title='bbox 422 4223 537 4278; x_wconf 90' lang='lat' dir='ltr'>que</span> <span class='ocrx_word' id='word_1_351' title='bbox 569 4206 725 4261; x_wconf 89' lang='lat' dir='ltr'>latus</span> <span class='ocrx_word' id='word_1_352' title='bbox 756 4212 955 4260; x_wconf 91' lang='lat' dir='ltr'>autem</span> <span class='ocrx_word' id='word_1_353' title='bbox 1013 4205 1159 4259; x_wconf 89' lang='lat' dir='ltr'>aciei</span> <span class='ocrx_word' id='word_1_354' title='bbox 1219 4204 1479 4259; x_wconf 90' lang='lat' dir='ltr'>mediam</span> <span class='ocrx_word' id='word_1_355' title='bbox 1528 4204 1681 4258; x_wconf 89' lang='lat' dir='ltr'>viam</span> <span class='ocrx_word' id='word_1_356' title='bbox 1737 4204 2061 4260; x_wconf 87' lang='lat' dir='ltr'>obtinentis</span> 
     </span>
    </p>
   </div>
   <div class='ocr_carea' id='block_1_54' title="bbox 405 4295 2061 4369">
    <p class='ocr_par' dir='ltr' id='par_1_54' title="bbox 405 4295 2061 4369">
     <span class='ocr_line' id='line_1_54' title="bbox 405 4295 2061 4369; baseline -0.001 -16"><span class='ocrx_word' id='word_1_357' title='bbox 405 4297 772 4369; x_wconf 88' lang='lat' dir='ltr'>jaculatores</span> <span class='ocrx_word' id='word_1_358' title='bbox 803 4296 1141 4368; x_wconf 89' lang='lat' dir='ltr'>disponere,</span> <span class='ocrx_word' id='word_1_359' title='bbox 1175 4295 1502 4365; x_wconf 88' lang='lat' dir='ltr'>leviterque</span> <span class='ocrx_word' id='word_1_360' title='bbox 1532 4300 1791 4350; x_wconf 88' lang='lat' dir='ltr'>armatos</span> <span class='ocrx_word' id='word_1_361' title='bbox 1821 4312 1888 4350; x_wconf 88' lang='lat' dir='ltr'>ac</span> <span class='ocrx_word' id='word_1_362' title='bbox 1923 4295 2061 4351; x_wconf 86' lang='lat' dir='ltr'>fun-</span> 
     </span>
    </p>
   </div>
   <div class='ocr_carea' id='block_1_55' title="bbox 414 4383 2063 4453">
    <p class='ocr_par' dir='ltr' id='par_1_55' title="bbox 414 4383 2063 4453">
     <span class='ocr_line' id='line_1_55' title="bbox 414 4383 2063 4453; baseline -0.002 -10"><span class='ocrx_word' id='word_1_363' title='bbox 414 4386 830 4453; x_wconf 84' lang='lat' dir='ltr'>ditores.Quod</span> <span class='ocrx_word' id='word_1_364' title='bbox 865 4386 912 4441; x_wconf 92' lang='lat' dir='ltr'>si</span> <span class='ocrx_word' id='word_1_365' title='bbox 944 4386 1061 4441; x_wconf 90' lang='lat' dir='ltr'>alia</span> <span class='ocrx_word' id='word_1_366' title='bbox 1087 4384 1303 4440; x_wconf 89' lang='lat' dir='ltr'>itinera</span> <span class='ocrx_word' id='word_1_367' title='bbox 1333 4383 1614 4439; x_wconf 89' lang='lat' dir='ltr'>dicuntur</span> <span class='ocrx_word' id='word_1_368' title='bbox 1643 4401 1770 4440; x_wconf 89' lang='lat' dir='ltr'>esse</span> <span class='ocrx_word' id='word_1_369' title='bbox 1793 4400 1826 4439; x_wconf 87' lang='lat' dir='ltr'>a</span> <span class='ocrx_word' id='word_1_370' title='bbox 1855 4385 2063 4440; x_wconf 87' lang='lat' dir='ltr'>dextra</span> 
     </span>
    </p>
   </div>
   <div class='ocr_carea' id='block_1_56' title="bbox 2177 1429 3826 1507">
    <p class='ocr_par' dir='ltr' id='par_1_56' title="bbox 2177 1429 3826 1507">
     <span class='ocr_line' id='line_1_56' title="bbox 2177 1429 3826 1507; baseline 0 -21"><span class='ocrx_word' id='word_1_371' title='bbox 2177 1431 2263 1499; x_wconf 88' lang='grc' dir='ltr'>[Ρ.</span> <span class='ocrx_word' id='word_1_372' title='bbox 2299 1433 2423 1504; x_wconf 86' lang='grc'>122]</span> <span class='ocrx_word' id='word_1_373' title='bbox 2459 1434 2624 1489; x_wconf 85' lang='grc' dir='ltr'>ΚΕΦ.</span> <span class='ocrx_word' id='word_1_374' title='bbox 2656 1435 2726 1487; x_wconf 89' lang='grc' dir='ltr'>Γ’.</span> <span class='ocrx_word' id='word_1_375' title='bbox 2768 1433 2902 1507; x_wconf 85' lang='grc' dir='ltr'>Ηερί</span> <span class='ocrx_word' id='word_1_376' title='bbox 2960 1434 3228 1507; x_wconf 75' lang='grc' dir='ltr'>κινήσεως</span> <span class='ocrx_word' id='word_1_377' title='bbox 3283 1429 3520 1507; x_wconf 80' lang='grc' dir='ltr'>ἐχθρῶν,</span> <span class='ocrx_word' id='word_1_378' title='bbox 3585 1431 3671 1486; x_wconf 80' lang='grc' dir='ltr'>καὶ</span> <span class='ocrx_word' id='word_1_379' title='bbox 3726 1435 3826 1487; x_wconf 90' lang='grc' dir='ltr'>τοῦ</span> 
     </span>
    </p>
   </div>
   <div class='ocr_carea' id='block_1_57' title="bbox 2496 1453 3502 1582">
    <p class='ocr_par' dir='ltr' id='par_1_57' title="bbox 2496 1453 3502 1582">
     <span class='ocr_line' id='line_1_57' title="bbox 2496 1453 3496 1507; baseline -0.003 -19"><span class='ocrx_word' id='word_1_380' title='bbox 2496 1453 2624 1489; x_wconf 56' lang='grc' dir='ltr'>ιφ.</span> <span class='ocrx_word' id='word_1_381' title='bbox 2657 1453 2726 1487; x_wconf 74' lang='grc' dir='ltr'>ι’.</span> <span class='ocrx_word' id='word_1_382' title='bbox 2768 1453 2846 1489; x_wconf 77' lang='lat' dir='ltr'>ne</span> <span class='ocrx_word' id='word_1_383' title='bbox 2889 1455 2902 1486; x_wconf 84' lang='lat' dir='ltr'>t</span> <span class='ocrx_word' id='word_1_384' title='bbox 2960 1453 3228 1503; x_wconf 80' lang='grc' dir='ltr'>κινήσεως</span> <span class='ocrx_word' id='word_1_385' title='bbox 3283 1453 3496 1507; x_wconf 82' lang='grc' dir='ltr'>εχυρων</span> 
     </span>
     <span class='ocr_line' id='line_1_58' title="bbox 2496 1453 3502 1582; baseline 0.001 -23"><span class='ocrx_word' id='word_1_386' title='bbox 2496 1453 3001 1580; x_wconf 55' lang='grc' dir='ltr'>προκατασχεὲἦναι</span> <span class='ocrx_word' id='word_1_387' title='bbox 3039 1506 3135 1566; x_wconf 76' lang='grc' dir='ltr'>τὰς</span> <span class='ocrx_word' id='word_1_388' title='bbox 3167 1501 3502 1582; x_wconf 84' lang='grc' dir='ltr'>δυσχωρίας.</span> 
     </span>
    </p>
   </div>
   <div class='ocr_carea' id='block_1_58' title="bbox 2244 1607 3822 1688">
    <p class='ocr_par' dir='ltr' id='par_1_58' title="bbox 2244 1607 3822 1688">
     <span class='ocr_line' id='line_1_59' title="bbox 2244 1607 3822 1688; baseline -0.001 -21"><span class='ocrx_word' id='word_1_389' title='bbox 2244 1607 2766 1685; x_wconf 86' lang='grc' dir='ltr'>Ἀναδιδασκόμενος</span> <span class='ocrx_word' id='word_1_390' title='bbox 2799 1609 2909 1667; x_wconf 79' lang='grc' dir='ltr'>δὶὸ</span> <span class='ocrx_word' id='word_1_391' title='bbox 2951 1611 3252 1688; x_wconf 85' lang='grc' dir='ltr'>στρατηγὸς</span> <span class='ocrx_word' id='word_1_392' title='bbox 3304 1611 3400 1673; x_wconf 84' lang='grc' dir='ltr'>τὰς</span> <span class='ocrx_word' id='word_1_393' title='bbox 3446 1615 3554 1665; x_wconf 90' lang='grc' dir='ltr'>τῶν</span> <span class='ocrx_word' id='word_1_394' title='bbox 3608 1608 3822 1686; x_wconf 77' lang='grc' dir='ltr'>ἐχθρῶν</span> 
     </span>
    </p>
   </div>
   <div class='ocr_carea' id='block_1_59' title="bbox 2175 1697 3826 1780">
    <p class='ocr_par' dir='ltr' id='par_1_59' title="bbox 2175 1697 3826 1780">
     <span class='ocr_line' id='line_1_60' title="bbox 2175 1697 3826 1780; baseline 0.002 -27"><span class='ocrx_word' id='word_1_395' title='bbox 2175 1701 2440 1771; x_wconf 76' lang='grc' dir='ltr'>κινήσεις,</span> <span class='ocrx_word' id='word_1_396' title='bbox 2473 1699 2680 1780; x_wconf 79' lang='grc' dir='ltr'>ὀφείλει</span> <span class='ocrx_word' id='word_1_397' title='bbox 2712 1701 2802 1757; x_wconf 82' lang='grc' dir='ltr'>καὶ</span> <span class='ocrx_word' id='word_1_398' title='bbox 2860 1700 3019 1763; x_wconf 73' lang='grc' dir='ltr'>αὐτὸς</span> <span class='ocrx_word' id='word_1_399' title='bbox 3065 1701 3157 1756; x_wconf 86' lang='grc' dir='ltr'>τὸν</span> <span class='ocrx_word' id='word_1_400' title='bbox 3218 1698 3357 1756; x_wconf 74' lang='grc' dir='ltr'>ἴδιον</span> <span class='ocrx_word' id='word_1_401' title='bbox 3413 1699 3545 1756; x_wconf 84' lang='grc' dir='ltr'>λαὸν</span> <span class='ocrx_word' id='word_1_402' title='bbox 3605 1697 3826 1756; x_wconf 78' lang='grc' dir='ltr'>ἐπισυν-</span> 
     </span>
    </p>
   </div>
   <div class='ocr_carea' id='block_1_60' title="bbox 2172 1788 3821 1867">
    <p class='ocr_par' dir='ltr' id='par_1_60' title="bbox 2172 1788 3821 1867">
     <span class='ocr_line' id='line_1_61' title="bbox 2172 1788 3821 1867; baseline 0.001 -25"><span class='ocrx_word' id='word_1_403' title='bbox 2172 1788 2320 1866; x_wconf 89' lang='grc' dir='ltr'>άγειν</span> <span class='ocrx_word' id='word_1_404' title='bbox 2353 1790 2442 1845; x_wconf 84' lang='grc' dir='ltr'>καὶ</span> <span class='ocrx_word' id='word_1_405' title='bbox 2475 1789 2802 1863; x_wconf 79' lang='grc' dir='ltr'>ἐξοπλίζειν,</span> <span class='ocrx_word' id='word_1_406' title='bbox 2834 1791 2924 1846; x_wconf 82' lang='grc' dir='ltr'>καὶ</span> <span class='ocrx_word' id='word_1_407' title='bbox 2949 1791 3085 1867; x_wconf 84' lang='grc' dir='ltr'>πρὸς</span> <span class='ocrx_word' id='word_1_408' title='bbox 3141 1792 3238 1854; x_wconf 78' lang='grc' dir='ltr'>τὰς</span> <span class='ocrx_word' id='word_1_409' title='bbox 3297 1790 3462 1866; x_wconf 83' lang='grc' dir='ltr'>ἄκρας</span> <span class='ocrx_word' id='word_1_410' title='bbox 3521 1791 3821 1866; x_wconf 83' lang='grc' dir='ltr'>παραγίνέ-</span> 
     </span>
    </p>
   </div>
   <div class='ocr_carea' id='block_1_61' title="bbox 2169 1877 3823 1957">
    <p class='ocr_par' dir='ltr' id='par_1_61' title="bbox 2169 1877 3823 1957">
     <span class='ocr_line' id='line_1_62' title="bbox 2169 1877 3823 1957; baseline 0.001 -25"><span class='ocrx_word' id='word_1_411' title='bbox 2169 1881 2310 1949; x_wconf 85' lang='grc' dir='ltr'>σθαι,</span> <span class='ocrx_word' id='word_1_412' title='bbox 2371 1879 2463 1935; x_wconf 83' lang='grc' dir='ltr'>καὶ</span> <span class='ocrx_word' id='word_1_413' title='bbox 2516 1883 2579 1936; x_wconf 84' lang='grc' dir='ltr'>τὸ</span> <span class='ocrx_word' id='word_1_414' title='bbox 2634 1881 2856 1951; x_wconf 83' lang='grc' dir='ltr'>πεζικὸν</span> <span class='ocrx_word' id='word_1_415' title='bbox 2943 1883 3078 1936; x_wconf 81' lang='grc' dir='ltr'>ἅπαν</span> <span class='ocrx_word' id='word_1_416' title='bbox 3146 1879 3487 1957; x_wconf 80' lang='grc' dir='ltr'>έπισυνάγειν</span> <span class='ocrx_word' id='word_1_417' title='bbox 3577 1877 3666 1934; x_wconf 80' lang='grc' dir='ltr'>ἐπὶ</span> <span class='ocrx_word' id='word_1_418' title='bbox 3721 1880 3823 1948; x_wconf 80' lang='grc' dir='ltr'>τήν</span> 
     </span>
    </p>
   </div>
   <div class='ocr_carea' id='block_1_62' title="bbox 2169 1966 3822 2044">
    <p class='ocr_par' dir='ltr' id='par_1_62' title="bbox 2169 1966 3822 2044">
     <span class='ocr_line' id='line_1_63' title="bbox 2169 1966 3822 2044; baseline 0.001 -21"><span class='ocrx_word' id='word_1_419' title='bbox 2169 1966 2314 2029; x_wconf 82' lang='grc' dir='ltr'>ὁδὸν.</span> <span class='ocrx_word' id='word_1_420' title='bbox 2350 1971 2468 2024; x_wconf 80' lang='grc' dir='ltr'>καθ’</span> <span class='ocrx_word' id='word_1_421' title='bbox 2493 1971 2559 2040; x_wconf 73' lang='grc' dir='ltr'>ἧν</span> <span class='ocrx_word' id='word_1_422' title='bbox 2594 1969 2933 2044; x_wconf 83' lang='grc' dir='ltr'>ὀρμήσουσιν</span> <span class='ocrx_word' id='word_1_423' title='bbox 2993 1971 3045 2026; x_wconf 77' lang='grc' dir='ltr'>οἱ</span> <span class='ocrx_word' id='word_1_424' title='bbox 3105 1969 3370 2044; x_wconf 85' lang='grc' dir='ltr'>πολέμιοι</span> <span class='ocrx_word' id='word_1_425' title='bbox 3429 1969 3682 2038; x_wconf 82' lang='grc' dir='ltr'>ἐξελθεῖν.</span> <span class='ocrx_word' id='word_1_426' title='bbox 3718 1970 3822 2026; x_wconf 86' lang='grc' dir='ltr'>Καὶ</span> 
     </span>
    </p>
   </div>
   <div class='ocr_carea' id='block_1_63' title="bbox 2168 2057 3820 2137">
    <p class='ocr_par' dir='ltr' id='par_1_63' title="bbox 2168 2057 3820 2137">
     <span class='ocr_line' id='line_1_64' title="bbox 2168 2057 3820 2137; baseline 0 -25"><span class='ocrx_word' id='word_1_427' title='bbox 2168 2059 2213 2113; x_wconf 84' lang='grc' dir='ltr'>εἷ</span> <span class='ocrx_word' id='word_1_428' title='bbox 2275 2059 2368 2132; x_wconf 72' lang='grc' dir='ltr'>μὲν</span> <span class='ocrx_word' id='word_1_429' title='bbox 2421 2063 2533 2133; x_wconf 89' lang='grc' dir='ltr'>μετ’</span> <span class='ocrx_word' id='word_1_430' title='bbox 2595 2059 2798 2137; x_wconf 74' lang='grc' dir='ltr'>ὀλίγης</span> <span class='ocrx_word' id='word_1_431' title='bbox 2858 2057 3138 2132; x_wconf 83' lang='grc' dir='ltr'>δυνάμεως</span> <span class='ocrx_word' id='word_1_432' title='bbox 3192 2058 3323 2136; x_wconf 80' lang='grc' dir='ltr'>τοὺς</span> <span class='ocrx_word' id='word_1_433' title='bbox 3381 2057 3616 2134; x_wconf 76' lang='grc' dir='ltr'>ἐχθροὺς</span> <span class='ocrx_word' id='word_1_434' title='bbox 3673 2057 3820 2132; x_wconf 79' lang='grc' dir='ltr'>ἐξέρ-</span> 
     </span>
    </p>
   </div>
   <div class='ocr_carea' id='block_1_64' title="bbox 2169 2146 3815 2226">
    <p class='ocr_par' dir='ltr' id='par_1_64' title="bbox 2169 2146 3815 2226">
     <span class='ocr_line' id='line_1_65' title="bbox 2169 2146 3815 2226; baseline -0.001 -22"><span class='ocrx_word' id='word_1_435' title='bbox 2169 2161 2359 2224; x_wconf 88' lang='grc' dir='ltr'>χεσθαι</span> <span class='ocrx_word' id='word_1_436' title='bbox 2445 2151 2716 2226; x_wconf 76' lang='grc' dir='ltr'>ἀναμάθῃ,</span> <span class='ocrx_word' id='word_1_437' title='bbox 2790 2149 3068 2205; x_wconf 89' lang='grc' dir='ltr'>σπευσάτω</span> <span class='ocrx_word' id='word_1_438' title='bbox 3159 2156 3609 2222; x_wconf 78' lang='grc' dir='ltr'>προσυπαντῆσαι</span> <span class='ocrx_word' id='word_1_439' title='bbox 3720 2146 3815 2202; x_wconf 81' lang='grc' dir='ltr'>αὗ-</span> 
     </span>
    </p>
   </div>
   <div class='ocr_carea' id='block_1_65' title="bbox 2166 2235 3816 2314">
    <p class='ocr_par' dir='ltr' id='par_1_65' title="bbox 2166 2235 3816 2314">
     <span class='ocr_line' id='line_1_66' title="bbox 2166 2235 3816 2314; baseline -0.001 -22"><span class='ocrx_word' id='word_1_440' title='bbox 2166 2243 2306 2307; x_wconf 84' lang='grc' dir='ltr'>τοῖς,</span> <span class='ocrx_word' id='word_1_441' title='bbox 2366 2239 2455 2295; x_wconf 71' lang='grc' dir='ltr'>καὶ</span> <span class='ocrx_word' id='word_1_442' title='bbox 2514 2239 2971 2314; x_wconf 83' lang='grc' dir='ltr'>καταπολεμῆσαι</span> <span class='ocrx_word' id='word_1_443' title='bbox 3031 2238 3166 2313; x_wconf 85' lang='grc' dir='ltr'>μετά</span> <span class='ocrx_word' id='word_1_444' title='bbox 3239 2239 3337 2294; x_wconf 86' lang='grc' dir='ltr'>τοῦ</span> <span class='ocrx_word' id='word_1_445' title='bbox 3395 2241 3619 2309; x_wconf 79' lang='grc' dir='ltr'>πεζικοῦ</span> <span class='ocrx_word' id='word_1_446' title='bbox 3677 2235 3816 2293; x_wconf 89' lang='grc' dir='ltr'>λαοῦ</span> 
     </span>
    </p>
   </div>
   <div class='ocr_carea' id='block_1_66' title="bbox 2166 2327 3810 2405">
    <p class='ocr_par' dir='ltr' id='par_1_66' title="bbox 2166 2327 3810 2405">
     <span class='ocr_line' id='line_1_67' title="bbox 2166 2327 3810 2405; baseline -0.001 -22"><span class='ocrx_word' id='word_1_447' title='bbox 2166 2327 2259 2383; x_wconf 85' lang='grc' dir='ltr'>καὶ</span> <span class='ocrx_word' id='word_1_448' title='bbox 2315 2333 2424 2384; x_wconf 90' lang='grc' dir='ltr'>τῶν</span> <span class='ocrx_word' id='word_1_449' title='bbox 2475 2330 2704 2398; x_wconf 76' lang='grc' dir='ltr'>ἱππέων,</span> <span class='ocrx_word' id='word_1_450' title='bbox 2755 2329 2807 2384; x_wconf 78' lang='grc' dir='ltr'>εἶ’</span> <span class='ocrx_word' id='word_1_451' title='bbox 2858 2350 2922 2405; x_wconf 88' lang='grc' dir='ltr'>γε</span> <span class='ocrx_word' id='word_1_452' title='bbox 2972 2329 3033 2384; x_wconf 84' lang='grc' dir='ltr'>τὸ</span> <span class='ocrx_word' id='word_1_453' title='bbox 3087 2333 3195 2384; x_wconf 92' lang='grc' dir='ltr'>τῶν</span> <span class='ocrx_word' id='word_1_454' title='bbox 3265 2333 3443 2398; x_wconf 85' lang='grc' dir='ltr'>πεζῶν</span> <span class='ocrx_word' id='word_1_455' title='bbox 3502 2328 3810 2401; x_wconf 84' lang='grc' dir='ltr'>στράτευμα</span> 
     </span>
    </p>
   </div>
   <div class='ocr_carea' id='block_1_67' title="bbox 2169 2414 3814 2495">
    <p class='ocr_par' dir='ltr' id='par_1_67' title="bbox 2169 2414 3814 2495">
     <span class='ocr_line' id='line_1_68' title="bbox 2169 2414 3814 2495; baseline -0.001 -24"><span class='ocrx_word' id='word_1_456' title='bbox 2169 2424 2487 2495; x_wconf 80' lang='grc' dir='ltr'>συναγαγεῖν</span> <span class='ocrx_word' id='word_1_457' title='bbox 2549 2418 2637 2473; x_wconf 81' lang='grc' dir='ltr'>καὶ</span> <span class='ocrx_word' id='word_1_458' title='bbox 2697 2419 2954 2486; x_wconf 77' lang='grc' dir='ltr'>συστῆσαι</span> <span class='ocrx_word' id='word_1_459' title='bbox 3017 2414 3325 2488; x_wconf 88' lang='grc' dir='ltr'>δεδύνηται.</span> <span class='ocrx_word' id='word_1_460' title='bbox 3387 2415 3488 2471; x_wconf 82' lang='grc' dir='ltr'>Καὶ</span> <span class='ocrx_word' id='word_1_461' title='bbox 3562 2415 3676 2471; x_wconf 81' lang='grc' dir='ltr'>ἐπεὶ</span> <span class='ocrx_word' id='word_1_462' title='bbox 3735 2415 3814 2478; x_wconf 68' lang='grc' dir='ltr'>εἷς</span> 
     </span>
    </p>
   </div>
   <div class='ocr_carea' id='block_1_68' title="bbox 2165 2501 3813 2584">
    <p class='ocr_par' dir='ltr' id='par_1_68' title="bbox 2165 2501 3813 2584">
     <span class='ocr_line' id='line_1_69' title="bbox 2165 2501 3813 2584; baseline -0.001 -24"><span class='ocrx_word' id='word_1_463' title='bbox 2165 2505 2234 2561; x_wconf 81' lang='grc' dir='ltr'>τὰ</span> <span class='ocrx_word' id='word_1_464' title='bbox 2288 2508 2608 2580; x_wconf 87' lang='grc' dir='ltr'>στενώματα</span> <span class='ocrx_word' id='word_1_465' title='bbox 2678 2506 2770 2562; x_wconf 74' lang='grc' dir='ltr'>καὶ</span> <span class='ocrx_word' id='word_1_466' title='bbox 2826 2507 2923 2568; x_wconf 73' lang='grc' dir='ltr'>τὰς</span> <span class='ocrx_word' id='word_1_467' title='bbox 3003 2504 3316 2584; x_wconf 85' lang='grc' dir='ltr'>δυσχωρίας</span> <span class='ocrx_word' id='word_1_468' title='bbox 3375 2501 3813 2578; x_wconf 83' lang='grc' dir='ltr'>ἐπιτηδειότερός</span> 
     </span>
    </p>
   </div>
   <div class='ocr_carea' id='block_1_69' title="bbox 2167 2591 3818 2669">
    <p class='ocr_par' dir='ltr' id='par_1_69' title="bbox 2167 2591 3818 2669">
     <span class='ocr_line' id='line_1_70' title="bbox 2167 2591 3818 2669; baseline -0.004 -15"><span class='ocrx_word' id='word_1_469' title='bbox 2167 2597 2310 2654; x_wconf 77' lang='grc' dir='ltr'>ἐστιν</span> <span class='ocrx_word' id='word_1_470' title='bbox 2383 2597 2412 2651; x_wconf 81' lang='grc' dir='ltr'><strong>ὁ</strong></span> <span class='ocrx_word' id='word_1_471' title='bbox 2499 2595 2633 2669; x_wconf 80' lang='grc' dir='ltr'>μετὰ</span> <span class='ocrx_word' id='word_1_472' title='bbox 2713 2599 2820 2652; x_wconf 89' lang='grc' dir='ltr'>τῶν</span> <span class='ocrx_word' id='word_1_473' title='bbox 2907 2599 3085 2665; x_wconf 83' lang='grc' dir='ltr'>πεζῶν</span> <span class='ocrx_word' id='word_1_474' title='bbox 3150 2591 3418 2668; x_wconf 84' lang='grc' dir='ltr'>πόλεμος,</span> <span class='ocrx_word' id='word_1_475' title='bbox 3509 2591 3625 2649; x_wconf 86' lang='grc' dir='ltr'>δέον</span> <span class='ocrx_word' id='word_1_476' title='bbox 3705 2591 3818 2648; x_wconf 83' lang='grc' dir='ltr'>ἐστὶ</span> 
     </span>
    </p>
   </div>
   <div class='ocr_carea' id='block_1_70' title="bbox 2168 2681 3817 2763">
    <p class='ocr_par' dir='ltr' id='par_1_70' title="bbox 2168 2681 3817 2763">
     <span class='ocr_line' id='line_1_71' title="bbox 2168 2681 3817 2763; baseline -0.004 -20"><span class='ocrx_word' id='word_1_477' title='bbox 2168 2682 2723 2763; x_wconf 72' lang='grc' dir='ltr'>προκαταλαμϐάνειν</span> <span class='ocrx_word' id='word_1_478' title='bbox 2757 2687 2846 2742; x_wconf 72' lang='grc' dir='ltr'>καὶ</span> <span class='ocrx_word' id='word_1_479' title='bbox 2906 2687 3156 2761; x_wconf 76' lang='grc' dir='ltr'>κατέχειν</span> <span class='ocrx_word' id='word_1_480' title='bbox 3212 2685 3282 2739; x_wconf 79' lang='grc' dir='ltr'>τὰ</span> <span class='ocrx_word' id='word_1_481' title='bbox 3339 2681 3656 2759; x_wconf 61' lang='grc' dir='ltr'>ὑψηλότερα</span> <span class='ocrx_word' id='word_1_482' title='bbox 3709 2687 3817 2738; x_wconf 88' lang='grc' dir='ltr'>τῶν</span> 
     </span>
    </p>
   </div>
   <div class='ocr_carea' id='block_1_71' title="bbox 2169 2772 3816 2854">
    <p class='ocr_par' dir='ltr' id='par_1_71' title="bbox 2169 2772 3816 2854">
     <span class='ocr_line' id='line_1_72' title="bbox 2169 2772 3816 2854; baseline -0.004 -22"><span class='ocrx_word' id='word_1_483' title='bbox 2169 2779 2311 2851; x_wconf 83' lang='grc' dir='ltr'>ὁρῶν</span> <span class='ocrx_word' id='word_1_484' title='bbox 2347 2779 2463 2850; x_wconf 85' lang='grc' dir='ltr'>μετ’</span> <span class='ocrx_word' id='word_1_485' title='bbox 2514 2775 2712 2845; x_wconf 84' lang='grc' dir='ltr'>αὐτῶν,</span> <span class='ocrx_word' id='word_1_486' title='bbox 2743 2777 2833 2831; x_wconf 86' lang='grc' dir='ltr'>καὶ</span> <span class='ocrx_word' id='word_1_487' title='bbox 2890 2775 2942 2847; x_wconf 77' lang='grc' dir='ltr'>ἐξ</span> <span class='ocrx_word' id='word_1_488' title='bbox 3003 2772 3326 2854; x_wconf 79' lang='grc' dir='ltr'>ἀμφοτέρων</span> <span class='ocrx_word' id='word_1_489' title='bbox 3400 2777 3602 2847; x_wconf 83' lang='grc' dir='ltr'>μερῶν,</span> <span class='ocrx_word' id='word_1_490' title='bbox 3664 2772 3816 2848; x_wconf 79' lang='grc' dir='ltr'>εἷ’περ</span> 
     </span>
    </p>
   </div>
   <div class='ocr_carea' id='block_1_72' title="bbox 2167 2861 3816 2937">
    <p class='ocr_par' dir='ltr' id='par_1_72' title="bbox 2167 2861 3816 2937">
     <span class='ocr_line' id='line_1_73' title="bbox 2167 2861 3816 2937; baseline -0.003 -16"><span class='ocrx_word' id='word_1_491' title='bbox 2167 2870 2202 2937; x_wconf 81' lang='grc' dir='ltr'>ἦ</span> <span class='ocrx_word' id='word_1_492' title='bbox 2271 2865 2415 2930; x_wconf 87' lang='grc' dir='ltr'>θέσις</span> <span class='ocrx_word' id='word_1_493' title='bbox 2469 2869 2566 2921; x_wconf 84' lang='grc' dir='ltr'>τοῦ</span> <span class='ocrx_word' id='word_1_494' title='bbox 2621 2867 2793 2920; x_wconf 85' lang='grc' dir='ltr'>τόπου</span> <span class='ocrx_word' id='word_1_495' title='bbox 2853 2865 2994 2920; x_wconf 84' lang='grc' dir='ltr'>έστὶν</span> <span class='ocrx_word' id='word_1_496' title='bbox 3053 2861 3380 2935; x_wconf 80' lang='grc' dir='ltr'>ἐπιτήδειος,</span> <span class='ocrx_word' id='word_1_497' title='bbox 3438 2864 3534 2923; x_wconf 81' lang='grc' dir='ltr'>τὰς</span> <span class='ocrx_word' id='word_1_498' title='bbox 3593 2863 3816 2931; x_wconf 75' lang='grc' dir='ltr'>πεζικὰς</span> 
     </span>
    </p>
   </div>
   <div class='ocr_carea' id='block_1_73' title="bbox 2171 2951 3803 3031">
    <p class='ocr_par' dir='ltr' id='par_1_73' title="bbox 2171 2951 3803 3031">
     <span class='ocr_line' id='line_1_74' title="bbox 2171 2951 3803 3031; baseline -0.003 -21"><span class='ocrx_word' id='word_1_499' title='bbox 2171 2953 2378 3026; x_wconf 80' lang='grc' dir='ltr'>διιστᾷν</span> <span class='ocrx_word' id='word_1_500' title='bbox 2411 2955 2754 3031; x_wconf 80' lang='grc' dir='ltr'>παρατάξεις.</span> <span class='ocrx_word' id='word_1_501' title='bbox 2791 2957 2877 3012; x_wconf 91' lang='grc' dir='ltr'>Ἐν</span> <span class='ocrx_word' id='word_1_502' title='bbox 2915 2957 3002 3017; x_wconf 81' lang='grc' dir='ltr'>οἷς</span> <span class='ocrx_word' id='word_1_503' title='bbox 3065 2951 3120 3008; x_wconf 76' lang='grc' dir='ltr'>δὲ</span> <span class='ocrx_word' id='word_1_504' title='bbox 3177 2951 3390 3008; x_wconf 70' lang='grc' dir='ltr'>ἱππέων</span> <span class='ocrx_word' id='word_1_505' title='bbox 3438 2953 3667 3026; x_wconf 83' lang='grc' dir='ltr'>ἁρμόζει</span> <span class='ocrx_word' id='word_1_506' title='bbox 3698 2951 3803 3005; x_wconf 84' lang='grc' dir='ltr'>πό-</span> 
     </span>
    </p>
   </div>
   <div class='ocr_carea' id='block_1_74' title="bbox 2173 3037 3817 3121">
    <p class='ocr_par' dir='ltr' id='par_1_74' title="bbox 2173 3037 3817 3121">
     <span class='ocr_line' id='line_1_75' title="bbox 2173 3037 3817 3121; baseline -0.002 -22"><span class='ocrx_word' id='word_1_507' title='bbox 2173 3043 2342 3119; x_wconf 89' lang='grc' dir='ltr'>λεμον</span> <span class='ocrx_word' id='word_1_508' title='bbox 2373 3045 2637 3121; x_wconf 76' lang='grc' dir='ltr'>γίνεσθαι,</span> <span class='ocrx_word' id='word_1_509' title='bbox 2670 3047 3045 3104; x_wconf 85' lang='grc' dir='ltr'>συνεῖναιτοῖς</span> <span class='ocrx_word' id='word_1_510' title='bbox 3101 3046 3288 3112; x_wconf 83' lang='grc' dir='ltr'>πεζοῖς</span> <span class='ocrx_word' id='word_1_511' title='bbox 3343 3040 3434 3096; x_wconf 86' lang='grc' dir='ltr'>καὶ</span> <span class='ocrx_word' id='word_1_512' title='bbox 3491 3041 3696 3102; x_wconf 77' lang='grc' dir='ltr'>ἱππεῖς·</span> <span class='ocrx_word' id='word_1_513' title='bbox 3723 3037 3817 3095; x_wconf 59' lang='grc' dir='ltr'>τίνα</span> 
     </span>
    </p>
   </div>
   <div class='ocr_carea' id='block_1_75' title="bbox 2169 3131 3818 3207">
    <p class='ocr_par' dir='ltr' id='par_1_75' title="bbox 2169 3131 3818 3207">
     <span class='ocr_line' id='line_1_76' title="bbox 2169 3131 3818 3207; baseline -0.002 -18"><span class='ocrx_word' id='word_1_514' title='bbox 2169 3135 2268 3203; x_wconf 75' lang='grc' dir='ltr'>τὴν</span> <span class='ocrx_word' id='word_1_515' title='bbox 2302 3133 2566 3204; x_wconf 82' lang='grc' dir='ltr'>τοιαύτην</span> <span class='ocrx_word' id='word_1_516' title='bbox 2609 3135 2951 3207; x_wconf 77' lang='grc' dir='ltr'>παρασκευὴν</span> <span class='ocrx_word' id='word_1_517' title='bbox 3009 3131 3100 3187; x_wconf 87' lang='grc' dir='ltr'>καὶ</span> <span class='ocrx_word' id='word_1_518' title='bbox 3148 3131 3470 3206; x_wconf 82' lang='grc' dir='ltr'>κατάσχεσιν</span> <span class='ocrx_word' id='word_1_519' title='bbox 3529 3135 3636 3185; x_wconf 91' lang='grc' dir='ltr'>τῶν</span> <span class='ocrx_word' id='word_1_520' title='bbox 3697 3151 3818 3185; x_wconf 79' lang='grc' dir='ltr'>στε-</span> 
     </span>
    </p>
   </div>
   <div class='ocr_carea' id='block_1_76' title="bbox 2169 3217 3821 3297">
    <p class='ocr_par' dir='ltr' id='par_1_76' title="bbox 2169 3217 3821 3297">
     <span class='ocr_line' id='line_1_77' title="bbox 2169 3217 3821 3297; baseline -0.002 -20"><span class='ocrx_word' id='word_1_521' title='bbox 2169 3224 2438 3297; x_wconf 86' lang='grc' dir='ltr'>νωμάτων</span> <span class='ocrx_word' id='word_1_522' title='bbox 2470 3222 2755 3285; x_wconf 85' lang='grc' dir='ltr'>ἀκούοντες</span> <span class='ocrx_word' id='word_1_523' title='bbox 2787 3223 2838 3278; x_wconf 80' lang='grc' dir='ltr'>οἱ</span> <span class='ocrx_word' id='word_1_524' title='bbox 2867 3220 3154 3294; x_wconf 75' lang='grc' dir='ltr'>πολέμιοί,</span> <span class='ocrx_word' id='word_1_525' title='bbox 3214 3220 3248 3290; x_wconf 73' lang='grc' dir='ltr'>ἢ</span> <span class='ocrx_word' id='word_1_526' title='bbox 3299 3223 3399 3286; x_wconf 82' lang='grc' dir='ltr'>τῆς</span> <span class='ocrx_word' id='word_1_527' title='bbox 3461 3220 3640 3295; x_wconf 79' lang='grc' dir='ltr'>ὁρμῆς</span> <span class='ocrx_word' id='word_1_528' title='bbox 3697 3217 3821 3274; x_wconf 80' lang='grc' dir='ltr'>ἔπι-</span> 
     </span>
    </p>
   </div>
   <div class='ocr_carea' id='block_1_77' title="bbox 2171 3310 3819 3393">
    <p class='ocr_par' dir='ltr' id='par_1_77' title="bbox 2171 3310 3819 3393">
     <span class='ocr_line' id='line_1_78' title="bbox 2171 3310 3819 3393; baseline 0 -24"><span class='ocrx_word' id='word_1_529' title='bbox 2171 3318 2348 3393; x_wconf 81' lang='grc' dir='ltr'>σχῶσι</span> <span class='ocrx_word' id='word_1_530' title='bbox 2377 3315 2480 3383; x_wconf 76' lang='grc' dir='ltr'>τήν</span> <span class='ocrx_word' id='word_1_531' title='bbox 2512 3314 2703 3392; x_wconf 80' lang='grc' dir='ltr'>φορὰν,</span> <span class='ocrx_word' id='word_1_532' title='bbox 2757 3314 2792 3383; x_wconf 77' lang='grc' dir='ltr'><strong>ἢ</strong></span> <span class='ocrx_word' id='word_1_533' title='bbox 2851 3313 3299 3390; x_wconf 90' lang='grc' dir='ltr'>καταγωνισθῶσι</span> <span class='ocrx_word' id='word_1_534' title='bbox 3357 3314 3492 3367; x_wconf 86' lang='grc' dir='ltr'>Θεοῦ</span> <span class='ocrx_word' id='word_1_535' title='bbox 3544 3310 3819 3388; x_wconf 82' lang='grc' dir='ltr'>συνεργίᾳ.</span> 
     </span>
    </p>
   </div>
   <div class='ocr_carea' id='block_1_78' title="bbox 2169 3395 3816 3477">
    <p class='ocr_par' dir='ltr' id='par_1_78' title="bbox 2169 3395 3816 3477">
     <span class='ocr_line' id='line_1_79' title="bbox 2169 3395 3816 3477; baseline -0.005 -20"><span class='ocrx_word' id='word_1_536' title='bbox 2169 3401 2346 3457; x_wconf 88' lang='grc' dir='ltr'>Ὃπου</span> <span class='ocrx_word' id='word_1_537' title='bbox 2379 3397 2435 3454; x_wconf 77' lang='grc' dir='ltr'>δὲ</span> <span class='ocrx_word' id='word_1_538' title='bbox 2466 3399 2567 3455; x_wconf 81' lang='grc' dir='ltr'>οὐκ</span> <span class='ocrx_word' id='word_1_539' title='bbox 2596 3399 2647 3470; x_wconf 79' lang='grc' dir='ltr'>ἐξ</span> <span class='ocrx_word' id='word_1_540' title='bbox 2676 3397 2999 3477; x_wconf 76' lang='grc' dir='ltr'>ἀμφοτέρων</span> <span class='ocrx_word' id='word_1_541' title='bbox 3031 3402 3138 3452; x_wconf 89' lang='grc' dir='ltr'>τῶν</span> <span class='ocrx_word' id='word_1_542' title='bbox 3177 3400 3355 3471; x_wconf 88' lang='grc' dir='ltr'>μερῶν</span> <span class='ocrx_word' id='word_1_543' title='bbox 3387 3397 3434 3433; x_wconf 80' lang='grc'>²²</span> <span class='ocrx_word' id='word_1_544' title='bbox 3457 3398 3493 3466; x_wconf 81' lang='grc' dir='ltr'>ἠ</span> <span class='ocrx_word' id='word_1_545' title='bbox 3518 3396 3616 3451; x_wconf 88' lang='grc' dir='ltr'>τοῦ</span> <span class='ocrx_word' id='word_1_546' title='bbox 3643 3395 3816 3452; x_wconf 86' lang='grc' dir='ltr'>τόπου</span> 
     </span>
    </p>
   </div>
   <div class='ocr_carea' id='block_1_79' title="bbox 2173 3484 3815 3567">
    <p class='ocr_par' dir='ltr' id='par_1_79' title="bbox 2173 3484 3815 3567">
     <span class='ocr_line' id='line_1_80' title="bbox 2173 3484 3815 3567; baseline -0.002 -23"><span class='ocrx_word' id='word_1_547' title='bbox 2173 3492 2316 3554; x_wconf 77' lang='grc' dir='ltr'>θέσις</span> <span class='ocrx_word' id='word_1_548' title='bbox 2370 3484 2700 3567; x_wconf 77' lang='grc' dir='ltr'>προσϐαλεῖν</span> <span class='ocrx_word' id='word_1_549' title='bbox 2759 3489 3005 3562; x_wconf 84' lang='grc' dir='ltr'>πόλεμον</span> <span class='ocrx_word' id='word_1_550' title='bbox 3047 3488 3300 3564; x_wconf 85' lang='grc' dir='ltr'>ἁρμόζει,</span> <span class='ocrx_word' id='word_1_551' title='bbox 3359 3485 3484 3542; x_wconf 87' lang='grc' dir='ltr'>ἀλλ’</span> <span class='ocrx_word' id='word_1_552' title='bbox 3548 3485 3598 3557; x_wconf 78' lang='grc' dir='ltr'>ἐξ</span> <span class='ocrx_word' id='word_1_553' title='bbox 3676 3486 3815 3553; x_wconf 66' lang='grc' dir='ltr'>ἑνὸς,</span> 
     </span>
    </p>
   </div>
   <div class='ocr_carea' id='block_1_80' title="bbox 2172 3581 3818 3660">
    <p class='ocr_par' dir='ltr' id='par_1_80' title="bbox 2172 3581 3818 3660">
     <span class='ocr_line' id='line_1_81' title="bbox 2172 3581 3818 3660; baseline -0.003 -24"><span class='ocrx_word' id='word_1_554' title='bbox 2172 3581 2382 3655; x_wconf 85' lang='grc' dir='ltr'>ὁμοίως</span> <span class='ocrx_word' id='word_1_555' title='bbox 2438 3583 2653 3638; x_wconf 86' lang='grc' dir='ltr'>κάκεῖνο</span> <span class='ocrx_word' id='word_1_556' title='bbox 2711 3581 2773 3637; x_wconf 87' lang='grc' dir='ltr'>τὸ</span> <span class='ocrx_word' id='word_1_557' title='bbox 2829 3581 3074 3660; x_wconf 85' lang='grc' dir='ltr'>παρέχον</span> <span class='ocrx_word' id='word_1_558' title='bbox 3165 3581 3330 3654; x_wconf 80' lang='grc' dir='ltr'>μέρος</span> <span class='ocrx_word' id='word_1_559' title='bbox 3414 3582 3818 3656; x_wconf 82' lang='grc' dir='ltr'>προκατασχεῖν</span> 
     </span>
    </p>
   </div>
   <div class='ocr_carea' id='block_1_81' title="bbox 2171 3665 3816 3746">
    <p class='ocr_par' dir='ltr' id='par_1_81' title="bbox 2171 3665 3816 3746">
     <span class='ocr_line' id='line_1_82' title="bbox 2171 3665 3816 3746; baseline -0.004 -19"><span class='ocrx_word' id='word_1_560' title='bbox 2171 3670 2272 3729; x_wconf 88' lang='grc' dir='ltr'>δεῖ.</span> <span class='ocrx_word' id='word_1_561' title='bbox 2310 3673 2396 3727; x_wconf 87' lang='grc' dir='ltr'>Ἐν</span> <span class='ocrx_word' id='word_1_562' title='bbox 2425 3672 2502 3734; x_wconf 76' lang='grc' dir='ltr'>οἶς</span> <span class='ocrx_word' id='word_1_563' title='bbox 2537 3669 2594 3726; x_wconf 72' lang='grc' dir='ltr'>δὲ</span> <span class='ocrx_word' id='word_1_564' title='bbox 2619 3672 2720 3740; x_wconf 80' lang='grc' dir='ltr'>τὴν</span> <span class='ocrx_word' id='word_1_565' title='bbox 2745 3665 3068 3746; x_wconf 77' lang='grc' dir='ltr'>προσϐολήν</span> <span class='ocrx_word' id='word_1_566' title='bbox 3092 3673 3189 3724; x_wconf 90' lang='grc' dir='ltr'>τοῦ</span> <span class='ocrx_word' id='word_1_567' title='bbox 3217 3666 3469 3742; x_wconf 87' lang='grc' dir='ltr'>πολέμου</span> <span class='ocrx_word' id='word_1_568' title='bbox 3517 3666 3607 3746; x_wconf 75' lang='grc' dir='ltr'>ἀφ’</span> <span class='ocrx_word' id='word_1_569' title='bbox 3663 3668 3816 3740; x_wconf 77' lang='grc' dir='ltr'>ὑψη-</span> 
     </span>
    </p>
   </div>
   <div class='ocr_carea' id='block_1_82' title="bbox 2173 3752 3816 3837">
    <p class='ocr_par' dir='ltr' id='par_1_82' title="bbox 2173 3752 3816 3837">
     <span class='ocr_line' id='line_1_83' title="bbox 2173 3752 3816 3837; baseline -0.004 -21"><span class='ocrx_word' id='word_1_570' title='bbox 2173 3759 2274 3816; x_wconf 90' lang='grc' dir='ltr'>λοῦ</span> <span class='ocrx_word' id='word_1_571' title='bbox 2307 3763 2506 3837; x_wconf 84' lang='grc' dir='ltr'>βουνοῦ</span> <span class='ocrx_word' id='word_1_572' title='bbox 2529 3763 2592 3816; x_wconf 87' lang='grc' dir='ltr'>τὸ</span> <span class='ocrx_word' id='word_1_573' title='bbox 2622 3765 2719 3816; x_wconf 90' lang='grc' dir='ltr'>τοῦ</span> <span class='ocrx_word' id='word_1_574' title='bbox 2749 3752 2920 3816; x_wconf 88' lang='grc' dir='ltr'>τόπου</span> <span class='ocrx_word' id='word_1_575' title='bbox 2968 3755 3340 3829; x_wconf 81' lang='grc' dir='ltr'>ἀνεπιτήδειον</span> <span class='ocrx_word' id='word_1_576' title='bbox 3395 3756 3637 3835; x_wconf 83' lang='grc' dir='ltr'>γενέσθαι</span> <span class='ocrx_word' id='word_1_577' title='bbox 3698 3754 3816 3811; x_wconf 88' lang='grc' dir='ltr'>δια-</span> 
     </span>
    </p>
   </div>
   <div class='ocr_carea' id='block_1_83' title="bbox 2169 3845 3820 3925">
    <p class='ocr_par' dir='ltr' id='par_1_83' title="bbox 2169 3845 3820 3925">
     <span class='ocr_line' id='line_1_84' title="bbox 2169 3845 3820 3925; baseline -0.004 -19"><span class='ocrx_word' id='word_1_578' title='bbox 2169 3850 2398 3919; x_wconf 81' lang='grc' dir='ltr'>κωλύει,</span> <span class='ocrx_word' id='word_1_579' title='bbox 2433 3849 2577 3906; x_wconf 76' lang='grc' dir='ltr'>ἀλλά</span> <span class='ocrx_word' id='word_1_580' title='bbox 2612 3850 2806 3924; x_wconf 85' lang='grc' dir='ltr'>μικρόν</span> <span class='ocrx_word' id='word_1_581' title='bbox 2873 3871 2924 3905; x_wconf 88' lang='grc' dir='ltr'>τι</span> <span class='ocrx_word' id='word_1_582' title='bbox 2976 3851 3401 3925; x_wconf 75' lang='grc' dir='ltr'>προσανωφερής</span> <span class='ocrx_word' id='word_1_583' title='bbox 3433 3849 3480 3883; x_wconf 77' lang='grc'>²⁸</span> <span class='ocrx_word' id='word_1_584' title='bbox 3543 3847 3617 3921; x_wconf 87' lang='lat'>(6)</span> <span class='ocrx_word' id='word_1_585' title='bbox 3677 3845 3820 3901; x_wconf 81' lang='grc' dir='ltr'>ἐστιν</span> 
     </span>
    </p>
   </div>
   <div class='ocr_carea' id='block_1_84' title="bbox 2171 3934 3816 4018">
    <p class='ocr_par' dir='ltr' id='par_1_84' title="bbox 2171 3934 3816 4018">
     <span class='ocr_line' id='line_1_85' title="bbox 2171 3934 3816 4018; baseline -0.003 -23"><span class='ocrx_word' id='word_1_586' title='bbox 2171 3942 2205 4010; x_wconf 81' lang='grc' dir='ltr'>ἡ</span> <span class='ocrx_word' id='word_1_587' title='bbox 2236 3937 2364 4003; x_wconf 84' lang='grc' dir='ltr'>ὁδὸς</span> <span class='ocrx_word' id='word_1_588' title='bbox 2391 3940 2480 3994; x_wconf 84' lang='grc' dir='ltr'>καὶ</span> <span class='ocrx_word' id='word_1_589' title='bbox 2510 3945 2763 4018; x_wconf 83' lang='grc' dir='ltr'>τραχεῖα,</span> <span class='ocrx_word' id='word_1_590' title='bbox 2797 3935 3002 4016; x_wconf 77' lang='grc' dir='ltr'>ἔχουσα</span> <span class='ocrx_word' id='word_1_591' title='bbox 3033 3939 3122 3993; x_wconf 74' lang='grc' dir='ltr'>καὶ</span> <span class='ocrx_word' id='word_1_592' title='bbox 3157 3937 3381 4014; x_wconf 83' lang='grc' dir='ltr'>ῥύακας,</span> <span class='ocrx_word' id='word_1_593' title='bbox 3413 3937 3490 3998; x_wconf 85' lang='grc' dir='ltr'>ὡς</span> <span class='ocrx_word' id='word_1_594' title='bbox 3520 3935 3580 3990; x_wconf 82' lang='grc' dir='ltr'>ἐκ</span> <span class='ocrx_word' id='word_1_595' title='bbox 3608 3934 3816 3990; x_wconf 83' lang='grc' dir='ltr'>τούτων</span> 
     </span>
    </p>
   </div>
   <div class='ocr_carea' id='block_1_85' title="bbox 2171 4026 3815 4103">
    <p class='ocr_par' dir='ltr' id='par_1_85' title="bbox 2171 4026 3815 4103">
     <span class='ocr_line' id='line_1_86' title="bbox 2171 4026 3815 4103; baseline -0.004 -19"><span class='ocrx_word' id='word_1_596' title='bbox 2171 4028 2506 4100; x_wconf 86' lang='grc' dir='ltr'>στενωτάτην</span> <span class='ocrx_word' id='word_1_597' title='bbox 2565 4028 2654 4083; x_wconf 77' lang='grc' dir='ltr'>καὶ</span> <span class='ocrx_word' id='word_1_598' title='bbox 2716 4028 2882 4096; x_wconf 82' lang='grc' dir='ltr'>αὐτήν</span> <span class='ocrx_word' id='word_1_599' title='bbox 2929 4027 3285 4103; x_wconf 80' lang='grc' dir='ltr'>εὑρίσκεσθαι,</span> <span class='ocrx_word' id='word_1_600' title='bbox 3347 4026 3459 4103; x_wconf 77' lang='grc' dir='ltr'>χρὴ</span> <span class='ocrx_word' id='word_1_601' title='bbox 3543 4026 3642 4092; x_wconf 77' lang='grc' dir='ltr'>τὴν</span> <span class='ocrx_word' id='word_1_602' title='bbox 3704 4028 3815 4079; x_wconf 88' lang='grc' dir='ltr'>τῶν</span> 
     </span>
    </p>
   </div>
   <div class='ocr_carea' id='block_1_86' title="bbox 2168 4108 3811 4194">
    <p class='ocr_par' dir='ltr' id='par_1_86' title="bbox 2168 4108 3811 4194">
     <span class='ocr_line' id='line_1_87' title="bbox 2168 4108 3811 4194; baseline -0.004 -20"><span class='ocrx_word' id='word_1_603' title='bbox 2168 4124 2345 4188; x_wconf 88' lang='grc' dir='ltr'>πεζῶν</span> <span class='ocrx_word' id='word_1_604' title='bbox 2428 4121 2720 4194; x_wconf 78' lang='grc' dir='ltr'>παραταξιν</span> <span class='ocrx_word' id='word_1_605' title='bbox 2797 4117 3058 4179; x_wconf 80' lang='grc' dir='ltr'>ὡσαύτως</span> <span class='ocrx_word' id='word_1_606' title='bbox 3133 4117 3239 4171; x_wconf 84' lang='grc' dir='ltr'>ἀπὸ</span> <span class='ocrx_word' id='word_1_607' title='bbox 3289 4121 3398 4171; x_wconf 91' lang='grc' dir='ltr'>τῶν</span> <span class='ocrx_word' id='word_1_608' title='bbox 3456 4108 3811 4188; x_wconf 75' lang='grc' dir='ltr'>ὑψηλοτέρων</span> 
     </span>
    </p>
   </div>
   <div class='ocr_carea' id='block_1_87' title="bbox 2167 4203 3811 4284">
    <p class='ocr_par' dir='ltr' id='par_1_87' title="bbox 2167 4203 3811 4284">
     <span class='ocr_line' id='line_1_88' title="bbox 2167 4203 3811 4284; baseline -0.003 -21"><span class='ocrx_word' id='word_1_609' title='bbox 2167 4208 2614 4284; x_wconf 53' lang='grc' dir='ltr'>παρασκευάζειν,</span> <span class='ocrx_word' id='word_1_610' title='bbox 2647 4209 2736 4263; x_wconf 79' lang='grc' dir='ltr'>καὶ</span> <span class='ocrx_word' id='word_1_611' title='bbox 2775 4208 2874 4276; x_wconf 78' lang='grc' dir='ltr'>τήν</span> <span class='ocrx_word' id='word_1_612' title='bbox 2933 4205 3057 4262; x_wconf 87' lang='grc' dir='ltr'>ὁδὸν</span> <span class='ocrx_word' id='word_1_613' title='bbox 3113 4211 3329 4282; x_wconf 89' lang='grc' dir='ltr'>κρατεῖν</span> <span class='ocrx_word' id='word_1_614' title='bbox 3390 4205 3482 4259; x_wconf 79' lang='grc' dir='ltr'>καὶ</span> <span class='ocrx_word' id='word_1_615' title='bbox 3531 4203 3811 4277; x_wconf 76' lang='grc' dir='ltr'>ἀποφράτ-</span> 
     </span>
    </p>
   </div>
   <div class='ocr_carea' id='block_1_88' title="bbox 2163 4289 3813 4370">
    <p class='ocr_par' dir='ltr' id='par_1_88' title="bbox 2163 4289 3813 4370">
     <span class='ocr_line' id='line_1_89' title="bbox 2163 4289 3813 4370; baseline -0.005 -17"><span class='ocrx_word' id='word_1_616' title='bbox 2163 4319 2273 4353; x_wconf 86' lang='grc' dir='ltr'>τειν</span> <span class='ocrx_word' id='word_1_617' title='bbox 2317 4296 2386 4352; x_wconf 86' lang='grc' dir='ltr'>δι’</span> <span class='ocrx_word' id='word_1_618' title='bbox 2418 4296 2659 4352; x_wconf 85' lang='grc' dir='ltr'>ὁπλιτῶν</span> <span class='ocrx_word' id='word_1_619' title='bbox 2693 4294 3080 4370; x_wconf 75' lang='grc' dir='ltr'>ἀσπιδιοφόρων</span> <span class='ocrx_word' id='word_1_620' title='bbox 3114 4295 3200 4350; x_wconf 72' lang='grc' dir='ltr'>καὶ</span> <span class='ocrx_word' id='word_1_621' title='bbox 3259 4295 3614 4364; x_wconf 81' lang='grc' dir='ltr'>ἀκοντιστῶν,</span> <span class='ocrx_word' id='word_1_622' title='bbox 3653 4289 3813 4346; x_wconf 75' lang='grc' dir='ltr'>ὄπισ-</span> 
     </span>
    </p>
   </div>
   <div class='ocr_carea' id='block_1_89' title="bbox 2167 4379 3817 4461">
    <p class='ocr_par' dir='ltr' id='par_1_89' title="bbox 2167 4379 3817 4461">
     <span class='ocr_line' id='line_1_90' title="bbox 2167 4379 3817 4461; baseline -0.005 -20"><span class='ocrx_word' id='word_1_623' title='bbox 2167 4389 2251 4441; x_wconf 88' lang='grc' dir='ltr'>θεν</span> <span class='ocrx_word' id='word_1_624' title='bbox 2287 4384 2344 4442; x_wconf 76' lang='grc' dir='ltr'>δὲ</span> <span class='ocrx_word' id='word_1_625' title='bbox 2375 4389 2582 4441; x_wconf 87' lang='grc' dir='ltr'>τούτων</span> <span class='ocrx_word' id='word_1_626' title='bbox 2611 4386 2739 4448; x_wconf 82' lang='grc' dir='ltr'>τοὺς</span> <span class='ocrx_word' id='word_1_627' title='bbox 2761 4385 2819 4440; x_wconf 82' lang='grc' dir='ltr'>έκ</span> <span class='ocrx_word' id='word_1_628' title='bbox 2851 4386 3054 4461; x_wconf 69' lang='grc' dir='ltr'>χειρῶν</span> <span class='ocrx_word' id='word_1_629' title='bbox 3086 4384 3273 4449; x_wconf 82' lang='grc' dir='ltr'>Λίθους</span> <span class='ocrx_word' id='word_1_630' title='bbox 3328 4382 3659 4458; x_wconf 77' lang='grc' dir='ltr'>βάλλοντας,</span> <span class='ocrx_word' id='word_1_631' title='bbox 3724 4379 3817 4435; x_wconf 78' lang='grc' dir='ltr'>σῦν</span> 
     </span>
    </p>
   </div>
   <div class='ocr_carea' id='block_1_90' title="bbox 413 4471 2062 4554">
    <p class='ocr_par' dir='ltr' id='par_1_90' title="bbox 413 4473 2058 4550">
     <span class='ocr_line' id='line_1_91' title="bbox 413 4473 2058 4550; baseline -0.002 -18"><span class='ocrx_word' id='word_1_632' title='bbox 413 4483 471 4533; x_wconf 89' lang='lat' dir='ltr'>et</span> <span class='ocrx_word' id='word_1_633' title='bbox 503 4478 747 4534; x_wconf 90' lang='lat' dir='ltr'>sinistra</span> <span class='ocrx_word' id='word_1_634' title='bbox 776 4482 943 4550; x_wconf 91' lang='lat' dir='ltr'>parte</span> <span class='ocrx_word' id='word_1_635' title='bbox 976 4476 1124 4531; x_wconf 91' lang='lat' dir='ltr'>aciei</span> <span class='ocrx_word' id='word_1_636' title='bbox 1170 4475 1320 4530; x_wconf 90' lang='lat' dir='ltr'>viam</span> <span class='ocrx_word' id='word_1_637' title='bbox 1355 4473 1676 4530; x_wconf 88' lang='lat' dir='ltr'>militarem</span> <span class='ocrx_word' id='word_1_638' title='bbox 1709 4474 2058 4544; x_wconf 90' lang='lat' dir='ltr'>obsidentis,</span> 
     </span>
    </p>
   </div>
   <div class='ocr_carea' id='block_1_91' title="bbox 2170 4471 3818 4554">
    <p class='ocr_par' dir='ltr' id='par_1_91' title="bbox 2170 4471 3818 4553">
     <span class='ocr_line' id='line_1_92' title="bbox 2170 4471 3818 4553; baseline -0.004 -22"><span class='ocrx_word' id='word_1_639' title='bbox 2170 4475 2355 4538; x_wconf 77' lang='grc' dir='ltr'>αὐτοῖς</span> <span class='ocrx_word' id='word_1_640' title='bbox 2388 4474 2445 4530; x_wconf 76' lang='grc' dir='ltr'>δὲ</span> <span class='ocrx_word' id='word_1_641' title='bbox 2473 4476 2562 4531; x_wconf 80' lang='grc' dir='ltr'>καὶ</span> <span class='ocrx_word' id='word_1_642' title='bbox 2595 4477 2818 4546; x_wconf 80' lang='grc' dir='ltr'>τοξότας</span> <span class='ocrx_word' id='word_1_643' title='bbox 2847 4474 2941 4531; x_wconf 71' lang='grc' dir='ltr'>καὶ</span> <span class='ocrx_word' id='word_1_644' title='bbox 2995 4472 3358 4553; x_wconf 76' lang='grc' dir='ltr'>σφενδονίταςο</span> <span class='ocrx_word' id='word_1_645' title='bbox 3411 4473 3502 4528; x_wconf 84' lang='grc' dir='ltr'>καὶ</span> <span class='ocrx_word' id='word_1_646' title='bbox 3538 4471 3674 4545; x_wconf 85' lang='grc' dir='ltr'>μετά</span> <span class='ocrx_word' id='word_1_647' title='bbox 3717 4471 3818 4540; x_wconf 74' lang='grc' dir='ltr'>τήν</span> 
     </span>
    </p>
   </div>
   <div class='ocr_carea' id='block_1_92' title="bbox 409 4564 2063 4638">
    <p class='ocr_par' dir='ltr' id='par_1_92' title="bbox 409 4564 2063 4638">
     <span class='ocr_line' id='line_1_93' title="bbox 409 4564 2063 4638; baseline -0.001 -16"><span class='ocrx_word' id='word_1_648' title='bbox 409 4584 540 4638; x_wconf 54' lang='lat' dir='ltr'>quas</span> <span class='ocrx_word' id='word_1_649' title='bbox 566 4567 781 4623; x_wconf 87' lang='lat' dir='ltr'>itinera</span> <span class='ocrx_word' id='word_1_650' title='bbox 809 4565 1103 4621; x_wconf 88' lang='lat' dir='ltr'>limitanei</span> <span class='ocrx_word' id='word_1_651' title='bbox 1153 4565 1427 4620; x_wconf 89' lang='lat' dir='ltr'>homines</span> <span class='ocrx_word' id='word_1_652' title='bbox 1480 4569 1740 4636; x_wconf 88' lang='lat' dir='ltr'>atrapos,</span> <span class='ocrx_word' id='word_1_653' title='bbox 1801 4564 1912 4619; x_wconf 92' lang='lat' dir='ltr'>hoc</span> <span class='ocrx_word' id='word_1_654' title='bbox 1972 4569 2063 4620; x_wconf 87' lang='lat' dir='ltr'>est</span> 
     </span>
    </p>
   </div>
   <div class='ocr_carea' id='block_1_93' title="bbox 413 4653 2060 4730">
    <p class='ocr_par' dir='ltr' id='par_1_93' title="bbox 413 4653 2060 4730">
     <span class='ocr_line' id='line_1_94' title="bbox 413 4653 2060 4730; baseline -0.002 -17"><span class='ocrx_word' id='word_1_655' title='bbox 413 4658 938 4726; x_wconf 88' lang='lat' dir='ltr'>tramites,vocant,</span> <span class='ocrx_word' id='word_1_656' title='bbox 955 4661 1188 4730; x_wconf 88' lang='lat' dir='ltr'>oportet</span> <span class='ocrx_word' id='word_1_657' title='bbox 1217 4671 1285 4711; x_wconf 90' lang='lat' dir='ltr'>ea</span> <span class='ocrx_word' id='word_1_658' title='bbox 1317 4671 1554 4727; x_wconf 91' lang='lat' dir='ltr'>quoque</span> <span class='ocrx_word' id='word_1_659' title='bbox 1588 4653 1848 4726; x_wconf 89' lang='lat' dir='ltr'>pedestri</span> <span class='ocrx_word' id='word_1_660' title='bbox 1878 4671 2060 4710; x_wconf 89' lang='lat' dir='ltr'>manu</span> 
     </span>
    </p>
   </div>
   <div class='ocr_carea' id='block_1_94' title="bbox 407 4744 2058 4820">
    <p class='ocr_par' dir='ltr' id='par_1_94' title="bbox 407 4744 2058 4820">
     <span class='ocr_line' id='line_1_95' title="bbox 407 4744 2058 4820; baseline -0.001 -18"><span class='ocrx_word' id='word_1_661' title='bbox 407 4764 718 4820; x_wconf 88' lang='lat' dir='ltr'>occupare,</span> <span class='ocrx_word' id='word_1_662' title='bbox 753 4747 1187 4819; x_wconf 84' lang='lat' dir='ltr'>diligenterque</span> <span class='ocrx_word' id='word_1_663' title='bbox 1229 4746 1421 4812; x_wconf 90' lang='lat' dir='ltr'>tueri;</span> <span class='ocrx_word' id='word_1_664' title='bbox 1463 4761 1537 4800; x_wconf 91' lang='lat' dir='ltr'>ne</span> <span class='ocrx_word' id='word_1_665' title='bbox 1566 4745 1716 4799; x_wconf 83' lang='lat' dir='ltr'>forte</span> <span class='ocrx_word' id='word_1_666' title='bbox 1749 4744 1893 4798; x_wconf 77' lang='grc'>191</span> <span class='ocrx_word' id='word_1_667' title='bbox 1933 4761 2058 4800; x_wconf 89' lang='lat' dir='ltr'>cer-</span> 
     </span>
    </p>
   </div>
   <div class='ocr_carea' id='block_1_95' title="bbox 407 4832 2057 4905">
    <p class='ocr_par' dir='ltr' id='par_1_95' title="bbox 407 4832 2057 4905">
     <span class='ocr_line' id='line_1_96' title="bbox 407 4832 2057 4905; baseline -0.001 -15"><span class='ocrx_word' id='word_1_668' title='bbox 407 4836 589 4892; x_wconf 89' lang='lat' dir='ltr'>tiores</span> <span class='ocrx_word' id='word_1_669' title='bbox 617 4836 756 4891; x_wconf 86' lang='lat' dir='ltr'>facti</span> <span class='ocrx_word' id='word_1_670' title='bbox 790 4836 990 4892; x_wconf 90' lang='lat' dir='ltr'>hostes</span> <span class='ocrx_word' id='word_1_671' title='bbox 1029 4836 1178 4892; x_wconf 83' lang='lat' dir='ltr'>viam</span> <span class='ocrx_word' id='word_1_672' title='bbox 1238 4833 1537 4905; x_wconf 89' lang='lat' dir='ltr'>publicam</span> <span class='ocrx_word' id='word_1_673' title='bbox 1585 4851 1620 4889; x_wconf 88' lang='lat' dir='ltr'>a</span> <span class='ocrx_word' id='word_1_674' title='bbox 1675 4832 2057 4890; x_wconf 90' lang='lat' dir='ltr'>multitudine</span> 
     </span>
    </p>
   </div>
   <div class='ocr_carea' id='block_1_96' title="bbox 405 4923 2056 4996">
    <p class='ocr_par' dir='ltr' id='par_1_96' title="bbox 405 4923 2056 4996">
     <span class='ocr_line' id='line_1_97' title="bbox 405 4923 2056 4996; baseline -0.001 -16"><span class='ocrx_word' id='word_1_675' title='bbox 405 4926 674 4996; x_wconf 89' lang='lat' dir='ltr'>peditum</span> <span class='ocrx_word' id='word_1_676' title='bbox 708 4925 938 4980; x_wconf 84' lang='lat' dir='ltr'>firmius</span> <span class='ocrx_word' id='word_1_677' title='bbox 981 4926 1193 4993; x_wconf 89' lang='lat' dir='ltr'>teneri,</span> <span class='ocrx_word' id='word_1_678' title='bbox 1227 4925 1288 4979; x_wconf 91' lang='lat' dir='ltr'>in</span> <span class='ocrx_word' id='word_1_679' title='bbox 1343 4923 1596 4980; x_wconf 86' lang='lat' dir='ltr'>alterum</span> <span class='ocrx_word' id='word_1_680' title='bbox 1629 4940 1659 4979; x_wconf 89' lang='lat' dir='ltr'>e</span> <span class='ocrx_word' id='word_1_681' title='bbox 1704 4923 2056 4978; x_wconf 86' lang='lat' dir='ltr'>transversis</span> 
     </span>
    </p>
   </div>
   <div class='ocr_carea' id='block_1_97' title="bbox 411 5012 2058 5082">
    <p class='ocr_par' dir='ltr' id='par_1_97' title="bbox 411 5012 2058 5082">
     <span class='ocr_line' id='line_1_98' title="bbox 411 5012 2058 5082; baseline -0.001 -14"><span class='ocrx_word' id='word_1_682' title='bbox 411 5014 745 5070; x_wconf 87' lang='lat' dir='ltr'>tramitibus</span> <span class='ocrx_word' id='word_1_683' title='bbox 777 5031 837 5069; x_wconf 92' lang='lat' dir='ltr'>se</span> <span class='ocrx_word' id='word_1_684' title='bbox 869 5019 1321 5082; x_wconf 89' lang='lat' dir='ltr'>convertant,et,</span> <span class='ocrx_word' id='word_1_685' title='bbox 1355 5012 1404 5069; x_wconf 90' lang='lat' dir='ltr'>si</span> <span class='ocrx_word' id='word_1_686' title='bbox 1435 5029 1557 5068; x_wconf 89' lang='lat' dir='ltr'>non</span> <span class='ocrx_word' id='word_1_687' title='bbox 1587 5018 1746 5068; x_wconf 90' lang='lat' dir='ltr'>recte</span> <span class='ocrx_word' id='word_1_688' title='bbox 1803 5029 1870 5068; x_wconf 90' lang='lat' dir='ltr'>ac</span> <span class='ocrx_word' id='word_1_689' title='bbox 1918 5012 2058 5067; x_wconf 91' lang='lat' dir='ltr'>dili-</span> 
     </span>
    </p>
   </div>
   <div class='ocr_carea' id='block_1_98' title="bbox 408 5101 2056 5174">
    <p class='ocr_par' dir='ltr' id='par_1_98' title="bbox 408 5101 2056 5174">
     <span class='ocr_line' id='line_1_99' title="bbox 408 5101 2056 5174; baseline 0 -17"><span class='ocrx_word' id='word_1_690' title='bbox 408 5107 616 5174; x_wconf 86' lang='lat' dir='ltr'>genter</span> <span class='ocrx_word' id='word_1_691' title='bbox 657 5103 1045 5171; x_wconf 89' lang='lat' dir='ltr'>custodiatur,</span> <span class='ocrx_word' id='word_1_692' title='bbox 1103 5104 1418 5159; x_wconf 87' lang='lat' dir='ltr'>transitum</span> <span class='ocrx_word' id='word_1_693' title='bbox 1471 5103 1552 5158; x_wconf 91' lang='lat' dir='ltr'>ibi</span> <span class='ocrx_word' id='word_1_694' title='bbox 1593 5102 1774 5168; x_wconf 88' lang='lat' dir='ltr'>nacti,</span> <span class='ocrx_word' id='word_1_695' title='bbox 1807 5119 1842 5158; x_wconf 90' lang='lat' dir='ltr'>a</span> <span class='ocrx_word' id='word_1_696' title='bbox 1872 5101 2056 5158; x_wconf 89' lang='lat' dir='ltr'>latere</span> 
     </span>
    </p>
   </div>
   <div class='ocr_carea' id='block_1_99' title="bbox 410 5191 2054 5264">
    <p class='ocr_par' dir='ltr' id='par_1_99' title="bbox 410 5191 2054 5264">
     <span class='ocr_line' id='line_1_100' title="bbox 410 5191 2054 5264; baseline 0 -17"><span class='ocrx_word' id='word_1_697' title='bbox 410 5193 504 5247; x_wconf 89' lang='lat' dir='ltr'>vel</span> <span class='ocrx_word' id='word_1_698' title='bbox 536 5198 742 5264; x_wconf 89' lang='lat' dir='ltr'>etergo</span> <span class='ocrx_word' id='word_1_699' title='bbox 776 5193 1038 5248; x_wconf 89' lang='lat' dir='ltr'>acierum</span> <span class='ocrx_word' id='word_1_700' title='bbox 1067 5193 1388 5248; x_wconf 83' lang='lat' dir='ltr'>existentes</span> <span class='ocrx_word' id='word_1_701' title='bbox 1409 5199 1466 5247; x_wconf 91' lang='lat' dir='ltr'>et</span> <span class='ocrx_word' id='word_1_702' title='bbox 1493 5191 2054 5260; x_wconf 89' lang='lat' dir='ltr'>circumfusi,terro-</span> 
     </span>
    </p>
   </div>
   <div class='ocr_carea' id='block_1_100' title="bbox 2173 4561 3821 4642">
    <p class='ocr_par' dir='ltr' id='par_1_100' title="bbox 2173 4561 3821 4642">
     <span class='ocr_line' id='line_1_101' title="bbox 2173 4561 3821 4642; baseline -0.004 -22"><span class='ocrx_word' id='word_1_703' title='bbox 2173 4567 2398 4641; x_wconf 83' lang='grc' dir='ltr'>πρώτην</span> <span class='ocrx_word' id='word_1_704' title='bbox 2426 4565 2721 4642; x_wconf 81' lang='grc' dir='ltr'>παράταξιν</span> <span class='ocrx_word' id='word_1_705' title='bbox 2751 4565 2842 4620; x_wconf 88' lang='grc' dir='ltr'>καὶ</span> <span class='ocrx_word' id='word_1_706' title='bbox 2901 4562 3149 4639; x_wconf 77' lang='grc' dir='ltr'>δευτέραν</span> <span class='ocrx_word' id='word_1_707' title='bbox 3209 4563 3479 4637; x_wconf 69' lang='grc' dir='ltr'>ἑπομένην</span> <span class='ocrx_word' id='word_1_708' title='bbox 3533 4561 3676 4635; x_wconf 81' lang='grc' dir='ltr'>αὐτῇ</span> <span class='ocrx_word' id='word_1_709' title='bbox 3719 4579 3821 4615; x_wconf 85' lang='grc' dir='ltr'>πα-</span> 
     </span>
    </p>
   </div>
   <div class='ocr_carea' id='block_1_101' title="bbox 2171 4651 3820 4730">
    <p class='ocr_par' dir='ltr' id='par_1_101' title="bbox 2171 4651 3820 4730">
     <span class='ocr_line' id='line_1_102' title="bbox 2171 4651 3820 4730; baseline -0.003 -20"><span class='ocrx_word' id='word_1_710' title='bbox 2171 4656 2537 4730; x_wconf 81' lang='grc' dir='ltr'>ρασκευάζεινο</span> <span class='ocrx_word' id='word_1_711' title='bbox 2624 4655 2950 4730; x_wconf 61' lang='grc' dir='ltr'>ἑκατέρωθεν</span> <span class='ocrx_word' id='word_1_712' title='bbox 3013 4651 3070 4709; x_wconf 75' lang='grc' dir='ltr'>δὲ</span> <span class='ocrx_word' id='word_1_713' title='bbox 3123 4660 3224 4724; x_wconf 83' lang='grc' dir='ltr'>τῆς</span> <span class='ocrx_word' id='word_1_714' title='bbox 3307 4651 3655 4729; x_wconf 78' lang='grc' dir='ltr'>παρατάξεως</span> <span class='ocrx_word' id='word_1_715' title='bbox 3715 4657 3820 4720; x_wconf 83' lang='grc' dir='ltr'>τῆς</span> 
     </span>
    </p>
   </div>
   <div class='ocr_carea' id='block_1_102' title="bbox 2169 4739 3818 4818">
    <p class='ocr_par' dir='ltr' id='par_1_102' title="bbox 2169 4739 3818 4818">
     <span class='ocr_line' id='line_1_103' title="bbox 2169 4739 3818 4818; baseline -0.004 -20"><span class='ocrx_word' id='word_1_716' title='bbox 2169 4744 2550 4816; x_wconf 79' lang='grc' dir='ltr'>φυλαττούσης</span> <span class='ocrx_word' id='word_1_717' title='bbox 2571 4745 2671 4815; x_wconf 83' lang='grc' dir='ltr'>τήν</span> <span class='ocrx_word' id='word_1_718' title='bbox 2733 4744 2901 4818; x_wconf 87' lang='grc' dir='ltr'>μέσην</span> <span class='ocrx_word' id='word_1_719' title='bbox 2961 4741 3110 4814; x_wconf 82' lang='grc' dir='ltr'>ὁδὸν,</span> <span class='ocrx_word' id='word_1_720' title='bbox 3170 4739 3484 4804; x_wconf 80' lang='grc' dir='ltr'>ἀκοντιστὰς</span> <span class='ocrx_word' id='word_1_721' title='bbox 3538 4743 3818 4810; x_wconf 80' lang='grc' dir='ltr'>καθιστᾷν,</span> 
     </span>
    </p>
   </div>
   <div class='ocr_carea' id='block_1_103' title="bbox 2168 4826 3818 4910">
    <p class='ocr_par' dir='ltr' id='par_1_103' title="bbox 2168 4826 3818 4910">
     <span class='ocr_line' id='line_1_104' title="bbox 2168 4826 3818 4910; baseline -0.004 -22"><span class='ocrx_word' id='word_1_722' title='bbox 2168 4833 2365 4909; x_wconf 85' lang='grc' dir='ltr'>ψιλούς</span> <span class='ocrx_word' id='word_1_723' title='bbox 2392 4855 2450 4890; x_wconf 87' lang='grc' dir='ltr'>τε</span> <span class='ocrx_word' id='word_1_724' title='bbox 2478 4832 2568 4889; x_wconf 82' lang='grc' dir='ltr'>καὶ</span> <span class='ocrx_word' id='word_1_725' title='bbox 2626 4830 2990 4910; x_wconf 82' lang='grc' dir='ltr'>σφενδονίτας.</span> <span class='ocrx_word' id='word_1_726' title='bbox 3045 4831 3110 4890; x_wconf 76' lang='grc' dir='ltr'>Εἰ</span> <span class='ocrx_word' id='word_1_727' title='bbox 3170 4829 3229 4887; x_wconf 69' lang='grc' dir='ltr'>δὲ</span> <span class='ocrx_word' id='word_1_728' title='bbox 3282 4830 3374 4886; x_wconf 86' lang='grc' dir='ltr'>καὶ</span> <span class='ocrx_word' id='word_1_729' title='bbox 3418 4831 3612 4906; x_wconf 50' lang='grc' dir='ltr'>ἑτέρας’</span> <span class='ocrx_word' id='word_1_730' title='bbox 3657 4826 3818 4890; x_wconf 81' lang='grc' dir='ltr'>ὁδοὺς</span> 
     </span>
    </p>
   </div>
   <div class='ocr_carea' id='block_1_104' title="bbox 2168 4918 3817 5001">
    <p class='ocr_par' dir='ltr' id='par_1_104' title="bbox 2168 4918 3817 5001">
     <span class='ocr_line' id='line_1_105' title="bbox 2168 4918 3817 5001; baseline -0.004 -22"><span class='ocrx_word' id='word_1_731' title='bbox 2168 4922 2384 5001; x_wconf 79' lang='grc' dir='ltr'>λέγεται</span> <span class='ocrx_word' id='word_1_732' title='bbox 2437 4923 2571 4978; x_wconf 80' lang='grc' dir='ltr'>εἶναι</span> <span class='ocrx_word' id='word_1_733' title='bbox 2631 4920 2775 4994; x_wconf 80' lang='grc' dir='ltr'>δεξιᾷ</span> <span class='ocrx_word' id='word_1_734' title='bbox 2825 4922 2915 4978; x_wconf 84' lang='grc' dir='ltr'>καὶ</span> <span class='ocrx_word' id='word_1_735' title='bbox 2969 4921 3238 4996; x_wconf 80' lang='grc' dir='ltr'>εὐωνύμῳ</span> <span class='ocrx_word' id='word_1_736' title='bbox 3295 4925 3394 4991; x_wconf 80' lang='grc' dir='ltr'>τῆς</span> <span class='ocrx_word' id='word_1_737' title='bbox 3469 4918 3817 4996; x_wconf 82' lang='grc' dir='ltr'>παρατάξεως</span> 
     </span>
    </p>
   </div>
   <div class='ocr_carea' id='block_1_105' title="bbox 2165 5007 3814 5090">
    <p class='ocr_par' dir='ltr' id='par_1_105' title="bbox 2165 5007 3814 5090">
     <span class='ocr_line' id='line_1_106' title="bbox 2165 5007 3814 5090; baseline -0.004 -23"><span class='ocrx_word' id='word_1_738' title='bbox 2165 5018 2265 5082; x_wconf 74' lang='grc' dir='ltr'>τῆς</span> <span class='ocrx_word' id='word_1_739' title='bbox 2297 5011 2679 5090; x_wconf 79' lang='grc' dir='ltr'>φυλαττούσης</span> <span class='ocrx_word' id='word_1_740' title='bbox 2705 5013 2804 5081; x_wconf 76' lang='grc' dir='ltr'>τὴν</span> <span class='ocrx_word' id='word_1_741' title='bbox 2840 5009 3109 5085; x_wconf 83' lang='grc' dir='ltr'>δημοσίαν</span> <span class='ocrx_word' id='word_1_742' title='bbox 3165 5007 3311 5080; x_wconf 85' lang='grc' dir='ltr'>ὁδὸν,</span> <span class='ocrx_word' id='word_1_743' title='bbox 3372 5007 3435 5072; x_wconf 79' lang='grc' dir='ltr'>ἅς</span> <span class='ocrx_word' id='word_1_744' title='bbox 3489 5009 3541 5064; x_wconf 78' lang='grc' dir='ltr'>οἱ</span> <span class='ocrx_word' id='word_1_745' title='bbox 3595 5007 3814 5082; x_wconf 79' lang='grc' dir='ltr'>ἀκρῖται</span> 
     </span>
    </p>
   </div>
   <div class='ocr_carea' id='block_1_106' title="bbox 2167 5093 3820 5176">
    <p class='ocr_par' dir='ltr' id='par_1_106' title="bbox 2167 5093 3820 5176">
     <span class='ocr_line' id='line_1_107' title="bbox 2167 5093 3820 5176; baseline -0.005 -21"><span class='ocrx_word' id='word_1_746' title='bbox 2167 5099 2444 5176; x_wconf 77' lang='grc' dir='ltr'>ἀτραποὺς</span> <span class='ocrx_word' id='word_1_747' title='bbox 2474 5098 2726 5171; x_wconf 88' lang='grc' dir='ltr'>καλοῦσι,</span> <span class='ocrx_word' id='word_1_748' title='bbox 2760 5097 2876 5154; x_wconf 88' lang='grc' dir='ltr'>δέον</span> <span class='ocrx_word' id='word_1_749' title='bbox 2924 5098 3013 5155; x_wconf 81' lang='grc' dir='ltr'>καὶ</span> <span class='ocrx_word' id='word_1_750' title='bbox 3042 5099 3238 5161; x_wconf 87' lang='grc' dir='ltr'>ταύτας</span> <span class='ocrx_word' id='word_1_751' title='bbox 3294 5101 3606 5174; x_wconf 72' lang='grc' dir='ltr'>κρατεῖσθαι</span> <span class='ocrx_word' id='word_1_752' title='bbox 3681 5093 3820 5168; x_wconf 84' lang='grc' dir='ltr'>μετά</span> 
     </span>
    </p>
   </div>
   <div class='ocr_carea' id='block_1_107' title="bbox 2143 5181 3816 5267">
    <p class='ocr_par' dir='ltr' id='par_1_107' title="bbox 2143 5181 3816 5267">
     <span class='ocr_line' id='line_1_108' title="bbox 2143 5181 3816 5267; baseline 0.003 -31"><span class='ocrx_word' id='word_1_753' title='bbox 2143 5195 2370 5261; x_wconf 76' lang='grc' dir='ltr'>πεζῶν,</span> <span class='ocrx_word' id='word_1_754' title='bbox 2454 5192 2537 5257; x_wconf 87' lang='grc' dir='ltr'>]Ρ.</span> <span class='ocrx_word' id='word_1_755' title='bbox 2626 5194 2750 5262; x_wconf 84' lang='grc'>123]</span> <span class='ocrx_word' id='word_1_756' title='bbox 2807 5188 2898 5244; x_wconf 80' lang='grc' dir='ltr'>καὶ</span> <span class='ocrx_word' id='word_1_757' title='bbox 2957 5187 3318 5267; x_wconf 75' lang='grc' dir='ltr'>φυλάττεσθαι</span> <span class='ocrx_word' id='word_1_758' title='bbox 3401 5181 3664 5262; x_wconf 68' lang='grc' dir='ltr'>ἀκριϐῶςυ</span> <span class='ocrx_word' id='word_1_759' title='bbox 3738 5183 3816 5256; x_wconf 82' lang='grc' dir='ltr'><strong>μή</strong></span> 
     </span>
    </p>
   </div>
   <div class='ocr_carea' id='block_1_108' title="bbox 1611 5369 2611 5426">
    <p class='ocr_par' dir='ltr' id='par_1_108' title="bbox 1611 5369 2611 5426">
     <span class='ocr_line' id='line_1_109' title="bbox 1611 5369 2611 5426; baseline 0.002 -2"><span class='ocrx_word' id='word_1_760' title='bbox 1611 5370 1671 5425; x_wconf 92' lang='lat' dir='ltr'>C.</span> <span class='ocrx_word' id='word_1_761' title='bbox 1713 5370 1775 5425; x_wconf 93' lang='lat' dir='ltr'>B.</span> <span class='ocrx_word' id='word_1_762' title='bbox 1818 5369 2014 5426; x_wconf 82' lang='lat' dir='ltr'><strong>HASII</strong></span> <span class='ocrx_word' id='word_1_763' title='bbox 2051 5369 2611 5426; x_wconf 81' lang='lat' dir='ltr'>ANNOTATIONES.</span> 
     </span>
    </p>
   </div>
   <div class='ocr_carea' id='block_1_109' title="bbox 473 5514 2062 5603">
    <p class='ocr_par' dir='ltr' id='par_1_109' title="bbox 473 5514 2062 5603">
     <span class='ocr_line' id='line_1_110' title="bbox 473 5514 2062 5603; baseline -0.001 -26"><span class='ocrx_word' id='word_1_764' title='bbox 473 5523 520 5561; x_wconf 69' lang='grc' dir='ltr'>³ο</span> <span class='ocrx_word' id='word_1_765' title='bbox 548 5518 919 5603; x_wconf 71' lang='grc' dir='ltr'>τασιναρίρυς.</span> <span class='ocrx_word' id='word_1_766' title='bbox 954 5518 1111 5603; x_wconf 51' lang='lat' dir='ltr'>infra</span> <span class='ocrx_word' id='word_1_767' title='bbox 1143 5522 1262 5603; x_wconf 45' lang='lat'>126;</span> <span class='ocrx_word' id='word_1_768' title='bbox 1298 5520 1362 5576; x_wconf 90' lang='lat' dir='ltr'>D.</span> <span class='ocrx_word' id='word_1_769' title='bbox 1395 5518 1467 5603; x_wconf 64' lang='grc' dir='ltr'>τὲι</span> <span class='ocrx_word' id='word_1_770' title='bbox 1485 5514 1790 5603; x_wconf 63' lang='grc' dir='ltr'>τασινᾶκια.</span> <span class='ocrx_word' id='word_1_771' title='bbox 1816 5519 1861 5557; x_wconf 84' lang='grc'>²¹</span> <span class='ocrx_word' id='word_1_772' title='bbox 1893 5540 2062 5603; x_wconf 65' lang='grc' dir='ltr'>καινοί</span> 
     </span>
    </p>
   </div>
   <div class='ocr_carea' id='block_1_110' title="bbox 2170 5514 3816 5603">
    <p class='ocr_par' dir='ltr' id='par_1_110' title="bbox 2170 5518 3816 5603">
     <span class='ocr_line' id='line_1_111' title="bbox 2170 5518 3816 5603; baseline 0.001 -27"><span class='ocrx_word' id='word_1_773' title='bbox 2170 5525 2266 5603; x_wconf 78' lang='grc' dir='ltr'>εῖν.</span> <span class='ocrx_word' id='word_1_774' title='bbox 2329 5525 2458 5597; x_wconf 81' lang='lat' dir='ltr'>Leg.</span> <span class='ocrx_word' id='word_1_775' title='bbox 2509 5526 2796 5600; x_wconf 81' lang='grc' dir='ltr'>κερτομεῖν</span> <span class='ocrx_word' id='word_1_776' title='bbox 2853 5541 2901 5582; x_wconf 89' lang='lat' dir='ltr'>s.</span> <span class='ocrx_word' id='word_1_777' title='bbox 2965 5525 3357 5598; x_wconf 85' lang='grc' dir='ltr'>καρποτομεῖν.</span> <span class='ocrx_word' id='word_1_778' title='bbox 3419 5521 3560 5578; x_wconf 90' lang='lat' dir='ltr'>Cod.</span> <span class='ocrx_word' id='word_1_779' title='bbox 3621 5518 3816 5594; x_wconf 88' lang='lat' dir='ltr'>suppl.</span> 
     </span>
    </p>
   </div>
   <div class='ocr_carea' id='block_1_111' title="bbox 400 5590 2201 5671">
    <p class='ocr_par' dir='ltr' id='par_1_111' title="bbox 400 5590 2201 5671">
     <span class='ocr_line' id='line_1_112' title="bbox 400 5590 2201 5671; baseline 0.001 -22"><span class='ocrx_word' id='word_1_780' title='bbox 400 5590 818 5669; x_wconf 79' lang='grc' dir='ltr'>κενοτομεῖν.’²²</span> <span class='ocrx_word' id='word_1_781' title='bbox 851 5596 1052 5669; x_wconf 64' lang='grc' dir='ltr'>μερῶν]</span> <span class='ocrx_word' id='word_1_782' title='bbox 1080 5593 1328 5664; x_wconf 80' lang='grc' dir='ltr'>ἡμερῶν.</span> <span class='ocrx_word' id='word_1_783' title='bbox 1362 5591 1494 5647; x_wconf 91' lang='lat' dir='ltr'>cod.</span> <span class='ocrx_word' id='word_1_784' title='bbox 1526 5591 1571 5626; x_wconf 80' lang='grc'>³³</span> <span class='ocrx_word' id='word_1_785' title='bbox 1599 5590 2034 5671; x_wconf 72' lang='grc' dir='ltr'>προσανωφελὴς</span> <span class='ocrx_word' id='word_1_786' title='bbox 2067 5590 2201 5650; x_wconf 74' lang='lat' dir='ltr'>cdd.</span> 
     </span>
    </p>
   </div>
   <div class='ocr_carea' id='block_1_112' title="bbox 470 5717 1582 5796">
    <p class='ocr_par' dir='ltr' id='par_1_112' title="bbox 470 5717 1582 5796">
     <span class='ocr_line' id='line_1_113' title="bbox 470 5717 1582 5796; baseline -0.003 -19"><span class='ocrx_word' id='word_1_787' title='bbox 470 5725 552 5796; x_wconf 76' lang='grc' dir='ltr'>(ο)</span> <span class='ocrx_word' id='word_1_788' title='bbox 579 5722 807 5780; x_wconf 79' lang='lat' dir='ltr'>Omissa</span> <span class='ocrx_word' id='word_1_789' title='bbox 835 5726 926 5779; x_wconf 87' lang='lat' dir='ltr'>est</span> <span class='ocrx_word' id='word_1_790' title='bbox 954 5720 1017 5778; x_wconf 89' lang='lat' dir='ltr'>in</span> <span class='ocrx_word' id='word_1_791' title='bbox 1041 5717 1270 5778; x_wconf 82' lang='lat' dir='ltr'>Lexicis</span> <span class='ocrx_word' id='word_1_792' title='bbox 1301 5719 1427 5777; x_wconf 79' lang='lat' dir='ltr'>haec</span> <span class='ocrx_word' id='word_1_793' title='bbox 1455 5733 1582 5776; x_wconf 80' lang='lat' dir='ltr'>vox.</span> 
     </span>
    </p>
   </div>
  </div>
