4190 6322
305 387 426 448 937

1596 369 2021 438 V‘ELITATIO
2068 369 2429 432 BELLIGA.

3600 378 3720 439 938

300 539 456 589 ποτε,
493 516 871 592 μανθάνοντων
902 516 1010 568 τῶν
1038 509 1323 584 πολεμίων
1361 511 1462 579 τήν
1497 507 1768 582 δημοσίαν
1826 503 1951 562 ὁδὸν

2071 523 2191 562 rem
2223 505 2507 561 exercitui
2532 507 2796 562 Romano
2847 505 3126 562 inferant.
3182 510 3418 576 Contra,
3459 511 3508 565 si
3539 513 3714 569 ambo
3789 533 3791 535 ί

300 610 353 665 ἐν
385 605 655 682 ἀσφαλείᾳ
682 608 991 680 κρατεῖσθαι
1027 602 1161 676 μετὰ
1202 600 1451 670 πλήθους
1505 597 1662 667 λάοῦ,
1723 597 1798 658 είς
1832 597 1952 652 ἑτέ-

305 719 398 776 ραν
431 701 539 753 τῶν
582 696 642 751 ἐκ
687 692 938 769 πλαγίων
1007 692 1318 766 ὁρμήσωσι,
1377 688 1467 744 καὶ
1527 687 1574 743 εἱ
1634 688 1710 760 μὴ
1768 684 1954 776 καλῶς

301 773 390 843 καὶ
424 783 684 864 ἀσφαλῶς
729 781 1090 860 φυλάττηται,
1150 777 1377 855 εὕρωσιν
1428 778 1628 841 ἐκεῖθεν
1688 773 1952 852 πάροδον,

302 876 391 932 καὶ
422 875 726 952 γενηθῶσιν
757 871 818 927 ἐκ
845 869 1083 944 πλαγίου
1112 870 1148 940 ἢ
1179 869 1266 924 καὶ
1297 868 1357 923 ἐκ
1410 868 1590 922 νώτου
1643 870 1752 922 τῶν
1783 885 1953 940 παρα-

302 951 528 1039 ταξεων,
571 962 661 1018 καὶ
711 960 1090 1037 περισπασμὸν
1148 957 1241 1013 καὶ
1298 951 1466 1036 φόϐον
1522 960 1603 1028 τῷ
1659 957 1954 1027 Ῥωμαϊκῷ

301 1057 516 1130 στρατῷ
555 1051 982 1123 προξενήσωσιν.
1046 1045 1398 1123 Ἀμφοτέρων
1452 1043 1512 1100 δὲ
1565 1043 1823 1122 ἀσφαλῶς
1854 1064 1953 1118 φυ-

301 1143 674 1215 λαττομένων,
707 1141 742 1208 ἢ
777 1138 912 1211 πρὸς
945 1139 1133 1212 μάχην
1163 1140 1273 1191 τῶν
1318 1132 1603 1208 πολεμίων
1653 1134 1955 1208 ὁρμώντων

298 1233 432 1289 Θεοὺ
496 1229 746 1306 συνεργίᾳ
801 1228 1390 1302 καταισχυνθήσονται,
1422 1225 1457 1293 ἢ
1492 1221 1733 1300 ὁρῥωδίᾳ
1788 1243 1950 1278 κατα-

303 1321 588 1398 σχεθέντες
617 1319 686 1375 δι’
719 1317 903 1387 ἄλλης
933 1313 1086 1386 ὁδοῦ,
1135 1313 1362 1371 πολλῶν
1395 1317 1620 1390 ἡμερῶν
1680 1310 1954 1385 διάστημα

296 1411 638 1488 ἀπεχούσης,
668 1409 768 1477 τὴν
799 1407 978 1482 ὁρμὴν
1011 1407 1358 1476 ποιήσονται.
1421 1403 1523 1461 Καὶ
1579 1403 1655 1467 ὡς
1711 1401 1951 1466 ἐντεῦθεν

301 1501 401 1558 δύο
428 1502 564 1556 κατά
620 1499 1085 1574 προσγενήσονται
1140 1499 1258 1556 τοῖς
1319 1494 1541 1569 έχθροῖς
1594 1491 1954 1548 καταλιποῦσι

305 1594 372 1648 te
411 1589 618 1646 τούτων
649 1587 938 1658 ὂὶπλκηκτα
980 1584 1071 1640 καὶ
1118 1585 1217 1653 τήν
1252 1584 1462 1648 εὐθεῖαν
1495 1580 1620 1637 ὁδον
1652 1583 1718 1638 ²⁴.
1751 1575 1803 1636 ἔν
1836 1583 1954 1654 μὲν,

296 1682 793 1753 ταλαιπωρηθῆναι
815 1680 897 1748 τῷ
924 1679 1034 1730 τῶν
1067 1671 1294 1728 πολλῶν
1328 1674 1551 1744 ἡμερῶν
1604 1668 1952 1741 διαστήματι·

296 1769 479 1846 ἕτερον
512 1767 589 1832 δὲ,
621 1767 685 1822 τὸ
716 1767 804 1821 καὶ
870 1761 1151 1820 ἀπώλειαν
1202 1761 1386 1822 αὐτοῖς
1416 1759 1637 1833 ἐπάγον,
1667 1760 1729 1814 τὸ
1760 1758 1957 1821 αὐτοὺς

2065 599 2247 672 probe
2269 597 2709 666 custodiuntur,
2726 596 3049 653 adversarii
3070 596 3160 652 vel
3177 597 3251 653 ad
3273 597 3718 658 dimicationem

2063 693 2306 744 ruentes
2339 689 2455 742 Deo
2503 686 2950 742 obsecundante
3008 686 3474 756 confundentur,
3533 690 3720 761 velrin

2065 783 2292 833 metum
2323 776 2560 833 adducti
2619 793 2726 848 per
2781 777 2960 832 aliam
3015 776 3193 845 viam,
3235 794 3367 848 quas
3399 778 3722 836 multorum

2068 867 2300 922 dierum
2350 867 2564 922 itinere
2593 866 2778 932 abest,
2813 867 3217 922 incursionem
3271 866 3510 925 facient.
3555 870 3720 926 Unde

2065 957 2298 1012 duobus
2328 955 2666 1011 afﬁcientur
2694 955 3111 1023 incommodis,
3137 956 3186 1010 si
3211 972 3246 1011 a
3274 957 3484 1012 castris
3509 958 3717 1029 viaque

2063 1052 2226 1103 recta
2248 1047 2685 1102 discesserunt:
2711 1045 2920 1112 altero,
2946 1045 3103 1117 quod
3125 1047 3451 1102 multorum
3482 1048 3714 1104 dierum

2063 1137 2278 1193 itinere
2305 1135 2820 1207 defatigabuntur:
2854 1136 3060 1206 altero,
3077 1137 3402 1208 perniciem
3425 1138 3545 1193 illis
3567 1139 3717 1195 alla-

2065 1231 2219 1293 turo,
2253 1225 2409 1298 quod
2442 1226 2551 1297 ipsi
2598 1225 2926 1297 perturbati
2971 1226 3204 1281 animos
3233 1226 3566 1296 demittent,
3602 1231 3718 1284 Roe-

2062 1317 2227 1372 mani
2258 1321 2468 1371 contra
2495 1315 2816 1371 alacriores
2865 1316 3011 1370 ﬁent
3055 1320 3234 1387 atque
3264 1317 3610 1374 audaciores
3641 1319 3716 1374 ad

2064 1407 2202 1462 illos
2230 1405 2688 1478 impugnandos.
2722 1404 2887 1470 Quod
2921 1405 3062 1460 item
3108 1406 3398 1476 superiori
3429 1409 3721 1464 memoria

2066 1497 2314 1552 exitiosa
2346 1495 2726 1551 Chambdano
2785 1500 2874 1549 ter
2919 1511 3030 1550 usu
3087 1496 3248 1550 venit
3275 1500 3342 1551 ut
3370 1501 3716 1566 pateretur:

2065 1586 2157 1642 bis
2183 1587 2474 1642 memoria
2491 1586 2865 1643 Constantini
2889 1585 3404 1658 Porphyrogeniti,
3424 1586 3608 1642 decau
3620 1588 3721 1642 tati

2069 1681 2274 1746 terque
2335 1676 2493 1731 beati
2547 1675 2972 1747 imperatoris:
3032 1675 3274 1730 tertium
3333 1675 3441 1730 sub
3495 1678 3721 1748 optimo

2067 1766 2337 1838 principe
2364 1769 2652 1834 Romano,
2675 1765 2830 1820 beati
2854 1764 3016 1820 illius
3048 1765 3193 1820 ﬁlio.
3225 1772 3304 1820 Ac
3326 1781 3495 1837 paane
3526 1767 3724 1821 cuncti

303 1845 400 1932 μὶν
431 1853 817 1930 δειλανδρῆσαι
871 1853 960 1908 καὶ
1009 1850 1216 1924 ἀθυμίᾳ
1268 1845 1674 1949 ὑποϐληθῆναι·
1744 1848 1870 1911 τοὺς
1902 1845 1958 1903 δὲ

2071 1855 2540 1910 internecionem
2597 1855 2976 1909 inimicorum
3035 1853 3250 1910 Christi
3307 1859 3449 1911 tunc
3505 1856 3722 1912 factam

299 1947 610 2021 Ῥωμαίους
645 1946 692 1982 ³⁵
714 1942 1179 2019 προθυμωτέρους
1210 1939 1302 1994 καὶ
1335 1936 1788 2013 εὐτολμωτέρους
1817 1939 1955 2014 πρὸς

2071 1946 2291 2017 optime
2322 1949 2563 2000 norunt.
2590 1946 2803 1999 Verum
2841 1944 3134 1999 exercitus
3162 1946 3542 2001 Tarsensium
3571 1964 3722 2017 quo-

302 2041 394 2094 τὸν
426 2037 543 2093 κατ’
576 2037 754 2090 αὐτῶν
786 2032 1031 2105 πόλεμον
1065 2031 1329 2107 γενέσθαι.
1363 2030 1494 2086 Οἴον
1536 2026 1602 2097 δὴ
1637 2029 1726 2084 καὶ
1757 2029 1808 2084 ἐν
1837 2035 1953 2092 τοῖς

2071 2051 2170 2104 rue
2199 2034 2443 2105 agrique
2470 2033 2803 2089 Ciliciensis
2865 2032 2938 2087 ab
2970 2033 3112 2098 illis,
3147 2034 3246 2105 qui
3281 2039 3422 2090 tunc
3461 2035 3716 2091 limitem

303 2131 416 2184 ἅνω
446 2127 672 2202 χρόνοις
727 2122 955 2194 ἀλήστῳ
1010 2125 1090 2193 τῷ
1137 2113 1371 2192 Χαμϐδᾷ
1429 2117 1487 2174 ἐκ
1541 2119 1732 2194 τρίτου
1761 2125 1952 2184 παθεῖν

2071 2124 2366 2194 :urabant,
2400 2125 2462 2178 in
2494 2123 2742 2180 diversis
2799 2123 3210 2196 angustiarum
3242 2125 3389 2180 locis
3418 2125 3587 2182 fusus
3614 2127 3712 2184 fu-

297 2211 631 2288 συμϐέϐηκε·
694 2210 777 2274 δὶς
817 2215 864 2249 ²⁶
925 2211 1020 2283 μὶν
1078 2213 1196 2271 τοῖς
1255 2209 1481 2282 χρόνοις
1536 2212 1634 2262 τοῦ
1693 2205 1953 2282 ἀοιδίμου

2071 2219 2350 2284 iratusque
2384 2218 2493 2269 est.

296 2308 387 2363 καὶ
463 2305 842 2380 τρισμάκαρος
921 2297 1324 2355 Κωνσταντίνου
1397 2301 1495 2352 τοῦ
1569 2299 2093 2374 Ηορφυρογεννήτου
2172 2299 2461 2376 βασιλέως
2541 2299 2678 2371 ἃπαξ
2753 2300 2812 2355 δὲ
2877 2300 2965 2356 ἐπὶ
3022 2305 3121 2355 τοῦ
3194 2300 3388 2357 καλοῦο
3454 2303 3724 2379 βασιλέως

303 2397 591 2468 Ῥωμανοῦ
667 2395 762 2464 ('7),
837 2393 936 2445 τοῦ
1015 2391 1318 2462 μακαρῖτου
1394 2385 1536 2444 υἱοῦ.
1612 2386 1716 2441 Καὶ
1795 2387 1990 2448 πάντες
2067 2385 2262 2463 σχεδὸν
2309 2391 2409 2458 τὴν
2462 2387 2586 2443 τότε
2638 2389 2939 2463 γενομένην
2998 2387 3356 2463 πανολεθρίαν
3411 2395 3518 2445 τῶν
3565 2391 3725 2468 ἐρνη-

301 2490 409 2539 τῶν
462 2486 560 2538 τοῦ
621 2482 866 2555 Χριστοῦ
941 2470 1183 2553 ἀκριϐῶς
1261 2473 1594 2530 ἐπίστανται.
1672 2472 1851 2531 Ἀλλά
1909 2475 2000 2530 καὶ
2056 2477 2084 2531 ὁ
2145 2473 2275 2532 λαὸν
2334 2481 2442 2532 τῶν
2500 2477 2748 2550 Ταρσέων
2801 2477 2892 2532 καὶ
2947 2484 3048 2547 τῆς
3098 2481 3206 2533 τῶν
3240 2477 3478 2534 Κιλίκων
3534 2480 3724 2555 χώρας

304 2573 355 2627 ἐν
421 2569 705 2648 διαφόροις
777 2568 971 2629 τόποις
1029 2568 1138 2620 τῶν
1195 2565 1562 2636 στενωμάτων
1621 2562 1766 2638 παρά
1816 2567 1925 2619 τῶν
1985 2564 2110 2620 τότε
2163 2572 2265 2635 τῆς
2322 2563 2487 2642 ἄκρας
2544 2564 2967 2641 προνοουμένων
3008 2571 3332 2643 στρατηγῶν
3375 2569 3725 2645 κατετροπώ-

306 2663 492 2716 θησαν.

306 2683 333 2715 υ
379 2683 492 2716 σαν.

303 2683 466 2807 ΚἹΙΞΦ.
499 2757 556 2805 Δ,
617 2747 902 2821 Περὶᾼτοῦ
958 2749 1209 2821 ποεῖσθαι
1270 2741 1480 2821 λάθραμ
1500 2741 1596 2806 τὰς
1649 2742 1787 2796 κατά
1843 2745 1950 2821 τῶν

372 2815 926 2895 έχθρῶνᾳέπιθέσεις,
1011 2817 1101 2895 καὶ
1177 2815 1298 2895 περὶ
1378 2815 1484 2895 τοῦ
1559 2817 1942 2895 πρεοσυπαντᾷξν

371 2884 500 2953 τξδξ
533 2888 858 2964 πολεμίους,
912 2884 1072 2958 ’πρὸς
1171 2884 1272 2958 τήν
1378 2884 1494 2942 ἰδία
1604 2884 1953 2962 ’ἐπαναστρέ-

379 2984 597 3042 φοντας.

377 3142 498 3216 Χρὴ
533 3138 706 3196 δὲκαὶ
747 3143 910 3195 τοῦτο
948 3137 1039 3194 διὰ
1097 3141 1308 3193 σκοποῦ
1355 3138 1444 3192 καὶ
1511 3137 1749 3210 μελέτης
1806 3134 1952 3214 ἔχειν

303 3232 398 3286 τὸν
443 3231 744 3307 στρατηγὸν
783 3228 875 3284 καὶ
933 3233 1103 3283 πᾶσαν
1165 3225 1406 3298 σπουδὴν
1463 3225 1726 3295 τίθεσθαι,
1782 3226 1956 3302 λάθρα

301 3322 393 3376 καὶ
425 3317 728 3390 ἀδοκήτως,
761 3318 812 3374 εἷ’
849 3319 962 3374 οἶόν
992 3337 1071 3386 τε,
1128 3317 1224 3381 τὰς
1278 3321 1386 3372 τῶν
1445 3315 1660 3392 ἐχθρῶν
1695 3315 1959 3381 ἐπιθέσεις

303 3411 603 3466 ποιεῖσθαι.
636 3413 742 3463 Τοῖ’)
791 3409 896 3483 γὰρ
951 3407 1204 3462 τοιούτου
1259 3403 1692 3478 ἐπιτηδεύματος
1755 3408 1962 3482 τυγχά-

301 3523 410 3557 νων
444 3499 822 3577 ὁστρατηγὸς,
872 3498 961 3553 καὶ
1021 3499 1138 3572 μετ’
1190 3496 1478 3574 ὀλιγοστοῦ
1514 3497 1650 3554 λαοῦ
1709 3498 1958 3562 πολλοὺς

303 3596 414 3646 τῶν
446 3589 731 3660 πολεμίων
762 3589 1260 3661 κατατροπώσεται.
1323 3587 1385 3644 Εἰ
1445 3583 1524 3654 δὲ,
1578 3588 1653 3651 ὡς
1705 3588 1960 3662 ἀνωτέρω

306 3669 642 3741 δεδήλωται,
674 3670 763 3725 καὶ
793 3670 966 3724 τόπου
1023 3667 1260 3742 ἐπιτύχῃ
1313 3667 1364 3722 ἐν
1423 3673 1542 3731 τοῖς
1597 3669 1958 3741 στενώμασιν,

308 3758 508 3816 ἐκδύο
570 3763 751 3834 μερῶν
805 3761 908 3813 τοῦ
963 3756 1100 3812 κατά
1153 3760 1262 3811 τῶν
1324 3756 1538 3830 ἐχθρῶν
1590 3755 1843 3830 πολέμου
1897 3759 1960 3813 τὸ

308 3847 623 3920 ἐπιτήδειον
657 3845 906 3924 ἔχοντος,
942 3843 1272 3908 ἀδιστάκτως
1303 3848 1386 3919 [Ρ.
1443 3849 1565 3920 124]
1615 3841 1834 3921 ἔχεσθσι
1863 3851 1962 3902 τοῦ

314 3937 590 4011 πολέμου·
638 3938 726 3992 καὶ
785 3936 972 4000 καλῶς
1025 3936 1234 3990 τάσσων
1287 3935 1379 3990 τὸν
1437 3935 1523 3990 ὑπ’
1581 3936 1742 3990 αὐτὸν
1805 3935 1961 4008 λαὸν,

312 4034 448 4086 Θεοῦ
482 4029 732 4103 συνεργίᾳ
763 4028 899 4083 κατά
943 4028 1143 4102 κράτος
1199 4026 1329 4090 τοὺς
1377 4025 1683 4100 πολεμίους
1740 4028 1962 4102 τροπώ-

312 4141 460 4175 σεται
495 4164 509 4178 .
568 4116 725 4189 Πλὴν
781 4119 921 4173 κατά
974 4116 1119 4173 πολὺ
1173 4115 1284 4172 ἐστι
1370 4115 1810 4192 λυσιτελέστερον
1871 4119 1963 4173 καὶ

309 4207 750 4285 ἁρμοδιώτερον,
793 4208 924 4282 ὑπὲρ
953 4211 1051 4262 τοῦ
1083 4210 1464 4282 προσυπαντᾷν
1493 4205 1621 4269 τοὺς
1662 4206 1966 4280 πολεμίους

317 4297 626 4373 μέλλοντας
659 4296 850 4371 ἐξιέναι
891 4297 1028 4352 κατᾶ
1083 4295 1410 4369 Ῥωμανίας,
1470 4295 1560 4351 ὅτε
1615 4295 1825 4369 μᾶλλον
1857 4297 1965 4352 ἀπὸ

309 4391 420 4442 τῶν
475 4387 761 4464 ἡμετέρων
820 4390 1020 4463 χωρῶν
1079 4388 1218 4460 πρὸς
1272 4388 1372 4456 τὴν
1433 4384 1572 4441 ἰδίαν
1642 4385 1965 4462 ἐπαναστρέ-

313 4498 499 4555 φουσι.
533 4477 673 4534 Τότε
702 4476 829 4552 γάρ,
863 4473 953 4531 διὰ
979 4475 1042 4530 τὸ
1069 4473 1157 4530 ἐπὶ
1201 4472 1346 4530 πολὺ
1402 4470 1834 4552 χρονοτριϐῆσαι
1865 4477 1963 4532 αὐ-

2064 2746 2218 2802 192
2249 2746 2380 2801 CAP.
2415 2747 2508 2802 IV-
2539 2747 2654 2811 Quo
2677 2752 2846 2816 pacto
2901 2746 3122 2801 insidia:
3178 2745 3318 2802 clam
3344 2746 3588 2804 hostibus
3617 2751 3716 2818 fa-

2136 2818 2340 2872 ciendas
2386 2819 2518 2887 sint,
2575 2823 2627 2872 et
2677 2818 3138 2888 quemadmodum
3167 2818 3498 2876 adversariis
3528 2837 3718 2876 occur-

2133 2889 2365 2945 rendum
2393 2891 2468 2945 sit
2496 2890 2721 2946 domum
2748 2889 3122 2946 redeuntibus.

2135 3120 2320 3176 Debet
2348 3120 2499 3177 illud
2529 3137 2765 3194 quoque
2796 3137 3128 3193 proponere
3179 3121 3290 3177 sibi
3345 3139 3413 3179 ac
3443 3124 3719 3182 meditari

1988 3183 2030 3250 ϐ
2070 3214 2208 3283 dux,
2239 3183 2600 3285 omnemque
2633 3183 3001 3286 diligentiam
3044 3213 3347 3283 adhibere,
3382 3221 3448 3270 ut
3477 3217 3630 3272 clam
3663 3223 3723 3273 et

2068 3304 2399 3374 inopinato,
2421 3303 2470 3358 si
2503 3302 2631 3358 ﬁeri
2662 3307 2875 3374 potest,
2909 3304 3111 3358 hostes
3142 3302 3463 3362 adoriatur.
3487 3307 3721 3362 Etenim

2068 3394 2364 3466 ejusmodi
2418 3399 2755 3451 commento
2812 3411 2957 3450 usus
3015 3395 3134 3451 dux
3186 3395 3278 3451 vel
3315 3414 3451 3452 cum
3481 3399 3726 3470 parvula

2068 3502 2252 3542 manu
2281 3486 2729 3542 multitudinem
2761 3486 3022 3542 hostium
3051 3485 3278 3542 fundet.
3311 3486 3399 3542 Ad
3428 3488 3554 3544 haec
3584 3489 3729 3559 si,ut

2069 3575 2343 3647 superius
2391 3575 2863 3630 demonstratum
2920 3579 3029 3642 est,
3087 3575 3150 3629 in
3207 3576 3496 3647 angustiis
3525 3577 3725 3633 locum

2069 3664 2456 3730 nanciscitur,
2483 3664 2584 3734 qui
2621 3665 3126 3734 opportunitatem
3177 3663 3391 3720 habeat
3419 3665 3494 3719 ad
3521 3667 3724 3722 hostes

2068 3753 2351 3824 utrinque
2373 3769 2444 3807 ex
2472 3753 2759 3808 lateribus
2777 3753 3225 3825 aggrediendos,
3249 3753 3424 3809 debet
3446 3754 3574 3810 sine
3599 3755 3724 3812 ulla

2071 3840 2439 3896 dubitatione
2468 3840 2530 3895 in
2559 3840 2749 3896 aciem
2789 3841 3186 3897 descendere:
3234 3847 3311 3909 et,
3345 3843 3531 3913 copiis
3560 3850 3719 3900 recte

2072 3950 2106 3990 a
2135 3951 2198 3990 se
2233 3933 2544 3999 ordinatis,
2575 3949 2687 4005 ope
2718 3934 2820 3988 Dei
2852 3934 3217 3990 adversarios
3249 3936 3561 4007 magniﬁce
3592 3937 3716 3992 vin-

2072 4028 2183 4079 cet.
2203 4022 2601 4078 Nihilominus
2619 4022 2953 4094 expeditius
2973 4024 3160 4079 multo
3185 4029 3275 4080 est
3296 4029 3355 4080 et
3370 4027 3727 4082 convenien-

2076 4112 2190 4167 tius
2244 4111 2442 4182 potius
2502 4128 2682 4184 quam
2749 4128 3060 4168 occurrere
3133 4112 3402 4169 hostibus
3462 4114 3524 4169 in
3579 4115 3732 4170 ﬁnes

2075 4203 2373 4256 Romanos
2404 4200 2674 4268 exituris,
2699 4199 2919 4256 adoriri
2951 4217 3052 4256 eos
3084 4217 3154 4256 ex
3183 4207 3388 4257 nostra
3416 4202 3640 4260 ditione
3662 4205 3737 4259 ad

2075 4311 2244 4349 suam
2266 4295 2819 4350 revertentes.Tunc
2842 4294 3026 4362 enim,
3049 4293 3122 4349 ob
3144 4293 3490 4352 diuturnam
3512 4298 3574 4353 in
3596 4313 3735 4370 agro

2079 4389 2612 4453 Romano,moram
2643 4387 2933 4442 attenuati
2964 4386 3285 4443 admodum
3316 4393 3494 4459 atque
3523 4390 3732 4445 afflicti

2078 4482 2234 4531 sunt.
2272 4477 2437 4542 Quod
2467 4477 2516 4532 si
2547 4492 2688 4532 casu
2727 4476 3086 4548 pradarum,
3139 4479 3598 4548 mancipiorum,
3635 4495 3736 4550 pe-

312 4569 442 4629 τοὺς
466 4573 586 4630 ταῖς
641 4568 983 4639 ⁸Ρωμαῖκαῖς
1041 4564 1278 4641 χώραις,
1343 4563 1600 4641 μεγάλως
1658 4561 1958 4641 συντρίϐον·

2080 4567 2248 4622 cudis
2277 4583 2552 4639 magnam
2582 4567 2698 4620 vim
2743 4583 2948 4622 secum
2979 4567 3246 4636 trahunt,
3280 4583 3417 4622 cum
3448 4568 3562 4639 ipsi
3608 4573 3734 4624 tum

310 4678 401 4711 ται
457 4656 548 4712 καὶ
606 4656 1106 4730 ταλαιπωροῦνται.
1166 4654 1406 4730 Εἷτύχῃ
1458 4653 1546 4721 δὲ,
1603 4653 1694 4710 καί
1751 4655 1969 4726 πλῆθος

312 4745 659 4822 πραγμάτων
714 4745 804 4801 καὶ
864 4741 1218 4821 ἀνδραπόδων
1277 4743 1626 4822 ἐπιφέρονται
1679 4745 1769 4800 καὶ
1826 4767 1969 4816 κτη-

2079 4656 2217 4727 equi
2251 4655 2552 4728 defatigati
2593 4655 2785 4726 praelii
2844 4661 3111 4726 tempore
3167 4655 3540 4711 remissiores
3571 4656 3735 4712 inve-

2079 4744 2346 4812 niuntur,
2404 4744 2808 4815 festinantque
2866 4749 3154 4815 prasterea
3201 4761 3269 4801 ac
3298 4743 3641 4802 desiderant
3669 4748 3731 4804 in

312 4841 421 4892 νῶν
472 4835 564 4891 καὶ
615 4834 768 4891 αὐτοί
799 4834 976 4890 τεκαὶ
1037 4835 1091 4889 οἱ
1142 4831 1307 4888 ’ίπποι
1361 4833 1538 4888 αὐτῶν
1593 4839 1958 4889 κατακοπιῶν-

2080 4851 2222 4890 suos
2280 4836 2430 4890 ﬁnes
2507 4835 2698 4906 primo
2783 4851 3021 4906 quoque
3077 4841 3344 4908 tempore
3399 4839 3730 4908 pervenire.

308 4945 400 4986 τες
430 4927 476 4962 ³⁷
503 4928 598 4998 (8),
629 4922 682 4979 ἐν
714 4927 894 4999 καιρῷ
925 4921 1179 4995 πολέμου
1209 4919 1568 4996 ἐκλελυμένοι
1609 4921 1971 4996 εὑρίσκονται,

314 5011 638 5078 σπεύδοντες
660 5013 750 5070 καὶ
808 5013 1198 5088 ἐπιθυμοῦντες
1252 5014 1448 5088 τάχιον
1481 5013 1584 5082 τὴν
1639 5009 1779 5068 ἰδίαν
1806 5032 1974 5069 κατα-

2082 4925 2496 4998 Deinde,quod
2525 4931 2703 4998 caput
2731 4932 2840 4993 est,
2889 4927 3283 5000 productione
3313 4931 3600 5002 temporis
3629 4949 3733 4988 co-

2083 5016 2196 5089 piae
2229 5018 2654 5086 Romanorum,
2714 5033 2826 5074 nec
2879 5017 3075 5074 solum
3140 5034 3272 5091 quas
3320 5035 3504 5092 prope
3532 5019 3734 5078 fauces

1505 5139 1570 5195 C.
1624 5140 1686 5195 Β.
1737 5139 1928 5198 HASII
1977 5141 2539 5200 ANNOTATIONES.

390 5288 438 5324 ²⁴
470 5283 618 5360 ὁδόν.
651 5289 786 5360 Haac
808 5287 1024 5360 opinor
1051 5290 1214 5360 recte
1240 5287 1305 5360 in
1333 5286 1545 5360 locum
1562 5303 1735 5360 suum
1763 5287 2114 5360 collocasse.
2137 5290 2203 5344 In
2222 5287 2394 5344 codd.
2413 5288 2590 5345 verba
2619 5293 2758 5345 sunt
2777 5290 2874 5347 hic
2898 5290 3049 5348 mire
3069 5291 3324 5360 turbata.
3403 5293 3450 5329 ³⁵
3478 5294 3738 5351 Vocabu-

313 5358 785 5448 lum,'Pwpu£,ou¢'
831 5354 1118 5433 supplevi.
1235 5359 1284 5394 ³⁸
1346 5354 1457 5431 δὶς]
1523 5355 1608 5413 διὸ
1675 5359 1807 5415 cod.

317 5431 635 5486 κατάκοπον
665 5431 811 5486 ὄντά.

391 5560 469 5629 (‘1)
499 5559 582 5615 De
611 5559 724 5616 hoc

320 5631 549 5689 danum
580 5630 709 5688 vide

316 5707 412 5761 tas
444 5718 611 5759 meas
643 5705 764 5757 199.
795 5703 859 5757 D.

397 5775 470 5847 (8)
499 5774 737 5846 Conjeci
770 5775 832 5829 in
862 5775 1148 5846 margine,
1181 5774 1478 5829 κατάκοποι
1517 5768 1688 5837 ὄντες.
1723 5775 1814 5831 Sic
1845 5777 1966 5830 132.

610 5892 880 5958 Panos.
925 5893 1038 5957 Gn.
1082 5891 1289 5957 CXVI.

795 5558 960 5614 raslio
991 5557 1204 5616 Leonis
1233 5557 1444 5614 Phocea
1475 5562 1682 5614 contra
1719 5557 1969 5614 Chamb-

785 5647 997 5687 eonem
1023 5630 1350 5687 Diaconum
1371 5645 1550 5703 supra
1585 5631 1662 5685 t3.
1698 5630 1764 5687 A.
1787 5634 1844 5686 et
1861 5646 1968 5686 no-

1921 5360 1969 5395 ²⁷
2032 5362 2489 5423 κατακοπιῶντες.
2543 5362 2698 5418 Fort.
2748 5363 3051 5418 κατάκοποι
3095 5358 3269 5426 ὄντες.
3319 5365 3480 5422 Infra
3506 5368 3628 5424 132.
3661 5369 3731 5422 Α.

2080 5561 2144 5615 Α.
2188 5558 2280 5613 τὸν
2335 5556 2466 5612 λαὸν
2518 5558 2686 5613 αὐτοῦ
2728 5560 3036 5616 κατάκοπον
3088 5556 3233 5616 ὄντα·
3285 5567 3344 5618 et
3392 5559 3735 5627 κατακόπους

2081 5631 2202 5686 140.
2239 5632 2413 5708 B,_l_)e
2427 5647 2583 5708 _voc_e
2612 5629 2944 5708 κατάκοπος,
2975 5634 3046 5691 ab
3099 5634 3234 5692 aliis
3282 5651 3520 5708 quoque
3557 5651 3733 5690 usur-

2077 5708 2236 5775 pata,
2265 5702 2396 5759 vide
2427 5702 2911 5776 Lexicographos.

3334 5892 3414 5951 30
