4152 6312
455 380 575 443 939

1763 373 2194 436 NICEPHORI
2237 374 2542 436 ΡΗΟΕΛΕ.

3749 376 3871 440 οω

454 513 769 589 agunt,sed
791 512 971 569 etiam
993 527 1126 584 quae
1148 509 1384 583 longius
1404 507 1559 563 I98
1583 506 1944 574 absunt,cito
1961 522 2100 562 con-

2215 503 2484 580 λήψεσθαι
2531 506 2742 583 χώραν.
2776 505 2998 571 Ἀλλως
3026 528 3086 563 τε
3114 489 3172 564 δὲ
3199 507 3289 564 καὶ
3319 509 3388 564 τὰ
3442 511 3553 564 τῶν
3584 509 3868 582 Ῥωμαίων

452 609 811 678 gregantur:
864 618 1234 670 numeroque
1302 603 1592 670 quantum
1641 601 1875 668 oportet
1920 600 2107 652 auctaa

450 701 613 751 recte
643 693 857 748 instrui
885 708 953 747 ac
980 691 1174 762 parari
1206 689 1281 744 ad
1312 688 1536 743 bellum
1567 691 1840 758 possunt.
1866 688 1938 741 Et
1967 692 2108 741 tunc

450 785 670 856 potius,
689 779 1191 852 quemadmodum
1222 777 1446 832 dictum
1479 781 1587 844 est,
1611 775 1702 830 vel
1732 775 1992 830 interdiu
2015 788 2105 842 vel

449 879 622 928 nocte
654 870 1040 926 commissum
1099 883 1234 921 cum
1292 866 1413 921 illis
1466 865 1739 936 praelium
1770 864 2106 920 indubitata

450 961 694 1016 victoria
723 961 1143 1027 consequetur.
1178 955 1576 1020 Quamobrem
1608 955 1727 1010 dux
1757 953 1828 1010 ab
1861 954 1981 1008 illis
2011 971 2106 1008 re»

450 1048 770 1105 deuntibus
800 1047 1094 1102 facessere
1116 1061 1424 1117 nunquam
1451 1045 1645 1102 debet.
1669 1047 1905 1115 Contra,
1928 1045 2108 1100 hosti-

449 1140 562 1194 bus
592 1136 1064 1209 irrumpentibus
1119 1151 1431 1191 occurrere
1489 1136 1552 1190 in
1608 1135 1897 1208 angustiis
1925 1135 2100 1201 velle,

451 1246 666 1285 manus
699 1225 1085 1283 conserendaa
1141 1243 1340 1292 causa,
1399 1227 1598 1281 minus
1655 1225 2012 1281 conveniens
2041 1225 2104 1280 id

451 1317 695 1389 quidem
744 1322 855 1382 est,
913 1321 1092 1387 atque
1147 1316 1376 1371 eveniet
1428 1315 1698 1384 fortasse,
1748 1319 1816 1369 ut
1845 1319 2001 1369 totus
2030 1313 2104 1370 ad

449 1407 686 1462 irritum
709 1405 880 1462 cadat
908 1405 1107 1460 labor:
1141 1403 1300 1475 quod
1331 1421 1452 1459 non
1482 1409 1602 1459 tam
1630 1404 1745 1458 cito
1775 1421 2102 1475 paucorum

453 1500 689 1555 dierum
749 1499 937 1570 spatio
998 1498 1126 1569 cogi
1195 1499 1477 1569 justeque
1529 1497 1746 1551 instrui
1804 1497 2102 1568 peditatus

447 1594 663 1660 potest.
693 1587 957 1656 Accedit,
987 1586 1147 1657 quod
1176 1586 1419 1641 maximi
1447 1587 1734 1640 momenti
1767 1591 1875 1649 est,
1902 1587 2102 1641 hostes

446 1683 610 1746 tunc,
643 1682 711 1732 ut
739 1677 1001 1749 integros
1030 1675 1290 1730 necdum
1320 1674 1501 1729 armis
1533 1673 1870 1742 destitutos,
1894 1673 2103 1730 difﬁci-

447 1766 568 1822 lius
608 1766 964 1838 impugnari.
997 1767 1078 1819 Ex
1109 1764 1298 1820 altera
1353 1768 1552 1818 autem
1583 1768 1749 1834 parte
1780 1763 2100 1819 utilitatem

2211 595 2586 670 στρατεύματα
2643 595 2696 651 έν
2775 600 2844 672 τῇ
2910 602 3018 652 τῶν
3072 601 3296 672 ἡμερῶν
3375 600 3674 675 παρατάσει
3707 601 3751 635 ³⁸
3805 599 3868 655 οὐ

2213 685 2379 757 μόνον
2409 683 2477 739 τὰ
2504 684 2738 755 πλησίον
2777 691 2886 740 τῶν
2918 686 3254 758 κλεισουρῶν
3311 688 3512 762 τάχιον
3569 686 3863 764 ἐπισωρεύ-

2211 794 2384 842 ονται,
2417 771 2563 828 ἀλλὰ
2591 774 2680 828 καὶ
2710 777 2776 828 τὰ
2807 773 2999 852 πόῤῥω
3054 778 3415 852 τυγχάνοντα·
3454 775 3545 832 καὶ
3587 777 3665 840 εἰς
3713 777 3864 846 πλῆ-

2211 873 2303 925 θος
2331 861 2757 918 έπισυνίοτανται
2787 864 2991 934 ἱκανὸν,
3030 865 3121 920 καὶ
3177 865 3362 928 καλῶς
3421 868 3558 941 πρὸς
3611 865 3857 940 πόλεμον

2209 951 2552 1024 ἐξαρτύονται
2586 953 2674 1007 καὶ
2725 953 3241 1028 παρασκευάζονται.
3301 955 3405 1012 Καὶ
3461 955 3586 1011 τότε
3619 955 3854 1030 μᾶλλον,

2205 1041 2445 1116 καθάπερ
2494 1041 2835 1119 προέφημεν,
2893 1044 2979 1098 καὶ
3041 1041 3094 1098 ἐν
3153 1043 3332 1120 ἠμίρᾳ
3384 1043 3474 1099 καὶ
3534 1043 3587 1099 ἐν
3644 1045 3856 1101 νυκτὶὸ

2207 1131 2324 1184 κατ’
2351 1129 2526 1184 αὐτῶν
2558 1130 2806 1204 πόλεμος
2856 1129 3174 1188 ἆδίστακτον
3236 1132 3358 1209 ἔχει
3423 1136 3523 1204 τὴν
3551 1137 3727 1206 νίκην.
3763 1136 3856 1190 Διὸ

2208 1219 2320 1295 χρὴ
2351 1221 2444 1274 τὸν
2478 1221 2775 1295 στρατηγὸν
2813 1219 3044 1294 μηδέπω
3100 1221 3152 1277 έν
3210 1227 3280 1290 τῆ
3343 1224 3660 1302 ὑποστροφῇ
3689 1245 3857 1280 κατα-

2207 1318 2519 1391 λιμπάνειν.
2579 1319 2658 1376 Τὸ
2739 1317 2795 1374 δὲ
2853 1319 2904 1376 ἐν
2967 1324 3036 1394 τῇ
3085 1320 3347 1394 έξελεύσει
3404 1326 3512 1378 τῶν
3566 1323 3854 1397 πολεμίων

2205 1407 2697 1482 παρασκευάζεσθαι
2733 1414 3111 1484 προσυπαντᾷν
3171 1410 3366 1471 αὐτοὺς
3413 1413 3552 1487 πρὸς
3605 1410 3855 1486 πόλεμον

2209 1495 2259 1551 έν
2289 1501 2406 1558 τοῖς
2461 1497 2820 1571 στενώμασιν,
2880 1495 3382 1575 άνεπιτῆδειότερον
3443 1499 3538 1573 μὶν
3599 1497 3732 1568 ἔστι,
3763 1501 3856 1555 καὶ

2207 1588 2284 1651 εἰς
2319 1590 2492 1662 μάτην
2518 1589 2653 1654 ἴσως
2683 1591 2775 1646 τὸν
2810 1592 2979 1646 κόπον
3040 1587 3236 1662 συνέϐη
3291 1591 3589 1669 γίγνεσθαιο
3650 1590 3739 1648 διὰ
3795 1593 3858 1648 τὸ

2210 1679 2285 1750 μὴ
2346 1676 2519 1740 οὕτως
2580 1679 2862 1753 συντόμως
2922 1677 2992 1735 δι’
3051 1679 3253 1756 ὀλίγων
3314 1683 3539 1758 ἡμερῶν
3600 1679 3856 1737 δύνασθαι

2205 1767 2268 1821 τὸ
2325 1768 2543 1836 πεζικὸν
2605 1770 3050 1846 συναθροισθῆναι
3114 1769 3418 1846 στράτευμα
3449 1815 3467 1841 ,
3523 1771 3612 1825 καὶ
3669 1769 3854 1834 καλῶς

449 1856 1055 1925 commoditatemque
1084 1853 1264 1909 habet
1288 1852 1476 1919 illam,
1503 1856 1570 1906 ut
1599 1851 1793 1906 timidi
1826 1853 1993 1921 ﬁant,
2025 1853 2096 1922 si,

2211 1858 2736 1946 παρασκευασθῆναι.
2792 1857 3022 1921 ’Ἄλλως
3077 1880 3136 1914 τε
3194 1857 3252 1915 δὶ
3307 1861 3396 1915 καὶ
3456 1860 3509 1914 οἱ
3566 1855 3852 1933 πολέμιοι,

446 1946 922 2017 quotiescunque
973 1958 1284 2013 erumpere
1336 1941 1536 2011 velint,
1589 1941 1876 2012 angustias
1916 1942 2098 1997 armis

2211 1944 2446 2017 ἀκμῆτες
2503 1941 2654 2008 ὄντες
2705 1946 2795 2002 καὶ
2844 1947 3246 2021 ἀπαρόπλιστοι
3295 1952 3391 2023 (9),
3453 1945 3855 2024 δυσκαταγώνι-

443 2038 782 2101 teneantur,
807 2037 990 2103 utque
1019 2031 1180 2085 brevi
1214 2030 1529 2085 continuas
1551 2028 1613 2084 in
1636 2029 1968 2102 provincias
1990 2033 2100 2086 Ro-

443 2139 656 2179 manas
685 2121 1058 2176 incursiones
1090 2119 1511 2175 intermittant.

2207 2054 2324 2087 στοι
2357 2031 2587 2092 ἔσονται.
2622 2036 2765 2090 Κατὰ
2809 2040 2972 2092 τοῦτο
3034 2036 3091 2092 δὲ
3144 2036 3209 2092 τὸ
3250 2035 3532 2115 ὠφέλιμον
3589 2035 3706 2112 ἔχει
3763 2039 3850 2092 καὶ

2208 2123 2511 2196 χρήσιμον,
2559 2125 2693 2179 καθὸ
2748 2120 3024 2201 έμφόϐους
3085 2123 3279 2187 αὑτοὺς
3336 2125 3634 2202 γίγνεσθαι,
3669 2124 3854 2188 ὁσάκις

445 2207 506 2266 ἂν
569 2206 917 2286 βουληθῶσιν
981 2206 1240 2279 ἐξελθεῖν,
1305 2209 1375 2280 τῇ
1441 2207 1762 2283 κατασχέσει
1825 2210 1936 2262 τῶν
2004 2211 2388 2285 στενωμάτων,
2429 2213 2520 2268 καὶ
2582 2215 2683 2283 τήν
2757 2215 2872 2288 μετ’
2925 2213 3114 2290 ὀλίγου
3145 2213 3391 2270 ἐκκοπεῖν
3423 2215 3559 2270 κατὰ
3581 2219 3688 2270 τῶν
3719 2217 3854 2273 Ῥω-

448 2303 658 2374 μαϊκῶν
691 2299 939 2371 θεμάτων
971 2303 1176 2371 συνεχῆ
1211 2295 1504 2366 ἐξέλευσιν.

449 2433 579 2485 CAP.
611 2429 672 2482 V.
724 2427 802 2482 De
840 2423 1329 2497 praeoccupatione
1375 2440 1649 2495 aquarum
1696 2425 1756 2479 in
1804 2425 2095 2494 angustiis.

461 2610 476 2619 ﬁ
515 2621 738 2688 Quibus
763 2627 962 2677 autem
993 2620 1142 2676 locis
1163 2620 1571 2693 angustiarum
1603 2625 1661 2676 et
1687 2619 1949 2675 faucium
1981 2621 2099 2676 dux

443 2713 670 2768 bellum
701 2711 964 2778 instruit,
997 2711 1044 2765 si
1077 2711 1151 2766 iis
1182 2711 1244 2765 in
1270 2710 1417 2766 locis
1443 2710 1575 2765 fons
1606 2716 1696 2765 est
1725 2726 1945 2781 aquam
1964 2727 2097 2766 eru-

445 2805 635 2868 ctans,
669 2817 805 2856 eum
836 2800 908 2855 ab
940 2800 1203 2855 exercitu
1235 2799 1648 2871 occupandum
1691 2804 1880 2868 curet,
1911 2805 1978 2854 ut
2007 2799 2098 2854 sui

444 2892 585 2947 inde
625 2891 846 2946 milites
875 2891 1082 2962 aquari
1141 2891 1391 2962 possint.
1450 2891 1508 2945 Si
1565 2891 1826 2946 tenuiter
1871 2896 2094 2958 manat,

446 2997 688 3052 operam
709 2981 809 3036 det
826 2997 902 3035 ne
926 2979 1219 3045 turbetur,
1243 2979 1399 3034 unde
1418 2979 1877 3035 incommoditas
1897 2995 2097 3034 neces-

446 3071 708 3141 sitasque
736 3068 893 3124 haud
941 3085 1120 3140 parva
1167 3068 1448 3123 exercitui
1481 3067 1758 3123 obvenire
1790 3073 2002 3140 potest.
2039 3069 2096 3122 Si

2207 2427 2375 2488 ΚΕΦ.
2432 2430 2507 2486 E‘.
2567 2429 2701 2505 Περὶ
2759 2431 3248 2507 προκατασχέσεως
3315 2427 3526 2486 ὑδάτων
3561 2471 3579 2504 ,
3634 2434 3743 2486 τῶν
3801 2429 3855 2487 ἐν

2669 2507 2786 2565 τοῖς
2801 2499 2812 2505 ’
2824 2499 3154 2576 στενώμασιν
3196 2499 3387 2558 ὄντων.

2278 2612 2363 2666 Ἐν
2397 2612 2477 2676 οἷς
2508 2610 2565 2669 δὲ
2619 2613 2816 2678 τόποις
2865 2620 2974 2670 τῶν
3032 2615 3391 2689 στενωμάτων
3443 2617 3536 2672 καὶ
3592 2615 3850 2672 κλεισουο

2208 2705 2316 2775 ρῶν
2373 2704 2510 2778 πρὸς
2567 2703 2815 2779 πόλεμον
2895 2706 2924 2760 ὁ
2982 2706 3286 2781 στρατηγὸς
3370 2707 3852 2781 παρασκευάζεται,

2206 2789 2356 2867 εἷ’περ
2391 2791 2441 2847 έν
2470 2793 2687 2856 τούτοις
2715 2796 2868 2870 πηγή
2902 2793 3042 2849 ἐστιν
3095 2792 3242 2871 ὕδωρ
3305 2795 3561 2872 βρύουσα,
3624 2796 3729 2850 ὑπὸ
3758 2801 3853 2850 τοῦ

2209 2878 2351 2936 ἰδίου
2373 2880 2510 2938 λαοῦ
2549 2883 2750 2955 ταύτην
2811 2883 3087 2952 σπουδάση
3143 2892 3567 2962 κατασχεθῆναι,
3626 2886 3764 2942 ὥστε
3789 2887 3853 2941 τὸ

2206 2971 2405 3027 ἐκεῖθεν
2438 2971 2584 3048 ὕδωρ
2611 2975 2705 3030 τὸν
2738 2973 2868 3030 λαὸν
2901 2974 3256 3050 ἀπαρύεσθαι.
3315 2975 3379 3033 Εἰ
3437 2973 3496 3030 δὲ
3551 2974 3696 3050 τύχῃ
3726 2975 3849 3032 ὀλι-

2202 3062 2394 3136 γοστὸν
2427 3065 2586 3132 εἶναι,
2632 3061 2910 3130 σπουδαση
2972 3065 3047 3138 μὴ
3109 3062 3498 3129 ἐπιθολοῢσθαι
3546 3069 3730 3136 τοῦτο,
3763 3066 3854 3120 καὶ

444 3175 569 3214 non
627 3157 829 3212 subest
884 3156 1017 3210 fons
1072 3155 1425 3226 propinquis
1482 3155 1648 3224 locis,
1699 3156 1858 3210 unde
1888 3163 2094 3226 potum

2211 3149 2286 3210 ὠς
2319 3150 2394 3222 μὴ
2427 3149 2488 3204 οὗ
2524 3150 2692 3224 μικρὰ
2722 3150 2781 3206 ἐκ
2807 3156 3004 3207 τοῦτου
3037 3152 3184 3224 Λύπη
3216 3155 3306 3208 τὸν
3343 3153 3474 3209 λαὸν
3529 3155 3618 3209 καί
3651 3155 3855 3230 ἀνάγκη

443 3245 1073 3317 refrigerationemque
1125 3244 1281 3298 194
1328 3242 1549 3297 milites
1598 3244 1855 3314 capiant,
1899 3245 2098 3298 mstivo

444 3334 778 3406 praesertim
810 3338 1101 3404 tempore,
1151 3332 1364 3403 jubeat
1414 3333 1476 3387 in
1538 3332 1804 3403 qualibet
1833 3333 2104 3389 centuria

444 3428 608 3478 utres
631 3438 760 3476 esse
779 3417 1230 3492 decem,quibus
1247 3425 1514 3492 portetur
1534 3427 2102 3493 aqua,temporeque

445 3528 657 3583 pugna)
685 3511 759 3565 iis
781 3510 882 3581 qui
905 3510 967 3565 in
993 3511 1118 3565 acie
1141 3515 1469 3575 versantur,
1496 3516 1670 3581 potus
1692 3510 2102 3582 refrigeriique

446 3617 626 3657 causa
649 3600 1060 3660 distribuatur.
1089 3601 1305 3654 Verum
1328 3598 1401 3654 de
1431 3600 1525 3667 iis,
1560 3616 1690 3671 quas
1723 3599 1783 3654 in
1814 3600 2102 3672 angustiis

448 3691 728 3747 constitui
759 3688 1084 3745 dimicandi
1115 3705 1294 3744 causa
1344 3688 1584 3755 debent,
1620 3689 1746 3744 haec
1778 3689 2100 3747 sufﬁciant.

448 3780 669 3846 Quodsi
701 3781 880 3834 etiam
911 3784 1091 3834 noctu
1149 3778 1211 3832 in
1269 3777 1564 3849 ejusmodi
1623 3777 1770 3832 locis
1799 3777 2102 3849 impeditis

449 3884 694 3925 manum
718 3882 1032 3922 conserere
1053 3870 1419 3936 oporteat,ea
1438 3865 1568 3936 ipsa
1591 3865 1762 3920 utilia
1781 3865 2102 3920 admodum

451 3973 582 4012 esse
639 3960 940 4026 poterunt.
995 3955 1208 4008 Verum
1266 3953 1337 4008 de
1390 3953 1776 4008 dimicatione
1811 3960 2105 4010 nocturna

447 4060 741 4115 exponam
776 4044 892 4098 alio
925 4043 1136 4113 capite.
1166 4045 1330 4096 Nunc
1363 4058 1479 4112 qua
1507 4043 1738 4097 ratione
1771 4044 2101 4098 consectari

445 4135 646 4189 hostes
677 4135 912 4200 debeas,
947 4133 1143 4187 dicere
1171 4132 1371 4187 ordiar
1397 4148 1410 4185 :
1446 4149 1576 4202 quae
1607 4133 1757 4188 ratio
1788 4139 1854 4187 ut
1878 4134 2100 4205 peruti-

441 4223 518 4278 lis
548 4239 616 4278 ac
646 4222 984 4278 necessaria
1012 4226 1123 4288 est,
1149 4221 1232 4274 ita
1263 4219 1463 4287 efﬁcit,
1523 4226 1590 4275 ut
1643 4221 1887 4292 parvula
1931 4224 2099 4278 infir-

440 4325 658 4382 maque
679 4309 912 4380 objecta
932 4324 1112 4364 manu
1126 4307 1335 4380 ingens
1357 4307 1620 4362 hostium
1638 4308 1955 4364 multitudo
1978 4327 2099 4366 non

441 4401 617 4456 modo
649 4397 802 4453 nihil
851 4396 1142 4469 proﬁciat,
1201 4396 1305 4451 sed
1364 4397 1544 4451 etiam
1593 4397 1945 4469 plerumque
1997 4399 2099 4454 Dei

441 4487 691 4544 numine
722 4486 1007 4542 fundatur
1035 4485 1410 4558 fugeturque.

443 4689 573 4742 CAP.
608 4688 698 4740 Vl.
733 4687 808 4740 De
836 4683 1194 4740 consectando
1225 4685 1463 4754 equestri
1491 4685 1729 4753 agmine,
1763 4685 1912 4754 quod
1937 4701 2092 4756 prae-

516 4759 707 4841 datum
735 4758 1020 4841 incurrat,
1071 4762 1123 4811 et
1171 4772 1280 4827 quo
1323 4762 1488 4826 pacto
1533 4771 1821 4810 numerum
1849 4757 2094 4811 militum

515 4845 634 4898 ejus
663 4845 807 4883 imre
828 4845 1027 4898 possis.

514 4945 877 5001 Praadatoria
924 4945 1162 5018 agmina
1207 4944 1489 5013 hostium,
1552 4961 1684 5016 quas
1740 4959 2098 4999 monocursa

439 5039 726 5088 vocantur
755 5041 814 5089 et
842 5034 1066 5106 absque
1099 5033 1368 5106 peditatu
1411 5051 1441 5090 e
1491 5035 1615 5090 suis
1645 5033 1866 5089 ﬁnibus
1896 5051 2098 5089 erum-

2211 3232 2661 3310 ἐπισυμϐήσεται.
2693 3243 2888 3314 Πηγῆς
2943 3239 3000 3294 δὲ
3046 3239 3266 3317 ἔγγιστα
3325 3244 3402 3314 μή
3464 3239 3652 3313 οὔσης,
3709 3244 3760 3314 ἐξ
3791 3245 3861 3312 ἧς

2204 3329 2304 3395 τὴν
2355 3327 2513 3381 πόσιν
2570 3327 2662 3382 καὶ
2708 3329 2994 3405 ἀναψυχὴν
3022 3334 3110 3404 [Ρ.
3143 3335 3267 3403 125]
3299 3332 3326 3385 ὁ
3358 3329 3490 3395 λαὸς
3544 3333 3856 3412 ἐφευρίσκῃ,

2204 3415 2295 3470 καὶ
2329 3414 2566 3488 μάλιστα
2617 3417 2668 3470 ἐν
2721 3423 2897 3491 καιρῷ
2951 3419 3162 3492 θέρους,
3217 3419 3418 3483 ἀσκοὺς
3473 3417 3767 3495 διορισάτω
3793 3421 3853 3477 ἐν

2206 3503 2400 3576 ἑκάστῃ
2453 3504 2847 3580 ἑκατονταρχία
2903 3502 3030 3560 δέκα
3087 3505 3454 3581 ἐπιφέρεσθαι,
3505 3508 3594 3562 καὶ
3649 3507 3718 3562 δι’
3747 3509 3853 3563 αύ-

2202 3597 2310 3648 τῶν
2337 3593 2398 3648 τὸ
2439 3590 2583 3668 ὕδωρ
2641 3593 3072 3667 έπικομίζεσθαι,
3130 3596 3218 3649 καὶ
3254 3595 3305 3650 έν
3336 3595 3453 3666 ὥρᾳ
3500 3603 3603 3666 τῆς
3663 3598 3851 3671 μάχης

2207 3681 2283 3746 εἷς
2312 3682 2469 3737 πόσιν
2500 3683 2592 3737 καὶ
2624 3685 2910 3759 ἀναψυχήν
2933 3689 3050 3746 τοῖς
3081 3683 3133 3739 έν
3164 3689 3244 3757 τῷ
3287 3685 3520 3759 πολέμῳ
3575 3685 3844 3760 ἀγωνιζο-

2209 3773 2392 3845 μένοις
2427 3771 2898 3848 ἐπιχορηγεῖσθαι.
2943 3772 3124 3831 una
3146 3775 3270 3850 περὶ
3327 3777 3420 3847 μὶν
3477 3779 3584 3829 τῶν
3631 3773 3681 3829 ἐν
3729 3780 3846 3836 τοῖς

2207 3861 2514 3934 στενώμασι
2571 3860 2883 3934 μελλόντων
2970 3863 3104 3937 πρὸς
3159 3864 3408 3936 πόλεμον
3485 3862 3850 3938 ἐξαρτύεσθαι,

2208 3949 2404 4013 ἱκανῶς
2434 3949 2691 4026 εἰρήσθω.
2737 3951 2807 4008 Εἰ
2869 3949 2926 4006 δὲ
2981 3953 3070 4007 καὶ
3121 3951 3530 4026 νυκτοπόλεμον
3590 3950 3851 4023 δεήσειέν

2202 4045 2326 4101 ταῖς
2349 4039 2628 4102 τοιαύταις
2682 4037 3018 4116 δυσχωρίαις
3051 4043 3315 4116 γενέσθαι,
3374 4043 3461 4096 καὶ
3519 4046 3681 4097 τοῦτο
3713 4041 3850 4096 πάνυ

2205 4128 2506 4204 ὠφέλιμον.
2539 4126 2716 4185 Ἀλλὰ
2752 4129 2876 4202 περὶ
2912 4130 3006 4202 μὲν
3038 4130 3245 4185 τούτων
3279 4129 3330 4185 έν
3385 4131 3542 4205 ἑτέρᾳ
3599 4127 3850 4205 διηγήσει

2206 4216 2466 4288 δηλώσω.
2499 4223 2606 4286 Τῆς
2635 4215 2691 4272 δὲ
2721 4216 3083 4293 παραδρομῆς
3122 4220 3351 4294 ἄρξομαι
3382 4221 3483 4289 τὴν
3541 4220 3848 4295 εἰσήγησιν

2202 4309 2326 4378 ἥτις
2356 4306 2650 4381 ἐπωφελὴς
2704 4309 2795 4362 καὶ
2844 4310 3104 4385 ἀναγκαία
3147 4311 3512 4386 τυγχάνουσα,
3557 4309 3624 4364 δι’
3656 4310 3850 4384 ὀλίγου

2202 4397 2293 4450 καὶ
2325 4396 2693 4469 εὐαριθμήτου
2725 4393 2861 4450 λαοῦ
2919 4395 3106 4453 πολλὰ
3157 4401 3267 4452 τῶν
3315 4397 3603 4470 πολεμίων
3654 4395 3844 4468 πλήθη

2206 4484 2498 4554 ἀπρακτεῖν
2582 4482 2996 4555 παρασκευάζει,
3077 4488 3211 4539 Θεοῦ
3292 4482 3351 4540 δὲ
3413 4485 3583 4539 νεύσει
3642 4485 3719 4547 ὡς
3782 4485 3852 4539 τὰ

2205 4570 2392 4627 πολλὰ
2418 4572 2508 4626 καὶ
2533 4572 2977 4649 καταγωνίζεται.

2275 4694 2421 4766 ΚῌΦ
2456 4733 2469 4748 .
2669 4687 2796 4766 [ξερὶ
2855 4687 3227 4766 παραδρομῆς
3273 4695 3380 4745 τῶν
3444 4689 3840 4766 μονοκούρσων.

2273 4760 2363 4816 καὶ
2403 4764 2720 4836 στοχασμοῦ
2746 4759 2851 4831 τῆς
2878 4759 2974 4816 τοῦ
3001 4759 3138 4817 λαοῦ
3170 4759 3347 4818 αὐτῶν
3377 4759 3702 4835 ποσότητοςξ

2274 4959 2350 5012 Τὰ
2405 4957 3124 5033 τῶννπολεμίωνηκοῦρσαᾼ
3205 4957 3620 5033 τίςῌλεγόμενα
3680 4958 3844 5030 μονόο

2204 5049 2409 5105 κουρσα
2437 5032 2551 5103 (10)
2583 5031 2688 5084 ἀπὸ
2714 5027 2819 5100 ⁷τῆς
2853 5027 2994 5094 ἰδίας
3023 5027 3236 5105 ’χώρας
3292 5027 3642 5106 ἐξερχόμενα,
3675 5027 3850 5098 πεζῶν

1651 5187 1713 5244 C.
1756 5187 1818 5241 Β.
1860 5188 2050 5243 HASII
2079 5186 2639 5243 ANNOTATIONES.

513 5299 564 5336 ³⁸
588 5299 924 5369 παραστάσει
955 5301 1086 5356 cod.

513 5428 588 5499 (9)
621 5425 986 5500 Vocabulum
1043 5426 1313 5483 nondum
1368 5432 1673 5500 receptum
1706 5426 1769 5482 in
1801 5427 2031 5500 Lexica.
2064 5445 2099 5486 a

440 5496 794 5586 παροπλίζω,
842 5514 1090 5586 emarmo,
1151 5500 1308 5571 quod
1365 5496 1573 5556 notum
1632 5504 1740 5555 est.
1777 5499 1918 5556 Vide
1941 5501 2098 5558 infra

440 5571 500 5626 C.
524 5571 975 5697 ’παριππῗράτοφ

513 5645 635 5723 ΗΟ)-
652 5649 764 5723 Μον
803 5660 1032 5723 κουρσα,
1056 5645 1303 5723 utpatet
1323 5659 1393 5723 ex
1418 5642 1570 5723 serie
1593 5641 1905 5723 orationis,
1933 5647 2092 5723 sunt,

440 5717 677 5786 quando
709 5713 972 5772 hostium
1005 5713 1233 5783 equites
1267 5713 1400 5782 soli,
1432 5714 1655 5783 absque
1685 5713 1974 5785 peditatu,
2001 5715 2090 5768 in-

2208 5428 2549 5503 cursionem
2579 5428 2820 5503 faciunt.
2858 5429 2961 5503 Est
2990 5428 3150 5503 enim
3181 5431 3435 5503 κοῦρσος,
3468 5445 3574 5503 seu
3618 5431 3848 5499 κοῦρσον

2205 5501 2518 5572 impressio
2550 5500 2858 5555 subitaria.
2881 5500 3047 5565 Quod
3079 5518 3198 5572 non
3230 5500 3527 5558 intellexit
3556 5501 3852 5572 interpres

2203 5568 2806 5646 AcbmetisiQnirpcr.
2839 5573 2963 5626 261.
3004 5575 3072 5627 Α.
3132 5569 3405 5627 ἐλεύσεται
3462 5572 3660 5646 ἐχθρὸς
3691 5568 3848 5646 δίκην

2202 5642 2456 5716 κούρτου,
2484 5643 2735 5716 ridicule
2776 5648 3029 5710 vertens,
3061 5646 3236 5701 instar
3292 5642 3617 5702 animaléuli
3645 5644 3852 5701 vitibus

2203 5715 2413 5785 infesti,
2444 5715 2594 5788 quod
2613 5731 2830 5770 cereum
2858 5722 3076 5770 vocunt.
