  <div class='ocr_page' id='page_1' title='image "/cluster/home/n/w/nwhite01/storage/ocr_20150623/117/mdp.39015038086818/478.png"; bbox 0 0 4152 6312; ppageno 0'>
   <div class='ocr_carea' id='block_1_1' title="bbox 322 411 440 473">
    <p class='ocr_par' dir='ltr' id='par_1_1' title="bbox 322 411 440 473">
     <span class='ocr_line' id='line_1_1' title="bbox 322 411 440 473; baseline 0 -1"><span class='ocrx_word' id='word_1_1' title='bbox 322 411 440 473; x_wconf 70' lang='grc'><strong>941</strong></span> 
     </span>
    </p>
   </div>
   <div class='ocr_carea' id='block_1_2' title="bbox 1624 405 2446 467">
    <p class='ocr_par' dir='ltr' id='par_1_2' title="bbox 1624 405 2446 467">
     <span class='ocr_line' id='line_1_2' title="bbox 1624 405 2446 467; baseline -0.001 0"><span class='ocrx_word' id='word_1_2' title='bbox 1624 405 2051 467; x_wconf 82' lang='lat' dir='ltr'><strong>VELITATIO</strong></span> <span class='ocrx_word' id='word_1_3' title='bbox 2093 405 2446 466; x_wconf 81' lang='lat' dir='ltr'><strong>BELLIGA.</strong></span> 
     </span>
    </p>
   </div>
   <div class='ocr_carea' id='block_1_3' title="bbox 3626 412 3744 473">
    <p class='ocr_par' dir='ltr' id='par_1_3' title="bbox 3626 412 3744 473">
     <span class='ocr_line' id='line_1_3' title="bbox 3626 412 3744 473; baseline -0.034 0"><span class='ocrx_word' id='word_1_4' title='bbox 3626 412 3744 473; x_wconf 73' lang='grc'><strong>942</strong></span> 
     </span>
    </p>
   </div>
   <div class='ocr_carea' id='block_1_4' title="bbox 323 535 1975 613">
    <p class='ocr_par' dir='ltr' id='par_1_4' title="bbox 323 535 1975 613">
     <span class='ocr_line' id='line_1_4' title="bbox 323 535 1975 613; baseline -0.005 -13"><span class='ocrx_word' id='word_1_5' title='bbox 323 543 470 613; x_wconf 75' lang='grc' dir='ltr'>ἄνευ,</span> <span class='ocrx_word' id='word_1_6' title='bbox 528 535 650 606; x_wconf 81' lang='grc' dir='ltr'>ἔθος</span> <span class='ocrx_word' id='word_1_7' title='bbox 706 539 893 602; x_wconf 74' lang='grc' dir='ltr'>αὐτοῖς</span> <span class='ocrx_word' id='word_1_8' title='bbox 957 535 1169 613; x_wconf 82' lang='grc' dir='ltr'>σπουδῇ</span> <span class='ocrx_word' id='word_1_9' title='bbox 1244 539 1346 607; x_wconf 83' lang='grc' dir='ltr'><strong>τήν</strong></span> <span class='ocrx_word' id='word_1_10' title='bbox 1403 537 1624 613; x_wconf 76' lang='grc' dir='ltr'>πορείαν</span> <span class='ocrx_word' id='word_1_11' title='bbox 1683 538 1975 608; x_wconf 82' lang='grc' dir='ltr'>ποιεῖσθαι,</span> 
     </span>
    </p>
   </div>
   <div class='ocr_carea' id='block_1_5' title="bbox 2088 535 3748 613">
    <p class='ocr_par' dir='ltr' id='par_1_5' title="bbox 2090 537 3748 611">
     <span class='ocr_line' id='line_1_5' title="bbox 2090 537 3748 611; baseline 0.005 -20"><span class='ocrx_word' id='word_1_12' title='bbox 2090 543 2259 609; x_wconf 89' lang='lat' dir='ltr'><strong>punt,</strong></span> <span class='ocrx_word' id='word_1_13' title='bbox 2292 539 2505 594; x_wconf 79' lang='lat' dir='ltr'><strong>itinere</strong></span> <span class='ocrx_word' id='word_1_14' title='bbox 2533 537 2843 594; x_wconf 82' lang='lat' dir='ltr'><strong>confestim</strong></span> <span class='ocrx_word' id='word_1_15' title='bbox 2878 537 3053 605; x_wconf 84' lang='lat' dir='ltr'><strong>facto,</strong></span> <span class='ocrx_word' id='word_1_16' title='bbox 3085 555 3386 611; x_wconf 82' lang='lat' dir='ltr'><strong>nusquam</strong></span> <span class='ocrx_word' id='word_1_17' title='bbox 3436 543 3748 600; x_wconf 87' lang='lat' dir='ltr'><strong>considere</strong></span> 
     </span>
    </p>
   </div>
   <div class='ocr_carea' id='block_1_6' title="bbox 323 625 1988 708">
    <p class='ocr_par' dir='ltr' id='par_1_6' title="bbox 323 625 1988 708">
     <span class='ocr_line' id='line_1_6' title="bbox 323 625 1988 708; baseline -0.006 -17"><span class='ocrx_word' id='word_1_18' title='bbox 323 637 416 692; x_wconf 85' lang='grc' dir='ltr'><strong>καὶ</strong></span> <span class='ocrx_word' id='word_1_19' title='bbox 449 631 712 708; x_wconf 78' lang='grc' dir='ltr'><strong>μηδαμοῦ</strong></span> <span class='ocrx_word' id='word_1_20' title='bbox 770 629 1184 702; x_wconf 84' lang='grc' dir='ltr'>ἆπληκεύοντας</span> <span class='ocrx_word' id='word_1_21' title='bbox 1239 630 1340 699; x_wconf 75' lang='grc' dir='ltr'>τὴν</span> <span class='ocrx_word' id='word_1_22' title='bbox 1395 628 1533 700; x_wconf 83' lang='grc' dir='ltr'>ὃλην</span> <span class='ocrx_word' id='word_1_23' title='bbox 1592 629 1759 684; x_wconf 80' lang='grc' dir='ltr'><strong>νύκτα</strong></span> <span class='ocrx_word' id='word_1_24' title='bbox 1808 625 1988 682; x_wconf 82' lang='grc' dir='ltr'>διαϐι-</span> 
     </span>
    </p>
   </div>
   <div class='ocr_carea' id='block_1_7' title="bbox 322 715 1984 796">
    <p class='ocr_par' dir='ltr' id='par_1_7' title="bbox 322 715 1984 796">
     <span class='ocr_line' id='line_1_7' title="bbox 322 715 1984 796; baseline -0.006 -16"><span class='ocrx_word' id='word_1_25' title='bbox 322 721 528 794; x_wconf 78' lang='grc' dir='ltr'>ϐάζειν’</span> <span class='ocrx_word' id='word_1_26' title='bbox 560 721 710 778; x_wconf 74' lang='grc' dir='ltr'>ἀλλὰ</span> <span class='ocrx_word' id='word_1_27' title='bbox 764 720 901 796; x_wconf 87' lang='grc' dir='ltr'>πρὸς</span> <span class='ocrx_word' id='word_1_28' title='bbox 967 719 1162 794; x_wconf 85' lang='grc' dir='ltr'>μικρὸν</span> <span class='ocrx_word' id='word_1_29' title='bbox 1208 717 1339 781; x_wconf 78' lang='grc' dir='ltr'>τοὺς</span> <span class='ocrx_word' id='word_1_30' title='bbox 1380 715 1588 780; x_wconf 72' lang='grc' dir='ltr'>’ίππους</span> <span class='ocrx_word' id='word_1_31' title='bbox 1618 716 1984 788; x_wconf 77' lang='grc' dir='ltr'><strong>διαναπαύειν,</strong></span> 
     </span>
    </p>
   </div>
   <div class='ocr_carea' id='block_1_8' title="bbox 328 804 1984 891">
    <p class='ocr_par' dir='ltr' id='par_1_8' title="bbox 328 804 1984 891">
     <span class='ocr_line' id='line_1_8' title="bbox 328 804 1984 891; baseline -0.004 -22"><span class='ocrx_word' id='word_1_32' title='bbox 328 813 463 891; x_wconf 90' lang='grc' dir='ltr'>πρός</span> <span class='ocrx_word' id='word_1_33' title='bbox 519 813 582 868; x_wconf 88' lang='grc' dir='ltr'>τὸ</span> <span class='ocrx_word' id='word_1_34' title='bbox 638 811 735 874; x_wconf 69' lang='grc' dir='ltr'><strong>τὰς</strong></span> <span class='ocrx_word' id='word_1_35' title='bbox 791 809 961 885; x_wconf 73' lang='grc' dir='ltr'>ταγὰς</span> <span class='ocrx_word' id='word_1_36' title='bbox 1017 809 1108 864; x_wconf 84' lang='grc' dir='ltr'><strong>καὶ</strong></span> <span class='ocrx_word' id='word_1_37' title='bbox 1172 809 1338 881; x_wconf 85' lang='grc' dir='ltr'>μόνον</span> <span class='ocrx_word' id='word_1_38' title='bbox 1388 807 1608 870; x_wconf 80' lang='grc' dir='ltr'>τούτοις</span> <span class='ocrx_word' id='word_1_39' title='bbox 1663 804 1984 863; x_wconf 83' lang='grc' dir='ltr'>ἀποδοῦναι.</span> 
     </span>
    </p>
   </div>
   <div class='ocr_carea' id='block_1_9' title="bbox 321 894 1984 976">
    <p class='ocr_par' dir='ltr' id='par_1_9' title="bbox 321 894 1984 976">
     <span class='ocr_line' id='line_1_9' title="bbox 321 894 1984 976; baseline -0.006 -17"><span class='ocrx_word' id='word_1_40' title='bbox 321 905 414 965; x_wconf 79' lang='grc' dir='ltr'>Ὠς</span> <span class='ocrx_word' id='word_1_41' title='bbox 445 901 639 958; x_wconf 80' lang='grc' dir='ltr'>ἐπίπαν</span> <span class='ocrx_word' id='word_1_42' title='bbox 697 902 800 976; x_wconf 71' lang='grc' dir='ltr'><strong>γὰρ</strong></span> <span class='ocrx_word' id='word_1_43' title='bbox 857 899 925 955; x_wconf 73' lang='grc' dir='ltr'><strong>τὰ</strong></span> <span class='ocrx_word' id='word_1_44' title='bbox 984 899 1330 974; x_wconf 86' lang='grc' dir='ltr'>μονόκουρσα</span> <span class='ocrx_word' id='word_1_45' title='bbox 1386 899 1500 971; x_wconf 88' lang='grc' dir='ltr'>μετ’</span> <span class='ocrx_word' id='word_1_46' title='bbox 1561 896 1855 972; x_wconf 84' lang='grc' dir='ltr'>ὀλιγοστοῦ</span> <span class='ocrx_word' id='word_1_47' title='bbox 1893 894 1984 950; x_wconf 82' lang='grc' dir='ltr'><strong>καὶ</strong></span> 
     </span>
    </p>
   </div>
   <div class='ocr_carea' id='block_1_10' title="bbox 325 983 1984 1060">
    <p class='ocr_par' dir='ltr' id='par_1_10' title="bbox 325 983 1984 1060">
     <span class='ocr_line' id='line_1_10' title="bbox 325 983 1984 1060; baseline -0.005 -13"><span class='ocrx_word' id='word_1_48' title='bbox 325 990 585 1047; x_wconf 82' lang='grc' dir='ltr'>ἐκλεκτοῦ</span> <span class='ocrx_word' id='word_1_49' title='bbox 644 989 781 1046; x_wconf 86' lang='grc' dir='ltr'>λαοῦ</span> <span class='ocrx_word' id='word_1_50' title='bbox 837 991 936 1058; x_wconf 85' lang='grc' dir='ltr'><strong>τήν</strong></span> <span class='ocrx_word' id='word_1_51' title='bbox 996 985 1260 1060; x_wconf 78' lang='grc' dir='ltr'>ἐξέλευσιν</span> <span class='ocrx_word' id='word_1_52' title='bbox 1315 991 1623 1044; x_wconf 89' lang='grc' dir='ltr'>ποιοῦνται.</span> <span class='ocrx_word' id='word_1_53' title='bbox 1681 983 1984 1040; x_wconf 88' lang='grc' dir='ltr'>Σπεύδουσι</span> 
     </span>
    </p>
   </div>
   <div class='ocr_carea' id='block_1_11' title="bbox 326 1073 1982 1156">
    <p class='ocr_par' dir='ltr' id='par_1_11' title="bbox 326 1073 1982 1156">
     <span class='ocr_line' id='line_1_11' title="bbox 326 1073 1982 1156; baseline -0.005 -19"><span class='ocrx_word' id='word_1_54' title='bbox 326 1079 383 1137; x_wconf 76' lang='grc' dir='ltr'>δὲ</span> <span class='ocrx_word' id='word_1_55' title='bbox 409 1083 645 1156; x_wconf 80' lang='grc' dir='ltr'>τάχιστα</span> <span class='ocrx_word' id='word_1_56' title='bbox 673 1073 1028 1144; x_wconf 84' lang='grc' dir='ltr'>καταλαϐεῖν,</span> <span class='ocrx_word' id='word_1_57' title='bbox 1088 1076 1141 1132; x_wconf 87' lang='grc' dir='ltr'><strong>ἐν</strong></span> <span class='ocrx_word' id='word_1_58' title='bbox 1204 1078 1288 1138; x_wconf 85' lang='grc' dir='ltr'>οἷς</span> <span class='ocrx_word' id='word_1_59' title='bbox 1343 1077 1575 1151; x_wconf 81' lang='grc' dir='ltr'>χωρίοις</span> <span class='ocrx_word' id='word_1_60' title='bbox 1618 1081 1718 1146; x_wconf 84' lang='grc' dir='ltr'><strong>την</strong></span> <span class='ocrx_word' id='word_1_61' title='bbox 1753 1073 1982 1129; x_wconf 80' lang='grc' dir='ltr'><strong>ἐπίθεσιν</strong></span> 
     </span>
    </p>
   </div>
   <div class='ocr_carea' id='block_1_12' title="bbox 323 1162 1987 1245">
    <p class='ocr_par' dir='ltr' id='par_1_12' title="bbox 323 1162 1987 1245">
     <span class='ocr_line' id='line_1_12' title="bbox 323 1162 1987 1245; baseline -0.005 -19"><span class='ocrx_word' id='word_1_62' title='bbox 323 1170 417 1226; x_wconf 89' lang='grc' dir='ltr'><strong>καὶ</strong></span> <span class='ocrx_word' id='word_1_63' title='bbox 449 1167 726 1245; x_wconf 73' lang='grc' dir='ltr'>ἐκδρομὴν</span> <span class='ocrx_word' id='word_1_64' title='bbox 783 1162 1176 1222; x_wconf 88' lang='grc' dir='ltr'>ἐϐουλεύσαντο</span> <span class='ocrx_word' id='word_1_65' title='bbox 1229 1172 1480 1235; x_wconf 86' lang='grc' dir='ltr'>ποιῆσαι.</span> <span class='ocrx_word' id='word_1_66' title='bbox 1529 1166 1644 1220; x_wconf 80' lang='grc' dir='ltr'>Τοῦ</span> <span class='ocrx_word' id='word_1_67' title='bbox 1692 1165 1782 1218; x_wconf 76' lang='grc' dir='ltr'><strong>οὖν</strong></span> <span class='ocrx_word' id='word_1_68' title='bbox 1827 1183 1987 1239; x_wconf 89' lang='grc' dir='ltr'>στρα-</span> 
     </span>
    </p>
   </div>
   <div class='ocr_carea' id='block_1_13' title="bbox 322 1249 1984 1335">
    <p class='ocr_par' dir='ltr' id='par_1_13' title="bbox 322 1249 1984 1335">
     <span class='ocr_line' id='line_1_13' title="bbox 322 1249 1984 1335; baseline -0.005 -19"><span class='ocrx_word' id='word_1_69' title='bbox 322 1264 498 1335; x_wconf 86' lang='grc' dir='ltr'>τηγοῦ</span> <span class='ocrx_word' id='word_1_70' title='bbox 530 1260 678 1333; x_wconf 88' lang='grc' dir='ltr'>παρά</span> <span class='ocrx_word' id='word_1_71' title='bbox 717 1278 777 1313; x_wconf 88' lang='grc' dir='ltr'><strong>τε</strong></span> <span class='ocrx_word' id='word_1_72' title='bbox 816 1261 922 1312; x_wconf 80' lang='grc' dir='ltr'><strong>τῶν</strong></span> <span class='ocrx_word' id='word_1_73' title='bbox 969 1249 1403 1330; x_wconf 81' lang='grc' dir='ltr'>καμινοϐιγλίων</span> <span class='ocrx_word' id='word_1_74' title='bbox 1449 1255 1537 1309; x_wconf 83' lang='grc' dir='ltr'>καὶ</span> <span class='ocrx_word' id='word_1_75' title='bbox 1565 1259 1672 1309; x_wconf 81' lang='grc' dir='ltr'><strong>τῶν</strong></span> <span class='ocrx_word' id='word_1_76' title='bbox 1723 1253 1984 1329; x_wconf 86' lang='grc' dir='ltr'>βιγλατό-</span> 
     </span>
    </p>
   </div>
   <div class='ocr_carea' id='block_1_14' title="bbox 327 1341 1982 1424">
    <p class='ocr_par' dir='ltr' id='par_1_14' title="bbox 327 1341 1982 1424">
     <span class='ocr_line' id='line_1_14' title="bbox 327 1341 1982 1424; baseline -0.004 -21"><span class='ocrx_word' id='word_1_77' title='bbox 327 1371 436 1424; x_wconf 88' lang='grc' dir='ltr'><strong>ρων</strong></span> <span class='ocrx_word' id='word_1_78' title='bbox 485 1350 585 1417; x_wconf 84' lang='grc' dir='ltr'><strong>τήν</strong></span> <span class='ocrx_word' id='word_1_79' title='bbox 642 1347 850 1402; x_wconf 89' lang='grc' dir='ltr'>τούτων</span> <span class='ocrx_word' id='word_1_80' title='bbox 909 1345 1177 1416; x_wconf 79' lang='grc' dir='ltr'>ἐξέλευσιν</span> <span class='ocrx_word' id='word_1_81' title='bbox 1232 1344 1721 1417; x_wconf 79' lang='grc' dir='ltr'>ἀναμανθάνοντος,</span> <span class='ocrx_word' id='word_1_82' title='bbox 1772 1341 1982 1416; x_wconf 75' lang='grc' dir='ltr'>σπουδῇ</span> 
     </span>
    </p>
   </div>
   <div class='ocr_carea' id='block_1_15' title="bbox 328 1427 1980 1512">
    <p class='ocr_par' dir='ltr' id='par_1_15' title="bbox 328 1427 1980 1512">
     <span class='ocr_line' id='line_1_15' title="bbox 328 1427 1980 1512; baseline -0.005 -18"><span class='ocrx_word' id='word_1_83' title='bbox 328 1437 518 1512; x_wconf 79' lang='grc' dir='ltr'>πολλῇ</span> <span class='ocrx_word' id='word_1_84' title='bbox 576 1437 644 1491; x_wconf 73' lang='grc' dir='ltr'><strong>τὰ</strong></span> <span class='ocrx_word' id='word_1_85' title='bbox 694 1435 748 1490; x_wconf 80' lang='grc' dir='ltr'><strong>ἐν</strong></span> <span class='ocrx_word' id='word_1_86' title='bbox 806 1440 926 1497; x_wconf 87' lang='grc' dir='ltr'>ταῖς</span> <span class='ocrx_word' id='word_1_87' title='bbox 986 1435 1176 1509; x_wconf 79' lang='grc' dir='ltr'>ἄκραις</span> <span class='ocrx_word' id='word_1_88' title='bbox 1233 1427 1700 1506; x_wconf 83' lang='grc' dir='ltr'>καταλαμϐανέτω</span> <span class='ocrx_word' id='word_1_89' title='bbox 1778 1431 1980 1507; x_wconf 80' lang='grc' dir='ltr'>χωρία,</span> 
     </span>
    </p>
   </div>
   <div class='ocr_carea' id='block_1_16' title="bbox 329 1518 1982 1602">
    <p class='ocr_par' dir='ltr' id='par_1_16' title="bbox 329 1518 1982 1602">
     <span class='ocr_line' id='line_1_16' title="bbox 329 1518 1982 1602; baseline -0.004 -19"><span class='ocrx_word' id='word_1_90' title='bbox 329 1525 804 1602; x_wconf 86' lang='grc' dir='ltr'>προαποστέλλων</span> <span class='ocrx_word' id='word_1_91' title='bbox 860 1523 1222 1599; x_wconf 76' lang='grc' dir='ltr'>τουρμάρχῃν</span> <span class='ocrx_word' id='word_1_92' title='bbox 1296 1521 1402 1577; x_wconf 75' lang='grc' dir='ltr'>εἴτε</span> <span class='ocrx_word' id='word_1_93' title='bbox 1478 1518 1661 1596; x_wconf 67' lang='grc' dir='ltr'>ἕτερον</span> <span class='ocrx_word' id='word_1_94' title='bbox 1719 1519 1982 1597; x_wconf 79' lang='grc' dir='ltr'>ἄρχοντα,</span> 
     </span>
    </p>
   </div>
   <div class='ocr_carea' id='block_1_17' title="bbox 323 1610 1979 1690">
    <p class='ocr_par' dir='ltr' id='par_1_17' title="bbox 323 1610 1979 1690">
     <span class='ocr_line' id='line_1_17' title="bbox 323 1610 1979 1690; baseline -0.005 -17"><span class='ocrx_word' id='word_1_95' title='bbox 323 1616 433 1674; x_wconf 86' lang='grc' dir='ltr'>τῶν</span> <span class='ocrx_word' id='word_1_96' title='bbox 489 1614 898 1690; x_wconf 79' lang='grc' dir='ltr'>ἐμπειροτᾶτων</span> <span class='ocrx_word' id='word_1_97' title='bbox 957 1613 1048 1668; x_wconf 88' lang='grc' dir='ltr'><strong>καὶ</strong></span> <span class='ocrx_word' id='word_1_98' title='bbox 1131 1611 1446 1688; x_wconf 88' lang='grc' dir='ltr'>χρησίμων,</span> <span class='ocrx_word' id='word_1_99' title='bbox 1524 1612 1658 1684; x_wconf 87' lang='grc' dir='ltr'><strong>μετά</strong></span> <span class='ocrx_word' id='word_1_100' title='bbox 1711 1610 1979 1666; x_wconf 79' lang='grc' dir='ltr'><strong>ἐκλεκτῶν</strong></span> 
     </span>
    </p>
   </div>
   <div class='ocr_carea' id='block_1_18' title="bbox 329 1700 1981 1782">
    <p class='ocr_par' dir='ltr' id='par_1_18' title="bbox 329 1700 1981 1782">
     <span class='ocr_line' id='line_1_18' title="bbox 329 1700 1981 1782; baseline -0.005 -21"><span class='ocrx_word' id='word_1_101' title='bbox 329 1706 615 1782; x_wconf 82' lang='grc' dir='ltr'>ἀρχόντων</span> <span class='ocrx_word' id='word_1_102' title='bbox 659 1707 705 1742; x_wconf 80' lang='grc'><strong>²⁹</strong></span> <span class='ocrx_word' id='word_1_103' title='bbox 752 1703 842 1759; x_wconf 88' lang='grc' dir='ltr'><strong>καὶ</strong></span> <span class='ocrx_word' id='word_1_104' title='bbox 898 1701 1388 1775; x_wconf 85' lang='grc' dir='ltr'>καλοϊππαράτων,</span> <span class='ocrx_word' id='word_1_105' title='bbox 1444 1700 1542 1755; x_wconf 85' lang='grc' dir='ltr'><strong>τοῦ</strong></span> <span class='ocrx_word' id='word_1_106' title='bbox 1598 1707 1981 1775; x_wconf 83' lang='grc' dir='ltr'>προσυπαντῆ-</span> 
     </span>
    </p>
   </div>
   <div class='ocr_carea' id='block_1_19' title="bbox 328 1790 1981 1868">
    <p class='ocr_par' dir='ltr' id='par_1_19' title="bbox 328 1790 1981 1868">
     <span class='ocr_line' id='line_1_19' title="bbox 328 1790 1981 1868; baseline -0.005 -17"><span class='ocrx_word' id='word_1_107' title='bbox 328 1817 437 1866; x_wconf 90' lang='grc' dir='ltr'>σαι,</span> <span class='ocrx_word' id='word_1_108' title='bbox 495 1796 586 1850; x_wconf 80' lang='grc' dir='ltr'><strong>καὶ</strong></span> <span class='ocrx_word' id='word_1_109' title='bbox 648 1794 783 1868; x_wconf 80' lang='grc' dir='ltr'>μετᾶ</span> <span class='ocrx_word' id='word_1_110' title='bbox 856 1791 1145 1866; x_wconf 83' lang='grc' dir='ltr'>ἐμπειρίας</span> <span class='ocrx_word' id='word_1_111' title='bbox 1223 1790 1449 1852; x_wconf 79' lang='grc' dir='ltr'>τούτους</span> <span class='ocrx_word' id='word_1_112' title='bbox 1525 1791 1835 1858; x_wconf 79' lang='grc' dir='ltr'>θεάσασθαι,</span> <span class='ocrx_word' id='word_1_113' title='bbox 1889 1791 1981 1844; x_wconf 75' lang='grc' dir='ltr'><strong>καὶ</strong></span> 
     </span>
    </p>
   </div>
   <div class='ocr_carea' id='block_1_20' title="bbox 2093 629 3743 698">
    <p class='ocr_par' dir='ltr' id='par_1_20' title="bbox 2093 629 3743 698">
     <span class='ocr_line' id='line_1_20' title="bbox 2093 629 3743 698; baseline 0.004 -17"><span class='ocrx_word' id='word_1_114' title='bbox 2093 632 2333 698; x_wconf 89' lang='lat' dir='ltr'><strong>totaque</strong></span> <span class='ocrx_word' id='word_1_115' title='bbox 2405 633 2578 685; x_wconf 91' lang='lat' dir='ltr'><strong>nocte</strong></span> <span class='ocrx_word' id='word_1_116' title='bbox 2651 629 3032 685; x_wconf 86' lang='lat' dir='ltr'><strong>continenter</strong></span> <span class='ocrx_word' id='word_1_117' title='bbox 3108 629 3194 684; x_wconf 93' lang='lat' dir='ltr'><strong>ire</strong></span> <span class='ocrx_word' id='word_1_118' title='bbox 3261 639 3743 688; x_wconf 87' lang='lat' dir='ltr'><strong>consueverunt:</strong></span> 
     </span>
    </p>
   </div>
   <div class='ocr_carea' id='block_1_21' title="bbox 2084 716 3746 790">
    <p class='ocr_par' dir='ltr' id='par_1_21' title="bbox 2084 716 3746 790">
     <span class='ocr_line' id='line_1_21' title="bbox 2084 716 3746 790; baseline 0.003 -19"><span class='ocrx_word' id='word_1_119' title='bbox 2084 716 2376 788; x_wconf 92' lang='lat' dir='ltr'><strong>jumentis</strong></span> <span class='ocrx_word' id='word_1_120' title='bbox 2402 724 2633 774; x_wconf 89' lang='lat' dir='ltr'><strong>tantum</strong></span> <span class='ocrx_word' id='word_1_121' title='bbox 2683 718 2967 788; x_wconf 77' lang='lat' dir='ltr'><strong>requietis</strong></span> <span class='ocrx_word' id='word_1_122' title='bbox 3011 718 3422 784; x_wconf 88' lang='lat' dir='ltr'><strong>concedentia,</strong></span> <span class='ocrx_word' id='word_1_123' title='bbox 3454 725 3746 790; x_wconf 88' lang='lat' dir='ltr'><strong>quantum</strong></span> 
     </span>
    </p>
   </div>
   <div class='ocr_carea' id='block_1_22' title="bbox 2093 804 3746 877">
    <p class='ocr_par' dir='ltr' id='par_1_22' title="bbox 2093 804 3746 877">
     <span class='ocr_line' id='line_1_22' title="bbox 2093 804 3746 877; baseline 0.004 -19"><span class='ocrx_word' id='word_1_124' title='bbox 2093 804 2234 859; x_wconf 86' lang='lat' dir='ltr'><strong>satis</strong></span> <span class='ocrx_word' id='word_1_125' title='bbox 2267 804 2344 860; x_wconf 89' lang='lat' dir='ltr'><strong>sit</strong></span> <span class='ocrx_word' id='word_1_126' title='bbox 2371 807 2444 862; x_wconf 89' lang='lat' dir='ltr'><strong>ad</strong></span> <span class='ocrx_word' id='word_1_127' title='bbox 2475 806 2761 877; x_wconf 84' lang='lat' dir='ltr'><strong>pabulum</strong></span> <span class='ocrx_word' id='word_1_128' title='bbox 2807 805 2926 860; x_wconf 89' lang='lat' dir='ltr'><strong>illis</strong></span> <span class='ocrx_word' id='word_1_129' title='bbox 2976 805 3264 870; x_wconf 90' lang='lat' dir='ltr'><strong>dandum,</strong></span> <span class='ocrx_word' id='word_1_130' title='bbox 3307 807 3450 861; x_wconf 88' lang='lat' dir='ltr'><strong>Nam</strong></span> <span class='ocrx_word' id='word_1_131' title='bbox 3500 808 3746 865; x_wconf 90' lang='lat' dir='ltr'><strong>omnino</strong></span> 
     </span>
    </p>
   </div>
   <div class='ocr_carea' id='block_1_23' title="bbox 2092 897 3750 972">
    <p class='ocr_par' dir='ltr' id='par_1_23' title="bbox 2092 897 3750 972">
     <span class='ocr_line' id='line_1_23' title="bbox 2092 897 3750 972; baseline 0.002 -21"><span class='ocrx_word' id='word_1_132' title='bbox 2092 914 2446 954; x_wconf 87' lang='lat' dir='ltr'><strong>monocursa</strong></span> <span class='ocrx_word' id='word_1_133' title='bbox 2469 915 2604 954; x_wconf 90' lang='lat' dir='ltr'><strong>cum</strong></span> <span class='ocrx_word' id='word_1_134' title='bbox 2623 898 2825 970; x_wconf 82' lang='lat' dir='ltr'><strong>paucis</strong></span> <span class='ocrx_word' id='word_1_135' title='bbox 2848 897 3168 953; x_wconf 89' lang='lat' dir='ltr'><strong>admodum</strong></span> <span class='ocrx_word' id='word_1_136' title='bbox 3189 897 3292 953; x_wconf 89' lang='lat' dir='ltr'><strong>sed</strong></span> <span class='ocrx_word' id='word_1_137' title='bbox 3315 899 3560 954; x_wconf 89' lang='lat' dir='ltr'><strong>delectis</strong></span> <span class='ocrx_word' id='word_1_138' title='bbox 3583 901 3750 972; x_wconf 86' lang='lat' dir='ltr'><strong>equi-</strong></span> 
     </span>
    </p>
   </div>
   <div class='ocr_carea' id='block_1_24' title="bbox 2091 989 3746 1065">
    <p class='ocr_par' dir='ltr' id='par_1_24' title="bbox 2091 989 3746 1065">
     <span class='ocr_line' id='line_1_24' title="bbox 2091 989 3746 1065; baseline 0.004 -22"><span class='ocrx_word' id='word_1_139' title='bbox 2091 989 2248 1046; x_wconf 89' lang='lat' dir='ltr'><strong>tibus</strong></span> <span class='ocrx_word' id='word_1_140' title='bbox 2280 993 2559 1048; x_wconf 85' lang='lat' dir='ltr'><strong>existunt.</strong></span> <span class='ocrx_word' id='word_1_141' title='bbox 2585 991 2964 1048; x_wconf 89' lang='lat' dir='ltr'><strong>Contendunt</strong></span> <span class='ocrx_word' id='word_1_142' title='bbox 2994 997 3214 1060; x_wconf 86' lang='lat' dir='ltr'><strong>autem,</strong></span> <span class='ocrx_word' id='word_1_143' title='bbox 3238 997 3303 1046; x_wconf 93' lang='lat' dir='ltr'><strong>ut</strong></span> <span class='ocrx_word' id='word_1_144' title='bbox 3323 993 3398 1048; x_wconf 88' lang='lat' dir='ltr'><strong>ad</strong></span> <span class='ocrx_word' id='word_1_145' title='bbox 3421 993 3598 1062; x_wconf 90' lang='lat' dir='ltr'><strong>vicos,</strong></span> <span class='ocrx_word' id='word_1_146' title='bbox 3629 1011 3746 1065; x_wconf 87' lang='lat' dir='ltr'><strong>quo</strong></span> 
     </span>
    </p>
   </div>
   <div class='ocr_carea' id='block_1_25' title="bbox 2090 1083 3743 1157">
    <p class='ocr_par' dir='ltr' id='par_1_25' title="bbox 2090 1083 3743 1157">
     <span class='ocr_line' id='line_1_25' title="bbox 2090 1083 3743 1157; baseline 0.002 -19"><span class='ocrx_word' id='word_1_147' title='bbox 2090 1083 2546 1155; x_wconf 88' lang='lat' dir='ltr'><strong>impressionem</strong></span> <span class='ocrx_word' id='word_1_148' title='bbox 2579 1086 2986 1157; x_wconf 84' lang='lat' dir='ltr'><strong>impetumque</strong></span> <span class='ocrx_word' id='word_1_149' title='bbox 3036 1085 3233 1141; x_wconf 88' lang='lat' dir='ltr'><strong>facere</strong></span> <span class='ocrx_word' id='word_1_150' title='bbox 3282 1087 3743 1154; x_wconf 88' lang='lat' dir='ltr'><strong>constituerunt,</strong></span> 
     </span>
    </p>
   </div>
   <div class='ocr_carea' id='block_1_26' title="bbox 2090 1171 3746 1246">
    <p class='ocr_par' dir='ltr' id='par_1_26' title="bbox 2090 1171 3746 1246">
     <span class='ocr_line' id='line_1_26' title="bbox 2090 1171 3746 1246; baseline 0.002 -21"><span class='ocrx_word' id='word_1_151' title='bbox 2090 1171 2281 1242; x_wconf 91' lang='lat' dir='ltr'><strong>primo</strong></span> <span class='ocrx_word' id='word_1_152' title='bbox 2313 1189 2550 1243; x_wconf 88' lang='lat' dir='ltr'><strong>quoque</strong></span> <span class='ocrx_word' id='word_1_153' title='bbox 2599 1177 2864 1244; x_wconf 88' lang='lat' dir='ltr'><strong>tempore</strong></span> <span class='ocrx_word' id='word_1_154' title='bbox 2914 1173 3280 1244; x_wconf 84' lang='lat' dir='ltr'><strong>perveniant.</strong></span> <span class='ocrx_word' id='word_1_155' title='bbox 3323 1175 3468 1240; x_wconf 84' lang='lat' dir='ltr'><strong>Dux,</strong></span> <span class='ocrx_word' id='word_1_156' title='bbox 3502 1190 3608 1246; x_wconf 92' lang='lat' dir='ltr'><strong>per</strong></span> <span class='ocrx_word' id='word_1_157' title='bbox 3639 1190 3746 1228; x_wconf 91' lang='lat' dir='ltr'><strong>cu-</strong></span> 
     </span>
    </p>
   </div>
   <div class='ocr_carea' id='block_1_27' title="bbox 2091 1260 3746 1333">
    <p class='ocr_par' dir='ltr' id='par_1_27' title="bbox 2091 1260 3746 1333">
     <span class='ocr_line' id='line_1_27' title="bbox 2091 1260 3746 1333; baseline 0.001 -19"><span class='ocrx_word' id='word_1_158' title='bbox 2091 1260 2314 1316; x_wconf 87' lang='lat' dir='ltr'><strong>stodias</strong></span> <span class='ocrx_word' id='word_1_159' title='bbox 2363 1261 2646 1317; x_wconf 90' lang='lat' dir='ltr'><strong>itinerum</strong></span> <span class='ocrx_word' id='word_1_160' title='bbox 2697 1261 3188 1333; x_wconf 84' lang='lat' dir='ltr'><strong>excubitoresque</strong></span> <span class='ocrx_word' id='word_1_161' title='bbox 3238 1262 3311 1318; x_wconf 91' lang='lat' dir='ltr'><strong>de</strong></span> <span class='ocrx_word' id='word_1_162' title='bbox 3354 1279 3560 1318; x_wconf 88' lang='lat' dir='ltr'><strong>eorum</strong></span> <span class='ocrx_word' id='word_1_163' title='bbox 3589 1263 3746 1317; x_wconf 84' lang='lat' dir='ltr'><strong>irru-</strong></span> 
     </span>
    </p>
   </div>
   <div class='ocr_carea' id='block_1_28' title="bbox 2088 1350 3744 1424">
    <p class='ocr_par' dir='ltr' id='par_1_28' title="bbox 2088 1350 3744 1424">
     <span class='ocr_line' id='line_1_28' title="bbox 2088 1350 3744 1424; baseline 0.002 -21"><span class='ocrx_word' id='word_1_164' title='bbox 2088 1350 2290 1422; x_wconf 91' lang='lat' dir='ltr'><strong>ptione</strong></span> <span class='ocrx_word' id='word_1_165' title='bbox 2331 1352 2548 1406; x_wconf 89' lang='lat' dir='ltr'><strong>certior</strong></span> <span class='ocrx_word' id='word_1_166' title='bbox 2594 1352 2804 1418; x_wconf 87' lang='lat' dir='ltr'><strong>factus,</strong></span> <span class='ocrx_word' id='word_1_167' title='bbox 2854 1366 3070 1423; x_wconf 84' lang='lat' dir='ltr'><strong>magna</strong></span> <span class='ocrx_word' id='word_1_168' title='bbox 3115 1351 3426 1424; x_wconf 83' lang='lat' dir='ltr'><strong>diligentia</strong></span> <span class='ocrx_word' id='word_1_169' title='bbox 3472 1352 3545 1408; x_wconf 88' lang='lat' dir='ltr'><strong>ad</strong></span> <span class='ocrx_word' id='word_1_170' title='bbox 3584 1352 3744 1407; x_wconf 90' lang='lat' dir='ltr'><strong>vicos</strong></span> 
     </span>
    </p>
   </div>
   <div class='ocr_carea' id='block_1_29' title="bbox 2089 1439 3746 1514">
    <p class='ocr_par' dir='ltr' id='par_1_29' title="bbox 2089 1439 3746 1514">
     <span class='ocr_line' id='line_1_29' title="bbox 2089 1439 3746 1514; baseline 0.002 -21"><span class='ocrx_word' id='word_1_171' title='bbox 2089 1439 2430 1496; x_wconf 88' lang='lat' dir='ltr'><strong>limitaneos</strong></span> <span class='ocrx_word' id='word_1_172' title='bbox 2461 1442 2610 1498; x_wconf 72' lang='lat' dir='ltr'><strong>I95</strong></span> <span class='ocrx_word' id='word_1_173' title='bbox 2667 1459 2795 1497; x_wconf 89' lang='lat' dir='ltr'><strong>sese</strong></span> <span class='ocrx_word' id='word_1_174' title='bbox 2834 1441 3117 1509; x_wconf 85' lang='lat' dir='ltr'><strong>conferat,</strong></span> <span class='ocrx_word' id='word_1_175' title='bbox 3149 1442 3455 1514; x_wconf 77' lang='lat' dir='ltr'><strong>praamisso</strong></span> <span class='ocrx_word' id='word_1_176' title='bbox 3488 1448 3746 1497; x_wconf 89' lang='lat' dir='ltr'><strong>turmar-</strong></span> 
     </span>
    </p>
   </div>
   <div class='ocr_carea' id='block_1_30' title="bbox 2090 1531 3745 1604">
    <p class='ocr_par' dir='ltr' id='par_1_30' title="bbox 2090 1531 3745 1604">
     <span class='ocr_line' id='line_1_30' title="bbox 2090 1531 3745 1604; baseline 0 -18"><span class='ocrx_word' id='word_1_177' title='bbox 2090 1531 2201 1586; x_wconf 87' lang='lat' dir='ltr'><strong>cha</strong></span> <span class='ocrx_word' id='word_1_178' title='bbox 2229 1536 2334 1586; x_wconf 91' lang='lat' dir='ltr'><strong>aut</strong></span> <span class='ocrx_word' id='word_1_179' title='bbox 2362 1531 2562 1602; x_wconf 88' lang='lat' dir='ltr'><strong>aliquo</strong></span> <span class='ocrx_word' id='word_1_180' title='bbox 2592 1531 2892 1604; x_wconf 67' lang='lat' dir='ltr'><strong>praefecto,</strong></span> <span class='ocrx_word' id='word_1_181' title='bbox 2928 1547 2996 1586; x_wconf 84' lang='lat' dir='ltr'><strong>ex</strong></span> <span class='ocrx_word' id='word_1_182' title='bbox 3027 1532 3408 1603; x_wconf 88' lang='lat' dir='ltr'><strong>peritissimis</strong></span> <span class='ocrx_word' id='word_1_183' title='bbox 3440 1537 3498 1588; x_wconf 90' lang='lat' dir='ltr'><strong>et</strong></span> <span class='ocrx_word' id='word_1_184' title='bbox 3526 1533 3745 1603; x_wconf 88' lang='lat' dir='ltr'><strong>proba—</strong></span> 
     </span>
    </p>
   </div>
   <div class='ocr_carea' id='block_1_31' title="bbox 2089 1620 3744 1692">
    <p class='ocr_par' dir='ltr' id='par_1_31' title="bbox 2089 1620 3744 1692">
     <span class='ocr_line' id='line_1_31' title="bbox 2089 1620 3744 1692; baseline 0.001 -18"><span class='ocrx_word' id='word_1_185' title='bbox 2089 1620 2186 1690; x_wconf 86' lang='lat' dir='ltr'><strong>tis,</strong></span> <span class='ocrx_word' id='word_1_186' title='bbox 2213 1621 2313 1691; x_wconf 88' lang='lat' dir='ltr'><strong>qui</strong></span> <span class='ocrx_word' id='word_1_187' title='bbox 2345 1621 2696 1692; x_wconf 69' lang='lat' dir='ltr'><strong>prmpositos</strong></span> <span class='ocrx_word' id='word_1_188' title='bbox 2719 1621 2981 1675; x_wconf 86' lang='lat' dir='ltr'><strong>delectos</strong></span> <span class='ocrx_word' id='word_1_189' title='bbox 3004 1621 3295 1692; x_wconf 90' lang='lat' dir='ltr'><strong>bonisque</strong></span> <span class='ocrx_word' id='word_1_190' title='bbox 3319 1623 3488 1692; x_wconf 91' lang='lat' dir='ltr'><strong>equis</strong></span> <span class='ocrx_word' id='word_1_191' title='bbox 3519 1623 3744 1677; x_wconf 90' lang='lat' dir='ltr'><strong>instru-</strong></span> 
     </span>
    </p>
   </div>
   <div class='ocr_carea' id='block_1_32' title="bbox 2089 1710 3740 1784">
    <p class='ocr_par' dir='ltr' id='par_1_32' title="bbox 2089 1710 3740 1784">
     <span class='ocr_line' id='line_1_32' title="bbox 2089 1710 3740 1784; baseline 0.002 -19"><span class='ocrx_word' id='word_1_192' title='bbox 2089 1714 2212 1765; x_wconf 90' lang='lat' dir='ltr'><strong>ctos</strong></span> <span class='ocrx_word' id='word_1_193' title='bbox 2244 1727 2445 1765; x_wconf 90' lang='lat' dir='ltr'><strong>secum</strong></span> <span class='ocrx_word' id='word_1_194' title='bbox 2478 1711 2713 1775; x_wconf 90' lang='lat' dir='ltr'><strong>habeat,</strong></span> <span class='ocrx_word' id='word_1_195' title='bbox 2763 1715 2829 1765; x_wconf 89' lang='lat' dir='ltr'><strong>ut</strong></span> <span class='ocrx_word' id='word_1_196' title='bbox 2874 1710 3105 1765; x_wconf 89' lang='lat' dir='ltr'><strong>obviam</strong></span> <span class='ocrx_word' id='word_1_197' title='bbox 3138 1711 3258 1765; x_wconf 89' lang='lat' dir='ltr'><strong>illis</strong></span> <span class='ocrx_word' id='word_1_198' title='bbox 3289 1728 3637 1784; x_wconf 88' lang='lat' dir='ltr'><strong>progressus</strong></span> <span class='ocrx_word' id='word_1_199' title='bbox 3670 1730 3740 1769; x_wconf 83' lang='lat' dir='ltr'><strong>ex</strong></span> 
     </span>
    </p>
   </div>
   <div class='ocr_carea' id='block_1_33' title="bbox 2089 1798 3742 1870">
    <p class='ocr_par' dir='ltr' id='par_1_33' title="bbox 2089 1798 3742 1870">
     <span class='ocr_line' id='line_1_33' title="bbox 2089 1798 3742 1870; baseline 0.001 -16"><span class='ocrx_word' id='word_1_200' title='bbox 2089 1815 2200 1854; x_wconf 90' lang='lat' dir='ltr'><strong>usu</strong></span> <span class='ocrx_word' id='word_1_201' title='bbox 2229 1799 2470 1854; x_wconf 84' lang='lat' dir='ltr'><strong>militari</strong></span> <span class='ocrx_word' id='word_1_202' title='bbox 2499 1816 2600 1854; x_wconf 90' lang='lat' dir='ltr'><strong>eos</strong></span> <span class='ocrx_word' id='word_1_203' title='bbox 2623 1798 2981 1864; x_wconf 86' lang='lat' dir='ltr'><strong>consideret,</strong></span> <span class='ocrx_word' id='word_1_204' title='bbox 3001 1799 3291 1870; x_wconf 82' lang='lat' dir='ltr'><strong>juxtaque</strong></span> <span class='ocrx_word' id='word_1_205' title='bbox 3323 1816 3574 1856; x_wconf 89' lang='lat' dir='ltr'><strong>manens</strong></span> <span class='ocrx_word' id='word_1_206' title='bbox 3604 1801 3742 1857; x_wconf 89' lang='lat' dir='ltr'><strong>duci</strong></span> 
     </span>
    </p>
   </div>
   <div class='ocr_carea' id='block_1_34' title="bbox 327 1877 1975 1979">
    <p class='ocr_par' dir='ltr' id='par_1_34' title="bbox 327 1877 1975 1961">
     <span class='ocr_line' id='line_1_34' title="bbox 327 1877 1975 1961; baseline -0.006 -21"><span class='ocrx_word' id='word_1_207' title='bbox 327 1889 684 1961; x_wconf 83' lang='grc' dir='ltr'>παραμεῖναι,</span> <span class='ocrx_word' id='word_1_208' title='bbox 740 1883 831 1937; x_wconf 84' lang='grc' dir='ltr'>καὶ</span> <span class='ocrx_word' id='word_1_209' title='bbox 883 1886 963 1953; x_wconf 80' lang='grc' dir='ltr'>τῷ</span> <span class='ocrx_word' id='word_1_210' title='bbox 1027 1883 1320 1957; x_wconf 86' lang='grc' dir='ltr'>στρατηγῷ</span> <span class='ocrx_word' id='word_1_211' title='bbox 1395 1878 1764 1952; x_wconf 82' lang='grc' dir='ltr'>καταμηνύειν</span> <span class='ocrx_word' id='word_1_212' title='bbox 1824 1877 1877 1933; x_wconf 86' lang='grc' dir='ltr'><strong>ἐν</strong></span> <span class='ocrx_word' id='word_1_213' title='bbox 1937 1880 1975 1950; x_wconf 79' lang='grc' dir='ltr'>ᾧ</span> 
     </span>
    </p>
   </div>
   <div class='ocr_carea' id='block_1_35' title="bbox 2088 1877 3749 1979">
    <p class='ocr_par' dir='ltr' id='par_1_35' title="bbox 2094 1888 3749 1962">
     <span class='ocr_line' id='line_1_35' title="bbox 2094 1888 3749 1962; baseline 0.002 -20"><span class='ocrx_word' id='word_1_214' title='bbox 2094 1889 2416 1957; x_wconf 87' lang='lat' dir='ltr'><strong>renuntiet,</strong></span> <span class='ocrx_word' id='word_1_215' title='bbox 2441 1905 2574 1943; x_wconf 90' lang='lat' dir='ltr'><strong>cum</strong></span> <span class='ocrx_word' id='word_1_216' title='bbox 2597 1905 2776 1959; x_wconf 92' lang='lat' dir='ltr'><strong>quem</strong></span> <span class='ocrx_word' id='word_1_217' title='bbox 2796 1888 2993 1943; x_wconf 92' lang='lat' dir='ltr'><strong>locum</strong></span> <span class='ocrx_word' id='word_1_218' title='bbox 3020 1890 3308 1959; x_wconf 86' lang='lat' dir='ltr'><strong>ceperint,</strong></span> <span class='ocrx_word' id='word_1_219' title='bbox 3334 1891 3538 1957; x_wconf 91' lang='lat' dir='ltr'><strong>tum,si</strong></span> <span class='ocrx_word' id='word_1_220' title='bbox 3564 1890 3749 1962; x_wconf 91' lang='lat' dir='ltr'><strong>dispi-</strong></span> 
     </span>
    </p>
   </div>
   <div class='ocr_carea' id='block_1_36' title="bbox 323 1967 1980 2046">
    <p class='ocr_par' dir='ltr' id='par_1_36' title="bbox 323 1967 1980 2046">
     <span class='ocr_line' id='line_1_36' title="bbox 323 1967 1980 2046; baseline -0.004 -17"><span class='ocrx_word' id='word_1_221' title='bbox 323 1973 476 2046; x_wconf 80' lang='grc' dir='ltr'>τόπῳ</span> <span class='ocrx_word' id='word_1_222' title='bbox 505 1967 833 2041; x_wconf 88' lang='grc' dir='ltr'>κατέλαϐον,</span> <span class='ocrx_word' id='word_1_223' title='bbox 886 1971 931 2026; x_wconf 77' lang='grc' dir='ltr'><strong>εἰ</strong></span> <span class='ocrx_word' id='word_1_224' title='bbox 991 1968 1214 2025; x_wconf 89' lang='grc' dir='ltr'>δυνατὸν</span> <span class='ocrx_word' id='word_1_225' title='bbox 1269 1967 1602 2038; x_wconf 81' lang='grc' dir='ltr'>διασκοπεῖν,</span> <span class='ocrx_word' id='word_1_226' title='bbox 1635 1968 1724 2023; x_wconf 85' lang='grc' dir='ltr'><strong>καὶ</strong></span> <span class='ocrx_word' id='word_1_227' title='bbox 1753 1970 1854 2037; x_wconf 84' lang='grc' dir='ltr'><strong>τήν</strong></span> <span class='ocrx_word' id='word_1_228' title='bbox 1883 1973 1980 2023; x_wconf 68' lang='grc' dir='ltr'><strong>τοό</strong></span> 
     </span>
    </p>
   </div>
   <div class='ocr_carea' id='block_1_37' title="bbox 326 2059 1980 2134">
    <p class='ocr_par' dir='ltr' id='par_1_37' title="bbox 326 2059 1980 2134">
     <span class='ocr_line' id='line_1_37' title="bbox 326 2059 1980 2134; baseline -0.005 -14"><span class='ocrx_word' id='word_1_229' title='bbox 326 2063 462 2120; x_wconf 89' lang='grc' dir='ltr'>λαοῦ</span> <span class='ocrx_word' id='word_1_230' title='bbox 490 2063 666 2118; x_wconf 77' lang='grc' dir='ltr'>αὐτῶν</span> <span class='ocrx_word' id='word_1_231' title='bbox 715 2059 1015 2132; x_wconf 79' lang='grc' dir='ltr'>ποσότητα.</span> <span class='ocrx_word' id='word_1_232' title='bbox 1076 2059 1153 2117; x_wconf 81' lang='grc' dir='ltr'>Οὐ</span> <span class='ocrx_word' id='word_1_233' title='bbox 1215 2059 1380 2132; x_wconf 91' lang='grc' dir='ltr'>μόνον</span> <span class='ocrx_word' id='word_1_234' title='bbox 1439 2059 1543 2134; x_wconf 71' lang='grc' dir='ltr'>γὰρ</span> <span class='ocrx_word' id='word_1_235' title='bbox 1595 2059 1700 2112; x_wconf 87' lang='grc' dir='ltr'>ἀπὸ</span> <span class='ocrx_word' id='word_1_236' title='bbox 1727 2065 1830 2127; x_wconf 84' lang='grc' dir='ltr'><strong>τῆς</strong></span> <span class='ocrx_word' id='word_1_237' title='bbox 1859 2060 1980 2120; x_wconf 87' lang='grc' dir='ltr'>θέας</span> 
     </span>
    </p>
   </div>
   <div class='ocr_carea' id='block_1_38' title="bbox 326 2147 1978 2225">
    <p class='ocr_par' dir='ltr' id='par_1_38' title="bbox 326 2147 1978 2225">
     <span class='ocr_line' id='line_1_38' title="bbox 326 2147 1978 2225; baseline -0.004 -17"><span class='ocrx_word' id='word_1_238' title='bbox 326 2150 548 2208; x_wconf 87' lang='grc' dir='ltr'>δυνατόν</span> <span class='ocrx_word' id='word_1_239' title='bbox 635 2151 778 2207; x_wconf 83' lang='grc' dir='ltr'>ἐστιν</span> <span class='ocrx_word' id='word_1_240' title='bbox 858 2151 1158 2225; x_wconf 84' lang='grc' dir='ltr'>ἀριθμῆσαι</span> <span class='ocrx_word' id='word_1_241' title='bbox 1235 2147 1431 2210; x_wconf 80' lang='grc' dir='ltr'>αὐτοὺς</span> <span class='ocrx_word' id='word_1_242' title='bbox 1487 2149 1574 2203; x_wconf 84' lang='grc' dir='ltr'>καὶ</span> <span class='ocrx_word' id='word_1_243' title='bbox 1632 2150 1978 2224; x_wconf 81' lang='grc' dir='ltr'>καταστοχά-</span> 
     </span>
    </p>
   </div>
   <div class='ocr_carea' id='block_1_39' title="bbox 326 2236 1978 2313">
    <p class='ocr_par' dir='ltr' id='par_1_39' title="bbox 326 2236 1978 2313">
     <span class='ocr_line' id='line_1_39' title="bbox 326 2236 1978 2313; baseline -0.004 -16"><span class='ocrx_word' id='word_1_244' title='bbox 326 2243 539 2313; x_wconf 83' lang='grc' dir='ltr'>σασθαι,</span> <span class='ocrx_word' id='word_1_245' title='bbox 595 2239 740 2296; x_wconf 73' lang='grc' dir='ltr'>ἀλλὰ</span> <span class='ocrx_word' id='word_1_246' title='bbox 767 2239 858 2294; x_wconf 82' lang='grc' dir='ltr'><strong>καὶ</strong></span> <span class='ocrx_word' id='word_1_247' title='bbox 889 2238 948 2294; x_wconf 84' lang='grc' dir='ltr'><strong>ἐκ</strong></span> <span class='ocrx_word' id='word_1_248' title='bbox 1001 2245 1101 2308; x_wconf 87' lang='grc' dir='ltr'><strong>τῆς</strong></span> <span class='ocrx_word' id='word_1_249' title='bbox 1147 2237 1359 2293; x_wconf 88' lang='grc' dir='ltr'>τούτων</span> <span class='ocrx_word' id='word_1_250' title='bbox 1389 2236 1591 2306; x_wconf 81' lang='grc' dir='ltr'>ὁπλῆς.</span> <span class='ocrx_word' id='word_1_251' title='bbox 1626 2238 1850 2308; x_wconf 78' lang='grc' dir='ltr'>Πλῆθος</span> <span class='ocrx_word' id='word_1_252' title='bbox 1877 2237 1978 2313; x_wconf 77' lang='grc' dir='ltr'><strong>γὰρ</strong></span> 
     </span>
    </p>
   </div>
   <div class='ocr_carea' id='block_1_40' title="bbox 326 2323 1974 2404">
    <p class='ocr_par' dir='ltr' id='par_1_40' title="bbox 326 2323 1974 2404">
     <span class='ocr_line' id='line_1_40' title="bbox 326 2323 1974 2404; baseline -0.002 -20"><span class='ocrx_word' id='word_1_253' title='bbox 326 2329 535 2404; x_wconf 83' lang='grc' dir='ltr'>χόρτου</span> <span class='ocrx_word' id='word_1_254' title='bbox 565 2326 820 2404; x_wconf 76' lang='grc' dir='ltr'>ἐρημίαις</span> <span class='ocrx_word' id='word_1_255' title='bbox 855 2325 1125 2401; x_wconf 77' lang='grc' dir='ltr'>ὑπάρχον,</span> <span class='ocrx_word' id='word_1_256' title='bbox 1175 2323 1264 2379; x_wconf 87' lang='grc' dir='ltr'>καὶ</span> <span class='ocrx_word' id='word_1_257' title='bbox 1307 2328 1425 2386; x_wconf 84' lang='grc' dir='ltr'>τοῖς</span> <span class='ocrx_word' id='word_1_258' title='bbox 1465 2324 1594 2378; x_wconf 86' lang='grc' dir='ltr'>ποσὶ</span> <span class='ocrx_word' id='word_1_259' title='bbox 1625 2327 1729 2377; x_wconf 79' lang='grc' dir='ltr'>τῶν</span> <span class='ocrx_word' id='word_1_260' title='bbox 1762 2323 1974 2398; x_wconf 86' lang='grc' dir='ltr'>ἀλόγων</span> 
     </span>
    </p>
   </div>
   <div class='ocr_carea' id='block_1_41' title="bbox 316 2412 1980 2491">
    <p class='ocr_par' dir='ltr' id='par_1_41' title="bbox 316 2412 1980 2491">
     <span class='ocr_line' id='line_1_41' title="bbox 316 2412 1980 2491; baseline -0.002 -19"><span class='ocrx_word' id='word_1_261' title='bbox 316 2417 823 2491; x_wconf 74' lang='grc' dir='ltr'>καταπατούμενον,</span> <span class='ocrx_word' id='word_1_262' title='bbox 858 2419 910 2472; x_wconf 78' lang='grc' dir='ltr'>οὶ</span> <span class='ocrx_word' id='word_1_263' title='bbox 955 2420 1065 2470; x_wconf 81' lang='grc' dir='ltr'><strong>τῶν</strong></span> <span class='ocrx_word' id='word_1_264' title='bbox 1119 2412 1328 2490; x_wconf 83' lang='grc' dir='ltr'>ἀνδρῶν</span> <span class='ocrx_word' id='word_1_265' title='bbox 1372 2412 1756 2490; x_wconf 87' lang='grc' dir='ltr'>ἐμπειρότατοι</span> <span class='ocrx_word' id='word_1_266' title='bbox 1791 2412 1980 2469; x_wconf 84' lang='grc' dir='ltr'>δύναν-</span> 
     </span>
    </p>
   </div>
   <div class='ocr_carea' id='block_1_42' title="bbox 318 2501 1974 2576">
    <p class='ocr_par' dir='ltr' id='par_1_42' title="bbox 318 2501 1974 2576">
     <span class='ocr_line' id='line_1_42' title="bbox 318 2501 1974 2576; baseline -0.003 -14"><span class='ocrx_word' id='word_1_267' title='bbox 318 2529 405 2562; x_wconf 81' lang='grc' dir='ltr'><strong>ται</strong></span> <span class='ocrx_word' id='word_1_268' title='bbox 453 2505 512 2562; x_wconf 89' lang='grc' dir='ltr'><strong>ἐκ</strong></span> <span class='ocrx_word' id='word_1_269' title='bbox 565 2508 764 2561; x_wconf 80' lang='grc' dir='ltr'>τούτου</span> <span class='ocrx_word' id='word_1_270' title='bbox 817 2507 918 2574; x_wconf 81' lang='grc' dir='ltr'>τήν</span> <span class='ocrx_word' id='word_1_271' title='bbox 975 2507 1074 2560; x_wconf 89' lang='grc' dir='ltr'><strong>τοῦ</strong></span> <span class='ocrx_word' id='word_1_272' title='bbox 1129 2501 1264 2560; x_wconf 78' lang='grc' dir='ltr'>λαοῦ</span> <span class='ocrx_word' id='word_1_273' title='bbox 1320 2504 1622 2574; x_wconf 85' lang='grc' dir='ltr'>ποσότητα,</span> <span class='ocrx_word' id='word_1_274' title='bbox 1674 2501 1724 2557; x_wconf 74' lang='grc' dir='ltr'>εἴ</span> <span class='ocrx_word' id='word_1_275' title='bbox 1770 2506 1862 2557; x_wconf 86' lang='grc' dir='ltr'><strong>καί</strong></span> <span class='ocrx_word' id='word_1_276' title='bbox 1899 2505 1974 2576; x_wconf 81' lang='grc' dir='ltr'>μή</span> 
     </span>
    </p>
   </div>
   <div class='ocr_carea' id='block_1_43' title="bbox 319 2587 1976 2667">
    <p class='ocr_par' dir='ltr' id='par_1_43' title="bbox 319 2587 1976 2667">
     <span class='ocr_line' id='line_1_43' title="bbox 319 2587 1976 2667; baseline -0.002 -19"><span class='ocrx_word' id='word_1_277' title='bbox 319 2588 582 2667; x_wconf 80' lang='grc' dir='ltr'>ἀκριϐῶς,</span> <span class='ocrx_word' id='word_1_278' title='bbox 643 2591 1176 2667; x_wconf 76' lang='grc' dir='ltr'>καταστοχάτασθαι.</span> <span class='ocrx_word' id='word_1_279' title='bbox 1223 2589 1498 2654; x_wconf 80' lang='grc' dir='ltr'>Ὡσαύτως</span> <span class='ocrx_word' id='word_1_280' title='bbox 1546 2587 1603 2645; x_wconf 75' lang='grc' dir='ltr'>δὲ</span> <span class='ocrx_word' id='word_1_281' title='bbox 1649 2589 1741 2644; x_wconf 81' lang='grc' dir='ltr'><strong>καὶ</strong></span> <span class='ocrx_word' id='word_1_282' title='bbox 1772 2589 1822 2644; x_wconf 84' lang='grc' dir='ltr'><strong>ἐν</strong></span> <span class='ocrx_word' id='word_1_283' title='bbox 1855 2596 1976 2652; x_wconf 84' lang='grc' dir='ltr'>τοῖς</span> 
     </span>
    </p>
   </div>
   <div class='ocr_carea' id='block_1_44' title="bbox 317 2674 1978 2757">
    <p class='ocr_par' dir='ltr' id='par_1_44' title="bbox 317 2674 1978 2757">
     <span class='ocr_line' id='line_1_44' title="bbox 317 2674 1978 2757; baseline -0.001 -21"><span class='ocrx_word' id='word_1_284' title='bbox 317 2688 425 2736; x_wconf 77' lang='grc' dir='ltr'>τῶν</span> <span class='ocrx_word' id='word_1_285' title='bbox 484 2686 568 2757; x_wconf 87' lang='grc' dir='ltr'><strong>[Ρ.</strong></span> <span class='ocrx_word' id='word_1_286' title='bbox 604 2685 728 2756; x_wconf 81' lang='grc'>126]</span> <span class='ocrx_word' id='word_1_287' title='bbox 787 2684 1052 2755; x_wconf 81' lang='grc' dir='ltr'>ποταμῶν</span> <span class='ocrx_word' id='word_1_288' title='bbox 1109 2679 1432 2756; x_wconf 71' lang='grc' dir='ltr'>περάμασινο</span> <span class='ocrx_word' id='word_1_289' title='bbox 1492 2674 1873 2755; x_wconf 86' lang='grc' dir='ltr'>ἀκριϐέστερον</span> <span class='ocrx_word' id='word_1_290' title='bbox 1921 2677 1978 2734; x_wconf 75' lang='grc' dir='ltr'>δὲ</span> 
     </span>
    </p>
   </div>
   <div class='ocr_carea' id='block_1_45' title="bbox 319 2766 1974 2840">
    <p class='ocr_par' dir='ltr' id='par_1_45' title="bbox 319 2766 1974 2840">
     <span class='ocr_line' id='line_1_45' title="bbox 319 2766 1974 2840; baseline -0.001 -15"><span class='ocrx_word' id='word_1_291' title='bbox 319 2772 409 2825; x_wconf 82' lang='grc' dir='ltr'><strong>καὶ</strong></span> <span class='ocrx_word' id='word_1_292' title='bbox 443 2773 546 2826; x_wconf 83' lang='grc' dir='ltr'><strong>ἀπὸ</strong></span> <span class='ocrx_word' id='word_1_293' title='bbox 593 2776 701 2826; x_wconf 82' lang='grc' dir='ltr'>τῶν</span> <span class='ocrx_word' id='word_1_294' title='bbox 746 2769 954 2826; x_wconf 83' lang='grc' dir='ltr'>τούτων</span> <span class='ocrx_word' id='word_1_295' title='bbox 1006 2767 1327 2840; x_wconf 79' lang='grc' dir='ltr'>ἅπλήκτων,</span> <span class='ocrx_word' id='word_1_296' title='bbox 1374 2769 1536 2838; x_wconf 75' lang='grc' dir='ltr'>ἡνίκα</span> <span class='ocrx_word' id='word_1_297' title='bbox 1571 2766 1771 2832; x_wconf 79' lang='grc' dir='ltr'>ἐκεῖθεν</span> <span class='ocrx_word' id='word_1_298' title='bbox 1806 2769 1974 2823; x_wconf 69' lang='grc' dir='ltr'>ἃπαί-</span> 
     </span>
    </p>
   </div>
   <div class='ocr_carea' id='block_1_46' title="bbox 324 2857 1973 2936">
    <p class='ocr_par' dir='ltr' id='par_1_46' title="bbox 324 2857 1973 2936">
     <span class='ocr_line' id='line_1_46' title="bbox 324 2857 1973 2936; baseline -0.001 -22"><span class='ocrx_word' id='word_1_299' title='bbox 324 2881 531 2936; x_wconf 78' lang='grc' dir='ltr'>ρουσιν.</span> <span class='ocrx_word' id='word_1_300' title='bbox 563 2862 625 2918; x_wconf 73' lang='grc' dir='ltr'><strong>Ὀ</strong></span> <span class='ocrx_word' id='word_1_301' title='bbox 656 2859 712 2916; x_wconf 72' lang='grc' dir='ltr'>δὶ</span> <span class='ocrx_word' id='word_1_302' title='bbox 758 2860 1078 2935; x_wconf 86' lang='grc' dir='ltr'>στρατηγὸς,</span> <span class='ocrx_word' id='word_1_303' title='bbox 1125 2863 1221 2914; x_wconf 73' lang='grc' dir='ltr'><strong>τοῦ</strong></span> <span class='ocrx_word' id='word_1_304' title='bbox 1281 2860 1521 2934; x_wconf 87' lang='grc' dir='ltr'>κούρσου</span> <span class='ocrx_word' id='word_1_305' title='bbox 1549 2863 1655 2913; x_wconf 80' lang='grc' dir='ltr'>τῶν</span> <span class='ocrx_word' id='word_1_306' title='bbox 1689 2857 1973 2932; x_wconf 87' lang='grc' dir='ltr'>πολεμίων</span> 
     </span>
    </p>
   </div>
   <div class='ocr_carea' id='block_1_47' title="bbox 322 2948 1974 3027">
    <p class='ocr_par' dir='ltr' id='par_1_47' title="bbox 322 2948 1974 3027">
     <span class='ocr_line' id='line_1_47' title="bbox 322 2948 1974 3027; baseline -0.001 -24"><span class='ocrx_word' id='word_1_307' title='bbox 322 2951 424 3019; x_wconf 76' lang='grc' dir='ltr'>τὴν</span> <span class='ocrx_word' id='word_1_308' title='bbox 481 2949 656 3027; x_wconf 75' lang='grc' dir='ltr'>ἄφιξιν</span> <span class='ocrx_word' id='word_1_309' title='bbox 709 2951 1116 3024; x_wconf 80' lang='grc' dir='ltr'>ἆναμανθάνων,</span> <span class='ocrx_word' id='word_1_310' title='bbox 1173 2949 1264 3004; x_wconf 87' lang='grc' dir='ltr'><strong>καὶ</strong></span> <span class='ocrx_word' id='word_1_311' title='bbox 1321 2954 1428 3003; x_wconf 83' lang='grc' dir='ltr'>τῶν</span> <span class='ocrx_word' id='word_1_312' title='bbox 1489 2949 1736 3024; x_wconf 89' lang='grc' dir='ltr'>χωρίων,</span> <span class='ocrx_word' id='word_1_313' title='bbox 1794 2948 1845 3004; x_wconf 86' lang='grc' dir='ltr'><strong>ἐν</strong></span> <span class='ocrx_word' id='word_1_314' title='bbox 1894 2949 1974 3012; x_wconf 77' lang='grc' dir='ltr'>οἷς</span> 
     </span>
    </p>
   </div>
   <div class='ocr_carea' id='block_1_48' title="bbox 324 3037 1972 3116">
    <p class='ocr_par' dir='ltr' id='par_1_48' title="bbox 324 3037 1972 3116">
     <span class='ocr_line' id='line_1_48' title="bbox 324 3037 1972 3116; baseline -0.001 -21"><span class='ocrx_word' id='word_1_315' title='bbox 324 3041 420 3102; x_wconf 75' lang='grc' dir='ltr'><strong>τὰς</strong></span> <span class='ocrx_word' id='word_1_316' title='bbox 477 3038 748 3116; x_wconf 75' lang='grc' dir='ltr'>ἐκδρομὰς</span> <span class='ocrx_word' id='word_1_317' title='bbox 805 3041 1133 3111; x_wconf 80' lang='grc' dir='ltr'>ποιήσασθαι</span> <span class='ocrx_word' id='word_1_318' title='bbox 1201 3037 1490 3111; x_wconf 89' lang='grc' dir='ltr'>μέλλουσι,</span> <span class='ocrx_word' id='word_1_319' title='bbox 1545 3038 1972 3114; x_wconf 74' lang='grc' dir='ltr'>στοχασάμενος,</span> 
     </span>
    </p>
   </div>
   <div class='ocr_carea' id='block_1_49' title="bbox 320 3127 1973 3204">
    <p class='ocr_par' dir='ltr' id='par_1_49' title="bbox 320 3127 1973 3204">
     <span class='ocr_line' id='line_1_49' title="bbox 320 3127 1973 3204; baseline -0.001 -20"><span class='ocrx_word' id='word_1_320' title='bbox 320 3129 556 3198; x_wconf 84' lang='grc' dir='ltr'>πλησίον</span> <span class='ocrx_word' id='word_1_321' title='bbox 615 3130 821 3184; x_wconf 86' lang='grc' dir='ltr'>τούτων</span> <span class='ocrx_word' id='word_1_322' title='bbox 876 3129 1125 3204; x_wconf 86' lang='grc' dir='ltr'>γινέσθω·</span> <span class='ocrx_word' id='word_1_323' title='bbox 1203 3129 1292 3184; x_wconf 80' lang='grc' dir='ltr'><strong>καὶ</strong></span> <span class='ocrx_word' id='word_1_324' title='bbox 1353 3128 1404 3182; x_wconf 90' lang='grc' dir='ltr'><strong>ἐν</strong></span> <span class='ocrx_word' id='word_1_325' title='bbox 1476 3127 1771 3200; x_wconf 82' lang='grc' dir='ltr'>ἐπιτηδείῳ</span> <span class='ocrx_word' id='word_1_326' title='bbox 1818 3129 1973 3201; x_wconf 83' lang='grc' dir='ltr'>τόπῳ</span> 
     </span>
    </p>
   </div>
   <div class='ocr_carea' id='block_1_50' title="bbox 321 3215 1973 3294">
    <p class='ocr_par' dir='ltr' id='par_1_50' title="bbox 321 3215 1973 3294">
     <span class='ocr_line' id='line_1_50' title="bbox 321 3215 1973 3294; baseline -0.002 -19"><span class='ocrx_word' id='word_1_327' title='bbox 321 3218 510 3275; x_wconf 66' lang='grc' dir='ltr'>ἑαυτὸν</span> <span class='ocrx_word' id='word_1_328' title='bbox 540 3218 864 3294; x_wconf 83' lang='grc' dir='ltr'>ἀποκρύψας</span> <span class='ocrx_word' id='word_1_329' title='bbox 929 3220 1064 3292; x_wconf 84' lang='grc' dir='ltr'>μετᾶ</span> <span class='ocrx_word' id='word_1_330' title='bbox 1116 3222 1215 3273; x_wconf 90' lang='grc' dir='ltr'><strong>τοῦ</strong></span> <span class='ocrx_word' id='word_1_331' title='bbox 1273 3215 1410 3272; x_wconf 89' lang='grc' dir='ltr'>λαοῦ</span> <span class='ocrx_word' id='word_1_332' title='bbox 1462 3219 1656 3290; x_wconf 84' lang='grc' dir='ltr'>αὐτοῦ,</span> <span class='ocrx_word' id='word_1_333' title='bbox 1693 3217 1886 3294; x_wconf 87' lang='grc' dir='ltr'>βίγλας</span> <span class='ocrx_word' id='word_1_334' title='bbox 1913 3239 1973 3272; x_wconf 90' lang='grc' dir='ltr'><strong>τε</strong></span> 
     </span>
    </p>
   </div>
   <div class='ocr_carea' id='block_1_51' title="bbox 316 3275 2054 3384">
    <p class='ocr_par' dir='ltr' id='par_1_51' title="bbox 316 3275 2054 3384">
     <span class='ocr_line' id='line_1_51' title="bbox 316 3275 2054 3384; baseline -0.001 -21"><span class='ocrx_word' id='word_1_335' title='bbox 316 3275 710 3383; x_wconf 69' lang='grc' dir='ltr'>καϐαλλαρίων</span> <span class='ocrx_word' id='word_1_336' title='bbox 769 3275 1053 3384; x_wconf 59' lang='grc' dir='ltr'><strong>⁸πανταχοῦ</strong></span> <span class='ocrx_word' id='word_1_337' title='bbox 1107 3307 1454 3376; x_wconf 79' lang='grc' dir='ltr'>ἀποστείλας,</span> <span class='ocrx_word' id='word_1_338' title='bbox 1509 3275 1843 3382; x_wconf 41' lang='grc' dir='ltr'>ἡνίκαιπέρὶ</span> <span class='ocrx_word' id='word_1_339' title='bbox 1875 3307 1971 3362; x_wconf 79' lang='grc' dir='ltr'><strong>αὖ·</strong></span> <span class='ocrx_word' id='word_1_340' title='bbox 2013 3275 2054 3341; x_wconf 80' lang='lat' dir='ltr'>C</span> 
     </span>
    </p>
   </div>
   <div class='ocr_carea' id='block_1_52' title="bbox 320 3397 1974 3471">
    <p class='ocr_par' dir='ltr' id='par_1_52' title="bbox 320 3397 1974 3471">
     <span class='ocr_line' id='line_1_52' title="bbox 320 3397 1974 3471; baseline -0.002 -17"><span class='ocrx_word' id='word_1_341' title='bbox 320 3404 427 3454; x_wconf 84' lang='grc' dir='ltr'>τῶν</span> <span class='ocrx_word' id='word_1_342' title='bbox 488 3400 926 3471; x_wconf 87' lang='grc' dir='ltr'>καταμηνυθείη,</span> <span class='ocrx_word' id='word_1_343' title='bbox 984 3397 1073 3452; x_wconf 91' lang='grc' dir='ltr'><strong>καὶ</strong></span> <span class='ocrx_word' id='word_1_344' title='bbox 1145 3399 1404 3452; x_wconf 73' lang='grc' dir='ltr'>διαθῶσιν</span> <span class='ocrx_word' id='word_1_345' title='bbox 1460 3397 1828 3471; x_wconf 80' lang='grc' dir='ltr'>ἐξελαύνοντες</span> <span class='ocrx_word' id='word_1_346' title='bbox 1884 3397 1974 3453; x_wconf 87' lang='grc' dir='ltr'><strong>καὶ</strong></span> 
     </span>
    </p>
   </div>
   <div class='ocr_carea' id='block_1_53' title="bbox 316 3485 1973 3562">
    <p class='ocr_par' dir='ltr' id='par_1_53' title="bbox 316 3485 1973 3562">
     <span class='ocr_line' id='line_1_53' title="bbox 316 3485 1973 3562; baseline -0.001 -20"><span class='ocrx_word' id='word_1_347' title='bbox 316 3485 859 3562; x_wconf 83' lang='grc' dir='ltr'>διασκορπιζόμενοι,</span> <span class='ocrx_word' id='word_1_348' title='bbox 895 3486 1087 3561; x_wconf 77' lang='grc' dir='ltr'>ἐξέλθῃ</span> <span class='ocrx_word' id='word_1_349' title='bbox 1121 3486 1199 3548; x_wconf 72' lang='grc' dir='ltr'>εἷς</span> <span class='ocrx_word' id='word_1_350' title='bbox 1245 3487 1310 3541; x_wconf 90' lang='grc' dir='ltr'>τὸ</span> <span class='ocrx_word' id='word_1_351' title='bbox 1354 3487 1689 3557; x_wconf 87' lang='grc' dir='ltr'>σκόρπισμα,</span> <span class='ocrx_word' id='word_1_352' title='bbox 1720 3486 1808 3542; x_wconf 85' lang='grc' dir='ltr'><strong>καὶ</strong></span> <span class='ocrx_word' id='word_1_353' title='bbox 1839 3485 1973 3541; x_wconf 86' lang='grc' dir='ltr'>τού-</span> 
     </span>
    </p>
   </div>
   <div class='ocr_carea' id='block_1_54' title="bbox 315 3574 1970 3652">
    <p class='ocr_par' dir='ltr' id='par_1_54' title="bbox 315 3574 1970 3652">
     <span class='ocr_line' id='line_1_54' title="bbox 315 3574 1970 3652; baseline -0.001 -21"><span class='ocrx_word' id='word_1_354' title='bbox 315 3598 432 3640; x_wconf 86' lang='grc' dir='ltr'>τοις</span> <span class='ocrx_word' id='word_1_355' title='bbox 488 3576 836 3651; x_wconf 74' lang='grc' dir='ltr'>ἐντυγχάνων</span> <span class='ocrx_word' id='word_1_356' title='bbox 897 3575 1114 3638; x_wconf 82' lang='grc' dir='ltr'>ἀπόνως</span> <span class='ocrx_word' id='word_1_357' title='bbox 1172 3574 1367 3637; x_wconf 75' lang='grc' dir='ltr'>αὐτοὺς</span> <span class='ocrx_word' id='word_1_358' title='bbox 1425 3576 1876 3652; x_wconf 87' lang='grc' dir='ltr'>καταγωνίσεται.</span> <span class='ocrx_word' id='word_1_359' title='bbox 1911 3575 1970 3632; x_wconf 84' lang='grc' dir='ltr'><strong>Εἰ</strong></span> 
     </span>
    </p>
   </div>
   <div class='ocr_carea' id='block_1_55' title="bbox 315 3661 1970 3741">
    <p class='ocr_par' dir='ltr' id='par_1_55' title="bbox 315 3661 1970 3741">
     <span class='ocr_line' id='line_1_55' title="bbox 315 3661 1970 3741; baseline -0.001 -20"><span class='ocrx_word' id='word_1_360' title='bbox 315 3664 370 3721; x_wconf 72' lang='grc' dir='ltr'>δὲ</span> <span class='ocrx_word' id='word_1_361' title='bbox 403 3661 585 3740; x_wconf 79' lang='grc' dir='ltr'>συμϐῃ</span> <span class='ocrx_word' id='word_1_362' title='bbox 639 3687 790 3728; x_wconf 91' lang='grc' dir='ltr'>τινας</span> <span class='ocrx_word' id='word_1_363' title='bbox 844 3669 952 3719; x_wconf 82' lang='grc' dir='ltr'>τῶν</span> <span class='ocrx_word' id='word_1_364' title='bbox 1017 3669 1274 3740; x_wconf 83' lang='grc' dir='ltr'>χωριτῶν</span> <span class='ocrx_word' id='word_1_365' title='bbox 1332 3671 1668 3741; x_wconf 81' lang='grc' dir='ltr'>κρατηθῆναι</span> <span class='ocrx_word' id='word_1_366' title='bbox 1715 3667 1844 3741; x_wconf 87' lang='grc' dir='ltr'>παρ’</span> <span class='ocrx_word' id='word_1_367' title='bbox 1874 3663 1970 3719; x_wconf 76' lang='grc' dir='ltr'><strong>αὖ·</strong></span> 
     </span>
    </p>
   </div>
   <div class='ocr_carea' id='block_1_56' title="bbox 308 3753 1971 3830">
    <p class='ocr_par' dir='ltr' id='par_1_56' title="bbox 308 3753 1971 3830">
     <span class='ocr_line' id='line_1_56' title="bbox 308 3753 1971 3830; baseline -0.002 -19"><span class='ocrx_word' id='word_1_368' title='bbox 308 3761 416 3812; x_wconf 82' lang='grc' dir='ltr'><strong>τῶν</strong></span> <span class='ocrx_word' id='word_1_369' title='bbox 477 3757 584 3830; x_wconf 88' lang='grc' dir='ltr'><strong>πρὸ</strong></span> <span class='ocrx_word' id='word_1_370' title='bbox 640 3759 739 3810; x_wconf 86' lang='grc' dir='ltr'><strong>τοῦ</strong></span> <span class='ocrx_word' id='word_1_371' title='bbox 795 3753 1065 3828; x_wconf 68' lang='grc' dir='ltr'>ἐξελάσαι,</span> <span class='ocrx_word' id='word_1_372' title='bbox 1123 3753 1212 3810; x_wconf 82' lang='grc' dir='ltr'><strong>καὶ</strong></span> <span class='ocrx_word' id='word_1_373' title='bbox 1273 3754 1569 3827; x_wconf 83' lang='grc' dir='ltr'>ἀναμαθεῖν</span> <span class='ocrx_word' id='word_1_374' title='bbox 1627 3757 1730 3824; x_wconf 79' lang='grc' dir='ltr'><strong>τήν</strong></span> <span class='ocrx_word' id='word_1_375' title='bbox 1785 3775 1845 3809; x_wconf 86' lang='grc' dir='ltr'><strong>τε</strong></span> <span class='ocrx_word' id='word_1_376' title='bbox 1873 3758 1971 3809; x_wconf 92' lang='grc' dir='ltr'><strong>τοῦ</strong></span> 
     </span>
    </p>
   </div>
   <div class='ocr_carea' id='block_1_57' title="bbox 2091 1976 3743 2049">
    <p class='ocr_par' dir='ltr' id='par_1_57' title="bbox 2091 1976 3743 2049">
     <span class='ocr_line' id='line_1_57' title="bbox 2091 1976 3743 2049; baseline 0.002 -17"><span class='ocrx_word' id='word_1_377' title='bbox 2091 1993 2221 2032; x_wconf 92' lang='lat' dir='ltr'><strong>cere</strong></span> <span class='ocrx_word' id='word_1_378' title='bbox 2244 1976 2303 2032; x_wconf 92' lang='lat' dir='ltr'><strong>id</strong></span> <span class='ocrx_word' id='word_1_379' title='bbox 2325 1994 2560 2048; x_wconf 91' lang='lat' dir='ltr'><strong>quoque</strong></span> <span class='ocrx_word' id='word_1_380' title='bbox 2592 1982 2805 2049; x_wconf 89' lang='lat' dir='ltr'><strong>potest,</strong></span> <span class='ocrx_word' id='word_1_381' title='bbox 2832 1994 3036 2032; x_wconf 89' lang='lat' dir='ltr'><strong>eorum</strong></span> <span class='ocrx_word' id='word_1_382' title='bbox 3057 1977 3377 2033; x_wconf 90' lang='lat' dir='ltr'><strong>multitudo</strong></span> <span class='ocrx_word' id='word_1_383' title='bbox 3400 1986 3623 2049; x_wconf 90' lang='lat' dir='ltr'><strong>quanta</strong></span> <span class='ocrx_word' id='word_1_384' title='bbox 3645 1981 3743 2036; x_wconf 89' lang='lat' dir='ltr'><strong>sit.</strong></span> 
     </span>
    </p>
   </div>
   <div class='ocr_carea' id='block_1_58' title="bbox 2091 2066 3746 2125">
    <p class='ocr_par' dir='ltr' id='par_1_58' title="bbox 2091 2066 3746 2125">
     <span class='ocr_line' id='line_1_58' title="bbox 2091 2066 3746 2125; baseline 0.003 -5"><span class='ocrx_word' id='word_1_385' title='bbox 2091 2068 2216 2120; x_wconf 88' lang='lat' dir='ltr'><strong>Non</strong></span> <span class='ocrx_word' id='word_1_386' title='bbox 2249 2066 2443 2121; x_wconf 89' lang='lat' dir='ltr'><strong>solum</strong></span> <span class='ocrx_word' id='word_1_387' title='bbox 2481 2067 2641 2121; x_wconf 89' lang='lat' dir='ltr'><strong>enim</strong></span> <span class='ocrx_word' id='word_1_388' title='bbox 2696 2083 2764 2120; x_wconf 84' lang='lat' dir='ltr'><strong>ex</strong></span> <span class='ocrx_word' id='word_1_389' title='bbox 2816 2067 2944 2121; x_wconf 86' lang='lat' dir='ltr'><strong>visu</strong></span> <span class='ocrx_word' id='word_1_390' title='bbox 2999 2083 3319 2122; x_wconf 88' lang='lat' dir='ltr'><strong>numerum</strong></span> <span class='ocrx_word' id='word_1_391' title='bbox 3349 2084 3556 2124; x_wconf 89' lang='lat' dir='ltr'><strong>eorum</strong></span> <span class='ocrx_word' id='word_1_392' title='bbox 3593 2069 3746 2125; x_wconf 87' lang='lat' dir='ltr'><strong>inire</strong></span> 
     </span>
    </p>
   </div>
   <div class='ocr_carea' id='block_1_59' title="bbox 2088 2155 3743 2228">
    <p class='ocr_par' dir='ltr' id='par_1_59' title="bbox 2088 2155 3743 2228">
     <span class='ocr_line' id='line_1_59' title="bbox 2088 2155 3743 2228; baseline 0.003 -19"><span class='ocrx_word' id='word_1_393' title='bbox 2088 2161 2266 2226; x_wconf 89' lang='lat' dir='ltr'><strong>atque</strong></span> <span class='ocrx_word' id='word_1_394' title='bbox 2287 2156 2581 2211; x_wconf 67' lang='lat' dir='ltr'><strong>mstimare</strong></span> <span class='ocrx_word' id='word_1_395' title='bbox 2611 2155 2979 2223; x_wconf 90' lang='lat' dir='ltr'><strong>licet,verum</strong></span> <span class='ocrx_word' id='word_1_396' title='bbox 3002 2157 3181 2211; x_wconf 87' lang='lat' dir='ltr'><strong>etiam</strong></span> <span class='ocrx_word' id='word_1_397' title='bbox 3205 2172 3274 2211; x_wconf 84' lang='lat' dir='ltr'><strong>ex</strong></span> <span class='ocrx_word' id='word_1_398' title='bbox 3297 2157 3606 2228; x_wconf 88' lang='lat' dir='ltr'><strong>impressis</strong></span> <span class='ocrx_word' id='word_1_399' title='bbox 3628 2176 3708 2214; x_wconf 91' lang='lat' dir='ltr'><strong>un</strong></span> <span class='ocrx_word' id='word_1_400' title='bbox 3723 2189 3743 2200; x_wconf 93' lang='lat'><strong>-</strong></span> 
     </span>
    </p>
   </div>
   <div class='ocr_carea' id='block_1_60' title="bbox 2088 2241 3744 2315">
    <p class='ocr_par' dir='ltr' id='par_1_60' title="bbox 2088 2241 3744 2315">
     <span class='ocr_line' id='line_1_60' title="bbox 2088 2241 3744 2315; baseline 0.004 -20"><span class='ocrx_word' id='word_1_401' title='bbox 2088 2241 2362 2314; x_wconf 86' lang='lat' dir='ltr'><strong>gularum</strong></span> <span class='ocrx_word' id='word_1_402' title='bbox 2388 2242 2666 2315; x_wconf 81' lang='lat' dir='ltr'><strong>vestigiis.</strong></span> <span class='ocrx_word' id='word_1_403' title='bbox 2706 2244 2850 2298; x_wconf 90' lang='lat' dir='ltr'><strong>Nam</strong></span> <span class='ocrx_word' id='word_1_404' title='bbox 2873 2259 3006 2298; x_wconf 90' lang='lat' dir='ltr'><strong>cum</strong></span> <span class='ocrx_word' id='word_1_405' title='bbox 3029 2243 3114 2298; x_wconf 90' lang='lat' dir='ltr'><strong>vis</strong></span> <span class='ocrx_word' id='word_1_406' title='bbox 3136 2243 3334 2298; x_wconf 67' lang='lat' dir='ltr'><strong>herbas</strong></span> <span class='ocrx_word' id='word_1_407' title='bbox 3365 2245 3427 2299; x_wconf 92' lang='lat' dir='ltr'><strong>in</strong></span> <span class='ocrx_word' id='word_1_408' title='bbox 3461 2247 3744 2302; x_wconf 90' lang='lat' dir='ltr'><strong>solitudi-</strong></span> 
     </span>
    </p>
   </div>
   <div class='ocr_carea' id='block_1_61' title="bbox 2097 2331 3741 2404">
    <p class='ocr_par' dir='ltr' id='par_1_61' title="bbox 2097 2331 3741 2404">
     <span class='ocr_line' id='line_1_61' title="bbox 2097 2331 3741 2404; baseline 0.004 -20"><span class='ocrx_word' id='word_1_409' title='bbox 2097 2331 2275 2386; x_wconf 86' lang='lat' dir='ltr'><strong>nibus</strong></span> <span class='ocrx_word' id='word_1_410' title='bbox 2296 2331 2769 2403; x_wconf 89' lang='lat' dir='ltr'><strong>sit,pedibusque</strong></span> <span class='ocrx_word' id='word_1_411' title='bbox 2786 2332 3203 2402; x_wconf 89' lang='lat' dir='ltr'><strong>jumentorum</strong></span> <span class='ocrx_word' id='word_1_412' title='bbox 3225 2333 3741 2404; x_wconf 89' lang='lat' dir='ltr'><strong>conculcetur,ho-</strong></span> 
     </span>
    </p>
   </div>
   <div class='ocr_carea' id='block_1_62' title="bbox 2087 2421 3732 2493">
    <p class='ocr_par' dir='ltr' id='par_1_62' title="bbox 2087 2421 3732 2493">
     <span class='ocr_line' id='line_1_62' title="bbox 2087 2421 3732 2493; baseline 0.002 -17"><span class='ocrx_word' id='word_1_413' title='bbox 2087 2421 2460 2476; x_wconf 86' lang='lat' dir='ltr'><strong>minesvalde</strong></span> <span class='ocrx_word' id='word_1_414' title='bbox 2486 2422 2790 2476; x_wconf 87' lang='lat' dir='ltr'><strong>exercitati</strong></span> <span class='ocrx_word' id='word_1_415' title='bbox 2821 2422 3130 2493; x_wconf 89' lang='lat' dir='ltr'><strong>copiarum</strong></span> <span class='ocrx_word' id='word_1_416' title='bbox 3153 2425 3732 2492; x_wconf 89' lang='lat' dir='ltr'><strong>numerum,etiamsi</strong></span> 
     </span>
    </p>
   </div>
   <div class='ocr_carea' id='block_1_63' title="bbox 2086 2511 3744 2584">
    <p class='ocr_par' dir='ltr' id='par_1_63' title="bbox 2086 2511 3744 2584">
     <span class='ocr_line' id='line_1_63' title="bbox 2086 2511 3744 2584; baseline 0.002 -18"><span class='ocrx_word' id='word_1_417' title='bbox 2086 2529 2208 2566; x_wconf 94' lang='lat' dir='ltr'><strong>non</strong></span> <span class='ocrx_word' id='word_1_418' title='bbox 2223 2511 2862 2584; x_wconf 87' lang='lat' dir='ltr'><strong>accurate,intelligere</strong></span> <span class='ocrx_word' id='word_1_419' title='bbox 2878 2517 3159 2583; x_wconf 88' lang='lat' dir='ltr'><strong>possunt:</strong></span> <span class='ocrx_word' id='word_1_420' title='bbox 3180 2513 3322 2568; x_wconf 87' lang='lat' dir='ltr'><strong>item</strong></span> <span class='ocrx_word' id='word_1_421' title='bbox 3339 2529 3410 2568; x_wconf 84' lang='lat' dir='ltr'><strong>ex</strong></span> <span class='ocrx_word' id='word_1_422' title='bbox 3426 2514 3744 2570; x_wconf 87' lang='lat' dir='ltr'><strong>ﬂuminum</strong></span> 
     </span>
    </p>
   </div>
   <div class='ocr_carea' id='block_1_64' title="bbox 2089 2601 3748 2672">
    <p class='ocr_par' dir='ltr' id='par_1_64' title="bbox 2089 2601 3748 2672">
     <span class='ocr_line' id='line_1_64' title="bbox 2089 2601 3748 2672; baseline 0.004 -18"><span class='ocrx_word' id='word_1_423' title='bbox 2089 2601 2579 2672; x_wconf 86' lang='lat' dir='ltr'><strong>trajectionibus:</strong></span> <span class='ocrx_word' id='word_1_424' title='bbox 2635 2605 2761 2655; x_wconf 90' lang='lat' dir='ltr'><strong>tum</strong></span> <span class='ocrx_word' id='word_1_425' title='bbox 2819 2601 3154 2656; x_wconf 89' lang='lat' dir='ltr'><strong>accuratius</strong></span> <span class='ocrx_word' id='word_1_426' title='bbox 3223 2602 3400 2657; x_wconf 90' lang='lat' dir='ltr'><strong>etiam</strong></span> <span class='ocrx_word' id='word_1_427' title='bbox 3434 2620 3504 2658; x_wconf 81' lang='lat' dir='ltr'><strong>ex</strong></span> <span class='ocrx_word' id='word_1_428' title='bbox 3542 2620 3748 2660; x_wconf 88' lang='lat' dir='ltr'><strong>eorum</strong></span> 
     </span>
    </p>
   </div>
   <div class='ocr_carea' id='block_1_65' title="bbox 2086 2689 3747 2760">
    <p class='ocr_par' dir='ltr' id='par_1_65' title="bbox 2086 2689 3747 2760">
     <span class='ocr_line' id='line_1_65' title="bbox 2086 2689 3747 2760; baseline 0.004 -17"><span class='ocrx_word' id='word_1_429' title='bbox 2086 2689 2842 2760; x_wconf 88' lang='lat' dir='ltr'><strong>mansionibus,postquam</strong></span> <span class='ocrx_word' id='word_1_430' title='bbox 2865 2690 3005 2744; x_wconf 89' lang='lat' dir='ltr'><strong>inde</strong></span> <span class='ocrx_word' id='word_1_431' title='bbox 3027 2697 3360 2746; x_wconf 86' lang='lat' dir='ltr'><strong>moverunt.</strong></span> <span class='ocrx_word' id='word_1_432' title='bbox 3378 2694 3505 2748; x_wconf 86' lang='lat' dir='ltr'><strong>Dux</strong></span> <span class='ocrx_word' id='word_1_433' title='bbox 3527 2700 3747 2758; x_wconf 89' lang='lat' dir='ltr'><strong>autem,</strong></span> 
     </span>
    </p>
   </div>
   <div class='ocr_carea' id='block_1_66' title="bbox 2085 2777 3746 2854">
    <p class='ocr_par' dir='ltr' id='par_1_66' title="bbox 2085 2777 3746 2854">
     <span class='ocr_line' id='line_1_66' title="bbox 2085 2777 3746 2854; baseline 0.002 -21"><span class='ocrx_word' id='word_1_434' title='bbox 2085 2778 2317 2850; x_wconf 88' lang='lat' dir='ltr'><strong>cognito</strong></span> <span class='ocrx_word' id='word_1_435' title='bbox 2351 2777 2746 2848; x_wconf 72' lang='lat' dir='ltr'><strong>praedatorum</strong></span> <span class='ocrx_word' id='word_1_436' title='bbox 2776 2778 3084 2833; x_wconf 89' lang='lat' dir='ltr'><strong>hostilium</strong></span> <span class='ocrx_word' id='word_1_437' title='bbox 3108 2779 3385 2841; x_wconf 86' lang='lat' dir='ltr'><strong>adventu,</strong></span> <span class='ocrx_word' id='word_1_438' title='bbox 3419 2781 3598 2846; x_wconf 91' lang='lat' dir='ltr'><strong>vicos,</strong></span> <span class='ocrx_word' id='word_1_439' title='bbox 3630 2800 3746 2854; x_wconf 87' lang='lat' dir='ltr'><strong>quo</strong></span> 
     </span>
    </p>
   </div>
   <div class='ocr_carea' id='block_1_67' title="bbox 2085 2866 3743 2938">
    <p class='ocr_par' dir='ltr' id='par_1_67' title="bbox 2085 2866 3743 2938">
     <span class='ocr_line' id='line_1_67' title="bbox 2085 2866 3743 2938; baseline 0.004 -18"><span class='ocrx_word' id='word_1_440' title='bbox 2085 2867 2372 2937; x_wconf 90' lang='lat' dir='ltr'><strong>irrupturi</strong></span> <span class='ocrx_word' id='word_1_441' title='bbox 2403 2867 2541 2933; x_wconf 89' lang='lat' dir='ltr'><strong>sint,</strong></span> <span class='ocrx_word' id='word_1_442' title='bbox 2579 2866 2910 2937; x_wconf 89' lang='lat' dir='ltr'><strong>suspicans,</strong></span> <span class='ocrx_word' id='word_1_443' title='bbox 2943 2868 3189 2938; x_wconf 91' lang='lat' dir='ltr'><strong>propius</strong></span> <span class='ocrx_word' id='word_1_444' title='bbox 3242 2868 3314 2923; x_wconf 91' lang='lat' dir='ltr'><strong>ad</strong></span> <span class='ocrx_word' id='word_1_445' title='bbox 3342 2868 3450 2924; x_wconf 91' lang='lat' dir='ltr'><strong>hos</strong></span> <span class='ocrx_word' id='word_1_446' title='bbox 3481 2870 3743 2927; x_wconf 87' lang='lat' dir='ltr'><strong>accedat.</strong></span> 
     </span>
    </p>
   </div>
   <div class='ocr_carea' id='block_1_68' title="bbox 2084 2955 3746 3026">
    <p class='ocr_par' dir='ltr' id='par_1_68' title="bbox 2084 2955 3746 3026">
     <span class='ocr_line' id='line_1_68' title="bbox 2084 2955 3746 3026; baseline 0.002 -17"><span class='ocrx_word' id='word_1_447' title='bbox 2084 2955 2335 3026; x_wconf 89' lang='lat' dir='ltr'><strong>locoque</strong></span> <span class='ocrx_word' id='word_1_448' title='bbox 2368 2955 2582 3010; x_wconf 90' lang='lat' dir='ltr'><strong>idoneo</strong></span> <span class='ocrx_word' id='word_1_449' title='bbox 2614 2970 2749 3009; x_wconf 88' lang='lat' dir='ltr'><strong>cum</strong></span> <span class='ocrx_word' id='word_1_450' title='bbox 2782 2971 2964 3010; x_wconf 89' lang='lat' dir='ltr'><strong>manu</strong></span> <span class='ocrx_word' id='word_1_451' title='bbox 2995 2971 3102 3010; x_wconf 89' lang='lat' dir='ltr'><strong>sua</strong></span> <span class='ocrx_word' id='word_1_452' title='bbox 3131 2955 3394 3025; x_wconf 90' lang='lat' dir='ltr'><strong>abditus,</strong></span> <span class='ocrx_word' id='word_1_453' title='bbox 3415 2957 3522 3012; x_wconf 90' lang='lat' dir='ltr'><strong>sia</strong></span> <span class='ocrx_word' id='word_1_454' title='bbox 3544 2960 3746 3013; x_wconf 84' lang='lat' dir='ltr'><strong>statio-</strong></span> 
     </span>
    </p>
   </div>
   <div class='ocr_carea' id='block_1_69' title="bbox 2083 3043 3738 3114">
    <p class='ocr_par' dir='ltr' id='par_1_69' title="bbox 2083 3043 3738 3114">
     <span class='ocr_line' id='line_1_69' title="bbox 2083 3043 3738 3114; baseline 0.002 -16"><span class='ocrx_word' id='word_1_455' title='bbox 2083 3044 2262 3098; x_wconf 90' lang='lat' dir='ltr'><strong>nibus</strong></span> <span class='ocrx_word' id='word_1_456' title='bbox 2304 3044 2571 3114; x_wconf 90' lang='lat' dir='ltr'><strong>equitum</strong></span> <span class='ocrx_word' id='word_1_457' title='bbox 2603 3059 3046 3114; x_wconf 85' lang='lat' dir='ltr'><strong>quoquoversus</strong></span> <span class='ocrx_word' id='word_1_458' title='bbox 3078 3043 3340 3100; x_wconf 89' lang='lat' dir='ltr'><strong>dimissis</strong></span> <span class='ocrx_word' id='word_1_459' title='bbox 3362 3045 3738 3112; x_wconf 87' lang='lat' dir='ltr'><strong>admonetur,</strong></span> 
     </span>
    </p>
   </div>
   <div class='ocr_carea' id='block_1_70' title="bbox 2083 3132 3737 3204">
    <p class='ocr_par' dir='ltr' id='par_1_70' title="bbox 2083 3132 3737 3204">
     <span class='ocr_line' id='line_1_70' title="bbox 2083 3132 3737 3204; baseline 0.002 -18"><span class='ocrx_word' id='word_1_460' title='bbox 2083 3132 2403 3204; x_wconf 89' lang='lat' dir='ltr'><strong>hostesque</strong></span> <span class='ocrx_word' id='word_1_461' title='bbox 2437 3133 2656 3204; x_wconf 81' lang='lat' dir='ltr'><strong>egressi</strong></span> <span class='ocrx_word' id='word_1_462' title='bbox 2688 3137 2864 3202; x_wconf 89' lang='lat' dir='ltr'><strong>atque</strong></span> <span class='ocrx_word' id='word_1_463' title='bbox 2896 3133 3165 3203; x_wconf 90' lang='lat' dir='ltr'><strong>dissipati</strong></span> <span class='ocrx_word' id='word_1_464' title='bbox 3197 3135 3737 3204; x_wconf 90' lang='lat' dir='ltr'><strong>conspiciuntur,in</strong></span> 
     </span>
    </p>
   </div>
   <div class='ocr_carea' id='block_1_71' title="bbox 2083 3221 3740 3296">
    <p class='ocr_par' dir='ltr' id='par_1_71' title="bbox 2083 3221 3740 3296">
     <span class='ocr_line' id='line_1_71' title="bbox 2083 3221 3740 3296; baseline 0.001 -20"><span class='ocrx_word' id='word_1_465' title='bbox 2083 3223 2384 3292; x_wconf 90' lang='lat' dir='ltr'><strong>dispersos</strong></span> <span class='ocrx_word' id='word_1_466' title='bbox 2411 3226 2701 3292; x_wconf 89' lang='lat' dir='ltr'><strong>erumpat,</strong></span> <span class='ocrx_word' id='word_1_467' title='bbox 2725 3221 2981 3292; x_wconf 87' lang='lat' dir='ltr'><strong>illosque</strong></span> <span class='ocrx_word' id='word_1_468' title='bbox 3002 3221 3288 3276; x_wconf 88' lang='lat' dir='ltr'><strong>invadens</strong></span> <span class='ocrx_word' id='word_1_469' title='bbox 3317 3223 3483 3277; x_wconf 91' lang='lat' dir='ltr'><strong>nullo</strong></span> <span class='ocrx_word' id='word_1_470' title='bbox 3507 3225 3740 3296; x_wconf 89' lang='lat' dir='ltr'><strong>negotio</strong></span> 
     </span>
    </p>
   </div>
   <div class='ocr_carea' id='block_1_72' title="bbox 2085 3310 3742 3383">
    <p class='ocr_par' dir='ltr' id='par_1_72' title="bbox 2085 3310 3742 3383">
     <span class='ocr_line' id='line_1_72' title="bbox 2085 3310 3742 3383; baseline 0 -17"><span class='ocrx_word' id='word_1_471' title='bbox 2085 3310 2462 3383; x_wconf 73' lang='lat' dir='ltr'><strong>eXpugnabit.</strong></span> <span class='ocrx_word' id='word_1_472' title='bbox 2498 3310 2597 3364; x_wconf 92' lang='lat' dir='ltr'><strong>Sin</strong></span> <span class='ocrx_word' id='word_1_473' title='bbox 2631 3316 2828 3365; x_wconf 89' lang='lat' dir='ltr'><strong>autem</strong></span> <span class='ocrx_word' id='word_1_474' title='bbox 2860 3310 3078 3365; x_wconf 87' lang='lat' dir='ltr'><strong>accidit</strong></span> <span class='ocrx_word' id='word_1_475' title='bbox 3131 3315 3196 3364; x_wconf 90' lang='lat' dir='ltr'><strong>ut</strong></span> <span class='ocrx_word' id='word_1_476' title='bbox 3226 3327 3295 3364; x_wconf 83' lang='lat' dir='ltr'><strong>ex</strong></span> <span class='ocrx_word' id='word_1_477' title='bbox 3325 3311 3598 3382; x_wconf 80' lang='lat' dir='ltr'><strong>agricolis</strong></span> <span class='ocrx_word' id='word_1_478' title='bbox 3630 3312 3742 3366; x_wconf 89' lang='lat' dir='ltr'><strong>ali-</strong></span> 
     </span>
    </p>
   </div>
   <div class='ocr_carea' id='block_1_73' title="bbox 2087 3398 3745 3471">
    <p class='ocr_par' dir='ltr' id='par_1_73' title="bbox 2087 3398 3745 3471">
     <span class='ocr_line' id='line_1_73' title="bbox 2087 3398 3745 3471; baseline 0.001 -17"><span class='ocrx_word' id='word_1_479' title='bbox 2087 3405 2233 3470; x_wconf 90' lang='lat' dir='ltr'><strong>quot</strong></span> <span class='ocrx_word' id='word_1_480' title='bbox 2261 3415 2295 3454; x_wconf 89' lang='lat' dir='ltr'><strong>a</strong></span> <span class='ocrx_word' id='word_1_481' title='bbox 2326 3416 2386 3454; x_wconf 89' lang='lat' dir='ltr'><strong>se</strong></span> <span class='ocrx_word' id='word_1_482' title='bbox 2420 3399 2608 3470; x_wconf 90' lang='lat' dir='ltr'><strong>captis</strong></span> <span class='ocrx_word' id='word_1_483' title='bbox 2639 3404 2960 3470; x_wconf 90' lang='lat' dir='ltr'><strong>antequam</strong></span> <span class='ocrx_word' id='word_1_484' title='bbox 2992 3398 3392 3471; x_wconf 84' lang='lat' dir='ltr'><strong>egrediantur,</strong></span> <span class='ocrx_word' id='word_1_485' title='bbox 3424 3399 3636 3454; x_wconf 92' lang='lat' dir='ltr'><strong>ducem</strong></span> <span class='ocrx_word' id='word_1_486' title='bbox 3685 3405 3745 3455; x_wconf 87' lang='lat' dir='ltr'><strong>et</strong></span> 
     </span>
    </p>
   </div>
   <div class='ocr_carea' id='block_1_74' title="bbox 2082 3487 3741 3560">
    <p class='ocr_par' dir='ltr' id='par_1_74' title="bbox 2082 3487 3741 3560">
     <span class='ocr_line' id='line_1_74' title="bbox 2082 3487 3741 3560; baseline 0.001 -18"><span class='ocrx_word' id='word_1_487' title='bbox 2082 3489 2314 3544; x_wconf 90' lang='lat' dir='ltr'><strong>venisse</strong></span> <span class='ocrx_word' id='word_1_488' title='bbox 2345 3493 2403 3543; x_wconf 89' lang='lat' dir='ltr'><strong>et</strong></span> <span class='ocrx_word' id='word_1_489' title='bbox 2426 3504 2746 3559; x_wconf 88' lang='lat' dir='ltr'><strong>occupasse</strong></span> <span class='ocrx_word' id='word_1_490' title='bbox 2780 3488 2937 3542; x_wconf 90' lang='lat' dir='ltr'><strong>vicos</strong></span> <span class='ocrx_word' id='word_1_491' title='bbox 2964 3487 3320 3560; x_wconf 83' lang='lat' dir='ltr'><strong>intelligant,</strong></span> <span class='ocrx_word' id='word_1_492' title='bbox 3339 3489 3592 3560; x_wconf 91' lang='lat' dir='ltr'><strong>ideoque</strong></span> <span class='ocrx_word' id='word_1_493' title='bbox 3618 3506 3741 3545; x_wconf 91' lang='lat' dir='ltr'><strong>non</strong></span> 
     </span>
    </p>
   </div>
   <div class='ocr_carea' id='block_1_75' title="bbox 2084 3577 3740 3648">
    <p class='ocr_par' dir='ltr' id='par_1_75' title="bbox 2084 3577 3740 3648">
     <span class='ocr_line' id='line_1_75' title="bbox 2084 3577 3740 3648; baseline -0.001 -14"><span class='ocrx_word' id='word_1_494' title='bbox 2084 3578 2341 3634; x_wconf 88' lang='lat' dir='ltr'><strong>audeant</strong></span> <span class='ocrx_word' id='word_1_495' title='bbox 2370 3593 2705 3643; x_wconf 86' lang='lat' dir='ltr'><strong>excurrere,</strong></span> <span class='ocrx_word' id='word_1_496' title='bbox 2739 3577 2961 3632; x_wconf 87' lang='lat' dir='ltr'><strong>infecta</strong></span> <span class='ocrx_word' id='word_1_497' title='bbox 3019 3592 3082 3632; x_wconf 90' lang='lat' dir='ltr'><strong>re</strong></span> <span class='ocrx_word' id='word_1_498' title='bbox 3141 3577 3358 3648; x_wconf 87' lang='lat' dir='ltr'><strong>raptim</strong></span> <span class='ocrx_word' id='word_1_499' title='bbox 3401 3593 3463 3632; x_wconf 91' lang='lat' dir='ltr'><strong>se</strong></span> <span class='ocrx_word' id='word_1_500' title='bbox 3495 3577 3740 3634; x_wconf 90' lang='lat' dir='ltr'><strong>domum</strong></span> 
     </span>
    </p>
   </div>
   <div class='ocr_carea' id='block_1_76' title="bbox 2081 3664 3736 3738">
    <p class='ocr_par' dir='ltr' id='par_1_76' title="bbox 2081 3664 3736 3738">
     <span class='ocr_line' id='line_1_76' title="bbox 2081 3664 3736 3738; baseline -0.001 -16"><span class='ocrx_word' id='word_1_501' title='bbox 2081 3667 2394 3738; x_wconf 89' lang='lat' dir='ltr'><strong>recipient,</strong></span> <span class='ocrx_word' id='word_1_502' title='bbox 2453 3665 2606 3720; x_wconf 89' lang='lat' dir='ltr'><strong>nihil</strong></span> <span class='ocrx_word' id='word_1_503' title='bbox 2663 3670 2881 3737; x_wconf 70' lang='lat' dir='ltr'><strong>prmter</strong></span> <span class='ocrx_word' id='word_1_504' title='bbox 2948 3664 3239 3730; x_wconf 86' lang='lat' dir='ltr'><strong>laborem,</strong></span> <span class='ocrx_word' id='word_1_505' title='bbox 3293 3665 3736 3735; x_wconf 89' lang='lat' dir='ltr'><strong>lassitudinem,</strong></span> 
     </span>
    </p>
   </div>
   <div class='ocr_carea' id='block_1_77' title="bbox 2081 3755 2728 3812">
    <p class='ocr_par' dir='ltr' id='par_1_77' title="bbox 2081 3755 2728 3812">
     <span class='ocr_line' id='line_1_77' title="bbox 2081 3755 2728 3812; baseline -0.002 -1"><span class='ocrx_word' id='word_1_506' title='bbox 2081 3771 2376 3812; x_wconf 72' lang='lat' dir='ltr'><strong>aerumnas</strong></span> <span class='ocrx_word' id='word_1_507' title='bbox 2399 3755 2728 3810; x_wconf 89' lang='lat' dir='ltr'><strong>consecuti.</strong></span> 
     </span>
    </p>
   </div>
   <div class='ocr_carea' id='block_1_78' title="bbox 313 3839 3737 3921">
    <p class='ocr_par' dir='ltr' id='par_1_78' title="bbox 313 3839 3737 3921">
     <span class='ocr_line' id='line_1_78' title="bbox 313 3839 3737 3921; baseline -0.001 -19"><span class='ocrx_word' id='word_1_508' title='bbox 313 3851 619 3921; x_wconf 80' lang='grc' dir='ltr'>στρατηγοῦ</span> <span class='ocrx_word' id='word_1_509' title='bbox 649 3843 949 3921; x_wconf 86' lang='grc' dir='ltr'>παρουσίαν</span> <span class='ocrx_word' id='word_1_510' title='bbox 981 3844 1070 3900; x_wconf 85' lang='grc' dir='ltr'><strong>καὶ</strong></span> <span class='ocrx_word' id='word_1_511' title='bbox 1101 3845 1200 3913; x_wconf 83' lang='grc' dir='ltr'>τὴν</span> <span class='ocrx_word' id='word_1_512' title='bbox 1231 3849 1337 3900; x_wconf 83' lang='grc' dir='ltr'>τῶν</span> <span class='ocrx_word' id='word_1_513' title='bbox 1372 3844 1598 3919; x_wconf 88' lang='grc' dir='ltr'>χωρίων</span> <span class='ocrx_word' id='word_1_514' title='bbox 1648 3842 1949 3912; x_wconf 85' lang='grc' dir='ltr'>ἐπέλευσιν,</span> <span class='ocrx_word' id='word_1_515' title='bbox 1999 3844 2088 3898; x_wconf 86' lang='grc' dir='ltr'><strong>καὶ</strong></span> <span class='ocrx_word' id='word_1_516' title='bbox 2137 3843 2199 3898; x_wconf 83' lang='grc' dir='ltr'><strong>ού</strong></span> <span class='ocrx_word' id='word_1_517' title='bbox 2251 3842 2615 3920; x_wconf 78' lang='grc' dir='ltr'>θαρῥήσουσιν</span> <span class='ocrx_word' id='word_1_518' title='bbox 2660 3840 2925 3912; x_wconf 81' lang='grc' dir='ltr'>ἐξελασαι,</span> <span class='ocrx_word' id='word_1_519' title='bbox 2957 3860 3225 3916; x_wconf 86' lang='grc' dir='ltr'>απρακτοι</span> <span class='ocrx_word' id='word_1_520' title='bbox 3261 3839 3569 3905; x_wconf 89' lang='grc' dir='ltr'>σπουδαίως</span> <span class='ocrx_word' id='word_1_521' title='bbox 3597 3844 3737 3914; x_wconf 86' lang='grc' dir='ltr'>πρὸς</span> 
     </span>
    </p>
   </div>
   <div class='ocr_carea' id='block_1_79' title="bbox 312 3929 3320 4011">
    <p class='ocr_par' dir='ltr' id='par_1_79' title="bbox 312 3929 3320 4011">
     <span class='ocr_line' id='line_1_79' title="bbox 312 3929 3320 4011; baseline -0.001 -21"><span class='ocrx_word' id='word_1_522' title='bbox 312 3938 410 4006; x_wconf 79' lang='grc' dir='ltr'><strong>τήν</strong></span> <span class='ocrx_word' id='word_1_523' title='bbox 445 3933 581 3991; x_wconf 80' lang='grc' dir='ltr'>ἰδίαν</span> <span class='ocrx_word' id='word_1_524' title='bbox 614 3936 1011 4010; x_wconf 71' lang='grc' dir='ltr'>ὑποστρέφουσι</span> <span class='ocrx_word' id='word_1_525' title='bbox 1043 3936 1256 4011; x_wconf 81' lang='grc' dir='ltr'>χώραν,</span> <span class='ocrx_word' id='word_1_526' title='bbox 1293 3935 1458 4008; x_wconf 83' lang='grc' dir='ltr'>μόνον</span> <span class='ocrx_word' id='word_1_527' title='bbox 1488 3935 1581 3990; x_wconf 88' lang='grc' dir='ltr'><strong>τὸν</strong></span> <span class='ocrx_word' id='word_1_528' title='bbox 1611 3933 1780 3989; x_wconf 88' lang='grc' dir='ltr'>κόπον</span> <span class='ocrx_word' id='word_1_529' title='bbox 1809 3934 1858 3970; x_wconf 82' lang='lat'><strong>3°</strong></span> <span class='ocrx_word' id='word_1_530' title='bbox 1885 3934 1975 3989; x_wconf 85' lang='grc' dir='ltr'><strong>καὶ</strong></span> <span class='ocrx_word' id='word_1_531' title='bbox 2005 3934 2104 4002; x_wconf 78' lang='grc' dir='ltr'>τὴν</span> <span class='ocrx_word' id='word_1_532' title='bbox 2136 3930 2426 4008; x_wconf 80' lang='grc' dir='ltr'>συντριϐὴν</span> <span class='ocrx_word' id='word_1_533' title='bbox 2454 3933 2546 3987; x_wconf 84' lang='grc' dir='ltr'>καὶ</span> <span class='ocrx_word' id='word_1_534' title='bbox 2572 3930 2947 4006; x_wconf 87' lang='grc' dir='ltr'>ταλαιπωρίαν</span> <span class='ocrx_word' id='word_1_535' title='bbox 2982 3929 3320 3988; x_wconf 83' lang='grc' dir='ltr'>ὑποστὸίντει.</span> 
     </span>
    </p>
   </div>
   <div class='ocr_carea' id='block_1_80' title="bbox 314 4058 1971 4138">
    <p class='ocr_par' dir='ltr' id='par_1_80' title="bbox 314 4058 1971 4138">
     <span class='ocr_line' id='line_1_80' title="bbox 314 4058 1971 4138; baseline -0.003 -21"><span class='ocrx_word' id='word_1_536' title='bbox 530 4063 601 4119; x_wconf 87' lang='lat' dir='ltr'><strong>Z&#39;.</strong></span> <span class='ocrx_word' id='word_1_537' title='bbox 662 4060 794 4138; x_wconf 82' lang='grc' dir='ltr'>ῌερὶ</span> <span class='ocrx_word' id='word_1_538' title='bbox 831 4058 1246 4138; x_wconf 28' lang='grc' dir='ltr'>’συναθροίσεως</span> <span class='ocrx_word' id='word_1_539' title='bbox 1318 4059 1411 4138; x_wconf 79' lang='grc' dir='ltr'><strong>καὶ</strong></span> <span class='ocrx_word' id='word_1_540' title='bbox 1455 4061 1760 4138; x_wconf 34' lang='grc' dir='ltr'>,κινήσεως</span> <span class='ocrx_word' id='word_1_541' title='bbox 1820 4079 1971 4138; x_wconf 71' lang='grc' dir='ltr'>φωσ-</span> 
     </span>
    </p>
   </div>
   <div class='ocr_carea' id='block_1_81' title="bbox 387 4130 1968 4208">
    <p class='ocr_par' dir='ltr' id='par_1_81' title="bbox 387 4130 1968 4208">
     <span class='ocr_line' id='line_1_81' title="bbox 387 4130 1968 4208; baseline 0 -22"><span class='ocrx_word' id='word_1_542' title='bbox 387 4132 569 4208; x_wconf 80' lang='grc' dir='ltr'>σάτου’</span> <span class='ocrx_word' id='word_1_543' title='bbox 602 4133 693 4187; x_wconf 86' lang='grc' dir='ltr'><strong>καὶ</strong></span> <span class='ocrx_word' id='word_1_544' title='bbox 724 4130 847 4208; x_wconf 72' lang='grc' dir='ltr'>περὶ</span> <span class='ocrx_word' id='word_1_545' title='bbox 876 4136 973 4186; x_wconf 87' lang='grc' dir='ltr'><strong>τοῦ</strong></span> <span class='ocrx_word' id='word_1_546' title='bbox 1003 4130 1356 4207; x_wconf 66' lang='grc' dir='ltr'><strong>¹παραχωρεῖν</strong></span> <span class='ocrx_word' id='word_1_547' title='bbox 1386 4130 1513 4196; x_wconf 82' lang='grc' dir='ltr'>τοὺς</span> <span class='ocrx_word' id='word_1_548' title='bbox 1550 4130 1968 4206; x_wconf 80' lang='grc' dir='ltr'>πραγματέυτὰς</span> 
     </span>
    </p>
   </div>
   <div class='ocr_carea' id='block_1_82' title="bbox 316 4203 1186 4279">
    <p class='ocr_par' dir='ltr' id='par_1_82' title="bbox 316 4203 1186 4279">
     <span class='ocr_line' id='line_1_82' title="bbox 316 4203 1186 4279; baseline 0 -21"><span class='ocrx_word' id='word_1_549' title='bbox 316 4203 660 4279; x_wconf 85' lang='grc' dir='ltr'>είσέρχεσθαι</span> <span class='ocrx_word' id='word_1_550' title='bbox 689 4205 780 4259; x_wconf 87' lang='grc' dir='ltr'>καὶ</span> <span class='ocrx_word' id='word_1_551' title='bbox 796 4203 1186 4259; x_wconf 69' lang='grc' dir='ltr'>κατασκοπεῖν.</span> 
     </span>
    </p>
   </div>
   <div class='ocr_carea' id='block_1_83' title="bbox 393 4318 1970 4398">
    <p class='ocr_par' dir='ltr' id='par_1_83' title="bbox 393 4318 1970 4398">
     <span class='ocr_line' id='line_1_83' title="bbox 393 4318 1970 4398; baseline 0 -23"><span class='ocrx_word' id='word_1_552' title='bbox 393 4322 745 4394; x_wconf 73' lang='grc' dir='ltr'>Παρασκευήν</span> <span class='ocrx_word' id='word_1_553' title='bbox 807 4318 865 4375; x_wconf 79' lang='grc' dir='ltr'>δὶ</span> <span class='ocrx_word' id='word_1_554' title='bbox 917 4319 1007 4376; x_wconf 84' lang='grc' dir='ltr'><strong>καὶ</strong></span> <span class='ocrx_word' id='word_1_555' title='bbox 1086 4321 1300 4391; x_wconf 90' lang='grc' dir='ltr'>κίνησιν</span> <span class='ocrx_word' id='word_1_556' title='bbox 1389 4321 1630 4394; x_wconf 82' lang='grc' dir='ltr'>μεγάλου</span> <span class='ocrx_word' id='word_1_557' title='bbox 1685 4319 1970 4398; x_wconf 80' lang='grc' dir='ltr'>φωσσάτου</span> 
     </span>
    </p>
   </div>
   <div class='ocr_carea' id='block_1_84' title="bbox 317 4407 1971 4485">
    <p class='ocr_par' dir='ltr' id='par_1_84' title="bbox 317 4407 1971 4485">
     <span class='ocr_line' id='line_1_84' title="bbox 317 4407 1971 4485; baseline 0.002 -22"><span class='ocrx_word' id='word_1_558' title='bbox 317 4410 552 4475; x_wconf 83' lang='grc' dir='ltr'>ἀκούων,</span> <span class='ocrx_word' id='word_1_559' title='bbox 585 4409 638 4465; x_wconf 78' lang='grc' dir='ltr'><strong>ἐν</strong></span> <span class='ocrx_word' id='word_1_560' title='bbox 673 4411 720 4482; x_wconf 83' lang='grc' dir='ltr'>ᾧ</span> <span class='ocrx_word' id='word_1_561' title='bbox 744 4413 921 4484; x_wconf 86' lang='grc' dir='ltr'>καιρῷ</span> <span class='ocrx_word' id='word_1_562' title='bbox 973 4407 1210 4482; x_wconf 79' lang='grc' dir='ltr'>μάλιστα</span> <span class='ocrx_word' id='word_1_563' title='bbox 1258 4407 1419 4465; x_wconf 81' lang='grc' dir='ltr'>εἷ’ωθε</span> <span class='ocrx_word' id='word_1_564' title='bbox 1446 4412 1514 4465; x_wconf 81' lang='grc' dir='ltr'>τὰ</span> <span class='ocrx_word' id='word_1_565' title='bbox 1546 4408 1760 4485; x_wconf 83' lang='grc' dir='ltr'>μεγάλα</span> <span class='ocrx_word' id='word_1_566' title='bbox 1812 4431 1971 4466; x_wconf 76' lang='grc' dir='ltr'>συναο</span> 
     </span>
    </p>
   </div>
   <div class='ocr_carea' id='block_1_85' title="bbox 2080 4060 3737 4116">
    <p class='ocr_par' dir='ltr' id='par_1_85' title="bbox 2080 4060 3737 4116">
     <span class='ocr_line' id='line_1_85' title="bbox 2080 4060 3737 4116; baseline -0.001 -1"><span class='ocrx_word' id='word_1_567' title='bbox 2080 4060 2234 4115; x_wconf 78' lang='lat'><strong>196</strong></span> <span class='ocrx_word' id='word_1_568' title='bbox 2264 4061 2395 4116; x_wconf 80' lang='lat' dir='ltr'><strong>CAP.</strong></span> <span class='ocrx_word' id='word_1_569' title='bbox 2435 4060 2548 4114; x_wconf 90' lang='lat' dir='ltr'><strong>VII.</strong></span> <span class='ocrx_word' id='word_1_570' title='bbox 2595 4060 2673 4113; x_wconf 85' lang='lat' dir='ltr'><strong>De</strong></span> <span class='ocrx_word' id='word_1_571' title='bbox 2699 4060 3072 4113; x_wconf 82' lang='lat' dir='ltr'><strong>contractione</strong></span> <span class='ocrx_word' id='word_1_572' title='bbox 3129 4063 3181 4112; x_wconf 85' lang='lat' dir='ltr'><strong>et</strong></span> <span class='ocrx_word' id='word_1_573' title='bbox 3219 4063 3379 4112; x_wconf 88' lang='lat' dir='ltr'><strong>motu</strong></span> <span class='ocrx_word' id='word_1_574' title='bbox 3431 4061 3737 4115; x_wconf 69' lang='lat' dir='ltr'><strong>exercitus:</strong></span> 
     </span>
    </p>
   </div>
   <div class='ocr_carea' id='block_1_86' title="bbox 2151 4131 3731 4200">
    <p class='ocr_par' dir='ltr' id='par_1_86' title="bbox 2151 4131 3731 4200">
     <span class='ocr_line' id='line_1_86' title="bbox 2151 4131 3731 4200; baseline 0 -14"><span class='ocrx_word' id='word_1_575' title='bbox 2151 4139 2205 4186; x_wconf 89' lang='lat' dir='ltr'><strong>et</strong></span> <span class='ocrx_word' id='word_1_576' title='bbox 2238 4133 2305 4187; x_wconf 88' lang='lat' dir='ltr'><strong>de</strong></span> <span class='ocrx_word' id='word_1_577' title='bbox 2343 4148 2422 4197; x_wconf 89' lang='lat' dir='ltr'><strong>eo,</strong></span> <span class='ocrx_word' id='word_1_578' title='bbox 2456 4137 2519 4186; x_wconf 86' lang='lat' dir='ltr'><strong>ut</strong></span> <span class='ocrx_word' id='word_1_579' title='bbox 2548 4131 2940 4186; x_wconf 81' lang='lat' dir='ltr'><strong>mercatoribus</strong></span> <span class='ocrx_word' id='word_1_580' title='bbox 2979 4132 3360 4200; x_wconf 77' lang='lat' dir='ltr'><strong>permittatur,</strong></span> <span class='ocrx_word' id='word_1_581' title='bbox 3392 4132 3604 4187; x_wconf 82' lang='lat' dir='ltr'><strong>intrare</strong></span> <span class='ocrx_word' id='word_1_582' title='bbox 3636 4133 3731 4186; x_wconf 87' lang='lat' dir='ltr'><strong>ho-</strong></span> 
     </span>
    </p>
   </div>
   <div class='ocr_carea' id='block_1_87' title="bbox 2151 4202 2911 4273">
    <p class='ocr_par' dir='ltr' id='par_1_87' title="bbox 2151 4202 2911 4273">
     <span class='ocr_line' id='line_1_87' title="bbox 2151 4202 2911 4273; baseline 0 -15"><span class='ocrx_word' id='word_1_583' title='bbox 2151 4205 2318 4258; x_wconf 86' lang='lat' dir='ltr'><strong>stium</strong></span> <span class='ocrx_word' id='word_1_584' title='bbox 2344 4207 2497 4273; x_wconf 84' lang='lat' dir='ltr'><strong>ﬁnes,</strong></span> <span class='ocrx_word' id='word_1_585' title='bbox 2527 4219 2590 4258; x_wconf 90' lang='lat' dir='ltr'><strong>ac</strong></span> <span class='ocrx_word' id='word_1_586' title='bbox 2618 4202 2911 4273; x_wconf 80' lang='lat' dir='ltr'><strong>speculari.</strong></span> 
     </span>
    </p>
   </div>
   <div class='ocr_carea' id='block_1_88' title="bbox 2153 4318 3732 4390">
    <p class='ocr_par' dir='ltr' id='par_1_88' title="bbox 2153 4318 3732 4390">
     <span class='ocr_line' id='line_1_88' title="bbox 2153 4318 3732 4390; baseline 0 -15"><span class='ocrx_word' id='word_1_587' title='bbox 2153 4321 2210 4375; x_wconf 93' lang='lat' dir='ltr'><strong>Si</strong></span> <span class='ocrx_word' id='word_1_588' title='bbox 2241 4319 2413 4376; x_wconf 87' lang='lat' dir='ltr'><strong>audis</strong></span> <span class='ocrx_word' id='word_1_589' title='bbox 2443 4319 2659 4375; x_wconf 90' lang='lat' dir='ltr'><strong>instrui</strong></span> <span class='ocrx_word' id='word_1_590' title='bbox 2706 4323 2766 4374; x_wconf 90' lang='lat' dir='ltr'><strong>et</strong></span> <span class='ocrx_word' id='word_1_591' title='bbox 2820 4318 3042 4374; x_wconf 86' lang='lat' dir='ltr'><strong>moveri</strong></span> <span class='ocrx_word' id='word_1_592' title='bbox 3073 4335 3356 4390; x_wconf 87' lang='lat' dir='ltr'><strong>magnum</strong></span> <span class='ocrx_word' id='word_1_593' title='bbox 3385 4319 3732 4388; x_wconf 80' lang='lat' dir='ltr'><strong>exercitum,</strong></span> 
     </span>
    </p>
   </div>
   <div class='ocr_carea' id='block_1_89' title="bbox 2083 4409 3737 4482">
    <p class='ocr_par' dir='ltr' id='par_1_89' title="bbox 2083 4409 3737 4482">
     <span class='ocr_line' id='line_1_89' title="bbox 2083 4409 3737 4482; baseline -0.001 -16"><span class='ocrx_word' id='word_1_594' title='bbox 2083 4426 2199 4482; x_wconf 90' lang='lat' dir='ltr'><strong>quo</strong></span> <span class='ocrx_word' id='word_1_595' title='bbox 2230 4410 2583 4482; x_wconf 90' lang='lat' dir='ltr'><strong>plerumque</strong></span> <span class='ocrx_word' id='word_1_596' title='bbox 2616 4416 2882 4481; x_wconf 90' lang='lat' dir='ltr'><strong>tempore</strong></span> <span class='ocrx_word' id='word_1_597' title='bbox 2933 4409 3144 4480; x_wconf 63' lang='lat' dir='ltr'><strong>ampla;</strong></span> <span class='ocrx_word' id='word_1_598' title='bbox 3176 4409 3361 4481; x_wconf 83' lang='lat' dir='ltr'><strong>c0piae</strong></span> <span class='ocrx_word' id='word_1_599' title='bbox 3396 4411 3737 4482; x_wconf 85' lang='lat' dir='ltr'><strong>congregari</strong></span> 
     </span>
    </p>
   </div>
   <div class='ocr_carea' id='block_1_90' title="bbox 319 4493 1975 4577">
    <p class='ocr_par' dir='ltr' id='par_1_90' title="bbox 319 4496 1970 4577">
     <span class='ocr_line' id='line_1_90' title="bbox 319 4496 1970 4577; baseline 0.001 -23"><span class='ocrx_word' id='word_1_600' title='bbox 319 4500 625 4573; x_wconf 83' lang='grc' dir='ltr'>θροίζεσθαι</span> <span class='ocrx_word' id='word_1_601' title='bbox 684 4500 960 4577; x_wconf 79' lang='grc' dir='ltr'>φωσσάτα,</span> <span class='ocrx_word' id='word_1_602' title='bbox 1018 4496 1186 4575; x_wconf 76' lang='grc' dir='ltr'>ἤγουν</span> <span class='ocrx_word' id='word_1_603' title='bbox 1243 4504 1324 4572; x_wconf 85' lang='grc' dir='ltr'>τῷ</span> <span class='ocrx_word' id='word_1_604' title='bbox 1380 4499 1679 4574; x_wconf 81' lang='grc' dir='ltr'>Αὐγούστῳ</span> <span class='ocrx_word' id='word_1_605' title='bbox 1730 4501 1882 4573; x_wconf 86' lang='grc' dir='ltr'>μηνί·</span> <span class='ocrx_word' id='word_1_606' title='bbox 1917 4500 1970 4556; x_wconf 87' lang='grc' dir='ltr'><strong>ἐν</strong></span> 
     </span>
    </p>
   </div>
   <div class='ocr_carea' id='block_1_91' title="bbox 2088 4493 3736 4577">
    <p class='ocr_par' dir='ltr' id='par_1_91' title="bbox 2088 4497 3736 4568">
     <span class='ocr_line' id='line_1_91' title="bbox 2088 4497 3736 4568; baseline -0.001 -16"><span class='ocrx_word' id='word_1_607' title='bbox 2088 4499 2413 4567; x_wconf 72' lang='grc' dir='ltr'>ςοΙθιιῑ,Ιιοο</span> <span class='ocrx_word' id='word_1_608' title='bbox 2445 4503 2534 4553; x_wconf 91' lang='lat' dir='ltr'><strong>est</strong></span> <span class='ocrx_word' id='word_1_609' title='bbox 2563 4514 2769 4553; x_wconf 82' lang='lat' dir='ltr'><strong>mense</strong></span> <span class='ocrx_word' id='word_1_610' title='bbox 2794 4499 3054 4567; x_wconf 76' lang='lat' dir='ltr'><strong>Augusto</strong></span> <span class='ocrx_word' id='word_1_611' title='bbox 3078 4513 3090 4550; x_wconf 93' lang='lat'><strong>:</strong></span> <span class='ocrx_word' id='word_1_612' title='bbox 3114 4513 3185 4551; x_wconf 88' lang='lat' dir='ltr'><strong>ea</strong></span> <span class='ocrx_word' id='word_1_613' title='bbox 3202 4497 3362 4550; x_wconf 92' lang='lat' dir='ltr'><strong>enim</strong></span> <span class='ocrx_word' id='word_1_614' title='bbox 3385 4501 3736 4568; x_wconf 87' lang='lat' dir='ltr'><strong>tempestate</strong></span> 
     </span>
    </p>
   </div>
   <div class='ocr_carea' id='block_1_92' title="bbox 317 4587 1970 4665">
    <p class='ocr_par' dir='ltr' id='par_1_92' title="bbox 317 4587 1970 4665">
     <span class='ocr_line' id='line_1_92' title="bbox 317 4587 1970 4665; baseline 0.001 -22"><span class='ocrx_word' id='word_1_615' title='bbox 317 4589 419 4665; x_wconf 81' lang='grc' dir='ltr'><strong>γὰρ</strong></span> <span class='ocrx_word' id='word_1_616' title='bbox 449 4594 529 4660; x_wconf 82' lang='grc' dir='ltr'>τῷ</span> <span class='ocrx_word' id='word_1_617' title='bbox 555 4590 788 4662; x_wconf 88' lang='grc' dir='ltr'>τοιούτῳ</span> <span class='ocrx_word' id='word_1_618' title='bbox 816 4589 991 4663; x_wconf 85' lang='grc' dir='ltr'>καιρῷ</span> <span class='ocrx_word' id='word_1_619' title='bbox 1023 4587 1128 4644; x_wconf 85' lang='grc' dir='ltr'><strong>ἀπό</strong></span> <span class='ocrx_word' id='word_1_620' title='bbox 1165 4609 1225 4644; x_wconf 89' lang='grc' dir='ltr'><strong>τε</strong></span> <span class='ocrx_word' id='word_1_621' title='bbox 1263 4588 1566 4663; x_wconf 72' lang='grc' dir='ltr'>Αἲγύπτου,</span> <span class='ocrx_word' id='word_1_622' title='bbox 1601 4589 1970 4660; x_wconf 86' lang='grc' dir='ltr'>Παλαιστίνης</span> 
     </span>
    </p>
   </div>
   <div class='ocr_carea' id='block_1_93' title="bbox 317 4675 1964 4753">
    <p class='ocr_par' dir='ltr' id='par_1_93' title="bbox 317 4675 1964 4753">
     <span class='ocr_line' id='line_1_93' title="bbox 317 4675 1964 4753; baseline 0.002 -21"><span class='ocrx_word' id='word_1_623' title='bbox 317 4698 376 4732; x_wconf 85' lang='grc' dir='ltr'><strong>τε</strong></span> <span class='ocrx_word' id='word_1_624' title='bbox 440 4677 531 4732; x_wconf 83' lang='grc' dir='ltr'><strong>καὶ</strong></span> <span class='ocrx_word' id='word_1_625' title='bbox 591 4678 877 4748; x_wconf 84' lang='grc' dir='ltr'>Φοινίκης,</span> <span class='ocrx_word' id='word_1_626' title='bbox 931 4678 1022 4733; x_wconf 84' lang='grc' dir='ltr'><strong>καὶ</strong></span> <span class='ocrx_word' id='word_1_627' title='bbox 1073 4685 1172 4748; x_wconf 83' lang='grc' dir='ltr'><strong>τῆς</strong></span> <span class='ocrx_word' id='word_1_628' title='bbox 1225 4675 1438 4749; x_wconf 86' lang='grc' dir='ltr'>Κοίλης</span> <span class='ocrx_word' id='word_1_629' title='bbox 1493 4677 1716 4753; x_wconf 89' lang='grc' dir='ltr'>Συρίας,</span> <span class='ocrx_word' id='word_1_630' title='bbox 1775 4679 1964 4751; x_wconf 80' lang='grc' dir='ltr'>πλήθη</span> 
     </span>
    </p>
   </div>
   <div class='ocr_carea' id='block_1_94' title="bbox 319 4765 1966 4842">
    <p class='ocr_par' dir='ltr' id='par_1_94' title="bbox 319 4765 1966 4842">
     <span class='ocr_line' id='line_1_94' title="bbox 319 4765 1966 4842; baseline 0.002 -22"><span class='ocrx_word' id='word_1_631' title='bbox 319 4767 630 4842; x_wconf 83' lang='grc' dir='ltr'>ἀνήρχοντο</span> <span class='ocrx_word' id='word_1_632' title='bbox 689 4765 741 4820; x_wconf 87' lang='grc' dir='ltr'><strong>ἐν</strong></span> <span class='ocrx_word' id='word_1_633' title='bbox 802 4765 1025 4838; x_wconf 79' lang='grc' dir='ltr'>Κιλικίᾳ</span> <span class='ocrx_word' id='word_1_634' title='bbox 1078 4766 1168 4820; x_wconf 85' lang='grc' dir='ltr'><strong>καὶ</strong></span> <span class='ocrx_word' id='word_1_635' title='bbox 1221 4765 1272 4820; x_wconf 90' lang='grc' dir='ltr'><strong>ἐν</strong></span> <span class='ocrx_word' id='word_1_636' title='bbox 1331 4772 1451 4828; x_wconf 86' lang='grc' dir='ltr'>ταῖς</span> <span class='ocrx_word' id='word_1_637' title='bbox 1506 4765 1719 4842; x_wconf 84' lang='grc' dir='ltr'>χώραις</span> <span class='ocrx_word' id='word_1_638' title='bbox 1749 4769 1966 4825; x_wconf 75' lang='grc' dir='ltr'>Ἀντιο-</span> 
     </span>
    </p>
   </div>
   <div class='ocr_carea' id='block_1_95' title="bbox 319 4851 1970 4931">
    <p class='ocr_par' dir='ltr' id='par_1_95' title="bbox 319 4851 1970 4931">
     <span class='ocr_line' id='line_1_95' title="bbox 319 4851 1970 4931; baseline 0.001 -22"><span class='ocrx_word' id='word_1_639' title='bbox 319 4854 494 4931; x_wconf 83' lang='grc' dir='ltr'>χείας,</span> <span class='ocrx_word' id='word_1_640' title='bbox 525 4860 622 4910; x_wconf 90' lang='grc' dir='ltr'><strong>τοῦ</strong></span> <span class='ocrx_word' id='word_1_641' title='bbox 653 4855 887 4922; x_wconf 80' lang='grc' dir='ltr'>Χάλεπε,</span> <span class='ocrx_word' id='word_1_642' title='bbox 943 4855 1033 4910; x_wconf 89' lang='grc' dir='ltr'><strong>καὶ</strong></span> <span class='ocrx_word' id='word_1_643' title='bbox 1090 4851 1610 4929; x_wconf 79' lang='grc' dir='ltr'>προσλαμϐάνοντες</span> <span class='ocrx_word' id='word_1_644' title='bbox 1666 4856 1755 4910; x_wconf 83' lang='grc' dir='ltr'><strong>καὶ</strong></span> <span class='ocrx_word' id='word_1_645' title='bbox 1803 4858 1970 4931; x_wconf 82' lang='grc' dir='ltr'>Ἀρα-</span> 
     </span>
    </p>
   </div>
   <div class='ocr_carea' id='block_1_96' title="bbox 321 4939 1969 5017">
    <p class='ocr_par' dir='ltr' id='par_1_96' title="bbox 321 4939 1969 5017">
     <span class='ocr_line' id='line_1_96' title="bbox 321 4939 1969 5017; baseline 0.001 -19"><span class='ocrx_word' id='word_1_646' title='bbox 321 4939 418 5005; x_wconf 90' lang='grc' dir='ltr'><strong>ϐας</strong></span> <span class='ocrx_word' id='word_1_647' title='bbox 471 4948 553 5016; x_wconf 82' lang='grc' dir='ltr'>τῷ</span> <span class='ocrx_word' id='word_1_648' title='bbox 610 4939 959 5016; x_wconf 85' lang='grc' dir='ltr'>σεπτεμϐρίῳ</span> <span class='ocrx_word' id='word_1_649' title='bbox 1021 4943 1154 5016; x_wconf 82' lang='grc' dir='ltr'>μηνὶ</span> <span class='ocrx_word' id='word_1_650' title='bbox 1227 4943 1326 5012; x_wconf 83' lang='grc' dir='ltr'><strong>τήν</strong></span> <span class='ocrx_word' id='word_1_651' title='bbox 1379 4944 1515 4998; x_wconf 70' lang='grc' dir='ltr'>κατὰ</span> <span class='ocrx_word' id='word_1_652' title='bbox 1569 4943 1854 5017; x_wconf 80' lang='grc' dir='ltr'>Ῥωμαίων</span> <span class='ocrx_word' id='word_1_653' title='bbox 1915 4944 1969 5000; x_wconf 83' lang='grc' dir='ltr'>ἐ-</span> 
     </span>
    </p>
   </div>
   <div class='ocr_carea' id='block_1_97' title="bbox 317 5030 1966 5109">
    <p class='ocr_par' dir='ltr' id='par_1_97' title="bbox 317 5030 1966 5109">
     <span class='ocr_line' id='line_1_97' title="bbox 317 5030 1966 5109; baseline 0.001 -23"><span class='ocrx_word' id='word_1_654' title='bbox 317 5035 576 5087; x_wconf 89' lang='grc' dir='ltr'>ποιοῦντο</span> <span class='ocrx_word' id='word_1_655' title='bbox 607 5031 895 5106; x_wconf 80' lang='grc' dir='ltr'>ἐξέλευσιν’</span> <span class='ocrx_word' id='word_1_656' title='bbox 923 5031 975 5086; x_wconf 81' lang='grc' dir='ltr'><strong>ἐν</strong></span> <span class='ocrx_word' id='word_1_657' title='bbox 998 5037 1078 5100; x_wconf 81' lang='grc' dir='ltr'>τῷ</span> <span class='ocrx_word' id='word_1_658' title='bbox 1105 5030 1344 5105; x_wconf 86' lang='grc' dir='ltr'>τοιούτῳ</span> <span class='ocrx_word' id='word_1_659' title='bbox 1373 5033 1557 5087; x_wconf 90' lang='grc' dir='ltr'>τοίνυν</span> <span class='ocrx_word' id='word_1_660' title='bbox 1584 5038 1779 5109; x_wconf 80' lang='grc' dir='ltr'>καιρῷ,</span> <span class='ocrx_word' id='word_1_661' title='bbox 1812 5033 1901 5088; x_wconf 81' lang='grc' dir='ltr'><strong>ὅτε</strong></span> <span class='ocrx_word' id='word_1_662' title='bbox 1931 5036 1966 5103; x_wconf 83' lang='grc' dir='ltr'>ἡ</span> 
     </span>
    </p>
   </div>
   <div class='ocr_carea' id='block_1_98' title="bbox 320 5120 1967 5200">
    <p class='ocr_par' dir='ltr' id='par_1_98' title="bbox 320 5120 1967 5200">
     <span class='ocr_line' id='line_1_98' title="bbox 320 5120 1967 5200; baseline 0.001 -24"><span class='ocrx_word' id='word_1_663' title='bbox 320 5124 664 5195; x_wconf 79' lang='grc' dir='ltr'>συνάθροισις</span> <span class='ocrx_word' id='word_1_664' title='bbox 745 5126 843 5178; x_wconf 87' lang='grc' dir='ltr'><strong>τοῦ</strong></span> <span class='ocrx_word' id='word_1_665' title='bbox 918 5123 1206 5200; x_wconf 78' lang='grc' dir='ltr'>φωσσάτου</span> <span class='ocrx_word' id='word_1_666' title='bbox 1259 5125 1369 5178; x_wconf 81' lang='grc' dir='ltr'><strong>τῶν</strong></span> <span class='ocrx_word' id='word_1_667' title='bbox 1425 5121 1711 5196; x_wconf 86' lang='grc' dir='ltr'>πολεμίων</span> <span class='ocrx_word' id='word_1_668' title='bbox 1772 5120 1967 5197; x_wconf 86' lang='grc' dir='ltr'>μέλλει</span> 
     </span>
    </p>
   </div>
   <div class='ocr_carea' id='block_1_99' title="bbox 318 5211 1969 5290">
    <p class='ocr_par' dir='ltr' id='par_1_99' title="bbox 318 5211 1969 5290">
     <span class='ocr_line' id='line_1_99' title="bbox 318 5211 1969 5290; baseline 0.002 -24"><span class='ocrx_word' id='word_1_669' title='bbox 318 5211 582 5288; x_wconf 84' lang='grc' dir='ltr'>γίνεσθαι,</span> <span class='ocrx_word' id='word_1_670' title='bbox 685 5213 1056 5289; x_wconf 85' lang='grc' dir='ltr'>συνεγέστερον</span> <span class='ocrx_word' id='word_1_671' title='bbox 1132 5215 1178 5251; x_wconf 69' lang='grc'><strong>³1</strong></span> <span class='ocrx_word' id='word_1_672' title='bbox 1253 5211 1382 5274; x_wconf 84' lang='grc' dir='ltr'>τοὺς</span> <span class='ocrx_word' id='word_1_673' title='bbox 1454 5213 1778 5290; x_wconf 81' lang='grc' dir='ltr'>τραπεζίτας</span> <span class='ocrx_word' id='word_1_674' title='bbox 1861 5216 1969 5288; x_wconf 84' lang='grc'><strong>(11)</strong></span> 
     </span>
    </p>
   </div>
   <div class='ocr_carea' id='block_1_100' title="bbox 2078 4584 3730 4659">
    <p class='ocr_par' dir='ltr' id='par_1_100' title="bbox 2078 4584 3730 4659">
     <span class='ocr_line' id='line_1_100' title="bbox 2078 4584 3730 4659; baseline -0.001 -17"><span class='ocrx_word' id='word_1_675' title='bbox 2078 4604 2150 4643; x_wconf 82' lang='lat' dir='ltr'><strong>ex</strong></span> <span class='ocrx_word' id='word_1_676' title='bbox 2177 4589 2441 4659; x_wconf 65' lang='lat' dir='ltr'><strong>IEgypto,</strong></span> <span class='ocrx_word' id='word_1_677' title='bbox 2493 4586 2829 4641; x_wconf 68' lang='lat' dir='ltr'><strong>Palmstina.</strong></span> <span class='ocrx_word' id='word_1_678' title='bbox 2875 4585 3196 4651; x_wconf 60' lang='lat' dir='ltr'><strong>Phoenicia,</strong></span> <span class='ocrx_word' id='word_1_679' title='bbox 3250 4584 3592 4656; x_wconf 80' lang='lat' dir='ltr'><strong>Ccelesyria,</strong></span> <span class='ocrx_word' id='word_1_680' title='bbox 3633 4602 3730 4640; x_wconf 86' lang='lat' dir='ltr'><strong>ca-</strong></span> 
     </span>
    </p>
   </div>
   <div class='ocr_carea' id='block_1_101' title="bbox 2075 4673 3730 4743">
    <p class='ocr_par' dir='ltr' id='par_1_101' title="bbox 2075 4673 3730 4743">
     <span class='ocr_line' id='line_1_101' title="bbox 2075 4673 3730 4743; baseline -0.002 -13"><span class='ocrx_word' id='word_1_681' title='bbox 2075 4681 2252 4731; x_wconf 73' lang='lat' dir='ltr'><strong>tervas</strong></span> <span class='ocrx_word' id='word_1_682' title='bbox 2282 4676 2595 4732; x_wconf 90' lang='lat' dir='ltr'><strong>hominum</strong></span> <span class='ocrx_word' id='word_1_683' title='bbox 2639 4676 2699 4729; x_wconf 92' lang='lat' dir='ltr'><strong>in</strong></span> <span class='ocrx_word' id='word_1_684' title='bbox 2747 4673 3013 4729; x_wconf 88' lang='lat' dir='ltr'><strong>Ciliciam</strong></span> <span class='ocrx_word' id='word_1_685' title='bbox 3066 4674 3335 4743; x_wconf 85' lang='lat' dir='ltr'><strong>finesque</strong></span> <span class='ocrx_word' id='word_1_686' title='bbox 3378 4673 3730 4742; x_wconf 72' lang='lat' dir='ltr'><strong>Antiochiaa,</strong></span> 
     </span>
    </p>
   </div>
   <div class='ocr_carea' id='block_1_102' title="bbox 2076 4763 3730 4837">
    <p class='ocr_par' dir='ltr' id='par_1_102' title="bbox 2076 4763 3730 4837">
     <span class='ocr_line' id='line_1_102' title="bbox 2076 4763 3730 4837; baseline -0.001 -15"><span class='ocrx_word' id='word_1_687' title='bbox 2076 4767 2233 4822; x_wconf 88' lang='lat' dir='ltr'><strong>circa</strong></span> <span class='ocrx_word' id='word_1_688' title='bbox 2265 4767 2538 4837; x_wconf 81' lang='lat' dir='ltr'><strong>Alepum,</strong></span> <span class='ocrx_word' id='word_1_689' title='bbox 2571 4765 2955 4837; x_wconf 89' lang='lat' dir='ltr'><strong>emergebant</strong></span> <span class='ocrx_word' id='word_1_690' title='bbox 2986 4769 3045 4818; x_wconf 91' lang='lat' dir='ltr'><strong>et</strong></span> <span class='ocrx_word' id='word_1_691' title='bbox 3082 4763 3406 4834; x_wconf 88' lang='lat' dir='ltr'><strong>assumptis</strong></span> <span class='ocrx_word' id='word_1_692' title='bbox 3438 4764 3730 4820; x_wconf 87' lang='lat' dir='ltr'><strong>Arabibus</strong></span> 
     </span>
    </p>
   </div>
   <div class='ocr_carea' id='block_1_103' title="bbox 2075 4855 3733 4928">
    <p class='ocr_par' dir='ltr' id='par_1_103' title="bbox 2075 4855 3733 4928">
     <span class='ocr_line' id='line_1_103' title="bbox 2075 4855 3733 4928; baseline 0 -16"><span class='ocrx_word' id='word_1_693' title='bbox 2075 4874 2280 4912; x_wconf 89' lang='lat' dir='ltr'><strong>mense</strong></span> <span class='ocrx_word' id='word_1_694' title='bbox 2313 4856 2634 4928; x_wconf 89' lang='lat' dir='ltr'><strong>septembri</strong></span> <span class='ocrx_word' id='word_1_695' title='bbox 2667 4857 2729 4910; x_wconf 91' lang='lat' dir='ltr'><strong>in</strong></span> <span class='ocrx_word' id='word_1_696' title='bbox 2763 4859 3058 4911; x_wconf 83' lang='lat' dir='ltr'><strong>Romanos</strong></span> <span class='ocrx_word' id='word_1_697' title='bbox 3095 4855 3396 4910; x_wconf 86' lang='lat' dir='ltr'><strong>faciebant</strong></span> <span class='ocrx_word' id='word_1_698' title='bbox 3438 4856 3733 4912; x_wconf 87' lang='lat' dir='ltr'><strong>incursio-</strong></span> 
     </span>
    </p>
   </div>
   <div class='ocr_carea' id='block_1_104' title="bbox 2075 4945 3734 5016">
    <p class='ocr_par' dir='ltr' id='par_1_104' title="bbox 2075 4945 3734 5016">
     <span class='ocr_line' id='line_1_104' title="bbox 2075 4945 3734 5016; baseline 0 -14"><span class='ocrx_word' id='word_1_699' title='bbox 2075 4963 2248 5002; x_wconf 89' lang='lat' dir='ltr'><strong>nem:</strong></span> <span class='ocrx_word' id='word_1_700' title='bbox 2285 4963 2373 5014; x_wconf 89' lang='lat' dir='ltr'><strong>eo,</strong></span> <span class='ocrx_word' id='word_1_701' title='bbox 2407 4945 2674 5016; x_wconf 90' lang='lat' dir='ltr'><strong>inquam,</strong></span> <span class='ocrx_word' id='word_1_702' title='bbox 2703 4951 2992 5016; x_wconf 90' lang='lat' dir='ltr'><strong>tempore,</strong></span> <span class='ocrx_word' id='word_1_703' title='bbox 3012 4961 3128 5016; x_wconf 89' lang='lat' dir='ltr'><strong>quo</strong></span> <span class='ocrx_word' id='word_1_704' title='bbox 3162 4945 3474 5014; x_wconf 85' lang='lat' dir='ltr'><strong>exercitus,</strong></span> <span class='ocrx_word' id='word_1_705' title='bbox 3498 4946 3734 5002; x_wconf 89' lang='lat' dir='ltr'><strong>hostilis</strong></span> 
     </span>
    </p>
   </div>
   <div class='ocr_carea' id='block_1_105' title="bbox 2077 5033 3731 5107">
    <p class='ocr_par' dir='ltr' id='par_1_105' title="bbox 2077 5033 3731 5107">
     <span class='ocr_line' id='line_1_105' title="bbox 2077 5033 3731 5107; baseline 0 -16"><span class='ocrx_word' id='word_1_706' title='bbox 2077 5036 2341 5091; x_wconf 89' lang='lat' dir='ltr'><strong>coiturus</strong></span> <span class='ocrx_word' id='word_1_707' title='bbox 2369 5039 2478 5102; x_wconf 91' lang='lat' dir='ltr'><strong>est,</strong></span> <span class='ocrx_word' id='word_1_708' title='bbox 2511 5035 2750 5107; x_wconf 82' lang='lat' dir='ltr'><strong>expedit</strong></span> <span class='ocrx_word' id='word_1_709' title='bbox 2773 5033 3042 5090; x_wconf 89' lang='lat' dir='ltr'><strong>crebrius</strong></span> <span class='ocrx_word' id='word_1_710' title='bbox 3072 5049 3344 5089; x_wconf 89' lang='lat' dir='ltr'><strong>cursores</strong></span> <span class='ocrx_word' id='word_1_711' title='bbox 3366 5034 3486 5089; x_wconf 90' lang='lat' dir='ltr'><strong>sive</strong></span> <span class='ocrx_word' id='word_1_712' title='bbox 3517 5036 3731 5091; x_wconf 85' lang='lat' dir='ltr'><strong>tasina-</strong></span> 
     </span>
    </p>
   </div>
   <div class='ocr_carea' id='block_1_106' title="bbox 2077 5122 3733 5196">
    <p class='ocr_par' dir='ltr' id='par_1_106' title="bbox 2077 5122 3733 5196">
     <span class='ocr_line' id='line_1_106' title="bbox 2077 5122 3733 5196; baseline 0.001 -17"><span class='ocrx_word' id='word_1_713' title='bbox 2077 5124 2188 5189; x_wconf 87' lang='lat' dir='ltr'><strong>cia,</strong></span> <span class='ocrx_word' id='word_1_714' title='bbox 2213 5123 2562 5195; x_wconf 85' lang='lat' dir='ltr'><strong>indicesque</strong></span> <span class='ocrx_word' id='word_1_715' title='bbox 2589 5123 2880 5196; x_wconf 89' lang='lat' dir='ltr'><strong>plurimos</strong></span> <span class='ocrx_word' id='word_1_716' title='bbox 2913 5140 2984 5178; x_wconf 82' lang='lat' dir='ltr'><strong>ex</strong></span> <span class='ocrx_word' id='word_1_717' title='bbox 3013 5122 3334 5196; x_wconf 91' lang='lat' dir='ltr'><strong>proborum</strong></span> <span class='ocrx_word' id='word_1_718' title='bbox 3375 5129 3552 5196; x_wconf 88' lang='lat' dir='ltr'><strong>atque</strong></span> <span class='ocrx_word' id='word_1_719' title='bbox 3585 5124 3733 5180; x_wconf 82' lang='lat' dir='ltr'><strong>ﬁde-</strong></span> 
     </span>
    </p>
   </div>
   <div class='ocr_carea' id='block_1_107' title="bbox 2079 5203 3737 5286">
    <p class='ocr_par' dir='ltr' id='par_1_107' title="bbox 2079 5203 3737 5286">
     <span class='ocr_line' id='line_1_107' title="bbox 2079 5203 3737 5286; baseline 0.001 -18"><span class='ocrx_word' id='word_1_720' title='bbox 2079 5213 2228 5269; x_wconf 91' lang='lat' dir='ltr'><strong>lium</strong></span> <span class='ocrx_word' id='word_1_721' title='bbox 2257 5229 2531 5286; x_wconf 88' lang='lat' dir='ltr'><strong>numero,</strong></span> <span class='ocrx_word' id='word_1_722' title='bbox 2565 5213 2859 5270; x_wconf 87' lang='lat' dir='ltr'><strong>emittere.</strong></span> <span class='ocrx_word' id='word_1_723' title='bbox 2889 5213 3038 5268; x_wconf 91' lang='lat' dir='ltr'><strong>Item</strong></span> <span class='ocrx_word' id='word_1_724' title='bbox 3076 5203 3506 5269; x_wconf 85' lang='lat' dir='ltr'><strong>mercatoribus</strong></span> <span class='ocrx_word' id='word_1_725' title='bbox 3535 5219 3737 5286; x_wconf 89' lang='lat' dir='ltr'><strong>potes-</strong></span> 
     </span>
    </p>
   </div>
   <div class='ocr_carea' id='block_1_108' title="bbox 1522 5391 2536 5452">
    <p class='ocr_par' dir='ltr' id='par_1_108' title="bbox 1522 5391 2536 5452">
     <span class='ocr_line' id='line_1_108' title="bbox 1522 5391 2536 5452; baseline 0.003 -3"><span class='ocrx_word' id='word_1_726' title='bbox 1522 5397 1585 5451; x_wconf 87' lang='lat' dir='ltr'><strong>C.</strong></span> <span class='ocrx_word' id='word_1_727' title='bbox 1625 5394 1688 5450; x_wconf 90' lang='grc' dir='ltr'><strong>Β.</strong></span> <span class='ocrx_word' id='word_1_728' title='bbox 1730 5394 1923 5452; x_wconf 80' lang='lat' dir='ltr'><strong>HASII</strong></span> <span class='ocrx_word' id='word_1_729' title='bbox 1970 5391 2536 5452; x_wconf 77' lang='lat' dir='ltr'><strong>ANNOTATIONES.</strong></span> 
     </span>
    </p>
   </div>
   <div class='ocr_carea' id='block_1_109' title="bbox 394 5534 1975 5614">
    <p class='ocr_par' dir='ltr' id='par_1_109' title="bbox 394 5535 1933 5614">
     <span class='ocr_line' id='line_1_109' title="bbox 394 5535 1933 5614; baseline 0.003 -23"><span class='ocrx_word' id='word_1_730' title='bbox 394 5536 442 5573; x_wconf 79' lang='grc'>²⁹</span> <span class='ocrx_word' id='word_1_731' title='bbox 469 5535 778 5612; x_wconf 81' lang='grc' dir='ltr'>ἀρχόντων.</span> <span class='ocrx_word' id='word_1_732' title='bbox 811 5538 970 5596; x_wconf 85' lang='lat' dir='ltr'><strong>Fort.</strong></span> <span class='ocrx_word' id='word_1_733' title='bbox 1003 5538 1372 5614; x_wconf 80' lang='grc' dir='ltr'>στρατιωτῶν.</span> <span class='ocrx_word' id='word_1_734' title='bbox 1446 5536 1497 5573; x_wconf 85' lang='grc'><strong>³⁰</strong></span> <span class='ocrx_word' id='word_1_735' title='bbox 1525 5535 1727 5592; x_wconf 85' lang='grc' dir='ltr'>σκοπὸν</span> <span class='ocrx_word' id='word_1_736' title='bbox 1760 5537 1933 5595; x_wconf 88' lang='lat' dir='ltr'><strong>codd.</strong></span> 
     </span>
    </p>
   </div>
   <div class='ocr_carea' id='block_1_110' title="bbox 2088 5534 2711 5614">
    <p class='ocr_par' dir='ltr' id='par_1_110' title="bbox 2089 5534 2711 5613">
     <span class='ocr_line' id='line_1_110' title="bbox 2089 5534 2711 5613; baseline -0.002 -21"><span class='ocrx_word' id='word_1_737' title='bbox 2089 5535 2506 5613; x_wconf 77' lang='grc' dir='ltr'>συνερχέστερον</span> <span class='ocrx_word' id='word_1_738' title='bbox 2540 5534 2711 5593; x_wconf 89' lang='lat' dir='ltr'><strong>codd.</strong></span> 
     </span>
    </p>
   </div>
   <div class='ocr_carea' id='block_1_111' title="bbox 395 5703 3727 5780">
    <p class='ocr_par' dir='ltr' id='par_1_111' title="bbox 395 5703 3727 5780">
     <span class='ocr_line' id='line_1_111' title="bbox 395 5703 3727 5780; baseline -0.001 -20"><span class='ocrx_word' id='word_1_739' title='bbox 395 5706 506 5780; x_wconf 81' lang='grc'>(11)</span> <span class='ocrx_word' id='word_1_740' title='bbox 537 5707 618 5761; x_wconf 84' lang='lat' dir='ltr'><strong>De</strong></span> <span class='ocrx_word' id='word_1_741' title='bbox 648 5706 968 5778; x_wconf 82' lang='lat' dir='ltr'><strong>trapezitis,</strong></span> <span class='ocrx_word' id='word_1_742' title='bbox 1002 5723 1259 5778; x_wconf 89' lang='lat' dir='ltr'><strong>quorum</strong></span> <span class='ocrx_word' id='word_1_743' title='bbox 1275 5707 1405 5780; x_wconf 85' lang='lat' dir='ltr'><strong>jam</strong></span> <span class='ocrx_word' id='word_1_744' title='bbox 1437 5722 1618 5780; x_wconf 88' lang='lat' dir='ltr'><strong>supra</strong></span> <span class='ocrx_word' id='word_1_745' title='bbox 1645 5709 1870 5766; x_wconf 90' lang='lat' dir='ltr'><strong>mentio</strong></span> <span class='ocrx_word' id='word_1_746' title='bbox 1897 5709 2054 5765; x_wconf 83' lang='lat' dir='ltr'><strong>facta</strong></span> <span class='ocrx_word' id='word_1_747' title='bbox 2083 5712 2173 5763; x_wconf 88' lang='lat' dir='ltr'><strong>est</strong></span> <span class='ocrx_word' id='word_1_748' title='bbox 2194 5709 2314 5764; x_wconf 80' lang='grc'>121.</span> <span class='ocrx_word' id='word_1_749' title='bbox 2346 5707 2409 5762; x_wconf 88' lang='lat' dir='ltr'><strong>D.</strong></span> <span class='ocrx_word' id='word_1_750' title='bbox 2442 5704 2586 5760; x_wconf 85' lang='lat' dir='ltr'><strong>Vide</strong></span> <span class='ocrx_word' id='word_1_751' title='bbox 2618 5703 2985 5775; x_wconf 83' lang='lat' dir='ltr'><strong>Ducangium</strong></span> <span class='ocrx_word' id='word_1_752' title='bbox 3044 5704 3340 5761; x_wconf 83' lang='lat' dir='ltr'><strong>Glossario</strong></span> <span class='ocrx_word' id='word_1_753' title='bbox 3388 5706 3436 5761; x_wconf 91' lang='lat' dir='ltr'><strong>II</strong></span> <span class='ocrx_word' id='word_1_754' title='bbox 3486 5705 3620 5759; x_wconf 83' lang='grc'><strong>1533</strong></span> <span class='ocrx_word' id='word_1_755' title='bbox 3664 5705 3727 5757; x_wconf 90' lang='grc' dir='ltr'>Β.</span> 
     </span>
    </p>
   </div>
  </div>
