4152 6312
469 382 589 442 943

1797 365 2226 431 NICEPHORI
2266 365 2546 428 PHOCIE

3773 373 3919 434 9M

466 522 654 575 tatem
681 516 877 572 facere
907 512 1286 570 introeundi:
1320 525 1450 566 cum
1495 506 1718 576 amiris,
1757 504 1858 578 qui
1888 503 2123 576 Oppidis

2250 497 2615 570 ἱποστέλλειν,
2674 501 2799 573 ἤτοι
2854 502 2923 559 τὰ
2992 503 3297 574 τασινάκια,
3362 503 3454 559 καὶ
3510 504 3912 569 κατασκόπους

475 608 631 664 ﬁnes
687 611 924 661 nostros
997 599 1406 674 adjacentibus
1462 599 1748 668 praasunt,
1806 593 2130 649 amicitiam

483 696 873 753 contrahere:
905 691 1165 747 scribere
1195 689 1268 744 ad
1299 687 1456 754 illos,
1489 685 1761 740 homines
1793 699 1929 738 cum
1957 682 2132 738 donis

478 788 716 843 mittere
737 801 749 839 :
774 788 839 837 ut
861 782 954 836 his
973 779 1149 834 variis
1169 775 1506 832 actionibus
1528 790 1663 830 cum
1685 772 1934 829 consilia
1955 777 2130 843 atque

477 873 868 948 cogitationes
927 868 1209 934 hostium,
1270 871 1395 921 tum
1448 880 1766 920 numerum
1823 862 2131 936 c0piarum

478 962 845 1034 equestrium
877 964 936 1014 et
964 957 1331 1030 pedestrium
1371 971 1502 1027 quas
1551 959 1853 1026 cogantur,
1885 951 2132 1026 praefec-

478 1057 686 1122 tosque
719 1064 944 1115 earum,
980 1050 1039 1101 et
1068 1046 1129 1100 in
1161 1061 1308 1117 quas
1349 1045 1680 1117 provincias
1729 1043 2132 1098 incursionem

476 1141 672 1195 facere
695 1136 1087 1201 instituerint,
1116 1134 1292 1206 plane
1317 1133 1434 1188 dux
1459 1134 1776 1205 perdiscat.
1800 1134 1888 1187 Ita
1918 1131 2135 1186 certior

475 1230 690 1297 factus,
721 1243 859 1282 cum
891 1226 963 1280 de
994 1230 1159 1280 motu
1190 1224 1502 1291 exercitus,
1525 1229 1650 1278 tum
1681 1223 1752 1278 de
1776 1221 2133 1291 itinere,quo

480 1321 543 1376 in
566 1319 716 1374 ﬁnes
736 1315 939 1388 populi
963 1317 1212 1370 Romani
1231 1314 1570 1384 irrupturus
1588 1311 1899 1377 est,debet,
1914 1309 2135 1366 coactis

481 1405 974 1477 omnibus,copiis
992 1404 1065 1459 ad
1087 1404 1340 1458 limitem
1363 1403 1723 1475 progredi,et
1742 1402 1863 1456 sive
1890 1407 2138 1456 turmar-

480 1500 652 1556 cham
684 1495 1138 1568 peritissimum,
1173 1494 1321 1548 197
1360 1492 1478 1548 sive
1511 1492 1772 1562 aliquem
1803 1508 1873 1546 ex
1903 1490 2134 1563 magnis

478 1585 864 1660 probatisque
877 1581 1172 1655 prasfectis
1185 1580 1676 1652 praamittere,qui
1689 1596 1818 1635 cum
1835 1578 2136 1650 equitibus

2239 585 2534 656 πλείστους
2586 597 2694 647 τῶν
2754 592 3046 668 χρησίμων
3107 590 3198 647 καί
3257 596 3486 649 πιστῶν.
3533 598 3915 670 Παραχωρεῖν

2241 674 2299 732 δὲ
2351 679 2443 734 καὶ
2498 681 2914 756 πραγματευτὰς
2971 681 3331 756 εἷσέρχεσθαιο
3389 685 3806 756 προσποιεῖσθαι
3845 681 3919 738 δὲ

2238 768 2327 822 καὶ
2362 765 2550 847 φιλίαν
2591 771 2726 845 πρὸς
2754 769 2881 832 τοὺς
2942 775 3263 844 κρατοῦντες
3318 768 3606 844 ἀμηράδας
3636 773 3747 828 τῶν
3775 779 3918 835 ταῖς

2242 856 2431 933 ἂκραις
2493 861 2655 931 ἡμῶν
2716 861 3131 935 παρακειμένων
3187 859 3456 935 κάστρων·
3518 862 3606 916 καὶ
3665 863 3912 940 γράφειν

2239 949 2376 1023 πρὸς
2435 948 2655 1018 αὐτοὺς,
2711 949 2802 1004 καὶ
2860 949 3181 1024 ἀνθρώπους
3242 951 3378 1023 μετά
3431 950 3722 1006 κανισκίων
3757 952 3916 1006 ἀπο-

2242 1037 2512 1093 στέλλειν·
2571 1037 2724 1100 ὅπως
2779 1036 2870 1093 διὰ
2922 1045 3026 1108 τῆς
3086 1036 3414 1100 πολυειδοῦς
3464 1039 3666 1111 ταύτης
3721 1041 3915 1097 πολυ-

2240 1126 2631 1203 πραγμοσύνης
2689 1125 2894 1200 δυνηθῇ
2949 1131 3133 1205 σαφῶς
3187 1125 3633 1184 ἀναδιδάσκεσθαι
3663 1130 3757 1192 τὰς
3786 1136 3914 1185 τῶν

2241 1213 2528 1289 πολεμίων
2593 1215 2794 1293 βουλὰς
2847 1215 2937 1271 καὶ
3003 1215 3255 1290 μελέτας,
3311 1218 3400 1272 καί
3455 1219 3524 1273 τά
3566 1217 3754 1290 πλήθη
3787 1226 3915 1275 τῶν

2241 1309 2330 1381 [Ρ.
2390 1311 2514 1378 127]
2567 1305 3054 1381 ἐπισωρευομένων
3109 1305 3407 1383 φωσσάτων
3468 1306 3679 1364 ἱππέων
3720 1330 3780 1364 τε
3811 1311 3920 1364 καὶ

2241 1400 2441 1466 πεζῶν,
2499 1395 2590 1450 καὶ
2645 1395 2779 1458 τοὺς
2833 1393 3041 1450 τούτων
3099 1394 3407 1472 ἀρχηγοὺς,
3464 1397 3554 1452 καὶ
3616 1398 3669 1452 ἐν
3713 1399 3919 1462 ποίαις

2241 1485 2456 1560 χώραις
2483 1486 2583 1554 τὴν
2626 1483 2904 1540 ἐπέλευσιν
2949 1489 3127 1539 ποιεῖν
3181 1482 3498 1560 βούλονται.
3531 1490 3924 1561 Καταμηνυό-

2247 1596 2403 1648 μενος
2459 1572 2517 1630 δὲ
2568 1575 2668 1643 τήν
2724 1579 2818 1629 τοῦ
2901 1574 3186 1650 φωσσάτου
3247 1574 3594 1648 ἀποκίνησιν,
3653 1578 3745 1632 καὶ
3807 1575 3914 1634 διὰ

482 1676 728 1732 delectis
760 1672 1030 1729 hostibus
1061 1675 1353 1738 occurrat,
1385 1675 1705 1741 antequam
1741 1670 2136 1741 irruptionem

2250 1663 2405 1727 ποίας
2438 1662 2569 1720 ὀδοῦ
2605 1665 2705 1733 τὴν
2768 1661 3036 1733 ἐξέλευσιν
3094 1664 3233 1719 κατά
3282 1664 3592 1738 Ῥωμανίας
3625 1673 3925 1732 ποιεῖσθαι

482 1767 546 1823 in
577 1765 910 1838 provincias
941 1767 1176 1818 nostras
1206 1760 1494 1816 fecerint:
1548 1765 1614 1815 ut
1660 1765 1719 1814 et
1747 1759 2140 1831 insequantur

2250 1755 2465 1829 μέλλει,
2532 1754 2873 1828 ἐπισυνάγειν
2931 1754 3138 1808 ἅπαντα
3211 1755 3280 1808 τὰ
3355 1756 3752 1830 στρατεύματα,
3811 1759 3920 1814 καὶ

483 1836 644 1921 illos,
676 1859 736 1910 et
764 1852 1162 1925 speculantur,
1186 1855 1244 1906 et
1265 1855 1460 1906 motus
1480 1850 1720 1906 illorum
1746 1849 1882 1906 duci
1908 1867 2136 1907 renun-

2250 1850 2380 1923 πρὸς
2433 1847 2530 1911 τᾶς
2594 1843 2760 1921 ἄκρας
2833 1843 3236 1943 παραγίνεσθαι,
3327 1844 3688 1943 ἀποστέλλειν
3743 1844 3805 1903 δὲ
3864 1836 3930 1884 ³³

487 1947 660 2002 tient.

2243 1936 2606 2015 τουρμάρχην
2675 1933 3090 2008 ἐμπειρότατον,
3169 1931 3278 1989 εἴτε
3352 1931 3536 2009 ’ἕτερόν
3620 1957 3741 1992 τινα
3793 1941 3919 1993 τῶν

493 2028 751 2106 μεγάλων
782 2029 872 2086 καὶ
905 2025 1200 2104 χρησίμων
1234 2025 1542 2102 ἀρχόντων,
1578 2028 1711 2100 μετὰ
1743 2027 1950 2085 ἱππέων
1983 2029 2282 2088 ἐπιλέκτων
2331 2029 2779 2101 προσυπαντῆσαι
2831 2027 2950 2084 τοῖς
2993 2021 3290 2094 πολεμίοις
3319 2021 3426 2099 πρδ
3455 2028 3558 2078 τοῦ
3585 2026 3685 2094 τὴν
3720 2021 3917 2081 εῒσϐο-

492 2121 598 2192 λὴν
627 2121 703 2183 εἷς
730 2119 828 2182 τὰς
859 2121 1020 2192 ἡμῶν
1053 2117 1242 2192 χώρας
1275 2118 1627 2188 ’ποιήσασθαι⁸
1684 2118 1777 2174 ἳνα
1832 2119 1922 2175 καὶ
1981 2118 2425 2184 ἐπακολουθῶσιν
2471 2113 2676 2182 αὐτοῖς,
2731 2110 2824 2167 καὶ
2872 2111 3253 2186 παραμένωσι,
3303 2113 3522 2176 καὶτὰς
3553 2112 3924 2186 ἂποκινήσεις

493 2211 673 2266 αὐτῶν
704 2212 784 2281 τῷ
814 2211 1108 2284 στρατηγῷ
1137 2205 1583 2280 καταμηνύωσιν.

489 2327 622 2384 CAP.
658 2326 802 2382 VIII.
845 2326 923 2380 De
964 2325 1180 2380 ratione
1236 2324 1560 2449 obsgtrvandi
1605 2331 1770 2396 atque
1815 2325 2148 2397 insequendi

1161 2411 1342 2449 exere:
1372 2411 1482 2449 um.

1161 2411 1482 2452 exercitum.

564 2504 925 2564 Observandi
954 2505 1016 2559 hi
1049 2509 1190 2559 sunt
1231 2504 1390 2560 hunc
1419 2505 1483 2559 in
1511 2503 1757 2562 modum
1783 2521 1797 2560 :
1853 2507 2002 2562 Dum
2029 2507 2150 2564 dux

491 2614 628 2654 cum
677 2596 954 2652 omnibus
1005 2595 1193 2667 copiis
1242 2611 1350 2666 per
1404 2594 1604 2650 locum
1646 2601 2046 2668 opportunum
2080 2614 2148 2654 ac

490 2685 790 2741 munitum
815 2685 987 2755 juxta
1015 2683 1130 2738 iter
1148 2681 1309 2752 facit,
1331 2683 1545 2755 pagani
1569 2687 1767 2738 autem
1799 2701 1934 2739 cum
1965 2684 2154 2740 omni-

490 2775 600 2830 bus
633 2774 754 2828 suis
781 2772 1097 2846 pecoribus
1128 2772 1286 2826 intra
1309 2772 1546 2844 oppida,
1580 2778 1703 2840 aut,
1755 2774 1803 2829 si
1843 2775 2013 2831 nulla
2042 2793 2150 2847 op-

492 2864 634 2936 pida
650 2861 993 2930 subsunt,in
1007 2866 1239 2917 montes
1258 2862 1620 2917 editissimos
1641 2867 1698 2917 et
1718 2864 2151 2919 munitissimos

493 2953 854 3024 eosdemque
888 2951 1124 3006 insidiis
1155 2951 1348 3006 minus
1380 2951 1689 3018 obnoxios,
1713 2952 1785 3007 ab
1808 2953 2156 3025 expilatori-

2397 2323 2561 2377 ΚΕΦ.
2595 2322 2674 2374 Η’.
2706 2349 2776 2360 -
2805 2315 2934 2392 Περὶ
2965 2322 3289 2392 παραμονῆς
3331 2321 3636 2391 φωσσάτου,
3680 2319 3769 2373 καὶ

2863 2387 3309 2459 ἀκολουθήσεως.

2325 2506 2390 2560 Ἦ
2451 2501 2508 2559 δὲ
2562 2501 2860 2578 παραμονή
2916 2501 3098 2557 αὐτῶν
3151 2500 3327 2565 οὕτως
3385 2500 3594 2580 ὀφείλει
3643 2503 3916 2578 γίνεσθαι·

2257 2597 2370 2652 Τοῦ
2402 2594 2706 2668 στρατηγοῦ
2769 2590 2905 2664 μετὰ
2961 2590 3160 2651 παντὸς
3212 2594 3311 2645 τοῦ
3371 2586 3508 2646 λαοῦ
3538 2588 3590 2645 ἐν
3621 2589 3931 2666 ἐπιτηδείῳ

2261 2684 2352 2738 καὶ
2411 2683 2602 2758 ὀχυρῷ
2663 2681 2818 2753 τόπῳ
2873 2678 3336 2756 παρατρέχοντος,
3395 2680 3486 2735 καὶ
3541 2684 3650 2736 τῶν
3695 2681 3932 2757 χωρίων

2262 2770 2353 2829 διὰ
2407 2771 2516 2828 τῶν
2574 2768 2996 2842 ἐκσπηλατόρων
3058 2767 3510 2846 φυγαδευομένων
3562 2768 3614 2824 ἐν
3669 2775 3787 2835 τοῖς
3823 2772 3926 2825 κέ-

2263 2883 2468 2936 στροις,
2501 2862 2561 2930 ἢ,
2597 2861 2673 2933 μὴ
2707 2856 2889 2915 ὅπτων
2921 2857 3190 2932 κάστρων,
3225 2857 3277 2912 ἐν
3306 2857 3483 2935 ὄρεσιν
3549 2858 3778 2930 ὗκηλοῖς
3828 2860 3926 2915 καὶ

2265 2948 2640 3026 ὀχυρωτάτοις
2671 2949 2762 3004 καὶ
2823 2942 3326 3022 ἀνεπιϐουλεύτοις,
3382 2947 3592 3021 ὁμοίως
3622 2949 3710 3004 καὶ
3745 2948 3927 3004 πάντα

491 3043 603 3099 bus
635 3041 1114 3114 compelluntur:
1161 3040 1302 3095 item
1361 3056 1516 3106 eum,
1551 3041 1653 3111 qui
1684 3040 1854 3096 lateri
1887 3043 2140 3098 hostium

2263 3039 2328 3092 τὰ
2356 3039 2530 3108 κτήνη
2564 3038 2762 3092 αὐτῶν·
2807 3033 2925 3091 δέον
2975 3033 3334 3090 ἀποστέλλειν
3384 3038 3475 3090 καὶ
3510 3037 3596 3093 τὸν
3630 3036 3929 3115 ὀφείλοντα

2460 3126 2470 3140 ο
2652 3126 2665 3143 ς
2724 3125 2738 3143 \
2810 3122 2835 3143 ᾗ
2940 3125 2951 3143 1
3137 3121 3164 3143 ΩΙ
3333 3124 3360 3143 ﬂ
3494 3123 3510 3143 ἱ
3645 3125 3655 3143 1
3859 3133 3890 3143 .-

493 3133 813 3198 adhaareat,
859 3131 1018 3185 circa
1064 3129 1272 3183 horam
1318 3128 1437 3182 diei
1486 3128 1735 3183 alteram
1779 3130 1872 3184 vel
1910 3131 2146 3186 tertiam

493 3222 682 3278 emitti
712 3223 965 3290 oportet.
989 3219 1066 3284 Is,
1086 3223 1327 3287 accepta
1350 3216 1768 3272 benedictione
1792 3217 2149 3290 ducis,post-

493 3325 672 3380 quam
700 3304 1025 3376 assumpsit
1050 3308 1344 3359 catervam
1397 3319 1564 3358 suam
1597 3310 1774 3374 atque
1807 3305 2146 3376 equisones,

493 3397 761 3453 conferat
789 3411 852 3450 se
883 3393 957 3450 ad
986 3393 1160 3461 viam,
1194 3409 1312 3464 qua
1340 3393 1542 3449 hostes
1573 3399 1924 3450 transeunt:
1949 3396 2146 3468 impe-

491 3487 758 3544 dimenta
787 3501 894 3540 sua
939 3489 999 3539 et
1044 3500 1330 3557 agasones
1377 3483 1534 3556 apud
1583 3484 1796 3540 ducem
1823 3485 2145 3558 relinquat,

483 3593 680 3648 neque
726 3574 1054 3647 quidquam
1103 3589 1306 3628 secum
1354 3573 1507 3629 ferat
1556 3579 1773 3646 praeter
1814 3575 1993 3631 unius
2024 3575 2145 3631 diei

486 3665 730 3733 cibaria,
758 3669 936 3735 atque
971 3679 1040 3720 ea
1069 3668 1336 3735 augusta,
1370 3662 1735 3720 bucellatum
1779 3664 2067 3721 duntaxat
2091 3670 2151 3722 et

491 3772 747 3817 caseum,
786 3758 888 3809 aut
918 3753 1302 3820 salsamenta,
1337 3759 1396 3808 et
1425 3770 1714 3825 equorum
1746 3771 1814 3810 ac
1846 3755 2147 3811 mulorum

492 3844 800 3919 pabula.Si
815 3844 875 3898 in
889 3843 1081 3898 vicum
1094 3843 1474 3914 pervenitubi
1489 3843 1706 3899 victum
1713 3844 2150 3916 jumentorum-

483 3950 597 4005 que
612 3933 1027 4006 pabulationes
1041 3932 1560 3999 inveniat,reficiat
1573 3933 1653 3987 ibi
1672 3933 1881 3989 milites
1895 3941 1952 3989 et
1964 3950 2147 4005 equos

485 4039 674 4094 usque
689 4023 762 4078 ad
776 4023 982 4077 horam
997 4037 1219 4076 nonam
1231 4021 1351 4076 diei
1364 4022 1717 4076 stationibus
1732 4038 1839 4093 per
1850 4023 1980 4078 loca
1992 4026 2030 4078 1
2043 4023 2144 4079 98

482 4111 734 4166 editiora
755 4110 1082 4181 dispositis.
1117 4111 1248 4181 Ipse
1277 4111 1531 4182 agminis
1556 4111 1892 4180 prasfectus,
1926 4112 2143 4166 altissi-

479 4215 580 4254 ma
633 4198 878 4271 specula
939 4215 1287 4265 conscensa,
1351 4199 1666 4254 observare
1741 4201 2142 4271 aucuparique

484 4288 664 4344 debet
691 4287 964 4359 pulveres
1009 4287 1271 4342 hostium
1317 4292 1375 4341 et
1419 4287 1653 4342 fumos:
1703 4287 1862 4344 unde
1906 4289 2145 4362 colligat

486 4377 1063 4448 aastimationemque
1093 4375 1292 4440 faciat,
1326 4392 1443 4447 qua
1473 4381 1784 4432 transeant
1813 4382 1870 4432 et
1899 4394 2139 4434 conses-

487 4468 610 4522 suri
643 4467 781 4522 sint.
816 4466 1047 4521 Etenim
1069 4482 1104 4520 a
1124 4466 1330 4536 peritis
1354 4466 1698 4522 hominibus
1724 4467 1852 4522 loca
1881 4485 2137 4540 quoque,

482 4557 584 4612 ubi
617 4561 812 4612 castra
835 4555 963 4611 ﬁeri
989 4555 1283 4627 expediat,
1307 4555 1811 4610 internoscuntur.
1840 4556 1946 4611 Ubi
1969 4558 2142 4612 intel-

481 4645 741 4701 lexerint
770 4661 884 4717 quo
917 4645 1046 4700 loco
1079 4644 1399 4701 adversarii
1423 4645 1838 4711 constiterunt,
1866 4647 2142 4719 evestigio

484 4735 596 4792 hac
631 4736 701 4792 de
733 4751 798 4792 re
857 4735 1071 4791 ducem
1129 4737 1446 4791 certiorem
1495 4735 1736 4792 faciant.
1778 4736 1834 4790 Is
1865 4751 2000 4791 cum
2036 4752 2141 4791 suo

2259 3126 2583 3200 παραμένειν
2641 3125 2747 3179 ἀπὸ
2807 3122 3060 3198 δευτέρας
3126 3121 3269 3198 ὥρας
3325 3124 3360 3193 ἢ
3421 3123 3511 3178 καὶ
3567 3125 3758 3199 τρίτης
3818 3133 3928 3197 τῆς

2257 3212 2490 3290 ἡμέρας.
2549 3216 2650 3272 Καὶ
2711 3215 2903 3290 εὐχὴν
2965 3210 3347 3288 λαμϐάνοντας
3379 3215 3550 3270 ³³τοῦ
3588 3221 3924 3292 στρατηγοῦ,

2255 3300 2728 3379 ἀναλαμϐάνεσθαι
2783 3303 2877 3359 τὸν
2937 3301 3069 3358 λαὸν
3125 3303 3311 3373 αὐτοῦ,
3356 3304 3446 3358 καὶ
3476 3303 3605 3367 τοὺς
3636 3325 3921 3382 παρασυρ-

2254 3395 2448 3456 τάτους
2506 3396 2641 3467 (12),
2699 3393 2789 3448 καὶ
2848 3393 3022 3468 ὁρμᾷν
3080 3391 3220 3467 πρὸς
3272 3393 3372 3463 τὴν
3429 3389 3578 3466 ὁδὸν,
3607 3395 3726 3458 καθ’
3757 3393 3822 3464 ἣν
3857 3397 3919 3450 οἳ

2255 3482 2520 3556 πολέμιοι
2572 3479 2910 3559 διέρχονται,
2964 3483 3065 3552 τήν
3125 3481 3434 3552 ἀποσκευὴν
3467 3481 3636 3538 αὐτοῦ
3661 3484 3920 3548 καὶτοὺς

2253 3573 2706 3649 παριππαράτους
2737 3574 2850 3645 (13)
2879 3569 3311 3645 καταλιμπάνων
3373 3573 3508 3646 μετά
3547 3577 3643 3628 τοῦ
3675 3594 3917 3645 στρατη-

2251 3665 2372 3738 γοῦ,
2400 3659 2568 3736 μηδὲν
2593 3658 2732 3717 ἄλλο
2758 3660 3187 3736 ἐπιφερομένους
3218 3662 3253 3730 ἧ
3289 3667 3418 3734 μιᾶς
3446 3661 3658 3737 ἡμέρας
3677 3665 3909 3738 τροφὴν,

2253 3751 2342 3806 καὶ
2369 3751 2536 3821 αὐτὴν
2575 3750 2708 3825 μετὰ
2765 3747 2991 3819 ἐνδείας,
3052 3751 3248 3825 ἄρτους
3312 3751 3513 3825 μόνους
3541 3751 3630 3807 καὶ
3660 3753 3841 3828 τυρὸν,
3873 3755 3910 3822 ἢ

2252 3842 2344 3897 καὶ
2373 3841 2598 3916 τάριχα,
2630 3840 2717 3896 καὶ
2759 3840 2857 3902 τὰς
2899 3843 3008 3894 τῶν
3065 3840 3253 3895 ἳππων
3303 3840 3394 3895 καὶ
3445 3841 3695 3915 ἡμιόνων
3722 3843 3908 3917 ταγάς.

2254 3930 2352 3992 Εἷς
2407 3929 2618 4006 χωρίον
2678 3926 2736 3984 δὲ
2793 3927 3145 4001 ἀπληκεύων,
3197 3929 3291 3990 τάς
3345 3950 3404 3985 τε
3461 3930 3654 4006 χρείας
3695 3932 3781 3986 καὶ
3813 3932 3909 4000 τήν

2249 4031 2358 4081 τῶν
2457 4025 2676 4101 ἀλόγων
2761 4027 2969 4103 τροφὴν
3059 4025 3411 4103 ἐφευρίσκων,
3497 4025 3905 4083 διαναπαυσᾶτω

2252 4113 2425 4170 ἐκεῖσε
2452 4115 2545 4170 τὸν
2579 4113 2710 4170 λαὸν
2771 4115 2938 4170 αὐτοῦ
2994 4115 3085 4170 καὶ
3143 4116 3235 4170 τὸν
3293 4117 3462 4170 ἳππον
3517 4117 3584 4185 ³⁸,
3629 4112 3732 4179 ἔως
3764 4117 3903 4192 ὥρας

2251 4203 2476 4274 ἐννάτης
2506 4207 2604 4269 τῆς
2635 4205 2868 4279 ἡμέρας,
2906 4202 3100 4278 βίγλάς
3159 4208 3373 4277 κρατῶν
3429 4203 3480 4256 ἐν
3541 4203 3905 4281 ὑψηλοτέροις

2248 4292 2463 4354 τόποις.
2518 4291 2620 4348 Καὶ
2681 4291 2842 4355 αὐτὸς
2899 4291 3099 4356 ἐκεῖνος
3155 4292 3182 4345 ὁ
3239 4296 3341 4346 τοῦ
3379 4289 3515 4346 λαοῦ
3544 4290 3818 4367 ἀρχηγὸς,
3854 4293 3904 4349 ἐν

2248 4382 2508 4455 περιωπῇ
2565 4379 2884 4455 ὑψηλοτάτη
2952 4381 3310 4455 ἀερχόμενος,
3370 4379 3700 4436 ἀποσκοπεῖν
3757 4381 3900 4454 ὀφείο

2250 4468 2335 4526 λει
2381 4471 2468 4525 καὶ
2527 4468 2748 4543 βλέπειν
2797 4469 3114 4542 κονιορτοὺς
3160 4473 3270 4524 τῶν
3322 4468 3616 4543 πολεμίων
3645 4470 3736 4524 καὶ
3766 4489 3900 4525 καπ-

2251 4559 2398 4622 νοῦς·
2458 4557 2548 4613 καὶ
2608 4557 2682 4619 ὠς
2744 4556 2802 4612 ἐκ
2856 4557 3052 4612 τούτου
3099 4563 3375 4613 κατανοεῖν
3407 4559 3496 4613 καὶ
3529 4557 3900 4632 στοχάζεσθαι,

2253 4645 2305 4700 ἐν
2366 4647 2450 4708 οἷς
2499 4643 2809 4720 διέρχονται
2865 4647 2952 4701 καὶ
3012 4645 3355 4718 ἀπληκεῦσαι
3413 4647 3732 4722 μέλλουσιν.
3773 4648 3896 4705 Ὑπὸ

2252 4735 2356 4810 γὰρ
2388 4739 2493 4790 τῶν
2522 4734 2794 4812 ἐμπείρων
2829 4731 3039 4810 ἀνδρῶν
3089 4735 3179 4792 καί
3230 4738 3283 4792 οἱ
3333 4738 3518 4810 τόποι,
3553 4737 3636 4814 ἐφ’
3661 4741 3748 4802 οἷς
3773 4759 3897 4814 προσ

1691 4917 1751 4969 C.
1795 4916 1858 4969 Β.
1901 4915 2091 4971 HASII
2129 4915 2686 4972 ANNOTATIONES.

546 5088 594 5124 ³³
619 5085 694 5147 δέ.
723 5091 879 5165 Fort.
908 5109 988 5146 τε.
1061 5091 1107 5126 ³³
1137 5092 1291 5148 Fort.
1327 5085 1698 5163 Λαμϐάνοντα.
1756 5093 1836 5148 De
1861 5107 2000 5148 voce
2059 5086 2140 5144 λαί

2306 5089 2477 5165 εὐχήν
2529 5090 2788 5162 Ducang.
2833 5091 3091 5147 Glossar.
3127 5091 3174 5160 Ι,
3205 5093 3336 5158 451,
3365 5093 3427 5147 G.
3505 5093 3552 5129 ³⁴
3577 5091 3674 5148 τὸν
3702 5091 3889 5165 ἳππον]

485 5161 642 5216 Fort.
680 5161 781 5229 τήν
810 5160 977 5216 ἳππον

550 5313 658 5381 (12)
687 5314 766 5367 De
815 5314 912 5385 his
940 5312 1069 5367 vide
1133 5314 1388 5385 Ducang.
1451 5315 1639 5371 Gloss.
1705 5318 1861 5371 1494.
1895 5318 1960 5372 Α.
1997 5322 2136 5372 sunt

481 5385 581 5510 gui
641 5401 824 5454 equos
881 5383 1208 5438 dextrarios
1267 5383 1510 5467 ducunt.
1573 5388 1664 5441 Sic
1732 5387 2130 5458 παρασύρεσθαι

527 5461 786 5510 onstant.
822 5456 1262 5510 Pornhvrouen.
1286 5457 1516 5510 Cas-nm,
1543 5459 1671 5510 sz.
1695 5460 1738 5510 Ι.
1764 5461 1886 5510 266.
1916 5461 1977 5510 D.
2004 5463 2127 5510 267.

527 5461 786 5529 onstant.
822 5456 1262 5529 Porphyrogen.
1286 5457 1671 5529 Cierim.iByz.
1695 5460 1738 5511 Ι.
1764 5461 1886 5511 266.
1915 5456 1977 5514 D.
2004 5463 2127 5515 267.

481 5530 546 5582 A.
605 5533 663 5582 et
715 5525 781 5580 τὰ
837 5525 1155 5598 παθάσυρτιὶ
1211 5525 1441 5594 ἷππάρια
1499 5525 1640 5583 ibid.
1697 5530 1741 5582 ῐ.
1792 5531 1914 5583 2'79.
1952 5532 2015 5586 D.
2051 5533 2130 5588 De

477 5599 647 5669 equis
676 5603 892 5672 συρτοῖς
926 5601 1184 5670 Ducang.
1218 5599 1292 5653 ad
1322 5599 1584 5672 Alexiad.
1617 5602 1741 5653 227.
1771 5600 1831 5654 C.

549 5673 656 5740 (13)
690 5670 843 5726 Verti
875 5685 1158 5740 agasones,
1226 5675 1292 5726 ut
1355 5670 1479 5726 vult
1542 5670 1882 5743 Ducangius
1939 5672 2126 5730 Gloss.

2248 5317 2401 5371 1121.
2436 5316 2513 5371 C:
2548 5313 2651 5370 sed
2707 5314 2980 5375 suspicor
3035 5330 3239 5371 verum
3296 5316 3455 5372 vocis
3494 5333 3734 5374 sensum
3769 5336 3886 5375 esse

2243 5391 2395 5463 equis
2425 5387 2695 5463 destituti,
2748 5387 2856 5463 vel.
2919 5389 3071 5463 equis
3124 5387 3339 5463 detritis
3372 5392 3545 5463 (quos
3575 5388 3776 5463 πτωχὰ
3805 5389 3885 5444 ἱπ-

2243 5405 2395 5458 equis
2425 5405 2695 5455 aesmun,
2748 5405 2856 5440 vei.
2919 5405 3071 5458 equis
3124 5405 3339 5444 detritis
3372 5405 3545 5516 (gnos
3575 5405 3776 5463 πτωχα
3808 5405 3885 5444 ιπ-

2241 5459 2608 5542 πέριαηῐζοϐἃῐ
2633 5458 2941 5542 gonstant.
2977 5459 3335 5542 Porphyrog.
3439 5461 3626 5542 aarim.
3659 5463 3803 5542 ‘Byz.
3853 5463 3886 5517 Ι.

2241 5528 2366 5588 280.
2399 5532 2482 5601 C.)
2530 5531 2710 5584 vecti:
2754 5535 2821 5584 ut
2869 5530 2998 5602 ejus
3049 5528 3420 5602 contrarium
3464 5532 3542 5587 sit
3584 5528 3887 5587 καλοῗππα-

2241 5603 2418 5680 ράτος,
2465 5598 2722 5680 i_25.__D.
2751 5598 3027 5680 .l39.'_I3_.
3083 5598 3510 5680 [Ιαριππαρᾶτος
3561 5621 3608 5660 s.
3657 5613 3886 5680 παραϊπ-

2237 5670 2479 5748 παράτος
2509 5671 2726 5744 legitur
2749 5670 2893 5728 item
2925 5673 3045 5729 139.
3082 5673 3144 5728 Β.
3173 5670 3395 5730 ’147ιέᾹη
