4152 6312
265 365 388 453 945
1564 362 1985 427 VELITATIO
2026 359 2372 425 BELLIGA.
3561 362 3682 424 946

267 496 432 565 σήκει
480 490 738 562 ἃπληκτα
791 491 1055 569 γίνεσθαι,
1112 489 1582 567 διαγινώσκονται.
1632 493 1822 551 Ἡνίκα
1869 491 1926 548 δὲ

2039 493 2320 561 exercitu,
2353 491 2554 548 loricis
2615 495 2673 547 et
2718 491 2871 564 sagis
2913 491 3367 564 (epanoclibana
3418 497 3682 563 vocant),

271 580 568 647 αἶ’σθωνται
599 582 648 618 ³⁵
676 586 772 637 τοῦ
827 583 1024 652 τόπου,
1086 581 1139 637 ἒν
1191 581 1237 655 ᾧ
1270 581 1571 652 ηὐλίσαντο
1621 587 1708 653 [Ρ.
1745 586 1847 640 128
1876 583 1928 636 οἱ

2037 601 2165 656 quae
2196 586 2430 654 oportet
2457 597 2578 636 non
2609 581 2866 636 candida
2923 598 3071 648 esse,
3133 582 3444 650 instructo,
3506 583 3589 637 ita
3616 588 3686 638 ut

269 669 562 744 πολέμιοι,
593 672 899 747 παραυτίκα
930 669 1142 742 δη).ὦσι
1193 669 1274 742 τῷ
1332 676 1618 748 στρατηγῷ
1649 670 1772 746 περὶ
1800 669 1930 726 τού-

269 782 374 816 του
405 803 420 819 .
477 761 741 825 Κάκεῖνος
797 759 932 833 μετὰ
993 763 1092 816 τοῦ
1177 757 1319 815 ἲδίου
1385 764 1614 834 στρατοῦ
1681 759 1927 834 θώρακας

273 851 676 925 ἀμπεχομένου
731 849 822 905 καὶ
876 849 945 905 τὰ
1015 847 1283 924 λεγόμενα
1366 844 1783 905 έπανωκλίϐανα
1849 849 1926 921 μὴ

276 939 449 995 λευκᾶ
478 935 626 1008 ὅντα,
661 937 747 994 ἐπὶ
777 944 973 1014 χεῖρας
1014 934 1237 1002 ἕκαστος
1284 939 1349 993 τὸ
1401 934 1926 1014 μεταχειριζόμενον

270 1027 450 1084 ὅπλον
481 1029 752 1104 κατέχων,
774 1029 873 1097 τὴν
902 1025 1220 1105 ὁδοιπορίαν
1243 1027 1494 1085 ποιείτω.
1528 1031 1642 1086 Τοῦ
1673 1025 1732 1082 δὲ
1760 1026 1928 1097 ἡλίου

272 1117 695 1190 ὑποκλίναντος,
725 1117 816 1173 xui
865 1121 973 1173 τῶν
1029 1117 1108 1181 εἰς
1163 1114 1313 1173 λείαν
1369 1116 1429 1173 ἐκ
1481 1118 1584 1173 τοῦ
1641 1116 1927 1195 φωσσάτου

269 1209 649 1285 ἐξερχομένων
733 1207 1020 1282 πολεμίων
1099 1208 1550 1286 ὑποστρεφόντων
1636 1208 1773 1284 πρὸς
1830 1208 1927 1270 τὰς

268 1297 475 1366 σκηνὰς
506 1294 704 1365 αὐτῶν,
734 1295 825 1350 καὶ
874 1295 940 1350 τὰ
995 1293 1208 1372 φοῦλκα
1264 1297 1374 1368 (14)
1432 1293 1664 1357 τούτους
1718 1293 1923 1372 φυλάτ-

263 1406 448 1454 τοντα,
477 1385 602 1439 τότε
629 1384 1067 1459 συνεισέρχεσθαι
1097 1383 1187 1438 καὶ
1229 1383 1388 1439 αὐτὸν
1427 1384 1519 1439 καὶ
1571 1380 1923 1453 πλησιᾶζειν,

264 1479 347 1546 τῷ
384 1478 490 1529 τῶν
520 1472 732 1548 ἐχθρῶν
781 1472 1071 1550 φωσσάτῳ.
1133 1474 1284 1531 Μετὰ
1341 1476 1548 1528 σκοποῦ
1607 1469 1663 1526 δὲ
1695 1469 1926 1526 ὁδοιπο-

268 1563 430 1638 ρείτω
475 1562 567 1617 καὶ
619 1565 906 1638 προσοχῆς
965 1557 1224 1636 ἀκριϐοῦς
1259 1606 1274 1632 ,
1331 1562 1425 1617 καὶ
1483 1559 1781 1634 λαθραίως’
1831 1561 1921 1616 καὶ

271 1653 460 1707 ἑαυτὸν
520 1650 908 1725 ὑποκροπτέτω
943 1694 958 1720 ,
1014 1655 1110 1706 τοῦ
1176 1652 1251 1724 μὴ
1310 1652 1564 1720 θεαθῆναι
1621 1650 1769 1719 παρὰ
1812 1654 1921 1705 τῶν

269 1743 582 1816 πολεμίων.
613 1743 826 1804 Νυκτὸς
860 1739 908 1797 δ’
936 1739 1048 1813 ἤδη
1079 1735 1629 1814 καταλαμϐανούσης,
1683 1739 1922 1810 πλησίον

2032 670 2441 742 unusquisque
2474 671 2782 742 proprium
2814 670 2999 726 telum
3027 671 3087 726 in
3120 671 3397 726 manibus
3445 670 3683 741 habeat,

2032 761 2147 815 iter
2225 759 2613 832 ingrediatur.
2701 759 2833 815 Sole
2919 760 2994 815 ad
3069 759 3296 814 obitum
3380 763 3683 832 vergente,

2033 849 2273 920 quando
2356 849 2718 924 praedatores
2824 848 3088 904 hostium
3171 849 3379 904 castris
3482 865 3684 921 egres-

2033 939 2104 1010 si,
2138 938 2436 1008 simulque
2483 937 2762 1009 praasidia
2821 953 3028 992 eorum
3085 937 3443 993 tuendorum
3501 953 3683 992 causa

2031 1027 2340 1098 disposita,
2386 1025 2462 1082 ad
2517 1027 2775 1082 tentoria
2829 1032 3226 1094 revertuntur,
3281 1025 3384 1081 ille
3442 1042 3679 1098 quoque

2032 1117 2200 1187 sequi
2260 1123 2318 1171 et
2375 1116 2449 1171 ad
2507 1121 2703 1172 castra
2760 1116 3022 1172 hostium
3103 1116 3420 1172 adventare
3479 1115 3678 1170 debet.

2031 1205 2146 1260 lter
2175 1211 2374 1261 autem
2405 1221 2540 1260 cum
2573 1207 2867 1274 cautione,
2900 1206 3228 1261 attentione
3286 1205 3580 1277 diligenti,
3612 1221 3682 1259 ac

2032 1295 2287 1350 latenter
2316 1294 2531 1350 faciat:
2580 1311 2762 1366 seque
2816 1295 3012 1364 abdat,
3072 1311 3147 1351 ne
3197 1294 3268 1350 ab
3323 1294 3678 1351 adversariis

2032 1384 2452 1460 conspiciatur.
2513 1387 2636 1440 Nox
2693 1389 3010 1456 postquam
3065 1385 3246 1452 venit,
3307 1383 3548 1440 accedat
3603 1383 3679 1438 ad

2031 1481 2262 1530 castra:
2295 1491 2364 1529 ac
2395 1475 2444 1528 si
2476 1475 2536 1528 in
2568 1474 2722 1542 loco,
2755 1475 2855 1529 ubi
2895 1474 3297 1530 consederunt
3349 1474 3570 1539 hostes,
3605 1472 3678 1526 ab

2029 1583 2147 1620 uno
2180 1566 2385 1630 latere,
2418 1565 2510 1620 vel
2541 1565 2719 1620 etiam
2773 1582 2807 1620 a
2855 1565 3108 1635 duobus,
3157 1563 3427 1619 tumulus
3484 1563 3679 1618 editus

2030 1655 2240 1710 castris
2253 1654 2712 1710 imminetfacile
2726 1671 2868 1709 sane
2883 1655 3255 1711 observation
3264 1655 3457 1710 emillo
3472 1654 3533 1708 in
3545 1654 3678 1708 loco

2029 1749 2332 1816 peragent.
2367 1745 2510 1799 Nam
2543 1743 2660 1799 duo
2691 1744 2914 1798 milites
2945 1749 3046 1799 aut
3078 1750 3220 1811 tres,
3252 1742 3684 1799 descendentes

271 1834 510 1907 γενέσθω
540 1836 638 1887 τοῦ
668 1830 978 1902 ἀπληκτου·
1012 1832 1101 1886 καὶ
1136 1831 1182 1886 εἰ
1210 1832 1307 1900 μὲν
1337 1826 1447 1885 ἔστι
1484 1831 1677 1906 βουνὸς
1708 1829 1921 1903 ὑψηλὸς

2037 1850 2103 1887 ex
2136 1833 2326 1904 equis,
2351 1831 2676 1904 etpedibus
2707 1833 2768 1888 in
2794 1833 3091 1889 tumulum
3116 1832 3454 1901 evadentes,
3485 1831 3586 1886 ubi
3609 1831 3682 1886 ad

271 1923 326 1978 ἐν
361 1924 406 1996 ᾧ
436 1921 733 1993 ηὐλίσαντο
761 1922 813 1976 οἱ
853 1919 1140 1994 πολέμιοι,
1169 1919 1220 1990 ἐξ
1254 1921 1372 1983 ἑνὸς
1415 1919 1613 1996 μέρους
1657 1919 1692 1988 ἢ
1741 1918 1833 1974 καὶ
1865 1919 1925 1975 ἐκ

273 2010 374 2067 δύο
404 2009 639 2080 πλησίον
673 2015 769 2064 τοῦ
802 2009 1089 2080 ἀπλήκτου
1129 2009 1324 2078 αὐτῶν,
1374 2009 1591 2069 ἀπόνως
1618 2008 1718 2077 τήν
1751 2028 1926 2084 παρα-

278 2101 454 2175 μονὴν
478 2097 532 2154 ἐν
563 2097 752 2171 ἐκείνῳ
779 2097 858 2170 τῷ
881 2100 1036 2171 τόπῳ
1080 2096 1428 2176 φυλάξουσιν.
1457 2092 1789 2159 ’Δποϐἀντες
1820 2097 1924 2172 γὰρ

273 2193 388 2244 τῶν
421 2185 601 2242 ἵππων
627 2187 718 2242 καὶ
760 2190 897 2261 πεζῇ
956 2185 1006 2241 έν
1064 2191 1144 2259 τῷ
1205 2188 1382 2261 βουνῷ
1443 2187 1804 2261 ἀνερχόμενοι
1837 2183 1928 2239 ἄν·

275 2276 400 2351 δρες
432 2275 528 2332 δύο
559 2281 640 2349 τῷ
689 2276 909 2350 ἀριθμῷ
938 2277 972 2346 ἢ
1004 2275 1094 2332 xui
1151 2281 1320 2352 τρεῖς,
1379 2277 1467 2331 καὶ
1523 2274 1924 2345 πλησιάζοντες

271 2372 353 2440 τῷ
383 2366 674 2440 ἁπλήκτῳ,
707 2367 812 2422 ἀπὸ
849 2370 957 2421 τῶν
1018 2366 1245 2439 ὑψηλῶν
1306 2365 1524 2421 ἐκείνων
1580 2365 1671 2420 καὶ
1705 2365 1929 2440 ὀχυρω-

272 2458 451 2512 τάτων
516 2456 748 2532 βουνῶν,
805 2458 913 2509 τῶν
965 2456 1042 2529 μὴ
1103 2452 1415 2528 δυναμένων
1475 2452 1666 2509 ἄνοδον
1728 2451 1927 2528 εὐχερῆ

279 2546 542 2622 παρέχειν
572 2551 690 2609 τοῖς
720 2544 1036 2618 πολεμίοις,
1083 2547 1211 2621 ὁρᾷν
1259 2547 1322 2600 τὸ
1379 2543 1684 2622 φωσσάτον,
1715 2542 1804 2598 καὶ
1833 2543 1930 2605 τὰς

286 2637 469 2714 φωνὰς
529 2640 627 2691 τοῦ
685 2633 822 2690 λαοῦ
871 2634 1238 2706 ἐνωτίζεσθαι,
1286 2633 1532 2696 καὶτοὺς
1584 2637 1695 2688 τῶν
1745 2629 1932 2687 ’ίππων

277 2726 372 2781 καὶ
402 2725 649 2799 ἡμιόνων
693 2725 1122 2800 χρεμετισμοός.
1171 2722 1522 2779 ’Λποστέλειν
1553 2720 1612 2777 δὲ
1651 2720 1740 2777 καὶ
1778 2717 1932 2796 ἕτερα

276 2814 509 2892 τέσσαρα
536 2812 789 2890 τετράδια
837 2813 1084 2868 ’ἱστασθαι
1139 2811 1408 2890 ἐφίππους
1439 2811 1530 2866 καὶ
1563 2810 1756 2872 αὐτοὺς
1785 2806 1929 2864 ἔνθεν

277 2906 528 2969 κάκεῖθεν
583 2907 680 2959 τυῦ
732 2903 1056 2982 φωσσάτου,
1115 2903 1205 2957 ἀπ’
1264 2900 1531 2971 ἀλλήλων
1602 2897 1934 2975 διακεχωρι-

279 2995 470 3068 σμένα·
502 2991 640 3048 ὥστε
663 2993 755 3048 καὶ
803 2991 998 3054 αὐτοὺς
1058 2990 1279 3046 ἀκούειν
1337 2990 1465 3054 τοὺς
1526 2985 1934 3065 χρεμετισμοὺς

279 3087 392 3138 τῶν
424 3079 605 3138 ἵππων
631 3083 718 3138 καὶ
753 3082 1027 3156 ἡμιόνων,
1056 3081 1147 3136 καὶ
1193 3082 1294 3149 τὴν
1353 3083 1451 3136 τοῦ
1503 3076 1640 3134 λαοῦ
1667 3075 1933 3154 ὀχλαγω-

281 3173 398 3247 γίαν
594 3171 655 3228 Εἰ
688 3169 748 3226 δέ
777 3171 830 3226 ἰν
871 3175 951 3244 τῷ
1006 3174 1103 3226 τοῦ
1160 3167 1447 3241 ἀπλήκτου
1504 3167 1660 3240 τόπῳ
1687 3171 1934 3228 τοιοῦτος

279 3262 632 3338 ὀχυρώτατος
670 3259 865 3337 βουνός
913 3259 1012 3315 οὐκ
1068 3256 1201 3332 ἔστι,
1261 3259 1350 3314 καὶ
1412 3257 1670 3319 ὡσαύτως
1699 3257 1931 3331 τέσσαρα
1961 3240 2003 3308 C

271 3347 526 3425 τετράδία
578 3347 1063 3419 ἀποστέλλεσθαι,
1121 3351 1219 3404 τοῦ
1303 3344 1450 3412 ἔνθεν
1525 3346 1769 3402 κάκεῖθεν
1836 3348 1934 3399 τοῦ

277 3441 566 3516 φωσσάτου
594 3438 824 3513 ἡσύχως
854 3438 1128 3507 ἳστασθαι,
1160 3437 1250 3492 καὶ
1290 3436 1545 3509 σύσσημα
1572 3439 1616 3474 ³⁸
1673 3433 1934 3510 παρέχειν

276 3527 556 3600 ἀλλήλοις
589 3527 898 3601 σημαντικᾶ
932 3528 1367 3602 ὑποχωρήσεως,
1419 3525 1529 3601 εἷ’γε
1585 3523 1793 3597 δεήσοι,
1827 3522 1936 3579 εἴτε

278 3615 374 3673 διὰ
403 3621 692 3692 συρισμοῦ,
724 3619 832 3672 ε’τε
862 3613 952 3672 διὰ
996 3614 1168 3692 λόγου
1223 3614 1316 3670 καὶ
1366 3613 1678 3676 ἐπιλαλιᾶς.
1709 3619 1720 3638 '
1749 3612 1932 3668 Υπαλ-

286 3706 573 3772 λάττεσθαι
607 3704 665 3762 δὲ
713 3706 908 3768 αὐτοὺς
957 3706 1086 3777 παρ’
1142 3705 1362 3780 ἑτέρων,
1420 3701 1528 3759 εἶ’τε
1584 3702 1832 3776 δεύτερον
1863 3706 1930 3776 τῇ

277 3797 456 3864 νυκτὶ,
491 3797 525 3866 ἦ
584 3796 674 3852 xui
731 3795 888 3868 ἅπαξ,
951 3797 1086 3869 πρὸς
1140 3794 1204 3848 τὸ
1261 3792 1351 3848 καὶ
1408 3790 1605 3855 αὐτοὺς
1651 3791 1740 3846 καὶ
1801 3788 1934 3851 τοὺς

272 3888 481 3950 ἳππους
540 3885 716 3941 αὐτῶν
774 3883 1191 3940 διαναπάύεσθαι
1223 3926 1236 3939 .
1299 3882 1666 3957 ’Δπὲρχεσθαι
1726 3877 1784 3934 δὲ
1839 3880 1929 3934 τὸν

269 3977 636 4051 τουρμάρχην
671 4021 688 4047 ,
749 3973 858 4029 εἷ’τε
933 3973 1115 4050 ἑτέραν
1169 3973 1294 4027 τινὰ
1351 3970 1601 4048 κεφαλὴν
1632 4013 1647 4040 ,
1699 3968 1774 4032 εἰς
1832 3969 1929 4037 τήν

275 4066 486 4122 τούτων
543 4063 872 4139 ἀπαλλαγὴν
911 4106 927 4135 ,
979 4062 1070 4118 καὶ
1123 4056 1462 4130 ἐπιϐλέπειν,
1521 4063 1628 4115 ποῦ
1675 4058 1765 4114 καὶ
1813 4063 1932 4120 πῶς

267 4154 550 4224 ἵστανται,
581 4153 671 4210 καὶ
699 4153 827 4216 τοὺς
861 4154 972 4208 ἀντ’
1003 4152 1219 4208 ἐκείνων
1263 4152 1430 4207 πάλιν
1485 4148 1671 4214 καλῶς
1701 4148 1929 4226 έφιστῶν

291 4244 644 4322 ὑποστρέφειν
689 4243 741 4299 ἐν
797 4244 842 4316 ᾧ
873 4243 960 4298 καὶ
1018 4243 1208 4298 ’ἰστατο
1265 4243 1552 4319 πρότερον.
1583 4246 1846 4315 Ταραχῆς
1877 4237 1934 4293 δὲ

280 4333 681 4409 ἐξακουομένης
735 4334 950 4404 κίνησιν
1031 4330 1310 4404 δηλούσης
1370 4336 1468 4387 τοῦ
1527 4329 1763 4404 κούρσου
1799 4375 1812 4394 ,
1866 4328 1932 4382 τὰ

271 4428 508 4502 τέσσαρα
549 4421 807 4497 τετράδια
868 4423 1060 4498 μικρὸν
1119 4419 1615 4492 ἆναποδιζὲτωσαν,
1677 4423 1752 4496 μή
1791 4422 1926 4495 μέν-

277 4538 362 4572 τοι
398 4513 456 4570 δὶ
491 4515 756 4590 μακρόθεν
789 4511 1142 4589 γινέσθωσανο
1201 4517 1278 4584 τῷ
1337 4509 1394 4566 δὲ
1449 4512 1780 4588 τουρμάρχῃ
1819 4535 1930 4586 μη-

2035 1928 2229 1977 castra
2259 1923 2887 1994 appropinquaverint,
2924 1941 2993 1978 ex
3024 1923 3332 1978 editisillis
3349 1927 3682 1993 naturaque

2033 2012 2280 2067 munitis
2308 2012 2582 2078 collibus,
2616 2029 2733 2083 quo
2767 2029 3050 2068 ascensus
3079 2013 3269 2068 facilis
3299 2012 3501 2067 nullus
3532 2013 3679 2067 hos-

2033 2101 2192 2155 tibus
2213 2107 2396 2172 patet,
2419 2118 2553 2156 cum
2575 2101 2773 2157 videre
2797 2106 2990 2158 castra
3010 2106 3311 2174 poterunt,
3327 2108 3451 2156 tum
3474 2101 3679 2156 audire

2033 2205 2205 2244 voces
2235 2189 2386 2244 199
2420 2189 2753 2258 hominum,
2814 2207 3221 2261 equorumque
3271 2196 3331 2246 et
3385 2189 3684 2245 mulorum

2037 2279 2326 2334 hinnitus.
2362 2279 2631 2334 Dimittat
2658 2279 2802 2334 item
2843 2279 2989 2335 alias
3047 2284 3301 2350 quatuor
3345 2279 3684 2351 quadrigas,

2039 2385 2172 2439 quae
2203 2368 2265 2422 in
2297 2368 2464 2439 equis
2497 2367 2640 2439 ipsa;
2673 2385 2908 2439 quoque
2938 2367 3010 2423 ab
3041 2373 3293 2439 utroque
3326 2368 3509 2424 latere
3554 2384 3687 2423 cas-

2039 2462 2290 2524 trorum,
2323 2456 2609 2528 quaelibet
2638 2473 2928 2525 seorsum,
2961 2463 3175 2529 agant:
3207 2461 3274 2512 ut
3302 2456 3512 2512 eodem
3558 2473 3688 2511 mo-

2039 2545 2112 2600 do
2145 2545 2414 2600 hinnitus
2448 2562 2737 2616 equorum
2783 2563 2851 2602 ac
2906 2547 3206 2602 mulorum
3263 2546 3687 2617 fremitumque

2037 2636 2440 2691 multitudinis
2466 2637 2746 2692 exaudire
2779 2642 3019 2708 queant.
3055 2638 3274 2704 Quodsi
3323 2638 3384 2692 in
3429 2638 3560 2692 loco
3593 2653 3688 2692 ca-

2036 2732 2264 2781 trorum
2291 2727 2586 2798 ejusmodi
2610 2733 2823 2783 natura
2842 2729 3110 2784 munitus
3142 2729 3407 2784 tumulus
3425 2746 3544 2784 non
3576 2732 3686 2795 est,

2038 2817 2432 2872 nihilominus
2463 2816 2645 2872 debes
2676 2822 2932 2888 quatuor
2960 2819 3277 2891 quadrigas
3291 2819 3686 2889 mittere,quae

2041 2906 2114 2961 ad
2148 2911 2468 2977 utrumque
2494 2906 2650 2962 latus
2674 2908 2966 2962 exercitus
2989 2908 3225 2964 hostilis
3248 2908 3485 2964 silentio
3505 2911 3682 2976 stent,

2041 3001 2098 3050 et
2129 2996 2296 3068 signa
2327 2995 2437 3051 sibi
2469 2996 2628 3051 inter
2665 3013 2728 3051 se
2775 2996 2920 3052 dent
2966 3002 3254 3053 conventa
3304 3002 3599 3068 receptus,
3633 2996 3683 3050 si

2041 3101 2187 3156 Opus
2220 3089 2330 3152 est,
2363 3088 2464 3140 aut
2493 3084 2666 3141 sibilo
2699 3091 2801 3141 aut
2827 3085 3004 3142 verbo
3039 3091 3098 3142 et
3125 3090 3356 3142 vocatu.
3402 3084 3684 3142 Easdem-

2042 3192 2156 3246 que
2188 3180 2439 3247 oportet,
2471 3175 2563 3230 vel
2592 3175 2684 3230 bis
2715 3181 2911 3244 nocte,
2943 3176 3035 3231 vel
3065 3175 3271 3248 semel,
3299 3176 3434 3231 aliis
3455 3191 3688 3247 permu-

2043 3270 2191 3329 tare,
2218 3269 2284 3318 ut
2313 3280 2447 3319 cum
2478 3263 2597 3318 illas
2628 3269 2750 3319 tum
2811 3265 2949 3336 equi
3008 3281 3212 3320 earum
3267 3265 3646 3336 requiescant
3671 3279 3683 3316 :

2041 3354 2238 3426 ipsum
2261 3353 2405 3408 item
2436 3354 2862 3423 turmarcham,
2894 3359 2998 3410 aut
3027 3353 3289 3425 aliquem
3318 3353 3684 3425 praefectum,

2042 3443 2115 3499 ad
2147 3459 2351 3499 earum
2384 3443 2864 3499 immutationem
2895 3443 3116 3511 venire,
3150 3443 3465 3515 inspicere,
3498 3441 3600 3496 ubi
3632 3446 3696 3496 et-

2039 3550 2156 3604 qua
2185 3534 2415 3590 ratione
2439 3534 2755 3589 stationem
2786 3539 2980 3606 agant,
3015 3538 3071 3588 et
3118 3539 3432 3605 postquam
3484 3548 3684 3588 succe-

2037 3621 2246 3678 dentes
2276 3623 2543 3694 apposite
2571 3623 2871 3686 locaverit,
2905 3623 2980 3678 ad
3012 3639 3146 3678 eum
3198 3623 3397 3677 locum
3449 3620 3688 3689 reverti,

2037 3711 2138 3766 ubi
2169 3711 2332 3782 prius
2365 3711 2644 3768 stetisset.
2697 3711 2754 3766 Si
2799 3711 3082 3782 strepitus
3113 3711 3427 3765 exauditur
3456 3714 3684 3764 motum

2036 3798 2434 3871 praedatorum
2467 3799 2831 3870 signiﬁcans,
2865 3803 3120 3870 quatuor
3149 3798 3447 3871 quadrigae
3479 3796 3685 3868 paulu-

2036 3888 2162 3943 lum
2188 3889 2402 3960 pedem
2425 3888 2797 3954 referant,ita
2809 3887 3347 3960 tamen,utlongius
3359 3903 3480 3942 non
3494 3886 3684 3941 disce-

2038 3976 2213 4032 dant:
2247 3977 2322 4032 ad
2354 3977 2756 4032 turmarcham
2787 3994 2921 4032 vero
2953 3977 3382 4050 profectionem
3416 3975 3679 4029 hostium

2037 4067 2396 4122 nuntient.Is
2409 4065 2620 4122 ducem
2635 4067 2946 4122 certiorem
2960 4066 3280 4138 faciat,qua
3291 4066 3382 4121 via
3395 4065 3684 4136 impetum

2035 4157 2309 4221 fecerint,
2340 4161 2400 4212 et
2432 4173 2549 4227 qua
2576 4157 2760 4212 hora:
2792 4161 2858 4212 ut
2907 4157 3046 4223 dux,
3097 4161 3364 4229 tempore
3422 4159 3482 4209 et
3535 4153 3686 4208 hora

2036 4245 2421 4317 profectionis
2453 4263 2658 4302 eorum
2716 4246 2971 4319 cognita,
3032 4247 3435 4319 conjecturam
3492 4243 3686 4299 facere

2037 4337 2245 4409 possit,
2273 4335 2348 4392 ad
2378 4353 2525 4407 quos
2555 4337 2714 4392 vicos
2763 4352 2952 4407 usque
3002 4336 3078 4392 ad
3124 4352 3300 4392 mane
3347 4332 3686 4406 perventuri

2039 4426 2177 4481 sint.
2212 4426 2486 4481 Militesa
2539 4427 2882 4482 turmarcha
2925 4426 3112 4495 missi,
3173 4439 3528 4496 quocunque
3589 4422 3688 4475 hic

2036 4515 2166 4570 loco
2197 4519 2528 4586 pernoctat,
2562 4515 2643 4569 ibi
2675 4515 2810 4570 duci
2843 4515 3142 4580 nuntient,
3166 4512 3529 4585 prmdatores
3551 4525 3687 4580 pro-

280 4603 547 4662 νυέτωσαν
597 4605 696 4674 τήν
747 4606 855 4658 τῶν
915 4600 1199 4676 πολεμίων
1259 4600 1602 4670 ἀποκίνησιν,
1665 4601 1841 4664 Αὐτὸς
1873 4599 1928 4657 δὲ

2038 4604 2224 4660 fectos
2255 4604 2408 4659 που
2436 4620 2584 4658 esse.
2613 4605 2797 4668 Quem
2830 4603 2879 4657 si
2909 4619 3029 4657 non
3077 4602 3273 4674 ipsum
3323 4617 3390 4655 eo
3442 4600 3504 4653 in
3551 4598 3680 4652 loco

288 4697 540 4769 μηνυέτω
595 4698 673 4766 τῷ
731 4696 1015 4769 στρατηγῷ
1049 4736 1062 4756 ,
1128 4688 1199 4745 δι’
1254 4691 1370 4752 οἳας
1429 4686 1556 4744 ὁδοῦ
1611 4692 1709 4760 τὴν
1744 4691 1921 4766 ὁρμὴν

281 4783 632 4856 ἐποιήσαντο,
663 4783 750 4838 xui
786 4783 839 4837 έν
873 4780 960 4852 οἵᾳ
1016 4774 1150 4854 ὥρᾳ·
1205 4775 1297 4832 ’ἶνα
1324 4778 1415 4834 τὸν
1474 4779 1660 4847 καιρὸν
1711 4780 1801 4835 καὶ
1829 4782 1929 4850 τὴν

284 4872 426 4944 ὥραν
457 4877 556 4941 τῆς
615 4869 992 4941 ἀποκινήσεως
1045 4865 1220 4922 αὐτῶν
1277 4865 1663 4938 ἀναμανθάνων
1703 4868 1732 4922 ὁ
1762 4889 1928 4943 στρα-

2041 4693 2514 4766 deprehendunt,
2545 4708 2747 4748 verum
2779 4697 3151 4763 susceptores
3182 4690 3254 4746 ab
3285 4689 3390 4744 illo
3418 4688 3682 4756 relictos,

2040 4788 2274 4854 oportet
2296 4787 2362 4837 ut
2384 4782 2766 4837 advenientes
2795 4797 2998 4836 vocem
3021 4781 3288 4835 mittant:
3311 4782 3683 4849 susceptores

2037 4887 2102 4926 re
2132 4869 2450 4942 diligenter
2488 4865 2790 4942 explorata
2843 4885 3103 4941 voceque
3159 4869 3378 4945 agnita,
3441 4883 3503 4922 se
3562 4865 3681 4921 illis

1486 5018 1546 5075 Ο.
1580 5018 1643 5073 Β.
1685 5017 1879 5077 ΗΑΞΙΙ,
1915 5021 2473 5081 ANNOTATIONES.

355 5201 405 5236 ³⁵
437 5195 776 5274 αἴσθωνται]
827 5194 1038 5256 ἔσονται
1098 5196 1228 5256 cod.
1304 5195 1351 5233 3‘
1381 5192 1681 5272 σύσσημα]
1740 5197 1928 5274 σύστηε

2048 5199 2221 5259 codd.
2275 5200 2389 5258 Sed
2442 5201 2560 5260 vid.
2610 5202 2867 5278 Ducang.
2929 5203 3184 5261 Glossar.
3240 5203 3418 5263 verbo
3474 5203 3688 5278 Σύσση·

288 5313 410 5366 μον.

343 5427 454 5497 (14)
485 5423 736 5481 Φοῦλκον
767 5430 857 5483 est
887 5426 1146 5497 militum
1175 5422 1407 5497 globus,
1436 5422 1498 5478 in
1530 5422 1814 5497 subsidiis
1834 5425 1928 5481 lo-

272 5495 442 5554 catus
473 5498 908 5570 aditutandum
935 5495 1518 5570 concipi-ianuam.
1560 5496 1816 5570 C.),,hoc
1838 5503 1928 5554 est

272 5586 374 5640 eos
400 5569 502 5640 qui
525 5569 843 5640 diripiendi
869 5566 1360 5640 autiinse'quendi
1393 5583 1572 5623 causa
1604 5569 1813 5625 solutis
1838 5587 1924 5625 or-

278 5639 524 5695 dinibus
554 5639 917 5694 discurrunt.
975 5639 1069 5694 Sic
1123 5641 1246 5693 131.
1302 5639 1366 5693 D.
1424 5640 1545 5696 144.
1606 5643 1827 5696 Δ.149.
1859 5641 1920 5696 C.

273 5712 402 5770 152.
445 5712 508 5770 Β.
539 5711 602 5767 c.
631 5712 848 5767 153.A.
879 5711 944 5765 ι).
976 5709 1101 5765 454.
1133 5710 1207 5768 Α.
1256 5709 1925 5785 161.Δ.Ο.ε1ηιοι·ᾶιιω

2035 5424 2313 5499 praesidio
2344 5427 2743 5501 estjumentis
2773 5428 3157 5501 pascentibus
3217 5432 3341 5487 135.
3399 5432 3462 5486 D.
3522 5432 3685 5487 Idem

2032 5497 2516 5574 ἧοοᾶιλιιζῄφυλακή
2551 5502 2770 5574 A148,,C.

2105 5571 2490 5645 (l5)_Videtur
2515 5571 2849 5645 signiﬁcare
2903 5577 3187 5643 fremitum
3242 5580 3565 5645 castrorum,
3617 5579 3682 5628 ut

2033 5658 2171 5768 ﬁge
2190 5643 2262 5768 ἶ,
2324 5643 2464 5699 Livii
2517 5643 2654 5700 utar
2703 5661 2836 5701 xxx.
2895 5648 2985 5702 30.
3039 5645 3254 5700 Confer
3311 5645 3432 5700 129.
3491 5644 3558 5698 D.
3619 5650 3678 5699 et
