4152 6312
3726 316 3844 384 918

2183 455 2351 531 τηγὸς
2401 457 2486 526 [Ρ.
2522 456 2646 527 129]
2702 451 2929 523 δύνηται
2987 442 3380 528 στὸχάσασθαι,
3441 453 3492 508 ἐν
3549 452 3690 516 οἵοις
3725 472 3846 528 χω-

2188 543 2330 620 ρίοις
2356 541 2736 600 καταλάϐωσιν
2796 543 2928 620 ἄχρι
2987 543 3226 619 πρωίας.
3267 545 3330 596 Οἱ
3398 542 3455 598 δὲ
3503 543 3842 600 ἀποστελλό-

2193 655 2346 707 μενοι
2438 634 2584 709 παρά
2663 638 2757 689 τοῦ
2840 635 3202 709 τουρμάρχου
3292 633 3675 705 καταμηνύσαι
3761 638 3840 704 τῷ

2192 727 2502 798 στρατηγῷ,
2534 721 2586 777 ἐν
2627 723 2672 794 ᾧ
2701 722 2855 794 τόπῳ
2884 723 2910 776 6
2939 721 3245 796 στρατηγὸς
3304 720 3581 792 ηὐλίζετο,
3613 723 3710 790 τὴν
3743 725 3838 776 τοῦ

421 321 540 383 947
1751 319 2088 386 NICEPHO

2220 322 2498 386 ΡΗΟΟᾸΞ

422 455 811 529 conjungere,
847 474 1066 530 eosque
1100 457 1374 514 celeriter
1405 455 1491 511 vel
1523 456 1596 511 ad
1625 456 1857 522 ducem,
1889 456 1979 511 vel
2002 457 2076 512 ad

423 544 573 600 alios
607 553 981 618 susceptores
1013 547 1358 618 perducere,
1392 547 1440 600 si
1491 545 1687 601 denuo
1741 546 1898 601 inter
1950 547 2076 600 haec

429 633 628 690 locum
656 636 770 691 dux
804 637 1136 691 mutaverit.
1172 637 1412 706 Oportet
1443 635 1602 690 enim
1627 635 1798 689 illum
1832 635 2079 706 majoris

427 726 763 780 securitatis
785 742 1064 794 causa,ne
1085 724 1156 778 ab
1171 723 1526 779 adversariis
1552 725 2076 792 circumveniatur,

427 814 547 868 sive
570 815 754 869 semel
775 815 892 868 sive
922 815 1010 868 bis
1034 819 1214 868 noctu
1236 813 1352 868 alio
1385 815 1738 886 transgredi,
1772 814 2079 869 excubias-

2198 811 2424 887 κούρσου
2456 811 2799 882 ἀποκίνησιν.
2852 811 3016 868 Ἐπάν
3073 807 3118 864 δ’
3177 809 3285 884 οὐχ
3334 810 3634 886 εύρήσωσιν
3669 811 3842 864 ἐκεῖσε

429 919 542 972 que
564 902 780 957 habere
794 902 1059 973 duplices
1077 908 1135 957 et
1147 903 1342 957 ﬁrmas
1355 902 1428 958 ad
1442 903 1627 974 ipsum
1639 903 2086 959 custodiendum

2198 899 2378 968 αὐτὸν,
2418 897 2546 954 ἀλλ’
2608 896 3010 974 ὑποδοχαρίους
3037 900 3081 935 ³⁷
3109 897 3238 960 τοὺς
3269 901 3394 973 παρ’
3454 898 3617 953 αὐτοῦ
3674 920 3843 953 κατα-

438 987 778 1066 λειφθέντας,
811 986 931 1044 δέον
960 989 1012 1044 ἐν
1044 989 1232 1063 ἐκείνῳ
1262 995 1341 1062 τῷ
1370 990 1525 1063 τόπῳ
1552 992 1878 1066 γενομένους
1936 993 2204 1068 φωνῆσαι·
2267 987 2392 1050 τοὺς
2450 985 2508 1042 δὲ
2565 985 2968 1064 ὑποδοχαρίους
3021 982 3260 1062 ἀκριϐῶς
3319 985 3841 1062 διασκοπουμένους,

430 1077 590 1147 ἡνίκα
619 1084 720 1148 τῆς
750 1085 935 1155 φωνῆς
958 1077 1233 1151 αἶ’θωνται,
1265 1077 1553 1151 ἔνωθῆναι,
1584 1082 1676 1135 καὶ
1709 1078 1798 1135 διὰ
1829 1081 2036 1155 τάχους
2065 1083 2146 1151 τῷ
2177 1077 2470 1153 στρατηᾸῷ
2507 1079 2736 1142 τούτους
2791 1079 3076 1154 προσάξαι,
3137 1075 3246 1132 εἷ’τε
3277 1076 3352 1139 εἷς
3408 1077 3621 1152 ἐτέρους
3677 1076 3842 1131 πάλιν

430 1167 652 1242 ἀγαγεῖν
684 1165 1110 1243 ύποδοχαρίους,
1139 1173 1236 1223 τοῦ
1267 1174 1572 1246 στρατηγοῦ
1604 1168 1738 1232 ἴσως
1767 1169 1934 1224 πάλιν
1975 1171 2436 1243 μετακινήσαντος
2465 1168 2533 1225 ³⁸.
2576 1169 2696 1243 Χρή
2729 1168 2833 1243 γὰρ
2865 1167 3050 1240 αύτὸν,
3109 1163 3217 1222 εἴτε
3273 1164 3432 1238 ἅπαξ,
3458 1165 3566 1222 εἴτε
3615 1166 3704 1221 καὶ
3739 1165 3845 1234 δὶς,

430 1255 484 1310 ἐν
521 1257 676 1311 νυκτὶ
719 1257 1150 1330 μεταπληκεύειν
1180 1255 1270 1314 διὰ
1290 1256 1510 1327 πολλὴν
1542 1258 1864 1336 ἀσφάλειαν,
1904 1259 2042 1334 πρὸς
2099 1259 2162 1314 τὸ
2192 1258 2269 1332 μή
2309 1257 2416 1312 ύπὸ
2443 1260 2552 1312 τῶν
2607 1254 2892 1330 πολεμίων
2934 1253 3332 1331 ἐνεδρευθῆναι,
3388 1254 3538 1331 ἔχειν
3598 1253 3655 1311 δὲ
3687 1255 3845 1310 αὐτὸν

429 1345 521 1399 καὶ
553 1343 748 1419 βίγλας
779 1342 997 1417 διπλᾶς,
1030 1346 1106 1409 εἷς
1137 1345 1388 1421 φυλακὴν
1419 1347 1587 1402 αὐτοῦ
1620 1346 1902 1424 ἀσφαλεῖςε

431 1467 562 1521 CAP.
595 1467 691 1520 IX.
720 1469 795 1522 De
825 1475 975 1523 motu
1005 1485 1212 1595 manu:
1225 1469 1606 1538 praedatoriae,
1647 1467 1709 1523 'et
1760 1469 1824 1524 de
1868 1471 2085 1524 insecu-

1191 1557 1336 1595 zone.

1191 1557 1336 1596 ιοηε.

509 1656 634 1712 Dux
662 1657 880 1715 certior
935 1657 1124 1713 factus
1183 1658 1546 1730 praedatores
1605 1675 1873 1732 egressos
1935 1674 2084 1724 esse,

2305 1467 2470 1523 ΚΕΦ.
2504 1466 2578 1521 Θ’.
2619 1463 2750 1542 Περὶ
2779 1465 3171 1542 ⁶σῆς-κινήσεως
3218 1467 3315 1518 τυῦ
3353 1462 3612 1538 κούρσου,
3647 1464 3734 1519 καὶ

2793 1535 3210 1606 ἀκολουθήσεως
3232 1580 3247 1594 .

2269 1655 2382 1709 Τοῦ
2442 1655 2748 1727 στρατηγοῦ
2797 1653 2980 1706 τοίνυν
3037 1651 3137 1719 τὴν
3193 1649 3408 1720 κίνησιν
3460 1655 3557 1706 τοῦ
3609 1652 3844 1726 κούρσου

437 1747 714 1819 evestigio
731 1747 983 1802 alterum
999 1748 1343 1819 praefectum
1358 1766 1492 1804 cum
1507 1748 1808 1819 equitibus
1821 1747 2088 1814 delectis,

2198 1740 2688 1814 ἀναμανθάνοντος,
2716 1739 3022 1817 παραυτίκα
3068 1739 3156 1794 καὶ
3213 1736 3396 1813 ἕτερον
3453 1736 3694 1814 ἄρχοντα
3726 1741 3846 1813 μεθ’

439 1836 539 1907 qui
582 1837 903 1892 tumarchae
942 1836 1302 1908 praedatores
1351 1837 1696 1909 insequenti
1748 1837 1958 1904 subsit,
2016 1836 2092 1892 ad

442 1942 580 1980 eum
611 1927 844 1980 mittat:
880 1927 980 1997 qui
1011 1927 1288 1994 mittitur,
1320 1943 1520 1982 secum
1566 1927 1781 1983 habeat
1801 1943 1988 1981 unum
2019 1926 2091 1982 de

440 2013 582 2080 illis,
639 2015 806 2086 quia
846 2017 1155 2071 tumarcha
1217 2023 1507 2072 venerunt
1559 2017 1634 2072 ad
1692 2015 2091 2088 praedatorum

438 2104 868 2174 prefectionem
899 2105 1034 2160 duci
1068 2106 1550 2178 signiﬁcandum,
1584 2123 1619 2162 a
1648 2123 1764 2176 quo
1817 2105 2090 2172 ducatur,

439 2199 507 2248 ut
535 2194 770 2249 facilius
823 2211 885 2249 se
936 2197 1295 2267 conjungere
1343 2196 1663 2251 tumarcha:
1712 2201 1909 2266 queat.
1961 2197 2091 2266 Ipse

441 2281 578 2349 dux,
613 2299 748 2337 cum
794 2283 918 2338 suis
976 2285 1162 2356 copiis
1193 2301 1229 2340 a
1257 2289 1419 2357 tergo
1477 2285 1739 2356 praefecti
1796 2283 2091 2356 praamissi

443 2372 558 2426 iter
584 2373 907 2444 ingressus,
931 2373 1005 2428 ad
1038 2375 1409 2430 tumarcham
1440 2375 1749 2446 pervenire
1773 2379 2053 2446 properet
2077 2389 2090 2428 :

440 2467 508 2515 ut
530 2460 657 2532 ipse
685 2465 1262 2533 quoque,tumarcha
1277 2464 1692 2530 antecedente,
1732 2463 2095 2535 praedatores

441 2549 703 2604 hostium
736 2550 1104 2621 insequatur.
1139 2552 1400 2624 Diligens
1449 2553 1611 2607 enim
1667 2553 1963 2622 erratique
1995 2569 2094 2606 ex-

442 2655 578 2712 pers
602 2639 894 2695 insecutio
908 2657 942 2696 a
963 2645 1124 2714 tergo
1140 2641 1398 2696 hostium
1414 2641 1591 2697 debet
1604 2641 2093 2709 ﬁeri,secundum

439 2729 686 2801 vestigia
743 2735 920 2800 atque
981 2731 1126 2786 item
1185 2747 1412 2787 eorum.
1500 2731 1830 2786 Tumarcha
1888 2747 2094 2786 eorum

440 2835 646 2874 versus
678 2819 826 2875 τοι
886 2835 1100 2891 agmen
1129 2819 1603 2875 adversariorum
1629 2820 1740 2876 tria
1770 2820 1954 2892 paria,
1989 2837 2095 2892 pe-

444 2907 577 2962 ritis
609 2912 785 2980 atque
818 2907 1050 2963 idoneis
1081 2908 1219 2964 viris
1253 2909 1522 2978 delectis,
1557 2915 1918 2980 promoveat,
1961 2926 2094 2979 quae

439 2996 503 3051 in
534 2997 688 3052 viam
721 2997 984 3052 hostium
1019 3014 1080 3052 se
1112 2999 1523 3054 committant:
1559 3005 1618 3053 et
1661 2998 1868 3054 edocto
1901 2999 2095 3070 primo

2197 1829 2405 1884 ἱππέοιν
2457 1828 2750 1900 ἐκλεκτῶν,
2788 1827 3228 1903 ὑποτασσόμενον
3285 1834 3366 1901 τῷ
3416 1830 3846 1905 τουρμάρχῃτῷ

2197 1917 2700 1990 ἀκολουθοῦντιτῷ
2755 1917 2990 1994 κούρσῳ,
3047 1916 3407 1973 ἀποστέλλειν
3465 1918 3604 1990 πρὸς
3657 1919 3846 1980 αὐτὸν,

2193 2003 2344 2083 ἔχων
2377 2009 2492 2082 μεθ’
2549 2009 2740 2063 ἑαυτοῦ
2793 2008 2822 2062 6
2881 2004 3358 2080 ἀποστελλόμενος
3415 2001 3506 2061 ἕνα
3535 2011 3642 2061 τῶν
3703 2007 3851 2082 παρὰ

2196 2101 2294 2150 τοῦ
2322 2097 2681 2172 τουρμάρχου
2741 2097 3120 2174 πεμφθέντων,
3179 2099 3562 2167 καταμηνῦσαι
3619 2096 3718 2164 τὴν
3752 2099 3850 2149 τοῦ

2197 2185 2432 2259 κούρσου
2463 2184 2676 2256 κίνησιν
2703 2188 2782 2257 τῷ
2813 2189 3120 2259 στρατηγῷ,
3166 2188 3261 2239 τοῦ
3319 2185 3446 2259 παρ’
3505 2183 3672 2239 αὐτοῦ
3703 2181 3847 2253 ὁδη-

2197 2283 2431 2352 γηθῆναι
2476 2276 2552 2338 εἰς
2595 2276 2658 2330 τὸ
2719 2275 2962 2350 εὐχερῶς
3020 2275 3305 2344 ἑνωθῆναι.
3357 2275 3462 2329 Καὶ
3511 2274 3670 2337 αὐτὸς
3729 2273 3788 2329 δὲ
3819 2277 3848 2330 ὁ

2200 2366 2502 2442 στρατηγὸς
2559 2360 2778 2420 ὄπισθεν
2839 2369 2937 2420 τοῦ
3019 2360 3500 2437 ἀποστελλομένου
3581 2367 3851 2438 ἄρχοντος

2200 2454 2586 2526 ἀποκινησάτω
2621 2455 2755 2529 μετά
2777 2458 2874 2509 τοῦ
2915 2455 3002 2510 ὑπ’
3045 2453 3201 2510 αὐτὸν
3237 2453 3395 2526 λαοῦ,
3445 2455 3531 2509 καὶ
3565 2461 3845 2509 σπευσατω

2200 2539 2525 2600 καταλαϐεῖν
2569 2546 2662 2600 τὸν
2719 2545 3104 2619 τουρμᾶρχην·
3154 2542 3302 2606 ὅπως
3361 2543 3576 2609 δπισθεν
3629 2545 3717 2598 καὶ
3747 2544 3846 2598 αὐ-

2199 2635 2290 2695 τὸς
2319 2639 2415 2690 τοῦ
2457 2635 2818 2710 τουρμάρχου
2874 2639 2952 2706 τῷ
3001 2634 3219 2710 κούρσῳ
3263 2639 3370 2688 τῶν
3404 2632 3685 2707 πολεμίων
3715 2635 3846 2688 ἀκο-

2202 2721 2397 2795 λουθῇ.
2429 2723 2492 2777 Ἦ
2542 2722 2646 2798 γὰρ
2698 2717 2931 2797 ἀκριϐὴς
2986 2722 3074 2776 καὶ
3134 2719 3424 2783 ἄπταιστος
3481 2721 3852 2790 ἀκολούθησις

2201 2810 2262 2866 ἐκ
2280 2817 2390 2867 τῶν
2420 2810 2640 2866 ὄπισθεν
2671 2816 2776 2867 τῶν
2832 2809 3117 2886 πολεμίων
3153 2810 3359 2888 ὀφείλει
3389 2813 3652 2888 γίνεσθαι,
3711 2813 3847 2866 κατὰ

2200 2903 2268 2958 τά
2298 2903 2517 2958 ἐκείνων
2549 2898 2740 2978 ἔνιχνα
2761 2905 2871 2977 (15)
2888 2902 2977 2958 καὶ
2999 2903 3098 2970 τήν
3123 2899 3462 2978 ὁδοιπορίαν⁸
3489 2904 3552 2959 Ὀ
3577 2900 3634 2957 δὲ
3655 2924 3858 2976 τουρμ-

2205 2991 2384 3067 ἀρχης
2425 2991 2561 3046 κατά
2614 2992 2677 3046 τὸ
2734 2995 2962 3066 κοῦρσον
3029 2995 3138 3046 τῶν
3197 2991 3482 3064 πολεμίων
3545 2992 3856 3066 ἀποκινγςσῃ

439 3090 496 3141 et
522 3085 784 3140 secundo
831 3091 890 3140 et
945 3085 1119 3142 tertio
1180 3087 1329 3157 pari,
1386 3104 1501 3158 quo
1561 3092 1731 3159 pacto
1788 3086 2088 3143 ambulare

2203 3079 2327 3155 τρία
2374 3082 2585 3152 ζευκτὰ,
2646 3078 2938 3152 ἐμπείρους
2994 3079 3083 3134 καὶ
3133 3077 3468 3153 ἐριτηδείους
3501 3077 3696 3155 ἄνδρας
3731 3081 3857 3135 ἄνα-

435 3174 756 3244 hostesque
785 3174 1020 3244 insequi
1043 3175 1400 3242 debeant,ad
1424 3192 1596 3231 suum
1625 3192 1836 3248 agmen
1867 3177 2090 3234 redeat.

435 3261 703 3316 Primum
737 3262 935 3332 itaque
987 3279 1113 3334 par,
1173 3281 1355 3334 prope
1419 3265 1618 3318 hostes
1674 3265 1788 3318 iter
1842 3264 2086 3333 faciens,

430 3350 738 3405 fremitum
811 3351 1215 3406 multitudinis
1300 3353 1614 3424 auscultet,
1675 3358 1735 3408 et
1790 3354 2092 3409 hinnitum

433 3448 746 3510 eqUorum.
783 3441 1118 3496 Secundum
1151 3458 1277 3513 par,
1313 3442 1615 3514 excipiens
1667 3443 1952 3514 primum,
2013 3449 2093 3500 ita

438 3528 699 3596 incedat,
757 3534 823 3584 ut
882 3547 1015 3585 cum
1067 3532 1412 3603 conspicere
1461 3532 1902 3606 antegrediens,
1965 3539 2088 3589 tum

435 3617 701 3688 conspici
733 3618 805 3673 ab
838 3618 941 3673 illo
987 3620 1212 3690 possit:
1271 3637 1466 3692 neque
1524 3625 1711 3695 magis
1768 3624 2094 3694 appropin-

443 3711 606 3777 quet,
640 3724 834 3778 neque
864 3725 1182 3765 remanens
1203 3710 1353 3766 visui
1379 3728 1440 3766 se
1461 3711 1786 3768 subtrahat.
1812 3715 1950 3768 Post
1979 3714 2094 3768 tria

445 3796 615 3866 paria
671 3801 790 3852 tres
849 3798 1167 3871 quadrigas
1227 3801 1569 3869 constituet,
1628 3802 1711 3858 ita
1739 3803 2093 3874 utaprima

448 3883 734 3957 quadriga
764 3886 1008 3942 tertium
1039 3905 1168 3959 par,
1203 3905 1238 3944 a
1277 3889 1538 3946 secunda
1585 3891 1872 3964 quadriga
1924 3891 2093 3947 simi-

443 3971 584 4028 liter
637 3974 832 4043 prima
888 3976 1152 4046 conspici
1208 3977 1435 4047 (possit,
1512 3979 1706 4034 Tertia
1782 3979 2088 4052 quadriga,

443 4061 768 4116 secundam
801 4062 1193 4134 subsequens,
1219 4081 1318 4119 sex
1335 4065 1552 4121 habere
1575 4067 1848 4123 homines
1871 4069 2046 4124 debet
2072 4086 2087 4136 ;

440 4153 506 4202 ut
535 4166 739 4205 eorum
769 4151 884 4206 duo
926 4170 1056 4223 qua)
1113 4156 1491 4210 renuntiatur
1549 4157 1620 4212 ab
1679 4159 1879 4228 aliquo
1936 4159 2087 4230 pari,

436 4237 661 4292 referre
694 4242 1019 4296 tumarchaa
1050 4243 1300 4313 possint,
1355 4245 1663 4300 tumarcha
1709 4247 1866 4302 duci.
1917 4250 1987 4302 Et
2039 4247 2088 4302 si

435 4327 794 4385 concitatius
815 4330 900 4384 ire
921 4330 1218 4403 incipiunt
1235 4333 1458 4398 hostes,
1491 4334 1668 4390 debet
1693 4335 1952 4407 primum
1985 4353 2092 4408 par

2205 3166 2650 3242 λαμϐανόμενος,
2683 3169 3070 3246 παραγίνεσθαι
3097 3169 3144 3204 39
3171 3173 3238 3242 τῇ
3271 3166 3382 3242 ὁδῷ
3409 3173 3516 3224 τῶν
3549 3167 3852 3242 πολεμίων·

2200 3258 2290 3312 καὶ
2357 3259 2610 3322 τυπώσας
2675 3259 2739 3314 τὸ
2793 3263 3012 3334 πρῶτον
3072 3258 3160 3314 καὶ
3221 3256 3467 3334 δεύτερον
3526 3259 3615 3314 καὶ
3670 3259 3850 3332 τρίτον

2202 3349 2415 3417 ζευκτὸν
2475 3353 2592 3411 πῶς
2664 3347 2941 3426 ὀφείλουσι
2999 3354 3314 3424 περιπατεῖν
3367 3349 3457 3402 καὶ
3513 3353 3630 3413 τοῖς
3676 3347 3850 3403 πολε-

2201 3437 2355 3510 μίοις
2409 3436 2860 3509 κατακολουθεῖν,
2921 3439 3338 3517 ὑποπρεφέσθω
3395 3438 3530 3510 πρὸς
3587 3439 3676 3493 τὸν
3711 3437 3843 3494 λαὸν

2198 3528 2384 3585 αύτοῦ.
2418 3529 2494 3587 Τὸ
2527 3527 2584 3584 δὲ
2609 3534 2828 3605 πρῶτον
2863 3529 3076 3598 ζευκτὸν
3120 3527 3352 3600 πλησίον
3412 3532 3518 3583 τῶν
3560 3528 3842 3602 πολεμίων

2197 3619 2584 3694 περιπατείτω,
2619 3619 2813 3674 ἀκοῦον
2843 3619 2930 3674 καὶ
2959 3621 3059 3689 τὴν
3117 3623 3218 3674 τοῦ
3277 3619 3411 3676 λαοῦ
3470 3619 3849 3696 ὀχλαγωγίαν,

2196 3707 2285 3762 καὶ
2318 3707 2446 3770 τοὺς
2491 3707 2902 3783 χρεμετισμοὺς
2958 3712 3065 3762 τῶν
3096 3709 3400 3764 ἳππωνοΐὸ
3459 3706 3516 3764 δὲ
3575 3707 3848 3784 δεύτερον,

2195 3795 2259 3850 τὸ
2316 3801 2412 3851 τοῦ
2472 3798 2693 3872 πρώτου
2743 3795 3045 3862 ἀκόλουθον
3081 3841 3096 3868 ,
3155 3794 3540 3873 ὁδοιπορείτω,
3599 3802 3687 3872 ἶΡ.
3725 3803 3848 3874 130]

2198 3883 2322 3940 ὅσον
2353 3887 2605 3942 δύνανται
2642 3888 2768 3962 ὁρᾷν
2800 3889 2863 3942 τὸ
2921 3881 3226 3962 ἔμπροσθεν
3256 3887 3441 3960 αὐτοῦ,
3483 3887 3572 3943 καὶ
3619 3890 3848 3962 ὁρᾶσθαι

2200 3975 2289 4030 ὑπ’
2340 3975 2526 4030 αύτοῦ·
2586 3975 2677 4031 καὶ
2739 3978 2878 4050 μήτε
2937 3975 3175 4046 πλησίον
3235 3977 3498 4052 γίνεσθαι,
3571 3979 3709 4052 μήτε
3740 4000 3847 4050 μα-

2195 4063 2480 4139 κρύοεσθαι
2519 4111 2533 4133 ,
2591 4063 2731 4119 ὥστε
2791 4065 2868 4137 μὴ
2927 4065 3173 4140 ὁρᾶσθαι.
3257 4065 3394 4138 Τρία
3479 4061 3535 4120 δὲ
3592 4064 3846 4142 τετράδια

2197 4151 2418 4208 ὅπισθεν
2448 4158 2554 4208 τῶν
2582 4158 2746 4228 τριῶν
2797 4157 3028 4223 ζευκτῶν
3086 4152 3539 4226 ἀποκαταστήσει,
3600 4157 3741 4231 ὁρῶν
3779 4157 3846 4211 τὸ

2198 4247 2411 4318 πρῶτεν
2443 4240 2722 4319 τετράδιον
2754 4243 2817 4298 τὸ
2871 4243 3052 4320 τρίτον
3112 4244 3350 4314 ζευκτὸν,
3381 4246 3442 4298 τὸ
3502 4241 3558 4299 δὲ
3598 4242 3846 4317 δεύτερον

2197 4329 2475 4408 τετράδιον
2501 4332 2760 4397 ὡσαύτως
2811 4333 2955 4408 ὁρῶν
3011 4329 3076 4388 τό
3133 4337 3369 4409 πρῶτον.
3420 4334 3489 4388 Τὸ
3547 4331 3602 4388 δὲ
3654 4333 3841 4408 τρίτον

431 4418 778 4475 renuntiare
795 4419 866 4475 de
891 4420 1000 4476 hac
1022 4438 1085 4476 re
1107 4439 1120 4476 :
1144 4427 1280 4478 utet
1303 4425 1614 4480 tumarcha
1628 4430 1686 4479 et
1701 4424 1815 4480 dux
1840 4431 2088 4482 conten-

2198 4425 2500 4499 τετράγιον,
2559 4423 2621 4477 τὸ
2678 4419 3014 4477 ἀκουλουθον
3061 4426 3159 4477 τοῦ
3221 4421 3492 4500 δευτέρου,
3667 4421 3844 4498 ἐχέτω

2202 4511 2292 4526 ..μ
2464 4511 2930 4526 ...,.....
3031 4509 3480 4526 .......
3644 4517 3669 4526 ..

431 4507 549 4564 tius
579 4509 693 4581 ipsi
723 4526 960 4582 quoque
1007 4511 1338 4579 ambulent,
1393 4530 1587 4586 neque
1634 4515 1870 4588 longius
1921 4531 1982 4570 se
2013 4515 2086 4571 ab

431 4596 703 4654 hostibus
734 4607 1097 4656 removeant.
1147 4602 1202 4656 Si
1259 4603 1462 4659 hostes
1520 4603 1714 4660 denuo
1774 4605 2082 4660 remissius

429 4688 782 4760 ingreditur,
813 4689 1036 4746 lentius
1062 4692 1388 4764 procedant
1413 4711 1424 4748 :
1457 4706 1524 4749 ut
1552 4711 1746 4766 neque
1776 4695 1957 4750 nimis
1989 4711 2086 4766 ap-

429 4777 857 4849 pr0piquantes
914 4787 1332 4854 agnoscantur,
1370 4800 1482 4838 nec
1515 4783 1748 4856 longius
1786 4784 2085 4856 progressi

429 4880 624 4938 neque
648 4869 1141 4940 subsequentium
1168 4873 1560 4928 statuminter
1580 4889 1965 4943 noscere,nec
1988 4874 2086 4928 in-

425 4959 680 5013 ternosci
694 4959 766 5014 ab
780 4959 901 5015 illis
911 4961 1325 5033 possint;quod
1339 4962 1718 5019 calamitatem
1729 4964 2091 5036 singularem

430 5045 582 5102 202
606 5049 796 5104 affert.
811 5051 1150 5106 Praesertim
1171 5057 1373 5106 autem
1390 5051 1855 5108 subsistentibus
1877 5053 2083 5109 adver-

2197 4511 2413 4589 ἄνδρας*
2464 4511 2558 4567 *ίνα
2583 4513 2634 4566 οἱ
2685 4511 2737 4582 ἐξ
2794 4511 2970 4566 αὐτῶν
3029 4509 3124 4566 δύο
3162 4511 3228 4567 τὰ
3289 4514 3392 4568 ὑπὸ
3453 4517 3673 4583 ζευκτοῦ
3732 4535 3842 4586 μη-

2192 4602 2429 4676 νυύμενα
2458 4601 2836 4674 ἀποκομίζωσι
2867 4605 2946 4673 τῷ
2999 4602 3356 4678 τουρμάρχῃ,
3388 4603 3415 4656 ὁ
3448 4599 3504 4658 δὲ
3558 4603 3836 4678 τουρμάρ-

2194 4712 2306 4768 χης
2333 4697 2411 4764 τῷ
2441 4695 2752 4767 στρατηγῷ.
2824 4692 2945 4748 Ἐὰν
2977 4690 3082 4766 γὰρ
3139 4690 3385 4764 ὀξύτερον
3459 4689 3754 4768 βαδίζωσιν
3785 4693 3839 4746 οἱ

2194 4778 2481 4854 πολέμιοι,
2512 4777 2723 4858 ἀφείλει
2775 4779 2995 4853 μηνύειν
3050 4780 3113 4834 τὸ
3170 4784 3386 4854 πρῶτον
3443 4781 3658 4849 ζευκτὸν
3714 4781 3838 4856 περὶ

2195 4869 2410 4926 τούτου’
2453 4867 2540 4924 ἵνα
2584 4867 2674 4923 καὶ
2705 4869 2734 4923 6
2763 4868 3121 4944 τουρμάρχης
3179 4867 3267 4923 καὶ
3299 4869 3327 4922 6
3359 4871 3658 4946 στρατηγὸς
3719 4869 3842 4939 ὀξύ-

2195 4981 2349 5032 τερον
2381 4960 2468 5014 καὶ
2505 4958 2656 5013 αὐτοὶ
2709 4955 2994 5034 βαδίζωσι,
3023 4957 3113 5012 καὶ
3147 4957 3223 5030 μὴ
3275 4956 3361 5012 ἐπὶ
3423 4957 3573 5012 πολὺ
3633 4958 3840 5032 μακρύο

2197 5071 2332 5105 νωσι
2367 5053 2475 5104 τῶν
2507 5045 2810 5122 πολεμίων.
2865 5046 2932 5104 Εἴ
2979 5044 3036 5101 δὲ
3067 5045 3426 5124 σχολαίτερον
3482 5047 3652 5103 πάλεν
3685 5045 3838 5123 βαδί-

1630 5217 1689 5271 C.
1730 5214 1793 5268 B.
1836 5213 2026 5269 HASII
2062 5210 2621 5268 ANNNTATIONES.

489 5368 995 5446 "_61to§oxap_iouc.
1030 5371 1110 5426 De
1140 5371 1251 5446 hac
1298 5373 1612 5446 voceﬁvid.
1648 5376 1937 5446 _Ducang.
1993 5375 2088 5430 Glo

2198 5391 2250 5429 .r.
2312 5372 2428 5428 col.
2463 5375 2664 5446 is“,
2722 5372 2767 5406 ³⁸

2828 5369 3310 5444 μετακινήσαντος]
3381 5371 3469 5444 μὴ,
3515 5374 3832 5443 κινήσαντος

421 5443 592 5521 codd.
668 5443 716 5521 ’ἢ
745 5438 785 5498 ἱνῐ
814 5438 872 5498 δὲ
901 5475 971 5521 —_-
999 5441 1407 5521 παραγίνεσθαι.
1450 5444 1570 5521 γει,
1610 5444 1699 5521 ob_
1725 5438 2088 5521 imperativul

2198 5442 2596 5521 ιποστρεφέσθω
2641 5443 2777 5500 fort.
2813 5438 2841 5496 6
2871 5438 2930 5496 δί
2957 5438 3346 5517 τουρμάρχης,
3375 5438 3546 5512 ἡνίκα
3607 5438 3669 5500 τὸ
3698 5466 3752 5500 κ.
3783 5467 3836 5504 τ.

417 5536 478 5574 π.
514 5517 591 5585 ἀ.,
619 5515 744 5591 τρία
769 5514 980 5586 ζευκτὰ,
1012 5508 1231 5588 ἐιέπίκ.
1255 5514 1300 5574 ἐ,
1334 5511 1412 5586 ἄη
1445 5508 1991 5588 ἀντιλαμϐανόμενος,
2021 5508 2422 5591 παραγινέσθὶυ.

495 5662 606 5736 (16)
637 5661 802 5720 Idem
832 5658 990 5735 quod
1021 5655 1172 5736 ἴχην.
1204 5660 1326 5715 Vox
1355 5656 1549 5714 adhuc
1581 5672 1776 5730 neque
1808 5659 1872 5718 in
1903 5658 2202 5716 Glossaria
2228 5663 2492 5732 recepta,
2521 5675 2715 5735 neque
2745 5661 2809 5718 in
2847 5659 3089 5717 Lexica.‘
