4152 6312
357 345 477 406 949

1638 341 2067 407 VELITATIO
2108 345 2466 409 BELLICA.

3649 353 3770 413 950

362 481 546 546 ζουσιν
577 476 628 530 οἳ
657 473 941 549 πολέμιοι.
999 474 1090 532 καί
1123 477 1151 532 6
1179 478 1542 552 τουρμάρχης
1597 477 1688 532 καὶ
1721 477 1748 532 6
1775 497 2010 552 στρατη-

2123 481 2318 548 sariis,
2337 479 2411 536 ad
2424 480 2709 552 pabulum
2725 481 2896 554 equis
2910 481 3320 551 dandum,dux
3340 483 3451 538 hac
3467 484 3540 540 de
3553 501 3617 540 re
3641 503 3769 541 cer-

359 566 458 641 γὸς
491 565 754 628 ὡσαύτως
785 563 1151 639 σχολαίτερον
1210 565 1697 640 περιπατείτωσαψ
1736 563 1825 620 ’ἱνα
1875 571 2016 640 μήτε

359 653 600 725 πλησίον
658 655 940 729 γινόμενοι
1000 652 1486 730 διαγινώσκωνται,
1543 657 1683 728 μήτε
1742 655 2014 730 μακρυνό-

361 765 518 817 μενοι
550 740 673 798 οὕτε
699 745 800 813 τήν
832 748 944 798 τῶν
987 743 1475 809 ἐπακολουθούντω
1510 741 1782 814 διοίκησιν
1838 744 2016 820 ἐπιγι-

359 832 664 903 τώσκωσιν,
706 831 828 887 οὕτε
886 835 1014 906 παρ’
1063 832 1280 888 ἐκείνων
1343 833 1826 909 ἐπιγινώσκωνται’
1881 832 2011 906 ὅπερ

360 921 422 977 οὐ
451 923 550 992 τὴν
580 925 850 996 τυχοῦσαν
911 921 1099 997 ἐπάγει
1143 917 1379 998 βλάϐην.
1431 920 1654 983 ιἈλλως
1698 942 1759 976 τε
1815 917 1873 976 δὲ
1921 920 2011 976 καὶ

356 1015 465 1067 τῶν
505 1008 790 1084 πολεμίων
838 1007 1260 1080 ἀπληκευόντων
1312 1012 1450 1085 πρὸς
1495 1011 1559 1066 τὸ
1609 1009 1828 1087 ταγίσαι
1881 1008 2010 1071 τοὺς

353 1099 583 1166 ἵππους,
615 1101 702 1155 καὶ
763 1099 884 1174 περὶ
943 1099 1141 1156 τούτου
1195 1099 1686 1174 καταμηνυόμενος
1721 1099 1748 1154 6
1777 1118 2013 1171 στρατη-

357 1191 476 1264 γὸς,
506 1189 596 1244 καὶ
627 1187 787 1250 αὐτὸς
814 1187 864 1243 ἐν
911 1187 1208 1262 ἐπιτηδείῳ
1253 1188 1410 1258 τόπῳ
1460 1186 1818 1258 ἀπληκευὲτω
1874 1187 2012 1262 πρὸς

354 1280 418 1333 τὸ
448 1276 578 1339 τοὺς
640 1276 840 1340 ἵππους
892 1277 1126 1353 ταγίσαι,
1187 1273 1460 1352 ἐξώϐιγλα
1514 1274 1870 1331 ἀποστέλλων
1932 1273 2008 1337 εἶς

357 1366 606 1443 φυλακὴν
639 1367 851 1425 ἑαυτοῦ.
884 1366 988 1424 Καὶ
1027 1367 1192 1436 ἡνίκα
1249 1366 1416 1422 πάλιν
1476 1366 1574 1434 τὴν
1635 1363 1848 1434 κίνησιν
1901 1367 2010 1418 τῶν

353 1454 641 1528 πολεμίων
673 1456 1104 1529 καταμηνυθείη,
1147 1455 1451 1530 παραυτίκα
1501 1454 1593 1509 καὶ
1641 1454 1802 1515 αὐτὸς
1856 1454 2011 1522 κινή-

353 1567 432 1600 σει
465 1543 875 1610 ἐπακολουθῶν,
908 1539 1054 1600 ἔνθεν
1108 1545 1353 1600 κάκείθεν
1411 1544 1604 1599 ἑαυτοῦ
1651 1539 2004 1598 ἀποστέλλων

352 1635 453 1690 ἀνά
501 1633 792 1708 τριάκοντα
851 1633 1053 1703 ἱππεῖς,
1119 1634 1194 1708 μή
1255 1632 1466 1710 πόρῥω,
1533 1631 1680 1688 ἀλλά
1731 1632 2005 1706 σύνεγγυς,

351 1725 449 1785 τὰς
485 1729 582 1780 τοῦ
613 1725 750 1779 λαοῦ
779 1725 948 1779 αὐτοῦ
1005 1723 1187 1798 φωνὰς
1230 1722 1674 1795 ἐνωτιζομένους.
1730 1721 1833 1778 Καὶ
1881 1721 2008 1776 8m-

2127 571 2242 624 tior
2260 571 2644 643 conjungere,
2664 588 2884 642 eosque
2913 572 3187 627 celeriter
3207 572 3298 627 vel
3320 571 3394 626 ad
3414 573 3648 643 ducem,
3681 577 3772 631 vel

2125 660 2198 715 ad
2219 660 2369 715 alios
2391 666 2764 733 susceptores
2788 662 3131 733 perducere,
3168 662 3214 716 si
3231 661 3426 716 denuo
3459 662 3614 717 inter
3644 664 3771 720 haec

2122 748 2312 803 factus
2343 749 2566 818 itidem,
2605 750 2805 821 pabuli
2837 751 3014 806 dandi
3050 767 3248 817 causa,
3271 750 3402 805 loco
3435 756 3768 822 Opportuna

2125 838 2427 907 subsistat,
2461 838 2856 910 excubiasque
2879 844 3152 895 externas
3181 839 3440 895 dimittat
3467 841 3541 895 ad
3573 857 3635 895 se
3667 857 3772 896 cu—

2124 928 2522 983 stodiendum.
2550 928 2655 983 Ubi
2687 929 2958 1000 cognovit
2986 929 3186 984 hostes
3237 929 3434 984 denuo
3489 931 3766 998 movisse,

2121 1016 2246 1088 ipse
2281 1033 2518 1088 quoque
2559 1017 2834 1090 evestigio
2895 1017 3099 1072 exiens
3147 1017 3522 1088 insequatur,
3571 1018 3654 1072 ita
3704 1024 3771 1074 ut

2120 1113 2375 1177 utroque
2413 1123 2654 1162 versum
2685 1107 2946 1162 tricenos
2968 1107 3199 1177 equites
3233 1106 3528 1162 dimittat:
3566 1123 3766 1179 neque

2120 1194 2358 1268 longius
2381 1195 2715 1264 tamen,sed
2739 1201 2860 1251 tam
2885 1196 3246 1268 propinque,
3271 1201 3337 1250 ut
3353 1195 3605 1268 agminis
3637 1197 3765 1268 ejus

2121 1301 2292 1340 voces
2316 1285 2593 1340 exaudire
2625 1290 2865 1356 queant.
2895 1287 2942 1340 A
2969 1291 3129 1356 tergo
3161 1285 3506 1356 praefectum
3546 1286 3764 1340 habeat

2119 1392 2256 1430 cum
2288 1375 2586 1446 equitibus
2641 1375 3078 1446 insequentem,
3134 1392 3283 1445 quos
3342 1392 3478 1430 saca
3529 1382 3761 1431 vocant.

2119 1467 2324 1536 Magno
2353 1469 2550 1520 autem
2572 1464 2644 1519 ab
2668 1465 2937 1519 hostibus
2959 1465 3270 1519 intervallo
3294 1465 3408 1519 dux
3429 1465 3544 1521 iter
3566 1464 3762 1532 faciat,

2117 1555 2280 1609 omni
2314 1553 2626 1626 diligentia
2654 1555 2941 1619 adhibita,
2976 1571 3050 1608 ne
3107 1554 3603 1624 animadvertant,
3638 1572 3700 1610 se
3731 1571 3766 1609 a

2118 1648 2278 1716 tergo
2311 1644 2471 1714 ipsos
2503 1645 2669 1714 sequi
2699 1661 2710 1697 :
2745 1644 2885 1698 item
2918 1649 3088 1698 caute
3131 1643 3518 1715 ingrediatur,
3575 1648 3632 1698 ct
3661 1644 3764 1714 qui

2115 1733 2382 1804 proxime
2413 1733 2643 1787 hostem
2699 1733 3091 1802 insequantur
3147 1737 3420 1787 accurate
3470 1731 3764 1802 dispicere

353 1816 476 1869 σθεν
532 1814 696 1869 αὐτοῦ
780 1813 1254 1876 ἐπακολουθοῦντα
1311 1810 1552 1887 ἄρχοντα
1635 1809 1810 1885 ἐχέτω
1888 1810 2004 1882 μεθ’

2121 1821 2336 1891 iubeat,
2370 1838 2445 1875 ne
2474 1821 2626 1876 forte
2657 1822 2943 1892 quasdam
2975 1821 3224 1876 insidias
3258 1821 3458 1876 hostes
3503 1821 3760 1892 relique-

359 1904 593 1972 ῗππέων,
624 1903 716 1965 οὕς
747 1901 815 1972 δὴ
847 1904 983 1958 σάκα
1039 1903 1370 1975 ὀνομάζουσι
1410 1903 1547 1974 (17).
1597 1901 1846 1970 Μήκοθεν
1897 1901 2005 1972 (18)

358 1990 416 2048 δὲ
469 1989 830 2069 ὁδοιπορείτω
889 1992 916 2046 6
975 1992 1298 2067 στρατηγὸς,
1383 1989 1474 2044 καὶ
1531 1993 1702 2044 πᾶσαν
1780 1986 2006 2042 ποιείτω

356 2080 652 2161 ἀσφάλειαν
678 2085 775 2137 τοῦ
820 2083 898 2156 μὴ
960 2079 1358 2156 διαγνωσθῆναι
1409 2079 1482 2141 ὡς
1543 2073 1761 2142 ὄπισθεν
1823 2075 2009 2139 αὐτοῖς

355 2170 735 2228 ἐπακολουθεῖ’
791 2168 919 2226 ἀλλ’
985 2168 1245 2246 ἀσφαλῶς
1334 2180 1429 2242 μεν
1513 2171 1852 2242 περιπατεῖν,
1917 2165 2008 2220 καὶ

351 2261 480 2325 τοὺς
507 2259 746 2332 πλησίον
787 2257 1076 2332 πολεμίων
1132 2257 1648 2318 ἐπακολουθοῦντας
1702 2252 2010 2330 παραγγέλ-

353 2359 467 2417 λειν
497 2354 737 2435 ἀκριϐῶς
769 2360 1124 2425 ἀποσκοπεῖν,
1161 2358 1237 2430 μή
1281 2358 1490 2432 λόχους
1542 2356 1692 2416 τινὰς
1742 2354 1795 2408 οἱ
1839 2350 2009 2408 πολέ-

356 2473 474 2525 μιοι
536 2448 937 2523 καταλείψωσιν
991 2447 1066 2510 εἷς
1123 2444 1338 2518 ἔνεδραν
1384 2451 1494 2502 τῶν
1551 2441 2009 2516 ιέπακολουθούν-

350 2561 458 2595 των
488 2539 674 2602 αὐτοῖς
714 2538 806 2594 καὶ
869 2537 1037 2593 αὐτοῦ
1093 2541 1190 2591 τοῦ
1249 2539 1575 2610 στρατηγοῦ.
1634 2535 1806 2606 Ὅπερ
1865 2530 2012 2606 παρὰ

351 2633 462 2684 τῶν
497 2631 783 2705 Ταρσιτῶν
814 2626 1090 2690 πολλάκις
1138 2627 1348 2703 γέγονε.
1409 2625 1510 2681 Καὶ
1571 2622 2008 2678 ἐπακολουθοῦν-

353 2740 448 2782 τος
478 2719 662 2782 αύτοῖς
711 2722 808 2774 τοῦ
859 2717 1241 2794 τουρμάρχου,
1300 2715 1389 2772 καὶ
1453 2717 1528 2789 μή
1588 2709 1826 2788 ἀκριϐῶς
1885 2710 2012 2773 τοὺς

359 2803 663 2884 ἔμπροσθεν
691 2812 1030 2871 σκοποῦντος
1061 2807 1262 2883 ῥύακας
1318 2805 1408 2861 καὶ
1456 2803 1585 2866 τοὺς
1636 2802 1839 2864 τόπους
1884 2800 2014 2865 τοὺς

363 2894 698 2969 δυναμίνους
729 2893 860 2951 λαὸν
892 2893 1283 2970 ἀποκρύπτειν,
1335 2893 1662 2968 ἀπροόπτως
1713 2894 1782 2964 τῇ
1827 2887 2015 2965 ἐνέδρᾳ

362 2986 571 3042 τούτων
628 2985 1094 3061 περιπεπτώκασι·
1179 2983 1278 3039 Διὰ
1325 2986 1492 3037 ταῦτα
1561 2979 1782 3050 πολλῆς
1842 2977 2011 3035 δεῖται

361 3073 648 3150 ἀγχινοίας
701 3075 789 3130 καὶ
847 3069 1128 3144 ἀκριϐείας
1185 3075 1214 3128 6
1293 3070 1702 3142 ἐπακολουθῶν,
1783 3069 1874 3123 ἳνα
1935 3070 2011 3142 μὴ

358 3169 608 3226 τοιοῦτόν
640 3189 691 3223 τι
724 3163 909 3242 συμϐῇ
958 3169 1223 3244 γενέσθαι.
1282 3167 1398 3240 Πρὸ
1457 3163 1522 3276 6i,
1567 3168 1666 3220 τοῦ
1725 3161 2009 3238 διαυγάσαι
2041 3208 2086 3276 C

359 3257 444 3314 δεῖ
470 3259 562 3314 τὸν
597 3257 919 3333 στρατηγὸν,
953 3256 1066 3312 ἐπεὶ
1116 3255 1309 3331 διέγνω
1338 3256 1385 3292 ⁴⁰
1412 3255 1474 3310 τὸ
1503 3252 1556 3309 ἐν
1588 3253 1770 3315 ποίοις
1819 3252 2012 3316 τόποις

359 3353 446 3421 [Ρ.
491 3349 614 3423 131]
647 3345 737 3402 καὶ
773 3346 1008 3422 χωρίοις
1065 3344 1311 3416 ἐξελάσαι
1374 3342 1670 3418 μέλλουσιν
1731 3342 1783 3397 οἱ
1840 3339 2009 3396 πολὲ-

361 3459 502 3510 μιοι,
536 3435 642 3492 εἷ’τε
667 3434 815 3506 δεξιὰ
873 3433 980 3491 εἴτε
1036 3435 1292 3508 εὐώνυμα
1347 3434 1524 3490 αὐτῶν
1594 3428 1894 3500 ἐπικλῖναι,
1955 3430 2009 3487 ἐν

359 3529 414 3582 οἶ
469 3526 818 3602 ὄχυρώτερος
870 3523 1016 3598 αύτῷ
1064 3525 1235 3586 τόπος
1286 3529 1604 3599 καθορᾶται.
1661 3525 1763 3580 Καὶ
1827 3521 2007 3592 ὀξύτε-

359 3637 453 3692 ρον
518 3615 744 3692 βαδίσας
803 3617 892 3672 καὶ
948 3613 1009 3670 ἐκ
1065 3613 1300 3691 πλαγίου
1361 3611 1538 3668 αὐτῶν
1587 3611 1880 3687 γενόμενος
1932 3611 2007 3672 ὡς

357 3707 466 3761 ἀπὸ
500 3705 700 3778 μιλίων
734 3703 851 3778 δύο,
883 3706 990 3779 πρὸ
1021 3707 1118 3758 τοῦ
1173 3703 1273 3771 τὴν
1318 3701 1550 3776 ἡμέραν,
1601 3701 1676 3762 ὡς
1733 3699 2010 3773 λέλεκται,

359 3792 668 3872 διαυγάσαι,
698 3796 792 3850 ἳνα
823 3794 900 3868 μὴ
930 3793 1021 3848 τὸν
1079 3790 1361 3867 κονιορτὸν
1416 3790 1736 3862 θεασάμενοι
1794 3789 1846 3843 οἱ
1907 3808 2010 3843 πο-

362 3881 552 3957 λέμιοι
607 3885 708 3952 τὴν
757 3880 1054 3957 παρουσίαν
1108 3884 1204 3936 τοῦ
1284 3881 1588 3955 στρατηγοῦ
1645 3876 2010 3951 ἐπιγνώσωσι,

357 3973 453 4028 τὸν
508 3971 710 4048 ὀχυρὸν
766 3971 934 4026 τόπον
994 3972 1023 4026 6
1080 3968 1382 4045 στρατηγὸς
1425 3961 1861 4039 καταλαμϐάνων
1917 3965 2008 4020 τὸν

357 4059 505 4116 ἳδιον
586 4061 955 4136 ἀποκρυψάτω
1021 4057 1172 4116 λαόν.
1260 4057 1525 4118 Κάκεῖνος
1613 4057 1728 4129 μετ’
1805 4052 2011 4130 ὀλίγων

360 4149 572 4207 ἱππέων
627 4150 1020 4226 πλησιὲστερον
1098 4149 1331 4226 γενέσθω
1385 4150 1498 4204 τῶν
1562 4144 1867 4218 πολεμίων·
1923 4143 2013 4199 καὶ

361 4242 440 4304 εἷς
500 4242 722 4316 ὑψηλὴν
780 4241 1065 4315 περιωπήν
1123 4238 1510 4314 ἀνερχόμενος,
1583 4238 1832 4310 καθαρῶς
1889 4233 2016 4309 ὁρᾷν

360 4330 490 4396 τοὺς
522 4329 828 4406 πολεμίους
857 4329 1162 4386 σπευσάτω.
1197 4327 1308 4386 Καὶ
1353 4326 1560 4383 τούτων
1613 4324 1690 4388 εἷς
1747 4322 2014 4395 ἐξὲλευσιν

2113 1911 2255 1976 rint,
2289 1909 2365 1966 ad
2394 1911 2778 1981 insequentes
2809 1912 3125 1982 ipsumque
3179 1911 3394 1965 ducem
3437 1910 3765 1965 circumve-

2113 2000 2420 2054 niendum.
2455 1999 2623 2064 Quod
2652 2001 2716 2054 in
2765 1999 3151 2055 Tarsensibus
3210 2017 3365 2071 saepe
3418 2015 3530 2054 usu
3577 2000 3756 2055 venit.

2113 2089 2346 2143 Etenim
2385 2088 2727 2143 turmarcha
2781 2087 2916 2143 illos
2972 2089 3296 2159 insequens
3355 2105 3488 2143 cum
3546 2105 3756 2159 parum

2114 2177 2432 2250 diligenter
2477 2177 2632 2232 rivos
2689 2181 2826 2232 ante
2884 2194 2946 2232 se
3001 2177 3249 2248 locaque
3306 2193 3437 2248 quas
3494 2183 3755 2234 armatos

2114 2266 2308 2322 celare
2331 2271 2578 2338 possent
2593 2265 2978 2337 explorasset,
3005 2265 3076 2319 de
3093 2266 3412 2336 improviso
3432 2267 3495 2320 in
3521 2265 3761 2321 illorum

2113 2356 2362 2411 insidias
2393 2355 2736 2410 inciderunt
2783 2355 2992 2410 nostri.
3063 2356 3460 2420 Quamobrem
3521 2355 3765 2410 solertia

2113 2451 2292 2516 atque
2323 2445 2631 2517 diligentia
2659 2460 2874 2516 magna
2905 2443 2959 2497 ei
2989 2444 3089 2515 qui
3113 2444 3451 2514 insequitur
3471 2460 3620 2515 opus
3652 2450 3763 2513 est,

2115 2549 2190 2589 ne
2223 2533 2518 2606 ejusmodi
2576 2532 2721 2603 quid
2773 2532 3024 2588 accidat.
3084 2534 3422 2603 Antequam
3481 2532 3766 2588 diluxerit

2117 2622 2328 2678 ducem
2359 2626 2612 2692 oportet,
2645 2621 2745 2676 ubi
2784 2622 2913 2692 jam
2961 2620 3234 2692 cognovit
3281 2638 3431 2692 quos
3481 2622 3544 2676 in
3597 2637 3766 2693 agros

2117 2712 2346 2767 vicosve
2369 2711 2672 2766 excursuri
2695 2710 2894 2765 hostes
2917 2711 3056 2778 sint,
3087 2710 3161 2765 ad
3191 2709 3460 2766 dextram
3491 2710 3768 2765 laevamve

2119 2819 2324 2858 eorum
2356 2818 2418 2856 se
2449 2799 2785 2867 deﬂectere,
2815 2815 2934 2869 qua
2963 2799 3161 2854 locum
3193 2800 3380 2872 magis
3410 2804 3624 2854 natura
3645 2815 3771 2855 mu-

2121 2893 2312 2948 nitum
2342 2890 2737 2960 conspicatur.
2767 2890 2838 2942 Et
2866 2888 3114 2943 citatum
3141 2904 3355 2960 agmen
3387 2889 3540 2943 203
3574 2888 3646 2943 ad
3680 2887 3767 2943 la-

2122 2987 2214 3035 tus
2241 2995 2446 3034 eorum
2476 2977 2862 3048 detorquens,
2896 2981 3218 3046 antequam
3274 2976 3618 3038 dilucescat,
3653 2976 3767 3029 sic-

2121 3069 2207 3124 uti
2237 3067 2516 3136 diximus,
2541 3082 2615 3122 ne
2636 3065 3046 3121 animadverso
3073 3065 3314 3136 pulvere
3341 3065 3541 3120 hostes
3554 3064 3768 3119 ducem

2123 3157 2330 3212 adesse
2361 3155 2721 3226 intelligant,
2778 3153 2910 3209 loco
2968 3153 3200 3209 munito
3257 3159 3540 3223 occupato
3601 3169 3769 3208 suam

2123 3245 2204 3301 ibi
2230 3260 2476 3300 manum
2507 3243 2704 3300 abdat.
2737 3243 2876 3298 lnde
2909 3259 3044 3298 cum
3073 3243 3278 3314 paucis
3299 3242 3600 3314 equitibus
3628 3259 3769 3314 pro-

2117 3337 2252 3408 pius
2282 3334 2651 3391 adversarios
2707 3332 2972 3400 accedat,
3031 3338 3091 3388 et
3148 3349 3476 3388 conscensa
3531 3332 3771 3402 specula

2120 3426 2280 3483 edita
2308 3425 2409 3480 det
2437 3441 2702 3496 operam,
2734 3428 2802 3478 ut
2833 3422 3125 3494 dispicere
3157 3423 3314 3478 clare
3343 3423 3545 3478 hostes
3568 3425 3766 3492 queat.

2119 3519 2343 3584 Quibus
2355 3517 2429 3572 ad
2445 3515 2856 3572 excursionem
2872 3514 3126 3587 egressis
3149 3513 3577 3586 praedandique
3590 3529 3771 3568 causa

2121 3605 2443 3677 dissipatis,
2475 3604 2594 3659 dux
2625 3619 2729 3658 suo
2791 3619 2854 3657 se
2910 3602 3039 3656 loco
3098 3602 3402 3656 contineat
3451 3616 3639 3670 usque
3695 3599 3771 3655 ad

2120 3695 2359 3750 tertiam
2384 3693 2477 3748 vel
2509 3698 2780 3763 quartam
2813 3690 2931 3744 diei
2961 3691 3193 3758 horam,
3226 3691 3309 3745 ita
3332 3695 3398 3744 ut
3418 3690 3605 3746 aciem
3629 3705 3773 3744 con-

2123 3783 2344 3840 sideret
2396 3781 2636 3848 Amiras,
2696 3795 3132 3850 numerumque
3189 3779 3497 3848 ecpiarum
3549 3781 3772 3831 attente

2122 3871 2399 3928 mstimet.
2425 3868 2535 3924 Sed
2558 3868 2659 3924 ubi
2685 3883 3031 3923 excursores
3058 3866 3292 3938 longius
3323 3883 3357 3921 a
3383 3865 3566 3938 signis
3602 3865 3772 3920 mmi-

2123 3980 2202 4018 raa
2236 3960 2674 4015 discesserunt:
2707 3956 2944 4028 quando
2972 3957 3102 4011 ﬁeri
3133 3972 3253 4010 non
3298 3960 3514 4026 potest,
3563 3959 3630 4008 ut
3681 3953 3774 4008 vel

2121 4051 2338 4120 redire,
2371 4049 2463 4105 vel
2484 4048 2742 4119 denique
2767 4047 3040 4118 praelium
3062 4062 3196 4100 cum
3219 4045 3344 4100 acie
3367 4044 3582 4099 Amiraa
3609 4059 3775 4098 com-

2125 4141 2376 4196 missum
2394 4138 2864 4194 animadvertere
2891 4141 3133 4207 queant,
3156 4134 3425 4205 quolibet
3444 4139 3675 4199 ruente,
3708 4136 3775 4188 ut

2125 4231 2268 4286 vicis
2307 4228 2609 4300 occupatis
2662 4226 2924 4299 praedam
2984 4224 3490 4296 quamplurimam
3542 4223 3774 4294 capiat;

2127 4323 2250 4379 suis
2275 4319 2485 4376 turmis
2499 4314 3241 4376 convenienterinstructis
3259 4313 3321 4369 in
3333 4314 3522 4370 aciem
3537 4312 3777 4385 Amirae,

1572 4507 1633 4563 C.
1675 4506 1740 4562 B.
1781 4504 1968 4560 HASII
2005 4499 2564 4558 ANNOTATIONES.

437 4687 486 4722 ⁴⁰
515 4682 632 4741 ἐπεὶ
665 4681 886 4759 διέγνω.
917 4684 1075 4740 Fort.
1107 4676 1295 4750 ἐπειδή
1327 4674 1485 4754 ἔγνω.

436 4839 549 4912 μγ)
582 4840 660 4893 De
692 4853 830 4912 voce
862 4834 996 4912 σάκα
1033 4833 1164 4890 vide
1213 4832 1578 4912 Ducangium
1608 4829 1885 4912 ‘Glossar.
1935 4827 2004 4881 II.

2121 4828 2351 4912 quehcut
2380 4821 2564 4912 hicuet
2593 4815 2717 4912 162.
2751 4821 2818 4900 Αε
2854 4817 2976 4912 166.
3011 4815 3078 4912 D‘.
3110 4819 3232 4899 116.
3276 4816 3500 4912 Agri“.

365 4904 540 4966 1319(
561 4912 621 4963 Β.
655 4909 755 4963 ubi
787 4913 910 4963 tota
932 4907 1060 4962 hanc
1091 4904 1545 4979 comprehensio
1603 4907 1888 4979 tanquam
1930 4915 2009 4979 ex

365 4988 604 5038 auctore
636 4995 932 5052 anonymo
963 4971 1271 5052 descripta
1290 4980 1405 5052 est;
1434 4974 1677 5052 Exloci’s
1708 4971 2007 5052 autemibi

367 5053 565 5110 allatis
595 5041 932 5124 nostrisque
966 5051 1088 5124 146.
1121 5041 1181 5102 BI
1221 5049 1340 5102 147.
1374 5048 1449 5124 Β,
1472 5048 1594 5099 166.
1628 5044 1687 5100 C.
1723 5041 2016 5124 D.hintelo

368 5126 535 5199 liges,
565 5125 649 5199 sic
679 5114 980 5199 nominari
1019 5127 1277 5199 turmam
1296 5114 1902 5199 equitumtexercit‘us
1926 5114 2018 5199 in-

369 5189 637 5268 cevdentis
667 5191 1326 5268 agmen‘claudentem,
1385 5190 1467 5268 ita
1501 5193 1762 5268 autem,‘
1783 5191 1855 5268 ut
1888 5189 2016 5268 rato

369 5267 683 5324 intervallo
702 5257 748 5322 Ξ
778 5265 1100 5320 novissimo
1131 5262 1365 5336 agmine
1388 5260 1562 5316 absit.
1600 5257 1767 5329 Apud
1818 5257 2018 5336 Conti-

371 5346 541 5396 nuat.
579 5337 937 5409 Theophan.
961 5337 1085 5390 298.
1120 5329 1426 5409 A'videtur
1464 5347 1593 5388 esse
1625 5345 1818 5398 agmen
1839 5329 2018 5409 subsi-

372 5414 633 5468 diarium.
675 5403 1049 5464 Contrarium
1078 5410 1176 5458 τοῦ
1215 5403 1348 5459 σάκα
1397 5409 1486 5459 est
1536 5417 1747 5474 agmen
1795 5403 2016 5474 antesi-

413 5498 726 5548 nanorum,
795 5497 829 5536 a
883 5478 1190 5534 Saracenis
1273 5471 1660 5532 Tarsensibus
1743 5471 2016 5539 veredum,

413 5501 726 5548 nanorum,
795 5501 829 5536 a
884 5501 1190 5534 Daraceum
1283 5501 1535 5532 ldl‘SUuSJ

375 5501 638 5630 ἔέρεδρνι-
651 5557 952 5630 malum.
973 5551 1098 5630 .136:
1111 5550 1190 5630 ,(ἓθ
1223 5553 1282 5630 εὶι
1311 5551 1432 5630 ‘37.-
1475 5548 1535 5629 1.3-

447 5611 561 5697 (18)
590 5611 736 5682 ibid.
770 5624 871 5679 lin.
933 5611 1019 5697 to.
1078 5611 1334 5697 Μήκορεν
1359 5619 1577 5697 _Hujus
1606 5614 1792 5697 _vocis
1843 5611 2020 5697 paulo

376 5684 624 5755 rarioris
653 5684 1188 5768 antepenultimam
1219 5689 1400 5751 Codd.
1431 5684 1622 5748 nostri
1651 5689 1872 5745 acuunt
1890 5684 2020 5741 ubi-

2120 4888 2180 4951 Ᾰ.
2214 4888 2334 4950 1⁷52.
2367 4896 2434 4948 Α.
2471 4892 2590 4947 161.
2626 4894 2695 4946 Α.
2727 4891 2821 4946 cui
2855 4895 2914 4944 et
2941 4889 3214 4960 analogia
3247 4889 3555 4960 suffragari
3597 4888 3768 4942 vide-

2126 4977 2222 5021 tur
2252 4965 2427 5033 (conf.
2461 4964 2711 5034 Wagner
2727 4961 3032 5034 Lehriegvon
3060 4961 3180 5015 dem
3209 4961 3773 5034 4ccenﬁt.7129._B.)_et

2127 5031 3197 5110 patr‘ocinantuIiCodd1editiqnesque
3290 5031 3605 5110 Epiphanii
3627 5032 3772 5088 Adv.

2127 5102 2258 5163 ἧξεν.
2293 5108 2335 5171 Ι,
2375 5109 2530 5160 1076.
2562 5107 2627 5160 D.
2655 5107 2810 5159 1106.
2845 5105 2913 5159 Α.
2948 5105 3002 5159 S.
3037 5103 3270 5158 Macarii
3330 5102 3546 5158 Homil.
3581 5119 3770 5157 xxvm.

2129 5183 2200 5236 De
2229 5179 2534 5234 calamitat.
2567 5179 2764 5232 anima:
2785 5177 2908 5229 385.
2941 5182 3007 5232 Δ.
3043 5175 3377 5245 lncertique
3431 5178 3504 5228 De
3537 5175 3774 5228 Persica

2129 5250 2388 5322 captivit.
2430 5251 2555 5304 329.
2589 5250 2650 5302 Β.
2684 5249 2900 5322 Contra
2930 5247 3328 5322 penultimam
3349 5247 3508 5322 acuit
3531 5245 3774 5322 Schnei-

2129 5316 2306 5377 derus
2337 5321 2422 5375 vir
2451 5337 2720 5375 summus
2751 5319 2812 5373 in
2843 5316 3034 5373 Lexic.
3066 5319 3135 5372 II.
3166 5319 3258 5372 73.
3291 5319 3351 5372 C.
3389 5335 3457 5372 ex
3479 5316 3679 5371 fabula
3712 5317 3772 5370 in

2128 5393 2426 5466 Tyrwhitti
2461 5391 2716 5466 Diss._de
2738 5391 2958 5466 Pabgio
2991 5407 3045 5461 p.
3100 5393 3184 5466 l2_
3217 5386 3773 5466 eod_emque_}nodo

2131 5459 2339 5522 scribit
2366 5463 2714 5519 Ammonius
2738 5463 2814 5516 De
2833 5461 2926 5516 SS.
2955 5459 3264 5516 monachis
3283 5460 3522 5515 Sinaitis
3553 5459 3675 5513 109.
3709 5461 3772 5512 C.

2129 5539 2298 5593 Certe
2328 5535 2670 5592 adverbium
2706 5527 2968 5606 μακρόθεν
3019 5532 3389 5603 paenacuitur
3434 5530 3526 5584 vel
3575 5530 3638 5583 in
3667 5544 3778 5582 no—

2132 5615 2253 5666 stro
2283 5608 2424 5665 Cod.
2460 5609 2581 5662 128.
2615 5607 2681 5660 Ι).
2717 5605 2839 5660 131.
2871 5605 2932 5659 C.
