4152 6312
429 325 542 384 931

1753 311 2186 377 NICEPHORI
2230 307 2510 371 PHOC/E

3729 297 3848 358 952

423 459 553 530 jam
583 454 1043 527 infrequentem,
1069 454 1525 528 impressionem
1571 451 1814 508 faciens.
1847 448 1950 505 Dei
1973 465 2084 519 ope

2215 442 2499 517 ἃρμώντων
2557 437 2649 495 καὶ
2706 434 3242 513 διασκορπιζομένων
3292 434 3429 508 πρὸς
3486 428 3654 500 λείαν,
3715 449 3848 530 καρ-

434 547 684 603 victoria
713 547 992 618 potietur,
1026 552 1085 601 et
1105 544 1525 602 internecivum
1554 542 1787 598 cladem
1815 539 2083 595 hostibus

439 638 674 692 inferet.
712 636 822 691 Sed
854 636 900 691 si
943 653 1066 690 non
1125 635 1302 690 audet
1358 635 1546 690 aciem
1607 630 1864 704 aggredi,
1925 627 2084 700 quod

439 727 661 782 multas
693 730 751 780 et
779 725 1093 780 bellicosas
1115 726 1314 795 copias
1345 725 1589 796 suisque
1614 721 1910 778 firmiores
1931 719 1993 773 in
2017 735 2086 774 ea

436 816 630 870 videt:
663 831 694 868 e
726 819 1056 868 transverso
1088 831 1156 869 ac
1187 814 1440 886 longius,
1469 813 1703 868 occulta
1761 815 1820 866 et
1871 825 2088 881 oppor-

437 911 582 960 tuna
611 904 721 974 via,
754 904 1110 976 agmineque
1141 911 1429 976 quantum
1461 921 1608 976 opus
1639 908 1729 958 est
1758 901 1935 958 citato
1984 898 2088 954 ab-

439 1000 556 1060 eat,
588 994 662 1048 ad
694 1011 1042 1051 excursores
1073 995 1374 1067 dispersos
1405 995 1850 1068 opprimendos.
1874 994 1952 1046 Ac
1983 1006 2090 1062 per

439 1089 629 1139 totum
671 1084 829 1140 diem
891 1085 1186 1158 exagitare
1245 1086 1380 1141 illos
1441 1086 1758 1157 dissipatos
1816 1083 2085 1148 studens,

441 1174 728 1244 praeclare
757 1191 905 1240 rem,
934 1177 1181 1230 numine
1212 1175 1678 1242 obsecundante,
1731 1177 1946 1247 egeret.
1980 1173 2087 1226 De-

445 1262 548 1317 bet
571 1268 859 1334 praaterea
889 1266 1233 1337 praefectum
1265 1265 1579 1336 probatum
1631 1280 1765 1320 cum
1819 1261 2090 1335 pauculis

447 1352 748 1422 equitibus
777 1370 812 1409 a
842 1359 1004 1427 tergo
1037 1355 1275 1422 habere,
1308 1355 1463 1412 204
1494 1354 1593 1425 qui
1634 1353 1850 1408 Amiras
1904 1352 2092 1406 aciem

447 1442 644 1498 videat
663 1458 730 1498 ac
753 1445 1111 1516 speculetur,
1147 1451 1206 1500 et
1235 1445 1308 1500 de
1339 1445 1464 1513 illa,
1497 1441 2004 1515 quemadmodum
2031 1457 2095 1496 se

445 1538 696 1602 moveat,
722 1534 835 1589 sibi
857 1535 1254 1590 renunciet.Si
1271 1534 1513 1606 globum
1535 1549 1784 1589 numero
1815 1533 2094 1602 frequen-

447 1625 570 1676 tem
602 1622 719 1677 dux
745 1624 1012 1691 offendit,
1045 1624 1144 1695 qui
1169 1623 1441 1678 hostibus
1463 1623 1792 1696 praedatum
1811 1619 2096 1691 dispersis

453 1711 730 1782 praesidio
759 1713 854 1784 sit,
887 1713 1162 1768 bifariam
1221 1712 1440 1768 dividat
1494 1727 1740 1767 manum
1792 1726 1982 1777 suam,
2041 1712 2100 1762 et

2192 530 2474 605 τερησάτω
2506 529 2533 583 6
2569 527 2870 601 στρατηγὸς
2901 525 2954 579 ἐν
2979 523 3167 596 ἐκείνῳ
3220 527 3301 594 τῷ
3349 521 3506 592 τόπῳ
3551 519 3682 593 ἄχρι
3731 517 3848 587 τρί-

2197 617 2479 691 τηςῆκαὶ
2543 616 2806 692 τετάρτης
2865 615 3008 690 ὥρας
3065 620 3164 682 τῆς
3222 612 3454 686 ἡμέρας,
3513 610 3615 678 τὴν
3675 611 3849 680 παρά-

2196 713 2340 782 ταξιν
2373 712 2475 764 τοῦ
2498 711 2720 781 Ἀμηρᾶ
2783 709 3026 780 θεωρῶν,
3085 703 3176 758 καὶ
3223 696 3464 775 ἀκριϐῶς
3511 698 3574 753 τὸ
3632 695 3844 765 πλῆθος

2195 803 2292 856 τοῦ
2323 801 2465 854 λαοῦ
2497 796 2926 871 στοχαζόμενος.
2960 793 3111 850 Ἐπεὶ
3145 790 3188 846 δ’
3221 792 3273 846 οἱ
3339 786 3634 863 μέλλοντες
3667 784 3850 856 ἐξελά-

2199 910 2285 944 σαι
2317 887 2507 965 πὸῥρω
2537 906 2643 940 που
2698 891 2798 954 τῆς
2855 882 3201 957 παρατάξεως
3259 884 3358 935 τοῦ
3416 880 3635 952 Ἀμηρᾶ
3693 875 3855 950 γεγό-

2198 997 2370 1033 νασιν·
2406 978 2480 1038 ὡς
2515 976 2591 1050 μὴ
2627 973 2849 1030 δυνατόν
2879 971 2992 1028 ἐστι
3020 970 3188 1027 πάλιν
3216 970 3443 1031 τούτους
3472 966 3852 1042 ὑποστρέφειν,

2204 1069 2241 1138 ἢ
2274 1066 2567 1141 ἐπιγνῶναι
2595 1069 2688 1120 τὸν
2731 1062 2867 1119 κατᾶ
2923 1068 3022 1126 τῆς
3071 1061 3417 1134 παρατάξεως
3473 1060 3572 1111 τοῦ
3629 1057 3855 1129 Ἀμηρᾶ

2203 1157 2497 1235 ἀναφθέντα
2557 1152 2832 1226 πόλεμον,
2889 1149 3111 1207 ἕκαστον
3173 1148 3474 1204 σπεύδοντα
3551 1145 3619 1199 τὰ
3671 1143 3859 1219 χωρία

2201 1240 2550 1313 καταλαϐεῖν,
2583 1243 2672 1298 γαὶ
2707 1241 2857 1298 λείαν
2898 1241 2982 1296 ’ὀτι
3042 1238 3307 1308 πλείστην
3360 1235 3704 1312 πορίσασθαι·
3757 1235 3857 1293 τὰς

2209 1333 2348 1397 ἰδίας
2397 1332 2711 1410 παραταγᾶς
2750 1332 2823 1393 ὡς
2881 1328 2965 1385 δεῖ
3021 1327 3362 1403 εὐτρεπίσας,
3409 1325 3546 1380 κατὰ
3599 1329 3700 1393 τῆς
3757 1326 3859 1377 τοῦ

2209 1435 2430 1508 ’Δμηρᾶ
2485 1431 2832 1506 παρατάξεως
2923 1424 3360 1503 ὀλιγανδρούσης
3416 1425 3516 1493 τὴν
3576 1419 3857 1476 ἐπέλευσιν

2207 1524 2515 1593 ποιησάτω,
2573 1522 2663 1576 καὶ
2721 1523 2855 1574 Θεοῦ
2915 1516 3160 1592 συνεργίᾳ
3214 1519 3311 1584 τῆς
3366 1515 3520 1584 νίκης
3578 1513 3861 1587 κρατήσει,

2209 1611 2298 1667 καὶ
2339 1609 2553 1668 τελείαν
2604 1607 2967 1684 πανολεθρίαν
3022 1611 3142 1668 τοῖς
3198 1603 3494 1677 πολεμίοις
3551 1601 3859 1678 ἐργάσεται.

2211 1701 2278 1761 Εἰ
2311 1698 2366 1757 δὲ
2396 1701 2532 1756 κατὰ
2586 1706 2686 1769 τῆς
2739 1697 3088 1775 παρατάξεως
3146 1694 3389 1750 ἐπελθεῖν
3451 1692 3517 1746 οὐ
3576 1689 3861 1767 θαῤῥήσει,

457 1779 674 1872 partim
707 1779 1047 1874 praemittat,
1089 1803 1190 1874 qui
1249 1819 1384 1858 cum
1442 1803 1552 1857 hoc
1609 1800 1782 1874 globo
1838 1814 2098 1873 pugnam

2215 1789 2433 1860 πολλὴν
2461 1789 2553 1844 καὶ
2604 1787 2894 1862 ἀξιόλογον
2955 1783 3181 1858 δύναμιν
3240 1784 3381 1857 ὁρῶν
3415 1780 3466 1836 ἐν
3511 1779 3669 1854 αὐτῇ,
3725 1779 3864 1850 ὑπὲρ

2257 1881 2269 1890 ι
2345 1876 2420 1890 In.
2586 1877 2598 1890 ι
2695 1876 2710 1890 δ
2825 1876 2845 1890 \
2936 1875 2948 1890 1
3117 1875 3132 1890 \
3328 1871 3372 1890 Ι-
3461 1867 3508 1890 ιδ
3545 1869 3559 1887 \
3661 1889 3693 1890 κ.
3726 1873 3827 1890 __,‘"
3854 1887 3864 1890 ,

465 1891 690 1946 ineant.
719 1892 943 1956 Quibus
973 1893 1405 1965 praeliantibus,
1438 1891 1713 1962 evestigio
1733 1890 1849 1945 dux
1870 1903 2104 1961 quoque

465 1995 600 2035 cum
632 1997 738 2036 sua
767 1982 890 2037 acie
916 1982 1185 2054 proxime
1234 1981 1606 2052 subsequens
1664 1981 1881 2035 acriter
1931 1984 2106 2049 atque

463 2069 730 2124 animose
761 2086 896 2126 cum
928 2069 1188 2126 clamore
1220 2075 1278 2125 et
1307 2069 1537 2125 barritu
1586 2069 1805 2124 cursim
1860 2068 1922 2122 in
1971 2067 2106 2121 illos

457 2176 520 2214 se
549 2159 777 2230 lucitet,
814 2177 1032 2231 eosque
1052 2161 1154 2215 Dei
1179 2159 1400 2215 auxilio
1423 2159 1586 2214 fusos
1616 2161 2010 2230 persequetur
2039 2173 2106 2212 ac

454 2248 722 2304 funditus
755 2249 997 2304 delebit.
1031 2250 1195 2314 Quod
1254 2249 1325 2318 si,
1359 2249 1606 2304 numine
1639 2247 2106 2314 obsecundante,

460 2337 578 2391 dux
610 2337 761 2392 bene
787 2353 916 2392 rem
945 2339 1147 2410 gessit,
1181 2337 1539 2409 compressis
1570 2335 1924 2392 adversariis
1953 2351 2108 2406 pras-

460 2425 666 2481 datum
699 2427 950 2498 egressis
983 2427 1031 2481 si
1063 2443 1344 2498 magnum
1377 2431 1554 2496 atque
1612 2425 1843 2498 insigne
1875 2424 2108 2480 facinus

465 2514 682 2583 effecit,
710 2515 1074 2571 credendum
1106 2521 1197 2572 est
1225 2516 1426 2570 hostes
1447 2531 1581 2570 cum
1612 2514 1830 2586 probro
1863 2513 2109 2569 domum

464 2603 780 2660 redituros.
815 2604 930 2660 Sed
953 2605 1001 2660 si
1029 2605 1286 2677 amplius
1307 2605 1371 2659 in
1393 2605 1619 2660 ditione
1640 2609 1843 2659 nostra
1856 2619 2112 2659 commo-

461 2693 578 2748 rari
611 2699 966 2763 statuerunt,
1001 2694 1118 2750 dux
1148 2700 1451 2766 assumpto
1483 2711 1588 2750 suo
1620 2694 1855 2767 agmine
1876 2693 2112 2766 longius

457 2781 529 2837 ab
562 2782 682 2838 illis
713 2783 998 2852 discedat,
1021 2784 1133 2839 hoc
1157 2789 1247 2840 est
1268 2785 1329 2839 in
1350 2784 1482 2840 loca
1503 2784 1740 2852 idonea,
1764 2783 1867 2838 ubi
1889 2783 2112 2837 milites

456 2887 596 2927 suos
628 2872 978 2946 defatigatos
1009 2891 1118 2946 per
1151 2873 1416 2930 triduum
1448 2873 1982 2944 reficiat,solosque
2011 2872 2112 2943 qui

455 2962 750 3034 speculari
783 2964 1023 3035 debent,
1059 2965 1232 3020 sicuti
1257 2965 1384 3036 jam
1417 2965 1820 3036 exposuimus,
1847 2962 2112 3035 quotidie

458 3052 707 3108 emittat.
741 3054 979 3108 Atenim
1011 3053 1111 3108 ubi
1146 3054 1438 3126 cognovit,
1492 3069 1591 3108 eos
1641 3053 1808 3126 signa
1855 3052 2110 3108 movisse

456 3141 746 3197 redeundi
769 3158 968 3210 causa,
993 3143 1273 3213 evestigio
1297 3160 1403 3214 per
1423 3142 1770 3214 praefectum
1795 3141 2111 3213 probatum

463 3247 678 3304 magna
708 3231 1012 3286 celeritate
1042 3233 1295 3287 missum
1327 3233 1385 3287 in
1419 3232 1838 3304 asperitatibus
1887 3232 2113 3286 viarum

461 3319 770 3390 pedestres
800 3321 1000 3391 copias
1030 3327 1347 3393 congreget
1372 3338 1384 3374 :
1413 3321 1658 3392 ipseque
1690 3321 1808 3376 dux
1839 3320 2108 3375 connita-

461 3414 579 3474 tur,
615 3413 682 3462 ut
705 3423 899 3480 neque
925 3413 1097 3464 nocte
1131 3425 1325 3480 neque
1356 3409 1618 3464 interdiu
1654 3415 1885 3482 partem
1922 3409 2110 3464 ullam

467 3501 662 3572 capiat
688 3502 931 3572 quietis,
966 3501 1069 3557 sed
1101 3501 1403 3558 celeritate
1433 3503 1693 3558 maxima
1718 3519 1820 3557 eos
1849 3519 2110 3573 praecur-

463 3596 576 3662 rat,
611 3595 668 3646 et
682 3591 976 3648 universis
997 3591 1372 3664 pedestribus
1404 3591 1900 3663 equestribusque
1921 3591 2110 3664 copiis

461 3681 615 3737 bene
646 3683 992 3754 praaparatis
1023 3682 1468 3738 dimicationem
1515 3681 1794 3738 adversus
1824 3681 1962 3737 illos
2018 3682 2114 3736 in-

464 3776 673 3839 struat,
707 3772 1212 3844 quemadmodum
1245 3773 1395 3829 205
1433 3773 1705 3844 superius
1763 3771 2113 3844 singillatim

464 3863 1036 3933 exposuimus.Quod
1059 3863 1106 3919 si
1122 3864 1203 3918 ita
1223 3863 1644 3935 fecerit,gratia
1666 3862 2114 3931 Christi,aucto-

457 3952 633 4007 ritate
664 3969 798 4008 vero
830 3958 1008 4024 atque
1045 3952 1475 4008 intercessione
1507 3953 1875 4007 intemeratas
1904 3952 2112 4007 matris

461 4041 611 4111 ejus,
646 4042 851 4112 praelia
883 4059 1018 4097 cum
1050 4041 1320 4096 hostibus
1368 4041 1688 4096 commisso
1720 4058 1848 4097 rem
1880 4040 2112 4096 obtine-

459 4129 562 4182 bit.
588 4131 778 4200 Atque
809 4130 936 4184 htec
970 4128 1212 4201 quidem
1247 4131 1331 4185 sic
1366 4147 1427 4185 se
1458 4130 1700 4185 habent.

2211 1881 2311 1949 τήν
2345 1876 2506 1934 ἰδίαν·
2539 1877 2661 1933 τότε
2692 1876 2752 1932 ἐκ
2781 1875 3016 1950 πλαγίου
3044 1875 3134 1928 καὶ
3170 1871 3436 1948 μακρόθεν
3460 1867 3569 1942 ξδιᾶ
3615 1873 3867 1943 κρυπτῆς

2214 1969 2302 2024 καὶ
2336 1965 2646 2038 ἐπιτηδείας
2675 1963 2805 2022 ὁδοῦ
2863 1963 3088 2040 ὁρμάτω
3129 1961 3221 2017 σὺν
3282 1960 3476 2032 ἐλασίᾳ
3527 1963 3593 2032 τῇ
3652 1977 3867 2033 1:90:71-

2213 2058 2401 2132 κούσῃ,
2459 2051 2784 2112 καταλαϐεῖν
2863 2055 2923 2109 τὸ
3000 2054 3316 2127 σκόρπισμα
3367 2053 3474 2104 τῶν
3552 2045 3868 2118 πολεμίων.

2216 2149 2314 2202 Καὶ
2348 2145 2418 2202 δι’
2449 2146 2586 2217 ὅλης
2617 2152 2718 2216 τῆς
2745 2145 2956 2219 ἡμέρας
2991 2140 3307 2217 ἐπιδραμεῖν
3369 2139 3557 2201 αὐτοῖς
3605 2135 3871 2211 άγωνίσε-

2213 2259 2323 2306 ται,
2354 2234 2824 2308 διεσκεδασμένοις
2854 2234 2994 2302 οὖσι,
3025 2231 3117 2287 καὶ
3175 2229 3460 2303 ἀξιόλογον
3509 2224 3688 2302 ἔργον,
3730 2227 3870 2279 Θεοῦ

2217 2327 2528 2402 συμμαχίᾳ,
2623 2323 2941 2381 ἐπιτελέσει.
3027 2321 3269 2398 Ὀφείλει
3327 2319 3418 2374 οὗν
3477 2315 3566 2372 γαὶ
3623 2313 3868 2402 ἄρχοντα

2213 2400 2648 2493 τῶν-χρησίμων
2687 2415 2821 2488 μετὰ
2853 2412 3159 2488 ὀλιγοστῶν
3192 2409 3400 2464 ἱππέων
3437 2403 3657 2461 ὄπισθεν
3689 2400 3865 2479 ἔχειν,

2220 2506 2490 2582 βλέποντα
2519 2505 2610 2561 καὶ
2641 2505 3060 2560 ἆποσκοποῦντα
3102 2502 3202 2570 τήν
3256 2503 3353 2554 τοῦ
3411 2498 3633 2572 Ἀμηρᾶ
3679 2493 3864 2567 παρά-

2488 2594 2502 2614 ε
2579 2595 2592 2609 ‘
2740 2592 2756 2614 \
2841 2592 2854 2613 ν
2901 2595 2930 2606 η’
3062 2591 3076 2611 ι
3189 2589 3210 2604 ⁷⁸
3307 2583 3360 2606 ’Ν
3567 2583 3578 2602 Ι

2214 2595 2383 2665 ταξιν,
2415 2614 2505 2650 και
2535 2615 2603 2649 τα
2631 2614 2758 2669 περι
2797 2613 2988 2661 αυτης,
3046 2611 3120 2652 ως
3181 2609 3242 2642 αν
3299 2601 3641 2660 οοοιπορειη,
3697 2601 3866 2636 κατα-

2223 2685 2446 2759 μηνύειν
2478 2684 2646 2758 αύτῷ.
2687 2684 2753 2740 Εἰ
2785 2681 2842 2738 δὲ
2895 2681 2987 2736 καὶ
3039 2677 3304 2758 φοῦλκον,
3363 2673 3421 2731 δὲ
3479 2674 3554 2736 εἷς
3614 2671 3864 2751 φυλακην

2217 2780 2325 2830 τῶν
2355 2772 2900 2849 διασκορπιζομένων
2931 2771 3065 2844 πρὸς
3123 2767 3272 2824 λείαν
3337 2762 3626 2835 πολεμίων
3689 2762 3868 2836 ὑπάρ-

2220 2885 2345 2940 χον,
2379 2865 2695 2934 συναντήσει
2729 2863 2756 2917 6
2788 2860 3084 2934 στρατηγὸς
3121 2855 3336 2927 πλῆθος
3391 2852 3543 2929 ἔχον,
3596 2849 3730 2926 διχῆ
3774 2851 3868 2905 τὸν

2221 2963 2352 3018 λαὸν
2409 2961 2572 3016 αὐτοῦ
2631 2958 2810 3035 διέλῃ,
2868 2959 2956 3014 καὶ
3021 2955 3322 3030 ἔμπροσθεν
3413 2953 3507 3026 μὲν
3565 2947 3869 3021 ἀποστείλῃ

2218 3051 2347 3114 τοὺς
2383 3049 2705 3128 ὀφείλοντας
2738 3049 2873 3122 μετά
2894 3051 2992 3102 τοῦ
3023 3043 3267 3123 φούλκου
3320 3043 3544 3115 συνάψαι
3595 3037 3870 3111 πόλεμον.

2221 3127 2444 3198 Τούτων
2503 3139 2561 3194 δὶ
2619 3135 3012 3216 συρραγέντων,
3094 3133 3252 3199 εὐθὺς
3335 3131 3423 3187 καὶ
3483 3131 3512 3185 6
3573 3127 3876 3204 στρατηγὸς

2230 3232 2362 3307 μετᾶ
2402 3237 2503 3301 τῆς
2559 3230 2906 3304 παρατάξεως
2965 3227 3130 3282 αὐτοῦ
3186 3224 3424 3295 πλησίον
3482 3220 3869 3276 ἐπακολουθῶν

2226 3305 2392 3393 όξέως
2423 3321 2511 3376 καὶ
2559 3319 2848 3393 εὐτόλμως
2907 3319 3039 3391 μετὰ
3094 3317 3332 3392 κραυγῆς
3387 3312 3477 3368 καὶ
3533 3305 3869 3384 ἀλαλαγμοῦ

2219 3411 2310 3467 σῦν
2347 3410 2538 3483 ἐλασίᾳ
2566 3411 2684 3465 κατ’
2715 3409 2892 3464 αὐτῶν
2925 3405 3247 3481 ὁρμησάτω,
3278 3403 3368 3458 καὶ
3423 3400 3671 3461 τούτους.
3731 3401 3868 3452 Θεοῦ

2223 3501 2469 3577 βοηθείᾳ,
2501 3498 2924 3576 τροπωσάμενος
2952 3493 3272 3565 καταδιώξει
3331 3496 3409 3566 [Ρ.
3464 3492 3588 3562 132]
3643 3487 3732 3577 καί
3781 3507 3866 3542 τε-

2218 3573 2384 3650 λείως
2413 3573 2854 3665 καταγωνίσεται.
2887 3585 2952 3644 Εἰ
2985 3585 3078 3640 οὗν
3133 3587 3269 3639 Θεοῦ
3320 3579 3571 3656 συνεργίᾳ
3621 3573 3868 3665 εὐοδωθῇ

2221 3662 2722 3752 ὁστρατηγὸς,καὶ
2761 3676 2888 3738 τοὺς
2944 3674 3021 3736 εἷς
3074 3671 3225 3729 λείαν
3281 3667 3654 3743 ἐκδραμόντας
3709 3662 3874 3719 πολε-

2224 3767 2382 3842 μίους
2411 3767 2932 3843 κατατροπώσηται,
2957 3763 3012 3818 εἱ
3037 3763 3131 3835 μὲν
3165 3758 3411 3834 μεγάλην
3443 3757 3532 3812 καὶ
3584 3752 3869 3826 ἀξιόλογον

2221 3857 2474 3914 δουλείαν
2506 3857 2820 3931 ἐργάσηται,
2853 3853 2997 3915 εἷ’κός
3029 3851 3140 3907 ἐστι
3169 3849 3298 3913 τοὺς
3328 3845 3558 3924 ἐχθροὺς
3605 3844 3742 3931 πρδς
3770 3844 3873 3931 τήν

2221 3945 2358 4003 ἰδίαν
2402 3929 2590 4023 χώραν
2652 3942 2983 4020 ύποστρέψαι
3035 3942 3149 4015 μετ’
3185 3938 3495 4018 μίσχύνης.
3555 3935 3622 3993 Εἰ
3677 3929 3738 4023 δὲ
3794 3929 3873 4023 ἔτι

2221 4037 2276 4093 ἐν
2306 4040 2375 4111 τῇ
2407 4021 2650 4112 ἧμετέρᾳ
2678 4035 2933 4110 χρονίσαι
2993 4032 3282 4107 μελετῶσι,
3338 4029 3429 4084 τὸν
3486 4023 3624 4082 ἴδιον
3675 4021 3808 4078 λαὸν
3845 4021 3871 4074 6

2221 4127 2526 4204 στρατηγὸς
2582 4121 3098 4200 ἀναλαμϐανόμενος
3181 4122 3416 4195 μήκοθεν
3470 4115 3706 4193 γενέσθω
3759 4116 3868 4204 τῶν

453 4198 763 4288 πολεμίων,
795 4215 846 4269 ἐν
881 4198 1214 4286 ἐπιτηδείοις
1269 4214 1531 4287 δηλονότι
1585 4215 1842 4292 χωρίοις,
1891 4217 1982 4272 καὶ
2039 4217 2131 4273 τὸν
2189 4198 2319 4273 λαὸν
2378 4198 2542 4271 αὐτοῦ
2598 4198 2908 4269 κατάκοπον
2941 4215 2983 4250 *ί
3017 4209 3144 4267 ὄντα
3201 4209 3288 4265 ἐπὶ
3345 4207 3554 4281 ἡμέρας
3608 4207 3754 4278 τρεῖς
3800 4198 3871 4255 δι’

461 4320 842 4393 αναπαυσάτω,
887 4322 1086 4396 μόνους
1144 4321 1271 4385 τοῦς
1332 4323 1661 4396 παραμένειν
1722 4321 2062 4398 ὀφείλοντας,
2123 4323 2200 4386 ὡς
2253 4320 2363 4392 ἤδη
2427 4321 2734 4394 ἐξεθέμεθα,
2793 4315 3148 4376 ἀποστέλλων
3207 4313 3405 4388 ἑκάστῃ
3463 4309 3664 4385 ἡμέρᾳ.
3723 4308 3869 4398 Πρὸς

480 4410 826 4490 ὑποστροφήν
880 4393 938 4466 δὲ
997 4412 1284 4488 ὁρμῶντας
1333 4393 1560 4476 τούτους
1617 4413 1644 4468 6
1703 4393 2006 4488 στρατηγὸς
2049 4393 2344 4490 ἐπιγνοὺς,
2401 4393 2708 4487 παραυτίκα
2762 4411 2923 4484 τάχει
2973 4406 3172 4479 πολλῷ
3230 4403 3473 4480 ἄρχοντα
3677 4393 3874 4490 xeunt:-

468 4522 582 4574 μων
651 4500 1002 4574 ἀποστείλας,
1055 4502 1118 4556 τὸ
1173 4503 1391 4571 πεζικὸν
1447 4501 1752 4578 στράτευμα
1813 4501 1889 4564 εἷς
1943 4504 2039 4566 τὰς
2101 4500 2411 4578 δυσχωρίας
2465 4505 2574 4554 τῶν
2635 4497 2776 4554 ὁδῶν
2862 4496 3298 4572 ἐπισωρευσάτω’
3356 4493 3444 4547 καὶ
3506 4488 3668 4550 αὐτὸς
3719 4484 3784 4578 δέ
3845 4484 3871 4538 ὸ

460 4593 767 4670 στρατηγὸς
797 4573 1104 4663 σπευσάτω,
1147 4594 1222 4666 μὴ
1275 4591 1328 4647 ἐν
1373 4573 1528 4648 νυκτί
1589 4573 1730 4666 μηδὲ
1780 4591 1832 4648 ἐν
1887 4594 2070 4667 ἡμέρᾳ
2127 4573 2313 4648 έαῦτὸν
2368 4594 2552 4654 ποσῶς
2612 4590 2672 4646 ἂν
2725 4591 3050 4657 ἀναπαῦσαι,
3103 4583 3251 4642 am
3279 4582 3372 4638 σὺν
3432 4582 3590 4656 τάχει
3640 4573 3870 4670 πολλῶ-

459 4678 763 4758 ἔμπροσθεν
830 4681 1005 4738 αὐτῶν
1064 4681 1319 4758 γενέσθω.
1377 4681 1469 4737 καὶ
1525 4680 1713 4746 καλῶς
1794 4681 2201 4760 παρασκευάσας
2282 4679 2419 4738 ἅπαν
2477 4681 2540 4736 τὸ
2584 4684 2691 4735 τῶν
2763 4683 2941 4748 πεζῶν
3019 4675 3111 4732 καὶ
3185 4673 3394 4729 ἱππέων
3471 4672 3638 4726 αὐτοῦ
3712 4665 3870 4742 στρά-

457 4791 653 4846 τευμα,
727 4773 818 4828 τὸν
874 4773 992 4829 κατ’
1047 4773 1225 4828 αὐτῶν
1284 4770 1530 4846 πόλεμον
1591 4758 1882 4842 διάθοιτο,
1941 4772 2122 4835 καθὼς
2198 4770 2454 4845 ἀνωτέρω
2533 4767 2842 4830 ἐπιλεπτῶς
2920 4758 3222 4840 ἐξεθέμεθα.
3284 4762 3387 4820 Καὶ
3441 4759 3614 4822 οὕτως
3672 4761 3868 4846 ποιῶν,

459 4845 648 4936 χάριτι
677 4863 928 4936 Χριστοῦ,
955 4861 1045 4918 καὶ
1074 4860 1302 4935 δυνάμει
1335 4845 1766 4938 καὶίπρεσϐείαις
1797 4868 1897 4932 τῆς
1959 4861 2344 4938 παναχράντου
2402 4861 2570 4915 αὐτοῦ
2628 4859 2874 4934 Μητρὸς,
2920 4863 3021 4928 τῆς
3071 4857 3209 4911 κατά
3253 4857 3361 4908 τῶν
3416 4849 3630 4927 ἐχθρῶν
3683 4845 3867 4922 μᾶχης

456 4951 734 5024 κρατήσει.
769 4949 871 5007 Καὶ
901 4955 1068 5006 ταῦτα
1099 4951 1192 5024 μὲν
1226 4950 1424 5014 οὕτως.

457 5078 591 5135 CAP.
623 5079 692 5134 X.
723 5081 800 5134 De
855 5081 1200 5150 sejunctione
1251 5095 1444 5135 manus
1495 5080 1878 5150 prwdatoriae,
1935 5081 2107 5151 deque

805 5151 1067 5221 peditatu
1097 5168 1132 5207 a
1163 5157 1315 5220 tergo
1352 5151 1730 5222 subsequente.

534 5278 669 5345 Nec,
705 5293 835 5348 quas
866 5277 980 5350 ipsi
1007 5277 1280 5342 vidimus,
1310 5291 1605 5347 exponere
1625 5278 2104 5351 pigebit.'ldenti-

468 5364 603 5424 dem
627 5367 918 5423 exercitus
944 5367 1226 5434 hostium,
1254 5370 1680 5439 equestresque
1706 5384 1773 5424 ac
1803 5368 2108 5440 pedestres

463 5458 647 5531 ecpiae
680 5474 710 5514 e
741 5457 960 5514 finibus
991 5456 1342 5530 Oppidisque
1374 5456 1496 5513 suis
1528 5457 1707 5514 simul
1728 5457 2009 5513 exibant:
2042 5473 2109 5513 ac

2217 5080 2378 5134 ΚΕΦ.
2421 5077 2478 5134 Γ.
2541 5109 2607 5120 --
2665 5073 2796 5147 Περὶ
2853 5077 2952 5130 τοῦ
3011 5069 3400 5147 διαχωρισᾼμοῦ
3453 5072 3551 5124 τοῦ
3611 5067 3867 5142 κούρσου,

2437 5154 2530 5204 καῖ
2558 5151 2656 5204 τοῦ
2685 5143 2824 5202 λαοῦ
2857 5147 3078 5209 ὑπισθεν
3107 5143 3641 5205 ἐπακολουθοῦντος.

2291 5276 2360 5331 Ἀ
2391 5271 2449 5330 δὲ
2473 5275 2638 5348 ἡμεῖς
2689 5272 3046 5344 ἐθεασάμεθα,
3105 5269 3349 5326 ἔκθέσθαι
3408 5265 3664 5341 οὐδαμῶς
3718 5283 3868 5321 κατο-

2217 5366 2516 5438 κνήσομενο
2574 5364 2636 5418 τὸ
2691 5366 2800 5417 τῶν
2860 5359 3146 5435 πολεμίων
3225 5359 3506 5439 φωσσάτον
3575 5354 3865 5432 διαφόρως,

2221 5452 2273 5508 οἳ
2301 5474 2357 5510 τε
2388 5453 2574 5516 ἱππεῖς
2605 5451 2698 5508 σὺν
2727 5455 2808 5525 τῷ
2832 5448 2982 5524 πεζῷ
3040 5449 3183 5526 ὁμοῦ
3235 5451 3335 5518 τῆς
3383 5448 3572 5526 χώρας
3623 5445 3711 5500 καὶ
3757 5446 3863 5499 τῶν

1662 5573 1726 5631 C.
1767 5574 1831 5633 Β.
1871 5572 2064 5632 HASII
2098 5571 2655 5631 ANNOTATIONES.

531 5673 578 5714 ⁴¹
611 5675 920 5734 κατάκοπον
952 5668 1096 5731 ὄντα.
1129 5671 1258 5730 Vid.
1291 5686 1473 5744 supra
1501 5671 1624 5728 124.
