4152 6312
403 337 521 396 953

1680 332 2112 397 VELITATIO
2157 335 2508 399 BELLIGA.

3698 337 3814 401 954

400 463 619 520 πόλεων
677 462 853 519 αὐτῶν
907 464 1324 540 συνεξήρχοντο·
1382 466 1472 519 καὶ
1558 464 1646 521 ἐπὶ
1705 464 1854 522 δυσὶν
1912 466 2027 540 ἡμέι

2165 486 2273 540 per
2285 469 2667 539 triduum,vel
2695 468 2997 527 interdum
3027 468 3814 539 diutius,itinereunafacto,

402 575 520 630 ραις
563 554 705 627 ὁμοῦ
765 557 1364 630 συμπεριπατήσαντες,
1415 551 1521 609 ἔσθ’
1580 551 1670 610 ὅτε
1714 555 1804 610 καὶ
1859 555 2052 612 πλείο-

399 665 506 711 σιν,
540 643 632 698 ἀπ’
665 641 934 713 ἀλλήλων
968 640 1378 718 διεχωρίζοντο.
1413 643 1515 700 Καὶ
1571 644 1622 698 οἱ
1685 645 1778 716 μὶν
1841 645 2050 713 ἱππεῖς,

405 737 458 790 οἱ
495 735 591 798 τὰς
646 733 918 808 ἡμετέρας
973 735 1163 810 χώρας
1210 731 1562 810 κατατρέχειν
1618 735 1708 790 καὶ
1763 734 2048 806 λεηλατεῖν

403 825 762 902 βουλόμενοι,
789 821 1221 901 προύλάμϐανον
1281 829 1506 902 ἡμερῶν
1560 848 1726 882 τινων
1757 823 2048 900 διάστημα,

392 921 494 972 106
524 919 751 986 πεζικοῦ
805 913 945 970 λαοῦ
985 917 1163 971 αὐτῶν
1213 916 1604 992 ἀφεστηκότος·
1653 914 1742 971 διά
1796 918 1858 972 τὸ
1890 916 2048 972 σπεύ-

400 1005 511 1061 δειν
565 1005 762 1067 αὐτοὺς
817 1005 1056 1078 ἀμηνυτὶ
1111 1004 1242 1070 τοὺς
1299 1005 1592 1081 οἰκήτορας
1657 1010 1763 1060 τῶν
1822 1004 2047 1082 χωρίων

393 1089 749 1162 καταλαϐεῖν,
780 1093 923 1150 οἴκοι
958 1096 1238 1168 μένοντας.
1272 1097 1347 1153 Τὸ
1380 1093 1438 1150 δὲ
1471 1092 1703 1151 τοῦλδον
1761 1096 1895 1168 μετὰ
1937 1100 2045 1151 τῶν

389 1189 571 1254 πεζῶν
598 1184 689 1239 καὶ
718 1190 820 1253 τῆς
849 1183 1059 1240 τούτων
1085 1184 1418 1255 ἀποσκευῆς,
1481 1181 1701 1240 ὄπισθεν
1756 1185 2046 1258 ἑπόμενον,

389 1275 555 1344 ἡνίκα
582 1273 680 1336 τὰς
714 1271 1028 1349 δυσχωρίας
1058 1275 1147 1329 καὶ
1207 1275 1276 1329 τὰ
1328 1275 1486 1330 στενά
1538 1272 1785 1344 διῆλθεν,
1846 1274 2044 1346 ἐπιτή-

393 1360 538 1418 δειον
571 1360 943 1432 διασκοπῆσαν
996 1362 1168 1417 τόπον
1228 1363 1364 1438 πρὸς
1423 1363 1672 1442 φυλακήν
1729 1363 1906 1419 αὐτῶν
1955 1363 2045 1418 καὶ

393 1451 716 1529 ἀσφάλειαν,
775 1453 871 1514 τὰς
928 1452 1129 1522 σκηνὰς
1186 1452 1492 1526 πηξάμενοι
1549 1452 1601 1507 ἐν
1651 1454 1824 1525 αὐτῷ,
1882 1450 2048 1524 ηὐλί-

395 1549 577 1613 ζοντο,
609 1542 736 1604 τοὺς
815 1541 892 1604 εἷς
941 1547 1178 1617 κοῦρσον
1229 1541 1602 1617 ἐκδραμόντας
1641 1544 1826 1606 ἱππεῖς
1873 1544 2046 1599 ἐκεῖσε

384 1629 916 1708 προσεκδεχόμενοι·
971 1630 1064 1686 ’ίνα
1091 1631 1217 1687 τοὺν
1273 1632 1706 1710 ὑποστρέφοντας
1735 1629 1918 1695 καλῶς
1949 1633 2044 1697 τὰς

382 1718 699 1796 δυσχωρίας
779 1715 1209 1780 διαϐιϐἀσωσιν.
1264 1722 1326 1779 Ὀ
1402 1721 1492 1777 οὗν
1558 1721 1884 1798 στρατηγὸς,
1937 1723 2038 1791 τήν

2160 575 2194 614 a
2225 575 2287 614 se
2317 559 2724 616 discedebant.
2758 560 3020 633 Equites,
3057 559 3347 615 ditionem
3407 565 3671 614 nostram
3712 561 3803 614 iu-

2159 649 2435 704 cursione
2471 649 2622 705 facta
2644 650 3004 722 populaturi,
3037 649 3269 720 aliquot
3309 649 3543 704 dierum
3592 648 3807 704 itinere

2161 738 2729 809 prmgrediebantur,
2784 739 3113 812 peditatum
3144 745 3301 794 retro
3349 737 3762 808 relinquentes
3798 753 3811 792 :

2160 829 2319 898 quod
2347 830 2682 902 opprimere
2717 830 3078 886 habitatores
3110 830 3375 885 vicorum
3405 845 3526 884 non
3557 845 3805 900 praemo-

2159 919 2316 975 nitos
2347 921 2620 994 casisque
2651 922 3011 977 inhaarentes
3067 920 3487 993 properabant.
3547 918 3804 989 Impedi-

2156 1015 2361 1065 menta
2393 1015 2449 1065 et
2481 1011 2710 1082 pedites
2740 1028 2875 1066 cum
2909 1011 3031 1066 suis
3059 1009 3379 1078 sarcinis,a
3410 1013 3570 1080 tergo
3597 1006 3809 1063 subse-

2157 1103 2430 1168 quentes,
2463 1105 2781 1172 postquam
2821 1101 3006 1157 saltus
3024 1105 3202 1171 atque
3228 1097 3529 1172 augustias
3560 1097 3807 1152 transie-

2155 1194 2311 1256 rant,
2345 1189 2543 1245 locum
2582 1190 2864 1247 idoneum
2893 1191 2968 1247 ad
3021 1207 3151 1246 sese
3173 1187 3594 1245 custodiendos
3615 1192 3810 1242 tutan-

2155 1278 2384 1350 dosque
2413 1281 2831 1352 conspicati,in
2845 1298 2914 1337 eo
2933 1280 3238 1336 collocatis
3254 1277 3653 1334 tabernaculis
3667 1293 3802 1332 con-

2155 1368 2685 1442 sidebant,equites
2706 1371 3034 1442 praedatum
3059 1386 3328 1443 egressos
3351 1368 3429 1423 ibi
3452 1365 3802 1439 praestolan-

2155 1460 2272 1512 tes:
2297 1464 2363 1513 ut
2392 1465 2757 1516 revertentes
2789 1460 3120 1516 incolumes
3158 1475 3266 1530 per
3298 1458 3429 1512 loca
3460 1456 3668 1526 iniqua
3686 1461 3803 1510 tra-

2153 1545 2533 1604 ducerent.ld
2552 1549 2599 1604 si
2618 1565 2728 1604 usu
2741 1547 3422 1618 venit,dux,excursione
3435 1562 3641 1601 eorum
3654 1561 3804 1599 nun-

2154 1635 2729 1709 tiata,speculatores
2743 1639 2994 1704 emittat,
3030 1643 3088 1693 et
3113 1637 3315 1693 omnia
3323 1636 3494 1708 juxta
3521 1635 3796 1706 superius

2150 1726 2563 1798 praescriptum
2606 1728 2804 1784 faciat.
2840 1731 2921 1784 Ac
2942 1729 2990 1783 si
3012 1744 3189 1800 parvo
3211 1726 3448 1799 negotio
3468 1723 3798 1796 praedatum

377 1809 651 1882 ἐξέλευσιν
740 1811 916 1867 αὐτῶν
1003 1811 1519 1888 καταμηνυόμενος,
1577 1812 1673 1876 τὰς
1723 1814 2027 1888 παραμονά‹

2151 1831 2418 1887 egressos
2439 1818 2704 1874 nancisci
2751 1818 3076 1888 dispersos,
3107 1816 3475 1886 fundereque
3509 1814 3665 1870 206
3696 1829 3802 1884 po-

376 1899 794 1971 ἀποστελλέτω,
825 1903 918 1957 καὶ
954 1903 1134 1958 πάντα
1193 1902 1423 1958 ποιείτω
1469 1903 1604 1958 κατὰ
1654 1904 1754 1973 τήν
1787 1902 2042 1980 ἀνωτέρω

379 1987 637 2062 διάταξιν.
697 1990 800 2048 Καί
857 1990 903 2046 εἰ
979 1992 1072 2065 μὲν
1129 1993 1354 2069 εὐχερές
1423 1992 1534 2048 ἐστι
1583 1997 1662 2064 τῷ
1733 1998 2040 2069 στρατηγῷ,

376 2079 512 2144 τοὺς
589 2081 666 2143 είς
723 2083 823 2151 τήν
885 2079 1037 2136 λείαν
1117 2079 1486 2157 ἐκδραμόντας
1559 2080 2038 2155 διεσκεδασμένους

382 2165 732 2240 καταλαϐεῖν,
764 2169 854 2225 καὶ
875 2169 1107 2233 τούτους
1165 2174 1257 2244 [Ρ.
1313 2175 1438 2246 133]
1493 2173 2036 2247 κατατροπώσασθαι,

372 2255 525 2334 ἓργῳ
583 2263 747 2315 τοῦτο
805 2262 1087 2316 σπευσάτω
1137 2261 1451 2337 πληρῶσαι.
1512 2261 1575 2318 El
1663 2259 1721 2316 δὲ
1778 2259 1866 2316 διά
1920 2282 2039 2316 τινα

372 2347 667 2423 σφάλματα
694 2350 787 2404 καὶ
855 2350 952 2413 τὰς
1009 2346 1415 2424 συμϐαινοόσας
1467 2349 1808 2416 ἐναντιώσεις
1863 2349 2036 2424 ἐμπό-

382 2434 499 2493 διον
531 2442 973 2512 προσυπαντήσει
1008 2439 1176 2512 αὐτῷ,
1234 2441 1310 2503 εἰς
1365 2441 1456 2496 τὸν
1489 2443 1625 2497 κατὰ
1680 2445 1778 2496 106
1817 2442 2035 2518 φωσσά-

374 2548 477 2582 του
549 2523 798 2602 πόλεμον
858 2531 1375 2604 παρασκευασθήτω·
1435 2529 1526 2584 καὶ
1582 2529 1674 2586 τὸν
1729 2529 1924 2601 τόπον,
1979 2529 2034 2585 ἐν

373 2617 536 2689 ᾧτᾶς
577 2619 783 2688 σκηνὰς
809 2616 1098 2692 ἐπήξαντο,
1130 2614 1370 2693 ἀκριϐῶς
1427 2616 1867 2690 διασκοπησᾶτω,
1954 2619 2030 2692 μή

383 2727 518 2760 ποτε
573 2708 821 2781 ποταμός
881 2706 1020 2763 ἐστιν
1079 2705 1371 2785 ἀσφάλειαν
1428 2708 1608 2771 αὐτοῖς
1645 2709 1940 2784 προξενῶν,
1994 2708 2031 2780 ἢ

380 2791 534 2868 βόαξ.
575 2795 680 2851 Καὶ
703 2796 838 2871 πρὸς
865 2797 966 2866 τὴν
1013 2797 1157 2860 θέσιν
1219 2801 1316 2852 106
1370 2797 1543 2853 τόπου
1597 2797 1678 2852 δεῖ
1727 2797 1818 2853 καὶ
1869 2797 2029 2853 αὐτὸν

378 2892 906 2958 παρασκευασθῆναι,
967 2887 1057 2941 καὶ
1138 2883 1349 2960 σπουδῇ
1407 2885 1598 2962 πολλῇ
1655 2887 1792 2958 πρὸς
1842 2887 2028 2942 ἑαυτὸν

380 2972 446 3025 τὸ
501 2975 720 3042 πεζικὸν
775 2977 1098 3050 στράτευμα,
1159 2975 1204 3031 εἰ
1289 2974 1534 3045 δυνατὸν,
1592 2976 2026 3053 ἐπισυναγαγεῖν.

380 3059 803 3136 Προσδοκῶντος
839 3062 898 3120 δὲ
923 3069 1022 3121 106
1054 3071 1360 3143 στρατηγοῦ
1407 3067 1510 3136 τήν
1567 3066 1776 3122 τούτων
1835 3066 2026 3123 ἀποκί.

370 3172 527 3222 νησιν
558 3151 648 3207 καὶ
679 3152 730 3208 ἐν
756 3155 925 3229 ἑτέρῳ
951 3155 1218 3228 ἀπλήκτῳ
1281 3151 1600 3229 μετάϐασιν,
1659 3155 1696 3226 ἢ
1753 3157 1922 3232 τυχὸν
1953 3153 2025 3210 δι’

371 3239 696 3315 αὐτομόλων
733 3248 896 3300 τοῦτο
953 3247 1388 3318 πυνθαναμένου,
1440 3244 1560 3302 δέον
1608 3247 1794 3311 ἱππεῖς
1849 3247 2021 3302 ἀποσ-

364 3331 548 3387 τεῖλαι
608 3334 821 3404 νυκτὸς,
902 3335 1188 3411 ἀρχηγοὺς
1273 3335 1506 3399 ἔχοντας
1582 3341 1692 3392 τῶν
1751 3337 2024 3414 ἐμπείρων

370 3419 580 3495 ἀνδρῶν
631 3423 722 3478 καὶ
781 3423 1103 3499 ἀξιολόγων,
1164 3425 1252 3481 καὶ
1312 3425 1409 3482 δύο
1467 3427 1822 3504 ἐγκρύμματα
1859 3449 2028 3503 παρα-

367 3511 622 3568 σκευάσαι
652 3511 795 3569 ἔνθεν
819 3515 1067 3571 κάκεῖθεν
1120 3523 1223 3587 τῆς
1281 3515 1433 3587 ὁδοῦ,
1496 3515 1566 3573 δι’
1623 3521 1690 3588 ἧς
1741 3521 2022 3594 γενήσεται

365 3603 402 3670 ἡ
431 3605 540 3656 τῶν
570 3601 854 3678 πολεμίων
890 3602 1178 3670 διέλευσις.
1240 3607 1326 3678 Ἐξ
1371 3605 1546 3663 αὐτῶν
1607 3606 1665 3664 δὲ
1719 3613 1828 3664 τῶν
1887 3610 2025 3665 tino-

366 3689 673 3749 σταλέντων
728 3693 915 3750 ἑκατὸν
993 3695 1190 3772 ἂνδρας
1249 3694 1656 3770 ἐπιλεξάμενος,
1707 3697 1786 3760 εἴς
1846 3697 2020 3774 λόχον

367 3783 787 3856 καταστησάτω,
842 3783 1023 3859 χωρία
1054 3783 1429 3860 φυλάττοντας
1479 3787 1545 3842 τὰ
1626 3788 1865 3858 πλησίον
1918 3795 2020 3858 τῆς

371 3868 618 3943 παρόδου
673 3876 778 3927 τῶν
829 3873 1112 3947 πολεμίων
1175 3872 1505 3948 διακείμενα.
1562 3876 1660 3932 Καὶ
1710 3877 1870 3932 αὐτὸν
1925 3877 2016 3932 τὸν

362 3963 671 4038 στρατηγὸν
707 3965 818 4039 χρὴ
853 3963 906 4018 ἐν
956 3961 1256 4039 ἐπιτηδείῳ
1279 3965 1434 4040 τόπῳ
1478 3968 1614 4040 μετὰ
1664 3969 1861 4031 παντὸς
1917 3973 2018 4024 τοῦ

357 4049 497 4106 λαοῦ
529 4051 695 4108 αὐτοῦ
722 4051 974 4118 ’ίστασθαι
1006 4055 1408 4131 κεκρυμμένον,
1465 4057 1555 4112 καὶ
1615 4056 1674 4112 ἐκ
1729 4065 2015 4133 περιωπῆς

355 4140 642 4217 ἐφορῶντα
668 4145 770 4214 τὴν
797 4148 906 4200 τῶν
935 4143 1226 4215 πολεμίων
1262 4141 1528 4203 διάϐασιν.
1584 4147 1651 4204 Οἱ
1711 4146 1804 4202 οὗν
1833 4148 2018 4212 ἱππεῖς

353 4234 464 4284 τῶν
495 4230 801 4306 πολεμίων,
835 4234 887 4288 οἱ
919 4233 998 4297 εἰς
1045 4233 1426 4310 συλΛογισμὸν
1455 4236 1662 4312 χρειῶν
1710 4238 1777 4292 τὰ
1833 4237 2016 4313 χωρία

360 4319 880 4396 διερευνώμενοιτᾶ
937 4323 1178 4395 πλησίον
1236 4326 1454 4388 τούτοις
1508 4325 2012 4402 συμπαρακείμενα,

355 4411 519 4479 ἡνίκα
551 4411 603 4466 ἐν
634 4418 755 4476 τοῖς
788 4411 1219 4490 φυλαττομένοις
1259 4416 1496 4492 χωρίοις
1554 4415 1862 4488 εἰσέλθωσι,
1921 4420 2011 4476 καὶ

356 4504 465 4555 τῶν
522 4499 707 4556 ἳππων
756 4498 1054 4565 ἀποϐάντες
1108 4504 1203 4567 τὰς
1261 4505 1434 4570 οἰκίας
1479 4505 1878 4585 ἀναψηλαφῶσι
1907 4513 2015 4564 τῶν

360 4593 642 4664 χωριτῶν,
671 4593 790 4647 κατ’
821 4592 996 4648 αὐτῶν
1029 4595 1076 4631 ⁴²
1101 4596 1154 4650 οἱ
1212 4593 1292 4658 εἰς
1348 4596 1442 4651 τὸν
1499 4593 1673 4653 λόχον
1734 4596 2012 4672 ίστάμενοι

359 4679 550 4735 ἑκατὸν
636 4681 826 4744 ἱππεῖς
900 4683 1320 4757 ὁρμησάτωσαν,
1406 4686 1496 4740 καὶ
1585 4687 1744 4750 ὅσους
1803 4686 2010 4744 ἀνελεῖν

363 4765 694 4841 δυνηθῶσιν,
755 4769 862 4826 ε’ἒτε
920 4777 1219 4848 ζωγρῆσαι,
1287 4773 1590 4850 παραυτίκα
1642 4777 1781 4852 πρὸς
1837 4779 2010 4854 φυγὴν

357 4860 703 4934 ὁρμήσωσιν,
737 4860 1136 4939 ὑποφεύγοντες
1158 4864 1258 4932 τὴν
1291 4861 1416 4919 ὁδὸν
1447 4865 1548 4934 τὴν
1573 4865 1874 4939 ἀναμεταξὺ
1900 4872 2008 4923 τῶν

355 4945 453 5003 δύο
486 4949 885 5026 ἐγκρυμμάτων
911 4949 1303 5028 διερχομένην,
1360 4953 1718 5029 ἐφελκόμενοι
1771 4977 1832 5012 τε
1880 4957 2010 5022 τοὺς

351 5035 656 5112 πολεμίους
733 5041 868 5112 πρὸς
955 5039 1158 5112 δίωξιν.
1219 5039 1694 5116 Καταδιωκόμενοι
1754 5041 1812 5100 δὲ
1887 5046 2006 5109 ταὶς

350 5124 594 5204 ἐνέδραις
623 5135 934 5204 περιπεσεῖν
964 5129 1090 5194 τοὺς
1143 5129 1452 5207 πολεμίους
1509 5135 2001 5206 παρασκευάσουσι.

354 5217 494 5274 Τότε
571 5220 661 5275 οὖν
723 5219 1126 5296 ἐξερχέσθωσαν
1184 5223 1251 5278 τὰ
1333 5223 1657 5299 ἑκατέρωθεν
1742 5223 2003 5299 ἱστάμενα

351 5306 738 5383 ἐγκρόμματα,
802 5311 892 5365 καὶ
943 5308 1194 5388 σφοδρῶς
1250 5312 1349 5382 τὴν
1408 5314 1525 5369 κατ’
1583 5312 1759 5369 αὐτῶν
1813 5315 1994 5389 ὁρμὴν

347 5397 734 5469 ποιησάτωσαν
764 5399 856 5455 καὶ
879 5398 1128 5466 πολλοὺς
1153 5404 1262 5456 τῶν
1317 5399 1606 5477 πολεμίων
1667 5401 1826 5479 ἔργον
1890 5425 1997 5478 μα-

2150 1909 2286 1973 test,
2318 1922 2382 1961 re
2414 1908 2656 1979 exsequi
2688 1907 2746 1962 id
2770 1908 3009 1979 quidem
3039 1910 3337 1978 properet.
3373 1905 3474 1959 Sin
3504 1909 3703 1959 autem
3726 1901 3798 1956 ob

2151 1995 2480 2051 errationes
2502 1997 2791 2068 quasdam
2826 1997 3307 2067 offensionesque
3336 1993 3800 2048 intervenientes

2147 2084 2643 2155 impedimentum
2667 2086 2779 2158 ipsi
2811 2085 3166 2154 infertur,ad
3197 2090 3391 2140 castra
3405 2080 3802 2155 oppugnanda

2148 2187 2210 2226 se
2233 2179 2536 2244 comparet
2564 2191 2577 2229 :
2611 2174 2829 2245 locum,
2862 2173 2963 2229 ubi
3021 2173 3403 2229 tabernaculo
3447 2175 3796 2244 posuerunt,

2146 2259 2465 2333 diligenter
2492 2265 2915 2336 perspiciat,ne
2949 2263 3102 2319 forte
3133 2263 3358 2319 ﬂumen
3389 2261 3796 2318 amniculusve

2145 2353 2706 2428 subsit,praesidium
2729 2358 2816 2412 illi
2849 2357 3144 2428 praabens.
3176 2359 3264 2411 Ita
3280 2357 3455 2428 juxta
3476 2354 3656 2410 situm
3679 2353 3795 2408 loci

2143 2446 2440 2505 instruere
2472 2467 2534 2506 se
2565 2456 2818 2523 oportet,
2843 2467 3176 2524 magnaque
3207 2447 3796 2522 diligentiaadhibita

2142 2540 2551 2611 peditatum,si
2582 2544 2710 2600 fieri
2741 2549 2955 2616 potest,
2981 2560 3210 2617 cogere.
3245 2542 3563 2614 Suspicans
3593 2546 3792 2596 autem

2142 2629 2260 2685 dux
2275 2631 2642 2689 discessuros
2656 2635 2858 2690 hostes
2872 2634 2934 2689 in
2947 2635 3183 2706 aliaque
3198 2638 3393 2690 castra
3408 2632 3790 2696 transituros,

2141 2719 2265 2774 sive
2322 2738 2428 2792 per
2471 2724 2803 2796 transfugas
2861 2723 3114 2780 fortasse
3142 2724 3253 2779 hoc
3311 2723 3580 2789 eductus,
3612 2719 3791 2776 debet

2140 2814 2320 2865 noctu
2351 2812 2582 2882 equites
2602 2814 2962 2884 praemittere
2996 2830 3130 2869 cum
3161 2812 3455 2884 praefectis
3484 2810 3693 2882 peritis
3729 2815 3788 2863 et

2137 2898 2422 2970 probatis,
2455 2901 2824 2974 insidiasque
2868 2919 3076 2974 parare
3133 2901 3306 2957 binas
3359 2900 3433 2956 ad
3464 2905 3782 2969 utrumque

2137 2987 2292 3044 latus
2327 2989 2452 3058 vim,
2487 3007 2605 3062 qua
2628 2991 2831 3046 hostes
2863 2990 3170 3046 transituri
3204 2990 3341 3046 sint.
3371 2989 3449 3044 Ex
3478 2988 3600 3043 illis
3627 3005 3780 3058 pra:-

2135 3077 2336 3134 missis
2367 3079 2669 3150 equitibus
2698 3085 2938 3136 centum
2970 3079 3308 3136 delectosin
3337 3077 3586 3134 latibulo
3601 3077 3784 3132 collo-

2136 3170 2358 3240 cet,qui
2387 3170 2544 3226 vicos
2567 3171 2886 3227 observent
2915 3170 3112 3226 itineri
3147 3169 3620 3226 adversariorum
3641 3167 3782 3222 sub-

2126 3258 2750 3332 jacentes.lpsumque
2782 3260 2996 3316 ducem
3013 3263 3247 3332 oportet
3266 3257 3623 3314 locoidoneo
3647 3273 3781 3312 cum

2135 3349 2412 3406 omnibus
2443 3350 2630 3422 copiis
2661 3351 2723 3406 in
2777 3350 3011 3406 occulto
3071 3350 3416 3418 subsistere,
3451 3365 3482 3402 e
3538 3347 3783 3420 specula

2132 3437 2335 3494 hostes
2365 3445 2745 3496 transeuntes
2776 3439 3210 3496 observantem.
3242 3439 3484 3509 Equites
3509 3437 3785 3493 adversa-

2130 3529 2376 3597 riorum,
2412 3530 2512 3600 qui
2543 3529 2950 3585 frumentandi
2973 3545 3153 3585 causa
3172 3529 3328 3584 vicos
3360 3527 3602 3599 propius
3635 3527 3780 3581 sitos

2129 3618 2513 3688 perlustrant,
2547 3618 2726 3673 simul
2777 3624 2955 3690 atque
3001 3618 3161 3674 vicos
3219 3617 3494 3674 obsessos
3523 3616 3777 3688 ingressi

2130 3723 2200 3762 ex
2232 3708 2401 3778 equis
2427 3707 2868 3777 descenderint,
2903 3725 3189 3780 casasque
3228 3707 3587 3763 rusticorum
3611 3723 3774 3762 scru-

2128 3796 2238 3851 tari
2270 3797 2864 3869 inceperint,equites
2894 3804 3136 3854 centum
3159 3798 3221 3853 in
3248 3796 3480 3852 insidiis
3499 3795 3772 3851 collocati

2125 3885 2588 3958 impressionem
2633 3887 2693 3942 in
2725 3887 2863 3943 illos
2894 3887 3134 3954 faciant,
3169 3893 3246 3955 et,
3281 3886 3400 3942 sive
3441 3884 3771 3940 interfectis

2124 3975 2242 4032 sive
2299 3976 2488 4048 captis
2515 3982 2809 4049 quotquot
2835 3982 3178 4050 potuerunt,
3211 3975 3488 4048 evestigio
3518 3975 3669 4045 fugai
3711 3989 3772 4028 se

2122 4065 2413 4121 mandent
2436 4083 2448 4122 :
2469 4071 2831 4138 ruentesque
2854 4085 2962 4139 per
2985 4067 3137 4122 viam
3158 4067 3314 4121 inter
3325 4065 3496 4120 binas
3511 4065 3773 4121 201m-

2124 4155 2306 4210 sidias
2331 4159 2745 4212 transeuntem
2805 4157 3006 4212 hostes
3048 4156 3121 4212 ad
3176 4155 3657 4228 persecutionem
3685 4157 3772 4208 at-

2122 4244 2474 4300 trahant.lta
2493 4245 2803 4319 peragitati
2826 4245 3180 4313 efﬁcient,ut
3196 4244 3516 4300 adversarii
3538 4242 3774 4298 insidiis

2123 4354 2186 4393 se
2206 4336 2646 4394 induant.Tunc
2669 4356 2804 4394 vero
2826 4344 3220 4411 prorumpant
3243 4339 3346 4410 qui
3376 4337 3770 4408 utrobiquein

2119 4425 2386 4482 latibulis
2418 4428 2598 4484 locati
2630 4434 2789 4496 sunt,
2816 4434 2874 4484 et
2902 4429 3238 4484 vehementi
3295 4428 3523 4500 impetu
3577 4428 3638 4481 in
3663 4443 3764 4481 eos

2119 4515 2275 4572 facto
2290 4533 2568 4590 magnum
2583 4517 2843 4573 hostium
2857 4534 3173 4573 numerum
3193 4517 3405 4588 gladiis
3426 4515 3765 4572 conﬁcient.

2126 4606 2260 4662 Haec
2289 4605 2390 4660 ubi
2421 4606 2539 4662 dux
2569 4607 3042 4673 videt,continuo
3074 4607 3200 4678 ipse
3232 4622 3470 4676 quoque
3491 4621 3624 4660 cum
3648 4621 3768 4658 ma-

2117 4695 2237 4766 jori
2269 4699 2435 4766 parte
2467 4694 2558 4750 sui
2589 4697 2842 4768 agminis
2867 4696 3158 4752 acerrimo
3193 4696 3436 4750 incursu
3465 4693 3526 4748 in
3574 4692 3762 4749 aciem

2123 4783 2382 4838 hostium
2399 4783 2683 4840 seincitet
2705 4801 2717 4840 :
2735 4784 2998 4856 reliquos
3019 4801 3260 4840 suorum
3279 4783 3537 4840 militum
3552 4782 3764 4854 jubeat

2121 4871 2184 4927 in
2209 4877 2372 4945 terga
2386 4873 2647 4928 hostium
2675 4874 3100 4930 circumvectos
3124 4891 3192 4930 eo
3219 4875 3388 4947 signa
3410 4873 3649 4928 inferre.
3679 4874 3762 4928 Ac

2121 4961 2237 5016 nisi
2277 4966 2657 5033 peccatorum
2679 4968 3019 5020 nostrorum
3057 4980 3234 5020 causa
3263 4963 3758 5037 impedimentum

2117 5050 2364 5122 aliquod
2410 5052 2753 5120 intervenit,
2785 5054 3208 5127 expugnabunt
3263 5054 3480 5110 hostes.
3518 5056 3758 5122 Tamen,

2116 5141 2164 5195 si
2225 5140 2633 5198 vehementius
2689 5143 3029 5215 praeliantes
3095 5144 3416 5200 adversarii
3473 5143 3761 5199 obsistere

2113 5235 2453 5302 possunt,et
2481 5231 2690 5288 eodem
2722 5233 2853 5290 loco
2872 5234 3234 5290 consistente
3261 5234 3554 5306 jumentis
3578 5249 3762 5290 onera

2111 5319 2439 5392 deponunt,
2522 5324 2852 5396 effectaque
2927 5324 3136 5380 multis
3193 5324 3440 5381 sarcinis
3510 5322 3760 5396 objectis

2106 5409 2262 5465 vallo
2280 5411 2470 5467 aciem
2492 5412 2791 5472 instruere
2803 5413 3184 5483 conantur,id
3209 5415 3451 5486 quidem
3481 5428 3758 5487 magnam

1556 5549 1618 5607 C.
1662 5551 1726 5607 Β.
1773 5551 1964 5609 HASII
1991 5553 2544 5614 ANNOTATIONES.

421 5663 470 5702 ⁸³
496 5663 613 5718 κατ’
645 5660 842 5738 αὐτῶν]
871 5663 964 5720 καὶ
982 5664 1177 5721 ταυτὸν
1218 5665 1391 5726 codd.
