4152 6312
370 274 486 333 955

1687 266 2116 332 NICEPHORI
2158 264 2441 327 PHOCE

3661 268 3783 330 956

371 404 787 460 difﬁcultatem
812 407 1239 479 oppugnationi
1260 407 1611 463 aﬂ‘eret.Sed
1633 404 2025 461 nihilominus

2151 409 2337 483 χαίρας
2367 406 2713 475 ποιήσονται.
2753 404 2861 459 Τοῦ
2893 397 2951 455 δὶ
2980 401 3288 475 στρατηγοῦ
3313 400 3483 454 ταῦτα
3516 398 3780 473 δρῶντος,

377 493 556 549 debet
584 494 704 549 dux
735 511 956 550 corona
985 496 1141 551 facta
1170 496 1433 567 undique
1461 496 1628 568 signa
1650 495 1957 561 inferre,et
1978 493 2027 547 si

378 601 495 653 qua
518 601 652 655 spes
684 585 1125 655 est,peditatum
1168 586 1380 640 itinere
1412 586 1687 641 celeriter
1714 584 1868 639 facto
1898 584 2027 655 ipso

380 676 474 730 die
500 675 687 747 prselii
715 675 994 730 advenire
1025 676 1287 746 posse,id
1313 682 1377 730 ut
1408 678 1513 732 ﬁat
1547 674 1957 740 curare.Quod
1980 674 2027 729 si

382 765 509 818 ﬁeri
534 781 653 818 non
686 770 880 834 potest
909 770 1153 835 prOpter
1176 765 2030 837 longinquitatem,idoneosex

380 855 683 925 equitibus
698 854 1059 909 descendere
1075 856 1145 911 de
1162 855 1897 928 equisjubeat,etpedibus
1913 870 2031 909 una

380 960 513 998 cum
537 944 804 1013 equitatu
824 944 1099 1015 prmlium
1131 963 1267 1001 cum
1294 947 1646 1003 adversariis
1669 947 1841 1013 inire,
1867 960 2031 1001 arcu-

384 1031 1147 1099 bus,fundis,hastis,scutis
1177 1038 1683 1108 utentes.0portet
1704 1041 1903 1091 autem
1919 1034 2031 1089 du-

382 1138 511 1177 cem
534 1127 593 1175 et
622 1122 886 1177 sarcinas
904 1140 1063 1193 suas,
1098 1129 1157 1178 et
1177 1125 1621 1196 impedimenta,
1641 1127 1689 1181 si
1717 1124 1825 1180 sub
1848 1139 2030 1179 manu

383 1211 734 1278 sint,secum
767 1211 1452 1285 adducere,pr0piusque
1475 1216 1675 1271 hostes
1696 1214 2029 1282 considere,

380 1307 449 1357 ut
469 1301 849 1357 formidinem
878 1302 999 1358 illis
1021 1320 1088 1359 ac
1119 1304 1595 1376 desperationem
1628 1307 1779 1362 208
1802 1306 2029 1360 afferat.

381 1391 543 1456 Quod
578 1391 625 1445 si
660 1407 726 1445 eo
757 1391 820 1446 in
853 1391 982 1447 loco
1014 1410 1182 1464 aqua)
1215 1395 1381 1450 nulla
1415 1396 1658 1450 omnino
1681 1395 1930 1449 facultas
1946 1396 2035 1447 est

384 1482 441 1537 id
476 1498 711 1553 quoque
738 1499 858 1537 non
890 1482 1273 1538 mediocriter
1303 1485 1533 1541 animos
1564 1502 1771 1540 eorum
1802 1489 2032 1555 pertur-

376 1572 575 1628 babit:
609 1578 668 1628 et
708 1572 756 1626 si
785 1589 905 1627 non
935 1572 1203 1629 funditus
1231 1575 1366 1630 illos
1398 1576 1575 1642 delet,
1599 1580 1659 1631 at
1693 1580 1854 1630 certe
1880 1573 2032 1628 mul-

373 1668 465 1717 tos
490 1679 694 1717 eorum
716 1663 977 1734 captivos
1005 1664 1202 1730 faciet,
1225 1666 1427 1736 plures
1451 1667 1633 1720 etiam
1659 1670 1785 1720 tum
1811 1663 2040 1719 interﬁ-

2132 498 2441 575 παραυτίκα
2496 493 2587 549 καὶ
2643 491 2803 553 αὐτὸς
2868 491 3003 563 μετά
3053 492 3161 543 τῶν
3215 486 3484 543 πλειόνων
3528 493 3626 543 τοῦ
3689 489 3783 544 σὺν

2133 574 2279 663 αὐτῷ
2301 588 2439 643 λαοῦ
2470 584 2523 640 έν
2560 583 2847 656 ὁρμήματι
2907 577 3262 656 σφοδροτάτῳ
3310 580 3408 647 τήν
3458 574 3781 653 προσϐολὴν

2134 680 2210 742 εἷς
2237 680 2337 747 τὴν
2370 674 2662 750 παράταξιν
2719 675 2825 725 τῶν
2885 669 3173 741 πολεμίων
3228 668 3476 724 ποιείτω·
3536 669 3665 733 τοὺς
3727 668 3783 724 δέ

2134 792 2197 846 γε
2229 766 2565 825 ὑπολοίπους
2594 766 2691 818 τοῦ
2723 759 2861 815 λαοῦ
2892 759 3057 814 αύτοῦ
3086 760 3223 814 κατά
3249 761 3426 815 νώτου
3467 763 3572 813 τῶν
3607 760 3784 815 πολε-

2140 859 2277 934 μίων
2310 856 2574 932 γενέσθαι,
2601 852 2690 906 καὶ
2723 848 2950 924 συνάψαι
3000 848 3248 922 πόλεμον
3303 849 3785 924 παρασκευασάτω.

2136 948 2242 1006 Καὶ
2275 946 2320 1001 εἰ
2356 947 2430 1019 μή
2463 965 2517 999 τι
2545 938 2811 1015 ἐμπόδιον
2843 938 2894 1012 ἐξ
2927 934 3208 1014 ἡμετέρων
3233 939 3515 1013 ἁμαρτιῶν
3537 939 3787 1013 γένηται,

2134 1041 2241 1092 τῶν
2288 1033 2575 1107 πολεμίων
2639 1029 3124 1105 ὑπερισχύσουσιν.
3187 1029 3248 1087 Εἰ
3309 1027 3366 1085 δέ
3424 1051 3487 1106 γε
3545 1029 3790 1105 ἰσχυρῶς

2141 1126 2447 1202 μαχόμενοι
2481 1123 2533 1177 οἱ
2563 1118 2828 1193 πολέμιοι
2859 1119 3135 1193 ἀντισχεῖν
3169 1116 3467 1190 δυνηθῶσι,
3522 1119 3613 1174 καὶ
3648 1122 3787 1173 στῶ-

2140 1239 2220 1273 σιν
2254 1216 2306 1271 έν
2339 1219 2418 1286 τῷ
2447 1214 2592 1283 αὑτῷ
2646 1209 2802 1282 τόπῳ
2858 1209 2925 1264 τὰ
2981 1209 3265 1286 ἀχθοφόρα
3322 1213 3434 1279 ζῶα
3488 1211 3787 1287 ἀποφορτί-

2139 1326 2349 1376 σαντες,
2436 1300 2716 1372 ἄπληκτον
2769 1297 2930 1369 δῆθεν
2990 1300 3075 1372 [Ρ.
3140 1301 3261 1372 134]
3344 1297 3669 1371 ποιούμενοι
3728 1295 3789 1351 ἐκ

2138 1394 2359 1464 πολλῆς
2390 1389 2779 1464 περιστάσεως,
2837 1387 2928 1443 καὶ
2985 1392 3280 1458 πειρῶνται
3337 1392 3434 1442 ττιῦ
3491 1387 3785 1460 ἀντιπιιρα⁸

2136 1484 2412 1557 τάξασθαι,
2447 1477 2666 1547 πολλὴν
2705 1476 2765 1532 ἐκ
2817 1478 3019 1532 τούτου
3074 1474 3431 1553 έφευρήσουσι
3457 1476 3557 1545 τὴν
3590 1473 3784 1550 δυσχέ-

2143 1569 2483 1650 ρειαν.Ἀλλ’
2515 1568 2671 1642 ὅμως
2701 1567 2813 1642 χρὴ
2845 1569 2932 1621 καί
2992 1567 3085 1621 τὸν
3118 1567 3417 1642 στρατηγὸν
3450 1566 3640 1639 κύκλῳ
3667 1565 3787 1619 κατ’

2140 1663 2316 1718 αὐτῶν
2351 1660 2639 1735 ἐπαγαγεῖν
2697 1656 2789 1711 τὸν
2844 1653 3113 1729 πόλεμον,
3144 1654 3259 1726 καῖ,
3318 1654 3366 1709 εἲ
3413 1652 3663 1723 δυνατὸν,
3694 1655 3787 1708 καὶ

378 1754 494 1808 ciet
513 1758 639 1807 tum
689 1753 997 1821 sauciabit,
1034 1755 1397 1827 spiritusque
1433 1772 1637 1811 eorum
1687 1758 2031 1827 arrogantes

2151 1753 2357 1823 πεζικὸν
2390 1750 2523 1807 λαὸν
2553 1753 2623 1823 τῇ
2655 1748 2794 1821 αὐτῇ
2824 1750 2920 1801 τοῦ
2949 1746 3201 1819 πολέμου
3248 1744 3431 1820 ἡμέρᾳ
3456 1738 3783 1800 καταλαϐεῖν

375 1844 609 1915 franget
633 1861 646 1910 ;
670 1848 736 1897 ut
750 1860 871 1897 non
895 1844 1154 1915 amplius
1167 1846 1368 1901 ausuri
1393 1846 1514 1901 sint
1534 1846 1760 1917 absque
1780 1850 1944 1899 metu
1965 1844 2027 1897 in

378 1949 561 2005 pagos
576 1935 978 1989 Romanorum
1001 1934 1375 1991 incursiones
1396 1935 1590 1991 facere
1604 1936 1680 1991 .Si
1693 1940 1891 1990 autem
1913 1933 2032 1989 dux

379 2022 698 2078 transitum
723 2040 928 2077 eorum
956 2040 986 2078 e
1002 2024 1210 2079 castris
1233 2025 1294 2079 in
1312 2031 1507 2080 castra
1537 2041 1658 2081 non
1679 2023 2028 2096 praescierit,

380 2113 500 2167 sive
521 2129 589 2166 ex
608 2112 888 2184 perfugis,
923 2118 989 2167 ut
1010 2113 1151 2183 dixi,
1189 2115 1317 2170 sive
1342 2130 1411 2169 ex
1432 2114 1713 2185 captivis;
1737 2118 1803 2168 ut
1850 2118 2032 2168 noctu

381 2201 720 2272 praemissas
743 2201 993 2256 insidias
1024 2203 1085 2257 in
1108 2202 1199 2257 via
1221 2204 1463 2259 illorum
1495 2203 1787 2259 collocare
1806 2201 1994 2273 possit
2017 2218 2030 2254 :

381 2290 774 2345 nihilominus
798 2289 1058 2345 interdiu
1075 2292 1356 2347 adversus
1370 2292 1570 2346 hostes
1601 2292 1714 2346 iter
1735 2292 2033 2363 ingressos

380 2380 580 2452 palam
630 2380 920 2434 instructo
983 2380 1248 2435 exercitu
1296 2381 1571 2453 praelium
1620 2380 2033 2447 administret;

380 2482 779 2550 praeterquam
812 2477 859 2532 si
891 2476 1213 2533 admodum
1269 2478 1678 2549 infrequentes
1708 2483 2036 2547 tenuesque

384 2567 562 2622 habet
583 2567 807 2637 copias.
846 2568 1012 2634 Nam,
1035 2572 1103 2622 ut
1117 2567 1277 2622 brevi
1302 2565 2035 2639 expediam,impedimen-

386 2661 580 2711 torum
598 2657 918 2727 aggressio,
942 2657 1083 2727 quia
1100 2657 1270 2727 pauci
1294 2657 1582 2712 duntaxat
1612 2655 1824 2711 armati
1858 2654 2035 2726 equi-

384 2751 472 2801 tes
495 2744 770 2816 praesidio
804 2745 924 2799 illis
954 2745 1401 2816 relinquuntur,
1419 2761 1729 2816 nunquam
1754 2742 2039 2799 offensio-

388 2852 528 2890 nem
550 2835 1069 2891 incommodumve
1129 2835 1411 2892 exercitui
1466 2840 1670 2890 nostro
1726 2834 1899 2889 tulit:
1933 2833 2038 2888 sed

389 2925 622 2995 quoties
652 2924 955 2980 dimicatio
1001 2924 1270 2980 confecta
1309 2929 1516 2980 contra
1536 2924 1640 2979 illa
1662 2927 1768 2991 est,
1804 2938 2041 2994 semper

388 3014 682 3070 exercitus
702 3013 1003 3069 Romanus
1025 3015 1228 3069 hostes
1254 3014 1406 3069 bene
1428 3013 1651 3067 multos
1677 3028 1813 3068 cum
1858 3012 2035 3083 cepit,

2139 1842 2299 1917 τᾶχει
2330 1838 2533 1911 πολλῷ
2556 1837 2967 1912 παραγενέσθαι,
3025 1840 3191 1891 τοῦτο
3239 1835 3659 1911 παρασκευάσαι.
3721 1833 3786 1889 Ei

2142 1930 2197 1987 δὲ
2226 1935 2388 1987 τοῦτο
2421 1926 2677 1984 ἀδύνατόν
2708 1925 2844 1995 ἐστι,
2877 1922 2966 1980 διὰ
2994 1924 3057 1980 τὸ
3105 1923 3297 2000 πόῤῥω
3325 1924 3552 1985 τούτους
3580 1921 3789 1996 τυγχάο

2138 2043 2269 2091 νειν,
2326 2018 2456 2081 τοὺς
2506 2018 2885 2092 προσήκοντας
2971 2018 3079 2068 τῶν
3146 2014 3357 2069 ἱππέων
3438 2017 3547 2067 τῶν
3605 2010 3792 2065 ἳππων

2142 2105 2411 2175 ἀποϐῆναι
2446 2105 2761 2183 διορισάτω,
2791 2106 2879 2159 καὶ
2941 2106 3079 2177 πεζῇ
3137 2107 3255 2165 τοῖς
3312 2100 3609 2174 πολεμίοις
3660 2099 3797 2172 μετά

2140 2205 2248 2256 τῶν
2288 2200 2535 2254 ἱπποτῶν
2595 2196 2887 2269 μάχεσθαι,
2939 2192 3121 2263 τόξοις
3186 2192 3278 2247 καὶ
3336 2187 3647 2267 σφενδόναις
3705 2187 3796 2242 καὶ

2144 2287 2331 2363 δόρασι
2363 2286 2455 2342 σὺν
2485 2284 2669 2341 ἀσπίσι
2699 2284 3048 2359 χρωμένους.
3081 2286 3173 2336 Δεῖ
3198 2279 3289 2335 οὖν
3345 2280 3437 2335 τὸν
3492 2277 3796 2352 στρατηγὸν

2142 2378 2234 2435 καὶ
2266 2379 2368 2447 τήν
2400 2377 2572 2431 αὐτοῦ
2602 2373 2908 2441 ἀποσκευὴν
2941 2372 3185 2447 ἀγαγεῖν,
3216 2371 3304 2426 καὶ
3342 2370 3405 2424 τὸ
3433 2364 3692 2436 τοῦλδον,
3743 2363 3805 2420 εἴ

2145 2491 2207 2544 γε
2256 2465 2494 2537 πλησίον
2553 2462 2836 2539 τυγχάνει,
2894 2461 2985 2516 καὶ
3044 2459 3305 2535 σύνεγγυς
3361 2462 3469 2513 τῶν
3514 2453 3799 2528 πολεμίων

2147 2543 2515 2626 ἀπλτικεῦσαι,
2550 2551 2628 2617 εἷς
2657 2549 2917 2623 ἔκπληξιν
2974 2549 3148 2605 αὐτῶν
3206 2549 3295 2603 καὶ
3353 2547 3679 2622 ἀπόγνωσιν.
3733 2543 3799 2600 El

2148 2646 2206 2703 δὲ
2239 2647 2291 2702 έν
2323 2646 2470 2717 αύτῷ
2494 2649 2574 2717 τῷ
2617 2642 2777 2714 τόπῳ
2832 2638 2980 2716 ὕδωρ
3033 2640 3351 2714 τοπαράπαν
3385 2637 3488 2693 οὐκ
3514 2632 3647 2703 ἔστι,
3705 2634 3799 2689 καὶ

2145 2741 2309 2793 τοῦτο
2381 2732 2604 2802 πολλὴν
2664 2730 2898 2803 ἀθυμίαν
2958 2728 3144 2784 αὐτοῖς
3202 2728 3542 2803 προξενήσει·
3602 2723 3693 2779 καὶ
3752 2721 3803 2777 εἲ

2152 2827 2228 2901 μὴ
2258 2823 2463 2887 τελέως
2493 2823 2720 2884 τούτους
2752 2818 3212 2895 καταγωνίσηται,
3246 2816 3370 2873 ἀλλ’
3430 2816 3521 2871 οὗν
3554 2811 3804 2876 πολλούς

2146 2938 2208 2993 γε
2238 2919 2284 2953 ⁴⁸
2308 2915 2517 2971 τούτων
2569 2908 2970 2987 ἀνδραποδίσει,
3022 2908 3314 2971 πλείστους
3370 2906 3428 2961 δὲ
3485 2906 3575 2961 καὶ
3635 2916 3802 2968 θανα-

2147 3006 2333 3076 τώσει,
2375 3003 2466 3060 καὶ
2522 3001 2858 3077 τραυματίας
2916 2997 3219 3075 ἐργάσεται,
3276 2996 3366 3052 καὶ
3424 2997 3487 3051 τὸ
3544 2996 3801 3063 ἀΛαζονι-

392 3103 829 3159 tuminterfecit
846 3122 859 3169 ;
878 3104 1154 3173 jumenta
1170 3108 1227 3157 et
1250 3103 1444 3157 mulas
1465 3108 1709 3157 onustas
1735 3117 1855 3155 non
1885 3117 2038 3156 unas

2151 3096 2244 3151 κὸν
2280 3094 2455 3150 αὐτῶν
2487 3086 2787 3147 καταϐαλεῖ
2833 3088 3112 3167 φρόνημα·
3173 3086 3311 3142 ὥστε
3366 3087 3443 3159 μὴ
3500 3082 3805 3197 ἀδεῶςδκα-

2291 3184 2405 3197 ς-
2578 3182 2817 3197 ...ης
2951 3183 3044 3197 ....
3283 3175 3295 3197 ι
3464 3173 3805 3197 κνιη-

392 3194 454 3248 in
478 3196 829 3264 potestatem
852 3190 1098 3261 redegit.
1130 3190 1295 3255 Quod
1325 3191 1373 3245 si
1396 3195 1687 3261 prmterea
1717 3189 2036 3260 peditatus,

394 3284 660 3336 armatus
692 3278 792 3333 ille
810 3278 1054 3348 quidem
1070 3284 1129 3334 et
1159 3281 1514 3335 exercitatus
1533 3279 1607 3334 ad
1628 3278 2046 3350 prmliandum,

398 3372 492 3425 die
515 3370 916 3425 dimicationis
934 3374 1149 3441 praesto
1183 3386 1313 3425 esse
1330 3374 1546 3440 potest,
1573 3369 1634 3423 in
1653 3368 2047 3437 adversarios,

398 3477 618 3516 corona
629 3460 892 3531 undique
907 3460 1669 3532 cinctos,impugnationem
1683 3458 1801 3513 dux
1821 3475 1927 3531 pro
1943 3474 2049 3513 suo

399 3551 594 3606 ofﬁcio
616 3551 1085 3621 instruat,eoque
1107 3567 1350 3621 prorsus
1372 3550 1446 3606 ad
1468 3551 1943 3607 internecionem
1964 3567 2051 3606 re-

400 3642 576 3713 digat.
610 3640 772 3696 Talia
794 3641 954 3695 enim
976 3657 1111 3695 cum
1132 3640 1420 3696 adversus
1463 3641 1892 3712 impedimenta
1911 3642 2051 3696 hos-

403 3731 571 3798 tium,
606 3734 731 3784 tum
756 3730 935 3785 etiam
953 3729 1237 3785 adversus
1259 3736 1462 3786 nostra
1488 3730 1610 3785 illis
1633 3731 2052 3803 ingruentibus

408 3820 697 3886 evenisse,
721 3820 873 3875 209
899 3836 1017 3874 non
1043 3820 1296 3874 vidimus
1334 3818 1535 3888 modo,
1566 3837 1771 3875 verum
1803 3820 2053 3892 legimus

411 3909 590 3964 etiam
622 3908 781 3979 apud
813 3908 1153 3978 scriptores,
1187 3914 1244 3963 et
1272 3924 1306 3962 a
1335 3908 1664 3980 majoribus
1712 3908 2052 3963 didicimus.

408 3999 667 4067 Ideoque
692 4012 905 4066 magno
919 3996 1053 4050 usui
1076 4001 1167 4051 est
1181 3997 1745 4067 impedimentorum
1759 4014 2059 4069 oppugna-

412 4085 682 4157 tio,quod
695 4085 1119 4140 detrimentum
1137 4086 1329 4140 incom
1339 4086 1649 4140 modumve
1667 4087 1911 4141 omnino
1928 4086 2056 4140 uul-

411 4175 556 4240 lum,
589 4174 895 4229 victoriam
917 4178 1116 4229 autem
1146 4173 1515 4245 gloriamque
1547 4176 1816 4245 apprime
1846 4176 2057 4230 afferre

408 4264 775 4335 potest.Nam
794 4263 1089 4319 exercitus
1102 4265 1404 4318 Romanus
1419 4280 1489 4318 ea
1510 4264 2057 4332 invadens,etiamsi

408 4370 535 4409 rem
557 4369 677 4407 non
693 4351 941 4419 obtinet,
977 4357 1037 4407 at
1053 4357 1211 4407 certe
1252 4352 1452 4407 damni
1476 4352 1627 4407 nihil
1658 4358 1749 4408 est
1772 4353 2056 4409 facturus.

409 4442 554 4499 Item
588 4443 659 4509 si,
695 4459 812 4513 quo
841 4441 973 4497 loco
1010 4441 1138 4513 jam
1187 4440 1592 4497 consederunt
1637 4443 1861 4513 hostes,
1897 4459 1965 4497 eo
1996 4458 2058 4497 se

411 4536 942 4605 continent,neque
974 4533 1047 4589 ob
1081 4534 1210 4606 ejus
1238 4533 1679 4589 munimentum
1701 4533 1842 4589 inde
1866 4533 2056 4606 digre-

415 4624 683 4694 diuntur,
735 4624 1220 4696 praadatoresque
1268 4628 1633 4695 exspectant,
1666 4622 2060 4678 nihilominus

415 4714 592 4771 debet
620 4716 734 4771 dux
790 4715 960 4787 signa
988 4714 1207 4769 inferre
1239 4728 1252 4768 :
1306 4729 1381 4769 ne
1412 4717 1729 4768 cunctante
1760 4712 1884 4780 illo,
1919 4711 2061 4766 dum

412 4805 712 4875 peditatus
743 4804 1250 4878 congregatus,vel
1280 4801 1353 4857 ob
1375 4802 1557 4859 aliam
1589 4819 1767 4874 quam
1799 4818 2061 4867 causam,

413 4894 571 4949 inter
592 4895 719 4948 haac
764 4894 960 4949 omnis
1006 4910 1219 4949 manus
1276 4893 1632 4964 prasdatoria
1663 4897 1949 4960 recurrat,
1972 4898 2061 4947 to-

415 4988 660 5053 tumque
714 4982 786 5037 de
845 4983 1293 5054 impugnatione
1350 4982 1668 5039 consilium
1711 4982 1947 5037 irritum
1976 4981 2065 5036 fa-

412 5070 549 5125 ciat.
584 5071 677 5125 Sic
710 5076 907 5126 autem
942 5070 1117 5126 debet
1146 5071 1265 5127 dux
1312 5088 1414 5126 eos
1446 5070 1705 5143 aggredi.
1741 5070 1911 5126 Vicos
1935 5086 2062 5141 pro-

416 5161 674 5231 pinquos
705 5161 915 5215 castris
948 5161 1209 5215 hostium
1234 5159 1609 5231 subjacentes
1635 5176 1742 5231 per
1762 5160 2064 5216 excubito.

417 5265 513 5303 res
543 5247 821 5303 dimissos
850 5247 1152 5318 exploret:
1198 5247 1281 5301 ibi
1337 5248 1565 5319 equites
1620 5247 1883 5304 delectos
1931 5264 2066 5303 cum

417 5337 781 5409 peritissimo
812 5353 880 5393 ac
899 5336 1038 5392 forti
1053 5335 1331 5408 praefecto
1352 5335 1481 5392 loco
1505 5342 1841 5409 opportuno
1866 5336 2068 5393 occul-

2151 3184 2435 3258 τατολμᾷν
2467 3182 2603 3238 κατά
2628 3185 2738 3236 τῶν
2760 3182 3088 3254 Ῥωμαϊκῶν
3148 3175 3373 3254 χωρίων
3422 3176 3517 3240 τὰς
3573 3171 3807 3252 ἐφόδους

2152 3281 2446 3339 ποιεῖσθαι.
2476 3273 2538 3330 Εἰ
2600 3269 2659 3326 δὲ
2719 3272 2795 3343 μὴ
2835 3271 3100 3345 πρότερον
3158 3269 3187 3322 ὁ
3242 3266 3542 3343 στρατηγὸς
3600 3263 3806 3339 ἐπιγνῷ

2151 3366 2253 3434 τήν
2308 3365 2413 3419 ἀπὸ
2468 3366 2566 3418 τοῦ
2624 3358 2911 3431 ἀπλήκτου
2969 3358 3145 3414 αὐτῶν
3196 3356 3247 3411 έν
3313 3353 3482 3432 ἱτέρῳ
3537 3352 3809 3425 ἀπλήκτῳ

2159 3448 2472 3529 μετάϐασιν,
2506 3453 2561 3521 ἣ,
2594 3451 2668 3513 ὡς
2700 3447 2856 3527 ἔφην,
2887 3445 2957 3503 δι’
2987 3445 3337 3521 αὐτομόλων,
3367 3444 3403 3515 ἢ
3453 3442 3543 3499 διὰ
3590 3440 3804 3516 δεσμω-

2153 3558 2285 3609 τῶν·
2319 3550 2468 3613 δπως
2515 3548 2566 3605 έν
2620 3549 2769 3605 νυκτὶ
2829 3546 3157 3611 ἀποστείλας
3212 3544 3593 3620 παρασκευάσῃ
3626 3543 3678 3599 έν
3733 3545 3805 3616 τῇ

2156 3640 2383 3719 παρόδῳ
2415 3640 2589 3695 αὐτῶν
2644 3640 2713 3694 τὰ
2764 3636 3144 3713 ἐγκρύμματα’
3203 3649 3294 3691 καί
3337 3635 3389 3690 έν
3422 3637 3606 3709 ἡμέρᾳ
3657 3630 3807 3688 ὁδοι-

2158 3731 2470 3808 πορούντων
2542 3732 2651 3783 τῶν
2735 3726 3019 3800 πολεμίων
3075 3729 3318 3799 φανερῶς
3399 3721 3808 3797 παρασκευασά-

2164 3806 2323 3891 μενος
2380 3816 2472 3872 τὸν
2531 3815 2649 3870 κατ’
2705 3812 2881 3868 αὐτῶν
2943 3810 3195 3882 διάθηται
3251 3808 3517 3883 πόλεμον·
3553 3808 3604 3864 εἴ
3625 3829 3687 3883 γε
3744 3806 3808 3862 ού

2159 3908 2333 3976 πάντη
2397 3904 2682 3980 ὀλιγοστὸν
2740 3901 2830 3957 καὶ
2920 3900 3283 3977 εὐαρίθμητον
3336 3900 3593 3968 κέκτηται
3645 3899 3813 3972 στρά-

2159 4017 2354 4070 τευμα.
2415 3996 2474 4047 Ὀ
2530 3992 2630 4068 γὰρ
2691 3992 2828 4047 κατὰ
2880 3994 2945 4046 τὸ
3013 3987 3245 4045 τοῢΛδον
3303 3989 3477 4044 αὐτῶν
3537 3986 3812 4058 πόλεμος,

2164 4085 2473 4158 συντόμως,
2501 4080 2765 4138 οὐδέποτε
2820 4079 3127 4136 ἐναντίωσιν
3181 4077 3217 4149 ἢ
3270 4075 3483 4154 βλάϐην
3532 4080 3612 4149 τῷ
3668 4078 3812 4149 ἡμε-

2159 4177 2304 4251 τέρῳ
2344 4176 2556 4247 στρατῷ
2613 4167 2998 4245 προύξένησεν,
3056 4167 3282 4244 ὀλίγους
3340 4164 3469 4243 ἔχον
3531 4167 3816 4241 μαχίμους

2164 4268 2350 4326 ἱππεῖς
2403 4262 2482 4325 εἷς
2542 4258 2790 4340 φυλακὴν
2860 4261 3072 4315 ἑαυτοῦ·
3153 4256 3283 4315 ἀλλ’
3340 4259 3527 4319 ὁσάκις
3578 4254 3637 4311 ἄν
3695 4255 3814 4310 κατ’

2166 4353 2692 4428 αὐτῶν⁴⁴συνήφθη
2751 4348 3021 4422 πόλεμος,
3080 4344 3329 4409 πολλοὺς
3383 4345 3558 4400 αὐτῶν
3616 4345 3645 4398 ὁ
3701 4345 3813 4398 τῶν

2167 4442 2455 4517 Ῥωμαίων
2540 4440 2767 4515 στρατὸς
2819 4437 2909 4493 καὶ
2962 4433 3399 4512 ἠνδραποδίσατο
3455 4433 3543 4489 καὶ
3608 4433 3814 4488 ἀνεῖλε⁶

2167 4529 2469 4589 καὶπολλά
2509 4534 2616 4585 τῶν
2673 4527 2978 4602 ὑποζυγίων
3034 4526 3124 4581 καὶ
3181 4525 3432 4599 ἡμιόνων
3482 4522 3659 4579 αὐτῶν
3717 4542 3816 4576 πε-

2170 4620 2506 4700 φορτισμένα
2535 4615 2884 4674 ἀνελάϐοντο.
2919 4616 2982 4674 El.
3019 4614 3077 4671 δὲ
3131 4615 3221 4671 καὶ
3276 4616 3341 4670 τὸ
3399 4614 3619 4683 πεζικὸν
3651 4609 3817 4700 στρά-

2168 4699 2345 4785 τευμα
2371 4709 2423 4765 ἐν
2451 4711 2636 4785 ἡμέρᾳ
2661 4706 2912 4780 ποΛέμου
2941 4705 3112 4781 τύχῃ,
3140 4704 3205 4761 τὸ
3236 4702 3582 4777 ὡπλισμένον
3616 4699 3817 4771 δηλον-

2172 4801 2255 4857 ότι
2292 4799 2550 4873 καὶπρὸς
2612 4796 2894 4869 πολέμους
2950 4794 3411 4870 γεγυμνασμένον,
3452 4790 3641 4863 κύκλῳ
3699 4791 3817 4844 κατ’

2174 4890 2350 4946 αὐτῶν
2394 4891 2769 4963 στρατηγικῶς
2822 4886 3200 4962 παρασκευάσῃ
3255 4884 3345 4938 τὸν
3400 4878 3673 4954 πόλεμον,
3728 4879 3820 4933 καὶ

2170 4978 2366 5051 τελείῳ
2390 4977 2619 5038 τούτους
2650 4976 2942 5053 ἀφανισμῷ
2971 4970 3221 5047 παραδῷ.
3262 4975 3493 5027 Τοιαῦτα
3540 4972 3646 5045 γάρ
3676 4969 3825 5043 γενέ-

2176 5080 2298 5133 σθαι
2329 5067 2384 5123 ἐν
2416 5072 2496 5139 τῷ
2526 5061 2746 5137 τοόλδῳ
2775 5068 2884 5119 τῶν
2916 5060 3224 5135 πολεμίων,
3257 5059 3405 5116 ἀλλά
3451 5059 3540 5116 καὶ
3572 5060 3697 5133 παρ’
3732 5057 3825 5112 αύ-

2174 5162 2282 5213 τῶν
2317 5156 2368 5211 ἐν
2401 5161 2480 5228 τῷ
2510 5153 2788 5228 ἡμετέρῳ,
2820 5151 2911 5207 καὶ
2933 5150 3288 5224 ἐθεασάμεθα,
3320 5149 3407 5205 καὶ
3440 5148 3490 5204 ἐν
3522 5150 3827 5222 ἱστορικοῖς

2176 5247 2506 5323 ἀνέγνωμεν,
2537 5243 2628 5300 καὶ
2658 5242 2804 5319 παρά
2830 5246 2937 5298 τῶν
2971 5241 3348 5316 ἀρχαιοτέρων
3404 5239 3826 5312 μεμαθήκαμεν.

2181 5336 2280 5391 Διά
2306 5340 2472 5392 ταῦτα
2533 5335 2628 5409 μὲν
2686 5334 2780 5389 οὗν
2833 5329 3116 5411 ὠφέλιμος
3174 5333 3203 5387 ὁ
3257 5330 3395 5386 κατὰ
3440 5333 3535 5385 τοῦ
3589 5323 3832 5383 τούλδου

1623 5491 1686 5544 C.
1711 5488 1774 5543 Β.
1806 5487 1998 5547 HASII
2016 5489 2576 5547 ANNOTATIONES.

495 5623 544 5663 ⁴³
572 5632 655 5703 γε]
682 5621 771 5679 καὶ
804 5621 936 5681 cod.
970 5617 1018 5655 ⁴⁴
1046 5615 1246 5693 αὐτῶν]
1277 5621 1436 5679 Fort.
1467 5614 1621 5671 αὐτό.
