4146 6302
328 386 449 445 957

1658 382 1939 444 VELITA
1951 381 2081 443 T10
2122 381 2450 445 BELLICA

3627 383 3743 444 958

329 514 602 588 πόλεμος,
633 516 722 586 [Ρ.
758 517 884 588 135]
916 515 990 576 ὡς
1028 515 1103 587 μὴ
1138 515 1315 588 φέρων
1365 515 1488 569 τινα
1521 509 1734 589 βλάϐην
1765 513 1801 584 ἥ
1834 512 1987 569 ἐνανο

2096 515 2543 588 tat.Hi,quando
2555 515 3016 571 frumentatores
3033 514 3298 570 hostium
3320 515 3476 570 vicos
3488 515 3742 587 ingressi

327 605 538 673 τίωσιν,
575 602 788 676 μᾶλλον
822 601 880 659 δὲ
926 604 1084 674 νίκην
1150 603 1242 658 καὶ
1299 601 1572 674 εὔκλειαν,
1631 602 1677 658 εἱ
1733 604 1837 677 γὰρ
1895 601 1986 657 καὶ

338 696 417 766 μή
447 695 548 762 τήν
577 698 814 749 νικῶσαν
848 690 978 768 εὕρῃ
1040 693 1116 755 εἷς
1151 693 1242 747 τὸν
1301 695 1418 747 κατ’
1476 692 1604 747 αὐτὸ
1662 690 1907 762 πόλεμον
1959 692 1986 746 ὁ

332 788 437 837 τῶ’
463 781 749 856 Ῥωμαίων
812 782 1058 857 στρατὸς,
1119 781 1246 837 ἀλλ’
1305 782 1394 835 οὖν
1455 778 1716 853 οὐδεμίαν
1777 775 1988 856 βλάϐην

339 872 726 942 ὑποστήσεται.
761 871 822 928 Εἰ
856 869 913 925 δὲ
942 870 994 926 ἐν
1046 871 1091 942 ᾦ
1138 870 1291 943 τόπῳ
1346 871 1612 944 πρότερον
1668 868 1985 939 ηὐλίζοντο,

336 956 611 1030 διέμειναν
644 957 696 1012 ἐν
729 958 902 1030 αὐτῷ,
957 955 1230 1030 μηδαμῶς
1287 961 1397 1012 τῶν
1457 956 1629 1011 ἐκεῖσε
1686 956 1986 1030 ἀπάραντες

333 1042 427 1100 διὰ
453 1046 555 1114 την
580 1049 680 1100 τοῦ
707 1045 882 1100 τόπου
915 1044 1253 1118 ὀχυρότητα,
1284 1046 1347 1099 τὸ
1390 1047 1622 1118 κοῦρσον
1679 1039 1987 1116 ἀπεκδεχό-

337 1157 516 1208 μενοι,
543 1139 634 1190 καὶ
665 1133 925 1199 ὡσαύτως
970 1136 998 1189 ὁ
1052 1134 1357 1210 στρατηγὸς
1409 1135 1526 1190 κατ’
1577 1136 1756 1190 αὐτῶν
1810 1133 1987 1206 ἐπάξει

330 1225 423 1279 τὸν
448 1224 717 1298 πόλεμον*
781 1227 856 1298 μή
915 1245 1049 1280 ποτε.
1105 1219 1543 1297 ἐμϐραδύνοντος
1598 1222 1688 1279 διὰ
1738 1224 1837 1292 τήν
1892 1227 1989 1278 τοῦ

327 1318 558 1384 πεζικοῦ
588 1312 731 1369 ἰδίου
761 1313 898 1370 λαοῦ
948 1313 1332 1388 ἐπισώρευσιν,
1384 1313 1421 1383 ἢ
1480 1312 1572 1368 διὰ
1629 1313 1809 1383 ἄλλην
1867 1312 1990 1367 τινὰ

325 1403 620 1480 πρόφασιν,
675 1401 987 1478 ὑποστρέψῃ
1073 1403 1138 1457 τὸ
1218 1406 1475 1477 κοῦρσον⁹
1527 1403 1616 1457 καὶ
1668 1399 1984 1475 διακωλύσῃ

328 1492 424 1546 τὸν
475 1490 748 1565 πόλεμον.
811 1490 998 1554 Οὕτως
1055 1489 1114 1546 δὲ
1174 1492 1286 1566 χρὴ
1360 1492 1453 1547 τὸν
1515 1493 1815 1568 στρατηγὸν
1871 1491 1988 1545 κατ’

334 1582 513 1636 αὐτῶν
598 1579 867 1645 ἐπελθεῖν.
929 1583 1298 1650 Διασκοπῆσαι
1358 1579 1449 1636 διὰ
1518 1586 1626 1636 τῶν
1710 1578 1987 1636 ἀποστελ-

342 1669 595 1744 λομένων
661 1670 1000 1746 βιγλατόρων
1081 1671 1150 1726 τὰ
1233 1670 1711 1746 συμπαρακείμενα
1787 1669 1988 1746 χωρία,

333 1759 428 1814 καὶ
487 1759 740 1836 σύνεγγυς
827 1755 956 1815 ὄντα
1009 1765 1108 1815 τοῦ
1164 1759 1451 1830 ἀπλήκτου
1511 1764 1618 1814 τῶν
1677 1757 1987 1830 πολεμίων·

332 1849 552 1903 κάκεῖσε
608 1849 923 1923 ἀποκρύψαι
1000 1850 1189 1913 ἱππεῖς
1253 1847 1542 1912 ἐκλεκτοὺς
1583 1849 1638 1904 ἐν
1697 1845 1991 1920 ἐπιτηδείῳ
2021 1879 2067 1944 Β

326 1939 506 2012 τόπῳ,
571 1938 705 2012 μετά
765 1936 1035 2014 ἄρχοντος
1095 1939 1490 2014 ἐμπειροτάτου
1555 1939 1643 1993 καὶ
1714 1935 1988 2012 ἀνδρείου.

328 2029 429 2082 Καὶ
488 2026 605 2082 ἐπεὶ
690 2025 741 2082 ἐν
833 2027 1019 2090 αὐτοῖς
1078 2027 1420 2103 εἰσέρχονται
1505 2027 1712 2105 τροφὰς
1791 2025 1992 2102 διερευ-

321 2120 584 2189 νώμενοι,
643 2117 729 2170 καὶ
821 2115 996 2172 αὐτῶν
1082 2115 1505 2191 ὁρμησάτωσαν.
1589 2117 1844 2189 Ἐτέρους
1931 2113 1991 2170 δὲ

328 2210 518 2267 ἱππεῖς
571 2205 651 2267 εἶς
682 2204 856 2279 λόχον
889 2205 1181 2280 ἀπαρτίσαι
1241 2205 1320 2268 εἷς
1383 2206 1636 2281 βοήθειαν
1692 2206 1787 2259 καὶ
1844 2201 1989 2259 ἐκδί-

329 2316 491 2366 κησιν
547 2298 656 2350 τῶν
744 2292 1052 2369 ἔμπροσθεν
1117 2293 1558 2350 ἀποσταλέντων·
1644 2294 1734 2350 καὶ
1814 2293 1866 2348 εἷ’
1927 2314 1991 2368 γε

330 2385 562 2444 τούτους
651 2383 999 2458 βουληθῶσιν
1095 2382 1378 2457 ἐπιδιῶξαι
1429 2385 1481 2440 οἱ
1542 2388 1651 2439 τῶν
1704 2381 1987 2456 πολεμίων

327 2473 541 2542 ἱππεῖς,
574 2471 919 2544 ἐπιθήσονται
977 2475 1092 2528 κατ’
1125 2473 1325 2546 αὐτῶν,
1382 2473 1472 2529 καὶ
1527 2475 1841 2547 τρέψονται,
1897 2471 1989 2528 καὶ

336 2560 752 2633 καταδιώξουσι·
805 2560 895 2618 διὰ
945 2563 1006 2618 τὸ
1037 2563 1119 2618 ἀεί
1160 2585 1292 2618 ποτε
1323 2562 1648 2639 ὀλιγοστοὺς
1681 2564 1815 2617 εἶναι
1863 2563 1990 2625 τοὺς

339 2653 551 2724 ἱππεῖς,
610 2651 738 2714 τοὺς
789 2651 865 2715 εἷς
921 2650 1171 2730 φυλακὴν
1219 2658 1317 2709 τοῦ
1373 2650 1637 2709 τούλδου.
1668 2658 1790 2708 Τῶν
1820 2651 1991 2706 πολε-

351 2740 488 2814 μίων
549 2739 601 2795 ἐν
659 2748 776 2807 τοῖς
835 2743 1068 2818 χωρίοις
1129 2744 1204 2817 μὴ
1291 2741 1715 2817 εἶ’σερχομένων,
1793 2740 1840 2795 εί
1899 2740 1988 2796 καὶ

337 2830 598 2888 ἀδύνατον
650 2837 816 2889 τοῦτο
872 2832 1159 2907 τυγχάνει,
1217 2829 1510 2907 διορισάτω
1597 2832 1626 2886 ὁ
1685 2832 1985 2904 στρατηγὸς

336 2920 469 2984 τοὺς
549 2918 1058 2995 ἀποστελλομένους
1115 2922 1244 2997 παρ’
1313 2921 1482 2976 αὐτοῦ
1544 2925 1654 2976 τῶν
1712 2920 1984 2997 ἐμπείρων

331 3006 545 3083 ἀνδρῶν
582 3008 912 3085 βιγλάτορας
955 3009 1047 3064 καὶ
1107 3006 1633 3074 διασκοπησάτωσαν
1687 3010 1752 3077 ⁸⁵,
1831 3007 1882 3062 ἐν
1939 3008 1986 3079 ᾦ

333 3098 484 3173 μέρει
513 3103 611 3154 τοῦ
639 3097 925 3170 ἀπλήκτου
956 3098 1135 3154 αὐτῶν
1165 3099 1264 3161 τὰς
1297 3097 1591 3172 καμήλους
1637 3099 1692 3153 οἱ
1719 3096 1986 3172 πολέμιοι

330 3187 408 3248 εἰς
462 3189 640 3261 νομὴν
697 3187 966 3262 ἐξάγουσι.
1027 3189 1130 3244 Καὶ
1193 3185 1584 3264 διαχωρισάτω
1615 3189 1725 3243 εἳτε
1780 3208 1982 3260 τουρμ·

328 3279 528 3351 ἀρχην,
621 3275 729 3332 εἴτε
807 3277 1201 3352 τοποτηρητήν
1288 3278 1591 3352 χρήσιμον,
1701 3278 1818 3350 μεθ’
1898 3278 1986 3331 ἰπ-

331 3370 479 3418 πέων
513 3361 802 3441 ἀνδρείωνο
835 3364 928 3420 καὶ
954 3365 1383 3436 σκοπησάτωσάν
1438 3365 1632 3442 ῥύακα,
1660 3366 1705 3420 εί
1764 3365 1990 3440 εὕρηται

337 3451 390 3505 ἐν
471 3457 552 3524 τῷ
629 3452 786 3526 τόπῳ
858 3450 1186 3523 ἐπιτήδειος
1269 3452 1360 3508 καὶ
1445 3455 1863 3530 παρασυρθῶσιν
1938 3453 1989 3507 ἐν

339 3542 490 3615 αὐτῷ
543 3543 939 3618 κεκρυμμένοι,
981 3541 1083 3606 ἕως
1138 3543 1201 3598 οὗ
1269 3541 1508 3614 πλησίον
1565 3542 1847 3619 γένωνται*
1901 3543 1990 3598 καὶ

342 3635 468 3692 τότε
526 3637 770 3711 φανερῶς
852 3633 990 3688 κατὰ
1042 3635 1150 3687 τῶν
1227 3631 1497 3703 καμήλων
1580 3631 1680 3700 τὴν
1756 3630 1990 3686 ἐπίθεσιν

347 3727 711 3796 ποιήσωνται.
741 3722 835 3786 Et;
868 3720 964 3778 δύο
1016 3719 1074 3776 δὲ
1128 3721 1219 3778 τὸν
1275 3718 1408 3775 λαὸν
1468 3721 1521 3776 οἱ
1599 3719 1994 3782 ἀποσταλέντες

345 3811 837 3890 διαμερισάτωσαν·
889 3813 980 3867 καὶ
1064 3812 1115 3866 οἱ
1203 3811 1300 3884 μὲν
1384 3809 1606 3883 ἡμίσεις
1677 3809 1774 3872 τὰς
1828 3829 1992 3883 νεμοο

348 3907 509 3979 μένας
588 3901 880 3976 καμήλους
936 3901 1028 3957 καὶ
1096 3899 1226 3963 τοὺς
1321 3897 1477 3962 ὅνους
1535 3895 1994 3972 ἀναλαμϐανέτω-

343 4016 462 4066 σαν,
496 3995 548 4048 οἱ
581 3991 639 4048 δὲ
668 3989 834 4049 ἄλλοι
891 3991 968 4054 είς
1001 3991 1251 4065 φυλακὴν
1283 3991 1373 4045 καὶ
1423 3987 1698 4060 ἐκδίκησιν
1729 3990 1819 4045 καὶ
1863 3991 1996 4066 βοή-

351 4096 498 4148 θειαν
523 4083 698 4138 αὐτῶν
733 4076 990 4136 ἔστωσαν.
1023 4080 1127 4137 Καὶ
1187 4079 1232 4134 εἰ
1279 4079 1424 4155 τύχῃ
1478 4079 1720 4156 φοῦλκον
1770 4077 1870 4152 ἔξω
1894 4083 1994 4134 τοῦ

342 4174 632 4250 φωσσάτου
661 4175 771 4226 τῶν
813 4167 1102 4242 πολεμίων
1133 4167 1438 4242 ἱστάμενον,
1466 4167 1558 4224 καὶ
1599 4167 1804 4242 ἐπέλθῃ
1857 4167 1996 4222 κατᾶ

341 4268 450 4318 τῶν
499 4262 575 4324 εἰς
633 4261 730 4324 τὰς
784 4258 1075 4333 καμήλους
1129 4256 1488 4332 ἐπιθεμένων,
1545 4257 1580 4327 ἥ
1639 4257 1730 4314 καὶ
1789 4258 1848 4312 ἐκ
1895 4262 1994 4313 τοῦ

343 4350 628 4431 φωσσάτου
664 4350 955 4424 ἐξέλθωσιν
1009 4349 1196 4410 ἱππεῖς
1244 4345 1698 4421 καταδιώκοντες,
1752 4349 1810 4402 οἱ
1866 4342 1992 4402 ὄπι·

342 4455 462 4507 σθεν
524 4439 676 4504 ὅντες
747 4441 976 4503 τούτους
1035 4441 1522 4514 καταγωνίσονται.
1572 4441 1884 4515 Παραυτίκα
1938 4437 1996 4494 δὲ

339 4531 431 4587 καὶ
463 4531 491 4586 ὀ
524 4535 850 4606 στρατηγὸς,
882 4529 944 4584 οὗ
974 4527 1164 4605 πόρῥω
1195 4526 1293 4597 ὢν,
1353 4526 1500 4584 ἀλλά
1537 4528 1798 4599 πλησίον,
1829 4527 1882 4584 ἐν
1911 4532 1994 4600 τῷ

2095 605 2547 676 sunt,impetum
2562 607 2624 660 in
2643 605 2778 660 illos
2794 603 3156 660 faciant.Alii
3173 603 3474 674 equitesin
3492 603 3741 658 latibulo

2095 694 2328 765 disponi
2352 694 2771 765 debent,opem
2792 693 3201 763 auxiliumque
3222 692 3400 747 laturi
3414 693 3740 763 prwmissis

2095 783 2218 838 illis
2246 801 2258 838 :
2282 801 2429 854 quos
2455 785 2502 839 si
2525 785 2805 840 insectari
2851 784 3052 838 hostes
3094 783 3318 850 volunt,
3345 783 3456 854 ipsi
3491 783 3647 837 ultro
3680 783 3742 836 in

2096 873 2233 928 illos
2266 891 2328 928 se
2359 873 2864 944 inferent,eosque
2894 873 3057 928 fusos
3088 878 3525 944 persequentur
3549 915 3562 939 ,
3585 871 3746 943 quod

2096 965 2414 1036 perexiguo
2449 980 2686 1035 semper
2716 979 2966 1018 numero
3022 969 3162 1017 sunt
3209 963 3463 1033 equites,
3505 961 3605 1033 qui
3670 961 3744 1016 ad

2097 1051 2666 1124 impedimentorum
2697 1051 3029 1108 custodiam
3070 1052 3514 1123 relinquuntur.
3550 1051 3746 1106 Hosti-

2096 1140 2206 1195 bus
2237 1141 2483 1196 omnino
2501 1143 2563 1196 in
2594 1143 2754 1196 vicos
2782 1157 2904 1196 non
2925 1140 3665 1213 ingredientibus,tametsi
3691 1138 3751 1192 id

2097 1229 2340 1299 quidem
2371 1231 2503 1285 fieri
2532 1247 2656 1285 non
2669 1229 3276 1302 potest,imperetdux
3307 1228 3750 1284 excubitoribus

2099 1319 2256 1375 210
2285 1319 2493 1390 peritis
2523 1320 2663 1374 viris
2696 1337 2731 1374 a
2761 1336 2822 1375 se
2881 1321 3138 1385 emissis,
3170 1325 3236 1374 ut
3280 1319 3608 1390 explorent,
3633 1333 3752 1388 qua

2096 1413 2265 1479 parte
2300 1414 2631 1463 castrorum
2663 1409 2984 1464 adversarii
3046 1409 3307 1464 camelos
3354 1413 3590 1480 pastum
3641 1408 3749 1462 du-

2099 1503 2254 1552 cant.
2291 1499 2437 1552 Tum
2469 1498 2740 1570 designet
2769 1499 2861 1553 vel
2893 1499 3319 1566 turmarcham,
3351 1498 3443 1552 vel
3464 1498 3750 1553 vicarium

2097 1585 2488 1651 bonum,cum
2513 1587 2815 1658 equitibus
2841 1588 3100 1643 strenuis
3124 1604 3136 1642 :
3162 1589 3323 1658 iique
3345 1588 3536 1642 rivum
3559 1587 3746 1654 nacti,

2098 1673 2146 1728 si
2178 1674 2309 1729 loco
2340 1675 2446 1730 illo
2477 1675 2729 1731 idoneus
2754 1675 2975 1742 subest,
3013 1677 3075 1731 in
3106 1693 3172 1731 eo
3205 1675 3539 1731 absconditi
3577 1675 3746 1730 adre-

2097 1768 2261 1834 pant,
2287 1764 2478 1819 donec
2523 1765 2768 1836 propius
2798 1765 3197 1820 accesserint:
3233 1770 3358 1821 tum
3390 1770 3746 1837 apparentes

2099 1851 2388 1923 impetum
2419 1853 2481 1907 in
2497 1853 2758 1908 camelos
2787 1853 3436 1908 faciant.Debetautem
3461 1853 3746 1907 emissum

2100 1957 2310 2012 agmen
2341 1941 2616 1996 bifariam
2647 1941 2901 1997 divisum
2931 1959 3095 1997 esse:
3122 1947 3190 1997 ut
3219 1943 3467 1998 dimidia
3488 1959 3624 2013 pars
3647 1957 3746 1995 ca-

2100 2031 2289 2086 melos
2303 2031 2624 2102 asinosque
2650 2036 2960 2104 pascentes
2981 2031 3196 2103 abigat,
3219 2032 3407 2087 altera
3436 2031 3509 2086 ad
3531 2029 3747 2102 prioris

2099 2120 2431 2175 custodiam
2463 2137 2532 2175 ac
2563 2120 2972 2176 defensionem
3025 2138 3199 2193 opem
3255 2121 3394 2175 huic
3443 2119 3637 2175 latura
3683 2119 3744 2172 in

2099 2210 2356 2264 statione
2389 2210 2659 2275 sit.Quod
2693 2211 2740 2265 si
2770 2210 2978 2282 globus
3008 2211 3270 2266 hostium
3291 2228 3397 2282 pro
3421 2210 3630 2264 castris
3653 2224 3748 2262 ex-

2099 2298 2303 2354 cubias
2334 2316 2514 2372 agens
2535 2299 2598 2354 in
2628 2300 2934 2355 abactores
2964 2300 3327 2355 camelorum
3350 2299 3622 2361 incurrit,
3653 2296 3745 2350 vel

2099 2403 2129 2440 e
2157 2388 2366 2442 castris
2387 2389 2619 2458 equites
2648 2388 2965 2460 provolant
2993 2393 3349 2459 nostrosque
3373 2402 3748 2459 persequun-

2097 2479 2324 2548 tur,qui
2359 2478 2419 2532 in
2451 2478 2733 2534 subsidiis
2760 2483 2920 2533 stant
2940 2477 3076 2533 illos
3090 2475 3750 2550 expugnabunt.Simul-

2098 2583 2213 2636 que
2240 2567 2489 2638 dux,qui
2523 2585 2646 2623 non
2677 2568 2887 2639 procul
2909 2567 3048 2622 inde
3078 2567 3142 2622 in
3171 2567 3419 2622 latibulo
3453 2565 3748 2622 subsidia-

2095 2660 2428 2722 tur,contra
2459 2656 2602 2711 illos
2633 2656 2921 2728 prodeat:
2955 2662 3014 2710 et
3041 2655 3291 2728 perinde
3322 2661 3388 2710 ut
3417 2653 3572 2709 videt
3601 2671 3748 2725 prae-

2094 2743 2243 2799 lium
2274 2745 2516 2812 ﬁeri,ita
2543 2761 2671 2800 rem
2702 2745 3173 2814 administret,ut
3201 2746 3292 2799 vel
3313 2747 3498 2800 effuse
3527 2745 3592 2798 in
3616 2744 3752 2798 hos-

2094 2837 2184 2888 tes
2213 2840 2369 2899 ruat,
2399 2833 2511 2901 vel,
2545 2833 2593 2888 si
2625 2835 2918 2905 prmmissi
2949 2834 3022 2889 de
3051 2851 3236 2890 manu
3267 2851 3374 2889 sua
3406 2834 3744 2904 superiores

2092 2924 2338 2992 fuerint,
2370 2923 2641 2980 ordinate
2672 2926 3056 2996 confertaque
3083 2926 3210 2981 acie
3235 2925 3309 2980 ad
3343 2923 3741 2997 oppugnanda

2092 3021 2288 3070 castra
2317 3015 2614 3070 succedat.
2645 3016 2732 3070 Ita
2763 3015 3068 3087 productis
3124 3016 3416 3071 universis
3467 3015 3736 3084 equitum

2091 3105 2469 3176 militumque
2495 3105 2704 3176 copiis,
2738 3110 3048 3176 perspecto
3104 3105 3364 3178 regionis
3425 3105 3564 3171 situ,
3607 3104 3739 3158 loca

2091 3201 2254 3250 certa
2282 3195 2496 3265 cuique
2526 3194 2814 3250 attribuat
2871 3195 3142 3266 equitum
3191 3194 3575 3266 peditumque
3621 3210 3736 3247 nu-

2098 3285 2913 3356 mero,oppugnationemque
2926 3300 3146 3340 corona
3157 3283 3596 3351 circumdata,si
3612 3282 3741 3337 ﬁeri

2096 3373 2676 3445 potest,instituat.Si
2706 3373 2931 3428 ﬂumen
2962 3373 3185 3441 subest,
3211 3378 3314 3428 aut
3341 3373 3520 3442 rivus,
3552 3377 3619 3426 ut
3645 3387 3741 3425 su-

2096 3463 2300 3534 perius
2329 3462 2606 3531 diximus,
2631 3463 2734 3533 qui
2769 3463 2945 3518 fossa
3001 3462 3193 3518 instar
3239 3462 3510 3517 hostibus
3541 3460 3739 3516 muni-

2097 3559 2300 3608 menta
2326 3553 2589 3624 praabeat
2608 3553 2657 3607 si
2688 3559 2991 3624 utcunque
3024 3552 3286 3608 admittit
3314 3552 3656 3620 transitum,
3673 3567 3742 3606 ea

2097 3658 2337 3713 quoque
2369 3647 2630 3696 armatos
2659 3642 2924 3698 inducat.
2957 3645 3134 3696 Curet
3162 3642 3327 3707 item,
3359 3647 3426 3696 ut
3482 3639 3741 3696 tentoria

2099 3731 2392 3786 exercitus
2413 3730 2781 3784 collocentur
2801 3730 2874 3785 ad
2893 3729 3341 3799 declarandum,
3375 3730 3468 3786 2|
3488 3732 3523 3784 ι
3551 3734 3745 3784 castra

2099 3837 2161 3876 se
2193 3819 2275 3874 ibi
2297 3835 2519 3890 ponere
2550 3818 2847 3889 velle,quo
2861 3824 3082 3873 terreat
3103 3819 3501 3875 adversarios:
3526 3817 3742 3888 quibus

2098 3909 2275 3964 rebus
2306 3906 2893 3974 constitutis,inferat
2919 3907 3191 3979 signa.Ac
3221 3907 3270 3962 si
3302 3912 3482 3973 recte,
3503 3905 3743 3961 ordina-

2099 3999 2227 4064 tim,
2261 4003 2500 4052 strenue
2541 3997 3046 4068 oppugnationem
3084 3996 3481 4063 administrat,
3511 3995 3742 4068 magni-

2099 4087 2209 4142 ﬁce
2240 4085 2627 4150 vincet.Quod
2657 4085 2705 4139 si
2736 4086 2925 4156 primo
2949 4085 3044 4140 die
3073 4085 3324 4140 fundere
3351 4085 3489 4140 illos
3509 4084 3742 4154 nequit,

2098 4174 2258 4246 quod
2289 4179 2348 4229 et
2376 4173 2668 4229 industrie
2698 4174 3006 4240 resistunt,
3041 4179 3099 4228 et
3125 4174 3390 4245 peditatu
3421 4173 3640 4240 valent,
3673 4173 3745 4226 si-

2098 4265 2224 4321 mul
2237 4263 2395 4335 quod
2408 4263 2675 4319 locorum
2690 4264 2807 4319 situ
2830 4263 2924 4336 adj
2934 4269 3413 4330 uvantur,tamen
3432 4262 3742 4320 considere

2091 4354 2267 4425 juxta
2297 4356 2554 4424 Oportet,
2587 4353 2966 4424 majoresque
2988 4353 3292 4424 pedestres
3323 4353 3524 4424 copias
3541 4368 3743 4408 accer-

2099 4444 2442 4499 sere.Noctu
2469 4459 2626 4498 cura)
2659 4441 2770 4496 sibi
2787 4442 2956 4510 sit,ut
2968 4459 3103 4498 cum
3129 4442 3272 4498 levis
3294 4448 3594 4497 armatura
3613 4447 3739 4495 tum

2097 4529 2431 4585 tunditores
2463 4529 2581 4585 tela
2611 4529 2672 4583 in
2705 4529 2908 4585 hostes
2937 4530 3262 4601 conjiciant
3285 4529 3457 4583 :item
3488 4532 3553 4582 ut
3572 4527 3739 4598 ignes

338 4601 708 4698 ἐγκρύμματι,
743 4601 871 4676 ,κατ’
939 4601 1113 4674 αὐτῶν
1182 4617 1459 4692 ἐξελθέτω·
1509 4618 1598 4674 καὶ
1655 4621 1835 4684 καθὼς
1893 4620 1988 4694 ὁρᾷ

2101 4620 2529 4693 quamplurimi
2562 4620 2625 4674 in
2656 4619 2796 4675 orbe
2827 4621 2985 4676 circa
3030 4620 3168 4675 illos
3198 4620 3380 4674 ﬂant:
3415 4618 3738 4688 leviterque

337 4709 671 4790 συναφθέντα
698 4709 790 4765 τὸν
844 4709 1118 4782 πόλεμον,
1180 4711 1260 4781 [Ρ.
1303 4710 1430 4782 136]
1471 4706 1616 4763 οὕτω
1668 4707 1755 4763 καὶ
1814 4705 1985 4763 διατι-

339 4800 500 4868 θέτω,
532 4802 568 4870 ἣ
602 4796 854 4874 σφοδρῶς
881 4797 1018 4852 κατά
1044 4801 1154 4852 τῶν
1207 4796 1496 4870 πολεμίων
1527 4793 1756 4872 ἐπέλθῃ,
1803 4799 1838 4866 ἢ
1880 4801 1986 4852 τῶν

336 4889 756 4945 ἀποσταλέντων
852 4890 951 4941 τοῦ
1036 4885 1174 4942 λαοῦ
1275 4886 1440 4941 αὐτοῦ
1526 4885 1983 4961 ἐπικρατεστέρων

337 4975 609 5049 ὅντων,ἐν
640 4978 785 5048 τάξει
823 4976 914 5030 καὶ
975 4977 1052 5048 μὴ
1085 4972 1549 5048 διεσκεδασμένως
1603 4976 1705 5044 τὴν
1763 4973 1986 5030 έπέλευ-

338 5090 423 5124 σιν
449 5069 587 5124 κατά
622 5070 721 5122 τοῦ
751 5064 1040 5136 ἀπλήκτου
1095 5067 1418 5135 ποιήσηται.
1481 5063 1580 5118 Καὶ
1640 5064 1850 5118 ἅπαντα
1893 5070 1986 5120 τὸν

337 5156 472 5213 λαὸν
504 5156 692 5225 αὐτοῦ,
716 5157 903 5218 ἱππεῖς
929 5175 989 5209 τε
1013 5153 1102 5208 καὶ
1160 5155 1358 5223 πεζοὺς
1417 5153 1665 5229 ἀγαγὼν,
1719 5152 1835 5208 ἐπεὶ
1884 5155 1986 5224 τήν

330 5251 429 5302 τοῦ
456 5246 629 5302 τόπου
657 5247 801 5300 θέσιν
860 5243 1219 5315 ἐξεπίσταται,
1281 5240 1578 5316 διαμερίσῃ
1635 5243 1704 5298 τά
1757 5243 1991 5298 κατατύ-

331 5357 453 5404 πια,
479 5340 600 5398 ταῖς
630 5333 810 5405 τάξεσι
864 5335 1060 5395 πάσαις
1104 5336 1214 5387 τῶν
1266 5351 1326 5387 τε
1373 5330 1582 5387 ἱππέων
1649 5332 1740 5386 καὶ
1791 5337 1987 5404 πεζῶν,

331 5424 420 5482 καὶ
468 5425 561 5481 τὸν
593 5425 712 5479 κατ’
772 5422 951 5478 αὐτῶν
1011 5419 1264 5493 διάθηται
1324 5422 1596 5496 πόλεμον,
1654 5420 1702 5476 εί
1761 5420 1871 5476 οἶόν
1931 5443 1991 5477 τε

2093 4717 2356 4769 armatos
2366 4712 2440 4767 ad
2452 4713 2586 4766 forti
2596 4711 2860 4766 tudinem
2874 4716 3050 4782 atque
3064 4710 3366 4766 audaciam
3376 4710 3619 4765 exhorte
3627 4714 3740 4777 tur,

2098 4807 2165 4856 ut
2183 4801 2390 4872 prwlio
2412 4800 2689 4856 manibus
2706 4805 2978 4854 conserto
3011 4800 3074 4855 in
3111 4799 3434 4855 discrimen
3482 4815 3543 4854 se
3595 4799 3740 4853 oﬁ’e-

2095 4894 2252 4956 rant,
2285 4888 2474 4943 donec
2500 4888 2564 4942 in
2586 4893 2780 4943 castra
2815 4888 3077 4943 hostium
3098 4889 3496 4959 perruperint,
3531 4903 3737 4958 equos,

2095 4977 2316 5046 mulos,
2343 4977 2624 5033 facultate
2663 4981 2844 5032 noctu
2877 4977 3124 5048 prasdati
3160 4978 3300 5047 sint,
3331 4977 3740 5033 vulneratione

2096 5082 2311 5139 magna
2331 5083 2400 5122 ac
2431 5065 2591 5121 caede
2622 5066 2883 5122 hostium
2913 5066 3085 5122 facta.
3118 5072 3194 5124 Et
3219 5069 3485 5133 omnino,
3519 5068 3564 5122 si
3600 5067 3742 5139 quid

2099 5155 2532 5228 ejusmodi,ope
2553 5155 2755 5222 Dei,ex
2787 5171 2908 5211 una
2923 5162 3090 5228 parte
3121 5156 3356 5226 accidit,
3379 5158 3744 5228 conspicitur

2098 5250 2297 5300 autem
2329 5244 2424 5298 vel
2444 5244 2801 5317 intelligitur
2829 5262 2864 5300 a
2886 5245 3137 5317 reliquis
3168 5247 3434 5314 aciebus,
3482 5247 3574 5302 hie
3595 5263 3744 5316 quo-

2100 5352 2215 5407 que
2271 5336 2482 5390 mortis
2535 5335 2977 5407 contemptione
3035 5337 3108 5393 ad
3165 5338 3394 5410 praedas
3440 5338 3742 5393 faciendas

2098 5429 2411 5496 ruent,spe
2441 5423 2594 5479 lucri
2614 5424 2896 5496 incensae,
2929 5427 3249 5499 hostesque
3279 5425 3744 5502 gratianuminis

1543 5579 1603 5635 ϐ.
1625 5579 1691 5634 Β.
1712 5579 1903 5636 HASII
1929 5579 2492 5637 ANNOTATIONES.

405 5706 454 5743 “
483 5702 1026 5777 διασκοπησάτωσαν]
1060 5699 1596 5779 διασκορπισάτωσαν
1620 5702 1752 5761 cod.
