4152 6312
406 388 524 447 959

1738 376 2166 439 NICEPHORI
2211 376 2497 436 PHOCxE

3705 383 3827 443 960

408 536 586 593 parvo
643 516 880 590 negotio
965 516 1404 587 expugnabunt.
1464 512 1629 579 Quod
1698 511 1746 566 si
1804 511 2054 566 fortasse

2180 504 2311 575 ἐστὶ,
2379 505 2588 580 κύκλῳ.
2644 506 2715 565 Εἴ
2770 504 2827 563 δὲ
2892 511 3140 584 ποταμός
3199 510 3365 583 ἐστιν,
3413 509 3449 580 ἥ
3512 508 3663 585 ρύαξ,
3747 515 3825 576 ὡς

410 614 654 682 propter
685 612 879 663 errata
934 605 1208 677 quaedam
1256 604 1654 673 adversosque
1712 617 1885 657 casus
1940 616 2062 655 non

410 698 679 754 funditus
698 696 834 751 illos
856 693 1146 766 disperdit
1167 693 1305 761 dux,
1339 698 1400 747 at
1447 697 1605 747 certe
1628 690 1823 745 mulos
1853 705 2063 744 eorum

414 805 549 843 cum
581 786 841 857 captivos
873 783 1049 838 faciet
1081 788 1205 836 tum
1253 779 1711 848 contrucidabit,
1744 778 2061 850 praedaque

414 878 674 950 plurima
704 875 925 930 milites
956 872 1278 945 potientur.
1337 872 1485 926 Dum
1544 870 1671 925 hinc
1731 868 1849 924 dux
1907 868 2066 923 circa

410 966 913 1039 oppugnationem
969 968 1300 1017 castrorum
1368 961 1770 1025 administrat,
1831 962 2066 1030 oportet

412 1056 755 1127 praafectum
769 1071 839 1109 ex
860 1052 1183 1124 proborum
1202 1052 1648 1124 peritorumque
1662 1064 1911 1103 numero
1930 1062 2065 1103 cum

411 1144 711 1216 equitibus
764 1143 1161 1215 quadraginta
1215 1141 1451 1213 longius
1507 1139 1720 1206 emitti,
1764 1138 1866 1209 qui
1909 1137 2063 1192 viam

413 1235 705 1302 obsideat,
742 1250 859 1305 qua
914 1231 1271 1304 przedatoria
1326 1231 1587 1286 hostium
1647 1228 1800 1284 212
1849 1242 2064 1282 manus

413 1323 681 1378 reditura
710 1327 818 1377 est.
855 1322 1041 1386 Quam
1076 1321 1124 1375 si
1161 1336 1366 1375 versus
1417 1319 1659 1373 illorum
1716 1321 1909 1371 castra
1965 1332 2061 1370 re-

415 1418 739 1478 meantem,
772 1410 1412 1483 praegredientemque,
1446 1414 1511 1463 ut
1539 1424 1669 1462 mos
1698 1411 1789 1462 est
1815 1408 2063 1460 Tarsen-

413 1502 588 1568 sium,
616 1506 910 1557 catervam
942 1516 1121 1570 quam
1150 1498 1430 1553 veredum
1461 1500 1693 1561 vocant,
1724 1494 1968 1566 propius
2002 1510 2063 1548 se

414 1591 741 1646 accessisse
784 1589 1183 1661 conspicatur,
1244 1593 1311 1641 ut
1362 1586 1689 1641 exercitum
1747 1583 2063 1639 certiorem

414 1681 594 1736 faciat
626 1680 946 1736 adventare
1013 1677 1414 1750 praedatores:
1448 1675 1507 1729 id
1531 1673 1808 1746 evestigio
1852 1672 2061 1744 praefe-

418 1776 548 1826 ctus
576 1770 915 1825 excubitum
942 1768 1161 1824 missus
1192 1766 1326 1821 duci
1349 1763 1793 1819 renunciet.Hic
1816 1762 1864 1816 si
1883 1761 2064 1828 videt,

2171 594 2427 665 ἀνωτέρω
2463 596 2780 671 εἰρήκαμεν,
2837 599 2952 654 ἀντὶ
3006 604 3252 675 χάρακος
3332 599 3460 662 τοὺς
3520 599 3826 674 πολεμίους

2174 684 2483 761 φυλάττων,
2543 685 2591 741 εἷ
2648 688 2742 761 μὲν
2804 690 3055 744 ὁπωσοῦν
3114 692 3283 765 πόρον
3354 687 3594 759 δέχεται,
3652 693 3830 746 κάκεῖ·

2172 776 2256 829 θεν
2316 775 2449 830 λαὸν
2507 774 2796 852 ἐπιστήσῃ.
2883 781 3273 853 Παρασκευάσῃ
3339 776 3397 834 δὲ
3450 781 3541 835 καὶ
3621 782 3825 850 σκηνὰς

2174 865 2353 920 αὐτῶν
2384 865 2575 935 πῆξαι,
2607 867 2743 941 πρὸς
2801 867 2866 922 τὸ
2923 866 3277 941 ἐνδείξασθαι,
3343 867 3619 941 μέλλοντα
3666 869 3828 924 αὐτὸν

2172 952 2515 1024 ἀπληκεῦσαι
2546 953 2739 1023 ἐκεῖσε,
2773 955 2851 1017 εἰς
2909 956 3196 1032 έκθρόησιν
3248 958 3452 1013 αὐτῶν·
3504 958 3596 1012 καὶ
3652 958 3827 1020 οὕτως

2172 1045 2448 1099 ποιεῖσθαι
2478 1043 2571 1099 τὸν
2598 1044 2867 1119 πόλεμον.
2902 1047 3010 1102 Καὶ
3069 1046 3112 1101 εἷ
3172 1047 3357 1111 καλῶς
3405 1048 3492 1102 καὶ
3555 1047 3828 1112 εὐτάκτως

2172 1133 2263 1189 καὶ
2286 1131 2546 1209 ἀνδρείως
2568 1131 2823 1206 διάθηται
2851 1138 2919 1191 τὰ
2950 1136 3074 1212 περὶ
3125 1141 3227 1191 τοῦ
3258 1135 3532 1211 πολέμου,
3569 1137 3830 1213 μεγάλως

2174 1220 2599 1295 εύοδωθήσεται.
2631 1225 2696 1282 Εἰ
2724 1224 2782 1280 δέ
2810 1248 2873 1301 γε
2903 1230 2971 1301 τῇ
3002 1228 3196 1303 πρώτῃ
3229 1226 3412 1303 ἡμέρᾳ
3444 1227 3506 1283 οὐ
3538 1225 3827 1299 δυνήσεται

2171 1313 2398 1377 τούτους
2477 1316 3021 1387 κατατροπώσασθαι,
3102 1317 3344 1393 ἰσχυρῶς
3424 1317 3601 1373 αὐτῶν
3697 1318 3829 1372 ἀνθ-

2177 1402 2499 1477 ισταμένων,
2537 1404 2628 1459 καὶ
2686 1407 2913 1476 πεζικὴν
2965 1407 3205 1482 ἑχόντων
3268 1405 3515 1480 δύναμιν,
3574 1407 3663 1462 καὶ
3720 1407 3830 1462 ἀπὸ

2172 1500 2275 1562 τῆς
2302 1496 2401 1547 τοῦ
2430 1493 2600 1548 τόπου
2632 1493 2827 1556 θέσεως
2861 1495 3272 1570 βοηθουμένων,
3332 1493 3455 1551 δέον
3511 1496 3601 1552 καὶ
3654 1516 3830 1571 παρα-

2178 1588 2358 1655 μεῖναι
2399 1584 2607 1655 αὐτοῖς,
2667 1584 2757 1638 καὶ
2817 1583 3010 1639 πλεῖον
3056 1586 3276 1655 πεζικὸν
3331 1584 3829 1660 προσκαλέσασθαι.

2176 1673 2287 1729 Καὶ
2322 1672 2373 1728 έν
2405 1677 2473 1747 τῇ
2504 1674 2654 1729 νυκτὶ
2712 1672 2842 1737 τοὺς
2900 1672 3100 1749 ψιλοὺς
3157 1676 3276 1730 κατ’
3314 1675 3489 1730 αὐτῶν
3539 1673 3628 1730 καὶ
3697 1674 3827 1737 τοὺς

2176 1760 2543 1841 σφενδονήτας
2597 1760 2823 1839 βάλλειν
2880 1765 3282 1839 παρασκευάσῃ·
3330 1765 3417 1819 καὶ
3478 1765 3623 1841 πυρά
3665 1763 3826 1819 πλεῖ-

420 1860 697 1916 veredum
730 1860 905 1932 longe
927 1863 1061 1913 ante
1093 1873 1304 1928 agmen
1320 1854 1719 1927 praedatorum
1751 1850 2061 1924 praegredi,

2180 1873 2272 1906 στα
2347 1850 2597 1907 ἀνάπτειν
2656 1851 2885 1928 γύροθεν
2971 1854 3165 1909 αὐτῶν·
3251 1852 3342 1908 καί
3409 1851 3671 1931 ἀνδρείως
3731 1852 3824 1909 καὶ

418 1950 767 2021 praefectum
798 1948 1050 2021 probum
1082 1947 1281 2001 mittat
1311 1961 1445 2000 cum
1479 1943 1779 2015 equitibus
1798 1941 2069 2007 delectis,

418 2040 542 2109 qui,
579 2038 627 2093 si
670 2039 797 2093 fieri
830 2042 1044 2109 potest,
1107 2052 1218 2091 nec
1275 2035 1516 2106 opinato
1576 2033 1868 2104 impetum
1918 2031 1980 2086 in
2012 2029 2074 2084 id

416 2129 615 2197 faciat,
639 2129 1017 2200 potieturque
1068 2127 1199 2199 ejus
1230 2125 1398 2180 nullo
1448 2123 1705 2197 negotio.
1742 2123 1797 2178 Si
1830 2121 2073 2193 propius

420 2218 773 2288 minoreque
785 2216 1093 2272 intervallo
1108 2216 1328 2288 agmini
1341 2214 1741 2286 praedatorum
1754 2211 2072 2278 antecedit,

423 2308 727 2363 neminem
741 2307 975 2362 emittat
994 2311 1202 2361 contra
1222 2304 1503 2360 veredum
1529 2320 1542 2356 :
1565 2318 1770 2357 verum
1787 2317 1858 2356 ea
1878 2300 2073 2372 potius

423 2397 568 2452 satis
586 2396 823 2465 habeat,
856 2414 988 2468 qum
1007 2397 1161 2451 Deus
1182 2394 1272 2448 illi
1295 2394 1357 2449 in
1375 2392 1818 2465 oppugnatione
1846 2395 2075 2446 castro-

424 2502 558 2540 rum
580 2485 835 2540 contulit
859 2502 872 2539 :
896 2502 1033 2541 cum
1054 2484 1334 2539 omnibus
1356 2482 1543 2554 copiis
1564 2482 1750 2555 signis
1771 2479 2073 2536 conversis

424 2575 554 2631 loca
581 2581 915 2647 opportuna
961 2580 1021 2631 et
1066 2574 1392 2630 munitiora
1429 2572 1646 2643 capiat.
1709 2570 1932 2627 Deinde
1973 2569 2074 2625 ubi

429 2665 720 2720 exercitus
752 2666 1014 2721 hostium
1030 2682 1098 2720 eo
1117 2663 1369 2719 consilio
1392 2662 1522 2718 loca
1539 2663 1747 2733 iniqua
1776 2661 2073 2728 transivit,

423 2754 836 2819 ut,adventum
858 2754 1258 2827 praedatorum
1280 2750 1652 2824 praestolans,
1687 2768 1819 2821 qum
1850 2750 1921 2805 ab
1953 2750 2074 2805 illis

422 2851 592 2918 rapta
614 2851 773 2916 sunt,
799 2846 919 2900 sive
938 2843 1237 2915 mancipia
1258 2842 1376 2898 sive
1398 2858 1634 2914 pecora,
1666 2846 1795 2896 tuta
1815 2857 1882 2896 ac
1916 2839 2077 2895 salva

424 2953 530 3008 per
576 2936 707 2992 loca
765 2935 1053 3007 impedita
1109 2932 1456 2989 transducat
1506 2949 1519 2985 :
1571 2936 1805 3002 oportet
1860 2929 2075 2985 ducem

424 3042 665 3096 operam
697 3025 857 3089 dare,
894 3028 977 3089 ut,
1010 3023 1150 3078 illos
1179 3027 1562 3094 praavertens,
1597 3036 1733 3074 cum
1793 3018 2075 3074 omnibus

423 3114 685 3170 militum
730 3114 1120 3184 equitumque
1175 3110 1359 3181 capiis
1428 3108 1731 3180 angustias
1788 3108 2075 3163 itinerum

424 3209 691 3274 occupet,
726 3202 1119 3273 praeliumque
1167 3199 1445 3254 adversus
1474 3197 1631 3265 illos,
1694 3197 2072 3268 quemadmo-

423 3292 566 3346 dum
600 3291 876 3361 superius
906 3286 1759 3355 demonstravimus,solertius
1790 3286 2075 3342 adminis-

422 3385 559 3434 tret.
594 3381 793 3449 Neque
844 3394 1111 3449 unquam
1160 3378 1310 3433 citra
1361 3376 1812 3433 dimicationem
1862 3377 2079 3433 reverti

425 3468 984 3535 sinantur.Etenim,
1016 3468 1065 3523 si
1099 3467 1160 3522 in
1193 3466 1482 3539 angustiis
1504 3471 1670 3521 recte
1701 3466 1927 3522 bellum
1960 3467 2079 3523 dux

426 3557 689 3627 instruit,
713 3557 982 3613 funditus
1008 3574 1110 3614 eos
1141 3557 1353 3614 vincet.
1384 3557 1488 3613 Sin
1518 3572 1732 3629 magno
1790 3562 1848 3612 et
1906 3558 2077 3614 firmo

423 3646 687 3719 peditatu
738 3648 1057 3704 destitutus
1104 3646 1422 3721 proﬂigare
1472 3646 1626 3703 21³
1686 3646 1924 3718 penitus
1975 3663 2076 3704 eos

425 3738 657 3809 nequit,
683 3744 744 3794 at
769 3738 1027 3810 denique
1059 3755 1209 3810 quos
1247 3738 1309 3793 in
1356 3737 1699 3793 servitutem
1748 3737 2072 3808 abducunt,

426 3826 487 3881 in
512 3826 847 3884 libertatem
869 3829 1127 3901 (etiamsi
1148 3829 1399 3884 fortasse
1454 3844 1575 3882 non
1608 3830 1834 3896 omnes)
1879 3828 2074 3884 vindi-

427 3917 604 3985 cabit,
654 3919 1037 3992 hostiumque
1068 3935 1189 3974 non
1210 3934 1453 3991 paucos,
1487 3933 1623 3973 cum
1665 3917 1976 3987 sauciabit,
2011 3924 2078 3973 ut

425 4009 686 4079 captivos
716 4009 912 4065 faciet.

2182 1940 2469 2014 εὐτόλμως
2497 1943 2814 2017 παραινέσαι
2870 1946 2987 2005 τοῖς
3042 1940 3231 2016 ψιλοῖς
3257 1942 3354 1997 τοῦ
3386 1941 3445 1997 ἐκ
3491 1944 3682 2018 χειρὸς
3716 1944 3823 2015 μά-

2181 2042 2370 2106 χεσθαι
2403 2030 2493 2085 καὶ
2525 2029 2989 2107 προκινδυνεύειν,
3027 2028 3131 2097 ἕως
3188 2034 3249 2087 ἄν
3311 2031 3626 2097 εἰσέλθωσιν
3679 2029 3834 2087 ἔνδον

2180 2126 2277 2177 τοῦ
2308 2121 2595 2193 ἀπλήκτου
2625 2128 2733 2179 τῶν
2764 2121 3076 2197 πολεμίων,
3104 2125 3192 2179 καὶ
3251 2124 3457 2186 ἳππους
3516 2123 3608 2179 καὶ
3665 2123 3837 2196 ἡμιό-

2181 2232 2307 2275 νους
2335 2209 2424 2266 καί
2454 2232 2576 2266 τινα
2605 2213 2896 2289 πράγματα
2941 2213 3132 2274 νυκτὸς
3195 2207 3597 2283 ἀναλάϐωνται,
3654 2211 3839 2283 πλήτ-

2180 2321 2364 2362 τοντες
2449 2306 2695 2377 συνεχῶς
2752 2301 2841 2356 καὶ
2900 2301 3249 2378 ἀναιροῦντες
3323 2301 3453 2366 τοὺς
3507 2301 3836 2375 πολεμίους,

2183 2391 2287 2446 Καὶ
2315 2389 2361 2445 εί
2392 2389 2540 2453 ὅλως
2572 2395 2708 2446 Θεοῦ
2762 2391 2993 2465 βοηθείᾳ
3048 2396 3297 2446 τοιοῦτον
3356 2391 3495 2465 πρὸς
3550 2388 3604 2446 ἓν
3668 2392 3835 2466 μέρος

2182 2480 2430 2555 γένηται,
2460 2479 2549 2535 καὶ
2582 2481 2746 2555 θεαθῇ
2787 2479 2877 2534 καὶ
2935 2479 3245 2556 ἐπιγνωσθῇ
3291 2481 3392 2536 ὑπὸ
3448 2484 3558 2537 τῶν
3645 2479 3836 2536 ἄλλων

2181 2570 2404 2641 τάξεων,
2464 2571 2771 2646 ὁρμήσουσι
2802 2571 2890 2626 καὶ
2955 2569 3107 2626 αὐτοὶ
3164 2571 3213 2608 ⁴⁶
3272 2570 3505 2635 θανᾶτου
3560 2591 3836 2645 καταφρο-

2182 2663 2404 2721 νοῦντες
2447 2659 2523 2722 είς
2585 2660 2837 2736 ἀρπαγὴν
2905 2664 3015 2716 τῶν
3072 2659 3362 2738 λαφύρων,
3423 2659 3512 2716 διὰ
3585 2662 3683 2730 τὴν
3739 2662 3837 2714 τοῦ

2182 2746 2409 2826 κέρδους
2440 2747 2658 2819 ἐλπίδα,
2691 2749 2779 2805 καὶ
2811 2751 3260 2826 περιγενήσονται
3315 2750 3549 2821 τούτων,
3606 2754 3675 2824 τῇ
3734 2753 3835 2803 τοῦ

2185 2842 2320 2893 Θεοῦ
2351 2841 2561 2915 χάριτι,
2597 2838 2821 2915 ῥᾳδίως.
2854 2839 2919 2895 Ei
2952 2836 3009 2894 δὲ
3061 2840 3151 2895 καὶ
3211 2842 3288 2914 μή
3346 2840 3551 2903 τελέως
3606 2839 3834 2901 τούτους

2183 2930 2665 3005 κατατροπώσεται
2720 2926 2808 2983 διά
2844 2950 2965 2985 τινα
3014 2930 3186 3006 τυχὸν
3220 2929 3509 3008 σφάλματα
3546 2931 3635 2986 καὶ
3697 2930 3836 2985 ἀπο-

2182 3019 2405 3095 τυχίαν,
2433 3016 2559 3075 ἆλλ’
2611 3018 2701 3074 οὗν
2734 3017 2985 3082 πολλοὺς
3010 3027 3218 3075 τούτων
3247 3021 3337 3076 καὶ
3368 3020 3694 3097 χειρώσεται
3745 3019 3835 3075 καὶ

2183 3106 2490 3182 ἀναιρήσει,
2523 3108 2613 3164 καὶ
2645 3106 2863 3183 λάφυρα
2888 3106 3125 3164 πλεῖστα
3167 3110 3196 3165 ὁ
3250 3106 3387 3173 λαὸς
3440 3110 3608 3165 αύτοῦ
3661 3109 3835 3183 λήψε-

2188 3218 2299 3255 ται.
2332 3196 2519 3261 Οὕτως
2554 3196 2612 3252 δὲ
2639 3202 2739 3253 τοῦ
2766 3202 3071 3275 στρατηγοῦ
3128 3198 3197 3254 τὰ
3250 3199 3376 3275 περὶ
3432 3203 3542 3255 τῶν
3569 3197 3833 3272 πολέμων

2188 3291 2285 3343 τοῦ
2307 3288 2594 3366 φωσσάτου
2639 3285 3067 3361 διενεργοῦντος,
3128 3289 3240 3363 χρὴ
3292 3288 3383 3344 καὶ
3442 3287 3685 3364 ἄρχοντα
3728 3293 3837 3343 τῶν

2191 3378 2486 3453 χρησίμων
2513 3377 2606 3432 καὶ
2658 3375 2932 3451 ἐμπείρων
2999 3377 3132 3450 μετὰ
3177 3379 3574 3453 τεσσαράκοντα
3629 3377 3839 3433 ἱππέων

2191 3467 2429 3539 μήκοθεν
2469 3464 2812 3535 ἀποστεῖλαι,
2866 3463 3153 3543 φυλάττειν
3211 3468 3311 3536 τήν
3373 3464 3517 3540 ὁδὸν,
3572 3466 3640 3537 ἦν
3703 3468 3841 3523 ὑπο-

2186 3557 2431 3630 στρέφειν
2468 3555 2660 3629 μέλλει
2686 3554 2749 3610 τὸ
2776 3559 2884 3611 τῶν
2912 3555 3199 3631 πολεμίων
3234 3561 3487 3632 κοῦρσον.
3536 3559 3643 3614 Καὶ
3675 3559 3842 3628 ἡνίκα

2184 3646 2412 3708 τούτους
2438 3644 2692 3716 θεάσηται
2721 3645 2858 3721 πρὸς
2900 3647 2962 3700 τὸ
3023 3646 3312 3725 φωσσάτον
3371 3648 3549 3703 αὐτῶν
3602 3648 3844 3723 ἐρχομέ-

2184 3759 2309 3801 νους
2338 3737 2428 3792 καὶ
2462 3732 2763 3813 ἔμπροσθεν
2797 3736 2997 3807 αὐτῶν,
3049 3737 3127 3800 ὡς
3184 3736 3306 3801 ἔθος
3356 3736 3468 3793 ἐστὶ
3526 3743 3650 3802 τοῖς
3701 3741 3843 3815 Ταρ-

2186 3829 2384 3897 σίταις,
2410 3827 2473 3882 τὸ
2504 3824 2807 3903 λεγόμενον
2835 3828 2963 3903 παρ’
2996 3827 3185 3888 αὐτοῖς
3250 3826 3491 3904 βέρεδον,
3537 3826 3841 3904 ἐρχόμενον

2185 3917 2442 3993 σύνεγγυς
2524 3916 2729 3983 αὑτῶν,
2811 3914 3187 3988 καταμηνύσαι
3242 3920 3322 3988 τῷ
3380 3916 3648 3994 φωσσάτῳ
3733 3918 3836 3986 τὴν

2183 4012 2281 4063 τοῦ
2332 4004 2569 4082 κούρσου
2644 4005 2822 4059 αὐτῶν
2880 4006 3204 4079 παρουσίαν·
3264 4004 3465 4069 εὐθέως
3523 4006 3551 4060 ὁ
3611 4005 3684 4067 εἷς
3741 4006 3808 4075 τὴ

431 4100 628 4177 βίγλαν
662 4105 746 4175 [Ρ.
786 4106 907 4176 137]
935 4103 1265 4165 ἀποσταλεὶς
1293 4101 1481 4178 ἅρχων
1519 4104 1877 4175 μηνυέτωτῷ
1909 4110 2216 4181 στρατηγῷ.
2267 4105 2370 4161 Καὶ
2435 4102 2485 4159 εἲ
2543 4103 2639 4176 μὶν
2695 4100 2785 4178 ἴδῃ
2839 4103 2900 4157 τὸ
2955 4100 3171 4179 βέρεδον
3224 4104 3461 4176 μήκοθεν
3526 4103 3672 4159 πολὺ
3725 4109 3828 4173 τῆς

425 4188 771 4263 παρατάξεως
850 4196 948 4247 τοῦ
1010 4191 1245 4268 κούρσου
1302 4190 1633 4267 ἐρχόμενον,
1697 4191 1989 4248 ἀποστελεῖ
2047 4192 2290 4270 ἄρχοντα
2345 4198 2452 4249 τῶν
2512 4190 2808 4268 χρησίμων
2871 4192 2988 4264 μετ’
3044 4191 3312 4247 εκλεκτῶν
3379 4192 3609 4263 ἱππέων,
3658 4191 3838 4248 ἐπιθέ-

428 4289 549 4342 σθαι
608 4281 723 4333 κατ’
780 4279 974 4349 αύτῶν,
1038 4280 1082 4335 εἰ
1138 4277 1387 4349 δυνατὸν,
1446 4277 1749 4351 ἀδοκήτως,
1808 4282 1899 4335 καὶ
1956 4284 2361 4359 κατακυριεύσει
2410 4281 2616 4337 τούτων
2672 4277 2892 4357 ῥᾳδίως.
2924 4279 2990 4337 Ei
3022 4277 3079 4335 δὲ
3134 4280 3376 4352 πλησίον
3434 4282 3521 4337 καὶ
3572 4281 3840 4358 σύνεγγυς

422 4374 524 4437 τῆς
581 4369 928 4442 παρατάξεως
985 4375 1081 4425 τοῦ
1137 4370 1376 4446 κούρσου
1429 4367 1732 4445 ἔμπροσθεν
1796 4370 1967 4426 αὐτῶν
2026 4378 2334 4447 περιπατεῖ,
2397 4374 2471 4446 μὴ
2555 4369 2935 4425 ἅποστειλάτω
2983 4371 3099 4425 κατ’
3158 4370 3358 4425 αὐτῶν·
3418 4369 3564 4426 ἀλλὰ
3619 4369 3833 4444 μᾶλλον

427 4455 747 4531 ἀρκεσθήτω
776 4460 913 4535 πρὸς
971 4456 1004 4513 ἄ
1062 4460 1090 4514 ὁ
1150 4460 1280 4522 Θεὸς
1311 4459 1461 4532 αύτῳ
1492 4460 1824 4535 συνήργησεν
1857 4459 1931 4523 είς
1962 4462 2053 4515 τὸν
2087 4463 2224 4518 κατὰ
2278 4465 2375 4517 τοῦ
2435 4462 2725 4535 φωσσάτου
2773 4458 3039 4533 πόλεμον·
3098 4460 3188 4515 καὶ
3224 4461 3645 4535 ὑποστρεφέσθω
3693 4461 3829 4533 μετά

422 4549 623 4611 παντὸς
680 4554 778 4605 τοῦ
835 4547 972 4605 λαοῦ
1059 4544 1572 4623 ἐπιλαμϐανόμενος
1624 4554 1734 4604 τῶν
1796 4549 2123 4622 ἐπιτηδείων
2172 4551 2262 4606 καὶ
2323 4550 2687 4628 ὀχυρωτέρων
2726 4550 2934 4605 τόπων.
2995 4549 3146 4606 Ἑπεῖ
3178 4546 3326 4605 δὲτὸ
3381 4554 3489 4605 τῶν
3543 4549 3831 4621 πολεμίων

425 4641 707 4716 φωσσάτον
741 4637 831 4695 δια
859 4645 1022 4695 τοῦτο
1084 4637 1280 4709 διῆλθε
1308 4639 1478 4701 πάσας
1538 4640 1633 4703 τὰς
1690 4636 2024 4716 δυσχωρίας,
2080 4640 2442 4716 ἐκδεχόμενον
2498 4642 2598 4709 τὴν
2655 4644 2752 4695 τοῦ
2804 4639 3039 4714 κούρσου
3074 4640 3397 4711 παρουσίαν,
3425 4637 3513 4694 ’ίνα
3565 4639 3631 4694 τὰ
3686 4642 3835 4715 παρά

421 4732 518 4782 τοῦ
576 4729 812 4805 κούρσου
864 4731 1290 4805 κατασχεθέντα,
1351 4728 1457 4784 εἴτε
1515 4725 1827 4805 ἀνδράποδα
1876 4730 1979 4785 εἶεν
2041 4730 2148 4786 εἷ’τε
2195 4733 2393 4801 κτήνη,
2448 4729 2634 4785 καλῶν
2701 4727 2793 4783 σὺν
2854 4728 3040 4793 αὐτοῖς
3071 4726 3313 4802 διασώσῃ
3367 4723 3683 4798 διαϐιϐάζον
3740 4729 3837 4791 τὰς

430 4816 761 4895 δυσχωρίας·
807 4817 926 4875 δέον
979 4820 1073 4876 τὸν
1133 4819 1433 4896 στρατηγὸν
1492 4818 1857 4894 ἀγωνίσασθαι
1917 4815 2225 4895 ἔμπροσθεν
2276 4819 2453 4876 αὐτῶν
2512 4817 2777 4895 γενέσθαι,
2836 4819 2923 4873 κάι
2988 4817 3114 4880 τοὺς
3173 4816 3483 4879 στενωποὺς
3536 4824 3835 4893 κατασχεῖν

431 4908 566 4982 μετὰ
596 4909 797 4971 παντὸς
824 4913 922 4964 τοῦ
952 4908 1090 4965 λαοῦ
1143 4913 1321 4978 πεζῶν
1379 4908 1467 4963 καὶ
1526 4907 1759 4979 ἱππέων,
1816 4907 1905 4963 καὶ
1963 4910 2055 4964 τὸν
2114 4911 2229 4965 κατ’
2283 4909 2461 4964 αὐτῶν
2493 4908 2741 4982 πόλεμον
2783 4906 3203 4983 ἐπιμελέστερον
3260 4906 3572 4983 ἀπαρτίσαι,
3653 4908 3834 4972 καθὼς

428 4998 683 5072 ἀνωτέρω
716 4995 1047 5069 δεδήλωται.
1111 4999 1216 5054 Καὶ
1271 4996 1550 5071 μηδέποτε
1602 4997 2029 5076 ὑποστρέφοντες
2089 4998 2241 5054 αὐτοὶ
2302 4997 2649 5072 ἀπολέμητοι
2706 4996 3167 5066 κπαλειφθῶσιν.
3222 4997 3288 5054 Ei
3365 4998 3469 5074 γὰρ
3527 4993 3711 5059 καλῶς
3765 4997 3833 5052 τὰ

420 5089 519 5141 τοῦ
550 5086 802 5161 πολέμου
833 5087 885 5142 ἐν
916 5093 1037 5152 ταῖς
1069 5084 1408 5163 δυσχωρίαις
1440 5084 1706 5161 διάθοιτο,
1766 5087 2024 5163 μεγάλως
2073 5086 2272 5152 αὐτοὺς
2329 5089 2828 5164 κατατροπώσεται.
2863 5087 2928 5145 Ei
2986 5084 3066 5157 δὲ,
3128 5084 3218 5141 διὰ
3271 5086 3333 5142 τὸ
3370 5088 3445 5160 μὴ
3504 5084 3652 5161 ἔχειν
3681 5085 3836 5141 πλεί-

426 5195 556 5243 στην
589 5175 679 5230 καὶ
712 5174 998 5251 ἀξιόλογον
1035 5176 1264 5244 πεζικὴν
1290 5172 1541 5248 δύναμιν,
1602 5174 1853 5231 ἀδυνατεῖ
1880 5177 2015 5250 πρὸς
2073 5178 2135 5232 τὸ
2198 5176 2454 5253 μεγάλως
2509 5176 2706 5241 αὐτοὺς
2785 5175 3328 5252 κατατροπώσασθαὶ,
3363 5172 3509 5229 ἀλλᾶ
3566 5175 3658 5229 οὗν
3696 5175 3833 5238 τέως

424 5261 623 5339 οὕσπερ
653 5262 1097 5339 ᾐχμαλώτευσαν
1130 5262 1200 5336 (εἰ
1232 5263 1321 5318 καὶ
1356 5264 1431 5336 μὴ
1465 5262 1688 5338 πάντας)
1718 5262 2067 5342 ἀναρῥύσεται
2098 5267 2216 5321 κατ’
2247 5266 2450 5337 αὐτῶν,
2480 5266 2571 5321 καὶ
2614 5266 2716 5322 ούκ
2743 5264 2970 5341 ὀλίγους
2998 5269 3110 5320 τῶν
3145 5262 3432 5338 πολεμίων
3477 5264 3567 5319 καὶ
3593 5283 3835 5339 τραυμα-

422 5352 559 5409 τίσει
592 5353 682 5409 καὶ
715 5350 1106 5429 δορυαλώτους
1134 5353 1443 5422 ποιήσεται.

1630 5526 1692 5582 G.
1721 5525 1785 5581 Β.
1816 5525 2001 5582 HASII
2028 5527 2588 5585 ANNOTATIONES.

492 5719 540 5758 ⁸⁸
564 5716 739 5784 αύτοί.
766 5719 861 5779 Sic
880 5714 1054 5778 codd.
