4146 6302
328 369 450 432 961

1650 364 2066 429 YELITATIO
2108 363 2434 425 BELLIGA

3631 375 3753 436 962

406 504 567 559 ΚΕΦ.
603 496 713 560 ΙᾹ¹.
755 500 885 588 Περί
909 504 1009 588 τοῦ
1043 496 1189 588 ἔνθεν
1230 500 1482 588 κάκεῖθεν
1505 498 1754 565 ’ίστασθαι
1785 497 1912 563 τοὺς

2108 502 2228 556 CAP.
2260 499 2352 556 X1.
2383 502 2449 555 In
2477 501 2753 587 angustiis
2774 502 3091 588 peditatum
3122 504 3214 588 ‘ad
3259 511 3557 579 utrumque
3606 510 3751 568 latus

727 570 926 642 πεζοὺς
975 572 1027 627 ἐν
1068 578 1191 635 ταῖς
1233 570 1595 649 δυσχωρίαις.

411 692 533 766 Χρὴ
566 689 658 745 τὸν
692 688 996 765 στρατηγὸν
1055 689 1146 744 καὶ
1196 686 1386 752 ἄλλως
1446 688 1809 765 ἀγωνίσασθαι
1858 687 1992 751 τοὺς

335 785 644 860 πολεμίους
673 782 1078 860 τροπώσασθαι,
1133 784 1179 839 εί
1235 783 1325 838 καὶ
1379 783 1569 860 ὀλίγος
1626 782 1767 838 ἐστὶν
1799 784 1829 837 ὁ
1866 780 1990 858 περὶ

334 875 497 930 αὑτὸν
567 872 725 936 λαός.
784 874 964 931 Τόπον
1024 872 1495 943 κατασκοπησάτω
1553 869 1862 943 ἐπιτήδειον
1900 868 1991 924 καὶ

340 964 719 1038 ὀχυρώτατον,
779 963 815 1033 ἢ
876 983 930 1017 τι
985 961 1369 1037 παραπλήσιον
1401 965 1651 1039 κάπρον·
1704 962 1780 1025 ὡς
1811 958 1989 1016 ἐπιδέ-

340 1054 537 1117 χεσθαι
594 1053 693 1120 τὴν
752 1054 851 1106 τοῦ
909 1050 1118 1127 ὀχυροῦ
1173 1051 1345 1107 τόπου
1401 1051 1542 1107 θέσιν
1624 1051 1758 1125 μετά
1814 1054 1992 1119 πεζῶν

338 1144 675 1219 κρατεῖσθαι,
715 1141 807 1197 καὶ
838 1135 982 1205 ἔνθεν
1008 1141 1254 1197 κάκεῖθεν
1310 1148 1411 1212 τῆς
1461 1138 1592 1197 ὀδοῦ
1651 1142 1725 1203 είς
1784 1140 1990 1214 λόχους

336 1236 398 1290 τὸ
432 1234 652 1303 πεζικὸν
685 1232 1049 1308 ἀποκρύπτειν
1111 1232 1436 1306 στράτευμα.
1483 1235 1596 1290 Τοῦ
1656 1230 1714 1287 δὲ
1769 1233 1993 1301 πεζικοῦ

339 1326 561 1387 ’ὀπισθεν
626 1323 654 1377 ὁ
714 1322 1014 1396 στρατηγὸς
1076 1321 1336 1397 σύνεγγυς
1414 1321 1547 1394 μετά
1620 1325 1715 1376 τοῦ
1767 1320 1994 1375 ἱππικοῦ

342 1411 747 1487 στρατεύματος
809 1412 1012 1482 στήτω,
1083 1409 1224 1465 πάνυ
1306 1413 1413 1464 τῶν
1500 1413 1676 1479 πεζῶν
1754 1404 1990 1484 ἔγγιστα.

336 1503 526 1575 Ἐχειν
556 1521 616 1555 τε
645 1499 735 1554 καὶ
766 1499 829 1554 τὸ
873 1498 1097 1553 ἱππικὸν
1153 1496 1441 1574 ἔγκρυμμα
1471 1498 1561 1552 καὶ
1615 1497 1811 1566 πεζοὺς
1845 1495 1993 1567 πλη-

340 1591 456 1645 σίον
512 1590 701 1659 αὐτοῦ,
759 1587 848 1642 καὶ
908 1585 1104 1663 σχεδὸν
1140 1587 1532 1659 συνηνωμένως
1592 1587 1729 1641 κατὰ
1754 1587 1816 1641 τὸ
1865 1580 1992 1640 ὅπι-

344 1691 464 1744 σθεν
528 1680 692 1754 μέρος
742 1678 999 1741 ἱστάσθω.
1055 1673 1550 1747 Ἀποσταλήτωσαν
1584 1676 1631 1712 ⁸⁷
1688 1673 1747 1730 δὲ
1797 1676 1885 1731 καὶ
1920 1674 1997 1739 εἷς

349 1770 467 1837 τὴν
493 1765 707 1842 ἐνέδραν
767 1767 915 1838 παρά
966 1770 1063 1820 τοῦ
1116 1768 1423 1839 στρατηγοῦ
1482 1762 1670 1839 ἄνδρες
1714 1762 1993 1819 ἐπίλεκτοι

341 1856 433 1911 καὶ
461 1855 665 1920 ’ἱππους
691 1854 939 1931 τραχεῖς,
991 1854 1040 1891 ⁵⁸
1090 1857 1204 1928 (19)
1256 1850 1499 1929 ἔχοντες,
1533 1851 1664 1928 ἄχρι
1721 1856 1827 1907 τῶν
1861 1853 1986 1908 έκα-

338 1947 455 2015 τὸν,
484 1945 731 2022 ἀρχηγὸν
762 1940 979 2020 ἔχοντες
1012 1941 1256 2019 ἀνδρεῖον
1308 1944 1398 1998 καὶ
1454 1940 1869 2017 ἐμπειρότατον,
1901 1942 1993 1997 καὶ

334 2036 674 2110 γινώσκοντα
705 2034 918 2109 χωρίον
952 2030 1284 2105 ἰπιτήδειον,
1316 2032 1367 2087 ἐν
1426 2032 1472 2104 ᾦ
1502 2031 1682 2106 κρύψῃ
1731 2032 1823 2086 τὸν
1857 2028 1996 2085 ἴδιον

345 2125 505 2186 λαόν.
546 2123 760 2186 Νυκτὸς
794 2120 851 2179 δὲ
874 2123 966 2177 τὸν
1015 2125 1260 2176 τοιοῦτον
1313 2121 1481 2177 τόπον
1511 2114 1994 2193 καταλαμϐανέτω.

343 2211 436 2267 καὶ
464 2210 650 2275 καλῶς
684 2211 879 2275 αὐτοὺς
922 2211 1316 2286 ἀποκρυψάτω.
1348 2209 1538 2267 Ἠνίκα
1597 2207 1655 2265 δὲ
1712 2206 1994 2284 διαυγάσῃ,

349 2300 427 2363 εἷς
481 2303 770 2377 περιωπὴν
830 2299 1067 2356 ἀνελθὼν
1148 2299 1396 2376 βλεπέτω
1443 2302 1511 2368 “,
1562 2303 1669 2354 τῶν
1709 2296 1995 2371 πολεμίων

345 2390 816 2466 περιπατούντων,
844 2391 945 2460 τὴν
973 2389 1183 2446 τούτων
1216 2385 1483 2446 διάϐασιν.
1519 2391 1601 2464 [Ρ.
1637 2391 1762 2463 138]
1820 2390 1994 2464 Ὁρῶν

350 2478 407 2537 δὶ
434 2481 565 2544 τοὺς
597 2480 676 2545 εἷς
707 2480 857 2536 λείαν
890 2479 1252 2554 ἐκτρέχοντας
1293 2479 1384 2534 καὶ
1431 2480 1498 2534 τά
1556 2478 1738 2555 χωρία
1792 2476 1995 2554 διερευ-

343 2575 573 2641 νῶντας,
603 2571 740 2645 πρὸς
766 2570 830 2624 τὸ
861 2570 1266 2645 ἐπισυναγαγεῖν
1323 2567 1537 2642 λάφυρά
1590 2588 1650 2623 τε
1703 2567 1793 2622 καὶ
1854 2569 1997 2643 χρή-

358 2680 519 2730 ματα,
551 2660 638 2713 καὶ
673 2656 721 2713 εἲ
774 2679 828 2713 τι
883 2655 1067 2734 ἕτερον
1102 2657 1341 2736 έφευρεῖν
1404 2654 1700 2727 δυνηθῶσι,
1738 2676 1998 2731 καρτερη-

356 2749 501 2806 σάτω
528 2745 632 2813 ἓως
662 2748 721 2804 ἄν
754 2750 1011 2819 θεάσηται
1041 2747 1237 2811 αὐτοὺς
1267 2752 1374 2803 τῶν
1431 2747 1614 2802 ἳππων
1674 2741 1992 2801 ἀποϐαίνον-

354 2857 474 2907 τας,
504 2838 593 2892 καὶ
621 2836 746 2899 τοὺς
774 2838 979 2900 ’ἱππους
1010 2838 1058 2874 ⁸ο
1086 2842 1195 2893 τῶν
1226 2836 1449 2912 χωρίων
1504 2833 1991 2910 ἀνερευνωμένους.

355 2926 491 2983 Τότε
537 2930 645 2982 τῶν
709 2929 821 3001 μετ’
876 2928 1042 2983 αὑτοῦ
1097 2926 1306 2982 ἱππέων
1365 2928 1475 2981 εἳτε
1532 2921 1909 2998 ἑϐδομήκοντα
1966 2928 1997 2995 ἢ

351 3016 640 3088 ἑξήκοντα,
665 3016 887 3081 πλείους
917 3016 1173 3084 δηλονότι
1216 3016 1344 3080 τοὺς
1400 3015 1636 3078 οἰκείους
1665 3020 1774 3070 τῶν
1823 3014 1994 3070 πολε-

352 3105 493 3179 μίων
521 3101 671 3168 ὄντας
699 3105 968 3180 (πλείονες
996 3108 1098 3183 γὰρ
1128 3110 1236 3161 τῶν
1304 3103 1590 3179 πολεμίων
1647 3108 1726 3177 τῷ
1777 3106 1995 3180 ἀριθμῷ

350 3196 483 3249 εἶναι
519 3195 829 3273 ὀφείλουσιν
852 3197 905 3250 οἱ
963 3201 1060 3251 τοῦ
1117 3198 1467 3270 στρατηγοῦ),
1498 3192 1825 3269 διορισάσθω
1862 3193 1992 3249 τού·

339 3306 470 3347 τους
520 3282 754 3359 ἀνδρείῳ
814 3286 1102 3361 ὁρμήματι
1160 3284 1254 3340 σὺν
1336 3284 1565 3359 ὀξυτάτῃ
1623 3288 1732 3339 τῶν
1811 3281 1998 3338 ἵππων

341 3375 492 3449 ὁρμῇ
525 3373 804 3439 ἐπιθέσθαι
832 3379 951 3436 τοῖς
985 3372 1328 3446 ἀντιπάλοις,
1386 3374 1475 3429 καὶ
1535 3377 1669 3429 Θεοῦ
1723 3372 2003 3449 συνεργείᾳ

337 3461 762 3534 εῦοδωθήσεται.
821 3463 889 3521 Εἰ
956 3462 1014 3519 δὲ
1072 3458 1260 3538 συμϐῇ
1311 3464 1545 3527 τούτους
1597 3460 2001 3537 ἐπιδιὼχθῆναι

342 3553 489 3626 παρὰ
510 3556 619 3607 τῶν
648 3552 962 3625 πολεμίων,
998 3550 1120 3608 δέον
1151 3558 1569 3627 προαπαντῆσαι
1623 3550 1809 3615 αὐτοῖς
1870 3553 2002 3623 μετὰ

346 3645 455 3696 τῶν
492 3637 927 3714 ὑπολειφθέντων
959 3640 1106 3713 αὑτῷ
1150 3640 1568 3715 τεσσαράκοντα,
1599 3637 1689 3694 καὶ
1745 3637 1872 3701 τοὺς
1908 3638 2001 3711 μὲν

348 3733 777 3808 κατασχεθέντας
834 3730 1179 3807 δεσμώτας-ἤ
1236 3733 1547 3807 ἀναιρῆσαι,
1602 3732 1637 3800 ἥ
1698 3728 1999 3805 ἔμπροσθεν

352 3820 695 3892 ἀποστεῖλαι,
730 3820 983 3887 ἀπελθεῖν
1012 3824 1240 3898 τάχιον,
1288 3821 1380 3876 καὶ
1435 3821 1498 3875 τὸ
1547 3819 1819 3895 ὀχύρωμα
1848 3840 2007 3873 κατα-

353 3906 558 3967 λαϐεῖν.
594 3911 853 3973 Κάκεῖνος
886 3911 1161 3987 ἐμπείρως
1230 3909 1548 3985 μαχόμενος
1605 3907 1694 3963 καὶ
1753 3905 2003 3962 ἀνθιστά-

361 4022 524 4073 μενος
550 4005 669 4065 τοῖς
696 4000 1010 4075 πολεμίοις,
1037 4001 1129 4055 καὶ
1168 4000 1305 4055 ποτὶ
1338 4001 1432 4073 μὶν
1491 3995 1841 4074 ὑποστρέφων
1886 3998 2006 4052 κατ’

358 4088 557 4158 αὐτῶν,
613 4098 750 4145 ποτὲ
807 4087 864 4145 δὲ
924 4090 1268 4168 ὑποφεύγων,
1331 4088 1558 4165 ἐρεθίσαι
1617 4085 1811 4148 αὐτοὺς
1869 4088 2004 4158 πρὸς

357 4177 560 4249 δίωξιν.
588 4179 692 4237 Καὶ
726 4180 770 4233 εί
804 4176 936 4255 ἄχρι
967 4184 1074 4234 τῶν
1129 4180 1315 4234 τόπων
1371 4174 1802 4248 καταδιώξωσιν,
1835 4175 1887 4230 έν
1921 4178 2004 4237 οἷς

362 4269 413 4323 οἱ
444 4268 598 4338 πεζοὶ
630 4268 1092 4344 ἀποκρύπτονται,
1120 4270 1210 4323 καὶ
1238 4268 1468 4329 τούτους
1494 4268 1637 4328 τινες
1693 4269 1801 4320 τῶν
1833 4262 2005 4319 πολε-

359 4358 498 4430 μίων
532 4355 814 4427 διέλθωσι,
840 4360 965 4413 τότε
995 4360 1047 4413 οἱ
1079 4359 1233 4428 πεζοὶ
1262 4362 1370 4413 τῶν
1425 4354 1827 4433 ἐγκρυμμάτων
1860 4354 2005 4430 ἐξερ-

353 4446 588 4521 χόμενοι
619 4446 1032 4518 ἀντιστήσονται
1068 4452 1187 4509 τοῖς
1246 4444 1510 4501 διώκουσι
1565 4445 1885 4519 πολεμίοις,
1914 4444 2004 4499 καὶ

352 4535 757 4604 ἀπωθήσονται.
790 4537 857 4593 Οἱ
885 4534 943 4590 δὲ
969 4535 1099 4600 τοὺς
1127 4534 1323 4604 πεζοὺς
1372 4532 1680 4598 διελθόντες
1739 4532 2002 4607 πολέμιοι

2596 576 2704 630 viae
2770 581 2918 629 stare
2973 580 3248 645 oportere.

2169 690 2352 745 Debet
2379 690 2495 747 alio
2556 708 2794 763 quoque
2845 693 3022 748 modo
3072 710 3315 765 operam
3362 696 3501 753 dare
3534 700 3649 757 dux
3681 707 3747 758 ut

2098 779 2299 836 hostes
2330 781 2558 848 fundat,
2587 783 2636 838 si
2656 784 2877 856 exiguaa
2901 785 3057 840 circa
3080 802 3142 840 se
3173 788 3360 858 copim
3399 796 3557 846 sunt.
3581 793 3754 849 Inve-

2099 870 2275 941 stiget
2306 870 2503 926 locum
2525 871 2808 927 idoneum
2833 877 2891 927 et
2919 874 3508 944 munitissimum,vel
3526 884 3747 938 castel-

2098 957 2413 1030 lum,quod
2435 976 2616 1031 prope
2640 960 2744 1014 sit:
2759 961 3012 1017 utliceat
3031 980 3138 1034 per
3153 970 3428 1022 naturam
3444 971 3745 1027 munitum

2098 1048 2270 1103 illum
2293 1049 2490 1104 locum
2512 1049 2812 1121 peditibus
2835 1054 3132 1124 occupari,
3165 1055 3489 1127 copiasque
3522 1061 3745 1131 pedes-

2097 1141 2218 1192 tres
2249 1138 2321 1193 ab
2354 1143 2606 1209 utroque
2646 1140 2752 1194 vias
2808 1140 2992 1196 latere
3029 1142 3090 1196 in
3150 1142 3383 1201 insidiis
3441 1151 3749 1206 occultari.

2096 1228 2142 1282 Α
2173 1227 2442 1298 peditum
2462 1233 2625 1301 tergo
2658 1229 2777 1285 dux
2803 1247 2938 1285 cum
2970 1232 3237 1302 equitatu
3270 1252 3446 1305 quam
3481 1241 3750 1309 proxime

2098 1316 2480 1373 subsidietur.
2534 1319 2631 1372 Hm
2686 1325 2992 1390 equestres
3022 1321 3278 1391 insidiae,
3311 1325 3454 1396 ipsa)
3509 1345 3745 1401 quoque

2096 1405 2327 1478 pedites
2379 1422 2564 1478 prope
2595 1408 2753 1479 ipsas
2782 1409 3094 1477 habentes,
3120 1429 3272 1482 pene
3326 1417 3749 1490 contingentes

2098 1495 2285 1551 aciem
2312 1500 2445 1566 post
2474 1497 2642 1568 signa
2670 1499 3018 1554 consistant.
3054 1501 3296 1572 Oportet
3325 1510 3544 1574 autem,
3573 1514 3640 1562 ut
3680 1508 3741 1564 in

2098 1584 2346 1640 insidias
2376 1586 2573 1641 mittat
2593 1587 2712 1642 dux
2741 1588 3015 1644 homines
3049 1590 3749 1664 lectos,equisvelocibus

2100 1674 2709 1741 insidentes,numero
2740 1678 2813 1732 ad
2845 1685 3105 1747 centum,
3140 1697 3276 1736 cum
3307 1684 3583 1753 przefecto
3608 1686 3747 1741 forti

2101 1768 2159 1817 et
2212 1763 2597 1834 peritissimo,
2649 1773 3041 1836 cognoscente
3072 1769 3271 1825 locum
3325 1779 3747 1844 Opportunum,

2022 1874 2069 1940 Β
2103 1868 2219 1922 quo
2252 1868 2420 1906 suam
2458 1869 2703 1908 manum
2761 1855 3038 1911 occultet.
3093 1859 3259 1913 Hunc
3316 1860 3511 1917 locum
3570 1872 3748 1919 noctu

2107 1947 2373 2013 occupet,
2407 1958 2545 1997 suos
2575 1943 2728 1998 bene
2758 1943 2953 1999 abdat.
3008 1946 3205 2002 Prima
3246 1948 3377 2004 luce
3424 1968 3753 2010 conscensa

2107 2030 2367 2101 specula,
2392 2031 2441 2086 si
2473 2032 2673 2087 hostes
2729 2040 2987 2103 movent,
3023 2052 3137 2106 quo
3188 2039 3435 2095 tendant
3455 2041 3750 2113 dispiciat.

2108 2119 2164 2173 Si
2194 2119 2527 2191 praedatum
2548 2123 2872 2193 procedere
2895 2124 3353 2199 videt,vicosque
3367 2134 3751 2203 perscrutari,

2105 2209 2342 2279 praedae,
2375 2211 2663 2281 pecuniae,
2699 2216 2758 2266 et
2790 2213 2839 2267 si
2870 2214 3013 2284 quid
3063 2216 3220 2273 214
3263 2218 3427 2272 aliud
3483 2221 3751 2277 invenire

2104 2298 2354 2369 possint,
2387 2301 2797 2370 comportandi
2843 2317 3043 2368 causa,
3076 2320 3138 2360 se
3182 2307 3504 2377 contineat,
3564 2310 3753 2368 donec

2106 2385 2534 2443 descendentes
2562 2403 2630 2443 ex
2655 2389 2825 2461 equis
2848 2391 3127 2462 jumenta
3156 2411 3187 2449 e
3224 2395 3366 2451 vicis
3398 2400 3748 2469 conquirere

2104 2478 2499 2548 conspexerit.
2524 2479 2667 2532 Tum
2704 2496 2774 2534 ex
2834 2482 3156 2551 equitibus,
3196 2484 3297 2555 qui
3356 2487 3581 2542 circum
3614 2506 3749 2547 eum

2105 2570 2264 2634 sunt,
2292 2567 2667 2639 septuaginta
2722 2568 2813 2623 vel
2865 2571 3187 2643 sexaginta,
3222 2573 3334 2630 hoc
3383 2582 3491 2645 est,
3550 2579 3751 2649 plures

2106 2671 2283 2725 quam
2314 2656 2471 2727 apud
2505 2656 2706 2712 hostes
2737 2675 2867 2713 esse
2924 2667 3159 2716 constat
3188 2664 3545 2734 (necessario
3590 2670 3749 2725 enim

2105 2744 2372 2814 equitum
2403 2745 2464 2800 in
2495 2750 2727 2802 caterva
2755 2748 2922 2803 ducis
2979 2766 3265 2807 numerus
3319 2756 3514 2826 major
3570 2775 3748 2828 quam

2104 2833 2578 2889 adversariorum
2604 2851 2732 2891 esse
2766 2836 2983 2910 debet),
3001 2839 3109 2895 hos
3131 2841 3342 2912 jubeat
3371 2846 3491 2899 acri
3523 2846 3747 2918 impetu

2103 2922 2520 2978 incitatissimo
2575 2940 2864 2995 equorum
2922 2943 3099 2983 cursu
3157 2930 3357 2986 hostes
3415 2933 3653 3003 adoriri,
3692 2943 3750 2991 et

2104 3012 2462 3084 suffragante
2494 3013 2740 3068 numine
2770 3031 2896 3069 rem
2927 3015 3080 3072 bene
3108 3019 3358 3090 geret.Si
3382 3025 3580 3077 tamen
3598 3025 3747 3079 acci-

2105 3099 2211 3167 dit,
2244 3106 2310 3155 ut
2343 3100 2415 3156 ab
2446 3100 2800 3158 adversariis
2822 3104 3212 3177 repellantur,
3245 3115 3476 3180 oportet
3495 3112 3588 3167 his
3612 3130 3745 3169 cum

2106 3188 2577 3245 subsidiantibus
2607 3191 2998 3265 quadraginta
3032 3195 3331 3266 equitibus
3385 3198 3615 3255 obviam
3641 3202 3748 3270 ire,

2109 3279 2512 3350 captivosque,
2545 3279 2771 3350 siquos
2822 3282 3059 3349 feceris,
3121 3285 3213 3339 vel
3268 3286 3604 3343 interﬁcere
3660 3291 3754 3346 vel

2108 3368 2525 3434 amandare,ut
2554 3370 2867 3426 confestim
2896 3372 3226 3444 discedant,
3252 3375 3432 3447 inque
3456 3379 3753 3435 munitum

2108 3457 2305 3513 locum
2338 3458 2815 3517 introducantur.
2849 3462 2975 3516 Dux
3026 3468 3224 3519 autem
3277 3467 3466 3536 perite
3497 3484 3752 3541 pugnam

2110 3547 2536 3603 administrans
2590 3549 2982 3621 hostibusque
3005 3551 3321 3621 obsistens,
3356 3560 3415 3609 et
3460 3557 3637 3612 modo
3692 3575 3755 3613 se

2108 3642 2462 3707 retorquens
2491 3637 2566 3692 ad
2597 3637 2754 3705 illos,
2781 3639 2956 3693 modo
2988 3640 3357 3713 confugiens,
3383 3659 3484 3698 eos
3515 3645 3589 3699 ad
3618 3663 3756 3717 per-

2112 3725 2481 3796 sequendum
2514 3726 2785 3782 lacessat.
2820 3727 2986 3792 Quod
3009 3729 3058 3782 si
3089 3729 3161 3783 ad
3204 3729 3334 3785 loca
3362 3747 3551 3803 usque
3582 3734 3756 3790 insti—

2111 3815 2310 3882 terint,
2338 3815 2439 3870 ubi
2471 3815 2701 3886 pedites
2722 3816 2928 3887 latent,
2966 3835 3149 3889 eaque
3180 3819 3309 3875 loca
3340 3823 3617 3878 nonnulli
3649 3826 3758 3879 ho-

2112 3903 2294 3958 stium
2316 3904 2636 3975 trangressi
2662 3905 2951 3972 sint,tunc
2970 3906 3203 3978 pedites
3225 3925 3295 3964 ex
3316 3911 3555 3968 insidiis
3570 3917 3756 3970 coorti

2111 3992 2464 4048 adversariis
2489 3993 2945 4064 insequentibus
2968 4004 3302 4067 occurrent,
3325 4016 3545 4072 eosque
3569 4005 3756 4075 repri-

2113 4087 2298 4140 ment.
2332 4084 2542 4138 Hostes
2574 4089 2773 4139 autem
2823 4090 3115 4158 quotquot
3144 4094 3318 4144 erunt
3343 4090 3500 4147 ultra
3529 4094 3760 4164 pedites

2112 4174 2389 4245 provecti,
2449 4174 2511 4229 in
2541 4174 2791 4231 insidias
2823 4178 3089 4248 equitum
3136 4178 3468 4238 incidentes
3498 4184 3759 4240 universi

2114 4263 2707 4319 contrucidabuntur.
2734 4264 2866 4320 Loci
2893 4268 3053 4321 enim
3070 4273 3284 4325 natura
3313 4270 3503 4343 adjuti
3530 4275 3761 4345 pedites

2111 4354 2551 4424 introrumpere
2596 4362 3025 4425 persequentes
3048 4374 3167 4412 non
3200 4358 3402 4414 sinent
3434 4378 3448 4415 :
3478 4361 3757 4434 ideoque,

2112 4441 3107 4509 intermissainsectatione,infecta
3120 4463 3182 4500 re
3196 4446 3508 4502 discedent
3528 4457 3756 4519 omnes,

2112 4530 2348 4586 amissis
2378 4530 2452 4584 de
2482 4530 2606 4585 suis
2636 4536 2928 4602 quotquot
2948 4535 3106 4588 intra
3134 4536 3435 4606 augustias
3457 4536 3587 4607 jam
3619 4545 3761 4594 sunt

349 4622 708 4695 ἐμπεσοῦνται
746 4629 826 4697 τῷ
873 4623 1215 4701 έγκρύμματι
1244 4629 1353 4679 τῶν
1411 4624 1647 4692 ἱππέων,
1701 4621 1790 4678 καὶ
1822 4620 1991 4695 ἄρδην

2109 4619 2518 4679 circumventi.

349 4713 575 4775 ἅπαντες
629 4714 982 4772 ἀπολοῦνται.
1038 4715 1168 4769 Ὑπὸ
1222 4714 1322 4788 γὰρ
1379 4716 1476 4768 τοῦ
1530 4713 1700 4767 τόπου
1760 4713 1812 4766 οἱ
1867 4712 2022 4781 πεζοὶ
2085 4708 2455 4788 βοηθούμενοι
2532 4706 2634 4760 οὐκ
2691 4705 2906 4761 έάσουσι
2960 4709 3086 4771 τοὺς
3147 4707 3442 4775 διώκοντας
3494 4711 3751 4779 διελθεῖν,

347 4800 496 4857 ἀλλὰ
521 4803 621 4870 τὴν
655 4799 837 4873 δίωξιν
887 4801 1277 4878 καταλείψουσι
1321 4802 1412 4857 καὶ
1470 4802 1736 4877 ἄπρακτοι
1792 4802 1989 4864 πάντες
2021 4802 2064 4838 ⁸¹
2114 4796 2531 4871 ὑποστρέφουσι,
2608 4795 2737 4858 τοὺς
2809 4793 2917 4867 ἤδη
3016 4801 3553 4877 προκατασχεθέντας

347 4890 569 4947 οἱκείων
600 4890 988 4956 ἀπολέσαντες.

344 5008 516 5085 ΚΕΦἶ
545 5008 649 5064 ΙΒ¹.
689 5009 820 5085 ῌερὶ
873 5008 1074 5085 ἀθρόας
1130 5006 1452 5085 ἐξελεύσεως
1506 5009 1613 5062 τῶν
1672 5004 1994 5079 πολεμίων,

421 5079 529 5171 ττρρ
618 5084 716 5135 τοῦ
771 5078 780 5084 ’
831 5080 898 5136 τὰ
944 5078 1262 5153 ’Ῥωμαϊκὰ
1353 5078 1779 5155 ἐπισυναχθῆναι
1839 5096 1996 5153 στρα-

422 5171 514 5205 τευ
522 5171 685 5223 ματα.

419 5273 482 5331 Εἴ
535 5272 593 5331 δέ
649 5286 712 5351 γὲ
739 5280 848 5331 τῶν
878 5274 1164 5351 πολεμίων
1188 5273 1458 5351 ἐξέλευσις
1490 5273 1656 5353 ἀθρόα
1674 5273 1765 5331 καὶ
1798 5272 1987 5328 σύντο-

3646 4810 3753 4860 τῶν

2106 5003 2259 5062 215
2291 5003 2424 5057 CAP.
2457 5001 2699 5080 Xll._De
2726 5002 2908 5057 subita
2954 5001 3270 5080 incursione
3309 5007 3571 5080 hostium,
3602 5004 3760 5070 ante-

2391 5088 2564 5144 quam
2592 5073 2847 5129 Romanae
2878 5078 3049 5146 copia
3093 5080 3214 5148 cogi
3234 5082 3470 5150 possint.

2171 5271 2227 5327 Si
2249 5270 2317 5326 fit
2346 5268 2541 5324 subita
2559 5273 2618 5325 et
2643 5268 2795 5326 acris
2825 5270 3088 5331 hostium
3136 5275 3584 5353 incursio,quod
3604 5284 3761 5356 apud

1589 5404 1651 5461 C.
1696 5403 1758 5457 Β.
1791 5398 1979 5456 HASII
2028 5394 2584 5454 ANNOTATIONES.

412 5517 456 5596 _"'
478 5516 956 5575 ἀποσταλείτωσαν
991 5521 1165 5580 codd.
1197 5520 1509 5596 ⁴⁸τραχεῖς.
1544 5521 1590 5557 ⁸⁸
1619 5514 1891 5592 βλεπέτω]
1921 5512 1996 5590 βλ·

2108 5532 2234 5567 ντων
2268 5510 2442 5569 codd.
2473 5526 2705 5568 omnes.
2764 5513 2813 5552 ⁵ο
2841 5511 3052 5590 ἳππων]
3083 5516 3294 5573 ἱππέων
3340 5520 3471 5579 cod.
3500 5522 3545 5560 ⁶¹
3597 5510 3757 5581 Fort.

346 5586 581 5651 πάντως.

414 5697 524 5768 (19)
548 5697 675 5754 Sive
702 5698 901 5772 potius
928 5702 1144 5774 ταχεῖς.
1174 5699 1337 5755 Infra
1365 5712 1601 5770 quoque
1633 5697 1764 5754 14⁸7.
1796 5696 1862 5751 Α.
1892 5691 1996 5749 ἳππ

2128 5689 2339 5751 ταχεῖς.
3652 5708 3660 5737 μ
