4152 6312
419 362 538 422 963

1751 346 2180 412 NICEPHORI
2223 347 2508 411 PHOCE

3723 354 3846 416 964

424 495 562 551 illos
587 511 741 566 saepe
771 510 882 549 usu
905 491 1086 556 venit,
1118 506 1311 562 neque
1341 488 1484 545 dum
1504 485 1797 542 exercitus
1817 485 2067 540 Caasarei

2192 503 2291 556 μος
2318 481 2564 557 γένηταί,
2623 481 2711 538 οἳα
2765 480 3040 546 πολλάκις
3095 487 3223 557 παρ’
3253 482 3432 540 αὐτῶν
3479 481 3639 551 εἴωθε
3693 488 3843 563 γίνε-

426 601 615 641 unum
637 585 699 640 in
720 585 918 639 locum
973 581 1158 637 coacti
1192 583 1350 648 sunt,
1381 577 1663 647 solusque
1691 575 1808 630 dux
1854 580 2069 646 praasto

424 681 517 731 est
541 693 553 729 :
577 690 771 744 neque
790 672 889 726 ille
906 676 1147 742 propter
1168 668 1544 739 repentinam
1559 667 1800 721 illorum
1816 665 2072 720 invasio-

424 782 563 820 nem
583 761 928 818 facultatem
963 763 1171 813 nactus
1217 763 1308 812 est
1363 755 1563 828 copias
1602 773 1722 811 sua)
1752 754 2072 826 provincias

424 851 839 925 congregandi,
873 847 1266 919 parvulasque
1307 846 1484 901 habet
1513 851 1690 915 atque
1724 844 1998 916 exiguas:
2023 842 2072 898 si

424 943 583 997 videt
601 941 799 995 hostes
821 938 895 992 ad
926 935 1188 1008 prmdam
1237 935 1376 991 ferri
1426 953 1494 991 ac
1550 934 1832 990 festinare
1882 949 1895 987 :
1963 933 2076 987 scit

423 1036 646 1093 autem,
677 1027 1004 1098 regionem,
1039 1041 1154 1095 quo
1188 1024 1477 1097 impetum
1531 1024 1772 1090 faciant,
1806 1019 2073 1077 nondum

425 1118 802 1184 exinanitam,
834 1115 1226 1184 fortunasque
1258 1114 1320 1168 in
1351 1112 1568 1185 oppida
1598 1113 1796 1168 locave
1843 1109 2076 1166 munita

422 1209 822 1278 comportatas
845 1221 974 1259 esse
1001 1221 1014 1258 :
1043 1208 1276 1275 oportet
1324 1205 1386 1258 in
1443 1201 1740 1273 ejusmodi
1769 1199 2074 1272 regionem

423 1299 542 1353 sive
568 1294 971 1350 turmarcham
993 1292 1113 1347 sive
1136 1292 1286 1346 alios
1308 1291 1619 1363 praefectos
1641 1306 1854 1362 magna
1870 1287 2077 1343 celeri-

423 1392 541 1442 tate
571 1383 840 1440 adbibita
897 1381 1325 1447 transmittere,
1360 1381 1466 1451 qui
1509 1380 1782 1435 hostibus
1839 1377 2072 1433 obviam

427 1477 681 1543 fiant,et,
706 1477 997 1544 quantum
1017 1471 1252 1526 efficere
1275 1471 1526 1542 possint,
1559 1484 1819 1541 paganos
1838 1483 2074 1521 eorum-

426 1585 540 1638 que
573 1581 786 1638 pecora
817 1581 887 1620 ex
919 1563 1073 1636 agris
1100 1563 1357 1618 excitent
1387 1568 1566 1631 atque
1584 1559 1906 1632 expellant.
1931 1559 2002 1612 At
2025 1555 2073 1610 si

424 1657 544 1712 dux
573 1655 752 1722 videt,
785 1655 986 1710 hostes
999 1653 1128 1725 jam
1168 1652 1230 1706 in
1265 1667 1332 1706 eo
1383 1667 1535 1718 esse,
1569 1655 1635 1705 ut
1662 1649 1820 1705 circa
1839 1646 2074 1702 dilucu-

425 1749 548 1803 lum
582 1747 642 1802 in
672 1748 830 1801 vicos
861 1746 1151 1816 impetum
1183 1743 1422 1810 faciant,
1456 1741 1694 1806 debet,a
1725 1747 1886 1813 tergo
1914 1741 2074 1811 ipsos

2188 577 2330 646 σθαι,
2367 577 2536 649 μήπω
2561 579 2670 632 τῶν
2733 576 3033 638 βασιλικῶν
3095 576 3512 652 στρατευμάτων
3546 578 3843 654 ἐπισωρεύ-

2187 666 2408 734 θέντων,
2467 663 2614 720 ἀλλὰ
2701 666 2870 739 μόνου
2924 670 3022 720 τοῦ
3081 671 3409 741 στρατηγοῦ·
3467 665 3609 740 μηδὲ
3679 668 3844 724 αὐτοῦ

2188 753 2508 826 δυνηθέντος
2569 753 2659 810 διὰ
2722 756 2784 810 τὸ
2843 755 3111 829 σύντομον
3170 763 3272 826 τῆς
3306 757 3485 813 αὐτῶν
3519 756 3840 830 ἐξελεύσεως

2184 845 2277 900 τὸν
2308 844 2492 919 ὀλίγον
2525 843 2655 900 λαὸν
2687 847 2735 882 ⁸³
2762 849 2859 900 τοῦ
2906 842 3052 900 ΐδίου
3112 846 3348 919 θέματος
3398 846 3836 924 ἐπισυναγαγεῖν·

2189 933 2336 990 ἀλλὰ
2390 932 2575 1008 ὀλίγον
2633 929 2739 1010 ἔχῃ
2825 933 2917 990 καὶ
2996 934 3381 1009 εὑαρίθμητονο
3444 937 3545 1011 ὁρᾷ
3599 935 3657 992 δὲ
3712 937 3844 999 τοὺς

2187 1024 2491 1098 πολεμίους
2577 1025 2714 1100 πρὸς
2790 1022 2939 1080 λείαν
3024 1024 3356 1090 σπεύδοντας
3409 1027 3501 1082 καὶ
3547 1027 3842 1103 ἐπειγομέο

2184 1133 2330 1177 νους⁶
2363 1112 2566 1190 ἐπιγνῷ
2598 1111 2656 1170 δὲ
2682 1115 2782 1183 τὴν
2839 1115 3051 1190 χώραν,
3107 1115 3160 1170 ἐν
3217 1115 3254 1190 ᾖ
3303 1117 3403 1186 τήν
3463 1117 3640 1191 ὁρμὴν
3703 1139 3840 1172 ποι-

2187 1206 2394 1273 οῦνται,
2485 1206 2656 1277 μήπω
2738 1201 3221 1275 ἐκσπηλευθεῖσαν,
3287 1205 3378 1260 καὶ
3459 1207 3536 1269 εἷς
3619 1207 3687 1262 τὰ
3740 1207 3842 1262 κά-

2188 1314 2342 1370 στρα,
2373 1291 2410 1362 ἤ
2443 1293 2522 1356 sic
2559 1293 2628 1348 τὰ
2685 1294 3024 1370 ὀχυρώματα
3079 1292 3525 1371 φυγαδευθεῖσαν·
3575 1297 3686 1370 Χ.ρὴ
3734 1305 3841 1367 τῆς

2183 1404 2442 1453 τοιαυτης
2527 1383 2716 1458 χώρας
2801 1381 2908 1437 ε⁹ίτε
2957 1383 3048 1438 τὸν
3106 1386 3469 1459 τουρμάρχην
3534 1386 3645 1441 εἳτε
3723 1385 3837 1441 ἐτέ-

2187 1492 2312 1548 ρους
2344 1469 2614 1547 ἄρχοντας
2668 1467 2879 1546 σπουδῇ
2945 1470 3133 1543 πολλῇ
3198 1473 3541 1541 ἀποστεῖλαι,
3597 1473 3687 1528 καὶ
3736 1471 3839 1547 ἔμο

2185 1562 2414 1636 προσθεν
2439 1564 2551 1616 τῶν
2581 1558 2864 1634 πολεμίων
2895 1561 3138 1636 γενέσθαι
3166 1561 3280 1628 καὶ,
3313 1561 3387 1624 ὡς
3446 1564 3560 1617 οἶόν
3615 1583 3673 1617 τε
3704 1561 3831 1632 ὦσι,

2183 1650 2272 1706 xui
2303 1649 2430 1712 τοὺς
2459 1653 2567 1704 τῶν
2599 1649 2824 1725 χωρίων
2853 1649 3144 1726 οἰκήτορας
3175 1648 3264 1704 xui
3295 1649 3362 1705 τὰ
3415 1651 3625 1706 τούτων
3656 1654 3834 1723 κτήνη

2187 1736 2515 1814 φυγαδεῦσαι
2546 1738 2637 1793 xui
2663 1737 3052 1809 ἐκσπηλιῦσαι.
3111 1741 3353 1815 Ὁρῶντα
3411 1738 3468 1795 δὲ
3522 1739 3616 1796 τὸν
3673 1762 3840 1815 στρα-

426 1837 771 1907 insequens,
805 1831 1308 1905 quemadmodum
1339 1830 1611 1902 superius
1639 1826 2067 1885 demonstravi-

2190 1829 2354 1904 τηγὸν
2383 1826 2511 1890 τοὺς
2542 1825 2964 1901 πολεμίουςῆδη
3000 1827 3306 1902 μέλλοντας
3321 1829 3456 1903 πρὸς
3484 1829 3547 1884 τὸ
3574 1830 3677 1899 τῆς
3697 1829 3842 1902 ἠμέ-

427 1941 578 1990 mus,
615 1923 719 1978 illa
748 1923 876 1992 ipsa
898 1925 1070 1976 nocte
1102 1919 1176 1975 ad
1208 1918 1480 1990 prmlium
1512 1919 1863 1988 instructus,
1886 1919 2070 1974 hosti-

425 2013 536 2068 bus
571 2028 632 2068 se
663 2011 1013 2066 ostendere:
1039 2015 1104 2064 ut
1133 2009 1218 2064 sic
1241 2009 1632 2080 comprimere
1660 2025 1864 2063 eorum
1887 2009 2076 2079 impe-

425 2101 1003 2172 tum,regionemque
1023 2097 1385 2154 incolumem
1408 2104 1690 2169 prmstare
1715 2101 2003 2168 queat.Ac
2025 2097 2074 2152 si

426 2191 640 2245 fluvius
657 2194 747 2244 est
778 2189 840 2243 in
871 2188 1107 2254 itinere,
1141 2203 1318 2258 quem
1342 2187 1646 2242 transituri
1681 2191 1819 2241 sunt
1850 2187 2072 2252 hostes,

423 2279 782 2352 angustiaave
821 2282 924 2333 aut
980 2275 1303 2331 difﬁcultas
1352 2275 1482 2345 vias,
1523 2275 1622 2330 ubi
1682 2275 1879 2346 major
1935 2292 2074 2346 pars

423 2384 626 2425 eorum
649 2368 875 2422 ﬂumen
893 2366 1218 2430 transierit,
1244 2363 1334 2419 vel
1365 2382 1428 2420 se
1469 2365 1532 2418 in
1565 2363 2077 2437 angustiasimpli-

421 2457 629 2524 cuerit,
653 2455 945 2528 quosdam
967 2456 1122 2512 218
1145 2454 1206 2508 in
1230 2453 1509 2508 ultimum
1531 2470 1743 2526 agmen
1765 2454 2070 2509 immittat.

422 2551 743 2619 Ipsumque
775 2545 986 2600 ducem
1018 2544 1263 2615 prapius
1319 2542 1598 2598 accedere
1653 2543 1892 2614 expedit
1937 2559 2073 2598 cum

420 2635 738 2709 praafectis,
763 2634 934 2689 lectis
965 2632 1086 2687 illis
1117 2632 1361 2702 quidem
1393 2636 1452 2685 et
1499 2629 1702 2702 probis
1735 2631 1905 2702 equis
1927 2629 2072 2685 insi-

419 2724 920 2794 dentibus,'seque
955 2723 1017 2776 in
1051 2726 1434 2793 conspectum
1466 2720 1606 2776 dare
1631 2721 1981 2787 hostium,et
1999 2719 2074 2774 ad

418 2815 867 2871 dimicationem
891 2812 1173 2869 adversus
1197 2811 1334 2867 illos
1366 2827 1429 2866 se
1447 2808 2073 2882 comparare,perinde

420 2904 590 2977 quasi
606 2903 863 2976 jamjam
899 2907 1057 2957 esset
1086 2901 1360 2973 prmlium
1410 2900 1842 2956 commissurus
1868 2917 1880 2954 :
1905 2901 2072 2971 equi-

416 3011 593 3050 sones
615 2999 814 3049 autem
871 2998 1050 3062 atque
1106 2990 1490 3062 pabulatores
1545 2990 1850 3061 disjungat
1905 3006 1940 3045 a
1986 3006 2070 3056 se,

416 3086 599 3156 inque
630 3084 762 3139 loca
794 3083 1025 3138 munita
1081 3081 1171 3136 vel
1225 3081 1286 3135 in
1343 3079 1627 3150 oppidum
1667 3079 1967 3146 amandet,
2023 3079 2073 3134 si

415 3174 565 3229 forte
600 3173 819 3228 subest.
843 3172 944 3225 Sin
971 3170 1196 3224 ﬂumen
1228 3185 1348 3224 non
1381 3173 1472 3223 est
1502 3169 1564 3223 in
1596 3168 1831 3231 itinere,
1867 3185 2062 3239 neque

417 3261 741 3317 difﬁcultas
809 3261 1059 3324 viarum,
1128 3258 1522 3313 nihilominus
1571 3262 1806 3328 oportet
1842 3256 2062 3313 audere

419 3348 885 3420 aliquantulum,
917 3347 1390 3417 comminarique
1422 3347 1734 3418 impetum,
1768 3346 1956 3402 donec
1993 3347 2066 3402 ab

417 3441 510 3494 his
542 3445 714 3493 nocte
739 3438 831 3493 vel
887 3437 1252 3494 insectatur:
1286 3442 1352 3491 ut
1409 3436 1610 3491 hostes
1634 3435 1734 3490 ubi
1784 3436 2066 3507 praaclare

414 3528 842 3584 intellexerunt
869 3527 1080 3582 ducem
1139 3525 1444 3596 subsequi,
1503 3525 1666 3596 pleni
1723 3524 2065 3581 formidinis

413 3636 609 3691 neque
635 3618 868 3692 longius
889 3617 1388 3689 progredi,neque
1404 3618 1465 3672 in
1486 3617 1644 3672 vicos
1662 3617 2066 3672 incursionem

411 3709 608 3765 facere
629 3707 906 3764 audeant.
940 3707 1004 3762 Id
1039 3707 1086 3763 si
1147 3705 1384 3774 accidit,
1424 3707 1497 3762 ab
1528 3707 1870 3762 imminenti
1901 3707 2067 3763 inva-

413 3801 580 3854 sione
610 3799 788 3864 vicos,
821 3815 856 3854 a
913 3797 1192 3853 servitute
1245 3814 1382 3852 suos
1441 3796 1764 3852 vindicabit
1809 3796 1948 3862 dux,
2009 3803 2067 3852 et

417 3889 706 3945 liberavit.
766 3888 1238 3945 Ostentationem
1265 3893 1466 3943 autem
1500 3893 1560 3942 et
1603 3887 2061 3958 impressionem

420 3995 554 4034 cum
582 3977 890 4050 diligentia
918 3982 1096 4047 atque
1120 3975 1926 4048 providentiamagnafaciat,
1958 3993 2065 4047 per

413 4084 635 4140 paucos
667 4071 726 4121 et
753 4066 961 4132 lectos,
993 4071 1060 4120 ut
1079 4065 1413 4132 docuimus,
1448 4065 1699 4136 equites,
1735 4066 1835 4135 qui
1884 4065 2063 4120 celeri

407 4157 549 4224 fuga
578 4156 650 4210 ad
682 4155 894 4210 ducem
949 4154 1266 4238 locumque
1321 4154 1618 4209 munitum
1670 4159 2060 4224 revertantur,

411 4261 605 4315 neque
637 4245 821 4299 effuse
844 4248 902 4298 et
921 4243 1057 4314 plus
1078 4259 1257 4314 quam
1274 4243 1487 4298 attinet
1517 4243 1578 4297 in
1605 4243 1840 4298 hostem
1857 4249 2053 4300 ruant.

408 4337 552 4390 Nam
588 4333 759 4404 copia
787 4350 893 4404 pro
925 4333 1192 4398 ipsorum
1214 4331 1434 4386 viribus
1465 4331 1647 4386 nimis
1692 4348 1907 4404 magna
1966 4335 2060 4389 in-

407 4422 870 4488 cumbente,cito
898 4419 1146 4477 fortasse
1168 4420 1403 4490 hostilis
1428 4437 1640 4476 manus
1672 4422 1872 4492 praeda
1887 4423 2054 4480 fient:

408 4512 588 4583 idque
611 4511 890 4579 maxime,
925 4510 975 4566 si
1005 4509 1222 4566 accidit
1240 4514 1307 4565 ut
1331 4510 1410 4566 sit
1442 4509 1587 4564 luna
1608 4526 1854 4582 pernox.
1888 4514 1963 4567 At
2009 4513 2056 4568 si

2193 1940 2286 1995 ρας
2317 1916 2628 1990 διάφαυσμα
2655 1922 2774 1974 τοῖς
2805 1919 2956 1991 [139]
2985 1915 3218 1993 χωρίοις
3282 1917 3583 1988 ἐπιθέσθαι,
3617 1921 3838 1983 ὄπισθεν

2182 2007 2376 2063 αὐτοὺς
2410 2005 2906 2074 ἐπακολουθοῦντα,
2966 2008 3147 2071 καθὼς
3193 2005 3450 2082 ἀνωτέρω
3507 2006 3837 2082 εἰρήκαμεν,

2180 2103 2248 2172 τῇ
2281 2099 2417 2172 αὐτῇ
2444 2099 2595 2153 νυκτὶ
2629 2095 2711 2153 δεῖ
2737 2095 3136 2176 ἐμφανισθῆναι
3187 2103 3303 2159 τοῖς
3351 2095 3667 2171 πολεμίοις,
3698 2099 3838 2170 πρὸς

2181 2189 2428 2262 πόλεμον
2461 2186 2620 2254 δῆθεν
2654 2188 3224 2264 παρασκευαζόμενον.
3277 2190 3370 2246 Ἰν’
3421 2189 3496 2252 ὡς
3529 2189 3589 2245 ἐκ
3633 2191 3836 2246 τούτου

2181 2275 2384 2351 δυνηθῇ
2455 2277 2554 2346 τήν
2615 2277 2793 2352 ὁρμήν
2849 2275 3024 2332 αὐτῶν
3084 2277 3418 2345 ἀναστεῖλαι,
3479 2275 3568 2332 καὶ
3615 2271 3836 2344 ἀϐλαϐῆ

2179 2369 2276 2435 τήν
2309 2370 2496 2442 χώραν
2530 2363 2877 2440 διατηρῆσαι.
2913 2365 3018 2422 Καὶ
3051 2365 3097 2420 εἰ
3159 2367 3253 2438 μὲν
3314 2365 3562 2440 ποταμός
3600 2366 3742 2420 ἐστιν
3776 2365 3828 2421 ἐν

2176 2459 2246 2529 τῇ
2280 2452 2392 2527 ὁδῷ
2423 2451 2774 2530 δυσπέρατος,
2807 2454 2896 2508 καὶ
2933 2453 3198 2527 μέλλουσι
3251 2459 3443 2510 τοῦτον
3485 2452 3743 2526 διαπερᾷν
3774 2455 3828 2509 οἱ

2179 2543 2462 2616 πολέμιοι,
2495 2543 2530 2614 ἧ
2565 2542 2818 2618 οτέρωμα
2847 2545 2881 2613 ἢ
2907 2541 3190 2618 δυσχωρία
3246 2543 3296 2598 ἐν
3349 2549 3418 2618 τῇ
3477 2542 3609 2617 ὁδῷ,
3669 2544 3832 2614 ἡνίκα

2177 2635 2270 2690 τὸν
2303 2635 2550 2708 ποταμὸν
2571 2634 2624 2688 oi
2648 2633 2876 2696 πλείους
2909 2631 3323 2708 διαπεράσωσιν,
3382 2636 3416 2703 ἢ
3472 2634 3550 2697 εἷς
3587 2635 3650 2689 τὸ
3712 2635 3828 2689 στέο

2177 2745 2336 2796 νωμα
2367 2726 2721 2799 χωρηθῶσιν,
2776 2723 2853 2786 εἷς
2909 2724 3000 2777 τὸν
3035 2719 3252 2788 ὄπισθεν
3287 2722 3418 2779 λαὸν
3453 2725 3633 2779 αὐτῶν
3683 2724 3817 2778 ἀπο-

2179 2816 2408 2875 στεῖλαι.
2453 2817 2558 2874 Καὶ
2618 2815 2776 2872 αὐτὸν
2835 2815 3039 2871 ἐκεῖνον
3093 2815 3185 2871 τὸν
3238 2818 3538 2892 στρατηγὸν
3595 2837 3834 2892 παραγε-

2178 2907 2358 2960 νέσθαι
2394 2906 2528 2979 μετᾶ
2551 2903 2816 2961 ἐκλεκτῶν
2851 2904 3131 2980 ἀρχόντων
3185 2904 3276 2960 καὶ
3334 2904 3834 2980 καλοῗππαράτων,

2177 2997 2268 3052 καὶ
2299 2997 2692 3074 ἐμφανισθῆναι
2726 3001 2843 3058 τοῖς
2874 2993 3190 3068 πολεμίοις,
3222 2996 3313 3050 καὶ
3345 2995 3480 3070 πρὸς
3515 2998 3702 3070 μάχην
3728 2993 3831 3064 δῆ-

2179 3097 2264 3149 θεν
2292 3087 2407 3141 κατ’
2435 3086 2613 3141 αὐτῶν
2647 3085 3176 3160 παρασκευασθῆναι,
3206 3089 3304 3139 τοῦ
3363 3079 3662 3158 συμϐαλεῖν
3722 3084 3828 3140 πό-

2178 3172 2368 3248 λεμον·
2398 3173 2524 3236 τοὺς
2576 3175 3027 3249 παριππαράτους
3083 3172 3172 3228 καὶ
3231 3173 3674 3247 ἐνταγιστράτους
3713 3175 3827 3245 (20)

2178 3262 2529 3339 διαχωρίζων
2617 3262 2666 3336 ἐξ
2728 3263 2916 3330 αὐτοῦ,
2999 3263 3089 3317 xui
3147 3261 3227 3324 εἷς
3302 3263 3662 3338 ὀχυρώματα,
3721 3263 3830 3318 ε’ἰτε

2169 3353 2399 3424 κάστρον
2434 3351 2814 3422 ἀποστέλλων,
2848 3351 2893 3406 εἰ
2922 3350 3068 3426 τύχῃ
3101 3349 3359 3421 πλησίον.
3395 3350 3460 3407 Εἴ
3491 3349 3548 3406 δὲ
3577 3352 3827 3424 ποταμὸς

2170 3441 2269 3497 οὐκ
2324 3439 2467 3498 ἔστιν
2528 3438 2654 3496 οὐδὲ
2701 3439 2983 3516 δυσχωρία
3057 3440 3109 3496 ἐν
3157 3444 3226 3515 τῇ
3260 3438 3394 3513 ὁδῷ,
3442 3442 3533 3496 xui
3569 3440 3828 3496 ὡσαύτως

2170 3528 2254 3586 δεῖ
2311 3530 2503 3605 μικρόν
2551 3551 2604 3586 τι
2661 3525 3213 3604 παραϐουλεύσασθαι
3269 3529 3361 3584 καὶ
3441 3530 3576 3606 πρὸς
3636 3531 3822 3602 μάχην

2169 3619 2435 3694 ὁρμῆσαι,
2465 3616 2572 3682 ἕως
2603 3617 2664 3675 οῦ
2720 3619 2810 3674 καὶ
2869 3615 3182 3693 ἐπιδιωχθῇ
3229 3619 3277 3655 ⁵³
3330 3619 3456 3693 παρ’
3511 3617 3686 3674 αὐτῶν
3753 3622 3824 3692 τῇ

2167 3710 2342 3764 νυκτί·
2387 3706 2480 3764 (ίνα
2541 3706 2988 3784 διαγινώσκοντες
3045 3713 3229 3785 σαφῶς
3285 3708 3338 3762 οἱ
3397 3706 3663 3780 πολέμιοι
3723 3709 3818 3763 τὸν

2168 3801 2469 3874 στρατηγὸν
2502 3798 3003 3870 ἐπακολουθοῦντα,
3037 3797 3369 3868 συσταλῶσι,
3419 3797 3512 3853 καὶ
3550 3796 3824 3871 μηδαμῶς

2167 3886 2414 3959 ἐξελάσαι
2471 3887 2819 3962 τολμήσωσι,
2874 3888 2964 3942 xui
3041 3889 3140 3958 τήν
3203 3887 3438 3942 ἐπίθεσιν
3521 3889 3657 3943 κατά
3709 3893 3818 3943 τῶν

2168 3979 2392 4052 χωρίων
2448 3979 2809 4048 ποιήσωνται,
2899 3978 2995 4032 Καὶ
3053 3976 3250 4032 τούτου
3331 3977 3654 4052 γενομένου,
3721 3985 3824 4046 τῆς

2169 4066 2484 4141 μελλούσης
2516 4068 2760 4143 γενέσθαι
2789 4064 3100 4141 ἐπιδρομῆς
3159 4065 3211 4121 ἐν
3271 4071 3388 4121 τοῖς
3438 4066 3676 4142 χωρίοις
3734 4067 3823 4121 καὶ

2164 4156 2551 4232 αἰχμαλωσίας
2584 4156 2798 4233 ῥύσεται
2829 4156 3048 4230 αὐτοὺς,
3091 4156 3182 4211 καὶ
3239 4155 3611 4231 ἐλευθερώσει.
3675 4155 3824 4212 Μετὰ

2164 4245 2386 4315 πολλῆς
2447 4243 2505 4301 δὲ
2561 4241 2839 4320 ἀκριϐείας
2896 4245 2984 4301 xui
3045 4244 3376 4320 διασκέψεως
3432 4245 3660 4300 ποιείτω
3717 4247 3816 4320 τὴν

2165 4332 2382 4406 ἔνδειξιν
2413 4335 2505 4390 καὶ
2533 4336 2651 4390 κατ’
2700 4335 2878 4390 αὐτῶν
2935 4330 3280 4408 προσϐολὴν,
3336 4332 3406 4389 δι’
3463 4334 3666 4408 όλίγων
3730 4318 3821 4388 καὶ

2163 4423 2455 4492 ἐκλεκτῶν,
2489 4425 2562 4487 ὡς
2595 4419 2827 4501 ἔφημεν,
2863 4423 3097 4490 ἱππέων,
3155 4424 3245 4478 καὶ
3305 4423 3508 4488 εὐθέως
3557 4424 3822 4496 ὑποστρε-

2163 4515 2440 4588 φέσθωσαν
2492 4511 2782 4592 φεύγοντες
2837 4512 2974 4589 πρὸς
3054 4513 3144 4568 τὸν
3204 4513 3507 4588 στρατηγὸν
3593 4512 3682 4566 xui
3758 4513 3820 4566 τὸ

407 4618 524 4656 nox
549 4600 754 4656 illunis
777 4604 867 4655 est
887 4604 946 4654 et
964 4598 1236 4662 obscura,
1252 4599 1382 4654 sine
1406 4599 1527 4654 ullo
1552 4599 1930 4655 incommodo
1945 4619 2049 4656 suo

2176 4601 2461 4678 ὶχύρωμα,
2493 4603 2583 4656 xui
2619 4603 2696 4675 μὴ
2731 4601 2980 4676 ἀμέτρως
3021 4601 3112 4657 xui
3150 4600 3297 4676 παρὰ
3353 4601 3414 4656 τὸ
3475 4597 3595 4656 δέον
3649 4599 3820 4677 ἐφορ-

405 4707 534 4746 rem
565 4689 896 4762 perficient,
956 4705 1106 4760 eque
1134 4687 1364 4744 duabus
1413 4687 1590 4743 rebus
1620 4688 1868 4744 alteram
1896 4697 2054 4746 certe

405 4779 804 4833 obtinebunt:
836 4782 939 4833 aut
958 4777 1118 4833 enim
1170 4777 1533 4842 efﬁcient,ut
1562 4777 1762 4833 hostes
1810 4779 2054 4834 omnino

405 4867 739 4938 praedatum
762 4883 882 4922 non
914 4867 1062 4922 217
1099 4871 1333 4930 exeant,
1366 4871 1488 4933 aut,
1532 4866 1578 4920 si
1604 4866 1663 4921 id
1719 4867 1958 4936 faciant,
1992 4874 2058 4923 ut

407 4959 565 5029 certe
589 4961 726 5012 ante
748 4955 956 5010 albens
986 4956 1224 5026 penitus
1245 4954 1457 5010 cmlum
1476 4971 1598 5010 non
1621 4959 1818 5012 autem
1835 4957 2056 5030 egredi,

405 5049 666 5115 tuncque
697 5045 870 5116 pauci
901 5043 1488 5115 duntaxat.Plerique
1521 5044 1706 5112 enim,
1743 5045 1911 5102 ducis
1940 5047 2056 5101 im-

2167 4692 2424 4763 μάτωσαν
2481 4692 2618 4746 κατά
2665 4695 2774 4746 τῶν
2833 4690 3070 4766 ἐχθρῶν.
3131 4693 3278 4746 Λαοῦ
3333 4691 3438 4766 γὰρ
3491 4688 3629 4752 ’ίσως
3677 4689 3822 4764 παρὰ

2163 4782 2264 4850 τήν
2299 4781 2478 4835 αὐτῶν
2509 4777 2736 4854 δύναμιν
2769 4781 2953 4843 αὐτοῖς
3009 4780 3507 4858 ἐπιφορτισθέντος,
3548 4777 3822 4851 πολεμίας

2165 4871 2356 4950 Χειρὸς
2389 4877 2582 4936 θᾶττον
2610 4877 2930 4948 γενήσονται
2960 4873 3359 4949 παρανάλωμα·
3414 4873 3507 4928 xui
3557 4871 3816 4945 μάλιστα,

2167 4959 2214 5014 εἰ
2244 4959 2391 5035 τύχῃ
2423 4959 2760 5032 πανσέληνον
2795 4960 2929 5016 εἶναι
2979 4961 3078 5029 τήν
3134 4959 3316 5015 νύκτα.
3351 4958 3420 5017 Ei
3478 4957 3536 5014 δὲ
3574 4959 3816 5037 ἀφεγγής

2169 5047 2279 5105 ἐστι
2331 5049 2422 5104 καὶ
2479 5047 2756 5126 ζοφώδης,
2814 5045 3077 5113 ἀϐλαϐῶς
3133 5051 3234 5120 τὴν
3302 5049 3561 5121 τοιαύτην
3620 5049 3812 5124 πρᾶξιν

1656 5244 1715 5296 G.
1750 5242 1812 5299 Β.
1857 5244 2048 5302 HASII
2075 5247 2636 5308 ANNOTATIONES.

474 5427 524 5463 δ’
560 5426 652 5481 τὸν
691 5422 882 5500 ὀλίγον
911 5421 1061 5483 λαόν.
1095 5428 1367 5484 Fortasse
1388 5427 1728 5487 inducenda
1767 5449 1874 5488 vox
1897 5429 2067 5508 ὄλίγοη

403 5499 453 5536 ω
486 5496 796 5536 z-.x:.....n:1
834 5500 1100 5536 'mconfnun
1128 5505 1191 5536 ιιι
1225 5500 1480 5536 annuum
1511 5501 1782 5536 ολιιςιιιςει
1839 5504 2028 5536 ομπος
2063 5526 2067 5536 .

2176 5438 2865 5536 ΞΞθ-,ῗξιξξι-δὶξξξξι-Ιξηοε
2923 5440 2986 5498 in
3041 5441 3200 5500 hanc
3238 5452 3546 5513 emergere
3604 5437 3820 5510 potuit.

486 5496 809 5575 ἐπιδωχθῇῘ
829 5500 1100 5556 Insectare
1128 5505 1195 5557 ut
1223 5500 1484 5558 activum
1509 5501 1804 5571 adhibuit,
1839 5496 2030 5563 Plauti
2061 5496 2476 5568 auctoritatem
2487 5496 2769 5569 'secutus.

493 5675 608 5751 (20)
638 5675 717 5731 De
747 5665 1190 5747 παριππαράτοις
1219 5671 1339 5728 dixi
1362 5673 1494 5729 266.
1524 5673 1586 5730 Ο.
1631 5671 1845 5734 Vocem
1881 5672 2066 5751 ἐνταγι

2176 5677 2289 5735 άτοι
2319 5683 2562 5754 exponit
2584 5683 2923 5757 Ducangius
2951 5682 3141 5740 Gloss.
3176 5682 3248 5740 II.
3283 5681 3440 5737 1523.
3472 5679 3537 5736 Β.
