4146 6302
289 405 431 472 ’965
1613 407 2040 469 VELITATIO
2081 407 2184 467 BE
2196 406 2420 467 LLICA
3601 408 3720 468 966

305 542 651 620 ἐργάσονται,
703 541 796 597 καὶ
863 539 1012 597 δυοῖν
1073 542 1294 616 θάτερον
1348 537 1548 602 πάντος
1609 545 1818 616 φανεῖεν
1869 560 1962 595 κα-

2096 545 2282 613 )θῐυω
2313 539 2501 612 veriti,
2534 556 2568 596 a
2597 539 2780 613 signis
2811 539 3064 596 Amariaa
3094 557 3214 596 non
3245 540 3570 597 discedent.
3611 545 3719 607 Ita,

303 633 684 708 τωρθωκότες·
746 631 783 700 ἢ
845 629 1110 705 μηδόλως
1165 628 1413 701 ἐξελάσαι
1469 629 1607 704 πρὸς
1663 628 1810 685 λείαν
1836 628 1967 691 τοὺς

2096 631 2128 684 si
2159 630 2244 686 sic
2275 646 2335 685 se
2365 630 2615 702 gesserit
2644 630 2782 701 dux,
2815 630 3028 702 pagani
3060 629 3124 684 in
3152 629 3284 685 loca
3312 631 3542 686 monita
3572 636 3631 686 et
3659 631 3720 686 in

307 722 616 796 πολεμίους
675 720 1200 797 παρασκευάσαντες,
1265 721 1317 791 ἢ,
1379 718 1527 794 εἴπερ
1587 718 1676 774 καὶ
1707 717 1855 780 ὅλως
1881 716 1970 773 ἐκ-

2096 719 2297 790 )ppida
2323 719 2506 791 elapsi
2536 719 2868 774 incolumes
2897 719 3306 774 servabuntur.

307 812 616 889 δράμῶσιν,
662 813 795 887 ἄχρι
833 815 934 864 τοῦ
979 809 1206 885 αὐγάσαι
1263 810 1361 879 τὴν
1421 807 1630 885 ἡμέραν
1697 828 1899 883 τεγεως
1975 804 2231 880 ουδαμως
2307 806 2549 880 ἐξελασαι
2625 805 3041 880 καττολμήσοσι
3118 809 3200 881 [Ρ.
3265 809 3410 881 140],
3477 809 3567 862 καὶ
3597 807 3722 862 τότε

310 903 493 980 ὀλίγοι
525 901 690 963 τινές.
733 902 797 954 Ol.
861 901 962 975 γὰρ
1030 899 1254 962 πλείους
1319 899 1411 954 τὸν
1478 897 1625 973 παρά
1686 901 1783 952 τοῦ
1849 900 2154 971 στρατηγοῦ
2186 895 2433 969 πόλεμον
2467 895 2810 973 ὑφορώμενοι
2841 902 2940 965 τῆς
2971 900 3068 950 τοῦ
3094 897 3320 971 ’Δμηρᾶ
3371 898 3718 974 παρατάξεως

314 992 416 1048 ούκ
470 991 889 1061 ἀποστήσονται.
961 988 1060 1043 Καὶ
1127 987 1299 1050 οὕτως
1365 991 1654 1052 ποιοῦντος
1715 983 1813 1042 τοῦ
1878 987 2206 1060 στρατηγοῦ,
2247 983 2544 1062 ἐκφύγωσιν
2598 983 2650 1038 οἱ
2695 988 2804 1038 τῶν
2835 983 3058 1059 χωρίων
3113 984 3403 1062 οῗκήτορες
3465 984 3542 1048 εἴς
3573 1006 3630 1040 τε
3657 985 3724 1040 τὰ

311 1081 656 1156 ὀχυρώματα
684 1078 774 1134 καὶ
803 1079 872 1134 τὰ
899 1079 1124 1153 κάπρα,
1151 1079 1241 1132 καὶ
1270 1071 1534 1140 ἀϐλαϐεῖς
1564 1072 1992 1151 διατηρηθῶσιν.

2073 1200 2206 1254 CAP.
2236 1198 2352 1254 XII.
2383 1200 2456 1254 De
2486 1197 2729 1268 insidiis,
2761 1217 2882 1270 qua:
2913 1207 3102 1256 contra
3133 1210 3560 1274 imensuratores,
3592 1219 3727 1274 quos

2357 1287 2630 1338 vocamus,
2664 1274 2726 1325 in
2774 1278 3082 1328 castrorum
3126 1273 3256 1329 locis
3284 1279 3444 1346 ﬁant-

309 1208 476 1264 ΚΕΦ.
518 1205 616 1260 II“.
653 1203 781 1279 Περὶ
827 1206 930 1279 τοῦ
977 1200 1288 1279 ἐνεδρεῦσαι
1330 1201 1615 1279 κατάῌτῶν
1651 1198 1962 1274 λεγομένων

604 1272 1046 1350 μινσουρατόρων
1093 1272 1145 1328 ἐν
1196 1277 1316 1336 τοῖς
1349 1272 1676 1344 ἀπλήκτοις.

381 1385 501 1439 Τῶν
562 1378 620 1436 δὲ
676 1378 959 1452 πολεμίων
1021 1383 1376 1454 φωσσατικῶς
1433 1378 1530 1441 τὰς
1579 1379 1768 1454 χώρας
1803 1379 1965 1449 ἡμῶν

310 1470 610 1545 δῃούντων,
643 1470 727 1524 καὶ
767 1474 975 1545 κοῦρσα
1021 1468 1302 1545 ποῤῥωθεν
1355 1468 1432 1541 μὴ
1487 1464 1961 1531 ἀποστελλόντων,

309 1559 436 1616 ἀλλ’
496 1558 719 1623 ἑαυτοὺς
775 1557 1248 1633 ἀσφαλιζομένων,
1309 1553 1597 1612 σπουδάσει
1656 1553 1728 1611 δι’
1783 1555 1963 1630 ἐτέρας

2150 1377 2360 1432 Hostes
2393 1377 2441 1432 si
2474 1377 2684 1432 castris
2714 1378 2884 1434 factis
2911 1380 3242 1450 provincias
3283 1387 3518 1438 nostras
3552 1400 3730 1454 popu-

2072 1465 2295 1535 lantur,
2323 1483 2518 1538 neque
2572 1467 2803 1541 longius
2860 1470 3222 1540 praadatores
3265 1471 3592 1540 dimittunt,
3627 1473 3730 1528 sed

2075 1572 2204 1611 sese
2235 1555 2601 1625 custodiunt,
2636 1574 2881 1629 operam
2913 1559 3096 1626 dabit,
3130 1566 3195 1614 ut
3228 1560 3344 1616 alio
3389 1568 3726 1617 commento

315 1655 578 1725 μηχανῆς
628 1647 990 1724 τραυματίσαι
1048 1645 1261 1709 αὐτούς.
1322 1652 1694 1715 Διασκοπῆσαι
1745 1642 1804 1699 δὲ
1849 1645 1962 1720 χρή

2096 1661 2176 1698 :os
2207 1645 2360 1699 male
2384 1645 2617 1702 habeat.
2642 1647 2941 1718 Dispicere
2964 1655 3198 1719 oportet
3225 1655 3402 1721 atque
3431 1652 3729 1722 conjectu-

311 1739 404 1792 καὶ
460 1738 851 1812 στοχάσασθαι,
909 1736 998 1814 ἀφ’
1056 1736 1118 1791 οῦ
1169 1737 1342 1791 τόπου
1393 1735 1457 1790 τὸ
1511 1739 1619 1790 τῶν
1678 1732 1962 1807 πολεμίων

2096 1749 2203 1788 ⁵8111
2234 1749 2466 1805 capere,
2500 1740 2624 1788 tum
2656 1752 2773 1805 qua
2802 1752 2871 1790 ex
2902 1742 3068 1808 parte
3091 1738 3351 1794 hostium
3375 1746 3565 1795 castra
3586 1742 3726 1809 sint,

314 1826 550 1903 ὑπάρχει
600 1826 906 1897 ἄπληκτον,
959 1823 1049 1880 καὶ
1083 1825 1134 1880 ἐν
1195 1825 1340 1898 ποίῳ
1393 1827 1462 1899 τῇ
1517 1824 1742 1898 ἐπιούσῃ
1775 1820 1971 1896 μέλλει

2096 1838 2201 1876 ,um
2223 1822 2324 1876 ubi
2354 1822 2638 1893 postridie
2669 1825 2798 1895 ejus
2820 1824 2937 1879 diei
2964 1826 3084 1880 sint
3110 1829 3408 1883 metaturi.
3434 1830 3541 1894 Qui
3563 1829 3729 1884 locus

315 1915 671 1986 ἂπληκεύειν.
731 1914 835 1971 Καὶ
895 1913 940 1968 εἰ
1012 1913 1348 1988 μακρότατόν
1407 1912 1517 1968 ἐστι
1569 1913 1631 1967 τὸ
1699 1911 1975 1985 διάστημα

2096 1908 2131 1962 si
2163 1908 2398 1981 longius
2428 1909 2596 1964 abest
2625 1925 2660 1964 a
2689 1911 2918 1979 castris,
2952 1911 3026 1966 ad
3075 1919 3304 1969 sextum
3357 1916 3726 1979 milliarium,

312 2010 414 2061 τοῦ
472 2005 783 2076 ἀπλήκτου,
841 2003 968 2058 ὡσεὶ
1029 2002 1229 2076 μιλίων
1279 1998 1334 2072 ἐξ
1389 2003 1458 2070 ⁵⁴,
1524 2002 1615 2057 καὶ
1675 1997 1825 2071 δέκα,
1882 1999 1972 2054 καὶ

2096 2003 2183 2052 ιυι
2213 1997 2532 2068 decimum,
2560 2004 2663 2054 aut
2691 2000 2866 2068 ultra,
2896 2005 2961 2055 ut
3009 2001 3240 2057 itineris
3267 2003 3570 2076 longitudo
3599 2005 3733 2059 lan—

315 2093 583 2164 ἐπέκεινα,
634 2091 774 2148 ὥστε
810 2091 874 2147 τὸ
928 2098 1030 2161 τῆς
1089 2089 1219 2145 ὀδοῦ
1277 2096 1455 2162 μῆκος
1511 2086 1764 2144 δύνασθαι
1811 2109 1974 2144 κατα-

2096 2092 2328 2158 ςυοιιιθδ
2357 2087 2518 2158 ipsos
2543 2087 2937 2160 jumentaque
2982 2105 3186 2146 eorum
3235 2092 3470 2148 efficere
3501 2095 3686 2165 possit
3713 2108 3728 2149 :

313 2183 524 2240 κόπους
555 2180 753 2244 αὐτοὺς
808 2201 867 2236 τε
921 2180 1013 2236 καὶ
1066 2179 1195 2242 τοὺς
1241 2179 1452 2241 ἳππους
1507 2179 1686 2234 αὐτῶν
1744 2177 1972 2254 ἐργάσα-

2106 2180 2247 2230 uxta
2271 2175 2443 2231 illum
2474 2176 2692 2246 locum,
2749 2177 2850 2232 ubi
2909 2179 3187 2234 metaturi
3245 2186 3402 2248 sunt,
3436 2182 3484 2236 si
3531 2183 3729 2253 inspe-

314 2285 460 2338 σθαι·
493 2271 733 2343 πλησίον
759 2275 856 2326 τοῦ
901 2271 1097 2340 τόπου,
1158 2270 1211 2324 ἐν
1258 2269 1304 2342 ᾦ
1365 2268 1631 2338 μέλλουσι
1662 2266 1974 2337 καταλύειν,

2096 2267 2278 2322 :tione
2333 2268 2489 2323 facta
2554 2267 2869 2324 latibulum
2946 2275 3346 2341 opportunum
3413 2271 3730 2339 inveneris,

316 2359 714 2430 διασκοπήσας,
744 2360 836 2414 καὶ
886 2359 1056 2434 εὑρὼν
1107 2356 1281 2433 λόχον
1328 2354 1659 2428 ἐπιτήδειον,
1694 2357 1976 2432 μαχίμους

2096 2357 2313 2428 equites
2372 2357 2558 2412 lectos
2614 2357 2996 2429 valentesque
3053 2365 3372 2426 trecentos,
3431 2360 3521 2416 vel
3555 2361 3734 2416 etiam

312 2451 407 2507 καὶ
466 2447 760 2511 ἐκλεκτοὺς
816 2445 1016 2522 ἄνδρας
1072 2449 1307 2509 ἱππότας
1366 2448 1734 2524 τριακοσίους,
1789 2446 1823 2516 ἢ
1883 2446 1971 2500 καὶ

2096 2445 2416 2518 pauciores,
2449 2445 2728 2501 dimissos
2785 2447 2867 2502 ibi
2920 2448 3122 2503 abdes.
3169 2450 3235 2503 In
3267 2449 3470 2504 alteris
3501 2450 3735 2504 insidiis

317 2539 524 2594 τούτων
553 2533 803 2607 ἔλαττον,
857 2535 1284 2609 ἀπολεξάμενος,
1336 2535 1388 2590 ἐν
1438 2537 1588 2608 αύτῷ
1617 2534 1972 2610 ἀποκρύψεις.

321 2629 692 2698 Καταστήσεις
761 2624 818 2681 δὲ
887 2626 977 2682 καὶ
1058 2626 1242 2702 έσέραν
1319 2622 1533 2699 ἐνέδραν
1594 2624 1728 2698 μετὰ
1780 2625 1976 2686 παντὸς

323 2720 422 2770 τοῦ
478 2714 614 2772 λαοῦ
678 2736 774 2770 σου
823 2713 875 2770 ἐν
929 2712 1224 2787 ἐπιτηδείῳ
1279 2715 1455 2786 τόπῳ,
1503 2710 1687 2789 ἔχοντι
1717 2713 1808 2768 καὶ
1840 2712 1980 2788 ὀχύ-

331 2824 495 2880 ρωμα
545 2804 621 2868 είς
703 2803 998 2878 ἀσφάλειαν
1075 2802 1259 2860 αὐτοῦ.
1344 2802 1410 2860 El
1470 2799 1527 2857 δὶ
1602 2802 1692 2857 καὶ
1747 2802 1974 2878 κᾶστρον

329 2892 571 2965 πλησίον
625 2893 792 2969 τύχῃ,
848 2892 960 2948 ἐστὶ
1017 2893 1104 2948 καὶ
1166 2891 1294 2948 αὐτὸ
1354 2891 1428 2953 εἷς
1466 2887 1849 2966 περισσοτέραν
1883 2913 1977 2946 σου

328 2982 602 3057 σωτηρίαν
646 2981 734 3037 καὶ
793 2981 1080 3056 ὠφέλειαν.
1137 2981 1234 3035 Καὶ
1297 2980 1348 3036 εἴ
1403 2979 1561 3056 χρεία
1616 2981 1839 3055 γένηται
1868 2985 1975 3035 τῶν

325 3075 526 3143 πεζῶν,
585 3070 940 3144 ἐξελθέτωσαν
999 3070 1089 3126 καὶ
1158 3069 1308 3125 αὐτοὶ
1370 3074 1472 3124 τοῦ
1528 3070 1784 3143 κάστρου,
1843 3091 1978 3143 συμ-

325 3165 630 3237 μαχοῦντες
656 3162 747 3216 καὶ
806 3156 1228 3231 ἐπιϐοηθοῦντές
1290 3179 1395 3216 σοι.
1447 3160 1515 3217 Ol
1547 3157 1604 3214 δὲ
1633 3159 1975 3235 προτρέχον-

316 3270 406 3312 τες
461 3254 555 3304 τοῦ
614 3247 752 3304 λαοῦ
808 3253 915 3304 τῶν
971 3248 1255 3322 πολεμίων
1313 3244 1643 3304 καταλαϐεῖν
1683 3251 1775 3304 τὸν
1805 3244 1972 3304 τόπον

319 3338 458 3412 πρὸς
487 3337 551 3391 τὸ
582 3336 893 3410 εὐτρεπίσαι
952 3336 1018 3391 τὰ
1072 3337 1274 3391 ἑαυτῶν
1332 3333 1608 3407 ἄπληκτα,
1655 3336 1732 3398 ὠς
1776 3335 1976 3406 εἷ’ὠθει,

322 3425 417 3490 οὕς
479 3425 920 3501 μινσουμάτορας
978 3424 1207 3490 εἴθισται
1264 3426 1564 3499 Ῥωμαίοις
1622 3424 1836 3497 καλεῖν,
1893 3437 1985 3491 καὶ

325 3513 758 3590 ἀσχολουμένων
805 3514 857 3569 ἐν
919 3515 1126 3587 αὐτοῖς,
1187 3513 1547 3588 ἐξελθέτωσαν
1576 3516 1695 3570 κατ’
1726 3514 1900 3570 αὐτῶν
1933 3511 1984 3570 οἳ

325 3605 477 3681 παρά
523 3607 620 3659 σοῦ
653 3603 705 3658 ἐν
734 3608 816 3676 τῷ
872 3603 1075 3680 πρώτῳ
1130 3602 1281 3678 λόγῳ
1311 3603 1544 3674 πλησίον
1571 3601 1668 3658 τοῦ
1698 3604 1985 3674 ἀπλήκτου

327 3692 794 3767 προκαταστάντες
854 3691 1017 3762 ὀξέως
1070 3691 1164 3746 σὺν
1222 3689 1413 3763 ἐλασίᾳ
1463 3688 1676 3764 πολλῇ,
1716 3696 1813 3746 τοῦ
1859 3692 1984 3746 τού-

329 3803 456 3843 τους
489 3780 720 3857 βοηθείᾳ
749 3785 884 3836 Θεοῦ
935 3781 1318 3857 χειρώσονται.
1375 3779 1478 3836 Καὶ
1510 3779 1564 3834 εἷ’
1587 3801 1650 3855 γε
1677 3780 1902 3843 τούτους
1934 3783 1986 3836 οἱ

337 3870 529 3945 ἐχθροὶ
559 3868 985 3941 καταδιώξουσιν
1012 3867 1117 3932 ἕως
1164 3875 1261 3925 τοῦ
1305 3871 1497 3940 τόπου,
1544 3869 1595 3924 ἐν
1647 3870 1796 3945 ᾧπερ
1830 3868 1985 3925 δυναο

333 3961 427 4015 τὸν
484 3957 774 4035 ἔγκρυμμα
828 3959 1182 4029 κατέστησας,
1236 3958 1594 4034 ἐξερχόμενος
1653 3959 1769 4013 κατ’
1813 3961 1985 4014 αὐτῶν

335 4045 574 4124 ἀνδρικῷ
629 4048 718 4102 καὶ
771 4047 1002 4123 γενναίῳ
1087 4049 1371 4120 ὁρμήματι
1445 4047 1824 4122 ὑπερισχύσεις
1882 4053 1988 4104 τῶν

335 4135 670 4209 διωκόντων,
729 4137 819 4192 καὶ
875 4137 1138 4212 τρόπαιον
1203 4137 1430 4210 μνήμης
1489 4134 1636 4208 ἄξιον
1693 4136 1986 4212 ἀνεγερεῖς.

2085 2538 2274 2589 totum
2305 2535 2632 2590 exercitum
2661 2541 2830 2590 tuum
2859 2537 3180 2592 collocabis
3205 2538 3334 2594 loco
3366 2539 3602 2606 idoneo,
3635 2539 3736 2610 qui

2085 2623 2445 2678 ﬁrmamenti
2472 2641 2651 2679 causa
2679 2625 3076 2681 munitionem
3104 2626 3336 2682 habeat.
3370 2627 3426 2681 Si
3453 2629 3737 2700 oppidum

2085 2712 2306 2782 subest,
2334 2712 2394 2766 id
2426 2729 2662 2784 quoque
2683 2713 2759 2768 ad
2780 2714 3032 2770 salutem
3051 2717 3549 2787 commodumque
3573 2724 3738 2773 tuum

2085 2800 2412 2872 plurimum
2461 2801 2708 2860 confert.
2741 2804 2809 2857 Et
2858 2803 2906 2858 si
2939 2804 3169 2875 pedites
3197 2821 3344 2877 opus
3375 2807 3739 2879 sunt,egredi

2084 2889 2175 2945 illi
2205 2896 2458 2961 possunt
2487 2907 2558 2945 ex
2588 2889 2824 2962 oppido,
2852 2893 3171 2964 pugnaturi
3203 2910 3325 2949 una
3356 2900 3550 2950 tecum
3585 2897 3738 2952 218

2086 2986 2146 3036 et
2174 2997 2347 3052 opem
2378 2979 2576 3036 laturi.
2607 2981 2664 3035 Si
2692 2982 2794 3051 qui
2821 2987 3020 3037 autem
3051 2987 3119 3038 ut
3140 2983 3225 3050 ﬁt,
3255 2989 3646 3040 antecurrunt
3667 2987 3738 3040 de

2087 3069 2350 3124 exercitu
2369 3068 2796 3137 hostili,locum
2813 3071 3064 3141 capturi,
3083 3070 3183 3125 ubi
3207 3077 3400 3127 castra
3421 3072 3740 3137 instruant,

2088 3177 2238 3232 quos
2261 3165 2702 3216 mensuratores
2751 3177 2958 3216 vocare
2985 3161 3236 3216 Romani
3289 3169 3741 3231 consueverunt,

2088 3249 2183 3304 his
2213 3249 2275 3304 in
2305 3266 2484 3321 opere
2514 3249 2836 3320 occupatis,
2871 3250 2972 3320 qui
3001 3250 3108 3306 abs
3157 3256 3213 3305 te
3245 3267 3429 3322 prope
3460 3258 3653 3307 castra
3682 3253 3745 3306 in

2091 3340 2300 3412 primis
2349 3339 2584 3395 insidiis
2643 3341 2948 3395 constituti
3009 3345 3170 3410 sunt,
3202 3340 3476 3397 celeriter
3517 3343 3578 3396 in
3610 3343 3746 3397 illos

2094 3447 2305 3504 magno
2331 3431 2558 3502 impetu
2580 3437 2918 3502 erumpant,
2946 3436 3003 3486 et
3027 3431 3473 3487 obsecundante
3500 3434 3746 3488 numine

2095 3537 2197 3576 eos
2231 3520 2588 3590 oppriment.
2618 3521 2854 3586 Contra,
2878 3520 2927 3574 si
2950 3520 3151 3575 hostes
3174 3537 3275 3576 eos
3305 3529 3748 3593 prosequuntur

2093 3625 2283 3679 usque
2315 3609 2388 3662 ad
2419 3608 2636 3677 locum,
2669 3608 2770 3662 ubi
2816 3609 3109 3663 firmiores
3140 3610 3388 3664 insidias
3418 3610 3746 3681 collocasti,

2094 3698 2377 3758 invadens
2407 3698 2542 3753 illos
2573 3699 2964 3768 impressione
2987 3697 3142 3752 virili
3171 3715 3237 3753 ac
3269 3700 3403 3754 forti
3439 3701 3746 3771 superabis

2093 3792 2541 3858 persequentes,
2583 3791 2990 3858 tropaaumque
3040 3788 3342 3842 memorias
3391 3787 3634 3862 dignum
3674 3789 3747 3843 de

2095 3875 2215 3930 illis
2239 3875 2541 3930 excitabis.
2568 3876 2832 3946 Denique
2856 3875 2905 3929 si
2927 3875 3242 3943 accidit,ut
3267 3877 3540 3933 maximae
3564 3879 3746 3948 copia}

2096 3965 2358 4021 hostium
2391 3967 2693 4040 ingruant,
2725 3966 2949 4038 tibique
2981 3967 3296 4036 obsistant,
3329 3969 3747 4033 nihilominus,

2095 4055 2257 4126 quod
2290 4072 2425 4110 cum
2451 4073 2485 4111 a
2515 4057 2851 4111 munitione
2899 4062 3024 4111 tum
3054 4073 3089 4112 a
3119 4058 3384 4129 peditatu
3429 4059 3612 4114 habes
3643 4059 3748 4115 ad—

2088 4144 2452 4217 jumentum,
2485 4162 2584 4201 eos
2617 4144 2966 4213 confundes,
3021 4145 3385 4218 efﬁciesque,
3435 4153 3501 4203 ut
3544 4148 3748 4204 multis

335 4226 441 4284 Καὶ
469 4226 582 4301 εἷ’γε
613 4221 797 4300 συμϐῇ
832 4223 1105 4298 δυνάμεις·
1165 4229 1274 4280 τῶν
1327 4223 1613 4298 πολεμίων
1636 4221 1981 4298 καταλαϐεῖν,

2097 4250 2340 4289 suorum
2371 4234 2626 4303 amissis,
2660 4251 2723 4289 re
2747 4234 2964 4290 infecta
2993 4235 3261 4292 redeant.

335 4315 783 4391 ἀντιμαχομένας
816 4336 924 4386 σοι,
957 4313 1104 4390 ἔχων
1128 4315 1228 4383 τὴν
1255 4318 1351 4398 τοῦ
1393 4313 1758 4390 ὀχυρώματος
1806 4316 2062 4391 βοήθειαν
2105 4321 2191 4376 καὶ
2235 4326 2345 4376 τῶν
2390 4327 2591 4393 πεζῶν,
2624 4322 2799 4384 οὕτως
2838 4329 3218 4398 καταισχυνεῖς
3253 4325 3334 4398 [Ρ.
3372 4325 3493 4397 141]
3530 4325 3749 4394 αὐτους,

334 4403 426 4459 καὶ
457 4401 708 4467 πολλοὺς
735 4407 844 4458 τῶν
879 4403 1096 4458 οἰκείων
1127 4397 1508 4466 ἀποϐαλόντας
1535 4404 1844 4479 ἀπράκτους
1870 4410 2293 4480 παρασκευάσεις
2339 4411 2688 4486 ὑποστρέψαι.

337 4538 510 4594 ΚΕΦ.
545 4539 642 4594 ΙΔ’.
707 4535 836 4612 Περὶ
893 4542 994 4606 σῆς
1041 4537 1465 4612 -ῥποχωρήσεως
1494 4540 1602 4612 τῶν
1633 4538 1844 4592 ἱππέων
1875 4539 1981 4593 ἀπὸ

2098 4529 2229 4584 CAP.
2268 4530 2409 4584 XIV.
2445 4530 2518 4584 De
2559 4529 2792 4612 discessu
2848 4533 3156 4612 equitum‘a
3184 4531 3460 4600 peditatu,
3518 4546 3752 4602 quocum

661 4613 768 4663 τῶν
783 4606 998 4678 πεζῶν,
1033 4606 1474 4684 ὁδοιπορούντων
1508 4609 1671 4682 ὁμοῦ.

413 4727 531 4800 Χρὴ
565 4726 654 4780 οὗν
686 4725 776 4781 καὶ
821 4725 988 4781 τοῦτό
1047 4747 1105 4782 σε
1160 4721 1426 4802 ἀκριϐῶς,
1456 4726 1502 4780 ὧ
1533 4727 1823 4802 στρατηγέ,
1854 4747 1990 4782 σκο-

339 4819 485 4882 πεῖν,
515 4815 605 4869 καὶ
633 4819 743 4870 τῶν
792 4813 1080 4889 πολεμίων
1137 4814 1559 4890 ἀγωνιζομένων
1603 4813 1879 4871 διαλαθεῖν
1913 4837 1990 4888 σε,

339 4905 432 4958 κάὶ
461 4907 665 4979 κοῦρσα
694 4901 1079 4972 ἀποστέλλειν,
1112 4904 1204 4960 καὶ
1249 4905 1345 4967 τάς
1379 4903 1565 4979 χώρας
1605 4905 1766 4978 ἡμῶν
1797 4902 1994 4975 ληΐσα-

343 5003 487 5062 σθαι,
519 4989 792 5068 ἄγρυπνον
821 4989 970 5068 ἔχειν
1015 4993 1108 5048 τὸν
1157 4996 1305 5048 νοῦν·
1343 4995 1417 5066 μή
1466 4995 1600 5048 ποτέ
1631 5013 1689 5048 σε
1716 4995 1752 5062 ἡ
1784 4991 1995 5048 ἐπίνοια

343 5082 435 5137 καὶ
470 5083 697 5158 μηχανὴ
730 5082 908 5138 αὐτῶν
969 5079 1226 5156 διαλάθῃ.
1261 5082 1432 5158 Ὅπερ
1489 5083 1590 5156 γὰρ
1622 5080 1784 5155 λέξω,
1817 5081 1909 5137 καὶ
1939 5082 1990 5138 ἐν

345 5166 541 5233 ἄλλοις
572 5171 626 5225 οἱ
651 5169 804 5226 αὐτοὶ
834 5169 1233 5247 ἐξειργάσαντο.
1263 5171 1438 5243 Ὁμοῦ
1463 5169 1564 5247 γὰρ
1595 5170 1774 5226 αὐτῶν
1805 5171 1914 5225 τῶν
1936 5191 1996 5226 τε

344 5258 556 5315 ἱππέων
587 5260 678 5315 καὶ
706 5263 882 5329 πεζῶν
943 5259 1037 5315 σὺν
1094 5263 1164 5334 τῇ
1221 5259 1497 5334 ἀποσκευῇ
1527 5260 1574 5297 ⁵⁵
1602 5256 1994 5330 ὁδοιπούντων,

345 5352 528 5416 καθὼς
557 5356 678 5416 ταῖς
709 5347 928 5417 ὄπισθεν
953 5350 1043 5407 καὶ
1076 5349 1419 5416 διελθούσαις
1438 5351 1676 5426 ἡμέραις
1703 5351 1919 5406 ἐποίουν
1943 5350 1996 5405 οἱ

2728 4603 2834 4656 iter
2859 4605 3124 4670 fecerant.

2173 4725 2326 4781 lllud
2368 4741 2627 4797 quoque,
2658 4742 2691 4780 ο
2723 4725 2860 4795 dux,
2919 4726 3236 4798 diligenter
3285 4726 3663 4783 considerare
3696 4733 3752 4784 te

2103 4820 2358 4887 Oportet,
2389 4821 2466 4881 et,
2501 4815 2549 4869 si
2575 4815 2774 4869 hostes
2795 4815 3086 4870 insciente
3111 4821 3166 4870 te
3194 4816 3552 4886 praedatores
3581 4819 3754 4872 emit-

2104 4910 2251 4971 tere,
2282 4903 2733 4975 provinciasque
2776 4910 3010 4959 nostras
3065 4905 3335 4976 populari
3370 4905 3631 4972 student,
3664 4908 3754 4962 in-

2103 4997 2330 5047 tentam
2362 4992 2579 5047 habere
2611 4996 2916 5047 mentem:
2973 5009 3048 5048 ne
3103 4993 3255 5049 forte
3300 4994 3405 5049 tibi
3436 4997 3755 5053 consilium

2105 5086 2628 5154 commentumque
2659 5098 2865 5137 eorum
2896 5081 3094 5138 lateat.
3128 5085 3273 5138 Nam
3305 5084 3462 5155 quod
3487 5084 3756 5142 dicturus

2106 5186 2261 5236 sum,
2311 5169 2492 5224 iidem
2550 5168 2695 5225 alibi
2753 5185 2990 5242 quoque
3047 5177 3447 5243 patraverunt.
3476 5174 3756 5245 Equitatu

2106 5266 2284 5332 atque
2313 5260 2578 5333 peditatu
2611 5277 2817 5317 eorum
2847 5278 2984 5317 cum
3013 5261 3457 5334 impedimentis
3497 5281 3618 5321 una
3643 5267 3757 5321 iter

2104 5350 2380 5418 faciente,
2409 5347 2915 5421 quemadmodum
2944 5355 3120 5408 antea
3139 5350 3466 5424 diebusque
3489 5354 3756 5426 superio-

1668 5520 1729 5578 G.
1770 5523 1833 5577 Β.
1885 5519 2442 5577 ANNOTATIONES.

423 5659 703 5740 ‘_‘_p.eMcov
732 5661 808 5736 is,
839 5665 936 5721 καὶ
963 5662 1110 5724 δέκα.
1135 5667 1305 5723 Forte
1337 5665 1570 5724 sublato
1602 5670 1899 5724 commate
1928 5666 1981 5723 in

2096 5681 2254 5737 raaco,
2295 5666 2369 5721 ad
2413 5665 2490 5720 Μ.
2537 5663 2688 5735 XVI,
2731 5671 2832 5721 aut
2868 5665 3041 5723 ultra.
3115 5665 3165 5700 ⁵⁵
3200 5664 3296 5720 τὺν
3314 5671 3415 5735 τῆς
3453 5666 3759 5732 ἀποσκευῆς

352 5736 526 5794 codd.
