4152 6312
407 393 524 452 967

1740 377 2159 440 NlCEPHORI
2205 381 2490 446 PHOGIE

3704 385 3832 448 968

404 527 571 582 ribus
601 523 889 586 fecerunt,
914 520 962 576 si
985 521 1086 592 qui
1119 517 1447 592 praedatum
1470 514 1629 570 exire
1647 511 1876 577 volunt,
1901 509 2035 566 219

2167 510 2245 575 εἷς
2277 519 2478 592 κοῦρσα
2508 516 2753 591 ἐξελάσαι
2791 517 3146 594 βουλόμενοι,
3203 516 3358 587 ἡνίκα
3386 518 3522 593 πρὸς
3555 515 3760 592 δυσμάς
3799 521 3826 576 6

409 617 534 674 sole
565 615 640 671 ad
677 628 953 670 occasum
1010 613 1317 680 vergente;
1373 603 1803 676 impedimenta
1853 615 2059 655 eorum

405 707 765 774 calonesque
798 716 1026 766 omnes,
1067 715 1201 754 cum
1249 695 1519 768 peditatu
1547 698 1725 764 atque
1759 689 2059 762 equitibus

403 795 648 854 armatis
679 792 751 848 ad
783 788 1128 862 prmsidium
1175 802 1379 841 eorum
1421 784 1668 850 relictis,
1719 778 2058 837 constitutis

401 882 802 943 tabernaculis
832 894 995 934 more
1044 893 1150 932 suo
1199 874 1533 931 consident.
1568 872 1679 938 Qui
1702 887 1836 926 vero
1867 868 2056 941 parati

402 982 542 1033 sunt
570 974 643 1030 ad
687 969 1085 1026 incursionem
1127 964 1486 1031 faciendam,
1534 961 1927 1034 popularique
1957 975 2054 1013 reo

400 1069 604 1140 giones
627 1067 863 1118 nostras
885 1057 1427 1124 constituerunt,ne
1445 1053 1635 1126 pulvis
1659 1066 1864 1108 eorum
1891 1047 2055 1104 cerni

399 1156 608 1229 possit,
641 1153 800 1208 circa
830 1164 1028 1204 serum
1061 1146 1178 1200 diei
1210 1144 1540 1218 praedatum
1570 1140 2052 1214 proficiscuntur.

395 1228 561 1312 Tum,
595 1243 695 1314 qui
756 1238 1171 1312 speculaturus
1229 1240 1319 1290 est
1375 1237 1570 1289 castra
1614 1230 1900 1295 hostium,
1935 1228 2054 1282 sive

395 1333 736 1391 turmarcha
759 1331 852 1396 sit,
881 1328 1000 1383 sive
1025 1327 1176 1381 alius
1207 1323 1542 1396 praefectus,
1567 1337 1703 1377 cum
1735 1333 1916 1373 manu
1948 1332 2055 1371 sua

391 1439 758 1498 progressus,
794 1418 1037 1492 propius
1069 1413 1351 1470 accedere
1384 1411 1561 1467 debet
1588 1409 1662 1466 ad
1693 1408 1916 1476 locum,
1950 1405 2051 1461 ubi

394 1497 813 1572 consederunt.
847 1504 1349 1573 Postea,tenebris
1366 1504 1495 1575 jam
1525 1499 1751 1562 oﬂ'usis,
1783 1497 1855 1552 de
1889 1513 2052 1551 more

393 1605 648 1661 ulterius
667 1603 846 1658 etiam
859 1597 1121 1672 provecti
1140 1587 1906 1667 appropinquenttentoriis
1925 1585 2056 1641 illo-

389 1714 544 1762 rum,
575 1700 711 1767 post
732 1692 985 1765 primam
1012 1687 1098 1742 vel
1145 1683 1476 1741 secundum
1498 1683 1708 1737 horam
1730 1679 1946 1735 noctis.
1981 1680 2055 1733 At

391 1787 439 1842 si
472 1766 712 1857 equites.
733 1781 994 1836 hostium
1051 1793 1172 1831 non
1229 1772 1485 1846 amplius
1535 1775 1675 1826 sunt
1721 1769 1783 1824 in
1817 1767 2050 1838 castris,

2162 603 2325 675 ἥλιος
2353 608 2680 682 καταντήσῃ,
2708 610 2744 678 ἡ
2781 608 2874 682 μὲν
2927 607 3204 675 ἀποσκευή
3250 607 3430 663 αὐτῶν
3463 606 3553 662 καὶ
3585 606 3722 663 ἅπαν
3756 609 3822 663 τὸ

2163 695 2492 774 ὑπουργικὸν
2521 695 2613 752 σὺν
2662 703 2744 771 τῷ
2790 702 2939 770 πεζῷ
2979 699 3160 770 τούτῳ
3191 697 3551 771 στρατεύματι
3582 699 3672 753 καὶ
3702 704 3824 764 τοῖς

2161 786 2236 849 εἰς
2269 786 2521 864 φυλακὴν
2580 785 2756 842 αὐτῶν
2811 787 3388 861 καταλιμπανομένοις
3447 785 3819 861 πολεμισταῖς

2161 880 2381 934 ἱππεῦσι
2412 880 2508 943 τὰς
2539 880 2742 950 σκηνὰς
2773 880 3096 954 πηξάμενοι,
3147 880 3222 943 ὡς
3265 877 3387 942 ἔθος
3425 879 3608 942 αὐτοῖς
3637 881 3828 952 ἀπλη-

2159 968 2428 1028 κεύουσιν.
2470 971 2537 1028 Οἱ
2597 967 2656 1025 δὲ
2711 969 2790 1034 εἲς
2849 974 3082 1045 κοῦρσον
3144 967 3572 1044 ἐτοιμασθέντες,
3603 972 3692 1027 καὶ
3722 974 3823 1034 τάς

2158 1058 2430 1132 ἡμετέρας
2460 1060 2650 1136 χώρας
2680 1057 3046 1135 καταδραμεῖν
3092 1059 3445 1134 βουλόμενοι,
3478 1062 3616 1137 πρὸς
3641 1063 3704 1116 τὸ
3740 1063 3817 1135 μή

2159 1152 2437 1227 κονιορτὸν
2471 1152 2646 1207 αὐτῶν
2667 1154 2918 1229 φανῆναι,
2943 1151 3082 1228 ἀμφὶ
3115 1149 3302 1222 δείλην
3337 1149 3494 1225 ὀψίαν
3528 1151 3664 1225 πρὸς
3687 1157 3818 1206 κοῦ-

2157 1263 2283 1316 ρσον
2320 1243 2556 1317 ὁρμῶσι.
2589 1244 2684 1314 Τῷ
2739 1239 2796 1296 δὶ
2853 1246 3184 1316 παραμεῖναι
3221 1239 3498 1318 ὀφείλοντι
3529 1242 3574 1277 ⁸⁸
3601 1245 3680 1313 τῷ
3707 1245 3822 1296 τῶν

2155 1331 2442 1404 πολεμίων
2471 1329 2760 1409 φωσσάτῳ,
2786 1329 2893 1386 εἷ’τε
2912 1333 3274 1408 τουρμᾶρχης
3301 1329 3441 1386 ἐστὶν
3463 1328 3533 1399 εἷ’,
3555 1331 3602 1395 θ’
3632 1327 3822 1404 ἕτερος

2155 1419 2365 1498 ἅρχων,
2402 1422 2537 1495 μετά
2563 1425 2660 1476 106
2691 1421 2826 1478 λαοῦ
2866 1421 3032 1477 αὐτοῦ
3091 1417 3397 1498 έρχὸμενου
3429 1421 3541 1496 χρὴ
3575 1419 3819 1492 πλησιά-

2154 1517 2351 1586 σαιτῷ
2377 1511 2549 1584 τόπῳ,
2611 1510 2664 1567 ἐν
2719 1511 2764 1584 ᾧ
2824 1509 3164 1580 αὐλίζονται.
3211 1507 3460 1582 Ἐπειδὴ,
3491 1516 3592 1580 τῆς
3619 1510 3817 1573 νυκτὸς

2154 1597 2706 1675 καταλαμϐανούσης,
2769 1599 3052 1678 ὀφείλουσι
3110 1597 3236 1656 τὸτε
3309 1599 3446 1655 κατὰ
3497 1599 3559 1654 τὸ
3619 1598 3817 1664 εἰωθὸς

2155 1687 2494 1768 εἷ’σὲρχεσθαι
2553 1691 2598 1727 ⁵⁷
2655 1690 2746 1746 καὶ
2806 1688 3130 1761 πλησιάζειν
3185 1695 3305 1752 ταῖς
3353 1693 3576 1758 σκηναῖς
3608 1687 3812 1760 αὐτῶν,

2160 1780 2295 1853 μετᾶ
2350 1781 2576 1856 πρώτην
2638 1779 2783 1855 ὥραν
2814 1777 2850 1850 ἤ
2882 1778 2972 1834 καὶ
3033 1776 3282 1854 δευτέραν
3331 1784 3431 1848 τῆς
3460 1775 3675 1840 νυκτός.
3707 1777 3816 1835 Καὶ

381 1877 628 1948 jamque
657 1872 930 1928 exierunt
958 1866 1308 1939 praedatum,
1342 1861 1472 1917 fieri
1502 1877 1644 1916 sane
1675 1875 1799 1914 non
1831 1861 2035 1930 potest,

2155 1870 2243 1926 ἐὰν
2277 1869 2386 1946 οὐχ
2439 1871 2740 1946 εὑρήσωσιν
2795 1868 2848 1925 έν
2897 1874 2976 1942 τῷ
3025 1867 3296 1942 ἀπλήκτῳ
3341 1866 3470 1930 τοὺς
3507 1872 3615 1922 τῶν
3647 1866 3818 1922 πολεο

388 1946 455 2020 ut
481 1960 768 2035 praafecti,
803 1957 1019 2029 quibus
1049 1951 1376 2009 observatio
1409 1949 1637 2005 credita
1663 1952 1773 2015 est,
1796 1946 1857 2002 id
1887 1950 2046 2001 recte

389 2047 1206 2126 perspiciant,veritatemque
1235 2041 1370 2097 duci
1402 2036 1894 2104 renuntient,nisi
1921 2035 2047 2103 illo,

389 2124 566 2214 quem
597 2138 844 2204 docebo,
876 2133 1074 2190 modo.
1121 2132 1365 2204 Oportet
1395 2129 1495 2201 qui
1528 2126 1791 2199 quotidie
1836 2125 1911 2181 ad
1943 2124 2045 2180 ob-

386 2231 782 2287 servationem
815 2227 1168 2288 mittuntur;
1199 2226 1266 2275 ut
1295 2237 1366 2275 ex
1404 2217 1498 2285 iis,
1529 2218 1630 2289 qui
1665 2215 1874 2272 diebus
1905 2231 2044 2286 pro-

385 2321 541 2378 xime
569 2315 974 2390 superioribus
1033 2316 1229 2369 castra
1285 2307 1573 2382 speculati
1630 2307 1770 2374 sint,
1820 2321 2044 2377 perque

385 2409 700 2482 quadrigas
721 2396 1632 2472 constiterint,quemadmodum
1654 2395 1927 2466 superius
1947 2392 2044 2448 de-

385 2496 868 2561 monstravimus,
889 2493 1039 2548 duos
1061 2489 1454 2563 peritissimos
1481 2493 1658 2558 atque
1684 2484 2042 2541 fortissimos

385 2589 648 2655 illorum,
682 2586 781 2657 qui
816 2581 1188 2656 speculatum
1219 2577 1373 2634 mitti
1407 2577 1620 2642 solent,
1643 2591 1678 2630 a
1706 2574 1854 2629 duce
1886 2574 2040 2629 acci-

381 2679 590 2751 piant:
625 2691 742 2747 quo
765 2676 1038 2730 accurate
1065 2669 1137 2725 ab
1165 2668 1260 2724 his
1287 2667 1667 2732 edoceantur,
1701 2662 1844 2734 quid
1876 2662 2041 2734 quis-

383 2784 498 2839 que
523 2767 690 2839 prius
712 2764 899 2836 egerit
918 2767 1095 2832 atque
1117 2758 1350 2814 viderit.
1376 2757 1490 2811 Hos
1513 2755 1663 2810 duos
1685 2754 1745 2808 in
1773 2752 2038 2824 aliquam

379 2875 449 2913 ex
479 2860 736 2928 quatuor
765 2850 1070 2925 quadrigis
1102 2853 1375 2920 receptos
1425 2844 1768 2900 turmarcha
1796 2842 1870 2898 ad
1901 2860 2035 2914 spe-

377 2945 699 3003 culandum
729 2943 959 2999 ratione
992 2940 1146 2997 220
1177 2941 1315 2994 ante
1347 2934 1614 3008 exposita
1634 2933 1914 3000 dimittat,
1948 2936 2033 3001 ut,

374 3035 583 3092 castris
616 3033 1190 3106 appropinquantes,
1222 3043 1393 3082 voces
1440 3025 1703 3080 hostium
1725 3025 2034 3096 jumento-

373 3142 626 3197 rumque
659 3123 962 3178 hinnitum
1010 3116 1369 3175 auscultent.
1402 3115 1487 3168 Ibi
1521 3114 1637 3169 duo
1667 3113 1757 3168 illi
1789 3113 2034 3181 milites,

2160 1959 2297 2033 μίων
2329 1961 2540 2027 ἱππεῖς,
2583 1955 2671 2013 διὰ
2723 1958 2784 2012 τὸ
2841 1954 2949 2028 ἤδη
3011 1955 3211 2019 αὐτοὺς
3244 1955 3320 2020 εἷς
3347 1959 3578 2028 κοῢρσον
3611 1975 3817 2028 πορευο

2157 2051 2338 2118 θῆναι,
2399 2048 2498 2103 οὐκ
2553 2042 2667 2102 ἔστι
2727 2045 2948 2102 δυνατὸν
3000 2044 3190 2110 ἄλλως
3244 2044 3496 2116 τούτους,
3555 2043 3683 2108 τοὺς
3712 2044 3813 2112 τῆν

2153 2139 2479 2214 παραμονὴν
2527 2137 2988 2209 πεπιστευμένους
3039 2134 3521 2212 ἄρχοντας,τοῦτο
3571 2128 3817 2210 ἀκριϐῶς

2153 2227 2465 2304 διαγνῶναι,
2509 2228 2598 2282 καὶ
2663 2230 2743 2298 τῷ
2797 2229 3090 2300 στρατηγῷ
3145 2224 3210 2279 τὸ
3262 2223 3464 2292 ἀληθὲς
3493 2221 3815 2296 καταμηνύ-

2152 2339 2261 2385 σαι,
2319 2319 2366 2374 εἱ
2427 2317 2503 2390 μὴ
2563 2315 2736 2378 οὕτως
2789 2315 2865 2378 ὠς
2922 2314 3082 2387 λέξω.
3145 2319 3241 2370 Δεῖ
3299 2313 3478 2368 τοίνυν
3521 2313 3652 2374 τοὺς
3692 2313 3815 2366 καθ’

2149 2405 2376 2477 ἑκάστην
2435 2406 2645 2480 ἡμέραν
2699 2403 2837 2481 πρὸς
2895 2404 3220 2478 παραμονὴν
3272 2399 3814 2474 ἀποστελλομένους,

2149 2495 2208 2552 ἐκ
2244 2499 2353 2551 τῶν
2408 2493 2863 2570 παραμεινάντων
2922 2493 3021 2557 τὰς
3060 2488 3278 2558 ὄπισθεν
3339 2491 3428 2546 καὶ
3489 2487 3813 2555 διελθούσας

2147 2584 2358 2659 ἡμέρας
2405 2584 2469 2641 τὸ
2527 2583 2832 2661 φωσσάτον,
2887 2581 2977 2638 καὶ
3039 2580 3117 2644 είς
3171 2578 3424 2657 τετράδια
3455 2577 3802 2654 ἱσταμένους,

2144 2675 2322 2738 καθὼς
2379 2675 2632 2749 ἄνωτέρω
2691 2673 3016 2747 εἷρήκαμεν,
3077 2669 3171 2726 δύο
3226 2671 3276 2744 ἐξ
3338 2669 3514 2725 αὑτῶν
3543 2669 3806 2745 ἐμπειρο-

2143 2767 2340 2827 τάτους
2370 2763 2460 2819 καὶ
2489 2759 2768 2839 ἀνδρείους
2822 2762 2931 2816 τῶν
2991 2760 3068 2824 εἷς
3119 2761 3218 2830 τήν
3279 2760 3603 2836 παραμονήν
3632 2760 3805 2833 ἀπερ-

2143 2855 2400 2931 χομένων
2431 2854 2577 2930 παρᾶ
2627 2856 2728 2908 106
2780 2854 3088 2926 στρατηγοῦ
3120 2845 3440 2924 λαμϐάνειν·
3469 2846 3562 2904 ’ίνα
3612 2846 3800 2912 καλῶς

2141 2946 2268 3021 παρ’
2324 2943 2499 2999 αὐτῶν
2560 2938 3049 3010 ἀναδιδάσκωνται,
3110 2941 3200 2994 οἵα
3253 2938 3517 3015 πρότερον
3557 2940 3803 2994 κάκεῖνοι

2140 3033 2444 3109 ἐνήργησαν
2501 3031 2592 3087 καὶ
2647 3029 2947 3095 ἐθεάταντο.
3008 3027 3216 3091 Αὐτοὺς
3277 3026 3334 3083 δὲ
3389 3027 3518 3092 τοὺς
3543 3025 3637 3082 δύο
3667 3027 3799 3082 ἀναν

2143 3122 2297 3196 μίξας
2349 3120 2427 3178 ἑνὶ
2483 3124 2592 3175 τῶν
2643 3123 2731 3190 [Ρ.
2762 3121 2883 3192 142]
2932 3119 3205 3193 τεσσάρων
3253 3113 3545 3190 τετραδίων
3575 3117 3603 3171 6
3632 3136 3801 3192 τουρ-

374 3216 473 3287 qui
499 3216 627 3286 jam
659 3212 822 3284 prius
855 3212 1056 3265 hostes
1077 3208 1139 3261 in
1165 3205 1298 3261 aliis
1319 3205 1526 3260 castris
1552 3203 2028 3268 observaverunt,

465 3304 474 3314 ι
621 3301 632 3311 ο
1053 3297 1086 3306 ··
1164 3310 1274 3314 ,,,.,
1316 3291 1693 3314 ι,...ι-..ιξι.---
1750 3296 2028 3314 ..-1--η-..ι

2145 3213 2368 3290 μάρχης
2415 3207 2794 3266 ἀποστειλάτω
2845 3208 2981 3262 κατὰ
3037 3209 3127 3262 τὸν
3185 3203 3572 3282 προεκτεθέντα
3625 3206 3799 3261 τύπον

372 3301 670 3360 universis
699 3315 904 3354 eorum
935 3297 1124 3368 copiis
1164 3310 1285 3349 una
1315 3291 1718 3356 tendentibus,
1750 3296 2032 3362 poterunt

373 3408 510 3448 cum
542 3407 612 3446 ex
640 3387 881 3443 fremitu
927 3385 1295 3457 strepituque
1343 3381 1767 3449 multitudinis,
1803 3385 1927 3435 tum
1959 3397 2030 3436 ex

369 3481 609 3537 hinnitu
637 3493 951 3549 equorum,
977 3479 1102 3531 tum
1128 3473 1388 3544 denique
1411 3488 1480 3527 ex
1505 3469 1884 3543 spatio,quod
1906 3476 2028 3525 ten-

371 3571 540 3626 toriis
569 3572 883 3640 occupant,
937 3565 1347 3637 conjecturam
1408 3561 1581 3618 inire.
1636 3561 1834 3631 Neque
1869 3559 2028 3613 enim

366 3660 596 3716 tertiam
612 3661 842 3730 partem
857 3652 1273 3726 amplitudinis
1284 3651 1616 3723 reperietur
1627 3649 1845 3704 habere
1860 3647 2026 3704 locus

367 3765 485 3821 qua
506 3753 632 3804 erat
654 3744 1060 3818 superioribus
1085 3741 1318 3809 castris,
1345 3746 1486 3794 tunc
1513 3755 1649 3794 cum
1677 3755 1886 3794 omnes
1906 3754 2028 3793 una

366 3837 712 3895 tendebant.
745 3835 910 3892 Unde
938 3831 1441 3888 existimationem
1489 3828 1680 3884 facere
1726 3832 1901 3899 atque
1932 3827 2026 3882 in-

363 3928 654 4001 telligere,
691 3925 853 3992 licet,
887 3923 1094 3978 deesse
1152 3921 1352 3992 copias
1404 3918 1677 3974 hostibus
1725 3917 1829 3972 illo
1870 3916 2022 3985 loco,

365 4032 561 4086 neque
592 4029 728 4070 cum
785 4012 906 4066 illis
938 4011 1001 4064 in
1059 4009 1268 4064 castris
1326 4004 1688 4062 consedisse.
1722 4004 1831 4069 Qui
1864 4004 2025 4059 enim

363 4111 559 4178 potest
589 4103 742 4168 ﬁeri,
775 4107 841 4156 ut
870 4100 930 4156 id
964 4116 1084 4154 non
1124 4095 1620 4162 animadvertant,
1652 4095 1892 4165 quando
1925 4095 2026 4149 ho-

363 4195 594 4250 minum
626 4191 760 4263 plus
782 4190 981 4244 minus
1011 4204 1114 4243 sex
1135 4185 1346 4251 millia,
1373 4201 1662 4255 equorum
1693 4182 1767 4238 ad
1798 4183 2026 4239 duode-

357 4285 474 4339 cim
496 4299 530 4337 a
550 4281 761 4336 castris
784 4279 1022 4344 absunt,
1047 4293 1179 4347 quas
1204 4275 1309 4347 qui
1332 4290 1528 4345 nuper
1551 4273 1837 4344 speculati
1861 4277 2020 4342 sunt,

364 4390 485 4429 una
508 4370 819 4428 tendentia
838 4371 1277 4440 conspexerunt
1295 4370 1354 4420 et
1374 4368 1864 4435 computaverunt
1877 4363 1904 4418 Ἰ
1922 4365 2020 4418 Αι-

364 4468 587 4530 tamen,
619 4465 705 4529 ut,
766 4457 999 4514 sublata
1055 4456 1220 4511 omni
1279 4453 1669 4520 dubitatione,
1713 4452 2020 4508 veritatem

365 4554 689 4626 perfectam
710 4551 821 4606 hac
850 4549 912 4604 in
941 4564 1005 4604 re
1037 4545 1441 4619 speculatores
1481 4543 1864 4616 perspiciant,
1899 4549 2021 4598 tur-

2139 3311 2238 3373 τῆς
2327 3306 2672 3376 παραμονῆς,
2733 3298 2920 3375 ἐγγίσαι
2995 3303 3076 3371 τῷ
3162 3299 3453 3375 φωσσάτῳ,
3529 3298 3666 3372 πρὸς
3733 3298 3798 3352 τὸ

2137 3393 2351 3448 ἀκούειν
2409 3391 2507 3454 τὰς
2567 3389 2750 3464 φῶνὰς
2809 3387 3004 3460 αὐτῶν,
3059 3388 3149 3444 καὶ
3205 3386 3331 3449 τοὺς
3389 3385 3799 3463 χρεμετισμοὺς

2133 3487 2240 3536 τῶν
2267 3482 2479 3537 ἳππων.
2513 3480 2579 3538 Ol.
2626 3479 2716 3533 οὗν
2761 3475 2856 3533 δύο
2909 3474 3099 3551 ἄνδρες
3133 3478 3184 3532 οἱ
3216 3477 3476 3552 πρότερον
3520 3475 3795 3550 παραμεί-

2133 3591 2318 3633 ναντες
2349 3568 2400 3624 έν
2436 3565 2634 3633 ἄλλοις
2690 3566 2994 3637 άπλήκτοις
3049 3571 3130 3639 τῷ
3185 3565 3472 3644 φωσσάτῳ,
3523 3564 3612 3620 ὅτε
3642 3564 3730 3620 καὶ
3764 3566 3794 3620 6

2134 3660 2265 3717 λαὸν
2299 3661 2472 3714 αύτῶν
2507 3656 2646 3720 ’ἅπας
2707 3663 2870 3726 συνῆν
2931 3656 3021 3710 καὶ
3083 3653 3486 3725 συνηπλήκευε,
3529 3652 3797 3726 δυνήσον-

2131 3770 2221 3805 ται
2278 3747 2646 3823 στοχάσασθαι
2705 3745 2811 3802 ἆπὸ
2865 3766 2924 3802 τε
2979 3751 3078 3814 τῆς
3133 3748 3230 3799 106
3277 3743 3413 3800 λαοῦ
3445 3743 3796 3820 ὀχλαγωγίας

2130 3839 2222 3895 καὶ
2250 3841 2522 3913 ταραχῆς,
2581 3837 2670 3891 καὶ
2727 3839 2822 3891 106
2878 3839 3264 3910 χρεμετισμοῦ
3306 3839 3415 3888 τῶν
3447 3833 3649 3902 ἰππων,
3685 3832 3797 3888 ἀπό

2129 3949 2188 3983 τε
2232 3932 2330 3983 106
2387 3927 2601 4002 χώρου,
2661 3924 2711 3979 ἐν
2772 3925 2817 3997 ᾧ
2871 3924 2968 3986 τὰς
3021 3924 3225 3994 σκηνὰς
3258 3921 3650 3994 ἐπήξαντο.ού
3683 3924 3789 3998 γὰρ

2132 4019 2478 4093 εὑρεθήσεται
2539 4017 2566 4072 ὁ
2624 4020 2812 4093 χῶρος
2861 4015 2924 4070 τὸ
2975 4013 3158 4090 τρίτον
3221 4015 3387 4089 μέρος
3441 4008 3611 4089 ἔχων,
3644 4013 3702 4067 δν
3735 4012 3789 4068 ἐν

2126 4116 2244 4174 τοῖς
2275 4107 2490 4166 ὄπισθεν
2553 4108 2857 4180 ἀπλήκτοις
2909 4112 3192 4182 κατεῖχον,
3245 4105 3335 4162 ὅτε
3377 4107 3606 4168 ἅπαντες
3639 4106 3785 4178 ὁμοῦ

2127 4199 2469 4270 ἡπλήκευον.
2516 4196 2619 4255 Καὶ
2675 4197 2736 4252 ἐκ
2764 4195 2959 4252 τούτου
3017 4193 3242 4251 δυνατόν
3273 4193 3386 4250 έστι
3418 4195 3785 4269 στοχάσασθαι

2125 4289 2216 4343 καὶ
2247 4293 2600 4357 κατανοῆσαι,
2633 4285 2707 4348 ὠς
2741 4283 3010 4340 ἐπιλείπει
3071 4284 3100 4338 ὁ
3159 4283 3292 4348 λαὸς
3345 4287 3454 4338 τῶν
3495 4281 3784 4356 πολεμίων

2126 4379 2177 4434 ἐν
2214 4376 2401 4450 ἐκείνῳ
2451 4381 2530 4448 τῷ
2587 4375 2785 4451 χώρῳ,
2841 4373 2929 4430 καὶ
2991 4374 3069 4446 μὴ
3119 4373 3253 4428 εἶναι
3287 4371 3380 4427 σὺν
3406 4371 3590 4435 αὐτοῖς
3623 4371 3673 4426 ἐν
3705 4375 3785 4444 τῷ

2128 4463 2418 4538 ἀπλήκτῳ.
2452 4464 2555 4522 Καὶ
2587 4467 2707 4526 πῶς
2765 4463 2870 4538 γὰρ
2930 4463 2995 4518 ού
3056 4459 3280 4518 δυνατὸν
3311 4465 3477 4516 τοῦτο
3507 4461 3782 4536 στοχάσα-

2129 4557 2274 4623 σθαι,
2306 4552 2506 4609 ὁπόταν
2557 4549 2610 4627 Eg
2659 4550 2915 4626 χιλιάδες
2973 4548 3182 4627 ἀνδρῶν
3242 4549 3431 4606 πλεῖον
3465 4551 3500 4620 ἢ
3533 4549 3786 4627 ἔλασσον,

363 4607 607 4699 inarcha
637 4639 1008 4713 speculatum
1041 4607 1260 4693 missus
1291 4607 1508 4707 praeter
1555 4607 1681 4688 haec
1711 4633 1816 4687 illa
1844 4607 2022 4688 debet

2589 4607 2610 4627 τ
2663 4607 2735 4626 ,ιν
3076 4607 3085 4627 .
3489 4607 3499 4620 .
3774 4607 3786 4619 .

2142 4646 2220 4699 ιαὶ
2271 4645 2458 4698 ἳππων
2517 4639 2648 4718 ἄχρι
2705 4645 2813 4696 τῶν
2883 4638 3095 4696 δώδεκα
3165 4638 3516 4695 ἐπιλείπωσιν
3556 4625 3638 4694 έέκ
3687 4643 3786 4694 106

359 4733 693 4789 instituere.
725 4730 969 4802 Equites
1024 4732 1156 4783 octo
1215 4742 1287 4781 ex
1345 4722 1744 4795 peritissimis,
1790 4722 2018 4777 viarum

359 4825 630 4896 apprime
661 4837 898 4895 gnaros,
939 4819 1238 4890 disponat,
1272 4820 1339 4870 ut
1385 4815 1504 4870 sive
1533 4830 1568 4868 a
1598 4813 1805 4868 dextra
1834 4813 1954 4868 sive
1985 4829 2020 4868 a

361 4912 606 4968 sinistra
637 4927 708 4966 ex
737 4906 1134 4976 subsidio,ubi
1164 4905 1506 4961 turmarcha
1535 4901 1819 4970 constitit,
1853 4907 2018 4958 trans

359 5007 556 5058 castra
600 4998 863 5054 hostium
919 5013 982 5051 se
1038 4995 1368 5061 conferant,
1426 4992 1616 5048 donec
1670 5008 1706 5047 a
1743 4991 2018 5047 tentoriis

362 5093 720 5165 quingentos
744 5103 955 5160 passus
977 5085 1206 5141 absint:
1232 5085 1294 5138 in
1315 5082 1748 5156 progrediendo
1771 5082 2018 5155 diligen-

359 5189 452 5239 ter
482 5178 814 5244 attendant,
843 5175 968 5230 vias
996 5173 1364 5246 perquirant.
1399 5171 1566 5238 Quod
1615 5173 1663 5226 si
1702 5173 1829 5244 jam
1862 5189 2015 5244 prm-

359 5269 600 5330 tervecti
633 5271 776 5323 sunt
829 5264 1092 5320 hostium
1144 5262 1397 5333 equites,
1456 5261 1819 5334 fueruntque
1860 5262 2018 5318 circa

358 5358 994 5429 ducentos,cognoscet
1020 5358 1222 5410 tamen
1245 5366 1450 5407 eorum
1475 5351 1793 5407 transitum
1817 5353 2013 5420 statio,

355 5453 583 5511 nedum
610 5451 659 5506 si
682 5447 1039 5506 exstiterunt
1059 5444 1206 5502 221
1236 5459 1424 5517 usque
1448 5442 1520 5498 ad
1543 5441 1858 5498 duodecim
1881 5443 2014 5499 mil-

2131 4731 2442 4804 ἀπλῆκτου,
2504 4730 2595 4794 οὕς
2645 4730 2848 4793 πάντας
2903 4731 3047 4804 ὁμοῦ
3105 4729 3236 4784 εἶναι
3283 4729 3336 4784 οἱ
3381 4729 3578 4804 πρώην
3608 4749 3785 4804 παρα-

2132 4822 2404 4896 μείναντες
2454 4820 2642 4895 δώρων
2698 4821 2790 4874 καὶ
2848 4820 3339 4896 κατεστοχάζοντος
3417 4819 3517 4872 Διὰ
3569 4817 3659 4872 οὖν
3719 4817 3782 4872 τὸ

2127 4904 2460 4989 ἀμφίϐὸλον,
2489 4909 2628 4984 πρὸς
2681 4910 2743 4964 τὸ
2798 4909 2890 4962 καὶ
2939 4907 3151 4964 τελείαν
3211 4901 3396 4963 λαϐεῖν
3445 4907 3575 4970 τοὺς
3604 4927 3783 4981 παρα-

2130 5000 2390 5074 μένοντας
2419 4999 2541 5072 περὶ
2573 4996 2771 5054 τούτου
2826 5005 2927 5068 τῆς
2981 4996 3240 5067 ἀληθείας
3287 4999 3624 5070 κατάληψιν,
3658 4993 3776 5052 δέον

2125 5089 2215 5144 καὶ
2279 5091 2442 5143 τοῦτο
2506 5086 2599 5142 τὸν
2703 5086 2781 5150 εἰς
2843 5086 2944 5154 τὴν
3009 5085 3334 5161 παραμονὴν
3401 5083 3778 5139 ἀποσταλέντα

2123 5172 2485 5254 τουρμάρχην
2556 5174 2966 5252 διαπράξασθαι.
3050 5175 3306 5238 Ἱππότας
3365 5175 3531 5246 ὀκτὼ,
3581 5171 3778 5249 ἄνδρας

2124 5272 2231 5323 τῶν
2261 5265 2670 5342 έμπειροτάτων
2723 5266 2814 5321 καὶ
2877 5265 2973 5328 τὰς
3034 5263 3194 5328 ὀδοὺς
3243 5264 3319 5328 εἷς
3351 5262 3513 5340 ἄκρον
3546 5264 3782 5338 ἐξησκη-

2129 5358 2320 5431 μένους
2375 5353 2804 5428 ἀπολεξάμενος,
2865 5352 3226 5431 διορίσασθαι,
3305 5353 3413 5410 εἵτε
3466 5352 3615 5425 δεξιᾷ
3670 5353 3779 5409 εἴτε

3058 5445 3087 5466 τ

2124 5444 2382 5519 εὐώνυμα
2409 5443 2470 5500 ἐκ
2495 5447 2608 5500 τῶν
2639 5442 2886 5517 ὄπισθεν,
2936 5442 2989 5499 ἐν
3047 5445 3094 5517 ᾦ
3151 5445 3180 5500 ὁ
3235 5442 3597 5521 τουρμάρχης
3626 5442 3781 5497 ἳστα-

1563 5612 1626 5668 C.
1664 5611 1726 5668 Β.
1770 5614 1961 5670 HASII
2015 5617 2578 5678 ANNOTATIONES.

423 5770 473 5809 ιθ
503 5766 800 5848 ὀφείλοντι.
831 5763 924 5821 Sic
949 5760 1125 5820 codd.
1154 5774 1386 5831 omnes,
1416 5755 1633 5815 dativo.
1709 5757 1754 5794 ⁸⁷
1781 5758 1915 5833 Leg.
1942 5757 2035 5816 ἀπὶ

2142 5763 2290 5836 εσθαι,
2324 5764 2418 5822 vel
2455 5764 2878 5843 προσέρχεσθαι·
