4152 6312
341 315 465 379 969

1609 307 2036 373 VELITATIO
2077 305 2440 369 BELLICA.

3631 314 3752 376 970

340 466 456 518 ται,
503 438 807 520 ἔμπροσθεν
863 443 1107 522 γενέσθαι
1159 448 1267 502 τῶν
1325 442 1634 518 πολεμίων,
1694 443 1975 518 (Ῑιφισιιιταμέ⁴

2108 441 2187 496 lia
2219 457 2530 512 equorum,
2563 441 2698 513 plus
2729 442 2948 497 minus.
2983 444 3238 510 Etenim,
3263 446 3522 519 vestigiis
3554 453 3638 504 tot
3657 450 3761 521 ju-

341 557 470 601 νους
526 540 638 592 τῶν
700 540 912 607 σκηνῶν
969 534 1160 610 μιλίου
1215 537 1278 593 τὸ
1335 534 1530 610 ἥμισυ·
1563 535 1654 592 καὶ
1695 530 1998 609 ἔμπροσθεν

343 627 673 701 γενομένους
724 621 967 702 ἀκριϐῶς
1023 625 1325 702 ἐρευνῆσαι,
1383 626 1474 682 καὶ
1529 626 1626 690 τὰς
1683 623 1842 686 ὀδοὺς
1875 624 2000 679 ἀνα-

342 718 696 790 ψηλαφῆσαι.
754 715 853 770 Καὶ
914 715 961 769 εἲ
1014 713 1118 792 ἄρα
1171 715 1224 770 οἳ
1297 720 1404 770 τῶν
1467 715 1753 788 πολεμίων
1811 714 2000 774 ἱππεῖς

342 801 601 875 διῆλθον,
629 803 720 860 καὶ
761 802 894 881 ἄχρι
941 809 1052 860 τῶν
1111 801 1404 861 διακοσίων
1462 804 1739 879 ὑπῆρχον,
1768 799 1998 875 διαγνώ-

338 893 622 961 σουσιτήν
679 892 888 947 τούτων
947 886 1194 947 διάϐασιν
1251 893 1302 946 o't
1361 888 1780 959 ἀποσταλέντες,
1829 892 1997 962 μήτοι

338 983 405 1056 γέ
434 983 569 1056 ἄχρι
608 986 716 1037 τῶν
781 977 992 1036 δώδεκα
1043 978 1315 1057 χιλιάδων
1341 978 1531 1051 ἵπποι,
1562 977 1727 1035 πλέον
1759 977 1795 1048 ἤ
1824 977 1994 1034 ἔλασ-

337 1091 456 1130 σον.
514 1070 593 1128 Τὰ
643 1071 744 1145 γὰρ
800 1071 938 1145 ἳχνη
1007 1074 1116 1126 τῶν
1173 1068 1447 1125 τοσούτων
1475 1071 1686 1140 ἳππων,
1719 1069 1792 1131 ὡς
1823 1089 1996 1143 προσ-

337 1163 518 1238 φάτως
559 1157 906 1232 διελθόντων,
964 1164 1148 1238 σαφῶς
1203 1162 1255 1215 οἱ
1312 1158 1703 1221 ἀποσταλέντες
1759 1156 1992 1233 διαγνώ-

336 1270 544 1319 σονται,
574 1249 665 1305 καὶ
693 1249 855 1325 τάχει
884 1248 1085 1322 πολλῷ
1133 1250 1270 1325 πρὸς
1319 1251 1412 1305 τὸν
1453 1249 1815 1324 τουρμάρχην
1853 1248 1994 1303 ὑπο-

336 1337 656 1414 στρέφοντες
731 1338 857 1414 περὶ
931 1338 1132 1394 τούτου
1188 1337 1698 1415 ἀπαγγειλάτωσαν,
1756 1336 1846 1392 καὶ
1904 1333 1992 1391 διὰ

2111 537 2452 587 mentorum
2479 547 2686 587 recens
2713 537 3269 604 prmtergressorum
3300 537 3612 607 perspicue
3643 540 3766 594 ani-

2111 620 2458 688 madversis,
2494 621 2897 693 speculatores
2949 622 3203 678 celerius
3256 624 3330 679 ad
3361 628 3763 685 turmarcham

2110 712 2329 766 reversi
2361 728 2496 766 cum
2556 712 2626 768 de
2686 712 2796 767 hac
2850 729 2912 767 re
2971 715 3339 782 renuntient,
3372 721 3497 771 tum
3531 734 3648 789 qua
3676 720 3767 774 via

2110 801 2524 856 excursionem
2546 800 2816 856 fecerint.
2842 803 2987 856 Item
3012 805 3354 859 turmarcha
3375 806 3652 880 evestigio
3675 824 3767 863 ce-

2107 889 2340 945 leritate
2370 889 2640 945 adhibita
2663 894 2723 944 et
2743 890 2815 945 de
2839 907 2906 946 eo
2928 890 3139 946 ducem
3164 893 3480 949 certiorem
3501 896 3766 965 faciat,et

2106 979 2178 1034 de
2205 981 2297 1035 via
2329 997 2446 1052 qua
2475 980 2879 1036 discesserint.
2911 983 3130 1038 Ducem
3181 989 3412 1056 oportet
3443 986 3552 1042 hac
3587 1005 3769 1060 super

2103 1088 2167 1125 re
2224 1087 2360 1125 cum
2418 1071 2736 1142 praafectis,
2795 1077 3090 1144 quotquot
3119 1072 3354 1142 adsunt,
3389 1076 3758 1150 reliquisque

2103 1160 2310 1231 peritis
2342 1161 2481 1214 viris
2510 1160 2861 1216 deliberare.
2896 1162 2953 1216 Si
3006 1179 3178 1217 suum
3238 1165 3560 1221 exercitum
3617 1169 3758 1224 satis

2102 1249 2332 1304 roboris
2362 1248 2581 1304 habere
2632 1250 2788 1304 videt
2840 1250 2913 1305 ad
2966 1253 3132 1323 signa
3174 1253 3237 1307 in
3269 1259 3462 1310 castra
3490 1257 3754 1315 hostium

2101 1336 2433 1402 inferenda,
2467 1337 2539 1391 ad
2571 1337 2843 1409 praelium
2871 1337 3150 1395 adversus
3180 1340 3315 1396 illos
3346 1358 3408 1397 se
3455 1343 3752 1401 instruat:

336 1428 496 1490 ποίας
528 1425 660 1484 ὁδοῦ
687 1428 785 1498 τὴν
839 1429 1017 1501 ὁρμὴν
1062 1428 1410 1500 ἐποιήσαντο.
1444 1429 1506 1486 Ὁ
1539 1425 1596 1483 δὲ
1624 1425 1975 1502 τουρμάρχης

2103 1425 2148 1478 si
2183 1425 2423 1496 quidem
2453 1427 2698 1497 propius
2729 1425 2946 1482 absunt
2974 1427 3284 1499 pedeatres
3316 1430 3503 1502 ipsius
3542 1435 3750 1506 copiae,

335 1517 640 1592 παραυτίκα
669 1516 880 1593 σπουδῇ
911 1517 1099 1593 πολλῇ
1128 1523 1206 1590 τῷ
1237 1521 1524 1594 στρατηγῷ
1553 1515 1975 1591 καταμηνυσάτα

2099 1531 2280 1585 seque
2312 1531 2378 1569 eo
2414 1516 2540 1587 ipso
2573 1516 2669 1570 die
2700 1517 3061 1590 conjungere
3093 1535 3229 1574 cum
3271 1537 3340 1575 eo
3373 1528 3642 1592 possunt.
3678 1526 3754 1580 At

332 1606 458 1683 περὶ
515 1606 737 1679 τούτου,
794 1597 887 1663 καὶ
941 1605 1031 1662 διὰ
1086 1607 1243 1670 ποίας
1290 1605 1421 1663 ὁδοῦ
1453 1606 1844 1683 ἐπορεύθησαν.
1897 1611 1975 1660 Δεῖ

2099 1605 2146 1658 si
2178 1603 2362 1669 locus,
2399 1603 2499 1658 ubi
2531 1605 2932 1660 consederunt
2961 1607 3184 1674 hostes,
3215 1610 3609 1667 munitionem
3644 1615 3750 1670 ha-

334 1693 423 1752 οὖν
481 1695 574 1751 τὸν
634 1698 936 1771 στρατηγὸν
989 1696 1126 1774 πρὸς
1177 1701 1346 1753 ταῦτα
1405 1695 1798 1773 βουλεύσασθαι
1852 1696 1975 1768 μετᾶ

2096 1694 2214 1760 bet,
2249 1713 2380 1767 quea
2407 1696 2851 1769 propugnaculo
2883 1697 3002 1753 illis
3026 1700 3122 1768 sit,
3145 1699 3236 1755 vel
3269 1701 3458 1757 rivum
3491 1705 3746 1761 transitu

285 1805 288 1809 '
331 1789 441 1840 τῶν
501 1780 769 1841 συνόντων
823 1786 971 1858 αύτῷ
1021 1790 1360 1862 στρατηγῶν,
1412 1787 1503 1841 καὶ
1552 1785 1764 1842 λοιπῶν
1794 1784 1975 1858 ἐμπεί-

2095 1784 2400 1856 inipedito,
2420 1802 2539 1841 non
2561 1791 2791 1858 oportet
2821 1793 3121 1844 certamen
3144 1806 3280 1844 cum
3304 1791 3377 1846 iis
3409 1792 3744 1853 instituere.

331 1894 466 1949 ρων.
527 1874 626 1930 Καὶ
683 1873 728 1930 εἰ
792 1875 888 1948 μὶν
922 1877 1023 1950 ὁρᾷ
1066 1875 1130 1931 τὸ
1175 1877 1366 1931 ἑαυτοῦ
1421 1874 1726 1951 στράτευμα
1757 1872 1975 1948 δύναμιν

2091 1877 2331 1941 Contra,
2351 1876 2399 1930 si
2420 1876 2636 1948 planus
2667 1882 2755 1932 est
2780 1879 3064 1950 undique,
3091 1885 3150 1935 et
3168 1881 3423 1937 maxime
3455 1883 3503 1938 si
3527 1884 3622 1939 die
3645 1903 3744 1958 op-

330 1961 463 2043 ἔχον
514 1968 614 2019 τοῦ
670 1963 1194 2040 ἀντιπαρατάξασθαι
1246 1970 1328 2039 τῷ
1379 1969 1488 2021 τῶν
1521 1963 1807 2038 πολεμίων
1839 1986 1975 2042 (pmo-

2089 1966 2472 2036 pugnationis
2503 1965 2731 2038 pedites
2759 1969 2997 2040 assequi
3029 1986 3165 2025 eum
3187 1976 3457 2042 possunt,
3481 1980 3648 2044 paret
3676 1991 3738 2031 se

337 2055 504 2127 σάτῳ,
534 2054 672 2130 πρὸς
701 2056 800 2125 τὴν
848 2056 964 2110 κατ’
1021 2054 1197 2110 αὐτῶν
1251 2053 1438 2130 μάχην
1466 2056 1975 2129 παρασκευασθήτωε

2089 2053 2164 2109 ad
2195 2053 2620 2111 dimicandum.
2655 2059 2730 2111 At
2785 2059 2833 2112 si
2891 2058 3056 2114 locus
3113 2061 3509 2117 munitionem
3540 2063 3738 2136 habet,

331 2141 385 2198 εἴ
413 2163 477 2218 γε
503 2141 741 2214 πλησίαν
775 2142 886 2198 ἐστὶ
925 2143 1014 2198 καὶ
1066 2145 1128 2199 τὸ
1185 2148 1293 2198 τῶν
1325 2147 1501 2213 πεζῶν
1535 2143 1700 2198 αὐτοῦ
1731 2142 1975 2217 στράτευ-

2089 2143 2594 2213 quemadmodum
2654 2145 2922 2215 diximus,
2983 2148 3288 2219 pedestres
3329 2156 3526 2207 autem
3557 2155 3740 2225 copiae

337 2253 434 2305 μα,
486 2229 782 2306 δυνάμενον
838 2236 908 2307 τῇ
965 2231 1102 2308 αὐτῇ
1159 2230 1340 2308 ἡμέρᾳ
1391 2236 1478 2307 [Ρ.
1540 2235 1663 2306 143]
1716 2233 1975 2301 ὲνωθῆναι

2089 2231 2325 2303 absunt,
2385 2239 2618 2305 oportet
2674 2237 2929 2292 celerius
2996 2254 3228 2295 movere
3261 2240 3330 2295 ad
3379 2242 3741 2313 praedatores

329 2321 500 2394 αὐτῷ.
531 2320 599 2379 ΕΞ
631 2319 722 2377 οὖν
755 2320 897 2377 ἐστιν
926 2323 954 2378 ὁ
985 2326 1195 2398 χῶρος,
1237 2320 1290 2378 ἂν
1337 2323 1384 2395 ᾧ
1432 2322 1484 2376 οἱ
1527 2319 1790 2394 πολέμιοι
1821 2319 1982 2376 αὐλί-

333 2417 537 2482 ζονται,
597 2411 874 2487 ὀχύρωμα
929 2407 1074 2487 ἔχων
1144 2411 1220 2474 εἷς
1292 2411 1510 2467 ἐκείνων
1568 2409 1886 2490 ἀσφᾶλειαν,
1946 2415 1982 2484 ἢ

329 2501 504 2576 ῥύακα
559 2496 940 2572 δυσδιάϐατον,
999 2501 1061 2556 ού
1119 2503 1232 2577 χρὴ
1292 2501 1430 2575 πρὸς
1489 2501 1579 2555 τὸν
1633 2501 1752 2556 κατ’
1808 2500 1980 2557 αὐτῶν

325 2589 667 2667 ἐξαρτύεσθαι
724 2589 997 2664 πόλεμον.
1057 2591 1120 2648 Εἰ
1181 2588 1239 2646 δὲ
1293 2589 1572 2668 ἓφόμαλός
1621 2589 1730 2646 ἐστι
1779 2611 1982 2645 παντα-

324 2680 514 2755 χόθεν,
563 2677 802 2754 μάλιστα
851 2677 908 2734 δὲ
949 2679 1038 2735 καὶ
1080 2683 1189 2734 τῶν
1237 2683 1414 2750 πεζῶν
1466 2677 1776 2752 δυναμένων
1816 2699 1984 2734 κατα-

324 2764 515 2826 λαϐεῖν
547 2768 598 2825 ἐν
629 2766 812 2844 ἡμέρᾳ
856 2775 957 2838 τῆς
1002 2772 1098 2824 τοῦ
1133 2768 1384 2842 πολέμου
1427 2763 1770 2842 προσϐολῆς,
1802 2789 1980 2844 παρα-

327 2861 674 2930 σκευασθήτω
703 2861 838 2933 πρὸς
867 2863 1053 2915 τοῦτο.
1105 2858 1170 2916 El
1229 2856 1286 2914 δὲ
1345 2860 1374 2914 ὁ
1431 2863 1616 2934 χῶρος
1667 2858 1980 2934 ὀχυρότητα

327 2942 471 3022 ἔχει,
531 2948 606 3012 ὡς
656 2945 882 3026 ἔφημεν,
913 2949 1003 3002 καὶ
1062 2948 1124 3002 τὸ
1182 2947 1402 3016 πεζικὸν
1444 2947 1752 3021 στράτευμα
1781 2946 1981 3000 ἐπιλεί-

326 3057 440 3105 πει,
493 3034 608 3092 δέον
662 3039 903 3111 ὁρμῆσαι
933 3042 1093 3113 τάχει
1146 3034 1348 3109 πολλῷ
1397 3037 1532 3112 πρὸς
1561 3037 1623 3092 τὸ
1651 3035 1778 3099 τοὺς
1814 3056 1980 3112 κουρ-

323 3125 579 3188 σεύοντας
633 3131 742 3182 τῶν
814 3125 1099 3200 πολεμίων
1176 3121 1527 3182 καταλαϐεῖν·
1583 3125 1675 3181 καὶ
1734 3124 1977 3202 ἄρχοντα

324 3217 422 3290 μὲν
453 3217 733 3292 χρήσιμον
767 3215 1110 3288 ἀποστεῖλαι,
1141 3219 1238 3271 τοῦ
1268 3210 1620 3280 ἐπιλαϐέσθαι
1658 3219 1765 3270 τῶν
1801 3216 1971 3291 ἰχνῶν

314 3309 427 3362 τῶν
482 3306 618 3380 πρὸς
669 3307 768 3375 τὴν
829 3304 1104 3381 ἐκδρομὴν
1156 3309 1254 3360 τοῦ
1312 3304 1548 3379 κούρσου
1607 3305 1969 3381 ὁρμησάντων

316 3393 628 3468 πολεμίων.
660 3394 839 3459 Αὐτὸς
869 3393 926 3450 δὲ
958 3395 1092 3468 μετᾶ
1115 3394 1315 3458 παντὸς
1344 3399 1442 3449 τοῦ
1473 3393 1614 3466 ληοῦ
1645 3394 1705 3450 ἐκ
1731 3394 1968 3471 πλαγίου

315 3488 631 3560 περιπατῶν
714 3483 996 3541 σπευσάτω
1081 3484 1329 3558 ὀξύτερον
1420 3483 1655 3560 βαδίζων
1724 3484 1965 3555 πλησίον

313 3574 585 3648 γενέσθαι,
615 3574 795 3636 καθὼς
842 3572 938 3635 τὰς
992 3570 1151 3635 ὀδοὺς
1184 3571 1484 3645 ἐπίσταται,
1517 3573 1568 3628 ἐν
1600 3575 1687 3635 αἶς
1719 3574 1776 3627 οἱ
1807 3571 1970 3629 πολέ-

317 3683 438 3736 μιοι
493 3666 874 3738 περιπατοῦσι.
944 3663 1044 3718 Καὶ
1098 3662 1234 3735 μετὰ
1299 3659 1594 3739 ἀσφαλείας
1652 3662 1964 3732 περιπατεί-

311 3773 414 3811 τω.
468 3752 658 3810 Ἦνίκα
714 3749 772 3808 δὶ
825 3752 889 3808 τὸ
948 3749 1264 3830 διάφαυσμα
1330 3757 1431 3822 τῆς
1481 3751 1693 3828 ἡμέρας
1751 3751 1962 3827 ἐγγίσῃ,

314 3841 692 3900 ἀποστιιλάτω
753 3840 1081 3918 βιγλᾶτορας
1140 3840 1216 3904 εἷς
1267 3841 1611 3910 κατασκοπὴν
1658 3845 1763 3895 τῶν
1797 3840 1966 3897 πολε-

317 3932 484 4006 μίωνο
514 3930 606 3986 καὶ
655 3930 731 3993 εἰς
775 3929 1024 4005 ὑψηλοὺς
1077 3932 1306 4007 βουνοὺς
1349 3931 1711 4006 ἂνερχόμενοι
1767 3930 1964 4008 ἀγωνι-

315 4021 594 4085 σάσθωσαν
628 4017 914 4084 θεᾶσασθαι
956 4018 1176 4082 αύτούς.
1234 4020 1297 4077 Ὁ
1351 4016 1410 4074 δὲ
1465 4021 1786 4096 στρατηγὸς,
1819 4019 1963 4094 ὴμέ-

315 4131 414 4186 ρας
443 4106 766 4185 γενομένης,
824 4109 916 4164 τὸν
972 4110 1162 4164 ἑαυτοῦ
1217 4106 1349 4164 λαὸν
1419 4109 1834 4186 ἀποκρυπτέτω,
1871 4109 1965 4166 *ίνα

317 4201 421 4273 μὴ,
482 4199 575 4254 τὸν
641 4197 922 4274 κονιορτὸν
989 4197 1154 4253 αὐτοῦ
1195 4198 1247 4252 οἳ
1292 4197 1556 4271 πολέμιοι
1623 4198 1962 4272 θεασάμενοι,

316 4287 531 4361 μᾶλλον
585 4283 865 4361 ἐνεδρευθῇ
923 4287 1049 4362 παρ’
1106 4286 1307 4344 αὐτῶν.
1365 4287 1862 4360 Καταμηνυόμενος
1907 4287 1964 4344 δὲ

312 4377 349 4446 ἢ
383 4377 531 4453 παρὰ
575 4379 682 4432 τῶν
733 4372 1253 4430 ἐπακολουθούντων
1299 4379 1378 4448 τῷ
1423 4375 1663 4451 κούρσῳ,
1721 4376 1758 4446 ἢ
1817 4379 1964 4451 παρὰ

309 4469 420 4522 τῶν
454 4465 531 4528 εἰς
589 4463 892 4534 ἐπισκοπὴν
946 4463 1038 4518 καὶ
1097 4461 1288 4540 βίγλαν
1345 4464 1782 4536 ἀποσταλέντων,
1831 4466 1883 4522 ἐν
1915 4468 1962 4540 ᾧ

2088 2321 2348 2377 hostium
2379 2324 3290 2399 opprimendos,praefectumque
3322 2331 3575 2401 probum
3602 2333 3742 2388 mit-

2088 2416 2233 2480 tere,
2292 2412 2552 2467 hostium
2611 2415 2942 2486 praedatum
2999 2418 3401 2489 profectorum
3477 2422 3736 2494 vestigiis

2085 2501 2285 2556 instet.
2316 2501 2444 2574 Ipse
2491 2520 2627 2558 eum
2686 2505 2966 2560 omnibus
3026 2508 3212 2578 copiis
3251 2507 3490 2581 obliquo
3522 2510 3736 2568 itinere

2085 2591 2562 2662 appropinquare
2611 2593 2788 2649 citato
2846 2596 3031 2665 gradu
3083 2604 3376 2668 properet,
3410 2605 3588 2670 prout
3616 2601 3736 2656 vias

2085 2680 2350 2750 cognitas
2377 2680 2576 2748 habet,
2595 2681 2656 2735 in
2688 2682 2903 2752 quibus
2934 2684 3135 2740 hostes
3169 2686 3495 2742 ambulant.
3531 2689 3594 2743 Id
3627 2689 3739 2744 iter

2084 2786 2298 2842 magno
2321 2787 2456 2826 cum
2479 2772 2753 2827 cautione
2785 2773 2980 2829 faciat.
3007 2776 3153 2830 Dein
3176 2777 3526 2833 imminente
3547 2781 3739 2850 primo

2084 2858 2350 2914 diluculo
2383 2859 2784 2931 exploratores
2817 2861 3096 2928 dimittat,
3128 2865 3283 2920 222
3315 2866 3416 2936 qui
3449 2866 3518 2921 de
3553 2867 3740 2922 hosti-

2086 2948 2196 3002 bus
2228 2949 2570 3019 inquirant:
2606 2949 2687 3018 hi,
2712 2951 2964 3006 collibus
2987 2952 3162 3008 editis
3195 2956 3557 3021 conscensis,
3593 2973 3732 3027 0pc-

2080 3054 2208 3092 ram
2239 3037 2402 3104 dent,
2435 3043 2500 3092 ut
2530 3040 2920 3112 contemplari
2951 3059 3050 3096 eos
3091 3043 3340 3114 possint.
3376 3043 3482 3099 Ubi
3515 3045 3731 3114 illuxit,

2081 3126 2200 3182 dux
2230 3128 2429 3199 copias
2461 3144 2598 3183 suas
2630 3128 2908 3195 occultet,
2955 3147 3052 3198 ne,
3087 3132 3338 3187 excitato
3369 3149 3573 3188 earum
3600 3135 3734 3206 pul-

2079 3232 2238 3284 vere,
2256 3216 2383 3287 ipse
2404 3217 2602 3288 potius
2625 3218 2686 3272 in
2717 3217 3188 3274 adversariorum
3209 3220 3460 3276 insidias
3486 3221 3729 3278 incidat.

2084 3304 2301 3360 Deinde
2316 3306 2532 3361 certior
2542 3305 2731 3361 factus
2749 3305 2840 3361 vel
2857 3307 2927 3362 ab
2943 3307 3036 3362 his
3049 3308 3150 3379 qui
3166 3308 3526 3380 praedatores
3549 3311 3735 3366 secuti

2079 3399 2238 3462 sunt,
2261 3393 2352 3449 vel
2371 3394 2443 3450 ab
2472 3395 2591 3449 illis
2609 3413 2759 3466 quos
2792 3395 3314 3469 circumspiciendi
3346 3399 3729 3471 explorandi-

2079 3500 2193 3554 que
2225 3500 2403 3539 causa
2424 3484 2778 3552 dimisit,ubi
2801 3492 2934 3558 agat
2955 3487 3101 3541 illud
3131 3487 3393 3543 hostium
3425 3489 3735 3559 vexillum,

2077 3573 2140 3628 in
2170 3590 2285 3646 quo
2317 3574 2630 3646 praefectus
2658 3592 2863 3630 eorum
2894 3577 2989 3646 sit,
3024 3578 3227 3648 paucis
3258 3580 3580 3650 assumptis
3611 3581 3730 3637 dux

2076 3662 2138 3716 in
2174 3665 2468 3719 excelsam
2500 3665 2827 3720 ascendens
2859 3665 3162 3736 speculam
3193 3673 3442 3723 conetur
3471 3671 3726 3741 propriis

2075 3755 2265 3810 oculis
2295 3755 2484 3809 aciem
2515 3755 2775 3810 hostium
2806 3756 3203 3812 considerare.
3239 3759 3361 3822 Qua
3391 3765 3722 3830 perspecta,

2073 3844 2176 3899 ubi
2198 3843 2515 3898 multitudo
2540 3861 2742 3899 eorum
2775 3862 2836 3900 se
2857 3845 3161 3900 diffuderit
3183 3847 3534 3918 praadatum,
3561 3850 3718 3904 aasti-

2073 3937 2197 3988 met
2225 3948 2356 3986 eum
2386 3932 2459 3987 iis
2491 3932 2593 4003 qui
2624 3949 2744 3988 una
2771 3937 2930 4000 sunt,
2965 3939 3088 3988 tum
3132 3934 3332 4006 copias
3363 3935 3423 3989 in
3454 3936 3579 3990 acie
3610 3937 3720 3991 ho-

2073 4021 2195 4078 stili
2227 4026 2472 4092 stantes,
2504 4026 2630 4076 tum
2679 4038 2799 4077 suae
2856 4037 3069 4077 manus
3101 4022 3465 4080 ﬁrmitatem.
3495 4023 3551 4078 Si
3579 4041 3722 4080 suus

2073 4111 2366 4167 exercitus
2398 4110 2655 4182 amplior
2683 4115 2774 4166 est
2820 4111 3043 4179 hostili,
3077 4112 3287 4168 incitet
3316 4129 3378 4168 se
3409 4113 3471 4169 in
3505 4131 3624 4182 eos,
3657 4119 3726 4170 ut

2064 4200 2194 4272 jam
2226 4202 2519 4272 superius,
2579 4199 3000 4272 descripsimus
3026 4218 3039 4257 :
3085 4218 3154 4258 ac
3185 4203 3256 4272 si,
3287 4203 3405 4258 Deo
3437 4203 3724 4259 auxilium

2072 4290 2397 4361 praabente,
2417 4290 2606 4346 aciem
2629 4307 2833 4345 eorum
2857 4295 3123 4346 sternere
3141 4296 3340 4363 potest
3368 4298 3428 4346 et
3451 4293 3724 4360 fundere,

2071 4395 2352 4450 magnum
2376 4396 2516 4435 sane
2531 4379 2764 4435 facinus
2783 4381 3206 4453 memoriaeque
3223 4380 3470 4454 dignum
3487 4382 3723 4436 efﬁciet.

2072 4469 2174 4523 Sin
2205 4469 2474 4542 ingentes
2505 4469 2690 4540 copia;
2750 4469 2858 4526 sub
2917 4470 3102 4541 signis
3145 4470 3409 4525 hostium
3442 4471 3729 4525 constite-

311 4553 468 4627 τόπῳ
514 4555 550 4623 ἡ
609 4551 902 4628 παράταξίς
969 4550 1080 4607 ἐστι
1145 4556 1252 4608 τῶν
1319 4552 1604 4626 πολεμίων
1637 4557 1673 4624 ἡ
1704 4555 1795 4610 τὸν
1827 4556 1960 4631 ἀρχ-

2083 4564 2231 4626 runt,
2265 4575 2507 4630 operam
2538 4559 2679 4614 dare
2727 4559 2904 4614 debet
2945 4559 3063 4614 dux
3095 4563 3161 4613 ut
3190 4559 3439 4614 ulterius
3470 4563 3726 4626 moveat,

312 4644 450 4719 ηγὸν
480 4643 656 4698 αὐτῶν
683 4637 909 4719 ἔχουσα,
956 4641 1179 4717 ὀλίγους
1224 4643 1372 4705 τινὰς
1409 4644 1526 4715 μεθ’
1553 4645 1744 4700 ἑαυτοῦ
1773 4641 1961 4702 λαϐὼν

313 4733 343 4787 ὁ
375 4731 680 4808 στρατηγὸς
733 4730 824 4784 καὶ
882 4728 957 4792 εἰς
1016 4729 1234 4803 ὑψηλήν
1297 4731 1528 4786 σκοπιᾶν
1565 4731 1960 4808 ἀνερχόμενος,

313 4817 596 4875 σπευσάτω
674 4816 898 4882 οἰκείοις
977 4815 1289 4894 ὂφθαλμοῖς
1351 4820 1452 4889 τὴν
1508 4823 1617 4874 τῶν
1674 4821 1958 4895 πολεμίων

313 4907 606 4982 παράταξιν
667 4908 974 4973 θεάσασθαι.
1032 4907 1245 4979 Ταύτην
1303 4906 1359 4963 δὲ
1417 4908 1768 4982 θεασᾶμενος,
1847 4910 1963 4966 ἐπεὶ

311 4997 404 5053 καὶ
449 4997 512 5053 τὸ
567 4995 780 5067 πλῆθος
833 5000 931 5051 τοῦ
987 4999 1123 5051 λαοῦ
1170 4995 1346 5052 αὐτῶν
1397 4995 1782 5070 διεσκορπίσθη
1825 5001 1962 5073 πρὸς

313 5085 488 5159 λείαν,
520 5085 866 5162 στοχαζέσθω
931 5085 1066 5160 μετά
1127 5089 1234 5140 τῶν
1301 5084 1393 5140 σὺν
1444 5087 1594 5159 αὐτῷ
1647 5088 1711 5142 τὸ
1748 5086 1963 5157 πλῆθος

307 5181 411 5246 τῆς
475 5175 819 5252 παρατάξεως
883 5178 992 5231 τῶν
1058 5171 1366 5249 πολεμίων,
1417 5177 1507 5231 καὶ
1551 5177 1650 5245 τήν
1697 5180 1796 5232 τοῦ
1823 5175 1962 5233 ἰδίου

310 5265 450 5322 λαοῦ⁹
479 5263 663 5342 ἰσχύν.
699 5265 802 5324 Καὶ
847 5261 940 5321 ἐὰν
987 5261 1180 5322 πλεῖόν
1224 5263 1335 5321 ἑστι
1367 5266 1411 5303 ⁵⁸
1457 5263 1522 5321 τὸ
1571 5265 1763 5321 ἑαυτοῦ
1801 5267 1962 5343 στρά-

2069 4647 2144 4702 ad
2173 4647 2330 4703 vicos
2361 4665 2510 4719 quos
2541 4647 2862 4702 adversarii
2890 4646 3252 4712 invaserunt,
3286 4647 3368 4701 ita
3397 4651 3461 4700 ut
3493 4663 3528 4701 a
3557 4649 3719 4718 tergo

2071 4752 2275 4791 eorum
2307 4737 2570 4791 exsistat.
2610 4737 2765 4800 Quos
2824 4735 2872 4789 si
2929 4734 3230 4805 dispersos
3261 4751 3558 4806 cursuque
3583 4751 3720 4790 cum

2069 4824 2230 4894 ipsos
2246 4830 2373 4879 tum
2387 4825 2663 4894 jumenta
2677 4823 2864 4878 fessos
2883 4823 3466 4894 deprehendit,nullo
3484 4825 3721 4897 negotio

2071 4929 2172 4967 eos
2205 4930 2308 4984 per
2357 4918 2550 4968 totum
2597 4913 2769 4968 illum
2817 4913 2978 4967 diem
3025 4912 3277 4981 occidet,
3309 4931 3531 4985 perque
3561 4914 3720 4970 vicos

2068 5001 2408 5074 indagabit:
2469 5003 2633 5073 ipsos
2687 5017 2938 5058 numero
2999 5018 3301 5059 servorum
3358 5003 3620 5076 habebit,
3659 5005 3723 5060 in

2072 5107 2291 5162 eosque
2345 5107 2452 5147 suo
2510 5091 2800 5148 arbitratu
2858 5096 3095 5147 statuet.
3147 5093 3300 5149 223
3338 5093 3633 5162 Rusticos,
3665 5097 3726 5148 et

2072 5180 2363 5252 quidquid
2393 5197 2464 5236 ex
2491 5197 2699 5238 eorum
2728 5182 2902 5238 bonis
2929 5198 3138 5254 rapere
3162 5182 3291 5254 jam
3316 5185 3660 5254 potuerunt,
3691 5198 3728 5238 a

2072 5270 2350 5326 servitute
2379 5271 2722 5330 vindicabit.
2755 5273 2814 5330 Si
2843 5276 3044 5330 autem
3095 5270 3160 5329 in
3207 5272 3435 5330 fulcum
3491 5271 3726 5343 incidit,

1508 5421 1570 5477 C.
1613 5423 1674 5478 B.
1716 5423 1907 5479 HASII
1957 5425 2518 5485 ANNOTATIONES.

382 5569 432 5607 ⁸⁸
459 5569 594 5628 ἐστι.
628 5571 723 5630 Sic
753 5571 926 5629 codd.

636 5740 900 5805 Pnaon.
943 5741 1056 5804 Gn.
1101 5740 1341 5807 CXVII.

3394 5749 3471 5809 31
