4146 6302
555 339 669 400 971

1866 331 1914 390 Ν
1923 326 2299 392 IGEPHORI
2340 324 2624 388 PHOCE
3843 326 3936 388 972

560 470 722 543 quod
752 483 1138 525 excursorum
1184 465 1540 522 tuendorum
1590 479 1768 520 causa
1809 462 2201 535 subsequitur,

2326 477 2501 531 τευμα
2555 458 2663 510 τῶν
2713 453 3022 543 πολεμίων,
3108 454 3406 530 ὁρμησάτω
3463 455 3586 511 κατ’
3644 455 3833 530 αὐτῶν,
3881 462 3936 523 ὡς

559 561 635 617 ad
665 559 815 614 illud
844 557 1234 614 adoriendum
1265 572 1326 611 se
1354 561 1542 627 paret,
1571 553 2073 626 quemadmodum
2104 569 2206 607 su-

558 649 762 722 perius
792 647 1196 719 exposuimus,
1232 651 1308 713 et,
1343 646 1460 700 Deo
1505 642 1968 710 obsecundante,
2002 641 2208 713 praalio

555 739 712 794 facto
744 737 1065 809 superabit.
1089 737 1163 791 At
1193 735 1240 790 si
1273 734 1523 804 illis,qui
1547 749 1614 788 eo
1639 737 1811 787 nocte
1836 731 2202 802 speculatum

555 829 758 886 hostes
786 827 951 882 missi
979 831 1138 896 sunt,
1171 824 1420 879 adversa
1451 822 1723 894 quaedam
1755 821 2121 890 acciderunt,
2145 825 2210 875 ut

555 933 676 972 non
705 915 1010 988 potuerint
1030 915 1136 970 hos
1156 918 1530 986 praevertere,
1557 911 1870 982 locumque
1894 926 2207 982 occupare,

554 1006 714 1062 unde
761 1010 818 1061 et
863 1005 1060 1059 videre
1118 1008 1312 1059 castra
1367 1007 1425 1056 et
1481 1001 1686 1056 audire
1736 1017 1906 1057 voces
1936 1001 2207 1056 adversa-

553 1095 782 1150 riorum
804 1095 1103 1149 licuisset:
1129 1093 1382 1163 ideoque
1400 1091 1762 1162 prmdatores
1779 1089 2023 1160 profecti
2047 1093 2206 1154 sunt,

553 1181 708 1236 sicut
731 1176 1008 1243 diximus,
1037 1175 1386 1246 priusquam
1408 1172 1479 1226 de
1502 1172 1624 1226 illis
1646 1176 1868 1226 certam
1889 1185 2207 1240 veramque

552 1269 858 1325 notionem
881 1281 1090 1336 capere
1114 1267 1465 1336 potuerunt:
1490 1260 1647 1316 unde
1669 1261 1978 1328 accidit,ut
2003 1259 2206 1330 explo-

550 1359 665 1413 rati
698 1373 876 1428 super
906 1357 1015 1410 hac
1043 1369 1106 1408 re
1138 1351 1437 1415 nuntii,ad
1467 1351 1677 1406 ducem
1710 1347 2018 1417 atTerendi,
2039 1364 2208 1402 man-

553 1445 897 1515 datumque,
933 1442 1092 1514 quod
1118 1438 1442 1496 transmitti
1469 1439 1543 1494 ad
1595 1455 1729 1493 eum
1763 1437 1957 1508 debet,
1982 1437 2205 1491 diutius

552 1541 896 1592 morentur:
931 1535 979 1588 si
1013 1533 1187 1588 modo
1219 1532 1376 1586 circa
1403 1530 1611 1584 horam
1642 1545 1862 1583 nonam
1895 1528 2086 1582 noctis
2117 1527 2207 1581 vel

552 1625 733 1681 etiam
760 1623 950 1678 serius
982 1622 1101 1676 dux
1132 1621 1205 1676 de
1237 1619 1547 1690 eruptione
1579 1618 1796 1672 certior
1821 1617 1908 1686 fit,
1931 1617 2205 1687 videtque

554 1713 858 1786 angustias
890 1710 1194 1781 temporis,
1221 1714 1279 1762 et
1308 1707 1668 1778 praedatores
1694 1707 1978 1776 hostium,
2007 1705 2078 1760 de
2111 1705 2206 1758 die

552 1803 871 1875 profectos,
903 1801 1115 1856 itinere
1138 1804 1316 1855 noctu
1339 1815 1460 1852 non
1481 1797 1823 1852 intermisso
1847 1795 2054 1866 procul
2077 1811 2204 1849 esse

555 1891 793 1958 debere,
821 1891 1070 1961 fierique
1094 1905 1214 1944 non
1236 1891 1502 1960 posse,ut
1521 1885 1821 1957 dispersos
1842 1884 1978 1939 illos
2000 1885 2208 1956 depre-

544 1976 1542 2051 hendatzexpeditoppugnationem
1553 1974 2207 2030 castroruminstruere.

550 2073 634 2124 Ac
649 2069 695 2123 si
713 2069 775 2123 in
792 2067 1050 2135 loco,ubi
1070 2066 1834 2136 considerunt,permanere
1850 2069 2035 2118 totum
2051 2063 2208 2118 diem

552 2157 782 2224 volunt,
814 2160 1119 2226 comparet
1140 2171 1201 2209 se
1230 2155 1304 2208 ad
1325 2152 1789 2224 conﬂigendum,
1821 2152 2210 2223 quemadmo-

555 2245 698 2301 dum
745 2245 1016 2316 superius
1067 2244 1138 2298 de
1192 2243 1630 2314 oppugnatione
1671 2247 2001 2298 castrorum
2032 2242 2209 2297 insti-

555 2334 779 2391 tuenda
807 2333 1210 2404 exposuimus.
1243 2331 1498 2386 Tametsi
1546 2347 1668 2385 non
1703 2330 2105 2402 persedebunt
2139 2347 2206 2386 eo

557 2423 714 2490 loco,
749 2421 908 2493 quod
940 2422 1094 2477 224
1124 2420 1534 2491 properabunt
1555 2437 1688 2475 cum
1718 2420 2096 2490 equestribus
2117 2439 2208 2477 co-

552 2512 670 2585 piis
700 2511 1029 2584 praadatum
1079 2510 1331 2583 egressis
1377 2509 1631 2564 celerius
1679 2509 1980 2581 conjungi.
2032 2511 2119 2565 Ita
2157 2511 2205 2564 si

550 2601 690 2656 illos
720 2602 834 2655 iter
863 2600 1149 2656 facientes
1200 2597 1594 2670 deprehendit
1644 2598 1782 2668 dux,
1826 2599 2102 2654 alacriter
2131 2600 2206 2655 ad

551 2706 799 2746 manum
823 2688 1251 2745 conserendam
1278 2704 1338 2743 se
1366 2687 1622 2754 invehat,
1647 2688 1800 2743 sicut
1829 2689 1889 2742 in
1921 2690 2112 2761 capite
2134 2689 2205 2744 de

550 2779 767 2834 itinere
801 2779 1114 2846 exercitus,
1166 2777 1403 2848 quando
1453 2793 1488 2832 a
1533 2776 1964 2849 praedatoribus
2002 2778 2206 2850 sejun-

548 2873 711 2924 ctum
739 2873 847 2934 est,
882 2867 1380 2940 prmscripsimus.
1412 2868 1549 2932 Quae
1583 2867 1630 2921 si
1657 2867 1860 2922 omnia
1889 2867 2206 2939 diligenter

545 2956 666 3014 dux
697 2957 884 3030 egerit
925 2956 1100 3011 modo
1152 2961 1290 3011 ante
1348 2955 1527 3022 dicto,
1559 2956 1847 3011 auxilium
1878 2957 2102 3012 habens
2134 2974 2204 3012 ex

543 3047 662 3102 Deo
693 3051 1014 3117 sanctaque
1046 3050 1105 3100 et
1134 3045 1517 3100 immaculata
1554 3046 1732 3100 Matre
1765 3045 1894 3116 ejus
1925 3047 2192 3117 Deipara,

539 3151 824 3209 magnum
853 3152 922 3191 ac
952 3135 1338 3191 memorabile
1368 3134 1600 3190 facinus
1631 3134 1872 3190 efﬁciet.

2318 543 2427 616 ἢδη
2475 544 2730 618 ἀνωτέρω
2787 542 3218 616 διετυπώσαμενο
3278 542 3368 598 καὶ
3424 541 3476 598 εἲ
3532 545 3932 621 παράσχῃαύτῷ

2318 635 2447 695 Θεὸς
2509 633 2792 707 βοήθειαν,
2847 632 2936 687 καὶ
3008 629 3217 706 δυνηθῇ
3271 633 3371 699 τήν
3429 633 3731 708 παράταξιν
3785 635 3929 691 αὐτῶν

2315 721 2683 799 τραυματίσαι
2737 723 2828 776 καὶ
2892 720 3242 795 καταδιῶξαι,
3295 723 3428 798 μέγα
3491 722 3651 799 ἔργον
3696 726 3780 778 καὶ
3821 730 3932 799 μνή-

2321 833 2432 885 μης
2463 809 2608 882 ἄξιον
2641 809 2964 870 ἐπιτελέσει.
3007 811 3071 868 El
3122 808 3180 866 δὲ
3236 811 3449 882 πλῆθός
3480 812 3598 867 ἐστι
3623 816 3721 868 τοῦ
3752 813 3870 869 λαοῦ
3893 815 3930 869 ἐν

2313 903 2382 973 τῇ
2439 905 2547 954 τῶν
2602 899 2818 976 ἐχθρῶν
2874 901 3190 975 παρατάξει,
3242 897 3362 955 δέον
3392 899 3516 973 ,ἐστῖ
3554 898 3838 957 σπουδάσαι
3862 904 3929 958 τὸν

2315 991 2618 1064 στρατηγὸν
2679 987 2982 1064 ἔμπροσθεν
3043 991 3310 1065 γενέσθαι,
3370 988 3420 1045 ἐν
3498 992 3586 1051 οἷς
3635 989 3852 1064 χωρίοις
3895 995 3935 1047 ol

2313 1075 2576 1151 πολέμιοι
2632 1079 2730 1140 τὰς
2789 1076 3059 1154 ἐκδρομὰς
3118 1077 3468 1150 ἐποιήσαντο,
3518 1080 3580 1134 ἐκ
3612 1083 3719 1135 τῶν
3748 1077 3928 1144 ὄπισθεν

2316 1168 2491 1218 αυτῶν
2550 1165 2862 1240 γενόμενον.
2924 1164 3028 1221 Καὶ
3081 1164 3290 1220 τούτων
3351 1164 3809 1240 διεσκεδασμένων
3837 1169 3931 1223 ἐπι-

2311 1253 2621 1327 τυγχάνων,
2675 1253 2764 1308 καὶ
2819 1257 2888 1328 τῇ
2947 1253 3138 1326 ἐλασίᾳ
3204 1253 3590 1329 ἐκλελυμένων
3653 1257 3738 1311 καὶ
3792 1257 3930 1313 αὐτῶν

2312 1340 2539 1396 καὶτῶν
2585 1340 2769 1396 ’ίππων
2825 1343 3026 1413 αὐτῶν,
3084 1342 3326 1419 εὐχερῶς
3383 1344 3619 1407 τούτους
3673 1348 3932 1420 καταγωνί-

2316 1451 2461 1486 σεται
2511 1428 2582 1485 δι’
2638 1430 2774 1500 ὅλης
2831 1434 2930 1499 τῆς
2979 1433 3212 1508 ἡμέρας,
3272 1431 3652 1513 ἀναψηλαφῶν
3692 1435 3868 1496 αὐτοὺς
3891 1421 3929 1489 ἐν

2312 1525 2431 1582 τοῖς
2493 1520 2728 1595 χωρίοις
2785 1522 2870 1593 [Ρ.
2907 1523 3051 1594 μμ]-
3111 1521 3391 1584 κάκείνους
3453 1525 3553 1598 μὶν
3600 1521 3746 1598 λόγῳ
3773 1523 3931 1600 ἀνδρα-

2313 1608 2497 1664 πόδων
2531 1612 2878 1681 καταστήσει,
2929 1609 3018 1665 καὶ
3079 1611 3156 1673 ὡς
3212 1610 3469 1688 βούλεται
3499 1617 3624 1676 τοῖς
3656 1616 3767 1668 κατ’
3793 1614 3932 1668 αὐτῶν

2313 1700 2602 1773 χρήσεται.
2635 1698 2777 1762 Τοὺς
2837 1697 2895 1754 δὲ
2951 1699 3228 1775 γεωργοὺς
3283 1699 3648 1778 ἐλευθερώσει
3676 1710 3772 1772 τῆς
3793 1702 3932 1776 αἰχμ-

2317 1788 2581 1859 αλωσίας,
2613 1790 2704 1844 καὶ
2765 1789 2817 1844 εἴ
2865 1811 2920 1845 τι
2979 1790 3039 1845 ἂν
3098 1788 3294 1865 ἔτυχον
3319 1796 3429 1847 τῶν
3463 1792 3646 1848 αὐτῶν
3679 1789 3862 1849 λαϐεῖν.
3891 1793 3932 1847 Εἰ

2318 1875 2376 1932 δὲ
2404 1899 2465 1954 γε
2511 1879 2601 1932 καὶ
2653 1878 2877 1956 φούλκῳ
2926 1881 3225 1954 συναντήσῃ
3284 1885 3364 1953 τῷ
3419 1880 3502 1947 εἷς
3561 1881 3798 1960 φυλακὴν
3833 1881 3933 1937 ἐπα-

2315 1966 2674 2031 κολουθοῦντι
2773 1973 2881 2023 τῶν
2984 1967 3396 2041 ἐξελαυνόντων,
3473 1972 3928 2046 παρασκευασθήτω

2316 2058 2453 2132 πρὸς
2504 2057 2596 2112 τὸν
2645 2058 2780 2112 κατὰ
2829 2062 2924 2112 τοῦ
2955 2057 3203 2132 φούλκου
3232 2059 3505 2134 πόλεμον,
3537 2062 3716 2126 καθὼς
3760 2059 3930 2135 ἔμπρο-

2318 2148 2435 2202 σθεν
2469 2147 2751 2220 ἐξεθέμεθα
2781 2151 2844 2218 ⁵⁸,
2894 2149 2984 2203 καὶ
3033 2149 3168 2204 Θεοῦ
3216 2152 3469 2226 συνεργίᾳ
3520 2157 3622 2221 τῆς
3650 2152 3760 2206 κατ’
3789 2151 3930 2205 αὐτῶν

2319 2235 2507 2312 μάχης
2538 2239 2817 2312 κρατήσει.
2869 2237 2931 2292 Εἰ
2991 2234 3049 2292 δὲ
3103 2243 3220 2300 τοῖς
3278 2237 3330 2294 ἐν
3379 2243 3452 2314 τῇ
3508 2240 3650 2314 αὐτῇ
3688 2240 3827 2294 νυκτὶ
3852 2259 3930 2293 πα-

2318 2331 2569 2402 ραμεῖναι
2621 2326 2862 2382 σταλεῖσι
2908 2331 3030 2389 τοῖς
3083 2325 3376 2401 πολεμίοις
3421 2327 3638 2385 ἐναντία
3666 2329 3932 2400 ἀπηνήκασι

2316 2416 2703 2488 συναντέματα,
2763 2413 2852 2470 διὰ
2903 2417 2967 2471 τὸ
3027 2419 3196 2490 μήπω
3253 2415 3697 2493 προκαταλαϐεῖν
3751 2417 3927 2483 αὐτοὺς,

2315 2503 2405 2558 καὶ
2464 2505 2542 2568 εἰς
2593 2505 2722 2566 τοὺς
2778 2505 2979 2568 τόπους
3035 2507 3304 2581 γενέσθαι.
3363 2506 3416 2561 ἐν
3483 2511 3568 2570 οἷς
3598 2508 3662 2562 τὸ
3691 2508 3927 2585 φωσσάτον

2319 2592 2540 2668 βλέπειν
2571 2591 2860 2665 ἠδύναντο,
2889 2593 2980 2649 καὶ
3027 2595 3121 2660 τὰς
3170 2596 3350 2673 φωνὰς
3396 2597 3580 2652 αὐτῶν
3613 2596 3921 2665 ἐνωτίζεσθαι·

2313 2684 2399 2737 καὶ
2433 2684 2496 2737 τὸ
2553 2687 2781 2758 κοῦρσον
2843 2684 3018 2739 αὐτῶν
3078 2684 3439 2760 προεξῆλθεν,
3471 2687 3549 2751 ὡς
3577 2685 3798 2762 ἔφημεν,
3824 2682 3920 2756 πρὶν

2309 2781 2409 2840 την
2438 2773 2560 2846 περὶ
2614 2772 2811 2828 τούτου
2870 2767 3069 2847 ἀκριϐῆ
3129 2769 3315 2828 λαϐεῖν
3346 2773 3546 2837 αὐτοὺς
3575 2781 3677 2845 τῆς
3704 2771 3920 2843 ἀληθείας

2309 2860 2636 2935 κατάληψιν·
2735 2862 2824 2916 καὶ
2923 2861 2983 2916 ἐκ
3055 2865 3150 2917 τοῦ
3223 2863 3480 2919 τοιούτου
3558 2864 3920 2936 συναντήματος

2315 2950 2570 3028 βραδῦναι
2629 2953 2720 3008 καὶ
2777 2952 3030 3029 χρονίσαι
3090 2947 3286 3024 συνέϐη
3343 2955 3447 3024 τὴν
3506 2955 3642 3030 πρὸς
3675 2954 3762 3008 τὸν
3789 2970 3918 3026 στρα-

2306 3043 2472 3117 τηγὸν
2505 3039 2988 3114 ἀποστελλομένην
3043 3037 3262 3116 βεϐαίαν
3293 3043 3632 3120 ἀπαγγελίαν
3662 3046 3752 3098 τοῦ
3776 3042 3919 3116 πράγ-

2312 3153 2503 3208 ματος,
2546 3131 2636 3185 καὶ
2690 3131 2754 3186 τὸ
2814 3130 2953 3206 πρὸς
3002 3132 3093 3186 τὸν
3154 3133 3456 3208 στρατηγὸν
3486 3129 3918 3202 ἀποστελλόμενον

547 3221 838 3296 μανδᾶτον·
900 3221 946 3276 εἰ
1011 3222 1106 3293 μέν
1165 3223 1301 3297 πρὸς
1362 3222 1505 3298 ὥραν
1563 3221 1783 3291 ἐννάτην
1839 3229 1942 3291 τῆς
2000 3226 2193 3288 νυκτὸς
2250 3227 2341 3282 καὶ
2397 3222 2645 3278 ἐπέκεινα
2702 3225 3059 3294 καταμηνυθῇ
3118 3223 3146 3276 ὁ
3202 3224 3512 3298 στρατηγὸς
3565 3221 3685 3296 περὶ
3737 3220 3918 3282 τούτου,

543 3311 633 3366 καὶ
691 3311 793 3384 ὁρᾷ
846 3311 909 3366 τὸ
969 3311 1152 3364 στενὸν
1221 3314 1318 3364 τοῦ
1375 3314 1592 3386 καιροῦ,
1653 3309 1768 3364 ἐπεὶ
1826 3311 1916 3364 καὶ
1971 3312 2034 3366 τὸ
2088 3319 2318 3386 κοῦρσον
2371 3317 2478 3367 τῶν
2539 3309 2826 3382 πολεμίων
2887 3307 2964 3364 ἔτι
3014 3316 3114 3380 τῆς
3167 3312 3377 3384 ἠμέρας
3437 3309 3817 3384 ἐπικρατούσης
3841 3307 3918 3373 τήν

545 3398 764 3468 κίνησιν
793 3395 1114 3468 ἐποιήσατο,
1147 3399 1239 3452 καὶ
1273 3393 1342 3452 δι’
1371 3397 1510 3468 ὅλης
1549 3404 1649 3466 τῆς
1683 3397 1872 3460 νυκτὸς
1924 3399 2115 3476 πόρῥω
2173 3423 2279 3457 που
2339 3401 2584 3477 γενέσθαι
2640 3395 2862 3471 ἔμελλε,
2920 3397 3012 3452 καὶ
3071 3397 3132 3452 οὐ
3191 3396 3445 3471 δυνατὸν,
3500 3400 3720 3458 τούτους
3747 3394 3918 3451 διεσκε-

548 3483 848 3559 δασμένους
875 3481 1224 3542 καταλαϐεῖν
1258 3488 1370 3561 χρὴ
1404 3485 1563 3540 αὐτὸν
1612 3485 1686 3549 εἷς
1747 3487 1839 3541 τὸν
1897 3488 2032 3542 κατά
2085 3495 2182 3543 τοῦ
2237 3490 2522 3566 φωσσάτου
2582 3486 2996 3562 εὐτρεπισθῆναι
3024 3485 3399 3559 πόλεμον.Λαὶ
3435 3488 3482 3544 εί
3516 3489 3608 3562 μὶν
3643 3485 3919 3558 δινημερεῦ·

545 3597 634 3630 σαι
671 3573 1022 3651 βουληθῶσιν
1057 3576 1109 3631 ἐν
1143 3576 1531 3648 ᾦαύΛίζονται
1587 3576 1762 3648 τόπῳ,
1821 3585 2332 3652 παρασκευασθῆναι
2384 3579 2543 3634 αὐτὸν
2605 3577 2681 3638 είς
2735 3577 2834 3645 τήν
2887 3577 3005 3630 κατ’
3053 3575 3454 3652 αὐτῶνμάχην,
3501 3577 3675 3641 καθὼς
3702 3571 3918 3644 ἀνωτέρω

543 3667 636 3721 τὸν
692 3666 830 3720 κατά
881 3669 980 3720 τοῦ
1038 3667 1328 3742 φωσσάτου
1383 3665 1630 3740 πόλεμον
1686 3667 1928 3739 γενέσθαι
1988 3666 2293 3741 ἐξεθέμεθα.
2350 3665 2508 3726 Ἀλλ’
2567 3665 2666 3722 οὐκ
2715 3665 2778 3720 ἂν
2833 3662 3287 3740 διημερεύσουσιν
3347 3666 3398 3722 ἐν
3463 3669 3611 3740 αὐτῷ
3655 3669 3728 3734 τῷ
3755 3660 3917 3737 χώρῳ,

547 3752 636 3809 διὰ
690 3755 751 3809 τὸ
810 3754 1211 3831 κατεπείγεσθαι
1269 3760 1390 3816 ταῖς
1450 3757 1699 3817 ἱππικαῖς
1759 3755 1934 3810 αὐτῶν
1996 3754 2255 3830 δυνάμεσι
2307 3762 2428 3820 ταῖς
2488 3757 2564 3819 εἰς
2624 3753 2774 3810 λείαν
2833 3753 3235 3830 ἐκδράμούσαις
3290 3757 3490 3832 τάχιον
3541 3745 3916 3822 ἐνωθῆναι.Καῖ

545 3840 983 3918 ὁδοιπορούντων
1019 3843 1194 3899 αὐτῶν
1229 3843 1609 3919 ἐπιτυγχάνων
1644 3845 1672 3900 ὁ
1704 3845 2028 3920 στρατηγὸς,
2061 3847 2360 3921 προθύμως
2391 3846 2466 3908 εἷς
2511 3845 2602 3900 τὸν
2654 3845 2771 3900 κατ’
2818 3843 2993 3899 αὐτῶν
3026 3845 3327 3919 ὁρμησάτω
3358 3845 3630 3920 πόλεμον,
3657 3841 3815 3900 καθὼς
3841 3833 3914 3889 καῖ

554 3933 680 4008 περὶ
712 3936 808 3987 τοῦ
838 3931 888 3986 ἐν
948 3937 1017 4006 τῇ
1077 3931 1364 4004 ὁδοιπορίᾳ
1422 3931 1714 4007 φωσσᾶἱτου
1773 3931 2282 4010 διακεχωρισμένου
2337 3940 2434 3991 τοῦ
2489 3935 2726 4009 κούρσου
2785 3935 2834 3970 ⁶⁰
2889 3935 3320 4010 προειρήκαμεν.
3357 3937 3468 3992 Καὶ
3497 3936 3664 3990 πάντα
3691 3923 3902 3999 ἐπιμελῶ

557 4023 847 4082 ποιοῦντος
876 4019 972 4074 τοῦ
1001 4025 1305 4097 στρατηγοῦ
1335 4022 1472 4075 κατὰ
1493 4023 1595 4089 τὴν
1625 4023 1892 4097 προτέραν
1925 4020 2186 4095 διάταξιν,
2216 4025 2318 4094 τήν
2345 4028 2442 4078 τοῦ
2473 4028 2608 4079 Θεοῦ
2629 4020 2775 4099 ἔχων
2807 4023 3063 4098 βοήθειαν
3095 4023 3187 4078 καὶ
3216 4031 3318 4094 τῆς
3347 4025 3512 4100 ἁγίας
3541 4023 3626 4079 καὶ
3657 4012 3922 4089 παναχράν·

549 4129 647 4162 του
678 4109 903 4183 Μητρὸς
931 4108 1098 4163 αὐτοῦ
1128 4109 1220 4164 καὶ
1248 4109 1537 4179 Θεοτόκου,
1571 4109 1817 4184 μεγάλην
1843 4111 1933 4165 καὶ
1965 4111 2251 4184 ἀξιόλογον
2286 4109 2534 4170 δουλείαν
2562 4111 2884 4168 ἐπιτελέσει.

1017 4227 1148 4282 CAP.
1183 4228 1298 4284 XV.
1350 4231 1430 4282 De
1461 4230 1736 4286 cautione.

2696 4231 2865 4288 ΚΕΦ.
2910 4229 3009 4286 1Ε’.
3071 4229 3200 4304 Περὶ
3251 4227 3571 4308 ἀσφαλείας.

617 4336 987 4406 Quapropter
1016 4339 1095 4403 te,
1127 4352 1160 4389 o
1189 4334 1328 4402 dux,
1371 4340 1606 4407 oportet
1651 4335 2018 4405 vigilantiam
2049 4353 2198 4392 cau-

543 4424 893 4495 tionemque
923 4440 1162 4478 omnem
1194 4423 1499 4493 adhibere,
1537 4441 1612 4480 ne
1654 4424 1909 4481 subitam
1938 4426 2058 4481 vim
2090 4443 2194 4498 pa-

539 4514 710 4581 tiare,
743 4529 888 4569 neve
911 4512 982 4568 de
1009 4513 1328 4585 improviso
1351 4514 1413 4568 in
1436 4519 1492 4568 te
1516 4513 1717 4570 hostes
1739 4515 2196 4586 impressionem

536 4603 779 4659 faciant.
813 4605 1026 4657 Tutum
1057 4609 1256 4658 autem
1283 4608 1626 4674 tectumque
1672 4608 1730 4658 te
1778 4604 2108 4675 praestabis,
2143 4606 2192 4660 si

2380 4339 2472 4389 Δεῖ
2528 4331 2618 4389 οὖν
2675 4355 2753 4404 σε,
2811 4333 2856 4388 ὦ
2913 4335 3199 4410 στρατηγέ,
3254 4340 3426 4391 πᾶααν
3518 4330 3788 4411 ἀσφάλειαν
3839 4317 3910 4411 καί

2307 4421 2554 4500 φυλακὴν
2588 4422 2758 4499 ἔχειν,
2807 4427 2904 4479 τοῦ
2941 4425 3018 4498 μή
3075 4421 3462 4497 αἰφνιδιασμὸν
3511 4424 3808 4486 ὑποστῆναι,
3833 4404 3904 4500 καὶ

2303 4495 2588 4582 ἀδοκήτως
2614 4495 2743 4577 τοὺς
2769 4495 3075 4586 πολεμίους
3107 4514 3245 4569 κατὰ
3274 4495 3371 4569 σού
3417 4515 3517 4583 τὴν
3557 4506 3737 4589 ἔφοδον
3764 4495 3900 4589 ἐργά-

2303 4614 2515 4667 σασθαι,
2546 4603 2719 4674 *Εξεις
2749 4600 2806 4658 δὲ
2859 4585 2957 4673 τήν
3013 4602 3260 4680 φυλακην
3319 4604 3410 4659 καὶ
3463 4585 3766 4676 ἀσφάλειαν,
3793 4585 3902 4680 εἴτε

539 4693 790 4765 singulis
823 4692 1034 4748 diebus
1063 4693 1385 4748 mittuntur
1427 4709 1460 4748 a
1509 4671 1564 4748 te
1597 4693 1697 4764 qui
1732 4671 2054 4748 exercitum
2084 4671 2190 4749 ho-

2310 4692 2419 4756 ιιαθ’
2475 4691 2702 4764 ἑκάστην
2765 4692 2975 4767 ἡμέραν
3030 4689 3465 4749 ἀποστέλλονται
3545 4686 3683 4763 παρά
3734 4683 3814 4736 σοῦ
3858 4671 3896 4725 οἱ

535 4783 715 4837 stium
748 4782 1152 4853 speculentur,
1205 4799 1273 4838 eo
1322 4782 1450 4838 loco
1498 4782 1598 4837 ubi
1646 4782 2002 4838 consederit.
2047 4783 2191 4839 Dili-

530 4870 792 4941 gentiam
807 4870 966 4925 enim
980 4870 1268 4927 adhibent
1282 4888 1641 4943 omnemque
1655 4873 1936 4927 rationem
1955 4873 2184 4942 ineunt,

532 4959 1038 5029 quemadmodum
1062 4979 1171 5017 nec
1191 4963 1430 5034 opinato
1445 4963 1551 5018 tibi
1566 4964 2187 5036 superveniant,teque

531 5047 974 5118 opprimant,ad
987 5049 1387 5107 calamitatem
1411 5058 1470 5107 et
1490 5052 1959 5108 internecionem
1981 5053 2185 5124 papuli

529 5135 1259 5209 christiani,ignominiam
1273 5140 1746 5212 bellipotentium
1759 5145 2182 5213 Romanorum,

529 5223 846 5279 elationem
880 5231 1080 5281 autem
1128 5232 1306 5298 atque
1351 5229 1741 5299 jactationem
1774 5231 2181 5302 arrogantium

529 5311 792 5367 ﬁliorum
849 5314 1021 5386 Agar,
1081 5314 1482 5371 inﬁciatorum
1541 5317 1758 5372 Christi
1821 5318 1922 5373 Dei
1953 5318 2178 5373 nostri:

2299 4780 2613 4855 ὀφείλοντες
2644 4765 2979 4856 παραμένειν
3035 4785 3114 4854 τῷ
3170 4785 3279 4836 τῶν
3334 4779 3617 4855 πολεμίων
3657 4765 3896 4856 φωσσάτφ,

2298 4849 2355 4924 ἐν.
2409 4869 2454 4944 ᾧ
2510 4870 2664 4943 τόπῳ
2719 4849 3055 4940 αὐλίζονται.
3087 4849 3370 4928 ⁷Ἐκείνων
3423 4849 3524 4948 γάρ
3573 4849 3896 4948 διάσπουξῆς

2293 4937 2595 5030 τιθεμένων
2635 4937 2732 5012 ⁷καὶ
2779 4937 2951 5014 πᾶσαν
3001 4959 3090 5033 [Ρ.
3125 4960 3249 5032 145]
3302 4937 3560 5033 μηχατῆν
3600 4937 3896 5039 καταβαλλθῖ

2298 5050 2497 5121 μένων,
2530 5045 2816 5119 ἀδοκήτως
2875 5069 2962 5102 σοι
3023 5048 3291 5122 ἐντυχεῖν,
3327 5053 3423 5103 τοῦ
3479 5034 3893 5122 καταγωνίσασθαι

2294 5157 2373 5206 σε»
2406 5138 2485 5199 εἷς
2546 5131 2761 5211 βλάδην
2821 5138 2915 5210 μὲν
2976 5139 3068 5193 καὶ
3126 5136 3402 5193 ἀπώλειαν
3435 5139 3528 5192 τοῦ
3557 5116 3892 5211 χριστωνύμίξυ

2294 5226 2450 5296 λαοῦ,
2498 5226 2589 5281 καὶ
2641 5223 2855 5298 ἀδοξίαν
2909 5230 3018 5282 τῶν
3071 5227 3472 5304 κραταιοτάτων
3519 5223 3805 5304 Ῥωμαιωνς
3833 5199 3892 5257 εἷς

2291 5313 2514 5389 ἔπαρσιν
2573 5313 2630 5370 δὲ
2682 5315 2773 5371 καὶ
2829 5298 3118 5392 γαυρίαμα,
3159 5321 3266 5372 τῶν
3320 5314 3595 5385 ἀλαζόνων
3641 5309 3732 5372 τῆς
3756 5298 3890 5364 Ἅγαρ

1731 5471 1792 5524 C.
1842 5471 1904 5528 Β.
1947 5472 2137 5527 HASII
2183 5471 2742 5528 ANNOTATIONES.

597 5631 642 5667 ⁸9
671 5627 946 5703 ἐξοέμεθα.
987 5630 1108 5686 Vid.
1146 5647 1342 5703 supra.
1375 5633 1492 5687 131.
1532 5631 1603 5689 D.
1679 5631 1728 5666 ⁸ο
1757 5630 2012 5704 κούρσου,
2049 5633 2174 5690 Vid.

2310 5650 2415 5705 ira.
2457 5633 2578 5688 132.
2612 5634 2678 5690 Β.
