4152 6312
319 404 442 464 973

1590 399 1695 460 VE
1705 397 2020 460 LITATIO
2060 397 2283 460 BELLI
2293 400 2412 460 LA.

3617 408 3739 471 974

316 539 452 595 υἱῶν
509 535 602 591 καὶ
657 533 908 607 ἂρνητῶν
968 534 1207 610 Χριστοῦ
1281 538 1417 590 Θεοῦ
1490 535 1674 606 ἡμῶν·
1735 527 1971 606 συμϐαί-

2081 534 2302 590 etenim
2333 552 2445 592 usu
2488 539 2666 606 venit,
2718 543 2784 594 ut
2831 540 3074 610 quidam
3123 539 3196 595 de
3253 541 3474 596 nostris
3524 545 3739 616 captivi

316 647 395 683 νει
452 624 557 701 γὰρ
615 623 1040 696 κατασχεθῆναι,
1100 623 1229 699 παρ’
1281 623 1468 685 αὐτοῖς
1527 619 1807 696 δεσμώτας
1865 625 1972 676 τῶν

315 718 628 792 ἡμετέρων,
659 713 695 783 ἢ
725 714 814 768 καὶ
877 712 1227 786 αὐτομόλους
1281 713 1524 790 γενέσθαι
1581 714 1671 768 καὶ
1721 714 1845 787 παρ’
1880 711 1975 766 αὐ-

313 812 427 863 τῶν
459 809 672 880 μαθεῖν,
704 801 757 858 ἐν
789 802 932 876 ποίῳ
972 803 1128 876 τόπῳ
1174 800 1402 877 αὖλίζῃ.
1434 804 1529 860 ⁹⁹Ιν’
1560 803 1649 857 οὗν
1677 803 1753 875 μὴ
1785 802 1976 866 νυκτὸς

312 897 412 958 τὰς
468 894 697 955 ἱππικὰς
754 889 1011 965 δυνάμεις
1067 891 1240 948 αὐτῶν
1300 891 1622 964 ἀνελόμενοι
1683 888 1972 961 ἐξελάσωσι

313 979 643 1043 καταλαϐεῖν
699 1004 777 1051 σε,
827 981 918 1037 καὶ
975 979 1262 1053 ἀδοκήτως
1308 977 1626 1036 ἐπιπέσωσι·
1676 977 1766 1034 διὰ
1806 984 1974 1034 ταῦτα

317 1073 440 1131 δέον
497 1072 628 1135 τοὺς
682 1072 1117 1146 παραμένοντας,
1175 1072 1340 1140 ἡνικα
1407 1077 1510 1140 τῆς
1568 1075 1816 1144 ταραχῆς
1875 1065 1972 1122 τοῦ

312 1165 455 1223 λαοῦ
501 1167 612 1220 τῶν
672 1161 956 1236 πολεμίων
1009 1160 1300 1227 α’ίσθωνται
1349 1161 1486 1234 πρὸς
1515 1158 1974 1231 κίνησιν,εὐθέως

309 1256 470 1330 τάχει
519 1251 722 1325 πολλῶ
769 1255 1170 1325 καταμηνῦσαι,
1201 1249 1284 1306 ὅτι
1324 1271 1383 1306 τε
1413 1252 1441 1305 ὁ
1474 1249 1603 1312 λαὸς
1636 1247 1968 1323 διεταράχθη

309 1345 450 1420 πρὸς
504 1341 732 1415 κίνημα’
791 1338 958 1396 πάλιν
1015 1338 1072 1395 δὲ
1125 1338 1554 1408 ἀποκινοόντων,
1615 1335 1683 1392 δι’
1742 1334 1860 1398 ο²ίας
1910 1335 1968 1390 ἃν

311 1431 443 1489 ὁδοῦ
470 1432 571 1501 τὴν
621 1431 844 1505 πορείαν
903 1433 1188 1484 ποιῶνταυ
1249 1429 1339 1484 καὶ
1394 1425 1547 1490 αὖθις
1579 1425 1968 1500 καταμηνύειν,

312 1523 418 1578 ὅτι
447 1542 510 1576 τε
561 1520 778 1591 πλῆθος
831 1517 970 1575 λαοῦ
1027 1519 1382 1589 ἀπεκίνησαν,
1440 1517 1532 1572 καὶ
1588 1514 1656 1586 ἤν
1714 1513 1835 1571 ὁδὸν
1869 1535 1972 1569 πο-

312 1609 582 1687 ρεύονται,
615 1607 722 1664 εἴτε
751 1609 980 1670 ἅπαντες
1030 1606 1124 1662 σὺν
1171 1611 1251 1679 τῷ
1302 1611 1532 1678 πεζικῷ,
1563 1601 1668 1660 εἷ’τε
1699 1605 1750 1660 οἱ
1782 1605 1969 1665 ἱππεῖς

315 1700 503 1774 μόνοι.
556 1699 618 1756 Ὁ
669 1694 727 1752 δὶ
784 1696 1091 1772 στρατηγὸς
1153 1696 1230 1770 μή
1280 1693 1546 1772 θαρῥιίτω
1602 1714 1766 1766 μονον
1797 1691 1873 1754 εἷς
1903 1693 1969 1746 τὰ

313 1787 596 1865 ἐρχόμενα
647 1787 786 1862 πρὸς
846 1785 1006 1842 αὐτὸν
1070 1781 1313 1858 μανδᾰτα
1375 1787 1484 1839 τῶν
1541 1781 1964 1858 παραμενόντων

304 1882 426 1940 τοῖς
454 1876 770 1950 πολεμίοις,
801 1871 950 1932 ἀλλὰ
993 1873 1084 1930 καὶ
1139 1873 1329 1950 βίγλας
1377 1872 1551 1948 ἐχέτω
1583 1870 1802 1940 διπλᾶς,
1833 1870 1967 1941 ἐξώ-

309 1964 478 2042 ϐιγλα
512 1965 603 2021 καὶ
652 1960 953 2038 έσώϐιγλα,
1013 1958 1153 2019 ἔστιν
1211 1965 1300 2019 ὅτε
1352 1963 1442 2018 καὶ
1499 1962 1753 2040 τριπλᾶς·
1785 1961 1875 2016 καὶ
1907 1959 1958 2014 έν

311 2057 468 2111 νυκτί
530 2054 628 2130 μὶν
679 2054 772 2116 τὰς
831 2050 992 2115 ὁδοὺς
1051 2051 1362 2131 φυλάττειν,
1411 2052 1498 2106 καὶ
1559 2049 1610 2106 έν
1663 2052 1746 2112 οἷς
1770 2051 1962 2111 τόποις

313 2139 564 2200 διάϐασιν
616 2145 883 2222 ὑφορᾶται
939 2141 1249 2217 πολεμίων
1308 2141 1360 2197 έν
1419 2141 1603 2216 ἡμέρᾳ
1631 2138 1709 2212 δὲ,
1745 2140 1821 2213 μὴ
1859 2139 1962 2212 μό-

309 2257 405 2292 νον
432 2236 530 2297 τᾶς
561 2232 721 2298 ὁδοὺς
779 2233 1064 2312 φυλάττειν
1120 2233 1247 2296 τοὺς
1310 2232 1667 2309 βιγλάτορας,
1698 2229 1845 2286 ἆΛλᾶ
1871 2228 1962 2284 καὶ

310 2325 386 2386 εἷς
439 2325 643 2386 τόπους
700 2324 1024 2398 ἀνέρχεσθαι
1101 2321 1498 2397 ὑψηλοτάτουςο
1557 2319 1694 2396 πρὸς
1748 2319 1812 2374 τὸ
1873 2317 1963 2373 δύ-

307 2415 495 2470 νασθαι
528 2412 726 2476 αὐτοὺς
773 2412 1016 2488 εὐχερῶς
1077 2413 1210 2488 ὁρᾷν-
1265 2412 1342 2486 μὴ
1397 2410 1559 2484 μόνον
1609 2408 1842 2472 καπνοὺς
1875 2407 1964 2463 καὶ

304 2501 642 2578 κονιορτοὺς,
692 2500 839 2558 ἀλλὰ
893 2501 983 2558 καὶ
1041 2500 1210 2563 λαοὺς
1263 2504 1374 2558 τῶν
1441 2498 1752 2573 πολεμίων,
1813 2495 1964 2572 εἷ’περ

308 2589 602 2668 ἔρχωνται.
640 2589 899 2655 Πλείονας
947 2587 1004 2646 δὶ
1062 2591 1195 2645 εἶναι
1250 2589 1346 2652 τὰς
1385 2588 1586 2666 βίγλας
1615 2585 1844 2664 ἔφημεν,
1877 2583 1966 2640 διὰ

305 2682 392 2750 τὸ,
444 2681 496 2736 εἷ’
544 2701 678 2737 ποτε
737 2675 922 2754 συμϐῇ
977 2681 1078 2749 τὴν
1137 2679 1360 2755 πρώτην
1398 2678 1500 2734 ὑπὸ
1541 2682 1652 2733 τῶν
1682 2676 1968 2749 πολεμίων

312 2769 548 2842 ἁλῶναι,
597 2772 633 2840 ἡ
688 2769 803 2843 μετ’
861 2767 1093 2838 ἂκείνην,
1147 2767 1276 2830 τοὺς
1335 2765 1638 2839 πολεμίους
1671 2767 1964 2842 Θεωροῦσα,

315 2863 399 2931 τῷ
447 2863 737 2933 στρατηγῷ
791 2859 892 2926 τὴν
947 2861 1056 2912 τῶν
1111 2857 1325 2932 ἐχθρῶν
1384 2853 1706 2929 καταμηνύῃ
1735 2853 1966 2910 ἕλευσιν.

312 2945 415 3000 Καὶ
471 2943 552 3007 δὶς
609 2943 668 3000 δὶ
718 2943 770 3000 έν
829 2945 985 3000 νυκτὶ
1045 2942 1479 3017 μεταπληκεύειν
1530 2942 1612 2998 δεῖ
1649 2943 1738 2997 τὸν
1773 2962 1968 3017 στρατ-

315 3035 474 3109 ηγὸν,
503 3035 591 3090 καὶ
621 3033 675 3090 ἂν
703 3035 886 3111 ἡμέρᾳ
935 3032 1215 3095 ὡσαύτῶς.
1263 3033 1365 3091 Καὶ
1408 3029 1835 3106 μεταπληκεύων
1873 3031 1967 3104 μὲν

312 3123 442 3185 τοὺς
504 3121 831 3199 βιγλᾶτορας
896 3123 1012 3197 μετ’
1074 3122 1239 3177 αὐτοῦ
1297 3117 1643 3194 λαμϐανέτω
1699 3120 1970 3191 καταλιμ-

312 3211 526 3267 πανέτω
574 3209 633 3267 δὲ
689 3211 742 3268 ἐν
803 3212 850 3284 ᾦ
907 3210 1059 3283 τόπῳ
1109 3209 1367 3282 ηὐλίζετο
1399 3209 1450 3281 ἔξ
1504 3207 1763 3284 ἄνδραςῆ
1797 3209 1962 3282 ὀκτὼ,

309 3301 439 3364 τοὺς
506 3299 911 3377 ὑποδοχαρίους
981 3300 1378 3375 καλουμένους,
1457 3301 1592 3372 μετὰ
1663 3299 1752 3354 καὶ
1818 3319 1962 3360 τινος

312 3389 589 3466 ἄρχοντος
647 3394 756 3446 τῶν
803 3389 1120 3465 χρησίμων*
1167 3390 1259 3445 ἳνα
1325 3389 1378 3444 oi
1424 3389 1773 3462 πεμπόμενοι
1821 3387 1964 3461 παρὰ

305 3485 416 3536 τῶν
443 3480 862 3556 παραμενόντων
915 3483 1032 3540 τοῖς
1089 3477 1316 3554 ἐχθροῖς
1382 3475 1624 3551 μανδᾶτα
1681 3476 1960 3554 φέροντες,

2081 624 2248 691 fiant,
2280 631 2382 680 aut
2411 627 2826 700 transfugiant,
2858 630 3017 685 unde
3075 630 3422 698 doceantur,
3457 649 3572 702 quo
3604 632 3737 689 loco

2081 713 2311 768 tendas.
2362 715 2548 787 Igitur
2588 733 2662 770 ne
2713 723 2892 772 noctu
2940 724 3246 790 assumpto
3277 721 3549 792 equitatu
3583 723 3732 782 225

2080 808 2354 858 moveant
2381 804 2455 859 ad
2485 811 2538 859 te
2570 805 3178 879 invadendum,teque
3204 809 3524 880 improviso
3545 813 3740 884 Oppri-

2078 899 2243 947 mant
2268 911 2282 949 :
2306 894 2526 950 idcirco
2575 902 2808 966 oportet
2853 899 3275 969 speculatores,
3310 901 3488 956 simul
3520 919 3587 957 ac
3616 902 3738 959 fre-

2077 980 2289 1037 mitum
2303 985 2654 1054 profectura.-
2667 987 3070 1043 multitudinis
3082 989 3238 1060 apud
3252 990 3451 1045 hostes
3466 992 3732 1061 audiant,

2076 1070 2387 1126 confestim
2410 1075 2827 1144 properatione
2868 1092 3081 1149 magna
3109 1079 3474 1146 renuntiare,
3507 1081 3724 1136 cooriri

2076 1157 2275 1229 copias
2305 1159 2378 1214 ad
2411 1160 2673 1217 abitum:
2718 1162 2955 1231 deinde,
2987 1169 3301 1235 postquam
3335 1167 3554 1237 egressi
3587 1167 3729 1238 sint,

2076 1263 2194 1316 qua
2222 1247 2318 1302 via
2349 1248 2461 1302 iter
2488 1248 2743 1305 faciant:
2778 1251 3036 1323 denique
3085 1253 3234 1307 illud
3266 1271 3502 1325 quoque
3534 1256 3731 1313 decla-

2076 1352 2232 1401 rare,
2265 1343 2500 1408 quantae
2555 1339 2739 1410 copiae
2799 1341 3073 1411 exierint,
3136 1358 3254 1413 qua
3302 1348 3490 1414 parte,
3530 1349 3730 1401 utrum

2077 1424 2334 1480 universi
2379 1443 2512 1481 cum
2543 1427 2832 1498 peditatu,
2866 1446 2942 1484 an
2988 1430 3215 1501 equites
3247 1432 3378 1486 soli.
3412 1435 3611 1504 Neque
3641 1441 3732 1490 ta-

2076 1531 2216 1570 men
2248 1515 2363 1570 dux
2395 1516 2537 1570 solis
2589 1517 3122 1589 significationibus
3172 1537 3206 1575 a
3254 1517 3728 1592 speculatoribus

2074 1602 2245 1658 factis
2279 1604 2456 1659 fidem
2489 1605 2662 1660 debet
2697 1606 2978 1674 tribuere,
3023 1608 3126 1662 sed
3172 1610 3457 1665 stationes
3490 1629 3726 1684 quoque

2074 1691 2332 1747 habeant
2355 1692 2972 1764 duplices,exteriores
2987 1697 3726 1771 etinteriores,aliquando

2074 1781 2253 1836 etiam
2286 1781 2548 1853 triplices
2575 1799 2587 1836 :
2613 1789 2812 1851 noctu,
2864 1790 2930 1839 ut
2976 1785 3097 1840 vias
3124 1791 3183 1841 et
3212 1786 3337 1842 loca
3367 1789 3727 1858 custodiant,

2073 1887 2192 1941 qua
2239 1871 2439 1925 hostes
2496 1877 2811 1942 erupturos
2880 1874 3254 1946 suspicatur:
3321 1876 3606 1947 interdiu,
3664 1884 3731 1935 ut

2070 1959 2443 2015 excubitores
2469 1977 2588 2015 non
2614 1960 2808 2016 solum
2831 1963 3048 2018 itinera
3069 1963 3514 2031 observent,sed
3547 1968 3725 2025 etiam

2067 2049 2132 2104 in
2151 2048 2283 2104 loca
2303 2048 2634 2105 editissima
2655 2051 2926 2121 evadant,
2946 2053 3104 2108 unde
3127 2054 3316 2109 femos
3349 2061 3407 2110 et
3427 2056 3723 2128 pulveres,

2067 2143 2195 2194 tum
2226 2137 2406 2192 etiam
2435 2137 2638 2208 globos
2670 2140 2951 2206 hostium,
2994 2142 3040 2196 si
3102 2144 3203 2214 qui
3234 2145 3492 2213 veniant,
3524 2146 3724 2202 videre

2068 2227 2236 2281 nullo
2267 2227 2502 2295 negotio
2545 2229 2796 2298 possint.
2846 2229 3054 2285 Plures
3101 2237 3299 2288 autem
3345 2249 3475 2289 esse
3505 2236 3720 2292 debere

2071 2315 2349 2371 excubias
2379 2315 2511 2370 ideo
2544 2315 2823 2383 diximus,
2855 2324 2942 2384 ut,
2975 2320 3022 2374 si
3056 2322 3293 2392 quando
3324 2325 3490 2394 prior
3517 2324 3590 2379 ab
3621 2324 3725 2380 ad-

2068 2405 2345 2462 versariis
2376 2406 2705 2478 intercepta
2735 2408 2829 2476 sit,
2864 2412 3062 2464 tamen
3095 2428 3227 2481 qua;
3267 2413 3416 2468 citra
3455 2418 3588 2484 stet,
3620 2415 3727 2470 ho-

2073 2499 2194 2551 stes
2225 2495 2588 2565 conspicata,
2625 2511 2830 2550 eorum
2863 2497 3183 2553 adventum
3214 2501 3558 2557 renuntiare
3591 2503 3728 2558 duci

2072 2585 2280 2656 possit.
2315 2583 2639 2637 Stationem
2670 2583 2760 2638 bis
2794 2586 3059 2656 qualibet
3084 2594 3257 2643 nocte
3291 2595 3521 2644 mutare
3555 2590 3731 2645 debet

2074 2673 2214 2741 dux,
2247 2678 2306 2728 et
2338 2673 2510 2727 toties
2541 2674 2747 2744 quovis
2777 2675 2892 2730 die.
2927 2677 3052 2741 Qua
3078 2678 3140 2732 in
3170 2679 3523 2751 migratione
3557 2697 3731 2736 excu-

2072 2763 2296 2818 bitores
2329 2778 2530 2816 secum
2565 2762 2947 2819 transducat:
3013 2767 3075 2820 in
3135 2766 3265 2822 loco
3321 2775 3540 2836 autem,
3576 2771 3733 2825 unde

2075 2854 2277 2921 movit,
2310 2852 2610 2922 relinquat
2641 2871 2739 2908 sex
2772 2860 2876 2908 aut
2903 2861 3033 2910 octo
3062 2857 3282 2912 milites
3309 2876 3322 2914 :
3364 2876 3512 2928 quos
3546 2861 3735 2932 hypo-

2077 2941 2390 2996 docharios
2415 2958 2719 3008 vocamus,
2745 2959 2879 2997 cum
2913 2943 3112 3015 aliquo
3145 2946 3301 3000 bono
3333 2947 3610 3018 praefecto
3633 2966 3645 3004 :
3669 2954 3737 3003 ut

2077 3031 2245 3090 missi
2276 3047 2311 3085 a
2341 3031 2813 3102 speculatoribus
2864 3034 3082 3101 nuntii,
3131 3035 3179 3088 si
3228 3035 3595 3105 advenerint,
3627 3055 3735 3109 per

2077 3123 2188 3178 hos
2218 3121 2292 3178 ad
2322 3121 2533 3176 ducem
2567 3122 2988 3193 perducantur.
3025 3125 3155 3196 Ipse
3188 3125 3326 3196 dux,
3360 3145 3475 3198 quo
3507 3129 3568 3182 in
3600 3128 3730 3183 loco

2079 3213 2232 3270 226
2265 3212 2459 3269 denuo
2491 3213 2780 3280 considet,
2815 3213 2954 3268 inde
2999 3231 3206 3270 rursus
3256 3217 3542 3272 stationes
3573 3224 3734 3273 exte-

2076 3302 2264 3357 riores
2295 3301 2575 3358 dimittat.
2645 3303 2773 3357 Sint
2829 3309 3028 3358 autem
3086 3305 3146 3359 in
3180 3305 3447 3375 qualibet
3480 3308 3733 3363 statione

2075 3391 2298 3446 milites
2329 3392 2640 3463 quaterni:
2699 3397 2781 3459 ut,
2839 3392 2998 3447 binis
3054 3399 3233 3449 noctu
3279 3394 3736 3468 dormientibus,

2075 3478 2202 3534 bini
2232 3479 2474 3551 vigilare
2509 3485 2747 3552 queant.

310 3569 772 3646 προσερχόμενοι,
803 3565 874 3622 δι’
926 3568 1101 3623 αὐτῶν
1153 3573 1234 3641 τῷ
1289 3571 1578 3644 στρατηγῷ
1635 3565 2104 3640 ἄποκομίζωνταιο
2164 3568 2217 3621 έν
2277 3568 2322 3638 ᾧ
2382 3563 2440 3621 δὲ
2497 3566 2660 3622 πάλιν
2695 3568 2848 3640 τόπῳ
2880 3567 2906 3622 ὁ
2939 3571 3244 3644 στρατηγὸς
3273 3570 3628 3641 ἀπληκεύσει,
3659 3575 3737 3627 τὰ

311 3653 588 3735 έξώϐιγλα
617 3653 1025 3715 ἀποπελλὲτω.
1058 3659 1336 3714 Ἔστωσαν
1371 3654 1429 3712 δὲ
1456 3655 1558 3712 ἀνὰ
1583 3656 1836 3730 τέσσαρες
1862 3652 2051 3730 ἄνδρες
2081 3653 2134 3710 ἐν
2168 3654 2377 3727 ἑκάστῳ
2408 3653 2631 3728 σταδίῳ·
2679 3654 2789 3727 ἵνα,
2841 3661 2947 3710 τῶν
2982 3655 3077 3712 δύο
3109 3655 3475 3715 καθευδόντων
3507 3663 3735 3733 νυκτὸς,

345 3746 503 3804 οὶδύο
533 3751 900 3826 γρηγορῶσιν.

461 3908 548 3981 [Ρ.
594 3907 718 3979 146]
751 3908 914 3962 ΚΕΦ.
975 3903 1070 3974 Ιξ.
1101 3904 1264 3981 μιξερὶ
1316 3901 1708 3978 διαχωρισμοῦ
1736 3905 1834 3956 τοῦ

1016 3973 1279 4032 τούλδόυ.

394 4137 486 4188 Δεῖ
543 4151 622 4202 σε,
685 4132 730 4186 ὧ
779 4131 1067 4207 στρατηγέ,
1123 4131 1216 4185 καὶ
1286 4132 1447 4184 τοῦτο
1514 4127 1974 4206 παραφυλάττειν,

317 4222 410 4278 καὶ
437 4220 600 4290 ἡνίκα
627 4218 930 4290 πλησιάσαι
968 4217 1176 4292 μέλλῃς
1204 4223 1324 4282 τοῖς
1374 4217 1696 4291 πολεμίοις,
1726 4218 1787 4272 τὸ
1811 4216 1974 4272 τοῦλ-

319 4310 412 4368 δον
444 4311 553 4366 ἀπὸ
583 4330 681 4365 σου
729 4306 1083 4385 διαχωρίζειν
1140 4308 1230 4364 καὶ
1289 4305 1645 4364 ἀποστέλλειν
1713 4309 1976 4380 μήκοθεν,

315 4401 370 4456 ἐν
407 4401 598 4477 ὀχυρῷ
626 4400 781 4472 τόπῳ
809 4399 844 4470 ἢ
888 4398 941 4453 έν
973 4399 1210 4474 κάστρῳ,
1261 4394 1430 4474 ἄνδρα
1474 4396 1598 4452 τινὰ
1635 4401 1743 4452 τῶν
1775 4394 1976 4472 χρησί-

321 4511 440 4565 μων
497 4489 588 4544 καὶ
639 4487 912 4564 ἐμπείρων
968 4487 1224 4565 έφιστῶν,
1283 4490 1628 4562 προνοεῖσθαι
1668 4485 1854 4542 αὐτοῦ’
1885 4485 1974 4540 καὶ

2265 3903 2398 3958 CAP.
2442 3904 2584 3957 XVI.
2619 3905 2697 3958 De
2723 3904 3102 3960 submovendis
3131 3904 3558 3977 impedimentis.

2156 4129 2306 4184 Illud
2369 4145 2626 4200 quoque,
2687 4147 2720 4185 ο
2779 4129 2918 4199 dux,
2953 4132 3264 4189 observare
3301 4137 3358 4188 te
3388 4138 3647 4207 oportet,
3674 4139 3738 4191 ut

2087 4218 2324 4290 quando
2354 4218 2598 4290 propius
2646 4219 2928 4274 accedere
2975 4221 3050 4276 ad
3103 4223 3304 4278 hostes
3333 4224 3500 4295 velis,
3553 4225 3740 4297 impe-

2085 4309 2354 4364 dimenta
2382 4307 2488 4362 abs
2530 4313 2588 4362 te
2616 4313 2846 4365 remota
2873 4309 3108 4384 longius
3155 4313 3460 4384 amandes,
3493 4315 3554 4370 in
3579 4331 3713 4369 com

2085 4399 2386 4454 munitum
2415 4397 2612 4452 locum
2643 4399 2734 4453 vel
2765 4399 3073 4470 oppidum,
3091 4402 3308 4458 tradita
3336 4403 3574 4458 illorum
3602 4420 3746 4459 cura

2085 4487 2208 4542 viro
2257 4486 2442 4558 probo
2493 4503 2560 4541 ac
2607 4487 2838 4558 perito:
2889 4489 2982 4544 cui
3031 4490 3175 4545 item
3219 4491 3449 4562 equites
3481 4491 3744 4547 valentes

319 4581 505 4642 ἱππεῖς
563 4577 826 4653 μαχίμων
887 4575 1096 4651 ἀνδρῶν
1155 4576 1383 4651 ὀλίγους
1426 4577 1578 4638 τινὰς
1605 4573 1863 4652 παρέχειν
1895 4578 1971 4647 τῷ

2082 4573 2314 4644 aliquot
2337 4571 2701 4627 attribuendi
2735 4579 2891 4640 sunt,
2922 4591 3028 4646 per
3070 4593 3216 4646 quos
3262 4578 3524 4632 excubim
3555 4579 3745 4648 impe-

319 4671 548 4743 ἄρχοντι
598 4670 696 4722 τοῦ
732 4662 992 4736 τούλδου,
1037 4666 1184 4728 ὅπως
1233 4663 1302 4720 δι’
1333 4664 1508 4720 αὐτῶν
1542 4665 1598 4719 αἱ
1632 4663 1814 4740 βίγλαι
1845 4684 1974 4738 κρα-

321 4759 521 4809 τῶνται
571 4752 647 4815 εἷς
697 4751 946 4831 φυλακὴν
994 4755 1091 4808 τοῦ
1145 4749 1402 4807 τούλδου.
1458 4749 1646 4806 Ἡνίκα
1689 4749 1747 4805 δὶ
1809 4748 1975 4805 πάλιν

324 4845 378 4901 ἰν
435 4844 602 4918 χρείᾳ
655 4842 852 4898 τούτου
909 4841 1156 4918 γένηται,
1213 4840 1580 4918 καταμηνύειν
1626 4845 1706 4912 τῷ
1746 4840 1980 4914 ἐμπεπι-

325 4934 604 5007 στευμένῳ
655 4932 757 5001 τὴν
810 4932 1066 5007 πρόνοιαν
1125 4929 1292 4986 αὐτοῦ
1351 4928 1602 5006 ἄρχοντι,
1644 4928 1820 4994 έλθεῖν
1848 4929 1899 4984 έν

321 5023 479 5095 τόπῳ
510 5019 775 5097 διωρίσθη
824 5023 921 5076 τοῦ
973 5021 1234 5090 ἱνωθῆναί
1283 5039 1390 5075 σοι.
1442 5021 1554 5075 Τοῦ
1597 5019 1782 5090 μέντοι
1813 5014 1976 5072 τοόλ-

325 5110 424 5168 δου
477 5112 586 5168 ἀπὸ
646 5115 742 5166 σοῦ
801 5108 1301 5186 διαχωριζομένου,
1359 5103 1761 5182 ἀναλαμϐάνειν
1809 5129 1866 5162 σε
1897 5105 1979 5163 δεῖ

322 5200 672 5274 ὶπισιτισμὸν
729 5203 826 5254 τοῦ
882 5199 1020 5256 λαοῦ
1076 5199 1168 5254 καὶ
1223 5199 1392 5274 ταγὰς
1442 5201 1552 5252 τῶν
1611 5195 1822 5266 ἳππων,
1883 5193 1981 5252 δύο

322 5292 548 5366 ἡμερῶν
598 5287 634 5358 ἢ
685 5292 878 5364 τριῶν,
931 5286 1335 5362 βασταζομένας
1368 5287 1447 5348 εἷς
1476 5290 1666 5361 ταχεῖς
1697 5286 1980 5358 ἡμιόνους,

320 5377 357 5448 ἢ
388 5375 712 5440 καὶῗππους
775 5375 829 5431 έν
880 5381 998 5439 τοῖς
1051 5374 1493 5450 σαγμοσελλίοις.
1535 5374 1724 5432 Ἠνίκα
1757 5372 1813 5428 δέ
1847 5373 1984 5446 μέλ-

323 5465 435 5542 λῃς
465 5465 684 5541 κούρσῳ
712 5468 821 5520 τῶν
879 5462 1167 5538 πολεμίων
1213 5463 1581 5533 ἀκολουθῆσαι
1624 5463 1979 5532 νυκτὸς,ἅπαν

323 5558 395 5614 τὸ
457 5558 710 5633 μάχιμον
761 5557 1069 5629 στράτευμα
1121 5553 1590 5631 τεθωρακισμένον
1645 5553 1804 5624 ἔστω,
1862 5551 1984 5608 ἐκά-

318 5667 450 5703 στου
478 5646 542 5702 τὸ
572 5642 884 5718 ἐπιτήδειον
911 5644 1051 5717 πρὸς
1097 5644 1160 5701 τὸ
1207 5647 1470 5718 πολεμεῖν
1506 5641 1679 5700 ὅπλον
1709 5642 1761 5699 έν
1794 5642 1982 5720 χερσὶν

319 5733 569 5818 ἔχοντος.
608 5733 787 5796 Ἀλλά
833 5734 924 5790 καὶ
981 5735 1043 5790 τὸ
1100 5731 1396 5808 λεγόμενον
1447 5733 1584 5790 σάκα
1620 5728 1837 5792 ὄπισθεν
1867 5727 1986 5812 ἔχε,

2089 4661 2490 4716 dimentorum
2521 4661 3048 4717 custodiendorum
3072 4680 3252 4720 causa
3274 4665 3439 4719 fiant.
3465 4665 3522 4719 Si
3551 4665 3744 4722 denuo

2088 4751 2195 4807 tibi
2227 4767 2375 4822 opus
2405 4754 2514 4815 est,
2537 4750 2756 4804 manda
2776 4751 3076 4822 praefecto,
3101 4753 3193 4807 cui
3226 4757 3316 4808 est
3343 4753 3583 4808 illorum
3605 4772 3748 4811 cura

2089 4839 2334 4902 credita.
2360 4843 2426 4893 ut
2455 4844 2685 4893 moveat
2715 4839 2777 4893 in
2803 4839 3022 4908 locum,
3045 4841 3144 4896 ubi
3181 4859 3241 4897 se
3275 4847 3470 4898 tecum
3494 4844 3749 4916 conjun—

2089 4945 2224 5001 gere
2249 4928 2456 4999 jussus
2487 4932 2594 4981 est.
2628 4929 2715 4982 lta
2746 4932 2944 4983 autem
2975 4929 3258 5002 ablegans
3293 4931 3744 5004 impedimenta,

2092 5017 2271 5072 debes
2305 5022 2501 5070 tecum
2536 5032 2769 5072 sumere
2793 5016 3018 5073 cibaria
3038 5019 3297 5075 militum
3332 5026 3390 5076 et
3417 5021 3639 5094 pabula
3655 5024 3749 5096 ju-

2091 5112 2453 5173 mentorum,
2485 5107 2548 5161 in
2580 5105 2729 5162 duos
2761 5107 2887 5162 dies
2921 5108 3012 5164 vel
3041 5114 3183 5180 tres,
3217 5127 3349 5181 quae
3381 5112 3473 5167 vel
3502 5129 3538 5169 a
3565 5114 3746 5170 mulis

2090 5195 2392 5252 velocibus
2421 5195 2732 5262 vehantur,
2763 5195 2855 5249 vel
2904 5197 3083 5253 etiam
3136 5215 3316 5270 supra
3355 5218 3539 5272 equos
3566 5203 3626 5258 in
3656 5220 3752 5259 sa-

2093 5286 2362 5360 gimis.At
2384 5285 2619 5355 quando
2643 5285 3006 5356 praedatores
3028 5288 3288 5344 hostium
3313 5292 3547 5362 insequi
3568 5300 3748 5349 noctu

2093 5375 2474 5443 velis,omnes
2504 5374 2744 5441 milites,
2780 5381 3072 5447 quotquot
3100 5378 3347 5436 idoneos
3377 5379 3452 5436 ad
3482 5398 3753 5454 pugnam--

2096 5464 2240 5520 dum
2263 5464 2466 5531 habes,
2491 5463 2723 5520 loricati
2746 5481 2874 5520 esse
2907 5465 3147 5537 debent,
3193 5474 3251 5524 et
3277 5469 3462 5525 telum
3494 5471 3568 5526 ad
3597 5488 3754 5542 prm-

2095 5554 2365 5610 liandum
2409 5559 2612 5626 aptum
2672 5557 3084 5628 unusquisque
3123 5557 3184 5612 in
3226 5558 3501 5614 manibus
3532 5564 3752 5616 teneat.

2097 5643 2256 5700 Habe
2287 5643 2466 5698 etiam
2497 5641 2758 5714 globum,
2794 5659 2972 5716 quem
3020 5661 3158 5702 saca
3184 5663 3482 5716 vocamus,
3515 5663 3550 5702 a
3587 5651 3751 5720 tergo

2102 5733 2586 5809 subsequentem.
2611 5731 2668 5790 Si
2686 5749 2795 5806 per
2823 5733 2957 5792 loca
2983 5734 3274 5808 impedita
3305 5735 3506 5793 hostes
3537 5736 3651 5792 iter
3669 5736 3753 5801 fa.
