4152 6312
373 284 491 346 977

1639 289 2078 356 VELITATIO
2119 289 2478 352 BELLICA.

3670 284 3787 386 97?

376 410 524 468 λείαν
562 411 877 484 ἐξελάσωσιο
933 417 1024 472 καὶ
1083 417 1292 474 τούτων
1345 419 1537 497 πόῤῥω
1591 421 1893 498 γινομένων
1924 430 1991 493 τῆ

2140 428 2404 496 tegentes
2453 423 2767 495 praamitte,
2800 425 2866 476 ut
2906 421 3176 476 hostibus
3225 420 3392 492 signa
3437 419 3718 487 inferant,
3753 436 3783 474 e

372 506 470 556 τοῦ
515 501 706 579 ἀμηρᾶ
774 509 1146 581 παρατάξεως,
1195 510 1310 582 μετ’
1358 508 1559 584 ὀλίγων
1605 510 1812 586 ἀνδρῶν
1862 534 2022 567 κατα-

375 589 823 666 λεμπανομένης,
868 596 958 649 καὶ
1021 598 1096 669 μή
1152 594 1366 668 πλῆθος
1424 597 1664 674 ἐχούσης
1718 599 1875 672 λαοῦ,
1908 603 2024 656 κατ’

374 678 544 750 αὐτῆς
570 679 839 746 ἐπελθεῖν.
901 685 1000 740 Καὶ
1051 689 1198 760 τρεῖς
1258 688 1352 760 μὲν
1413 686 1714 764 ἔμπροσθεν
1772 689 2020 762 παρατά-

373 767 481 838 ξεις
519 770 845 828 ἀποστεῖλαι
905 771 1302 847 ἶσομετώπους,
1361 773 1694 852 προσϐαλεῖν
1753 777 2021 854 πόλεμον·

373 858 432 912 σε
468 856 526 913 δὲ
585 862 704 934 μεθ’
734 860 928 936 ἐτέρων
988 868 1154 939 τριῶν
1215 866 1251 935 ἢ
1309 867 1399 921 καὶ
1447 865 1721 944 τεσσάρων
1779 872 2022 944 παρατάο

372 947 544 1018 ξεων,
593 955 716 1014 ταῖς
772 952 1015 1026 πρώταις
1071 952 1355 1028 ἑπόμενον,
1417 956 1656 1028 πλησίον
1716 957 2023 1016 ἐπακολου-

370 1038 504 1094 θεῖν.
536 1037 643 1095 Καὶ
701 1040 865 1109 ἡνίκα
896 1041 952 1095 αἱ
1008 1047 1223 1118 πρῶται
1279 1047 1602 1120 παρατάξεις
1652 1055 1753 1118 τῆς
1813 1048 1872 1104 ἐκ
1902 1068 2023 1125 χει-

372 1144 481 1201 ρων
572 1127 762 1202 μάχης
819 1127 1126 1205 ἄρξωνται,
1188 1134 1366 1198 καθὼς
1428 1136 1556 1210 ὁρᾷς
1611 1137 1738 1202 τοὺς
1787 1138 2024 1204 οἰκείους

371 1215 806 1290 ἀγωνιζομένους
842 1261 856 1288 ,
917 1217 1058 1275 οὕτω
1106 1222 1197 1276 καὶ
1251 1223 1512 1298 βοήθειαν
1574 1227 1858 1302 παρέχειν.
1918 1227 2019 1285 Καὶ

369 1308 586 1379 πρῶτον
636 1306 732 1379 μὲν
771 1306 865 1368 τὰς
922 1303 1062 1364 ἔνθεν
1119 1311 1363 1376 κάκεῖθεν
1423 1315 1788 1389 συνεπομένας
1844 1338 2022 1393 παρα-

368 1393 544 1484 τάξεις
613 1393 1054 1469 πραποστεῖλαι,
1113 1405 1229 1462 τοῖς
1281 1399 1580 1475 πολεμίοις
1665 1408 2018 1484 συναφθῆναι,

370 1480 461 1537 καὶ
494 1480 554 1538 ἐκ
580 1487 691 1538 τῶν
721 1482 924 1561 ἄκρων,
967 1485 1012 1542 εί
1042 1484 1288 1560 δυνατὸν,
1318 1491 1409 1545 καὶ
1461 1492 1520 1547 ἐκ
1574 1480 1820 1568 πλαγίού
1849 1517 2020 1570 προσ-

372 1567 584 1643 ϐαλεῖν,
613 1573 703 1628 καὶ
736 1573 796 1629 ἐκ
840 1577 1028 1651 χειρὸς
1087 1580 1376 1655 μάχεσθαι·
1438 1582 1550 1638 εἶτα
1607 1567 1714 1640 καὶῗ
1747 1586 1803 1641 σὲ
1835 1567 2018 1657 αύτὸν,

372 1659 423 1715 εἷ’
453 1661 591 1736 χρὴ,
641 1658 965 1735 συμϐαλεῖν,
1024 1666 1176 1743 εἳπερ
1229 1665 1330 1743 ἄρα
1389 1684 1464 1744 μη
1524 1670 2018 1750 ἐπικρατέστεροςὸ

2130 513 2397 583 locisque
2430 512 2853 584 superioribus,
2882 511 2931 566 si
2958 510 3083 565 ﬁeri
3113 513 3328 580 potest,
3363 515 3420 563 et
3450 525 3519 562 ex
3541 509 3781 579 obliquo

2134 603 2428 656 irruentes
2458 618 2669 656 manus
2697 604 3018 657 conserant
3049 617 3060 654 :
3087 598 3302 653 deinde
3331 601 3393 652 tu
3418 597 3565 668 ipse,
3595 596 3642 651 si
3674 612 3782 651 ne-

2134 709 2297 747 cesse
2330 692 2426 761 sit,
2458 691 2715 759 incurre,
2748 691 2796 745 si
2829 690 3068 760 quidem
3101 702 3222 743 non
3254 686 3588 758 superiores
3629 686 3783 740 ﬁunt

2133 785 2248 836 tuae
2274 782 2477 852 copias.
2537 780 2790 836 Tametsi
2832 779 3005 850 pauci
3049 777 3282 845 armati,
3329 776 3451 846 qui,
3494 773 3778 846 quemad-

2131 870 2372 925 modum
2407 870 2687 937 diximus,
2722 869 2830 923 sub
2863 867 3046 940 signis
3072 867 3286 922 Amiraa
3334 864 3776 935 relinquuntur,

2132 967 2232 1017 tuo
2257 963 2560 1030 exercitui,
2594 962 2668 1017 ad
2695 967 2785 1017 ter
2808 960 2974 1016 mille
2996 961 3304 1015 hominum
3335 973 3607 1026 numero,
3628 973 3780 1029 aegre

2131 1051 2409 1106 resistere
2441 1055 2738 1122 poterunt.
2773 1052 2888 1104 Nos
2919 1049 3065 1114 haec,
3098 1053 3164 1104 ut
3192 1063 3336 1103 usus
3368 1045 3560 1110 docet,
3593 1061 3778 1118 expo-

2129 1143 2367 1198 nimus:
2403 1147 2463 1198 tu
2486 1148 2550 1198 ut
2575 1159 2793 1216 urgens
2817 1142 3144 1197 necessitas
3176 1145 3235 1196 et
3264 1145 3499 1211 tempus
3530 1139 3775 1210 ﬂagitat,

2132 1234 2215 1289 sic
2246 1251 2450 1307 gerere
2481 1252 2606 1290 rem
2638 1234 2840 1290 debes.
2874 1233 2984 1289 Illa
3016 1233 3174 1288 enim
3206 1248 3327 1287 non
3358 1231 3628 1286 doctrina
3657 1236 3779 1285 tra-

2133 1325 2236 1394 dit,
2273 1327 2377 1382 sed
2416 1333 2593 1398 prout
2622 1327 2886 1382 divinum
2918 1325 3207 1380 auxilium
3244 1329 3298 1378 te
3349 1321 3778 1390 corroborabit,

2130 1415 2213 1470 ita
2242 1432 2543 1471 armorum
2569 1417 2760 1471 exitus
2788 1415 3202 1486 subsequetur.
3230 1412 3286 1467 Si
3314 1413 3474 1468 solos
3508 1416 3619 1466 tua;
3650 1427 3782 1482 pro-

2128 1505 2336 1559 vincia)
2375 1505 2642 1573 millites,
2685 1523 2718 1559 o
2752 1503 2888 1572 dux,
2949 1519 3315 1573 manumque
3349 1501 3616 1573 exiguam
3668 1498 3776 1555 sub

2130 1592 2312 1665 signis
2344 1593 2548 1664 habes,
2598 1594 2991 1648 nihilominus
3045 1592 3224 1647 debes
3275 1592 3638 1662 praedatores
3669 1590 3778 1644 ho-

2131 1682 2309 1736 stium
2337 1699 2472 1737 cum
2496 1684 2789 1749 cautione,
2825 1699 2900 1737 ne
2924 1681 2995 1738 ab
3037 1680 3155 1736 illis
3205 1681 3699 1748 animadvertare,
3742 1694 3772 1733 e

376 1750 733 1854 {Sno-as'laof
789 1752 1028 1830 γέγονεν.
1091 1759 1180 1830 [Ρ.
1235 1760 1358 1832 148]
1418 1761 1594 1818 ’Λλλὰ
1652 1766 1767 1838 μετ’
1824 1765 2003 1842 ὀλίγοι

2127 1772 2450 1846 longinquo
2477 1776 2761 1845 consequi
2794 1774 2975 1844 inque
2999 1789 3099 1828 eos
3123 1771 3301 1840 solos,
3329 1771 3430 1842 qui
3462 1769 3682 1840 egressi
3710 1768 3774 1823 in

372 1837 529 1930 λαᾼοῦ,
564 1841 640 1902 ὡς
696 1837 926 1919 ἔφημεν,
986 1851 1088 1915 τῆς
1143 1850 1492 1922 παρατάξεως
1545 1837 1661 1906 τοῦθ
1703 1855 1892 1930 ἀμηρᾶ
1920 1837 2015 1911 κα-

366 1926 896 2003 ταλιμπανομένης,
955 1933 1020 1988 οὗ
1079 1931 1365 1992 δυνήσεται
1424 1941 1702 2016 ἀντισχεῖν
1745 1926 1880 2019 περὶ
1918 1945 2016 2008 τὰς

2127 1861 2286 1917 vicos
2317 1862 2703 1935 dissipantur,
2765 1863 3055 1934 impetum
3111 1861 3328 1929 facere,
3380 1859 3772 1931 quemadmo-

2127 1949 2267 2005 dum
2299 1953 2572 2023 superius
2598 1952 2966 2008 declaratum
2987 1955 3096 2006 est.

366 2020 512 2111 τρεῖς
543 2015 802 2111 χιλιάδας
849 2019 913 2074 τὸ
949 2021 1057 2111 ὑπὸν
1111 2023 1170 2078 σὲ
1227 2015 1629 2102 ἀριθμούμενον
1687 2015 2025 2109 στράτευμα.
2083 2034 2260 2094 Ἀλλά
2314 2015 2482 2094 τα-ὖτα
2537 2039 2650 2111 μὶν,
2701 2039 2775 2100 ὡς
2829 2039 2863 2108 ἠ
2922 2043 3084 2111 πεῖρα
3142 2035 3402 2108 διδάσγει,
3463 2035 3764 2109 ἐκτίθεμεν·

367 2103 448 2211 si
467 2101 524 2160 δὲ
553 2106 691 2211 πρός
841 2110 1408 2211 κατεπείγουσανῃτοῦ
1449 2124 1657 2211 ’καιροῦ
1705 2101 1894 2197 ’χρείαν
1920 2101 2000 2180 ’τε
2055 2126 2144 2181 καὶ
2200 2101 2882 2202 περίστασιν-διατεθῆναι
2931 2101 3034 2186 δεῖς
3090 2126 3167 2185 Ού
3223 2128 3327 2203 γὰρ
3473 2101 3772 2200 παρὰδοσις

363 2189 602 2290 δίδωσιντ
635 2194 760 2252 ἀλλ’
789 2197 865 2290 ὡς
894 2200 929 2269 ἡ
964 2205 1062 2256 τοῦ
1093 2206 1226 2258 Θεοῦ
1275 2189 1838 2284 ἕνισχύσεινβοήθεια,
1866 2215 1900 2283 ἡ
1932 2218 2030 2269 τοῦ
2086 2189 2335 2290 πολέμδυ
2389 2211 2610 2281 ἔκϐασις
2666 2189 3044 2276 ἐπακολουθεῖ.
3077 2216 3140 2271 Εἰ
3203 2189 3260 2271 δέ
3299 2189 3445 2290 ’μετα
3477 2189 3642 2288 μόνου
3671 2217 3769 2268 τοῦ

362 2281 1520 2383 ξδίοξθέματοςηῦπαρχεις,ὧστρατηγέ,
1577 2281 1668 2354 καὶ
1725 2281 1914 2378 ὂλίγον
1976 2303 2087 2360 ἐστὶ
2144 2281 2365 2362 τὸ“ὗπὸ
2433 2306 2490 2362 σὶ
2557 2308 2884 2383 στράτευμα,
2939 2304 3030 2361 καὶ
3087 2281 3344 2368 ὡσαύτως
3405 2281 3488 2359 δεῖ
3535 2323 3592 2358 σε
3653 2303 3768 2375 μετ’

359 2371 654 2471 ἀσφαλείας
699 2374 891 2471 πόρρω
920 2379 1020 2471 τὴν
1066 2385 1171 2471 τοῦ
1225 2371 1458 2460 κούρσου
1512 2391 1621 2443 τῶν
1678 2371 1964 2465 πολεμίων
2021 2394 2386 2466 ἀκολούθησιν
2441 2371 2734 2466 ποιεῖσθαι,
2788 2371 2929 2471 πρδς
2982 2395 3044 2450 τὸ
3106 2395 3183 2468 μὴ
3241 2395 3366 2468 παρ’
3417 2393 3592 2448 αὐτῶν
3645 2371 3767 2446 ἐπι-

357 2466 687 2562 ’ζνωξῖθῆνῗίῑν
717 2466 970 2562 κοξῖξαξιξτά
1006 2469 1186 2543 μόνων
1215 2476 1322 2529 τῶν
1351 2473 1428 2538 εἷς
1473 2475 1540 2532 τὰ
1587 2478 1770 2554 χωρία
1824 2479 2215 2552 ἐξελαυνόντων
2273 2486 2363 2540 καὶ
2415 2466 2952 2562 διασκορπιζομένων
3008 2466 3115 2554 τὴν.
3170 2466 3403 2539 ἐπίθεσιν
3463 2481 3760 2550 ποιεῖσθαι,

361 2552 435 2615 ὠς
465 2552 720 2631 ἀνωτέρω
765 2552 1096 2629 δεδήλωται.

730 2724 892 2816 Περὶκ
918 2730 1029 2816 τῶν
1089 2727 1224 2816 μετᾶ
1268 2730 1490 2816 πολλῆς
1541 2731 2002 2816 δυνάμεως-ἐπι-

2112 2745 2243 2802 CAP.
2276 2747 2424 2802 XVII
2454 2748 2526 2802 De
2580 2745 2820 2802 hostibus
2868 2761 2988 2801 cum
3018 2745 3331 2815 ingentibus
3391 2745 3565 2816 copiis
3613 2757 3754 2816 pro-

1133 2802 1231 2864 τὰς
1284 2792 1487 2895 χώρας
1530 2792 1715 2881 ἡμῶν,
1775 2792 1863 2865 καὶ

2181 2820 2392 2895 vincitis
2443 2825 2686 2895 nostras
2718 2792 3128 2887 iri-vadentibus,
3186 2825 3240 2873 et
3290 2819 3356 2872 de
3411 2792 3759 2887 rationerper

439 2865 572 2938 μζετίἱ
601 2865 996 2943 ἐγκρυμμάτὼν
1027 2865 1394 2948 παρασκεύῆςί
1463 2865 1472 2868 ’
1555 2865 1586 2881 ”
1703 2865 1714 2875 ’

2181 2890 2414 2945 insidias
2439 2890 2709 2948 bellandi.

531 3039 682 3140 Sin-ys
707 3046 770 3101 τὸ
821 3051 930 3103 τῶν
985 3048 1270 3125 πολεμίων
1323 3055 1482 3127 ἅπαν,
1533 3055 1740 3116 ἱππέων
1798 3081 1856 3116 τε
1909 3062 1999 3117 καὶ

2185 3067 2350 3134 Quod
2378 3067 2429 3123 si
2460 3067 2783 3140 aliquando
2815 3067 3009 3124 omnis
3047 3066 3312 3124 hostium
3361 3064 3654 3138 equestris
3676 3067 3762 3121 at-

359 3133 864 3211 πὲζῶν,ἄθρυισμα
915 3140 1047 3213 μετᾶ
1108 3142 1352 3218 μεγάλης
1409 3149 1497 3202 καὶ
1566 3150 1782 3226 βαρείας
1842 3149 2002 3208 δυνά-

2114 3173 2228 3228 que
2259 3157 2551 3228 pedestris
2607 3159 2693 3214 vis
2750 3174 2885 3214 cum
2938 3157 3214 3214 maximis
3272 3141 3754 3227 immanibusque

361 3243 506 3318 μεως
561 3229 658 3290 τάς
703 3229 865 3302 ἡμῶν
927 3232 1115 3318 χωρας
1172 3231 1388 3305 ἐξελθὸν
1453 3238 1727 3317 ἐπιτρέχει
1799 3263 1858 3298 τε
1907 3243 1996 3298 καὶ

2112 3244 2295 3316 capiis
2326 3246 2658 3316 provincias
2698 3250 2934 3301 nostras
2963 3246 3234 3318 ingressa
3264 3241 3531 3315 pervadit
3559 3247 3618 3298 et
3645 3259 3752 3314 po-

357 3316 656 3411 knjitetat‘,
713 3321 802 3411 καὶ
887 3317 1186 3395 ἐμϐαθῦναί
1268 3347 1328 3382 τε
1409 3329 1498 3384 καὶ
1560 3316 1998 3408 διερευνήσασθαι

2112 3338 2366 3409 palatur,
2398 3339 2759 3411 penitusque
2791 3343 3103 3411 penetrare
3136 3354 3235 3393 eas
3283 3353 3351 3392 ac
3391 3335 3751 3408 perscrutari

349 3403 548 3497 ταύτας
580 3403 941 3497 -διαμελετᾷο
1001 3411 1046 3466 εἰ
1100 3413 1247 3490 τύχῃ
1303 3413 1378 3490 δὲ,
1439 3421 1528 3474 καί
1579 3403 1652 3476 τὸ,
1693 3403 1996 3497 Ῥωμαϊκὸν

2112 3403 2445 3484 constituit:
2479 3403 2697 3485 accidit
2723 3403 2923 3485 autem
2953 3429 3108 3484 280
3147 3431 3215 3483 ut
3245 3403 3453 3482 eodem
3485 3430 3751 3497 tempore

349 3493 490 3586 κατὰ
541 3495 854 3586 τὸν-αὐτὸν
911 3501 1101 3576 καιρὸν
1186 3503 1494 3580 στράτευμα
1568 3493 1996 3586 ἐπισυνηγμένον

351 3581 522 3653 εἶναι,
582 3584 671 3640 καὶ
727 3587 827 3656 τὴν
884 3588 1082 3645 τούτου
1141 3597 1442 3669 παρουσίαν
1499 3598 1888 3656 ἀκουτισθῶσιν
1947 3603 1999 3656 οἱ

348 3669 669 3748 πολέμιοι,
728 3674 1024 3753 ἀσφάλειαν
1082 3681 1178 3753 μὲν
1235 3681 1456 3754 πολλὴν
1512 3690 1610 3741 τοῦ
1671 3685 1812 3744 ἰδίου
1863 3689 1998 3746 λαοῦ

347 3765 656 3850 ποιοῦνται,
693 3765 769 3837 μὴ
811 3764 1001 3831 ἐῶντές
1056 3790 1229 3842 τινας,
1290 3773 1540 3850 φυλακῆς
1595 3773 1741 3846 ἄνευ,
1797 3777 1998 3842 ἐντοῖς

351 3849 585 3926 χωρίοις
629 3851 1120 3929 διασκορπίζεσθαι.
1179 3849 1430 3936 Ἐνέδρας
1469 3862 1526 3919 δὶ
1588 3866 1808 3939 μᾶλλον
1863 3869 1999 3925 κατὰ

347 3943 446 3994 τοῦ
489 3943 774 4031 γήμετέρου
833 3943 972 4002 λαοῦ
1038 3948 1404 4025 ἐξεργάζεσθαι
1467 3960 1851 4031 μηχανῶνται,
1906 3959 1997 4014 καὶ

346 4025 676 4087 καταλαϐεῖν
734 4033 932 4098 αὐτοὺς
987 4036 1270 4110 ἀδοκήτως
1331 4025 1642 4117 σπεύδουσι,
1711 4025 1897 4118 διῶξαί
1940 4070 1998 4104 τε

347 4117 437 4171 καὶ
495 4123 988 4195 καταγωνίσασθαι.
1051 4125 1316 4204 Ὀφείλεις
1360 4128 1417 4185 δὲ
1466 4132 1557 4188 καὶ
1610 4133 1769 4198 αὐτὸς
1821 4117 1995 4193 πᾶσαν

347 4205 645 4301 ἀσφάλειαν
674 4209 1092 4301 ἐπιδείκνυσθαι,
1145 4221 1242 4272 τοῦ
1302 4219 1380 4292 μὴ
1435 4219 1718 4293 ἀδοκήτως
1775 4223 1998 4301 εύρεθῆ-

348 4316 435 4390 ναι
475 4299 602 4390 παρ’
639 4297 837 4370 αὐτῶν,
895 4301 1441 4381 ἀντιμηχανήσασθαι
1493 4309 1552 4366 δὲ
1607 4297 1994 4390 μᾶλλοντπρὸς

346 4385 409 4440 τὸ
439 4384 634 4450 αὐτοὺς
663 4391 1069 4464 τροπώσασθαι,
1127 4395 1216 4450 καὶ
1272 4399 1515 4471 γενναῖόν
1546 4384 1615 4455 τι
1655 4403 1745 4457 καὶ
1777 4384 1990 4475 ἀξιόλο-

343 4494 442 4570 γον
499 4474 844 4570 ἐργάσασθαι.
877 4481 983 4570 ῌαὶ
1041 4483 1219 4538 αὐτῶν
1272 4489 1794 4564 τραυματιζομένων
1849 4494 1996 4570 παρὰ

348 4567 511 4659 σοῦ-,μ
555 4562 814 4659 ούδαμᾷῶς
851 4568 1251 4659 λέγχρονίσουσι
1325 4576 1422 4639 τὰς
1477 4562 1750 4656 ἡμετέρας
1804 4562 1994 4659 χώρας

347 4649 694 4746 ληϊζόμενοι.
728 4656 914 4746 Χρεὼν
953 4661 1048 4718 οὗν
1078 4660 1190 4716 ἐστί
1249 4684 1356 4735 σοι,
1414 4649 1778 4740 διασκοπῆσαι
1807 4649 1995 4746 χωρία

345 4737 628 4835 ἐπιτήδεια
660 4789 676 4816 ,
729 4743 782 4799 ἐν
835 4749 920 4812 οἷς
1004 4751 1056 4804 οἱ
1113 4749 1464 4828 ἐκτρέχοντες
1543 4737 1990 4835 τῶν-πολεμίων

343 4828 732 4928 εἰσέρχονται,⁸
777 4841 994 4928 τροφῶν
1038 4841 1146 4928 -καὶ
1205 4840 1462 4921 λαφύρῳν
1521 4828 1993 4928 ἀναψηλαφήσεως

339 4913 512 4973 ἓνεκω
543 4920 634 4974 καὶ
667 4919 840 4998 λόχον
882 4925 958 4992 ἐν,
993 4926 1182 4992 αὐτοῖς
1239 4931 1463 4987 ἱππικὸν
1519 4913 1872 5010 καταστῆσαι,
1897 4941 1988 4997 τὸν

337 5007 458 5062 κατ’
511 5007 685 5065 αύτῶν
745 5011 1020 5070 ἐπιθέσθάι
1092 5017 1366 5091 μέλλοντα
1400 5065 1413 5078 .
1465 5007 1756 5082 Ἔστωσαν
1828 5007 1886 5084 δέ
1937 5032 1989 5084 οἱ

339 5095 527 5184 ίππεῖς
559 5099 611 5154 οἱ
632 5098 708 5162 εἷς
725 5101 819 5156 τὸν
849 5102 1024 5180 λόχον
1057 5108 1527 5184 ἀποστελλόμένοι
1557 5119 1664 5170 τῶν
1698 5114 1986 5176 διακοσίων

337 5181 586 5284 ἐπέκεινα
618 5234 632 5260 ,
683 5189 956 5284 ἀρχηγὸν,
992 5189 1227 5284 ἔχοντεςΔ
1266 5181 1538 5284 ἀνδρεῖον,
1597 5207 1683 5260 καὶ
1743 5210 1828 5281 [Ρ.
1864 5213 1988 5284 149]

341 5266 602 5358 πάνυ-ἐἶς
656 5266 765 5336 τὰς
805 5266 1060 5341 τοιαύτας
1118 5276 1332 5354 ἐνέδρας
1368 5266 1804 5358 ¹ἐμπειρότατόν.
1837 5266 1988 5348 Ὁῗδέ

337 5359 434 5453 τοῦ
461 5355 606 5453 Fila-.1
644 5362 1046 5453 στρατεύματος
1101 5367 1368 5444 ἀρχηγὸς,
1396 5369 1447 5444 ’ἐξ
1480 5374 1515 5444 ἢ
1543 5355 1700 5431 πέντε
1731 5378 1988 5453 χιλιάδας

339 5441 551 5501 ἱππέων
578 5441 726 5523 ἔχων
753 5451 1093 5528 πολεμιστὰς
1122 5457 1213 5511 καὶ
1241 5459 1343 5528 τήν
1385 5465 1482 5514 τοῦ
1525 5467 1673 5519 θεοῦ
1707 5441 1983 5542 β’όήθειαν,

344 5533 407 5635 οὗ
431 5536 704 5635 πλειόνων
737 5538 793 5635 ἐν
825 5542 988 5635 χρείᾳ
1016 5548 1320 5635 γενήσεται.
1381 5547 1590 5614 Ταύτας
1636 5533 1816 5611 τοίνυν
1851 5533 1982 5635 διχή

344 5618 542 5681 διελὼν
573 5626 702 5691 τοὺς
735 5631 830 5704 μὶν
861 5618 1174 5710 δισχιλίους
1206 5633 1505 5715 ἔμπροσθεν
1537 5640 1616 5706 εἷς
1675 5618 1982 5720 ἐπιτήδείδν

2104 3515 2166 3571 in
2195 3534 2384 3572 unum
2432 3518 2630 3573 locum
2680 3520 2959 3573 Romanas
3018 3517 3203 3588 copiae
3258 3519 3576 3571 contractas
3610 3514 3750 3580 sint,

2106 3621 2323 3677 easque
2345 3624 2528 3678 prope
2560 3623 2689 3662 esse
2717 3607 2918 3662 hostes
2949 3606 3234 3662 audiant:
3260 3619 3622 3676 magnopere
3642 3619 3749 3658 suo

2105 3694 2388 3749 exercitui
2403 3700 2629 3764 cavent,
2650 3711 2843 3765 neque
2858 3709 3218 3765 quemquam
3244 3691 3600 3763 permittunt
3621 3691 3751 3747 sine

2103 3782 2380 3853 prasidio
2397 3800 2503 3855 per
2531 3784 2690 3838 vicos
2711 3783 3008 3854 dissipari.
3033 3783 3187 3848 Quin
3210 3782 3390 3836 etiam
3411 3780 3472 3834 id
3495 3780 3753 3834 moliun-

2103 3876 2220 3938 tur,
2254 3876 2320 3926 ut
2347 3872 2598 3928 insidias
2648 3873 2868 3927 nostris
2898 3871 3087 3944 copiis
3145 3874 3398 3937 struant,
3431 3883 3650 3940 easque
3681 3884 3751 3923 ex

2102 3960 2402 4031 insperato
2433 3961 2899 4032 deprehendere,
2957 3960 3230 4028 fundere,
3285 3957 3598 4015 concidere
3631 3961 3756 4012 stu-

2103 4049 2265 4105 dent.
2297 4051 2443 4105 Tum
2484 4065 2619 4106 vero
2666 4057 2730 4105 tu
2778 4066 3015 4122 quoque
3065 4064 3342 4122 magnam
3387 4047 3754 4120 vigilantiam

2101 4142 2383 4209 praestare
2413 4138 2614 4209 debes,
2647 4156 2722 4194 ne
2744 4156 2816 4194 ex
2837 4139 3157 4211 improviso
3174 4136 3384 4193 abillis
3415 4136 3748 4208 deprehen-

2103 4227 2263 4298 dare,
2295 4228 2610 4300 potiusque
2632 4233 2840 4284 contra
2869 4227 3241 4284 comminisci
3272 4226 3522 4298 aliquid,
3546 4242 3662 4297 quo
3693 4229 3753 4280 et

2104 4316 2320 4372 fundas
2351 4317 2508 4385 illos,
2541 4322 2600 4374 et
2623 4319 2861 4392 dignem
2891 4319 3016 4373 viro
3047 4322 3225 4388 atque
3257 4316 3490 4372 illustre
3518 4316 3749 4371 facinus

2023 4428 2071 4493 Ι)
2104 4405 2348 4461 efﬁcias.
2380 4409 2547 4472 Nam,
2579 4407 2681 4462 ubi
2708 4407 2894 4463 semel
2922 4407 3153 4462 cladem
3183 4405 3288 4461 abs
3318 4410 3375 4460 te
3393 4406 3752 4493 acceperunt

2104 4495 2322 4566 prmdis
2351 4496 2596 4568 agendis
2625 4497 2687 4551 in
2714 4497 2934 4552 ﬁnibus
2955 4496 3175 4551 nostris
3191 4511 3311 4550 non
3343 4492 3749 4549 immorabun-

2105 4588 2220 4639 tur.
2246 4587 2448 4656 Itaque
2479 4585 2774 4652 convenit,
2806 4589 2863 4640 te
2892 4585 3023 4640 loca
3051 4589 3386 4655 opportuna
3432 4580 3748 4652 dispicere,

2104 4690 2220 4744 quo
2253 4691 2597 4729 excursores
2625 4674 2887 4728 hostium
2933 4672 3291 4727 cibariorum
3322 4669 3747 4742 praedandique

2101 4779 2206 4834 spe
2237 4763 2498 4817 intrent:
2531 4763 2723 4833 iisque
2753 4761 2901 4818 locis
2933 4761 3162 4831 equites
3184 4761 3244 4815 in
3267 4759 3501 4815 insidiis
3527 4759 3746 4826 locare,

2101 4849 2352 4920 quiillos
2365 4851 2732 4906 adoriantur.
2754 4851 2885 4905 Sint
2917 4855 3115 4906 autem
3129 4850 3378 4921 equites,
3399 4850 3500 4920 qui
3515 4849 3577 4904 in
3591 4849 3744 4904 insi-

2100 4939 2229 4994 dias
2247 4939 2332 4994 sic
2352 4940 2685 5007 mittantur,
2735 4956 2915 5010 supra
2947 4939 3254 5004 ducentos,
3296 4955 3431 4994 cum
3466 4938 3743 5010 praefecto

2099 5033 2366 5097 strenuo,
2386 5029 2680 5101 ejusmodi
2700 5029 3052 5085 insidiarum
3076 5029 3249 5100 plane
3267 5029 3651 5100 peritissimo.
3677 5031 3747 5083 Et

2097 5118 2358 5172 universi
2395 5117 2688 5174 exercitus
2715 5117 2852 5186 dux,
2893 5117 3071 5174 modo
3114 5122 3180 5172 ut
3218 5135 3320 5172 sex
3348 5122 3452 5172 aut
3478 5118 3743 5189 quinque

2099 5207 2290 5263 millia
2319 5209 2588 5278 equitum
2611 5207 2906 5263 bonorum
2937 5207 3174 5273 habeat,
3197 5212 3256 5262 et
3282 5208 3385 5262 Dei
3430 5207 3741 5277 auxilium,

2096 5296 2356 5369 plurium
2389 5314 2512 5354 non
2542 5297 2852 5370 indigebit.
2873 5300 3018 5353 Nam
3033 5296 3412 5352 hisbifariam
3435 5296 3637 5352 divisis
3650 5296 3742 5352 bis

2095 5387 2260 5442 mille
2291 5388 2629 5460 praemissos
2659 5388 2720 5442 in
2751 5387 2998 5443 latibulo
3029 5392 3361 5459 opportuno
3399 5388 3740 5453 constituat,

2093 5476 2195 5531 ubi
2229 5477 2306 5532 sit
2351 5483 2593 5549 specuta
2623 5477 2798 5547 edita,
2850 5480 3229 5548 prospectum
3276 5475 3524 5546 habens,
3572 5480 3638 5529 ut
3667 5491 3740 5528 ex

2093 5563 2418 5637 longinquo
2449 5568 2672 5623 milites
2693 5568 2822 5640 ejus
2842 5564 3043 5639 agitati
3075 5564 3578 5634 insequentesque
3595 5579 3737 5617 con-

2093 5653 2242 5726 spici
2262 5656 2510 5726 possint.
2530 5659 2579 5712 Α
2600 5661 2760 5728 tergo
2773 5657 2988 5713 horum
3007 5653 3262 5711 duorum
3275 5652 3536 5710 millium
3550 5651 3740 5711 altera
