4146 6302
513 349 628 411 9'19

1843 312 2268 386 NICEPHORI
2307 309 2588 374 PHOCE

3795 310 3894 372 9m

515 481 632 537 tria
661 476 871 541 millia,
904 478 963 529 et
984 471 1312 545 peditatum
1345 482 1478 521 cum
1501 465 1643 531 illis,
1673 461 1908 534 disponi
1931 461 1992 514 in
2023 457 2164 512 insi-

2285 448 2448 545 λόχον
2480 443 2892 517 καταστησάτωο
2943 441 2996 498 ἐν
3029 439 3193 514 ᾧκαὶ
3249 442 3449 496 σκοπιά
3507 441 3649 496 ἔστιν
3706 438 3891 514 ὑψηλὴ,

518 570 632 624 diis
682 570 931 638 oportet,
984 561 1254 617 abstruso
1297 556 1854 622 munimentumque
1904 549 2159 604 habente

516 660 682 714 loco:
709 656 803 710 cui
853 655 900 708 si
955 667 1096 707 casu
1144 647 1454 704 castellum
1497 645 1639 700 2:"
1669 642 1890 704 subest,
1924 639 1980 692 id
2014 655 2158 708 quo-

519 764 632 819 que
664 745 738 800 ad
762 745 1206 798 firmamentum
1239 736 1483 791 confert.
1534 735 1731 803 Neque
1795 737 1990 784 tamen
2051 729 2160 781 hoc

521 817 747 908 spectet
776 833 912 894 dux,
940 832 999 884 in
1024 829 1294 884 animove
1326 825 1560 892 habeat,
1592 829 1677 887 ut,
1711 821 1761 873 vi
1795 820 2050 873 hostium
2072 817 2164 869 in-

521 903 772 979 cubente
801 932 1114 990 pugnaque
1145 914 1435 969 acerrima
1465 909 1800 972 commissa,
1835 909 1895 960 in
1948 903 2164 960 castel-

519 1014 645 1067 lum
678 1026 739 1064 se
770 1007 1070 1078 conjiciat,
1105 1008 1428 1073 antequam
1459 999 1636 1054 saluti
1661 996 1919 1052 militum
1948 1008 2164 1048 consu-

521 1100 719 1156 luerit.
752 1098 815 1152 Id
849 1096 1009 1151 enim
1043 1110 1161 1148 non
1194 1092 1387 1147 solum
1446 1087 1703 1143 dedecus
1735 1091 1794 1140 et
1823 1085 2164 1154 despectum

525 1459 714 1523 sistat,
745 1455 926 1525 siqua
951 1451 1305 1508 necessitate
1325 1447 1616 1519 premitur
1642 1461 1652 1498 :
1678 1443 2013 1498 habebitibi
2036 1459 2170 1497 cum

527 1564 597 1602 ex
626 1546 754 1601 loco
772 1543 1080 1608 auxilium,
1108 1545 1230 1594 tum
1249 1555 1318 1592 ex
1342 1533 1618 1608 praesidio
1643 1531 1902 1604 pedestri
1918 1531 2171 1599 castelli,

529 1635 884 1707 opitulatum
913 1630 1241 1703 prodituro.
1267 1625 1585 1680 Prmfectus
1611 1626 2012 1676 trecentorum
2040 1621 2175 1675 illo-

531 1741 686 1791 rum,
721 1724 821 1794 qui
844 1721 919 1777 ad
949 1718 1421 1774 observationem
1439 1714 1702 1768 vicorum
1720 1711 1886 1766 missi
1921 1715 2079 1779 sunt,
2113 1711 2175 1765 in

2269 531 2574 609 ἀπόϐλεψιν
2628 532 2852 611 ἔχουσα,
2907 529 3005 586 τοῦ
3068 533 3305 604 μήκοθεν
3365 529 3496 591 τοὺς
3552 527 3892 601 διωκομένους

2267 625 2364 680 τοῦ
2398 627 2533 680 λαοῦ
2564 625 2727 680 αὐτοῦ
2758 623 2847 678 καὶ
2880 620 3179 682 διώκοντας
3231 621 3381 696 ὁρᾷν.
3432 621 3691 682 Ὀπισθεν
3722 616 3774 672 δὲ
3800 624 3888 673 τῶν

2274 714 2563 790 δισχιλίων
2620 712 2747 774 τοὺς
2806 707 3183 783 τρισχιλίους,
3241 706 3330 762 καὶ
3388 705 3553 775 πεζὸν
3615 706 3888 777 στράτευμα

2273 802 2365 857 σὺν
2417 802 2600 863 αὐτοῖς
2663 802 2713 855 ἐν
2777 795 3076 874 ἀποκρύφῳ
3141 796 3296 867 τόπῳ
3355 794 3431 855 εἷς
3481 791 3695 866 ἐνέδραν
3752 814 3890 847 κατα-

2274 895 2469 956 στῆσαι
2503 889 2605 958 δεῖ,
2628 894 2729 944 τοῦ
2757 887 2930 943 τόπου
2963 885 3277 960 ὀχυρότητα
3324 880 3575 959 ἔχοντος⁸
3603 881 3645 936 εί
3675 882 3806 956 τύχῃ
3849 880 3892 936 δὲ

2273 982 2363 1037 καὶ
2391 982 2594 1056 κάστρο
2651 977 2911 1050 πλησίον,
2964 972 3071 1048 ἵξει
3126 973 3346 1029 κακεῖνο
3402 972 3480 1035 εἶς
3544 973 3792 1046 βοήθειαν
3821 973 3892 1039 Μὴ

2277 1069 2546 1125 σκοπείτω
2613 1065 2670 1123 δὲ
2729 1069 2757 1122 ὁ
2817 1063 3120 1142 στρατηγὸς
3194 1059 3336 1135 μηδὲ
3386 1060 3526 1116 κατᾶ
3581 1065 3706 1116 νοῦν
3756 1065 3894 1115 τοῦτο

2277 1157 2470 1234 ἐχέτω,
2521 1156 2609 1212 ἐὰν
2659 1156 2850 1227 πλήθη
2911 1151 3200 1226 πολεμίων
3266 1149 3588 1206 ἐπιτεθῶκιν
3647 1148 3785 1221 αὐτῷ
3826 1148 3898 1202 καὶ

2279 1245 2514 1320 σφοδρὸς
2535 1245 2757 1322 γένηται
2813 1241 3085 1315 πόλεμος,
3145 1237 3360 1303 ἔνδοθεν
3418 1243 3519 1293 τοῦ
3577 1240 3798 1313 κάστρου
3823 1258 3898 1311 γε·

2277 1335 2480 1406 νέσθαι,
2505 1335 2611 1410 πρὸ
2639 1338 2737 1390 τοῦ
2773 1334 2864 1388 τὸν
2894 1329 3037 1386 ἳδιον
3067 1333 3369 1403 περισῶσαι
3430 1325 3586 1382 λαόν.
3620 1330 3781 1383 Τοῦτο
3808 1326 3892 1402 γὰρ

2281 1425 2342 1480 οὗ
2378 1425 2541 1498 μόνον
2569 1422 2784 1496 ἀδοξίαν
2815 1421 2906 1478 καὶ
2949 1419 3380 1495 καταφρόνησιν,
3441 1415 3590 1472 ἀλλὰ
3644 1416 3730 1471 καὶ
3787 1413 3897 1478 βλοὶ-

2283 1509 2384 1584 6ην
2428 1512 2638 1588 ἐπάγει,
2667 1511 2756 1567 καὶ
2813 1513 2882 1580 ἧς
2940 1509 3130 1584 χώρας
3180 1506 3488 1582 ἀφανισμὸν
3541 1506 3633 1560 καὶ
3682 1503 3898 1559 πανωλε-

2283 1602 2458 1678 θρίαν.
2491 1603 2650 1660 Ἀλλ’
2697 1597 2889 1671 ἔξωθεν
2921 1598 2972 1654 ἐν
3004 1602 3122 1662 τοῖς
3164 1595 3495 1673 ὀχυρώμασι
3552 1598 3667 1656 τοῖς
3695 1592 3894 1663 πλησίον

2281 1697 2377 1749 τοῦ
2406 1694 2640 1767 κάστρου
2699 1690 2833 1765 μετὰ
2887 1693 2982 1744 τοῦ
3041 1691 3266 1756 πεζικοῦ
3324 1685 3725 1760 στρατεύματος
3762 1683 3894 1758 ἰσχυο

534 1770 686 1791 ’νυ-’ν
723 1770 821 1794 Ὶ“·“
845 1770 919 1777 -“-
956 1770 1192 1774 ντ---τν-
1259 1770 1264 1771 ν
2065 1770 2078 1779 ,

534 1811 779 1884 specula
799 1809 1155 1866 constitutus
1176 1805 1276 1860 ubi
1299 1803 1534 1866 viderit,
1558 1803 1758 1856 hostes
1779 1801 1936 1855 vicos
1958 1800 2179 1870 ingres-

2286 1783 2394 1858 ρῶς
2449 1779 2856 1855 ἀντιμαχέσθω,
2914 1777 3114 1852 ἀνάγκῃ
3172 1775 3504 1850 περιπεσών’
3567 1775 3656 1829 ἅτε
3709 1770 3894 1840 πολλὴν

534 1919 632 1957 sos
655 1899 1036 1956 descendisse
1068 1913 1138 1952 ex
1170 1893 1337 1966 equis
1359 1908 1611 1962 casaque
1634 1905 1998 1962 paganorum
2019 1905 2178 1943 scru-

519 1990 846 2061 .tari,paulo
861 1989 1062 2060 plures
1076 2001 1255 2057 quam
1278 1987 1515 2038 centum
1537 1980 1754 2052 aglobo
1775 1984 2176 2033 trecentorum

530 2081 834 2152 sejunctos
861 2075 1202 2150 praemittat,
1223 2074 1426 2145 jussos
1447 2076 1511 2125 ut
1541 2070 1701 2124 citati
1726 2069 1787 2122 in
1809 2067 2177 2123 adversarios

529 2171 858 2224 incurrant.
893 2167 1119 2221 Debent
1170 2169 1369 2218 autem
1419 2160 1522 2230 qui
1553 2160 1892 2224 mittuntur,
1926 2171 2176 2211 numero

525 2259 730 2329 plures
757 2272 887 2311 esse
921 2270 1102 2325 quam
1147 2253 1348 2306 hostes
1404 2249 1562 2303 vicos
1616 2246 1891 2319 ingressi.
1926 2247 2011 2300 Ita
2041 2245 2177 2299 illos

528 2345 877 2400 invadentes
907 2342 1122 2397 Christi
1154 2339 1342 2412 gratia
1371 2337 1591 2392 multos
1619 2341 1676 2391 et
1705 2334 2092 2391 trucidabunt
2120 2339 2178 2389 et

528 2437 789 2508 captivos
818 2435 1060 2489 facient.
1096 2432 1202 2497 Qui
1238 2431 1595 2501 supererunt
1625 2444 1695 2481 ex
1744 2431 1935 2480 turma
1962 2425 2085 2490 illa,
2119 2429 2178 2480 et

531 2530 823 2598 quotquot
852 2522 1330 2579 adversariorum
1362 2517 1530 2588 equis
1561 2515 1903 2571 conscensis
1929 2515 2080 2587 fugae
2113 2531 2174 2569 se

529 2615 875 2687 permittere
907 2609 1231 2684 potuerint,
1265 2626 1365 2664 eos
1397 2607 1613 2662 acriter
1656 2606 2048 2675 insequantur
2072 2603 2177 2659 do-

531 2722 645 2760 nec
675 2705 789 2774 ipsi
822 2719 857 2758 a
885 2701 1077 2774 globis
1107 2699 1393 2765 hostium,
1419 2695 1892 2751 commilitonum
1925 2694 2178 2749 tuendo-

532 2809 670 2848 rum
699 2807 878 2847 causa
905 2788 1229 2860 dispositis,
1261 2786 1574 2858 agitentur.
1609 2784 1724 2838 Hos
1750 2787 2178 2854 persequentes

533 2881 848 2954 praafectus
889 2885 1288 2934 trecentorum
1346 2874 1551 2930 videns
1607 2889 1726 2928 non
1784 2888 1998 2944 magno
2048 2887 2178 2928 esse

533 2987 806 3036 numero,
840 2969 941 3023 sed
970 2966 1305 3022 inordinate
1329 2965 1632 3033 effuseque
1653 2978 1849 3029 ruere,
1883 2965 2182 3033 exspectet

531 3061 597 3115 in
626 3050 896 3128 latibulo,
929 3057 1118 3112 donec
1147 3055 1238 3109 sui
1271 3054 1492 3108 milites
1514 3051 1808 3124 fugientes
1830 3051 1983 3106 282
2005 3050 2181 3105 adve-

532 3151 734 3206 nerint
761 3153 938 3218 atque
963 3143 1330 3216 przetervecli
1359 3142 1496 3198 sint.
1521 3143 1664 3195 Tum
1692 3141 1840 3211 ipse,
1894 3140 1954 3194 in
1977 3140 2176 3195 hostes

535 3255 607 3294 ex
656 3236 891 3292 insidiis
940 3248 1305 3305 consurgens
1339 3273 1353 3298 ,
1423 3244 1558 3284 cum
1609 3245 1717 3283 sua
1771 3244 1953 3283 manu
2010 3229 2180 3300 signa

533 3327 760 3382 cursim
814 3323 1051 3387 inferat,
1088 3327 1141 3376 et
1174 3320 1390 3374 Christi
1421 3318 1688 3389 potentia
1717 3333 1785 3372 ac
1812 3317 2000 3388 gratia
2055 3334 2182 3371 rem

535 3416 688 3471 bene
745 3417 953 3483 geret.
1014 3410 1248 3465 Etenim
1301 3425 1436 3462 cum
1493 3407 1752 3478 captivos
1801 3406 1996 3474 faciet,
2056 3411 2181 3460 tum

536 3503 757 3559 multos
788 3501 1062 3557 concidet
1089 3503 1148 3554 et
1172 3496 1526 3552 vulnerabit.
1559 3494 1956 3550 Afﬂuentibus
1988 3499 2184 3550 tamen

537 3593 726 3664 magis
757 3590 1061 3662 magisque
1105 3586 1395 3650 hostibus,
1449 3588 1740 3654 auctaque
1797 3583 2184 3638 multitudine

539 3681 755 3736 acriter
783 3677 1164 3742 instantibus,
1198 3674 1456 3746 captivos
1479 3673 1608 3744 jam
1638 3672 1844 3742 factos,
1883 3687 2184 3742 equosque

541 3785 748 3825 eorum
804 3771 982 3838 atque
1043 3781 1208 3821 arma
1261 3763 1547 3831 remittat,
1605 3767 1672 3816 ut
1723 3760 2094 3817 deducantur
2123 3761 2186 3815 in

539 3859 740 3915 locum
772 3857 872 3912 ubi
905 3856 1022 3910 dux
1052 3854 1435 3909 subsidiatur.
1488 3851 1616 3922 Ipse
1660 3867 1796 3906 cum
1853 3867 1960 3906 sua
2006 3866 2186 3906 manu

544 3948 786 4003 servatis
799 3944 1110 4001 ordinibus
1131 3941 1390 4009 recedat,
1405 3943 1606 3995 hostes
1619 3940 1692 3995 ad
1706 3940 2186 4010 persequendum

542 4039 784 4092 irritans
815 4040 993 4104 atque
1022 4032 1425 4104 intelligenter
1453 4030 1726 4085 alliciens
1753 4045 1764 4082 :
1799 4046 1992 4099 neque
2025 4030 2187 4099 quis-

544 4142 724 4197 quam
737 4141 807 4178 ex
821 4124 948 4194 ejus
969 4128 1162 4176 turma
1173 4119 1561 4190 sciat,quibus
1575 4118 1635 4172 in
1649 4118 1794 4173 locis
1807 4119 2038 4173 insidias
2053 4135 2188 4173 cum

543 4215 692 4270 duce
714 4215 955 4276 lateant,
980 4217 1196 4282 przeter
1218 4212 1412 4281 ipsum
1435 4209 2083 4280 praefectumJlostibus
2105 4209 2190 4262 in-

545 4302 962 4360 cumbentibus
1013 4301 1066 4354 ei
1117 4316 1330 4370 magno
1362 4313 1634 4362 numero,
1666 4297 1992 4368 rapideque
2031 4297 2191 4352 inse-

547 4392 887 4464 quentibus,
922 4394 1213 4461 quotquot
1233 4387 1458 4443 strenui
1481 4382 1732 4441 etfortes
1755 4391 1913 4450 sunt,
1935 4390 1993 4440 et
2023 4387 2190 4457 equis

545 4481 879 4538 valentibus
894 4481 1208 4542 vehuntur,
1233 4494 1294 4532 se
1317 4476 2190 4546 convertant,insequentesque

2287 1872 2346 1926 ἐκ
2371 1874 2468 1926 τοῦ
2497 1870 2672 1925 τόπου
2731 1865 2874 1942 ἔχων
2931 1867 3209 1942 βοήθειας,
3268 1864 3485 1919 καὶτὸν
3549 1866 3646 1917 τοῦ
3698 1861 3895 1936 κάπρου

2284 1960 2446 2028 πεζὸν
2477 1957 2610 2013 λαόν
2667 1957 2743 2019 εἷς
2804 1953 3125 2030 συμμαχίαν
3182 1952 3362 2008 αὐτοῦ.
3423 1954 3487 2008 Ὀ
3546 1951 3634 2005 οῦν
3688 1949 3900 2026 ἀρχηγὸς

2283 2053 2392 2103 τῶν
2420 2047 2770 2124 τριακοσίων,
2801 2049 2909 2100 τῶν
2971 2043 3049 2106 εἷς
3102 2041 3349 2120 φυλακὴν
3394 2044 3505 2096 τῶν
3539 2040 3758 2115 χωρίων
3786 2039 3897 2092 ἀπο-

2287 2136 2612 2206 σταλέντων,
2673 2135 2748 2196 εἰς
2800 2134 3084 2210 περιωπήν
3146 2132 3438 2204 ἱστάμενος
3495 2129 3588 2184 καὶ
3645 2129 3774 2200 ὁρῶν
3798 2125 3899 2188 τοὺς

2283 2226 2590 2300 πολεμίους
2639 2223 2692 2280 ἐν
2722 2228 2844 2286 τοῖς
2873 2224 3108 2298 χωρίοις
3142 2219 3591 2297 εἰσερχομένους,
3641 2217 3788 2287 ἡνίκα
3809 2218 3896 2270 τῶν

2278 2319 2464 2377 ’ίππων
2496 2315 2789 2382 ἀποϐάντες
2822 2320 2917 2381 τὰς
2974 2316 3148 2379 οἷ’κίας
3204 2319 3313 2370 τῶν
3373 2313 3602 2391 χωρίων
3655 2309 3897 2385 ἀναψηλαο

2285 2416 2479 2490 φῶσιν,
2512 2411 2698 2466 ἑκατὸν
2726 2408 2818 2464 καὶ
2853 2407 3047 2482 μικρόν
3079 2427 3130 2460 τι
3162 2404 3328 2460 πλέον
3391 2402 3454 2459 ἐκ
3507 2407 3604 2459 τοῦ
3661 2405 3785 2456 Ααοῦ
3808 2403 3893 2452 τῶν

2283 2501 2612 2578 τριακοσίων
2674 2495 3011 2573 διαχωρίσας
3067 2493 3501 2566 ἀποστειλάτω,
3561 2489 3894 2564 διορισάμενος

2285 2591 2471 2655 αὐτοῖς
2509 2589 2674 2661 ὀξέως
2702 2588 2838 2644 κατᾶ
2864 2591 2973 2643 τῶν
3001 2585 3288 2659 πολεμίων
3329 2583 3632 2639 ἐπιθέσθαι.
3681 2579 3894 2637 Πλείονες

2287 2678 2345 2736 δὲ
2406 2679 2640 2735 ἔστωσαν
2704 2679 2757 2734 οἱ
2818 2674 3288 2749 ἀποστελλόμενοι
3341 2677 3452 2729 τῶν
3507 2672 3583 2734 εἰς
3636 2671 3700 2725 τὰ
3749 2665 3896 2744 χωρία

2287 2767 2687 2844 εἷσερχομένων
2745 2763 3033 2838 πολεμίων
3069 2808 3082 2820 .
3138 2763 3237 2818 Καὶ
3321 2763 3442 2817 κατ’
3523 2760 3692 2815 αὐτῶν
3759 2755 3896 2812 οὕτως

2287 2857 2599 2931 ἐπιθέμενοι
2637 2857 2825 2932 χάριτι
2852 2857 3090 2930 Χριστοῦ
3146 2849 3398 2914 πολλοὺς
3429 2850 3520 2906 καὶ
3551 2848 3803 2914 ἀνελοῦσι,
3827 2842 3893 2897 καὶ

2290 2945 2569 3020 δεσμώτας
2619 2945 2889 3020 λήψονται
2924 2987 2938 3001 .
2994 2945 3061 3000 Ol.
3113 2939 3169 2996 δὲ
3217 2940 3623 3016 περιττεύοντις
3675 2940 3762 2990 τοῦ
3780 2932 3895 3020 Δλαοῦ

2287 3040 2323 3107 ἡ
2335 3040 2448 3109 μῶν
2479 3037 2605 3090 ὅσοι
2661 3038 2770 3090 τῶν
2804 3031 3091 3105 πολεμίων
3122 3035 3229 3086 τῶν
3260 3027 3421 3085 ΐδίων
3446 3027 3632 3082 ’ίππων
3687 3017 3896 3089 ἐπιϐῆναι

2290 3104 2560 3195 δυνηθῶσι
2611 3123 2705 3178 καὶ
2791 3104 3311 3199 φυγῆίχρήσονται,
3374 3114 3654 3191 ἐπιμελῶς
3708 3104 3898 3169 τοῦτους

2208 3178 2252 3246 C
2290 3212 2598 3284 διώξουσιν,
2621 3209 2726 3276 ἕως
2745 3178 3137 3286 ἄνιπαρὰῆτῶν
3181 3207 3441 3284 φουλκων
3469 3178 3576 3262 τῶν
3624 3200 3891 3274 πολεμίων,

2283 3307 2392 3359 τῶν
2419 3299 2721 3374 ἱσταμένων
2771 3300 2847 3362 εἷς
2898 3296 3147 3376 φυλακὴν
3205 3302 3310 3352 τῶν
3371 3295 3599 3372 ἑταίρων
3633 3294 3674 3330 ⁸⁸
3725 3288 3890 3354 αὐτῶν,

2289 3389 2718 3466 ἐπιδιωχθῶσιν.
2749 3389 2922 3463 Ὁρῶν
2956 3385 3014 3443 δὲ
3066 3386 3194 3449 τοὺς
3254 3383 3556 3447 διώκοντας
3585 3383 3612 3438 ὁ
3640 3384 3736 3436 τῶν
3763 3394 3889 3449 τρια-

2287 3481 2484 3539 κοσίων
2515 3479 2701 3555 ἄρχων
2737 3479 2814 3552 μὴ
2848 3477 2926 3540 εἲς
2958 3477 3174 3548 πλῆθος
3214 3473 3396 3548 ὄντας,
3428 3474 3552 3530 ἀλλ’
3600 3467 3891 3528 ἀσυντάκτως

2287 3573 2378 3628 καὶ
2487 3572 2734 3646 ἀκρατῶς
2838 3565 3132 3630 διώκοντας
3164 3611 3178 3638 ,
3259 3566 3644 3642 καρτερησάτω
3719 3559 3764 3614 ἐν
3829 3557 3891 3622 τῷ

2291 3670 2653 3746 ἔγκρῦμματι,
2701 3665 2804 3724 έων
2855 3667 2916 3722 οῦ
2949 3668 3001 3722 οἱ
3033 3663 3366 3738 διωκόμενοι
3429 3662 3526 3719 τοῦ
3584 3661 3707 3718 λαοῦ
3755 3653 3891 3746 αυτοῦ

2289 3742 2640 3816 καταλάϐωσι
2693 3759 2784 3813 καὶ
2843 3754 3127 3812 διέλθωσιν
3159 3798 3174 3814 .
3235 3755 3350 3812 Εἶθ’
3409 3754 3584 3814 οὕτως
3635 3749 3715 3806 καὶ
3767 3742 3893 3800 αὐτὸς

2293 3847 2543 3928 σφοδρῶς
2570 3848 2707 3904 κατά
2750 3850 2856 3902 τῶν
2913 3844 3206 3919 πολεμίων
3256 3844 3362 3899 ἀπὸ
3421 3847 3520 3899 τοῦ
3567 3836 3894 3928 ἐγκρνύμμξτος

2291 3938 2543 4012 ἐξελθὼν,
2589 3937 2851 4011 μετὰτῶν
2903 3934 2996 3990 σὺν
3055 3935 3202 4008 αὖτῷ
3259 3935 3587 4010 ὁρμησάτω,
3615 3927 3698 3984 καὶ
3725 3919 3892 3980 εὐοδω-

2292 4030 2513 4099 θήσεται
2538 4031 2607 4101 τῇ
2638 4031 2736 4081 τοῦ
2765 4027 3001 4101 Χριστοῦ
3051 4022 3277 4096 δυνάμει
3309 4023 3402 4077 καὶ
3441 4023 3641 4097 χάριτι.
3693 4015 3890 4085 Λήψεται

2293 4095 2396 4191 γάρ
2426 4116 2515 4172 καὶ
2548 4095 2953 4190 δορυαλώτους,
2985 4111 3078 4168 καὶ
3110 4109 3362 4174 πολλοὺς
3414 4095 3789 4181 καὶγάναιρήσει
3821 4095 3887 4150 καὶ

2292 4204 2668 4279 τραυμάτίσει.
2701 4206 2822 4260 Τῶν
2873 4203 2963 4258 οὗν
2993 4200 3278 4274 πολεμίων
3312 4202 3399 4274 [Ρ.
3439 4200 3561 4272 150]
3617 4193 3689 4250 ἔτι
3716 4204 3892 4279 προσ-ξι·

2294 4273 2556 4367 θεμένων,
2588 4293 2678 4347 καὶ
2709 4291 2786 4354 εἷς
2827 4290 3038 4360 αλῆθος
3094 4273 3497 4364 αὐξανομένων,
3548 4284 3635 4340 καὶ
3689 4273 3889 4367 σφοδρῶς

2297 4365 2702 4438 ἐπιδιωκόντων
2733 4424 2747 4451 ,
2806 4381 2935 4442 τοὺς
2998 4381 3092 4453 μὲν
3161 4375 3588 4452 κατασχεθέντας
3662 4365 3886 4439 δεσμίους.

2299 4471 2425 4534 τούς
2453 4492 2510 4526 τε
2536 4469 2738 4532 ἳππους
2769 4470 2946 4523 αὐτῶν
3003 4467 3093 4522 καὶ
3155 4465 3302 4522 ὅπλα
3360 4463 3656 4540 ἔμπροσθεν
3687 4459 3887 4513 ἀποστει-

547 4573 794 4628 feriant:
821 4587 936 4642 quo
979 4575 1037 4624 et
1058 4585 1195 4624 suos
1217 4568 1452 4623 saucios
1476 4572 1844 4634 conservent,
1879 4571 1938 4621 et
1965 4566 2015 4619 si
2038 4582 2179 4636 quo-

2297 4558 2468 4634 λάτω,
2526 4563 2621 4614 τοῦ
2678 4551 3007 4614 καταλαϐεῖν
3041 4555 3093 4612 ἐν
3127 4557 3173 4627 ᾧ
3201 4557 3355 4628 τόπῳ
3381 4555 3410 4610 ὁ
3444 4539 3730 4629 στρατηγὸς
3769 4539 3887 4638 ἵστξι·

551 4679 682 4717 rum
702 4663 978 4734 jumenta
1008 4663 1110 4715 aut
1138 4657 1371 4713 defessa
1417 4661 1520 4712 aut
1573 4655 1882 4710 vulnerata
1927 4655 2066 4718 sint,
2100 4653 2193 4708 his

547 4753 890 4808 facultatem
922 4747 1306 4820 suppeditent
1332 4746 1450 4801 alia
1477 4744 1936 4800 conscendendi.
1983 4745 2194 4798 Postea

549 4841 817 4895 remissis
858 4839 1108 4894 habenis
1142 4855 1177 4893 a
1203 4835 1700 4908 persequentibus
1756 4833 2191 4905 aliquantulum

551 4932 836 4986 cursimse
855 4932 1223 4984 removeant:
1247 4932 1313 4980 ut
1326 4932 1384 4980 et
1403 4926 1786 4982 incumbente
1801 4925 1912 4980 sibi
1931 4924 2190 4979 hostium

547 5019 600 5073 vi
624 5019 868 5090 paulum
888 5018 1177 5081 leventur,
1196 5020 1254 5070 et
1275 5015 1361 5069 illi
1386 5031 1590 5086 equos,
1615 5014 1689 5069 ad
1711 5012 2190 5085 persequendum

546 5108 900 5164 festinanter
926 5107 1240 5172 admissos,
1257 5104 1607 5159 lassitudine
1625 5104 1948 5159 conficiant
1968 5107 2027 5158 et
2051 5119 2188 5157 exa-

547 5199 800 5253 niment.
835 5196 1027 5250 Nostri
1057 5195 1348 5267 fugientes
1378 5193 1624 5248 latibulo
1647 5193 2190 5265 appropinquantes

548 5287 643 5342 vel
675 5286 879 5341 dextra
901 5283 991 5338 vel
1013 5283 1156 5338 laeva
1183 5287 1528 5337 transeant:
1561 5297 1637 5336 ne
1666 5279 2190 5352 prorumpentibus

2301 4671 2411 4706 ται.
2470 4649 2733 4709 Κάκεῖνος
2776 4645 3044 4708 εὐτάκτως
3105 4645 3454 4720 ὑποφευγέτω
3511 4639 3639 4715 μετᾶ
3691 4637 3782 4689 τῶν
3822 4624 3884 4720 σὺξ

2303 4738 2497 4810 αὐτῷ,
2554 4736 2804 4814 ἐρεθίζων
2870 4735 2998 4798 τοὺς
3049 4711 3358 4807 πολεμίου-ς
3420 4711 3556 4808 πρδς
3613 4711 3885 4814 δίωξινικαξ

2301 4804 2591 4900 ἐμπέίὲέωςι
2632 4804 3020 4902 ἐφέλκόμενος
3086 4804 3280 4897 μηδεὶς
3337 4821 3396 4877 δὲ
3447 4804 3544 4876 τοῦ
3599 4816 3724 4873 λαοῦ
3765 4804 3884 4862 αὐτοῦ

2298 4919 2632 4993 γινωσκέτω,
2666 4915 2719 4970 ἐν
2752 4916 2834 4976 οἷς
2877 4914 3069 4974 τόποις
3121 4913 3191 4968 τὰ
3242 4913 3596 4986 ἐγκρύμματα
3622 4903 3710 4959 τοῦ
3738 4909 3885 4993 στρ-αἶ’

2300 4980 2438 5081 ί)γοῦ
2489 4980 2758 5075 (inﬁrm:
2818 5002 2863 5058 εἷ
2926 5004 3002 5076 μὴ
3063 5000 3225 5075 μόνος
3257 4980 3292 5055 ὁ.
3573 4980 3882 5081 αὐτῶν..Τιῖ1ν

2385 5096 2667 5170 πολεμίων
2700 5073 3089 5165 ἐπιτιθεμένων
3123 5091 3271 5162 αὗτῷ
3519 5083 3746 5170 πλήθους
3764 5073 3884 5170 λαοῦ,

2298 5185 2389 5242 καί
2457 5151 2702 5260 ἀκρατῶς
2754 5180 3092 5251 διωκόντων,
3143 5151 3484 5255 ὑποστροφὰς
3538 5169 3826 5260 ποιείτωσαν
3844 5151 3885 5260 ςί

2301 5272 2450 5338 ὄντες
2492 5242 2731 5350 ἀνδρεῖοι
2787 5271 2879 5328 καὶ
2933 5242 3328 5349 γενναιότατοι,
3375 5242 3465 5322 καὶ
3515 5262 3707 5319 ἵππους
3756 5242 3884 5305 εὖτδ⁹

1764 5431 1825 5485 C.
1859 5431 1926 5489 Β.
1965 5430 2151 5486 HASII
2179 5426 2748 5488 ANNOTATIONES.

625 5641 671 5680 ⁸⁸
690 5638 944 5714 ἑταίρων,
971 5635 1165 5711 ἑτέρων
1201 5629 1374 5690 codd.
