4146 6302
347 311 471 372 981

1649 313 2067 376 VELITATIO
2109 313 2468 375 BELLICA.

3650 311 3768 372 982

349 465 480 506 νους
511 443 760 519 ἔχοντες,
792 445 883 500 καὶ
936 443 1000 500 π)
1019 447 1329 515 ηττέτωσαν
1385 444 1514 508 τοὺς
1574 443 1891 510 διώκοντας·
1923 448 1985 500 ἳνα

2093 449 2360 516 ,ἱηείάὶίε
2392 448 2603 504 eodem
2634 448 2763 504 loco
2814 452 3148 514 occurrant,
3201 447 3434 518 sibique
3486 449 3644 503 inter
3701 465 3763 503 se

353 533 448 588 καὶ
478 533 603 596 τοὺς
627 534 956 607 τραυματίας
984 539 1092 589 τῶν
1125 532 1280 590 ἱδίων
1314 532 1642 603 διασώσωσι,
1691 535 1781 590 καὶ
1822 537 2008 590 ἳππων

355 621 698 677 ἀτονούντων
779 621 814 692 ἢ
890 624 979 678 καὶ
1038 623 1432 697 πληττομένων
1502 624 1698 700 ἐτέρων
1755 619 2008 694 ἐπιϐῆναι

355 711 858 786 παρασκευάσωσιν.
888 714 1008 777 Εἶθ’
1039 712 1210 776 οὕτως
1259 711 1600 778 ἐπιδιδόντας
1654 713 1779 776 τοὺς
1837 712 2010 789 χαλι-

353 800 484 863 νοὺς
531 806 640 856 τῶν
693 799 880 856 ’ίππων
943 805 1060 875 μετ’
1112 801 1336 865 έλασίας
1405 805 1755 878 μακρυνθῶσι
1812 802 2005 876 μικρὸν

352 894 464 945 τῶν
494 887 830 946 διωκόντωνι
861 889 949 946 i’va
977 890 1066 946 καί
1094 895 1192 947 τοῦ
1255 891 1450 967 βάρους
1503 897 1601 948 τοῦ
1659 890 2006 965 ἐπικειμένου

351 977 542 1041 αὐτοῖς
569 983 678 1034 τῶν
732 976 1019 1052 πολεμίων
1073 981 1267 1055 μικρὸν
1321 985 1682 1058 κουφισθῶσι,
1739 982 2005 1048 κάκεῖνοι,

351 1067 600 1144 ὀξύτερον
629 1068 758 1131 τοὺς
798 1065 1004 1125 ’ίππους
1073 1067 1387 1132 ἐλαύνοντες
1445 1071 1580 1146 πρὸς
1640 1067 1846 1140 δίωξιν,
1877 1069 2004 1124 ἀτό-

348 1179 477 1217 νους
532 1157 623 1213 καὶ
693 1159 1171 1234 λειποψυχοῦντας
1228 1158 1580 1236 ἐργάσωνται.
1640 1160 2004 1234 ’ἐγγιζόντων

351 1245 410 1302 δὲ
433 1252 514 1321 τῷ
539 1246 882 1324 ἐγκρύμματι
911 1253 1019 1305 τῶν
1081 1246 1434 1323 διωκομένων
1491 1253 1587 1305 τοῦ
1645 1247 1788 1304 λαοῦ
1817 1252 2003 1322 ἡμῶν,

351 1333 457 1392 εἴτε
516 1335 662 1410 δεξιᾷ
725 1335 832 1393 εἴτε
887 1337 1140 1412 εὐώνυμα
1197 1335 1579 1394 διέλθέτωσαν·
1640 1337 1728 1392 ’ἶνα
1779 1341 1876 1394 τοῦ
1905 1337 2000 1412 ἐγ-

348 1426 672 1502 κρύμματος
693 1425 1058 1502 έξερχομένου
1112 1429 1188 1500 μή
1247 1430 1384 1482 κατὰ
1436 1424 1604 1483 τόπον
1656 1427 1841 1489 αὐτοῖς
1878 1446 2000 1482 συν-

351 1519 649 1587 αντήσωσι,
706 1516 796 1572 καὶ
871 1516 1156 1589 ἀλλήλους
1238 1515 1676 1594 παραϐλάψωσι.
1737 1518 1885 1574 Μετὰ
1942 1515 2000 1572 δὲ

349 1609 518 1661 ταῦτα
535 1609 644 1661 τῶν
667 1603 1016 1680 διωκομένων
1069 1608 1162 1662 σὺν
1217 1606 1402 1670 αὐτοῖς
1459 1607 1605 1661 οῦσιν
1665 1605 1718 1662 έν
1774 1611 1854 1678 τῷ
1903 1604 1996 1679 έγ·

347 1699 658 1771 κρύμματι,
693 1697 1166 1776 ὑποστρεφόγτων.
1229 1701 1333 1755 Καὶ
1391 1697 1452 1752 ἐκ
1509 1694 1605 1752 δύο
1665 1701 1843 1772 μερῶν
1894 1703 1995 1766 τῆς

347 1787 530 1860 ὁρμῆς
587 1785 763 1842 αὐτῶν
822 1788 958 1843 κατὰ
1012 1788 1118 1842 τῶν
1174 1785 1464 1859 πολεμίων
1521 1788 1860 1863 γινομένης,
1919 1787 2072 1879 εἱςΒ

347 1873 615 1953 ὠφέλειαν
667 1875 757 1931 καὶ
825 1880 986 1932 τοῦτο
1042 1879 1139 1932 τοῦ
1186 1877 1458 1952 ἡμετέρου
1492 1875 1628 1932 λαοῦ
1686 1877 1990 1952 γενήσεται.

344 1963 524 2020 Ἔστω
557 1961 615 2019 δὲ
645 1964 862 2026 ὁτόπος
909 1969 1008 2020 τοῦ
1056 1963 1437 2039 ἐγκρύμματος
1493 1961 1800 2034 έπιτήδειος
1854 1965 1992 2038 πρὸς

340 2054 404 2107 τὸ
433 2052 619 2116 καλῶς
668 2053 863 2116 αὐτοὺς
891 2053 1278 2129 ἀποκρύπτειν·
1341 2054 1592 2127 στένωμα
1623 2051 1681 2109 δὲ
1709 2055 1743 2123 ἢ
1775 2051 1994 2128 δυσχω-

344 2142 464 2216 ρίαν
497 2141 575 2206 εἷς
605 2143 705 2212 τήν
732 2139 916 2214 ἔξοδον
950 2140 1221 2217 μηδαμῶς
1276 2143 1473 2218 ἐχέτω,
1532 2142 1660 2199 ἀλλ’
1713 2141 1994 2220 έφόμαλος

339 2227 481 2286 έστω
507 2230 596 2288 καὶ
625 2231 962 2308 εὐρύχωρος,
1027 2230 1197 2306 μηδὲν
1251 2229 1674 2307 παρεμποδίζων
1727 2233 1826 2301 τήθ
1857 2231 1993 2287 κατὰ

339 2324 452 2376 τῶν
483 2319 776 2395 πολεμίων
804 2320 981 2376 αὐτῶν
1013 2322 1192 2396 ὁρμὴν
1222 2322 1312 2376 καὶ
1374 2322 1546 2392 ὀξεῖαν
1608 2319 1868 2391 ἐπίθεσιν,
1899 2321 1990 2376 καὶ

346 2410 584 2482 μάλιστα
639 2411 763 2486 περὶ
829 2410 957 2473 τοὺς
1017 2407 1329 2485 δισχιλίους
1358 2412 1403 2448 ⁸⁸
1459 2406 1652 2467 ὅντων.
1707 2411 1832 2468 Ἐπί
1887 2411 1988 2487 γὰρ

337 2497 603 2554 τοσούτου
643 2499 878 2575 ἀριθμοῦ
906 2499 1201 2555 πλαττεῖαν
1230 2500 1319 2555 καὶ
1352 2498 1556 2554 εὐθεῖαν
1590 2501 1725 2554 εἶναι
1778 2497 1860 2554 δεῖ
1885 2501 1986 2569 τήν

339 2585 524 2657 ἔξοδον
554 2592 656 2644 τοῦ
693 2587 948 2644 τοιούτου
998 2588 1231 2665 χωρίου·
1293 2587 1394 2647 Καὶ
1451 2591 1488 2659 ἡ
1535 2589 1788 2665 περιωπή
1823 2586 1900 2656 δὲ,
1933 2587 1987 2644 ἐν

336 2679 376 2746 ῆ
403 2677 620 2732 ἳσταται
653 2677 872 2749 βλέπων
902 2679 930 2733 ὁ
957 2677 1056 2733 τοῦ
1087 2677 1224 2734 λαοῦ
1251 2682 1349 2733 τοῦ
1398 2678 1450 2733 ἐν
1506 2683 1587 2750 τῷ
1643 2677 1986 2753 ἐγκρύμματι

338 2765 610 2842 ἀρχηγὸς,
641 2766 921 2839 ἐπιτηδεία
962 2763 1124 2837 ἔστω,
1154 2767 1292 2823 ὥστε
1338 2772 1573 2842 καθορᾷν
1634 2767 1739 2822 ἀπὸ
1770 2764 1986 2822 πολλοῦ

345 2851 718 2929 διαστήματος
771 2856 898 2919 τοὺς
979 2855 1277 2920 διώκοντας
1352 2854 1675 2931 πολεμίους,
1740 2858 1830 2912 καὶ
1883 2859 1983 2926 τήν

335 2943 617 3016 ποσότητα
667 2949 763 3001 τοῦ
819 2944 959 3001 λαοῦ
1009 2945 1184 3001 αὐτῶν
1247 2948 1624 3021 στοχάζεσθαι,
1684 2945 1774 3001 καὶ
1829 2967 1988 3002 κατα-

332 3039 499 3102 νοεῖν,
560 3034 708 3100 δπως
752 3037 851 3106 τὴν
903 3033 1081 3107 δίωξιν
1139 3040 1446 3094 ποιοῦνται.
1509 3035 1872 3113 Ἐγγισάντων
1927 3033 1986 3090 δὲ

331 3127 440 3178 τῶν
466 3121 776 3180 διωκόντων
834 3123 925 3180 ἐπὶ
976 3129 1056 3198 τῷ
1114 3123 1476 3200 έγκρύμματι,
1528 3123 1980 3198 ἐπικαλεσάμενοι

2115 537 2308 592 fraudi
2343 538 2480 592 sint.
2515 541 2589 592 At
2615 539 2766 594 233
2798 537 2899 593 ubi
2931 537 3224 609 fugientes
3257 552 3318 591 se
3361 553 3499 591 cum
3546 536 3669 590 illis
3699 537 3761 591 in

2115 627 2364 683 latibulo
2415 627 2857 699 conjunxerint,
2885 633 3010 681 tum
3055 643 3116 680 se
3148 625 3477 681 obvertant.
3509 625 3580 678 Et
3608 624 3656 679 si
3691 640 3761 678 ex

2117 716 2347 772 duabus
2364 716 2632 788 partibus
2654 717 3109 788 impressionem
3133 715 3194 770 in
3215 715 3417 770 hostes
3437 713 3686 780 faciunt,
3700 711 3760 768 id

2116 823 2353 877 quoque
2383 806 2701 862 utilitatem
2732 807 2953 861 nostris
2984 805 3168 877 copiis
3196 806 3420 861 afferet.
3447 803 3532 859 Sit
3559 807 3759 858 autem

2113 896 2280 952 locus
2311 897 2664 953 insidiarum
2695 895 2769 952 ad
2802 912 2901 951 eos
2931 896 3082 951 bene
3113 894 3497 951 occultandos
3537 898 3709 965 aptus
3743 908 3757 948 :

2113 1000 2306 1055 neque
2350 985 2653 1056 angustias
2706 983 2864 1038 circa
2912 983 3134 1038 exitum
3184 983 3607 1053 asperitatesve
3633 978 3756 1035 ullo

2111 1071 2286 1126 modo
2327 1071 2562 1139 habeat,
2592 1070 2696 1125 sed
2744 1070 2958 1142 planus
3006 1069 3362 1141 patulusque
3411 1069 3507 1133 sit,
3561 1082 3756 1138 neque

2111 1176 2317 1215 eorum
2341 1159 2630 1231 impetum
2653 1159 2714 1214 in
2733 1160 2934 1214 hostes
2950 1159 3434 1230 perceleremque
3463 1157 3756 1212 incitatio-

2110 1265 2248 1304 nem
2278 1248 2584 1320 impediat,
2617 1248 2872 1305 maxime
2895 1248 2944 1303 si
2974 1248 3048 1303 ad
3076 1247 3169 1302 bis
3199 1247 3368 1302 mille
3399 1246 3536 1301 sint.
3570 1248 3752 1300 Tanto

2108 1337 2269 1393 enim
2299 1354 2548 1393 numero
2579 1338 2735 1394 latus
2765 1344 2943 1410 atque
2974 1342 3170 1393 rectus
3202 1337 3394 1392 exitus
3423 1351 3552 1391 esse
3577 1335 3753 1390 debet

2108 1444 2178 1482 ex
2209 1428 2337 1483 loco
2366 1429 2678 1500 ejusmodi.
2706 1430 2853 1484 Item
2869 1427 3130 1499 specula,
3145 1427 3245 1481 ubi
3266 1425 3751 1482 duxinsidiarum

2106 1516 2380 1572 consistit
2407 1517 2926 1590 circumspiciendi
2957 1533 3153 1582 causa,
3187 1515 3402 1571 idonea
3422 1516 3516 1583 sit,
3542 1531 3612 1569 ex
3633 1530 3752 1584 qua

2106 1623 2283 1678 quam
2314 1606 2659 1678 longissime
2682 1608 2882 1663 hostes
2902 1607 3288 1678 insequentes
3310 1606 3527 1674 videre,
3543 1620 3746 1660 nume-

2102 1713 2289 1768 roque
2305 1714 2507 1753 eorum
2524 1698 2836 1763 aestimato,
2851 1715 2967 1770 quo
2983 1698 3157 1754 modo
3172 1698 3646 1769 persecutionem
3661 1694 3747 1750 fa-

2102 1777 2606 1849 ciantintelligere
2618 1780 2824 1850 possit.
2851 1782 3282 1850 Persequentes
3295 1777 3393 1833 ubi
3407 1777 3479 1832 ad
3494 1776 3744 1831 insidias

2100 1869 2599 1940 appropinquant,
2633 1869 2902 1924 invocata
2932 1867 3201 1924 Numinis
3218 1866 3549 1939 ope,acriet
3569 1865 3748 1921 vehe-

2101 1957 2471 2013 mentissimo
2484 1962 2662 2029 atque
2676 1963 2916 2014 strenuo
2930 1958 3156 2030 impetu
3168 1957 3426 2013 clamore
3432 1955 3747 2027 jubiloque

2102 2045 2358 2114 sublato,
2382 2046 2441 2101 in
2465 2047 2601 2103 illos
2622 2064 2686 2102 se
2710 2048 2979 2102 incitent.
3001 2046 3187 2102 Simul
3206 2046 3499 2118 fugientes
3516 2060 3579 2100 se
3596 2059 3749 2098 con-

2099 2140 2359 2191 vertant:
2385 2153 2452 2192 ac
2476 2136 2525 2192 si
2549 2152 2578 2191 e
2600 2136 2829 2192 duabus
2859 2136 3126 2208 partibus
3156 2136 3412 2207 impetus
3431 2133 3502 2189 ab
3525 2133 3646 2188 illis
3686 2132 3749 2186 in

2099 2235 2301 2290 hostes
2321 2235 2447 2290 fieri
2460 2234 2830 2306 potest,illud
2846 2251 3082 2305 quoque
3094 2234 3168 2290 ad
3179 2232 3509 2305 juvandum
3528 2231 3744 2286 exerci-

2098 2328 2224 2379 tum
2235 2323 2960 2379 momentumhabebit.lta
2971 2339 3327 2394 unaquaque
3344 2338 3406 2376 re
3425 2338 3494 2376 ex
3507 2319 3747 2392 praascri

2097 2418 2196 2484 pto
2215 2419 2417 2469 nostro
2439 2413 2853 2469 administrata
2865 2413 2914 2468 si
2929 2413 3088 2484 quod
3105 2410 3509 2483 caputest.Dei
3525 2407 3744 2465 auxilio

2096 2503 2341 2574 insuper
2369 2503 2772 2571 sublevantur,
2794 2507 3018 2574 quanta
3043 2508 3167 2558 tum
3207 2500 3468 2556 hostium
3518 2505 3744 2571 strages

2095 2591 2544 2664 internecioque
2559 2596 2840 2648 eventura
2866 2593 3073 2663 sit,qui
3104 2592 3318 2647 harum
3334 2606 3536 2646 rerum
3565 2605 3741 2645 usum

2094 2679 2336 2750 habent,
2361 2682 2574 2736 sciunt.
2611 2682 2720 2747 Qui
2751 2683 2933 2750 enim,
2955 2681 3246 2752 jumentis
3271 2680 3448 2752 longa
3476 2683 3536 2734 et
3564 2679 3743 2734 citata

2092 2770 2508 2840 persecutione
2530 2770 2896 2841 defessisque
2917 2772 3068 2826 23.1
3085 2769 3426 2824 hominibus
3445 2769 3631 2824 multo
3653 2768 3743 2822 la-

2091 2857 2235 2913 bore
2264 2875 2474 2931 pugnas
2505 2859 2928 2928 diﬁcientihus,
2961 2876 3081 2914 non
3121 2864 3385 2914 extrema
3414 2857 3534 2912 illis
3581 2857 3742 2913 mala

2091 2946 2410 3002 accident?
2430 2947 2486 3001 Si
2513 2952 2733 3016 tamen,
2759 2947 2917 3020 quod
2937 2964 3180 3020 prorsus
3210 2946 3603 3018 improbabile
3627 2951 3736 3014 est,

2089 3035 2310 3107 hostes,
2343 3036 2625 3092 universa
2645 3054 2852 3093 eorum
2881 3036 3265 3092 multitudine
3291 3037 3354 3091 in
3384 3037 3546 3091 hunc
3593 3051 3738 3090 con-

2093 3123 2321 3179 ﬂictum
2365 3141 2427 3180 se
2482 3125 2854 3194 demittente,
2909 3126 3196 3181 obsistere
3253 3124 3470 3192 valent,
3530 3123 3737 3195 ﬁtque,

330 3212 431 3280 τὴν
457 3216 554 3267 τοῦ
584 3217 719 3268 Θεοῦ
767 3184 1041 3290 βοήθειαν,
1075 3184 1182 3284 ὀξέι
1209 3184 1338 3269 ’καί
1383 3184 1737 3292 σφοδροτάτῳ
1766 3184 1856 3269 καὶ
1888 3214 1981 3268 ἀν-

2093 3212 2371 3268 omnibus
2392 3213 2633 3270 illorum
2659 3215 2845 3285 copiis
2866 3215 3289 3287 pugnantibus,
3314 3230 3446 3269 acre
3462 3213 3737 3284 praelium

336 3297 504 3375 δρείῳ
557 3302 842 3378 ὁρμήματι
876 3301 1010 3376 μενᾶ
1070 3309 1312 3379 κραυγῆς
1365 3303 1455 3358 καὶ
1511 3301 1834 3378 ἀλαλαγμοῦ
1864 3303 1980 3358 κατ’

335 3389 511 3446 άύτῶν
559 3391 973 3466 ὁρμησάτωσαν.
1059 3393 1600 3470 Ὑποστρεφέσθωσαν
1663 3391 1721 3448 δὲ
1785 3395 1873 3448 καὶ
1928 3395 1981 3449 οἱ

335 3477 687 3554 διωκόμενοι·
719 3482 809 3537 καὶ
841 3482 901 3537 ἐκ
952 3481 1048 3538 δύο
1120 3486 1296 3557 μερῶν
1353 3484 1438 3555 [Ρ.
1473 3485 1595 3557 151]
1645 3489 1743 3553 τῆς
1801 3483 1982 3555 ὁρμῆς

333 3567 509 3625 αὐτῶν
541 3569 679 3625 κατὰ
705 3574 817 3626 τῶν
849 3568 1134 3644 πολεμίων
1165 3571 1558 3646 γεγενημένης,
1590 3571 1666 3633 εἷς
1721 3570 1980 3627 ὡσέλειαν

332 3660 612 3716 καὶτοῦτο
669 3664 766 3715 τοῦ
821 3659 1096 3734 ἡμετέρου
1155 3663 1384 3736 στρατοῦ
1437 3661 1739 3735 γενήσεται.
1801 3660 1899 3714 Καὶ
1931 3660 1978 3714 εἶ

331 3747 646 3812 ἀκολούθως
704 3748 876 3804 πάντα
939 3749 1077 3805 κατὰ
1129 3748 1220 3804 τὸν
1271 3747 1511 3823 παρόντα
1564 3748 1835 3823 πραχθείη
1896 3747 1980 3803 δι-

332 3839 585 3911 ορισμὸν,
616 3833 835 3912 ἔχοντες
867 3839 972 3912 πρὸ
1003 3835 1213 3892 πάντων
1268 3837 1356 3892 καὶ
1416 3837 1517 3906 τήν
1546 3841 1643 3891 τοῦ
1673 3841 1807 3892 Θεοῦ
1842 3837 1981 3913 βοή-

331 3936 476 3990 θειαν
529 3927 1011 4005 συνεφαπτομένην
1044 3927 1254 3996 αὐτοῖς,
1309 3926 1398 3980 οἳα
1452 3924 1576 3981 τότε
1626 3929 1974 4001 καταστροφή

328 4013 416 4069 καὶ
440 4009 666 4087 ὄλεθρος
705 4019 810 4069 τῶν
845 4012 1132 4087 πολεμίων
1187 4015 1491 4090 γενήσεται,
1521 4015 1574 4069 οἱ
1631 4019 1820 4088 πεῖραν
1869 4019 1976 4070 τῶν

325 4103 588 4160 τοιούτων
660 4100 876 4182 ἔχοντες
933 4102 1080 4159 ’ἴσασι
1126 4149 1140 4162 .
1200 4103 1304 4160 Καὶ
1353 4108 1471 4165 πῶς
1516 4103 1620 4179 γὰρ
1687 4104 1812 4178 ἄρα,
1865 4108 1972 4158 τῶν

322 4188 509 4247 τίππων
567 4195 636 4266 τῇ
699 4196 880 4267 μακρᾷ
936 4192 1027 4246 καὶ
1069 4190 1310 4264 συντόνῳ
1363 4188 1544 4264 διώξει
1601 4193 1974 4263 ἡτονηκότων,

324 4284 414 4339 καὶ
469 4289 577 4339 τῶν
662 4282 872 4360 ἀνδρῶν
925 4288 1007 4356 τῷ
1053 4282 1204 4356 πόνῳ
1274 4290 1377 4353 τῆς
1458 4283 1644 4358 μάχης
1723 4281 1977 4340 ἐκλελοι-

325 4371 506 4428 πότων
543 4415 559 4442 ,
609 4372 672 4429 οὐ
719 4375 786 4429 τὰ
839 4377 1018 4428 κακῶν
1081 4371 1252 4447 ἔχατα
1308 4372 1524 4436 τούτοις
1589 4367 1970 4446 συμϐήσεται;

328 4461 373 4517 εἰ
413 4460 492 4532 δὲ,
539 4460 672 4538 ὅπερ
727 4461 898 4533 πάντη
958 4461 1280 4517 ἁνελπιστόν
1339 4461 1504 4534 ἐστιν,
1561 4460 1858 4538 ίσχύσωσιν
1918 4463 1971 4518 οἱ

2093 3303 2251 3374 quod
2281 3303 2708 3360 detrimentum
2730 3309 3038 3377 acceptum
3062 3305 3280 3360 sarcire
3303 3301 3734 3369 student,vide-

2087 3395 2301 3462 turque
2333 3398 2549 3464 preter
2586 3394 3090 3466 exspectationem
3138 3411 3234 3449 res
3265 3408 3475 3448 casura
3503 3407 3516 3446 :
3559 3391 3736 3446 debet

2088 3484 2229 3536 tunc
2261 3481 2379 3537 dux
2404 3483 2694 3538 exercitus
2729 3483 2894 3556 signo
2925 3483 3127 3555 aliquo
3159 3499 3228 3539 ac
3259 3482 3562 3548 mandato,
3595 3497 3732 3553 per—

2089 3587 2202 3640 que
2234 3571 2436 3626 tubam
2466 3572 2730 3643 receptui
2759 3577 3091 3639 canentem,
3125 3588 3264 3627 suos
3293 3572 3565 3627 cominus
3594 3570 3728 3625 ins-

2087 3661 2280 3712 tantes
2310 3675 2606 3725 revocare,
2631 3660 2714 3714 ita
2741 3665 2808 3714 ut
2837 3665 3000 3732 terga
3025 3659 3169 3715 dent
3191 3660 3406 3731 (neque
3437 3665 3637 3715 tamen
3667 3657 3730 3713 id

2089 3747 2310 3802 cursim
2341 3753 2399 3802 et
2416 3747 2553 3820 fuga
2581 3749 2787 3814 effusa,
2823 3749 2928 3804 sed
2959 3749 3275 3819 ordinate),
3302 3749 3621 3818 hostesque
3653 3745 3729 3802 ad

2086 3836 2568 3908 persequendum
2600 3836 2862 3893 allicere.
2892 3838 2981 3893 lta
3011 3837 3168 3893 acies
3199 3837 3460 3893 hostium
3487 3837 3728 3892 incum-

2085 3935 2294 3991 bentes
2325 3953 2504 4007 seque
2531 3941 2884 4008 promentes
2913 3937 2976 3991 in
3007 3937 3267 4009 majores
3311 3936 3557 3992 insidias
3582 3936 3733 3991 inci-

2086 4023 2248 4080 dent.
2281 4025 2613 4097 Fugientes,
2647 4025 2720 4081 ab
2750 4042 2868 4080 uno
2889 4025 3075 4081 latere
3097 4025 3354 4095 latibuli,
3387 4026 3561 4082 sicuti
3592 4025 3737 4080 dixi-

2085 4129 2239 4179 mus,
2271 4115 2658 4185 praatervecti,
2691 4115 2792 4170 ubi
2819 4115 2882 4170 in
2912 4115 3146 4171 hostem
3187 4116 3446 4188 majores
3499 4114 3733 4170 insidias

2084 4205 2630 4270 consurrexerunt,i
2638 4204 2727 4275 psi
2742 4221 2978 4276 quoque
2992 4205 3264 4277 protinus
3279 4222 3341 4260 se
3363 4209 3731 4272 convertant,

2084 4290 2421 4362 infestaque
2451 4291 2619 4364 signa
2643 4292 2997 4348 adversariis
3027 4294 3310 4364 utrinque
3342 4292 3677 4349 inferentur
3710 4308 3724 4346 :

2084 4379 2243 4450 quod
2272 4396 2487 4453 magno
2514 4380 2584 4436 ad
2583 4381 2858 4452 jumento
2881 4383 2995 4438 erit
3015 4383 3316 4438 exercitui.
3341 4385 3730 4453 Insequentes

2085 4467 2134 4522 si
2154 4484 2345 4540 usque
2367 4467 2441 4523 ad
2462 4468 2712 4524 insidias
2735 4470 2994 4540 provecti
3012 4469 3309 4527 temerein
3333 4469 3468 4525 illas
3491 4471 3728 4524 irruunt

323 4550 588 4624 πολέμιοι
619 4535 958 4622 ἀντιστῆναι,
1011 4550 1190 4622 πάσης
1232 4550 1406 4606 αὐτῶν
1449 4557 1550 4621 τῆς
1601 4535 1881 4626 δυνάμεως
1914 4552 1965 4608 ἐν

2093 4557 2288 4625 nostri,
2320 4557 2528 4612 audaci
2555 4562 2730 4629 atque
2763 4564 3003 4613 strenuo
3054 4559 3282 4630 impetu
3328 4575 3400 4613 ex
3428 4557 3632 4614 lateris
3660 4559 3723 4613 in

323 4649 403 4717 τῷ
447 4645 688 4718 τοιούτῳ
738 4642 972 4718 πολέμῳ
1027 4645 1481 4719 παραγενομένης
1511 4688 1526 4715 ,
1578 4644 1668 4700 καὶ
1733 4645 1969 4721 καρτερά

329 4731 483 4807 μάχη
515 4732 737 4808 γένηται
796 4732 1093 4806 πανστρατὶ
1142 4730 1315 4786 αὐτῶν
1373 4727 1727 4806 μαχομένων,
1786 4728 1877 4786 διὰ
1902 4731 1967 4786 τὸ

325 4821 422 4890 τὴν
449 4821 615 4892 ἧτταν
662 4820 838 4876 αὐτῶν
878 4819 1327 4890 ἀνακαλέσασθαι,
1382 4821 1469 4875 καὶ
1527 4822 1662 4875 κατὰ
1718 4818 1964 4894 δεύτερον

325 4907 493 4985 λόγον
517 4915 680 4966 τοῦτο
733 4904 939 4983 συμ6ῇ’
998 4906 1080 4964 δεῖ
1131 4909 1223 4964 τὸν
1279 4912 1378 4964 τοῦ
1434 4913 1663 4983 στρατοῦ
1719 4910 1963 4985 ἀρχηγὸν

321 4998 428 5056 ἀπὸ
469 5000 812 5073 συνθήματός
850 5019 998 5061 τινος
1029 5000 1119 5053 γαὶ
1180 4995 1468 5074 διορισμοῦ
1523 4998 1614 5053 καὶ
1662 4998 1968 5075 σάλπιγγος

324 5087 698 5161 ἆνάκλητικῆς
753 5086 1081 5164 διαχωρίσαι
1134 5085 1265 5149 τοὺς
1316 5086 1548 5150 οἰκείους
1599 5093 1701 5157 τῆς
1755 5086 1815 5143 έκ
1844 5107 1963 5162 χει-

319 5181 425 5253 ρῶν
492 5181 704 5253 μάχης,
764 5181 908 5232 νῶτα
965 5173 1229 5232 διδόντων
1290 5175 1463 5232 αὐτῶν
1514 5175 1682 5249 (πλὴν
1745 5178 1822 5250 μὴ
1873 5176 1967 5232 σὺν

318 5263 506 5339 έλασίᾳ
531 5266 622 5322 καὶ
669 5269 812 5344 φυγῇ
847 5264 1098 5339 ἀκόσμῳ,
1151 5263 1279 5320 ἀλλ’
1337 5263 1650 5338 εὐτάκτως),
1710 5263 1961 5340 έρεθίζέιν

315 5373 374 5410 τε
399 5353 529 5418 τοὺς
560 5352 864 5429 πολεμίους
888 5354 1024 5430 πρὸς
1081 5350 1289 5424 δίωξιν.
1341 5353 1734 5428 Ἐπικειμένων
1768 5350 1826 5409 δὶ
1851 5358 1960 5411 τῶν

2077 4645 2214 4702 illos
2240 4646 2635 4717 provolantes,
2667 4647 2882 4702 Christi
2914 4647 3102 4719 gratia
3129 4647 3442 4720 magnifice
3471 4647 3607 4702 illos
3627 4663 3719 4702 su-

2075 4735 2383 4805 perabant,
2398 4751 2791 4807 magnamque
2811 4735 3061 4808 gloriam
3074 4741 3532 4808 consequentur.
3550 4737 3718 4802 Quod

2077 4822 2125 4877 si
2157 4826 2398 4894 propter
2454 4822 2727 4893 quaedam
2775 4829 2970 4880 errata
3010 4825 3248 4896 penitus
3280 4824 3528 4881 fundere
3559 4827 3718 4882 acies

2074 4910 2338 4965 hostium
2359 4927 2480 4966 non
2512 4917 2854 4982 potuerunt,
2887 4913 3046 4982 quod
3066 4913 3448 4970 multitudine
3476 4915 3715 4971 inﬁnita

2074 5001 2378 5072 copiisque
2409 4999 2684 5056 omnibus
2715 5003 3084 5074 congregatis
3115 5004 3331 5059 acriter
3360 5005 3719 5076 prmliaban-

2075 5095 2189 5155 tur,
2222 5096 2446 5160 tamen,
2477 5091 2636 5163 quod
2685 5091 3017 5164 peditatum
3073 5093 3256 5150 habes
3315 5095 3492 5151 simul
3551 5097 3720 5168 signa

2073 5179 2452 5247 inferentem,
2483 5181 2700 5237 melius
2731 5187 2793 5237 tu
2825 5195 3001 5253 quam
3026 5183 3114 5238 illi
3144 5201 3272 5239 rem
3301 5201 3490 5258 geres.
3516 5187 3716 5258 Neque

2074 5269 2123 5324 si
2153 5286 2395 5340 prorsus
2413 5270 2701 5341 debellas,
2725 5275 2784 5326 at
2806 5271 3064 5344 denique
3089 5273 3232 5330 235
3270 5275 3490 5330 multos
3513 5291 3720 5330 eorum

2072 5357 2268 5430 gladio
2299 5359 2599 5432 conﬁcies,
2632 5360 2834 5433 plures
2860 5361 2922 5417 in
2953 5364 3295 5419 servitutem
3315 5363 3568 5436 rediges,
3597 5363 3721 5418 for-

1527 5507 1590 5566 C.
1621 5508 1686 5564 B.
1734 5507 1926 5565 HASII
1955 5508 2514 5568 ANNOTATIONES.

387 5621 437 5664 ⁸⁸
465 5616 798 5698 δισχιλίους.
833 5621 976 5682 God.
1006 5622 1050 5677 Β
1077 5616 1416 5696 τριχιλίους.
