4152 6312
484 411 601 474 983

1799 405 2222 470 NICEPHORI
2264 405 2548 468 PHOCIE

3815 400 3936 462 98‘

481 548 888 620 midinemque
915 564 982 604 ac
997 552 1282 603 terrorem
1306 546 1424 602 illis
1442 563 1742 619 magnum,
1769 545 1999 616 injicies
2023 562 2035 600 2
2059 549 2123 599 ut

2236 541 2580 615 παρατάξεων
2637 543 2744 594 τῶν
2798 539 3086 614 πολεμίων
3143 540 3234 595 καὶ
3290 535 3655 607 διωκουσῶν,
3691 539 3770 602 τῆ
3810 536 3931 611 μείς

484 655 608 694 non
641 639 899 709 amplius
929 637 1336 708 imprudenter
1369 637 1668 690 incurrere
1697 653 1865 706 agros
1898 651 1964 688 ac
1999 651 2119 688 vas-

486 733 609 783 tare
647 729 923 793 audeant,
963 725 1442 796 contendantque
1476 725 1671 796 potius
1704 724 1946 778 domum
1965 723 2120 777 redi-

482 833 566 872 re.
603 818 756 883 Haec,
790 815 941 870 sicut
960 814 1334 885 amajoribus
1357 815 1718 884 accepimus,
1741 812 2123 882 etlonginqui

483 907 766 979 temporis
797 922 909 960 usu
941 905 1131 961 edocti
1163 922 1386 969 sumus,
1420 905 1503 961 ita
1531 904 2012 976 conscripsimus.
2048 905 2122 958 Te

481 1002 678 1051 autem
703 995 980 1050 convenit
1008 995 1081 1050 ad
1112 995 1582 1066 uniuscujusque
1637 995 1722 1049 rei
1755 993 2123 1066 probabilem

481 1090 753 1140 eventum
792 1084 1250 1140 accommodari.
1309 1087 1434 1139 Non
1467 1084 1626 1139 enim
1691 1089 1755 1136 ut
1811 1083 2122 1137 hominum

477 1174 834 1244 voluntates,
861 1174 965 1230 sed
1025 1180 1090 1229 ut
1148 1191 1383 1230 summa
1434 1173 1805 1245 providentia
1861 1172 2122 1243 quidque

477 1263 790 1336 ponderat,
824 1263 907 1320 ita
936 1279 1238 1319 armorum
1271 1264 1460 1320 exitus
1493 1267 1958 1333 consequuntur.

2236 634 2348 698 ζονι
2409 626 2595 702 ἐνέδρᾳ
2661 632 3098 702 περιπεσοῦνται.
3159 627 3263 685 Καὶ
3323 625 3682 700 διωκόμενοι
3751 625 3807 680 έν
3854 625 3934 679 ένὶ

2235 718 2385 790 μέρει
2416 719 2515 786 τῆς
2547 715 2785 793 ἐνέδρας,
2848 717 2921 779 ὡς
2977 715 3209 794 ἔφημεν,
3272 714 3676 792 διερχόμενοι,
3717 713 3934 769 ὁπόταν

2233 813 2347 861 κατ’
2378 805 2552 861 αὐτῶν
2587 809 2638 862 οἱ
2671 807 2724 862 ἐν
2767 811 2836 882 τῇ
2897 807 3109 884 μεγάλῃ
3167 802 3356 882 ἐνέδρᾳ
3412 801 3574 868 ὄντες
3643 806 3934 880 ὁρμήσω-

2234 926 2338 975 σιν,
2373 904 2884 980 ὑποστρεφέσθωσαν
2949 905 3252 980 παραυτίκα
3307 905 3395 960 καὶ¹
3456 905 3508 959 οἱ
3562 901 3928 977 διωκόμενοι

2233 994 2321 1048 καὶ
2354 993 2738 1070 εὑρεθήσονται
2771 994 2831 1051 ἐκ
2861 993 2956 1050 δύο
3011 998 3189 1071 μερῶν
3247 999 3365 1056 τοῖς
3425 992 3761 1067 πολεμίοις
3823 1014 3931 1065 μα·

2233 1083 2487 1158 χόμενοι·
2526 1083 2616 1137 γαὶ
2654 1081 2872 1151 πολλὴν
2940 1087 3101 1138 τοῦτο
3157 1087 3238 1155 τῷ
3295 1087 3506 1157 στρατῷ
3574 1083 3928 1155 προξενήσει

2231 1174 2329 1241 την
2361 1170 2651 1248 ὠφέλειαν.
2685 1171 2748 1226 Εἰ
2789 1171 2881 1226 οὗν
2929 1173 2982 1227 οἱ
3013 1169 3308 1233 διώκοντες
3337 1172 3468 1247 ἄχρι
3521 1178 3642 1240 τῆς
3692 1167 3926 1246 ἐνέδρας

2230 1255 2608 1331 καταλάϐωσι,
2637 1260 2729 1316 καὶ
2793 1259 3123 1336 ἀπροόπτως
3178 1259 3346 1334 ταύτῃ
3401 1261 3796 1336 περιπέσωσι,
3833 1260 3926 1314 καί

474 1357 750 1436 τολμηρῷ
805 1360 896 1416 καὶ
981 1357 1211 1432 ἀνδρείῳ
1292 1361 1578 1434 ὁρμήματι
1657 1357 1764 1412 ἀπὸ
1845 1361 1943 1413 τοῦ
2027 1356 2413 1433 έγκρύμματος
2495 1359 2612 1414 κατ’
2693 1360 2871 1414 αὐτῶν
2941 1357 3318 1438 έιρορμήσωσι,
3370 1357 3440 1434 τῇ
3489 1363 3600 1415 τοῦ
3667 1360 3923 1436 Χριστοῦ

476 1449 664 1526 χάριτι
705 1452 842 1506 κατά
869 1450 1066 1523 κράτος
1123 1449 1348 1512 τούτους
1404 1450 1724 1519 ἡττήσουσῐ,
1775 1447 1866 1503 καὶ
1928 1447 2064 1521 μέγα
2119 1446 2280 1514 κλέος
2335 1447 2547 1511 έαυτοῖς
2603 1451 3074 1524 περιποιήσονται.
3146 1448 3210 1504 Εἴ
3271 1446 3329 1504 δέ
3383 1446 3471 1503 διὰ
3529 1468 3674 1504 τινα
3739 1444 3927 1524 σφᾶλ-

487 1561 630 1612 ματα
688 1541 765 1614 μή
823 1539 1024 1596 τελέως
1084 1537 1360 1611 δυνηθῶσι
1417 1543 1524 1593 τῶν
1582 1538 1928 1614 παρατάξεων
1987 1541 2096 1592 τῶν
2160 1536 2377 1615 ἐχθρῶν
2435 1540 2858 1613 περιγενέσθαι,
2915 1539 2991 1601 ὡς
3045 1535 3272 1611 δύναμιν
3345 1539 3569 1613 βαρεῖαν
3635 1538 3924 1614 ἐχόντων,

474 1629 564 1684 καὶ
595 1634 843 1704 ’ἰσχυρῶς
875 1629 1170 1705 πανστρατὶ
1199 1629 1375 1684 αὐτῶν
1411 1629 1766 1704 μαχομένων,
1799 1622 1941 1703 ἔχων
2000 1626 2090 1682 καὶ
2144 1628 2207 1683 τὸ
2264 1632 2439 1697 πεζῶν
2500 1629 2806 1704 στράτευμα
2859 1626 3300 1704 συμμαχούντων
3366 1650 3477 1696 σοι,
3539 1627 3613 1683 σὺ
3688 1626 3918 1702 μᾶλλον

479 1720 655 1774 αὐτῶν
717 1720 1101 1796 ὑπερισχύσεις
1137 1762 1149 1776 .
1212 1719 1311 1774 Καὶ
1368 1719 1413 1773 εἰ
1475 1719 1551 1791 μὴ
1608 1717 1744 1772 κατᾶ
1799 1718 1998 1791 κράτος
2082 1719 2389 1788 ἡττηθῶσιν
2422 1762 2438 1786 ,
2524 1715 2652 1773 ἀλλ’
2707 1717 2798 1772 οὗν
2848 1715 3097 1780 πολλοὺς
3150 1716 3322 1772 αὐτῶν
3385 1717 3684 1793 μαχαίρας
3749 1714 3917 1794 ἔργον

475 1811 736 1883 ποιήσῃς,
771 1807 1022 1870 πλείονας
1081 1806 1138 1863 δὶ
1191 1808 1398 1864 τούτων
1448 1807 1538 1863 καὶ
1604 1804 1958 1879 ἀνδραπόδων
2020 1804 2172 1882 λόγῳ
2227 1808 2526 1882 κατάσχῃς,
2581 1807 2674 1861 καὶ
2726 1801 2881 1883 φόϐῳ
2935 1804 3159 1882 μεγάλῳ
3211 1806 3301 1861 καὶ
3358 1807 3720 1878 καταπλήξει
3781 1807 3922 1862 ὁπο-

476 1902 786 1978 ϐληθῶσιν⁸
845 1908 920 1970 ὡς
983 1909 1177 1981 μηκέτι
1234 1906 1448 1980 τολμᾷν
1501 1904 1670 1968 ἀδεως
1734 1906 1828 1967 τὰς
1875 1907 2067 1982 χώρας
2114 1901 2467 1982 κατατρέχειν
2515 1903 2605 1960 καὶ
2665 1903 2988 1979 ληίζεσθαι,
3047 1902 3262 1979 μᾶλλον
3323 1902 3381 1960 δέ
3438 1904 3758 1961 σπεύσουσι
3818 1905 3920 1974 τήν

476 1995 616 2052 ἰδίαν
647 1992 999 2055 καταλαϐεῖν.
1059 1998 1157 2053 Καὶ
1204 2002 1371 2053 ταῦτα
1405 1997 1523 2071 μὲν,
1580 1997 1756 2058 καθὼς
1817 1996 1870 2050 οἱ
1926 1997 2033 2072 πρὸ
2081 1998 2244 2069 ἡμῶν
2302 1998 2440 2068 ἡμῖν
2496 1992 2822 2068 παρέδοσαν,
2851 1994 2941 2050 καὶ
2999 1997 3034 2066 ἡ
3093 1995 3200 2051 ἀπὸ
3255 1999 3353 2051 τοῦ
3413 1999 3638 2072 μακροῦ
3700 1995 3920 2072 χρόνου

475 2085 756 2163 Ξμπειρία,
818 2089 1309 2164 συνεγραψάμεθα.
1377 2087 1476 2141 Σοὶ
1562 2084 1618 2140 δὲ
1695 2087 1829 2161 πρὸς
1915 2086 2014 2153 τὴν
2069 2086 2213 2149 εἰκὸς
2264 2085 2642 2160 ἐπερχομένην
2701 2082 3010 2159 πέρίστασιν
3069 2088 3334 2162 προσήκει
3388 2083 3774 2161 διαγενέσθαι.
3837 2083 3915 2142 Ού

474 2175 577 2252 γὰρ
611 2177 687 2240 ὡς
719 2178 774 2232 αἱ
802 2182 909 2233 τῶν
953 2177 1253 2248 ἀνθρώπων
1319 2175 1536 2252 βουλαὶ,
1595 2173 1721 2230 ἀλλ’
1780 2176 1853 2238 ὡς
1907 2177 1943 2245 ἡ
2003 2172 2204 2240 ἄνωθεν
2261 2175 2500 2249 Πρόνοια
2549 2174 2614 2230 τὰ
2669 2175 2789 2240 καθ’
2844 2173 3070 2232 ἔκαστου
3125 2174 3480 2252 ταλαντεύσῃ,
3534 2176 3636 2232 καὶ
3702 2176 3771 2232 τὸ
3819 2179 3918 2231 τοῦ

475 2265 727 2339 πολέμου
755 2266 940 2322 ἓπεται
967 2268 1156 2342 πέρας.

477 2376 610 2434 CAP.
643 2377 840 2430 XVIII.
874 2379 951 2431 De
1001 2391 1089 2460 eo,
1119 2377 1339 2460 quando
1369 2382 1588 2460 oportet
1617 2377 1806 2432 ducem
1854 2375 2124 2447 bipartito

2235 2373 2333 2460 [Ρἱ
2361 2375 2476 2460 ίέξῆ]
2511 2377 2672 2460 ΚΕίῘζ.
2704 2373 2812 2460 18:.
2853 2373 2982 2460 Περὶ
3029 2376 3150 2460 τρξὸ,
3183 2370 3429 2460 πὸτερεῖ
3454 2375 3548 2460 τὸν
3585 2373 3914 2460 στρατηγὸν

1067 2447 1244 2503 hostes
1285 2450 1522 2519 insequi.

551 2564 606 2620 Si
633 2565 834 2620 hostes
865 2563 1087 2620 diutius
1118 2569 1583 2630 commorantur,
1620 2565 1854 2621 tametsi
1888 2565 1946 2621 id
1989 2563 2124 2637 qui-

481 2651 616 2708 dem
641 2669 851 2724 parum
883 2652 1244 2708 credendum
1277 2659 1365 2709 est
1395 2653 1468 2708 de
1516 2659 1635 2708 tam
1681 2654 1836 2709 male
1883 2654 2123 2722 habitis,

477 2744 770 2816 factisque
793 2746 1002 2800 castris
1033 2762 1203 2817 agros
1236 2751 1472 2800 nostros
1493 2745 1787 2801 incendiis
1817 2763 1884 2801 ac
1933 2752 2123 2801 vasta-

483 2834 745 2889 tionibus
775 2833 1155 2906 populantur,
1189 2851 1382 2905 neque
1415 2835 1636 2890 milites
1695 2852 1832 2890 suos
1890 2835 2124 2908 longius

481 2921 788 2995 praedandi
821 2939 998 2978 causa
1028 2923 1326 2978 dimittere
1364 2924 1606 2993 audent,
1638 2924 1815 2980 debet
1871 2925 1988 2979 dux
2021 2926 2124 2979 ﬁr-

481 3029 642 3068 mam
674 3029 917 3068 manum
949 3017 1084 3084 post
1113 3017 1274 3085 terga
1324 3013 1582 3068 hostium
1623 3013 1683 3068 in
1713 3013 1962 3069 alteram
1990 3031 2128 3086 par-

483 3103 740 3171 tem,ubi
768 3103 893 3174 ipse
924 3119 1045 3157 non
1063 3107 1172 3171 est,
1206 3104 1766 3173 circummittere,et
1786 3106 2126 3176 quicunque

484 3193 601 3248 tria
629 3192 718 3246 vel
736 3197 990 3262 quatuor
1011 3192 1202 3246 millia
1215 3209 1496 3264 passuum
1513 3210 1544 3248 a
1558 3193 1768 3248 castris
1782 3194 2126 3267 digrediun-

486 3287 602 3349 tur,
637 3297 670 3334 a
699 3280 930 3335 duobus
981 3280 1268 3336 lateribus
1327 3298 1425 3336 eos
1485 3283 1720 3354 aggredi
1778 3300 1845 3338 ac
1893 3300 2124 3350 vexare,

483 3367 1168 3438 frumentationibusque
1228 3369 1565 3440 prohibere,
1623 3377 1689 3426 ut
1746 3373 1830 3426 sic
1886 3372 2126 3427 cibariis

484 3457 750 3512 destituti
784 3457 1027 3512 domum
1057 3458 1252 3512 redire
1283 3465 1584 3531 cogantur.
1610 3459 1772 3524 Quod
1803 3460 1850 3515 si
1881 3461 2065 3527 vides,
2091 3480 2125 3518 ο

485 3546 623 3615 dux,
670 3547 870 3601 hostes
902 3547 1089 3619 magis
1112 3547 1289 3602 etiam
1349 3547 1460 3602 sibi
1516 3564 1742 3616 cavere,
1776 3565 1971 3621 neque
2002 3549 2128 3607 fru-

485 3641 818 3692 mentatum
849 3635 1048 3690 missis
1069 3636 1306 3708 longius
1335 3637 1748 3710 progrediendi
1772 3644 2126 3710 potestatem

2310 2441 2372 2498 ἒκ
2401 2440 2497 2499 δύο
2522 2447 2701 2520 μερῶν
2729 2448 2838 2500 τῶν
2869 2440 3154 2519 πολεμίων
3175 2442 3536 2521 παραδρομὴν
3568 2440 3840 2517 ποὶἦσαίξ

2308 2560 2374 2618 Ei
2404 2558 2462 2616 δὲ
2488 2559 2564 2616 ἔτι
2614 2559 2982 2636 έπιμεινουσιν
3040 2565 3092 2618 οἱ
3148 2563 3440 2637 πολέμιοι,
3501 2565 3644 2640 ὅπερ
3679 2563 3911 2621 ἀνέλπι-

2236 2651 2358 2706 στόν
2391 2649 2501 2706 ἐστι
2555 2651 2689 2725 μετὰ
2725 2653 2786 2707 τὸ
2819 2651 2994 2716 οὕτως
3021 2660 3515 2731 τραυματισφῆναι,
3549 2655 3658 2720 τὰς
3713 2658 3905 2731 χώρας

2234 2742 2396 2813 ἡμῶν
2451 2746 2809 2819 φωσσατικῶς
2862 2743 3270 2819 πυρπολοῦντες
3303 2790 3318 2813 ,
3375 2743 3776 2807 κατακαίοντές
3847 2763 3906 2799 τε

2232 2828 2324 2883 καὶ
2383 2826 2828 2905 διαφθείροντες,
2883 2827 3146 2904 μηδαμοῦ
3203 2831 3280 2894 είς
3337 2835 3570 2906 κοῦρσον
3647 2832 3898 2906 μήκοθεν

2231 2918 2324 2974 τὸν
2381 2917 2514 2973 λαὸν
2575 2918 2749 2974 αὐτῶν
2807 2917 3126 2992 τολμῶντες
3203 2920 3581 2990 ἀποστέλλειν,
3649 2923 3774 2998 χρή
3805 2921 3895 2976 τὸν

2237 3008 2538 3082 στρατηγὸν
2595 3009 2879 3086 ἀξιόλογον
2949 3007 3178 3084 δύναμιν
3233 3009 3310 3072 είς
3358 3011 3420 3066 τὸ
3476 3009 3668 3086 ἓτερον
3731 3011 3900 3086 μέρος

2233 3101 2340 3150 τῶν
2394 3095 2677 3170 πολεμίων
2733 3097 3076 3169 ἀποστεῖλαι,
3131 3097 3184 3155 έν
3246 3099 3292 3172 ᾧ
3350 3099 3510 3160 αὐτὸς
3569 3101 3654 3174 μὴ
3715 3119 3895 3174 παρα-

2233 3189 2440 3262 τρέχειο
2472 3189 2563 3243 καὶ
2591 3193 2708 3251 τοῖς
2735 3188 2843 3244 ἀπὸ
2896 3194 3064 3266 τριῶν
3121 3189 3157 3259 ἢ
3212 3191 3486 3267 τεσσάρων
3548 3190 3770 3264 μιλίων
3799 3192 3896 3244 τοῦ

2243 3279 2534 3356 φωσσάτου
2616 3279 3069 3354 περεκτρέχουσιν
3156 3277 3294 3334 ἔνθεν
3373 3279 3621 3344 κάκεῖθεν
3715 3276 3891 3334 ἐπιτί-

2239 3386 2417 3440 θεσθαι
2475 3377 2563 3432 καὶ
2629 3378 3034 3453 τραυματίζειν,
3095 3378 3232 3454 πρὸς
3295 3380 3358 3435 τὸ
3417 3376 3756 3435 διακωλύειν
3795 3377 3896 3433 αὖ·

2235 3463 2360 3526 τοὺς
2387 3466 2593 3542 τροφάς
2649 3462 3072 3540 ἀναλαμϐάνεινσ
3130 3467 3220 3522 ἳνα
3279 3467 3354 3532 ὡς
3398 3467 3457 3523 έκ
3492 3469 3696 3524 τούτου
3755 3465 3889 3522 σπά-

2234 3575 2315 3609 νιν
2372 3550 2589 3630 ἔχοντές
2637 3561 2854 3632 τροφῶν
2914 3557 3317 3632 ἀναγκασθῶσιν
3379 3555 3770 3632 ὑποστρέψαι.
3823 3555 3885 3612 El

2239 3642 2294 3699 δὲ
2326 3645 2477 3720 ὁρᾷς,
2534 3647 2579 3700 ῶ
2639 3648 2926 3722 στρατηγέ,
2982 3647 3110 3706 τοὺς
3165 3647 3469 3722 πολεμίους
3522 3645 3601 3704 ἔτι
3661 3645 3886 3708 ἑαυτοὺς

483 3727 700 3791 facere,
732 3725 805 3780 ad
836 3725 1346 3781 detrimentumiis
1372 3727 1751 3783 inferendum
1779 3729 1943 3785 illius
1965 3731 2124 3786 modi

2237 3719 2776 3809 παραφυλάττοντας,
2806 3719 2895 3792 καὶ
2958 3739 3034 3810 μὴ
3064 3737 3254 3814 πόρῤω
3311 3719 3608 3808 έξελαύνειν
3641 3736 3774 3799 τοὺς
3806 3734 3883 3796 είς

486 3817 735 3873 insidias
765 3833 1108 3889 comparare
1165 3815 1362 3872 debes.
1416 3819 1739 3875 Considera
1790 3821 1994 3894 globos
2019 3823 2129 3876 ho-

487 3907 688 3974 stium,
734 3907 888 3962 236
943 3906 1046 3976 qui
1102 3905 1175 3960 ad
1236 3906 1731 3964 frumentatorum
1782 3911 2129 3982 praesidium

485 3996 706 4068 egressi
737 3996 972 4068 longius
1004 4011 1036 4050 a
1058 3995 1266 4050 castris
1324 3998 1737 4054 constiterunt.
1787 4001 2046 4065 Quorum
2078 4003 2128 4057 si

485 4087 618 4156 quis
653 4085 877 4139 tardius
909 4083 982 4140 ad
1032 4085 1289 4139 tentoria
1344 4103 1406 4140 se
1462 4087 1694 4159 recipit,
1753 4092 2128 4160 praestolatus

481 4175 753 4243 fortasse,
788 4174 976 4228 donec
998 4174 1458 4244 commilitones,
1481 4177 1655 4247 juxta
1675 4179 1831 4233 vicos
1852 4197 2129 4250 perscru-

485 4265 610 4332 tati,
630 4265 688 4317 in
723 4268 915 4318 castra
943 4263 1320 4331 recesserint,
1352 4265 1512 4319 hunc
1542 4267 1969 4325 circumvenire
1995 4287 2128 4342 pro-

481 4369 645 4424 pera.
679 4355 762 4407 Ac
795 4353 842 4408 si
877 4351 1316 4407 excubitoribus
1346 4354 1554 4424 peritis
1602 4356 1885 4412 adhibitis
1916 4376 2126 4414 nume-

481 4460 615 4499 rum
655 4443 916 4500 hostium
961 4442 1022 4497 in
1075 4442 1187 4498 hoc
1243 4443 1415 4515 globo
1468 4446 1916 4516 persistentium
1973 4449 2126 4505 inire

479 4538 784 4606 potes,per
805 4535 1090 4605 majorem
1105 4549 1420 4589 numerum
1441 4534 1699 4591 virorum
1718 4537 2036 4593 valentium
2057 4555 2128 4594 ex

481 4621 782 4694 equitibus
813 4622 1136 4677 electorum
1167 4622 1415 4678 insidias
1444 4624 1793 4680 adversariis
1824 4626 2126 4683 faciendas

483 4712 740 4780 curabis,
775 4710 1043 4785 delegato
1075 4711 1147 4766 ad
1166 4712 1276 4767 hoc
1308 4713 1584 4784 praefecto
1615 4721 1858 4770 strenuo
1881 4733 1948 4771 ac
1974 4718 2126 4788 peri-

480 4801 733 4858 tissimo.
766 4802 821 4856 Is
850 4818 1071 4874 paucos
1121 4801 1410 4872 quosdam
1469 4819 1539 4858 ex
1596 4805 1718 4859 suis
1775 4806 2128 4863 vestimenta

479 4891 702 4945 rustica
730 4891 978 4946 induere
1002 4891 1212 4963 jubeat
1236 4909 1248 4946 :
1293 4892 1387 4948 his
1417 4893 1742 4950 admisceat
1771 4895 1999 4968 aliquot
2026 4915 2124 4953 re-

478 4993 615 5032 vera
643 4994 904 5050 paganos
933 4986 1110 5050 atque
1142 4981 1449 5052 agricolas.
1483 4983 1700 5037 Omnes
1734 4989 1930 5038 autem
1964 4985 2122 5040 iner-

2235 3823 2513 3900 συλλογήν
2549 3829 2750 3900 χρειῶν
2811 3825 3324 3900 ἀποστελλομένους
3382 3831 3875 3904 παραχωροῦντας,

2231 3910 2323 3967 καί
2364 3912 2565 3983 ταύτην
2593 3913 2694 3983 τήν
2724 3911 2939 3990 ἐνέδραν
2970 3915 3048 3976 είς
3082 3911 3294 3990 βλάϐην
3352 3917 3530 3971 αὐτῶν
3581 3915 3876 3986 ἐπινοήσα-

2234 4002 2354 4056 σθαι
2388 3998 2564 4056 δεῖτᾶ
2621 4000 2830 4080 φοῦλκα
2889 4000 3251 4074 διασκοπῆσαι
3305 4008 3412 4061 τῶν
3471 4003 3780 4079 πολεμίων,
3811 4001 3875 4056 τὰ

2233 4089 2311 4152 εἷς
2342 4091 2589 4168 φυλακὴν
2623 4089 2800 4146 αὐτῶν
2850 4092 3181 4168 έξερχόμενα
3232 4093 3322 4148 καὶ
3380 4093 3572 4170 ποῤῥιυ
3601 4099 3696 4150 τοῦ
3729 4113 3877 4172 φωσ-

2234 4177 2394 4232 σάτου
2426 4178 2704 4250 ἱστάμενα.
2739 4179 2838 4232 Καὶ
2889 4181 3007 4234 οἷον
3041 4180 3089 4253 ἐξ
3123 4179 3298 4235 αὐτῶν
3359 4178 3684 4257 βραδύτερον
3744 4179 3874 4235 ὑπο-

2233 4267 2446 4344 στρέφει
2480 4265 2556 4328 εῗς
2585 4266 2683 4328 τὰς
2742 4269 2947 4339 σκηνάς
3004 4269 3207 4338 αὐτῶν,
3269 4268 3400 4334 ἴσως
3451 4273 3741 4346 καρτεροῦν
3773 4264 3875 4326 ἕως

2233 4365 2284 4418 οἱ
2335 4365 2402 4418 τά
2457 4363 2692 4435 πλησίον
2755 4365 2929 4420 αὐτῶν
2987 4367 3176 4444 χωρία
3232 4367 3616 4444 ἀνερευνῶντες
3665 4369 3867 4439 ἑταῖροι

2233 4453 2368 4527 πρὸς
2403 4454 2497 4515 τάς
2553 4454 2756 4524 σκηνὰς
2814 4454 2989 4510 αὐτῶν
3051 4457 3473 4533 ὑποστρέψωσι,
3536 4457 3654 4512 κατ’
3706 4453 3871 4510 αὐτοῦ

2232 4539 2536 4618 ἐνεδρεῦσαι
2564 4543 2874 4620 έπείχθητι.
2922 4544 3018 4600 Καὶ
3077 4543 3148 4600 δι’
3203 4545 3474 4622 ἐμπείρων
3535 4545 3871 4624 βιγλατόρων

2233 4630 2281 4686 εἴ
2310 4628 2530 4686 δυνατὸν
2591 4635 2957 4708 στοχάσασθαι
3015 4635 3115 4704 τήν
3176 4636 3457 4707 ποσότητα
3515 4640 3624 4691 τῶν
3682 4635 3757 4694 είς
3809 4633 3868 4688 τὸ

2233 4720 2474 4795 φοῦλκον
2505 4721 2809 4796 ἱσταμένων
2848 4721 3156 4796 πολεμίων,
3213 4723 3304 4780 καὶ
3351 4746 3561 4780 τουτων
3620 4725 3871 4784 πλείονας

2235 4808 2518 4883 μαχίμους
2550 4809 2746 4887 ἄνδρας
2801 4817 2908 4866 τῶν
2967 4812 3175 4868 ἱππέων
3238 4811 3648 4887 ἀπολεξάμενος
3702 4814 3864 4888 λόχον

2230 4893 2472 4969 γενέσθαι
2517 4900 2636 4961 τοῖς
2692 4895 2923 4971 ἐχθροῖς
2981 4899 3409 4972 παρασκευάσεις
3442 4941 3456 4969 ,
3515 4899 3762 4977 ἀρχηγὸν
3817 4895 3864 4953 ἓν

2231 4982 2416 5049 αὐτοῖς
2469 4983 2697 5062 ἐφιστῶν
2753 4984 2999 5063 ἀνδρεῖον
3057 4989 3148 5043 καὶ
3215 4987 3632 5066 ἐμπειρότατον.
3694 4987 3868 5065 Διορί-

478 5083 605 5122 mes
638 5083 765 5122 esse
799 5069 1036 5136 debent,
1069 5071 1362 5141 capitibus
1393 5071 1590 5139 nudis,
1624 5074 1899 5128 nonnulli
1942 5075 2122 5130 etiam

2235 5075 2420 5138 σασθαί
2448 5095 2507 5130 τε
2537 5075 2696 5131 αὐτὸν
2749 5076 2968 5152 ὀλίγους
2995 5079 3143 5142 τινὰς
3165 5082 3266 5134 τοῦ
3298 5079 3388 5134 ὑπ’
3419 5079 3577 5136 αὐτὸν
3610 5079 3746 5137 λαοῦ
3785 5098 3872 5154 χι·

480 5154 848 5210 discalceati:
874 5159 1071 5212 cuncti
1098 5159 1267 5228 equis
1296 5159 1644 5227 insidentes,
1661 5162 1902 5218 baculos
1920 5180 2124 5236 geren-

479 5249 569 5298 tes
593 5243 914 5299 admodum
937 5246 1169 5313 breves,
1192 5247 1265 5302 ad
1286 5248 1580 5304 fallendos
1597 5251 1798 5307 hostes
1827 5253 2123 5324 ﬁdemque

477 5334 597 5388 illis
618 5333 972 5402 faciendam,
1006 5353 1128 5390 non
1159 5353 1221 5391 se
1243 5353 1370 5392 esse
1401 5338 1472 5392 de
1496 5341 1778 5409 exercitu,
1811 5342 1915 5398 sed
1944 5360 2125 5416 paga-

478 5441 588 5481 nos
619 5422 930 5496 quosdam,
963 5425 1066 5496 qui
1105 5441 1376 5482 casarum
1409 5428 1686 5484 custodes
1712 5432 2112 5503 appellentur.

2231 5167 2405 5227 τῶνας
2429 5163 2785 5242 άὰφιάσασθαι
2815 5165 2864 5202 ⁸⁷
2913 5171 3190 5244 γεωργῶν·
3253 5169 3516 5242 συμμίξαι
3574 5189 3633 5224 τε
3698 5169 3869 5225 αὐτοῖς

2232 5257 2298 5328 τῇ
2332 5252 2565 5328 ἀληθείᾳ
2619 5256 2708 5311 καί
2737 5277 2884 5319 τινας
2916 5261 3026 5312 τῶν
3083 5256 3326 5333 ἀγροτῶν
3387 5262 3478 5314 καί
3523 5262 3860 5337 γεωργικῶν.

2232 5342 2506 5407 Ἀόπλους
2559 5342 2616 5400 δὶ
2645 5346 2847 5410 πάντας
2914 5349 3075 5418 εἶναι,
3136 5346 3227 5402 καί
3281 5347 3377 5411 τὰς
3433 5349 3674 5426 κεφαλὰς
3725 5343 3867 5405 ἀσκί-

2229 5453 2368 5496 πους
2401 5453 2416 5468 ο
2470 5439 2621 5496 τινας
2672 5431 2731 5490 δὲ
2815 5433 2906 5491 καὶ
2993 5434 3387 5500 ἀνυποδέτους·
3474 5437 3743 5503 έοίππους
3815 5431 3866 5488 δδ

1672 5582 1732 5638 C.
1773 5581 1837 5638 Β.
1879 5583 2074 5641 HASII
2108 5584 2665 5644 ANNOTATIONES.

541 5723 586 5764 στ
617 5719 1010 5802 emensam.
1047 5723 1129 5782 De
1161 5722 1273 5782 hac
1299 5721 1493 5782 forma
1509 5721 1623 5784 vid.
1655 5722 1882 5784 Albert.
1913 5725 1989 5784 ad
2016 5727 2124 5784 Hes

2235 5747 2268 5786 ι.
2297 5731 2342 5786 Ι.
2373 5733 2497 5790 295.
2523 5736 2592 5789 Λ.
