4146 6302
392 355 511 415 985

1654 351 2075 414 VELlTATIO
2117 351 2474 414 BELLICA.

3679 349 3799 410 986

395 487 652 556 ἅπαντας,
685 482 1002 555 ξυλοκόντια
1031 483 1078 521 ⁸⁸
1123 481 1460 560 κατέχοντας
1501 485 1641 538 πάνυ
1683 486 1868 551 κοντᾶ,
1900 485 2030 557 πρὸς

2152 487 2352 558 Neque
2385 501 2513 542 esse
2540 484 2760 542 debent
2789 484 2922 556 plus
2952 482 3177 557 viginti.
3214 484 3329 538 Hos
3364 483 3704 538 introducat
3731 483 3794 538 in

393 575 455 630 τὸ
488 575 758 643 ἀπατῆσαι
815 573 946 636 τοὺς
975 572 1302 646 πολεμίους,
1360 572 1450 628 καὶ
1508 570 1663 646 δόξαν
1724 573 1910 634 αὐτοῖς
1940 572 2040 645 ἐμ-

393 667 642 734 ποιῆσαι,
690 663 765 726 ὡς
816 661 914 717 οὐκ
971 664 1075 717 εἷεν
1132 666 1229 718 τοῦ
1288 667 1543 738 στρατοῦ,
1600 660 1746 716 ἀλλᾶ
1801 661 2041 738 γεωργοί

389 775 552 816 τινες,
589 754 642 808 οἳ
672 752 961 828 λεγόμενοι
996 749 1380 830 οἶκοφύλακες.
1416 753 1512 821 Μὴ
1566 749 1790 814 πλείους
1830 749 1888 806 δὲ
1915 750 2043 806 τού-

387 862 516 904 τους
570 841 705 897 εἶναι
755 843 866 895 τῶν
927 837 1120 897 εἴκοσι.
1189 839 1510 916 Εἰσαγαγεῖν
1597 837 1654 894 δὲ
1736 838 1930 901 αὐτοὺς
1987 838 2040 894 ἐν

389 929 624 1007 χωρίοις
655 929 758 985 ἇνᾶ
785 928 835 1000 ἔξ
892 930 929 998 ἢ
988 929 1078 983 καὶ
1134 927 1394 992 πλείονας
1451 925 1686 1000 πλησίον
1749 926 2036 998 ἀλλήλων.

388 1017 620 1096 ἔχοντας
642 1021 813 1090 κτήνη
845 1018 967 1073 τινᾶ
991 1015 1043 1072 ἐν
1073 1024 1190 1082 τοῖς
1225 1018 1411 1081 αὐτοῖς
1465 1017 1720 1093 χωρίοις,
1764 1015 1872 1072 εἴτε
1905 1017 2038 1072 ὑπο-

389 1110 552 1187 ζύγια
589 1111 672 1182 [Ρ.
738 1111 861 1183 153]
914 1110 1021 1163 εἶεν
1066 1108 1157 1163 καὶ
1244 1108 1389 1183 βόες,
1457 1105 1754 1163 εἴθ”ίπποι
1807 1103 1880 1163 τε
1947 1107 2039 1162 καὶ

387 1198 634 1272 ἡμίονοι.
668 1197 802 1272 Περὶ
833 1194 891 1252 δὲ
947 1195 1199 1268 ἑνδεκάτη
1237 1196 1381 1271 ὥραν
1437 1204 1539 1266 τῆς
1595 1194 1806 1271 ἡμέρας
1865 1192 2040 1270 διορί-

389 1297 583 1351 σασθαι
638 1287 836 1348 αὖτοὺς
893 1285 1286 1367 ἐμφανισθῆναι
1363 1291 1480 1346 τοῖς
1537 1283 1854 1360 πολεμίοις,
1932 1285 2039 1340 ἀπὸ

387 1377 602 1454 χωρίου
657 1375 733 1437 εἷς
779 1373 962 1451 ἓτερον
1020 1375 1229 1454 χωρίον
1283 1372 1565 1450 δρομαίως
1623 1372 2038 1452 εἰσερχομένους

385 1463 476 1520 καὶ
509 1464 985 1540 περισπωμένους,
1046 1464 1196 1526 ὅπως
1251 1465 1317 1520 τὰ
1371 1466 1544 1535 κτήνη
1605 1463 1783 1519 αὐτῶν
1836 1463 2041 1519 ἀναλά-

388 1550 614 1623 ϐωνται,
670 1554 762 1609 καὶ
820 1555 958 1629 πρὸς
1015 1555 1082 1610 τὰ
1127 1554 1470 1633 ὀχυρώματα
1500 1551 1834 1608 διασώσωσι’
1894 1553 2040 1610 Τού-

385 1663 512 1706 τους
543 1645 721 1700 τοίνυν
752 1644 913 1714 ἡνίκα
944 1645 995 1699 οἱ
1039 1644 1115 1705 εἷς
1171 1644 1236 1699 τὸ
1289 1642 1529 1722 φοῦλκον
1558 1643 1841 1716 ἱστάμενοι
1870 1641 2040 1698 πολέ-

391 1756 516 1808 μιοι
549 1733 868 1798 θεάσωνται,
898 1733 964 1788 τὰ
1013 1734 1106 1807 μὲν
1163 1737 1271 1788 τῶν
1329 1737 1542 1803 κτηνῶν
1607 1733 1784 1787 αὐτῶν
1840 1730 2041 1807 παρέλ-

384 1842 600 1891 κοντας,
634 1825 700 1878 τὰ
732 1819 788 1878 δὲ
846 1819 1267 1891 ἀπελαύνοντας,
1318 1822 1410 1876 καὶ
1468 1820 1705 1898 ἀγρότας
1764 1822 1898 1877 εἶναι
1947 1821 2038 1877 καὶ
2071 1861 2116 1927 Β

385 1913 668 1990 γεωργοὺς
698 1911 927 1973 τούτους
950 1911 1413 1982 ὑποτοπήσουσιν,
1446 1911 1696 1986 ἀκρατῶς
1746 1911 1838 1966 καὶ
1894 1911 2033 1991 ἀφυ-

384 1999 605 2062 λάκτως
659 2001 888 2061 τούτους
934 1997 1304 2070 ἐπιδιώξουσι.
1350 2001 1684 2075 Διωκόμενοι
1743 1997 1800 2055 δὲ
1850 2001 1902 2055 οἱ
1967 2001 2031 2056 τὸ

388 2097 587 2169 σχῆμα
616 2096 724 2146 τῶν
783 2088 1168 2170 οίκοφυλάκων
1221 2089 1312 2145 καὶ
1398 2095 1660 2166 γεωργῶν
1717 2087 2029 2159 ὑποδύντες,

382 2177 751 2236 σπουδάσουσι
781 2175 1130 2249 καταλαϐεῖν,
1163 2177 1215 2234 ἐν
1243 2181 1289 2252 ᾧ
1334 2179 1397 2234 τὸ
1428 2177 1721 2256 ἔγκρυμμα
1784 2177 2028 2236 ’ίσταταν

378 2269 472 2324 καὶ
502 2269 732 2330 τούτους
761 2270 812 2324 οὶ
841 2267 1106 2343 πολέμιοι
1154 2265 1442 2330 διώκοντες
1487 2274 1905 2344 περιπεσοῦνται
1961 2271 2030 2343 τῇ

377 2355 562 2434 ἐνέδρᾳ
612 2355 1110 2438 ἀπαραφυλάκτως.
1189 2359 1354 2416 Ἐπὰν
1413 2357 1469 2415 δὲ
1553 2367 1672 2423 τοῖς
1752 2358 2032 2441 λοχησασι

376 2449 833 2526 προσεγγίσωσιν,
867 2448 1113 2522 εύτάκτῳ
1145 2449 1294 2528 φρενὶ
1323 2449 1372 2487 ⁶⁹
1426 2448 1518 2504 καὶ
1579 2451 1726 2524 ὁρμῇ
1757 2453 1883 2507 κατ’
1931 2452 2031 2508 αύ-

376 2541 486 2591 τῶν
544 2537 595 2591 οἱ
653 2541 898 2592 τοιοῦτοι
956 2535 1361 2616 ἐφορμήσαντες
1423 2535 1872 2614 συῤῥαγήτωσαν.
1925 2541 2028 2597 Καὶ

379 2622 550 2696 δῆλον
607 2625 682 2687 ὡς
739 2626 842 2680 οὐκ
896 2625 1307 2697 ἀντιστήσονται
1363 2625 1460 2682 κᾶν
1517 2627 1656 2701 πρὸς
1731 2629 1927 2703 μικρὸν
1977 2631 2028 2685 οἱ

378 2713 661 2788 πολέμιοι·
717 2712 866 2770 ἀλλὰ
919 2719 1065 2770 νῶτα
1151 2712 1332 2776 δόντες
1383 2713 1590 2770 πολλοὶ
1658 2718 1868 2772 τούτων
1938 2718 2029 2774 καὶ

380 2802 841 2877 ἀναιρεθήσονται,
910 2803 1002 2858 καὶ
1079 2800 1427 2877 δορυάλωτοι
1475 2805 1814 2881 γενήσονται.
1851 2807 1916 2863 Εἰ
1973 2805 2031 2862 δέ

383 2893 639 2969 σύνεγγυς
672 2894 699 2948 ὁ
730 2899 916 2972 χῶρος
950 2891 1034 2964 εἷή
1067 2900 1168 2963 τῆς
1201 2898 1309 2948 τῶν
1366 2892 1580 2973 ἐχθρῶν
1641 2901 1918 2969 στρατιᾶς,
1973 2895 2028 2950 ἐν

381 2981 428 3054 ᾧ
457 2982 522 3036 τὰ
554 2979 736 3037 τοιάδε
760 2981 1024 3053 τελεῖται,
1059 2981 1150 3038 καὶ
1180 2980 1394 3052 πλῆθος
1451 2988 1550 3038 τοῦ
1608 2981 1746 3039 λαοῦ
1795 2991 1902 3040 τῶν
1931 3006 2027 3042 πο-

380 3067 588 3143 λεμίων
634 3070 708 3132 εἷς
739 3068 1016 3142 ἐκδίκησιν
1064 3077 1172 3126 τῶν
1230 3069 1578 3146 διωκομένων
1627 3070 1855 3143 ἐξέλθοι,
1913 3077 2025 3154 χρὴ

377 3159 468 3226 τὸν
499 3159 805 3238 στρατηγὸν
831 3161 926 3216 καὶ
957 3156 1174 3217 ὄπισθεν
1212 3168 1313 3230 τῆς
1370 3162 1634 3232 τοιαύτης
1693 3160 1906 3237 ἐνέδρας
1937 3165 2028 3219 καὶ

2150 575 2332 642 vicos,
2389 593 2563 632 senos
2621 576 2822 644 simul,
2855 580 2959 630 aut
2988 574 3166 644 etiam
3221 573 3445 644 plures,
3471 573 3554 628 ita
3583 579 3648 626 ut
3675 590 3796 627 non

2149 663 2326 734 longe
2348 664 2504 720 inter
2524 681 2586 720 se
2609 665 2850 730 distent,
2863 663 3255 734 jumentaque
3287 660 3546 717 habeant
3570 661 3631 715 in
3651 659 3796 732 ipsis

2149 755 2319 822 vicis,
2347 756 2466 811 sive
2489 757 2616 812 haec
2643 756 2904 811 veterina
2934 755 3056 810 sint
3084 770 3151 809 ac
3171 753 3370 818 boves,
3399 753 3520 808 sive
3549 753 3686 823 equi
3742 756 3801 807 et

2150 847 2321 903 muli.
2357 848 2726 920 Hosjubeat,
2760 848 2918 904 circa
2973 845 3353 902 undecimam
3414 845 3624 900 horam
3682 842 3800 900 diei

2150 937 2420 993 hostibus
2447 955 2508 994 se
2534 938 2595 992 in
2621 943 3002 1010 conspectum
3029 935 3190 1003 dare,
3215 943 3274 991 et
3299 953 3335 991 a
3363 935 3490 990 vico
3511 935 3586 990 ad
3605 933 3798 989 vicum

2149 1028 2520 1098 trepidanter
2536 1028 2867 1083 discurrere
2891 1027 3150 1097 satisque
3177 1042 3370 1099 agere,
3393 1025 3561 1096 quasi
3582 1040 3801 1096 pecora

2151 1132 2258 1172 sua
2287 1117 2435 1173 287
2470 1117 2612 1172 inde
2631 1123 2901 1188 repetere
2926 1117 3106 1187 inque
3128 1116 3261 1171 loca
3285 1115 3517 1170 munita
3539 1112 3798 1185 compel-

2148 1204 2273 1261 lere
2299 1205 2502 1260 velint.
2537 1207 2747 1261 Hostes
2805 1205 3089 1278 globatim
3144 1203 3524 1268 excubantes,
3555 1202 3656 1257 ubi
3687 1204 3796 1257 hos

2149 1295 2368 1366 partim
2397 1312 2615 1368 pecora
2645 1313 2752 1352 sua
2799 1296 3235 1368 protrahentes,
3294 1294 3508 1366 partim
3566 1297 3703 1347 ante
3733 1308 3796 1347 se

2151 1393 2394 1460 agentes
2413 1386 3147 1460 conspexerint,agricolas
3169 1402 3269 1441 eos
3299 1391 3358 1441 et
3384 1399 3644 1457 paganos
3665 1398 3796 1438 esse

2151 1476 2489 1542 rati,effuse
2513 1481 2690 1548 atque
2716 1485 2938 1532 temere
2960 1475 3096 1530 illos
3113 1479 3565 1547 persequentur.
3599 1472 3667 1527 Hi
3699 1471 3801 1542 qui

2151 1564 2465 1620 custodum
2499 1571 2557 1620 et
2587 1565 2980 1638 agricolarum
3011 1580 3328 1636 personam
3387 1563 3796 1634 susceperunt,

2151 1653 2200 1709 si
2232 1655 2930 1727 agitantur,festinabunt
2959 1654 3156 1710 locum
3181 1653 3440 1724 assequi,
3470 1651 3570 1706 ubi
3605 1650 3794 1706 laten-

2152 1747 2240 1798 tes
2263 1742 2448 1813 copiaa
2480 1743 2884 1799 consederunt
2908 1759 2922 1797 :
2944 1759 3094 1814 quos
3114 1743 3316 1798 hostes
3347 1743 3796 1813 persequentes,

2151 1830 2564 1902 imprudentes
2625 1832 2688 1887 in
2747 1831 2996 1887 insidias
3052 1831 3339 1886 incident.
3371 1832 3516 1885 Nam
3545 1827 3650 1884 ubi
3706 1827 3800 1882 his

2148 1920 2900 1992 appropinquarint,nostri
2927 1921 3124 1976 animo
3155 1924 3439 1990 motuque
3468 1916 3796 1988 composito

2147 2010 2332 2064 coorti
2365 2009 2486 2065 illis
2516 2016 2850 2066 occurrant.
2885 2009 2970 2064 lbi
3001 2009 3383 2082 perspicuum
3414 2012 3524 2074 est,
3546 2021 3622 2062 ne
3655 2010 3791 2061 tan-

2146 2097 2331 2169 tisper
2359 2098 2601 2169 quidem
2658 2100 2969 2154 restituros
3016 2099 3217 2154 hostes
3252 2114 3264 2152 :
3299 2097 3404 2153 sed
3449 2097 3587 2169 fuga
3640 2094 3797 2150 facta

2146 2186 2319 2242 multi
2350 2203 2555 2242 eorum
2587 2193 2645 2242 et
2669 2188 3017 2254 interibunt,
3052 2179 3122 2242 et.
3141 2186 3354 2258 captivi
3405 2185 3572 2240 fient.
3608 2183 3666 2238 Si
3697 2187 3784 2238 ta-

2146 2290 2349 2330 mena
2405 2275 2559 2343 loco,
2617 2275 2718 2330 ubi
2778 2276 2903 2331 haec
2956 2281 3263 2348 geruntur,
3312 2273 3470 2329 acies
3525 2271 3785 2326 hostium

2145 2363 2389 2435 propius
2416 2363 3055 2435 abest,adversariique
3076 2379 3292 2435 magna
3311 2359 3695 2416 multitudine
3715 2357 3792 2415 ad

2146 2452 2402 2508 tuendos
2437 2469 2574 2508 suos
2603 2452 2900 2526 fugientes
2932 2469 2994 2508 se
3016 2451 3353 2518 eﬂ‘undunt,
3385 2449 3563 2506 debet
3609 2448 3730 2504 dux
3759 2463 3794 2504 ο

2146 2546 2308 2613 tergo
2375 2541 2588 2597 harum
2637 2542 2988 2598 insidiarum
3046 2542 3295 2597 alteram
3345 2555 3591 2594 manum
3661 2537 3792 2592 loco

2147 2630 2362 2685 idoneo
2394 2631 2707 2701 collocare,
2769 2631 2829 2686 in
2888 2629 3158 2698 latibulo,
3211 2627 3370 2700 quod
3416 2645 3451 2684 a
3496 2625 3793 2700 prioribus

2147 2719 2381 2774 insidiis
2408 2719 2524 2775 duo
2555 2719 2745 2775 millia
2784 2735 3073 2791 passuum
3125 2717 3299 2773 absit.
3332 2719 3415 2773 Ac
3443 2717 3513 2785 si,
3545 2721 3613 2770 ut
3639 2731 3796 2787 prm-

2148 2807 2427 2877 diximus,
2456 2809 2679 2864 milites
2703 2809 2970 2881 priorum
3000 2807 3353 2863 insidiarum
3401 2806 3486 2861 vis
3531 2805 3794 2860 hostium

2147 2898 2547 2971 persequitur,
2575 2899 2675 2969 qui
2708 2898 2770 2954 in
2801 2898 2986 2954 altero
3020 2896 3267 2952 latibulo
3299 2899 3456 2963 sunt,
3489 2893 3794 2950 evolantes

2147 2989 2209 3044 in
2242 2987 2396 3057 illos,
2439 2993 2565 3043 tum
2596 2987 3035 3044 commilitones
3070 2986 3405 3051 servabunt,
3439 2989 3562 3039 tum
3589 2983 3792 3038 adver-

2147 3078 2335 3134 sarios
2367 3077 2584 3134 damno
2635 3085 2694 3134 et
2721 3083 2910 3134 morte
2942 3077 3226 3134 afﬁcient.
3266 3078 3390 3142 Quo
3431 3078 3792 3141 commento,

2149 3184 2182 3222 ο
2203 3166 2345 3235 dux,
2379 3166 2488 3222 sub
2521 3183 2798 3223 occasum
2829 3166 2975 3222 solis
3004 3170 3236 3238 oportet
3265 3166 3352 3220 uti
3384 3181 3397 3220 :
3426 3169 3512 3233 ut,
3557 3161 3790 3219 etiamsi

373 3245 557 3322 ἕτερον
590 3246 723 3304 λαὸν
752 3249 920 3305 τόπον
950 3249 1026 3310 εἷς
1075 3247 1387 3321 ἐπιτήδειον
1445 3251 1521 3312 εἷς
1570 3247 1867 3328 ἕγκρυμμα
1931 3274 2030 3308 κα-

2152 3215 2177 3222 -
2208 3215 2345 3235 __--,
2379 3215 2484 3222 η--
2524 3215 2798 3223 ---..__...
2830 3215 2973 3222 η---
3007 3215 3235 3238 Ἱππ,
3272 3215 3351 3220 _-_
3384 3215 3396 3220 _
3434 3215 3512 3233 ν,

2145 3255 2232 3310 vis
2262 3255 2526 3311 hostium
2559 3255 2941 3311 insidiatores
2957 3260 3184 3328 urgeat,
3213 3259 3415 3310 tamen
3444 3269 3563 3308 nox
3584 3267 3792 3323 super-

373 3343 661 3408 ταστῆσαι,
693 3337 901 3417 ἀπέχον
957 3344 1057 3409 τῆς
1113 3339 1383 3414 προτέρας
1417 3337 1629 3415 ἐνέδρας
1691 3339 1852 3414 μίλια
1904 3339 2021 3398 δύο.

374 3426 478 3481 Καὶ
548 3425 598 3480 εἷ’
654 3447 737 3504 γε,
797 3427 872 3488 ὡς
931 3423 1158 3506 ἔφημεν,
1209 3429 1336 3489 τοὺς
1394 3426 1446 3483 ἐν
1489 3433 1557 3503 τῇ
1589 3429 1782 3505 πρώτῃ
1843 3428 2025 3506 ἐνέδρᾳ

2133 3345 2376 3401 veniens
2398 3345 2695 3418 dirempto
2723 3345 2929 3417 pralio
2962 3345 3324 3401 incolumem
3355 3349 3517 3400 tuam
3545 3356 3790 3398 manum

2137 3439 2348 3490 servet.
2549 3433 2557 3441 ’

383 3514 513 3577 λαὸς
543 3517 592 3553 ⁷ο
617 3520 725 3572 τῶν
757 3515 1044 3589 πολεμίων
1069 3515 1364 3588 ἐπιδιώξει,
1389 3519 1442 3572 οἱ
1468 3522 1566 3574 τοῦ
1592 3515 1842 3592 δευτέρου
1873 3519 2255 3596 ἐγκρύμματος
2296 3515 2646 3597 ἐξερχόμενοι
2702 3523 2819 3576 κατ’
2851 3521 3027 3577 αὐτῶν
3061 3520 3187 3583 τοὺς
3225 3521 3318 3594 μὲν
3351 3518 3588 3581 οἰκείους
3618 3538 3780 3592 περι-

378 3605 637 3675 σώσουσι,
666 3603 794 3668 τοὺς
825 3602 882 3660 δὲ
912 3603 1221 3679 πολεμίους
1251 3607 1814 3681 κατατραυματίσουσι
1847 3610 1935 3664 καὶ
1971 3611 2358 3666 θανατώσουσι.
2393 3616 2483 3665 Δεῖ
2515 3611 2605 3664 οὗν
2663 3611 2762 3680 τὴν
2792 3609 3050 3681 τοιαύτην
3083 3610 3349 3685 μνχανῆν,
3382 3611 3427 3664 ὦ
3479 3609 3774 3683 στρατηγὶ,

381 3691 508 3769 περὶ
545 3690 751 3768 δυσμὰς
771 3692 939 3764 ἡλίου
969 3694 1373 3770 ἐξεργάσασθαι·
1405 3696 1515 3769 ἳνα,
1549 3696 1637 3751 ἐὰν
1685 3695 1876 3768 πλήθη
1908 3698 2193 3773 πολεμίων
2227 3699 2519 3755 ἐπίθωνται
2537 3705 2654 3762 τοῖς
2686 3699 2738 3754 ἐν
2768 3703 2836 3773 τῇ
2867 3697 3074 3776 ἐνέδρά,
3107 3702 3141 3770 ἡ
3172 3697 3264 3769 νὺξ
3286 3693 3673 3754 καταλαϐοῦσα
3691 3694 3782 3753 καὶ

376 3782 473 3838 τὸν
501 3782 754 3856 πόλεμον
788 3779 1109 3856 διαϐύσασα,
1139 3780 1362 3856 ἀϐλαϐῆ
1393 3786 1488 3841 τὸν
1523 3785 1628 3841 ὑπὸ
1659 3787 1716 3841 σὶ
1747 3785 1878 3843 λαὸν
1908 3783 2232 3864 διατηρήσῃ.

451 3929 608 3985 ΚΕΦ.
680 3929 778 3986 ΙΘ’.
833 3928 963 4022 Περὶ
1019 3929 1400 4022 καταστάσεως
1465 3931 1556 4018 καὶ
1619 3929 1952 4002 έξοπλίσεως

833 4001 925 4056 καὶ
969 4001 1270 4079 γυμνασίας
1303 4007 1558 4077 στρατοῦ.

451 4131 517 4188 Εἰ
576 4127 634 4186 δέ
693 4152 757 4210 γε
817 4130 1150 4208 θαρρησουσι
1216 4140 1446 4210 κοῦρσον
1503 4132 1860 4215 διαχωρίσαι,
1934 4138 2024 4194 εὖ-

376 4225 525 4300 φυῶς
558 4221 605 4257 ⁷1
635 4218 719 4276 δεῖ
745 4243 803 4276 σε
842 4223 1072 4284 τούτους
1102 4221 1578 4295 ἐπιτηδεύσασθαι,
1611 4225 2024 4284 ἀποστέλλοντα

372 4315 480 4363 τῶν
511 4309 614 4364 ὑπὸ
646 4308 704 4364 σέ
738 4331 858 4366 τινα
887 4308 1106 4386 ἀνδρείᾳ
1151 4312 1243 4368 καὶ
1301 4311 1562 4389 ἐμπειρίᾳ
1614 4315 2025 4390 κεκοσμημένον

379 4398 514 4472 μετὰ
543 4397 998 4473 καθωπλισμένοι)
1031 4399 1170 4456 λαοῦ
1198 4402 1289 4456 καὶ
1321 4400 1695 4477 ἐξαρκοῦντος,
1750 4405 1878 4466 τοὺς
1936 4403 2024 4460 δι·-

2135 3923 2289 3980 238
2321 3923 2454 3980 CAP.
2487 3923 2626 3979 XIX.
2663 3925 2740 3980 De
2766 3926 3252 4051 stattharmatura
3296 3929 3350 3981 et
3379 3919 3782 3980 exercitatione

2819 4013 2895 4051 mz
2919 4012 2940 4050 ι
2969 4011 3084 4051 um.

2819 4011 3060 4052 mnuum
3072 4035 3084 4054 ι

2210 4146 2325 4202 Sed
2351 4147 2400 4202 si
2426 4145 2650 4202 audent
2690 4147 3033 4204 catervatim
3054 4146 3415 4220 praadatores
3445 4161 3480 4201 a
3509 4161 3570 4201 se
3588 4142 3788 4217 dispa-

2135 4251 2293 4306 rare,
2319 4237 2502 4293 debes
2544 4238 2654 4293 hos
2687 4238 2927 4294 solertia
2957 4237 3224 4294 adhibita
3277 4237 3576 4305 invadere,
3607 4236 3790 4292 misso

2134 4341 2254 4380 uno
2285 4325 2358 4381 de
2391 4325 2514 4381 illis
2545 4327 2646 4397 qui
2698 4327 2806 4381 sub
2863 4331 2920 4382 te
2976 4327 3258 4394 militant,
3295 4327 3532 4381 homine
3575 4324 3791 4380 virtute

2142 4421 2322 4486 atque
2354 4431 2466 4470 usu
2498 4415 2772 4488 praedito,
2803 4432 2938 4471 cum
2971 4421 3200 4471 armata
3227 4431 3408 4470 manu
3439 4431 3569 4484 quae
3617 4413 3784 4468 suffi-

374 4485 792 4562 εσκεδασμένους
843 4493 952 4544 τῶν
980 4487 1267 4563 πολεμίων
1323 4490 1702 4570 κατατρέχειν,
1761 4493 1853 4548 καὶ
1882 4493 2026 4549 ἀναι-

2145 4485 2274 4572 ciat,
2305 4485 2518 4559 hostes
2530 4503 2833 4575 dispersos
2864 4504 3171 4571 insectari,
3203 4503 3493 4568 occidere,
3526 4502 3785 4572 captivos

375 4581 503 4651 ρεῖν,
526 4577 618 4632 καὶ
678 4574 964 4652 δεσμώτας
1016 4584 1210 4633 ποιεῖν.
1251 4584 1358 4634 Σοῦ
1417 4577 1474 4635 δὲ
1535 4579 1813 4656 μηδέποτε
1863 4603 2024 4639 κατα-

372 4665 550 4724 λυέτω
579 4669 614 4738 ἦ
643 4668 962 4742 παράταξιςο
990 4665 1102 4739 ἵνα,
1134 4668 1179 4723 εἰ
1215 4665 1400 4744 συμϐῇ
1428 4669 1692 4750 φούλκοις
1739 4671 2023 4747 πολεμίων

369 4761 687 4834 περιτυχεῖν
715 4755 930 4826 πλῆθος
961 4753 1155 4836 ἔχουσι
1190 4760 1272 4829 [Ρ.
1312 4762 1434 4831 134]
1469 4757 1629 4828 λαοῦ,
1679 4761 1814 4836 πρὸς
1846 4759 2023 4840 φυλα-

369 4849 470 4915 κὴν
501 4843 716 4917 δηλαδὴ
748 4851 858 4902 τῶν
887 4844 1211 4917 ἐξελθόντων
1240 4845 1526 4921 πολεμίων
1561 4847 2019 4922 ἐπακολουθοῦσι,

371 4938 470 5006 τὴν
528 4931 666 4990 ἰδίαν
746 4930 893 5014 ἔχων
970 4936 1267 5011 παράταξιν
1326 4937 1737 5012 συνισταμένην,
1776 4939 2023 5016 πόλεμον

377 5027 510 5098 μετὰ
541 5031 639 5080 τοῦ
670 5024 914 5106 φούλκου
958 5027 1240 5083 συνάπτων
1270 5035 1656 5106 στρατηγικῶς
1687 5029 1779 5085 καὶ
1837 5029 2026 5104 ἐμπεί-

374 5134 505 5189 ρως,
538 5115 612 5176 ὡς
643 5113 947 5189 ἐξεθέμεθα,
977 5117 1325 5194 καταγωνίσῃ
1387 5118 1638 5188 τούτους,
1669 5119 1762 5174 καὶ
1822 5119 2024 5195 τελείῳ

371 5202 704 5281 παραδώσῃς
734 5205 1040 5285 ἀφανισμῷ.
1074 5210 1257 5264 Ταῦτα
1317 5203 1376 5262 δὲ
1434 5208 1511 5269 εἰς
1561 5211 1662 5279 τήν
1707 5211 1805 5279 σὴν
1850 5209 2024 5290 ἀσφά-

375 5290 543 5364 λειαν,
574 5295 620 5350 ὦ
658 5294 954 5372 στρατηγὶ,
983 5294 1074 5352 καὶ
1121 5301 1222 5351 τοῦ
1282 5294 1419 5351 λαοῦ
1477 5295 1848 5376 φυλάττεσθαι
1920 5299 2024 5356 ὑπ-

2129 4591 2346 4649 facere.
2375 4595 2576 4663 Neque
2605 4598 2806 4648 tamen
2835 4597 2900 4647 tu
2954 4597 3116 4647 tuam
3147 4591 3334 4647 aciem
3369 4589 3557 4645 solvas
3592 4594 3695 4644 :ut
3723 4588 3772 4642 si

2131 4682 2433 4749 accidit,te
2463 4682 2525 4736 in
2547 4681 2752 4754 globos
2781 4682 3042 4737 hostium
3072 4697 3320 4736 numero
3341 4681 3606 4736 valentes
3630 4680 3780 4735 inci-

2133 4770 2296 4836 dere,
2321 4771 2424 4842 qui
2452 4770 2717 4842 praasidii
2753 4775 2930 4826 causa
2950 4769 3315 4841 praedatores
3339 4771 3591 4826 insecuti
3639 4770 3781 4840 sint,

2132 4863 2234 4913 tua
2255 4859 2382 4914 acie
2415 4858 3060 4930 instructa.prmlioque
3091 4874 3226 4914 cum
3255 4858 3428 4930 globo
3449 4857 3575 4926 illo,
3599 4857 3784 4914 bono-

2132 4962 2267 5001 rum
2299 4946 2517 5001 ducum
2549 4961 2715 5000 more
2745 4961 2814 5001 ac
2843 4946 3053 5018 perite,
3085 4952 3152 5001 ut
3181 4947 3580 5018 exposuimus,
3612 4964 3783 5003 com-

2134 5035 2647 5107 misso,expugnes
2678 5033 2904 5102 illos,et
2930 5035 3198 5090 funditus
3219 5035 3293 5090 ad
3315 5037 3785 5092 internecionem

2133 5125 2358 5181 deleas.
2379 5126 2513 5181 Haac
2543 5130 2681 5193 tute,
2714 5142 2748 5181 o
2780 5125 2919 5195 dux,
2952 5126 3332 5198 militumque
3357 5132 3595 5184 tuorum
3627 5127 3784 5184 salu-

2135 5213 2212 5270 tis
2244 5214 2666 5270 conservanda;
2697 5231 2877 5270 causa
2916 5216 3281 5284 monuimus,
3314 5215 3364 5271 si
3396 5217 3638 5288 quidem
3667 5221 3784 5272 tum

2133 5304 2319 5376 copia
2348 5321 2542 5376 parva
2575 5308 2734 5375 sunt,
2766 5308 2827 5362 et
2847 5309 3150 5376 tenues,ut
3177 5306 3425 5363 hostiles
3454 5307 3576 5363 illis
3596 5306 3786 5378 pluri-

1545 5443 1605 5499 ο.
1640 5444 1702 5500 B.
1737 5445 1924 5500 HASII
1945 5435 2505 5504 ANNOTATIONES.

444 5578 860 5669 “.Eulox‘dy‘ttg.
893 5579 986 5669 §ic
1007 5579 1159 5669 verti
1189 5568 1614 5669 cuOm'Ducan'g.
1649 5571 1835 5644 Gloss.
1894 5587 1939 5646 Ῑ.
1981 5563 2030 5644 ὐ

2145 5633 2150 5646 .
2184 5591 2301 5649 nisi
2331 5590 2445 5664 leg.
2500 5585 2840 5664 ξυλακόντια,
2871 5590 2919 5628 ⁸⁵
2945 5591 3122 5669 φρενί.
3150 5591 3310 5649 Fort.
3343 5592 3508 5668 φορᾷ.
3545 5589 3594 5627 ⁴²⁰
3618 5587 3778 5664 λαὸς]

381 5651 552 5718 Λαούς
585 5653 756 5711 codd.
790 5652 837 5688 ⁷⁸
868 5651 1104 5730 εὐφυῶς]
1121 5651 1318 5732 ἀφυῶς
1333 5653 1510 5713 codd.
