  <div class='ocr_page' id='page_1' title='image "/cluster/home/n/w/nwhite01/storage/ocr_20150623/117/mdp.39015038086818/501.png"; bbox 0 0 4146 6302; ppageno 0'>
   <div class='ocr_carea' id='block_1_1' title="bbox 444 346 557 406">
    <p class='ocr_par' dir='ltr' id='par_1_1' title="bbox 444 346 557 406">
     <span class='ocr_line' id='line_1_1' title="bbox 444 346 557 406; baseline -0.018 0"><span class='ocrx_word' id='word_1_1' title='bbox 444 346 557 406; x_wconf 80' lang='lat'>987</span> 
     </span>
    </p>
   </div>
   <div class='ocr_carea' id='block_1_2' title="bbox 1751 341 2493 406">
    <p class='ocr_par' dir='ltr' id='par_1_2' title="bbox 1751 341 2493 406">
     <span class='ocr_line' id='line_1_2' title="bbox 1751 341 2493 406; baseline 0 -2"><span class='ocrx_word' id='word_1_2' title='bbox 1751 341 2167 406; x_wconf 81' lang='lat' dir='ltr'>NICEPHORI</span> <span class='ocrx_word' id='word_1_3' title='bbox 2211 343 2493 404; x_wconf 61' lang='lat' dir='ltr'>PHOCzE</span> 
     </span>
    </p>
   </div>
   <div class='ocr_carea' id='block_1_3' title="bbox 3740 343 3858 402">
    <p class='ocr_par' dir='ltr' id='par_1_3' title="bbox 3740 343 3858 402">
     <span class='ocr_line' id='line_1_3' title="bbox 3740 343 3858 402; baseline 0.017 -2"><span class='ocrx_word' id='word_1_4' title='bbox 3740 343 3858 402; x_wconf 85' lang='lat'>988</span> 
     </span>
    </p>
   </div>
   <div class='ocr_carea' id='block_1_4' title="bbox 450 475 2090 553">
    <p class='ocr_par' dir='ltr' id='par_1_4' title="bbox 450 479 2090 553">
     <span class='ocr_line' id='line_1_4' title="bbox 450 479 2090 553; baseline -0.002 -17"><span class='ocrx_word' id='word_1_5' title='bbox 450 497 609 536; x_wconf 88' lang='lat' dir='ltr'>mum</span> <span class='ocrx_word' id='word_1_6' title='bbox 636 480 1069 551; x_wconf 60' lang='lat' dir='ltr'>prastent.Sed</span> <span class='ocrx_word' id='word_1_7' title='bbox 1101 481 1149 535; x_wconf 89' lang='lat' dir='ltr'><strong>si</strong></span> <span class='ocrx_word' id='word_1_8' title='bbox 1177 481 1286 536; x_wconf 88' lang='lat' dir='ltr'>sub</span> <span class='ocrx_word' id='word_1_9' title='bbox 1317 480 1500 553; x_wconf 78' lang='lat' dir='ltr'>signis</span> <span class='ocrx_word' id='word_1_10' title='bbox 1551 479 1668 535; x_wconf 88' lang='lat' dir='ltr'>tuis</span> <span class='ocrx_word' id='word_1_11' title='bbox 1699 483 2090 535; x_wconf 85' lang='lat' dir='ltr'>numerantur</span> 
     </span>
    </p>
   </div>
   <div class='ocr_carea' id='block_1_5' title="bbox 2198 475 3855 553">
    <p class='ocr_par' dir='ltr' id='par_1_5' title="bbox 2205 475 3855 552">
     <span class='ocr_line' id='line_1_5' title="bbox 2205 475 3855 552; baseline 0.001 -22"><span class='ocrx_word' id='word_1_12' title='bbox 2205 477 2503 548; x_wconf 83' lang='grc' dir='ltr'>μνήσαμεν,</span> <span class='ocrx_word' id='word_1_13' title='bbox 2537 476 2588 531; x_wconf 79' lang='grc' dir='ltr'>εἷ’</span> <span class='ocrx_word' id='word_1_14' title='bbox 2623 496 2682 552; x_wconf 89' lang='grc' dir='ltr'>γε</span> <span class='ocrx_word' id='word_1_15' title='bbox 2741 475 3031 552; x_wconf 82' lang='grc' dir='ltr'>ὀλιγοστόν</span> <span class='ocrx_word' id='word_1_16' title='bbox 3065 477 3176 531; x_wconf 89' lang='grc' dir='ltr'>ἐστι</span> <span class='ocrx_word' id='word_1_17' title='bbox 3205 477 3267 532; x_wconf 81' lang='grc' dir='ltr'>τὸ</span> <span class='ocrx_word' id='word_1_18' title='bbox 3299 478 3403 532; x_wconf 78' lang='grc' dir='ltr'>ὑπὸ</span> <span class='ocrx_word' id='word_1_19' title='bbox 3429 478 3485 532; x_wconf 70' lang='grc' dir='ltr'>σε</span> <span class='ocrx_word' id='word_1_20' title='bbox 3514 478 3855 550; x_wconf 81' lang='grc' dir='ltr'>στράτευμας</span> 
     </span>
    </p>
   </div>
   <div class='ocr_carea' id='block_1_6' title="bbox 450 570 2093 642">
    <p class='ocr_par' dir='ltr' id='par_1_6' title="bbox 450 570 2093 642">
     <span class='ocr_line' id='line_1_6' title="bbox 450 570 2093 642; baseline -0.002 -17"><span class='ocrx_word' id='word_1_21' title='bbox 450 588 551 625; x_wconf 84' lang='lat' dir='ltr'>sex</span> <span class='ocrx_word' id='word_1_22' title='bbox 583 576 684 624; x_wconf 89' lang='lat' dir='ltr'>aut</span> <span class='ocrx_word' id='word_1_23' title='bbox 714 571 977 640; x_wconf 89' lang='lat' dir='ltr'>quinque</span> <span class='ocrx_word' id='word_1_24' title='bbox 1004 570 1194 624; x_wconf 89' lang='lat' dir='ltr'>millia</span> <span class='ocrx_word' id='word_1_25' title='bbox 1224 576 1609 637; x_wconf 90' lang='lat' dir='ltr'>armatorum,</span> <span class='ocrx_word' id='word_1_26' title='bbox 1633 571 1819 642; x_wconf 90' lang='lat' dir='ltr'>magis</span> <span class='ocrx_word' id='word_1_27' title='bbox 1842 587 1875 625; x_wconf 92' lang='lat' dir='ltr'>a</span> <span class='ocrx_word' id='word_1_28' title='bbox 1899 570 2093 623; x_wconf 85' lang='lat' dir='ltr'>fronte</span> 
     </span>
    </p>
   </div>
   <div class='ocr_carea' id='block_1_7' title="bbox 453 659 2096 716">
    <p class='ocr_par' dir='ltr' id='par_1_7' title="bbox 453 659 2096 716">
     <span class='ocr_line' id='line_1_7' title="bbox 453 659 2096 716; baseline -0.001 -2"><span class='ocrx_word' id='word_1_29' title='bbox 453 659 672 714; x_wconf 82' lang='lat' dir='ltr'>adoriri</span> <span class='ocrx_word' id='word_1_30' title='bbox 701 660 900 714; x_wconf 87' lang='lat' dir='ltr'>hostes</span> <span class='ocrx_word' id='word_1_31' title='bbox 921 659 1362 715; x_wconf 88' lang='lat' dir='ltr'>contendito.Et</span> <span class='ocrx_word' id='word_1_32' title='bbox 1383 661 1466 715; x_wconf 90' lang='lat' dir='ltr'>sic</span> <span class='ocrx_word' id='word_1_33' title='bbox 1484 660 1716 716; x_wconf 87' lang='lat' dir='ltr'>callidis</span> <span class='ocrx_word' id='word_1_34' title='bbox 1746 659 2014 715; x_wconf 85' lang='lat' dir='ltr'>consiliis</span> <span class='ocrx_word' id='word_1_35' title='bbox 2037 664 2096 712; x_wconf 88' lang='lat' dir='ltr'>et</span> 
     </span>
    </p>
   </div>
   <div class='ocr_carea' id='block_1_8' title="bbox 453 748 2094 820">
    <p class='ocr_par' dir='ltr' id='par_1_8' title="bbox 453 748 2094 820">
     <span class='ocr_line' id='line_1_8' title="bbox 453 748 2094 820; baseline -0.001 -17"><span class='ocrx_word' id='word_1_36' title='bbox 453 748 826 816; x_wconf 84' lang='lat' dir='ltr'>commentis,</span> <span class='ocrx_word' id='word_1_37' title='bbox 889 748 936 802; x_wconf 92' lang='lat' dir='ltr'>si</span> <span class='ocrx_word' id='word_1_38' title='bbox 989 765 1136 820; x_wconf 92' lang='lat' dir='ltr'>opus</span> <span class='ocrx_word' id='word_1_39' title='bbox 1194 755 1303 815; x_wconf 91' lang='lat' dir='ltr'>est,</span> <span class='ocrx_word' id='word_1_40' title='bbox 1364 753 1487 804; x_wconf 91' lang='lat' dir='ltr'>tum</span> <span class='ocrx_word' id='word_1_41' title='bbox 1539 751 1718 804; x_wconf 91' lang='lat' dir='ltr'>etiam</span> <span class='ocrx_word' id='word_1_42' title='bbox 1778 750 2094 820; x_wconf 83' lang='lat' dir='ltr'>insperatis</span> 
     </span>
    </p>
   </div>
   <div class='ocr_carea' id='block_1_9' title="bbox 450 837 2094 910">
    <p class='ocr_par' dir='ltr' id='par_1_9' title="bbox 450 837 2094 910">
     <span class='ocr_line' id='line_1_9' title="bbox 450 837 2094 910; baseline 0.001 -18"><span class='ocrx_word' id='word_1_43' title='bbox 450 837 1022 909; x_wconf 85' lang='lat' dir='ltr'>procursationibus,</span> <span class='ocrx_word' id='word_1_44' title='bbox 1049 843 1207 893; x_wconf 90' lang='lat' dir='ltr'>recte</span> <span class='ocrx_word' id='word_1_45' title='bbox 1246 855 1314 894; x_wconf 89' lang='lat' dir='ltr'>ac</span> <span class='ocrx_word' id='word_1_46' title='bbox 1343 839 1530 910; x_wconf 92' lang='lat' dir='ltr'>perite</span> <span class='ocrx_word' id='word_1_47' title='bbox 1560 839 1785 893; x_wconf 90' lang='lat' dir='ltr'>bellum</span> <span class='ocrx_word' id='word_1_48' title='bbox 1815 838 2094 893; x_wconf 88' lang='lat' dir='ltr'>adversus</span> 
     </span>
    </p>
   </div>
   <div class='ocr_carea' id='block_1_10' title="bbox 453 926 2093 999">
    <p class='ocr_par' dir='ltr' id='par_1_10' title="bbox 453 926 2093 999">
     <span class='ocr_line' id='line_1_10' title="bbox 453 926 2093 999; baseline -0.001 -17"><span class='ocrx_word' id='word_1_49' title='bbox 453 943 554 982; x_wconf 89' lang='lat' dir='ltr'>eos</span> <span class='ocrx_word' id='word_1_50' title='bbox 584 926 1031 993; x_wconf 79' lang='lat' dir='ltr'>administrans,</span> <span class='ocrx_word' id='word_1_51' title='bbox 1090 928 1137 981; x_wconf 93' lang='lat' dir='ltr'>si</span> <span class='ocrx_word' id='word_1_52' title='bbox 1197 927 1378 982; x_wconf 90' lang='lat' dir='ltr'>habes</span> <span class='ocrx_word' id='word_1_53' title='bbox 1436 928 1682 999; x_wconf 88' lang='lat' dir='ltr'>insuper</span> <span class='ocrx_word' id='word_1_54' title='bbox 1722 928 1938 982; x_wconf 87' lang='lat' dir='ltr'>Christi</span> <span class='ocrx_word' id='word_1_55' title='bbox 1991 927 2093 984; x_wconf 89' lang='lat' dir='ltr'>Dei</span> 
     </span>
    </p>
   </div>
   <div class='ocr_carea' id='block_1_11' title="bbox 448 1015 2094 1089">
    <p class='ocr_par' dir='ltr' id='par_1_11' title="bbox 448 1015 2094 1089">
     <span class='ocr_line' id='line_1_11' title="bbox 448 1015 2094 1089; baseline 0.001 -19"><span class='ocrx_word' id='word_1_56' title='bbox 448 1016 637 1070; x_wconf 80' lang='lat' dir='ltr'>nostri</span> <span class='ocrx_word' id='word_1_57' title='bbox 670 1015 952 1070; x_wconf 91' lang='lat' dir='ltr'>invictum</span> <span class='ocrx_word' id='word_1_58' title='bbox 984 1016 1271 1071; x_wconf 83' lang='lat' dir='ltr'>auxilium</span> <span class='ocrx_word' id='word_1_59' title='bbox 1313 1034 1418 1088; x_wconf 91' lang='lat' dir='ltr'>pro</span> <span class='ocrx_word' id='word_1_60' title='bbox 1469 1021 1524 1071; x_wconf 92' lang='lat' dir='ltr'>te</span> <span class='ocrx_word' id='word_1_61' title='bbox 1578 1034 1979 1089; x_wconf 81' lang='lat' dir='ltr'>propugnans,</span> <span class='ocrx_word' id='word_1_62' title='bbox 2024 1033 2094 1072; x_wconf 86' lang='lat' dir='ltr'>ex</span> 
     </span>
    </p>
   </div>
   <div class='ocr_carea' id='block_1_12' title="bbox 449 1106 2090 1178">
    <p class='ocr_par' dir='ltr' id='par_1_12' title="bbox 449 1106 2090 1178">
     <span class='ocr_line' id='line_1_12' title="bbox 449 1106 2090 1178; baseline 0.001 -19"><span class='ocrx_word' id='word_1_63' title='bbox 449 1106 693 1160; x_wconf 87' lang='lat' dir='ltr'>victoria</span> <span class='ocrx_word' id='word_1_64' title='bbox 722 1110 929 1160; x_wconf 89' lang='lat' dir='ltr'>contra</span> <span class='ocrx_word' id='word_1_65' title='bbox 960 1106 1158 1160; x_wconf 86' lang='lat' dir='ltr'>hostes</span> <span class='ocrx_word' id='word_1_66' title='bbox 1202 1122 1416 1178; x_wconf 88' lang='lat' dir='ltr'>magna</span> <span class='ocrx_word' id='word_1_67' title='bbox 1468 1107 1794 1161; x_wconf 86' lang='lat' dir='ltr'>constitues</span> <span class='ocrx_word' id='word_1_68' title='bbox 1851 1111 2090 1177; x_wconf 66' lang='lat' dir='ltr'>tropma.</span> 
     </span>
    </p>
   </div>
   <div class='ocr_carea' id='block_1_13' title="bbox 451 1195 2093 1266">
    <p class='ocr_par' dir='ltr' id='par_1_13' title="bbox 451 1195 2093 1266">
     <span class='ocr_line' id='line_1_13' title="bbox 451 1195 2093 1266; baseline 0.001 -18"><span class='ocrx_word' id='word_1_69' title='bbox 451 1196 798 1265; x_wconf 84' lang='lat' dir='ltr'>Quanquam</span> <span class='ocrx_word' id='word_1_70' title='bbox 831 1195 960 1250; x_wconf 82' lang='lat' dir='ltr'>fieri</span> <span class='ocrx_word' id='word_1_71' title='bbox 992 1211 1110 1249; x_wconf 90' lang='lat' dir='ltr'>non</span> <span class='ocrx_word' id='word_1_72' title='bbox 1124 1200 1337 1266; x_wconf 88' lang='lat' dir='ltr'>potest,</span> <span class='ocrx_word' id='word_1_73' title='bbox 1361 1200 1428 1249; x_wconf 92' lang='lat' dir='ltr'>ut</span> <span class='ocrx_word' id='word_1_74' title='bbox 1457 1195 1684 1250; x_wconf 68' lang='lat' dir='ltr'>casteris</span> <span class='ocrx_word' id='word_1_75' title='bbox 1705 1195 1881 1251; x_wconf 87' lang='lat' dir='ltr'>rebus</span> <span class='ocrx_word' id='word_1_76' title='bbox 1903 1196 2093 1266; x_wconf 87' lang='lat' dir='ltr'>impe-</span> 
     </span>
    </p>
   </div>
   <div class='ocr_carea' id='block_1_14' title="bbox 445 1284 2093 1356">
    <p class='ocr_par' dir='ltr' id='par_1_14' title="bbox 445 1284 2093 1356">
     <span class='ocr_line' id='line_1_14' title="bbox 445 1284 2093 1356; baseline 0.001 -18"><span class='ocrx_word' id='word_1_77' title='bbox 445 1285 663 1339; x_wconf 89' lang='lat' dir='ltr'>ratorie</span> <span class='ocrx_word' id='word_1_78' title='bbox 693 1301 761 1340; x_wconf 89' lang='lat' dir='ltr'>ac</span> <span class='ocrx_word' id='word_1_79' title='bbox 792 1284 1049 1339; x_wconf 88' lang='lat' dir='ltr'>scienter</span> <span class='ocrx_word' id='word_1_80' title='bbox 1079 1284 1154 1338; x_wconf 89' lang='lat' dir='ltr'>ad</span> <span class='ocrx_word' id='word_1_81' title='bbox 1193 1284 1419 1339; x_wconf 91' lang='lat' dir='ltr'>bellum</span> <span class='ocrx_word' id='word_1_82' title='bbox 1449 1289 1502 1339; x_wconf 91' lang='lat' dir='ltr'>te</span> <span class='ocrx_word' id='word_1_83' title='bbox 1534 1301 1728 1356; x_wconf 88' lang='lat' dir='ltr'>pares,</span> <span class='ocrx_word' id='word_1_84' title='bbox 1761 1285 1876 1339; x_wconf 89' lang='lat' dir='ltr'>nisi</span> <span class='ocrx_word' id='word_1_85' title='bbox 1929 1285 2093 1355; x_wconf 90' lang='lat' dir='ltr'>prius</span> 
     </span>
    </p>
   </div>
   <div class='ocr_carea' id='block_1_15' title="bbox 447 1373 2094 1445">
    <p class='ocr_par' dir='ltr' id='par_1_15' title="bbox 447 1373 2094 1445">
     <span class='ocr_line' id='line_1_15' title="bbox 447 1373 2094 1445; baseline 0.001 -19"><span class='ocrx_word' id='word_1_86' title='bbox 447 1374 783 1428; x_wconf 85' lang='lat' dir='ltr'>exercueris</span> <span class='ocrx_word' id='word_1_87' title='bbox 813 1378 991 1443; x_wconf 90' lang='lat' dir='ltr'>atque</span> <span class='ocrx_word' id='word_1_88' title='bbox 1023 1373 1313 1428; x_wconf 87' lang='lat' dir='ltr'>erudieris</span> <span class='ocrx_word' id='word_1_89' title='bbox 1343 1374 1544 1444; x_wconf 88' lang='lat' dir='ltr'>copias</span> <span class='ocrx_word' id='word_1_90' title='bbox 1601 1379 1751 1439; x_wconf 86' lang='lat' dir='ltr'>tuas,</span> <span class='ocrx_word' id='word_1_91' title='bbox 1815 1373 2094 1445; x_wconf 85' lang='lat' dir='ltr'>subigens</span> 
     </span>
    </p>
   </div>
   <div class='ocr_carea' id='block_1_16' title="bbox 447 1462 2092 1533">
    <p class='ocr_par' dir='ltr' id='par_1_16' title="bbox 447 1462 2092 1533">
     <span class='ocr_line' id='line_1_16' title="bbox 447 1462 2092 1533; baseline -0.001 -15"><span class='ocrx_word' id='word_1_92' title='bbox 447 1469 623 1533; x_wconf 89' lang='lat' dir='ltr'>atque</span> <span class='ocrx_word' id='word_1_93' title='bbox 652 1463 802 1519; x_wconf 71' lang='lat'>280</span> <span class='ocrx_word' id='word_1_94' title='bbox 837 1462 1055 1518; x_wconf 91' lang='lat' dir='ltr'>docens</span> <span class='ocrx_word' id='word_1_95' title='bbox 1086 1462 1220 1517; x_wconf 90' lang='lat' dir='ltr'>illas</span> <span class='ocrx_word' id='word_1_96' title='bbox 1251 1468 1375 1516; x_wconf 90' lang='lat' dir='ltr'>tum</span> <span class='ocrx_word' id='word_1_97' title='bbox 1401 1462 1724 1517; x_wconf 88' lang='lat' dir='ltr'>tractandis</span> <span class='ocrx_word' id='word_1_98' title='bbox 1755 1463 2092 1527; x_wconf 85' lang='lat' dir='ltr'>armis,tum</span> 
     </span>
    </p>
   </div>
   <div class='ocr_carea' id='block_1_17' title="bbox 443 1552 2091 1608">
    <p class='ocr_par' dir='ltr' id='par_1_17' title="bbox 443 1552 2091 1608">
     <span class='ocr_line' id='line_1_17' title="bbox 443 1552 2091 1608; baseline -0.001 -1"><span class='ocrx_word' id='word_1_99' title='bbox 443 1553 506 1608; x_wconf 90' lang='lat' dir='ltr'>in</span> <span class='ocrx_word' id='word_1_100' title='bbox 539 1552 963 1607; x_wconf 88' lang='lat' dir='ltr'>acerbitatibus</span> <span class='ocrx_word' id='word_1_101' title='bbox 1021 1569 1089 1608; x_wconf 88' lang='lat' dir='ltr'>ac</span> <span class='ocrx_word' id='word_1_102' title='bbox 1143 1553 1436 1608; x_wconf 89' lang='lat' dir='ltr'>molestiis</span> <span class='ocrx_word' id='word_1_103' title='bbox 1481 1553 1750 1608; x_wconf 87' lang='lat' dir='ltr'>laborum</span> <span class='ocrx_word' id='word_1_104' title='bbox 1783 1568 2091 1607; x_wconf 77' lang='lat' dir='ltr'>aerumna-</span> 
     </span>
    </p>
   </div>
   <div class='ocr_carea' id='block_1_18' title="bbox 443 1641 2089 1714">
    <p class='ocr_par' dir='ltr' id='par_1_18' title="bbox 443 1641 2089 1714">
     <span class='ocr_line' id='line_1_18' title="bbox 443 1641 2089 1714; baseline -0.001 -17"><span class='ocrx_word' id='word_1_105' title='bbox 443 1658 698 1713; x_wconf 90' lang='lat' dir='ltr'>rumque</span> <span class='ocrx_word' id='word_1_106' title='bbox 728 1641 1098 1714; x_wconf 88' lang='lat' dir='ltr'>perferendis</span> <span class='ocrx_word' id='word_1_107' title='bbox 1135 1657 1147 1696; x_wconf 93' lang='lat'>:</span> <span class='ocrx_word' id='word_1_108' title='bbox 1182 1659 1257 1696; x_wconf 92' lang='lat' dir='ltr'>ne</span> <span class='ocrx_word' id='word_1_109' title='bbox 1288 1642 1582 1708; x_wconf 89' lang='lat' dir='ltr'>mollitiei,</span> <span class='ocrx_word' id='word_1_110' title='bbox 1607 1641 1876 1713; x_wconf 79' lang='lat' dir='ltr'>ignaviae,</span> <span class='ocrx_word' id='word_1_111' title='bbox 1901 1647 2089 1696; x_wconf 91' lang='lat' dir='ltr'>temu-</span> 
     </span>
    </p>
   </div>
   <div class='ocr_carea' id='block_1_19' title="bbox 443 1731 2090 1803">
    <p class='ocr_par' dir='ltr' id='par_1_19' title="bbox 443 1731 2090 1803">
     <span class='ocr_line' id='line_1_19' title="bbox 443 1731 2090 1803; baseline 0 -16"><span class='ocrx_word' id='word_1_112' title='bbox 443 1732 667 1798; x_wconf 68' lang='lat' dir='ltr'>lentiaa,</span> <span class='ocrx_word' id='word_1_113' title='bbox 701 1732 974 1797; x_wconf 70' lang='lat' dir='ltr'>luxuriae,</span> <span class='ocrx_word' id='word_1_114' title='bbox 1005 1732 1254 1803; x_wconf 86' lang='lat' dir='ltr'>reliquis</span> <span class='ocrx_word' id='word_1_115' title='bbox 1278 1733 1561 1802; x_wconf 87' lang='lat' dir='ltr'>nequitiis</span> <span class='ocrx_word' id='word_1_116' title='bbox 1583 1733 1734 1786; x_wconf 85' lang='lat' dir='ltr'>totos</span> <span class='ocrx_word' id='word_1_117' title='bbox 1756 1749 1816 1786; x_wconf 91' lang='lat' dir='ltr'>se</span> <span class='ocrx_word' id='word_1_118' title='bbox 1833 1731 2090 1787; x_wconf 87' lang='lat' dir='ltr'>tradant.</span> 
     </span>
    </p>
   </div>
   <div class='ocr_carea' id='block_1_20' title="bbox 2199 563 3849 640">
    <p class='ocr_par' dir='ltr' id='par_1_20' title="bbox 2199 563 3849 640">
     <span class='ocr_line' id='line_1_20' title="bbox 2199 563 3849 640; baseline 0.001 -22"><span class='ocrx_word' id='word_1_119' title='bbox 2199 564 2287 618; x_wconf 87' lang='grc' dir='ltr'>καὶ</span> <span class='ocrx_word' id='word_1_120' title='bbox 2321 563 2714 640; x_wconf 77' lang='grc' dir='ltr'>εὐαρίθμητον,</span> <span class='ocrx_word' id='word_1_121' title='bbox 2763 565 2852 620; x_wconf 82' lang='grc' dir='ltr'>καὶ</span> <span class='ocrx_word' id='word_1_122' title='bbox 2883 569 2978 621; x_wconf 82' lang='grc' dir='ltr'>τοῦ</span> <span class='ocrx_word' id='word_1_123' title='bbox 3035 570 3146 620; x_wconf 89' lang='grc' dir='ltr'>τῶν</span> <span class='ocrx_word' id='word_1_124' title='bbox 3184 565 3468 638; x_wconf 90' lang='grc' dir='ltr'>πολεμίων</span> <span class='ocrx_word' id='word_1_125' title='bbox 3496 565 3650 621; x_wconf 81' lang='grc' dir='ltr'>πολὺ</span> <span class='ocrx_word' id='word_1_126' title='bbox 3685 565 3849 620; x_wconf 81' lang='grc' dir='ltr'>ἐλατ-</span> 
     </span>
    </p>
   </div>
   <div class='ocr_carea' id='block_1_21' title="bbox 2199 651 3852 730">
    <p class='ocr_par' dir='ltr' id='par_1_21' title="bbox 2199 651 3852 730">
     <span class='ocr_line' id='line_1_21' title="bbox 2199 651 3852 730; baseline 0.001 -23"><span class='ocrx_word' id='word_1_127' title='bbox 2199 653 2486 726; x_wconf 87' lang='grc' dir='ltr'>τούμενον.</span> <span class='ocrx_word' id='word_1_128' title='bbox 2521 654 2589 710; x_wconf 71' lang='grc' dir='ltr'>Εἴ</span> <span class='ocrx_word' id='word_1_129' title='bbox 2618 651 2676 709; x_wconf 80' lang='grc' dir='ltr'>δὶ</span> <span class='ocrx_word' id='word_1_130' title='bbox 2706 655 2830 730; x_wconf 79' lang='grc' dir='ltr'>περὶ</span> <span class='ocrx_word' id='word_1_131' title='bbox 2859 655 2955 717; x_wconf 75' lang='grc' dir='ltr'>τὰς</span> <span class='ocrx_word' id='word_1_132' title='bbox 2983 652 3038 728; x_wconf 73' lang='grc' dir='ltr'>ἓξ</span> <span class='ocrx_word' id='word_1_133' title='bbox 3080 655 3115 724; x_wconf 74' lang='grc' dir='ltr'><strong>ἢ</strong></span> <span class='ocrx_word' id='word_1_134' title='bbox 3173 657 3332 710; x_wconf 92' lang='grc' dir='ltr'>πέντε</span> <span class='ocrx_word' id='word_1_135' title='bbox 3363 652 3627 730; x_wconf 81' lang='grc' dir='ltr'>χιλιάδας</span> <span class='ocrx_word' id='word_1_136' title='bbox 3661 655 3852 728; x_wconf 86' lang='grc' dir='ltr'>ἀπαρι-</span> 
     </span>
    </p>
   </div>
   <div class='ocr_carea' id='block_1_22' title="bbox 2199 743 3849 819">
    <p class='ocr_par' dir='ltr' id='par_1_22' title="bbox 2199 743 3849 819">
     <span class='ocr_line' id='line_1_22' title="bbox 2199 743 3849 819; baseline 0.001 -22"><span class='ocrx_word' id='word_1_137' title='bbox 2199 744 2416 815; x_wconf 82' lang='grc' dir='ltr'>θμεῖται</span> <span class='ocrx_word' id='word_1_138' title='bbox 2446 743 2507 798; x_wconf 86' lang='grc' dir='ltr'>τὸ</span> <span class='ocrx_word' id='word_1_139' title='bbox 2542 745 2644 799; x_wconf 85' lang='grc' dir='ltr'>ὑπὸ</span> <span class='ocrx_word' id='word_1_140' title='bbox 2677 744 2734 798; x_wconf 77' lang='grc' dir='ltr'>σὶ</span> <span class='ocrx_word' id='word_1_141' title='bbox 2795 745 3070 819; x_wconf 84' lang='grc' dir='ltr'>μάχιμον,</span> <span class='ocrx_word' id='word_1_142' title='bbox 3106 744 3320 817; x_wconf 72' lang='grc' dir='ltr'>μᾶλλον</span> <span class='ocrx_word' id='word_1_143' title='bbox 3371 745 3506 799; x_wconf 79' lang='grc' dir='ltr'>κατὰ</span> <span class='ocrx_word' id='word_1_144' title='bbox 3555 743 3849 816; x_wconf 84' lang='grc' dir='ltr'>πρόσωπον</span> 
     </span>
    </p>
   </div>
   <div class='ocr_carea' id='block_1_23' title="bbox 2200 831 3851 906">
    <p class='ocr_par' dir='ltr' id='par_1_23' title="bbox 2200 831 3851 906">
     <span class='ocr_line' id='line_1_23' title="bbox 2200 831 3851 906; baseline 0 -20"><span class='ocrx_word' id='word_1_145' title='bbox 2200 833 2571 906; x_wconf 80' lang='grc' dir='ltr'>ἀντιτάξασθαι</span> <span class='ocrx_word' id='word_1_146' title='bbox 2624 839 2744 895; x_wconf 87' lang='grc' dir='ltr'>τοῖς</span> <span class='ocrx_word' id='word_1_147' title='bbox 2795 833 3093 906; x_wconf 85' lang='grc' dir='ltr'>πολεμίοις</span> <span class='ocrx_word' id='word_1_148' title='bbox 3147 832 3454 906; x_wconf 85' lang='grc' dir='ltr'>ἐπείχθητι.</span> <span class='ocrx_word' id='word_1_149' title='bbox 3513 833 3621 889; x_wconf 80' lang='grc' dir='ltr'>Καὶ</span> <span class='ocrx_word' id='word_1_150' title='bbox 3681 831 3851 895; x_wconf 75' lang='grc' dir='ltr'>οὕτως</span> 
     </span>
    </p>
   </div>
   <div class='ocr_carea' id='block_1_24' title="bbox 2200 918 3850 998">
    <p class='ocr_par' dir='ltr' id='par_1_24' title="bbox 2200 918 3850 998">
     <span class='ocr_line' id='line_1_24' title="bbox 2200 918 3850 998; baseline 0 -24"><span class='ocrx_word' id='word_1_151' title='bbox 2200 918 2290 975; x_wconf 77' lang='grc' dir='ltr'>διὰ</span> <span class='ocrx_word' id='word_1_152' title='bbox 2350 923 2675 994; x_wconf 81' lang='grc' dir='ltr'>μηχανικῶν</span> <span class='ocrx_word' id='word_1_153' title='bbox 2731 923 3204 998; x_wconf 85' lang='grc' dir='ltr'>στρατηγημάτων</span> <span class='ocrx_word' id='word_1_154' title='bbox 3261 922 3352 976; x_wconf 82' lang='grc' dir='ltr'>καὶ</span> <span class='ocrx_word' id='word_1_155' title='bbox 3429 920 3850 991; x_wconf 82' lang='grc' dir='ltr'>ἐπιτηδεύσεων,</span> 
     </span>
    </p>
   </div>
   <div class='ocr_carea' id='block_1_25' title="bbox 2199 1009 3851 1084">
    <p class='ocr_par' dir='ltr' id='par_1_25' title="bbox 2199 1009 3851 1084">
     <span class='ocr_line' id='line_1_25' title="bbox 2199 1009 3851 1084; baseline -0.002 -18"><span class='ocrx_word' id='word_1_156' title='bbox 2199 1009 2245 1065; x_wconf 78' lang='grc' dir='ltr'>εἷ</span> <span class='ocrx_word' id='word_1_157' title='bbox 2297 1012 2433 1084; x_wconf 81' lang='grc' dir='ltr'>χρὴ,</span> <span class='ocrx_word' id='word_1_158' title='bbox 2493 1011 2584 1066; x_wconf 84' lang='grc' dir='ltr'>καὶ</span> <span class='ocrx_word' id='word_1_159' title='bbox 2637 1009 2921 1081; x_wconf 79' lang='grc' dir='ltr'>ἀδοκήτων</span> <span class='ocrx_word' id='word_1_160' title='bbox 2983 1013 3100 1066; x_wconf 86' lang='grc' dir='ltr'>κατ’</span> <span class='ocrx_word' id='word_1_161' title='bbox 3172 1010 3345 1065; x_wconf 77' lang='grc' dir='ltr'>αὐτῶν</span> <span class='ocrx_word' id='word_1_162' title='bbox 3405 1009 3721 1078; x_wconf 73' lang='grc' dir='ltr'>ἐπιθέσεων,</span> <span class='ocrx_word' id='word_1_163' title='bbox 3765 1009 3851 1063; x_wconf 83' lang='grc' dir='ltr'>καὶ</span> 
     </span>
    </p>
   </div>
   <div class='ocr_carea' id='block_1_26' title="bbox 2200 1099 3843 1176">
    <p class='ocr_par' dir='ltr' id='par_1_26' title="bbox 2200 1099 3843 1176">
     <span class='ocr_line' id='line_1_26' title="bbox 2200 1099 3843 1176; baseline -0.001 -22"><span class='ocrx_word' id='word_1_164' title='bbox 2200 1099 2247 1154; x_wconf 73' lang='grc' dir='ltr'>εἴ</span> <span class='ocrx_word' id='word_1_165' title='bbox 2275 1099 2322 1136; x_wconf 78' lang='grc'>⁷³</span> <span class='ocrx_word' id='word_1_166' title='bbox 2345 1101 2529 1164; x_wconf 81' lang='grc' dir='ltr'>καλῶς</span> <span class='ocrx_word' id='word_1_167' title='bbox 2559 1100 2652 1156; x_wconf 69' lang='grc' dir='ltr'>καὶ</span> <span class='ocrx_word' id='word_1_168' title='bbox 2688 1101 2962 1176; x_wconf 77' lang='grc' dir='ltr'>ἐμπείρως</span> <span class='ocrx_word' id='word_1_169' title='bbox 2989 1101 3082 1156; x_wconf 83' lang='grc' dir='ltr'>τὸν</span> <span class='ocrx_word' id='word_1_170' title='bbox 3139 1103 3257 1156; x_wconf 88' lang='grc' dir='ltr'>κατ’</span> <span class='ocrx_word' id='word_1_171' title='bbox 3312 1102 3489 1156; x_wconf 79' lang='grc' dir='ltr'>αὐτῶν</span> <span class='ocrx_word' id='word_1_172' title='bbox 3539 1102 3843 1175; x_wconf 75' lang='grc' dir='ltr'>μηχανήσῃ</span> 
     </span>
    </p>
   </div>
   <div class='ocr_carea' id='block_1_27' title="bbox 2198 1185 3850 1265">
    <p class='ocr_par' dir='ltr' id='par_1_27' title="bbox 2198 1185 3850 1265">
     <span class='ocr_line' id='line_1_27' title="bbox 2198 1185 3850 1265; baseline 0.001 -22"><span class='ocrx_word' id='word_1_173' title='bbox 2198 1185 2468 1262; x_wconf 80' lang='grc' dir='ltr'>πόλεμον,</span> <span class='ocrx_word' id='word_1_174' title='bbox 2501 1189 2645 1265; x_wconf 78' lang='grc' dir='ltr'>ἔχων</span> <span class='ocrx_word' id='word_1_175' title='bbox 2676 1193 2776 1259; x_wconf 79' lang='grc' dir='ltr'>τήν</span> <span class='ocrx_word' id='word_1_176' title='bbox 2808 1193 3067 1265; x_wconf 79' lang='grc' dir='ltr'>Χριστοῦ</span> <span class='ocrx_word' id='word_1_177' title='bbox 3123 1195 3220 1246; x_wconf 80' lang='grc' dir='ltr'>τοῦ</span> <span class='ocrx_word' id='word_1_178' title='bbox 3272 1194 3406 1246; x_wconf 80' lang='grc' dir='ltr'>Θεοῦ</span> <span class='ocrx_word' id='word_1_179' title='bbox 3454 1191 3622 1262; x_wconf 65' lang='grc' dir='ltr'>⁴ἡμῶν</span> <span class='ocrx_word' id='word_1_180' title='bbox 3649 1189 3850 1244; x_wconf 77' lang='grc' dir='ltr'>ἀκατα-</span> 
     </span>
    </p>
   </div>
   <div class='ocr_carea' id='block_1_28' title="bbox 2205 1279 3851 1356">
    <p class='ocr_par' dir='ltr' id='par_1_28' title="bbox 2205 1279 3851 1356">
     <span class='ocr_line' id='line_1_28' title="bbox 2205 1279 3851 1356; baseline -0.001 -22"><span class='ocrx_word' id='word_1_181' title='bbox 2205 1279 2456 1354; x_wconf 81' lang='grc' dir='ltr'>μᾶχητον</span> <span class='ocrx_word' id='word_1_182' title='bbox 2539 1282 2792 1355; x_wconf 79' lang='grc' dir='ltr'>βοήθειαν</span> <span class='ocrx_word' id='word_1_183' title='bbox 2863 1280 3363 1354; x_wconf 82' lang='grc' dir='ltr'>συνεπαμύνουσαν,</span> <span class='ocrx_word' id='word_1_184' title='bbox 3453 1279 3669 1356; x_wconf 84' lang='grc' dir='ltr'>μεγάλα</span> <span class='ocrx_word' id='word_1_185' title='bbox 3722 1279 3851 1334; x_wconf 79' lang='grc' dir='ltr'>κατὰ</span> 
     </span>
    </p>
   </div>
   <div class='ocr_carea' id='block_1_29' title="bbox 2198 1365 3851 1447">
    <p class='ocr_par' dir='ltr' id='par_1_29' title="bbox 2198 1365 3851 1447">
     <span class='ocr_line' id='line_1_29' title="bbox 2198 1365 3851 1447; baseline 0.001 -25"><span class='ocrx_word' id='word_1_186' title='bbox 2198 1373 2308 1422; x_wconf 88' lang='grc' dir='ltr'>τῶν</span> <span class='ocrx_word' id='word_1_187' title='bbox 2341 1367 2555 1443; x_wconf 91' lang='grc' dir='ltr'>ἐχθρῶν</span> <span class='ocrx_word' id='word_1_188' title='bbox 2588 1371 2746 1439; x_wconf 83' lang='grc' dir='ltr'>νίκης</span> <span class='ocrx_word' id='word_1_189' title='bbox 2784 1371 2987 1447; x_wconf 77' lang='grc' dir='ltr'>ἐργάσῃ</span> <span class='ocrx_word' id='word_1_190' title='bbox 3017 1371 3270 1446; x_wconf 78' lang='grc' dir='ltr'>τρόπαια.</span> <span class='ocrx_word' id='word_1_191' title='bbox 3325 1370 3441 1426; x_wconf 83' lang='grc' dir='ltr'>Ούκ</span> <span class='ocrx_word' id='word_1_192' title='bbox 3491 1369 3616 1424; x_wconf 65' lang='grc' dir='ltr'>ἐνὸν</span> <span class='ocrx_word' id='word_1_193' title='bbox 3650 1365 3710 1423; x_wconf 74' lang='grc' dir='ltr'>δὲ</span> <span class='ocrx_word' id='word_1_194' title='bbox 3763 1366 3851 1424; x_wconf 75' lang='grc' dir='ltr'>είλ-</span> 
     </span>
    </p>
   </div>
   <div class='ocr_carea' id='block_1_30' title="bbox 2202 1464 3845 1542">
    <p class='ocr_par' dir='ltr' id='par_1_30' title="bbox 2202 1464 3845 1542">
     <span class='ocr_line' id='line_1_30' title="bbox 2202 1464 3845 1542; baseline 0.001 -24"><span class='ocrx_word' id='word_1_195' title='bbox 2202 1481 2314 1527; x_wconf 78' lang='grc' dir='ltr'>Αως</span> <span class='ocrx_word' id='word_1_196' title='bbox 2381 1471 2755 1542; x_wconf 81' lang='grc' dir='ltr'>στρατηγικῶς</span> <span class='ocrx_word' id='word_1_197' title='bbox 2807 1468 2894 1522; x_wconf 86' lang='grc' dir='ltr'>καὶ</span> <span class='ocrx_word' id='word_1_198' title='bbox 2946 1465 3221 1542; x_wconf 82' lang='grc' dir='ltr'>ἐμπείρως</span> <span class='ocrx_word' id='word_1_199' title='bbox 3279 1466 3416 1539; x_wconf 86' lang='grc' dir='ltr'>πρὸς</span> <span class='ocrx_word' id='word_1_200' title='bbox 3469 1466 3563 1519; x_wconf 87' lang='grc' dir='ltr'>τὸν</span> <span class='ocrx_word' id='word_1_201' title='bbox 3605 1464 3845 1539; x_wconf 86' lang='grc' dir='ltr'>πόλεμον</span> 
     </span>
    </p>
   </div>
   <div class='ocr_carea' id='block_1_31' title="bbox 2197 1554 3848 1633">
    <p class='ocr_par' dir='ltr' id='par_1_31' title="bbox 2197 1554 3848 1633">
     <span class='ocr_line' id='line_1_31' title="bbox 2197 1554 3848 1633; baseline 0.001 -25"><span class='ocrx_word' id='word_1_202' title='bbox 2197 1557 2704 1626; x_wconf 84' lang='grc' dir='ltr'>παρασκευασθῆναί</span> <span class='ocrx_word' id='word_1_203' title='bbox 2735 1578 2812 1627; x_wconf 91' lang='grc' dir='ltr'>σε,</span> <span class='ocrx_word' id='word_1_204' title='bbox 2873 1557 2920 1612; x_wconf 83' lang='grc' dir='ltr'>εί</span> <span class='ocrx_word' id='word_1_205' title='bbox 2980 1558 3056 1630; x_wconf 81' lang='grc' dir='ltr'>μή</span> <span class='ocrx_word' id='word_1_206' title='bbox 3103 1557 3365 1633; x_wconf 87' lang='grc' dir='ltr'>πρότερον</span> <span class='ocrx_word' id='word_1_207' title='bbox 3399 1554 3709 1630; x_wconf 78' lang='grc' dir='ltr'>ἐξασκήσῃς</span> <span class='ocrx_word' id='word_1_208' title='bbox 3764 1575 3848 1610; x_wconf 89' lang='grc' dir='ltr'>και</span> 
     </span>
    </p>
   </div>
   <div class='ocr_carea' id='block_1_32' title="bbox 2200 1642 3846 1722">
    <p class='ocr_par' dir='ltr' id='par_1_32' title="bbox 2200 1642 3846 1722">
     <span class='ocr_line' id='line_1_32' title="bbox 2200 1642 3846 1722; baseline -0.001 -23"><span class='ocrx_word' id='word_1_209' title='bbox 2200 1642 2557 1721; x_wconf 78' lang='grc' dir='ltr'>ἐκπαιδεύσῃς</span> <span class='ocrx_word' id='word_1_210' title='bbox 2589 1646 2652 1700; x_wconf 86' lang='grc' dir='ltr'>τὸ</span> <span class='ocrx_word' id='word_1_211' title='bbox 2709 1647 2810 1701; x_wconf 84' lang='grc' dir='ltr'>ὑπὸ</span> <span class='ocrx_word' id='word_1_212' title='bbox 2860 1647 2919 1701; x_wconf 71' lang='grc' dir='ltr'>σε</span> <span class='ocrx_word' id='word_1_213' title='bbox 2979 1649 3308 1722; x_wconf 81' lang='grc' dir='ltr'>στράτευμα,</span> <span class='ocrx_word' id='word_1_214' title='bbox 3341 1645 3531 1714; x_wconf 80' lang='grc' dir='ltr'>ἐθίζων</span> <span class='ocrx_word' id='word_1_215' title='bbox 3575 1643 3710 1700; x_wconf 80' lang='grc' dir='ltr'>αὐτὸ</span> <span class='ocrx_word' id='word_1_216' title='bbox 3762 1646 3846 1699; x_wconf 74' lang='grc' dir='ltr'>καί</span> 
     </span>
    </p>
   </div>
   <div class='ocr_carea' id='block_1_33' title="bbox 2201 1733 3842 1809">
    <p class='ocr_par' dir='ltr' id='par_1_33' title="bbox 2201 1733 3842 1809">
     <span class='ocr_line' id='line_1_33' title="bbox 2201 1733 3842 1809; baseline -0.001 -22"><span class='ocrx_word' id='word_1_217' title='bbox 2201 1733 2552 1809; x_wconf 82' lang='grc' dir='ltr'>ἐγγυμνάζων</span> <span class='ocrx_word' id='word_1_218' title='bbox 2607 1735 2684 1799; x_wconf 73' lang='grc' dir='ltr'>εἴς</span> <span class='ocrx_word' id='word_1_219' title='bbox 2730 1755 2789 1790; x_wconf 84' lang='grc' dir='ltr'>τε</span> <span class='ocrx_word' id='word_1_220' title='bbox 2843 1737 2942 1805; x_wconf 79' lang='grc' dir='ltr'>τήν</span> <span class='ocrx_word' id='word_1_221' title='bbox 3013 1739 3122 1790; x_wconf 89' lang='grc' dir='ltr'>τῶν</span> <span class='ocrx_word' id='word_1_222' title='bbox 3183 1733 3369 1790; x_wconf 77' lang='grc' dir='ltr'>ὅπλων</span> <span class='ocrx_word' id='word_1_223' title='bbox 3447 1733 3842 1809; x_wconf 88' lang='grc' dir='ltr'>μεταχείρισιν,</span> 
     </span>
    </p>
   </div>
   <div class='ocr_carea' id='block_1_34' title="bbox 447 1819 2090 1902">
    <p class='ocr_par' dir='ltr' id='par_1_34' title="bbox 447 1821 2090 1894">
     <span class='ocr_line' id='line_1_34' title="bbox 447 1821 2090 1894; baseline -0.001 -16"><span class='ocrx_word' id='word_1_224' title='bbox 447 1822 736 1878; x_wconf 88' lang='lat' dir='ltr'>Convenit</span> <span class='ocrx_word' id='word_1_225' title='bbox 763 1823 928 1889; x_wconf 90' lang='lat' dir='ltr'>item,</span> <span class='ocrx_word' id='word_1_226' title='bbox 956 1826 1022 1876; x_wconf 94' lang='lat' dir='ltr'>ut</span> <span class='ocrx_word' id='word_1_227' title='bbox 1050 1837 1220 1894; x_wconf 87' lang='lat' dir='ltr'>rogas</span> <span class='ocrx_word' id='word_1_228' title='bbox 1252 1827 1427 1892; x_wconf 89' lang='lat' dir='ltr'>atque</span> <span class='ocrx_word' id='word_1_229' title='bbox 1453 1822 1950 1877; x_wconf 90' lang='lat' dir='ltr'>frumentationes</span> <span class='ocrx_word' id='word_1_230' title='bbox 1974 1821 2090 1892; x_wconf 90' lang='lat' dir='ltr'>ple-</span> 
     </span>
    </p>
   </div>
   <div class='ocr_carea' id='block_1_35' title="bbox 2198 1819 3850 1902">
    <p class='ocr_par' dir='ltr' id='par_1_35' title="bbox 2198 1819 3850 1897">
     <span class='ocr_line' id='line_1_35' title="bbox 2198 1819 3850 1897; baseline -0.001 -21"><span class='ocrx_word' id='word_1_231' title='bbox 2198 1823 2287 1876; x_wconf 86' lang='grc' dir='ltr'>καὶ</span> <span class='ocrx_word' id='word_1_232' title='bbox 2317 1821 2497 1877; x_wconf 89' lang='grc' dir='ltr'>πόνων</span> <span class='ocrx_word' id='word_1_233' title='bbox 2547 1823 2638 1878; x_wconf 85' lang='grc' dir='ltr'>καὶ</span> <span class='ocrx_word' id='word_1_234' title='bbox 2691 1821 3082 1897; x_wconf 80' lang='grc' dir='ltr'>ταλαιπωριῶν</span> <span class='ocrx_word' id='word_1_235' title='bbox 3139 1822 3202 1877; x_wconf 83' lang='grc' dir='ltr'>τὸ</span> <span class='ocrx_word' id='word_1_236' title='bbox 3256 1820 3423 1896; x_wconf 84' lang='grc' dir='ltr'>δριμύ</span> <span class='ocrx_word' id='word_1_237' title='bbox 3478 1843 3539 1876; x_wconf 86' lang='grc' dir='ltr'>τε</span> <span class='ocrx_word' id='word_1_238' title='bbox 3586 1821 3678 1877; x_wconf 84' lang='grc' dir='ltr'>καὶ</span> <span class='ocrx_word' id='word_1_239' title='bbox 3737 1819 3850 1876; x_wconf 89' lang='grc' dir='ltr'>ἐπί-</span> 
     </span>
    </p>
   </div>
   <div class='ocr_carea' id='block_1_36' title="bbox 444 1910 2090 1983">
    <p class='ocr_par' dir='ltr' id='par_1_36' title="bbox 444 1910 2090 1983">
     <span class='ocr_line' id='line_1_36' title="bbox 444 1910 2090 1983; baseline -0.001 -17"><span class='ocrx_word' id='word_1_240' title='bbox 444 1927 554 1966; x_wconf 88' lang='lat' dir='ltr'>nas</span> <span class='ocrx_word' id='word_1_241' title='bbox 583 1911 916 1982; x_wconf 87' lang='lat' dir='ltr'>accipiant;</span> <span class='ocrx_word' id='word_1_242' title='bbox 945 1911 1308 1982; x_wconf 91' lang='lat' dir='ltr'>insuperque</span> <span class='ocrx_word' id='word_1_243' title='bbox 1339 1910 1614 1966; x_wconf 86' lang='lat' dir='ltr'>donativa</span> <span class='ocrx_word' id='word_1_244' title='bbox 1644 1916 1701 1965; x_wconf 89' lang='lat' dir='ltr'>et</span> <span class='ocrx_word' id='word_1_245' title='bbox 1723 1911 2090 1983; x_wconf 88' lang='lat' dir='ltr'>largitiones,</span> 
     </span>
    </p>
   </div>
   <div class='ocr_carea' id='block_1_37' title="bbox 446 1999 2094 2072">
    <p class='ocr_par' dir='ltr' id='par_1_37' title="bbox 446 1999 2094 2072">
     <span class='ocr_line' id='line_1_37' title="bbox 446 1999 2094 2072; baseline 0.001 -17"><span class='ocrx_word' id='word_1_246' title='bbox 446 1999 604 2055; x_wconf 89' lang='lat' dir='ltr'>ultra</span> <span class='ocrx_word' id='word_1_247' title='bbox 631 2005 947 2055; x_wconf 88' lang='lat' dir='ltr'>consuetas</span> <span class='ocrx_word' id='word_1_248' title='bbox 975 2016 1043 2055; x_wconf 90' lang='lat' dir='ltr'>ac</span> <span class='ocrx_word' id='word_1_249' title='bbox 1072 2001 1480 2072; x_wconf 74' lang='lat' dir='ltr'>praascriptas:</span> <span class='ocrx_word' id='word_1_250' title='bbox 1509 2005 1575 2055; x_wconf 90' lang='lat' dir='ltr'>ut</span> <span class='ocrx_word' id='word_1_251' title='bbox 1596 2001 1679 2056; x_wconf 90' lang='lat' dir='ltr'>sic</span> <span class='ocrx_word' id='word_1_252' title='bbox 1709 2002 2094 2057; x_wconf 88' lang='lat' dir='ltr'>necessitates</span> 
     </span>
    </p>
   </div>
   <div class='ocr_carea' id='block_1_38' title="bbox 449 2089 2094 2162">
    <p class='ocr_par' dir='ltr' id='par_1_38' title="bbox 449 2089 2094 2162">
     <span class='ocr_line' id='line_1_38' title="bbox 449 2089 2094 2162; baseline 0 -16"><span class='ocrx_word' id='word_1_253' title='bbox 449 2106 584 2146; x_wconf 84' lang='lat' dir='ltr'>suas</span> <span class='ocrx_word' id='word_1_254' title='bbox 614 2090 773 2146; x_wconf 86' lang='lat' dir='ltr'>nacti</span> <span class='ocrx_word' id='word_1_255' title='bbox 805 2089 942 2145; x_wconf 91' lang='lat' dir='ltr'>inde</span> <span class='ocrx_word' id='word_1_256' title='bbox 975 2095 1032 2145; x_wconf 92' lang='lat' dir='ltr'>et</span> <span class='ocrx_word' id='word_1_257' title='bbox 1063 2106 1245 2160; x_wconf 91' lang='lat' dir='ltr'>equos</span> <span class='ocrx_word' id='word_1_258' title='bbox 1303 2091 1559 2162; x_wconf 89' lang='lat' dir='ltr'>optimos</span> <span class='ocrx_word' id='word_1_259' title='bbox 1615 2095 1675 2145; x_wconf 93' lang='lat' dir='ltr'>et</span> <span class='ocrx_word' id='word_1_260' title='bbox 1731 2096 2094 2146; x_wconf 89' lang='lat' dir='ltr'>armaturam</span> 
     </span>
    </p>
   </div>
   <div class='ocr_carea' id='block_1_39' title="bbox 444 2179 2092 2251">
    <p class='ocr_par' dir='ltr' id='par_1_39' title="bbox 444 2179 2092 2251">
     <span class='ocr_line' id='line_1_39' title="bbox 444 2179 2092 2251; baseline 0.001 -17"><span class='ocrx_word' id='word_1_261' title='bbox 444 2179 740 2250; x_wconf 88' lang='lat' dir='ltr'>reliquam</span> <span class='ocrx_word' id='word_1_262' title='bbox 762 2197 1107 2251; x_wconf 87' lang='lat' dir='ltr'>comparare</span> <span class='ocrx_word' id='word_1_263' title='bbox 1137 2179 1250 2234; x_wconf 88' lang='lat' dir='ltr'>sibi</span> <span class='ocrx_word' id='word_1_264' title='bbox 1297 2180 1547 2250; x_wconf 89' lang='lat' dir='ltr'>possint,</span> <span class='ocrx_word' id='word_1_265' title='bbox 1580 2185 1639 2233; x_wconf 88' lang='lat' dir='ltr'>et</span> <span class='ocrx_word' id='word_1_266' title='bbox 1685 2179 1821 2234; x_wconf 74' lang='lat' dir='ltr'>laeta</span> <span class='ocrx_word' id='word_1_267' title='bbox 1873 2186 2092 2248; x_wconf 91' lang='lat' dir='ltr'>mente,</span> 
     </span>
    </p>
   </div>
   <div class='ocr_carea' id='block_1_40' title="bbox 445 2268 2095 2339">
    <p class='ocr_par' dir='ltr' id='par_1_40' title="bbox 445 2268 2095 2339">
     <span class='ocr_line' id='line_1_40' title="bbox 445 2268 2095 2339; baseline 0.001 -17"><span class='ocrx_word' id='word_1_268' title='bbox 445 2273 647 2339; x_wconf 89' lang='lat' dir='ltr'>parato</span> <span class='ocrx_word' id='word_1_269' title='bbox 673 2274 851 2339; x_wconf 89' lang='lat' dir='ltr'>atque</span> <span class='ocrx_word' id='word_1_270' title='bbox 877 2273 1074 2323; x_wconf 86' lang='lat' dir='ltr'>erecto</span> <span class='ocrx_word' id='word_1_271' title='bbox 1096 2269 1295 2323; x_wconf 89' lang='lat' dir='ltr'>animo</span> <span class='ocrx_word' id='word_1_272' title='bbox 1310 2285 1414 2339; x_wconf 92' lang='lat' dir='ltr'>pro</span> <span class='ocrx_word' id='word_1_273' title='bbox 1435 2268 1617 2323; x_wconf 90' lang='lat' dir='ltr'>sacris</span> <span class='ocrx_word' id='word_1_274' title='bbox 1637 2268 2095 2338; x_wconf 89' lang='lat' dir='ltr'>imperatoribus</span> 
     </span>
    </p>
   </div>
   <div class='ocr_carea' id='block_1_41' title="bbox 447 2355 2096 2428">
    <p class='ocr_par' dir='ltr' id='par_1_41' title="bbox 447 2355 2096 2428">
     <span class='ocr_line' id='line_1_41' title="bbox 447 2355 2096 2428; baseline 0.001 -17"><span class='ocrx_word' id='word_1_275' title='bbox 447 2355 671 2412; x_wconf 89' lang='lat' dir='ltr'>nostris</span> <span class='ocrx_word' id='word_1_276' title='bbox 699 2356 1091 2427; x_wconf 89' lang='lat' dir='ltr'>universaque</span> <span class='ocrx_word' id='word_1_277' title='bbox 1115 2356 1420 2427; x_wconf 87' lang='lat' dir='ltr'>republica</span> <span class='ocrx_word' id='word_1_278' title='bbox 1449 2356 1782 2412; x_wconf 88' lang='lat' dir='ltr'>Christiana</span> <span class='ocrx_word' id='word_1_279' title='bbox 1815 2357 2096 2428; x_wconf 89' lang='lat' dir='ltr'>periculis</span> 
     </span>
    </p>
   </div>
   <div class='ocr_carea' id='block_1_42' title="bbox 452 2445 2098 2518">
    <p class='ocr_par' dir='ltr' id='par_1_42' title="bbox 452 2445 2098 2518">
     <span class='ocr_line' id='line_1_42' title="bbox 452 2445 2098 2518; baseline 0.002 -19"><span class='ocrx_word' id='word_1_280' title='bbox 452 2445 710 2516; x_wconf 87' lang='lat' dir='ltr'>objicere</span> <span class='ocrx_word' id='word_1_281' title='bbox 744 2461 873 2500; x_wconf 91' lang='lat' dir='ltr'>sese</span> <span class='ocrx_word' id='word_1_282' title='bbox 906 2445 1108 2500; x_wconf 88' lang='lat' dir='ltr'>velint.</span> <span class='ocrx_word' id='word_1_283' title='bbox 1143 2445 1254 2500; x_wconf 91' lang='lat' dir='ltr'>Sed</span> <span class='ocrx_word' id='word_1_284' title='bbox 1286 2446 1552 2500; x_wconf 92' lang='lat' dir='ltr'>omnium</span> <span class='ocrx_word' id='word_1_285' title='bbox 1597 2447 1886 2517; x_wconf 91' lang='lat' dir='ltr'>optimum</span> <span class='ocrx_word' id='word_1_286' title='bbox 1919 2451 2098 2518; x_wconf 89' lang='lat' dir='ltr'>atque</span> 
     </span>
    </p>
   </div>
   <div class='ocr_carea' id='block_1_43' title="bbox 447 2534 2095 2606">
    <p class='ocr_par' dir='ltr' id='par_1_43' title="bbox 447 2534 2095 2606">
     <span class='ocr_line' id='line_1_43' title="bbox 447 2534 2095 2606; baseline 0 -15"><span class='ocrx_word' id='word_1_287' title='bbox 447 2535 703 2591; x_wconf 83' lang='lat' dir='ltr'>maxime</span> <span class='ocrx_word' id='word_1_288' title='bbox 731 2534 1324 2606; x_wconf 88' lang='lat' dir='ltr'>necessarium,quod</span> <span class='ocrx_word' id='word_1_289' title='bbox 1353 2536 1569 2590; x_wconf 85' lang='lat' dir='ltr'>excitat</span> <span class='ocrx_word' id='word_1_290' title='bbox 1597 2553 1802 2591; x_wconf 91' lang='lat' dir='ltr'>eorum</span> <span class='ocrx_word' id='word_1_291' title='bbox 1824 2537 2095 2592; x_wconf 87' lang='lat' dir='ltr'>alacrita-</span> 
     </span>
    </p>
   </div>
   <div class='ocr_carea' id='block_1_44' title="bbox 447 2616 2097 2696">
    <p class='ocr_par' dir='ltr' id='par_1_44' title="bbox 447 2616 2097 2696">
     <span class='ocr_line' id='line_1_44' title="bbox 447 2616 2097 2696; baseline 0.001 -17"><span class='ocrx_word' id='word_1_292' title='bbox 447 2630 592 2691; x_wconf 90' lang='lat' dir='ltr'>tem,</span> <span class='ocrx_word' id='word_1_293' title='bbox 615 2629 789 2696; x_wconf 84' lang='lat' dir='ltr'>auget</span> <span class='ocrx_word' id='word_1_294' title='bbox 818 2624 1114 2690; x_wconf 87' lang='lat' dir='ltr'>virtutem,</span> <span class='ocrx_word' id='word_1_295' title='bbox 1151 2624 1419 2679; x_wconf 87' lang='lat' dir='ltr'>stimulat</span> <span class='ocrx_word' id='word_1_296' title='bbox 1447 2616 1711 2692; x_wconf 85' lang='lat' dir='ltr'>demum,</span> <span class='ocrx_word' id='word_1_297' title='bbox 1743 2631 1809 2680; x_wconf 93' lang='lat' dir='ltr'>ut</span> <span class='ocrx_word' id='word_1_298' title='bbox 1854 2626 1944 2681; x_wconf 91' lang='lat' dir='ltr'>vel</span> <span class='ocrx_word' id='word_1_299' title='bbox 1976 2643 2097 2682; x_wconf 92' lang='lat' dir='ltr'>non</span> 
     </span>
    </p>
   </div>
   <div class='ocr_carea' id='block_1_45' title="bbox 449 2712 2096 2781">
    <p class='ocr_par' dir='ltr' id='par_1_45' title="bbox 449 2712 2096 2781">
     <span class='ocr_line' id='line_1_45' title="bbox 449 2712 2096 2781; baseline 0.002 -13"><span class='ocrx_word' id='word_1_300' title='bbox 449 2713 723 2769; x_wconf 89' lang='lat' dir='ltr'>audenda</span> <span class='ocrx_word' id='word_1_301' title='bbox 749 2712 986 2768; x_wconf 83' lang='lat' dir='ltr'>efﬁcere</span> <span class='ocrx_word' id='word_1_302' title='bbox 1017 2719 1329 2777; x_wconf 89' lang='lat' dir='ltr'>conentur,</span> <span class='ocrx_word' id='word_1_303' title='bbox 1363 2713 1513 2770; x_wconf 89' lang='lat' dir='ltr'>illud</span> <span class='ocrx_word' id='word_1_304' title='bbox 1538 2720 1645 2781; x_wconf 88' lang='lat' dir='ltr'>est,</span> <span class='ocrx_word' id='word_1_305' title='bbox 1667 2720 1730 2769; x_wconf 93' lang='lat' dir='ltr'>ut</span> <span class='ocrx_word' id='word_1_306' title='bbox 1761 2731 1880 2770; x_wconf 88' lang='lat' dir='ltr'>non</span> <span class='ocrx_word' id='word_1_307' title='bbox 1904 2717 2096 2771; x_wconf 90' lang='lat' dir='ltr'>solum</span> 
     </span>
    </p>
   </div>
   <div class='ocr_carea' id='block_1_46' title="bbox 447 2803 2096 2876">
    <p class='ocr_par' dir='ltr' id='par_1_46' title="bbox 447 2803 2096 2876">
     <span class='ocr_line' id='line_1_46' title="bbox 447 2803 2096 2876; baseline 0.001 -17"><span class='ocrx_word' id='word_1_308' title='bbox 447 2804 712 2876; x_wconf 89' lang='lat' dir='ltr'>ipsorum</span> <span class='ocrx_word' id='word_1_309' title='bbox 745 2809 804 2858; x_wconf 91' lang='lat' dir='ltr'>et</span> <span class='ocrx_word' id='word_1_310' title='bbox 834 2803 1093 2859; x_wconf 92' lang='lat' dir='ltr'>militum</span> <span class='ocrx_word' id='word_1_311' title='bbox 1125 2803 1236 2859; x_wconf 92' lang='lat' dir='ltr'>sibi</span> <span class='ocrx_word' id='word_1_312' title='bbox 1259 2804 1729 2860; x_wconf 86' lang='lat' dir='ltr'>ministrantium</span> <span class='ocrx_word' id='word_1_313' title='bbox 1752 2805 2096 2873; x_wconf 92' lang='lat' dir='ltr'>domus,sed</span> 
     </span>
    </p>
   </div>
   <div class='ocr_carea' id='block_1_47' title="bbox 449 2893 2095 2964">
    <p class='ocr_par' dir='ltr' id='par_1_47' title="bbox 449 2893 2095 2964">
     <span class='ocr_line' id='line_1_47' title="bbox 449 2893 2095 2964; baseline 0.001 -16"><span class='ocrx_word' id='word_1_314' title='bbox 449 2894 628 2949; x_wconf 89' lang='lat' dir='ltr'>etiam</span> <span class='ocrx_word' id='word_1_315' title='bbox 659 2893 919 2949; x_wconf 84' lang='lat' dir='ltr'>universi</span> <span class='ocrx_word' id='word_1_316' title='bbox 953 2909 1156 2949; x_wconf 92' lang='lat' dir='ltr'>eorum</span> <span class='ocrx_word' id='word_1_317' title='bbox 1187 2895 1534 2964; x_wconf 86' lang='lat' dir='ltr'>necessarii,</span> <span class='ocrx_word' id='word_1_318' title='bbox 1567 2896 1837 2950; x_wconf 90' lang='lat' dir='ltr'>omnium</span> <span class='ocrx_word' id='word_1_319' title='bbox 1894 2913 2095 2951; x_wconf 89' lang='lat' dir='ltr'>rerum</span> 
     </span>
    </p>
   </div>
   <div class='ocr_carea' id='block_1_48' title="bbox 446 2982 2096 3056">
    <p class='ocr_par' dir='ltr' id='par_1_48' title="bbox 446 2982 2096 3056">
     <span class='ocr_line' id='line_1_48' title="bbox 446 2982 2096 3056; baseline 0.003 -20"><span class='ocrx_word' id='word_1_320' title='bbox 446 2983 885 3039; x_wconf 90' lang='lat' dir='ltr'>immunitatem</span> <span class='ocrx_word' id='word_1_321' title='bbox 912 2982 1188 3039; x_wconf 88' lang='lat' dir='ltr'>habeant.</span> <span class='ocrx_word' id='word_1_322' title='bbox 1224 2984 1356 3039; x_wconf 85' lang='lat' dir='ltr'>Haec</span> <span class='ocrx_word' id='word_1_323' title='bbox 1387 3000 1421 3038; x_wconf 88' lang='lat' dir='ltr'>a</span> <span class='ocrx_word' id='word_1_324' title='bbox 1441 2983 1738 3055; x_wconf 89' lang='lat' dir='ltr'>principio</span> <span class='ocrx_word' id='word_1_325' title='bbox 1766 2985 2096 3056; x_wconf 84' lang='lat' dir='ltr'>antiquitus</span> 
     </span>
    </p>
   </div>
   <div class='ocr_carea' id='block_1_49' title="bbox 444 3071 2093 3144">
    <p class='ocr_par' dir='ltr' id='par_1_49' title="bbox 444 3071 2093 3144">
     <span class='ocr_line' id='line_1_49' title="bbox 444 3071 2093 3144; baseline 0.002 -18"><span class='ocrx_word' id='word_1_326' title='bbox 444 3071 787 3127; x_wconf 89' lang='lat' dir='ltr'>servabatur</span> <span class='ocrx_word' id='word_1_327' title='bbox 812 3073 971 3127; x_wconf 88' lang='lat' dir='ltr'>circa</span> <span class='ocrx_word' id='word_1_328' title='bbox 1000 3071 1135 3126; x_wconf 92' lang='lat' dir='ltr'>illos</span> <span class='ocrx_word' id='word_1_329' title='bbox 1169 3072 1634 3140; x_wconf 88' lang='lat' dir='ltr'>consuetudo,ac</span> <span class='ocrx_word' id='word_1_330' title='bbox 1665 3073 2054 3144; x_wconf 87' lang='lat' dir='ltr'>permanebat</span> <span class='ocrx_word' id='word_1_331' title='bbox 2080 3091 2093 3128; x_wconf 90' lang='lat'>:</span> 
     </span>
    </p>
   </div>
   <div class='ocr_carea' id='block_1_50' title="bbox 443 3159 2091 3232">
    <p class='ocr_par' dir='ltr' id='par_1_50' title="bbox 443 3159 2091 3232">
     <span class='ocr_line' id='line_1_50' title="bbox 443 3159 2091 3232; baseline 0.003 -19"><span class='ocrx_word' id='word_1_332' title='bbox 443 3159 506 3213; x_wconf 90' lang='lat' dir='ltr'>id</span> <span class='ocrx_word' id='word_1_333' title='bbox 535 3161 731 3232; x_wconf 90' lang='lat' dir='ltr'>ipsum</span> <span class='ocrx_word' id='word_1_334' title='bbox 762 3176 797 3215; x_wconf 91' lang='lat' dir='ltr'>a</span> <span class='ocrx_word' id='word_1_335' title='bbox 826 3160 1038 3231; x_wconf 89' lang='lat' dir='ltr'>priscis</span> <span class='ocrx_word' id='word_1_336' title='bbox 1067 3160 1548 3232; x_wconf 88' lang='lat' dir='ltr'>imperatoribus,</span> <span class='ocrx_word' id='word_1_337' title='bbox 1583 3162 1769 3216; x_wconf 89' lang='lat' dir='ltr'>sacris</span> <span class='ocrx_word' id='word_1_338' title='bbox 1786 3179 1853 3217; x_wconf 89' lang='lat' dir='ltr'>ac</span> <span class='ocrx_word' id='word_1_339' title='bbox 1901 3162 2091 3218; x_wconf 88' lang='lat' dir='ltr'>beatis</span> 
     </span>
    </p>
   </div>
   <div class='ocr_carea' id='block_1_51' title="bbox 439 3248 2092 3319">
    <p class='ocr_par' dir='ltr' id='par_1_51' title="bbox 439 3248 2092 3319">
     <span class='ocr_line' id='line_1_51' title="bbox 439 3248 2092 3319; baseline 0.002 -17"><span class='ocrx_word' id='word_1_340' title='bbox 439 3248 560 3303; x_wconf 91' lang='lat' dir='ltr'>illis</span> <span class='ocrx_word' id='word_1_341' title='bbox 583 3249 848 3319; x_wconf 91' lang='lat' dir='ltr'>quidem,</span> <span class='ocrx_word' id='word_1_342' title='bbox 878 3253 933 3303; x_wconf 90' lang='lat' dir='ltr'>et</span> <span class='ocrx_word' id='word_1_343' title='bbox 955 3250 1425 3319; x_wconf 88' lang='lat' dir='ltr'>pronuntiatum,</span> <span class='ocrx_word' id='word_1_344' title='bbox 1457 3255 1516 3305; x_wconf 88' lang='lat' dir='ltr'>et</span> <span class='ocrx_word' id='word_1_345' title='bbox 1545 3251 1607 3304; x_wconf 94' lang='lat' dir='ltr'>in</span> <span class='ocrx_word' id='word_1_346' title='bbox 1639 3249 1806 3306; x_wconf 90' lang='lat' dir='ltr'>libris</span> <span class='ocrx_word' id='word_1_347' title='bbox 1824 3251 2092 3306; x_wconf 89' lang='lat' dir='ltr'>militari-</span> 
     </span>
    </p>
   </div>
   <div class='ocr_carea' id='block_1_52' title="bbox 439 3336 2092 3408">
    <p class='ocr_par' dir='ltr' id='par_1_52' title="bbox 439 3336 2092 3408">
     <span class='ocr_line' id='line_1_52' title="bbox 439 3336 2092 3408; baseline 0.003 -18"><span class='ocrx_word' id='word_1_348' title='bbox 439 3336 551 3391; x_wconf 91' lang='lat' dir='ltr'>bus</span> <span class='ocrx_word' id='word_1_349' title='bbox 583 3353 790 3390; x_wconf 90' lang='lat' dir='ltr'>eorum</span> <span class='ocrx_word' id='word_1_350' title='bbox 837 3336 1125 3408; x_wconf 89' lang='lat' dir='ltr'>scriptum</span> <span class='ocrx_word' id='word_1_351' title='bbox 1181 3339 1462 3408; x_wconf 89' lang='lat' dir='ltr'>reperies.</span> <span class='ocrx_word' id='word_1_352' title='bbox 1496 3340 1717 3393; x_wconf 71' lang='lat' dir='ltr'>Prmter</span> <span class='ocrx_word' id='word_1_353' title='bbox 1747 3340 2092 3395; x_wconf 88' lang='lat' dir='ltr'>immunita-</span> 
     </span>
    </p>
   </div>
   <div class='ocr_carea' id='block_1_53' title="bbox 441 3427 2085 3502">
    <p class='ocr_par' dir='ltr' id='par_1_53' title="bbox 441 3427 2085 3502">
     <span class='ocr_line' id='line_1_53' title="bbox 441 3427 2085 3502; baseline 0.002 -22"><span class='ocrx_word' id='word_1_354' title='bbox 441 3431 561 3481; x_wconf 91' lang='lat' dir='ltr'>tem</span> <span class='ocrx_word' id='word_1_355' title='bbox 586 3443 732 3498; x_wconf 90' lang='lat' dir='ltr'>opus</span> <span class='ocrx_word' id='word_1_356' title='bbox 751 3428 928 3483; x_wconf 89' lang='lat' dir='ltr'>etiam</span> <span class='ocrx_word' id='word_1_357' title='bbox 945 3427 1405 3497; x_wconf 90' lang='lat' dir='ltr'>est,utdebitum</span> <span class='ocrx_word' id='word_1_358' title='bbox 1426 3429 1713 3484; x_wconf 91' lang='lat' dir='ltr'>honorem</span> <span class='ocrx_word' id='word_1_359' title='bbox 1734 3431 2085 3502; x_wconf 88' lang='lat' dir='ltr'>percipiant,</span> 
     </span>
    </p>
   </div>
   <div class='ocr_carea' id='block_1_54' title="bbox 441 3516 2086 3591">
    <p class='ocr_par' dir='ltr' id='par_1_54' title="bbox 441 3516 2086 3591">
     <span class='ocr_line' id='line_1_54' title="bbox 441 3516 2086 3591; baseline 0.002 -18"><span class='ocrx_word' id='word_1_360' title='bbox 441 3516 972 3589; x_wconf 89' lang='lat' dir='ltr'>nequedespicatui</span> <span class='ocrx_word' id='word_1_361' title='bbox 998 3519 1136 3584; x_wconf 90' lang='lat' dir='ltr'>sint,</span> <span class='ocrx_word' id='word_1_362' title='bbox 1165 3523 1268 3574; x_wconf 88' lang='lat' dir='ltr'>aut</span> <span class='ocrx_word' id='word_1_363' title='bbox 1286 3519 1567 3590; x_wconf 89' lang='lat' dir='ltr'>injuriam</span> <span class='ocrx_word' id='word_1_364' title='bbox 1588 3521 1908 3591; x_wconf 90' lang='lat' dir='ltr'>patiantur.</span> <span class='ocrx_word' id='word_1_365' title='bbox 1941 3523 2086 3577; x_wconf 89' lang='lat' dir='ltr'>Nam</span> 
     </span>
    </p>
   </div>
   <div class='ocr_carea' id='block_1_55' title="bbox 439 3606 2086 3682">
    <p class='ocr_par' dir='ltr' id='par_1_55' title="bbox 439 3606 2086 3682">
     <span class='ocr_line' id='line_1_55' title="bbox 439 3606 2086 3682; baseline 0.001 -20"><span class='ocrx_word' id='word_1_366' title='bbox 439 3606 624 3680; x_wconf 89' lang='lat' dir='ltr'>pudet</span> <span class='ocrx_word' id='word_1_367' title='bbox 649 3623 744 3663; x_wconf 91' lang='lat' dir='ltr'>me</span> <span class='ocrx_word' id='word_1_368' title='bbox 770 3607 988 3676; x_wconf 86' lang='lat' dir='ltr'>dicere,</span> <span class='ocrx_word' id='word_1_369' title='bbox 1019 3608 1112 3662; x_wconf 89' lang='lat' dir='ltr'>vel</span> <span class='ocrx_word' id='word_1_370' title='bbox 1129 3608 1424 3664; x_wconf 88' lang='lat' dir='ltr'>verberari</span> <span class='ocrx_word' id='word_1_371' title='bbox 1458 3609 1750 3680; x_wconf 90' lang='lat' dir='ltr'>ejusmodi</span> <span class='ocrx_word' id='word_1_372' title='bbox 1781 3610 1956 3678; x_wconf 88' lang='lat' dir='ltr'>viros,</span> <span class='ocrx_word' id='word_1_373' title='bbox 1985 3610 2086 3682; x_wconf 92' lang='lat' dir='ltr'>qui</span> 
     </span>
    </p>
   </div>
   <div class='ocr_carea' id='block_1_56' title="bbox 437 3697 2086 3772">
    <p class='ocr_par' dir='ltr' id='par_1_56' title="bbox 437 3697 2086 3772">
     <span class='ocr_line' id='line_1_56' title="bbox 437 3697 2086 3772; baseline 0.003 -21"><span class='ocrx_word' id='word_1_374' title='bbox 437 3697 617 3753; x_wconf 90' lang='lat' dir='ltr'>vitam</span> <span class='ocrx_word' id='word_1_375' title='bbox 644 3697 834 3769; x_wconf 87' lang='lat' dir='ltr'>ipsam</span> <span class='ocrx_word' id='word_1_376' title='bbox 865 3698 1115 3753; x_wconf 89' lang='lat' dir='ltr'>minoris</span> <span class='ocrx_word' id='word_1_377' title='bbox 1146 3697 1383 3766; x_wconf 89' lang='lat' dir='ltr'>ducant,</span> <span class='ocrx_word' id='word_1_378' title='bbox 1416 3699 1592 3755; x_wconf 91' lang='lat' dir='ltr'>modo</span> <span class='ocrx_word' id='word_1_379' title='bbox 1625 3700 1810 3755; x_wconf 87' lang='lat' dir='ltr'>sacris</span> <span class='ocrx_word' id='word_1_380' title='bbox 1832 3700 2086 3772; x_wconf 88' lang='lat' dir='ltr'>impera-</span> 
     </span>
    </p>
   </div>
   <div class='ocr_carea' id='block_1_57' title="bbox 440 3787 2084 3862">
    <p class='ocr_par' dir='ltr' id='par_1_57' title="bbox 440 3787 2084 3862">
     <span class='ocr_line' id='line_1_57' title="bbox 440 3787 2084 3862; baseline 0.002 -20"><span class='ocrx_word' id='word_1_381' title='bbox 440 3787 667 3842; x_wconf 91' lang='lat' dir='ltr'>toribus</span> <span class='ocrx_word' id='word_1_382' title='bbox 693 3787 957 3842; x_wconf 84' lang='lat' dir='ltr'>ofﬁcium</span> <span class='ocrx_word' id='word_1_383' title='bbox 1017 3805 1189 3843; x_wconf 91' lang='lat' dir='ltr'>suum</span> <span class='ocrx_word' id='word_1_384' title='bbox 1237 3793 1542 3860; x_wconf 62' lang='lat' dir='ltr'>praestent,</span> <span class='ocrx_word' id='word_1_385' title='bbox 1602 3790 2084 3862; x_wconf 88' lang='lat' dir='ltr'>Christianosque</span> 
     </span>
    </p>
   </div>
   <div class='ocr_carea' id='block_1_58' title="bbox 441 3875 2084 3949">
    <p class='ocr_par' dir='ltr' id='par_1_58' title="bbox 441 3875 2084 3949">
     <span class='ocr_line' id='line_1_58' title="bbox 441 3875 2084 3949; baseline 0.003 -20"><span class='ocrx_word' id='word_1_386' title='bbox 441 3875 700 3932; x_wconf 91' lang='lat' dir='ltr'>liberent</span> <span class='ocrx_word' id='word_1_387' title='bbox 724 3882 783 3932; x_wconf 90' lang='lat' dir='ltr'>et</span> <span class='ocrx_word' id='word_1_388' title='bbox 811 3877 1178 3934; x_wconf 89' lang='lat' dir='ltr'>ulciscantur</span> <span class='ocrx_word' id='word_1_389' title='bbox 1202 3895 1214 3932; x_wconf 92' lang='lat'>:</span> <span class='ocrx_word' id='word_1_390' title='bbox 1247 3877 1426 3949; x_wconf 92' lang='lat' dir='ltr'>idque</span> <span class='ocrx_word' id='word_1_391' title='bbox 1452 3879 1524 3933; x_wconf 91' lang='lat' dir='ltr'>ab</span> <span class='ocrx_word' id='word_1_392' title='bbox 1556 3881 1929 3936; x_wconf 86' lang='lat' dir='ltr'>exactoribus</span> <span class='ocrx_word' id='word_1_393' title='bbox 1970 3881 2084 3936; x_wconf 90' lang='lat' dir='ltr'>mi-</span> 
     </span>
    </p>
   </div>
   <div class='ocr_carea' id='block_1_59' title="bbox 444 3965 2084 4038">
    <p class='ocr_par' dir='ltr' id='par_1_59' title="bbox 444 3965 2084 4038">
     <span class='ocr_line' id='line_1_59' title="bbox 444 3965 2084 4038; baseline 0.002 -18"><span class='ocrx_word' id='word_1_394' title='bbox 444 3965 630 4034; x_wconf 88' lang='lat' dir='ltr'>sellis,</span> <span class='ocrx_word' id='word_1_395' title='bbox 656 3966 758 4036; x_wconf 92' lang='lat' dir='ltr'>qui</span> <span class='ocrx_word' id='word_1_396' title='bbox 789 3966 943 4022; x_wconf 75' lang='lat'>240</span> <span class='ocrx_word' id='word_1_397' title='bbox 973 3967 1201 4021; x_wconf 90' lang='lat' dir='ltr'>nullam</span> <span class='ocrx_word' id='word_1_398' title='bbox 1227 3965 1568 4038; x_wconf 69' lang='lat' dir='ltr'>reipublicaa</span> <span class='ocrx_word' id='word_1_399' title='bbox 1594 3970 1912 4024; x_wconf 90' lang='lat' dir='ltr'>utilitatem</span> <span class='ocrx_word' id='word_1_400' title='bbox 1940 3971 2084 4024; x_wconf 78' lang='lat' dir='ltr'>aﬂ‘e-</span> 
     </span>
    </p>
   </div>
   <div class='ocr_carea' id='block_1_60' title="bbox 443 4055 2087 4127">
    <p class='ocr_par' dir='ltr' id='par_1_60' title="bbox 443 4055 2087 4127">
     <span class='ocr_line' id='line_1_60' title="bbox 443 4055 2087 4127; baseline 0.001 -15"><span class='ocrx_word' id='word_1_401' title='bbox 443 4059 598 4121; x_wconf 89' lang='lat' dir='ltr'>rant,</span> <span class='ocrx_word' id='word_1_402' title='bbox 658 4055 775 4109; x_wconf 91' lang='lat' dir='ltr'>nisi</span> <span class='ocrx_word' id='word_1_403' title='bbox 827 4055 984 4125; x_wconf 92' lang='lat' dir='ltr'>quod</span> <span class='ocrx_word' id='word_1_404' title='bbox 1043 4057 1378 4127; x_wconf 85' lang='lat' dir='ltr'>exspolient</span> <span class='ocrx_word' id='word_1_405' title='bbox 1424 4056 1618 4112; x_wconf 91' lang='lat' dir='ltr'>solum</span> <span class='ocrx_word' id='word_1_406' title='bbox 1677 4063 1734 4112; x_wconf 91' lang='lat' dir='ltr'>et</span> <span class='ocrx_word' id='word_1_407' title='bbox 1777 4064 2087 4114; x_wconf 88' lang='lat' dir='ltr'>conterant</span> 
     </span>
    </p>
   </div>
   <div class='ocr_carea' id='block_1_61' title="bbox 447 4143 2085 4218">
    <p class='ocr_par' dir='ltr' id='par_1_61' title="bbox 447 4143 2085 4218">
     <span class='ocr_line' id='line_1_61' title="bbox 447 4143 2085 4218; baseline 0.003 -20"><span class='ocrx_word' id='word_1_408' title='bbox 447 4147 708 4213; x_wconf 84' lang='lat' dir='ltr'>egentes,</span> <span class='ocrx_word' id='word_1_409' title='bbox 743 4159 891 4213; x_wconf 90' lang='lat' dir='ltr'>eque</span> <span class='ocrx_word' id='word_1_410' title='bbox 922 4143 1162 4214; x_wconf 89' lang='lat' dir='ltr'>injuriis</span> <span class='ocrx_word' id='word_1_411' title='bbox 1191 4160 1259 4200; x_wconf 91' lang='lat' dir='ltr'>ac</span> <span class='ocrx_word' id='word_1_412' title='bbox 1285 4145 1571 4215; x_wconf 87' lang='lat' dir='ltr'>sanguine</span> <span class='ocrx_word' id='word_1_413' title='bbox 1603 4162 1929 4218; x_wconf 90' lang='lat' dir='ltr'>pauperum</span> <span class='ocrx_word' id='word_1_414' title='bbox 1953 4147 2085 4218; x_wconf 90' lang='lat' dir='ltr'>plu-</span> 
     </span>
    </p>
   </div>
   <div class='ocr_carea' id='block_1_62' title="bbox 446 4231 2087 4309">
    <p class='ocr_par' dir='ltr' id='par_1_62' title="bbox 446 4231 2087 4309">
     <span class='ocr_line' id='line_1_62' title="bbox 446 4231 2087 4309; baseline 0.004 -24"><span class='ocrx_word' id='word_1_415' title='bbox 446 4231 600 4286; x_wconf 88' lang='lat' dir='ltr'>rimo</span> <span class='ocrx_word' id='word_1_416' title='bbox 631 4231 852 4302; x_wconf 89' lang='lat' dir='ltr'>grande</span> <span class='ocrx_word' id='word_1_417' title='bbox 904 4231 1031 4286; x_wconf 89' lang='lat' dir='ltr'>auri</span> <span class='ocrx_word' id='word_1_418' title='bbox 1089 4233 1322 4304; x_wconf 89' lang='lat' dir='ltr'>pondus</span> <span class='ocrx_word' id='word_1_419' title='bbox 1379 4233 1667 4305; x_wconf 89' lang='lat' dir='ltr'>redigant.</span> <span class='ocrx_word' id='word_1_420' title='bbox 1728 4237 1844 4290; x_wconf 87' lang='lat' dir='ltr'>Nec</span> <span class='ocrx_word' id='word_1_421' title='bbox 1901 4237 2087 4309; x_wconf 87' lang='lat' dir='ltr'>magis</span> 
     </span>
    </p>
   </div>
   <div class='ocr_carea' id='block_1_63' title="bbox 446 4319 2091 4392">
    <p class='ocr_par' dir='ltr' id='par_1_63' title="bbox 446 4319 2091 4392">
     <span class='ocr_line' id='line_1_63' title="bbox 446 4319 2091 4392; baseline 0.005 -19"><span class='ocrx_word' id='word_1_422' title='bbox 446 4323 697 4391; x_wconf 89' lang='lat' dir='ltr'>oportet,</span> <span class='ocrx_word' id='word_1_423' title='bbox 729 4325 795 4374; x_wconf 92' lang='lat' dir='ltr'>ut</span> <span class='ocrx_word' id='word_1_424' title='bbox 823 4335 856 4374; x_wconf 88' lang='lat' dir='ltr'>a</span> <span class='ocrx_word' id='word_1_425' title='bbox 891 4319 1197 4391; x_wconf 89' lang='lat' dir='ltr'>judicibus</span> <span class='ocrx_word' id='word_1_426' title='bbox 1239 4322 1700 4392; x_wconf 86' lang='lat' dir='ltr'>provincialibus</span> <span class='ocrx_word' id='word_1_427' title='bbox 1730 4326 2091 4382; x_wconf 90' lang='lat' dir='ltr'>contumelia</span> 
     </span>
    </p>
   </div>
   <div class='ocr_carea' id='block_1_64' title="bbox 442 4408 2084 4486">
    <p class='ocr_par' dir='ltr' id='par_1_64' title="bbox 442 4408 2084 4486">
     <span class='ocr_line' id='line_1_64' title="bbox 442 4408 2084 4486; baseline 0.004 -22"><span class='ocrx_word' id='word_1_428' title='bbox 442 4408 1230 4482; x_wconf 83' lang='lat' dir='ltr'>afﬂciantur,servorumque</span> <span class='ocrx_word' id='word_1_429' title='bbox 1257 4411 1445 4467; x_wconf 88' lang='lat' dir='ltr'>instar</span> <span class='ocrx_word' id='word_1_430' title='bbox 1474 4412 1802 4483; x_wconf 89' lang='lat' dir='ltr'>trahantur,</span> <span class='ocrx_word' id='word_1_431' title='bbox 1835 4414 2084 4486; x_wconf 91' lang='lat' dir='ltr'>pulsen-</span> 
     </span>
    </p>
   </div>
   <div class='ocr_carea' id='block_1_65' title="bbox 441 4499 2087 4576">
    <p class='ocr_par' dir='ltr' id='par_1_65' title="bbox 441 4499 2087 4576">
     <span class='ocr_line' id='line_1_65' title="bbox 441 4499 2087 4576; baseline 0.004 -23"><span class='ocrx_word' id='word_1_432' title='bbox 441 4504 556 4567; x_wconf 89' lang='lat' dir='ltr'>tur,</span> <span class='ocrx_word' id='word_1_433' title='bbox 589 4499 650 4555; x_wconf 93' lang='lat' dir='ltr'>in</span> <span class='ocrx_word' id='word_1_434' title='bbox 679 4499 915 4556; x_wconf 90' lang='lat' dir='ltr'>vincula</span> <span class='ocrx_word' id='word_1_435' title='bbox 944 4505 1003 4554; x_wconf 92' lang='lat' dir='ltr'>et</span> <span class='ocrx_word' id='word_1_436' title='bbox 1031 4499 1196 4556; x_wconf 92' lang='lat' dir='ltr'>boias</span> <span class='ocrx_word' id='word_1_437' title='bbox 1223 4501 1279 4573; x_wconf 94' lang='grc' dir='ltr'>(ο</span> <span class='ocrx_word' id='word_1_438' title='bbox 1309 4518 1434 4556; x_wconf 88' lang='lat' dir='ltr'>rem</span> <span class='ocrx_word' id='word_1_439' title='bbox 1456 4500 1720 4558; x_wconf 90' lang='lat' dir='ltr'>odiosam</span> <span class='ocrx_word' id='word_1_440' title='bbox 1725 4504 2087 4576; x_wconf 80' lang='lat' dir='ltr'>)conjician-</span> 
     </span>
    </p>
   </div>
   <div class='ocr_carea' id='block_1_66' title="bbox 2198 1910 3846 1987">
    <p class='ocr_par' dir='ltr' id='par_1_66' title="bbox 2198 1910 3846 1987">
     <span class='ocr_line' id='line_1_66' title="bbox 2198 1910 3846 1987; baseline -0.001 -22"><span class='ocrx_word' id='word_1_441' title='bbox 2198 1931 2368 1966; x_wconf 88' lang='grc' dir='ltr'>πονον</span> <span class='ocrx_word' id='word_1_442' title='bbox 2425 1917 2723 1986; x_wconf 74' lang='grc' dir='ltr'>καρτερεῖνο</span> <span class='ocrx_word' id='word_1_443' title='bbox 2783 1912 2873 1966; x_wconf 87' lang='grc' dir='ltr'>καὶ</span> <span class='ocrx_word' id='word_1_444' title='bbox 2939 1913 3014 1986; x_wconf 82' lang='grc' dir='ltr'>μὴ</span> <span class='ocrx_word' id='word_1_445' title='bbox 3070 1911 3371 1986; x_wconf 84' lang='grc' dir='ltr'>χαυνότητι</span> <span class='ocrx_word' id='word_1_446' title='bbox 3432 1911 3522 1966; x_wconf 84' lang='grc' dir='ltr'>καὶ</span> <span class='ocrx_word' id='word_1_447' title='bbox 3595 1910 3846 1987; x_wconf 79' lang='grc' dir='ltr'>ῥᾳθυμίᾳ,</span> 
     </span>
    </p>
   </div>
   <div class='ocr_carea' id='block_1_67' title="bbox 2205 2000 3846 2079">
    <p class='ocr_par' dir='ltr' id='par_1_67' title="bbox 2205 2000 3846 2079">
     <span class='ocr_line' id='line_1_67' title="bbox 2205 2000 3846 2079; baseline -0.001 -23"><span class='ocrx_word' id='word_1_448' title='bbox 2205 2002 2341 2075; x_wconf 82' lang='grc' dir='ltr'>μέθῃ</span> <span class='ocrx_word' id='word_1_449' title='bbox 2389 2023 2448 2056; x_wconf 91' lang='grc' dir='ltr'>τε</span> <span class='ocrx_word' id='word_1_450' title='bbox 2504 2003 2594 2056; x_wconf 83' lang='grc' dir='ltr'>καὶ</span> <span class='ocrx_word' id='word_1_451' title='bbox 2623 2007 2851 2079; x_wconf 81' lang='grc' dir='ltr'>τρυφαῖς</span> <span class='ocrx_word' id='word_1_452' title='bbox 2899 2001 2990 2056; x_wconf 85' lang='grc' dir='ltr'>καὶ</span> <span class='ocrx_word' id='word_1_453' title='bbox 3045 2007 3164 2064; x_wconf 85' lang='grc' dir='ltr'>ταῖς</span> <span class='ocrx_word' id='word_1_454' title='bbox 3223 2000 3421 2062; x_wconf 75' lang='grc' dir='ltr'>ἄλλαις</span> <span class='ocrx_word' id='word_1_455' title='bbox 3477 2001 3741 2064; x_wconf 78' lang='grc' dir='ltr'>ἀσωτίαις</span> <span class='ocrx_word' id='word_1_456' title='bbox 3789 2002 3846 2055; x_wconf 87' lang='grc' dir='ltr'>τὸ</span> 
     </span>
    </p>
   </div>
   <div class='ocr_carea' id='block_1_68' title="bbox 2201 2090 3847 2168">
    <p class='ocr_par' dir='ltr' id='par_1_68' title="bbox 2201 2090 3847 2168">
     <span class='ocr_line' id='line_1_68' title="bbox 2201 2090 3847 2168; baseline 0 -24"><span class='ocrx_word' id='word_1_457' title='bbox 2201 2091 2404 2145; x_wconf 64' lang='grc' dir='ltr'>ἑαυτῶν</span> <span class='ocrx_word' id='word_1_458' title='bbox 2437 2095 2539 2145; x_wconf 84' lang='grc' dir='ltr'>πᾶν</span> <span class='ocrx_word' id='word_1_459' title='bbox 2599 2090 2924 2166; x_wconf 72' lang='grc' dir='ltr'>ἐπιτρέπειν.</span> <span class='ocrx_word' id='word_1_460' title='bbox 2984 2093 3262 2168; x_wconf 85' lang='grc' dir='ltr'>Προσήκει</span> <span class='ocrx_word' id='word_1_461' title='bbox 3321 2110 3386 2164; x_wconf 89' lang='grc' dir='ltr'>γε</span> <span class='ocrx_word' id='word_1_462' title='bbox 3445 2091 3582 2164; x_wconf 78' lang='grc' dir='ltr'>μὴν,</span> <span class='ocrx_word' id='word_1_463' title='bbox 3639 2090 3738 2152; x_wconf 87' lang='grc' dir='ltr'>τάς</span> <span class='ocrx_word' id='word_1_464' title='bbox 3792 2109 3847 2144; x_wconf 82' lang='grc' dir='ltr'>τε</span> 
     </span>
    </p>
   </div>
   <div class='ocr_carea' id='block_1_69' title="bbox 2203 2175 3844 2256">
    <p class='ocr_par' dir='ltr' id='par_1_69' title="bbox 2203 2175 3844 2256">
     <span class='ocr_line' id='line_1_69' title="bbox 2203 2175 3844 2256; baseline -0.001 -22"><span class='ocrx_word' id='word_1_465' title='bbox 2203 2177 2364 2256; x_wconf 84' lang='grc' dir='ltr'>ρόγας</span> <span class='ocrx_word' id='word_1_466' title='bbox 2386 2181 2564 2234; x_wconf 79' lang='grc' dir='ltr'>αὐτῶν</span> <span class='ocrx_word' id='word_1_467' title='bbox 2596 2179 2689 2234; x_wconf 88' lang='grc' dir='ltr'>καὶ</span> <span class='ocrx_word' id='word_1_468' title='bbox 2719 2180 3001 2255; x_wconf 81' lang='grc' dir='ltr'>σιτηρέσια</span> <span class='ocrx_word' id='word_1_469' title='bbox 3058 2180 3370 2241; x_wconf 83' lang='grc' dir='ltr'>ἀνελλιπῶς</span> <span class='ocrx_word' id='word_1_470' title='bbox 3416 2178 3654 2241; x_wconf 80' lang='grc' dir='ltr'>τούτους</span> <span class='ocrx_word' id='word_1_471' title='bbox 3711 2175 3844 2250; x_wconf 86' lang='grc' dir='ltr'>λαμ-</span> 
     </span>
    </p>
   </div>
   <div class='ocr_carea' id='block_1_70' title="bbox 2203 2264 3844 2344">
    <p class='ocr_par' dir='ltr' id='par_1_70' title="bbox 2203 2264 3844 2344">
     <span class='ocr_line' id='line_1_70' title="bbox 2203 2264 3844 2344; baseline -0.001 -22"><span class='ocrx_word' id='word_1_472' title='bbox 2203 2264 2404 2323; x_wconf 79' lang='grc' dir='ltr'>ϐάνεινο</span> <span class='ocrx_word' id='word_1_473' title='bbox 2465 2267 2639 2332; x_wconf 83' lang='grc' dir='ltr'>ἂλλας</span> <span class='ocrx_word' id='word_1_474' title='bbox 2687 2290 2744 2324; x_wconf 89' lang='grc' dir='ltr'>τε</span> <span class='ocrx_word' id='word_1_475' title='bbox 2803 2266 3006 2343; x_wconf 77' lang='grc' dir='ltr'>δωρεὰς</span> <span class='ocrx_word' id='word_1_476' title='bbox 3076 2268 3169 2324; x_wconf 86' lang='grc' dir='ltr'>καὶ</span> <span class='ocrx_word' id='word_1_477' title='bbox 3226 2265 3570 2344; x_wconf 83' lang='grc' dir='ltr'>δύεργεσίας,</span> <span class='ocrx_word' id='word_1_478' title='bbox 3629 2266 3844 2328; x_wconf 87' lang='grc' dir='ltr'>πλείους</span> 
     </span>
    </p>
   </div>
   <div class='ocr_carea' id='block_1_71' title="bbox 2199 2355 3844 2432">
    <p class='ocr_par' dir='ltr' id='par_1_71' title="bbox 2199 2355 3844 2432">
     <span class='ocr_line' id='line_1_71' title="bbox 2199 2355 3844 2432; baseline -0.001 -19"><span class='ocrx_word' id='word_1_479' title='bbox 2199 2363 2307 2413; x_wconf 88' lang='grc' dir='ltr'>τῶν</span> <span class='ocrx_word' id='word_1_480' title='bbox 2362 2357 2566 2432; x_wconf 84' lang='grc' dir='ltr'>ἐθίμων</span> <span class='ocrx_word' id='word_1_481' title='bbox 2621 2359 2711 2414; x_wconf 82' lang='grc' dir='ltr'>καὶ</span> <span class='ocrx_word' id='word_1_482' title='bbox 2771 2356 3280 2432; x_wconf 84' lang='grc' dir='ltr'>διατετυπωμένων·</span> <span class='ocrx_word' id='word_1_483' title='bbox 3329 2357 3419 2412; x_wconf 82' lang='grc' dir='ltr'>ἳνα</span> <span class='ocrx_word' id='word_1_484' title='bbox 3481 2359 3548 2414; x_wconf 87' lang='grc' dir='ltr'>τὸ</span> <span class='ocrx_word' id='word_1_485' title='bbox 3616 2355 3844 2419; x_wconf 77' lang='grc' dir='ltr'>ἀνενδεὶς</span> 
     </span>
    </p>
   </div>
   <div class='ocr_carea' id='block_1_72' title="bbox 2202 2444 3842 2524">
    <p class='ocr_par' dir='ltr' id='par_1_72' title="bbox 2202 2444 3842 2524">
     <span class='ocr_line' id='line_1_72' title="bbox 2202 2444 3842 2524; baseline -0.001 -21"><span class='ocrx_word' id='word_1_486' title='bbox 2202 2444 2426 2524; x_wconf 76' lang='grc' dir='ltr'>ἔχοντες</span> <span class='ocrx_word' id='word_1_487' title='bbox 2459 2449 2518 2504; x_wconf 87' lang='grc' dir='ltr'>ἐκ</span> <span class='ocrx_word' id='word_1_488' title='bbox 2554 2449 2763 2505; x_wconf 87' lang='grc' dir='ltr'>τούτων</span> <span class='ocrx_word' id='word_1_489' title='bbox 2793 2448 3055 2506; x_wconf 79' lang='grc' dir='ltr'>δύνωνται</span> <span class='ocrx_word' id='word_1_490' title='bbox 3117 2449 3207 2504; x_wconf 76' lang='grc' dir='ltr'>καὶ</span> <span class='ocrx_word' id='word_1_491' title='bbox 3258 2448 3464 2514; x_wconf 72' lang='grc' dir='ltr'>’ίππους</span> <span class='ocrx_word' id='word_1_492' title='bbox 3519 2448 3842 2508; x_wconf 81' lang='grc' dir='ltr'>καλλίστους</span> 
     </span>
    </p>
   </div>
   <div class='ocr_carea' id='block_1_73' title="bbox 2202 2536 3842 2610">
    <p class='ocr_par' dir='ltr' id='par_1_73' title="bbox 2202 2536 3842 2610">
     <span class='ocr_line' id='line_1_73' title="bbox 2202 2536 3842 2610; baseline -0.001 -18"><span class='ocrx_word' id='word_1_493' title='bbox 2202 2536 2540 2610; x_wconf 70' lang='grc' dir='ltr'>ἐπικτᾶσθαι,</span> <span class='ocrx_word' id='word_1_494' title='bbox 2597 2540 2689 2594; x_wconf 81' lang='grc' dir='ltr'>καὶ</span> <span class='ocrx_word' id='word_1_495' title='bbox 2743 2539 2837 2602; x_wconf 75' lang='grc' dir='ltr'>τὰς</span> <span class='ocrx_word' id='word_1_496' title='bbox 2881 2536 3056 2601; x_wconf 66' lang='grc' dir='ltr'>ἄλλας</span> <span class='ocrx_word' id='word_1_497' title='bbox 3113 2541 3294 2595; x_wconf 84' lang='grc' dir='ltr'>αὑτῶν</span> <span class='ocrx_word' id='word_1_498' title='bbox 3373 2536 3708 2607; x_wconf 82' lang='grc' dir='ltr'>πανοπλίας,</span> <span class='ocrx_word' id='word_1_499' title='bbox 3761 2536 3842 2592; x_wconf 81' lang='grc' dir='ltr'>καὶ</span> 
     </span>
    </p>
   </div>
   <div class='ocr_carea' id='block_1_74' title="bbox 2203 2626 3842 2704">
    <p class='ocr_par' dir='ltr' id='par_1_74' title="bbox 2203 2626 3842 2704">
     <span class='ocr_line' id='line_1_74' title="bbox 2203 2626 3842 2704; baseline 0 -22"><span class='ocrx_word' id='word_1_500' title='bbox 2203 2626 2476 2703; x_wconf 78' lang='grc' dir='ltr'>χαιρούσῃ</span> <span class='ocrx_word' id='word_1_501' title='bbox 2509 2630 2690 2702; x_wconf 79' lang='grc' dir='ltr'>ψυχῇ,</span> <span class='ocrx_word' id='word_1_502' title='bbox 2749 2628 2838 2683; x_wconf 88' lang='grc' dir='ltr'>καὶ</span> <span class='ocrx_word' id='word_1_503' title='bbox 2891 2629 3162 2702; x_wconf 84' lang='grc' dir='ltr'>προθύμῳ</span> <span class='ocrx_word' id='word_1_504' title='bbox 3211 2630 3300 2684; x_wconf 80' lang='grc' dir='ltr'>καὶ</span> <span class='ocrx_word' id='word_1_505' title='bbox 3333 2627 3697 2704; x_wconf 64' lang='grc' dir='ltr'>ἀγαλλομένη</span> <span class='ocrx_word' id='word_1_506' title='bbox 3727 2647 3842 2701; x_wconf 88' lang='grc' dir='ltr'>καρ-</span> 
     </span>
    </p>
   </div>
   <div class='ocr_carea' id='block_1_75' title="bbox 2203 2713 3841 2793">
    <p class='ocr_par' dir='ltr' id='par_1_75' title="bbox 2203 2713 3841 2793">
     <span class='ocr_line' id='line_1_75' title="bbox 2203 2713 3841 2793; baseline 0 -23"><span class='ocrx_word' id='word_1_507' title='bbox 2203 2713 2290 2788; x_wconf 79' lang='grc' dir='ltr'>δίᾳ</span> <span class='ocrx_word' id='word_1_508' title='bbox 2333 2714 2770 2793; x_wconf 84' lang='grc' dir='ltr'>προκινδυνεύειν</span> <span class='ocrx_word' id='word_1_509' title='bbox 2831 2718 3094 2792; x_wconf 76' lang='grc' dir='ltr'>αἱρῶνται</span> <span class='ocrx_word' id='word_1_510' title='bbox 3147 2722 3257 2772; x_wconf 88' lang='grc' dir='ltr'>τῶν</span> <span class='ocrx_word' id='word_1_511' title='bbox 3352 2715 3626 2793; x_wconf 79' lang='grc' dir='ltr'>βασιλέων</span> <span class='ocrx_word' id='word_1_512' title='bbox 3688 2719 3841 2790; x_wconf 66' lang='grc' dir='ltr'>ἡμῶν</span> 
     </span>
    </p>
   </div>
   <div class='ocr_carea' id='block_1_76' title="bbox 2199 2805 3839 2882">
    <p class='ocr_par' dir='ltr' id='par_1_76' title="bbox 2199 2805 3839 2882">
     <span class='ocr_line' id='line_1_76' title="bbox 2199 2805 3839 2882; baseline 0 -22"><span class='ocrx_word' id='word_1_513' title='bbox 2199 2810 2308 2860; x_wconf 91' lang='grc' dir='ltr'>τῶν</span> <span class='ocrx_word' id='word_1_514' title='bbox 2342 2807 2536 2881; x_wconf 87' lang='grc' dir='ltr'>ἁγίων,</span> <span class='ocrx_word' id='word_1_515' title='bbox 2563 2807 2653 2862; x_wconf 85' lang='grc' dir='ltr'>καὶ</span> <span class='ocrx_word' id='word_1_516' title='bbox 2684 2806 2884 2870; x_wconf 86' lang='grc' dir='ltr'>παντὸς</span> <span class='ocrx_word' id='word_1_517' title='bbox 2941 2813 3038 2862; x_wconf 80' lang='grc' dir='ltr'>τοῦ</span> <span class='ocrx_word' id='word_1_518' title='bbox 3095 2811 3477 2882; x_wconf 80' lang='grc' dir='ltr'>Χριστιανικοῦ</span> <span class='ocrx_word' id='word_1_519' title='bbox 3536 2805 3839 2882; x_wconf 83' lang='grc' dir='ltr'>πληρώμα-</span> 
     </span>
    </p>
   </div>
   <div class='ocr_carea' id='block_1_77' title="bbox 2198 2893 3839 2972">
    <p class='ocr_par' dir='ltr' id='par_1_77' title="bbox 2198 2893 3839 2972">
     <span class='ocr_line' id='line_1_77' title="bbox 2198 2893 3839 2972; baseline -0.001 -23"><span class='ocrx_word' id='word_1_520' title='bbox 2198 2915 2316 2956; x_wconf 88' lang='grc' dir='ltr'>τος.</span> <span class='ocrx_word' id='word_1_521' title='bbox 2351 2897 2429 2952; x_wconf 89' lang='grc' dir='ltr'>Τὸ</span> <span class='ocrx_word' id='word_1_522' title='bbox 2460 2893 2518 2950; x_wconf 70' lang='grc' dir='ltr'>δὲ</span> <span class='ocrx_word' id='word_1_523' title='bbox 2557 2901 2800 2972; x_wconf 84' lang='grc' dir='ltr'>κρεῖττον</span> <span class='ocrx_word' id='word_1_524' title='bbox 2833 2896 3050 2951; x_wconf 86' lang='grc' dir='ltr'>πάντων</span> <span class='ocrx_word' id='word_1_525' title='bbox 3099 2898 3190 2951; x_wconf 83' lang='grc' dir='ltr'>καὶ</span> <span class='ocrx_word' id='word_1_526' title='bbox 3245 2897 3689 2972; x_wconf 86' lang='grc' dir='ltr'>ἀναγκαιότερον,</span> <span class='ocrx_word' id='word_1_527' title='bbox 3719 2897 3839 2969; x_wconf 77' lang='grc' dir='ltr'>ὅπερ</span> 
     </span>
    </p>
   </div>
   <div class='ocr_carea' id='block_1_78' title="bbox 2201 2983 3838 3060">
    <p class='ocr_par' dir='ltr' id='par_1_78' title="bbox 2201 2983 3838 3060">
     <span class='ocr_line' id='line_1_78' title="bbox 2201 2983 3838 3060; baseline -0.001 -21"><span class='ocrx_word' id='word_1_528' title='bbox 2201 2985 2263 3039; x_wconf 74' lang='grc' dir='ltr'>τὸ</span> <span class='ocrx_word' id='word_1_529' title='bbox 2316 2985 2600 3059; x_wconf 85' lang='grc' dir='ltr'>πρόθυμον</span> <span class='ocrx_word' id='word_1_530' title='bbox 2660 2986 2836 3041; x_wconf 81' lang='grc' dir='ltr'>αὐτῶν</span> <span class='ocrx_word' id='word_1_531' title='bbox 2921 2983 3194 3060; x_wconf 83' lang='grc' dir='ltr'>διεγείρει,</span> <span class='ocrx_word' id='word_1_532' title='bbox 3282 2985 3374 3041; x_wconf 74' lang='grc' dir='ltr'>καὶ</span> <span class='ocrx_word' id='word_1_533' title='bbox 3441 2987 3544 3054; x_wconf 77' lang='grc' dir='ltr'>τήν</span> <span class='ocrx_word' id='word_1_534' title='bbox 3605 2983 3838 3060; x_wconf 76' lang='grc' dir='ltr'>ἀνδρείαν</span> 
     </span>
    </p>
   </div>
   <div class='ocr_carea' id='block_1_79' title="bbox 2201 3071 3837 3150">
    <p class='ocr_par' dir='ltr' id='par_1_79' title="bbox 2201 3071 3837 3150">
     <span class='ocr_line' id='line_1_79' title="bbox 2201 3071 3837 3150; baseline 0 -23"><span class='ocrx_word' id='word_1_535' title='bbox 2201 3073 2367 3145; x_wconf 65' lang='grc' dir='ltr'>αὔξει,</span> <span class='ocrx_word' id='word_1_536' title='bbox 2396 3075 2486 3130; x_wconf 84' lang='grc' dir='ltr'>καὶ</span> <span class='ocrx_word' id='word_1_537' title='bbox 2515 3080 2624 3130; x_wconf 88' lang='grc' dir='ltr'>τῶν</span> <span class='ocrx_word' id='word_1_538' title='bbox 2685 3073 3015 3148; x_wconf 77' lang='grc' dir='ltr'>ἀτολμήτων</span> <span class='ocrx_word' id='word_1_539' title='bbox 3072 3074 3298 3150; x_wconf 84' lang='grc' dir='ltr'>ἐρεθίζει</span> <span class='ocrx_word' id='word_1_540' title='bbox 3348 3073 3726 3148; x_wconf 67' lang='grc' dir='ltr'>κπατολμᾷν,</span> <span class='ocrx_word' id='word_1_541' title='bbox 3780 3071 3837 3128; x_wconf 81' lang='grc' dir='ltr'>τὸ</span> 
     </span>
    </p>
   </div>
   <div class='ocr_carea' id='block_1_80' title="bbox 2200 3161 3834 3240">
    <p class='ocr_par' dir='ltr' id='par_1_80' title="bbox 2200 3161 3834 3240">
     <span class='ocr_line' id='line_1_80' title="bbox 2200 3161 3834 3240; baseline -0.001 -22"><span class='ocrx_word' id='word_1_542' title='bbox 2200 3161 2413 3219; x_wconf 85' lang='grc' dir='ltr'>τελείαν</span> <span class='ocrx_word' id='word_1_543' title='bbox 2447 3161 2593 3238; x_wconf 82' lang='grc' dir='ltr'>ἔχειν</span> <span class='ocrx_word' id='word_1_544' title='bbox 2627 3164 2932 3240; x_wconf 80' lang='grc' dir='ltr'>ἐλευθερίαν</span> <span class='ocrx_word' id='word_1_545' title='bbox 2963 3165 3059 3228; x_wconf 82' lang='grc' dir='ltr'>τὰς</span> <span class='ocrx_word' id='word_1_546' title='bbox 3118 3165 3320 3220; x_wconf 71' lang='grc' dir='ltr'>ἑαυτῶν</span> <span class='ocrx_word' id='word_1_547' title='bbox 3369 3163 3549 3230; x_wconf 82' lang='grc' dir='ltr'>οίκίας</span> <span class='ocrx_word' id='word_1_548' title='bbox 3605 3165 3692 3219; x_wconf 81' lang='grc' dir='ltr'>καὶ</span> <span class='ocrx_word' id='word_1_549' title='bbox 3737 3166 3834 3217; x_wconf 88' lang='grc' dir='ltr'>τῶν</span> 
     </span>
    </p>
   </div>
   <div class='ocr_carea' id='block_1_81' title="bbox 2209 3249 3835 3330">
    <p class='ocr_par' dir='ltr' id='par_1_81' title="bbox 2209 3249 3835 3330">
     <span class='ocr_line' id='line_1_81' title="bbox 2209 3249 3835 3330; baseline -0.002 -22"><span class='ocrx_word' id='word_1_550' title='bbox 2209 3254 2655 3328; x_wconf 71' lang='grc' dir='ltr'>ὑπηρετουμένων</span> <span class='ocrx_word' id='word_1_551' title='bbox 2717 3253 2902 3316; x_wconf 83' lang='grc' dir='ltr'>αὐτοῖς</span> <span class='ocrx_word' id='word_1_552' title='bbox 2981 3258 3347 3330; x_wconf 86' lang='grc' dir='ltr'>στρατιωτῶν,</span> <span class='ocrx_word' id='word_1_553' title='bbox 3403 3253 3494 3308; x_wconf 81' lang='grc' dir='ltr'>καὶ</span> <span class='ocrx_word' id='word_1_554' title='bbox 3541 3253 3670 3316; x_wconf 78' lang='grc' dir='ltr'>τοὺς</span> <span class='ocrx_word' id='word_1_555' title='bbox 3722 3249 3835 3326; x_wconf 82' lang='grc' dir='ltr'>περὶ</span> 
     </span>
    </p>
   </div>
   <div class='ocr_carea' id='block_1_82' title="bbox 2199 3341 3888 3418">
    <p class='ocr_par' dir='ltr' id='par_1_82' title="bbox 2199 3341 3888 3418">
     <span class='ocr_line' id='line_1_82' title="bbox 2199 3341 3888 3418; baseline -0.002 -22"><span class='ocrx_word' id='word_1_556' title='bbox 2199 3341 2394 3404; x_wconf 81' lang='grc' dir='ltr'>αὐτοὺς</span> <span class='ocrx_word' id='word_1_557' title='bbox 2425 3342 2682 3404; x_wconf 79' lang='grc' dir='ltr'>ἅπαντας.</span> <span class='ocrx_word' id='word_1_558' title='bbox 2715 3343 2885 3398; x_wconf 86' lang='grc' dir='ltr'>Τοῦτο</span> <span class='ocrx_word' id='word_1_559' title='bbox 2910 3345 3016 3418; x_wconf 75' lang='grc' dir='ltr'>γὰρ</span> <span class='ocrx_word' id='word_1_560' title='bbox 3047 3343 3286 3417; x_wconf 79' lang='grc' dir='ltr'>ἀρχῆθεν</span> <span class='ocrx_word' id='word_1_561' title='bbox 3319 3341 3412 3397; x_wconf 81' lang='grc' dir='ltr'>καὶ</span> <span class='ocrx_word' id='word_1_562' title='bbox 3469 3342 3580 3398; x_wconf 84' lang='grc' dir='ltr'>ἀπὸ</span> <span class='ocrx_word' id='word_1_563' title='bbox 3610 3341 3833 3398; x_wconf 88' lang='grc' dir='ltr'>παλαιοῦ</span> <span class='ocrx_word' id='word_1_564' title='bbox 3877 3405 3888 3410; x_wconf 82' lang='lat'><em>_</em></span> 
     </span>
    </p>
   </div>
   <div class='ocr_carea' id='block_1_83' title="bbox 2197 3428 3831 3508">
    <p class='ocr_par' dir='ltr' id='par_1_83' title="bbox 2197 3428 3831 3508">
     <span class='ocr_line' id='line_1_83' title="bbox 2197 3428 3831 3508; baseline -0.001 -24"><span class='ocrx_word' id='word_1_565' title='bbox 2197 3430 2274 3493; x_wconf 77' lang='grc' dir='ltr'>εἷς</span> <span class='ocrx_word' id='word_1_566' title='bbox 2333 3429 2527 3493; x_wconf 78' lang='grc' dir='ltr'>αὐτοὺς</span> <span class='ocrx_word' id='word_1_567' title='bbox 2584 3429 2674 3485; x_wconf 83' lang='grc' dir='ltr'>καὶ</span> <span class='ocrx_word' id='word_1_568' title='bbox 2735 3436 3080 3506; x_wconf 86' lang='grc' dir='ltr'>συνετηρεῖτο</span> <span class='ocrx_word' id='word_1_569' title='bbox 3135 3432 3224 3486; x_wconf 89' lang='grc' dir='ltr'>καὶ</span> <span class='ocrx_word' id='word_1_570' title='bbox 3287 3428 3694 3508; x_wconf 75' lang='grc' dir='ltr'>διεφυλάττετο·</span> <span class='ocrx_word' id='word_1_571' title='bbox 3751 3428 3831 3485; x_wconf 82' lang='grc' dir='ltr'>καὶ</span> 
     </span>
    </p>
   </div>
   <div class='ocr_carea' id='block_1_84' title="bbox 2195 3527 3828 3606">
    <p class='ocr_par' dir='ltr' id='par_1_84' title="bbox 2195 3527 3828 3606">
     <span class='ocr_line' id='line_1_84' title="bbox 2195 3527 3828 3606; baseline -0.003 -21"><span class='ocrx_word' id='word_1_572' title='bbox 2195 3531 2444 3606; x_wconf 77' lang='grc' dir='ltr'>εὑρήσεις</span> <span class='ocrx_word' id='word_1_573' title='bbox 2497 3534 2660 3586; x_wconf 78' lang='grc' dir='ltr'>τοῦτο</span> <span class='ocrx_word' id='word_1_574' title='bbox 2744 3531 3247 3602; x_wconf 78' lang='grc' dir='ltr'>νενομοθετημένον</span> <span class='ocrx_word' id='word_1_575' title='bbox 3305 3529 3454 3606; x_wconf 65' lang='grc' dir='ltr'>παρὰ</span> <span class='ocrx_word' id='word_1_576' title='bbox 3504 3534 3615 3586; x_wconf 89' lang='grc' dir='ltr'>τῶν</span> <span class='ocrx_word' id='word_1_577' title='bbox 3673 3527 3828 3584; x_wconf 88' lang='grc' dir='ltr'>πάλαι</span> 
     </span>
    </p>
   </div>
   <div class='ocr_carea' id='block_1_85' title="bbox 2195 3616 3829 3694">
    <p class='ocr_par' dir='ltr' id='par_1_85' title="bbox 2195 3616 3829 3694">
     <span class='ocr_line' id='line_1_85' title="bbox 2195 3616 3829 3694; baseline -0.001 -21"><span class='ocrx_word' id='word_1_578' title='bbox 2195 3620 2367 3693; x_wconf 79' lang='grc' dir='ltr'>ἁγίων</span> <span class='ocrx_word' id='word_1_579' title='bbox 2399 3616 2489 3673; x_wconf 80' lang='grc' dir='ltr'>καὶ</span> <span class='ocrx_word' id='word_1_580' title='bbox 2525 3616 2803 3694; x_wconf 85' lang='grc' dir='ltr'>μακαρίων</span> <span class='ocrx_word' id='word_1_581' title='bbox 2841 3617 3134 3693; x_wconf 87' lang='grc' dir='ltr'>βασιλέων,</span> <span class='ocrx_word' id='word_1_582' title='bbox 3165 3617 3255 3673; x_wconf 77' lang='grc' dir='ltr'>καὶ</span> <span class='ocrx_word' id='word_1_583' title='bbox 3313 3617 3364 3673; x_wconf 85' lang='grc' dir='ltr'>ἐν</span> <span class='ocrx_word' id='word_1_584' title='bbox 3416 3623 3535 3680; x_wconf 86' lang='grc' dir='ltr'>τοῖς</span> <span class='ocrx_word' id='word_1_585' title='bbox 3565 3620 3829 3674; x_wconf 78' lang='grc' dir='ltr'>τακτικοῖς</span> 
     </span>
    </p>
   </div>
   <div class='ocr_carea' id='block_1_86' title="bbox 2199 3701 3828 3783">
    <p class='ocr_par' dir='ltr' id='par_1_86' title="bbox 2199 3701 3828 3783">
     <span class='ocr_line' id='line_1_86' title="bbox 2199 3701 3828 3783; baseline -0.001 -23"><span class='ocrx_word' id='word_1_586' title='bbox 2199 3701 2443 3783; x_wconf 79' lang='grc' dir='ltr'>βιϐλίοις</span> <span class='ocrx_word' id='word_1_587' title='bbox 2474 3706 2650 3761; x_wconf 80' lang='grc' dir='ltr'>αὐτῶν</span> <span class='ocrx_word' id='word_1_588' title='bbox 2681 3706 3146 3783; x_wconf 80' lang='grc' dir='ltr'>ἐγγεγραμμένον.</span> <span class='ocrx_word' id='word_1_589' title='bbox 3179 3707 3324 3781; x_wconf 86' lang='grc' dir='ltr'>Πρὸς</span> <span class='ocrx_word' id='word_1_590' title='bbox 3382 3704 3440 3762; x_wconf 87' lang='grc' dir='ltr'>δέ</span> <span class='ocrx_word' id='word_1_591' title='bbox 3492 3728 3557 3783; x_wconf 86' lang='grc' dir='ltr'>γε</span> <span class='ocrx_word' id='word_1_592' title='bbox 3584 3710 3652 3782; x_wconf 79' lang='grc' dir='ltr'>τῇ</span> <span class='ocrx_word' id='word_1_593' title='bbox 3681 3704 3828 3761; x_wconf 81' lang='grc' dir='ltr'>ἐλευ-</span> 
     </span>
    </p>
   </div>
   <div class='ocr_carea' id='block_1_87' title="bbox 2194 3795 3828 3873">
    <p class='ocr_par' dir='ltr' id='par_1_87' title="bbox 2194 3795 3828 3873">
     <span class='ocr_line' id='line_1_87' title="bbox 2194 3795 3828 3873; baseline 0.001 -22"><span class='ocrx_word' id='word_1_594' title='bbox 2194 3797 2348 3873; x_wconf 83' lang='grc' dir='ltr'>θερίᾳ</span> <span class='ocrx_word' id='word_1_595' title='bbox 2376 3798 2488 3873; x_wconf 81' lang='grc' dir='ltr'>χρή</span> <span class='ocrx_word' id='word_1_596' title='bbox 2522 3796 2720 3861; x_wconf 81' lang='grc' dir='ltr'>αὐτοὺς</span> <span class='ocrx_word' id='word_1_597' title='bbox 2763 3796 2853 3852; x_wconf 80' lang='grc' dir='ltr'>καὶ</span> <span class='ocrx_word' id='word_1_598' title='bbox 2882 3803 2982 3866; x_wconf 84' lang='grc' dir='ltr'>τῆς</span> <span class='ocrx_word' id='word_1_599' title='bbox 3043 3795 3269 3866; x_wconf 82' lang='grc' dir='ltr'>δεούσης</span> <span class='ocrx_word' id='word_1_600' title='bbox 3327 3796 3625 3853; x_wconf 85' lang='grc' dir='ltr'>ἀπολαύειν</span> <span class='ocrx_word' id='word_1_601' title='bbox 3653 3795 3828 3869; x_wconf 81' lang='grc' dir='ltr'>τιμῆς,</span> 
     </span>
    </p>
   </div>
   <div class='ocr_carea' id='block_1_88' title="bbox 2193 3883 3826 3963">
    <p class='ocr_par' dir='ltr' id='par_1_88' title="bbox 2193 3883 3826 3963">
     <span class='ocr_line' id='line_1_88' title="bbox 2193 3883 3826 3963; baseline -0.002 -24"><span class='ocrx_word' id='word_1_602' title='bbox 2193 3883 2282 3939; x_wconf 84' lang='grc' dir='ltr'>καὶ</span> <span class='ocrx_word' id='word_1_603' title='bbox 2320 3887 2395 3958; x_wconf 82' lang='grc' dir='ltr'>μή</span> <span class='ocrx_word' id='word_1_604' title='bbox 2429 3889 2877 3963; x_wconf 76' lang='grc' dir='ltr'>καταφρονεῖσθαι</span> <span class='ocrx_word' id='word_1_605' title='bbox 2935 3885 3026 3939; x_wconf 84' lang='grc' dir='ltr'>καὶ</span> <span class='ocrx_word' id='word_1_606' title='bbox 3087 3884 3413 3957; x_wconf 78' lang='grc' dir='ltr'>ἀτιμοῦσθαι</span> <span class='ocrx_word' id='word_1_607' title='bbox 3441 3888 3506 3941; x_wconf 86' lang='grc'>⁷³.</span> <span class='ocrx_word' id='word_1_608' title='bbox 3573 3883 3826 3959; x_wconf 77' lang='grc' dir='ltr'>Αἰσχύνο-</span> 
     </span>
    </p>
   </div>
   <div class='ocr_carea' id='block_1_89' title="bbox 2197 3972 3828 4048">
    <p class='ocr_par' dir='ltr' id='par_1_89' title="bbox 2197 3972 3828 4048">
     <span class='ocr_line' id='line_1_89' title="bbox 2197 3972 3828 4048; baseline -0.001 -20"><span class='ocrx_word' id='word_1_609' title='bbox 2197 3994 2293 4046; x_wconf 90' lang='grc' dir='ltr'>μαι</span> <span class='ocrx_word' id='word_1_610' title='bbox 2321 3973 2424 4048; x_wconf 85' lang='grc' dir='ltr'>γὰρ</span> <span class='ocrx_word' id='word_1_611' title='bbox 2485 3973 2679 4046; x_wconf 83' lang='grc' dir='ltr'>εἰπεῖν,</span> <span class='ocrx_word' id='word_1_612' title='bbox 2736 3974 2826 4028; x_wconf 85' lang='grc' dir='ltr'>καὶ</span> <span class='ocrx_word' id='word_1_613' title='bbox 2885 3974 3180 4029; x_wconf 88' lang='grc' dir='ltr'>τύπτεσθαι</span> <span class='ocrx_word' id='word_1_614' title='bbox 3237 3972 3366 4036; x_wconf 80' lang='grc' dir='ltr'>τοὺς</span> <span class='ocrx_word' id='word_1_615' title='bbox 3415 3974 3698 4034; x_wconf 84' lang='grc' dir='ltr'>τοιούτους</span> <span class='ocrx_word' id='word_1_616' title='bbox 3744 3972 3828 4026; x_wconf 80' lang='grc' dir='ltr'>ἄν-</span> 
     </span>
    </p>
   </div>
   <div class='ocr_carea' id='block_1_90' title="bbox 2197 4059 3825 4139">
    <p class='ocr_par' dir='ltr' id='par_1_90' title="bbox 2197 4059 3825 4139">
     <span class='ocr_line' id='line_1_90' title="bbox 2197 4059 3825 4139; baseline -0.002 -21"><span class='ocrx_word' id='word_1_617' title='bbox 2197 4060 2344 4137; x_wconf 88' lang='grc' dir='ltr'>δρας,</span> <span class='ocrx_word' id='word_1_618' title='bbox 2374 4062 2504 4124; x_wconf 83' lang='grc' dir='ltr'>τοὺς</span> <span class='ocrx_word' id='word_1_619' title='bbox 2563 4064 2640 4136; x_wconf 81' lang='grc' dir='ltr'>μὴ</span> <span class='ocrx_word' id='word_1_620' title='bbox 2700 4068 3082 4139; x_wconf 88' lang='grc' dir='ltr'>προτιμῶντας</span> <span class='ocrx_word' id='word_1_621' title='bbox 3138 4069 3240 4132; x_wconf 81' lang='grc' dir='ltr'>τῆς</span> <span class='ocrx_word' id='word_1_622' title='bbox 3301 4059 3441 4126; x_wconf 85' lang='grc' dir='ltr'>ἰδίας</span> <span class='ocrx_word' id='word_1_623' title='bbox 3500 4069 3648 4133; x_wconf 85' lang='grc' dir='ltr'>ζωῆς</span> <span class='ocrx_word' id='word_1_624' title='bbox 3707 4061 3825 4133; x_wconf 69' lang='grc' dir='ltr'>ὑπὲρ</span> 
     </span>
    </p>
   </div>
   <div class='ocr_carea' id='block_1_91' title="bbox 2197 4150 3826 4228">
    <p class='ocr_par' dir='ltr' id='par_1_91' title="bbox 2197 4150 3826 4228">
     <span class='ocr_line' id='line_1_91' title="bbox 2197 4150 3826 4228; baseline 0.001 -22"><span class='ocrx_word' id='word_1_625' title='bbox 2197 4151 2486 4228; x_wconf 79' lang='grc' dir='ltr'>θεραπείας</span> <span class='ocrx_word' id='word_1_626' title='bbox 2531 4155 2638 4208; x_wconf 87' lang='grc' dir='ltr'>τῶν</span> <span class='ocrx_word' id='word_1_627' title='bbox 2699 4151 2865 4228; x_wconf 82' lang='grc' dir='ltr'>ἁγίων</span> <span class='ocrx_word' id='word_1_628' title='bbox 2926 4151 3219 4228; x_wconf 82' lang='grc' dir='ltr'>βασιλέων.</span> <span class='ocrx_word' id='word_1_629' title='bbox 3279 4155 3362 4227; x_wconf 82' lang='grc' dir='ltr'>[Ρ.</span> <span class='ocrx_word' id='word_1_630' title='bbox 3417 4155 3540 4226; x_wconf 77' lang='grc'>155]</span> <span class='ocrx_word' id='word_1_631' title='bbox 3601 4150 3688 4208; x_wconf 86' lang='grc' dir='ltr'>καὶ</span> <span class='ocrx_word' id='word_1_632' title='bbox 3737 4155 3826 4217; x_wconf 80' lang='grc' dir='ltr'>τῆς</span> 
     </span>
    </p>
   </div>
   <div class='ocr_carea' id='block_1_92' title="bbox 2192 4235 3827 4316">
    <p class='ocr_par' dir='ltr' id='par_1_92' title="bbox 2192 4235 3827 4316">
     <span class='ocr_line' id='line_1_92' title="bbox 2192 4235 3827 4316; baseline -0.002 -20"><span class='ocrx_word' id='word_1_633' title='bbox 2192 4244 2300 4296; x_wconf 84' lang='grc' dir='ltr'>τῶν</span> <span class='ocrx_word' id='word_1_634' title='bbox 2364 4241 2700 4316; x_wconf 87' lang='grc' dir='ltr'>Χριστιανῶν</span> <span class='ocrx_word' id='word_1_635' title='bbox 2787 4240 3098 4314; x_wconf 79' lang='grc' dir='ltr'>ἐλευθερίας</span> <span class='ocrx_word' id='word_1_636' title='bbox 3174 4241 3263 4296; x_wconf 85' lang='grc' dir='ltr'>καὶ</span> <span class='ocrx_word' id='word_1_637' title='bbox 3346 4238 3696 4312; x_wconf 84' lang='grc' dir='ltr'>ἐκδικήσεως·</span> <span class='ocrx_word' id='word_1_638' title='bbox 3749 4235 3827 4293; x_wconf 83' lang='grc' dir='ltr'>καὶ</span> 
     </span>
    </p>
   </div>
   <div class='ocr_carea' id='block_1_93' title="bbox 2192 4327 3827 4406">
    <p class='ocr_par' dir='ltr' id='par_1_93' title="bbox 2192 4327 3827 4406">
     <span class='ocr_line' id='line_1_93' title="bbox 2192 4327 3827 4406; baseline -0.003 -22"><span class='ocrx_word' id='word_1_639' title='bbox 2192 4333 2361 4384; x_wconf 78' lang='grc' dir='ltr'>ταῦτα</span> <span class='ocrx_word' id='word_1_640' title='bbox 2390 4330 2540 4403; x_wconf 85' lang='grc' dir='ltr'>παρᾶ</span> <span class='ocrx_word' id='word_1_641' title='bbox 2569 4327 2892 4406; x_wconf 76' lang='grc' dir='ltr'>φορολόγων</span> <span class='ocrx_word' id='word_1_642' title='bbox 2953 4329 3369 4405; x_wconf 78' lang='grc' dir='ltr'>ἂνθρωπαρίων,</span> <span class='ocrx_word' id='word_1_643' title='bbox 3426 4331 3515 4385; x_wconf 87' lang='grc' dir='ltr'>καὶ</span> <span class='ocrx_word' id='word_1_644' title='bbox 3581 4327 3827 4404; x_wconf 83' lang='grc' dir='ltr'>μηδεμίαν</span> 
     </span>
    </p>
   </div>
   <div class='ocr_carea' id='block_1_94' title="bbox 2193 4416 3823 4496">
    <p class='ocr_par' dir='ltr' id='par_1_94' title="bbox 2193 4416 3823 4496">
     <span class='ocr_line' id='line_1_94' title="bbox 2193 4416 3823 4496; baseline -0.003 -24"><span class='ocrx_word' id='word_1_645' title='bbox 2193 4422 2273 4489; x_wconf 83' lang='grc' dir='ltr'>τῷ</span> <span class='ocrx_word' id='word_1_646' title='bbox 2328 4422 2497 4489; x_wconf 89' lang='grc' dir='ltr'>κοινῷ</span> <span class='ocrx_word' id='word_1_647' title='bbox 2553 4417 2960 4490; x_wconf 81' lang='grc' dir='ltr'>προξενούντων</span> <span class='ocrx_word' id='word_1_648' title='bbox 3021 4417 3311 4496; x_wconf 79' lang='grc' dir='ltr'>ὠφέλειαν,</span> <span class='ocrx_word' id='word_1_649' title='bbox 3369 4417 3500 4474; x_wconf 88' lang='grc' dir='ltr'>ἀλλ’</span> <span class='ocrx_word' id='word_1_650' title='bbox 3583 4416 3621 4490; x_wconf 76' lang='grc' dir='ltr'><strong>ἤ</strong></span> <span class='ocrx_word' id='word_1_651' title='bbox 3679 4416 3823 4490; x_wconf 88' lang='grc' dir='ltr'>μόνον</span> 
     </span>
    </p>
   </div>
   <div class='ocr_carea' id='block_1_95' title="bbox 2197 4502 3824 4581">
    <p class='ocr_par' dir='ltr' id='par_1_95' title="bbox 2197 4502 3824 4581">
     <span class='ocr_line' id='line_1_95' title="bbox 2197 4502 3824 4581; baseline -0.001 -21"><span class='ocrx_word' id='word_1_652' title='bbox 2197 4505 2558 4576; x_wconf 84' lang='grc' dir='ltr'>ἐκπιεζόντων</span> <span class='ocrx_word' id='word_1_653' title='bbox 2589 4507 2680 4561; x_wconf 85' lang='grc' dir='ltr'>καὶ</span> <span class='ocrx_word' id='word_1_654' title='bbox 2732 4502 3094 4581; x_wconf 79' lang='grc' dir='ltr'>ἐκτριϐόντων</span> <span class='ocrx_word' id='word_1_655' title='bbox 3153 4506 3281 4572; x_wconf 79' lang='grc' dir='ltr'>τοὺς</span> <span class='ocrx_word' id='word_1_656' title='bbox 3335 4508 3596 4580; x_wconf 84' lang='grc' dir='ltr'>πένητας,</span> <span class='ocrx_word' id='word_1_657' title='bbox 3648 4505 3732 4563; x_wconf 81' lang='grc' dir='ltr'>καὶ</span> <span class='ocrx_word' id='word_1_658' title='bbox 3781 4503 3824 4573; x_wconf 80' lang='grc' dir='ltr'>ἐξ</span> 
     </span>
    </p>
   </div>
   <div class='ocr_carea' id='block_1_96' title="bbox 440 4574 2090 4669">
    <p class='ocr_par' dir='ltr' id='par_1_96' title="bbox 440 4574 2085 4662">
     <span class='ocr_line' id='line_1_96' title="bbox 440 4574 2085 4662; baseline 0.005 -19"><span class='ocrx_word' id='word_1_659' title='bbox 440 4593 539 4644; x_wconf 91' lang='lat' dir='ltr'>tur</span> <span class='ocrx_word' id='word_1_660' title='bbox 566 4589 832 4646; x_wconf 88' lang='lat' dir='ltr'>vindices</span> <span class='ocrx_word' id='word_1_661' title='bbox 863 4596 940 4658; x_wconf 89' lang='lat' dir='ltr'>et,</span> <span class='ocrx_word' id='word_1_662' title='bbox 972 4595 1107 4662; x_wconf 91' lang='lat' dir='ltr'>post</span> <span class='ocrx_word' id='word_1_663' title='bbox 1135 4592 1340 4658; x_wconf 90' lang='lat' dir='ltr'>Deum,</span> <span class='ocrx_word' id='word_1_664' title='bbox 1366 4596 1693 4647; x_wconf 89' lang='lat' dir='ltr'>servatores</span> <span class='ocrx_word' id='word_1_665' title='bbox 1713 4574 2085 4650; x_wconf 80' lang='lat' dir='ltr'>Christiano-</span> 
     </span>
    </p>
   </div>
   <div class='ocr_carea' id='block_1_97' title="bbox 2198 4574 3827 4669">
    <p class='ocr_par' dir='ltr' id='par_1_97' title="bbox 2198 4574 3827 4669">
     <span class='ocr_line' id='line_1_97' title="bbox 2198 4574 3827 4669; baseline -0.002 -20"><span class='ocrx_word' id='word_1_666' title='bbox 2198 4574 2410 4658; x_wconf 80' lang='grc' dir='ltr'>ἀδικίας</span> <span class='ocrx_word' id='word_1_667' title='bbox 2439 4595 2530 4651; x_wconf 87' lang='grc' dir='ltr'>καὶ</span> <span class='ocrx_word' id='word_1_668' title='bbox 2589 4574 3096 4669; x_wconf 40' lang='grc' dir='ltr'>πολλῶν-αἱμάτων</span> <span class='ocrx_word' id='word_1_669' title='bbox 3127 4597 3376 4667; x_wconf 83' lang='grc' dir='ltr'>πενήτων</span> <span class='ocrx_word' id='word_1_670' title='bbox 3415 4574 3630 4661; x_wconf 61' lang='grc' dir='ltr'>ἑαυτοίς</span> <span class='ocrx_word' id='word_1_671' title='bbox 3661 4590 3827 4651; x_wconf 88' lang='grc' dir='ltr'>πολλᾶ</span> 
     </span>
    </p>
   </div>
   <div class='ocr_carea' id='block_1_98' title="bbox 437 4680 2085 4756">
    <p class='ocr_par' dir='ltr' id='par_1_98' title="bbox 437 4680 2085 4756">
     <span class='ocr_line' id='line_1_98' title="bbox 437 4680 2085 4756; baseline 0.004 -22"><span class='ocrx_word' id='word_1_672' title='bbox 437 4696 705 4752; x_wconf 89' lang='lat' dir='ltr'>rum,pro</span> <span class='ocrx_word' id='word_1_673' title='bbox 736 4681 920 4736; x_wconf 87' lang='lat' dir='ltr'>sacris</span> <span class='ocrx_word' id='word_1_674' title='bbox 933 4680 1394 4753; x_wconf 88' lang='lat' dir='ltr'>imperatoribus</span> <span class='ocrx_word' id='word_1_675' title='bbox 1414 4698 1596 4754; x_wconf 91' lang='lat' dir='ltr'>prope</span> <span class='ocrx_word' id='word_1_676' title='bbox 1612 4681 1806 4738; x_wconf 89' lang='lat' dir='ltr'>dicam</span> <span class='ocrx_word' id='word_1_677' title='bbox 1822 4685 2085 4756; x_wconf 89' lang='lat' dir='ltr'>quotidie</span> 
     </span>
    </p>
   </div>
   <div class='ocr_carea' id='block_1_99' title="bbox 439 4770 2088 4844">
    <p class='ocr_par' dir='ltr' id='par_1_99' title="bbox 439 4770 2088 4844">
     <span class='ocr_line' id='line_1_99' title="bbox 439 4770 2088 4844; baseline 0.004 -21"><span class='ocrx_word' id='word_1_678' title='bbox 439 4770 909 4826; x_wconf 92' lang='lat' dir='ltr'>occumbentes:</span> <span class='ocrx_word' id='word_1_679' title='bbox 969 4770 1101 4842; x_wconf 91' lang='lat' dir='ltr'>ipsa</span> <span class='ocrx_word' id='word_1_680' title='bbox 1155 4771 1284 4844; x_wconf 89' lang='lat' dir='ltr'>lege</span> <span class='ocrx_word' id='word_1_681' title='bbox 1333 4771 1607 4843; x_wconf 91' lang='lat' dir='ltr'>jubente,</span> <span class='ocrx_word' id='word_1_682' title='bbox 1662 4778 1727 4826; x_wconf 92' lang='lat' dir='ltr'>ut</span> <span class='ocrx_word' id='word_1_683' title='bbox 1772 4774 2088 4844; x_wconf 73' lang='lat' dir='ltr'>praafectus</span> 
     </span>
    </p>
   </div>
   <div class='ocr_carea' id='block_1_100' title="bbox 439 4857 2086 4933">
    <p class='ocr_par' dir='ltr' id='par_1_100' title="bbox 439 4857 2086 4933">
     <span class='ocr_line' id='line_1_100' title="bbox 439 4857 2086 4933; baseline 0.004 -21"><span class='ocrx_word' id='word_1_684' title='bbox 439 4857 502 4912; x_wconf 93' lang='lat' dir='ltr'>in</span> <span class='ocrx_word' id='word_1_685' title='bbox 533 4875 670 4914; x_wconf 87' lang='lat' dir='ltr'>suas</span> <span class='ocrx_word' id='word_1_686' title='bbox 701 4861 953 4931; x_wconf 89' lang='lat' dir='ltr'>quisque</span> <span class='ocrx_word' id='word_1_687' title='bbox 999 4860 1200 4932; x_wconf 91' lang='lat' dir='ltr'>copias</span> <span class='ocrx_word' id='word_1_688' title='bbox 1258 4860 1577 4932; x_wconf 91' lang='lat' dir='ltr'>imperium</span> <span class='ocrx_word' id='word_1_689' title='bbox 1637 4860 1870 4933; x_wconf 90' lang='lat' dir='ltr'>habeat,</span> <span class='ocrx_word' id='word_1_690' title='bbox 1959 4880 2086 4919; x_wconf 91' lang='lat' dir='ltr'>eas-</span> 
     </span>
    </p>
   </div>
   <div class='ocr_carea' id='block_1_101' title="bbox 444 4949 2087 5024">
    <p class='ocr_par' dir='ltr' id='par_1_101' title="bbox 444 4949 2087 5024">
     <span class='ocr_line' id='line_1_101' title="bbox 444 4949 2087 5024; baseline 0.004 -23"><span class='ocrx_word' id='word_1_691' title='bbox 444 4963 557 5018; x_wconf 91' lang='lat' dir='ltr'>que</span> <span class='ocrx_word' id='word_1_692' title='bbox 606 4949 857 5020; x_wconf 82' lang='lat' dir='ltr'>judicet.</span> <span class='ocrx_word' id='word_1_693' title='bbox 922 4951 992 5005; x_wconf 86' lang='lat' dir='ltr'>Et</span> <span class='ocrx_word' id='word_1_694' title='bbox 1072 4951 1312 5007; x_wconf 90' lang='lat' dir='ltr'>cuinam</span> <span class='ocrx_word' id='word_1_695' title='bbox 1397 4952 1620 5008; x_wconf 90' lang='lat' dir='ltr'>milites</span> <span class='ocrx_word' id='word_1_696' title='bbox 1696 4953 2087 5024; x_wconf 90' lang='lat' dir='ltr'>provinciales</span> 
     </span>
    </p>
   </div>
   <div class='ocr_carea' id='block_1_102' title="bbox 436 5037 2088 5113">
    <p class='ocr_par' dir='ltr' id='par_1_102' title="bbox 436 5037 2088 5113">
     <span class='ocr_line' id='line_1_102' title="bbox 436 5037 2088 5113; baseline 0.004 -22"><span class='ocrx_word' id='word_1_697' title='bbox 436 5037 662 5108; x_wconf 85' lang='lat' dir='ltr'>prOprii</span> <span class='ocrx_word' id='word_1_698' title='bbox 721 5045 878 5106; x_wconf 93' lang='lat' dir='ltr'>sunt,</span> <span class='ocrx_word' id='word_1_699' title='bbox 959 5039 1075 5094; x_wconf 89' lang='lat' dir='ltr'>nisi</span> <span class='ocrx_word' id='word_1_700' title='bbox 1159 5040 1296 5096; x_wconf 91' lang='lat' dir='ltr'>duci</span> <span class='ocrx_word' id='word_1_701' title='bbox 1379 5041 1529 5110; x_wconf 88' lang='lat' dir='ltr'>soli,</span> <span class='ocrx_word' id='word_1_702' title='bbox 1615 5057 1795 5113; x_wconf 88' lang='lat' dir='ltr'>quem</span> <span class='ocrx_word' id='word_1_703' title='bbox 1852 5041 2088 5098; x_wconf 89' lang='lat' dir='ltr'>divinus</span> 
     </span>
    </p>
   </div>
   <div class='ocr_carea' id='block_1_103' title="bbox 443 5125 2086 5198">
    <p class='ocr_par' dir='ltr' id='par_1_103' title="bbox 443 5125 2086 5198">
     <span class='ocr_line' id='line_1_103' title="bbox 443 5125 2086 5198; baseline 0.005 -18"><span class='ocrx_word' id='word_1_704' title='bbox 443 5125 723 5198; x_wconf 89' lang='lat' dir='ltr'>princeps</span> <span class='ocrx_word' id='word_1_705' title='bbox 781 5144 850 5182; x_wconf 90' lang='lat' dir='ltr'>ea</span> <span class='ocrx_word' id='word_1_706' title='bbox 903 5127 964 5182; x_wconf 91' lang='lat' dir='ltr'>in</span> <span class='ocrx_word' id='word_1_707' title='bbox 1044 5129 1349 5198; x_wconf 87' lang='lat' dir='ltr'>provincia</span> <span class='ocrx_word' id='word_1_708' title='bbox 1402 5131 1711 5186; x_wconf 88' lang='lat' dir='ltr'>constituit</span> <span class='ocrx_word' id='word_1_709' title='bbox 1746 5131 1774 5186; x_wconf 83' lang='lat'><strong>?</strong></span> <span class='ocrx_word' id='word_1_710' title='bbox 1831 5134 2086 5197; x_wconf 89' lang='lat' dir='ltr'>Quamo-</span> 
     </span>
    </p>
   </div>
   <div class='ocr_carea' id='block_1_104' title="bbox 445 5213 2088 5287">
    <p class='ocr_par' dir='ltr' id='par_1_104' title="bbox 445 5213 2088 5287">
     <span class='ocr_line' id='line_1_104' title="bbox 445 5213 2088 5287; baseline 0.005 -19"><span class='ocrx_word' id='word_1_711' title='bbox 445 5213 618 5269; x_wconf 89' lang='lat' dir='ltr'>brem</span> <span class='ocrx_word' id='word_1_712' title='bbox 645 5215 825 5270; x_wconf 90' lang='lat' dir='ltr'>etiam</span> <span class='ocrx_word' id='word_1_713' title='bbox 846 5215 920 5271; x_wconf 90' lang='lat' dir='ltr'>ab</span> <span class='ocrx_word' id='word_1_714' title='bbox 949 5217 1382 5287; x_wconf 90' lang='lat' dir='ltr'>antiquissimis</span> <span class='ocrx_word' id='word_1_715' title='bbox 1425 5219 1708 5274; x_wconf 85' lang='lat' dir='ltr'>Romanis</span> <span class='ocrx_word' id='word_1_716' title='bbox 1765 5222 2088 5277; x_wconf 90' lang='lat' dir='ltr'>auctoritas</span> 
     </span>
    </p>
   </div>
   <div class='ocr_carea' id='block_1_105' title="bbox 443 5302 2088 5378">
    <p class='ocr_par' dir='ltr' id='par_1_105' title="bbox 443 5302 2088 5378">
     <span class='ocr_line' id='line_1_105' title="bbox 443 5302 2088 5378; baseline 0.004 -20"><span class='ocrx_word' id='word_1_717' title='bbox 443 5302 580 5358; x_wconf 92' lang='lat' dir='ltr'>duci</span> <span class='ocrx_word' id='word_1_718' title='bbox 611 5304 674 5359; x_wconf 90' lang='lat' dir='ltr'>in</span> <span class='ocrx_word' id='word_1_719' title='bbox 701 5320 809 5359; x_wconf 91' lang='lat' dir='ltr'>sua</span> <span class='ocrx_word' id='word_1_720' title='bbox 837 5304 1136 5376; x_wconf 89' lang='lat' dir='ltr'>provincia</span> <span class='ocrx_word' id='word_1_721' title='bbox 1166 5306 1293 5378; x_wconf 90' lang='lat' dir='ltr'>lege</span> <span class='ocrx_word' id='word_1_722' title='bbox 1357 5311 1482 5361; x_wconf 87' lang='lat' dir='ltr'>erat</span> <span class='ocrx_word' id='word_1_723' title='bbox 1510 5307 1665 5374; x_wconf 90' lang='lat' dir='ltr'>data,</span> <span class='ocrx_word' id='word_1_724' title='bbox 1698 5313 1765 5362; x_wconf 92' lang='lat' dir='ltr'>ut</span> <span class='ocrx_word' id='word_1_725' title='bbox 1792 5310 2088 5365; x_wconf 87' lang='lat' dir='ltr'>actionem</span> 
     </span>
    </p>
   </div>
   <div class='ocr_carea' id='block_1_106' title="bbox 435 5393 2089 5470">
    <p class='ocr_par' dir='ltr' id='par_1_106' title="bbox 435 5393 2089 5470">
     <span class='ocr_line' id='line_1_106' title="bbox 435 5393 2089 5470; baseline 0.003 -21"><span class='ocrx_word' id='word_1_726' title='bbox 435 5393 819 5451; x_wconf 89' lang='lat' dir='ltr'>intendentes</span> <span class='ocrx_word' id='word_1_727' title='bbox 830 5394 892 5450; x_wconf 92' lang='lat' dir='ltr'>in</span> <span class='ocrx_word' id='word_1_728' title='bbox 906 5394 1100 5451; x_wconf 91' lang='lat' dir='ltr'>causis</span> <span class='ocrx_word' id='word_1_729' title='bbox 1115 5394 1474 5451; x_wconf 87' lang='lat' dir='ltr'>militaribus</span> <span class='ocrx_word' id='word_1_730' title='bbox 1477 5395 1501 5467; x_wconf 90' lang='lat' dir='ltr'><strong>j</strong></span> <span class='ocrx_word' id='word_1_731' title='bbox 1510 5396 2089 5470; x_wconf 88' lang='lat' dir='ltr'>udicaret,natasque</span> 
     </span>
    </p>
   </div>
   <div class='ocr_carea' id='block_1_107' title="bbox 2201 4677 3825 4760">
    <p class='ocr_par' dir='ltr' id='par_1_107' title="bbox 2201 4677 3825 4760">
     <span class='ocr_line' id='line_1_107' title="bbox 2201 4677 3825 4760; baseline 0.001 -22"><span class='ocrx_word' id='word_1_732' title='bbox 2201 4681 2440 4739; x_wconf 86' lang='grc' dir='ltr'>τάλαντα</span> <span class='ocrx_word' id='word_1_733' title='bbox 2467 4685 2704 4759; x_wconf 90' lang='grc' dir='ltr'>χρυσίου</span> <span class='ocrx_word' id='word_1_734' title='bbox 2735 4683 3189 4760; x_wconf 83' lang='grc' dir='ltr'>ἐπισυναγόντων.</span> <span class='ocrx_word' id='word_1_735' title='bbox 3219 4690 3310 4740; x_wconf 82' lang='grc' dir='ltr'>Δεῖ</span> <span class='ocrx_word' id='word_1_736' title='bbox 3361 4682 3418 4740; x_wconf 73' lang='grc' dir='ltr'>δὲ</span> <span class='ocrx_word' id='word_1_737' title='bbox 3473 4685 3672 4747; x_wconf 76' lang='grc' dir='ltr'>αὐτοὺς</span> <span class='ocrx_word' id='word_1_738' title='bbox 3702 4677 3825 4756; x_wconf 72' lang='grc' dir='ltr'>μηδὶ</span> 
     </span>
    </p>
   </div>
   <div class='ocr_carea' id='block_1_108' title="bbox 2198 4769 3825 4849">
    <p class='ocr_par' dir='ltr' id='par_1_108' title="bbox 2198 4769 3825 4849">
     <span class='ocr_line' id='line_1_108' title="bbox 2198 4769 3825 4849; baseline 0.001 -22"><span class='ocrx_word' id='word_1_739' title='bbox 2198 4772 2347 4848; x_wconf 80' lang='grc' dir='ltr'>παρά</span> <span class='ocrx_word' id='word_1_740' title='bbox 2399 4778 2508 4828; x_wconf 90' lang='grc' dir='ltr'>τῶν</span> <span class='ocrx_word' id='word_1_741' title='bbox 2571 4777 2878 4846; x_wconf 86' lang='grc' dir='ltr'>θεματικῶν</span> <span class='ocrx_word' id='word_1_742' title='bbox 2939 4777 3138 4849; x_wconf 86' lang='grc' dir='ltr'>κριτῶν</span> <span class='ocrx_word' id='word_1_743' title='bbox 3227 4775 3573 4847; x_wconf 83' lang='grc' dir='ltr'>ἀτιμοῦσθαι,</span> <span class='ocrx_word' id='word_1_744' title='bbox 3627 4772 3712 4828; x_wconf 83' lang='grc' dir='ltr'>καὶ</span> <span class='ocrx_word' id='word_1_745' title='bbox 3763 4769 3825 4828; x_wconf 77' lang='grc' dir='ltr'>ὡς</span> 
     </span>
    </p>
   </div>
   <div class='ocr_carea' id='block_1_109' title="bbox 2197 4859 3822 4939">
    <p class='ocr_par' dir='ltr' id='par_1_109' title="bbox 2197 4859 3822 4939">
     <span class='ocr_line' id='line_1_109' title="bbox 2197 4859 3822 4939; baseline -0.001 -23"><span class='ocrx_word' id='word_1_746' title='bbox 2197 4859 2512 4938; x_wconf 87' lang='grc' dir='ltr'>ἀνδράποδα</span> <span class='ocrx_word' id='word_1_747' title='bbox 2563 4863 2953 4939; x_wconf 85' lang='grc' dir='ltr'>κατασύρεσθαι</span> <span class='ocrx_word' id='word_1_748' title='bbox 3011 4863 3104 4918; x_wconf 86' lang='grc' dir='ltr'>καὶ</span> <span class='ocrx_word' id='word_1_749' title='bbox 3157 4861 3527 4936; x_wconf 84' lang='grc' dir='ltr'>μαστίζεσθαι,</span> <span class='ocrx_word' id='word_1_750' title='bbox 3561 4861 3727 4936; x_wconf 88' lang='grc' dir='ltr'>δεσμά</span> <span class='ocrx_word' id='word_1_751' title='bbox 3774 4876 3822 4911; x_wconf 80' lang='grc' dir='ltr'>τι</span> 
     </span>
    </p>
   </div>
   <div class='ocr_carea' id='block_1_110' title="bbox 2198 4947 3820 5030">
    <p class='ocr_par' dir='ltr' id='par_1_110' title="bbox 2198 4947 3820 5030">
     <span class='ocr_line' id='line_1_110' title="bbox 2198 4947 3820 5030; baseline -0.002 -24"><span class='ocrx_word' id='word_1_752' title='bbox 2198 4951 2289 5006; x_wconf 81' lang='grc' dir='ltr'>καὶ</span> <span class='ocrx_word' id='word_1_753' title='bbox 2319 4950 2487 5007; x_wconf 86' lang='grc' dir='ltr'>κλοιά</span> <span class='ocrx_word' id='word_1_754' title='bbox 2513 4947 2580 5024; x_wconf 77' lang='grc' dir='ltr'>(ὦ</span> <span class='ocrx_word' id='word_1_755' title='bbox 2607 4959 2709 5022; x_wconf 85' lang='grc' dir='ltr'>τῆς</span> <span class='ocrx_word' id='word_1_756' title='bbox 2759 4957 3043 5030; x_wconf 75' lang='grc' dir='ltr'>συμφορᾶς</span> <span class='ocrx_word' id='word_1_757' title='bbox 3077 4953 3114 5025; x_wconf 87' lang='lat' dir='ltr'>l)</span> <span class='ocrx_word' id='word_1_758' title='bbox 3145 4951 3507 5028; x_wconf 81' lang='grc' dir='ltr'>περιτίθεσθαι</span> <span class='ocrx_word' id='word_1_759' title='bbox 3564 4951 3688 5013; x_wconf 79' lang='grc' dir='ltr'>τοὺς</span> <span class='ocrx_word' id='word_1_760' title='bbox 3738 4947 3820 5002; x_wconf 79' lang='grc' dir='ltr'>ἐκ·</span> 
     </span>
    </p>
   </div>
   <div class='ocr_carea' id='block_1_111' title="bbox 2198 5033 3818 5117">
    <p class='ocr_par' dir='ltr' id='par_1_111' title="bbox 2198 5033 3818 5117">
     <span class='ocr_line' id='line_1_111' title="bbox 2198 5033 3818 5117; baseline -0.003 -20"><span class='ocrx_word' id='word_1_761' title='bbox 2198 5039 2382 5104; x_wconf 90' lang='grc' dir='ltr'>δίκους</span> <span class='ocrx_word' id='word_1_762' title='bbox 2452 5039 2566 5112; x_wconf 81' lang='grc' dir='ltr'>καὶ,</span> <span class='ocrx_word' id='word_1_763' title='bbox 2626 5042 2762 5114; x_wconf 78' lang='grc' dir='ltr'>μετὰ</span> <span class='ocrx_word' id='word_1_764' title='bbox 2820 5041 2972 5112; x_wconf 86' lang='grc' dir='ltr'>Θεὸν,</span> <span class='ocrx_word' id='word_1_765' title='bbox 3030 5061 3279 5117; x_wconf 77' lang='grc' dir='ltr'>σωτηρας</span> <span class='ocrx_word' id='word_1_766' title='bbox 3337 5043 3690 5116; x_wconf 83' lang='grc' dir='ltr'>Χριστιανῶν,</span> <span class='ocrx_word' id='word_1_767' title='bbox 3743 5033 3818 5092; x_wconf 79' lang='grc' dir='ltr'>καὶ</span> 
     </span>
    </p>
   </div>
   <div class='ocr_carea' id='block_1_112' title="bbox 2198 5126 3818 5205">
    <p class='ocr_par' dir='ltr' id='par_1_112' title="bbox 2198 5126 3818 5205">
     <span class='ocr_line' id='line_1_112' title="bbox 2198 5126 3818 5205; baseline -0.005 -21"><span class='ocrx_word' id='word_1_768' title='bbox 2198 5129 2331 5202; x_wconf 74' lang='grc' dir='ltr'>ὑπὲρ</span> <span class='ocrx_word' id='word_1_769' title='bbox 2359 5132 2468 5183; x_wconf 87' lang='grc' dir='ltr'>τῶν</span> <span class='ocrx_word' id='word_1_770' title='bbox 2517 5126 2682 5205; x_wconf 84' lang='grc' dir='ltr'>ἁγίων</span> <span class='ocrx_word' id='word_1_771' title='bbox 2717 5127 2984 5204; x_wconf 88' lang='grc' dir='ltr'>βασιλέων</span> <span class='ocrx_word' id='word_1_772' title='bbox 3043 5128 3163 5192; x_wconf 89' lang='grc' dir='ltr'>καθ’</span> <span class='ocrx_word' id='word_1_773' title='bbox 3217 5128 3464 5200; x_wconf 66' lang='grc' dir='ltr'>ἑκάστην,</span> <span class='ocrx_word' id='word_1_774' title='bbox 3519 5129 3591 5190; x_wconf 81' lang='grc' dir='ltr'>ὡς</span> <span class='ocrx_word' id='word_1_775' title='bbox 3647 5126 3818 5192; x_wconf 73' lang='grc' dir='ltr'>εἰπεῖν,</span> 
     </span>
    </p>
   </div>
   <div class='ocr_carea' id='block_1_113' title="bbox 2197 5217 3816 5294">
    <p class='ocr_par' dir='ltr' id='par_1_113' title="bbox 2197 5217 3816 5294">
     <span class='ocr_line' id='line_1_113' title="bbox 2197 5217 3816 5294; baseline 0 -20"><span class='ocrx_word' id='word_1_776' title='bbox 2197 5219 2665 5289; x_wconf 86' lang='grc' dir='ltr'>ἀποθνήσκοντας·</span> <span class='ocrx_word' id='word_1_777' title='bbox 2725 5217 2889 5273; x_wconf 76' lang='grc' dir='ltr'>αὐτοῦ</span> <span class='ocrx_word' id='word_1_778' title='bbox 2963 5222 3061 5273; x_wconf 76' lang='grc' dir='ltr'>τοῦ</span> <span class='ocrx_word' id='word_1_779' title='bbox 3117 5217 3292 5292; x_wconf 89' lang='grc' dir='ltr'>νόμου</span> <span class='ocrx_word' id='word_1_780' title='bbox 3348 5217 3816 5294; x_wconf 80' lang='grc' dir='ltr'>παρακελεύοντος.</span> 
     </span>
    </p>
   </div>
   <div class='ocr_carea' id='block_1_114' title="bbox 2196 5300 3816 5383">
    <p class='ocr_par' dir='ltr' id='par_1_114' title="bbox 2196 5300 3816 5383">
     <span class='ocr_line' id='line_1_114' title="bbox 2196 5300 3816 5383; baseline -0.005 -17"><span class='ocrx_word' id='word_1_781' title='bbox 2196 5310 2463 5366; x_wconf 83' lang='grc' dir='ltr'>Ἕκαστον</span> <span class='ocrx_word' id='word_1_782' title='bbox 2514 5307 2753 5383; x_wconf 66' lang='grc' dir='ltr'>ἄρχοντα</span> <span class='ocrx_word' id='word_1_783' title='bbox 2799 5311 2895 5362; x_wconf 83' lang='grc' dir='ltr'>τοῦ</span> <span class='ocrx_word' id='word_1_784' title='bbox 2957 5305 3097 5364; x_wconf 82' lang='grc' dir='ltr'>ἰδίου</span> <span class='ocrx_word' id='word_1_785' title='bbox 3146 5305 3286 5362; x_wconf 80' lang='grc' dir='ltr'>λαοῦ</span> <span class='ocrx_word' id='word_1_786' title='bbox 3348 5307 3688 5379; x_wconf 76' lang='grc' dir='ltr'>ἐξουσιάζειν,</span> <span class='ocrx_word' id='word_1_787' title='bbox 3738 5300 3816 5358; x_wconf 79' lang='grc' dir='ltr'>καὶ</span> 
     </span>
    </p>
   </div>
   <div class='ocr_carea' id='block_1_115' title="bbox 2194 5393 3816 5475">
    <p class='ocr_par' dir='ltr' id='par_1_115' title="bbox 2194 5393 3816 5475">
     <span class='ocr_line' id='line_1_115' title="bbox 2194 5393 3816 5475; baseline -0.004 -24"><span class='ocrx_word' id='word_1_788' title='bbox 2194 5396 2423 5460; x_wconf 83' lang='grc' dir='ltr'>τούτους</span> <span class='ocrx_word' id='word_1_789' title='bbox 2451 5395 2675 5474; x_wconf 83' lang='grc' dir='ltr'>κρίνειν.</span> <span class='ocrx_word' id='word_1_790' title='bbox 2709 5397 2809 5452; x_wconf 81' lang='grc' dir='ltr'>Καὶ</span> <span class='ocrx_word' id='word_1_791' title='bbox 2863 5394 3013 5459; x_wconf 90' lang='grc' dir='ltr'>τίνος</span> <span class='ocrx_word' id='word_1_792' title='bbox 3071 5396 3261 5472; x_wconf 78' lang='grc' dir='ltr'>ἐτέρου</span> <span class='ocrx_word' id='word_1_793' title='bbox 3315 5398 3419 5475; x_wconf 81' lang='grc' dir='ltr'>ἆρα</span> <span class='ocrx_word' id='word_1_794' title='bbox 3474 5395 3604 5460; x_wconf 84' lang='grc' dir='ltr'>λαὸς</span> <span class='ocrx_word' id='word_1_795' title='bbox 3635 5393 3816 5451; x_wconf 83' lang='grc' dir='ltr'>οἰκεῖος</span> 
     </span>
    </p>
   </div>
   <div class='ocr_carea' id='block_1_116' title="bbox 1645 5537 2640 5603">
    <p class='ocr_par' dir='ltr' id='par_1_116' title="bbox 1645 5537 2640 5603">
     <span class='ocr_line' id='line_1_116' title="bbox 1645 5537 2640 5603; baseline 0.007 -7"><span class='ocrx_word' id='word_1_796' title='bbox 1645 5537 1707 5596; x_wconf 84' lang='lat' dir='ltr'>C.</span> <span class='ocrx_word' id='word_1_797' title='bbox 1750 5541 1812 5595; x_wconf 90' lang='grc' dir='ltr'><strong>Β.</strong></span> <span class='ocrx_word' id='word_1_798' title='bbox 1854 5541 2043 5598; x_wconf 85' lang='lat' dir='ltr'>HASII</span> <span class='ocrx_word' id='word_1_799' title='bbox 2078 5541 2640 5603; x_wconf 79' lang='lat' dir='ltr'>ANNOTATIONES.</span> 
     </span>
    </p>
   </div>
   <div class='ocr_carea' id='block_1_117' title="bbox 512 5654 2090 5736">
    <p class='ocr_par' dir='ltr' id='par_1_117' title="bbox 512 5654 2090 5735">
     <span class='ocr_line' id='line_1_117' title="bbox 512 5654 2090 5735; baseline -0.003 -19"><span class='ocrx_word' id='word_1_800' title='bbox 512 5654 560 5696; x_wconf 81' lang='grc'>⁷³</span> <span class='ocrx_word' id='word_1_801' title='bbox 585 5655 675 5716; x_wconf 82' lang='grc' dir='ltr'>καὶ</span> <span class='ocrx_word' id='word_1_802' title='bbox 707 5655 776 5721; x_wconf 76' lang='grc' dir='ltr'>εἰ.</span> <span class='ocrx_word' id='word_1_803' title='bbox 810 5658 905 5717; x_wconf 89' lang='lat' dir='ltr'>Sic</span> <span class='ocrx_word' id='word_1_804' title='bbox 937 5656 1108 5718; x_wconf 87' lang='lat' dir='ltr'>codd.</span> <span class='ocrx_word' id='word_1_805' title='bbox 1131 5657 1178 5697; x_wconf 76' lang='grc'>⁷³</span> <span class='ocrx_word' id='word_1_806' title='bbox 1204 5658 1553 5735; x_wconf 78' lang='grc' dir='ltr'>ἀτιμοῦσθαι.</span> <span class='ocrx_word' id='word_1_807' title='bbox 1586 5656 1680 5716; x_wconf 88' lang='lat' dir='ltr'>Sic</span> <span class='ocrx_word' id='word_1_808' title='bbox 1707 5675 1814 5733; x_wconf 86' lang='lat' dir='ltr'>pro</span> <span class='ocrx_word' id='word_1_809' title='bbox 1844 5657 2090 5732; x_wconf 79' lang='grc' dir='ltr'>ἀτιμᾶσθι</span> 
     </span>
    </p>
   </div>
   <div class='ocr_carea' id='block_1_118' title="bbox 2198 5654 3119 5736">
    <p class='ocr_par' dir='ltr' id='par_1_118' title="bbox 2198 5659 3119 5736">
     <span class='ocr_line' id='line_1_118' title="bbox 2198 5659 3119 5736; baseline 0 -18"><span class='ocrx_word' id='word_1_810' title='bbox 2198 5666 2259 5718; x_wconf 89' lang='lat' dir='ltr'>ut</span> <span class='ocrx_word' id='word_1_811' title='bbox 2286 5659 2465 5736; x_wconf 88' lang='lat' dir='ltr'>paulo</span> <span class='ocrx_word' id='word_1_812' title='bbox 2500 5664 2639 5734; x_wconf 81' lang='lat' dir='ltr'>post</span> <span class='ocrx_word' id='word_1_813' title='bbox 2667 5662 2790 5720; x_wconf 75' lang='lat'>155.</span> <span class='ocrx_word' id='word_1_814' title='bbox 2819 5662 2887 5720; x_wconf 81' lang='grc' dir='ltr'>Α.</span> <span class='ocrx_word' id='word_1_815' title='bbox 2917 5659 3026 5724; x_wconf 87' lang='lat' dir='ltr'>lin.</span> <span class='ocrx_word' id='word_1_816' title='bbox 3065 5663 3119 5719; x_wconf 80' lang='lat'>9.</span> 
     </span>
    </p>
   </div>
  </div>
