4146 6302
357 328 478 422 989

1637 350 2058 421 VELITATIO
2100 347 2449 409 BELLICA.

3644 329 3766 394 990

362 489 391 543 6
420 492 518 542 τοῦ
545 488 807 561 Θέματος,
839 486 890 544 εἴ
914 489 990 562 μή
1028 487 1192 562 μόνον
1246 491 1345 544 τοῦ
1398 492 1723 565 στρατηγοῦ,
1757 487 1815 542 ὅν
1846 489 1873 543 6
1909 487 2004 562 βα-

2127 481 2189 537 in
2219 476 2667 553 provincialites
2690 471 3154 535 administraret,
3178 465 3357 522 simul
3386 465 3685 521 assidente
3709 466 3767 518 et

363 575 551 638 σιλευς
583 579 611 632 ὁ
643 577 796 653 ἅγιος
827 576 884 633 ἐν
916 578 1064 650 αὖτῷ
1108 576 1517 654 προχειρίζεται
1548 601 1563 647 ;
1596 577 1692 632 Διὰ
1720 580 1880 631 τοῦτο
1910 574 2012 648 γὰρ

361 664 452 720 καί
484 665 590 720 ἀπὸ
642 667 741 720 τῶν
775 666 1156 741 ἀρχαιοτάτων
1215 665 1504 740 Ῥωμαίων
1559 665 1649 720 καὶ
1705 669 1802 720 τοῦ
1840 663 2013 735 νόμου

359 757 462 824 τήν
495 759 594 809 τοῦ
627 753 773 810 ἰδίου
799 757 1032 829 θὲματος
1063 754 1302 828 ἐξουσίαν
1327 757 1354 810 6
1406 754 1708 830 στρατηγὸς
1736 752 2012 822 ἐκέκτητο,

363 845 568 919 κρίνων
626 843 756 908 τοὺς
813 844 1175 921 ἐγκαλοῦντας
1261 844 1350 900 ἐπὶ
1415 849 1827 921 στρατιωτικοῖς
1877 840 2014 917 πρά-

358 954 554 1008 γμασι,
585 933 674 988 καὶ
732 931 959 989 διοικῶν
1017 935 1084 988 τά
1142 932 1197 988 ἐν
1253 939 1335 1007 τῷ
1390 935 1582 1006 θὲματι
1624 933 2014 1001 ἀνακύπτοντα,

362 1018 510 1097 ἔχων
545 1023 795 1099 συνεργιῖν
828 1023 921 1078 τὸν
954 1023 1148 1098 κριτὴν
1178 1025 1267 1078 καὶ
1318 1025 1447 1098 παρ’
1502 1023 1666 1079 αὺτοῦ
1723 1020 2016 1097 συνεργού-

372 1130 556 1184 μινοςο
592 1114 859 1187 συνεργῶν
893 1107 950 1164 δὲ
991 1112 1077 1166 καί
1137 1115 1216 1183 τῷ
1268 1109 1694 1185 πρωτονοταρίῳ
1735 1112 1827 1164 καί
1891 1111 2012 1169 τοῖς

365 1197 564 1255 ἂλλοις
597 1203 716 1262 τοῖς
741 1198 838 1261 τὰς
867 1202 964 1254 τοῦ
996 1196 1269 1273 δημοσίου
1327 1197 1574 1262 δουλείας
1608 1191 2015 1275 ἐγκεχειρισμέ-

361 1310 502 1352 νοις.
556 1290 697 1363 Εἶχε
745 1285 803 1343 δε
861 1287 953 1344 καὶ
1007 1289 1036 1343 ὁ
1091 1289 1454 1365 τουρμάρχης
1503 1295 1603 1359 τῆς
1657 1285 1797 1352 ἰδίας
1850 1288 2015 1342 αὐτοῦ

362 1383 632 1455 τουρμιᾶς
661 1380 808 1452 παρᾶ
836 1383 933 1434 τοῦ
963 1379 1137 1452 νόμου
1193 1379 1284 1434 καὶ
1336 1385 1438 1448 τῆς
1498 1377 1790 1454 βασιλικῆς
1843 1396 2015 1452 προσ-

361 1467 563 1540 τάξεως
618 1464 700 1522 ἐπ’
759 1465 1003 1537 ἐξουσίας
1082 1468 1178 1530 τὰς
1233 1467 1461 1542 κρίσεις,
1517 1468 1654 1522 κατά
1705 1464 1832 1528 τοὺς
1899 1465 2016 1520 ἐπι-

363 1557 736 1632 κρατήσαντας
793 1556 998 1618 τύπους
1051 1557 1143 1611 καὶ
1209 1556 1277 1612 τὰ
1320 1547 1540 1612 τούτων
1599 1556 1894 1630 προνόμια.
1954 1553 2015 1610 Εἰ

369 1646 465 1718 μὲν
498 1645 590 1700 οὗν
646 1647 747 1713 τὴν
804 1645 977 1701 πάλαι
1034 1646 1356 1701 κατάστασιν
1427 1647 1454 1700 6
1493 1650 1600 1699 τῶν
1659 1643 1826 1720 ἁγίων
1862 1643 2014 1718 βασι-

364 1735 510 1791 λέων
542 1730 688 1810 λάϐῃ
723 1735 974 1812 στρατὸς,
1006 1735 1097 1791 καὶ
1153 1737 1220 1790 τὰ
1284 1723 1556 1791 λυποῦντα
1583 1734 1674 1790 καὶ
1725 1733 1801 1796 είς
1833 1734 2019 1788 πενίαν

367 1825 567 1888 αὐτοὺς
627 1824 824 1901 ἃγοντα
901 1821 1092 1902 πόρῥω
1149 1826 1406 1899 γένωνται
1463 1824 1706 1895 τούτων,
1771 1820 2015 1898 μεγάλην

2127 571 2439 642 adjuvante
2478 566 2725 639 judice:
2783 567 2963 632 utque
3004 560 3130 630 ipse
3171 561 3229 611 et
3277 554 3680 627 protonotario
3709 557 3767 606 et

2123 659 2393 730 reliquis,
2420 656 2519 728 qui
2551 653 2929 726 magistratus
2955 647 3156 704 civiles
3177 644 3485 709 haberent,
3521 657 3762 712 operam

2124 748 2584 803 tribueret.ltem
2616 740 2959 798 turmarcha
2989 737 3050 790 in
3081 733 3276 790 causis
3309 749 3429 788 suaa
3461 736 3669 785 turmae
3693 745 3765 783 ex

2121 837 2248 909 lege
2281 835 2591 904 edictoque
2623 827 2937 903 principali
2957 824 3253 898 judicium
3303 819 3636 887 exercebat,
3670 831 3763 872 se-

2121 933 2382 989 cundum
2401 928 2691 986 formulas
2720 932 2859 981 tunc
2877 923 3332 990 usitatas,atque
3351 913 3764 989 praerogativas

2119 1022 2382 1078 illorum.
2415 1019 2580 1085 Quod
2611 1018 2660 1072 si
2689 1015 2996 1087 reponitur
3025 1011 3086 1066 in
3133 1008 3446 1081 pristinam
3473 1004 3768 1061 conditio—

2119 1129 2260 1172 nem
2290 1110 2625 1166 divinorum
2667 1104 3006 1177 principum
3065 1098 3375 1166 exercitus,
3409 1110 3660 1166 quaeque
3698 1092 3763 1147 in

2118 1202 2344 1257 luctum
2376 1201 2816 1271 egestatemque
2839 1189 3164 1246 detrudunt
3192 1185 3431 1252 milites,
3463 1182 3672 1255 procul
3692 1180 3765 1236 ab

2119 1291 2242 1346 illis
2272 1292 2654 1344 removentur
2681 1302 2694 1352 ;
2724 1283 2935 1338 miram
2967 1279 3204 1351 capient
3224 1275 3614 1341 alacritatem,
3665 1272 3761 1326 hi-

2120 1379 2441 1445 laritatem,
2502 1373 2807 1430 laetitiam:
2867 1368 3234 1426 strenuiores
3291 1369 3348 1418 et
3418 1361 3763 1418 audaciores

2121 1473 2331 1525 erunt:
2365 1461 2854 1536 inexpugnabiles
2885 1464 2944 1514 et
2971 1455 3173 1513 invicti
3194 1452 3546 1510 adversariis
3578 1450 3765 1506 exsis-

2123 1561 2269 1610 tent.
2305 1553 2529 1619 Quibus
2562 1551 2710 1607 241
2740 1547 2821 1603 ita
2842 1543 3200 1610 constitutis,
3224 1539 3412 1596 sancti
3443 1539 3769 1610 imperato-

2119 1661 2216 1700 res
2246 1642 2435 1698 nostri
2464 1655 2586 1694 non
2638 1636 2815 1692 modo
2870 1650 3006 1690 suas
3063 1629 3394 1703 provincias
3420 1626 3764 1694 tuebuntur,

2123 1749 2328 1789 verum
2360 1731 2538 1785 etiam
2569 1727 2717 1782 alias
2748 1724 3057 1796 plurimas,
3090 1737 3220 1791 qua
3242 1717 3512 1774 hostibus
3537 1715 3766 1771 obtem-

2123 1825 2356 1894 perant,
2379 1817 2490 1873 sibi
2524 1814 2865 1886 subjicient.

365 1912 640 1989 λήψονται
669 1914 997 1989 προθυμίαν,
1023 1915 1114 1969 καὶ
1148 1915 1340 1990 χαρὰν,
1371 1913 1460 1969 καὶ
1479 1911 1821 1988 άγαλλίασιν·
1856 1911 1946 1966 καὶ
1967 1908 2331 1984 γενναιότεροι
2359 1905 2449 1962 καὶ
2481 1901 2888 1975 εὑτολμώτεροι
2928 1897 3165 1967 ἔσονται,
3213 1891 3648 1968 ἀκαταγώνιστοί
3706 1908 3765 1944 τε

355 2005 445 2059 καὶ
481 2004 905 2078 ἀκαταμάχητοι
925 2009 1043 2066 τοῖς
1073 1979 1366 2077 πολεμίοις
1399 1979 1753 2080 ὀφθυίσονται.
1785 2000 1884 2056 Xa?
1912 1979 2119 2057 τοῦτων
2144 1979 2319 2061 οὕτως
2345 1994 2676 2070 γινομένων,
2728 1991 2792 2046 οὐ
2828 1990 2992 2062 μόνον
3024 1989 3120 2050 τὰς
3154 1982 3297 2048 ἰδίας
3332 1983 3385 2038 οἱ
3417 1982 3561 2058 ἅγιοι
3593 1979 3763 2053 ἡμῶν

359 2092 609 2169 βασιλεῖς
640 2092 988 2165 ἐκδικήσουσι
1019 2093 1231 2169 χώρας,
1264 2091 1410 2149 ἀλλὰ
1442 2093 1533 2148 καὶ
1561 2090 1746 2166 ἑτέρας
1776 2091 2038 2150 πλείστας
2069 2092 2176 2143 τῶν
2208 2082 2494 2158 πολεμίων
2527 2080 3009 2152 καθυποτάξουσιν.

350 2209 520 2295 ΚΕεξ.
553 2209 635 2296 K‘;
698 2209 828 2296 Περῖ
881 2212 1017 2296 τῶνη
1050 2206 1483 2296 ὲγχρρνιζόντων
1532 2205 1818 2296 πολεμίων
1864 2203 2015 2296 ,κατᾶ

2126 2205 2511 2296 ελῗὲῖίῖἓρθ
2540 2201 2890 2296 αάΡθνδέῖΞίῘὲι
2922 2200 2970 2254 Si
2990 2197 3199 2296 ἀέῗξῗῖίέ
3229 2195 3296 2296 ίῖῖ.
3324 2193 3769 2296 “Hirtii”:

423 2283 526 2356 τῆς
558 2280 748 2356 χώρας
777 2279 974 2356 ὴμῶν,
996 2279 1447 2356 ἳναόὴμέτερος
1481 2279 1706 2355 στρατὸς
1752 2279 1888 2334 κατᾶ
1916 2283 2016 2347 τῆς

431 2351 618 2427 χώρας
643 2351 1084 2426 αὐτῶνέπέλθῃ.

433 2515 558 2570 Τῶν
585 2510 872 2585 πολεμίων
937 2513 1072 2584 μετὰ
1131 2511 1373 2585 μεγάλης
1430 2509 1520 2566 καὶ
1575 2509 1791 2586 βαρείας
1851 2506 2013 2563 δυνά-

369 2622 514 2676 μεως
551 2603 648 2664 τὰς
689 2601 878 2676 χώρας
916 2603 1080 2674 ἡμῶν
1135 2598 1584 2674 περιπολούντων
1636 2599 1684 2635 7‘
1739 2602 1872 2672 (2i),
1930 2596 2016 2652 ἐκέ

368 2684 667 2764 τριϐόντων
697 2710 758 2745 τε
788 2691 872 2763 [Ρ.
909 2691 1030 2762 156]
1063 2689 1153 2744 καὶ
1196 2686 1587 2765 ἀφανιζόντων,
1636 2687 1724 2742 καὶ
1783 2684 2016 2760 πολιορ-

365 2781 487 2840 κίας
528 2778 772 2854 κάστρων
805 2775 1274 2852 διαμελετώντιι.›ν⁵
1337 2777 1761 2855 φυλατταμένων
1813 2773 1889 2842 δὲ,
1919 2778 2016 2830 τοῦ

377 2869 453 2940 μὴ
537 2868 683 2944 παρὰ
735 2871 844 2922 τῶν
932 2870 1254 2940 Ῥωμαϊκῶν
1313 2864 1730 2939 στρατευμάτων
1777 2861 2015 2938 ἐνεδρευ-

379 2957 560 3026 θῆναι,
590 2954 732 3012 ἀλλὰ
786 2953 999 3030 μᾶλλον
1055 2954 1254 3018 αὐτοὺς
1309 2953 1612 3030 ἐνεδρεῦσαι
1676 2952 2015 3028 μηχανωμέ-

373 3065 501 3100 νωνο
544 3045 590 3100 εἰ
647 3047 722 3119 μὴ
783 3045 1067 3120 ἀξιόλογος
1125 3045 1408 3118 Ῥωμαϊκή
1452 3042 1680 3116 δύναμις
1738 3043 1814 3105 εἰς
1869 3043 2012 3096 ἀντι-

369 3135 660 3211 παράταξιν
748 3137 954 3190 τοῦτων
1033 3134 1169 3205 ἐστὶ,
1254 3132 1521 3207 δυναμένη
1605 3131 1832 3194 τούτους
1886 3153 2014 3187 κατ-

371 3225 756 3301 αγωνίσασθαι’
788 3231 949 3282 τοῦτο
1010 3224 1094 3281 δεῖ
1151 3247 1230 3295 σε,
1280 3226 1326 3279 ὦ
1382 3225 1665 3301 στρατηγέ,
1718 3221 2014 3297 διαπράξα-

375 3327 520 3384 σθαι,
547 3314 679 3392 ὅπερ
709 3314 801 3370 καὶ
861 3315 913 3370 ἐν
971 3319 1087 3378 τοῖς
1141 3312 1248 3369 ἂνω
1294 3313 1522 3388 χρόνοις
1571 3310 1780 3390 γὲγονε,
1837 3311 2014 3374 καθὼς

374 3407 411 3474 ἡ
444 3407 757 3461 συντεθεῖσα
787 3405 1120 3478 στρατηγική
1179 3399 1374 3478 βίϐλος
1429 3404 1575 3477 παρὰ
1622 3406 1720 3458 τοῦ
1759 3398 2016 3474 ἀοιδίμου

366 3494 457 3549 καὶ
490 3494 811 3572 σοφωτάτου
855 3492 1124 3568 βασιλέως
1173 3491 1403 3554 Λέοντος
1461 3485 1820 3562 διαλαμϐάνει
1850 3492 1914 3558 ⁷⁸,
1946 3491 2016 3558 ᾚ

2198 2282 2512 2403 Ξηοναηιαν,
2569 2280 2632 2329 ut
2687 2273 2956 2328 exercitus
3012 2279 3197 2323 noster
3241 2268 3300 2320 in
3355 2264 3582 2320 illorum
3636 2264 3769 2328 ﬁnes

2223 2354 2464 2403 rameat.

2223 2354 2464 2404 rameat.

2198 2500 2364 2568 Quod
2389 2501 2435 2556 si
2459 2501 2660 2554 hostes
2683 2513 2817 2553 cum
2840 2511 3052 2568 magno
3071 2491 3348 2566 gravique
3361 2487 3622 2544 exercitu
3636 2501 3776 2556 pro-

2127 2591 2351 2646 vincias
2373 2584 3200 2656 obeant,vexent,exinaniant
3218 2574 3775 2648 nostras,obsessio-

2126 2697 2233 2735 nes
2262 2679 2618 2752 oppidorum
2639 2677 2832 2732 facere
2850 2675 2911 2728 in
2941 2674 3141 2729 animo
3170 2670 3450 2734 habeant,
3503 2667 3773 2722 caveant-

2126 2785 2242 2841 que
2271 2774 2578 2840 praeterea,
2603 2782 2681 2820 ne
2712 2765 2783 2820 ab
2818 2762 3079 2819 exercitu
3100 2763 3364 2816 Romano
3394 2755 3631 2811 insidiis
3671 2768 3772 2824 pe-

2125 2863 2344 2924 tantur,
2369 2856 2604 2928 ipsique
2626 2854 2824 2926 potius
2855 2850 2930 2907 ad
2966 2849 3270 2906 faciendas
3290 2847 3378 2901 illi
3399 2845 3650 2900 insidias
3673 2841 3770 2895 in-

2125 2947 2273 3003 tenti
2303 2946 2456 3000 sint:
2489 2945 2538 2999 si
2564 2959 2686 2998 non
2720 2941 2950 2996 idoneae
3002 2939 3187 3010 copim
3243 2936 3317 2992 ad
3347 2939 3541 2990 castra
3561 2935 3771 2987 contra

2122 3033 2395 3092 facienda
2416 3037 2754 3104 suppetant,
2787 3046 2917 3100 quas
2966 3027 3189 3099 pellere
3212 3042 3312 3080 eos
3329 3022 3594 3096 possint:
3619 3017 3770 3074 illud

2123 3130 2180 3179 te
2213 3128 2503 3196 oportet,o
2531 3115 3105 3190 dux,exsequi,quod
3133 3113 3292 3168 idem
3321 3111 3624 3183 superiore
3646 3123 3770 3163 me-

2123 3195 2316 3268 moria
2333 3212 2556 3267 factum
2587 3214 2696 3275 est,
2727 3207 2882 3262 sicut
2902 3205 3055 3260 liber
3075 3203 3471 3270 demonstrat,
3504 3214 3681 3270 quem
3703 3195 3775 3250 de

2125 3302 2292 3358 ducis
2321 3300 2517 3356 officio
2549 3295 2999 3365 Leo,celebrataa
3023 3291 3326 3348 memoria:
3344 3287 3772 3360 sapientiaque

2124 3389 2704 3466 princeps,confecit.
2736 3389 2920 3453 Quem
2942 3378 3618 3456 quilegerint,praaclare
3643 3391 3774 3447 quin

2127 3482 2341 3538 dicturi
2373 3497 2577 3536 sumus
2607 3476 2962 3549 intelligent.
2985 3473 3092 3528 Illo
3125 3472 3284 3527 enim
3316 3476 3604 3540 tempore,
3632 3481 3770 3521 cum

365 3583 454 3638 καὶ
495 3553 896 3658 οἱιέντυχόντες
926 3580 1201 3659 σαφῶςτᾶ
1250 3580 1375 3655 περὶ
1430 3585 1542 3636 τῶν
1584 3553 2013 3655 λεχθησομένων

2127 3578 2250 3629 tota
2279 3572 2527 3627 Cilicum
2555 3585 2698 3641 gens
2744 3565 3021 3622 maximis
3064 3563 3248 3634 copiis
3281 3558 3655 3616 eﬂ'erbuisset
3708 3555 3772 3609 in

369 3670 704 3728 ἐπίστανται.
735 3671 805 3725 Τὸ
828 3671 933 3746 γὰρ
961 3670 1080 3725 κατ’
1135 3669 1308 3724 ἐκεῖνο
1366 3672 1558 3741 καιροῦ
1617 3669 1645 3723 ὁ
1696 3670 1802 3721 τῶν
1864 3664 2017 3722 Κιλί-

367 3781 478 3816 κων
537 3761 678 3823 ἅπας
734 3757 864 3822 λαὸς
925 3760 1061 3833 μετὰ
1125 3759 1341 3834 βαρείας
1401 3756 1682 3831 δυνάμεως
1732 3756 1868 3812 κατὰ
1922 3758 2019 3810 τοῦ

373 3849 607 3924 θεματος
629 3853 739 3906 τῶν
787 3850 1152 3907 ἈνατοΛικῶν
1207 3846 1464 3919 ἐξελθὼν,
1513 3847 1603 3901 καὶ
1649 3846 1712 3902 τὸ
1788 3845 2017 3919 κάστρον

377 3939 636 4004 Μισθείας
695 3941 808 4013 (22)
866 3935 1119 4016 σφοδρῶς
1181 3937 1517 4012 πολιορκῶν,
1573 3939 1651 4008 τῷ
1723 3937 2020 4004 τηνικαῦτα

378 4028 619 4105 ἀρχηγῷ
646 4033 745 4084 τοῦ
776 4033 1008 4105 στρατοῦ
1039 4029 1067 4083 6
1127 4024 1431 4100 βασιλεύων
1465 4025 1824 4102 προστεταχε,
1887 4025 2021 4097 μετὰ

379 4122 486 4172 τῶν
522 4119 770 4191 θεμάτων
817 4117 907 4172 καὶ
965 4117 1254 4191 ταγμάτων
1313 4117 1450 4170 κατὰ
1503 4121 1603 4185 τῆς
1632 4119 1740 4170 τῶν
1773 4112 2018 4170 Κιλίκων

373 4207 563 4284 χώρας
598 4205 1030 4283 ἐπιστρατεῦσαι·
1067 4203 1163 4260 δύο
1192 4204 1248 4260 δὲ
1277 4208 1386 4260 τῶν
1446 4207 1784 4278 στρατηγῶν,
1828 4199 1925 4257 τοῦ
1962 4223 2021 4257 τε

284 4327 287 4329 -
389 4293 735 4350 Ανατολικοῦ
790 4295 880 4350 καὶ
941 4297 1038 4348 τοῦ
1118 4292 1393 4368 Ὀψικίου,
1455 4289 1864 4362 ὑπολείπεσθαι,
1922 4295 2020 4346 τοῦ

375 4384 513 4458 πρὸς
543 4381 842 4455 ἐκδίκησιν,
868 4385 944 4446 ὡς
979 4381 1092 4437 οἶόν
1126 4403 1205 4453 τε,
1251 4387 1348 4437 τοῦ
1397 4402 1456 4436 τε
1485 4381 1717 4455 κάστρου
1775 4379 1864 4436 καὶ
1919 4382 2022 4445 τῆς

373 4472 587 4543 λοιπῆς
625 4472 814 4547 χώρας
870 4476 988 4535 τοῖς
1060 4470 1354 4545 πολεμίοις
1411 4469 1902 4534 ἀντικαθίστασθαι.
1960 4469 2021 4526 Ὁ

387 4564 570 4638 μέντοι
611 4563 722 4618 τῶν
783 4562 1196 4637 στρατευμάτων
1260 4557 1584 4635 δημαγωγὸς
1647 4558 1730 4633 (ἦν
1783 4559 1841 4613 δὲ
1901 4558 2026 4613 τότε

378 4653 700 4730 Νικηφόρος
733 4652 762 4706 ὁ
790 4648 1020 4722 ἐπίκλην
1055 4654 1297 4724 Φωκᾶς),
1330 4647 1420 4704 διὰ
1447 4656 1547 4719 τῆς
1589 4647 1717 4704 ὁδοῦ
1770 4655 1873 4719 τῆς
1928 4653 2024 4705 τοῦ

377 4745 696 4818 Μαυριανοῦ
727 4740 1030 4816 λεγομᾶνης
1059 4739 1198 4796 κατᾶ
1249 4745 1350 4809 τῆς
1402 4739 1590 4812 χώρας
1634 4735 1868 4809 Ἀδάνης
1924 4738 2024 4807 τὴν

377 4830 658 4888 ἰπὲλευσιν
689 4829 1086 4902 ποιησάμενος,
1118 4827 1268 4884 λείαν
1299 4827 1380 4882 ὅτι
1434 4826 1699 4897 πλείστην
1729 4825 2024 4898 ἠλάσαντο.

2122 3662 2486 3736 provinciam
2499 3654 3318 3725 Orientalem,castellumque
3337 3650 3598 3704 Mistheaa
3613 3660 3772 3700 sum-

2123 3761 2285 3817 mavi
2299 3755 2748 3830 oppugnaret,ei
2761 3754 2861 3826 qui
2875 3759 3015 3809 tunc
3031 3749 3315 3808 exercitui
3331 3749 3584 3820 prmerat
3598 3758 3770 3799 man-

2123 3849 2282 3905 davit
2308 3848 2650 3919 imperator,
2680 3849 2746 3899 ut
2765 3860 2902 3900 cum
2930 3840 3233 3898 laterculis
3263 3836 3650 3906 numerisque
3701 3831 3765 3886 in

2121 3937 2369 3994 Cilicum
2401 3936 2551 3991 ﬁnes
2581 3950 2643 3990 se
2672 3933 2952 3988 inferret:
2983 3930 3131 3986 duos
3160 3933 3360 3985 autem
3389 3927 3590 3992 duces,
3611 3924 3766 3976 Ana-

2122 4025 2286 4082 tolici
2319 4029 2378 4080 et
2403 4022 2648 4095 Opsicii,
2678 4026 2814 4094 post
2842 4037 2904 4076 se
2934 4019 3324 4090 relinqueret,
3357 4013 3458 4086 qui
3516 4011 3590 4068 ad
3639 4026 3762 4064 ser-

2123 4115 2379 4172 vandum
2407 4130 2515 4186 pro
2544 4110 2824 4168 facultate
2845 4109 3158 4165 castellum
3180 4105 3594 4176 reliquamque
3613 4097 3766 4156 242

2122 4205 2428 4278 regionem
2483 4201 2754 4257 hostibus
2801 4199 3180 4256 obsisterent.
3239 4197 3328 4250 Ita
3373 4207 3642 4249 summus
3674 4205 3769 4244 co-

2125 4296 2356 4368 piarum
2387 4298 2726 4348 nostrarum
2783 4291 2901 4346 dux
2950 4290 3024 4360 (is
3056 4293 3180 4343 erat
3210 4292 3350 4343 tunc
3395 4284 3762 4355 Nicephorus

2127 4387 2517 4457 cognomento
2575 4382 2844 4450 Phocas),
2894 4395 3000 4451 per
3053 4378 3208 4434 viam
3265 4391 3395 4447 quea
3477 4368 3764 4428 Mauriani

2125 4473 2344 4528 dicitur
2370 4470 2431 4524 in
2451 4486 2658 4543 agrum
2711 4469 3090 4523 Adanensem
3138 4465 3293 4530 facta
3349 4459 3764 4533 impressione,

2127 4561 2357 4635 praedas
2413 4560 2685 4632 ingentes
2738 4556 2914 4628 cepit.
2973 4555 3077 4610 Cui
3133 4553 3480 4609 Adanenses
3532 4548 3762 4602 obviam

2129 4649 2451 4723 egressi,ad
2478 4648 2594 4703 duo
2626 4646 2816 4702 millia
2845 4658 3127 4716 passuum
3149 4641 3221 4697 ab
3244 4639 3458 4712 oppido
3481 4639 3773 4692 instructa

2127 4740 2276 4807 acie,
2310 4737 2488 4793 simul
2518 4742 2695 4807 atque
2754 4735 3208 4797 concurrerunt,
3259 4733 3424 4801 terga
3476 4729 3773 4781 vertentes

2129 4826 2444 4884 Ismaelitaa
2467 4826 2654 4880 effusa
2697 4822 2835 4894 fuga
2873 4819 3107 4892 disjecti
3163 4822 3325 4873 recta
3361 4815 3437 4872 ad
3488 4813 3772 4887 oppidum

372 4920 560 4995 Τούτῳ
590 4919 730 4995 πρὸς
759 4919 1076 4989 συνάντησιν
1111 4915 1242 4980 λαὸς
1275 4918 1303 4973 6
1360 4923 1460 4979 τοῖς
1519 4913 1752 4986 Ἀδάνης
1809 4915 2016 4986 ἐξῆλθε1

2134 4913 2589 4972 contenderunt.
2621 4913 2881 4978 Quorum
2900 4909 3602 4981 quotquotRomanorum
3616 4919 3776 4959 exer-

370 5012 462 5066 καὶ
489 5011 563 5073 ὡς
595 5009 701 5065 ἀπὸ
733 5006 932 5083 μιλίων
980 5004 1080 5062 δύο
1139 5012 1239 5076 τῆς
1296 5003 1514 5070 πόλεως
1572 5004 1746 5061 αὐτῶν
1805 5003 2016 5059 ἄντιτα-

2127 5004 2353 5060 cituum
2383 5001 2501 5057 dux
2529 4998 2942 5073 deprehendit,
2966 4997 3068 5070 qui
3105 4996 3263 5052 intra
3306 4999 3507 5068 portas
3540 5008 3601 5049 se
3631 5007 3773 5048 con-

1579 5158 1639 5216 C.
1681 5159 1743 5216 B.
1786 5158 1976 5215 HASH
2012 5153 2566 5214 ANNOTATIONES.

436 5318 484 5354 ⁷⁸
514 5313 983 5384 περιπολοόντων.
1017 5315 1174 5372 Fort.
1201 5311 1651 5382 πυρπολούντων.
1685 5311 1731 5348 ⁷⁵
1761 5303 2016 5384 διαλαμϐε

2127 5351 2144 5383 ,
2176 5308 2304 5365 Vid.
2339 5306 2551 5365 Leonis
2572 5305 2788 5362 Tactic.
2813 5305 2971 5361 inter
2991 5305 3137 5378 Opp.
3162 5303 3380 5361 Meurs.
3415 5301 3555 5359 edit.
3588 5300 3772 5370 Lami,

369 5391 452 5447 VI.
492 5384 620 5446 775.
654 5390 716 5446 F.
741 5393 802 5445 et
828 5386 1199 5445 Constantini
1230 5388 1390 5443 Tact.
1423 5385 1570 5442 ibid.
1597 5387 1757 5440 1395.
1789 5384 1852 5440 C.

433 5533 546 5605 (21)
567 5529 806 5605 Conjeci
846 5525 1303 5605 {topnoloﬁvtwv’
1338 5527 1653 5605 conif._157_.
1711 5532 1782 5583 D.
1827 5523 2016 5600 χρονί-

433 5533 546 5657 (212
567 5533 806 5604 Conjeci
846 5533 1303 5603 πυρπολούντων·
1338 5533 1494 5585 conf.
1530 5533 1653 5584 157.

378 5607 484 5674 ζειν
543 5621 567 5655 ν
595 5600 761 5676 αὐτῇ,
791 5602 883 5656 καὶ
911 5598 1237 5676 πυρπολεῖν·
1271 5601 1416 5676 item
1449 5603 1570 5676 {_59.
1604 5600 1665 5656 C.

448 5676 560 5750 (22)
589 5674 672 5732 De
699 5667 814 5733 hoc
841 5667 1083 5748 oppido,
1103 5689 1289 5748 prope
1321 5671 1612 5742 Iconium,
1645 5667 2016 5730 occidentem

2122 5539 2350 5592 versus,
2400 5523 2533 5590 sito,
2593 5520 2669 5575 Le
2689 5518 2878 5592 Quien
2918 5519 3158 5592 _0_rient.
3192 5519 3406 5576 Christ.
3437 5517 3482 5592 _I.
3517 5517 3676 5592 ροβε.
3707 5516 3771 5572 C.

2125 5586 2412 5669 scribitur
2481 5586 2734 5661 Μισθιον,
2795 5588 3050 5669 Μισθεία,
3084 5610 3172 5663 ας,
3257 5595 3317 5647 et
3393 5587 3462 5644 τὰ
3519 5586 3769 5658 Μίσθεια,

2127 5665 2348 5741 plurali
2376 5669 2610 5725 neutro.
