4152 6312
412 343 526 404 991

1729 342 2151 405 NICEPHORI
2193 341 2479 403 PHOCE

3706 341 3831 404 992

405 481 595 554 jicere
623 497 745 536 non
775 481 1132 552 potuissent,
1178 497 1382 536 eorum
1413 481 1629 553 partim
1682 481 1744 536 in
1793 480 2056 536 hostium

2172 475 2413 550 ξάμενοι,
2447 477 2559 549 ἅμα
2613 476 2692 547 τῷ
2741 477 3033 547 συμπεσεῖν
3080 472 3355 546 ἀλλήλοις
3385 477 3529 529 νῶτα
3579 469 3814 547 μεταϐα-

418 587 668 626 numero
700 570 1148 644 habuit,partim
1180 571 1242 625 in
1274 570 1615 626 servitutem
1637 570 1897 626 abduxit.
1923 572 2061 626 Cas-

419 662 526 716 tris
555 662 693 716 dein
749 666 992 733 propter
1038 662 1320 733 Oppidum
1379 661 1608 732 positis,
1669 661 1865 716 exciso
1898 661 2062 716 omni

416 750 727 806 vinearum
757 756 816 805 et
835 750 1113 805 arborum
1142 751 1305 815 fretu,
1339 752 1598 806 nitorem
1620 750 1888 806 locorum
1908 750 2066 806 circa

419 840 702 912 oppidum
733 840 1254 911 amoenitatemque
1300 839 1534 896 delevit.
1594 840 1886 896 Postridie
1936 841 2065 912 ejus

421 928 537 984 diei
568 929 640 984 ad
673 944 834 983 mare
861 945 1051 999 usque
1079 929 1406 1001 pervadens
1437 931 1752 998 exercitus,
1805 931 2066 1002 captivos

420 1033 598 1088 quam
629 1017 848 1072 multos
878 1023 1087 1073 nactus
1143 1035 1543 1091 pecorumque
1591 1020 2063 1086 multitudinem,

418 1108 649 1163 nullam
681 1113 911 1179 partem
941 1108 1059 1164 diei
1089 1109 1302 1164 itinere
1322 1110 1769 1181 intermisso,ad
1798 1109 2066 1183 Cydnum

420 1196 831 1269 ﬂumen,quod
853 1198 1068 1254 Hierax
1098 1198 1170 1253 ab
1195 1199 1414 1254 accolis
1443 1205 1702 1267 vocatur,
1727 1199 1884 1254 ultra
1913 1215 2063 1270 pon-

418 1290 559 1356 tem,
593 1303 700 1359 per
725 1303 902 1358 quem
934 1287 1049 1342 iter
1075 1287 1342 1344 Adanam
1372 1304 1574 1344 versus
1623 1293 1730 1358 est,
1766 1286 2060 1344 concedit.

417 1376 560 1431 Inde
591 1377 890 1448 profectus
925 1378 1211 1449 postridie
1242 1379 1316 1434 ad
1340 1395 1475 1434 suas
1508 1379 1658 1434 ﬁnes
1688 1379 1953 1449 recipere
2002 1393 2064 1432 se

418 1467 610 1538 coepit.
644 1467 853 1522 Hostes
893 1467 1204 1523 Mistheam
1262 1469 1776 1534 circumsidentes,
1808 1485 1942 1523 cum
1991 1467 2063 1524 de

415 1557 820 1612 Romanorum
849 1558 910 1612 in
935 1575 1101 1614 suam
1132 1559 1435 1630 regionem
1458 1559 1850 1630 impressione
1864 1558 2062 1614 audis-

415 1645 887 1717 sent,obsidione
902 1647 1098 1704 soluta
1125 1665 1457 1721 magnaque
1478 1649 1780 1704 celeritate
1798 1648 2064 1704 adhibita

419 1735 493 1792 ad
516 1753 690 1791 suum
720 1754 923 1810 agrum
954 1739 1242 1794 tuendum
1299 1744 1688 1794 reverterunt.
1743 1739 1855 1794 Sed
1895 1739 2058 1794 inani

418 1826 622 1880 labore
655 1833 926 1899 suscepto
958 1834 1209 1900 utraque
1241 1846 1342 1900 spe
1401 1829 1670 1885 frustrati
1724 1835 1880 1886 sunt.
1914 1832 2057 1886 Nam
2089 1855 2137 1921 Β

417 1914 536 1970 dux
556 1917 878 1972 exercitum
909 1920 1312 1974 Romanorum
1370 1936 1504 1974 cum
1536 1919 1764 1991 spoliis,
1819 1920 2059 1992 praedis,

415 2003 729 2075 mancipiis
758 2006 1091 2076 permultis,
1124 2023 1232 2077 per
1255 2007 1428 2073 viam,
1481 2023 1612 2078 quas
1643 2007 1876 2078 Carydii
1907 2008 2061 2063 248

417 2098 678 2161 vocatur,
702 2094 777 2150 ad
807 2097 1104 2152 Romanos
1137 2113 1199 2152 se
1226 2097 1378 2152 ﬁnes
1408 2097 1649 2168 recepit.
1685 2099 1906 2152 Praater
1936 2097 2063 2153 haec

415 2180 864 2237 Anatolicorum
896 2199 1132 2254 quoque
1157 2183 1661 2255 Cappadociaeque
1682 2183 1865 2239 duces
1886 2201 2063 2256 supe-

413 2266 572 2324 riore
594 2269 902 2338 memoria,
935 2269 1175 2340 quando
1193 2272 1512 2328 Tarsenses
1533 2271 1595 2326 in
1618 2287 1824 2344 agrum
1845 2273 2062 2328 Roma-

416 2369 560 2409 num
619 2355 1074 2426 impressionem
1123 2357 1410 2426 fecerant,
1439 2377 1546 2430 per
1587 2359 1767 2414 aliam
1813 2359 1970 2415 viam
1999 2361 2060 2414 in

412 2441 655 2498 illorum
684 2445 988 2516 regionem
1019 2447 1291 2518 ingressi,
1315 2447 1490 2502 modo
1522 2464 1630 2519 per
1659 2465 1720 2503 se
1740 2448 2059 2519 ipsi,modo

417 2545 525 2600 per
555 2529 844 2600 quosdam
877 2548 1121 2587 suorum
1153 2549 1219 2587 eo
1254 2533 1591 2606 missos,pro
1620 2535 1900 2591 facultate
1925 2535 2060 2592 illos

411 2619 1013 2676 vexaverunt.Eadem
1043 2625 1391 2694 tempestate
1424 2623 1494 2691 is,
1527 2624 1620 2678 cui
1648 2624 1903 2696 Lycandi
1936 2632 2063 2683 erat

410 2710 969 2782 provinciarumque
991 2711 1595 2784 limitanearum,quas
1626 2714 1707 2769 ibi
1741 2722 2061 2787 sunt,com-

415 2799 601 2854 missa
630 2817 792 2867 cura,
821 2801 1296 2873 quotiescunque
1317 2803 1474 2859 Alim
1501 2805 1866 2860 Chambdani
1901 2807 2059 2862 ﬁlius

409 2889 501 2944 vel
527 2889 589 2944 in
620 2892 914 2947 Romanos
947 2893 1095 2948 ﬁnes
1129 2893 1522 2966 irruptionem
1570 2896 1845 2966 faciebat,
1877 2898 1966 2952 vel
1997 2899 2059 2953 in

413 2995 521 3034 sua
557 2979 684 3050 ipse
716 2981 976 3053 regione,
1011 2998 1189 3038 causa
1207 2985 1546 3039 necessaria
1565 2991 1833 3058 urgente,
1867 2992 2062 3042 castra

407 3068 1213 3140 mutabat,Chalybonensem
1241 3077 1300 3128 et
1320 3073 1743 3130 Antiochinam
1757 3075 2058 3148 ingressus

409 3173 639 3229 agrum,
669 3174 950 3230 magnum
973 3160 1238 3230 partibus
1270 3160 1390 3215 illis
1407 3161 1831 3218 detrimentum
1845 3166 2053 3220 aﬂ‘ere-

406 3214 546 3302 th:
579 3214 640 3300 in
662 3214 1136 3319 potiistaterbque
1171 3214 1884 3323 redigebat
1916 3271 2055 3325 pro-
2084 3214 2128 3283 C

409 3335 692 3407 pinquos,
722 3336 933 3391 castris
978 3338 1288 3409 prmfectos
1318 3357 1564 3413 magnos
1595 3358 1662 3397 ac
1702 3343 2054 3414 spectabiles

412 3423 1039 3498 homines,eorumque
1069 3428 1314 3497 milites,
1341 3430 1497 3486 viros
1528 3430 2055 3499 fortes,etcastella

409 3529 660 3569 numero
689 3513 968 3586 plurima.
1001 3517 1165 3582 Quod
1207 3517 1365 3574 idem
1423 3520 1486 3575 in
1544 3519 1843 3577 Ciliciensi
1876 3522 2056 3578 fiebat

405 3603 844 3676 tractu,quippe
858 3606 958 3677 qui
973 3607 1242 3677 Lycando
1257 3608 1334 3663 sit
1345 3609 2052 3684 ﬁnitimus.Quapropter,

409 3709 442 3747 ο
474 3690 612 3761 dux,
642 3693 933 3763 siquando
984 3694 1280 3752 industria
1326 3697 1680 3771 insidiisque
1739 3701 1858 3756 tuis
1897 3701 2055 3758 male

406 3782 626 3838 habere
655 3800 777 3841 non
802 3790 970 3857 potes
1004 3787 1228 3853 hostes,
1263 3790 1420 3862 quod
1469 3791 1584 3863 ipsi
1643 3809 1704 3848 se
1737 3793 2056 3865 diligenter

410 3873 822 3929 communiant
866 3890 934 3929 ac
987 3880 1269 3933 tueantur
1300 3895 1314 3934 :
1349 3897 1546 3951 neque
1587 3882 1774 3953 magis
1806 3883 2052 3939 idoneas

409 3960 594 4017 habes
625 3963 846 4035 cepias,
870 3969 938 4019 ut
967 3971 1168 4036 aperto
1201 3969 1380 4024 Marte
1401 3969 1705 4026 decertare
1735 3973 1930 4043 possis
1957 3989 1969 4027 :
1993 3972 2054 4028 id

409 4050 565 4120 quod
599 4050 857 4106 diximus
880 4051 1075 4108 facere
1108 4061 1163 4110 te
1195 4063 1458 4127 oportet:
1484 4064 1544 4113 et
1569 4059 1661 4114 vel
1691 4065 1748 4115 te
1770 4062 1967 4132 ipsum
1990 4062 2053 4118 in

407 4139 880 4195 adversariorum
904 4141 1125 4198 limites
1147 4143 1389 4215 inferre,
1423 4147 1631 4203 relicto
1683 4151 2050 4220 praestantis-

407 4228 558 4282 simo
582 4244 650 4282 ex
666 4229 959 4300 praafectis
989 4232 1266 4300 tuis,cum
1285 4251 1465 4290 manu
1493 4253 1623 4307 quae
1646 4239 2052 4311 adinsequen-

408 4315 515 4371 dos
536 4317 736 4373 hostes
764 4317 1132 4391 tuendasque
1176 4325 1510 4394 provincias
1535 4326 1612 4380 sit
1641 4327 1783 4382 satis
1810 4345 1823 4382 :
1855 4329 1968 4397 vel,
2002 4331 2051 4384 si

409 4409 473 4460 tu
502 4406 628 4478 ipse
659 4407 860 4463 hostes
891 4411 1182 4480 sequeris,
1217 4411 1372 4468 244
1420 4415 1712 4486 optimum
1744 4434 1814 4472 ex
1840 4419 2051 4489 praefe-

407 4494 646 4566 ctis,qui
665 4495 739 4552 ob
779 4496 1054 4553 virtutem
1076 4515 1371 4572 usumque
1389 4502 1451 4556 in
1481 4519 1545 4558 re
1563 4503 1809 4560 militari
1830 4523 2051 4563 nomen

2175 563 2364 626 λόντες
2395 565 2447 619 oi
2503 568 2600 618 τοῦ
2660 562 2898 636 Ἰσμαήλ
2947 562 3174 637 ἀκόσμῳ
3206 564 3355 638 φυγῇ
3381 562 3471 618 καὶ
3532 561 3810 637 σποράδην

2174 655 2298 720 εὐθὺ
2357 662 2460 725 τῆς
2518 653 2736 718 πόλεως
2793 653 3076 728 ὥρμησαν.
3107 654 3164 708 Ὀ
3196 651 3253 708 δέ
3317 675 3381 730 γε
3433 654 3541 709 τῶν
3572 655 3819 728 Ῥωμαϊ-

2172 749 2281 800 κῶν
2316 745 2732 819 στρατευμάτων
2788 743 3099 819 ἡγούμενος
3156 743 3321 807 ὅσους
3363 747 3470 798 τῶν
3531 741 3822 816 Ἰσμαηλι-

2171 838 2280 890 τῶν
2314 831 2466 889 ἔνδον
2498 833 2688 890 πυλῶν
2719 829 2963 908 γενέσθαι
3024 834 3101 907 μὴ
3157 829 3482 903 δυνηθέντας
3521 833 3660 910 εὗρε,
3691 831 3819 897 τοὺς

2178 925 2272 997 μὲν
2303 923 2550 998 μαχαίρᾳ
2589 925 2872 997 συνέκοψε,
2903 923 3032 988 τοὺς
3061 921 3119 978 δὲ
3173 924 3318 1001 πρὸς
3371 920 3620 978 δουλείαν
3679 921 3826 998 ἡγᾶ-

2171 1034 2316 1087 γετο.
2395 1017 2499 1068 Τοῦ
2557 1010 2614 1068 δὶ
2697 1011 2885 1075 ἂστεος
2941 1011 3122 1089 ἐγγύθι
3207 1009 3819 1090 στρατοπεδευσάμενος,

2173 1099 2516 1174 ἀμπελώνων
2548 1101 2638 1157 καὶ
2682 1098 2915 1177 δένδρων
2973 1103 3042 1156 τὰ
3096 1098 3340 1179 ἔγκαρπα
3391 1102 3598 1156 ἅπαντα
3647 1121 3815 1156 κατα-

2171 1191 2376 1264 τεμὼν,
2433 1190 2494 1245 τό
2538 1211 2595 1245 τε
2649 1189 2803 1266 πέριξ
2859 1197 2958 1260 τῆς
3016 1187 3233 1253 πόλεως
3292 1189 3545 1264 λαμπρόν
3601 1210 3662 1246 τε
3726 1188 3820 1244 καὶ

2173 1280 2436 1353 εὔκοσμον
2471 1282 2864 1353 ἀπημαὺρωσε.
2896 1283 2972 1353 Τῇ
3030 1278 3086 1335 δὶ
3138 1279 3387 1356 ὑστεραίᾳ
3427 1281 3559 1355 ἄχρι
3616 1277 3821 1343 θαλάσ-

2172 1391 2274 1441 σης
2304 1367 2619 1446 ἐπιδραμὼν
2653 1371 2681 1426 ὁ
2712 1368 2841 1432 λαὸς
2871 1370 3061 1442 αὐτοῦ,
3102 1368 3491 1444 αἰχμαλωσίαν
3540 1370 3624 1425 δτι
3654 1368 3820 1424 πλεί-

2173 1481 2303 1530 στην
2361 1460 2450 1516 καὶ
2507 1462 2678 1531 κτήνη
2731 1458 3042 1533 πάμπολλα
3097 1455 3534 1534 ἀναλαϐόμενος,
3589 1458 3678 1515 καὶ
3744 1457 3817 1514 δι’

2168 1549 2306 1621 ’ὀλης
2337 1557 2436 1620 τῆς
2467 1551 2678 1627 ἡμέρας
2710 1547 3099 1623 ὁδοιπορήσας,
3131 1549 3184 1604 ἐν
3211 1554 3292 1622 τῷ
3321 1547 3519 1624 Κύδνῳ
3551 1552 3814 1623 ποταμῷ,

2171 1641 2231 1706 ὅς
2265 1643 2431 1718 Ἰἐραξ
2461 1643 2750 1720 ἐγχωρίως
2807 1641 3096 1713 κέκληται,
3155 1637 3344 1716 ἔξωθεν
3403 1645 3504 1708 τῆς
3553 1641 3816 1719 γεφύρας,

2170 1731 2495 1807 ἐνῇἡὸδὸς
2550 1733 2687 1808 πρὸς
2733 1731 2940 1790 ’Δδανα
2996 1732 3166 1810 φέρει,
3225 1732 3563 1804 ἠπλήκευσε.
3613 1733 3700 1805 Τῇ
3761 1728 3820 1785 δὶ

2168 1822 2395 1898 ἐπιούσῃ
2478 1823 2686 1899 ἀπάρας
2743 1821 2965 1893 ἐκεῖθεν,
3029 1825 3127 1894 τήν
3208 1820 3348 1878 ἰδίαν
3409 1819 3818 1896 καταλήψεσθαι

2175 1913 2482 1989 ἐπορεύετο.
2509 1915 2622 1983 Τὴν
2651 1918 2760 1969 τῶν
2791 1913 3083 1986 Ῥωμαίων
3115 1911 3296 1968 τοίνυν
3329 1913 3381 1967 oi
3419 1914 3517 1981 τὴν
3552 1913 3814 1975 Μίσθειαν

2175 2004 2604 2078 περικαθήμενοι
2634 2001 2898 2076 πολέμιοι
2926 2003 3064 2058 κατὰ
3115 2009 3215 2071 τῆς
3246 2003 3448 2057 ἐαυτῶν
3479 2002 3668 2077 χώρας
3698 1999 3821 2056 ἐπί-

2177 2093 2320 2147 θεσιν
2351 2092 2776 2162 ἀκουτισθέντες,
2823 2093 2923 2161 τὴν
2967 2089 3295 2165 πολιορκίαν
3351 2089 3606 2152 λύσαντες
3657 2090 3817 2165 τάχει

2173 2179 2377 2254 πολλῷ
2432 2185 2514 2253 [Ρ.
2577 2183 2700 2255 157]
2754 2181 2890 2256 πρὸς
2946 2178 3221 2252 ἐκδίκησιν
3279 2183 3379 2246 τῆς
3440 2176 3581 2244 ἰδίας
3626 2180 3818 2255 χώρας

2177 2270 2533 2347 ὑπέστρεψαν.
2607 2269 2763 2328 Ἀλλ’
2817 2269 3258 2346 ἀπρακτήσαντες
3327 2273 3435 2325 τῶν
3495 2268 3817 2343 ἀμφοτέρων

2176 2357 2503 2437 διήμαρτον.
2564 2361 2625 2418 Ὁ
2681 2361 2784 2436 γὰρ
2839 2364 2948 2416 τῶν
3007 2361 3335 2434 Ῥωμαϊκῶν
3407 2358 3821 2433 στρατευμάτων

2172 2451 2478 2525 ἡγούμενος
2541 2450 2676 2524 μετὰ
2729 2448 2958 2506 πολλῶν
3011 2450 3225 2507 σκύλων
3299 2470 3360 2506 τε
3413 2449 3502 2505 καὶ
3561 2448 3816 2526 λαφύρων

2171 2542 2261 2597 xui
2292 2539 2640 2616 ἀνδραπόδων
2674 2538 2764 2596 διὰ
2789 2545 2892 2607 τῆς
2939 2538 3068 2596 ὁδοῦ
3112 2545 3210 2596 τοῦ
3270 2539 3541 2617 Καρυδίου
3581 2539 3817 2616 λεγομέ-

2169 2645 2268 2701 νης
2287 2631 2354 2688 τὰ
2400 2632 2691 2705 Ῥωμαίων
2744 2631 2854 2702 ἤθη
2906 2624 3197 2688 κατέλαϐε.
3231 2631 3379 2705 Πρὸς
3409 2630 3590 2703 τούτῳ
3621 2627 3678 2685 δέ
3721 2629 3810 2685 καὶ

2171 2721 2225 2776 οἱ
2255 2722 2729 2796 στρατηγήσαντες
2784 2724 2892 2775 τῶν
2955 2719 3321 2778 Ἀνατολικῶν
3373 2718 3462 2774 καὶ
3515 2715 3816 2774 Καππαδο-

2164 2809 2286 2873 κίας
2315 2809 2367 2866 ἐν
2397 2815 2515 2872 τοῖς
2544 2811 2655 2865 ἄνω
2710 2809 2955 2884 χρόνοις,
3009 2812 3117 2864 τῶν
3174 2811 3456 2885 Ταρσιτῶν
3504 2808 3644 2864 κατὰ
3709 2809 3810 2876 τῆς

2166 2900 2486 2973 Ῥωμαϊκῆς
2568 2899 2756 2976 χώρας
2834 2901 2934 2968 τήν
3020 2897 3282 2970 ἐξέλευσιν
3337 2898 3684 2971 ποιουμένων
3739 2892 3813 2951 δι’

2168 2986 2349 3060 ἄλλης
2377 2987 2506 3044 ὁδοῦ
2536 2987 2588 3044 ἐν
2614 2993 2736 3054 ταῖς
2763 2989 2976 3065 χώραις
3009 2986 3186 3043 αὐτῶν
3243 2985 3644 3064 εἰσερχόμενοι,
3677 2985 3812 3042 ποτὶ

2174 3078 2268 3151 μὶν
2315 3079 2472 3133 αὐτοὶ
2525 3078 2744 3146 ἐκεῖνοι,
2801 3079 2934 3133 ποτέ
2991 3075 3047 3133 δέ
3096 3097 3248 3140 τινας
3294 3081 3396 3132 τοῦ
3445 3077 3583 3133 λαοῦ
3637 3076 3813 3132 αὑτῶν

2169 3167 2616 3239 ἀποστέλλοντες,
2648 3167 2784 3223 κατὰ
2827 3168 2890 3223 τὸ
2949 3167 3231 3243 ἐγχωροῦν
3261 3166 3490 3228 τούτους
3515 3185 3808 3241 κατετραυ-

2169 3259 2415 3333 μάτιζον,
2445 3259 2508 3317 Ὀ
2540 3257 2598 3315 δέ
2625 3279 2685 3335 γε
2741 3260 2840 3328 τήν
2880 3258 3173 3336 ἡγεμονίαν
3242 3260 3340 3327 τῆς
3389 3254 3668 3314 Λυκανδοῦ
3719 3255 3812 3313 καὶ

2157 3354 2266 3406 τῶν
2317 3348 2488 3404 ἐκεῖσε
2545 3349 2838 3423 ἀκριτικῶν
2903 3351 3150 3423 θεμάτων
3233 3346 3704 3424 ἐγκεχωρισμένος
3766 3348 3814 3384 ⁷⁸

2159 3437 2212 3493 ἐν
2241 3443 2359 3500 τοῖς
2389 3438 2573 3500 αὐτοῖς
2603 3439 2856 3514 χρόνοις,
2885 3437 3071 3501 ὁσάκις
3131 3435 3190 3493 ἄν
3224 3437 3416 3511 Ἀλήμ
3455 3438 3485 3493 ὁ
3541 3437 3659 3500 υἱὸς
3713 3441 3812 3492 τοῦ

2160 3522 2400 3601 Χαμϐδά
2455 3528 2591 3583 κατά
2642 3526 2947 3602 Ῥωμανίας
2995 3527 3095 3597 τὴν
3167 3525 3434 3600 ἐξέλευσιν
3490 3525 3812 3599 ἐποιήσατο,

2157 3617 2193 3687 ἢ
2225 3615 2275 3672 ἐν
2312 3621 2380 3692 τῇ
2415 3614 2537 3690 ἰδίᾳ
2569 3618 2730 3693 χώρᾳ
2785 3617 2975 3693 χρείας
3031 3616 3321 3692 ἀναγκαίας
3369 3617 3532 3672 αὐτὸν
3561 3636 3814 3671 κατεπει-

2157 3706 2365 3781 γούσης
2422 3702 2650 3780 μετέϐη,
2703 3708 2842 3762 κατὰ
2896 3713 2998 3776 τῆς
3054 3705 3242 3782 χώρας
3295 3709 3394 3762 τοῦ
3450 3702 3668 3764 Χάλιπε
3717 3703 3808 3759 καὶ

2154 3797 2255 3864 τῆς
2303 3795 2646 3871 ’Δντιοχείας
2719 3796 3118 3869 ἐπιτιθέμενος,
3199 3793 3444 3870 μεγάλην
3513 3793 3566 3849 ἐν
3623 3795 3810 3856 αὐτοῖς

2162 3879 2373 3960 βλάϐην
2425 3884 2734 3961 εἰργάζετοο
2809 3886 2904 3940 καὶ
2955 3883 3086 3948 τοὺς
3145 3889 3424 3961 συγγενεῖς
3479 3883 3666 3956 αὐτοῦ,
3716 3884 3807 3938 καὶ

2157 3973 2440 4050 ἀρχηγοὺς
2483 3979 2591 4030 τῶν
2648 3975 2977 4051 φωσσάτων,
3015 3973 3285 4051 μεγάλους
3337 3975 3426 4030 καὶ
3473 3978 3806 4049 περιφανεῖς,

2160 4061 2548 4139 δορυαλώτους
2582 4064 2724 4136 εἷλε,
2762 4067 2849 4122 καὶ
2875 4064 3004 4127 τοὺς
3030 4064 3242 4120 τούτων
3277 4065 3562 4140 μαχίμους
3589 4061 3807 4139 ἄνδρας,

2154 4154 2243 4208 καὶ
2291 4151 2524 4210 πλεῖστα
2594 4154 2847 4232 φρούρια.
2907 4155 2985 4212 Τὸ
3043 4154 3173 4209 αὐτὸ
3224 4151 3280 4208 δέ
3326 4153 3417 4209 καὶ
3473 4153 3525 4208 ἐν
3573 4156 3642 4228 τῇ
3694 4157 3804 4208 τῶν

2158 4242 2397 4300 Κιλίκων
2457 4242 2618 4318 χώρᾳ
2673 4241 3047 4320 διεπράττετο,
3099 4245 3174 4306 ὡς
3222 4247 3290 4317 τῇ
3369 4240 3636 4314 Λυκανδῷ
3689 4263 3806 4296 συν-

2157 4331 2357 4408 ορούσῃ
2390 4332 2456 4388 ⁷⁷.
2487 4333 2593 4388 Καὶ
2625 4332 2786 4395 αὐτὸς
2812 4331 3017 4403 τοίνυν,
3078 4333 3123 4387 ὧ
3182 4333 3469 4408 στρατηγὶ,
3527 4332 3617 4386 ’ὀτε
3681 4333 3802 4404 μετ’

2155 4418 2553 4491 ἐπιτηδεύσεως
2582 4421 2674 4476 καὶ
2725 4418 2942 4496 ἐνέδρας
3020 4419 3404 4495 τραυματίζειν
3451 4417 3578 4482 τοὺς
3627 4414 3798 4472 πολε-

2159 4509 2318 4582 μίους
2347 4509 2667 4584 ἀπορήσεις,
2703 4507 2792 4564 διὰ
2851 4509 2914 4564 τὸ
2967 4508 3188 4571 ἑαυτοὺς
3233 4507 3514 4582 ἐπιμελῶς
3568 4506 3802 4580 ἀσφαλί-

407 4585 485 4640 sit
513 4590 572 4640 et
598 4585 836 4642 laudem
862 4593 1233 4652 nactus,cum
1253 4591 1468 4649 idonea
1489 4593 1756 4664 equitum
1775 4597 2056 4653 militum-

2165 4599 2339 4668 ζεσθαι
2369 4599 2456 4652 καὶ
2490 4597 2948 4676 παραφυλάττειν*
3009 4598 3120 4653 οὔτ’
3176 4599 3241 4652 αὗ
3287 4595 3455 4654 πάλιν
3512 4595 3800 4672 ἀξιόλογον

406 4691 520 4746 que
534 4676 705 4747 copia
716 4677 778 4732 in
792 4679 1094 4750 regionem
1108 4679 1581 4739 adversariorum
1594 4685 2046 4759 immittere,qui

405 4780 536 4819 eam
579 4765 660 4819 ibi
690 4783 1069 4825 commorans
1100 4769 1395 4826 incendiis
1444 4772 2046 4848 populationibusque

402 4852 932 4924 vexet,oppidaque
962 4855 1268 4912 obsideat:
1301 4863 1368 4912 ut
1401 4859 1510 4914 hac
1530 4876 1594 4914 re
1625 4861 1826 4916 audita
1846 4863 2046 4918 hostes

404 4936 617 4992 ducem
637 4955 806 4994 suum
829 4941 919 4996 vel
939 4942 1188 4998 invitum
1212 4944 1286 5000 ad
1315 4945 1567 5016 patriam
1585 4949 1864 5004 tuendam
1880 4951 2048 5023 signa

403 5025 624 5081 referre
651 5035 882 5100 cogant.
916 5032 1080 5096 Quod
1110 5033 1158 5086 si
1214 5049 1387 5105 agros
1445 5041 1684 5093 nostros
1728 5039 2047 5112 diligenter

404 5115 1245 5192 exinanieris,incolarumque
1277 5125 1509 5181 turbam
1543 5132 1720 5200 atque
1750 5147 1965 5201 pecora
1985 5132 2047 5186 in

400 5204 551 5260 altos
581 5222 942 5278 asperosque
968 5217 1201 5266 montes
1229 5215 1590 5284 compuleris
1608 5218 2048 5283 ;hostesautem

401 5293 588 5350 velint
612 5298 959 5366 perquirere
991 5315 1061 5355 ea
1081 5299 1226 5372 juga
1253 5317 1320 5356 ac
1354 5305 1629 5373 scrutari,
1653 5306 2047 5382 hominesque

401 5380 615 5440 indein
646 5385 991 5442 servitutem
1014 5387 1594 5464 abducere,ideoque
1614 5397 1891 5454 omnibus
1913 5380 2048 5456 cum

2156 4687 2303 4763 ἔχεις
2334 4685 2584 4760 δύναμιν,
2643 4688 2778 4763 πρὸς
2835 4689 2897 4744 τὸ
2965 4691 3209 4766 φανερῶς
3266 4687 3451 4750 αὐτοῖς
3509 4687 3805 4762 ἀντιμάχε-

2157 4779 2296 4832 σθαι·
2330 4781 2492 4832 τοῦτο
2543 4774 2626 4832 δεῖ
2681 4799 2740 4832 σε
2795 4775 3161 4850 διαπράττεινο
3220 4778 3308 4832 καὶ
3371 4774 3478 4831 εἴτε
3528 4775 3689 4832 αὐτόν
3745 4797 3802 4832 σε

2154 4866 2291 4921 κατὰ
2318 4872 2420 4936 τῆς
2450 4865 2640 4941 χώρας
2669 4871 2778 4922 τῶν
2803 4865 3085 4940 πολεμίων
3143 4865 3468 4942 ἐπείγεσθαι,
3528 4864 3804 4939 καταλιμ-

2156 4956 2394 5010 πάνοντα
2425 4952 2594 5031 ἄνδρα
2649 4959 2758 5011 τῶν
2819 4953 3007 5011 ἄλλων
3069 4959 3386 5032 στρατηγῶν
3444 4954 3804 5029 ἀξιολογώτε-

2158 5063 2272 5119 ρον,
2306 5043 2440 5117 μετᾶ
2493 5045 2583 5099 καὶ
2637 5047 3036 5120 στρατεύματος
3087 5049 3184 5100 τοῦ
3240 5045 3376 5120 πρὸς
3439 5041 3803 5120 παραδρομὴν

2155 5133 2246 5189 καὶ
2276 5133 2537 5209 πρόνοιαν
2595 5137 2705 5188 τῶν
2767 5133 3013 5206 θεμάτων
3072 5133 3464 5204 ἐξικανοῢντος*
3525 5131 3654 5203 εἷ’τε,
3702 5136 3801 5187 σοῦ

2154 5225 2254 5293 τὴν
2284 5220 2647 5298 παραδρομὴν
2676 5227 2992 5292 ποιοῦντος,
3022 5224 3112 5278 τὸν
3152 5220 3436 5298 κρείττονα
3464 5225 3572 5276 τῶν
3606 5241 3804 5296 στρατο

2155 5315 2327 5387 ηγῶν,
2361 5312 2450 5366 καὶ
2481 5310 2565 5366 ἐπ’
2593 5308 2814 5386 ἀνδρείᾳ
2861 5311 2953 5366 καὶ
3011 5309 3347 5385 πολυπειρία
3375 5310 3677 5385 ὀνομαστὸν
3709 5309 3802 5365 καὶ

2154 5399 2568 5475 ἐπαινούμενον,
2634 5401 2770 5476 μετὰ
2815 5401 3048 5472 ἱππικῆς
3075 5400 3168 5457 καὶ
3222 5405 3453 5471 πεζικῆς
3505 5398 3804 5476 ἀξιολόγου

1609 5534 1671 5591 G.
1713 5537 1776 5593 Β.
1809 5540 2000 5596 HASII
2034 5544 2588 5604 ANNOTATIONES.

466 5661 512 5700 ⁷⁸
541 5658 1041 5740 ἐγκεχωρισμένος.
1073 5665 1230 5722 Fort.
1262 5661 1749 5743 ἐγκεχειρισμένος.
1782 5672 1828 5710 7"
1855 5673 2336 5754 ὡς-συνορούσῃ]
2365 5675 2503 5736 ὥστε
2539 5681 2691 5753 νικᾶν
2721 5680 2875 5755 αὐτῷ
2911 5680 3222 5758 συνορῶσαν
3241 5674 3424 5736 codd.
