4146 6302
368 387 490 447 993

1646 382 2062 447 VELITATIO
2103 383 2464 446 BELLIGA.

3654 385 3772 451 094

375 511 663 587 δυνάμεως
682 514 820 571 κατὰ
844 519 945 584 τῆς
972 518 1079 569 τῶν
1112 512 1397 587 πολεμίων
1426 511 1784 571 ἀποστέλλειν
1807 513 2014 590 χώρας,

2133 516 2319 589 copiis
2345 516 2625 574 accedere
2652 516 2726 573 ad
2757 516 3050 589 ejusmodi
3081 517 3231 587 loca,
3266 522 3325 573 et
3343 522 3536 575 castra
3563 519 3645 574 ibi
3668 537 3769 591 po-

369 605 464 659 καὶ
494 604 769 679 χρονίζειν
797 602 852 659 ἐν
881 603 1041 678 αὐτῇ,
1072 602 1163 658 καὶ
1204 603 1532 678 πυρπολεῖν,
1581 603 1673 659 καὶ
1722 604 2023 680 ἀφανίζειν,

369 693 462 749 καὶ
492 696 697 770 κάστρα
724 695 1065 769 πολιορκεῖν·
1092 692 1181 747 ἳνα
1208 697 1375 748 τοῦτο
1415 692 1702 757 ἀκούοντες
1759 694 1811 748 οἱ
1858 690 2025 748 πολέ-

377 804 518 857 μιοι,
549 782 641 838 καὶ
676 785 751 856 μὴ
789 781 1141 858 βουλομένου
1162 786 1258 837 τοῦ
1288 783 1537 857 ἀρχηγοῦ
1558 782 1758 849 αὐτῶν,
1790 781 2027 857 ἀναγκά-

371 893 541 927 σωσιν
571 872 733 927 αὐτὸν
768 871 1110 944 ἐπαναζεῦξαι
1166 872 1305 944 πρὸς
1347 873 1446 941 τὴν
1502 878 1603 941 τῆς
1645 869 1782 934 ἰδίας
1837 870 2027 947 χώρας

369 956 673 1030 ἐκδίκησιν.
707 959 937 1017 Ὀπὸταν
972 957 1146 1022 δὲτὰς
1178 961 1369 1035 χώρας
1401 962 1436 1030 ἡ
1448 964 1563 1033 μῶν
1590 959 1776 1024 καλῶς
1822 958 2027 1031 ἐκσπη-

371 1046 588 1121 λεύσῃς,
619 1045 710 1102 καί
749 1045 1087 1125 φυγαδεύσῃς
1136 1049 1227 1102 καὶ
1280 1049 1370 1103 τὸν
1430 1048 1481 1103 ἐν
1541 1048 1726 1112 αὐτοῖς
1774 1046 2025 1103 οἰκοῦντα

374 1135 511 1192 λαὸν
540 1136 630 1190 καὶ
659 1136 726 1191 τὰ
753 1135 961 1191 τούτων
996 1135 1282 1212 θρέμματα
1324 1136 1377 1191 ἐν
1426 1135 1602 1210 ὅρεσιν
1650 1136 1886 1210 ὑψηλοῖς
1934 1137 2023 1192 καὶ

374 1219 686 1293 δυσϐάτοις,
718 1224 808 1279 καὶ
871 1222 1219 1298 βουληθῶσιν
1276 1225 1328 1279 οἱ
1383 1224 1646 1298 πολέμιοι
1698 1224 2020 1304 ψηλαφῆσαι

370 1314 462 1369 καὶ
492 1313 943 1389 ἀνερευνήσασθαι
1002 1316 1090 1387 [Ρ.
1154 1315 1276 1387 158]
1334 1315 1402 1370 τὰ
1466 1318 1689 1370 τοιαῦτα
1742 1311 1866 1391 ὄρη,
1928 1315 2025 1370 κά-

375 1406 549 1458 κεῖθεν
637 1402 864 1462 τούτους
951 1401 1469 1480 ἀνδραποδίσασθαι,
1554 1404 1645 1460 καὶ
1727 1405 2022 1478 πανστρατὶ

376 1491 683 1563 πλησιάσαι
712 1497 829 1555 τοῖς
877 1494 1152 1557 τοιούτοις
1201 1493 1394 1558 τόποις
1450 1496 1746 1565 θεΛήσωσι,
1796 1495 1888 1549 καὶ
1928 1495 2022 1557 τὰς

370 1582 576 1653 σκηνὰς
606 1582 778 1638 ἐκεῖσε
802 1582 1094 1654 πήξασθαι·
1148 1580 1385 1661 ὀφείλεις
1439 1585 1528 1640 καὶ
1580 1584 1740 1647 αὐτὸς
1797 1584 1849 1640 ἐν
1903 1590 2021 1647 τοῖς

375 1676 592 1749 μέρεσιν
653 1672 881 1737 ἐκείνοις
934 1673 1170 1743 πλησίον
1250 1672 1519 1749 γενέσθαι,
1598 1674 1673 1737 εἰς
1743 1672 2019 1746 ἐκδίκησιν

367 1767 478 1817 τῶν
513 1762 747 1820 οἰκείων.
782 1764 884 1821 Καὶ
917 1763 969 1819 εἷ’
994 1785 1054 1838 γε
1081 1763 1175 1819 τὸν
1207 1768 1394 1839 χῶρον
1429 1765 1619 1835 θεάση,
1675 1764 1726 1820 ἐν
1760 1766 1805 1837 ᾦ
1837 1766 1890 1820 οἱ
1919 1786 2023 1819 πο-

2133 623 2274 663 nere
2306 606 2566 679 cogitent
2602 623 2615 663 :
2654 605 2835 663 debes
2894 611 2956 661 tu
3002 624 3239 679 quoque
3296 607 3775 679 appropinquare

2132 694 2278 752 locis
2296 696 2516 763 i11is,ad
2548 713 2721 769 opem
2744 698 2861 752 tuis
2877 696 3319 751 ferendam.Ubi
3343 698 3391 751 si
3413 698 3775 753 animadver-

2135 786 2297 852 teris,
2328 786 2548 853 locum,
2574 786 2635 841 in
2663 803 2779 856 quo
2814 786 3061 841 tendant
3115 786 3455 853 adversarii,
3511 792 3775 842 montem

2134 874 2354 930 habere
2377 880 2478 930 aut
2498 876 2864 947 crepidinem
2896 875 3137 943 editam,
3168 882 3508 946 aptamque,
3541 882 3608 930 ut
3633 876 3773 932 inde

2132 970 2312 1020 noctu
2338 965 2572 1036 aggredi
2596 981 2696 1019 eos
2728 965 3023 1036 possis,ad
3036 965 3147 1020 hoc
3166 970 3429 1020 mentem
3446 972 3775 1022 convertas.

2129 1057 2661 1125 Atque,perspecta
2682 1054 2835 1110 bene
2858 1059 3069 1109 natura
3089 1054 3225 1122 loci,
3249 1054 3353 1109 illa
3381 1055 3621 1126 adjutus
3641 1073 3779 1112 cum

2129 1143 2503 1215 pedestribus
2516 1144 3008 1214 equestribusque
3019 1143 3203 1215 capiis
3220 1144 3490 1214 praalium
3505 1145 3781 1202 instituas

2129 1234 2409 1290 adversus
2425 1233 2562 1288 illos
2575 1234 3287 1304 noctu,quemadmodum
3305 1234 3366 1289 in
3388 1235 3579 1305 capite
3592 1235 3665 1289 de
3687 1236 3774 1291 di-

2129 1325 2448 1380 micatione
2471 1328 2763 1380 nocturna
2783 1324 2938 1379 infra
2966 1323 3586 1381 demonstrabitur.lta
3598 1326 3774 1380 vehe—

2128 1419 2361 1469 menter
2388 1414 2524 1469 illos
2555 1414 2789 1469 vexabis
2824 1419 2882 1468 et
2910 1414 3288 1485 perterrebis,
3340 1413 3680 1485 efﬁciesque
3712 1419 3779 1470 ut

2128 1503 2265 1558 inde
2295 1502 2769 1568 recedant.Quod
2802 1504 2851 1559 si
2873 1503 3266 1558 nihilominus
3288 1509 3643 1575 permanent
3664 1504 3774 1559 ibi-

2128 1592 2282 1660 dem,
2317 1592 2752 1664 diligenterque
2812 1609 2942 1648 sese
3001 1592 3346 1648 custodiunt
3385 1609 3453 1648 ac
3510 1598 3773 1659 tuentur,

2126 1681 2456 1751 voluntque
2484 1682 2737 1737 scrutari
2758 1686 3013 1748 montes,
3036 1683 3100 1737 in
3130 1681 3347 1754 quibus
3400 1682 3776 1754 receptacula

2126 1771 2364 1825 rusticaa
2386 1770 2576 1842 plebis
2606 1777 2765 1837 sunt,
2791 1771 3010 1827 debent
3029 1772 3177 1829 9245
3204 1788 3311 1843 per
3322 1771 3686 1843 jaculatores
3703 1788 3773 1827 ac

371 1850 561 1924 λέμιοι
596 1850 929 1922 αὕλίζονται,
990 1848 1120 1925 ὅρος
1162 1850 1362 1928 ἔχοντα
1390 1849 1425 1922 ἤ
1457 1853 1624 1908 τόπον
1668 1852 1877 1928 ὑψηλὸν
1932 1853 2014 1909 καῖ

2127 1858 2335 1915 velites
2365 1859 2661 1915 observari
2691 1876 2726 1915 a
2774 1865 2829 1915 te
2888 1860 3103 1928 aditus,
3136 1861 3637 1933 etpraioccupari.
3671 1862 3772 1916 His

375 1938 687 2011 ἐπιτήδειον
747 1942 885 2015 πρὸς
941 1940 1005 1995 τὸ
1060 1942 1253 2004 νυκτὸς
1310 1943 1428 1997 κατ’
1486 1941 1659 1998 αὐτῶν
1720 1942 2016 2017 ἐπιθέσθαι,

372 2033 538 2085 τυῦτο
573 2029 912 2103 μελετήσεις.
948 2029 1044 2085 Καὶ
1102 2028 1475 2102 διασκοπήσας
1531 2030 1713 2094 καλῶς
1765 2034 1864 2102 τὴν
1921 2039 2017 2089 τοῦ

369 2120 545 2174 τόπου
594 2120 758 2192 θέσιν,
810 2120 900 2175 καὶ
963 2120 1219 2195 βοήθειαν
1280 2119 1478 2176 ἐκεῖθεν
1535 2119 1700 2197 ἔχων,
1752 2122 1845 2177 τὸν
1900 2126 2016 2179 κατ’

371 2208 548 2265 αὐτῶν
580 2211 989 2287 παρασκευάσῃς
1045 2209 1293 2284 πόλεμον
1342 2212 1554 2281 νυκτὸς,
1609 2212 1743 2285 μετὰ
1787 2218 2015 2283 πεζικῆς

360 2297 647 2373 δυνάμεως
677 2301 768 2356 καὶ
799 2302 841 2337 ⁷⁸
897 2300 1135 2374 ἱππέων,
1187 2303 1368 2365 καθὼς
1424 2300 1548 2377 περὶ
1600 2300 2014 2375 νυκτοπολέμου

359 2389 653 2462 κατωτέρω
711 2388 947 2465 εἴρηται.
1008 2391 1104 2445 Καὶ
1160 2390 1419 2466 μεγάλως
1487 2390 1684 2454 αὐτοὺς
1764 2412 2012 2466 τραυμα-

356 2478 526 2540 τίσεις
584 2477 675 2533 καὶ
742 2476 1079 2553 ἐκθροήσεις,
1138 2479 1230 2534 καὶ
1313 2482 1739 2555 παρασκευάσεις
1813 2481 2009 2537 ἐκεῖθεν

362 2568 751 2643 ὑποχωρῆσαι.
813 2567 1232 2643 Καρτερούντων
1294 2565 1351 2623 δὲ
1426 2565 1503 2623 ἔτι
1562 2568 1615 2623 ἐν
1672 2569 1860 2643 ἐκείνῳ
1932 2576 2012 2644 τῷ

355 2656 552 2731 χώρῳ,
608 2660 792 2719 καλῶς
860 2656 1085 2720 ἑαυτοὺς
1168 2655 1602 2732 ἀσφαλιζόμενοι
1687 2661 1775 2714 καὶ
1837 2680 2009 2733 παρα-

2127 1954 2287 2004 recte
2319 1948 3767 2022 custoditis,quarefugiumrusticulisfamiliisque

2130 2054 2334 2093 eorum
2363 2056 2430 2095 ac
2461 2039 2668 2095 liberis
2689 2040 2902 2111 patuit,
2934 2040 2982 2094 si
3014 2040 3215 2095 hostes
3254 2056 3359 2111 per
3383 2040 3583 2096 fauces
3612 2040 3766 2095 vias-

2127 2145 2240 2200 que
2295 2129 2508 2184 arduas
2565 2130 3005 2202 introrumpere
3054 2136 3365 2199 conantur,
3422 2130 3771 2197 fundentur,

2124 2218 2383 2273 maxime
2431 2220 2698 2291 peditatu
2756 2236 2856 2275 eos
2902 2220 3234 2276 invadente.
3281 2221 3382 2276 Sin
3439 2237 3573 2275 vero
3631 2236 3769 2276 cum

2125 2307 2392 2379 peditatu
2414 2314 2707 2364 conantur
2738 2309 2902 2377 eniti,
2939 2315 3288 2380 montesque
3318 2310 3771 2381 perscrutari,tu

2124 2396 2199 2451 ad
2228 2397 2517 2453 interiora
2544 2399 2853 2469 magisque
2879 2399 3115 2454 munita
3153 2403 3212 2453 et
3257 2398 3330 2453 ab
3359 2398 3596 2453 insidiis
3646 2402 3771 2453 tuta

2122 2486 2253 2542 loca
2280 2493 2573 2560 agrestem
2602 2488 2839 2559 plebem
2869 2488 3251 2544 transducere
3279 2493 3592 2560 properato
3615 2488 3770 2559 :ipse

2122 2589 2255 2631 cum
2281 2577 2398 2632 tuis
2429 2578 2616 2648 copiis
2639 2577 2919 2633 omnibus
2943 2577 3229 2633 ducentes
3260 2593 3330 2633 eo
3360 2577 3483 2632 vias
3524 2593 3768 2648 occupa,

2125 2670 2185 2719 et
2211 2665 2528 2737 diligenter
2554 2666 2807 2722 custodi.

358 2743 742 2820 φυλάττοντες,
797 2746 887 2800 καὶ
948 2746 1302 2821 βουλομένων
1371 2748 1721 2822 ἀνερευνῆσαι
1774 2750 1841 2803 τὰ
1898 2744 2025 2823 ὄρη,
2087 2751 2138 2806 έν
2195 2755 2277 2814 οἷς
2334 2753 2399 2807 τὰ
2462 2754 2766 2831 καταφύγια
2817 2757 2925 2808 τῶν
2980 2758 3236 2829 χωριτῶν
3292 2753 3576 2829 τυγχάνει,
3644 2751 3766 2809 δέον

362 2834 711 2909 φυλαχθῆναι
767 2834 857 2888 καὶ
911 2837 1425 2911 προκατασχεθῆναι
1478 2837 1627 2908 παρὰ
1685 2841 1782 2892 σοῦ
1831 2841 1928 2903 τὰς
1984 2837 2226 2903 εἰσόδους
2288 2839 2377 2896 διά
2430 2863 2491 2897 τε
2543 2842 2873 2898 ἀκοντιστῶν
2928 2842 3019 2898 καὶ
3075 2842 3276 2916 ψιλῶν.

3374 2843 3476 2902 Καὶ
3560 2842 3768 2898 τούτων

362 2920 550 2984 καλῶς
584 2924 1026 2997 φυλαττομένων,
1084 2923 1138 2979 ἐν
1199 2927 1287 2988 οἷς
1347 2927 1381 2994 ἡ
1440 2928 1727 3001 καταφυγή
1786 2931 1893 2982 τῶν
1949 2934 2204 3006 γεωργῶν
2265 2931 2356 2985 σὺν
2420 2936 2527 2986 τῶν
2588 2930 2869 3008 φαμιλιῶν
2920 2935 2965 2970 ⁷⁸
3018 2932 3108 2987 καὶ
3160 2937 3268 2987 τῶν
3327 2931 3529 2987 τέκνων
3590 2933 3767 2987 αύτῶν

361 3011 599 3086 γέγονεν,
632 3012 678 3067 εἰ
711 3011 1026 3087 βουληθῶσι
1077 3010 1168 3068 διὰ
1221 3018 1328 3068 τῶν
1386 3020 1669 3070 στενωπῶν
1726 3018 1817 3071 καὶ
1876 3015 2155 3074 δυσλάτων
2219 3019 2436 3076 ἐκείνων
2496 3019 2638 3077 ὁδῶν
2693 3022 2975 3093 εἰσελθεῖν,
3032 3024 3459 3093 ἡττηθήσονταιο
3511 3021 3601 3077 καὶ
3661 3021 3767 3095 μά-

364 3100 521 3157 λιστα
549 3105 774 3171 πεζικῆς
807 3100 1111 3176 [δυνάμεως
1150 3103 1335 3165 αὐτοῖς
1388 3102 1711 3178 ἐπιθεμένης
1766 3106 1835 3162 ⁸ο.
1894 3107 1962 3165 Ei
2022 3105 2069 3163 δ’
2125 3109 2279 3164 αὐτοὶ
2342 3113 2475 3183 μετὰ
2524 3114 2773 3184 πεζικῆς]
2831 3109 3177 3186 βουληθῶσιν
3238 3110 3507 3179 ἐπελθεῖν,
3555 3112 3645 3165 καί
3699 3111 3768 3165 τὰ

356 3186 461 3266 ὅρη
523 3187 991 3265 διερευνήσασθαι,
1050 3190 1103 3247 ἐν
1171 3189 1481 3268 ἐνδοτέροις
1538 3195 1628 3249 καὶ
1688 3195 2061 3272 ὀχορωτέροις
2119 3199 2209 3254 καὶ
2268 3195 2746 3256 άνεπιόουλεύτοις
2828 3200 3024 3263 τόποις
3098 3201 3404 3277 εΐσαγαγεῖν
3466 3199 3594 3264 τοὺς
3654 3203 3764 3255 τῶν

360 3280 582 3356 χωρίων
616 3280 911 3357 οἰκήτορας
935 3280 1241 3355 ἐπείχθητιο
1298 3286 1396 3337 σοῦ
1456 3282 1589 3356 μετά
1643 3286 1844 3349 παντὸς
1896 3290 1993 3342 τοῦ
2047 3288 2185 3344 λαοῦ
2239 3288 2334 3352 τὰς
2402 3288 2719 3365 εἴσαγούσας
2775 3292 2890 3346 κατ’
2951 3290 3124 3347 αὐτῶν
3179 3287 3345 3353 ὁδοὺς
3397 3287 3611 3361 δηλαδή
3664 3310 3767 3345 κα-

356 3366 805 3444 ταλαμϐάνοντός
833 3390 894 3426 τε
923 3370 1013 3426 καὶ
1045 3370 1304 3445 ἀσφαλῶς
1347 3370 1824 3451 διαφυλάττοντος.

609 3519 775 3573 ΚΕΦ.
809 3515 939 3574 ΚΔ’.
969 3513 1100 3591 Περὶ
1132 3513 1459 3592 πολιορκίας
1490 3518 1747 3592 κάστρου.
2053 3480 2097 3549 C

432 3638 574 3714 Πρὸς
604 3637 929 3715 πολιορκίαν
964 3636 1022 3694 δὲ
1069 3639 1303 3714 κάστρου
1359 3646 1637 3697 κατανοῶν
1697 3642 2008 3716 εὐτρεπίζο-

361 3730 555 3803 μένους
581 3727 711 3790 τοὺς
767 3726 1096 3802 πολεμίους,
1160 3726 1282 3784 δέον
1341 3732 1430 3785 καὶ
1491 3731 1570 3798 σὲ,
1625 3733 1670 3786 ὧ
1717 3736 2006 3809 στρατηγὶ,

357 3819 459 3875 ὅσα
487 3816 905 3892 πολιορκεῖσθαι
944 3816 1169 3873 δυνατὸν
1228 3817 1354 3892 (εἶσὶ
1408 3821 1513 3895 γὰρ
1565 3819 1752 3876 πολλὰ
1806 3821 2011 3898 κάστρα

362 3909 442 3982 μὴ
493 3906 708 3963 δεδιότα
767 3906 1145 3984 πολιορκίαν),
1179 3910 1232 3962 ἐν
1260 3913 1380 3971 τοῖς
1437 3909 1710 3973 τοιούτοις
1757 3914 1864 3988 πρὸ
1908 3920 2009 3982 τῆς

358 4018 467 4053 των
496 3997 708 4073 ἐχθρῶν
737 3995 1058 4067 ἐξελεύσεως
1109 3998 1508 4073 παρασκευάσαι
1564 4001 1656 4054 τὸν
1710 3999 1761 4055 ἐν
1821 4002 2007 4064 αὐτοῖς

356 4088 761 4166 καταφεύγοντα
792 4087 921 4143 λαὸν
988 4090 1170 4161 μηνῶν
1229 4088 1503 4162 τεσσάρων
1559 4091 1765 4165 τροφὰς
1816 4090 2010 4147 καθένα

356 4173 600 4251 ἕκαστον,
633 4178 679 4234 εἷ
712 4176 931 4233 δυνατὸν
964 4179 1051 4233 καὶ
1085 4176 1375 4248 πλειόνων,
1432 4181 1549 4243 καθ’
1603 4181 1727 4234 ὅσον
1777 4188 2010 4256 συνορᾷς

355 4265 566 4322 ἔσεσθαι
623 4268 726 4336 τὴν
783 4266 1134 4341 πολιορκίαν,
1206 4266 1574 4327 ἀποτίθεσθαι.
1636 4270 1734 4324 Καὶ
1790 4275 1898 4326 τῶν
1954 4272 2008 4327 ἐν

353 4362 474 4419 ταῖς
504 4355 810 4430 κιστέρναις
861 4353 1071 4411 ύδάτων
1137 4354 1539 4429 ἐπιμελεῖσθαι,
1595 4359 1686 4413 καὶ
1740 4363 1848 4414 τῶν
1910 4362 2008 4417 ἄλ-

354 4448 472 4505 λων
530 4450 768 4519 πάντων,
826 4446 925 4503 ὅσα
1014 4448 1519 4522 πολιορκνυμὲνους
1603 4448 1831 4506 ἐκδικεῖν
1917 4453 2008 4508 καὶ

359 4541 586 4616 βοηθεῖν
621 4537 887 4597 δύνανται.
937 4541 1122 4595 Ταῦτα
1176 4540 1303 4614 γὰρ,
1365 4537 1453 4594 διὰ
1517 4541 1578 4594 τὸ
1643 4539 1881 4613 πλῆθος,
1938 4547 2007 4617 τῇ

354 4628 604 4704 παρούσῃ
631 4631 814 4703 γραφῇ
864 4626 1097 4691 ἐκθεῖναι
1154 4627 1292 4682 κατά
1351 4628 1513 4703 μέρος
1571 4627 1818 4703 ἐάσομεν.
1878 4633 2006 4708 Περὶ

356 4718 462 4792 γὰρ
506 4715 774 4771 τοιούτων
830 4717 921 4770 καὶ
983 4715 1179 4791 ἐτέρων
1237 4715 1685 4790 πολιορκητικῶν
1747 4734 2007 4792 μηχανη-

364 4805 573 4881 μάτων,
603 4805 693 4860 καὶ
736 4809 854 4873 τοῦ,
912 4808 1030 4866 πῶς
1083 4806 1196 4879 χρὴ
1253 4804 1381 4868 τοὺς
1436 4803 1586 4861 ἔνδον
1642 4813 1767 4869 τοῖς
1815 4806 2006 4879 ἔξωθεν

357 4892 771 4968 ἀντιμαχεσθαι,
805 4888 1046 4969 ἀκριϐῶς
1074 4893 1180 4967 πρὸ
1245 4895 1407 4967 ἡμῶν
1459 4895 1544 4949 καὶ
1598 4894 2006 4971 λελογισμένως

356 4984 409 5038 oi
438 4984 506 5037 τὰ
528 4982 758 5038 τακτικᾶ
782 4984 871 5038 καὶ
912 4981 1246 5057 στρατηγικᾶ
1274 4982 1718 5058 ἀναγραψάμενοι
1749 4984 2007 5057 ἐξέθεντο.

354 5073 549 5144 Ἡμεῖς
634 5069 692 5127 δὲ
773 5071 899 5147 περὶ
973 5068 1336 5147 παραδρομῆς
1449 5073 1539 5127 καὶ
1635 5076 2011 5150 κατασχέσεως

357 5158 698 5235 κλεισουρῶν
731 5160 1173 5237 προσταχθέντες
1205 5162 1291 5234 [Ρ.
1324 5164 1446 5235 159]
1480 5161 1672 5232 εἰπεῖν,
1729 5164 1798 5218 τὰ
1845 5164 2012 5239 ταύτῃ

357 5250 719 5306 συντελοῦντα
746 5250 837 5305 καὶ
870 5249 1245 5328 ἐφαρμόζοντα
1291 5251 1428 5305 κατᾶ
1481 5250 1545 5306 τὸ
1603 5250 1721 5307 ἐνὸν
1780 5252 2011 5308 ἐκθεῖναι

357 5340 815 5417 κατεπειγόμεθα.
875 5343 993 5396 Τῶν
1078 5337 1367 5414 πολεμίων
1423 5338 1601 5395 τοίνυν
1664 5341 1728 5396 τὸ
1787 5342 2012 5419 κάστρον

2441 3528 2573 3584 Car.
2633 3529 2778 3585 XXI.
2813 3530 2887 3584 De
2916 3529 3196 3584 obsidione
3229 3528 3442 3599 oppidi.

2194 3642 2304 3698 Ubi
2334 3643 2720 3712 intellexeris,
2746 3645 2820 3700 ad
2850 3643 3245 3700 obsidendum
3275 3643 3559 3716 oppidum
3581 3660 3642 3699 se
3664 3662 3766 3715 pa-

2118 3748 2251 3787 rare
2266 3734 2653 3802 adversarios,
2686 3739 2919 3806 oportet
2948 3740 3025 3803 te,
3057 3752 3090 3789 o
3122 3734 3259 3800 dux,
3311 3750 3441 3804 quas
3493 3733 3623 3789 loca
3666 3750 3764 3805 op-

2118 3822 2466 3893 pugnationi
2496 3827 2703 3893 patent
2729 3824 2889 3894 (sunt
2918 3824 3077 3878 enim
3123 3822 3343 3894 oppida
3393 3822 3581 3877 multa
3628 3840 3760 3893 quas

2119 3911 2625 3984 impugnationem
2654 3929 2775 3968 non
2809 3913 3096 3983 timeant),-
3127 3914 3190 3968 in
3220 3914 3312 3968 his
3334 3912 3667 3980 instituere,
3698 3916 3764 3967 ut

2118 4006 2255 4056 ante
2286 4001 2545 4057 hostium
2580 4002 2895 4059 adventum
2921 4003 3334 4075 unusquisque
3383 4021 3454 4059 ex
3492 4003 3664 4075 plebe
3692 4019 3760 4058 eo

2120 4089 2497 4163 confugiente
2529 4092 2751 4148 cibaria
2795 4093 2859 4147 in
2888 4109 3125 4149 menses
3156 4098 3431 4164 quatuor,
3462 4092 3554 4147 vel
3585 4092 3766 4148 etiam

2120 4179 2182 4234 in
2212 4180 2431 4251 plures,
2469 4182 2518 4236 si
2580 4182 2707 4237 ﬁeri
2779 4188 2997 4255 potest,
3024 4182 3311 4254 quamdiu
3329 4182 3584 4238 aestimas
3607 4183 3764 4238 obsi-

2119 4268 2360 4325 dionem
2391 4270 2736 4343 fore,depon
2746 4275 2852 4327 atJ
2860 4279 2976 4328 tem
2990 4289 3277 4344 aquarum
3297 4273 3359 4327 in
3373 4272 3647 4328 cisternis
3660 4288 3764 4328 cu-

2118 4375 2249 4415 ram
2280 4358 2520 4428 habere,
2540 4349 3010 4434 casterarumque
3040 4379 3241 4418 rerum
3264 4362 3558 4430 omnium,
3592 4365 3766 4433 quot-

2122 4464 2267 4530 quot
2295 4460 2554 4517 obsessis
2585 4463 2786 4517 tutelm
2818 4468 2994 4534 atque
3024 4463 3303 4533 praasidio
3332 4478 3459 4517 esse
3490 4465 3760 4532 possunt.

2120 4549 2373 4603 Tametsi
2432 4566 2520 4621 ea,
2582 4551 2741 4621 quod
2806 4551 3103 4621 permulta
3146 4555 3306 4617 sunt,
3363 4549 3765 4621 particulatim

2123 4654 2420 4709 exponere
2450 4640 2561 4694 hac
2593 4640 2914 4711 scriptione
2955 4640 3313 4695 omittemus.
3353 4641 3497 4694 Nam
3547 4638 3620 4692 de
3669 4637 3765 4702 iis,

2121 4726 2373 4797 aliisque
2390 4728 2771 4799 oppugnandi
2786 4729 3159 4793 commentis,
3185 4728 3377 4799 deque
3398 4726 3627 4781 ratione
3650 4742 3768 4798 qua

2122 4816 2771 4872 obsessiadorientibus
2824 4818 3126 4882 resistant,
3160 4818 3313 4873 240
3363 4822 3499 4871 ante
3525 4833 3630 4871 nos
3664 4815 3767 4887 qui

2119 4904 2191 4958 de
2217 4920 2281 4959 re
2313 4905 2557 4960 militari
2580 4906 2864 4977 ducisque
2882 4907 3077 4963 ofﬁcio
3100 4908 3767 4978 scripserunt,accurate

2122 4998 2179 5047 et
2199 4992 2368 5048 docte
2392 5001 2810 5066 exposuerunt.
2836 4998 2949 5051 Nos
2999 5001 3208 5051 contra
3238 4994 3309 5051 de
3339 4995 3679 5051 velitatione
3710 5000 3769 5052 et

2121 5083 2506 5153 occupatione
2534 5084 2930 5140 claustrorum
2990 5084 3187 5141 dicere
3227 5085 3407 5157 jussi,
3467 5101 3597 5157 quaa
3628 5085 3765 5141 huic

2121 5169 2397 5226 instituto
2421 5173 2739 5246 expediant
2769 5176 3125 5247 propriaque
3158 5176 3299 5247 sint,
3319 5174 3614 5247 explicare
3637 5191 3770 5247 pro-

2121 5276 2417 5331 peramus.
2454 5263 2729 5318 Hostibus
2762 5264 3046 5336 oppidum
3076 5264 3639 5321 circumsidentibus
3660 5280 3766 5335 op—

2121 5351 2662 5424 pugnationemque
2686 5354 2996 5427 aggressis,
3016 5355 3088 5423 si,
3122 5360 3188 5411 ut
3216 5354 3413 5411 solent
3441 5353 3632 5411 facere
3662 5351 3764 5423 qui

1569 5485 1629 5540 C.
1670 5485 1731 5542 Β.
1768 5485 1961 5546 HASII
1998 5490 2562 5551 ANNOTATIONES.

430 5635 479 5672 ⁷⁸
505 5632 622 5718 καὶ]
643 5631 754 5724 ,σύν
783 5634 1034 5724 codd."’?
1059 5630 1375 5717 φαμιλιῶν.
1409 5635 1503 5693 Sic
1532 5635 1699 5693 codd.
1779 5638 1826 5675 ⁸ο
1858 5640 2014 5697 Unci:

2126 5642 2310 5714 Clusa.
2354 5664 2487 5720 quas
2515 5655 2654 5709 sunt
2700 5653 2763 5710 in
2821 5651 2992 5710 codd.
3044 5650 3321 5708 omnibus
3368 5644 3769 5724 praetermissa

362 5725 399 5767 a
427 5708 774 5781 conjectura
803 5706 1094 5781 supplevil
