4152 6312
382 356 499 415 995

1700 324 2121 392 NICEPHORI
2166 324 2447 388 ΡΗΟΟιΕ

3679 322 3797 385 996

385 490 630 546 obessos
663 485 1052 555 coangustare
1082 477 1309 542 volunt,
1341 474 1500 529 circa
1527 467 1814 541 oppidum
1846 464 1907 519 in
1928 480 2026 518 or-

2153 458 2627 535 περικαθισάντωθ,
2680 459 2769 513 καὶ
2827 457 2965 532 πρὸς
3014 454 3338 532 πολιορκίαν
3426 453 3785 532 χωρούντων,

387 580 525 636 bem
558 575 1061 639 consederunt,ne
1089 568 1188 638 qui
1220 583 1288 620 ex
1316 562 1537 618 nostris
1558 574 1753 629 neque
1771 552 2036 611 intrandi

386 683 585 740 neque
617 660 874 720 exeundi
904 657 1248 713 facultatem
1276 652 1570 709 habeant:
1605 663 1741 703 cum
1765 645 1886 700 sint
1913 643 2036 697 fere

388 733 679 832 pleraque
709 748 928 823 oppida
958 752 1165 801 nostra
1198 744 1259 797 in
1290 741 1437 797 locis
1457 737 1706 794 munitis
1734 733 2034 805 atqueim-

385 820 606 919 peditis
671 820 1036 895 constituta:
1087 832 1283 897 facile,
1336 849 1370 885 o
1419 828 1558 897 dux,
1602 823 1823 897 poteris
1876 820 2034 886 illos,

390 912 612 993 temere
639 933 767 988 sine
811 927 963 983 vallo
1024 930 1081 981 et
1137 922 1403 978 custodia
1450 917 1785 984 tendentes,
1839 912 2040 982 aliqua

385 1031 553 1100 parte
584 1021 777 1078 noctis
810 1034 948 1073 cum
980 1016 1245 1087 peditatu
1277 1010 1500 1067 adoriri
1534 1007 1863 1077 ;dabisque
1906 1017 2040 1073 ope-

386 1096 537 1184 ram,
568 1118 636 1169 ut
667 1110 744 1167 ad
787 1109 1025 1180 signum
1066 1104 1457 1160 constitutum
1514 1096 1741 1153 obsessi
1800 1108 2036 1166 quoque

389 1182 595 1259 eadem
626 1201 773 1254 hora
804 1197 1138 1265 erumpant,
1174 1197 1229 1245 et
1260 1190 1371 1261 ipsi
1400 1189 1563 1252 item,
1593 1186 1641 1240 si
1664 1182 1792 1239 ﬁeri
1822 1184 2036 1252 potest,

386 1292 659 1365 praelium
718 1303 853 1343 cum
910 1281 1230 1339 adversarii
1276 1277 1669 1334 committant.
1744 1274 1849 1337 Ita,
1923 1267 2036 1323 loci

387 1363 601 1438 natura
617 1378 862 1447 insuper
891 1372 1152 1444 adjutus,
1174 1385 1274 1424 eos
1305 1363 1649 1422 debellabis.
1685 1363 2037 1429 Quanquam

389 1474 502 1529 hoc
534 1470 775 1543 quidem
806 1483 875 1522 ex
904 1461 1276 1537 providentia
1300 1458 1403 1513 Dei
1433 1455 1672 1528 pendet.
1707 1453 1764 1507 Si
1794 1466 1929 1505 vero
1962 1448 2035 1503 ob

393 1537 809 1618 difﬁcultatem
841 1559 1017 1626 atque
1048 1549 1428 1622 asperitatem
1457 1545 1572 1600 loci
1603 1543 1688 1599 sic
1719 1537 2036 1611 dispersim

390 1652 455 1708 in
486 1650 690 1707 orbem
721 1644 1027 1703 considere
1048 1657 1168 1696 non
1199 1638 1439 1706 audent,
1473 1634 1576 1690 sed
1607 1647 1814 1688 omnes
1833 1642 2037 1684 eorum

392 1743 577 1814 copiaa
606 1738 696 1795 vel
726 1736 1005 1807 bipartito
1025 1733 1117 1787 vel
1136 1746 1258 1786 uno
1278 1728 1404 1784 solo
1427 1726 1558 1781 loco
1580 1722 2037 1790 tendunt,opor-

2146 548 2196 603 εἴ
2228 548 2448 622 μὶν,ὡς
2488 547 2607 612 ἔθος
2666 546 2778 602 ἐστὶ
2835 551 2952 608 τοῖς
3014 544 3376 622 βουλομένοις
3430 552 3795 620 στενοχωρεῖν

2144 636 2271 700 τοὺς
2328 637 2858 712 πολιορκουμένους,
2916 634 3322 706 ἀπληκεύσουσι
3382 632 3645 706 δηλονότι
3702 640 3797 691 τοῦ

2146 728 2380 801 κάπρου
2410 727 2674 792 κυκλόθεν
2705 728 2750 764 δι
2778 726 2914 803 πρὸς
2940 727 3003 781 τὸ
3037 726 3112 799 μὴ
3173 722 3431 789 δύνασθαί
3486 745 3637 787 τινας
3689 730 3801 780 τῶν

2146 816 2429 893 ἡμετέρων
2494 820 2632 890 μήτε
2690 817 3025 891 εἲσέρχεσθαι
3088 816 3228 887 μήτε
3284 814 3617 891 ἐξέρχεσθαιο
3679 813 3794 871 ἐπεὶ

2147 906 2199 962 ἐν
2237 907 2464 982 ὀχυροῖς
2491 908 2683 969 τόποις
2714 907 2802 961 καὶ
2859 899 3146 967 δυσϐάτοις
3199 900 3397 978 σχεδὸν
3443 904 3511 959 τὰ
3564 904 3795 959 πλεῖστα

2146 998 2307 1069 ἡμῶν
2333 993 2583 1070 ἵδρυνται
2608 994 2830 1069 κάστρα·
2862 995 3104 1070 εὐχερῶς
3132 993 3350 1055 τούτοις
3384 991 3556 1055 οὕτως
3612 991 3799 1063 ἀπλη-

2146 1085 2421 1154 κεύσουσι,
2451 1084 2694 1160 χάρακος
2750 1085 2840 1139 καὶ
2897 1080 3194 1156 ἀσφαλείας
3246 1080 3393 1154 ἄνευ,
3453 1081 3718 1157 ἰσχύσεις,
3752 1083 3795 1136 ὧ

2149 1176 2441 1252 στρατηγὶ,
2466 1177 2584 1241 καθ’
2612 1173 2664 1231 ἕν
2717 1175 2878 1250 μέρος
2939 1174 3130 1238 νυκτὸς
3180 1172 3316 1246 μετά
3356 1177 3579 1243 πεζικοῦ
3631 1193 3798 1247 στρα-

2146 1265 2413 1339 τεύματος
2472 1264 2771 1329 ἐπιθέσθαι·
2829 1264 2922 1321 καὶ
3005 1263 3140 1336 μετά
3228 1264 3567 1334 συνθήματος
3654 1263 3796 1334 ὁμοῦ

2147 1355 2236 1410 καὶ
2265 1355 2394 1417 τοὺς
2435 1351 2587 1411 ἔνδον
2646 1354 2878 1426 ἐξελθεῖν
2932 1353 3361 1428 παρασκευάσας
3417 1351 3469 1407 ἐν
3530 1352 3670 1425 αὐτῇ
3728 1355 3798 1425 τῇ

2150 1444 2286 1520 ὥρᾳ,
2316 1446 2407 1500 καὶ
2448 1444 2678 1519 συνάψαι
2709 1442 2799 1499 καὶ
2850 1441 3073 1514 αὐτοὺς,
3131 1441 3178 1497 εἰ
3228 1441 3474 1511 δυνατὸν,
3526 1440 3797 1515 πόλεμον.

2149 1533 2253 1590 Καὶ
2278 1535 2380 1603 τὴν
2408 1534 2513 1589 ἀπὸ
2540 1537 2638 1588 τοῦ
2667 1534 2837 1589 τόπου
2888 1530 3033 1607 ἔχων
3089 1532 3345 1607 βοήθειαν
3389 1530 3617 1593 τούτους
3674 1552 3806 1586 κατ-

2149 1623 2413 1698 αγωνίσῃ.
2446 1624 2643 1697 Ἔργον
2672 1620 2729 1677 δί
2756 1621 2919 1677 τοῦτο
2969 1620 3229 1697 προνοίας
3276 1624 3433 1677 Θεοῦ.
3482 1620 3545 1677 Εἰ
3596 1616 3656 1675 δὶ
3710 1617 3803 1675 διὰ

2147 1713 2247 1781 τὴν
2281 1715 2378 1766 τοῦ
2410 1713 2600 1787 χώρου
2648 1709 2965 1787 δυσχέρειαν
3014 1709 3105 1765 καὶ
3158 1706 3510 1783 σκληρότητα
3556 1709 3622 1765 οὖ
3672 1708 3804 1786 01p-

389 1838 475 1888 tet
502 1830 694 1903 primo
717 1827 1001 1883 alimenta
1058 1821 1371 1878 hominum
1403 1822 1462 1871 et
1510 1829 1799 1886 equorum
1831 1808 2037 1865 omnia

2153 1801 2409 1878 ῥήσουσιν
2450 1801 2625 1866 οὕτως
2676 1799 2939 1864 κυκλόθεν
2997 1799 3089 1855 καὶ
3149 1796 3556 1872 διεσπαρμένως
3615 1796 3804 1868 ἀπλη-

391 1897 660 1977 comburi
711 1916 1066 1989 penitusque
1099 1909 1305 1976 deleri,
1341 1922 1534 1977 neque
1593 1902 1919 1975 quidquam
1972 1897 2035 1951 in

392 2011 538 2066 vicis
569 2008 661 2064 vel
692 1986 937 2079 propius
967 2002 1040 2058 ab
1090 1999 1306 2072 Oppido
1331 1997 1423 2052 vel
1479 1994 1714 2066 longius
1759 1986 2040 2059 relinqui,

396 2099 553 2173 quod
581 2077 874 2171 jumentis
906 2090 1319 2148 hominibusve
1350 2085 1483 2141 usui
1516 2083 1612 2139 sit.
1647 2081 1704 2136 Si
1726 2080 1889 2152 ligna
1906 2077 2047 2131 defi-

394 2190 581 2253 ciunt,
614 2202 808 2257 neque
840 2183 1026 2239 saltus
1058 2196 1127 2235 ea
1172 2178 1416 2248 regione
1460 2173 1682 2239 subest,
1713 2170 1890 2225 etiam
1916 2167 2046 2238 ipsa

391 2277 781 2333 aediﬁciorum
804 2272 953 2329 247
990 2273 1145 2324 tecta
1170 2263 1490 2321 cremanda
1521 2266 1678 2316 sunt.
1704 2261 1791 2313 Ita
1818 2257 2044 2319 hostes,

380 2372 624 2441 prepter
655 2361 1068 2419 difﬁcultatem
1102 2354 1467 2427 lignationis,
1490 2351 1695 2420 reique
1724 2348 2047 2401 frumenta-

390 2458 497 2512 ria)
520 2454 1055 2525 in0piam,necesse
1077 2443 1416 2516 estlongius
1435 2439 1656 2496 milites
1680 2436 1949 2491 emittere
1973 2431 2045 2487 ad

392 2562 489 2602 res
520 2541 887 2599 necessarias
909 2532 1387 2608 comportandas.
1418 2530 1502 2585 Ibi
1526 2535 1608 2594 tu,
1643 2542 1778 2582 cum
1800 2523 1987 2595 perite
2015 2537 2045 2575 e

400 2635 690 2704 ducisque
704 2630 899 2686 ofﬁcio
913 2644 1039 2683 rem
1066 2619 1572 2698 gesseris,poteris
1593 2616 1729 2671 illos
1742 2610 2047 2669 collocatis

396 2723 632 2779 insidiis
677 2736 891 2776 vexare
923 2733 989 2772 ac
1018 2714 1267 2770 fundere
1304 2729 1316 2765 :
1351 2714 1418 2764 ut
1439 2708 1597 2772 ideo,
1633 2703 1931 2773 simulque
1962 2701 2047 2754 vi-

395 2820 524 2870 ctus
564 2812 768 2883 inopia
796 2808 1005 2872 coacti,
1036 2803 1410 2860 obsidionem
1469 2797 1718 2854 solvant.
1753 2793 1862 2849 Ubi
1911 2791 2047 2846 illos

391 2899 868 2976 perseverantius
901 2897 963 2951 in
1013 2892 1327 2949 obsidione
1366 2899 1744 2960 permanere,
1786 2882 1849 2935 in
1880 2879 2049 2950 oppi-

395 2991 589 3061 doque
614 3004 743 3044 rem
771 3002 901 3042 esse
924 2984 987 3039 in
1018 2984 1268 3054 angusto
1304 2976 1485 3042 vides,
1519 2973 1699 3029 debes
1732 2970 1804 3025 de
1855 2966 2051 3024 confe-

390 3079 594 3137 rendis
625 3080 798 3133 nocte
829 3078 950 3129 toto
985 3073 1163 3126 Marte
1196 3067 1383 3139 signis
1408 3057 2046 3136 cogitare,contraclis,

398 3186 523 3225 una
551 3184 686 3223 cum
719 3156 1389 3235 equitatu,pedestribus
1411 3152 1617 3224 copiis.
1642 3151 1797 3215 Quas
1837 3146 1886 3201 si
1907 3162 2047 3201 con-
2090 3194 2133 3262 Ε

517 3259 526 3262 -
626 3261 629 3262 ,
846 3258 853 3262 .
1047 3249 1058 3262 ι
1142 3248 1153 3258 -
1366 3242 1538 3262 urL---
1599 3235 2023 3262 :_L-__......n..:-

398 3259 707 3314 venienter
759 3258 986 3308 naturas
1045 3248 1157 3302 loci
1243 3242 1542 3315 equitibus
1598 3235 2050 3308 interposueris,

402 3347 858 3403 institue-noctu
888 3338 1185 3411 praelium,
1208 3328 1710 3405 quemadmodum
1728 3324 1976 3380 inferius
1992 3324 2053 3377 in

405 3436 599 3508 capite
646 3433 717 3488 de
749 3429 1133 3486 dimicatione
1171 3428 1421 3479 noctura
1454 3414 1898 3474 demonstrabo.
1933 3413 2053 3467 Hoc

400 3501 578 3582 modo
608 3523 843 3592 franges
870 3515 1435 3588 illos,cogesque,ut
1464 3506 1836 3564 obsidionem
1851 3501 2051 3573 Oppidi

400 3615 696 3671 omittant.
741 3591 797 3665 Si
829 3624 947 3680 qua
979 3612 1177 3661 tamen
1208 3600 1447 3658 obsistit
1475 3611 1673 3661 causa,
1735 3591 2051 3664 quominus

396 3703 673 3777 praelium
696 3704 875 3755 noctu
904 3698 1030 3764 fiat,
1064 3692 1291 3750 obsessi
1322 3694 1544 3757 autem,
1591 3682 1859 3756 quamvis
1890 3696 2052 3736 com-

396 3769 597 3851 ineatu
624 3783 1191 3858 instructi,przssidii
1222 3780 1512 3852 indigent,
1535 3779 1704 3847 potes
1734 3772 1838 3827 illo
1870 3769 2050 3826 modo

397 3884 491 3939 vel
520 3882 1047 3954 propugnatorum,
1098 3870 1211 3939 vel,
1274 3869 1320 3924 si
1379 3880 1621 3922 annona
1676 3863 2047 3933 premuntur,

399 3972 761 4028 cibariorum
795 3964 1279 4037 supplementum
1335 3953 1731 4011 introducere.
1783 3948 1954 4005 Omni
1987 3947 2050 4001 in

394 4077 583 4119 unum
630 4060 830 4114 locum
862 4058 1065 4111 coacto
1106 4067 1174 4106 ac
1218 4046 1495 4103 bifariam
1546 4042 1734 4097 diviso
1765 4038 2049 4104 exercitu,

398 4147 733 4219 suscipiant
762 4143 1012 4200 alterius
1044 4139 1232 4212 partis
1261 4136 1484 4192 milites
1516 4129 1733 4203 singuli
1764 4129 1825 4183 in
1867 4142 2052 4199 equos

402 4214 621 4308 quibus
650 4232 948 4287 vehuntur
976 4232 1298 4299 quaternos
1338 4219 1570 4277 modios
1614 4216 1917 4271 frumenti.
1950 4214 2052 4270 His

406 4305 696 4381 attribuas
727 4320 878 4377 alios
922 4315 1227 4388 expeditos
1280 4311 1534 4382 equites,
1584 4306 1738 4363 nihil
1790 4305 2050 4360 ferentes

404 4418 622 4488 praater
651 4426 837 4477 arma,
866 4408 967 4480 qui
999 4406 1285 4462 duntaxat
1335 4399 1541 4456 alteris
1571 4394 1850 4469 praesidio
1908 4394 2049 4451 sint.

403 4506 487 4560 Tu
516 4520 651 4559 vero
684 4517 820 4556 cum
852 4498 1083 4568 reliquo
1114 4496 1339 4554 armato
1370 4487 1630 4544 exercitu
1661 4502 1730 4539 ex
1758 4487 1922 4555 parte
1961 4481 2051 4536 di-

2149 1895 2357 1960 κεῦσαι,
2416 1888 2543 1945 ἀλλ’
2601 1890 2661 1945 ἐκ
2717 1887 2812 1944 δύο
2873 1887 3115 1962 μερῶνῆ
3148 1886 3200 1958 ἐξ
3258 1887 3371 1950 ἑνὸς
3424 1884 3565 1949 ἄπας
3605 1889 3633 1943 ὁ
3665 1885 3803 1949 λαὸς

2150 1979 2325 2035 αὐτῶν
2357 1976 2826 2054 στρατοπεδεύσει,
2869 1975 2986 2033 δέον
3043 1976 3307 2053 πρότερον
3364 1982 3535 2032 πᾶσαν
3594 1977 3805 2054 τροφὴν

2153 2068 2453 2144 ἀνθρώπων
2485 2089 2542 2124 τε
2597 2068 2686 2123 καὶ
2743 2063 2965 2143 ἀλόγων
3018 2073 3373 2142 πυρπολῆσαι
3430 2064 3520 2120 καὶ
3576 2063 3807 2127 τελείως

2153 2157 2482 2232 ἐξαφανίσαι,
2512 2158 2603 2213 καὶ
2645 2154 2816 2231 μηδὲν
2877 2156 2952 2218 εἷς
3007 2155 3199 2232 χρείαν
3261 2153 3481 2231 ἀλόγων
3514 2152 3550 2224 ἤ
3583 2154 3800 2230 ἀνθρώ.

2152 2278 2268 2312 πων
2328 2254 2571 2328 πλησίου
2621 2260 2722 2312 τοῦ
2778 2254 3079 2329 κάστρουῆ
3128 2254 3318 2331 πόῤῥω
3370 2253 3688 2309 καταλιπεῖν
3748 2253 3804 2307 έν

2151 2349 2269 2407 τοῖς
2304 2346 2557 2419 χωρίοις.
2606 2343 2673 2400 Ei‘
2726 2340 2783 2398 δὶ
2837 2342 2927 2398 καὶ
2987 2340 3147 2413 ξύλον
3208 2340 3501 2412 ἐπιλείπει,
3552 2340 3639 2396 ἐπὶ
3696 2345 3796 2395 τοῦ

2153 2436 2325 2489 τόπου
2357 2429 2521 2510 ὅρους
2556 2434 2631 2506 μή
2665 2432 2842 2499 ὄντος,
2874 2432 2963 2487 καὶ
2995 2431 3130 2487 αὐτά
3153 2430 3219 2487 τὰ
3267 2429 3428 2506 στέγη
3482 2434 3589 2485 τῶν
3641 2429 3808 2500 οἰκη-

2160 2522 2341 2597 μάτων
2374 2520 2751 2597 πυρπολῆσαι.
2786 2522 2848 2578 Εἰ
2879 2522 2981 2597 γὰρ
3035 2520 3125 2577 καὶ
3184 2520 3359 2593 ξύλων
3413 2519 3465 2575 ἐν
3510 2519 3671 2595 χρείᾳ
3715 2517 3809 2594 γέ·-

2152 2633 2356 2668 νωνται
2395 2613 2447 2667 οἱ
2477 2610 2767 2684 πολέμιοι,
2796 2611 2885 2665 καὶ
2912 2615 3130 2688 τροφῶν
3165 2608 3360 2671 ἐνδεεῖς
3389 2610 3545 2679 ὦσιν,
3598 2609 3802 2683 ἀνάγκη

2152 2703 2247 2757 τὸν
2275 2701 2409 2757 λαιὸν
2442 2703 2620 2757 αὐτῶν
2662 2701 2975 2777 ἐξέρχεσθαι
3028 2700 3361 2777 μακρότερον
3411 2700 3545 2775 πρὸς
3596 2696 3808 2754 συλλο-

2155 2793 2261 2866 γὴν
2288 2796 2396 2845 τῶν
2430 2795 2656 2865 χρειῶν.
2692 2794 2801 2845 Σοῦ
2843 2787 2901 2845 δὶ
2956 2789 3231 2864 ἐμπείρως
3279 2788 3369 2843 καὶ
3428 2790 3811 2864 στρατηγικῶς

2159 2878 2537 2953 διατιθεμένου
2565 2882 2630 2950 ⁸³,
2694 2877 2900 2954 δυνήσῃ
2947 2878 3174 2942 τούτους
3225 2878 3359 2951 μετά
3410 2876 3809 2953 ἐγκρυμμάτων

2155 2968 2541 3044 τραυματίζειν
2629 2969 2715 3023 καὶ
2793 2970 3282 3042 κατατροποῦσθαι’
3343 2966 3417 3028 ὡς
3477 2964 3537 3021 ἐκ
3589 2963 3811 3038 τούτου,

2157 3064 2226 3132 τῇ
2256 3063 2363 3114 τῶν
2394 3061 2612 3135 τροφῶν
2644 3054 2817 3128 ἐνδείᾳ
2869 3055 3319 3130 ἀναγκαζόμενοι,
3352 3056 3452 3125 τὴν
3484 3052 3809 3130 πολιορκίαν

2160 3148 2441 3205 λύσουσιν.
2492 3147 2554 3204 Εἰ
2614 3144 2673 3202 δὲ
2729 3148 2857 3223 ὁρᾷς
2913 3145 3107 3207 αὐτοὺς
3162 3144 3667 3221 ἐπικαρτεροῦντατ,
3718 3146 3811 3200 καὶ

2159 3239 2231 3309 τῇ
2257 3235 2555 3312 πολιορκίᾳ
2583 3233 2960 3308 ἐπιμένοντας,
3017 3233 3109 3289 καὶ
3163 3232 3289 3295 τοὺς
3339 3229 3483 3288 ἔνδον
3536 3252 3813 3309 στενοχω-

2158 3321 2479 3401 ρουμένους,
2514 3321 2631 3378 δέον
2686 3324 2779 3378 καὶ
2834 3324 2969 3398 πρὸς
3018 3320 3467 3394 νυκτοπολέμους
3523 3319 3807 3393 δημοσίως

2160 3420 2437 3489 χωρῆσαι,
2488 3411 2711 3482 πεζικὸν
2771 3412 3131 3488 συναγηοχὼς
3187 3410 3497 3485 στράτευμα
3550 3412 3664 3484 ἅμα
3716 3410 3811 3464 ἰπ-

2156 3507 2363 3557 πεῦσιν·
2401 3503 2470 3558 ’Ὀ
2529 3501 2881 3576 ἁρμοζόντως
2936 3500 3071 3555 κατά
3127 3501 3224 3568 τήν
3282 3503 3379 3554 τοῦ
3434 3498 3607 3555 τόπου
3660 3498 3808 3563 θέσιν

2155 3591 2372 3652 τούτοις
2425 3589 2839 3663 συνταξάμενος,
2890 3588 2984 3645 τὸν
3031 3588 3084 3644 ἐν
3144 3589 3295 3644 νυκτὶ
3338 3588 3584 3661 πολεμον
3632 3608 3816 3664 παρα⁹

2159 3680 2436 3742 σκευάσεις
2518 3678 2784 3755 γενέσθαι,
2862 3678 3041 3741 καθὼς
3106 3678 3454 3753 παρακατιὼν
3511 3678 3636 3752 περὶ
3707 3698 3804 3731 νυ-

2155 3767 2508 3841 κτοπολέμου
2541 3765 2803 3838 δηλώσω.
2837 3766 2942 3824 Καὶ
2970 3764 3151 3839 τούτῳ
3197 3770 3277 3838 τῷ
3324 3767 3515 3842 τρόπῳ
3556 3786 3811 3841 καταγω-

2156 3857 2274 3931 νίσῃ
2331 3855 2547 3926 αὐτοὺς,
2641 3856 2731 3911 καὶ
2814 3855 3132 3931 ἀναγκάσεις
3210 3856 3309 3924 τὴν
3393 3858 3493 3909 τοῦ
3573 3855 3810 3929 κάστρου

2155 3944 2484 4021 πολιορκίαν
2517 3943 2720 4000 λιπεῖν.
2755 3943 2821 4002 Et
2872 3942 2929 3999 δέ
2972 3965 3058 4007 τις
3115 3942 3263 3999 αῗτία
3315 3944 3407 3999 τὸν
3466 3945 3567 4012 τῆς
3618 3944 3809 4006 νυκτὸς

2155 4035 2404 4109 πόλεμον
2462 4032 2797 4108 διακωλύσῃ,
2856 4032 2946 4089 καί
3005 4035 3056 4088 οἱ
3114 4028 3267 4090 ἔνδον
3345 4032 3813 4108 πολιορκούμενοι

2159 4122 2355 4186 ἐνδεεῖς
2385 4123 2523 4179 λαοῦ
2552 4127 2651 4177 τοῦ
2681 4122 3011 4197 βοηθοῦντός
3066 4123 3193 4194 εἶσι,
3244 4127 3462 4198 τροφῶν
3516 4120 3574 4178 δὲ
3620 4123 3812 4177 σπάνιν

2158 4215 2259 4270 ούκ
2287 4212 2501 4289 ἔχουσι,
2556 4209 2763 4283 δυνήσᾳ
2816 4212 2909 4266 καὶ
2973 4210 3168 4286 έτέρων
3222 4209 3431 4288 ἀνδρῶν
3488 4213 3809 4287 προσθήκην

2157 4303 2465 4379 ἐπαγαγεῖν,
2506 4299 2688 4375 ὥσπερ
2745 4299 2839 4355 καὶ
2896 4303 3127 4378 τροφῆς,
3185 4299 3239 4356 εἷ’
3284 4322 3345 4377 γε
3404 4298 3624 4371 ἐνδεεῖς,
3685 4300 3810 4372 εἶεν,

2154 4392 2346 4467 τρόπῳ
2382 4387 2602 4462 τοιῷδε·
2638 4392 2723 4462 [Ρ.
2760 4390 2887 4457 460]
2919 4390 3240 4465 Συναγαγὼν
3299 4389 3439 4444 ἅπαν
3485 4389 3549 4445 τὸ
3596 4388 3700 4444 ὑπὸ
3747 4389 3807 4443 σὲ

2159 4482 2463 4556 στράτευμα
2491 4476 2582 4533 καὶ
2640 4474 2774 4553 διχῆ
2838 4476 3033 4540 αὐτοὺς
3093 4475 3310 4547 διελὼν,
3344 4478 3396 4533 οἱ
3439 4478 3536 4551 μὲν
3591 4477 3811 4551 ἡμίσεις

402 4609 573 4649 versa
602 4590 810 4647 eadem
867 4588 1038 4650 hora,
1090 4599 1207 4652 qua
1256 4575 1629 4635 frumentarii
1682 4572 1925 4645 prOpius
1977 4569 2048 4625 ad

2154 4569 2361 4626 τούτων
2390 4563 2808 4622 ἀναλαϐέτωσαν
2842 4572 3027 4631 καθεῖς
3060 4566 3163 4622 ἀνά
3202 4568 3354 4622 σίτου
3408 4564 3639 4641 μοδίους
3692 4566 3813 4621 τέσ-

404 4683 689 4757 Oppidum
719 4674 1015 4735 accessuri
1048 4672 1370 4739 sunt,circa
1397 4665 1657 4722 mediam
1688 4666 1925 4717 noctem
1956 4676 2048 4715 re-

404 4754 583 4846 pente
615 4770 769 4827 248
814 4782 949 4823 cum
996 4764 1251 4819 clamore
1305 4757 1700 4825 tubarumque
1762 4754 2052 4806 concentu

409 4876 651 4933 appare,
685 4858 852 4929 quasi
877 4854 1128 4928 jamjam
1158 4848 1430 4921 praalium
1462 4843 1911 4900 commissurus.
1946 4840 2050 4904 Ita,

411 4950 555 5005 dum
580 4949 779 5001 hostes
801 4945 873 5000 ad
888 4941 1332 4999 dimicationem
1354 4936 1633 4991 adversus
1650 4938 1707 4987 te
1730 4947 1791 4986 se
1816 4933 2049 5001 parant,

414 5039 640 5109 tibique
663 5035 894 5089 obviam
917 5034 1260 5105 prOperant,
1292 5026 1394 5098 qui
1413 5025 1780 5080 frumentum
1823 5022 2055 5092 gestant

406 5126 756 5183 facultatem
786 5122 944 5179 nacti
977 5119 1036 5174 id
1067 5116 1474 5189 importabunt
1519 5113 1582 5167 in
1640 5110 1946 5183 oppidum,
1996 5112 2055 5162 et

412 5215 743 5274 incolumes
765 5213 1151 5268 revertentur.
1170 5203 1478 5277 Ejusmodi
1499 5204 1835 5257 commento
1851 5203 1907 5254 et
1918 5213 2055 5270 pro-

412 5309 809 5380 pugnatorum
833 5298 1328 5361 additamentum,
1360 5296 1420 5348 et
1439 5295 1827 5358 commeatus,
1860 5288 1907 5345 si
1930 5304 2054 5343 am-

2159 4679 2322 4736 σαρας
2362 4656 2438 4718 εἷς
2484 4654 2578 4719 οὕς
2635 4655 2976 4731 ἐποχοῦνται
3030 4654 3258 4719 ’ίππουςο
3308 4657 3566 4732 παρέχων
3628 4655 3813 4717 αὐτοῖς

2157 4747 2544 4816 καὶεύζώνους
2604 4746 2821 4819 ἑτέρους
2879 4746 3091 4813 ἱππεῖς,
3152 4744 3323 4819 μηδὲν
3384 4745 3811 4823 ἐπιφερομένους

2158 4836 2303 4905 πλὴν
2333 4836 2403 4892 τά
2431 4833 2576 4890 ὅπλα
2627 4835 2829 4902 αὐτῶν,
2878 4834 2971 4889 καὶ
3023 4836 3161 4910 πρὸς
3221 4835 3393 4909 μόνην
3432 4835 3605 4891 αὐτῶν
3648 4832 3817 4913 φυλα-

2159 4927 2259 4995 κὴν
2294 4927 2447 4981 εἶναι.
2483 4923 2557 4978 Σὺ
2591 4920 2647 4978 δὲ
2681 4924 2817 4996 μετά
2861 4927 2959 4979 τοῦ
2992 4922 3193 4979 λοιποῦ
3246 4926 3508 5000 μαχίμου
3558 4923 3813 5000 στρατεύ-

2165 5036 2333 5091 ματος
2373 5013 2424 5069 ἐν
2485 5013 2653 5088 ἑτέρῳ
2712 5013 2862 5089 μέρει
2920 5012 3057 5068 κατὰ
3110 5015 3210 5084 τὴν
3271 5013 3442 5089 ὥραν,
3496 5012 3564 5084 ἤν
3619 5014 3671 5068 οἱ
3727 5014 3818 5068 τὸν

2162 5110 2307 5160 σῖτον
2357 5102 2744 5181 ἐπιφερόμενοι
2796 5099 3035 5173 πλησίον
3088 5106 3186 5159 τοῦ
3242 5103 3479 5178 κάστρου
3545 5100 3817 5178 μέλλουσι

2159 5193 2425 5270 γενέσθαι,
2468 5193 2592 5268 περὶ
2655 5192 2825 5265 μέσην
2883 5191 3051 5248 νύκτα
3109 5192 3323 5268 ἀθρόως
3386 5192 3521 5267 μετὰ
3571 5197 3816 5269 κραυγῆς

2160 5282 2251 5340 καὶ
2283 5281 2606 5357 σαλπίγγων
2639 5282 2867 5357 φάνηθι,
2897 5281 2972 5345 ὡς
3017 5278 3127 5354 ἤδη
3186 5280 3528 5357 πολεμήσων
3590 5279 3812 5344 αὐτούς.

1618 5482 1681 5538 C.
1722 5483 1787 5539 Β.
1828 5482 2019 5538 HASII
2054 5477 2611 5539 ANNOTATIONES.

483 5666 529 5703 si
559 5659 845 5737 κυκλόθιν]
872 5651 1152 5713 κύκλωθεν
1185 5648 1315 5708 cod.
1391 5646 1441 5683 ³⁸
1467 5642 1867 5717 διατιθεμένου.
1904 5640 1997 5700 Sic
2026 5641 2197 5699 codd.
