4152 6312
388 374 511 435 997

383 510 506 567 Τῶν
540 503 600 560 δὶ
656 502 794 578 πρὸς
852 498 946 555 τὸν
1007 498 1098 553 σὸν
1155 493 1402 568 πὸλεμον
1463 485 2046 578 παρασκευαζομένων,

381 595 476 652 καὶ
507 596 608 664 τήν
642 573 826 668 ὁρμήν
856 589 991 664 πρὸς
1023 587 1082 642 σὶ
1135 584 1503 658 ποιουμένων,
1559 578 1738 638 ἄδειαν
1797 573 2049 668 εὑρόντες

1667 347 2088 418 VELITATIO
2127 342 2482 408 BELLICA.

3684 351 3805 412 998

2156 480 2369 536 borum
2399 479 2603 551 inopia
2631 484 2740 549 est,
2766 479 3272 551 subministrabis,
3304 482 3676 556 salutemque
3707 486 3806 543 ob-

2161 569 2309 625 sessi
2340 571 2654 642 accipient.

388 687 441 741 o't
466 655 744 741 τὸν-σῖτον
771 655 1183 753 ἐπιφερόμενοι,
1215 655 1613 746 ἀποκομίσουσί
1660 688 1719 723 τε
1777 664 1933 720 αὐτὸν
1993 661 2044 716 ἐν
2101 663 2183 731 τῷ
2237 659 2473 732 κάστρῳ,
2526 658 2617 712 καὶ
2674 655 2876 768 ἀσινεῖς
2933 658 3100 769 πάλιν
3143 661 3495 769 ’νοστήσουσμ
3537 663 3662 769 ’Καὶ
3719 662 3810 769 διὰ

385 781 490 845 τῆς
549 771 810 840 τοιαύτης
869 748 1124 842 μηχανῆς
1180 763 1270 820 καὶ
1324 759 1532 836 ἀνδρῶν
1593 753 1860 825 ἐπιϐολὴν
1911 753 2001 808 καὶ
2054 754 2263 823 τροφῆς
2323 749 2616 822 παράσχῃς
2673 748 2886 818 αὐτοῖς,
2961 748 3076 824 εἷ’γε
3132 750 3456 827 ἀμφοτέρων
3533 751 3585 807 ἐν
3643 753 3806 830 χρείᾳ

388 863 517 934 εἶσὶ,
549 860 640 916 καὶ
672 856 946 932 σωτηρίας
980 857 1031 910 οἱ
1061 850 1530 929 πολιορκούμενοι
1559 849 1827 923 τύχωσιν.

391 983 553 1038 ΚΕΦ.
614 976 764 1057 ΚΒ.
801 972 933 1057 Περὶ
992 968 1408 1057 διαχωρισμοῦ,
1465 964 1787 1057 λαοῦητῶν
1859 957 2048 1033 ἡμίσει

2170 956 2286 1008 JAP.
2319 951 2489 1009 XXII.
2524 955 2601 1009 De
2628 959 2978 1025 separatione
3007 957 3261 1057 dimidiae,
3280 959 3365 1012 vel
3412 961 3579 1016 etiam
3627 965 3810 1020 tertiae

2570 1029 2750 1057 ωηικθέο
2781 1030 3059 1057 ηιυνςίιηιηιν...
3137 1032 3238 1057 Αριιέ
3264 1034 3378 1057 ξυμ.

667 1036 979 1118 πολεμίων,
1009 1042 1044 1112 ἢ
1081 1036 1296 1096 fatim?)
1320 1039 1506 1114 τρίτου
1539 1036 1760 1112 μέρους.

462 1165 528 1222 Εἰ
560 1162 617 1220 δὲ
659 1164 735 1236 μὴ
793 1163 930 1230 πρὸς
989 1157 1316 1234 πολιορκίαν
1375 1155 1611 1230 κάστρου
1669 1150 2046 1226 εὐτρεπίζοντο

391 1255 444 1309 οἱ
474 1251 762 1326 πολέμιοι,
795 1249 944 1306 ἀλλά
999 1247 1134 1323 μετά
1186 1244 1410 1315 πολλῆς
1463 1244 1553 1299 καὶ
1599 1241 1835 1320 σφοδρᾶς
1883 1240 2047 1297 δυνά-

398 1363 544 1417 μεως
590 1342 684 1403 τάς
744 1337 1015 1413 ἡμετέρας
1072 1338 1262 1412 χώρας
1321 1334 1724 1410 περινοστοῦσι,
1785 1333 1896 1406 χρή
1955 1333 2046 1386 τὸν

395 1434 809 1508 στρατηγοῦντα
885 1431 995 1482 τῶν
1048 1421 1374 1498 Ῥωμαϊκῶν
1432 1421 1711 1496 δυνάμεων
1769 1420 2050 1494 ἐπιμελῶς

395 1519 527 1582 τοὺς
554 1517 828 1596 γεωργοὺς
866 1517 990 1588 ἢτοι
1047 1514 1176 1579 τοὺς
1229 1513 1338 1570 τῶν
1396 1512 1619 1589 χωρίων
1674 1509 1905 1575 πολίτας
1958 1510 2051 1564 καὶ

395 1609 465 1665 τὰ
519 1607 696 1663 αὐτῶν
753 1606 963 1661 ἅπαντα
1018 1602 1520 1677 παρακελεύσασθαί
1606 1621 1665 1656 τε
1737 1599 1826 1655 καὶ
1875 1620 2052 1674 παρα-

397 1698 777 1766 σκευάσασθαι,
809 1695 859 1748 ἐν
893 1693 1146 1768 κάπροις
1203 1693 1291 1747 καὶ
1349 1691 1578 1766 ὀχυροῖς
1613 1689 1804 1752 τόποις
1851 1687 2049 1744 διασώ-

401 1789 615 1855 σασθαι,
645 1783 776 1846 τοὺς
806 1781 864 1839 δὲ
892 1787 1001 1838 τῶν
1040 1781 1325 1855 πολεμίων
1372 1781 1510 1856 πρὸς
1558 1777 1704 1835 λείαν
1760 1777 2049 1854 ἐξερχομέ-

396 1897 526 1940 νους
555 1875 628 1937 ὠς
668 1878 949 1948 νουνεχεῖς
994 1873 1084 1927 καὶ
1142 1869 1448 1945 ἀγρύπνους
1501 1867 1907 1944 τραυματίζεινο
1961 1865 2052 1922 ’ίνα

2565 1029 2750 1096 partis
2779 1030 3062 1097 copiarum
3093 1029 3401 1086 hostilium.

2227 1140 2285 1195 Si
2313 1156 2447 1195 vero
2480 1157 2600 1196 non
2633 1142 2707 1197 ad
2739 1143 3112 1200 obsidionem
3143 1145 3346 1217 oppidi
3371 1163 3432 1202 se
3454 1153 3814 1206 convertunt

2158 1229 2490 1300 hostes,sed
2511 1247 2646 1286 cum
2669 1249 2882 1304 magno
2903 1250 2971 1290 ac
2991 1235 3222 1291 valente
3251 1238 3511 1292 exercitu
3535 1239 3807 1311 regiones

2158 1326 2551 1391 pervagantur
2582 1327 2836 1393 nostras,
2893 1323 3070 1380 debet
3125 1326 3444 1397 diligenter
3499 1329 3807 1400 copiarum

2160 1410 2561 1465 Romanarum
2595 1411 2711 1467 dux
2735 1413 3045 1484 agricolas,
3079 1415 3190 1470 hoc
3211 1421 3319 1484 est,
3352 1416 3588 1472 vicanos
3617 1418 3812 1473 homi—

2159 1519 2288 1569 nes,
2314 1519 2639 1574 eorumque
2671 1503 2942 1560 fortunas
2973 1522 3182 1562 omnes
3215 1508 3498 1564 mandare
3531 1515 3590 1564 et
3636 1509 3810 1565 insti-

2159 1597 2348 1658 tuere,
2381 1593 2442 1646 in
2473 1593 2691 1664 Oppida
2719 1594 3067 1666 munitaque
3098 1595 3229 1651 loca
3248 1597 3333 1651 uti
3365 1614 3427 1652 se
3452 1598 3808 1669 subducant,

2159 1681 2541 1753 hostiumque
2576 1683 2677 1752 qui
2710 1683 2830 1738 sint
2856 1684 3164 1755 praedandi
3194 1702 3373 1741 causa
3401 1688 3642 1759 egressi,
3666 1705 3808 1760 pru-

2161 1770 2363 1825 dentia
2389 1770 2813 1842 vigilantiaque
2833 1772 3100 1828 adhibita
3125 1773 3418 1830 afﬂictent
3445 1793 3456 1830 :
3481 1782 3548 1831 ut
3571 1777 3804 1850 longius

2160 1857 2232 1912 ab
2249 1857 2510 1913 exercitu
2531 1858 2838 1915 discedere
2850 1866 3026 1931 atque
3050 1867 3448 1920 commeatum
3472 1872 3808 1938 comporta-

407 1921 524 1940 "'"
557 1921 627 1937 ’ν’
678 1921 948 1948 ’νττνᾱνν
996 1921 1083 1927 ""‘
1145 1921 1340 1945 "Ir""
1364 1921 1446 1932 τί*
1762 1921 1829 1937 νν-
2027 1921 2048 1922 η

402 1965 510 2018 εἷεν
551 1959 855 2022 δεδοικότες
882 1959 1073 2035 πόρῥω
1122 1962 1220 2012 τοῦ
1280 1955 1681 2031 στρατεύματος
1739 1954 1915 2010 αὐτῶν
1974 1953 2054 2026 ἐξ.

2170 1964 2226 2002 re
2257 1947 2679 2003 reformident:
2717 1948 2970 2020 ideoque
3001 1967 3064 2005 re
3121 1951 3513 2009 frumentaria
3561 1961 3809 2028 anguste

405 2050 674 2121 ελαύνειν,
703 2049 796 2106 καὶ
849 2050 1056 2127 τροφὰς
1119 2046 1548 2120 ἐπικομίζεσθαι·
1607 2045 1885 2100 κάντεῦθεν
1940 2064 2059 2098 στε-

406 2139 657 2218 νοχωρίᾳ
684 2143 904 2216 τροφῶν
956 2138 1410 2212 συσχεθήσονται,
1469 2135 1647 2204 Πλὴν,
1698 2134 1774 2196 ὡς
1830 2130 2059 2210 ἔφημεν,

409 2228 628 2300 πλῆθος
656 2228 796 2284 λαοῦ
831 2223 1051 2304 ἔχοντες
1079 2227 1284 2302 ἑτέραν
1325 2223 1462 2286 ’ίσως
1511 2221 1738 2296 μέθοδον
1801 2221 2058 2296 μετελεύ-

409 2339 617 2375 σονται.
652 2317 1093 2394 Διαχωρίζοντες
1122 2314 1288 2370 ἐνίοτε
1325 2313 1452 2376 τοὺς
1502 2313 1722 2386 ἡμίσεις
1777 2315 1873 2366 τοῦ
1922 2309 2060 2364 λαοῦ

408 2411 612 2482 αὐτῶν,
640 2407 678 2481 ἤ
707 2410 797 2465 καὶ
850 2410 914 2465 τὸ
969 2407 1352 2483 τριτημόριον,
1405 2403 1768 2460 ἀποστελοῦσι
1798 2404 1845 2439 ⁸³
1868 2401 2059 2478 πύρῥω

407 2499 628 2576 ἡμέρας
675 2496 809 2553 ὀδοῦ
866 2495 1225 2569 διάστημα,ἢ
1255 2495 1346 2550 καὶ
1404 2495 1652 2550 ἐπέκεινα
1703 2492 1909 2567 ἀπέχον
1962 2494 2060 2544 τοῦ

409 2590 698 2666 φωσσάτου
728 2587 903 2642 αὐτῶν
938 2586 992 2642 ἐν
1025 2585 1258 2661 χωρίοις
1312 2583 1474 2653 τισίν,
1524 2581 1576 2638 ἐν
1631 2584 1715 2644 οἷς
1773 2578 2058 2649 ἐλπίζουσι

407 2677 664 2741 πλείονας
726 2674 964 2737 δαπάνας
1022 2675 1284 2750 ἐωευρεῖν.
1373 2672 1478 2729 Καὶ
1545 2671 1745 2748 ἀνάγκη
1831 2668 2058 2731 τούτους

413 2766 501 2822 ἐπὶ
534 2764 683 2822 δυσὶν
729 2763 985 2842 ῆμέραις,
1017 2761 1053 2833 ἤ
1085 2763 1176 2818 καὶ
1232 2761 1429 2837 τρισὶν,
1488 2755 1588 2833 ἔξω
1629 2763 1727 2814 τοῦ
1775 2755 2059 2835 φωσσάτου

403 2855 579 2911 αὐτῶν
641 2853 866 2931 διάγειν.
926 2856 1097 2908 Τοῦτο
1147 2856 1273 2926 γοῦν
1333 2849 1635 2923 πυθόμενος
1690 2849 1781 2902 καὶ
1837 2848 2058 2917 νοήσας,

408 2946 454 2999 ὦ
485 2944 771 3020 στρατηγὶ,
805 2939 924 2998 δέον
954 2943 1074 2998 κατ’
1118 2941 1296 2996 αὐτῶν
1353 2937 1655 3013 ἐνεδρεῦσαι
1715 2937 1850 3010 μετά
1897 2934 2062 2991 λελο-

406 3035 671 3110 γισμένης
713 3029 1072 3106 διασκάψεως,
1130 3031 1218 3084 καὶ
1278 3027 1516 3099 πλησίον
1572 3027 1749 3082 αὐτῶν
1809 3026 1861 3080 ἐν
1911 3025 2059 3079 νυκτὶ

404 3123 668 3198 γενέσθαι,
745 3122 836 3177 καὶ
908 3120 1076 3176 τόπον
1159 3116 1466 3188 ἐπιτήδειον
1553 3114 1938 3192 ἐφευρίσκοντα
1995 3116 2060 3170 τὸ

404 3209 548 3267 ἳδιον
581 3213 889 3285 στράτευμα
919 3210 1251 3283 ἀποκρῦψαι.
1298 3211 1383 3279 [Ρ.
1436 3212 1559 3280 161]
1605 3206 1755 3263 Ἐπεὶ
1817 3207 1908 3285 οὗν
1958 3205 2057 3260 οὐκ

2163 2041 2427 2091 utentur.
2461 2037 2518 2091 Si
2548 2042 2770 2105 autem,
2827 2044 2895 2094 ut
2954 2038 3229 2110 diximus,
3291 2059 3536 2115 magnas
3589 2045 3812 2102 habent

2164 2125 2388 2196 copias,
2444 2124 2693 2181 fortasse
2751 2126 2932 2182 aliam
2987 2130 3282 2185 rationem
3348 2132 3588 2187 inibunt
3643 2133 3808 2189 belli.

2167 2213 2460 2268 Divisione
2489 2214 2664 2282 facta,
2697 2215 3006 2272 dimidiam
3036 2218 3128 2273 vel
3159 2219 3337 2275 etiam
3385 2222 3620 2278 tertiam
3675 2239 3810 2295 par-

2167 2307 2286 2357 tem
2320 2304 2611 2358 exercitus
2658 2304 2990 2362 emittente
3021 2309 3233 2363 castris
3279 2310 3392 2364 iter
3438 2311 3616 2366 unius
3667 2313 3809 2381 diei,

2168 2397 2271 2446 aut
2299 2391 2556 2464 longius,
2588 2393 2650 2447 in
2705 2394 2863 2450 vicos
2916 2395 3018 2450 ubi
3062 2403 3304 2469 sperant
3345 2400 3698 2471 ampliorem
3747 2419 3811 2459 se

2165 2495 2567 2547 commeatum
2598 2493 2964 2551 inventuros.
2999 2497 3115 2552 Hos
3145 2514 3252 2568 per
3280 2497 3528 2555 biduum
3560 2505 3662 2556 aut
3709 2500 3810 2556 tri-

2165 2577 2350 2632 duum
2379 2594 2415 2633 a
2443 2580 2653 2635 castris
2683 2579 2890 2636 abesse
2921 2583 3073 2638 249
3119 2600 3363 2640 necesse
3417 2591 3525 2642 est.
3579 2588 3704 2652 Qua
3749 2604 3814 2644 re

2165 2668 2402 2740 cognita
2430 2684 2497 2723 ac
2527 2677 2860 2742 perspecta,
2893 2671 3094 2742 debes,
3128 2691 3162 2729 ο
3194 2673 3333 2743 dux,
3366 2693 3502 2732 cum
3532 2677 3811 2748 prudenti

2165 2757 2519 2828 cogitatione
2547 2758 2794 2814 insidias
2814 2760 2933 2815 illis
2953 2761 3170 2831 facere,
3194 2769 3254 2819 et
3281 2765 3607 2821 exercitum
3636 2771 3810 2822 nocte

2165 2845 2409 2918 propius
2439 2846 2743 2902 admotum
2774 2848 2904 2904 loco
2935 2849 3173 2922 idoneo,
3197 2853 3244 2908 si
3276 2854 3598 2924 inveneris,
3619 2855 3814 2911 occul-

2165 2939 2309 2990 tare.
2343 2936 2894 2994 Frumentatoribus
2923 2956 3045 2995 non
3082 2942 3144 2996 in
3192 2941 3341 2998 duos
3393 2947 3581 2998 tresve
3629 2945 3811 3014 vicos,

2165 3022 2269 3078 sed
2295 3025 2357 3078 in
2386 3024 2586 3094 plures
2619 3024 2884 3097 dilapsis,
2919 3029 2968 3083 si
2999 3029 3304 3100 probabile
3329 3037 3437 3101 est,
3467 3033 3808 3102 stationem,

2165 3128 2345 3183 quam
2365 3111 2589 3168 fulcum
2611 3120 2840 3185 vocant,
2873 3117 2948 3178 ad
2981 3119 3260 3175 tutandos
3290 3137 3392 3175 eos
3411 3127 3626 3192 prasto
3661 3139 3815 3194 esse,

2165 3206 2398 3272 oportet
2421 3207 2585 3258 tuam
2616 3220 2859 3260 manum
2891 3205 3161 3278 bipartiri
3189 3227 3205 3279 ;
3236 3225 3380 3266 cura
3419 3210 3706 3279 adhibita,
3739 3229 3813 3268 ne

405 3302 486 3365 εἰς
517 3299 613 3356 δύο
639 3278 729 3356 καὶ
758 3278 884 3376 τρία
913 3278 1118 3376 χωρία,
1147 3278 1316 3354 ἀλλά
1358 3297 1447 3351 καὶ
1499 3278 1577 3361 είς
1621 3296 1851 3352 πλείονα
1874 3278 1886 3287 ο
1906 3296 2055 3371 ἔρευ-

2170 3300 2640 3358 animadvertare
2671 3303 3088 3376 dignoscareve
3248 3308 3520 3364 hostibus
3567 3278 3816 3367 latibula

408 3395 671 3462 νήσοντες
701 3390 905 3468 τροφὰς
958 3386 1455 3461 διασκορπίζονται,
1507 3385 1656 3450 εἷλὸς
1703 3384 1761 3440 δὲ
1811 3385 1921 3441 ἐστι
1969 3385 2060 3441 καὶ

406 3480 470 3535 τὸ
503 3478 798 3557 λεγόμενον
849 3477 1088 3557 φοῦλκον
1147 3476 1224 3542 εἷς
1261 3475 1508 3554 φυλακὴν
1567 3474 1741 3530 αὐτῶν
1786 3473 2058 3530 ’ίστασθαιο

410 3567 495 3624 δεῖ
544 3569 607 3623 τὸ
668 3568 772 3623 ὑτὸ
821 3569 880 3622 σε
933 3566 1238 3642 στράτευμα
1296 3563 1432 3640 διχῆ
1484 3561 1706 3636 διελεῖν,
1766 3565 2058 3639 ἀσφάλειαν

406 3661 764 3733 ποιούμενος,
814 3659 890 3731 μή
941 3655 1260 3734 φωρᾶθῆναι
1293 3652 1329 3724 ἥ
1365 3652 1767 3728 διαγνωσθῆναί
1815 3675 1872 3708 σε
1916 3655 2064 3730 παρά

404 3753 516 3804 τῶν
547 3747 954 3825 ἀνερευνώντων
981 3742 1279 3818 πολεμίων
1311 3741 1438 3804 τοὺς
1471 3743 1699 3817 λόχους,
1735 3740 1828 3796 ’ίνα
1861 3745 1937 3816 μὴ
1975 3745 2064 3798 ὑπ’

409 3839 587 3894 αὐτῶν
651 3835 865 3910 μᾶλλον
932 3831 1271 3908 ἐνεδρεύθῇςο
1347 3837 1675 3907 καρτερῆσαι
1762 3828 1820 3886 δὶ
1875 3831 1928 3886 ἐν
1986 3836 2065 3904 τῷ

408 3927 751 4004 ἐγχρύμματι
783 3923 913 4000 ἄχρι
962 3920 1250 3992 ἑνδεκάτης
1307 3915 1451 3996 ὥρας
1507 3927 1604 3990 τῆς
1661 3919 1894 3994 ἡμέρας,
1951 3919 2062 3993 ἤδη

409 4021 507 4072 τοῦ
538 4015 704 4086 ἡλίου
733 4015 872 4090 πρὸς
905 4011 1053 4068 δύσιν
1089 4011 1262 4076 ὄντος.
1297 4010 1400 4068 Καὶ
1431 4009 1477 4064 εί
1507 4011 1602 4084 μὲν
1659 4009 2060 4087 ὑποστρέψειεν,

412 4107 487 4168 ὡς
510 4103 632 4166 ἔθος
663 4103 798 4175 ἐστὶ,
827 4103 890 4158 τὸ
922 4100 1163 4180 φοῦλκον
1210 4100 1262 4156 ἐν
1322 4102 1406 4163 οἷς
1463 4098 1696 4175 χωρίοις
1751 4097 2065 4168 αὐλίζονται

412 4196 464 4251 οἱ
497 4195 704 4269 δταῖροι
735 4191 935 4262 αύτῶν,
970 4191 1022 4246 ἐν
1068 4195 1185 4253 τοῖς
1251 4190 1488 4264 μήκοθεν
1549 4187 1780 4264 χωρίοις
1838 4189 2068 4244 ἀποστε-

411 4283 530 4347 λεῖς
559 4283 654 4346 οὕς
695 4281 998 4359 ἔμπροσθεν
1055 4278 1406 4356 διεχώρισας,
1464 4275 1682 4344 ὄπισθεν
1744 4277 1919 4334 αὐτῶν
1973 4278 2065 4334 ἐπ-

411 4374 755 4440 ακολουθῶν,
785 4371 876 4427 καὶ
909 4371 968 4426 ἐκ
996 4374 1095 4424 τοῦ
1126 4369 1390 4444 σύνεγγυς
1420 4368 1605 4431 αὐτοῖς
1665 4369 2065 4445 παρεπόμενος.

410 4463 513 4519 Καὶ
546 4464 620 4526 ὡς
652 4463 711 4517 ἄν
743 4464 778 4532 ἠ
809 4465 907 4516 τοῦ
937 4460 1104 4515 τόπον
1139 4453 1282 4521 θέσις
1316 4455 1528 4529 δίδωσι,
1571 4457 1745 4533 λάθρα
1792 4459 1882 4512 καὶ
1933 4456 2068 4513 ἅνου

411 4555 653 4629 κραυγῆς
689 4548 852 4624 ὀξέως
901 4548 1274 4625 πορευόμενος
1323 4547 1639 4622 ἀπόκρυφον
1697 4549 1909 4621 ἑαυτὸν,
1959 4546 2068 4611 ἓως

2171 3391 2595 3462 scrutantibus,
2630 3398 2811 3465 tuque
2837 3396 3035 3467 potius
3065 3397 3138 3452 ab
3164 3397 3286 3453 illis
3306 3399 3770 3456 circumveniare
3800 3417 3814 3456 :

2170 3486 2437 3551 perstare
2467 3488 2665 3538 autem
2696 3484 2757 3540 in
2786 3484 3035 3542 latibulo
3067 3503 3255 3558 usque
3315 3489 3390 3545 ad
3435 3489 3814 3546 undecimam

2173 3568 2292 3624 diei
2319 3569 2550 3640 horam,
2583 3573 2708 3627 sole
2731 3574 2860 3646 jam
2892 3575 2967 3630 ad
2997 3591 3272 3633 occasum
3304 3585 3598 3651 vergente.
3647 3582 3815 3647 Tum,

2173 3658 2412 3730 quando
2445 3660 2641 3728 statio,
2667 3666 2736 3716 ut
2765 3663 2917 3718 solet
2945 3663 3094 3732 ﬁeri,
3149 3682 3210 3720 se
3261 3667 3528 3738 recipere
3577 3669 3822 3740 cmperit

2173 3745 2248 3801 ad
2278 3746 2456 3817 vicos,
2489 3748 2552 3802 in
2583 3749 2799 3819 quibus
2830 3752 2974 3806 socii
3024 3768 3229 3808 eorum
3279 3756 3702 3823 consederunt,
3747 3757 3822 3812 ad

2174 3835 2332 3890 vicos
2362 3836 2499 3892 illos
2529 3839 2879 3896 remotiores
2909 3842 3204 3912 praemitte
3237 3844 3478 3916 milites,
3510 3862 3658 3917 quos
3685 3851 3823 3903 ante

2175 3925 2470 3998 selegisti:
2503 3928 2630 4000 ipse
2661 3935 2868 4001 postea
2896 3949 3084 4000 move,
3119 3951 3189 3988 ex
3218 3936 3552 4008 propinquo
3612 3936 3824 3995 subse-

2177 4031 2385 4086 quens.
2418 4018 2498 4072 Ac
2528 4019 2775 4089 perinde
2800 4025 2866 4075 ut
2896 4038 2958 4077 se
2989 4028 3204 4080 natura
3232 4024 3346 4080 loci
3369 4024 3619 4094 dederit,
3643 4026 3820 4096 clam,

2177 4109 2236 4158 et
2265 4104 2523 4174 silentio,
2558 4112 2617 4162 et
2645 4114 2922 4166 contente
2977 4111 3290 4168 ambulans
3344 4114 3494 4170 abde
3524 4119 3603 4185 te,
3634 4114 3826 4172 donec

2176 4195 2444 4264 proxime
2475 4195 2549 4251 ad
2579 4197 2737 4253 vicos
2766 4201 3110 4257 accesseris.
3144 4207 3261 4258 Aut
3289 4203 3339 4259 si
3377 4203 3629 4260 facultas
3658 4205 3827 4262 nulla

2179 4287 2268 4338 est
2297 4285 2636 4342 occultandi
2659 4289 2833 4360 juxta
2861 4291 3051 4347 rivum
3100 4309 3347 4348 manum
3396 4299 3581 4360 tuam,
3630 4311 3826 4367 neque

2179 4372 2385 4429 abesse
2415 4379 2767 4448 potestquin
2790 4380 2853 4434 in
2871 4386 3258 4453 conspectum
3277 4382 3469 4450 cadat,
3496 4389 3635 4440 tunc
3657 4384 3826 4456 equis

2178 4463 2394 4518 acriter
2423 4466 2618 4521 citatis
2649 4483 2683 4522 a
2711 4471 3038 4539 praemissis
3068 4472 3477 4544 antesignanis
3509 4473 3571 4527 in
3599 4473 3826 4543 hostes,

2179 4555 2280 4625 qui
2311 4555 2468 4611 intra
2496 4557 2653 4613 vicos
2683 4565 2840 4628 sunt,
2876 4561 2979 4616 fiat
3008 4561 3338 4632 impressio.
3365 4564 3524 4629 Quos
3540 4563 3588 4617 si
3621 4562 3694 4618 de
3720 4563 3828 4619 im-

418 4644 480 4699 οὗ
512 4642 739 4718 ἔγγιστα
768 4642 898 4716 γένῃ
951 4642 1058 4695 τῶν
1119 4637 1367 4714 χωρίων.
1420 4639 1547 4694 Ὀτε
1603 4635 1660 4692 δὲ
1719 4637 1780 4691 ού
1840 4636 2059 4693 δυνατόν

2173 4645 2406 4714 proviso
2439 4646 2882 4718 aggrediuntur,
2917 4647 3358 4706 obtruncabunt
3378 4650 3825 4723 multos,quos-

409 4732 551 4789 ἐστιν
609 4729 1049 4805 ἀποκρύπτεσθαι
1139 4727 1243 4782 ὑπὸ
1296 4731 1395 4781 τοῦ
1445 4725 1644 4802 ῥύακος
1695 4727 1786 4782 τὸν
1849 4728 1952 4782 ὑπὸ
2007 4729 2066 4783 σε

409 4820 567 4891 λαὸν,
601 4818 728 4875 ἄλλ’
777 4817 981 4894 ἀνάγκη
1047 4816 1123 4878 εἷς
1180 4816 1407 4893 φανερὸν
1469 4816 1731 4888 γενέσθαιο
1787 4816 1911 4871 τότε
1970 4816 2062 4871 σὺν

411 4909 643 4980 ἱππασίᾳ
681 4911 899 4982 νεανικῇ
930 4908 1066 4962 κατά
1103 4910 1210 4960 τῶν
1266 4904 1344 4968 εἷς
1383 4904 1451 4958 τά
1494 4905 1678 4978 χωρία
1735 4899 1906 4960 ὄντων
1964 4927 2066 4961 που

414 4997 626 5072 λεμίων
656 5000 692 5068 ἡ
727 4997 875 5073 ὁρμὴ
925 4997 1074 5070 παρά
1125 4999 1232 5049 τῶν
1285 4989 1589 5068 ἔμπροσθεν
1645 4992 2064 5049 ἀποσταλευτων

412 5089 668 5164 γενέσθω.
702 5086 806 5143 Καὶ
839 5082 1124 5155 ἀδοκήτως
1150 5083 1368 5144 τούτοις
1419 5081 1728 5154 ἐπιθέμενοι
1774 5083 1864 5136 καὶ
1913 5083 2068 5138 ἀναι-

414 5181 641 5254 ρήσουσι
672 5172 944 5245 πολλοὺς,
983 5173 1134 5236 τινὰς
1194 5170 1252 5227 δὲ
1306 5171 1395 5227 καὶ
1453 5176 1657 5240 ζῶντας
1712 5168 2064 5246 ἀνδραπόδων

413 5267 569 5343 λόγῳ
595 5267 964 5340 κατάσχωσιν.
999 5262 1068 5320 Εἴ
1098 5261 1158 5317 δὲ
1183 5261 1273 5316 καὶ
1325 5260 1389 5316 τὸ
1444 5258 1684 5334 φοῦλκον
1728 5261 1790 5315 τὸ
1838 5259 1915 5324 εἷς
1965 5283 2068 5340 φυ-

412 5356 585 5425 λακήν
620 5354 793 5410 αὐτῶν
838 5352 1029 5424 ἔξωθεν
1087 5355 1193 5406 τῶν
1256 5349 1478 5427 χωρίων
1536 5346 1614 5404 ἔτι
1658 5347 1898 5422 ἵσταται,
1953 5352 2067 5406 κατ’

2176 4732 2313 4788 dam
2346 4734 2525 4788 etiam
2557 4736 2713 4790 vivos
2739 4736 3089 4792 abstrahent
3134 4739 3195 4794 in
3239 4739 3603 4796 servitutem.
3659 4741 3819 4806 Quod

2175 4821 2224 4875 si
2253 4821 2428 4876 statio
2460 4823 2534 4877 ad
2558 4825 2836 4879 tutandos
2861 4823 2996 4880 illos
3021 4825 3306 4897 disposita
3327 4828 3638 4884 etiamtum
3662 4835 3827 4887 extra

2174 4910 2334 4964 vicos
2364 4913 2501 4983 agit,
2525 4913 2690 4984 prius
2715 4914 2776 4968 in
2799 4915 2963 4970 illam
2995 4917 3152 4972 circa
3172 4935 3448 4976 occasum
3471 4921 3632 4979 250
3657 4923 3822 4991 solis,

2176 5000 2681 5070 quemadmodum
2711 5003 3135 5076 demonstravi,
3169 5008 3477 5079 prwmissa
3497 5016 3690 5068 turma
3710 5013 3822 5068 im-

2175 5094 2380 5160 petum
2408 5089 2602 5146 faciat.
2639 5093 2866 5150 Deinde
2899 5099 2959 5150 tu
2991 5112 3226 5169 quoque
3248 5099 3671 5173 antesignanos
3689 5107 3822 5157 tuos

2177 5195 2211 5232 a
2242 5183 2402 5250 tergo
2435 5179 2780 5252 insequens,
2813 5189 2881 5239 ut
2911 5186 3028 5240 eris
3058 5187 3132 5241 ad
3157 5188 3429 5259 praelium
3452 5193 3828 5247 committen-

2178 5267 2317 5321 dum
2351 5268 2695 5340 instructus,
2727 5273 2932 5329 invade
2961 5275 3115 5346 illos,
3150 5281 3207 5332 et
3237 5278 3451 5334 Christi
3505 5282 3693 5353 gratia
3723 5297 3824 5337 eos

2178 5356 2526 5414 debellabis.
2569 5361 2649 5416 Ac
2681 5362 2728 5416 si
2760 5362 3023 5422 hostium
3053 5365 3255 5435 duces,
3287 5369 3389 5440 qui
3421 5369 3502 5425 ibi
3533 5374 3822 5442 praesunt,

1618 5543 1680 5600 C.
1722 5544 1784 5601 Β.
1826 5543 2018 5601 HASII
2055 5538 2620 5609 ANNOTATIONES.

482 5677 530 5714 ⁸³
561 5673 944 5747 ἀποστελοῦσι]
974 5671 1309 5730 ἀποτελοῦσι
1337 5671 1467 5730 cod.
