4146 6302
475 312 595 377 999

1791 309 2221 377 NICEPHORI
2267 310 2549 374 PHOCE

3747 320 3887 383 1000

478 446 636 519 quod
650 446 940 503 militibus
961 447 1288 516 abundant,
1313 447 1444 504 ideo
1466 447 1822 504 conﬁrmare
1845 461 1973 500 sese
1996 460 2082 515 po:

2193 441 2406 514 L«$106
2434 446 2653 520 πρῶτον
2709 445 2811 513 τήν
2865 445 3046 519 ὁρμὴν
3114 444 3438 502 ποιείτωσαν
3505 449 3638 521 περὶ
3698 445 3886 524 δυσμὰς

479 543 640 605 sunt,
673 537 1074 611 damnumque
1104 540 1391 594 resarcire
1439 543 1733 593 conantur
1782 553 1980 604 suum,
2039 540 2082 590 ta

2235 531 2428 606 ἡλίου,
2459 533 2536 595 ὡς
2566 529 2666 612 ἔφη
2718 534 2789 602 ⁸⁸,
2847 535 2900 588 οἱ
2958 530 3263 613 ἔμπροσθεν
3317 537 3744 602 ἀποπαΑέντες.
3803 544 3884 596 Καὶ

477 628 651 682 metsi
685 627 742 682 id
775 627 1017 700 quidem
1075 628 1204 684 fieri
1263 644 1471 700 parum
1523 632 1738 699 potest,
1789 631 1988 680 tamen
2041 624 2124 679 sic

2239 626 2335 676 σοῦ
2367 623 2584 678 ὄπισθεν
2616 623 2997 698 παρεπομένου
3059 627 3197 698 μετά
3252 625 3380 690 τοὺς
3436 630 3885 704 προηγουμένους

475 733 712 788 quoque
743 722 914 772 nocte
947 722 1272 788 occupante
1304 717 1455 772 nihil
1487 716 1712 772 adversi
1757 715 2008 770 eveniet.
2041 713 2082 768 lt

2233 733 2350 782 σου,
2410 713 2547 787 πρὸς
2605 711 2852 786 πόλεμον
2908 710 3208 788 συμϐαλεῖν
3290 719 3754 792 συντεταγμένος,
3807 721 3882 774 καὶ

475 805 523 860 si
555 807 764 878 egeris,
784 804 1306 860 etadmirabuntur
1323 812 1379 859 et
1403 804 1878 859 formidabuntte
1897 803 2120 866 hostes,

472 910 667 965 neque
715 895 956 966 impune
987 893 1294 949 audebunt
1323 911 1392 950 ex
1439 894 1648 950 castris
1679 891 1874 966 egredi
1903 909 1914 945 :
1962 890 2118 946 unde

470 999 714 1038 necesse
746 988 835 1037 est
865 999 986 1050 eos,
1020 989 1358 1040 commeatu
1387 983 1722 1050 destitutos,
1751 982 1826 1037 ad
1847 981 2119 1054 pr0prios

467 1074 679 1128 reverti
712 1075 884 1129 fines.

2229 800 2391 862 αὐτὸς
2421 802 2687 876 ὁρμήσεις
2719 804 2836 857 κατ’
2867 801 3066 871 αὐτῶν,
3114 803 3205 858 καὶ
3261 807 3624 882 καταγωνίσῃ
3672 807 3883 871 τούτους

2227 893 2294 964 τῇ
2325 893 2422 945 τοῦ
2451 891 2688 966 Χριστοῦ
2720 895 2931 966 χάριτι.
2981 892 3051 951 Εἴ
3103 890 3161 948 δέ
3217 914 3276 968 γε
3329 895 3381 948 οἱ
3424 899 3544 949 τῶν
3609 895 3880 970 πολεμίων

2229 979 2492 1055 ἀρχηγοὶ,
2526 979 2578 1033 oi
2627 977 2799 1034 ἐκεῖσε
2851 979 3019 1052 δντες,
3072 980 3290 1051 πολλὴν
3349 977 3586 1058 ἔχοντες
3647 982 3881 1058 δύναμιν,

2229 1075 2490 1138 συσκῆναι
2552 1065 2844 1139 δυνηθῶσι,
2903 1070 2992 1125 καί
3058 1072 3158 1139 τὴν
3217 1071 3382 1140 ἧτταν
3449 1071 3876 1129 ἀνακαλέσασθαι

462 1160 857 1236 ἀγωνίσωνται,
914 1162 1046 1236 ὅπερ
1102 1158 1362 1216 ἀδύνατόν
1421 1161 1552 1232 ἐστι,
1608 1169 1707 1231 τῆς
1769 1160 1960 1222 νυκτὸς
2019 1156 2130 1229 ἤδη
2212 1152 2730 1230 ἐπιλαμϐανομένης
2778 1155 2930 1214 οὐδὲν
2991 1155 3325 1232 συμϐήσεταί
3388 1181 3478 1216 σοι
3564 1167 3678 1218 τῶν
3735 1162 3877 1218 ἐναν-

458 1250 611 1308 τίων.
643 1249 830 1313 Οὕτως
870 1250 1048 1305 τοίνυν
1082 1255 1375 1313 ποιοῦντος
1425 1255 1550 1320 σοῦ,
1606 1251 1696 1306 καὶ
1756 1249 2125 1322 θαυμάσονοαι
2181 1246 2272 1302 καὶ
2321 1246 2730 1318 πτοηθήσονταί
2787 1269 2884 1303 σου
2942 1249 2994 1304 οἱ
3044 1247 3332 1324 πολέμιοι,
3386 1251 3480 1305 καὶ
3545 1253 3655 1307 οὐκ
3709 1251 3869 1315 ἀδεῶς

461 1339 826 1418 Θαρῥήσουσιν
882 1339 1192 1416 ἐξέρχεσθαι
1247 1345 1344 1396 τοῦ
1404 1341 1690 1418 φωσσάτου
1747 1339 1946 1395 αὐτῶνθ
2007 1337 2295 1392 κάντεῦθεν
2366 1335 2576 1412 ἀνάγκη
2633 1333 2862 1402 τούτους
2941 1341 3160 1412 τροφῶν
3243 1339 3663 1416 ὑστερημένους
3748 1343 3871 1416 πρὸς

455 1430 555 1500 τὴν
590 1428 730 1484 ἰδίαν
759 1427 1158 1500 παλινοστῆσαι
1193 1431 1400 1505 χώραν.

457 1549 592 1607 CAP.
632 1548 833 1610 XXIII.
897 1553 974 1605 De
1028 1548 1265 1605 discessu
1319 1550 1575 1618 hostium,
1630 1555 1680 1606 ει
1739 1547 2108 1606 claustrorum

1089 1624 1468 1687 occupatione.

523 1735 579 1790 Si
614 1750 676 1789 se
703 1735 999 1806 recipiunt
1029 1735 1248 1806 bostes,
1280 1737 1356 1793 ad
1389 1755 1649 1810 suosque
1691 1739 1842 1794 ﬁnes
1894 1753 2098 1809 perve-
2137 1726 2182 1789 Β

453 1824 583 1880 nire
612 1831 952 1896 properant,
989 1831 1222 1898 oportet
1253 1832 1307 1883 te
1340 1827 1672 1900 peditatum
1721 1829 1794 1884 ad
1842 1828 2102 1884 claustra

453 1915 835 1986 prmmittere,
869 1920 927 1970 et
955 1915 1098 1984 vias,
1123 1933 1230 1988 per
1259 1933 1407 1988 quas
1437 1918 1744 1974 transituri
1795 1923 1954 1985 sunt,
2000 1935 2099 1973 oc-

453 2019 690 2075 cupare.
714 2006 827 2060 Per
853 2020 1031 2076 quam
1052 2005 1232 2078 igitur
1253 2007 1403 2062 viam
1442 2008 1556 2063 iter
1583 2007 1777 2062 facere
1809 2007 1869 2062 in
1899 2008 2098 2062 animo

451 2092 732 2164 habeant,
764 2110 799 2150 a
828 2094 1102 2151 claustris
1129 2095 1470 2152 Seleucenis
1501 2097 1691 2167 iisque
1714 2098 1775 2151 in
1799 2097 2101 2168 provincia

449 2183 914 2251 Anatolicorum,
949 2201 1067 2256 qua
1095 2186 1268 2240 Tauri
1291 2185 1436 2257 juga
1465 2185 1756 2251 Ciliciam,
1789 2185 2094 2258 Cappado-

445 2280 622 2348 ciam,
655 2281 994 2352 Lycandum
1025 2282 1447 2339 disterminant
1478 2301 1491 2340 :
1525 2283 1598 2339 ad
1631 2285 1776 2350 hac,
1812 2300 1928 2354 qua
1957 2285 2094 2338 Ger-

442 2368 996 2436 manicim,Adatm,
1055 2370 1399 2442 regionibus
1458 2371 1674 2426 Caisun
1731 2376 1788 2425 et
1843 2371 2092 2437 Dautha,

439 2457 755 2527 Melitenaa,
787 2465 847 2514 et
873 2459 1136 2516 Caludiis
1171 2461 1527 2516 imminent:
1571 2462 1714 2516 item
1762 2477 1880 2532 qua
1927 2467 2093 2518 trans

437 2546 663 2602 ﬂumen
688 2548 1048 2619 Euphratem
1071 2566 1276 2621 agrum
1303 2550 1563 2606 Chanziti
1595 2555 1866 2606 vocatum
1889 2556 1948 2606 et
1972 2557 2090 2607 ter-

434 2652 565 2692 ram
595 2637 884 2693 hosticam
916 2639 1372 2711 Romanopolim
1395 2641 1540 2698 251
1571 2656 1760 2711 usque
1779 2647 2086 2712 separant:

433 2726 496 2781 in
529 2727 804 2782 omnibus
830 2727 924 2783 his
956 2729 1299 2800 provinciis,
1334 2746 1692 2802 quacunque
1737 2730 1830 2787 via
1883 2731 1945 2786 in
1992 2747 2089 2787 re-

433 2815 562 2871 ditu
593 2816 706 2871 iter
731 2816 805 2871 ad
838 2817 987 2872 fines
1022 2835 1160 2873 suos
1188 2819 1384 2874 facere
1407 2819 1936 2885 constituerint,ibi
1957 2821 2085 2876 sine

429 2905 555 2962 ulla
603 2906 972 2964 dubitatione
1023 2913 1259 2963 matura
1307 2908 1755 2964 dimicationem
1806 2909 2084 2980 expedire

429 2997 712 3053 adversus
737 2998 895 3066 illos,
918 2999 1164 3072 juvante
1197 3001 1335 3067 Deo,
1371 3001 1620 3072 ejusque
1669 3001 1856 3072 gratia
1901 3001 2081 3055 victo-

422 3086 572 3142 riam
603 3088 956 3159 reportabis.
993 3091 1075 3143 Ac
1103 3088 1152 3142 si
1185 3089 1422 3162 longius
1442 3105 1620 3160 quam
1643 3093 1898 3160 quatuor
1911 3105 2078 3145 man-

425 3175 625 3230 siones
656 3176 775 3230 sive
828 3181 1023 3230 castra
1078 3175 1242 3243 abes,
1297 3179 1683 3249 cognostique
1731 3177 1905 3245 viam,
1963 3194 2081 3249 qua

423 3261 625 3318 hostes
657 3263 1061 3329 discesserint,
1096 3267 1390 3334 convenit,
1421 3271 1499 3334 te,
1550 3267 1732 3320 totius
1785 3266 2078 3321 exercitus

422 3352 659 3417 ducem,
690 3369 906 3425 magna
927 3352 1232 3409 celeritate
1254 3355 1522 3410 adhibita
1543 3354 1678 3411 illos
1703 3359 2074 3426 praevertere,

421 3449 481 3500 et
509 3444 583 3500 ad
612 3444 966 3516 peditatum,
992 3446 1122 3517 jam
1154 3446 1229 3502 ad
1283 3447 1543 3502 claustra
1590 3447 1989 3518 praamissum,
2018 3451 2076 3502 te

417 3532 730 3590 conferre:
764 3534 1106 3606 relinquere
1164 3541 1363 3592 autem
1413 3553 1484 3592 ex
1534 3536 1768 3592 caateris
1823 3535 2074 3591 ducibus

414 3624 1000 3694 praestantissimum,
1032 3626 1135 3697 qui
1169 3626 1305 3682 illos
1337 3626 1706 3698 insequatur,
1739 3642 1812 3681 ne
1846 3641 1877 3680 e
1907 3631 2069 3698 tergo

409 3711 728 3769 latrocinia
759 3715 1264 3787 excursionesque
1292 3715 1531 3772 faciant.
1570 3717 1623 3771 Is
1645 3715 1864 3771 habere
1895 3715 2071 3770 debet

411 3818 616 3858 secum
646 3803 913 3875 reliquas
941 3810 1252 3876 equestres
1279 3806 1500 3878 copias,
1536 3805 1784 3876 imperio
1817 3821 1923 3860 suo
1961 3820 2068 3876 pa-

410 3897 634 3958 rentes,
667 3909 888 3963 easque
919 3894 1004 3948 sic
1053 3893 1294 3963 ducere,
1327 3900 1411 3962 ut,
1450 3895 1689 3966 quando
1746 3893 2067 3950 adversarii

412 3979 530 4034 duo
562 3981 800 4036 circiter
829 3987 1025 4037 castra
1054 3997 1090 4036 a
1117 3983 1395 4038 claustris
1451 3984 1726 4048 aberunt,
1776 3984 1902 4054 ipse
1933 4000 2065 4039 cum

411 4069 690 4124 omnibus
721 4070 908 4140 copiis
941 4075 1224 4138 transeat,
1253 4071 1312 4125 in
1349 4088 1604 4144 eumque
1627 4071 1824 4127 locum
1847 4089 1909 4127 se
1932 4089 2067 4128 con-

404 4157 579 4226 ferat,
611 4158 715 4216 ubi
760 4158 1033 4230 praalium
1078 4161 1361 4216 adversus
1409 4161 1547 4216 illos
1596 4161 1933 4216 instruitur.
1988 4163 2064 4218 Te

405 4249 628 4310 autem,
662 4251 978 4317 postquam
1010 4247 1084 4302 ad
1138 4247 1398 4304 claustra
1443 4249 1696 4315 veneris,
1747 4255 1948 4304 coacto
2000 4249 2061 4305 in

405 4351 593 4391 unum
624 4335 822 4391 locum
861 4336 1148 4407 peditatu,
1202 4354 1441 4409 operam
1503 4339 1643 4394 dare
1693 4343 1946 4410 oportet,
1995 4343 2062 4394 ut

2217 1544 2302 1616 [P.
2341 1545 2462 1620 16?]
2496 1549 2664 1620 ΚΕΦ.
2699 1544 2822 1620 ΚΓ.
2866 1543 2994 1618 Περὶ
3038 1551 3147 1620 τῆς.
3198 1546 3559 1620 ὑποστροφῆς
3619 1552 3729 1602 τῶν
3781 1569 3873 1602 πο-

2403 1613 2634 1688 λεμίων,
2665 1616 2754 1670 καὶ
2785 1622 2884 1686 τῆς
2915 1613 3295 1693 κατασχέσεως
3321 1613 3688 1694 κλεισούρας.

2284 1733 2753 1812 Ὑποστρεφόντων
2786 1731 2844 1790 δὶ
2897 1739 3005 1790 τῶν
3064 1733 3352 1809 πολεμίων
3418 1738 3518 1793 καὶ
3573 1739 3678 1807 τήν
3741 1736 3868 1793 tam

2216 1821 2586 1898 ἐπειγομένων
2639 1822 3080 1898 καταλήψασθαι,
3141 1822 3260 1880 δέον
3299 1827 3394 1888 τὰς
3439 1829 3674 1898 πεζικὰς
3723 1825 3868 1883 δυνά-

2216 1932 2333 1984 μεις
2391 1915 2529 1988 πρὸς
2586 1913 2683 1976 τὰς
2731 1910 3057 1988 κλεισούρας
3119 1916 3585 1990 προαποστεῖλαι,
3640 1918 3727 1972 καὶ
3783 1915 3870 1980 τάς

2211 1997 2394 2071 ὁδοὺς,
2427 1998 2497 2056 δι’
2526 2003 2588 2064 ἅς
2623 1999 2890 2076 μέλλουσι
2937 1999 3189 2074 διελθεῖν,
3247 2010 3576 2080 κατασχεῖν.
3631 2007 3711 2060 Δι’
3761 2003 3870 2067 οἵας

2208 2091 2312 2166 γὰρ
2345 2090 2476 2148 ὁδοῦ
2508 2091 2741 2149 διελθεῖν
2777 2093 3146 2169 βουληθῶσιν,
3178 2093 3285 2150 ἀπό
3332 2115 3392 2149 τε
3438 2100 3556 2150 τῶν
3589 2095 3642 2150 ὲν
3681 2095 3866 2151 Σελευ-

2206 2181 2326 2253 κείᾳ
2353 2181 2688 2257 κλεισουρῶν
2721 2181 2810 2236 καὶ
2867 2186 2966 2237 τοῦ
3021 2186 3130 2237 τῶν
3179 2182 3555 2240 Ἀνατολικῶν
3618 2183 3859 2258 θέματος,

2207 2271 2344 2334 καθά
2372 2270 2439 2325 τὰ
2494 2271 2738 2346 Ταυρικᾶ
2793 2265 2895 2345 ὅρη
2954 2272 3054 2341 τήν
3115 2291 3174 2327 τε
3231 2272 3481 2330 Κιλικίαν
3546 2272 3858 2350 διορίζουσι,

2207 2357 2592 2416 Καππαδοκίαν
2660 2381 2718 2416 τε
2772 2361 2862 2416 καὶ
2917 2357 3216 2415 Λυκανδόνο
3277 2363 3413 2435 πρὸς
3512 2363 3738 2426 τούτοις
3806 2360 3860 2418 δὲ

2200 2449 2288 2502 καὶ
2346 2449 2414 2504 τὰ
2469 2449 2841 2525 παρακείμενα
2895 2449 3282 2525 Γερμανίκειάν
3377 2472 3440 2507 τε
3529 2454 3623 2508 καὶ
3708 2449 3858 2510 Ἀδα-

2199 2544 2294 2593 τᾶν
2335 2539 2384 2574 ⁸⁵
2409 2540 2543 2611 (23),
2573 2538 2756 2593 καὶτὸ
2788 2543 3041 2610 Καησοῦν
3088 2540 3178 2594 καὶ
3233 2543 3331 2596 τοῦ
3389 2544 3633 2612 Δαουθᾶ,
3694 2540 3854 2598 Μελι-

2198 2629 2368 2699 τήνην
2396 2648 2455 2682 τε
2483 2628 2670 2683 καὶτά
2698 2624 2996 2683 Καλούδια·
3038 2628 3130 2683 καὶ
3179 2629 3248 2684 τά
3303 2630 3536 2706 πέραθεν
3597 2635 3695 2686 τοῦ
3747 2629 3850 2684 Εὐ-

2201 2719 2406 2794 φράτου
2461 2720 2714 2790 ποταμοῦ
2799 2713 3110 2791 διορίζοντα
3193 2721 3292 2789 τήν
3351 2739 3408 2773 τε
3465 2723 3570 2775 τοῦ
3628 2723 3847 2787 Χανζῆτι

2198 2807 2506 2884 λεγομένην
2541 2809 2729 2881 χώραν
2756 2806 2846 2862 καὶ
2877 2807 2976 2875 τὴν
3024 2807 3296 2881 πολεμίαν
3356 2810 3492 2885 ἄχρι
3551 2810 3850 2882 Ῥωμανου-

2195 2893 2432 2956 πόλεως’
2466 2894 2526 2949 ἐκ
2555 2894 2709 2956 ὅλοις
2747 2899 2864 2956 τοῖς
2918 2895 3196 2958 τοιούτοις
3235 2897 3455 2969 θέμασι,
3506 2893 3582 2952 δι’
3639 2897 3757 2958 οἳας
3794 2892 3846 2949 ἄν

2195 2982 2323 3041 ὁδοῦ
2355 2985 2782 3060 ὑποστρέφοντες
2817 2981 3054 3048 διελθεῖν
3086 2985 3226 3060 πρὸς
3271 2987 3370 3056 τήν
3434 2984 3581 3042 ἰδίαν
3636 2987 3842 3062 βουλη-

2191 3076 2380 3142 θῶσιν,
2429 3069 2766 3137 ἀδιστάκτως
2819 3076 2886 3147 τῇ
2941 3077 3044 3129 τοῦ
3093 3078 3227 3130 Θεοῦ
3289 3077 3524 3150 βοηθείᾳ
3587 3076 3680 3132 τὸν
3737 3073 3843 3128 κατ’

2190 3164 2365 3220 αὐτῶν
2406 3163 2694 3240 ἐπείχθητι
2727 3161 3030 3220 διαθέθσθαι
3072 3163 3340 3239 πόλεμον,
3393 3168 3484 3222 καὶ
3537 3169 3639 3238 τὴν
3685 3168 3838 3221 νικῶ-

2187 3275 2280 3310 σαν
2315 3255 2564 3330 εὑρήσεις
2593 3257 2664 3328 τῇ
2695 3253 2860 3310 αὐτοῦ
2889 3257 3100 3331 χάριτι.
3162 3257 3354 3313 Ἠνίκα
3395 3254 3454 3313 δὲ
3502 3258 3613 3336 πρὸ
3662 3258 3838 3310 τεσσά-

2184 3371 2294 3426 ρων
2324 3355 2579 3424 σταθμῶν
2610 3347 2734 3416 ἤτοι
2766 3348 3064 3422 ἀπλήκτων
3125 3350 3359 3428 ἐπιγνῷς
3401 3354 3506 3425 τήν
3577 3351 3726 3421 ὁδὸν,
3771 3347 3834 3404 δι’

2183 3439 2253 3509 ἧς
2285 3438 2550 3514 ὥρμησαν
2602 3439 2655 3494 οἱ
2711 3439 2998 3513 πολέμιοι,
3059 3439 3145 3496 σοὶ
3203 3441 3298 3514 μὶν
3358 3446 3439 3515 τῷ
3499 3446 3603 3498 τοῦ
3648 3439 3833 3498 παντὸς

2181 3527 2317 3585 λαοῦ
2346 3528 2578 3604 ἡγεμόνι
2618 3531 2778 3604 τάχει
2838 3528 3038 3603 πολλῷ
3093 3529 3398 3606 ἔμπροσθεν
3461 3532 3644 3588 αὐτῶν
3690 3527 3826 3605 γενέ-

2179 3628 2300 3682 σθαι
2347 3619 2636 3693 προσήκει,
2703 3616 2794 3672 καὶ
2850 3614 3180 3674 καταλαϐεῖν
3238 3621 3336 3682 τὰς
3393 3620 3620 3690 πεζικὰς
3677 3614 3828 3672 δυνά-

2182 3728 2324 3780 μεις,
2354 3706 2450 3769 τὰς
2482 3706 2536 3762 ἐν
2564 3711 2632 3781 τῇ
2691 3703 2986 3782 κλεισούρᾳ
3040 3706 3455 3772 ἀποσταλείσας·
3515 3707 3822 3765 καταλιπεῖν

2177 3793 2235 3852 δέ
2263 3796 2353 3852 τὸν
2396 3795 2680 3868 κρείττονα
2734 3799 2842 3851 τῶν
2905 3794 3116 3852 λοιπῶν
3178 3802 3523 3874 στρατηγῶν,
3583 3796 3715 3869 πρὸς
3766 3792 3823 3846 τὸ

2174 3882 2538 3962 παρατρέχειν
2567 3885 2772 3956 αὐτοῖς,
2805 3882 2896 3940 διὰ
2920 3885 2988 3941 τὰ
3041 3886 3260 3942 ὄπισθεν
3326 3891 3535 3962 κοῦρσα
3588 3885 3673 3941 καὶ
3721 3881 3810 3941 τὰς

2174 3972 2446 4049 ἐκδρομὰς
2476 3973 2674 4029 αὐτῶνθ
2714 3971 2862 4048 ἔχειν
2921 3971 2978 4029 δὲ
3038 3975 3153 4048 μεθ’
3203 3975 3395 4031 δαυτοῦ
3451 3977 3550 4033 καὶ
3604 3975 3665 4029 τὸ
3714 3971 3822 4026 λοιο

2172 4066 2275 4122 πὸν
2305 4065 2526 4120 ἱππικὸν
2559 4062 2888 4138 στράτευμα,
2919 4065 3244 4139 πειθόμενον
3301 4071 3381 4140 τῷ
3432 4063 3594 4144 λόγῳ
3643 4063 3811 4129 αὐτοῦ,

2168 4155 2259 4211 καὶ
2287 4152 2625 4230 διορίσασθαι
2657 4155 2813 4224 αὐτὸ,
2845 4154 2921 4217 ὡς
2965 4154 3132 4223 ἡνίκα
3188 4156 3241 4210 οἱ
3285 4153 3554 4229 πολέμιοι
3595 4154 3667 4216 ὡς
3712 4149 3806 4205 ἀπὸ

2169 4243 2266 4300 δύο
2296 4242 2591 4314 ἀπλήκτων
2623 4247 2694 4317 τῇ
2734 4241 3032 4320 κλεισούρᾳ
3081 4242 3456 4316 πλησιάσωσι,
3517 4244 3610 4301 καὶ
3661 4237 3809 4296 αὐτὸν

2170 4333 2305 4407 μετὰ
2333 4333 2532 4395 παντὸς
2568 4336 2666 4388 τοῦ
2723 4332 3125 4408 στρατεύματος
3183 4332 3440 4405 διελθεῖν,
3502 4334 3594 4392 καὶ
3649 4348 3802 4386 κατα·-

404 4430 696 4496 przeterea
725 4424 973 4482 alteram
1005 4425 1272 4498 peditum
1300 4427 1510 4495 aciem,
1542 4445 1720 4499 quam
1769 4428 2056 4499 plurimo-

2193 4417 2374 4494 .α6εῖν,
2406 4421 2457 4477 ἐν
2491 4422 2537 4494 ᾧ
2564 4421 2721 4494 τόπῳ
2778 4424 2806 4477 ὁ
2865 4425 2984 4478 κατ’
3043 4424 3222 4479 αὐτῶν
3291 4423 3597 4498 ἐξαρτύεται
3651 4416 3802 4476 πόλε-

404 4529 536 4569 rum
569 4515 783 4587 possis,
816 4531 1010 4588 cogas.
1046 4517 1161 4572 Hos
1212 4517 1495 4573 excitabis
1543 4517 1736 4572 verbis
1782 4516 2057 4585 fortibus,

401 4602 478 4658 ad
507 4605 782 4660 virtutem
843 4610 1023 4678 atque
1082 4605 1388 4662 audaciam
1447 4606 1626 4674 acies,
1686 4605 2056 4662 alacritatem

399 4710 629 4762 eorum,
663 4693 821 4766 quod
846 4695 1055 4767 optimi
1079 4695 1248 4751 ducis
1271 4701 1380 4764 est,
1406 4695 1693 4752 melliflua
1717 4696 2055 4751 hortatione

396 4784 704 4840 incendes.
740 4785 948 4841 Dices:
985 4807 1010 4838 α
1043 4786 1491 4842 Commilitones
1523 4786 1794 4850 Romani,
1831 4790 2056 4842 stemus

396 4872 696 4943 intrepide
729 4879 786 4929 et
817 4875 1110 4930 firmiter:
1171 4881 1396 4932 stemus
1445 4876 1696 4932 viriliter
1748 4881 1807 4932 et
1855 4875 2054 4932 animo

397 4976 632 5032 magno.
668 4961 1063 5020 Ostendamus
1117 4965 1387 5020 hostibus
1425 4965 1738 5022 brachium
1789 4969 1849 5021 et
1893 4965 2052 5032 vim;

395 5050 801 5119 ostendamus,
833 5053 994 5124 quod
1026 5054 1087 5108 in
1116 5053 1394 5111 fortiores
1426 5055 1716 5128 impetum
1772 5055 2045 5122 fecerint,

2173 4533 2294 4586 μος.
2339 4515 2448 4567 Σοῦ
2480 4508 2536 4566 δὶ
2585 4505 3102 4583 καταλαμϐάνοντος
3153 4512 3204 4568 ἂν
3253 4515 3325 4585 τῇ
3379 4511 3672 4587 κλεισούρᾳ
3720 4502 3800 4560 καὶ

2170 4603 2268 4666 τὰς
2296 4601 2522 4670 πεζικὰς
2568 4599 2745 4672 τάξεις
2796 4600 3112 4674 ἑνουμένου,
3171 4599 3290 4658 δέον
3349 4601 3670 4672 σπουδάσαι,
3721 4591 3802 4651 καὶ

2167 4691 2347 4766 ἕτερον
2412 4689 2649 4764 μάλιστα
2705 4689 2926 4760 πεζικὸν
2989 4691 3119 4745 λαὸν
3175 4689 3509 4766 ἐπισυνάξαι,
3571 4689 3688 4747 ὅσον
3742 4681 3795 4738 ἄν

2170 4779 2433 4854 δυνηθῇς·
2466 4780 2786 4856 παραινέσαι
2817 4800 2875 4836 τε
2923 4780 3110 4842 αὐτοῖς
3169 4780 3467 4858 παρῥησίᾳ,
3528 4780 3660 4856 πρὸς
3713 4773 3797 4827 ἀν·

2165 4869 2342 4947 δρείαν
2389 4867 2586 4931 αὐτοὺς
2645 4866 2954 4948 ὲπαλείφων
3012 4870 3104 4925 καὶ
3164 4868 3481 4945 εὐτολμίαν,
3530 4867 3792 4941 ἐποτρῦναι

2164 4955 2223 5014 δὶ
2249 4958 2431 5014 καὶτὸ
2474 4955 2756 5032 πρόθυμον
2811 4958 3013 5026 αὐτῶν,
3075 4959 3164 5013 οἷα
3216 4961 3516 5035 στρατηγὸς
3572 4955 3790 5031 ἄριστος,

2166 5047 2485 5125 μελισταγεῖ
2526 5047 2860 5125 παραινέσει,
2917 5071 2944 5104 α
2977 5045 3228 5126 Ἄνδρες,
3277 5049 3476 5126 λέγων,
3519 5045 3786 5120 Ῥωμαῖοι,

1607 5210 1669 5265 C.
1714 5211 1773 5266 Β.
1817 5209 2006 5266 HASII
2041 5204 2600 5266 ANNOTATIONES.

465 5347 512 5384 “
541 5347 616 5410 ὡς
647 5342 798 5425 ἔφην.
833 5347 966 5405 Vid.
1000 5363 1180 5422 supra
1207 5353 1330 5408 153.
1406 5352 1453 5388 ⁸⁸
1483 5348 1730 5412 Ἀδατᾶν.
1757 5353 1888 5410 Vid.
1921 5358 2113 5410 notas.

468 5494 581 5568 (23)
611 5495 883 5551 Fortasse
909 5511 983 5623 op

468 5567 619 5623 sidia
650 5583 831 5623 nrone
865 5568 934 5623 Se
965 5585 983 5623 ε

393 5567 619 5624 Pisidia
650 5583 831 5639 prape
865 5567 1215 5635 Seleuciam,
1248 5574 1448 5626 ortum
1477 5586 1698 5626 versus.
1754 5571 1828 5626 Le
1862 5570 2049 5635 Quien

394 5640 625 5698 Orient.
656 5639 872 5698 Christ.
901 5641 948 5699 Ι.
984 5643 1144 5698 1035.
1175 5641 1236 5700 Β.
1268 5642 1524 5699 Tametsi
1553 5643 1820 5715 inspecto
1877 5641 2047 5698 loco-

987 5495 1193 5570 pidum
1225 5496 1588 5564 Adadorum,
1617 5496 1686 5552 τὰ
1720 5494 1950 5564 Ἀδαδα,
1983 5499 2049 5554 in

2193 5512 2291 5570 um
2322 5495 2439 5570 situ
2468 5491 2868 5570 potiusdicas
2883 5508 3014 5570 esse
3040 5492 3141 5560 τὴν
3173 5487 3435 5570 ᾎδάνην,
3473 5489 3539 5570 -c_&
3573 5481 3779 5570 ᾍδαγξ.

2159 5564 2533 5624 notissimam
2573 5564 2796 5620 Ciliciae
2827 5565 3104 5623 Tracheae
3135 5565 3453 5635 civitatem,
3485 5564 3639 5621 Tarsi
3665 5567 3782 5610 vici-

2160 5656 2322 5710 nam,
2353 5637 2430 5697 ad
2458 5637 2668 5694 Sarum
2698 5635 2946 5696 ﬂumen.
