4146 6302
246 412 399 474 1001

1550 412 1973 474 VELlTATIO
2022 413 2374 476 BELLICA.

3507 421 3662 483 1009

238 547 454 616 στῶμεν
484 541 726 606 ἀκλινῶς
764 546 851 599 καὶ
911 543 1160 620 δδραίως·
1224 551 1434 620 στῶμεν
1487 547 1754 621 ανδρικῶς
1801 546 1884 601 καῖ

2007 549 2164 618 quod
2185 551 2561 605 constiterint
2585 551 2865 606 adversus
2895 551 3052 616 illos,
3077 553 3176 622 qui
3215 552 3441 608 illaturi
3465 556 3660 626 potius

237 632 489 704 γεναίως.
546 633 810 706 Δείξωμεν
896 633 1117 709 ἐχθροῖς
1196 635 1467 711 βραχίονα
1550 637 1638 691 καὶ
1706 635 1887 710 ἰσχύνο

239 719 524 794 δείξωμεν,
558 723 631 782 ὡς
690 724 826 794 πρὸς
883 723 1194 797 κρείσσονας
1253 727 1354 792 τήν
1414 727 1590 796 ὁρμὴν
1642 722 1892 799 ἔχουσιν,

235 813 326 883 [Ρ.
359 813 481 883 163]
517 811 588 872 ὡς
625 813 762 885 πρὸς
822 812 949 873 τοὺς
1000 811 1224 888 βάλλειν
1283 813 1493 886 μᾶλλον
1527 813 1561 883 ἢ
1599 812 1892 888 βάλλεσθαι

245 899 553 972 μέλλοντας
602 902 1052 975 παρατάττονται.
1118 904 1205 970 Μὴ
1257 903 1358 977 γὰρ
1399 902 1550 964 λίθος
1594 902 1750 980 φύσις
1799 901 1895 956 αύ-

240 994 382 1056 τοῖς,
415 986 450 1057 ἤ
486 988 720 1063 χαλκὸς,
751 990 824 1051 ὡς
862 991 936 1062 μὴ
987 990 1270 1065 τραύματα
1320 990 1595 1067 δέχεσθαι·
1650 993 1788 1064 μήτε
1837 991 1896 1045 ἐκ

242 1075 480 1149 σιδήρου
514 1079 575 1132 τὸ
610 1083 789 1150 σῶμα,
851 1079 925 1140 ὡς
985 1081 1060 1152 μὴ
1119 1085 1198 1149 τῷ
1255 1081 1410 1154 κόπῳ
1468 1079 1747 1134 ἐκλύεσθαι
1806 1081 1893 1134 καὶ

245 1167 576 1240 ἀποναρκᾷν.
617 1193 636 1218 ιι
685 1169 911 1241 Προσὲτι
970 1170 1184 1232 τούτοις
1246 1168 1610 1225 ὑποδεικνύων
1662 1170 1749 1224 καὶ
1797 1171 1897 1238 τὴν

237 1260 341 1310 τοῦ
385 1255 556 1310 τόπου
618 1254 958 1331 δυσχέρειαν,
1021 1257 1070 1312 ἐν
1103 1258 1148 1330 ᾧ
1184 1258 1449 1330 μέλλουσι
1506 1260 1642 1333 πρὸς
1710 1261 1898 1334 μάχην

235 1347 773 1420 παρασκευασθῆναι,
807 1347 896 1400 καὶ
931 1349 1062 1416 ὅσην
1105 1348 1290 1410 αὐτοῖς
1340 1348 1571 1424 παρέχει
1622 1350 1894 1424 βοήθειαν.

239 1434 394 1490 Μετά
427 1432 483 1488 δὲ
513 1434 574 1488 τὸ
631 1433 816 1496 καλῶς
869 1436 1067 1498 αὐτοὺς
1126 1439 1428 1512 παραθὴξαι
1477 1438 1564 1492 καὶ
1617 1437 1896 1513 διεγεῖραι,

234 1523 329 1577 καὶ
385 1523 832 1597 προθυμοτέρους
885 1525 975 1578 καὶ
1042 1524 1492 1602 εὐτολμωτέρους
1550 1527 1896 1602 ἐργάσασθαι,

234 1613 596 1682 καταστήσεις
655 1613 851 1674 αὐτοὺς
913 1613 963 1668 ἐν
1023 1615 1105 1676 οἷς
1158 1615 1350 1676 τόποις
1431 1616 1709 1693 ὀφείλουσι
1783 1622 1899 1678 τοῖς

235 1702 470 1778 ἐχθροῖς
506 1703 796 1778 μάχεσθαι.
833 1705 934 1761 Καὶ
989 1710 1206 1781 πρῶτον
1270 1708 1365 1779 μὶν
1423 1709 1491 1763 τὰ
1551 1708 1736 1780 ὑψηλά
1787 1713 1895 1763 τῶν

235 1793 408 1863 ὀρέων
439 1787 766 1846 καταλαϐεῖν
827 1790 968 1864 δέον,
1029 1795 1118 1848 καὶ
1167 1797 1338 1858 πασας
1394 1798 1489 1858 τὰς
1548 1794 1706 1859 ὁδοὺς
1763 1817 1894 1872 κρα-

1999 635 2122 689 sint
2142 637 2294 693 252
2327 639 2477 693 ictus
2510 656 2684 709 quam
2728 640 2982 711 passuri.
3043 642 3169 694 Non
3228 646 3316 695 est
3347 659 3416 696 ex
3451 642 3659 713 lapide

1998 730 2212 780 natura
2243 727 2505 794 illorum,
2539 734 2640 783 aut
2669 746 2738 784 ex
2792 747 2926 797 εει-θ,
2961 735 3026 783 ut
3075 730 3320 785 vulnera
3379 732 3649 802 accipere

1999 832 2118 870 non
2150 819 2419 886 possint:
2455 835 2649 888 neque
2684 835 2751 872 ex
2781 819 2936 872 ferro
2969 837 3202 891 corpus,
3242 826 3306 874 ut
3347 821 3651 877 laboribus

1998 922 2119 960 non
2151 906 2473 978 fragantur,
2515 923 2708 977 neque
2757 913 3003 979 torpeat.
3043 931 3070 956 »
3101 910 3318 964 Adhasc
3375 916 3648 965 monstra

1998 996 2118 1050 illis
2151 997 2438 1064 locorum,
2472 997 2570 1052 ubi
2594 997 2668 1051 ad
2697 999 2963 1068 praelium
2993 1000 3479 1066 ,adornabuntur,
3521 1002 3643 1056 dif-

2001 1085 2345 1151 ﬁcultatem,
2378 1091 2435 1140 et
2464 1091 2744 1155 quantam
2769 1086 2842 1140 iis
2868 1103 3038 1156 Opem
3073 1087 3265 1142 latura
3296 1089 3389 1142 sit.
3424 1091 3510 1143 Ita
3539 1088 3639 1143 ubi

1999 1174 2133 1227 illos
2165 1175 2346 1244 probe
2400 1175 2610 1229 acuisti
2663 1181 2837 1245 atque
2878 1177 3166 1241 excitasti,
3201 1179 3527 1248 paratiores
3587 1184 3648 1233 et

1999 1262 2376 1317 audentiores
2391 1263 2574 1318 factos
2598 1265 2923 1318 constitues
2945 1265 3006 1318 in
3026 1266 3239 1335 quibus
3259 1267 3402 1321 locis
3426 1267 3649 1321 debent

2000 1368 2131 1407 cum
2151 1352 2420 1406 hostibus
2434 1353 2773 1424 conﬂigere.
2818 1357 2898 1408 Ac
2932 1355 3122 1425 primo
3142 1356 3383 1426 quidem
3409 1357 3642 1428 fastigia

2001 1441 2293 1495 montium
2325 1458 2613 1512 occupare
2660 1459 2904 1497 necesse
2936 1450 3044 1505 est,
3079 1445 3411 1515 itineraque
3443 1447 3646 1500 omnia

1998 1529 2271 1584 obsidere
2293 1546 2359 1584 ac
2389 1531 2645 1587 ﬁrmare.
2674 1532 2915 1602 Equites
2943 1533 3242 1603 peditibus
3269 1535 3507 1589 admisti
3533 1535 3645 1590 sic-

2001 1619 2102 1673 ubi
2134 1619 2450 1691 confligere
2483 1627 2749 1690 possunt,
2793 1621 2900 1676 hos
2934 1639 3170 1692 quoque
3221 1623 3368 1678 locis
3416 1623 3649 1678 idoneis

2002 1708 2346 1762 constitues.
2405 1708 2592 1762 Debes
2653 1709 2908 1780 denique
2967 1710 3214 1781 singulis
3250 1712 3363 1765 tuis
3408 1712 3647 1767 aciebus

2003 1796 2182 1851 duces
2214 1796 2426 1867 probos
2457 1797 2780 1868 praeﬁcere,
2814 1804 3146 1870 caateraque
3191 1801 3393 1854 omnia
3442 1801 3646 1856 obser-

242 1889 410 1949 τῆσαι
441 1882 527 1936 καὶ
564 1880 980 1958 ἀσφαλίσασθαι.
1042 1885 1132 1940 Ἐν
1189 1887 1271 1946 οἷς
1328 1882 1384 1939 δὲ
1430 1885 1518 1940 καί
1577 1887 1761 1950 ἱππεῖς
1807 1885 1884 1962 ἐγ-

2002 1903 2136 1940 vare
2168 1891 2226 1939 et
2280 1885 2494 1953 facere,
2531 1904 2660 1956 quas
2693 1903 2727 1940 a
2757 1887 3049 1958 principio
3085 1890 3516 1954 commentarii,
3575 1891 3640 1944 in

243 1974 425 2045 χωρεῖ
483 1970 574 2024 σὺν
626 1975 742 2031 τοῖς
798 1975 982 2039 πεζοῖς
1038 1974 1331 2046 μάχεσθαι,
1387 1975 1740 2044 καταστήσεις
1796 1976 1886 2030 καὶ

235 2059 437 2119 αὐτοὺς
495 2057 548 2113 ἐν
611 2057 942 2128 ἐπιτηδείοις
997 2060 1207 2124 τόποις.
1297 2063 1382 2116 Ἐν
1438 2061 1630 2125 πάσαις
1679 2060 1735 2116 δέ
1792 2084 1887 2117 σου

229 2155 356 2210 ταῖς
389 2148 746 2221 παρατάξεσιν
807 2149 1092 2224 ἀρχηγοὺς
1149 2155 1257 2204 τῶν
1315 2152 1609 2226 χρησίμων
1661 2151 1886 2222 ἐπιστῆ-

225 2240 314 2292 σαί
350 2259 407 2292 σε
457 2235 561 2308 δεῖ,
611 2237 702 2292 καὶ
759 2236 942 2293 τᾶλλα
998 2237 1175 2294 πάντα
1232 2238 1461 2316 φυλάξαι
1519 2239 1610 2294 καὶ
1667 2243 1884 2315 πρᾶξαι,

229 2327 333 2381 ὅσα
368 2325 418 2380 ἐν
452 2327 604 2400 ἀρχῇ
633 2329 730 2380 τοῦ
761 2324 936 2400 λόγου
967 2328 1234 2401 περὶτοῦ,
1263 2332 1381 2390 πῶς
1420 2326 1504 2383 δεῖ
1548 2334 1664 2391 τοῖς
1719 2330 1883 2385 πολε-

243 2417 400 2488 μὶοις
456 2413 508 2469 ἐν
565 2419 685 2475 ταῖς
741 2411 1074 2489 δυσχωρίαις
1138 2415 1426 2492 μάχεσθαι,
1485 2417 1763 2490 ἐξεθὲμεθα
1817 2422 1881 2474 ⁸⁸.

241 2508 370 2561 Τῶν
413 2501 470 2558 δὲ
527 2501 812 2576 πολεμίων
869 2502 1122 2573 πλησίων
1183 2501 1736 2578 καταλαμϐανόντων,
1793 2509 1883 2562 καὶ

242 2593 583 2664 αἷσοομένων
634 2599 735 2661 τῆς
794 2594 939 2667 παρά
995 2598 1092 2647 σοῦ
1148 2597 1446 2669 γενομένης
1509 2594 1802 2672 ἀσφαλείας
1830 2597 1882 2650 ἐν

227 2687 298 2756 τῇ
330 2681 461 2752 ὁδῷ,
517 2682 606 2736 καὶ
667 2681 741 2743 ὡς
801 2683 1095 2756 ἀμήχανον
1156 2681 1391 2747 διελθεῖν
1448 2685 1670 2751 αὐτοὺς,
1731 2686 1880 2759 εἰπερ

231 2767 700 2843 παραϐολώτερον
755 2775 915 2824 τοῦτο
969 2772 1312 2844 τολμήσουσι
1372 2773 1588 2846 πρᾶξαι,
1646 2773 1744 2828 οὐκ
1793 2776 1879 2828 εὖ·

231 2862 425 2932 τυχῶς
483 2857 664 2921 αὐτοῖς
714 2860 775 2913 τὸ
836 2859 1136 2934 βούλευμα³
1224 2863 1648 2932 παραστήσεται.
1706 2861 1883 2918 Ἀλλά

236 2948 388 3021 παρὰ
415 2951 512 3001 τοῦ
543 2951 635 3001 σοῦ
668 2949 800 3002 λαοῦ
859 2946 1155 3022 δῃούμενοί
1191 2970 1249 3003 τε
1295 2950 1384 3004 καὶ
1431 2953 1878 3025 συμπνιγόμενοι,

236 3039 326 3092 καὶ
364 3035 586 3098 Ξποντες
613 3040 679 3092 τὰ
714 3043 857 3093 νῶτα
896 3037 1154 3110 δώσουσι,
1201 3039 1522 3102 σπεύδοντες
1575 3039 1646 3096 δι’
1698 3043 1880 3115 ἑτέρας

237 3124 371 3181 ὀδοῦ
428 3127 528 3195 τὴν
598 3124 736 3181 ἱδίαν
817 3131 1243 3202 κατακήψεσθαι.
1325 3130 1544 3186 Τούτων
1603 3131 1650 3186 δ’
1708 3131 1879 3194 οὕτως

235 3215 681 3293 ὑποστρεφόντων
741 3218 977 3290 ἀγεννῶς
1035 3219 1122 3274 καὶ
1183 3218 1460 3291 ἀκόσμως,
1494 3220 1521 3272 ὁ
1563 3221 1698 3283 λαός
1754 3243 1875 3291 σου,

227 3288 463 3367 τούτους
488 3288 799 3379 θεώμενος,
825 3306 960 3377 ὅσης
1019 3312 1192 3383 χαρᾶς
1250 3288 1340 3362 καῖ
1399 3307 1671 3382 θυμηδίας
1727 3288 1870 3382 πληζ
1910 3288 1952 3354 C

235 3397 551 3467 σθησονται,
587 3393 742 3470 λόγῳ
799 3404 1138 3470 παραστῆσαι
1196 3401 1358 3452 τοῦτο
1415 3396 1698 3453 ἀδύνατον.
1756 3403 1880 3457 Τῶν

239 3482 330 3537 οὖν
388 3481 699 3555 πολεμίων,
759 3482 833 3544 ὠς
889 3482 1166 3555 λέλεκται,
1229 3487 1699 3564 ὑποστρεφόντων,
1759 3489 1882 3543 τότε

231 3569 562 3642 καταδίωξον
616 3567 835 3634 ὄπισθεν
895 3572 1094 3638 αὐτῶν,
1163 3569 1468 3647 ἔμπροσθεν
1528 3573 1882 3631 ἀποστέλλων

237 3659 420 3720 ἱππεῖς
485 3660 620 3732 μετᾶ
674 3661 888 3734 ταχέων
947 3659 1146 3733 ψιλῶν
1208 3663 1295 3716 καὶ
1355 3663 1516 3725 αὐτὸς
1577 3661 1634 3717 δὲ
1691 3664 1880 3734 ὀξύτε-

233 3768 326 3822 ρον
387 3752 700 3822 περιπατῶν
753 3752 850 3802 τοῦ
907 3744 1232 3804 καταλαϐεῖν
1293 3749 1488 3814 αὖτοὺς
1572 3751 1878 3826 ἐπείχθητι.

233 3837 301 3892 Οἱ
331 3834 387 3890 δὲ
409 3835 600 3910 ἐχθροὶ
633 3835 723 3890 διὰ
746 3839 836 3891 τὸν
869 3839 1080 3915 φεύγειν
1140 3838 1359 3907 αὐτοὺς,
1405 3839 1563 3915 τάχει
1611 3841 1703 3902 τὰς
1755 3840 1876 3895 δυσ-

233 3924 448 3999 χωρίας
535 3923 766 3980 διελθεῖν
853 3927 940 3981 καὶ
1015 3929 1107 3982 τὸν
1193 3928 1244 3982 ἐν
1329 3928 1513 3989 αὐταῖς
1607 3927 1878 4007 διαφυγεῖν

233 4013 506 4086 πόλεμον,
538 4015 626 4068 καὶ
667 4016 766 4084 τήν
820 4013 959 4070 ἰδίαν
1009 4015 1434 4091 καταλήψεσθαι·
1479 4017 1593 4072 ἐπεὶ
1641 4018 1876 4089 πλησίον

231 4108 336 4171 τῆς
400 4099 722 4177 κλεισούρας
807 4106 1149 4178 γενήσονται,
1220 4107 1368 4159 τοῦθ’
1462 4106 1878 4177 ὑποπτεύοντες,

233 4191 372 4264 πρὸς
429 4192 491 4246 τὸ
549 4192 624 4263 μή
681 4191 845 4246 πάλιν
901 4188 1202 4267 ἔμπροσθεν
1259 4195 1433 4250 αὐτῶν
1489 4197 1582 4258 τὰς
1658 4199 1876 4264 πεζικὰς

227 4281 404 4349 τάξεις
450 4282 720 4353 γενέσθαι,
777 4283 865 4335 καὶ
915 4284 1011 4351 την
1065 4281 1187 4337 ὁδὸν
1233 4283 1409 4338 αὐτῶν
1453 4290 1766 4359 κατασχεῖν·
1817 4284 1874 4339 ἂν

232 4366 285 4422 ἐν
317 4369 469 4422 νυκτὶ
498 4371 598 4436 τήν
633 4367 947 4446 ὁδοιπορίαν
1005 4374 1302 4446 πειραθῶσι
1351 4375 1704 4444 ποιήσασθαι,
1756 4396 1875 4428 συν-

225 4458 418 4528 τόμως
447 4457 672 4522 τούτους
702 4458 1032 4534 καταλάϐῃς,
1061 4465 1170 4515 τῶν
1211 4458 1398 4516 ’ίππων
1455 4462 1628 4516 αὐτῶν
1680 4463 1878 4533 ἀτονη-

231 4547 438 4600 σάντων
472 4547 578 4601 ἀπὸ
609 4549 707 4615 τῆς
736 4548 961 4622 χρονίας
993 4547 1332 4623 ὁδοιπορίας,
1373 4552 1463 4604 καὶ
1510 4555 1616 4605 τῶν
1664 4549 1874 4625 ἀνδρῶν

1999 1976 2190 2045 capite
2221 1974 2293 2029 de
2324 1974 2528 2046 prmlio
2573 1992 2707 2029 cum
2765 1975 3035 2030 hostibus
3093 1978 3154 2030 in
3212 1977 3358 2031 locis
3415 1978 3644 2048 asperis

1997 2063 2390 2126 conserendo.
2423 2064 2821 2133 exposuimus.
2850 2065 2955 2119 Ubi
2978 2066 3251 2136 prOprius
3282 2066 3648 2120 accesserint

2003 2153 2292 2221 hostes,si
2320 2153 2390 2207 de
2425 2153 2717 2223 prazsidiis
2753 2154 2944 2208 tuisin
2973 2156 3062 2210 via
3092 2156 3417 2222 collocatis,
3455 2156 3648 2226 deque

1997 2239 2349 2296 difﬁcultate
2373 2241 2719 2295 transeundi
2751 2242 3033 2296 certiores
3068 2242 3228 2312 facti,
3253 2244 3645 2298 nihilominus

1992 2330 2273 2384 audacter
2293 2345 2676 2400 perrumpere
2711 2329 2949 2396 audent,
2974 2347 3182 2401 parum
3211 2348 3491 2403 prospere
3517 2349 3651 2386 suc-

1993 2419 2163 2474 cedet
2184 2418 2255 2472 iis
2279 2419 2388 2473 hoc
2410 2418 2751 2473 consilium.
2769 2419 2993 2490 Quippe
3013 2421 3252 2474 contriti
3269 2427 3327 2474 et
3348 2421 3641 2491 compulsi

1991 2526 2027 2564 a
2055 2509 2172 2563 tuis
2199 2509 2384 2578 copiis
2415 2508 2505 2562 vel
2533 2509 2696 2562 inviti
2731 2513 2893 2580 terga
2923 2515 3168 2576 vertent,
3196 2510 3431 2580 aliaque
3462 2510 3554 2564 via
3576 2511 3638 2565 in

1994 2614 2133 2652 suos
2169 2598 2316 2651 ﬁnes
2355 2597 2660 2667 pervenire
2692 2597 3079 2652 festinabunt.
3114 2600 3268 2663 Quos
3302 2600 3386 2652 sic
3416 2599 3641 2670 ignavi-

1995 2692 2084 2741 ter
2113 2692 2171 2740 et
2201 2686 2478 2741 indecore
2511 2691 2873 2739 revertentes
2906 2687 2954 2740 si
2987 2686 3280 2757 conspicit
3311 2692 3441 2741 tuus
3474 2704 3636 2741 exer-

1990 2776 2162 2840 citus,
2197 2775 2404 2828 laetitia
2434 2779 2610 2844 atque
2641 2773 2938 2844 voluptate
2989 2775 3404 2846 complebitur,
3453 2775 3638 2848 magis

1990 2880 2168 2934 quam
2200 2862 2389 2916 verbis
2421 2863 2534 2916 dici
2567 2867 2779 2933 potest.
2815 2865 2895 2916 Tu
2934 2868 3132 2917 autem
3187 2864 3388 2918 hostes
3435 2865 3536 2929 sic,
3575 2869 3638 2918 ut

1989 2954 2462 3008 demonstratum
2521 2957 2610 3006 est
2680 2952 2964 3007 abeuntes
3011 2954 3327 3024 insequere
3375 2971 3407 3008 a
3443 2959 3632 3022 tergo,

1989 3044 2142 3099 253
2166 3041 2491 3112 prmmissis
2513 3041 2814 3111 equitibus
2841 3059 2972 3095 cum
3007 3042 3286 3096 velitibus
3306 3042 3630 3113 expeditis:

1987 3131 2233 3202 ipseque
2247 3129 2520 3184 celeriter
2537 3130 2748 3184 itinere
2771 3130 2924 3184 facto
2948 3131 3183 3201 assequi
3200 3130 3334 3184 illos
3356 3148 3627 3201 propera.

1993 3219 2323 3276 Adversarii
2354 3219 2454 3289 qui
2487 3219 2736 3288 fugiunt,
2769 3225 2834 3272 ut
2864 3220 3189 3291 angustias,
3220 3220 3396 3274 vitato
3429 3220 3488 3272 in
3513 3220 3632 3274 illis

1992 3309 2339 3375 certamine,
2385 3307 2739 3362 festinanter
2791 3308 3213 3374 transmittere,
3265 3309 3324 3361 in
3375 3324 3633 3379 suosque

1995 3399 2143 3452 ﬁnes
2174 3397 2479 3469 pervenire
2513 3397 2780 3467 possint:
2807 3412 2942 3450 cum
2964 3397 3239 3468 proprius
3271 3396 3344 3450 ad
3376 3397 3636 3452 claustra

1992 3490 2390 3551 accesserunt,
2422 3490 2711 3551 verentes,
2747 3499 2823 3537 ne
2852 3485 3064 3539 iterum
3099 3501 3161 3538 se
3192 3491 3505 3555 prae-vertat
3533 3502 3636 3555 pe-

1992 3575 2212 3630 ditatus
2243 3580 2463 3635 noster,
2494 3573 2722 3642 iterque
2757 3589 2928 3626 suum
2961 3578 3246 3642 occupet:
3273 3573 3319 3626 si
3343 3579 3637 3627 conantur

1991 3671 2170 3719 noctu
2201 3664 2351 3716 viam
2384 3678 2646 3732 pergere,
2677 3662 2804 3716 sine
2852 3678 3018 3715 mora
3074 3661 3208 3714 illos
3267 3662 3628 3730 assequeris,

1991 3755 2160 3825 equis
2179 3769 2381 3806 eorum
2405 3751 2795 3804 diuturnitate
2819 3751 3049 3804 itineris
3073 3751 3289 3804 attritis
3313 3769 3326 3817 ;
3351 3751 3632 3820 ipsosque

1991 3843 2308 3898 exhaustos
2338 3855 2443 3910 per
2488 3845 2842 3908 noctemque
2891 3838 3264 3892 ambulantes
3297 3837 3629 3909 deprehen-

1991 3931 2158 3998 dens,
2193 3930 2271 3998 id,
2307 3946 2338 3983 o
2372 3929 2508 3992 dux,
2533 3928 2690 3998 quod
2714 3944 2950 3998 semper
2972 3927 3291 3997 quaesivisti
3315 3933 3522 3982 nactus
3545 3945 3628 3983 es.

1990 4023 2178 4090 thue
2211 4019 2469 4090 primum
2505 4034 2605 4072 eos
2633 4023 2939 4072 assecutus
3000 4035 3061 4072 es
3113 4023 3315 4082 noctu,
3351 4020 3630 4091 evestigio

1990 4113 2224 4181 oportet
2249 4108 2418 4178 signa
2446 4106 2662 4160 inferre
2696 4106 2972 4176 praesidio
3006 4107 3163 4176 quod
3204 4112 3444 4161 vocatur
3475 4123 3632 4172 saca,

1991 4198 2168 4267 idque
2201 4211 2306 4266 per
2359 4195 2607 4265 pedites,
2669 4211 2818 4264 quos
2869 4194 3266 4264 subsequatur
3315 4196 3636 4266 equitatus.

1989 4287 2150 4341 Alios
2181 4284 2385 4338 velites
2406 4301 2540 4338 cum
2561 4283 2861 4354 equitibus
2881 4285 3173 4354 praemitte
3195 4302 3300 4354 per
3313 4290 3633 4355 utrumque

1985 4374 2140 4429 latus
2171 4375 2412 4444 viaa,qui
2444 4373 2711 4428 hostibus
2745 4374 3530 4444 praecurrant,eosquejube
3564 4391 3633 4428 ex

1988 4468 2322 4517 transverso
2353 4462 2638 4532 impetum
2670 4460 2884 4515 facere.
2919 4461 3003 4515 lta
3033 4461 3079 4514 si
3116 4462 3324 4532 egeris,
3357 4461 3633 4515 resistere

1986 4568 2107 4606 non
2137 4556 2434 4622 poterunt,
2470 4550 2572 4604 sed
2601 4550 2662 4602 in
2718 4549 2918 4620 fugam
2951 4565 3012 4602 se
3070 4549 3413 4617 conjicient.
3466 4549 3631 4611 Quod

227 4632 636 4690 ἐκλελοιπότων
678 4635 970 4710 ἐπιτύχῃς,
1031 4639 1222 4700 νυκτὸς
1280 4637 1740 4713 ὁδοιπορούντων·
1789 4640 1878 4695 καὶ

1995 4641 2036 4695 si
2067 4645 2246 4694 noctu
2277 4639 2522 4706 faciunt,
2547 4654 2926 4710 persequere,
2961 4643 3020 4691 et
3039 4653 3272 4691 summo
3295 4637 3474 4690 exitio
3494 4637 3629 4691 illos

226 4721 399 4793 εὗρες,
453 4726 744 4800 στρατηγέ,
802 4726 866 4779 τὸ
923 4725 1004 4780 ἀεί
1064 4747 1148 4780 σοι
1201 4726 1628 4800 ἐπιζητούμενον
1711 4733 1881 4784 Κατα-

222 4807 606 4884 Ααμϐἀνοντός
663 4835 759 4868 σου
817 4811 874 4868 δὲ
927 4814 1155 4876 τούτους
1207 4817 1422 4883 νυκτὸς,
1481 4815 1598 4871 δὲον
1680 4816 1985 4892 παραυτίκα
2047 4817 2291 4888 πόλεμον
2353 4816 2580 4887 συνάψαι
2639 4815 2716 4875 εἷς
2773 4816 2835 4868 τὸ

219 4905 428 4970 πεζῶν,
488 4904 573 4974 [Ρ.
637 4906 759 4974 164]
819 4903 1430 4958 συνεπακολουθούντων
1490 4905 1675 4967 αὐτοῖς
1723 4906 1814 4959 καὶ
1871 4901 2101 4960 ἱππέων.
2163 4905 2412 4978 Ἐτέρους
2471 4901 2528 4956 δὲ
2582 4906 2690 4956 τῶν
2750 4899 2925 4974 ψιλῶν

220 4990 472 5053 κάκεῖθεν
528 4997 627 5061 τῆς
687 4990 820 5045 ὁδοῦ
869 4986 1173 5068 ἔμπροσθεν
1227 4994 1470 5068 γενέσθαι
1528 4993 1634 5047 τῶν
1687 4991 1972 5067 πολεμίων
2016 4993 2363 5062 ἀπόστειλον,
2421 4992 2509 5046 καὶ
2568 4991 2626 5045 ἐκ
2680 4989 2919 5064 πλαγίου
2977 4990 3064 5044 καὶ

222 5073 559 5153 προσϐαλεῖν
616 5081 938 5151 πρόσταξον.
1002 5082 1103 5137 Καῗ
1165 5082 1338 5146 οὕτως
1392 5083 1680 5145 ποιοῦντός
1738 5104 1856 5154 σου,
1915 5082 1977 5138 οὗ
2038 5081 2360 5153 δυνήσονται
2426 5081 2756 5148 ἀντιστῆναι,
2811 5077 2955 5134 ἀλλά
3011 5079 3149 5150 πρὸς
3201 5080 3373 5156 φυγὴν

1992 4729 2210 4785 trades.

2922 4812 3215 4888 λεγόμενον
3288 4813 3444 4879 σάκα,
3506 4813 3641 4884 μετά

3021 4902 3138 4972 μεθ’
3216 4901 3426 4954 ἱππέων
3487 4894 3603 4955 ἔνθε
3616 4939 3640 4968 ν

3147 4989 3342 5049 αὐτοὺς
3389 4988 3635 5062 πόλεμον

3460 5080 3641 5153 ὁρμή-

229 5187 406 5225 σουσι.
465 5168 568 5224 Καὶ
628 5168 675 5222 εἴ
727 5173 888 5224 τοῦτο
948 5171 1136 5232 νυκτὸς
1192 5170 1474 5246 πράξουσι,
1530 5169 1861 5242 καταδίωξον
1918 5170 2137 5240 αὐτοὺς,
2190 5170 2281 5225 καὶ
2335 5168 2529 5241 τελείῳ
2606 5167 2832 5230 τούτους
2908 5164 3248 5242 παραδώσεις
3323 5167 3640 5244 ἀφανισμῷ.

561 5259 725 5315 ΚΕΦ.
761 5259 880 5314 ΚΔ“.
916 5261 1046 5330 Ηερὶ
1076 5259 1537 5332 νυκτοπολέμου.

292 5344 360 5398 Ε¹ῗ
391 5342 449 5399 δὶ
495 5345 572 5407 εἷς
617 5345 799 5420 ἑτέραν
845 5342 1047 5402 ἔλθωσι
1103 5349 1337 5424 βουλήν,
1387 5350 1523 5404 κατὰ
1566 5351 1629 5405 τὸ
1688 5347 1880 5404 δοκοῦν

221 5434 438 5503 αὐτοῖς,
497 5433 908 5504 λυσιτελοῦσαν,
965 5437 1054 5492 καί
1136 5439 1294 5508 ἡνίκα
1365 5461 1423 5494 σε
1501 5435 1881 5496 καταλαϐόντα

2220 5263 2350 5316 CAP.
2384 5261 2582 5316 XXIV.
2619 5261 2689 5314 De
2718 5258 3074 5314 dimicatione
3103 5264 3398 5314 nocturna.

2063 5351 2116 5405 Si
2149 5367 2284 5404 vero
2319 5350 2380 5403 in
2411 5349 2588 5404 aliam
2635 5348 3055 5421 cogitationem
3084 5348 3346 5414 veniunt,
3384 5346 3515 5413 sibi,
3544 5363 3638 5400 se-

1988 5440 2250 5495 cundum
2282 5439 2460 5510 ipsos,
2485 5439 2825 5504 salutarem,
2852 5444 2930 5505 et,
2960 5437 3215 5493 adventu
3243 5442 3339 5490 tuo
3379 5435 3639 5506 cognito,

1432 5584 1493 5640 C.
1538 5587 1598 5638 Β.
1641 5585 1833 5640 HASII
1874 5582 2430 5640 ANNOTATIONES.

301 5723 350 5760 ⁸⁸
380 5721 683 5796 ἐξεθᾶμεθα.
719 5723 844 5779 Vid.
875 5742 1052 5796 supra
1089 5727 1206 5780 122.

551 5855 815 5920 Parnm.
862 5857 976 5916 Gn.
1022 5855 1258 5917 CXVII.
