4152 6312
447 390 604 450 1003

1754 375 2104 437 ΝῘΟΕΡΗΟ
2114 374 2190 432 BI
2232 371 2536 432 PHOCE.

3702 369 3860 433 1004

447 524 556 581 sub
579 527 817 579 noctem
848 518 1249 576 tabernaculis
1294 514 1529 570 statutis
1577 511 1910 578 consident,
1956 514 2077 563 tum

2210 502 2503 568 αἴσθωνται
2553 506 2743 567 νυκτὸς
2805 504 3214 575 ἀπληκεύσωσι,
3281 506 3377 569 τὰς
3435 505 3637 574 σκηνὰς
3689 506 3862 578 πηξά-

444 629 711 687 pugnam
738 616 1092 667 nocturnam
1126 622 1258 661 cum
1283 605 1407 659 illis
1438 602 1794 658 committes.
1829 599 2077 654 Prseliun

2212 614 2389 666 μενοι,
2422 594 2545 648 τότε
2576 593 2986 667 νυκτοπόλεμον
3044 595 3160 648 κατ’
3207 593 3383 649 αὐτῶν
3436 593 3658 670 ἐργάσῃ.
3709 595 3862 664 Πλὴν

450 710 652 760 autem
710 704 971 757 intruere
1022 698 1175 753 254
1236 699 1468 765 oportet
1524 692 1804 747 adversus
1862 690 1996 743 illos
2042 688 2124 749 in.

448 795 609 849 hunc
639 791 918 847 modum:
949 789 1034 842 Tu
1064 802 1096 840 a
1127 790 1284 856 tergo
1319 800 1456 837 cum
1488 781 1748 853 pedestri
1780 781 1903 834 acie
1937 779 2104 850 signa

448 883 715 939 inferes.
779 877 1060 946 Reliquos
1131 873 1436 944 pedestres
1486 886 1767 925 numeros
1827 867 2101 923 distribui

449 973 682 1042 oportet
711 969 771 1021 in
800 969 996 1036 partes.
1021 979 1145 1029 sex,
1173 968 1411 1031 tresque
1444 977 1550 1031 per
1574 959 1882 1028 obliquum
1918 975 1947 1012 e
1971 956 2106 1012 dex-

447 1066 537 1114 tro
568 1059 755 1113 latere
786 1054 1073 1119 hostium,
1108 1057 1226 1106 tres
1260 1068 1329 1105 ex
1362 1050 1604 1103 sinistro
1631 1047 1837 1113 locari,
1874 1046 1922 1100 si
1957 1046 2097 1116 qui-

446 1148 583 1203 dem
618 1163 717 1200 eos
749 1149 964 1199 natura
986 1140 1100 1196 loci
1133 1145 1327 1195 castra
1359 1140 1417 1193 in
1451 1137 1885 1209 longitudinem
1917 1136 2099 1206 porri-

447 1254 587 1310 gere
621 1235 815 1306 coegit
840 1250 852 1287 :
878 1233 1102 1287 distent
1131 1235 1330 1285 autem
1364 1230 1454 1283 hae
1477 1228 1633 1283 acies
1663 1227 1818 1280 inter
1838 1242 1900 1280 se
1930 1225 2099 1295 quasi

447 1327 672 1398 sagitta;
697 1324 947 1395 jactum,
983 1326 1086 1375 aut
1116 1318 1294 1390 paulo
1328 1318 1549 1373 minus.
1587 1316 1894 1385 solamque
1925 1332 2095 1385 aper-

449 1421 568 1470 tam
591 1420 651 1469 et
670 1410 1099 1467 incustoditam
1128 1408 1473 1477 relinquant
1492 1406 1645 1460 viam
1670 1405 1858 1471 illam,
1878 1420 1995 1474 qua
2024 1403 2098 1457 ad

450 1504 699 1576 patriam
733 1501 1108 1568 salutemque
1141 1496 1465 1551 adversarii
1490 1493 1797 1565 pervenire
1829 1491 2094 1562 possint:

432 1590 531 1663 'ut,
562 1592 851 1648 acerrimo
885 1590 1111 1659 impetu
1142 1587 1202 1641 in
1234 1602 1335 1641 eos
1366 1584 1539 1651 facto,
1564 1589 1623 1638 et
1644 1584 1799 1636 viam
1831 1587 2097 1653 apertam

446 1682 772 1746 inveniant,
791 1686 963 1750 etspe
978 1675 1391 1741 falsainducti,
1409 1690 1469 1728 se
1489 1673 1821 1728 incolumes
1840 1688 2097 1743 pugnam

448 1773 704 1844 effugere
736 1769 1099 1837 domumque
1144 1763 1450 1836 pervenire
1500 1778 1672 1833 posse
1707 1803 1721 1829 ,
1754 1761 2097 1816 conscensis

445 1860 613 1931 equis
646 1876 716 1914 ea
743 1858 893 1929 fugae
927 1873 989 1911 se
1021 1854 1354 1915 comittant,
1387 1856 1738 1921 tantumque
1771 1867 1891 1905 sua)
1932 1851 2095 1920 quis-

446 1967 561 2020 que
593 1948 805 2004 salutis
835 1946 1129 2001 rationem
1163 1943 1398 1997 habeat.
1436 1941 1493 1994 Si
1523 1956 1644 1994 non
1674 1940 1735 1993 in
1768 1938 2058 2009 longitudi
2078 1971 2090 1978 -

447 2056 588 2094 nem
618 2039 1012 2109 porrexerunt
1040 2038 1254 2099 castra,
1307 2029 1412 2085 sed
1451 2030 1720 2085 locorum
1752 2029 1901 2083 situs
1931 2027 2094 2083 orbi-

448 2128 644 2184 culata
672 2143 744 2181 ea
775 2124 988 2188 effecit,
1044 2126 1276 2193 oportet
1307 2127 1361 2174 te
1401 2118 1706 2191 pedestres
1765 2118 1921 2172 acies
1980 2117 2091 2172 cir-

448 2218 745 2273 cumcirca
794 2214 1187 2271 collocantem
1230 2211 1464 2283 jubere,
1514 2215 1580 2263 ut
1617 2209 1690 2263 ad
1723 2224 1980 2280 pugnam
2028 2225 2090 2263 se

447 2311 695 2377 parent:
731 2305 926 2360 solum
986 2307 1207 2367 autem,
1267 2305 1333 2354 ut
1389 2299 1721 2365 docuimus,
1780 2298 1930 2352 illud
1978 2298 2093 2351 iter

444 2396 703 2451 liberum
753 2398 811 2448 et
858 2396 1131 2462 apertum
1181 2388 1543 2458 relinquere,
1589 2385 1746 2456 quod
1777 2384 1851 2440 ad
1880 2385 2088 2440 adver-

441 2485 736 2539 sariorum
768 2483 918 2536 ﬁnes
940 2480 1121 2535 ducit.
1155 2480 1473 2547 Postquam
1497 2475 1823 2547 peditatum
1846 2476 1906 2529 in
1928 2476 2087 2530 hunc

438 2573 681 2628 modum
713 2569 1088 2635 instruxeris,
1117 2567 1260 2638 jube
1290 2583 1427 2621 eum
1460 2582 1580 2620 non
1602 2564 1810 2635 procul
1845 2564 1916 2619 ab
1948 2564 2082 2619 hos-

437 2663 599 2716 tibus
630 2659 964 2726 considere,
1008 2659 1293 2729 ignesque
1326 2671 1537 2727 magno
1571 2670 1819 2708 numero
1874 2670 2085 2708 accen-

436 2751 596 2806 dere.
630 2753 812 2804 Porro
845 2748 904 2802 in
950 2760 1306 2816 unaquaque
1354 2743 1614 2815 pedestri
1664 2742 1788 2797 acie
1838 2742 2084 2813 praefec-

441 2847 565 2896 tum
593 2839 919 2895 constitues
956 2836 1207 2908 probum
1266 2839 1322 2888 et
1378 2834 1594 2888 fortem
1647 2833 1883 2886 virum:
1940 2833 2082 2886 item

433 2946 568 2984 cum
600 2929 721 2983 illis
740 2927 969 2998 equites
1000 2924 1073 2981 ad
1107 2923 1370 2995 singulas
1392 2921 1679 2992 acies,qui
1702 2938 1737 2976 a
1756 2926 1920 2992 tergo
1942 2920 2081 2976 sub-

433 3018 574 3083 sint,
608 3017 656 3072 si
687 3033 793 3089 per
822 3016 1019 3070 locum
1050 3013 1227 3078 dicet,
1260 3028 1393 3067 cum
1426 3010 1676 3065 ducibus
1703 3009 1954 3066 idoneis.
1981 3011 2079 3064 His

437 3105 847 3175 obtemperare
871 3100 1113 3173 jubebis
1148 3114 1357 3153 omnes
1388 3098 1629 3162 milites,
1665 3096 1842 3151 etiam
1866 3096 2076 3167 pedes-

2211 681 2385 745 οὕτως
2414 704 2473 737 σε
2497 683 2589 737 τὸν
2619 684 2738 738 κατ’
2767 683 2947 738 αὐτῶν
2979 684 3093 759 χρὴ
3158 680 3422 745 διαθεῖναι
3465 681 3731 757 πόλεμον
3783 683 3859 739 Σὺ

2212 771 2308 843 μὲν
2339 771 2399 826 ἐκ
2445 776 2552 827 τῶν
2605 772 2823 827 ὄπισθεν
2888 772 3024 845 μετά
3074 777 3302 842 πεζικῆς
3360 773 3707 847 παρατάξεως
3760 776 3857 844 τὴν

2208 865 2530 942 προσϐολὴν
2590 873 2863 941 ποιήσεις.
2914 873 3022 933 Τὰς
3072 869 3129 925 δὲ
3176 870 3374 935 λοιπὰς
3419 873 3641 941 πεζικὰς
3684 872 3860 943 τάξεις

2209 956 2410 1014 διελεῖν
2443 961 2554 1034 χρή
2595 960 2668 1021 εἷς
2835 958 3083 1032 μερίδας,
3142 960 3233 1016 καί
3279 965 3423 1035 τρεῖς
3472 961 3569 1035 μὲν
3612 963 3747 1017 κατά
3797 963 3858 1016 τὸ

2208 1045 2376 1118 δεξιὸν
2413 1053 2517 1102 τῶν
2551 1048 2838 1122 πολεμίων
2869 1049 2928 1104 ἐκ
2959 1047 3201 1123 πλαγίου
3232 1048 3432 1119 αὐτῶν,
3466 1055 3613 1124 τρεῖς
3647 1047 3705 1105 δὲ
3724 1051 3860 1105 κατά

2203 1136 2266 1190 τὸ
2307 1135 2588 1208 εὐῳνυμον
2619 1145 2974 1206 καταστῆσαι,
3009 1136 3063 1192 εἷ’
3084 1158 3143 1212 γε
3166 1136 3243 1201 εἰς
3272 1144 3448 1212 μῆκος
3476 1140 3511 1208 ἡ
3544 1143 3640 1193 τοῦ
3686 1140 3859 1194 τόπου

2207 1225 2347 1288 θέσις
2378 1226 2440 1280 τὸ
2482 1226 2684 1280 ἑαυτῶν
2738 1224 3021 1296 ἄπληκτον
3079 1234 3414 1297 καταστῆσαι
3456 1230 3857 1304 καταναγκάσῃ,

2206 1313 2517 1390 ἀπεχούσας
2567 1313 2833 1386 ἀλλήλων
2892 1316 3020 1370 ὡσεὶ
3072 1316 3231 1387 τόξου
3293 1313 3560 1391 βολὴν,ἤ’
3615 1317 3705 1371 καὶ
3769 1338 3857 1389 μι·

2203 1403 2330 1476 κρὸν
2386 1401 2634 1458 ἔλαττον·
2699 1403 2868 1476 μόνην
2943 1400 3295 1478 ἀνεῳγμένην
3378 1404 3468 1460 καὶ
3546 1405 3854 1483 ἀφύλακτον

2204 1490 2718 1564 καταλιμπάνουσαι
2749 1493 2847 1562 τήν
2883 1489 3031 1556 ὁδὸν,
3071 1495 3172 1563 τὴν
3214 1493 3353 1568 πρὸς
3399 1493 3465 1549 τά
3515 1495 3688 1549 οἰκεῖα
3729 1496 3857 1557 τοὺς

2204 1580 2508 1653 πολεμίους
2565 1579 2956 1651 διασώζουσαν·
3016 1583 3165 1647 ὅπως
3226 1580 3619 1657 σφοδρωτάτου
3666 1585 3857 1647 αὐτοῖς

2204 1667 2546 1733 ἐπιτεθέντος
2573 1675 2670 1724 τοῦ
2708 1669 2981 1745 πολέμου,
3039 1671 3131 1726 καὶ
3186 1673 3287 1741 τὴν
3336 1669 3459 1727 ὁδὸν
3512 1672 3857 1749 ἀνεῳγμένην

2205 1758 2587 1835 ἐφευρίσκωσι,
2645 1761 2732 1814 καὶ
2791 1761 2972 1828 ἀπάτη
3024 1764 3122 1815 τοῦ
3212 1760 3545 1831 διασωθῆναι
3601 1762 3695 1817 καὶ
3762 1763 3855 1817 τὸν

2127 1846 2450 1933 Βπόλεμον
2510 1845 2787 1927 διαφυγεῖν
2844 1850 2935 1904 καὶ
2990 1850 3089 1918 τήν
3143 1848 3281 1905 ἰδίαν
3337 1847 3687 1921 καταλαϐεῖν,
3747 1851 3861 1906 ἐπι-

2209 1931 2347 1991 ϐῶσι
2369 1941 2473 1991 τῶν
2503 1935 2714 2008 ἵππων,
2743 1939 2833 1993 καὶ
2866 1935 2935 1993 δι’
2968 1937 3135 2008 αὐτῆς
3168 1940 3303 2006 πρὸς
3336 1941 3510 2016 φυγὴν
3545 1942 3856 2015 ὁρμήσωσι,

2209 2028 2380 2098 μόνην
2416 2024 2639 2089 ἕκαστος
2682 2029 2782 2097 την
2842 2026 2980 2082 ἰδίαν
3040 2029 3501 2104 περιποιούμενος
3555 2030 3854 2106 σωτηρίαν.

2204 2112 2271 2169 Εἴ
2298 2111 2356 2168 δὲ
2387 2113 2486 2169 οὐκ
2516 2116 2783 2189 ἐπίμηκες
2811 2118 3178 2186 πεποιήκεσαν
3206 2118 3268 2172 τὸ
3295 2117 3496 2172 ἑαυτῶν
3541 2115 3851 2192 ἄπληκτον,

2203 2200 2329 2258 ἀλλ’
2362 2207 2395 2273 ἡ
2430 2209 2525 2258 του
2554 2205 2725 2259 τόπου
2759 2203 2902 2268 θέσις
2932 2204 3259 2281 κυκλοτερὲς
3289 2206 3421 2261 αὐτὸ
3459 2207 3849 2283 ἀπειργάσατο,

2200 2295 2312 2367 χρή
2347 2315 2401 2348 σε
2431 2295 2526 2357 τὰς
2556 2295 2774 2363 πεζικὰς
2807 2296 3026 2350 ἱστάντα
3055 2298 3375 2371 παρατάξεις
3392 2297 3636 2371 γυρόθεν,
3660 2318 3840 2368 παρα-

2199 2388 2551 2450 σκευασθῆναι
2579 2385 2777 2450 ταύτας
2805 2386 3099 2460 προστάξαι
3155 2387 3291 2462 πρὸς
3338 2386 3605 2461 πόλεμον·
3666 2387 3840 2460 μόνην

2198 2469 2276 2542 δὲ,
2309 2474 2381 2535 ὡς
2413 2469 2643 2548 ἔφημεν,
2674 2476 2771 2543 τὴν
2807 2473 2929 2530 ὁδὸν
2964 2473 3157 2552 ἄφετον
3188 2477 3276 2531 καὶ
3302 2476 3653 2551 ἀνεῳγμένην
3675 2498 3839 2531 κατα.

2197 2559 2394 2626 λιπεῖν,
2428 2564 2526 2630 τὴν
2559 2562 2694 2637 πρὸς
2722 2563 2789 2617 τὰ
2817 2561 2925 2617 ἴδια
2979 2562 3191 2618 τούτων
3243 2565 3522 2639 φέρουσαν.
3585 2565 3734 2621 Μετά
3785 2563 3843 2618 δὲ

2191 2650 2254 2703 τὸ
2314 2646 2658 2721 διατάξασθαι
2713 2650 2840 2714 τοὺς
2912 2651 3110 2720 πεζοὺς
3195 2656 3386 2707 τοῦτον
3454 2653 3546 2708 τὸν
3617 2654 3841 2726 τρόπον,

2192 2738 2645 2814 παραπληκεῦσαι
2675 2745 2792 2802 τοῖς
2834 2740 3128 2813 πολεμίοις
3173 2741 3512 2815 προστάξεις,
3563 2743 3651 2798 οιαὶ
3698 2745 3846 2818 πυρὰ

2192 2826 2268 2889 εἰς
2299 2828 2514 2897 πλῆθος
2548 2831 2743 2903 ἀνάψαι
2775 2829 2980 2887 πολλὰ.
3027 2833 3113 2887 Ἐν
3168 2836 3264 2903 μιᾷ
3317 2829 3375 2885 δὲ
3426 2832 3619 2907 ἑκάστῃ
3665 2853 3842 2909 παρα-

2188 2918 2332 2987 τάξει
2390 2923 2497 2972 τῶν
2548 2924 2724 2988 πεζῶν
2803 2921 2894 2975 καὶ
2973 2920 3215 2996 ἄρχοντα
3296 2925 3653 2993 καταστήσεις
3733 2928 3843 2977 τῶν

2188 3006 2483 3081 χρησίμων
2530 3009 2620 3062 καὶ
2676 3006 2956 3083 ἀνδρείων·
3012 3009 3103 3064 σὺν
3164 3009 3348 3072 αὐτοῖς
3406 3008 3465 3065 δὲ
3539 3013 3725 3074 ἱππεῖς
3786 3012 3838 3067 ἐν

2191 3100 2316 3167 μιᾷν
2348 3096 2543 3170 ἑκάστῃ
2599 3099 2911 3171 παρατάξει,
2966 3097 3025 3153 ἐκ
3072 3103 3178 3153 τῶν
3226 3095 3441 3163 ὄπισθεν
3490 3101 3837 3175 ἱσταμένους,

431 3194 615 3248 trium
646 3192 928 3247 acierum.
963 3189 1062 3244 His
1087 3189 1166 3243 ita
1187 3184 1829 3257 administratis,deligi
1849 3192 2077 3256 oportet

2190 3181 2298 3258 εἷ’γε
2328 3186 2417 3238 καὶ
2451 3187 2478 3239 ὁ
2512 3190 2698 3260 χῶρος
2749 3184 2991 3259 δίδωσιν,
3028 3185 3254 3263 ἔχοντας
3308 3187 3590 3265 ἀρχηγοὺς
3638 3187 3836 3265 ἄνδρας

431 3283 638 3337 velites
668 3280 820 3337 255
851 3279 1035 3334 fortes
1094 3283 1151 3332 et
1187 3276 1613 3340 velocissimos,
1674 3290 1894 3345 eosque
1925 3294 2074 3347 pras-

430 3372 608 3436 mitti,
630 3374 697 3424 ut
717 3369 953 3425 silentio
977 3367 1271 3439 progressi
1297 3380 1474 3436 quam
1498 3364 1765 3434 proxime
1783 3364 1859 3419 ad
1877 3366 2078 3421 hostes

431 3459 735 3524 accedant,
771 3458 854 3513 sic
886 3456 1100 3521 edocti,
1134 3460 1199 3509 ut
1230 3454 1420 3524 primo
1453 3452 1555 3522 qui
1592 3453 1765 3523 juxta
1811 3453 2076 3509 medium

425 3564 639 3615 agmen
661 3548 797 3612 sint,
832 3546 1121 3617 impetum
1144 3543 1384 3607 faciant,
1417 3540 1633 3596 deinde
1665 3541 1765 3611 qui
1795 3558 1830 3597 a
1858 3542 2072 3599 fronte.

424 3636 590 3702 Quod
623 3637 672 3690 si
695 3652 762 3690 ex
795 3640 1048 3704 utroque
1080 3633 1264 3686 latere
1321 3630 1486 3684 locus
1544 3629 1840 3701 fastigium
1874 3631 2068 3687 habet.

422 3726 728 3796 pedestres
765 3724 923 3779 acies
979 3722 1043 3775 in
1075 3721 1343 3774 hostes...
1407 3718 1726 3774 adversarii
1776 3720 2070 3774 manuali-

422 3815 531 3869 bus
564 3820 622 3869 et
644 3812 991 3883 fundalibus
1047 3809 1225 3874 saxis,
1286 3808 1631 3880 sagittisque
1688 3808 1968 3879 utrinque
2000 3826 2071 3863 ex

422 3904 570 3959 locis
619 3901 1024 3973 superioribus
1081 3898 1348 3969 appetiti,
1408 3897 1573 3951 nullo
1631 3898 1865 3968 negotio
1895 3897 2068 3969 disji-

422 3995 677 4048 cientur.
714 3992 770 4045 Si
794 4006 913 4045 non
948 3990 1030 4043 sic
1063 4005 1124 4043 se
1158 3988 1333 4043 habet
1366 3988 1630 4041 locorum
1662 3988 1830 4053 situs,
1864 3988 1969 4042 sed
1997 4004 2068 4042 ex

421 4082 609 4136 altera
636 4080 923 4134 duntaxat
952 4083 1117 4148 parte
1149 4077 1449 4146 fastigium
1471 4076 1764 4142 imminet,
1792 4076 2068 4131 similiter

419 4169 559 4223 inde
586 4166 820 4222 facilius
840 4182 979 4221 saxa
1002 4166 1300 4237 etsagittm
1326 4165 1387 4217 in
1406 4164 1541 4217 illos
1571 4163 1944 4234 adjicientur.
1963 4165 2063 4219 Sin

417 4260 618 4312 autem
650 4256 711 4310 in
759 4255 1007 4326 planitie
1066 4271 1159 4309 res
1217 4254 1460 4326 geritur,
1521 4252 1735 4323 majori
1787 4253 2062 4310 cautione

414 4345 679 4402 ineunda
713 4360 911 4417 pugna
966 4349 1075 4399 est.
1132 4342 1339 4397 Hostes
1373 4342 1420 4395 si
1454 4340 1662 4394 volunt
1717 4344 2060 4398 conscensis

413 4435 582 4506 equis
614 4435 674 4489 in
705 4439 942 4488 nostros
974 4433 1264 4502 impetum
1304 4429 1519 4497 facere,
1562 4429 1835 4485 velitibus
1865 4448 1899 4485 a
1928 4431 2058 4487 loco

408 4524 627 4596 adjutis
658 4520 1104 4578 incommodum
1136 4519 1369 4573 nullum
1403 4518 1682 4585 inferent,
1716 4519 1818 4573 sed
1851 4537 1913 4574 se
1945 4521 2055 4591 ipsi

2188 3272 2529 3350 ἀξιολόγους.
2606 3276 2884 3340 Πείθεσθαί
2961 3297 3021 3330 τε
3097 3276 3281 3339 αὐτοῖς
3366 3278 3684 3352 προστάξεις
3738 3281 3831 3333 καὶ

2188 3360 2398 3417 ἅπαντα
2453 3364 2545 3418 τὸν
2606 3362 2734 3418 λαὸν
2792 3366 2877 3438 [Ρ.
2942 3369 3062 3441 165]
3110 3369 3217 3421 τῶν
3296 3371 3531 3435 πεζικῶν
3604 3366 3831 3438 τάξεων.

2185 3452 2334 3505 Μετά
2391 3447 2449 3505 δὲ
2503 3453 2563 3506 τὸ
2643 3452 2815 3514 οὕτως
2898 3461 3423 3528 παρασκευασθῆναι,
3501 3453 3829 3531 διαχωρίσαι

2185 3540 2297 3613 χρὴ
2330 3543 2437 3593 τῶν
2471 3540 2648 3611 ψιλῶν
2684 3540 2962 3616 ἀνδρείους
2991 3543 3081 3597 καὶ
3136 3549 3326 3618 ταχεῖς
3373 3549 3490 3606 τοῖς
3537 3544 3684 3614 ποσὶ,
3735 3546 3827 3601 καὶ

2184 3624 2484 3702 ἔμπροσθεν
2541 3631 2889 3701 ἁπουτεῖλαι,
2969 3636 3067 3687 τοῦ
3149 3632 3278 3707 σιγῇ
3351 3632 3656 3704 κατελθεῖν,
3734 3635 3828 3689 καί

2182 3711 2403 3792 ἔγγιστα
2456 3722 2563 3772 τῶν
2616 3719 2900 3793 πολεμίων
2978 3720 3240 3795 γενέσθαι,
3310 3721 3401 3776 καὶ
3496 3720 3831 3797 διορίσασθαι

2181 3805 2385 3873 αὐτοῖς,
2415 3807 2508 3860 ἳνα
2555 3812 2773 3881 πρῶτον
2837 3809 2931 3880 μὲν
2990 3810 3041 3863 οἱ
3099 3809 3150 3863 ἐν
3210 3814 3289 3881 τῷ
3349 3812 3495 3883 μέσῳ
3550 3812 3827 3884 ἱστάμενοι

2176 3896 2277 3963 τὴν
2310 3890 2629 3969 προσϐολὴν
2663 3899 3026 3968 ποιήσωνται,
3050 3899 3148 3962 εἷθ’
3178 3897 3352 3963 οὕτως
3397 3901 3449 3953 οἱ
3496 3894 3824 3973 ἔμπροσθεν.

2180 3984 2283 4038 Καὶ
2327 3984 2372 4038 εἷ
2445 3984 2538 4057 μὶν
2594 3985 2645 4054 ἐξ
2695 3986 3015 4064 ἀμφοτέρων
3061 3991 3168 4041 τῶν
3223 3992 3401 4063 μερῶν
3433 3990 3467 4058 ἡ
3498 3992 3596 4043 τοῦ
3650 3989 3822 4044 τόπου

2177 4072 2320 4136 θέσις
2378 4073 2741 4148 ὑψηλονέρως
2795 4074 2966 4152 φέρει,
3032 4075 3128 4138 τὰς
3185 4077 3405 4146 πεζικὰς
3461 4077 3634 4148 τάξεις
3684 4080 3822 4133 κατά

2173 4166 2278 4215 τῶν
2315 4161 2600 4235 πολεμίων
2631 4163 2676 4198 ⁸⁷
2712 4161 3044 4237 βαλλόμενοι
3075 4166 3126 4219 οἱ
3155 4160 3419 4238 πολὲμιοι
3446 4171 3561 4228 τοῖς
3590 4165 3648 4221 ἐκ
3698 4186 3837 4242 χει-γ

2175 4254 2282 4324 ρῶν
2342 4252 2431 4306 καὶ
2485 4248 2790 4329 σφενδονῶν
2847 4252 3024 4315 λίθοις
3082 4254 3172 4309 καὶ
3255 4253 3432 4324 τόξοις
3509 4256 3707 4318 ἄνωθεν
3763 4255 3815 4328 ἐξ

2173 4341 2462 4414 ἑκατέρων,
2492 4340 2733 4415 εὐχερῶς
2786 4341 3278 4413 καταλυθήσονται.
3310 4341 3375 4398 Εἰ
3414 4339 3470 4396 δὲ
3511 4342 3587 4414 μὴ
3636 4342 3812 4406 οὕτως

2171 4428 2289 4504 ἔχει
2346 4432 2380 4499 ἡ
2437 4434 2534 4484 τοῦ
2589 4431 2760 4485 τόπου
2819 4432 2979 4497 θέσις,
3033 4429 3157 4485 ἀλλ’
3215 4429 3267 4502 ἐξ
3322 4430 3439 4492 ἐνὸς
3492 4431 3690 4504 μέρους
3748 4433 3812 4487 τὸ

2172 4517 2383 4592 ὑψηλὸν
2422 4518 2751 4593 ὑπέρκειται,
2793 4521 2881 4574 καὶ
2934 4518 3193 4579 ὡσαύτως
3242 4517 3443 4582 ἐκεῖθεν
3493 4518 3817 4593 εὖχερὲστετ

405 4614 604 4686 potius
636 4628 847 4684 magno
870 4609 1138 4665 afﬁcient
1162 4608 1337 4663 malo.
1375 4609 1591 4663 Omnes
1623 4613 1820 4662 autem
1871 4610 2055 4680 pede-

2187 4628 2260 4661 ιον
2314 4611 2420 4661 τῶν
2483 4607 2648 4671 λίθων
2704 4609 2792 4662 καὶ
2848 4609 3016 4677 τόξων
3076 4606 3168 4669 τὰς
3232 4606 3400 4682 βολάς
3459 4610 3573 4662 κατ’
3632 4607 3811 4663 αὐτῶν

409 4707 561 4758 stres
593 4702 777 4773 copiae
827 4700 1035 4757 eodem
1094 4703 1357 4767 tempore
1417 4697 1726 4751 decurrere
1777 4698 2054 4768 utrinque

409 4790 649 4858 debent,
685 4789 962 4858 tubisque
995 4784 1450 4842 concinentibus
1479 4784 1801 4839 clamorem
1834 4791 1893 4839 et
1920 4786 2051 4841 bar-

407 4879 589 4933 ritum
613 4878 843 4933 tollere.
876 4877 1166 4946 Deinceps
1189 4874 1307 4929 dux
1328 4890 1564 4944 quoque
1585 4890 1619 4928 a
1644 4878 1804 4946 tergo
1836 4876 2055 4930 acriter

405 4967 680 5039 praalium
711 4966 1063 5022 committat.
1098 4967 1179 5019 Ac
1229 4964 1276 5017 si
1310 4968 1690 5033 perseverant
1730 4964 2050 5021 adversarii

404 5071 602 5125 neque
630 5055 783 5127 fugae
842 5070 904 5109 se
963 5051 1405 5119 commendant,
1461 5051 1714 5122 expediti
1757 5051 1960 5107 velites
1992 5060 2050 5108 et

400 5143 694 5215 praemissi
753 5141 1131 5213 antesignani
1168 5140 1385 5195 ducum
1417 5139 1854 5196 bortationibus
1892 5142 2040 5196 inci-

397 5232 561 5288 tandi
592 5236 751 5299 sunt,
786 5236 852 5285 ut
874 5247 1062 5300 usque
1088 5231 1145 5284 in
1171 5229 1553 5284 tabernacula
1573 5229 1832 5285 hostium
1861 5247 2040 5302 pene-

389 5326 570 5377 trent.
604 5319 668 5374 Id
698 5319 874 5374 facile
901 5318 1012 5372 erit
1039 5318 1197 5372 factu
1230 5322 1471 5387 propter
1491 5318 1754 5374 salebras
1785 5318 1919 5375 loci.
1955 5322 2041 5376 lta

384 5410 487 5466 ubi
510 5408 853 5480 occeperint
874 5421 1086 5460 manus
1114 5404 1361 5474 injicere
1386 5406 1574 5475 equis,
1606 5406 1801 5471 mulis,
1824 5408 2039 5464 instru-

2165 4696 2545 4768 πεμπέτωσαν.
2594 4696 2743 4765 [Ιλην
2804 4696 2862 4751 ἐκ
2912 4700 3008 4750 τοῦ
3062 4694 3347 4773 ἐφομάλου
3388 4694 3809 4770 ἐπιμελέστερον

2160 4778 2380 4858 ἔχεσθαι
2414 4781 2494 4838 δεῖ
2520 4787 2620 4849 τῆς
2659 4786 2866 4858 μάχης.
2923 4782 2983 4837 Εἰ
3026 4780 3084 4838 δὲ
3130 4783 3478 4859 βουληθῶσιν
3529 4785 3581 4838 οἱ
3637 4784 3808 4840 πολέ-

2164 4894 2283 4945 μιοι
2342 4869 2595 4941 ἐπιϐῆναι
2652 4872 2860 4943 ἳππων,
2919 4872 3008 4927 καὶ
3085 4874 3203 4927 κατ’
3283 4872 3458 4928 αὐτῶν
3537 4874 3804 4948 ὁρμῆσαι,

2158 4959 2312 5017 οὐδὲν
2351 4962 2444 5034 μὲν
2475 4967 2594 5024 τοῖς
2640 4960 2828 5035 ψιλοῖς
2890 4959 3058 5016 δεινὸν
3106 4961 3443 5037 ἐργάσονται,
3488 4966 3585 5017 τοῦ
3630 4962 3805 5019 τόπου

2159 5052 2487 5125 βοηθοῦντος
2515 5050 2724 5112 αὐτοῖς’
2780 5051 2994 5113 ἑαυτοῖς
3026 5047 3085 5105 δὲ
3131 5049 3345 5124 μᾶλλαν
3378 5048 3621 5126 μεγάλην
3663 5072 3801 5126 προ·

2152 5140 2434 5211 ξενήσουσι
2466 5133 2702 5214 βλάϐην.
2730 5133 3232 5214 Συγκαταϐήτωσαν
3267 5137 3324 5195 δὲ
3348 5160 3511 5195 πασαι
3538 5140 3593 5195 αἱ
3641 5147 3799 5210 πεζι-

2150 5228 2239 5282 καὶ
2267 5228 2442 5298 τάξεις
2475 5227 2525 5298 ἐξ
2558 5227 2881 5303 ἀμφοτέρων
2914 5232 3022 5283 τῶν
3051 5232 3254 5304 μερῶν,
3313 5228 3402 5283 καὶ
3454 5228 3799 5285 σαλπισάτω-

2149 5339 2241 5370 σαν
2278 5317 2477 5371 ἅπασαι
2543 5315 2679 5389 μετά
2734 5323 2977 5390 κραυγῆς
3028 5318 3115 5371 καὶ
3179 5315 3525 5392 ἀλαλαγμοῦ.
3576 5318 3802 5375 Ἔπειτα

2146 5406 2238 5461 καὶ
2270 5407 2296 5460 ὁ
2332 5404 2636 5480 στρατηγὸς
2667 5403 2728 5459 ἐκ
2753 5410 2864 5460 τῶν
2897 5402 3113 5460 ὄπισθεν
3148 5404 3395 5481 ἰσχυρῶς
3418 5408 3607 5481 ἁψάτω
3636 5408 3800 5463 ⁸⁸τοῦ

1590 5533 1647 5583 C.
1695 5531 1753 5583 Β.
1800 5532 1983 5588 HASIl
2018 5531 2572 5589 ANNOTATIONES.

446 5623 667 5699 Vespa:
696 5652 776 5699 Γ
805 5616 1117 5699 πολεμίων.
1158 5613 1407 5699 Videtur
1429 5616 1635 5699 deesse
1665 5617 1892 5699 aliquid
1922 5638 1934 5687 ;
1971 5621 2077 5676 nisi

2187 5620 2633 5699 ,_s_conjungere
2679 5619 2854 5699 ’Ξάξεις
2894 5637 3030 5676 cum
3084 5619 3232 5695 φέρει
3288 5626 3347 5675 et
3392 5622 3530 5675 κατὰ
3567 5641 3617 5678 τ.
3670 5619 3783 5676 πολ

377 5695 427 5730 ⁸⁸
457 5685 664 5767 etaim.
695 5695 849 5748 Fort.
884 5685 1127 5763 ἁψάσθω.
1165 5685 1254 5739 vel
1286 5686 1560 5761 ἀναψάτω,
1596 5685 1882 5759 sequente
1915 5685 2077 5747 accus

2187 5692 2272 5746 'id.
2308 5685 2655 5747 tamen-166.
2694 5692 2760 5746 D.
