4146 6302
285 398 442 458 1005

1582 395 2002 459 VELI'I‘ATIO
2046 396 2400 456 BlflLLICA.

3536 397 3691 458 1006

282 531 557 604 πολέμου.
587 533 690 589 Καὶ
723 533 766 586 εἰ
799 529 876 587 ἔτι
905 535 1254 607 καρτεροῦσιν
1305 533 1357 585 οἱ
1400 529 1690 603 πολέμιοι,
1729 531 1818 585 καὶ
1856 532 1930 601 μὴ

2057 536 2246 585 mento
2279 529 2557 596 hostium,
2608 528 3002 598 hominesque
3035 529 3182 586 251
3245 529 3308 584 in
3340 531 3678 586 servitutem

283 621 422 694 πρὸς
483 623 659 697 φυγὴν
717 622 1077 696 ὁρμήσουσιν,
1135 621 1184 674 οἱ
1256 627 1446 695 ταχείς
1519 620 1672 693 ψιλοὶ
1733 621 1821 674 καὶ
1884 621 1934 673 ol.

285 707 588 784 ἔμπροσθεν
687 708 1084 772 ἀποσταλέντες
1176 711 1691 783 παρορμηθήτωσαν
1791 709 1938 784 παρᾶ

281 802 391 852 τῶν
423 798 708 873 ἀρχόντων
739 797 934 870 αὐτῶν,
975 795 1125 851 ἔνδον
1179 797 1254 858 εἷς
1303 799 1399 858 τὰς
1450 799 1651 867 σκηνὰς
1681 805 1935 872 χωρῆσαι

283 893 393 942 τῶν
426 886 730 960 πολεμίων.
787 886 1023 962 Εὐχερές
1073 886 1175 960 γὰρ
1240 891 1404 940 τοῦτο
1437 882 1581 940 ἔσται
1615 886 1796 947 αὐτοῖς
1830 884 1936 939 ἀπὸ

285 983 389 1044 τῆς
447 981 542 1030 τοῦ
598 976 770 1030 τόπου
828 975 1229 1048 σκληρότητος.
1291 976 1391 1031 Καὶ
1452 975 1615 1044 ἡνίκα
1672 975 1934 1049 ἄρξωνται

290 1062 692 1138 ἀναλαμϐάνειν
741 1062 948 1126 ’ίππους
992 1061 1028 1132 ἤ
1079 1064 1346 1134 ἡμιόνους
1391 1064 1480 1118 καὶ
1513 1062 1801 1140 πράγματα
1828 1068 1934 1118 τῶν

289 1153 594 1227 πολεμίων,
644 1155 733 1208 καὶ
793 1155 1109 1228 ἀνθρώπους
1162 1151 1592 1229 ἀνδραποδίζειν,
1632 1154 1720 1208 καὶ
1787 1153 1936 1228 ἀρχὴ

287 1243 518 1312 τοιαύτη
611 1241 853 1315 γένηται,
931 1243 1268 1315 ὁρμήσουσιν
1346 1243 1572 1303 ἅπαντες
1677 1241 1752 1302 εἷς
1836 1244 1934 1310 τὴν

287 1331 544 1400 τοιαύτην
607 1330 935 1405 διαρπαγὴν,
994 1329 1082 1385 καὶ
1143 1327 1377 1407 ἀφειδῶς
1425 1328 1573 1385 ἔνδον
1616 1333 1935 1406 χωρήσουσι

288 1426 396 1475 τῶν
455 1424 689 1490 σκηνῶν,
752 1421 889 1497 ξίφει
949 1418 1142 1481 αὐτοὺς
1192 1420 1640 1481 κατακόπτοντες.
1691 1421 1782 1476 Καὶ
1815 1414 1940 1474 τὸτε

291 1510 422 1584 πρὸς
461 1510 634 1586 φυγὴν
672 1509 1005 1583 ὁρμήσουσιν
1059 1510 1310 1576 ἅπαντες,
1342 1507 1458 1563 ὅσοι
1494 1511 1586 1581 μὲν
1621 1507 1937 1583 ἰσχύσουσιν

288 1595 543 1668 ἐπιϐῆναι
573 1599 782 1666 ἳππων,
845 1599 894 1652 οἱ
955 1595 1012 1652 δὲ
1065 1599 1154 1652 καὶ
1213 1602 1375 1670 πεζῇ,
1434 1599 1506 1660 ὡς
1542 1597 1599 1652 ἂν
1631 1596 1935 1668 δυνηθῶσιν

288 1685 436 1760 ὅρεσί
467 1708 525 1741 τε
567 1687 656 1741 καὶ
702 1689 926 1764 φάραγξι
976 1682 1264 1758 κρυϐῆναι,
1296 1686 1384 1741 καὶ
1416 1687 1689 1761 σωτῆρίας
1725 1693 1936 1762 τυχεῖν,

290 1776 389 1832 limi
423 1777 468 1831 εἱ
497 1780 743 1831 τοιοῦτον
792 1780 860 1848 τῇ
917 1777 1146 1849 βοηθείᾳ
1193 1780 1289 1830 τοῦ
1337 1780 1470 1830 Θεοῦ
1499 1778 1719 1851 γενηται
1750 1779 1812 1832 τὸ
1840 1783 1938 1832 τοῦ

611 1241 853 1317 γένηται,

287 1865 537 1937 πολέμου
593 1867 758 1932 πέρας
841 1862 928 1918 δια
1014 1859 1312 1937 πρεσϐειῶν
1396 1871 1496 1933 τῆς
1556 1865 2015 1964 παναχράντουΒ

290 1954 499 2028 μητρὸς
528 1951 695 2008 αὐτοῦ
723 1953 812 2007 καὶ
857 1952 1147 2024 Θεοτόκου,
1201 1952 1352 2026 δόξαν
1391 1954 1484 2026 μὶν
1519 1955 1569 2008 οἱ
1597 1955 1742 2028 ἅγιοι
1779 1956 1936 2029 βασι-

289 2043 402 2104 λεῖς
439 2043 707 2116 λήψονται
752 2042 840 2097 καὶ
891 2045 1086 2117 κράτος
1139 2044 1276 2096 ἅπαν
1324 2043 1384 2096 τὸ
1433 2044 1742 2114 Ῥωμαϊκὸν
1776 2045 1932 2116 στρά-

284 2151 476 2204 τευμαο
543 2133 735 2204 μηκέτι
792 2135 898 2186 τῶν
958 2131 1244 2204 πολεμίων
1300 2133 1435 2186 κατᾶ
1493 2133 1782 2207 πρόσωπον
1843 2131 1935 2185 αὐ-

283 2226 393 2277 τῶν
424 2228 612 2290 στῆναι
647 2218 979 2292 δυναμένων.
1045 2219 1106 2276 El
1165 2218 1222 2274 δὲ
1278 2241 1340 2294 γε
1389 2220 1602 2293 ὁμαλοῦ
1634 2221 1938 2296 ἐπιτύχωσι

285 2312 476 2386 χώρου
533 2314 633 2376 τῆς
712 2311 920 2381 ἡμέρας
1000 2309 1412 2379 ἐπιφαινούσης,
1498 2311 1586 2364 καὶ
1645 2311 1721 2373 εἷς
1776 2311 1935 2368 αὗτὸν

284 2398 652 2467 καταλύσωσι,
713 2399 806 2459 τὰς
859 2399 1058 2468 σκηνὰς
1114 2404 1437 2470 πηξάμενοι,
1497 2399 1584 2453 καί
1645 2400 1743 2455 οὐκ
1783 2403 1940 2476 εὐχε..

286 2494 394 2565 ρῶς
426 2489 476 2544 ἐν
508 2492 588 2560 τῷ
616 2487 852 2560 τοιούτῳ
879 2489 1034 2559 τόπῳ
1063 2488 1153 2541 τὸν
1203 2487 1254 2541 ἐν
1300 2489 1448 2542 νυκτῖ
1483 2488 1727 2561 πόλεμον
1767 2490 1938 2563 ἁρμό-

292 2585 368 2647 ζει
470 2577 728 2652 γενέσθαιο
809 2574 889 2630 δεῖ
962 2577 1050 2632 τὸν
1129 2578 1430 2650 στρατηγὸν
1531 2578 1664 2649 μετᾶ
1753 2584 1938 2633 πασῶν

284 2673 393 2722 τῶν
459 2669 540 2740 [Ρ.
601 2669 725 2739 166]
790 2670 1023 2734 πεζικῶν
1081 2686 1140 2720 τε
1198 2667 1288 2720 καὶ
1356 2667 1596 2720 ἱππικῶν
1659 2664 1940 2740 δυνάμεων

293 2755 593 2829 ἔμπροσθεν
649 2752 849 2826 πάλιν.
886 2755 1146 2828 γενέσθαι,
1223 2753 1310 2808 καὶ
1366 2755 1434 2808 τὰ
1491 2754 1805 2828 ὑψηλότερα
1835 2761 1940 2810 τῶν

297 2845 438 2919 ὀρῶν
493 2849 808 2918 κατασχεῖν,
867 2842 955 2896 καὶ
1003 2843 1100 2910 τὴν
1152 2837 1394 2896 διάὸασιν
1445 2850 1546 2912 τῆς
1575 2842 1702 2897 ὀδοῦ
1736 2845 1946 2916 ὁμοίως

299 2929 721 3009 ἀσφαλίσασθαι.
758 2932 858 2988 Καὶ
917 2931 1028 2984 ἐπεὶ
1086 2936 1272 3001 πᾶσαι,
1333 2932 1404 2993 ὡς
1456 2927 1684 3008 ἔφημεν,
1737 2934 1790 2987 αἱ
1829 2931 1946 2988 ὁδοὶ

2045 621 2331 692 redigere,
2366 619 2671 689 semelque
2726 619 2934 672 harum
2966 634 3165 672 rerum
3197 618 3434 674 initium
3464 621 3684 676 factum

2047 717 2152 775 est,
2183 727 2391 764 omnes
2422 709 2495 764 ad
2527 709 2820 780 ejusmodi
2856 708 3251 780 direptionem
3285 716 3478 778 ruent,
3510 729 3689 766 caeco-

2046 817 2158 870 que
2184 800 2406 870 impetu
2431 798 2686 853 tentoria
2705 798 3072 865 invadentes,
3098 799 3456 854 obsistentes
3476 801 3690 872 gladiis

2045 887 2378 942 concident.
2405 889 2549 941 Tum
2572 903 2704 940 vero
2729 904 2936 941 omnes
2959 887 3019 940 in
3041 887 3237 958 fugam
3263 906 3322 942 se
3347 889 3698 960 conjicient,

2045 976 2262 1047 quibus
2284 976 2531 1030 facultas
2550 975 2660 1029 fuit
2682 976 2745 1030 in
2764 992 2947 1044 equos
2970 976 3296 1042 insiliendi,
3323 977 3422 1032 alii
3451 995 3689 1050 quoque

2046 1065 2318 1136 pedibus,
2351 1070 2527 1135 prout
2575 1065 2635 1118 in
2669 1069 2900 1118 montes
2963 1069 3021 1118 et
3049 1066 3346 1121 convalles
3377 1067 3594 1123 abdere
3627 1087 3690 1125 se

2047 1154 2299 1224 quisque
2329 1154 2565 1224 poterit,
2625 1153 2698 1207 ad
2733 1153 3107 1224 salutemque
3164 1157 3488 1225 pervenire.
3523 1158 3690 1222 Quod

2049 1242 2119 1308 si,
2145 1242 2540 1311 Deojuvante,
2567 1258 2671 1312 per
2692 1241 3184 1297 intercessionem
3206 1244 3690 1301 incontaminatis

2046 1330 2253 1384 matris
2268 1331 2397 1400 ejus
2418 1331 2678 1400 Deiparaa
2703 1330 2993 1400 ejusmodi
3013 1331 3690 1404 ﬁnemhabetpraalium,

2047 1425 2105 1473 et
2146 1420 2394 1491 gloriam
2451 1420 2639 1474 sancti
2697 1419 3108 1490 imperatores,
3142 1426 3200 1475 et
3247 1423 3691 1480 ﬁrmamentum

2047 1509 2333 1562 universaa
2364 1511 2765 1563 Romanorum
2796 1509 2980 1579 copia)
3012 1517 3440 1580 assequentur:
3495 1531 3688 1585 neque

2049 1599 2209 1653 enim
2239 1599 2496 1669 amplius
2527 1605 2736 1653 contra
2783 1599 2917 1653 illas
2952 1604 3106 1654 stare
3156 1601 3356 1656 hostes
3388 1608 3687 1672 poterunt.

2048 1690 2211 1756 Quod
2244 1691 2314 1757 si,
2374 1690 2636 1744 diluculo
2687 1691 3062 1761 pr0patulum
3121 1691 3315 1746 locum
3373 1695 3552 1759 nacti,
3610 1695 3691 1749 ibi

2050 1781 2388 1836 constitutis
2433 1780 2833 1834 tabernaculis
2863 1781 3261 1849 consederint,
3318 1801 3512 1854 neque
3543 1784 3689 1840 adeo

2049 1867 2304 1938 expedit,
2330 1867 2390 1921 in
2405 1867 2698 1938 ejusmodi
2715 1867 2840 1921 loco
2865 1867 3312 1924 dimicationem
3335 1877 3690 1927 nocturnam

2046 1957 2205 2010 ﬁeri:
2239 1961 2470 2026 oportet
2491 1954 2701 2010 ducem
2719 1973 2852 2010 cum
2879 1956 3254 2027 pedestribus
3282 1960 3685 2028 equestribus‘

2049 2061 2162 2115 que
2220 2045 2405 2115 copiis
2454 2043 2734 2098 omnibus
2793 2045 2990 2098 hostes
3042 2045 3258 2100 iterum
3315 2054 3686 2117 praevertere,

2046 2133 2458 2202 montiumque
2515 2132 2746 2203 fastigia
2775 2149 3084 2204 occupare,
3143 2140 3318 2206 atque
3363 2137 3536 2204 viam,
3571 2155 3689 2207 qua

2048 2221 2354 2276 transituri
2380 2221 2516 2288 sint,
2540 2222 2734 2275 denuo
2759 2221 3177 2278 intercludere.
3202 2227 3271 2277 Et
3293 2226 3595 2294 quoniam,
3621 2233 3689 2281 ut

2049 2313 2378 2374 docuimus,
2438 2312 2726 2366 universae
2757 2311 2830 2365 ad
2887 2312 3219 2366 barbariem
3265 2315 3548 2370 ducentes
3579 2318 3687 2371 vim

2048 2405 2111 2458 in
2169 2401 2445 2456 omnibus
2503 2419 2649 2472 quas
2682 2403 3018 2457 enumeravi
3078 2405 3452 2475 prOpriisque
3505 2407 3692 2461 oculis

2049 2492 2290 2548 lustravi
2365 2491 2701 2561 provinciis,
2763 2491 3038 2546 difficiles
3098 2499 3238 2547 sunt
3295 2510 3401 2564 per
3455 2501 3689 2550 montes

2051 2587 2363 2650 utramque
2379 2580 2680 2648 regionem
2694 2579 3462 2653 disterminantespropera
3477 2601 3692 2654 prreoc-

2052 2686 2268 2740 cupare
2301 2684 2504 2722 eorum
2538 2668 2876 2733 transitum,
2929 2674 2986 2722 et
3016 2669 3087 2723 ad
3122 2669 3289 2741 signa
3338 2677 3537 2741 aperte
3572 2672 3691 2726 illis

2053 2757 2364 2814 inferenda
2421 2757 2672 2811 fidenter
2702 2757 2928 2810 instrue
2961 2758 3176 2827 copias.
3238 2761 3307 2812 Et
3345 2761 3560 2814 Christi
3592 2762 3693 2815 Dei

2057 2848 2241 2902 nostri
2273 2846 2460 2919 gratia
2490 2845 2818 2917 superabis,
2844 2845 3098 2916 illosque
3121 2846 3400 2917 disjectos
3431 2856 3695 2905 extremo

2059 2938 2258 2991 trades
2291 2937 2490 2992 exitio.

301 3021 354 3075 αἱ
413 3021 547 3096 πρὸς
590 3021 684 3087 τήν
743 3019 1018 3093 πολεμίαν
1079 3019 1384 3093 εῗσάγουσαι
1448 3018 1536 3076 διὰ
1590 3026 1696 3075 τῶν
1757 3022 1902 3078 ὅλων
1960 3026 2006 3060 ⁸⁹
2053 3025 2126 3078 ὧν
2187 3023 2662 3099 ἀπηριθμησάμην
2717 3022 2962 3093 θεμάτων
3011 3023 3098 3076 καὶ
3129 3022 3353 3088 οἰκείοις
3383 3024 3694 3100 ὀφθαλμοῖς

297 3110 621 3181 ἐθεασάμην,
679 3104 932 3164 δύσϐατοι
986 3111 1351 3183 τυγχάνουσιν
1410 3109 1463 3164 ἐν
1522 3106 1668 3185 ὄρεσι
1720 3116 1836 3174 τοῖς
1897 3111 2196 3186 διορίζουσι
2253 3116 2348 3176 τας
2391 3114 2557 3188 ἄμφω
2605 3111 2818 3184 χώρας,
2860 3108 3055 3165 σπεῦδε
3102 3109 3538 3186 προκαταλαϐεῖν
3593 3117 3691 3184 τήν

297 3194 546 3254 διάϐασιν
612 3197 811 3265 αὐτῶν,
874 3200 960 3253 καὶ
1031 3199 1120 3252 τὸν
1188 3199 1322 3253 κατὰ
1388 3200 1676 3269 πρόσωπον
1746 3201 1920 3255 αὐτῶν
1993 3199 2326 3263 ἀδιστάκτως
2396 3198 2618 3254 διατίθει
2686 3199 2954 3272 πόλεμον.
3026 3199 3128 3257 Καὶ

3207 3202 3396 3274 χάριτι
3462 3206 3700 3278 Χριστοῦ

290 3291 389 3342 τοῦ
423 3291 555 3341 Θεοῦ
585 3289 746 3358 ἡμῶν
783 3285 1162 3363 ὑπερισχύσεις
1197 3287 1393 3358 αὐτῶν,
1425 3289 1514 3342 καὶ
1543 3288 1769 3351 τούτους
1801 3284 2123 3344 καταϐαλὼν
2153 3289 2346 3362 τελείῳ
2371 3287 2710 3363 παραδώσεις
2742 3290 3050 3365 ἀφανισμῷ,

268 3380 461 3446 Kl”).
499 3379 653 3470 ⁷ΚΕΣ.
732 3377 874 3470 Περὶ
931 3377 1111 3470 ἑτέρας
1179 3381 1560 3470 κατασχέσεωξ
1622 3375 1778 3468 ῥδοῦ,
1844 3386 1942 3448 τῆς

2057 3382 2201 3438 257
2240 3383 2370 3462 Car.
2401 3383 2565 3470 ᾎΧν.
2600 3383 2672 3436 De
2697 3381 2812 3470 alio
2843 3382 3004 3470 modo
3033 3382 3341 3470 ocpupqndi
3369 3384 3535 3447 viam,
3568 3397 3695 3454 quae

473 3447 548 3511 εἷς
576 3449 674 3516 τὴν
704 3443 996 3502 κατᾶϐασιν
1017 3443 1336 3524 ’δυσχωρίαν
1357 3443 1764 3518 Ἑιποτελούσης.

369 3537 424 3590 ι-λέ
459 3534 514 3590 δέ
547 3557 610 3610 γε
639 3539 672 3606 ἡ
706 3535 855 3605 ὁδὸς,
901 3538 961 3605 ἣν
1009 3538 1455 3615 ὑποστρέφουσιν,
1488 3538 1682 3611 εὑρεθῇ
1715 3539 1947 3614 φέρουσα

292 3632 408 3687 τοῖς
461 3625 751 3698 πολεμίοις
812 3626 870 3680 ἐκ
915 3632 1021 3681 τῶν
1083 3625 1304 3693 ἄνωθεν,
1359 3628 1447 3682 καὶ
1505 3626 1784 3701 ἐφόμαλός
1813 3627 1947 3698 ἐστι,

299 3720 374 3787 μή
435 3713 638 3789 ἔχουσα
691 3712 1024 3790 δυσχωρίας,
1080 3721 1177 3770 τοῦ
1233 3717 1367 3770 κατὰ
1420 3715 1711 3790 πρόσωπον
1773 3715 1948 3770 αὐτῶν

295 3805 631 3872 ἀντιστῆναι·
667 3803 793 3859 ἀλλ’
843 3805 1001 3873 ἡνίκα
1049 3806 1184 3880 πρὸς
1240 3807 1301 3859 τὸ
1324 3805 1615 3882 καταφερὲς
1662 3803 1948 3875 ἐπικλίνει,

295 3895 420 3948 τότε
450 3895 607 3962 στενή
641 3894 730 3947 καὶ
789 3889 1053 3956 δύσϐατός
1108 3893 1240 3965 ἐστι,
1297 3895 1608 3969 συγχέουσα
1651 3894 1745 3956 τὰς
1777 3915 1949 3968 παρα-

297 3983 470 4052 τάξεις
503 3982 702 4050 αὗτῶν,
761 3983 852 4036 καὶ
917 3982 1140 4056 ὀλίγους
1199 3981 1511 4058 διέρχεσθαι
1559 3984 1956 4066 ἀναγκάζουσα⁹

297 4072 386 4125 καὶ
435 4070 564 4134 τοὺς
614 4068 818 4132 ἄλλους
871 4071 1081 4143 ὁμοίως
1124 4074 1512 4145 παρασκευάζει
1545 4069 1953 4140 ἐπακολουθεῖν,

299 4161 390 4217 καὶ
423 4160 754 4237 διέρχεσθαιο
816 4160 867 4215 ἐν
929 4161 1156 4226 ἐκείνοις
1211 4167 1326 4223 τοῖς
1380 4159 1825 4223 στενωποῖςδέον
1859 4183 1957 4217 πε-

304 4251 454 4320 ζικὰς
505 4252 680 4322 τάξεις
738 4257 1067 4319 καταστῆσαι
1127 4247 1271 4315 ἔνθεν
1327 4251 1568 4314 κάκεῖθεν
1627 4255 1734 4306 τῶν
1787 4251 1956 4306 πολε-

307 4338 472 4411 μίων,
543 4336 638 4393 δύο
710 4341 804 4411 μὶν
866 4339 1001 4394 κατᾶ
1063 4341 1123 4394 τὸ
1191 4337 1385 4411 δεξιὸν,
1455 4338 1550 4393 δύο
1617 4337 1674 4394 δὲ
1733 4341 1867 4395 κατὰ
1897 4341 1958 4395 τὸ

304 4428 615 4500 εὐώνυμον,
675 4429 766 4482 ἀπ’
820 4426 1087 4498 ἀλλήλων
1151 4426 1577 4502 διακεκριμένοις.
1643 4426 1820 4484 Ἀλλά
1869 4429 1957 4484 καὶ

304 4516 366 4571 ἐκ
406 4520 513 4571 τῶν
564 4513 780 4580 ὄπισθεν
834 4516 909 4580 εἷς
957 4512 1129 4590 λὸχον
1175 4524 1503 4586 καταστῆσαι
1553 4522 1776 4586 πεζικοῦ
1827 4517 1960 4573 λαοῦ

306 4603 556 4677 δύναμιν,
622 4608 734 4678 μεθ’
803 4605 1009 4660 ἱππέων
1075 4607 1164 4660 καὶ
1228 4604 1494 4681 ἄρχοντος
1559 4604 1802 4679 ἀνδρείου
1867 4609 1957 4662 καὶ

303 4693 699 4765 ἐμπειροτάτου
732 4694 902 4768 (εἷ’περ
951 4695 1013 4748 τὸ
1064 4694 1356 4771 λεγόμενον
1391 4694 1524 4749 σάκα
1555 4694 1729 4749 αὐτῶν
1762 4694 1958 4750 ἄνωθεν

303 4781 622 4852 κατέλιπον,
667 4784 916 4847 ’ίστασθαι
967 4783 1055 4837 καὶ
1093 4786 1192 4853 τὴν
1246 4781 1368 4838 όδὸν
1429 4783 1763 4860 φυλάττειν)·
1813 4783 1958 4839 ἀλλὰ

310 4873 388 4944 μὴ
424 4872 701 4946 σύνεγγυς,
759 4871 897 4946 πρὸς
951 4873 1015 4926 τὸ
1074 4873 1150 4945 μὴ
1205 4870 1624 4945 διαγνωσθῆναι’
1659 4871 1747 4926 καὶ
1780 4873 1824 4926 εἱ
1862 4873 1956 4944 μὲν

309 4960 362 5014 οἱ
425 4959 498 5020 εἷς
551 4960 642 5014 τὸν
703 4957 877 5034 λόχον
939 4959 1219 5034 ἱστάμενοι
1279 4959 1480 5014 ἄνωθεν
1541 4959 1815 5035 πρόθυμοί
1858 4960 1958 5014 εἶσι

306 5050 688 5123 παρασυνάψαι
738 5049 1009 5122 πόλεμον,
1055 5049 1217 5119 ἡνίκα
1265 5050 1320 5103 αἱ
1371 5049 1608 5113 κάτωθεν
1643 5048 1958 5124 παρατάξεις

311 5138 475 5209 ἡμῶν
533 5138 814 5211 ἱστάμεναι
869 5139 1005 5192 γα.τά
1059 5142 1168 5193 τῶν
1222 5135 1525 5211 ἔμπροσθεν
1588 5135 1958 5213 διερχομένων

305 5224 595 5299 πολεμίων
622 5229 724 5295 τὴν
783 5222 1107 5301 προσϐολὴν
1166 5229 1528 5296 ποιήσωνται,
1561 5227 1959 5302 ἐξερχέσθωσαν

307 5314 402 5368 καὶ
452 5315 504 5368 οἱ
557 5315 634 5377 εἰς
672 5315 764 5370 τὸν
818 5313 990 5390 λόχον
1043 5314 1320 5388 ἱστάμενοι
1379 5315 1534 5384 πεζοί
1570 5336 1628 5370 τε
1656 5316 1744 5370 καὶ
1779 5316 1964 5379 ἱππεῖς

309 5404 403 5458 καὶ
456 5404 862 5460 ωναπτὲτωσαν
935 5403 1178 5478 πόλεμον
1246 5409 1362 5476 μετ’
1419 5405 1614 5467 αὐτοὺς
1669 5406 1803 5460 κατὰ
1859 5411 1966 5460 τῶν

2301 3453 2361 3507 in
2392 3454 2647 3507 descensu
2677 3453 3058 3521 difﬁcultatem
3089 3452 3266 3507 habet.

2129 3540 2181 3594 Si
2214 3546 2409 3595 autem
2444 3541 2553 3605 via,
2589 3557 2706 3610 qua
2736 3539 3040 3607 recedunt,
3065 3541 3362 3594 invenitur
3383 3558 3694 3596 ascensum

2055 3629 2257 3683 hostes
2287 3646 2486 3684 versus
2518 3628 2756 3694 habere,
2787 3645 3036 3699 esseque
3084 3629 3261 3698 plana
3291 3630 3514 3700 absque
3541 3630 3698 3684 sale-

2056 3718 2199 3779 bris,
2229 3722 2356 3771 uta
2410 3717 2602 3770 fronte
2633 3717 2866 3788 aggredi
2902 3717 3037 3771 illos
3090 3734 3385 3787 nequeas:
3421 3719 3518 3771 ubi
3564 3735 3697 3772 vero

2059 3808 2121 3861 in
2153 3806 2365 3860 vallem
2407 3823 2466 3860 se
2494 3806 2772 3872 demittit,
2823 3806 2904 3860 ibi
2935 3811 3096 3860 arcta
3127 3813 3302 3877 atque
3350 3824 3560 3877 aspera
3589 3812 3696 3874 est,

2061 3895 2416 3964 ordinesque
2467 3911 2673 3948 eorum
2727 3894 3058 3959 confundit,
3093 3900 3155 3950 ut
3205 3897 3377 3966 pauci
3413 3897 3702 3951 duntaxat

2064 3984 2317 4038 transire
2337 3983 2584 4053 possint,
2610 3983 2822 4053 reliqui
2839 3983 3121 4054 deinceps
3137 3985 3303 4055 sequi
3325 3991 3501 4056 atque
3518 3992 3703 4040 trans-

2065 4074 2297 4128 mittere
2325 4077 2647 4144 cogantur:
2709 4073 2769 4126 in
2801 4073 3093 4144 ejusmodi
3153 4075 3441 4144 angustiis
3473 4079 3706 4145 oportet

2064 4162 2370 4234 pedestres
2397 4161 2553 4215 acies
2585 4161 2658 4216 ad
2690 4167 3008 4232 utrumque
3031 4162 3184 4217 latus
3207 4163 3465 4218 hostium
3481 4164 3704 4219 consti«

2067 4251 2173 4319 tui,
2205 4250 2376 4304 binas
2407 4267 2441 4305 a
2470 4250 2694 4318 dextra,
2731 4250 3094 4322 totidemque
3125 4251 3292 4320 laeva,
3327 4253 3529 4307 relicto
3555 4253 3708 4307 inter

2066 4340 2200 4394 illas
2233 4339 2564 4393 intervallo.
2590 4340 2734 4394 Item
2759 4356 2792 4394 a
2813 4344 2974 4411 tergo
3001 4356 3205 4395 eorum
3231 4342 3292 4394 in
3325 4342 3560 4395 insidiis
3581 4342 3706 4396 col-

2066 4430 2197 4484 loca
2219 4429 2446 4500 pedites
2472 4427 2622 4482 bene
2645 4428 2864 4483 multos
2894 4445 3029 4482 cum
3052 4430 3321 4499 equitatu
3351 4435 3527 4500 atque
3558 4429 3707 4483 duce

2066 4518 2216 4573 forte
2248 4523 2307 4571 et
2352 4517 2712 4588 peritissimo
2747 4517 2817 4586 (si
2877 4517 3117 4587 quidem
3153 4517 3494 4588 praesidium
3551 4516 3708 4587 quod

2071 4625 2204 4663 saca
2233 4611 2492 4672 vocatur,
2557 4607 2616 4660 in
2649 4606 2795 4659 locis
2854 4606 3257 4676 superioribus
3316 4607 3708 4675 reliquerunt,

2069 4705 2137 4753 ut
2184 4704 2299 4752 stet
2353 4698 2623 4766 viamque
2657 4696 2986 4764 observet):
3050 4713 3240 4766 neque
3273 4703 3470 4751 tamen
3531 4697 3711 4750 nimis

2066 4803 2270 4858 prope,
2295 4791 2361 4840 ut
2381 4784 2762 4840 animadverti
2787 4801 2905 4837 non
2938 4785 3185 4854 possint.
3215 4785 3313 4838 His
3359 4801 3615 4856 superne
3650 4785 3711 4838 in

2067 4877 2333 4943 latebris,
2356 4876 2585 4941 locatis,
2619 4875 2982 4944 intentisque
3007 4875 3079 4929 ad
3113 4876 3384 4945 prznlium
3403 4893 3714 4932 conseren-

2068 4965 2230 5029 dum,
2267 4961 2502 5034 quando
2533 4962 2688 5016 acies
2715 4967 2932 5016 nostra;
2980 4961 3228 5017 inferius
3280 4967 3616 5020 constitutae
3651 4965 3712 5018 in

2069 5067 2280 5122 agmen
2311 5049 2570 5104 hostium
2603 5049 3088 5120 praetereuntium
3123 5051 3409 5122 impetum
3441 5053 3711 5123 fecerint,

2071 5141 2212 5194 item
2237 5139 2336 5209 qui
2360 5138 2420 5191 in
2440 5137 2675 5191 insidiis
2699 5137 3097 5193 subsederunt
3118 5140 3340 5195 milites
3364 5144 3715 5215 equitesque

2071 5228 2277 5291 coorti,
2306 5227 2484 5281 simul
2507 5243 2640 5280 cum
2661 5227 2778 5281 illis
2811 5244 3068 5299 pugnam
3094 5237 3407 5300 capessant
3436 5233 3716 5289 adversus

2072 5318 2291 5372 hostes.
2319 5316 2482 5381 Quod
2508 5316 2555 5369 si
2581 5315 2680 5386 qui
2707 5316 2764 5369 in
2789 5315 3022 5371 insidiis
3045 5319 3462 5390 consederunt,
3492 5322 3630 5377 inde
3654 5340 3716 5378 se

2075 5406 2386 5461 demittere
2410 5421 2530 5458 non
2554 5405 2792 5470 audent,
2820 5407 2958 5475 quia
2980 5423 3116 5461 saca
3137 5407 3198 5462 in
3221 5408 3349 5463 loco
3382 5427 3550 5482 mquo
3575 5427 3716 5465 con-

1488 5561 1549 5617 C.
1619 5561 1679 5614 B.
1748 5559 1936 5615 HASlI
1997 5557 2551 5615 ANNOTATIONES.

385 5673 435 5711 '9
465 5669 631 5746 ὅλων]
666 5671 852 5729 ὅπλων
883 5675 1052 5731 codd.
