4146 6302
497 439 655 502 1007
1506 437 1930 499 EXCERPTA
1975 434 2078 493 EX
2118 429 2512 493 HISTORIIS
2555 430 2883 493 ARABUM
3752 440 3883 502 {008

502 574 673 641 stitit,
706 572 1052 627 contineant
1102 588 1165 626 se
1197 571 1257 625 in
1314 570 1598 626 latebris:
1659 568 1760 624 sed
1793 567 2030 640 quando
2082 563 2139 620 id

2256 563 2563 637 πολεμίων.
2622 563 2689 620 Εἰ
2748 562 2806 619 δὶ
2857 564 2919 620 οὗ
2977 565 3339 642 θαρῥήσουσιν
3397 569 3454 623 o't
3506 568 3585 632 εἷς
3613 569 3705 625 τὸν
3735 569 3882 647 λόχον

498 662 803 719 discedere
831 660 904 716 ad
932 677 1187 731 suosque
1212 678 1272 716 se
1294 660 1557 732 recipere
1581 664 1829 714 conatur
1846 658 1960 727 (vix
1983 656 2135 711 enim

2254 654 2530 726 ἱστάμενοι
2588 654 2705 707 κατ’
2762 654 2931 709 αὐτοῦ
2999 653 3243 710 ἐπελθεῖν
3319 654 3589 729 κάτωθεν,
3649 660 3778 715 etim
3825 663 3884 724 εἰς

500 751 866 808 credendum
893 754 1000 817 est,
1028 750 1130 803 diu
1152 748 1584 820 perstiturum),
1608 747 1789 802 simul
1808 763 1876 802 ac
1892 763 2000 818 per
2029 745 2137 799 cli-

2254 740 2531 818 ἐφόμαλον
2580 742 2749 796 τόπον
2833 742 3150 814 ἱσταμένου,
3231 747 3644 820 καρτερήσωσιν
3694 748 3766 812 εἰς
3811 752 3884 805 τὸν

498 859 634 896 vum
659 839 968 895 demittere
994 855 1055 892 se
1080 837 1232 894 258
1264 837 1528 908 coeperit,
1562 835 1873 908 provolent
1902 834 2135 889 insidia-

2258 828 2454 906 λόχον.
2487 831 2590 887 Καὶ
2621 829 2735 886 ἐπεὶ
2786 832 2919 886 αὐτὸ
2974 829 3205 896 διελθεῖν
3264 834 3640 909 κατεπείγεται
3668 838 3750 892 καὶ
3778 838 3883 903 τοὺς

500 936 690 984 tores:
726 928 933 998 viaque
965 926 1210 981 obsessa
1239 931 1416 997 atque
1448 926 1595 980 locis
1627 924 2034 996 superioribus
2058 940 2137 977 oc-

2258 916 2432 981 ἰδίους
2490 912 2820 974 καταλαϐεῖν
2878 920 2964 995 (οὗ
3022 920 3122 997 γὰρ
3183 920 3294 977 ἐστι
3348 927 3459 977 τῶν
3513 921 3883 1000 ἐνδεχομένων,

502 1019 752 1089 cupatis,
774 1016 832 1070 in
858 1017 998 1072 illos
1021 1017 1309 1088 impetum
1329 1016 1570 1071 faciant.
1595 1017 1776 1082 Tunc,
1795 1032 1830 1070 a
1852 1012 2139 1069 militibus

2256 1009 2427 1064 ἐκεῖσε
2483 1007 2571 1063 ἐπὶ
2628 1008 2773 1065 πολὺ
2828 1008 3120 1083 ἳστασθαι),
3179 1015 3261 1086 [Ρ.
3322 1016 3445 1088 167]
3501 1016 3668 1085 ἡνίκα
3709 1019 3800 1081 τῆς
3828 1018 3886 1081 εἰς

497 1108 632 1162 telis
662 1106 906 1178 appetiti
937 1105 1171 1175 locique
1195 1105 1508 1175 iniquitate
1548 1104 1760 1176 pressi,
1788 1103 2065 1157 resistere
2088 1107 2134 1156 et

2255 1093 2546 1153 κατάϐασιν
2610 1098 2881 1175 φερούσης
2954 1097 3084 1156 ὀδοῦ
3142 1096 3499 1173 ἐπιλάϐηται,
3557 1104 3648 1158 καὶ
3700 1104 3886 1181 ἐξερχέ-

498 1211 830 1267 repugnare
860 1211 979 1249 non
1013 1198 1291 1265 peterunt
1316 1212 1328 1248 :
1353 1193 1478 1260 sed,
1503 1194 1563 1247 in
1587 1192 1872 1265 angustiis
1896 1191 1966 1246 ab
1990 1191 2135 1245 acie-

2251 1189 2457 1243 σθωσαν
2510 1189 2560 1243 οἱ
2611 1187 2663 1243 ἐν
2720 1194 2801 1262 τῷ
2862 1188 3042 1265 λόχῳ·
3100 1190 3189 1244 καὶ
3239 1193 3338 1258 τήν
3389 1190 3521 1246 ὁδὸν
3555 1195 3888 1269 κατασχόντες

496 1284 608 1339 bus
639 1284 880 1351 nostris,
915 1300 1046 1354 quas
1079 1282 1327 1337 inferius
1358 1286 1645 1337 steterant
1682 1280 1971 1347 afﬂictati,
2006 1296 2133 1334 suos

2249 1277 2339 1332 καὶ
2397 1278 2457 1332 ὲκ
2511 1283 2616 1332 τῶν
2689 1276 2893 1333 ἄνωθεν
2967 1279 3144 1333 αὐτῶν
3199 1280 3510 1356 γενόμενοι,
3565 1284 3681 1337 κατ’
3736 1283 3882 1337 αὐτῶν

496 1374 732 1444 assequi
781 1371 1207 1443 properabunt,
1242 1388 1343 1443 spe
1401 1370 1750 1426 transeundi
1781 1370 2133 1439 domumque

2251 1366 2671 1441 ὀρμησοὶτωσαν.
2759 1367 2862 1424 Καὶ
2939 1367 3003 1422 οὔ
3073 1366 3400 1438 δυνήσονται
3452 1370 3761 1439 ἀντιστῆναι
3812 1381 3886 1435 καὶ

495 1461 900 1535 perveniendi.
952 1461 1188 1515 Atenim
1222 1460 1469 1515 minime
1514 1460 1574 1514 id
1605 1459 1727 1514 illis
1760 1457 2055 1524 succedet,
2090 1458 2132 1511 si

2252 1455 2578 1528 ἀμύνασθαι,
2629 1458 2757 1531 παρ’
2807 1455 2982 1512 αὐτῶν
3032 1457 3396 1531 βαλλόμενοι,
3446 1464 3548 1514 τοῦ
3595 1460 3761 1514 τόπου
3807 1460 3883 1515 αὖ·

494 1553 736 1625 quidem
760 1568 827 1606 eo
851 1566 1027 1622 quem
1047 1550 1618 1621 exposuimusmodo
1639 1549 1909 1621 praelium
1932 1548 2131 1604 adver-

2249 1550 2366 1607 τοῖς
2438 1544 2878 1617 ἐναντιουμένου·
2940 1544 3085 1601 ἀλλὰ
3157 1547 3449 1602 σπεύσουσι
3523 1548 3659 1613 τοὺς
3738 1547 3884 1611 ἰδίους

498 1659 598 1697 sus
630 1642 766 1696 illos
785 1640 1257 1708 administratur,
1278 1639 1380 1694 sed
1400 1639 1682 1711 praeclare
1715 1638 2135 1710 expugnabun-

2248 1629 2599 1705 καταλαϐεῖν,
2656 1632 3067 1708 πολεμούμενοι
3122 1635 3175 1691 ἐν
3232 1643 3350 1701 τοῖς
3411 1640 3724 1712 στενώμασι
3763 1639 3885 1713 παρᾶ

496 1737 613 1798 tur,
645 1747 755 1801 ope
786 1730 904 1784 veri
968 1729 1071 1783 Dei
1104 1730 1291 1783 nostri
1318 1745 1331 1783 :
1365 1729 1459 1784 cui
1518 1728 1705 1801 gloria
1735 1734 1794 1783 et
1846 1728 2133 1799 potentia,

2247 1726 2353 1778 τῶν
2432 1724 2669 1786 κάτωθεν
2749 1725 2908 1796 ἡμῶν
2997 1724 3300 1796 ἱσταμένων
3378 1727 3754 1798 παρατάξεων,
3831 1725 3883 1781 ἐπ

495 1835 631 1875 cum
662 1819 809 1873 Filio
841 1823 900 1872 et
945 1818 1163 1889 Spiritu
1196 1823 1422 1883 sancto,
1467 1835 1647 1885 nunc,
1679 1823 1737 1871 et
1792 1833 2044 1887 semper,
2078 1821 2132 1870 et

2248 1808 2431 1866 ἰλπίδι
2462 1808 2717 1884 διελθεῖν,
2748 1812 2836 1867 καὶ
2866 1814 2964 1881 τὴν
2999 1810 3142 1868 ἰδίαν
3172 1810 3525 1871 καταλαϐεῖν.
3561 1814 3714 1873 Ἀλλ’
3746 1806 3885 1871 οὐδα-’

491 1909 555 1964 in
588 1907 804 1964 saacula
833 1906 1207 1963 saeculorum.
1243 1911 1451 1962 Amen.

2249 1906 2366 1975 μῶς
2415 1900 2612 1956 τούτου
2665 1901 3019 1978 ἐπιτύχωσιν,
3083 1903 3233 1981 εἰπερ
3294 1904 3362 1975 δὴ
3424 1906 3501 1968 ὡς
3563 1904 3879 1979 ἐξεθὲψιεθαὸ

492 1996 610 2051 κατ’
641 1994 815 2050 αὐτῶν
847 1997 1264 2067 παρασκευασθῇ
1318 1993 1588 2066 πόλεμος,
1654 1992 1869 2066 μᾶλλον
1931 1990 1989 2046 δὲ
2045 1992 2181 2047 κατὰ
2232 1993 2432 2066 κράτος
2480 1991 2904 2063 ἧττηθήσονται,
2953 1992 3042 2047 an:
3085 1998 3183 2048 τοῦ
3233 1993 3502 2064 ἀληθινοῦ
3551 1998 3684 2051 Θεοῦ
3724 1997 3877 2068 ἡμῶν·

491 2087 538 2159 ᾧ
568 2088 602 2155 ἡ
637 2082 763 2157 δόξα
791 2084 881 2138 καὶ
909 2084 972 2138 τὸ
1013 2083 1233 2159 κράτος,
1266 2083 1357 2137 σὺν
1387 2083 1477 2138 καὶ
1505 2087 1585 2155 τῷ
1616 2083 1751 2157 ἁγίῳ
1774 2082 2066 2157 Πνεύματι,
2100 2085 2216 2155 νῦν,
2246 2081 2336 2136 καὶ
2367 2081 2471 2151 ἀεὶ,
2504 2081 2592 2136 καὶ
2624 2081 2699 2143 εἰς
2728 2082 2853 2144 τοὺς
2885 2082 3086 2145 αἰῶνας
3115 2087 3222 2138 τῶν
3255 2083 3496 2143 αἰώνων.
3528 2085 3723 2158 Ἀμὴν.

760 2173 921 2229 Finis
952 2190 1087 2229 cum
1117 2175 1235 2229 Deo
1260 2172 1398 2228 libri
1430 2173 1501 2227 de
1527 2189 1590 2228 re
1621 2172 1885 2228 militari.

2602 2170 2771 2235 Τέλος
2811 2170 2904 2226 σὺν
2952 2176 3072 2245 Θεῷ
3118 2177 3220 2227 τοῦ
3266 2178 3546 2232 τακτικοῦ.

1755 2538 2645 2663 EXCERPTA

907 2733 1009 2793 EX
1040 2732 1421 2794 HlSTORllS
1465 2733 1796 2796 ARABUM
1829 2735 1930 2794 DE
1979 2735 2644 2799 EXPEDITIONIBUS
2675 2738 3034 2802 SYRlACIS
3083 2740 3513 2803 NICEPHORI

1574 2840 1853 2901 PHOCIE
1902 2841 2001 2901 ET
2042 2840 2380 2903 JOANNIS
2424 2843 2836 2907 TZIMISCIS.

1930 2946 2054 3018 (Ed.
2085 2946 2271 3004 Bonn.
2305 2949 2487 3021 1828.)

1351 3148 1734 3211 Christianus
1760 3148 2076 3210 Lassem'us
2103 3149 2277 3212 Phil.
2309 3152 2388 3214 Β.
2425 3151 2741 3216 lectoribus
2770 3156 2842 3218 S.
2875 3156 2950 3218 P.
2989 3157 3066 3219 Β.

590 3240 851 3319 Rogavit
878 3257 975 3299 me
1004 3238 1100 3298 vir
1124 3237 1386 3297 illustris
1413 3238 1802 3298 Niebuhrius
1824 3245 1891 3297 ut
1914 3240 1990 3298 ad
2029 3259 2279 3313 novam,
2325 3261 2466 3320 quae
2490 3262 2636 3304 mox
2665 3246 2964 3324 prodibit,
3006 3248 3232 3310 Leonis
3284 3249 3546 3311 Diaconi
3576 3246 3877 3311 editionem

507 3329 938 3392 adornandum
970 3345 1048 3387 ex
1096 3325 1385 3386 Arabicis
1432 3325 1630 3400 libris,
1678 3344 1945 3404 quorum
1991 3330 2518 3391 consulendorum
2563 3332 2627 3391 in
2667 3333 2786 3394 hac
2829 3335 2983 3396 urbe
3032 3336 3187 3397 mihi
3216 3337 3487 3399 facultas
3537 3339 3681 3399 data
3718 3339 3874 3403 esset.

509 3434 868 3494 excrperem
904 3433 1047 3493 quas
1077 3415 1154 3474 ad
1206 3414 1413 3503 resab
1453 3415 1938 3492 imperatoribus
1986 3417 2339 3496 Nicephoro
2384 3419 2597 3481 Phoca
2626 3428 2688 3481 et
2714 3424 2959 3484 Joanne
3000 3425 3302 3487 Tzimisce
3339 3427 3403 3486 in
3436 3428 3682 3488 Oriente
3700 3428 3874 3503 gestas

509 3503 1249 3593 illustrandaetacerent,
1295 3502 1494 3572 Quam
1527 3502 1922 3593 occasionem
1954 3505 2034 3564 ad
2066 3505 2326 3566 istorum
2360 3512 2715 3587 temporum
2749 3512 3078 3573 historiam
3126 3516 3625 3593 perspiciendum
3664 3502 3869 3589 aliquid

512 3612 585 3651 ex
631 3590 1042 3683 orientalibus
1076 3591 1351 3683 fon-tibus
1377 3590 1757 3683 conferendi
1810 3599 2066 3683 prepter
2098 3595 2327 3653 summi
2359 3597 2474 3656 viri
2504 3600 2673 3677 apud
2710 3620 2805 3661 me
2836 3590 3292 3663 auctoritatem
3309 3610 3372 3663 et
3414 3604 3716 3683 insignem
3744 3615 3870 3675 erga

514 3700 608 3741 mc
642 3679 1137 3741 benevolentiam
1175 3678 1588 3740 libentissime
1619 3679 1881 3757 arripui.
1937 3682 2284 3760 Diligenter
2314 3684 2508 3761 igitur
2538 3688 2645 3766 qui
2677 3690 2833 3750 mibi
2881 3698 3110 3768 praesto
3151 3700 3357 3752 essent
3388 3678 3664 3755 historiae
3692 3688 3867 3750 orien-

513 3770 652 3829 talis
711 3769 1057 3857 scriptores,
1079 3768 1338 3845 perlegi,
1374 3787 1452 3827 ex
1482 3767 1712 3854 quibus
1741 3787 1883 3846 quas
1912 3771 2215 3850 excerpsi,
2251 3773 2373 3833 hoc
2399 3775 2618 3837 ordine
2649 3767 2952 3857 disposui.

586 3859 793 3950 Primo
815 3859 950 3950 loco
966 3856 1543 3950 exbibuiexcerpta
1565 3877 1641 3916 ex
1659 3857 2115 3950 Abulpharagii
2137 3861 2264 3921 sive
2281 3856 2965 3930 BarbebrmiChronico
2990 3870 3271 3950 Syriaco,
3297 3872 3469 3949 quod
3494 3866 3871 3947 quadraginta

510 3948 737 4006 abhinc
759 3946 938 4005 annis
961 3944 1196 4022 publici
1215 3945 1376 4020 juris
1394 3946 1675 4004 fecerunt
1695 3947 1767 4006 V.
1793 3948 1863 4007 V.
1886 3951 1956 4008 D.
1982 3951 2055 4009 D.
2077 3953 2147 4010 P.
2173 3953 2224 4010 Ι.
2250 3953 2471 4027 Bruns,
2498 3956 2811 4032 professor
2834 3944 3368 4033 Helmstadiensis,
3393 3968 3456 4021 et
3476 3944 3551 4022 Θ.
3570 3961 3637 4021 G.
3660 3944 3867 4020 Kirsch,

507 4042 717 4095 rector
744 4033 1048 4093 Hofensis.
1084 4037 1321 4123 Auctor
1349 4033 1639 4123 Chronici
1679 4035 1955 4095 medicus
1987 4038 2103 4097 fuit
2144 4040 2582 4116 Melitenensis,
2620 4046 2923 4123 religione
2954 4050 3381 4120 Christianus;
3418 4049 3731 4110 historiam
3760 4039 3868 4102 uni-

511 4123 816 4212 versalem
850 4122 1231 4212 apcreatione
1268 4122 1484 4180 mundi
1535 4141 1729 4200 usque
1762 4124 1842 4182 ad
1874 4124 2059 4185 ﬁnem
2111 4129 2325 4188 seaculi
2353 4130 2579 4191 decimi
2615 4122 2777 4194 tertii
2821 4138 3180 4197 summatim
3216 4144 3279 4200 et
3306 4139 3581 4201 breviter
3620 4127 3868 4212 exposuit

512 4210 820 4288 libro,qui
838 4208 1090 4268 minime
1113 4212 1888 4282 estcontcmnendus,dum
1912 4214 2289 4291 copiosiores
2310 4224 2372 4276 et
2387 4223 2803 4284 accuratiores
2816 4226 3146 4286 Orientalis
3158 4227 3436 4290 historiae
3457 4208 3870 4292 commentarii,

509 4299 772 4389 Arabica
806 4296 1145 4389 maximam
1180 4304 1421 4389 partem
1456 4298 1796 4377 conscripti
1820 4300 2056 4378 lingua,
2093 4303 2335 4365 scriniis
2367 4309 2597 4385 sepulti
2626 4318 2685 4370 et
2718 4313 3107 4374 curiosorum
3140 4318 3338 4377 oculis
3366 4315 3630 4378 detracti
3666 4310 3863 4389 jacent-

512 4392 577 4479 lu
614 4388 800 4479 libro,
831 4386 907 4479 de
940 4403 1065 4479 quo
1099 4385 1160 4444 l1.
1197 4387 1243 4479 Ι..
1278 4385 1527 4461 dicitur,
1570 4390 2008 4479 componendo
2040 4391 2257 4469 lingua
2283 4413 2427 4455 usus
2457 4403 2549 4456 est
2571 4399 3084 4479 Abulpharagius
3116 4406 3203 4477 (in
3232 4406 3476 4467 caeteris
3502 4407 3624 4466 fere
3641 4385 3867 4463 Arabice

506 4474 811 4555 loquitur)
834 4472 1116 4553 Syriaca,
1134 4473 1313 4572 cujus
1343 4493 1482 4572 cum
1512 4494 1767 4572 prorsus
1796 4476 1909 4536 sim
1931 4478 2208 4555 ignarus,
2233 4482 2310 4543 de
2330 4472 2847 4563 interpretatione
2870 4472 3331 4572 nullum‘penes
3354 4513 3450 4554 me
3470 4486 3864 4570 estjudicium.
3958 4485 3964 4492 ’

505 4583 872 4662 quanquam
906 4569 1250 4662 comparet,
1287 4564 1446 4623 adeo
1500 4564 1831 4662 verborum
1869 4573 2119 4662 tenaces
2168 4570 2355 4630 fuisse
2404 4574 2799 4653 interpretes,
2834 4586 2898 4639 ut
2929 4564 3216 4642 sermone
3266 4599 3494 4662 parum
3543 4564 3751 4644 Latino
3793 4566 3868 4629 usi

509 4656 633 4715 sint
668 4672 681 4728 ;
708 4660 987 4714 attamen
1022 4652 1277 4745 difficile
1306 4672 1455 4745 sane
1486 4653 1860 4745 est,ingen_io
1894 4654 2255 4733 linguarum
2273 4652 2689 4724 Orientalium
2720 4670 3198 4731 accommodare
3227 4652 3607 4745 L-atinam,et
3630 4675 3864 4743 saepenu-

515 4764 686 4835 moro
718 4760 938 4835 vereor
968 4758 1046 4835 ne
1088 4741 1251 4801 idem
1286 4742 1457 4821 quod
1477 4760 1620 4801 mox
1652 4741 1717 4800 in
1748 4742 1887 4802 aliis
1919 4744 2330 4823 castigabam,
2367 4752 2473 4811 alii
2503 4752 2567 4811 in
2601 4771 2698 4814 me
2727 4756 3093 4835 castigaturi
3121 4760 3267 4820 sint.

592 4829 1146 4926 Abulpliaragium-
1162 4831 1485 4926 excipiunt
1502 4838 1799 4926 escerpta
1821 4850 1894 4891 ex
1921 4835 2262 4926 Annalibus
2283 4840 2636 4914 Abulfedae,
2664 4865 2700 4903 a
2722 4829 2975 4906 Reisltio
3000 4848 3217 4908 Latine
3235 4848 3494 4910 redditis
3515 4854 3572 4911 et
3592 4847 3718 4926 post
3736 4848 3866 4926 πηοτ-

510 4927 637 4980 tem
663 4921 776 4980 viri
806 4922 1153 4984 doctissimi
1178 4926 1239 4979 et
1268 4920 1500 4998 linguae
1531 4920 1813 4980 Arabica:
1859 4923 2145 4999 apprime
2202 4928 2386 5002 periti
2440 4934 2704 4994 Arabice
2745 4942 2804 4996 et
2835 4937 3053 4996 Latine
3081 4936 3263 4997 editis
3293 4939 3373 4998 ab
3401 4940 3458 5000 J.
3495 4943 3564 4999 G.
3593 4920 3657 4997 tl.
3689 4924 3863 5003 Adler,

510 5009 859 5105 professors
888 5009 1234 5105 llafniensi.
1260 5009 1463 5105 Notus
1478 5014 1571 5068 est
1593 5016 1815 5105 auctor
1830 5028 2038 5105 neque
2059 5012 2347 5105 instituta
2379 5020 2454 5079 de
2485 5041 2558 5082 eo
2581 5024 3007 5103 disputatione
3031 5032 3282 5105 tempus
3301 5027 3599 5089 obsidebo
3635 5009 3859 5081 tectoria.

504 5096 593 5194 1:3):
626 5098 789 5194 notis
824 5099 1169 5194 Reiskianis
1199 5115 1304 5157 eas
1335 5103 1584 5157 tantum
1619 5098 1872 5171 retinui,
1901 5119 2042 5178 quae
2072 5102 2260 5163 rebus
2289 5096 2707 5172 dilucidandis
2734 5113 3131 5181 inservirent.
3163 5096 3435 5186 caeteris.
3470 5131 3606 5194 qua
3633 5113 3741 5169 huc
3766 5108 3862 5159 οοη

508 5187 805 5259 facerent,
843 5188 1112 5248 omissis.

586 5276 673 5333 Ex
700 5274 1303 5371 Elmacinihistoria
1319 5272 1854 5371 Saracenicaquaa
1875 5294 2332 5359 excerpseram,
2361 5290 2617 5352 omnino
2641 5291 2843 5364 omisi,
2870 5310 3017 5353 cum
3038 5293 3512 5371 comparatione
3531 5293 3683 5352 facta
3703 5272 3856 5371 vidis.-

503 5378 665 5460 se_m,_
692 5362 780 5460 nil
814 5363 940 5460 fere
973 5364 1052 5424 ab
1082 5382 1156 5460 eo
1176 5360 1509 5460 memoriae
1552 5363 1871 5439 proditum
1903 5356 2113 5442 tuisse,
2150 5356 2328 5450 quod
2371 5396 2498 5438 non
2549 5356 2841 5459 copiosus
2870 5387 2932 5442 et
2963 5356 3202 5442 melius.
3215 5381 3349 5460 jam
3396 5381 3683 5443 traditum
3708 5367 3774 5428 δίε
3796 5356 3858 5419 αδ

506 5450 983 5530 Abulpharagio
1032 5459 1093 5513 et
1121 5450 1450 5513 Abulfeda.

585 5542 1101 5636 gitimodenique
1116 5542 1253 5601 loco
1274 5539 1496 5636 Latine
1522 5539 1971 5636 interpretatus
1991 5565 2127 5606 sum
2156 5557 2399 5627 partem
2428 5555 2645 5636 libelli,
2662 5563 2804 5618 ante
2828 5559 2944 5619 hos
2965 5565 3108 5620 octo
3134 5577 3333 5620 annos
3355 5560 3506 5621 editi
3526 5577 3561 5620 a
3578 5556 3641 5617 ν.
3661 5540 3854 5611 clariss-

490 5630 559 5728 β.
577 5632 674 5691 W.
701 5630 1241 5728 Freitagitnlingg.
1263 5627 1608 5728 Qrienttin
1627 5627 1741 5726 hac
1759 5633 2089 5728 Academia
2108 5641 2269 5728 prof.
2288 5644 2461 5719 publ.
2479 5627 2682 5707 ordin.
2699 5667 2905 5723 ,quem
2922 5649 3152 5726 linguai
3168 5649 3445 5711 Arabicae
3463 5638 3855 5728 praceptoremi

486 5718 619 5798 ipse
653 5739 936 5794 veneror,
971 5720 1089 5780 hoc
1119 5719 1233 5777 sub
1266 5715 1448 5775 titulo
1470 5736 1492 5773 ,ο
1521 5716 1863 5798 Regierung
1896 5720 1996 5782 des
2022 5709 2556 5795 SacM-Adduam
2578 5753 2655 5796 xu
2675 5709 2935 5819 A'leppo.
2957 5709 3090 5801 Αἶιε
3105 5738 3268 5799 ez'ner
3303 5709 3673 5801 Αντιόιὲοήῌῖ
3688 5709 3858 5787 Hand
