4152 6312
364 385 522 446 1009
1151 396 1253 457 DE
1296 396 1759 462 NICEPHORO
1802 401 2065 462 PHOCA
2112 402 2210 461 ET
2251 400 2554 461 JOANNE
2597 401 2992 464 TZIMISCE.
3627 402 3782 465 lOlO

359 515 587 596 schri/t
631 521 1104 615 herazwgegeben
1141 546 1253 587 von
1289 534 1362 593 θ.
1409 531 1498 592 W.
1551 531 1819 613 Freitag.
1851 537 2084 595 Textus
2133 534 2461 606 Arabicus,
2496 535 2606 613 qui
2647 535 2746 595 hic
2779 535 3052 615 primum
3083 535 3248 614 typis
3279 534 3629 613 exscriptus
3659 540 3778 595 est:
3859 558 3861 560 ·

362 615 697 703 excerptas
725 620 879 672 este
929 614 1143 676 codice
1172 619 1444 680 Arabico
1486 621 1842 690 Parisiensi,
1889 624 2070 702 cujus
2101 631 2343 702 partem
2378 623 2511 699 jam
2545 631 2730 685 antea
2777 614 3190 703 publicijuris
3223 626 3451 684 fecerat
3481 623 3644 682 idem
3689 624 3782 692 vir

361 697 748 792 doctus,hoc
768 703 972 766 indice
1001 725 1015 765 :
1053 710 1286 773 Selecta
1318 733 1394 773 ex
1415 712 1668 773 historia
1688 697 2016 784 Halébz'ed
2039 697 2216 776 GSW.
2242 697 2511 792 Freitag.
2537 697 2795 776 Lutetiae
2822 697 3232 776 Parisiorum.
3252 719 3428 775 1819.
3450 715 3781 775 Przentissa

361 793 456 847 est
482 790 738 883 copiosa
759 800 822 853 et
847 794 1026 856 bonae
1047 799 1243 877 frugis
1265 804 1448 880 plena
1469 803 1726 862 editoris
1757 805 2066 881 praefatio,
2092 805 2155 864 in
2181 823 2307 882 qua
2339 804 2414 863 de
2445 790 2718 864 auctoris
2751 805 2877 864 vita
2899 811 2961 865 et
2990 806 3111 866 ﬁde
3135 807 3296 866 libro
3327 805 3462 883 ejus
3488 804 3776 863 habenda

363 886 654 972 ggquiate
673 881 1064 972 disputatum
1089 897 1219 963 est;
1247 894 1536 953 brevibus
1558 893 1747 970 igitur
1769 893 1833 953 h.
1860 895 1900 953 ι.
1925 913 2057 954 rem
2082 881 2376 972 expedire
2400 913 2677 972 possum.
2709 898 2903 954 Natus
2925 902 3017 955 est
3047 902 3267 956 auctor
3288 881 3454 955 anno
3494 893 3775 954 Arabum

511 969 770 1064 lilalgbi;
799 993 1027 1036 nomen
1051 979 1110 1037 ei
1137 980 1254 1039 fuit
1275 981 1552 1042 Ohmaro
1573 968 1977 1043 ben-Ahmed
2007 1003 2020 1056 ;
2047 968 2418 1060 designatur
2430 990 2640 1043 autem
2667 984 3035 1064 plerumque
3059 985 3432 1063 cognomine
3455 982 3775 1044 Cemalcd-

365 1055 498 1117 dini
526 1057 596 1152 (l_.
629 1062 679 1120 Ι.
712 1065 1092 1152 μΧΧΧνΙ).
1127 1071 1234 1130 Vir
1258 1071 1378 1131 fuit
1402 1090 1560 1131 rarae
1584 1071 1909 1144 doctrinm,
1936 1055 2576 1151 eximias'prudcntiaa,
2605 1055 2683 1132 ad
2706 1093 2801 1134 res
2820 1055 3098 1152 age-udas
3122 1055 3306 1134 natus
3337 1078 3528 1152 atque
3567 1077 3774 1148 aptus,

363 1147 751 1240 summisque
779 1151 1126 1216 honoribus
1157 1176 1194 1218 a
1224 1159 1612 1238 principibus
1652 1163 1780 1222 suis
1831 1169 2133 1236 ornatus;
2178 1147 2342 1221 diem
2374 1161 2530 1221 obiit
2559 1147 2922 1240 supremum
2955 1182 3121 1224 anno
3150 1163 3267 1223 660
3297 1147 3491 1233 Mirii,
3544 1147 3779 1238 oppido

363 1237 757 1315 Egyptiaco.
792 1242 1128 1305 Historiam
1159 1248 1382 1308 Halehi
1429 1237 1574 1310 inde
1605 1269 1642 1310 a
1673 1251 1890 1329 primis
1935 1252 2108 1311 urbis
2153 1252 2348 1310 initiis
2379 1237 2714 1328 diligenter
2742 1258 2803 1312 et
2835 1259 3150 1324 accurate,
3199 1271 3354 1331 puro
3385 1256 3447 1310 et
3503 1237 3774 1326 simplici

363 1333 610 1429 dicendi
631 1357 858 1414 genere
882 1347 1377 1421 usus,memoriae
1403 1349 2031 1420 mandavit,veritatis
2055 1369 2182 1428 prae
2215 1350 2455 1409 caeteris
2481 1351 2797 1410 studiosus
2824 1371 2836 1424 ;
2859 1369 2983 1429 qua
3004 1351 3081 1410 de
3103 1368 3169 1410 re
3183 1349 3468 1427 judicent
3509 1348 3773 1406 lectores

363 1423 507 1501 ipsi,
548 1425 596 1484 si
646 1437 940 1518 excerpta
981 1451 1058 1492 ex
1103 1436 1438 1497 annalibus
1483 1437 1619 1517 ejus
1666 1423 2124 1500 Halebensibus
2169 1458 2309 1498 cum
2341 1439 2754 1518 scriptoribus
2803 1423 3010 1499 rerum
3062 1423 3550 1518 Byz'antinarum
3603 1453 3774 1495 com-

368 1530 593 1590 parare
637 1517 851 1578 velint.

446 1604 755 1683 Excerpta
785 1626 859 1667 ex
909 1612 1130 1688 quovis
1161 1620 1419 1676 auctore
1441 1618 1779 1695 separatim
1813 1619 2090 1692 exhibui,
2121 1620 2238 1679 hoc
2272 1617 2663 1696 potissimum
2700 1620 2987 1692 consilio,
3022 1625 3089 1680 ut
3111 1619 3358 1680 facilius
3388 1617 3771 1694 intelligeret

364 1691 582 1784 lector,
618 1712 756 1771 quae
791 1697 866 1756 de
888 1717 1138 1780 quaque
1172 1721 1236 1762 re
1283 1711 1460 1781 gesta
1509 1691 1775 1783 quisque
1827 1707 2056 1766 tradat.
2094 1713 2142 1767 Α
2177 1691 2336 1767 uotis
2386 1710 2792 1784 supervacuis
2829 1691 3136 1768 addendis
3180 1727 3404 1768 manus
3446 1691 3718 1765 abstinui
3756 1722 3771 1774 ;

364 1779 618 1873 minime
649 1784 814 1844 enim
850 1795 1021 1846 ratus
1044 1779 1221 1868 sum,
1259 1779 1425 1852 hunc
1474 1779 1626 1853 mihi
1675 1779 1892 1854 datum
1933 1815 2066 1855 esse
2101 1797 2330 1868 locum,
2380 1779 2918 1873 ut‘cognitionem
2954 1798 3306 1858 litterarum
3357 1793 3765 1856 Orientalium

360 1869 866 1965 qualemcunque
897 1879 1254 1954 probarem,
1291 1901 1490 1960 neque
1523 1883 1716 1943 ullam
1751 1903 1892 1944 cum
1925 1886 2332 1963 scriptoribus
2373 1869 2647 1949 historiae
2680 1888 3039 1965 Byzantina:
3062 1884 3597 1964 comparationem
3639 1883 3766 1942 ins-

362 1959 524 2032 titui,
560 1961 794 2040 quippe
827 1967 993 2043 quod
1030 1968 1181 2029 ﬁnes
1215 1959 1553 2048 provinciae
1586 1973 1740 2032 mihi
1763 1959 2163 2034 demandatus
2193 1979 2546 2037 excederet.

445 2049 680 2143 Restat,
719 2059 786 2143 ut
817 2055 1014 2116 tribus
1064 2059 1268 2117 verbis
1299 2059 1504 2120 dicam
1537 2062 1613 2122 de
1660 2062 2082 2134 Seifeddaula,
2133 2063 2392 2125 domino
2442 2065 2688 2136 Halehi,
2716 2071 2896 2143 patre
2925 2063 3171 2125 Saahd-
3211 2063 3538 2135 Addaulae,
3581 2059 3768 2139 cujus

357 2137 590 2214 saepius
625 2139 694 2198 ‘in
727 2139 895 2202 hisce
937 2147 1244 2224 excerptis
1273 2150 1508 2210 mentio
1538 2151 1701 2210 facta
1733 2158 1846 2210 est.
1890 2151 2204 2211 Oriundus
2242 2153 2294 2211 is
2323 2155 2440 2213 fuit
2466 2173 2540 2214 ex
2571 2137 2765 2212 nobili
2796 2153 3037 2212 familia
3065 2153 3632 2222 Hamdanidarum,
3662 2137 3768 2209 cui

355 2243 586 2317 nomen
617 2227 883 2291 inditum
917 2242 1010 2293 est
1032 2235 1111 2294 ab
1156 2244 1432 2310 auctore,
1469 2240 1823 2311 Hamdano,
1865 2258 1982 2299 avo
2025 2241 2466 2302 Seifeddaulae.
2499 2246 2649 2302 Post
2679 2242 2854 2304 varia
2883 2241 3012 2300 fata
3035 2241 3216 2300 annis
3265 2241 3534 2317 denique
3568 2239 3682 2299 333
3709 2243 3770 2297 et

355 2313 496 2408 d3},
533 2317 951 2394 quiinciduut
977 2323 1040 2382 in
1075 2343 1274 2385 annos
1308 2346 1368 2404 p.
1403 2327 1550 2387 Chr.
1587 2347 1648 2387 n.
1681 2330 1799 2388 944
1829 2335 1890 2388 et
1935 2329 2075 2399 945,
2112 2329 2336 2389 Halehi
2385 2332 2646 2408 ejusque
2679 2330 2916 2389 ditione
2949 2330 3183 2406 potitus
3214 2338 3307 2388 est
3342 2313 3767 2404 Seifeddaula,

354 2403 569 2497 ibique
628 2425 891 2484 regnum
925 2431 1107 2472 suum
1156 2416 1477 2476 stabilivit.
1515 2416 1631 2496 (Cf.
1696 2418 1909 2478 Abulf.
1944 2424 2097 2478 tom.
2131 2420 2210 2492 II,
2245 2439 2306 2497 p.
2347 2403 2488 2481 433.
2519 2403 2745 2481 Select.
2782 2439 2858 2478 ex
2909 2403 3053 2478 hist.
3089 2419 3230 2478 Hal.
3269 2438 3331 2496 p.
3367 2420 3438 2476 3'7
3479 2435 3650 2494 seqq.
3689 2416 3768 2474 cf.

356 2492 506 2552 edit.
541 2501 672 2586 not.
707 2497 880 2586 adh.
917 2500 990 2579 l.)
1014 2502 1256 2580 Saepius
1293 2492 1582 2583 regiones
1629 2509 1985 2567 Graecorum
2022 2492 2334 2568 lacessivit
2381 2509 2687 2586 susceptis
2736 2492 3288 2586 expeditionibus;
3316 2525 3472 2584 quas
3522 2492 3769 2581 longius

357 2585 650 2675 persequi
680 2585 758 2644 ab
787 2585 910 2648 hoc
941 2590 1077 2650 loco
1109 2593 1381 2653 alienum
1405 2595 1586 2654 foret.
1621 2594 1862 2674 (Abulf.
1900 2599 1954 2654 1.
1992 2617 1997 2656 :

2122 2624 2150 2656 μ.
2185 2600 2300 2657 457
2332 2615 2346 2669 ;
2382 2600 2491 2657 461
2527 2585 2716 2671 {467.
2770 2585 3010 2656 Elmac.
3048 2616 3112 2674 p.
3145 2597 3302 2668 275;
3344 2615 3401 2672 p.
3435 2597 3554 2654 477
3585 2611 3762 2670 seqq.

451 2671 568 2733 286
594 2677 1165 2819 seqqé865bulphar.
1193 2702 1253 2761 p.
1291 2684 1458 2764 195.)
1493 2671 1770 2744 Mortuus
1801 2691 1895 2744 est
1944 2671 2109 2745 anno
2155 2687 2293 2746 356.
2329 2685 2568 2764 (Abulf.
2623 2706 2680 2765 p.
2715 2687 2857 2745 493.
2890 2686 3014 2745 Sel.
3043 2671 3120 2745 ex
3148 2685 3299 2745 hist.
3335 2671 3478 2744 Hal.
3512 2703 3572 2762 p.
3625 2685 3758 2743 138.

432 2779 590 2819 mac.
632 2783 692 2819 ι).
855 2814 864 2819 .

379 2763 590 2822 Elmac.
632 2783 692 2842 p.
728 2765 898 2846 280.)

433 2852 1249 2943 MentionemSeifeddaulaa
1266 2860 1481 2939 injecit
1508 2865 1631 2922 Leo
1653 2861 1825 2942 (libr.
1849 2879 1916 2937 ιι,
1940 2880 2079 2941 cap.
2107 2864 2265 2943 1—5),
2282 2864 2398 2924 sub
2421 2862 3149 2936 nomincChambdani,i.
3171 2881 3225 2922 e.
3249 2861 3763 2939 Hamdani,quod

365 2955 491 3030 non
515 2939 658 3030 ipsi,
693 2945 800 3004 sed
829 2964 947 3006 avo
978 2966 1205 3007 nomen
1234 2949 1370 3010 fuit.
1407 2952 1501 3010 Ad
1530 2939 2114 3030 expeditionem—de
2137 2939 2262 3030 quia
2292 2953 2334 3014 l.
2363 2953 2402 3013 l.
2428 2953 2579 3012 dicit
2599 2957 2749 3024 Leo,
2779 2953 3171 3012 referendum
3197 2958 3289 3010 est
3309 2956 3670 3028 excerptum
3692 2969 3766 3008 ex

366 3025 864 3118 Abulphartlgio,
888 3036 1058 3113 quod
1088 3038 1299 3097 statim
1333 3039 1411 3098 ab
1432 3025 1889 3099 initio-exhibui
1912 3060 1927 3114 ;
1953 3025 2240 3100 eamdem
2262 3041 2728 3118 expeditionem
2759 3050 3111 3101 memorant
3133 3040 3445 3100 Abulfcda
3474 3025 3536 3098 et
3555 3039 3768 3098 Cema-

364 3113 677 3206 leddinus,
707 3140 975 3200 quorum
1008 3125 1199 3186 verba
1225 3127 1288 3186 h.
1323 3127 1366 3186 l.
1402 3129 1609 3206 legere
1641 3129 1810 3188 haud
1841 3129 2209 3206 gravabitur
2239 3113 2458 3190 lector.

443 3205 924 3297 Qemaleddiuus
971 3233 1032 3291 p.
1095 3216 1252 3275 134:
1327 3239 1356 3271 «
1413 3205 1593 3277 Anno
1628 3217 1743 3278 348
1791 3217 1888 3277 vel
1945 3217 2062 3278 349
2105 3218 2504 3279 Seifeddaula
2553 3218 2836 3297 regiones
2883 3220 3241 3279 Graecorum
3298 3217 3546 3277 invasit.
3581 3218 3758 3293 Cum,

363 3293 577 3386 multis
631 3296 980 3360 incolarum
1060 3305 1302 3378 occisis,
1355 3306 1693 3384 multisque
1751 3306 1973 3384 captis,
2023 3308 2237 3386 praeda
2302 3307 2562 3386 potitus,
2626 3293 2735 3386 per
2817 3308 3135 3385 angustias
3185 3305 3758 3383 Magharm-Alcohl

365 3381 569 3444 redire
599 3386 810 3448 animo
841 3391 1100 3453 haberet
1121 3401 1182 3454 et
1212 3413 1428 3455 versus
1458 3414 1562 3456 eas
1584 3381 1704 3456 iter
1734 3381 2041 3463 ﬂecteret,
2067 3397 2263 3456 Leoni
2296 3381 2422 3456 filio
2457 3381 2680 3457 Phocus
2711 3381 3081 3468 domestico,
3114 3396 3264 3474 quid
3288 3381 3366 3455 ad
3392 3394 3758 3472 illasipsum

367 3484 790 3549 praecesserat,
825 3483 1116 3542 occurrit.
1151 3483 1376 3544 Praelio
1407 3484 1494 3543 ibi
1524 3485 1857 3544 commisso
1889 3485 2293 3545 Seifeddaula
2321 3486 2611 3547 vincitur.
2648 3488 2874 3546 Hostes
2905 3483 3451 3545 Mubammedanis
3485 3483 3762 3562 praedam

365 3569 617 3654 captam
649 3568 944 3646 eripiunt,
995 3572 1295 3633 thesauro
1339 3575 1933 3652 impedimentisque
1988 3575 2405 3636 Seifeddaula:
2455 3577 2799 3654 potiuntur.
2835 3575 3021 3636 Multi
3047 3575 3110 3633 in
3145 3575 3262 3634 hoc
3313 3574 3527 3650 praelio
3565 3573 3758 3632 vitam

362 3653 680 3729 amittunt,
717 3665 776 3719 et
807 3659 1238 3722 Abu-Ferasus
1269 3663 1640 3724 Alharetsus
1661 3665 2018 3725 ben-Sahid
2040 3653 2471 3726 ben-Hamdan
2498 3667 2782 3744 captivus
2805 3668 3022 3738 factus,
3059 3665 3139 3724 ab
3171 3664 3456 3723 hostibus
3487 3663 3755 3724 Carsha-

363 3759 508 3834 nam
554 3745 824 3834 ducitur.
875 3751 1028 3811 Inde
1074 3753 1658 3832 Constantinopolin
1707 3755 1962 3812 missum
2013 3772 2179 3814 anno
2221 3756 2340 3814 354
2383 3755 2682 3834 patriciis,
2737 3773 2895 3833 quos
2950 3753 3230 3831 captivos
3277 3753 3530 3824 fecerat,
3567 3750 3752 3829 datis,

365 3830 768 3896 Seifeddaula
800 3857 940 3898 eum
973 3859 1114 3900 cum
1147 3841 1285 3901 aliis
1317 3830 1634 3902 redimit.»

450 3921 757 3985 Ahulfeda
788 3935 913 3986 tom
947 3931 1024 4002 II,
1064 3949 1126 4008 p.
1177 3933 1295 3991 469
1329 3952 1344 3993 :
1386 3954 1414 3988 (ι
1447 3933 1678 3992 Eodem
1727 3951 1894 3993 anno
1943 3932 2009 4010 (i.
2042 3951 2096 3992 e.
2145 3951 2311 3994 anno
2358 3934 2524 4011 fugae
2555 3935 2695 4006 346,
2728 3933 2837 4012 qui
2866 3933 2902 3991 2
2953 3932 3159 3993 Martii
3191 3937 3260 3993 A.
3295 3934 3362 3993 C.
3393 3932 3512 3992 960
3541 3929 3757 4010 coepit)

359 4008 706 4100 impetebat
735 4018 1134 4092 Seifeddaula
1165 4023 1586 4082 Hamdanides
1630 4008 1975 4083 Romanam
2027 4023 2325 4082 ditionem
2359 4008 2522 4083 no'va
2568 4008 2946 4097 incursione,
2979 4022 3234 4100 ingente
3278 4040 3422 4081 cum
3455 4008 3768 4090 exercitui,

365 4099 696 4190 subigebat
725 4106 909 4167 urbes
940 4115 1001 4167 et
1021 4127 1216 4188 arces,
1242 4111 1486 4183 urebat,
1513 4111 1823 4183 vastabat,
1847 4112 2206 4172 trucidabat
2225 4111 2534 4184 homines,
2559 4129 2787 4190 pecora
2807 4117 2868 4172 et
2885 4099 3174 4171 homines
3223 4110 3538 4188 abigebat,
3571 4108 3768 4188 Char-

368 4185 614 4251 sianum
650 4192 730 4274 (1)
764 4214 959 4272 usque
991 4185 1395 4275 procedebat.
1430 4200 1550 4260 Sed
1582 4200 1863 4260 redituro
1913 4200 2172 4260 domum
2203 4185 2688 4279 intercipiebant
2736 4199 2932 4260 Graeci
2986 4200 3147 4260 viam
3183 4219 3293 4278 per
3322 4185 3525 4279 pylas,
3575 4185 3774 4276 eaque

366 4289 615 4350 ratione
662 4311 788 4352 non
840 4299 1083 4355 tantum
1118 4315 1232 4358 sua
1263 4299 1724 4377 recuperabant
1766 4299 2002 4373 omnia,
2037 4299 2228 4359 etiam
2281 4299 2478 4360 hostis
2511 4299 2914 4378 potiebantur
2943 4298 3437 4378 impedimentis,
3471 4304 3533 4358 et
3578 4316 3767 4376 quam
3837 4377 3839 4379 ι

370 4382 540 4460 passi
570 4383 838 4455 fuerant,
861 4381 1170 4459 jacturam
1205 4393 1378 4446 tanta
1409 4389 1896 4466 compensabant
1932 4387 1991 4447 in
2032 4388 2448 4449 Seifeddaula:
2499 4388 2712 4466 copias
2752 4387 2920 4446 edita
2962 4395 3193 4466 strage,
3239 4394 3305 4447 ut
3333 4388 3466 4466 ipse
3495 4386 3598 4446 vix
3625 4404 3766 4446 cum

361 4471 671 4531 trecendis
701 4473 910 4534 salvus
959 4476 1272 4536 evaderet.
1309 4477 1376 4536 Id
1427 4479 1708 4537 futurum
1747 4476 2167 4556 praeviderant
2206 4496 2411 4538 rerum
2462 4478 2828 4538 bellicarum
2879 4477 3272 4556 istorumque
3317 4478 3598 4538 locorum
3651 4494 3763 4533 usu

363 4560 572 4639 periti,
597 4572 1049 4642 suaserantque
1080 4573 1413 4643 propterea
1436 4567 1872 4639 Hamdanidaa,
1907 4566 2104 4627 nollet
2132 4567 2252 4639 via,
2280 4587 2404 4646 qua
2426 4567 2599 4639 isset,
2634 4566 2852 4626 eadem
2885 4567 3107 4625 redire.
3133 4567 3246 4626 Ille
3278 4584 3423 4625 vero
3445 4568 3766 4642 spreverat

361 4651 717 4724 consilium,
773 4654 867 4712 vir
913 4655 1082 4714 solus
1132 4655 1250 4714 sibi
1296 4657 1565 4733 sapiens,
1626 4657 2038 4716 monitoribus
2104 4676 2308 4735 asper,
2363 4659 2471 4736 qui
2528 4655 2744 4716 omnia
2815 4674 2926 4732 per
2986 4674 3077 4734 se,
3135 4656 3384 4715 nemine
3453 4654 3763 4727 consulto,

367 4757 585 4816 gerere
637 4741 914 4818 volebat,
976 4761 1074 4814 ne,
1136 4745 1186 4803 si
1233 4743 1385 4822 quid
1443 4746 1531 4805 rei
1589 4764 1888 4826 prospere
1943 4747 2324 4822 succederet,
2361 4747 2423 4805 id
2481 4743 2980 4806 consiliariorum
3029 4744 3381 4823 sapientiae,
3445 4763 3570 4804 non
3608 4761 3759 4817 suas,

358 4827 802 4906 imputaretur.
838 4855 868 4887 »

439 4920 680 4980 Dabam
712 4923 952 4982 Bonnaa
985 4922 1064 4983 ad
1097 4921 1385 4983 Rhenum
1413 4923 1513 4983 die
1543 4925 1618 4984 23
1647 4925 1841 4986 Junii.

1081 5174 1148 5268 Ι.
1212 5175 1375 5268 EX
1445 5174 2039 5269 GBEGORII
2105 5176 3027 5274 ABULPHARAGII

1661 5329 1759 5389 CH
1773 5328 2050 5389 RONICO
2091 5330 2448 5391 SYRIACO.

1412 5435 1514 5506 (Cf.
1548 5437 1642 5494 ed.
1675 5436 1903 5493 Brunsil
1929 5443 1984 5492 et
2012 5434 2257 5493 Kirschii
2289 5453 2343 5507 p.
2382 5436 2484 5492 197
2519 5437 2701 5509 seqq.)

426 5629 502 5688 Eo
531 5648 686 5688 anno
712 5631 987 5702 (Arabum
1017 5632 1148 5705 348)
1195 5633 1289 5704 qui
1338 5633 1669 5689 Graecorum
1705 5641 1789 5691 est
1839 5634 1997 5702 1272,
2111 5634 2424 5702 Romanus,
2450 5633 2550 5706 qui
2581 5638 2843 5691 senatum
2876 5633 3137 5704 virosque
3188 5634 3474 5706 principes
3505 5632 3752 5688 multum

352 5731 576 5780 mortuo
605 5741 731 5794 rege
773 5723 1169 5792 Constantino,
1206 5741 1440 5796 regnare
1495 5726 1664 5796 cmpit
1698 5725 1850 5781 filius
1876 5726 2002 5798 ejus
2115 5725 2431 5794 honoravit,
2463 5739 2594 5794 erga
2623 5739 2824 5778 omnes
2854 5729 3041 5778 autem
3076 5721 3475 5793 magnanimus
3517 5721 3642 5778 fuit.
3678 5722 3756 5778 Eo

431 5820 575 5895 (1)1.
607 5837 658 5879 θ.
689 5823 1100 5892 Charshanam,
1133 5822 1329 5881 urbem
1358 5824 1591 5882 ditionis
1620 5826 1829 5885 Graeca
1855 5839 2032 5897 prape
2051 5822 2398 5880 Malathiam.
2431 5825 2585 5877 Lsss.
