4146 6302
445 324 595 383 1011
1456 322 1862 384 EXCERPTA
1907 321 2008 382 EX
2055 319 2452 382 HISTORIIS
2497 321 2838 382 ARABUM
3738 315 3887 376 1012

443 471 602 510 anno
634 458 804 510 Jones
835 452 932 524 qui
979 453 1150 509 etiam
1178 453 1686 523 Schumusehchig,
1731 456 1844 508 dux
1881 455 2100 508 exerci-
2131 455 2180 521 Α
2216 461 2335 525 post
2382 455 2547 508 festos
2577 455 2697 509 dies
2749 453 3051 509 rediturus.
3099 451 3396 508 Tarsensis
3453 447 3725 506 Arabum
3755 448 3883 516 dux,

444 552 562 607 tus,
595 551 647 597 et
677 542 1053 611 Nicephorus,
1092 542 1456 606 domesticus,
1491 543 1654 597 missi
1679 542 1748 597 ab
1778 558 1842 596 eo
1873 542 1930 596 in
1960 543 2096 594 Ara-
2205 543 2416 598 coactis
2447 543 2606 608 l1000,
2656 543 2885 597 adortus
2927 545 3210 596 Romanos
3256 542 3449 597 vietus
3485 546 3547 594 et
3596 554 3722 593 non
3772 538 3883 606 ipse

446 630 579 684 bum
633 631 796 694 ﬁnes,
833 630 1106 700 progressi
1158 638 1287 684 sunt
1325 645 1500 701 usque
1531 633 1598 685 ad
1631 631 1882 699 Abiram,
1917 630 2089 698 unde,
2206 632 2449 698 tantum,
2495 630 2590 682 sed
2641 644 2842 684 omnes
2885 628 3054 683 etiam
3106 628 3313 683 Arabes
3342 636 3399 682 et
3438 628 3632 681 frater
3664 640 3880 696 quoque

444 719 620 774 occisi
660 720 759 772 100
794 719 1100 782 n‘nlitibus,
1131 726 1184 772 et
1219 717 1472 773 incensis
1525 719 1797 788 frugibus,
1830 735 1960 775 cum
1998 718 2096 773 tri-
2205 719 2510 775 Tarsensis
2543 719 2728 786 ducis,
2765 718 3134 783 Bar-Bababi,
3187 718 3361 774 occisi
3387 722 3566 772 sunt.
3622 715 3882 780 Romani,

443 809 600 877 ginta
630 808 868 876 captivis
899 807 1182 860 abierunt.
1217 808 1626 876 Siphoddaula,
1659 807 1856 863 Halebi
1890 807 2097 874 Emira,
2207 811 2408 865 iterum
2465 809 2718 864 Ciliciam
2764 809 3023 877 ingressi,
3071 812 3487 876 expugnarunt
3541 819 3742 859 arcem
3797 803 3880 858 Ziz

445 911 575 952 cum
609 895 748 950 3000
791 911 1067 965 egressus,
1123 894 1500 950 Carseheuam
1551 912 1680 951 cum
1731 898 2098 966 pervenisset,
2209 907 2259 954 et
2293 899 2558 968 praesidio
2592 914 2703 953 non
2736 898 2786 952 ei
2822 903 3066 964 tantum,
3099 897 3196 950 sed
3231 895 3479 965 reliquis
3517 894 3700 947 etiam
3749 891 3880 946 arci-

446 1001 815 1054 permagnam
845 985 1089 1052 praedam
1121 984 1256 1038 inde
1283 984 1536 1039 abduxit.
1562 986 1774 1052 Redux,
1802 991 2103 1057 propterea
2212 988 2317 1043 bus
2349 988 2633 1056 imposito,
2680 985 2914 1056 profecti
2969 993 3096 1040 sunt
3132 983 3436 1040 Halebum.
3494 981 3790 1052 Opposuit
3833 996 3884 1035 se

447 1074 596 1146 quod
629 1073 871 1128 Romani
904 1088 1105 1127 omnes
1142 1077 1416 1142 angustos
1447 1075 1632 1128 exitus
1663 1077 2100 1144 interceperant,
2211 1077 2594 1148 Siphoddaula
2644 1074 2931 1142 Romanis,
2985 1075 3083 1130 sed
3133 1074 3314 1130 victus
3360 1079 3476 1129 est.
3537 1071 3884 1127 Ceciderunt

449 1179 579 1220 cum
638 1162 739 1217 100
789 1168 1013 1215 tantum
1068 1178 1132 1215 ex
1184 1162 1358 1216 servis
1406 1162 1526 1217 suis
1577 1163 1778 1218 evasit.
1837 1164 2104 1234 Reliquos
2213 1168 2381 1222 etiam
2435 1181 2634 1222 omnes
2692 1163 2974 1220 Hamdani
3033 1161 3137 1219 filii
3193 1171 3248 1219 et
3297 1163 3426 1232 ipse
3486 1159 3884 1230 Siphoddaula

455 1252 696 1309 Romani
752 1251 952 1321 partim
1016 1251 1373 1316 occiderunt,
1433 1252 1640 1322 partim
1696 1253 1908 1308 vinctos
1973 1269 2103 1308 cum
2213 1273 2345 1312 cum
2408 1256 2604 1326 paucis
2663 1261 2881 1308 tantum
2935 1253 3144 1308 caedem
3193 1251 3409 1321 effugit.
3467 1248 3719 1318 Subegit
3776 1249 3881 1304 Do-

457 1342 646 1413 prasda
676 1348 1008 1410 recuperata
1040 1341 1406 1412 reduxerunt,
1438 1343 1629 1398 multis
1660 1344 1892 1414 insuper
1923 1345 2104 1413 equis,
2217 1346 2486 1403 mesticus
2514 1343 2702 1398 aulam
2735 1342 2875 1412 ejus,
2929 1359 3054 1410 quae
3100 1347 3256 1396 extra
3289 1339 3453 1394 urbis
3489 1353 3737 1393 murum
3786 1337 3882 1391 siza

453 1432 630 1487 armis
675 1439 724 1486 et
763 1431 1036 1499 nummis,
1089 1432 1187 1500 qui
1232 1431 1658 1499 Siphoddaulaa,
1690 1433 1793 1486 ﬁlii
1829 1434 2108 1489 Hamdani

455 1521 698 1590 fuerant,
731 1520 911 1588 potiti.
953 1519 1369 1589 Nobilium,qui
1401 1536 1530 1574 cum
1562 1537 1627 1576 eo
1652 1523 2108 1594 (tullitaVeranl),

463 1611 635 1665 simul
670 1609 844 1664 occisi
886 1615 1043 1674 sunt,
1081 1608 1317 1677 Hamed,
1372 1608 1523 1663 ﬁlius
1566 1610 1818 1678 Namusi,
1865 1611 2112 1666 Mususia

461 1700 620 1755 Chan
650 1707 702 1754 et
730 1698 866 1755 Cadi
886 1698 1275 1753 Abu—Hozain.

2216 1443 2359 1502 erat,
2392 1434 2462 1488 ab
2501 1449 2676 1502 eaque
2711 1447 2823 1486 non
2857 1434 3081 1484 tantum
3111 1429 3218 1483 390
3247 1429 3474 1498 argenti
3513 1427 3762 1492 talenta,
3795 1429 3883 1480 sed

2217 1523 2386 1579 etiam
2430 1522 2572 1576 2400
2605 1520 2788 1576 mulos
2818 1527 2872 1573 et
2912 1533 3200 1573 armorum
3232 1517 3536 1572 inﬁnitum
3577 1530 3880 1570 numerum

2219 1613 2424 1685 exegit.
2467 1612 2613 1666 Aula
2642 1611 2897 1675 incensa,
2951 1608 3144 1663 urbem
3178 1607 3358 1676 ipsam
3404 1604 3795 1674 oppugnavit,
3830 1604 3879 1656 in

2220 1703 2380 1773 cujus
2410 1716 2574 1756 muro
2603 1715 2732 1756 cum
2763 1703 3083 1768 aperturam
3127 1697 3367 1763 fecisset,
3402 1695 3670 1751 Romani
3706 1703 3882 1748 trans-

545 1793 708 1843 Anno
741 1788 847 1842 350
878 1787 1143 1853 Arabum,
1195 1804 1395 1858 magna
1428 1789 1677 1844 Arabum
1709 1799 1954 1858 caterva,
1994 1796 2106 1846 An-
2146 1796 2192 1860 B
2222 1792 2396 1864 gressi
2443 1791 2582 1846 caedi
2615 1804 2729 1844 non
2764 1789 2917 1858 prius
2967 1787 3138 1842 tinem
3197 1787 3480 1850 fecerunt,
3518 1800 3699 1852 quam
3732 1782 3881 1836 dcta-

474 1879 681 1935 tiochia
734 1878 970 1932 Tarsum
1016 1877 1284 1946 profecta,
1330 1879 1384 1933 in
1443 1878 1828 1935 Romanorum
1880 1882 2116 1935 insidias

473 1968 699 2032 incidit,
735 1967 828 2036 qui
873 1982 940 2021 ex
971 1967 1040 2021 iis
1069 1967 1289 2036 aliquos
1330 1968 1693 2038 occiderunt,
1724 1969 1966 2038 reliquos
2001 1987 2116 2024 ma-

477 2075 644 2129 gnam
704 2057 923 2112 turbam
969 2058 1189 2117 vinctos
1224 2057 1596 2112 abduxerunt.
1653 2059 1937 2128 indignati
1987 2068 2120 2114 sunt

473 2148 706 2212 Arabes,
741 2147 976 2215 ideoque
1007 2162 1200 2201 servus
1244 2146 1676 2216 Siphoddaulae,
1709 2151 1881 2218 Naga,
1929 2148 2117 2218 irrup-

476 2235 629 2290 tione
672 2253 702 2289 a
733 2234 907 2290 latere
956 2234 1287 2304 Miphractae
1320 2235 1376 2288 in
1409 2238 1791 2292 Romanorum
1830 2237 2117 2305 regionem

477 2326 646 2388 facta,
693 2339 952 2392 magnam
988 2325 1227 2390 praedam
1263 2339 1390 2377 cum
1431 2324 1573 2378 2000
1613 2325 1935 2394 hominum,
1968 2333 2021 2382 et
2062 2330 2116 2383 in

479 2411 568 2466 his
602 2413 672 2466 50
701 2412 918 2466 catenis
940 2411 1156 2464 vinctos
1188 2410 1441 2466 abduxit.

551 2505 719 2556 Anno
749 2499 1072 2555 Graecorum
1109 2500 1265 2568 1274,
1313 2501 1563 2557 Arabum
1595 2504 1719 2571 451,
1767 2504 2122 2575 Nicephorus

481 2589 848 2655 domesticus,
892 2603 1018 2643 cum
1054 2588 1286 2658 100,000
1323 2590 1577 2659 equitum
1611 2593 1667 2646 in
1701 2593 1954 2650 Ciliciam
1987 2612 2121 2666 pro-

484 2682 688 2748 fectus,
738 2679 1087 2734 Anazarbam
1127 2678 1344 2734 obsedit
1388 2682 1653 2751 gravique
1695 2683 1842 2739 bello
1886 2686 2122 2754 vexavit,

486 2770 668 2824 donec
717 2767 811 2837 qui
856 2766 1007 2821 intus
1050 2775 1208 2821 erant
1255 2767 1492 2838 Arabes,
1539 2769 1608 2824 de
1671 2772 1878 2828 auxilio
1928 2776 2126 2844 despe-

489 2865 700 2922 rantes,
750 2856 915 2926 pacti,
975 2864 1026 2909 ul
1084 2856 1130 2910 si
1183 2873 1371 2912 arcem
1443 2859 1746 2928 traderent,
1812 2860 2127 2919 incolumes

489 2962 620 3002 cum
654 2944 1016 3001 facultatibus
1055 2946 1290 3013 exirent,
1327 2947 1436 3001 [ide
1465 2964 1494 3001 a
1530 2947 1846 3020 Nicephoro
1876 2962 2126 3022 accepta,

491 3035 742 3089 maxime
803 3035 949 3103 quod
1014 3035 1292 3100 viderent,
1355 3035 1543 3090 hostes
1599 3054 1629 3090 a
1688 3039 1896 3093 montis
1956 3041 2130 3097 latere

2230 1881 2386 1950 ligati
2415 1885 2591 1935 erant.
2648 1877 2998 1932 Invenerunt
3027 1876 3082 1930 in
3132 1890 3199 1928 ea
3232 1875 3366 1929 1200
3412 1874 3721 1928 Romanos
3771 1871 3889 1925 vin—

2229 1978 2366 2037 ctos,
2419 1983 2559 2038 quos
2606 1967 2662 2020 in
2714 1965 3032 2020 libertatem
3085 1963 3474 2018 restituerunt.
3533 1961 3677 2015 Plus
3724 1975 3884 2030 quam

2235 2060 2429 2130 10,000
2461 2072 2764 2128 puerorum
2795 2063 2847 2110 et
2879 2055 3194 2125 puellarum
3233 2054 3619 2109 abduxerunt
3664 2058 3720 2106 et
3749 2066 3884 2119 prte-

2230 2152 2316 2205 dae
2364 2156 2602 2214 tantum,
2652 2154 2861 2216 quanto
2899 2145 3128 2200 ferendo
3179 2159 3339 2213 pares
3381 2149 3579 2209 erant,
3633 2144 3879 2210 asporta-

2234 2243 2386 2294 runt.
2421 2238 2575 2301 Quod
2626 2236 2906 2306 reliquum
2954 2240 3094 2301 erat,
3141 2232 3616 2288 combusserunt.
3653 2231 3879 2284 Invene-

2236 2335 2368 2382 runt
2394 2327 2550 2382 lacus
2588 2327 2714 2380 oleo
2734 2324 3007 2380 olivarum
3035 2323 3252 2394 plenos,
3277 2339 3419 2393 quos
3443 2337 3601 2392 aqua
3625 2317 3882 2388 impleve-

2233 2420 2388 2482 runt,
2449 2424 2506 2471 ut
2565 2413 2754 2470 oleum
2803 2429 2973 2469 omne
3020 2418 3408 2482 supernataret
3458 2418 3517 2467 et
3567 2408 3780 2465 deinde
3830 2405 3881 2458 in

2237 2517 2443 2563 terram
2475 2503 2714 2559 eﬂ‘usum
2745 2509 3224 2572 corrumperetur.
3257 2499 3496 2570 Templa
3542 2501 3875 2555 everterunt,

2235 2596 2439 2668 quibus
2467 2593 2826 2650 destruendis
2857 2591 3098 2647 Romani
3139 2605 3340 2647 novem
3374 2590 3506 2645 dies
3556 2589 3884 2654 absumpse-

2238 2693 2392 2741 runt.
2423 2686 2560 2739 Cum
2609 2684 2668 2737 in
2701 2698 2767 2738 eo
2797 2685 3009 2749 essent,
3046 2691 3103 2735 ut
3131 2679 3375 2746 abirent,
3407 2679 3639 2736 obstitit
3687 2673 3880 2731 sororis

2240 2775 2392 2830 ﬁlius
2424 2773 2571 2844 regis
2592 2771 2856 2838 Romani,
2889 2769 3354 2839 Nicephorumin
3382 2767 3605 2826 bellum
3639 2772 3881 2825 secutus,

2242 2886 2270 2915 «
2304 2863 2426 2920 Non
2461 2862 2828 2927 discedimus,
2855 2879 2881 2909 ιι
2915 2860 3199 2929 inquiens,
3235 2879 3263 2907 ‹‹
3295 2858 3486 2914 donec
3519 2870 3712 2912 arcem
3761 2866 3880 2921 ape-

2243 2955 2542 3008 ruerimus.
2580 2973 2606 3000 ››
2639 2950 3013 3020 Nicephorus,
3048 2948 3142 3018 qui
3171 2947 3454 3001 adversari
3492 2961 3612 3000 non
3675 2947 3882 3012 posset:

2247 3066 2274 3093 «
2303 3047 2383 3096 En
2416 3063 2443 3092 »
2480 3040 2681 3108 aiebat,
2715 3062 2741 3090 «
2775 3055 2872 3092 arx
2926 3045 3059 3092 ante
3099 3047 3148 3090 te
3194 3044 3277 3092 est
3303 3053 3318 3102 ;
3349 3035 3467 3104 abi,
3505 3045 3565 3088 ut
3616 3031 3822 3100 capias,
3855 3046 3879 3075 II

491 3139 739 3188 murum,
773 3123 924 3177 brevi
971 3131 1357 3191 perrupturos,
1407 3129 1596 3192 portas
1629 3139 1991 3196 aperuerunt.
2034 3131 2128 3184 Ni-
2167 3147 2209 3211 ρ
2252 3133 2351 3186 Hic
2370 3129 2738 3200 regissororis
2762 3128 2915 3182 (ilius
2934 3127 3022 3181 vix
3045 3125 3190 3181 arcis
3209 3130 3380 3195 portas
3402 3125 3883 3194 appropinquare-

490 3213 825 3283 cephorum,
866 3226 992 3265 cum
1035 3211 1321 3279 ingressus
1353 3213 1605 3276 vidisset,
1652 3232 1846 3283 parum
1889 3219 2137 3280 abfuisse

490 3302 625 3370 quin
686 3298 859 3368 gladii
915 3315 1019 3366 ope
1082 3299 1206 3353 sine
1268 3300 1524 3354 molestia
1585 3301 1827 3371 aperiret
1874 3305 2138 3382 (urbem),

491 3387 755 3458 pmnituit
790 3387 1148 3457 promissum.
1193 3387 1382 3459 Itaque
1413 3389 1608 3460 edixit,
1644 3397 1706 3445 ut
1740 3393 1795 3446 in
1831 3398 2136 3455 oratorium

493 3478 766 3546 templum
811 3476 1002 3531 omnis
1052 3476 1292 3547 populus
1337 3491 1774 3548 congregaretur
1818 3490 1870 3537 et
1902 3486 2138 3554 quicun-

494 3582 601 3636 que
654 3582 766 3620 non
819 3566 1096 3633 introiret,
1158 3566 1436 3633 sanguine
1485 3584 1680 3638 pcenas
1733 3571 1931 3628 lueret.
1984 3578 2140 3632 Inse-

497 3655 690 3725 quenti
723 3657 812 3709 die
845 3655 1055 3724 peiites
1082 3671 1246 3709 mane
1278 3656 1335 3710 in
1361 3655 1554 3711 urbem
1582 3660 1916 3728 intromiSsi,
1952 3680 2146 3734 quem-

500 3760 725 3814 cunque
769 3745 1133 3813 invenerunt,
1178 3743 1345 3811 viros,
1382 3745 1645 3800 mulieres
1687 3755 1739 3802 et
1771 3764 1995 3817 pueros,
2027 3761 2143 3807 tru-

499 3834 784 3887 cidarunt.
832 3833 977 3888 Tum
1039 3833 1376 3902 comportari
1425 3850 1582 3888 arma
1625 3836 1683 3890 in
1741 3839 1876 3892 urbe
1938 3848 2142 3910 erepta.

502 3921 732 3975 Inventa
781 3927 910 3975 sunt
972 3921 1170 3988 40,000
1223 3921 1528 3977 loricarum
1579 3933 1779 3993 praeter
1827 3928 2043 3997 gladios
2093 3938 2145 3986 et

499 4025 737 4063 arcuum
793 4025 1062 4078 magnum
1130 4024 1448 4064 numerum.
1509 4011 1829 4068 Palmarum
1875 4017 2143 4073 arborum

503 4098 703 4162 110,000
753 4100 978 4152 succisa
1026 4106 1176 4152 sunt.
1227 4101 1393 4154 Exire
1415 4099 1624 4156 deinde
1665 4119 1884 4172 omnes,
1934 4108 2031 4176 qui
2085 4108 2144 4163 in

502 4187 711 4256 templo
762 4196 944 4255 erant,
1008 4189 1196 4257 jussit,
1243 4199 1294 4241 et
1357 4206 1624 4259 quorsum
1676 4192 1901 4263 vellent,
1965 4195 2141 4265 abire,

500 4288 738 4332 mortem
787 4277 1036 4331 minatus
1067 4277 1358 4347 omnibus,
1397 4279 1492 4349 qui
1526 4280 1595 4332 ad
1641 4296 1929 4350 vesperam
1963 4301 2142 4340 rema-

501 4374 727 4423 nerent.
789 4370 1068 4420 Exeuntes
1097 4368 1234 4422 adeo
1268 4384 1326 4421 se
1357 4379 1834 4440 compresserunt,
1886 4381 1942 4427 ut
1979 4373 2143 4428 multi

502 4472 721 4523 eorum,
745 4456 872 4523 viri,
899 4455 1168 4511 mulieres
1198 4464 1248 4511 et
1281 4456 1440 4512 liberi
1465 4475 1527 4513 ea
1551 4461 1968 4529 compressione
1995 4463 2141 4532 peri-

2249 3228 2350 3288 rat,
2378 3227 2506 3273 eum
2533 3217 2662 3288 quia
2683 3217 2825 3287 lapis
2843 3230 2910 3270 ex
2931 3223 3189 3284 apertura
3215 3229 3382 3283 super
3401 3213 3559 3268 arcis
3582 3217 3740 3281 porta
3769 3222 3886 3262 con-

2249 3317 2330 3363 tra
2380 3307 2566 3371 illum,
2599 3305 2884 3376 projectus
2913 3305 3058 3372 apud
3109 3319 3236 3358 eum
3270 3302 3560 3358 deciderat
3595 3314 3783 3354 aversa
3812 3294 3880 3348 fa-

2246 3397 2332 3453 cie
2363 3397 2522 3465 fugit.
2570 3394 2716 3449 Tum
2754 3400 2947 3464 aperta
2987 3400 3144 3462 porta
3181 3391 3478 3448 Dailamita
3511 3389 3763 3460 quidam,
3793 3398 3883 3438 no-

2249 3487 2401 3542 mine
2423 3485 2660 3554 Bascha,
2687 3484 2992 3553 fugientem
3019 3490 3262 3550 secutus,
3283 3481 3508 3536 hastam
3531 3481 3680 3536 inter
3702 3477 3881 3531 hume-

2248 3591 2338 3632 ros
2369 3574 2491 3642 ejus
2515 3574 2588 3628 ita
2619 3573 2826 3642 adegit,
2863 3579 2920 3626 ut
2949 3586 3045 3638 per
3066 3579 3259 3641 peetus
3284 3571 3485 3637 exiret,
3522 3578 3580 3626 et
3605 3569 3709 3622 hoc
3734 3560 3880 3617 modo

2251 3664 2558 3719 interemit.
2608 3661 2836 3717 Reversi
2868 3661 2990 3731 ejus
3038 3660 3174 3715 socii
3206 3661 3447 3714 cadaver
3495 3660 3564 3713 ad
3611 3653 3875 3720 Nicepho-

2252 3767 2372 3806 rum
2419 3749 2751 3815 retulerunt,
2802 3748 2898 3817 qui
2941 3753 3178 3803 mortem
3213 3747 3317 3802 ﬁlii
3367 3747 3586 3802 sororis
3633 3741 3771 3806 regis
3801 3736 3873 3789 ul-

2252 3847 2408 3894 turus
2440 3838 2578 3894 1200
2607 3835 2906 3902 Arabibus,
2940 3836 3036 3906 qui
3071 3837 3238 3892 vincti
3268 3836 3416 3905 apud
3452 3851 3583 3890 eum
3618 3827 3873 3888 custodie-

2254 3929 2476 3997 bantur,
2509 3928 2690 3996 capita
2715 3925 2974 3980 abscindi
3000 3924 3212 3995 jussit;
3246 3940 3354 3994 quo
3387 3925 3540 3980 facto
3573 3924 3632 3978 iu
3687 3927 3871 3974 terram

2251 4021 2642 4072 Romanorum
2694 4013 2878 4070 rediit.
2937 4014 2998 4069 In
3038 4014 3180 4069 vicis
3217 4013 3415 4068 Halebi
3467 4013 3706 4070 omnino
3744 4001 3867 4060 nihil

2251 4106 2524 4176 corrupit,
2572 4104 2690 4158 imo
2736 4110 2982 4174 agrestes
3032 4103 3109 4156 ita
3151 4104 3550 4158 commonuit:
3585 4125 3605 4150 ι
3639 4099 3716 4155 Ne
3762 4109 3870 4151 ces-

2251 4203 2368 4250 sate
2413 4194 2482 4248 ab
2514 4192 2958 4262 agricolatione;
2997 4208 3122 4244 nam
3176 4200 3370 4246 nostra
3401 4199 3487 4248 est
3540 4192 3654 4245 haec
3705 4194 3865 4243 terra;

2253 4282 2408 4338 brevi
2454 4282 2520 4335 ad
2572 4297 2668 4335 vos
2717 4279 3054 4334 rcdibimus.
3089 4301 3115 4328 »
3155 4321 3165 4332 .
3200 4277 3318 4334 Hoc
3368 4287 3623 4350 tempore
3685 4274 3865 4327 iterum

2254 4371 2410 4427 mille
2442 4369 2653 4440 pedites
2684 4369 2938 4431 Armeni,
2972 4368 3029 4422 in
3061 4383 3257 4436 agrum
3291 4369 3636 4424 Edessenum
3685 4365 3866 4418 irrum-

2256 4469 2472 4532 pentes,
2526 4458 2664 4512 1000
2705 4473 2858 4519 oves,
2910 4458 3017 4511 500
3053 4465 3238 4512 tauros
3277 4465 3330 4512 et
3381 4459 3445 4514 10
3494 4457 3639 4512 viros
3680 4447 3866 4507 Arabes

507 4557 650 4601 rent.
689 4545 848 4600 Multi
877 4545 936 4598 in
970 4545 1055 4599 via
1089 4546 1292 4601 mortui
1323 4555 1472 4601 sunt.
1499 4549 1602 4614 Qui
1635 4527 1820 4603 autem
1854 4527 2143 4607 remanse-
2181 4527 2225 4591 Ῑ)
2256 4527 2630 4604 abduxerunt.
2682 4545 2850 4602 Hisce
2895 4545 3243 4615 temporibus
3290 4562 3422 4600 cum
3468 4542 3706 4602 Romani
3749 4543 3864 4591 Ara-

505 4644 657 4704 runt,
705 4650 972 4704 quorsum
1017 4636 1334 4702 tenderent,
1385 4635 1740 4704 ignorabant.
1792 4639 2144 4709 Nicephorus

506 4732 777 4795 templum
811 4725 1010 4781 evertit
1043 4733 1096 4780 et
1133 4725 1276 4780 duos
1301 4726 1454 4781 urbis
1489 4742 1681 4781 muros
1706 4744 1809 4783 nec
1843 4745 1956 4784 non
1990 4731 2149 4785 aulas

506 4813 799 4868 destruxit.
855 4813 1078 4868 Duobus
1109 4822 1158 4868 et
1196 4815 1390 4883 viginti
1421 4815 1647 4880 diebus,
1682 4817 1885 4885 quibus
1916 4819 1972 4872 in
2008 4818 2146 4872 Cili-

504 4903 585 4958 cia
631 4910 1011 4958 commoratus
1058 4911 1195 4968 erat,
1250 4903 1602 4974 Nicephorus
1650 4906 1720 4960 55
1769 4923 1924 4962 arces
1972 4908 2147 4977 cepit,

505 4991 713 5061 partim
745 4991 818 5056 vi,
855 4994 1056 5058 partim
1105 4991 1413 5047 deditione.
1448 4993 1592 5047 Cum
1627 5009 1691 5049 ex
1726 5012 1854 5051 arce
1885 4998 2147 5066 quadam,

506 5096 672 5150 quam
703 5078 920 5133 domini
942 5081 1064 5148 ejus
1087 5079 1197 5134 lide
1226 5085 1459 5150 accepta
1486 5083 1852 5149 tradiderant,
1883 5087 2151 5140 mulieres

505 5168 710 5224 Arabes
767 5168 1184 5236 egrederentur,
1242 5179 1292 5223 et
1339 5170 1397 5224 in
1465 5171 1562 5225 bas
1620 5173 1857 5228 Armeni
1920 5175 2148 5243 quidam

505 5260 805 5318 irruerent,
889 5257 1071 5310 mariti
1149 5273 1340 5313 earum
1413 5262 1533 5314 zelo
1612 5263 1876 5333 correpti,
1937 5262 2154 5333 gladios

509 5350 880 5402 strinxerunt.
967 5345 1318 5415 Nicephorus
1397 5349 1690 5415 Arabibus,
1748 5352 1844 5420 qui
1936 5352 2155 5422 gladios

513 5429 881 5495 strinxerant,
942 5426 1140 5491 iratus,
1191 5427 1296 5480 400
1354 5428 1501 5482 viros
1532 5437 1583 5483 et
1635 5431 1901 5485 mulieres
1953 5433 2156 5488 multas

514 5517 740 5572 occnlit.
797 5516 934 5579 Quia
977 5515 1257 5582 jejunium
1311 5517 1796 5587 quadragesimale
1845 5522 2155 5592 approqin-

515 5605 834 5679 (μω-ωηιῐρ
867 5603 1220 5675 Nicepliorus
1269 5621 1398 5659 cum
1424 5605 1542 5659 suis
1589 5610 1927 5664 Craesaream
1995 5608 2152 5682 abiit,

2254 4638 2421 4693 bibus
2474 4634 2840 4708 praevalerent
2895 4642 2948 4688 ct
2995 4635 3312 4702 diripienda
3360 4637 3551 4690 omnia
3600 4642 3766 4699 usque
3806 4621 3862 4676 ad

2257 4717 2584 4773 Armeniam
2667 4717 2938 4786 majorem
3019 4715 3430 4785 pervenissent,
3509 4718 3860 4769 Armenorum

2258 4806 2361 4874 illi,
2422 4806 2520 4875 qui
2579 4811 2751 4870 metu,
2810 4819 2882 4858 ne
2933 4802 3002 4858 ab
3057 4803 3353 4871 Arabibus,
3411 4812 3694 4874 propterea
3735 4788 3858 4865 quod

2259 4895 2560 4952 Christiani
2603 4901 2811 4960 essent,
2860 4903 3220 4960 vexarentur,
3255 4895 3609 4966 aufugerant,
3658 4891 3712 4945 in
3744 4885 3863 4938 ﬁnes

2261 4987 2638 5041 Romanorum
2724 4999 2782 5038 se
2849 4983 3234 5038 contulerunt.
3311 4984 3546 5038 Romani
3621 4973 3862 5034 dederunl

2260 5074 2374 5129 illis
2402 5074 2710 5129 Sebastiam
2744 5072 2802 5126 in
2845 5073 3216 5141 Cappadocia,
3252 5075 3421 5140 unde,
3469 5089 3594 5127 cum
3627 5071 3861 5124 numeras

2261 5180 2452 5218 eorum
2507 5162 2664 5217 valde
2693 5168 2894 5216 auctus
2942 5167 3111 5227 esset,
3164 5163 3462 5228 miserunt,
3519 5161 3611 5232 qui
3663 5150 3856 5211 arcibus

2262 5256 2332 5309 ab
2389 5253 2664 5308 Arabibus
2719 5251 2899 5320 captis
2956 5250 3218 5319 praesidio
3265 5256 3472 5307 essent.
3525 5254 3582 5307 In
3625 5239 3857 5303 omnibus

2263 5343 2714 5416 expeditionibus
2748 5341 2832 5395 his
2865 5355 3086 5410 quoque
3115 5341 3346 5396 Armeni
3380 5344 3590 5411 pedites
3613 5348 3732 5392 cum
3760 5333 3854 5381 R0-

2266 5433 2450 5488 manis
2508 5431 2790 5496 exierunt,
2850 5443 3112 5498 prospere
3173 5428 3504 5501 plerumque
3562 5423 3857 5510 praliantes-

2264 5521 2647 5590 Nicephorum
2699 5517 3073 5574 domesticum
3124 5533 3254 5574 cum
3298 5519 3668 5576 Romanorum
3709 5502 3858 5576 copiis

2269 5610 2337 5666 ab
2370 5609 2583 5664 Halebo
2629 5622 2934 5674 reversum,
2982 5621 3110 5662 cum
3140 5607 3504 5664 Simandoam
3536 5596 3855 5678 pervenisset.
