4152 6312
339 337 494 398 1013

1136 336 1240 399 DE
1281 336 1726 399 NICEPHORO
1768 338 2029 398 PHOCA
2075 341 2176 398 ΕΤ
2221 341 2519 406 JOANNE
2563 351 2952 411 TZIMISCE.

3607 351 3762 410 1014

338 471 542 528 nuntio
571 471 640 526 de
670 477 854 526 morte
883 472 1030 543 regis
1048 472 1242 540 allato,
1295 489 1498 529 omnes
1545 473 1648 528 viri
1699 473 1984 545 principes

2105 483 2304 548 priscis
2328 486 2448 553 ejus
2465 486 2701 551 civlbus,
2729 487 2933 542 reversi
2959 491 3115 550 sunt,
3139 472 3380 553 quorum
3411 484 3583 555 aliqui
3626 486 3762 554 bap-

339 578 470 618 cum
532 561 1065 632 Schumuschchigo
1145 565 1403 619 unanimi
1486 580 1770 620 consensu
1846 580 2000 618 anno

343 651 670 707 Graecorum
705 651 843 704 1275
878 654 1389 722 pronuntiaverunt
1424 669 1609 723 regem
1663 664 1718 707 et
1775 668 1998 707 servum

333 742 460 810 ejus
494 739 1016 808 Schumuschigum
1049 742 1451 797 domesticum.
1490 743 1606 798 Hoc
1663 743 1734 796 ad
1790 741 1998 797 bellum

339 845 472 885 cum
508 829 787 884 Arabibus
836 830 1148 898 gerendum
1202 832 1456 896 dimisso,
1511 834 1628 900 ipse
1677 830 2000 884 Constanti-

339 917 596 989 nopolim
630 920 920 987 ingressus
954 920 1012 973 in
1045 935 1218 988 regno
1251 923 1620 976 confirmatus
1651 928 1756 974 est.
1818 919 2001 973 Schu-

341 1007 688 1078 muschchig
746 1007 1148 1079 Mopsucstiam
1208 1026 1303 1079 per
1359 1012 1393 1062 7
1483 1010 1602 1065 dies
1669 1010 1889 1065 obsedit
1950 1017 2003 1062 et

341 1097 603 1168 quamvis
635 1097 761 1166 plus
790 1113 957 1167 quam
1009 1099 1301 1168 sexaginta
1351 1098 1494 1154 locis
1544 1115 1768 1153 murum
1825 1098 2003 1168 perfo-

337 1190 538 1253 disset,
594 1187 816 1258 ingredi
866 1191 1062 1242 tamen
1117 1203 1231 1243 non
1293 1187 1496 1259 potuit.
1557 1188 1749 1257 Itaque
1801 1203 2000 1257 agrum

337 1282 464 1351 ejus
496 1287 551 1336 et
581 1295 748 1351 agros
781 1280 995 1334 Adanaa
1027 1283 1083 1334 et
1113 1279 1276 1333 Tarsi
1340 1278 1612 1332 incendit.
1667 1280 2006 1346 Mepsueste-

341 1375 434 1426 nis
490 1371 634 1425 5000
715 1371 950 1426 cnviron
1041 1371 1218 1424 Tarso
1278 1367 1487 1423 auxilio
1540 1375 1843 1435 venerunt,
1904 1366 1999 1421 sed

341 1463 584 1518 Romani
617 1462 840 1517 obviam
894 1460 1023 1515 facti
1079 1477 1172 1515 eos
1218 1476 1416 1514 omnes
1469 1460 1840 1524 occiderunt;
1893 1473 2004 1526 quo

335 1552 508 1620 facto,
544 1550 745 1606 reliCta
777 1551 933 1616 urbe,
979 1552 1384 1604 discesserunt.
1436 1554 1496 1602 lu
1550 1548 1743 1602 Cilicia
1796 1563 2003 1610 magna

330 1642 512 1696 fames
537 1647 659 1696 orta
683 1649 784 1705 est,
808 1655 976 1710 quam
1004 1641 1076 1693 ob
1105 1655 1219 1692 rem
1251 1637 1514 1708 permulti
1541 1637 1752 1690 Arabes
1773 1642 2005 1690 Damas-

330 1746 468 1786 cmn
500 1731 901 1793 confugerunt.
941 1729 1119 1781 Etiam
1148 1727 1366 1794 Halcbi,
1402 1728 1632 1780 Haranae
1666 1734 1721 1779 et
1781 1725 2004 1778 Edessas

2112 575 2808 631 lizalictChristianifacti
2853 585 3004 638 sunt,
3057 575 3260 644 aliqui,
3292 591 3528 644 quorum
3566 582 3752 629 tamen

2113 663 2272 718 liberi
2299 681 2498 720 omnes
2523 666 2967 735 baptizabantur,
3001 666 3055 718 in
3087 667 3192 717 “de
3226 682 3324 716 sua
3368 663 3752 732 perstiterunt.

2184 758 2348 809 Anno
2382 767 2500 824 post
2538 773 2628 810 rex
2686 757 3037 825 Nicephorus
3087 755 3346 810 Amidam
3399 754 3622 808 obsedit
3680 764 3754 820 et,

2114 858 2238 897 cum
2274 861 2473 914 capere
2507 847 2784 916 nequiret,
2822 845 3174 900 Antiochiam
3203 843 3410 898 multos
3437 843 3555 897 dies
3578 859 3756 913 Oppu-

2112 934 2321 1004 gnavit,
2357 936 2449 987 sed
2485 936 2749 989 similiter
2785 950 2982 1004 capere
3011 951 3125 988 non
3158 935 3369 1003 potuit;
3431 932 3619 1002 itaque
3666 933 3755 987 in-

2111 1024 2301 1077 censis
2337 1025 2473 1079 vicis
2503 1024 2793 1094 hortisque
2821 1025 3027 1078 vicinis
3069 1023 3230 1078 abiit.

2182 1114 2346 1167 Anno
2392 1117 2714 1168 Graecorum
2770 1113 2928 1179 1279,
2978 1112 3226 1166 Arabum
3277 1112 3402 1178 357,
3448 1109 3758 1165 Chorasani

2115 1203 2377 1258 nonnulli
2439 1219 2568 1257 cum
2632 1203 2772 1256 3000
2829 1202 3080 1256 Arabum
3155 1201 3641 1256 Antiochenorum
3699 1201 3758 1255 in

2113 1291 2523 1361 Cappadociam
2557 1293 2906 1361 irruperunt,
2941 1293 3034 1346 sed
3095 1291 3293 1357 50,000
3344 1289 3758 1357 Romanorum,

2115 1381 2206 1448 qui
2241 1389 2624 1442 occurrerant,
2651 1381 2962 1450 permultos
2985 1379 3436 1432 Chorasanorum
3461 1385 3510 1432 et
3563 1377 3760 1430 Antio-

2113 1468 2423 1523 chcuorum
2460 1469 3026 1533 tuminterfecerunt,
3082 1472 3199 1520 tum
3255 1468 3471 1521 vinctos
3502 1466 3756 1520 abduxe-

2115 1565 2261 1610 runt.
2296 1558 2508 1611 Arabes
2537 1558 2875 1611 Antiocheni
2913 1556 3288 1625 patriarcham
3324 1556 3756 1610 Chalcedonen-

2114 1646 2258 1698 sium
2292 1647 2620 1698 occiderunt
2653 1655 2699 1699 et
2735 1647 3002 1699 ecclesias
3038 1643 3348 1699 Antiochiae
3406 1645 3612 1698 multas
3660 1659 3758 1696 va-

2116 1736 2618 1788 staruntﬂomaui
2667 1735 2944 1799 Sarutgum
3000 1734 3226 1800 profecti
3278 1734 3383 1786 300
3431 1733 3642 1788 Arabes
3701 1735 3758 1786 ct

333 1820 525 1889 gravis
549 1819 727 1873 fames
751 1819 874 1872 fuit.
901 1821 1065 1872 Anno
1093 1817 1590 1885 postDomesticus
1622 1816 1821 1869 iterum
1869 1813 1996 1866 Cili-
2033 1843 2079 1907 B
2117 1825 2320 1876 munus
2355 1825 2594 1892 pecudes
2626 1825 3007 1877 abduxerunt,

327 1909 477 1963 ciam
527 1908 816 1977 ingressus
878 1906 1281 1976 Mepsucstiam
1335 1904 1682 1975 Oppugnavit
1747 1919 1842 1972 per
1889 1912 1999 1956 tres

341 2013 592 2065 menses,
617 1998 710 2051 sed
738 2013 1061 2066 expugnare
1085 2011 1198 2050 non
1219 1997 1423 2063 potuit;
1452 1996 1638 2063 itaque
1662 2009 1790 2048 cum
1815 1992 1999 2046 morbi

331 2093 388 2140 et
414 2086 734 2156 pestilentia
769 2083 1825 2154 cordasinfestarent,lrihutoimposito
1841 2081 1996 2136 abiit.

406 2173 576 2230 Auno
614 2179 938 2229 Graecorum
994 2175 1151 2238 1276,
1217 2172 1462 2226 Arabum
1519 2172 1645 2233 35’s,
1705 2187 1830 2224 curn
1900 2187 1988 2223 rex

336 2264 691 2334 Nicephorus
718 2262 1210 2331 ConstantinOpoli
1258 2262 1566 2316 Caesaream
1627 2260 1993 2329 Cappadociae

338 2354 534 2408 sedem
613 2354 1011 2415 ll'.tnSlU”SSCl,
1071 2353 1373 2407 Tarsenses
1458 2357 1511 2404 et
1586 2349 1993 2420 Mopsuesteni,

342 2442 515 2498 misso
543 2442 614 2496 ad
647 2458 776 2496 cum
837 2443 1037 2510 legato,
1089 2441 1438 2495 deditionem
1493 2439 1847 2508 pollicentes,
1903 2454 1989 2492 re-

324 2546 453 2602 gem
486 2530 556 2586 ab
587 2547 652 2585 eo
686 2531 1057 2599 expetierunt.
1092 2529 1408 2596 Respondit
1431 2527 1525 2582 ille
1554 2544 1566 2580 :
1615 2547 1642 2574 «
1698 2527 1862 2580 Nunc
1895 2526 1991 2580 de-

331 2637 490 2675 mum
523 2635 652 2676 cum
681 2623 750 2674 de
783 2635 986 2691 regum
1029 2626 1344 2673 vestrorum
1407 2616 1624 2670 auxilio
1685 2617 1992 2684 desperatio

330 2717 412 2764 tes
445 2725 650 2764 canum
683 2708 1049 2764 cadaveribus
1075 2708 1191 2777 jam
1237 2707 1528 2761 vescimini
1564 2715 1615 2759 et
1664 2703 1994 2773 pestilentia

328 2815 427 2854 vos
456 2799 728 2865 absumit,
765 2799 902 2852 mihi
938 2813 1032 2852 vos
1063 2796 1386 2864 subjicietis
1418 2795 1558 2864 (tam
1612 2795 1703 2847 diu
1760 2794 1991 2861 nempe)

335 2890 518 2942 donec
549 2887 694 2942 vires
748 2885 1247 2956 recuperaveritis,
1303 2889 1362 2938 ut
1405 2883 1676 2938 rebellare
1740 2882 1987 2951 possitis.

341 2975 577 3031 Vobisa
636 2992 723 3031 me
781 2975 862 3030 nil
923 2976 1033 3030 nisi
1086 2973 1312 3045 gladius
1357 2974 1768 3041 exspectandus
1820 2975 1924 3024 est.
1959 2991 1986 3019 »

331 3066 564 3121 Litteris
596 3082 788 3122 eorum
820 3082 984 3136 super
1011 3064 1179 3134 legati
1218 3064 1401 3133 capite
1433 3063 1509 3117 ita
1541 3061 1875 3126 combustis,
1934 3067 1990 3114 ut

332 3156 502 3225 hujus
532 3172 755 3227 quoque
791 3155 962 3209 barba
994 3155 1456 3215 combureretur,
1493 3152 1736 3220 legatum
1798 3151 1986 3218 ejeeit.

325 3243 472 3299 Tum
505 3245 650 3299 fama
708 3252 790 3299 est
846 3243 1096 3313 quotidie
1149 3242 1254 3297 300
1309 3251 1660 3296 mortuorum
1711 3241 1886 3294 lectos
1945 3255 1974 3292 e

323 3333 499 3388 Tarso
557 3333 735 3388 elatos
793 3348 933 3387 esse.
1028 3332 1135 3386 Rex
1208 3330 1563 3398 Nicephorus
1636 3336 1976 3398 congregato

323 3422 575 3478 exercitu
632 3419 1041 3491 Mepsuestiam
1093 3419 1317 3474 obsedit
1376 3426 1428 3473 et
1509 3425 1809 3489 postquam
1889 3432 1974 3471 ce-

323 3512 405 3580 pit
463 3511 554 3566 die
611 3510 863 3574 Saturni,
927 3509 1016 3564 die
1078 3509 1144 3562 13
1197 3508 1408 3562 mensis
1481 3505 1793 3561 Radschabi
1881 3505 1978 3558 hu-

320 3600 414 3667 jus
471 3599 628 3665 anni,
692 3615 956 3668 magnam
1019 3599 1234 3652 caedem
1297 3598 1354 3651 in
1417 3612 1484 3650 ea
1560 3595 1755 3650 edidit.
1835 3594 1974 3648 Cum

321 3689 562 3754 200,000
593 3689 862 3751 virorum,
896 3687 1194 3741 mulierum
1225 3693 1278 3741 et
1308 3685 1615 3739 liberorum
1672 3685 1856 3738 vincta
1916 3684 1974 3737 in

327 3785 534 3832 terram
591 3777 972 3831 Romanorum
1036 3776 1299 3838 misisset,
1362 3774 1433 3827 ad
1492 3774 1734 3828 Tarsum
1790 3787 1972 3841 Oppu-

325 3867 612 3937 gnandam
645 3866 933 3934 profectus
963 3873 1065 3917 est.
1100 3863 1272 3932 Cujus
1303 3861 1450 3916 cives
1509 3875 1635 3914 cum
1689 3861 1975 3930 snppliees

321 3953 775 4010 incolumitatem
809 3952 878 4006 ab
909 3969 974 4007 eo
1009 3954 1284 4021 peterent,
1320 3949 1658 4018 pollicentes
1691 3965 1749 4003 sc
1788 3957 1974 4018 portas

321 4055 638 4115 aperturos,
672 4041 935 4096 misertus
965 4056 1160 4096 eorum
1211 4039 1488 4109 promisit,
1539 4054 1599 4092 se
1655 4038 1822 4091 vitam
1860 4037 1974 4092 illis

319 4149 566 4203 opesque
627 4140 1003 4186 servaturum.
1069 4129 1371 4199 Ingressus
1429 4127 1624 4182 urbem
1687 4127 1972 4196 principes

317 4223 528 4278 Arabes
560 4222 799 4276 multum
836 4220 1152 4288 honoravit,
1193 4234 1404 4273 mensae
1433 4217 1692 4271 adhibuit
1738 4225 1787 4271 et
1844 4217 1970 4285 jus-

318 4328 433 4380 sos,
472 4311 744 4382 quidquid
782 4326 950 4378 opum
993 4319 1243 4377 possent,
1277 4323 1468 4362 secum
1501 4307 1744 4371 auferre,
1781 4307 1973 4361 Antio-

323 4401 519 4457 chiam
553 4400 731 4468 misit,
784 4399 932 4452 facta
980 4398 1152 4452 etiam
1203 4401 1496 4465 potestate,
1543 4406 1596 4449 ut
1647 4396 1973 4467 quicunque

322 4506 443 4546 non
475 4489 864 4552 Antiochiam,
916 4487 1013 4542 sed
1070 4487 1127 4541 in
1177 4485 1316 4540 alias
1364 4486 1612 4540 Arabum
1664 4484 1832 4541 urbes
1891 4486 1972 4540 ire

2183 1912 2298 1967 Hoc
2331 1930 2498 1974 anno,
2534 1922 2654 1966 orto
2690 1913 2838 1966 inter
2869 1913 3245 1980 Chorasanos,
3299 1913 3396 1982 qui
3446 1910 3759 1967 Antiochiae

2109 2005 2358 2055 erantet
2388 2003 2598 2055 Arabes
2647 2001 3032 2055 Antiochenos
3081 2001 3339 2070 dissidio,
3392 2001 3636 2054 Romani
3693 2017 3760 2054 ex

2109 2091 2336 2157 regione
2395 2091 2744 2145 Antiochcna
2793 2091 2859 2144 12
2921 2091 3220 2145 hominum
3282 2089 3481 2159 millia,
3517 2091 3664 2145 viros
3693 2093 3751 2143 et

2109 2177 2391 2243 mulieres,
2457 2195 2657 2247 pueros
2709 2177 3060 2249 puellasque,
3131 2179 3512 2233 abduxerunt.
3588 2186 3753 2232 Anno

2109 2275 2250 2336 post,
2284 2267 2320 2320 i.
2357 2284 2405 2320 e.
2469 2268 2606 2320 1280
2655 2268 3008 2332 Graecorum,
3061 2266 3302 2321 Romani
3355 2266 3756 2335 Caphartutam

2107 2355 2338 2425 profecti
2372 2356 2477 2409 800
2511 2355 2773 2410 homines
2804 2372 2934 2410 cum
2971 2356 3150 2409 multa
3184 2356 3366 2422 prmda
3422 2355 3754 2424 abegerunt.

2105 2448 2238 2500 Cum
2271 2445 2575 2498 Hamadam
2632 2444 3044 2499 habitatoribus
3091 2460 3318 2498 vacuam
3379 2444 3750 2510 invenissent,

2105 2535 2235 2602 igne
2270 2534 2430 2589 tectis
2459 2534 2738 2601 subjecto,
2774 2534 3059 2589 abierunt.

2176 2621 2348 2676 Paulo
2383 2630 2502 2690 post
2537 2621 2908 2690 Nicephorus,
2947 2622 3328 2676 Romanorum
3380 2637 3496 2685 rex,
3552 2622 3753 2678 Antio—

2102 2711 2290 2765 chiam
2323 2711 2542 2764 obsedit
2573 2719 2627 2764 et
2659 2711 2789 2765 inde
2821 2710 3082 2778 Tripolin
3122 2714 3390 2779 perrexit,
3428 2712 3524 2765 ubi
3557 2713 3749 2766 omnia

2102 2800 2343 2853 aediﬁcia
2368 2808 2518 2852 extra
2556 2814 2776 2852 murum
2829 2799 2932 2852 sita
2989 2799 3318 2853 combussit.
3370 2801 3507 2854 Inde
3565 2800 3748 2868 profe-

2101 2895 2223 2944 ctus
2255 2904 2439 2943 arcem
2474 2892 2633 2942 Gazae
2665 2887 2806 2942 bene
2853 2890 3130 2942 munitam
3183 2889 3328 2956 cepit
3375 2895 3426 2941 et
3482 2905 3742 2956 magnam

2103 2993 2469 3031 nummorum
2506 2977 2616 3031 vim
2651 2994 2714 3030 ex
2748 2992 2809 3029 ea
2841 2977 3063 3044 egessit.
3102 2977 3320 3031 Deinde
3352 2977 3500 3031 inter
3541 2977 3746 3030 Hama-

2099 3069 2227 3122 dam
2261 3077 2313 3120 et
2351 3067 2635 3122 Halebum
2669 3067 2952 3132 consedit,
2988 3067 3083 3122 ubi
3114 3068 3259 3121 duos
3314 3082 3539 3122 menses
3589 3083 3750 3121 com-

2106 3165 2356 3212 moratus
2388 3161 2488 3210 est.
2525 3156 2840 3224 Captivanti
2874 3164 2921 3210 et
2957 3156 3245 3223 diripienli
3277 3171 3443 3210 nemo
3482 3164 3621 3220 erat,
3655 3155 3748 3225 qui

2101 3255 2440 3303 occurreret.
2477 3249 2815 3313 Puerorum,
2853 3245 3303 3314 puellarumque,
3337 3244 3592 3314 quiapud
3617 3259 3744 3299 eum

2083 3335 2256 3390 vincti
2306 3343 2484 3402 erant,
2535 3334 2771 3402 100,000
2798 3339 3097 3388 numerata
3156 3343 3333 3398 sunt;
3399 3333 3548 3388 inter
3597 3348 3736 3402 quos

2083 3440 2200 3479 non
2248 3431 2361 3477 erat
2417 3422 2496 3476 vir
2546 3439 2714 3476 senes
2762 3429 2856 3475 aut
2913 3437 3084 3476 senex
3141 3422 3398 3476 femina:
3451 3437 3582 3476 nam
3635 3421 3735 3476 hos

2082 3511 2288 3583 partim
2317 3511 2541 3572 occidit,
2579 3511 2783 3578 partim
2820 3510 3028 3564 liberos
3062 3510 3300 3564 dimisit.
3357 3509 3477 3563 Nisi
3529 3517 3740 3564 morta-

2081 3602 2212 3655 litas
2243 3601 2531 3654 Romanos
2565 3599 2880 3663 invasisset,
2916 3601 3083 3652 etiam
3119 3599 3395 3652 Halebum
3434 3606 3483 3653 et
3519 3599 3720 3653 Antio-

2079 3689 2266 3744 chiam
2301 3688 2561 3756 cepisset.
2599 3687 3045 3753 Hierosolymam
3080 3702 3300 3755 quoque
3332 3687 3528 3740 faciem
3589 3701 3724 3741 con-

2082 3784 2341 3842 verterat,
2377 3792 2643 3845 quorsum
2697 3783 2912 3843 tamen,
2965 3774 3096 3844 quia
3135 3774 3345 3828 milites
3393 3775 3516 3842 ejus
3573 3777 3725 3831 caede

2081 3869 2295 3935 patrata
2323 3865 2609 3929 defatigati
2669 3871 2722 3917 et
2782 3864 2967 3932 przeda
3025 3879 3232 3933 magna
3289 3864 3480 3918 onusti
3538 3871 3724 3934 erant,

2078 3955 2233 4008 abire
2263 3970 2375 4008 non
2409 3954 2610 4022 potuit.

2151 4046 2312 4098 Anno
2347 4043 2502 4110 1280,
2552 4042 2644 4112 qui
2696 4046 2785 4097 est
2827 4041 3076 4096 Arabum
3127 4042 3252 4108 359,
3301 4042 3538 4097 Romani
3595 4057 3726 4098 cum

2077 4132 2416 4188 Christianis
2447 4132 2592 4186 areis
2627 4131 2786 4186 Lucae
2816 4147 2987 4199 prope
3016 4131 3380 4186 Antiochiam
3413 4132 3535 4187 sitm
3586 4148 3728 4188 con-

2079 4223 2387 4292 spirarunt.
2423 4221 2803 4290 convenitque
2836 4221 2981 4274 inter
3012 4236 3127 4284 eos,
3158 4230 3214 4274 ut
3249 4220 3303 4274 hi
3353 4221 3723 4276 Antiochiam

2077 4311 2527 4380 ingrederentur,
2580 4326 2747 4380 seque
2800 4317 2952 4363 metu
3003 4309 3385 4363 Romanorum
3439 4311 3726 4377 aufugisse

2077 4400 2470 4469 signiﬁcarent
2527 4408 2712 4468 atque,
2776 4399 2956 4452 donec
3005 4398 3286 4452 exercitus
3339 4399 3724 4454 Romanorum

2075 4489 2312 4556 veniret,
2347 4487 2424 4542 ibi
2455 4495 2834 4551 remanerent,
2871 4486 3078 4540 deinde
3107 4487 3172 4539 ad
3210 4485 3407 4539 urbem
3459 4489 3723 4556 aperien-

325 4577 540 4643 mallet,
601 4591 944 4648 quocunque
1003 4576 1195 4641 vellet,
1255 4574 1452 4629 abiret.
1516 4573 1681 4629 Dedit
1757 4564 2214 4644 quoqueDdam
2249 4593 2454 4631 manus
2486 4576 2836 4630 intrinsecus
2885 4573 3223 4642 prmberent.
3274 4575 3432 4637 Quod
3477 4590 3608 4629 cum
3667 4575 3725 4629 hi

319 4668 583 4723 custodes
615 4671 729 4721 tres
761 4665 1049 4736 patricios,
1111 4664 1206 4734 qui
1266 4663 1338 4718 ab
1396 4663 1554 4718 omni
1615 4679 1711 4718 eos
1760 4665 1971 4732 injuria

317 4757 714 4813 defenderent.
771 4753 1036 4810 Armenis
1085 4753 1446 4824 quihusdam,
1507 4753 1600 4822 qui
1671 4753 1970 4809 nonnullis

320 4845 603 4902 Arabibus
637 4860 844 4900 manus
878 4843 1217 4908 intulerant,
1276 4857 1477 4896 manus
1522 4858 1798 4911 nasosque
1857 4860 1972 4897 am-

324 4936 564 5005 putavit,
621 4940 913 5004 postquam
978 4933 1225 4986 multum
1281 4929 1520 4998 ﬂagellis
1576 4930 1706 4984 caesi
1760 4938 1968 4985 essent.

322 5026 558 5094 Legatos
599 5025 658 5078 in
691 5039 888 5078 omnes
920 5021 1034 5075 vias
1085 5037 1214 5076 cum
1260 5019 1374 5074 illis
1422 5019 1575 5073 misit
1629 5027 1683 5074 et
1739 5035 1969 5075 omnem

319 5115 475 5170 dedit
504 5129 755 5184 cperam,
791 5121 851 5167 ut
883 5111 1032 5166 bona
1063 5126 1193 5166 cum
1231 5125 1364 5180 pace
1395 5112 1461 5164 ad
1494 5109 1732 5177 Arabes,
1787 5113 1972 5166 socios

320 5218 474 5266 suo,
535 5202 916 5272 pervenirent.
977 5199 1276 5268 Templum
1336 5200 1615 5254 Tarsense
1693 5215 1969 5270 equorum

318 5293 604 5347 stabulum
641 5291 791 5346 fecit.
817 5291 996 5345 Tarso
1033 5288 1339 5357 patricium
1370 5303 1504 5344 eum
1542 5289 1686 5342 5000
1717 5289 1971 5359 equitum

320 5381 588 5450 imposuit
624 5379 970 5449 praesidium.
1034 5377 1212 5431 Etiam
1270 5377 1512 5432 Massisaa
1569 5376 1747 5431 alium
1802 5379 1972 5446 patri-

318 5470 472 5525 cium
530 5467 782 5538 reliquit.
846 5466 1123 5521 ltestitata
1196 5465 1404 5520 Tarsus
1484 5465 1726 5520 multum
1772 5466 1974 5522 ﬂorere

324 5559 516 5628 ccepit.
542 5558 722 5613 Tanta
743 5564 858 5612 erat
885 5555 947 5610 in
996 5571 1060 5610 ea
1108 5570 1354 5610 annonas
1398 5553 1772 5622 abundantia,
1808 5559 1872 5611 ut
1907 5556 1973 5610 14

323 5648 497 5722 panis
520 5647 658 5704 litraa
678 5662 792 5701 una
815 5661 947 5700 zuza
973 5644 1370 5700 venderentur.
1393 5643 1556 5700 Multi
1579 5659 1649 5699 ex
1668 5643 1968 5710 Arabibus,

2078 4667 2366 4732 fecissent,
2401 4667 2640 4719 duorum
2676 4662 2955 4717 mensium
3013 4661 3311 4716 intervallo
3359 4661 3530 4716 frater
3577 4663 3726 4732 regis

2081 4755 2389 4825 Nicephori
2423 4769 2554 4808 cum
2590 4752 2788 4816 110,000
2819 4754 3201 4804 Romanorum
3259 4765 3482 4804 murum
3532 4752 3725 4808 Antio-

2081 4844 2223 4898 chiae
2250 4843 2428 4898 cinxit
2459 4851 2510 4896 et
2545 4849 2659 4894 tum
2697 4839 3039 4894 habitatores
3086 4839 3234 4892 arcis
3285 4843 3444 4893 Luca:
3492 4858 3524 4895 a
3573 4849 3727 4910 parte

2083 4932 2294 4987 montis
2323 4932 2606 5000 adjutores
2658 4929 2908 4993 fuerunt,
2963 4935 3019 4980 ut
3069 4927 3309 4981 Romani
3365 4929 3724 4986 Antiochiam

2081 5021 2386 5076 introirent
2417 5026 2468 5073 et
2501 5025 2786 5086 caperent.
2821 5015 3026 5084 Magna
3057 5015 3133 5069 ibi
3161 5017 3312 5071 crede
3347 5016 3513 5089 facta,
3565 5036 3726 5089 sepa-

2083 5116 2276 5162 rarunt
2306 5108 2460 5162 viros
2488 5107 2841 5175 feminasque
2873 5120 3038 5158 senes
3085 5120 3214 5159 cum
3270 5107 3462 5176 parvis
3510 5115 3729 5163 statura

2081 5214 2308 5266 eosque,
2340 5212 2681 5267 quocunque
2711 5195 2943 5259 vellent,
2979 5194 3602 5265 discederejusserunt.
3627 5199 3730 5253 Vi-

2084 5304 2273 5343 rorum
2309 5303 2436 5342 vero
2497 5285 2948 5352 feminarumque
2992 5283 3270 5353 juvenum
3323 5293 3374 5339 et
3425 5303 3731 5357 puerorum

2081 5379 2209 5446 plus
2239 5393 2410 5446 quam
2446 5375 2644 5442 10,000
2678 5375 2734 5429 in
2764 5380 2939 5428 terras
3002 5373 3382 5428 Romanorum
3437 5378 3730 5433 miserunt.

2086 5465 2360 5521 Halebum
2393 5465 2560 5521 etiam
2595 5464 2795 5530 10,000
2825 5464 3082 5532 equitum
3115 5477 3244 5516 cum
3280 5463 3586 5532 misissent,
3619 5469 3731 5520 Ha-

2083 5555 2344 5612 lebenses
2367 5553 2769 5625 promiserunt,
2791 5567 2852 5607 se
2871 5550 3175 5622 quotannis
3220 5549 3490 5606 Romanis
3513 5557 3729 5609 certum

2084 5646 2370 5716 quoddam
2394 5643 2669 5699 tributum
2693 5641 2980 5698 soluturos
3005 5656 3147 5707 esse,
3167 5641 3226 5696 in
3245 5641 3409 5710 cuius
3428 5641 3505 5696 rei
3554 5640 3728 5698 ﬁdem
