4152 6312
471 282 627 342 1015

1480 278 1899 340 EXCERPTA
1943 278 2042 338 EX
2092 274 2482 346 HlSTORllS
2528 292 2871 354 ARABUM

3731 284 3894 347 1016

467 419 574 472 800
616 414 844 471 obsides
897 413 1196 470 dederunt.
1246 411 1322 467 Eo
1372 415 1627 482 tempore
1674 413 1923 467 multum
1969 411 2117 468 bello
2147 411 2202 476 Α
2234 419 2508 478 Adierum
2540 425 2707 482 etiam
2771 425 3048 484 nobilium
3103 423 3336 497 quidam
3393 421 3645 479 Emiram
3705 421 3892 478 Azod-

469 505 742 562 inclaruit
775 505 1083 575 imperator
1113 501 1485 571 Nicephorus,
1522 502 1619 571 qui
1660 517 1862 556 omnes
1908 501 2116 556 Ciliciae

467 597 662 661 urbes,
694 593 1053 648 Antiochiam
1089 600 1139 646 et
1203 591 1417 658 Syriam
1462 591 1521 646 in
1575 599 1904 659 potestatem
1952 606 2116 645 suam

465 685 711 755 redegit,
745 699 912 752 quam
949 682 1018 736 ob
1056 696 1174 734 rem
1204 696 1405 733 omnes
1436 681 1682 734 Arabum
1717 689 1913 751 gentes
1964 687 2115 734 metu

463 774 738 846 perculsae
773 779 923 826 sunt.
975 772 1165 839 Itaque
1218 768 1410 823 animo
1467 769 1647 825 elatus
1694 769 2112 840 imperatricem

463 860 919 931 Theophaniam,
955 858 1314 927 imperatoris
1363 857 1603 914 Romani
1653 873 1908 926 uxorem,
1971 859 2114 913 iuvi-

461 958 580 1006 tam
611 959 824 1012 tamen,
858 948 966 1001 sibi
998 947 1340 1017 conjunxit;
1375 963 1559 1016 neque
1591 948 1698 1003 hac
1723 965 1784 1004 re
1813 957 2117 1004 contentus

462 1041 603 1095 duos
625 1040 796 1106 hujus
814 1037 984 1106 ﬁlios,
1026 1036 1296 1091 Basilium
1350 1047 1402 1091 et
1440 1037 1876 1092 Constantinum
1910 1043 2118 1092 castra-

461 1145 520 1184 re
547 1127 748 1195 voluit,
785 1135 842 1181 ut
873 1142 1068 1182 eorum
1102 1125 1371 1195 progenie
1403 1127 1736 1196 exstirpata,
1769 1143 1835 1182 ex
1891 1144 1949 1181 se
1987 1135 2113 1182 tau-

460 1225 582 1272 tum
614 1216 764 1285 regia
800 1214 988 1284 proles
1038 1215 1430 1268 deduceretur.
1477 1213 1845 1283 TheOphania
1898 1220 2110 1284 autem,

457 1306 688 1376 cognito
720 1303 843 1373 ejus
873 1301 1140 1365 consilio,
1174 1302 1244 1355 de
1277 1301 1411 1355 liliis
1442 1303 1558 1355 suis
1587 1302 1892 1356 admodum
1955 1302 2114 1358 solli-

459 1395 570 1450 cita
601 1393 975 1448 domesticum
1006 1390 1629 1459 Schumusehcbigum,
1678 1407 1921 1461 quocum
1973 1408 2112 1447 con-

458 1485 788 1552 spiraverat,
827 1481 1205 1537 muliebribus
1237 1481 1506 1535 indutum
1534 1481 1784 1536 vestibus
1824 1497 1953 1536 cum
1985 1482 2110 1551 qui-

462 1572 698 1627 busdam
729 1571 858 1626 aliis
891 1570 1159 1640 injuriam
1198 1569 1379 1640 passis
1411 1569 1469 1623 in
1502 1568 1692 1639 palatii
1725 1572 1902 1625 aedem
1939 1577 2108 1625 noctu

461 1661 770 1715 nativitatis
828 1659 1140 1714 Servatoris
1205 1657 1524 1712 introduxit
1594 1665 1649 1713 et
1727 1657 2109 1726 Nicephorum

2230 509 2482 579 daulam,
2515 514 2664 569 Cufe
2697 526 3038 586 versantem,
3071 515 3585 584 sollicitaruntque,
3619 515 3682 568 ut
3743 528 3891 568 con-

2226 604 2312 654 tra
2347 600 2633 661 Romanos
2664 607 2875 662 milites
2907 609 3172 662 mitteret.

2299 695 2464 746 Anno
2493 694 2742 750 Arabum
2771 697 2898 761 364,
2929 697 3250 752 Grecorum
3293 695 3451 762 1286,
3481 697 3881 748 Romanorum

2229 776 2534 848 imperator
2557 785 2714 851 Ivan,
2738 785 2888 841 idem
2913 784 3010 840 ille
3032 783 3615 852 Schumuschchigus,
3648 779 3884 849 Syriam

2225 865 2542 936 ingressus,
2594 873 2911 928 Hamadam
2971 881 3022 928 et
3072 871 3380 928 Balbecum
3441 872 3592 942 cepit
3647 877 3702 924 et
3750 885 3882 922 cum

2227 953 2570 1014 Damascum
2605 963 2964 1032 profecturus
2985 967 3156 1029 esset,
3207 958 3604 1027 Bar-Zaccalb,
3663 956 3888 1014 nobilis

2225 1045 2400 1100 Arabs
2431 1047 2624 1116 Syrus,
2659 1051 2874 1121 scripta
2901 1053 2972 1106 ad
3008 1051 3272 1106 Damasci
3323 1050 3668 1120 praelectum,
3732 1046 3887 1102 Ρὴι-

2225 1139 2478 1200 ῑειωιυω,
2533 1138 2792 1207 epistola,
2853 1140 3160 1196 consilium
3215 1139 3268 1194 ei
3337 1138 3511 1202 dedit,
3593 1153 3686 1198 ne.
3748 1151 3886 1191 cum

2225 1221 2565 1279 imbecillior
2641 1231 2812 1294 esset,
2897 1229 3281 1284 Romanorum
3367 1227 3485 1295 regi
3554 1225 3885 1280 obsisteret.

2231 1310 2645 1385 Olitetnperans
2701 1317 2796 1373 ille
2849 1318 2979 1373 huic
3026 1318 3268 1374 consilio
3315 1315 3638 1387 imperatori
3691 1315 3886 1368 Schu-

2227 1403 2599 1474 muschchigo
2630 1405 3014 1462 obedientiam
3048 1415 3102 1462 et
3130 1406 3368 1470 300,000
3396 1419 3655 1459 zuzarum
3693 1402 3885 1456 tribu-

2225 1497 2342 1546 tutn
2404 1495 2682 1564 promisit,
2743 1513 2853 1565 quo
2931 1496 3240 1567 imperator
3308 1493 3885 1559 Scbumusehchigus

2223 1585 2528 1638 contentus
2614 1584 2738 1638 fuit.
2817 1584 2961 1640 Huic
3038 1584 3314 1640 Damasco
3391 1581 3884 1654 apprOpEnquanti

2225 1674 2545 1742 Phatganus
2574 1673 2803 1730 obvium
2838 1674 3025 1730 factus
3058 1690 3204 1744 equo
3229 1673 3525 1729 descendit
3555 1682 3608 1726 et
3663 1680 3883 1726 terram

461 1749 760 1804 οθτιίυποιη
795 1748 946 1842 QC“.
981 1763 1038 1801 50
1071 1745 1263 1816 Stirpis
1295 1762 1413 1800 ⁸υὲ
1444 1746 1684 1801 feminas
1733 1749 2008 1816 quasdam
2040 1747 2109 1801 ad
2147 1779 2188 1842 Β
2219 1763 2522 1833 aliquoties
2573 1762 2864 1818 osculatus
2919 1771 3020 1817 est.
3076 1764 3258 1817 Laetus
3303 1763 3406 1818 hac
3453 1778 3512 1818 re
3567 1763 3887 1827 imperator

460 1853 518 1892 se
550 1839 609 1892 in
640 1836 935 1892 ecclesiam
985 1851 1238 1901 vocasse,
1291 1843 1351 1890 ut
1400 1851 1596 1890 earum
1646 1852 1841 1892 secum
1903 1853 2110 1906 perno-

465 1928 741 1982 ctantium
775 1924 1060 1995 colloquio
1091 1933 1362 1980 uteretur.
1399 1924 1514 1980 Hac
1545 1926 1761 1981 ratione
1791 1941 1958 1996 quam
2000 1926 2113 1996 pri-

468 2030 626 2069 mum
686 2015 1083 2084 imperatorem
1156 2029 1362 2068 somno
1441 2021 1731 2082 gravatum
1812 2014 2112 2078 sentiebat,

463 2103 1024 2171 Schumuschcbigus
1051 2110 1098 2156 et
1135 2102 1229 2172 qui
1261 2117 1396 2156 cum
1427 2118 1493 2157 eo
1537 2111 1719 2170 erant,
1777 2103 1995 2158 inducti
2055 2103 2114 2157 in

465 2192 610 2247 lecto
640 2208 768 2247 eum
801 2191 1152 2256 occiderunt,
1177 2205 1505 2258 eorumque,
1541 2193 1638 2264 qui
1685 2191 1877 2260 palatii
1927 2197 2118 2260 portas

463 2280 880 2348 custodiebant,
933 2279 1056 2348 plus
1114 2295 1285 2348 quam
1343 2280 1415 2331 70
1475 2279 1901 2334 interfecerunt.
1963 2282 2117 2335 llanc

470 2369 640 2424 caedis
669 2369 974 2438 Nicephori
1003 2383 1230 2422 causam
1265 2367 1322 2421 in
1358 2365 1517 2421 libris
1574 2376 1833 2423 accurate
1885 2369 2118 2439 scriptis

469 2458 836 2523 invenimus;
889 2473 953 2512 ea
1002 2463 1214 2520 autem,
1268 2471 1440 2526 quam
1495 2456 1695 2511 beatus
1723 2456 2117 2512 Mar—Michael

472 2555 737 2616 tanquam
769 2545 840 2600 ab
901 2545 1118 2615 lgnatio
1175 2544 1537 2600 Melitenensi
1585 2555 1876 2618 acceptam
1931 2547 2118 2613 refert,

474 2636 723 2691 occisum
751 2650 876 2690 esse
905 2634 1032 2690 ideo
1053 2635 1202 2703 quod
1263 2633 1319 2688 in
1370 2635 1638 2706 conjugio
1683 2652 1877 2705 parum
1939 2635 2123 2690 fidelis

478 2725 696 2791 fuisset,
747 2723 984 2780 minime
1019 2723 1133 2779 veri
1179 2723 1384 2778 similis
1432 2732 1533 2789 est,
1594 2724 1743 2794 quia,
1797 2742 1863 2780 eo
1912 2725 2120 2792 occiso,

480 2829 664 2884 neque
692 2829 820 2869 cum
849 2811 1398 2880 Schumuschchigo,
1429 2815 1526 2882 qui
1556 2821 1680 2883 post
1741 2812 2120 2883 Nicephorum

481 2905 755 2973 regnavit,
787 2919 970 2973 neque
1001 2919 1130 2957 cum
1160 2902 1273 2956 alio
1305 2917 1589 2972 quoquam
1621 2919 1741 2957 rem
1774 2903 1996 2958 habuit.

548 2997 714 3049 Anno
745 2994 850 3047 360
878 2993 1149 3059 Arabum,
1178 2996 1476 3062 prepterea
1505 2993 1654 3061 quod
1690 2995 1908 3050 inventi
1962 2999 2126 3050 erant

477 3084 589 3139 duo
645 3083 854 3138 Arabes
906 3090 1074 3137 noctu
1134 3081 1194 3136 in
1272 3081 1483 3151 templo
1553 3082 1715 3151 juxta
1796 3082 2120 3138 coenobium

2224 1866 2435 1920 equum
2467 1852 2853 1906 conscendere
2889 1866 3023 1905 eum
3049 1851 3225 1920 jussit
3285 1851 3646 1920 multumque
3693 1849 3886 1904 hono—

2227 1939 2384 1995 ravit.
2439 1939 2646 1993 Jussus
2701 1939 2927 2005 deinde,
2993 1949 3048 1993 ut
3100 1955 3286 1994 coram
3336 1955 3402 1994 eo
3453 1941 3787 1994 decurreret
3837 1943 3891 1992 et

2226 2027 2440 2082 militia
2463 2028 2751 2096 specimen
2783 2029 2997 2092 ederet,
3043 2043 3173 2083 cum
3207 2027 3579 2094 decurrisset,
3622 2027 3882 2097 impera-

2229 2115 2365 2170 toris
2394 2115 2562 2171 laude
2595 2123 2782 2171 motus
2812 2118 3020 2172 iterum
3047 2131 3190 2185 equo
3213 2116 3506 2172 descendit
3549 2123 3882 2184 terramque

2226 2204 2511 2260 osculatus
2535 2210 2641 2259 est.
2677 2205 3037 2273 Imperatoris
3067 2205 3228 2274 jussu
3283 2221 3492 2274 equum
3541 2203 3886 2259 conscendit

2227 2300 2441 2347 etcum
2474 2293 2570 2347 ille
2625 2295 2792 2347 unius
2843 2301 3058 2347 tantum
3107 2294 3244 2348 anni
3297 2293 3570 2348 tributum
3629 2293 3886 2359 exigeret

2227 2379 2414 2435 denuo
2474 2381 2790 2443 descendit,
2845 2389 3045 2436 terram
3102 2380 3480 2435 osculaturus.
3543 2379 3880 2450 Imperatori

2231 2482 2457 2537 equum,
2492 2484 2601 2538 quo
2635 2477 2826 2525 vectus
2857 2469 3200 2534 decurrerat,
3249 2468 3499 2539 gladium
3551 2478 3602 2522 et
3655 2467 3878 2522 hastam

2233 2553 2538 2624 postulanti
2568 2572 2685 2610 non
2722 2556 2838 2611 haec
2870 2561 3112 2624 tantum,
3147 2556 3242 2610 sed
3267 2556 3602 2610 vestimenta
3630 2569 3876 2624 quique,

2232 2647 2484 2696 aromata
2508 2650 2560 2698 et
2583 2646 2777 2699 decem
2798 2659 2971 2712 equos
3002 2659 3129 2698 cum
3180 2641 3378 2698 multis
3421 2641 3596 2698 hastis
3624 2641 3832 2697 obtulit
3865 2661 3878 2708 ;

2234 2733 2329 2786 sed
2361 2734 2669 2800 imperator
2695 2734 2862 2787 istum
2891 2740 3106 2786 tantum
3133 2747 3340 2802 equum
3368 2738 3426 2786 et
3467 2729 3631 2785 istatn
3663 2739 3882 2785 tantum

2235 2824 2458 2878 hastam
2487 2823 2724 2893 accepit,
2753 2821 2983 2891 reliquis
3007 2821 3258 2887 redditis,
3321 2821 3720 2877 benevolentia
3765 2822 3884 2888 ejus

2236 2919 2539 2968 contentus
2565 2927 2576 2966 :
2602 2909 2716 2965 imo
2735 2910 2979 2965 amicivit
3014 2909 3400 2978 Phataganum
3445 2909 3764 2978 splendidis
3795 2923 3884 2961 ve-

2237 3001 2416 3056 stibus
2438 3008 2490 3054 et
2513 3007 2778 3069 praeterea
2803 2999 3065 3067 cperibus
3086 3013 3222 3052 auro
3248 2997 3589 3060 fabrefactis,
3630 2996 3884 3052 vestibus

2237 3094 2471 3158 argento
2496 3087 2659 3142 tectis
2689 3097 2737 3140 et
2765 3088 2938 3140 mulis
2956 3086 3204 3141 donavit.
3248 3086 3385 3140 Inde
3423 3085 3697 3141 Sidonem
3751 3100 3883 3156 pro-

480 3169 779 3227 Michaelis
809 3170 1278 3227 Nestorianorum
1311 3169 1735 3226 Mozalanorum
1767 3173 1873 3227 sito
1921 3172 2119 3239 occisi,
2155 3145 2198 3212 (ἶ
2241 3179 2421 3234 rectus
2451 3181 2558 3240 est,
2592 3177 2757 3246 cujus
2801 3176 2951 3230 cives
2999 3174 3221 3230 obviam
3269 3175 3481 3245 egressi
3527 3191 3586 3229 se
3629 3173 3878 3244 subjece-

479 3258 827 3313 Christianos
861 3257 1182 3313 Mozalanos
1203 3257 1609 3328 Abu-Thagleb
1642 3259 1796 3314 lilius
1840 3259 2120 3315 Nazerob-

475 3347 660 3402 daulte
698 3347 930 3410 120,000
963 3362 1226 3401 zuzarum
1261 3346 1570 3402 mulclavit.

550 3439 716 3492 Anno
745 3435 854 3491 362
882 3435 1131 3491 Arabum
1162 3437 1508 3492 domesticus
1548 3453 1678 3493 cum
1738 3438 2124 3494 Romanorum

477 3525 730 3581 exercitu
791 3524 1014 3581 Nisibin
1069 3525 1356 3597 profectus
1421 3541 1686 3596 magnam
1741 3535 1986 3598 stragem
2047 3528 2126 3583 ibi

479 3614 656 3671 edidit
713 3621 766 3670 et
816 3630 914 3683 per
969 3615 1040 3668 22
1087 3615 1208 3670 dies
1269 3614 1413 3670 nihil
1472 3616 1626 3670 aliud
1675 3616 1807 3686 egit,
1851 3633 2016 3686 quam
2069 3624 2128 3672 ut

482 3707 812 3774 captivaret,
848 3704 1118 3774 diriperet
1168 3711 1220 3759 et
1272 3703 1561 3774 regionem
1616 3712 1871 3760 vastaret.
1934 3707 2129 3761 Pustea

486 3810 617 3848 cum
649 3793 912 3848 Amidam
963 3795 1243 3862 tenderet,
1298 3793 1465 3863 hujus
1517 3793 1676 3850 urbis
1723 3796 1834 3849 dux
1887 3794 2130 3851 militum

483 3882 870 3952 impetravita
926 3881 1146 3936 Mozalaz
1202 3883 1486 3950 praefecto,
1543 3882 2020 3953 Abu-Thahlebo,
2073 3887 2134 3938 ut

489 3988 724 4041 magnas
773 3971 967 4040 copias
1024 3987 1154 4026 cum
1205 3971 1372 4025 fratre
1403 3989 1506 4027 suo
1531 3973 1796 4028 mitteret.
1855 3975 2136 4029 Romanos

492 4060 673 4116 adorti
734 4061 972 4114 victores
1046 4060 1260 4114 Arabes
1331 4060 1554 4115 fuerunt
1627 4066 1684 4116 et
1759 4062 2132 4119 domesticum

487 4158 714 4216 captum
745 4147 1134 4217 vincturaque,
1160 4148 1432 4203 Romanis
1451 4149 1822 4220 fugientibus,
1864 4151 2134 4208 Mozalam

492 4238 791 4291 miserunt.
823 4235 1326 4305 Abu-Thaglebus,
1380 4253 1490 4308 quo
1535 4254 1789 4293 amorem
1835 4255 1963 4295 cum
2024 4242 2138 4297 Ro-

493 4324 676 4378 manis
707 4324 1094 4390 confirmaret,
1149 4323 1568 4394 benignissime
1615 4326 1808 4382 habuit
1867 4330 2141 4385 domesti-

490 4429 644 4478 cum,
677 4413 772 4484 qui
808 4422 997 4470 tamen
1031 4415 1223 4470 cancri
1257 4414 1452 4471 morbo
1484 4415 1745 4472 ibiobiit.

2235 3275 2366 3322 runt
2394 3267 2543 3320 dona
2573 3265 2895 3328 oll'erentes,
2927 3270 3266 3334 quapropter
3313 3263 3383 3318 iis
3435 3263 3645 3318 relictis
3706 3263 3878 3333 Bery-

2234 3362 2329 3411 ton
2364 3354 2544 3423 duxit,
2568 3368 2734 3424 quam
2757 3350 2809 3405 vi
2842 3352 3059 3421 aperuit
3111 3360 3165 3406 et
3212 3351 3468 3421 diripuit.
3521 3352 3660 3406 Inde
3691 3350 3875 3406 Gaba-

2235 3442 2347 3497 lam
2379 3444 2529 3498 venit
2582 3449 2637 3498 et
2678 3441 2810 3510 quia
2851 3439 2973 3510 ejus
3002 3439 3202 3494 incolae
3237 3439 3600 3506 resistebant,
3623 3438 3677 3494 vi
3710 3441 3872 3496 etiam

2237 3529 2856 3601 eXpugnavit.Direpta
2913 3545 2978 3582 ea
3029 3528 3243 3583 Tarson
3301 3528 3583 3598 profectus
3630 3536 3738 3595 est,
3783 3523 3872 3580 ubi

2238 3618 2619 3688 imperatricis
2647 3617 3027 3686 TheOphaniae
3059 3617 3226 3671 frater
3257 3632 3538 3671 venenum
3579 3619 3632 3672 ei
3683 3622 3878 3686 potan-

2240 3709 2376 3764 dum
2403 3707 3020 3778 pra:buit,quapr0pter
3060 3705 3118 3759 in
3169 3721 3392 3776 gravem
3440 3705 3699 3761 morbum
3752 3705 3882 3761 inci-

2243 3801 2322 3856 dit
2356 3807 2408 3854 et
2440 3798 2495 3852 in
2533 3797 2730 3851 urbem
2766 3795 2976 3863 regiam
3010 3810 3264 3848 reversus
3295 3803 3548 3850 mortuus
3581 3801 3685 3864 est,
3740 3801 3882 3866 post-

2245 3904 2415 3960 quam
2473 3891 2716 3956 quatuor
2770 3899 2952 3938 annos
3007 3892 3353 3951 regnaverat.
3418 3883 3520 3938 Hic
3569 3883 3625 3938 in
3665 3883 3880 3955 agendo

2246 3985 2532 4038 strenuus,
2565 3988 2802 4043 corpore
2832 3970 3074 4035 Vulldtls,
3106 3973 3296 4027 animo
3332 3973 3511 4038 fortis,
3548 3973 3696 4029 bello
3759 3973 3882 4027 felix

2247 4073 2383 4120 erat.
2421 4063 2622 4119 Statim
2645 4079 2674 4116 a
2701 4061 2859 4129 regni
2891 4059 3052 4114 initio
3081 4077 3210 4129 erga
3234 4077 3434 4115 omnes
3461 4062 3878 4130 magnanimum

2250 4170 2308 4208 se
2366 4150 2624 4222 praebuit,
2670 4149 3036 4218 captivosque
3093 4148 3331 4202 dimisit.
3402 4145 3884 4218 Constantinopoli

2252 4257 2514 4311 magnam
2543 4237 2840 4294 ecclesiam
2874 4237 3192 4301 edilieavit,
3226 4237 3432 4291 multas
3465 4237 3630 4294 urbes
3657 4239 3882 4293 multas-

2251 4347 2361 4402 que
2393 4329 2654 4398 regiones
2685 4325 2925 4394 subegit.
2960 4324 3248 4380 Morinum
3283 4325 3569 4396 principes
3601 4330 3656 4381 et
3704 4324 3884 4397 plebes

2257 4419 2462 4475 mirum
2496 4416 2554 4470 in
2587 4415 2820 4470 modum
2855 4412 3141 4468 luxerunt.
3178 4413 3306 4469 Post
3363 4431 3489 4470 eum
3540 4414 3888 4486 imperatoris

571 4505 684 4559 Hoc
743 4519 896 4560 anno
948 4503 1190 4574 pepulus
1243 4503 1714 4575 Bagdalenensis,
1779 4509 1878 4578 qui
1939 4510 2147 4566 multos
2182 4515 2224 4580 υ
2258 4505 2492 4563 Romani
2527 4504 2652 4563 lilii.
2683 4502 2928 4557 Basilius
2953 4507 3008 4556 et
3038 4502 3461 4573 Constantinus,
3496 4521 3594 4574 per
3624 4505 3695 4559 35
3715 4517 3887 4559 annos

496 4591 796 4648 Nisibenos
821 4593 880 4648 in
911 4593 1297 4662 captivitatem
1332 4593 1625 4662 incidisse,
1662 4597 1875 4654 multos
1931 4599 2149 4656 occisos

497 4698 621 4736 esse
704 4681 1033 4748 audivisset,
1119 4682 1188 4736 ad
1276 4682 1421 4738 iram
1499 4684 1822 4740 concitatus
1880 4702 2146 4758 magnum

1559 4771 1804 4830 ludibrio
1865 4774 2146 4845 habitum,

493 4855 808 4911 tumultum
867 4857 1158 4926 excitavit,
1213 4860 1361 4928 quod
1423 4876 1522 4929 pro
1591 4861 1874 4918 Arabibus
1938 4873 2152 4922 certare

499 4945 700 5012 nollet,
731 4947 871 5003 etin
923 4948 1044 5017 ejus
1089 4947 1278 5002 aulam
1330 4949 1660 5020 amicosque
1713 4951 1826 5008 tela
1883 4955 2148 5026 conjecit.

492 4769 562 4823 ad
575 4785 765 4825 versus
849 4769 1129 4824 Chalifam
1217 4769 1481 4836 Metium,

2259 4595 2563 4669 imperiun;
2598 4592 2968 4648 obtinuerunt
2999 4607 3128 4647 vero
3155 4609 3348 4650 amore
3377 4610 3436 4648 se
3465 4593 3709 4650 invicem
3743 4607 3884 4650 com-

2261 4688 2428 4758 plexi.
2465 4682 2728 4749 Basilius,
2780 4681 2910 4750 quia
2965 4680 3287 4738 bellicosior
3334 4690 3470 4749 erat,
3529 4683 3886 4738 Constantino

2261 4779 2432 4832 fratre
2461 4775 2518 4830 in
2553 4771 2690 4828 urbe
2723 4770 2876 4842 regia
2907 4769 3123 4838 relicto,
3155 4771 3428 4829 continuo
3457 4787 3584 4828 cum
3625 4772 3888 4828 Arabibus

2261 4863 2412 4922 bella
2441 4861 2629 4934 gessit.
