4146 6302
359 374 518 437 1017

1142 373 1247 432 DE
1290 372 1750 434 NICEPHORO
1791 370 2050 432 PHOCA
2096 373 2196 433 ET
2238 373 2540 432 JOANNE
2584 370 2972 434 TZIMISCE.

3608 375 3759 435 1018

687 643 803 734 ll.
859 641 1023 734 EX
1094 639 1783 734 ABULFEDIE
1855 639 2559 735 ANNALIBUS
2646 642 3438 738 MUSLEMICIS.

1463 847 1568 920 (Cf.
1607 853 1743 902 tom.
1780 845 1849 915 Ιῐ,
1887 864 1936 918 p.
1974 848 2077 900 477
2117 864 2270 919 seqq.
2299 851 2386 905 ed.
2423 850 2639 924 Reisk.)

426 1201 595 1250 Anno
624 1192 820 1248 CCCLI
854 1191 1092 1263 (quidie
1120 1193 1152 1246 8
1196 1191 1356 1247 Febr.
1405 1195 1473 1247 A.
1535 1190 1594 1246 C.
1646 1190 1753 1244 962
1806 1190 2003 1261 C(Bpil)
2034 1199 2086 1262 Α

354 1281 702 1353 occupabant
768 1281 1057 1342 Romani,
1114 1281 1256 1334 dure
1317 1279 1634 1334 Domestico
1683 1279 1755 1350 (i)
1828 1278 2011 1348 (Nice-

355 1371 535 1442 phoro
596 1370 828 1440 Phoce),
885 1368 1186 1424 Ain-Zarba
1268 1369 1336 1439 (ν.
1388 1368 1765 1438 Anazarbuni)
1853 1368 2010 1438 pacis

360 1468 549 1532 pacto,
585 1460 893 1529 paucisque
944 1457 1162 1528 aliquot
1211 1457 1288 1511 ibi
1350 1459 1675 1526 peremptis,
1737 1457 2010 1526 plurimos

359 1547 661 1603 inviolatos
713 1547 1095 1602 dimittebant.
1133 1545 1332 1610 Iidem,
1362 1548 1560 1600 eodem
1613 1547 1775 1609 duce,
1834 1545 2010 1599 victo-

360 1639 456 1692 rize
509 1635 835 1701 instabant,
889 1635 1102 1708 vultum
1166 1643 1278 1688 tam
1341 1634 1583 1703 benigne
1637 1633 2006 1690 monstranti.

357 1725 637 1781 Halebum
674 1725 1046 1794 impetcbant,
1081 1733 1130 1779 et
1159 1723 1284 1794 ipsa
1330 1723 1485 1790 urbe,
1544 1730 1742 1792 praeter
1797 1738 2006 1789 arcem,

360 1814 745 1885 potiebantur.
779 1815 935 1880 Quod
972 1813 1048 1868 ita
1078 1813 1396 1868 continbit:
1436 1812 2014 1867 DomesticusSeifed'

357 1901 588 1958 daulam
624 1919 910 1968 securum,
941 1903 1316 1970 omniumque
1347 1915 1534 1956 rerum
1597 1902 1854 1970 ignarum
1913 1903 2008 1954 de-

354 2001 593 2062 repente
643 1991 918 2059 obruens,
978 1990 1162 2060 copiis
1223 2006 1320 2059 per
1371 1989 1547 2043 otium
1607 1986 2012 2043 contrahendis

354 2079 712 2135 excludebat.
751 2076 1036 2147 Correptis
1092 2078 1268 2149 igitur
1325 2077 1540 2147 paucis,
1601 2079 1694 2147 qui
1753 2079 2010 2142 aderant,

347 2168 609 2238 jactabat
634 2167 970 2222 Halebensis
1006 2165 1138 2221 belli
1167 2167 1372 2232 aleam,
1408 2167 1529 2234 sed,
1578 2165 1800 2219 amissis
1846 2165 2010 2233 longe

354 2256 642 2328 plurimis,
669 2272 802 2310 cum
837 2256 1041 2324 exigua
1074 2270 1244 2309 manu
1281 2256 1337 2308 in
1371 2254 1558 2324 fugam
1593 2253 1728 2308 ibat.
1763 2255 1855 2308 Sic
1912 2270 2007 2322 pa-

353 2345 511 2400 tebat
557 2344 766 2400 Graecis
817 2345 1007 2399 omnis
1053 2359 1188 2413 ager
1238 2344 1359 2398 urbi
1420 2342 1729 2411 subjectus,
1787 2340 2011 2411 patebat

355 2434 536 2504 ipsius
565 2433 937 2489 Scifeddaulze
998 2435 1174 2500 regia,
1234 2432 1326 2486 cui
1383 2447 1593 2486 nomen
1647 2442 1764 2485 erat
1823 2435 2004 2484 Daran

356 2523 474 2592 (seu
507 2521 748 2590 geminae
780 2521 1003 2590 domus)
1045 2531 1201 2575 extra
1235 2520 1390 2574 urbis
1433 2520 1708 2574 ambitum
1740 2521 1867 2584 sita,
1909 2517 2004 2572 ubi

2765 1195 2802 1250 l.
2837 1197 2873 1251 1.
2909 1217 2960 1267 ρ.
2993 1198 3116 1255 479.

2186 1292 2393 1347 Eodem
2426 1309 2578 1348 anno
2630 1296 3032 1366 expugnabant
3091 1297 3268 1352 Gr'cci
3317 1315 3501 1354 arcem
3554 1297 3753 1368 Dalue,

2113 1379 2363 1452 aliasque
2391 1389 2499 1438 tres
2531 1384 2741 1440 circum
2775 1402 2956 1441 arces.

2188 1471 2450 1539 Ejusdem
2483 1475 2619 1526 anni
2681 1474 2900 1529 decimo
2951 1491 3143 1529 mense
3203 1477 3537 1532 auferebam
3584 1478 3752 1532 iidem

2115 1559 2399 1630 captivum
2436 1579 2500 1616 ex
2533 1561 2669 1617 urbe
2701 1562 2960 1633 Manbeg,
2997 1566 3086 1617 cui
3132 1575 3379 1634 praeerat,
3425 1566 3753 1622 Abu-Fera-

2115 1664 2238 1703 sum
2275 1649 2562 1718 Haretum,
2594 1651 2776 1707 ﬁlium
2808 1653 2982 1719 Saidi,
3017 1653 3116 1707 filii
3169 1654 3442 1710 Hamdani
3477 1655 3574 1727 (3).

2759 1742 2795 1796 l.
2832 1742 2866 1796 l.
2904 1759 2956 1812 p.
2992 1743 3113 1798 481.

2189 1827 2393 1883 Eodem
2426 1845 2578 1884 anno
2608 1830 2674 1898 (i.
2715 1846 2764 1885 e.
2799 1831 3047 1894 CCCLIl,
3093 1833 3188 1902 qui
3247 1834 3338 1889 die
3389 1835 3462 1887 29
3517 1834 3650 1889 Jan.
3687 1835 3752 1890 A.

2117 1917 2245 1972 Chr.
2278 1917 2382 1972 963
2413 1919 2602 1989 C(Bpit)
2636 1919 2965 1975 occiderunt
3011 1920 3188 1976 Graeci
3237 1939 3399 1977 suum
3452 1924 3755 1994 imperato-

2117 2021 2232 2059 rem
2257 2006 2602 2076 (Romanum
2629 2008 2937 2076 juniorem)
2962 2010 3124 2078 eique
3146 2011 3316 2064 alium
3352 2011 3754 2082 snbrogarunt.

2115 2092 2260 2147 Tum
2297 2094 2446 2146 ﬁlius
2475 2094 2921 2151 Schemeschkik
2967 2095 3312 2169 (Tziniisces)
3347 2101 3517 2154 evasit
3548 2099 3758 2155 Dome-

2118 2181 2299 2237 sticus
2327 2182 2423 2252 (4).
2757 2254 2770 2308 1
2827 2254 2842 2308 l
2903 2274 2933 2326 ρ
2991 2256 3092 2310 483

2190 2346 2356 2396 Anno
2385 2342 2634 2397 CCCLIV
2666 2342 2782 2413 (qui
2815 2344 2904 2398 die
2927 2347 2958 2398 6
2986 2344 3114 2401 Jan.
3150 2347 3212 2400 A.
3248 2346 3379 2401 Chr.
3414 2348 3521 2400 985
3568 2347 3755 2418 coepit)

2117 2430 2738 2500 Romanusimperator
2770 2433 3143 2502 (Nicephorus
3196 2436 3432 2504 Pbocas)
3489 2452 3757 2492 coronam

2117 2521 2295 2575 cinxit
2327 2530 2379 2575 et
2413 2524 2635 2577 tandem
2662 2523 2999 2592 expugnavit
3027 2524 3314 2592 Masisam,
3357 2526 3446 2579 die
3505 2525 3756 2592 Saturni,

359 2568 474 2592 ,η-
507 2568 748 2590 οωη..-
782 2568 1002 2590 _---._-,
1047 2568 1201 2575 -.μη
1239 2568 1388 2574 κ---
1914 2568 2003 2572 ηη-
2122 2568 2295 2575 ----_--
2331 2568 2379 2575 --
2415 2568 2635 2577 -_..---..
2664 2568 2999 2592 --.ν-ηπ...
3027 2568 3314 2592 --_-........,
3358 2568 3445 2579 ...ν
3506 2568 3756 2592 ww..."

359 2619 672 2666 tercentum
704 2610 920 2680 argenti
955 2617 1102 2663 utres
1146 2608 1223 2679 (5)
1280 2607 1669 2674 inveniebant,
1729 2605 2000 2678 qnadrin-
2037 2568 2082 2632 Β
2117 2609 2340 2664 decimo
2373 2612 2536 2665 tertio
2569 2612 2794 2680 septimi
2825 2611 3057 2676 mensis,
3080 2621 3131 2666 et
3163 2621 3521 2683 pesteaquam
3571 2612 3757 2684 gladio

359 2708 558 2769 gentos
578 2695 757 2769 atque
790 2699 946 2753 mille
979 2697 1184 2766 mulos,
1217 2712 1616 2766 armorumque
1655 2705 1870 2750 tantum
1903 2713 2004 2764 ap-

357 2796 610 2857 paratum
637 2786 888 2842 admotis
903 2786 1184 2840 machinis
1199 2803 1226 2854 q
1239 2785 1519 2840 uatiebant
1551 2805 1565 2850 ;
1581 2784 1800 2853 depulsi
1822 2793 2008 2837 tamen

361 2877 775 2946 Oppidanorum
809 2875 1161 2940 fortitudine,
1196 2889 1409 2945 suaque
1453 2889 1552 2943 spe
1599 2872 1824 2941 dejecti,
1885 2889 2008 2940 pro-

363 2966 583 3020 ximum
610 2966 664 3020 in
691 2973 965 3031 montem,
988 2963 1327 3029 Gauschan,
1350 2960 2010 3042 concedebant.lnterim

363 3055 648 3111 incidebat
679 3056 736 3111 in
770 3057 919 3111 cives
950 3063 1002 3110 et
1035 3054 1281 3124 praetorii
1317 3054 1649 3123 peditatum,
1683 3069 1781 3106 seu
1817 3050 2012 3123 praesi-

357 3145 474 3214 dia,
525 3146 595 3200 ob
650 3145 916 3215 quasdam
977 3143 1034 3197 in
1099 3142 1235 3197 urbe
1293 3142 1539 3212 rapinas,
1598 3141 1823 3207 seditio,
1887 3157 2013 3211 qua:

357 3233 571 3289 mmnia
628 3233 1044 3300 defensoribus,
1105 3233 1162 3285 in
1243 3231 1426 3286 forum
1511 3228 2010 3299 concurrentibus,

356 3323 634 3378 nudabat.
671 3322 849 3385 Quam
883 3323 1141 3376 videntes
1173 3321 1351 3376 Graaci
1376 3320 1749 3375 solitudinem
1812 3327 1866 3374 et
1924 3319 2012 3374 in-

359 3412 636 3467 testinum
671 3409 1007 3477 tumultum,
1040 3409 1227 3464 subito
1248 3409 1450 3474 adorti,
1512 3408 1824 3477 eﬁringunt
1883 3423 2011 3476 por-

363 3509 468 3566 tas,
501 3498 804 3570 gladioque
837 3498 894 3552 in
930 3498 1150 3552 virilem
1201 3503 1420 3552 {etatem
1455 3505 1780 3566 grassantur
1812 3515 1826 3564 ;
1889 3495 2018 3565 plus

365 3590 562 3645 decem
599 3588 781 3643 millia
813 3601 1113 3657 puerorum
1157 3587 1446 3656 utriusque
1479 3603 1646 3640 sexus
1699 3590 2015 3655 asportant,

361 3684 414 3734 et
446 3677 696 3748 pra-dam
729 3683 935 3744 cogunt
969 3674 1390 3742 incredibilem,
1414 3674 1505 3729 cui
1537 3673 1859 3728 deferendas
1881 3688 2010 3728 cum

362 3783 482 3822 non
515 3765 866 3829 sufﬁcerent,
901 3779 1022 3833 quze
1055 3767 1259 3833 praesto
1290 3764 1522 3818 aderant
1566 3761 1849 3831 jumenta,
1899 3759 2017 3830 igni

368 3855 504 3910 dant
535 3870 659 3924 quae
691 3853 916 3907 auferre
954 3850 1280 3921 nequibant.
1317 3851 1545 3906 Decimo
1587 3849 1656 3904 ab
1696 3866 1762 3904 ea
1784 3849 2017 3905 victoria

2119 2698 2176 2752 in
2202 2699 2416 2753 incolas
2447 2699 2814 2764 desaeviisset,
2841 2702 3108 2768 parcebat
3144 2701 3372 2771 reliquis
3403 2713 3456 2757 et
3502 2703 3758 2770 captivos

2119 2803 2313 2843 secum
2346 2789 2402 2841 in
2459 2787 2727 2842 ditionem
2787 2803 2945 2841 suam
3009 2789 3277 2858 rapit-bat.
3340 2796 3586 2846 Duceuta
3641 2791 3758 2849 fere

2123 2875 2300 2931 millia
2329 2876 2626 2930 hominum
2662 2875 3000 2932 numerabat
3034 2878 3184 2931 urbs.
3227 2879 3362 2932 [nde
3413 2881 3572 2948 petiti
3620 2880 3756 2935 Tar-

2122 2981 2318 3020 senses
2344 2981 2402 3018 se
2455 2964 2858 3019 submittebant
2921 2973 2994 3031 et,
3045 2967 3437 3021 incolumitate
3498 2969 3759 3038 precibus

2123 3055 2441 3125 impetrata,
2483 3056 2759 3122 emigrare
2809 3053 2955 3122 jussi
3026 3060 3183 3108 sunt.
3269 3055 3437 3110 Terra
3505 3057 3758 3128 marique

2123 3141 2536 3212 emigrantibus
2569 3151 2978 3212 prosecutores,
3030 3159 3060 3196 a
3094 3143 3296 3212 quibus
3345 3145 3402 3199 in
3459 3151 3578 3200 tuta
3636 3147 3759 3203 loca

2123 3232 2560 3298 deducerentur,
2609 3248 2640 3284 a
2696 3234 2956 3286 Romano
3012 3246 3187 3301 usque
3245 3233 3311 3286 ad
3400 3235 3762 3292 Antiochiam

2123 3321 2322 3376 additi.
2353 3319 2511 3374 Tarsi
2547 3320 2734 3374 fanum
2772 3327 2904 3374 tunc
2937 3319 2993 3375 in
3026 3319 3312 3376 stabulum
3355 3323 3514 3391 abiit,
3561 3340 3763 3393 sugge-

2123 3420 2246 3466 stus
2270 3410 2328 3464 in
2360 3408 2548 3478 ignem
2585 3425 2598 3475 ;
2633 3408 2765 3463 urbs
2795 3409 2923 3463 aliis
2955 3409 3158 3464 incolis
3213 3419 3264 3464 et
3320 3411 3448 3465 novi
3507 3413 3765 3468 aediﬁciis

2123 3510 2290 3570 atque
2315 3499 2689 3553 munimentis
2718 3497 3014 3554 instructa.
3046 3498 3188 3554 Dein
3239 3501 3502 3555 redibant
3536 3502 3764 3570 quidam

2125 3589 2394 3660 paulatim
2448 3589 2516 3640 ad
2597 3587 2869 3657 pristinas
2941 3589 3123 3652 sedes,
3185 3587 3280 3642 alii
3342 3605 3566 3657 prorsus
3643 3607 3765 3647 non

2124 3675 3100 3743 excesserant,Christianamfidem
3147 3677 3402 3746 ptofessi.
3443 3678 3536 3732 llis
3595 3678 3768 3735 rebus

2125 3768 2298 3837 gestis
2329 3765 2547 3820 redibat
2577 3766 2868 3820 Romanus
2893 3765 3452 3836 Constantinopolin.

2788 3853 2822 3907 Ι.
2860 3853 2897 3907 Ι.
2935 3870 2988 3922 p.
3023 3853 3147 3907 487.

365 3943 461 3997 die
496 3941 749 4011 receptui
780 3941 1022 3996 canebat
1055 3940 1406 3995 Domesticus
1453 3947 1506 3994 et
1557 3954 1779 4008 gravem
1831 3938 2017 4008 praeda
2048 3933 2090 3998 C
2200 3945 2362 3998 Anno
2393 3941 2614 3996 CCCLV
2639 3940 2758 4012 (qui
2785 3942 2875 3996 die
2904 3941 2973 3994 57
3004 3942 3136 3998 Dec.
3164 3945 3228 3996 A.
3261 3942 3391 3998 Chr.
3440 3944 3548 3998 965
3599 3945 3766 4015 ccepit

367 4030 677 4086 exercitum
712 4029 1022 4085 deducebat
1057 4045 1152 4098 per
1182 4044 1380 4098 agrum
1432 4027 1826 4093 llalebensem,
1861 4026 2018 4098 pagis

360 4120 800 4195 parcensjussis
825 4119 1217 4173 tantummodo
1249 4118 1467 4173 colonis
1498 4133 1686 4174 serere
1706 4121 1762 4172 et
1791 4117 2011 4184 colere;

350 4212 530 4265 altero
562 4225 714 4264 anno
747 4223 806 4263 se
840 4207 1023 4264 reditu
1039 4222 1164 4262 rnm
1198 4215 1250 4262 et
1281 4207 1468 4276 fruges
1526 4209 2012 4276 comportaturum

361 4315 506 4356 0530.

436 4521 511 4591 (1)
542 4520 653 4590 Ipsi
685 4519 1013 4587 imperatori
1049 4518 1367 4589 Nicephoro
1398 4518 1600 4574 Phocea
1632 4517 1856 4591 htribuit
1913 4517 2015 4573 Ce-

371 4588 584 4648 drenus
613 4592 1041 4660 occupationem
1078 4588 1353 4646 Ana’zarbi
1384 4607 1438 4660 p.
1471 4591 1596 4656 664,
1630 4588 1673 4644 D
1699 4606 1764 4658 ;e
1793 4604 1902 4659 quo
1928 4606 2021 4659 pa-

374 4669 454 4719 tct
478 4662 811 4718 Abulfedam
837 4668 1156 4732 temporum
1191 4663 1455 4716 ordinem
1489 4666 1710 4716 turbare
1742 4680 1756 4729 ;
1810 4661 2014 4715 Cedre-

371 4751 482 4791 nus
515 4735 632 4790 haec
655 4749 807 4789 anno
827 4733 1128 4803 Nicephori
1151 4733 1352 4789 Phoeaa
1379 4733 1738 4802 imperatoris
1760 4732 2016 4803 secundo

375 4805 628 4873 ascribit,
678 4805 775 4875 qui
831 4804 892 4860 in
931 4802 997 4859 Α.
1053 4803 1188 4859 Chr.
1244 4804 1632 4875 964hincidit.
1686 4802 2015 4859 R.—Cum

374 4878 660 5003 Abiizlfega
682 4873 869 4931 tamen
893 4876 1180 4932 consentit
1221 4873 1668 4942 Eat-Hebraeus;
1711 4876 1820 4928 vid.
1854 4890 2013 4944 supr.

374 4967 428 5003 n.
538 4989 549 5001 .
630 4988 643 5001 .

371 4967 927 5144 argenti
948 5018 1207 5076 continet
1236 5017 1424 5074 decies
1444 5015 1603 5072 mille
1628 5029 1896 5072 nummos
1926 5029 2014 5070 ar-

371 5107 478 5144 aen
505 5106 620 5144 808.
702 5133 716 5144 .

407 5102 620 5148 6111603.
653 5102 716 5146 Α.

369 5108 1028 5234 κθῗέξῗέ.ἳέ1ωαοὶημω
1059 5175 1115 5229 p.
1145 5159 1256 5232 533
1286 5168 1338 5216 et
1369 5159 1476 5234 231i
1529 5160 1841 5234 (interpret.
1897 5160 2010 5234 Lat.

374 5234 479 5289 278
499 5228 560 5289 et
588 5250 643 5304 p.
673 5233 822 5302 286.)
853 5232 950 5302 qui
1007 5228 1341 5304 septennem
1401 5228 1574 5304 fuisse
1627 5228 2013 5304 captivitatem

370 5301 727 5361 Abu-Férasi
749 5301 848 5370 ait,
872 5301 934 5357 et
957 5301 1112 5358 anno
1141 5303 1371 5358 demum
1404 5303 1509 5359 355
1565 5301 1835 5367 solutam,
1887 5315 2015 5354 cum

2124 4030 2493 4088 excurrebant
2528 4030 2786 4084 Grasciin
2807 4045 3007 4102 agrum
3072 4031 3488 4088 Muslemicum.
3541 4035 3764 4090 Primus

2124 4121 2373 4190 impetus
2424 4119 2683 4174 Amidam
2719 4120 2984 4190 perculit,
3037 4127 3153 4174 tum
3207 4121 3379 4175 missa
3437 4123 3581 4178 facta
3637 4125 3764 4194 ejus

2123 4207 2440 4272 obsidione,
2474 4207 2795 4263 Nisibinam
2832 4209 3003 4273 ;inde
3033 4211 3370 4280 transgressi
3425 4228 3454 4266 c
3504 4212 3759 4283 Mesopo-

2123 4298 2294 4352 tamia
2319 4297 2378 4351 in
2409 4296 2653 4366 Syriam,
2683 4295 2782 4351 diu
2824 4296 3112 4354 haerebant
3151 4299 3301 4355 circa
3353 4301 3752 4372 Antiochiam;

2123 4387 2350 4442 tandem
2372 4388 2602 4441 Tarsum
2638 4385 2986 4454 repetebant.

2123 4513 2321 4589 fuisse.
2377 4511 2644 4589 Diversus
2667 4521 2749 4567 est
2797 4529 2829 4566 a
2867 4518 3061 4569 nostro
3089 4515 3476 4584 Abu-Feraso,
3502 4519 3570 4572 de
3600 4519 3765 4589 cujus

2123 4585 2440 4654 captivitate
2461 4585 2663 4651 Graeci,
2718 4594 2995 4653 quantum
3046 4589 3198 4654 novi,
3253 4605 3366 4643 non
3424 4585 3790 4646 memorant.‘

2123 4657 2509 4726 Illius,-quem
2547 4655 2745 4726 laudat
2779 4654 3085 4721 Cedrenus,
3147 4675 3352 4713 nomen
3409 4671 3486 4714 est
3537 4660 3761 4716 Abul’l-

2123 4723 2412 4795 Aschajer.
2445 4723 2843 4794 Genealogiam
2876 4728 2997 4794 ejus
3055 4744 3168 4782 non
3202 4731 3609 4786 constituerim.
3668 4732 3760 4787 El-

2123 4799 2381 4853 macinus
2408 4813 2537 4852 eum
2562 4797 2809 4870 appellat
2839 4798 3278 4870 Abulassjirum,
3311 4801 3488 4857 filium
3524 4803 3758 4870 Haseni,

2121 4870 2394 4924 vicarium
2439 4868 2830 4936 Seifeddaulae,
2881 4868 3098 4925 scilicet
3155 4873 3212 4926 in
3257 4890 3387 4929 arce
3441 4868 3759 4931 Tel-Patrio

2121 4956 2361 5012 eumque
2401 4941 2458 4993 in
2496 4954 2722 5012 carcere
2751 4939 3245 5012 ConstantinOpoli
3278 4946 3511 5012 periisse
3538 4949 3634 5001 ait.
3696 4949 3759 5003 R.

2121 5011 2543 5085 Quadriennem
2577 5010 2952 5085 captivitatem
2975 5010 3322 5069 Abu-Ferasi
3359 5017 3762 5085 fuisse,auctor

2121 5091 2202 5139 est
2229 5081 2507 5138 Abulfeda
2530 5098 2584 5151 p.
2611 5081 2765 5147 347;
2816 5083 2889 5137 cf.
2959 5093 3228 5152 prmterea
3276 5088 3346 5143 de
3404 5081 3762 5146 AbuLFeraso

2121 5170 2243 5282 qs;
2281 5160 2577 5279 ὢῐὸηιῖδῐιι
2631 5153 2714 5206 Cl.
2765 5152 2988 5222 Freitag
3038 5159 3104 5211 ad
3137 5159 3248 5213 Sel.
3283 5176 3347 5215 ex
3381 5161 3512 5216 hist.
3551 5163 3670 5219 Hal.
3705 5180 3758 5233 p.

2195 5298 2269 5367 (1)
2297 5295 2831 5370 Confunditnosler
2863 5295 2928 5370 h.
2963 5297 3000 5352 l.
3061 5303 3315 5370 tempora
3365 5311 3419 5357 et
3478 5304 3759 5360 homines.

370 5347 727 5460 gssit.
746 5347 1109 5460 δέξεῑςοῑῖιξ
1125 5347 2017 5460 ﬁgens;margaritam;
2046 5347 2093 5411 ι)
2117 5347 2676 5460 fugiente;
2692 5347 3762 5460 ξι-ιτῖςδόςςςξῑεξῖῑ’ςῖδρῑχρξῖέῑξῖίςῖιῖέ

370 5442 792 5504 institueretur.
816 5442 1100 5501 Memorat
1155 5445 1448 5501 Cedrenus
1500 5461 1554 5514 p.
1613 5445 1716 5498 637
1764 5442 2011 5514 aliquem

370 5517 691 5583 Cbabdani,
721 5517 807 5573 vel
839 5515 1046 5572 rectius
1070 5515 1402 5582 Chamdani,
1437 5513 1515 5583 hy.’
1540 5531 1591 5570 e.
1640 5513 2013 5570 Hamdanidae

380 5582 756 5667 Seifeddau’lae
797 5587 1052 5667 affinem,
1111 5603 1275 5667 quem
1331 5582 1686 5667 '{tnolacatnp
1726 5583 2011 5667 appellat,

2115 5441 2221 5496 fuit
2269 5439 2561 5495 Romanus
2617 5439 2932 5510 imperator
2989 5439 3382 5510 (Nieephorus'
3425 5439 3654 5504 Phocasi
3705 5455 3761 5500 et.

2113 5513 2212 5582 qui
2237 5511 2506 5567 hactenus
2536 5511 2898 5566 Domesticus
2939 5511 3136 5580 fuerat,
3156 5517 3404 5572 Joannes
3433 5517 3757 5582 Tzimisces,

2113 5584 2171 5638 in
2205 5584 2326 5653 ejus
2358 5584 2545 5656 locum
2579 5583 2876 5656 successit.
2904 5582 3044 5639 Nam
3097 5585 3406 5656 Romanus,
3454 5587 3760 5656 Nicephori

370 5669 597 5734 captum
628 5668 683 5718 et
709 5653 1202 5729 Constantinopoli
1233 5659 1571 5729 productum
1603 5653 1667 5713 in
1723 5653 2011 5726 triumpho
2111 5664 2461 5724 antecessor,
2488 5655 2826 5724 jamdudum
2854 5653 2967 5710 fato
2993 5671 3095 5712 suo
3117 5653 3448 5714 decesserat.
3482 5659 3544 5714 Β.
