4146 6302
446 365 600 426 1019

1460 367 1865 430 EXCERPTA
1913 362 2009 422 EX
2056 355 2458 418 HISTORIIS
2509 361 2831 422 ARABUM

3741 366 3774 423 1
3785 365 3919 425 O20

516 500 726 555 Eodem
761 500 1028 556 liberabat
1064 502 1425 558 Seifeddaula
1460 519 1624 560 suum
1657 504 1913 559 afﬁnem,
1947 497 2092 551 Abu-
2123 489 2174 554 Α
2208 491 2265 544 in
2299 489 2570 547 necllum
2597 494 2850 564 aliquod,
2881 495 3186 565 Nicephori
3220 496 3487 553 cubiculo
3512 496 3912 568 proximum,

444 589 712 644 Ferasum
763 589 1256 660 Hamdanidam,e
1314 593 1579 657 vinculis,
1637 593 1782 646 facta
1840 588 2092 658 captivo-

440 697 565 735 rum
601 685 1036 752 permutatione,
1073 700 1173 753 per
1205 701 1371 754 quam
1425 687 1832 740 Muslemorum
1895 682 2098 748 ingens

448 771 762 826 multitudo
795 772 1110 827 libertatem
1148 775 1513 844 recuperavit.

1083 861 1118 916 l.
1156 862 1190 915 l.
1229 880 1282 932 p.
1333 863 1458 918 503-

513 947 726 1003 lnterea
752 949 888 1004 dum
927 949 1345 1018 Mesopotamiae
1396 950 1614 1006 domini
1648 949 1802 1005 hunc
1862 950 1918 1002 iu
1967 961 2089 1000 mo-

441 1037 575 1091 dum
609 1038 893 1093 intestinis
931 1039 1094 1094 bellis
1128 1040 1235 1112 ipsi
1264 1057 1388 1095 sese
1423 1041 1689 1109 lacerant,
1734 1040 1816 1094 via
1869 1035 2092 1109 patebat

444 1125 718 1181 Romanis
776 1144 874 1197 per
932 1128 1150 1196 Syriam
1209 1145 1393 1199 usque
1449 1130 1517 1184 ad
1576 1128 1855 1198 Tripolin.
1887 1129 2088 1182 Arcem

440 1213 618 1268 Erach
653 1216 1008 1285 expugnabat
1038 1233 1234 1271 eorum
1266 1218 1594 1286 imperator.
1652 1217 1789 1271 Inde
1827 1214 2095 1272 tendebat

438 1302 756 1372 Emessam,
793 1321 963 1376 quam
997 1307 1204 1362 incolis
1259 1324 1497 1361 Vacuam
1561 1307 1834 1362 facillime
1895 1313 2093 1360 nactus

441 1393 814 1459 (advenientis
847 1402 1058 1450 terrore
1093 1396 1326 1464 patriam
1387 1396 1802 1466 deseruerant),
1865 1393 2094 1464 injectis

439 1481 671 1550 ignibus
705 1485 1078 1552 pervastabat.
1135 1486 1212 1540 Ab
1244 1502 1305 1540 ea
1353 1487 1688 1541 excursione
1747 1485 1965 1540 redibat
2021 1484 2091 1538 ad

440 1577 679 1626 tractum
719 1574 1084 1642 maritimum,
1111 1591 1274 1644 quem
1309 1575 1521 1645 rapinis
1543 1583 1596 1630 et
1629 1572 2092 1644 populationibus

443 1658 754 1726 desolabat,
790 1666 846 1716 et
875 1663 1188 1718 octodecim
1225 1674 1524 1732 suggestus
1555 1665 1605 1732 (e
1653 1665 1888 1718 totidem
1948 1662 2092 1716 fanis

445 1750 778 1819 majoribus)
811 1751 1088 1820 ejiciebal.
1143 1757 1444 1823 Postquam
1499 1755 1610 1809 duo
1656 1770 1878 1810 menses
1928 1758 2090 1809 incu-

441 1835 654 1892 buisset
685 1842 880 1908 Syriae,
912 1842 1099 1895 abibat
1132 1844 1362 1897 domum
1399 1846 1582 1911 praeda
1605 1844 1790 1913 gravis
1847 1851 1901 1900 et
1957 1860 2087 1914 cap-
2120 1842 2168 1906 B

439 1925 570 1980 tivis
604 1943 839 1983 numero
875 1930 1018 1985 haud
1054 1931 1219 1986 facile
1250 1933 1718 2001 complectendis.

514 2022 682 2074 Anno
713 2019 961 2075 CCCLIX
993 2021 1110 2092 (qui
1142 2021 1235 2076 die
1269 2022 1335 2075 13
1369 2021 1508 2077 Νον.
1545 2027 1609 2074 Α.
1637 2022 1767 2077 Chr.
1819 2024 1924 2077 966
1971 2039 2084 2078 caa-

433 2113 535 2184 pit)
569 2127 766 2166 rursus
799 2109 1143 2164 invadebant
1176 2109 1416 2164 Romani
1452 2112 1754 2182 Syriam,et
1784 2111 2084 2166 Antiochia

432 2201 708 2255 violenter
739 2206 1062 2268 expugnata
1101 2199 1467 2268 caadibusque
1511 2210 1562 2253 et
1623 2200 1834 2269 rapinis
1893 2216 2086 2268 perva-

439 2297 598 2354 stata,
634 2288 907 2341 Ilalebum
945 2289 1236 2354 petebant,
1289 2303 1454 2354 quam
1507 2287 1762 2341 Corubeh
1823 2288 1896 2358 (5)
1954 2294 2089 2341 tunc

439 2376 682 2437 tenebat,
733 2374 1107 2429 Seifcddaulae
1142 2375 1516 2442 mancipium,
1552 2375 1669 2430 heri
1705 2374 1840 2437 tilio,
1895 2373 2086 2430 Abu’l-

441 2465 646 2521 Manlio
675 2463 934 2518 Scharifo
976 2467 1279 2532 extortam,
1316 2469 1376 2517 ut
1437 2465 1603 2518 modo
1661 2464 1930 2518 diximus.
1988 2464 2090 2519 Hic

444 2555 507 2609 in
541 2569 728 2609 arcem
762 2569 820 2606 se
854 2560 1162 2622 receperat,
1198 2552 1334 2606 urbe
1366 2551 1512 2606 hosti
1575 2553 1865 2622 permissa.
1928 2553 2090 2608 Obsi-

449 2646 619 2699 dione
649 2644 714 2697 ad
753 2643 1020 2712 temporis
1049 2641 1280 2712 aliquod
1316 2643 1568 2708 tolerata,
1603 2651 1802 2712 pactus
1831 2642 2087 2697 Corubeh

445 2744 662 2790 certum
694 2750 956 2788 annuum
990 2734 1260 2789 tributum
1297 2750 1396 2803 pro
1428 2733 1640 2789 Halebo
1671 2742 1722 2788 el
1753 2751 1886 2800 agro
1917 2736 2088 2799 circa,

445 2824 732 2879 Romanos
757 2823 1063 2896 avertebat,
1105 2823 1348 2892 sumptis
1405 2838 1594 2879 secum
1651 2823 1948 2878 obsidibus
2000 2822 2092 2877 ab-

443 2916 665 2968 euntes.
697 2913 774 2966 lta
800 2911 1156 2968 locusfactus
1181 2911 1475 2966 Muslemis
1505 2913 1570 2965 ad
1610 2911 1878 2981 pristinas
1933 2911 2092 2966 sedes

446 3001 880 3058 revertentibus.
935 3001 1090 3056 Juris
1145 2999 1474 3055 Halebensis
1532 3005 1718 3056 autem
1781 3008 1898 3055 tum
1933 3009 2090 3056 erant

445 3091 533 3147 hae
583 3095 863 3161 praeturae,
897 3094 1156 3153 Hamata,
1208 3090 1458 3154 Emessa,
1485 3089 1816 3155 Cafar-Tab,
1853 3093 2090 3158 Maarra,

436 3182 706 3248 Apamea,
740 3178 998 3233 Schaizar
1029 3186 1081 3232 et
1115 3177 1203 3231 hie
1236 3177 1535 3246 interjecta
1571 3179 1711 3234 loca.

514 3268 576 3323 In
607 3267 879 3322 Armenia
929 3281 1148 3334 quoque
1199 3265 1378 3320 Graeci
1419 3266 1820 3322 Malazcardam
1881 3268 1950 3337 t6)
1995 3283 2093 3338 op-

440 3356 788 3426 pugnabant.
828 3355 896 3410 Ut
924 3353 1121 3423 paucis
1152 3353 1516 3424 complectar,
1555 3362 1702 3409 totus
1731 3355 1826 3411 ille
1884 3363 2091 3410 tractus

442 3445 620 3513 Syriae
654 3443 999 3506 maritimus,
1023 3451 1076 3498 et
1098 3459 1221 3512 iniure
1253 3444 1402 3498 circa
1455 3444 1798 3513 Euphraten,
1829 3445 2092 3514 patebant

441 3534 764 3590 Graecorum
802 3533 1050 3597 libidini,
1087 3533 1318 3586 nemine
1353 3549 1536 3603 neque
1566 3533 1783 3588 hostem
1837 3544 2087 3600 arcente,

439 3638 626 3694 neque
657 3629 833 3677 terras
864 3627 1079 3686 tuente,
1115 3621 1395 3690 praesidiis
1425 3629 1479 3676 et
1510 3631 1728 3678 rectore
1757 3624 2014 3678 nudalas.

1085 3711 1123 3765 l.
1160 3710 1194 3764 l.
1234 3727 1286 3777 p.
1321 3712 1444 3764 507.

509 3803 662 3858 Deus
683 3809 873 3857 tamen
904 3799 1134 3855 afliictis
1167 3799 1465 3855 Muslemis
1515 3801 1836 3872 praesidium
1896 3802 2089 3857 aderat

440 3899 495 3948 et
526 3891 800 3947 liberator
827 3907 857 3946 e
889 3890 1061 3944 tantis
1103 3890 1399 3958 angustiis.
1435 3889 1534 3945 Ille
1565 3890 1715 3946 enim
1743 3891 1862 3960 ipse
1883 3890 2088 3946 Itoma-

441 3997 552 4037 nus
576 3981 904 4051 imperator,
936 3995 1108 4048 quem
1143 3978 1412 4033 hactenus
1442 3980 1499 4033 in
1545 3979 1934 4035 Muslemicam
1993 3981 2084 4035 di-

441 4071 653 4124 tionem
703 4069 844 4122 adeo
897 4068 1220 4122 saevientem
1279 4067 1549 4131 vidimus,
1600 4069 1694 4137 qui
1759 4084 1862 4136 spe
1916 4073 2085 4138 atque

443 4157 716 4225 cupidine
750 4163 919 4210 totam
954 4155 1176 4224 Syriam
1201 4155 1316 4224 jam
1347 4156 1728 4226 devoraverat,
1760 4158 1850 4228 qui
1888 4157 2085 4214 orbem

409 4244 670 4300 ﬁdelem
722 4252 930 4300 terrore
987 4244 1075 4298 sui
1135 4243 1533 4312 compleverat,
1592 4243 1699 4300 hoc
1753 4246 1874 4312 ipso
1931 4261 2083 4302 anno

437 4333 822 4390 muliebribus
856 4332 1081 4388 insidiis
1110 4332 1398 4388 occubuit.
1425 4333 1557 4387 Erat
1578 4333 1677 4390 ille
1707 4334 2080 4404 Nicephorus,

437 4423 535 4494 qui
587 4423 810 4478 sublato
866 4423 1159 4477 decessore
1211 4437 1312 4476 suo
1372 4437 1517 4490 rege,
1581 4437 1810 4477 uxorem
1850 4423 1970 4492 ejus
2021 4424 2079 4479 in

435 4513 868 4569 matrimonium
903 4513 1139 4566 duxerat
1176 4511 1346 4580 stirpe
1376 4520 1530 4566 ortus
1563 4527 1675 4567 non
1713 4512 1889 4583 regia,
1916 4513 2083 4584 idque

434 4603 627 4659 animo
655 4601 925 4673 agitabat,
951 4609 1009 4656 ut
1040 4600 1351 4669 superioris
1385 4600 1534 4654 thori
1586 4603 1899 4658 masculum
1955 4619 2081 4674 pro-

435 4693 549 4749 lem
579 4699 887 4760 exsecaret,
924 4706 1032 4761 quo
1065 4707 1180 4745 suae
1231 4689 1443 4758 regiam
1500 4689 1830 4759 dignitatem
1881 4708 2081 4763 perpe-

434 4788 588 4837 tuam
619 4780 1031 4838 assereret.Sed
1066 4778 1364 4849 indignum
1398 4782 1451 4833 et
1485 4779 1838 4835 intolerabile
1861 4780 2082 4837 fucinus

435 4873 709 4927 detestata
740 4875 798 4925 et
829 4869 1105 4939 impedire
1131 4869 1323 4923 nitens
1356 4883 1656 4938 puerorum
1719 4877 1897 4924 mater
1949 4885 2081 4926 con-

432 4959 836 5030 spirabatcum
871 4957 1190 5013 Domestico
1221 4958 1278 5012 in
1335 4957 1434 5012 viri
1477 4959 1710 5024 caedem,
1753 4962 1966 5015 structo
2022 4960 2081 5015 in

433 5047 592 5102 hunc
621 5050 857 5102 modum
884 5047 1034 5100 dolo.
1063 5046 1349 5115 Conscius,
1387 5047 1766 5102 Domesticum
1834 5055 1970 5117 puta
2029 5057 2082 5104 et

432 5136 556 5205 ejus
579 5136 814 5202 amicos,
855 5134 1048 5190 habitu
1081 5135 1340 5190 muliebri
1391 5135 1752 5202 deformatos,
1785 5137 1856 5192 de
1917 5147 2082 5194 nocte

505 5281 579 5352 (5)
605 5283 665 5336 In
699 5281 977 5348 excerptis
1007 5296 1073 5334 ex
1101 5279 1332 5333 historia
1366 5279 1563 5352 l_lalehi
1597 5281 1743 5334 infra
1797 5281 2082 5338 exhiben-

434 5350 524 5409 dis
546 5350 812 5406 Scribitur
845 5352 949 5406 hoc
996 5367 1202 5405 nomen
1235 5350 1553 5422 Gargbujah
1581 5367 1595 5417 ;
1629 5356 1804 5422 quod,
1831 5355 1938 5408 nisi
1978 5355 2082 5410 fal-

435 5425 541 5490 lor,
567 5429 720 5480 recte
749 5439 810 5476 se
839 5423 998 5476 habet
1028 5441 1049 5487 ,-
1072 5421 1301 5476 omissis
1327 5421 1478 5474 enim
1505 5421 1730 5490 punctis
1752 5426 2078 5491 diacriticis,

435 5495 641 5566 quibus
671 5494 1100 5566 distinguuntur
1123 5493 1321 5566 litterae
1353 5491 1539 5546 Ghain
1567 5493 1729 5566 ethe
1760 5496 1829 5550 ab
1863 5498 1969 5551 Ain
2021 5503 2081 5552 et

433 5564 533 5635 Be',
560 5568 729 5624 facile
772 5564 1061 5636 corrumpi
1091 5565 1267 5635 potuit
1327 5579 1534 5619 nomen
1586 5564 1724 5619 illud
1783 5567 1842 5621 in
1902 5571 2076 5623 Coru-

431 5640 975 5790 be?t§)lltdalazcardaa
1006 5706 1486 5781 oppugnationem
1527 5705 1851 5766 Elmaoiuus
1871 5726 1925 5781 p.
1972 5709 2079 5766 :80

2119 3191 2163 3258 C

2207 581 2646 639 introducebat:
2697 593 2748 639 et
2809 593 3048 655 tyranno
3123 587 3466 656 profundum
3569 593 3911 652 stertente,

2208 672 2530 742 foribusque
2570 675 2864 741 obseratis,
2919 675 3038 746 ipsa
3089 691 3324 745 surgens
3377 693 3647 746 peream
3693 683 3909 746 portu-
3997 720 4000 722 η

2205 761 2316 817 lam
2350 763 2765 818 intromittebat
2798 780 3174 834 percussores,
3206 781 3306 836 per
3340 781 3504 836 quam
3536 783 3571 821 e
3609 766 3913 820 cubiculo

2203 853 2386 906 aditus
2417 855 2481 908 cd
2516 853 2787 908 sacellum
2825 854 3065 921 patebat.
3115 855 3306 925 Itaque
3363 872 3700 924 aggressus
3767 857 3909 911 dor-

2207 942 2474 998 mientem
2502 943 2888 1011 Nicephorum
2916 943 3212 1012 jugulahat
3262 945 3668 1011 Domesticus,
3743 945 3910 999 Deus

2202 1038 2385 1084 autem
2420 1032 2546 1102 ejus
2579 1030 2894 1086 ministerio
2924 1031 3178 1102 quietem
3220 1031 3431 1102 populo
3462 1050 3577 1089 suo
3626 1050 3660 1087 ει
3713 1033 3907 1088 mole-

2202 1119 2449 1174 stissimo
2480 1128 2738 1176 vexatore
2771 1119 3088 1190 praestabat.
3119 1124 3482 1177 Domesticus
3522 1123 3687 1177 inde
3715 1138 3912 1177 unum

2203 1225 2269 1264 ex
2310 1209 2691 1280 imperatrtcis
2736 1211 2895 1276 filiis,
2937 1228 2966 1266 e
3018 1212 3206 1283 priore
3259 1213 3670 1281 matrimonio,
3713 1221 3773 1267 et
3807 1229 3907 1284 ge-

2204 1298 2382 1353 nuino
2413 1299 2689 1368 sanguine
2721 1300 2872 1368 regio
2903 1309 3178 1366 creatum,
3204 1307 3516 1372 Augustum
3556 1317 3906 1374 nuncupa-

2205 1388 2315 1444 bat.
2373 1388 2447 1444 De
2480 1397 2680 1444 caetero
2713 1389 3066 1446 Domesticus
3094 1390 3142 1445 is
3170 1389 3507 1460 appellatur,
3542 1393 3657 1463 qui
3701 1392 3904 1459 regio-

2205 1494 2337 1532 num
2376 1478 2810 1546 Byzantinarum
2852 1481 2935 1535 cis
2975 1479 3408 1550 Hellespontum
3472 1482 3528 1537 in
3577 1481 3894 1537 orientem

2204 1578 2586 1638 porrectarum
2619 1587 2815 1627 curam
2847 1572 3012 1642 gerit.

2841 1688 2860 1743 1
2915 1688 2954 1743 1.
2987 1708 3038 1759 p.
3072 1690 3198 1744 5H.

2274 1803 2434 1856 Anno
2465 1801 2708 1857 CCCLXI
2741 1803 2860 1872 (qui
2893 1802 2983 1857 die
3011 1805 3081 1858 23
3115 1804 3235 1860 Oct.
3291 1805 3348 1858 Α.
3399 1803 3532 1858 Chr.
3591 1804 3710 1857 971
3777 1819 3900 1859 οω-

2203 1891 2302 1960 pit)
2350 1891 2687 1946 invadebant
2729 1891 2911 1947 Graeci
2971 1893 3248 1962 Djeziram
3311 1895 3374 1964 (i.
3429 1910 3480 1949 e.
3537 1895 3899 1960 Mesamm-

2202 1979 2399 2051 miam)
2431 1981 2727 2046 Edessam,
2750 1981 3088 2050 Nisibinam,
3123 1981 3483 2053 aedibusque
3514 1982 3891 2053 grassaban-

2200 2060 2289 2123 ‘ur
2320 2077 2370 2124 et
2408 2070 2625 2140 rapinis
2659 2090 2672 2138 ;
2705 2081 2903 2126 contra
2951 2088 3092 2142 quos
3141 2072 3426 2127 auxilium
3479 2073 3890 2142 implorantes

2199 2159 2527 2226 Bagdadum
2563 2159 2932 2216 conﬂuebant
2961 2170 3214 2216 extorres
3247 2162 3536 2217 Muslemi.
3577 2163 3755 2226 Quod
3824 2161 3884 2215 iu

2199 2249 2508 2303 tumultum
2559 2247 2781 2320 plebem
2842 2250 3223 2320 Bagdadicam
3285 2251 3640 2308 concitabat.
3680 2250 3883 2307 Perfe-

2200 2341 2404 2391 rnntur
2454 2337 2792 2393 miserorum
2857 2341 3226 2409 querimoniae
3303 2341 3368 2394 ad
3429 2339 3880 2394 Bochteiarum.

2201 2427 2447 2494 Bagdadi
2481 2443 2806 2496 supremum
2861 2428 3138 2494 Emirum,
3182 2429 3489 2484 venatione
3535 2435 3667 2482 tum
3729 2437 3878 2481 tem-

2199 2516 2353 2584 poris
2385 2527 2720 2586 occupatum
2756 2533 2767 2579 τ
2805 2517 2897 2586 qui
2934 2527 3246 2587 promptam
3290 2518 3514 2588 quidem
3559 2533 3747 2586 Opem
3795 2515 3875 2568 la-

2201 2610 2408 2672 turum,
2459 2609 2515 2658 et
2564 2605 2755 2660 hostes
2800 2606 3016 2661 ﬁnibus
3065 2610 3390 2661 exacturum
3442 2605 3871 2676 promittebat;

2199 2693 2437 2762 ideoque
2465 2693 2695 2749 Chalifee
2717 2697 3069 2750 necessarios
3108 2696 3456 2750 instruendae
3503 2695 3875 2764 expeditioni

2199 2792 2456 2837 sumolus
2486 2784 2796 2850 regebat,et
2823 2785 3058 2838 invitum
3081 2783 3438 2852 multumque
3459 2783 3870 2837 obluctantem

2199 2871 2402 2941 opibus
2436 2873 2580 2926 haud
2614 2874 3051 2928 contemnendis
3071 2872 3437 2942 emungebat.
3465 2872 3632 2928 Vana
3669 2880 3870 2926 tamen

2201 2959 2308 3014 ista
2339 2962 2530 3015 omnia
2570 2969 2620 3014 et
2651 2961 2717 3014 ad
2772 2961 3019 3031 speciem
3059 2959 3494 3029 ludibriumque
3529 2958 3856 3028 compsita.

2201 3050 2371 3115 Queri
2409 3050 2636 3118 quidem
2672 3050 2878 3104 Motius
2904 3049 3204 3118 pecuniam
3230 3049 3337 3103 sibi
3397 3047 3624 3103 nullam
3685 3061 3815 3102 esse
3851 3061 3863 3110 ;

2203 3138 2419 3202 mirari,
2444 3155 2616 3210 quare
2650 3155 2918 3193 nummos
2947 3158 2978 3194 a
3005 3155 3064 3194 se
3124 3139 3438 3208 requirant,
3491 3137 3582 3192 cui
3655 3142 3864 3207 praeter

2203 3228 2454 3282 nominis
2481 3227 2717 3297 gloriam
2750 3237 2803 3283 et
2841 3229 3133 3295 dignitatis
3167 3229 3223 3283 in
3278 3227 3525 3297 publicis
3582 3224 3861 3297 precibus

2201 3317 2472 3386 speciem,
2529 3317 2584 3371 in
2649 3316 3013 3372 facultatibus
3061 3326 3112 3373 et
3162 3315 3497 3372 auctoritate
3563 3316 3854 3384 reliquum

2201 3405 2346 3460 nihil
2381 3406 2634 3461 fecerint.
2668 3408 2724 3460 Si
2760 3415 2946 3462 tamen
2983 3406 3174 3476 inique
3200 3420 3393 3462 secum
3427 3421 3596 3470 agere
3648 3405 3852 3459 decre-

2199 3496 2432 3558 vissent,
2468 3495 2638 3552 malle
2667 3495 3002 3551 Chalifalum
3037 3495 3276 3566 ejurare.
3313 3500 3385 3549 At
3426 3495 3626 3549 ridens
3663 3491 3852 3547 Boch-

2200 3584 2338 3639 teiar
2361 3585 2620 3655 frigidam
2641 3585 3347 3654 excusationem,graviora
3368 3594 3421 3638 et
3439 3584 3844 3639 necessitatem

2197 3675 2588 3745 tergiversanti
2637 3675 3049 3729 admovendam
3090 3673 3434 3729 minabatur.
3485 3674 3848 3742 Quapropter

2196 3769 2426 3820 coactus
2470 3762 2691 3821 Chalifa
2751 3764 3032 3818 vendebat
3091 3762 3524 3833 supellectilem,
3594 3762 3845 3829 indeque

2195 3862 2450 3908 coactum
2483 3870 2560 3908 aes
2587 3855 2654 3907 ad
2686 3853 3055 3923 quadraginta
3079 3853 3258 3908 millia
3282 3853 3684 3907 drachmarum
3711 3849 3841 3903 mit-

2197 3942 2344 3996 tebat
2378 3942 2584 3996 Buidae.
2619 3941 2719 3996 Ille
2749 3949 2934 3996 autem
2967 3950 3185 3995 tantum
3217 3941 3428 4007 aberat,
3463 3944 3524 3995 ut
3582 3957 3672 4007 eo,
3730 3950 3838 4006 quo

2197 4029 2496 4099 ﬂagitaret,
2518 4029 2892 4101 impenderet,
2927 4039 3004 4097 ut,
3037 4031 3134 4100 qui
3166 4030 3587 4100 expeditionem
3644 4033 3838 4083 contra

2193 4123 2416 4175 Graecos
2473 4119 2557 4174 vel
2603 4118 2772 4174 fando
2823 4119 3162 4185 nominaret,
3207 4119 3433 4174 auditus
3482 4135 3652 4174 nemo
3683 4131 3749 4171 ex
3774 4127 3837 4167 eo

2195 4216 2452 4280 tempore
2483 4207 2773 4270 fuerit,sed
2799 4207 2855 4262 in
2887 4209 3317 4263 necessitatibus
3355 4207 3692 4276 deliciisque
3723 4203 3836 4258 suis

2194 4296 2924 4367 perdebat.lndejactatum
2959 4297 3204 4367 Bagdadi
3255 4296 3358 4351 fuit
3409 4295 3636 4365 vulgare
3693 4289 3830 4348 illud

2193 4402 2468 4452 scomma,
2518 4385 2819 4440 multatum
2870 4385 3146 4440 Chalifam
3191 4404 3223 4440 a
3270 4385 3602 4441 Bochteiaro
3665 4384 3832 4438 fuisse

2192 4477 2479 4546 (tanquam
2516 4475 2844 4530 inferiorem
2875 4492 2907 4528 a
2931 4475 3172 4545 potiore,
3201 4483 3296 4530 aut
3327 4481 3549 4531 sontem
3597 4491 3632 4529 a
3689 4487 3829 4543 prac-

2114 4557 2160 4622 D
2193 4571 2353 4634 tore).

2835 4670 2872 4726 I.
2909 4671 2946 4726 Ι.
2980 4688 3035 4743 p.
3067 4671 3192 4726 513.

2261 4779 2427 4833 Anno
2458 4777 2871 4848 CCCLXII(qui
2899 4777 2992 4832 die
3026 4779 3084 4833 11
3120 4778 3454 4834 Oet.A.Chr.
3487 4779 3593 4833 972
3642 4775 3824 4847 etrapit)

2191 4867 2525 4925 excurrebat
2563 4867 2927 4923 Domesticus
2982 4868 3041 4922 in
3093 4874 3332 4923 tractum
3397 4868 3822 4938 Majafarekinaa,

2190 4974 2355 5029 quem
2407 4956 2854 5026 depraedabatur.
2902 4957 3045 5011 Huic
3090 4959 3397 5013 Muslemos
3441 4953 3822 5013 contemnenti

2191 5054 2244 5103 et
2274 5047 2504 5102 incauto
2552 5045 2870 5101 immitebat
2925 5046 3299 5101 Abu-Tahlab
3358 5048 3667 5104 exercitum
3701 5057 3818 5101 cum

2191 5137 2379 5203 fratre,
2439 5135 2752 5202 Hebatalla,
2809 5135 2903 5203 qui
2987 5135 3182 5204 pralio
3266 5150 3604 5206 congressus
3686 5131 3816 5190 fudit

2189 5280 2256 5333 ad
2315 5293 2535 5332 annum
2584 5278 2690 5333 353
2738 5277 2926 5332 refert.
2982 5275 3121 5331 Nam
3173 5278 3318 5345 quod
3367 5277 3444 5333 ibi
3495 5277 3578 5332 bis
3631 5276 3818 5340 legitur

2189 5353 2342 5421 regio
2363 5350 2576 5413 Kerdaz,
2599 5349 2869 5421 vitiosum
2900 5357 2980 5403 est
3008 5355 3061 5403 et
3095 5348 3366 5404 Malazcar
3415 5350 3813 5421 reponendum.

2188 5420 2350 5477 Forte
2381 5420 2678 5478 conciliari
2707 5421 2928 5490 possint
2958 5421 3017 5475 in
3073 5422 3185 5475 duo
3235 5429 3516 5487 auctores,
3569 5421 3616 5476 si
3673 5420 3812 5474 dicas

2190 5494 2476 5550 Romanos
2505 5494 2651 5548 hanc
2685 5508 2910 5563 arcem,
2961 5507 3134 5562 quam
3184 5507 3337 5547 anno
3383 5491 3488 5546 353
3537 5494 3808 5563 ceperant.

2187 5565 2458 5638 deinceps
2487 5567 2764 5632 amisisse,
2804 5574 2857 5621 et
2905 5562 3010 5619 hoc
3063 5564 3296 5618 demum
3342 5579 3538 5618 rursus
3591 5562 3814 5632 recupe-

2187 5652 2361 5695 rasse.
2396 5639 2457 5693 Β.
