4152 6312
322 416 470 478 1021

1119 414 1223 473 DE
1267 408 1715 470 NICEPHORO
1759 401 2008 466 PHOCA
2054 401 2154 459 ET
2197 398 2502 461 JOANNE
2544 399 2931 460 TZIMISCE.

3581 397 3734 457 1022

317 552 566 620 Graecos,
635 551 934 621 ipsumque
993 547 1142 619 cepit
1208 545 1637 611 Domesticum;
1695 560 1855 614 quem
1907 543 1962 596 in

2087 553 2433 609 Domesticos
2463 553 2520 609 in
2553 553 2840 618 morbum,
2868 551 3016 607 unde
3046 550 3232 622 periit,
3270 549 3518 606 invalida
3551 547 3728 605 medi-

315 641 558 698 vinculis
587 642 656 695 ad
709 641 933 696 fratrem
984 640 1158 694 misit.
1193 639 1266 693 Ea
1296 638 1356 693 in
1386 635 1639 692 custovlia
1680 635 1968 692 incidebat

2078 642 2232 709 cini,
2266 659 2437 712 quam
2460 642 2821 710 Abu-Taglab
2845 643 2950 712 ipsi
2983 640 3309 696 adhibebat.

441 955 605 1046 III.
658 955 824 1047 EX
905 951 1759 1047 CEMALEDDINI
1837 954 2538 1051 ANNALIBUS
2613 953 3590 1051 HALEBENSIBUS.

389 1307 506 1363 Hoc
529 1322 680 1362 anno
711 1305 768 1375 (i.
803 1321 852 1361 e.
883 1321 1034 1360 anno
1070 1305 1211 1376 fugae
1236 1305 1360 1375 357)
1391 1304 1719 1359 excurrebat
1764 1321 1966 1374 agmen

314 1397 722 1459 Romanorum,
781 1403 894 1448 tum
948 1394 1222 1462 peditum,
1266 1397 1386 1447 tum
1431 1391 1709 1464 equitum,
1765 1409 1827 1446 ex
1865 1395 1967 1460 eis,

314 1484 408 1554 qui
444 1483 653 1538 tinibus
703 1482 925 1550 imperii
977 1481 1202 1536 tuendis
1249 1479 1435 1535 relicti
1487 1489 1692 1548 erant;
1728 1498 1967 1538 numero

315 1576 539 1630 erantV
563 1570 762 1627 millia.
783 1571 1039 1624 Primum
1062 1587 1261 1640 agrum
1285 1570 1654 1624 llalebensem
1675 1571 1966 1641 petebant.

316 1661 464 1724 Quos
495 1677 626 1716 cum
657 1676 955 1732 aggressus
985 1664 1134 1714 esset
1180 1659 1500 1728 Karghujah
1550 1675 1678 1714 cum
1713 1660 1965 1714 exercitu

317 1750 640 1815 Halcbensi,
692 1754 891 1818 captus
956 1757 1090 1803 est:
1147 1749 1264 1818 ipse
1328 1751 1555 1818 quidem
1624 1747 1787 1818 paulo
1845 1752 1969 1818 post

319 1840 514 1904 evasit,
560 1841 734 1909 copit:
791 1847 979 1893 autem
1029 1839 1153 1908 ejus
1204 1839 1408 1907 fugatas
1453 1845 1606 1901 sunt,
1657 1838 1851 1891 multis
1898 1853 1966 1892 ex

322 1928 660 1983 satellitibus
710 1927 1087 1982 Seifeddaulae
1118 1945 1149 1981 a
1183 1927 1454 1982 Romanis
1507 1927 1705 1995 captis.
1755 1928 1968 1982 Deinde

321 2017 626 2088 imperator
656 2017 1038 2072 Romanorum
1064 2015 1774 2072 Maahrra-Alnohmanam
1807 2018 1973 2072 ador-

322 2115 411 2162 tus
442 2117 544 2176 est,
570 2109 890 2179 oppidoque
921 2108 1152 2177 potitus,
1185 2107 1376 2162 fanum
1409 2108 1721 2162 maximum
1756 2117 1806 2162 et
1849 2124 1970 2162 ma-

318 2197 503 2266 jorem
531 2197 898 2252 aediﬁciorum
937 2205 1148 2266 partem
1185 2196 1539 2265 diruijussit.
1570 2199 1770 2251 Eodem
1799 2197 1966 2251 modo

319 2286 381 2341 in
411 2286 1009 2341 Maahrra-Mazrinam
1065 2285 1348 2353 saeviebat,
1391 2285 1513 2340 vitae
1567 2294 1756 2340 tamen
1804 2286 1963 2340 inco-

2150 1308 2605 1378 Karghujahum,
2639 1311 2733 1380 qui
2784 1311 3088 1380 Hadjihus,
3133 1310 3168 1362 i.
3203 1325 3263 1364 e.
3303 1322 3494 1363 comes
3544 1303 3737 1373 palatii

2076 1395 2518 1453 Saahdaddaulaa
2567 1407 2702 1464 erat,
2746 1417 3032 1454 summam
3097 1414 3280 1453 rerum
3330 1393 3734 1450 Halebensium

2078 1484 2185 1538 sibi
2226 1503 2536 1556 arrogasse,
2573 1490 2889 1560 urbemque
2924 1489 3221 1551 Halebum,
3269 1502 3399 1540 arce
3429 1491 3733 1554 exstruCIa,

2078 1575 2367 1645 murisque
2397 1578 2640 1643 refectis,
2674 1578 3004 1644 munivisse,
3037 1578 3189 1632 socio
3223 1574 3383 1646 regni
3424 1575 3568 1628 facto
3602 1571 3738 1626 Bac-

2077 1663 2260 1732 djuro,
2310 1667 2402 1720 cui
2443 1682 2651 1722 nomen
2686 1667 2865 1722 Emiri
2915 1668 3156 1720 inditum
3186 1667 3300 1729 sit;
3336 1664 3734 1731 imperatorem

2075 1759 2261 1807 autem
2295 1753 2706 1821 Romanorum,
2759 1756 2862 1811 hoc
2905 1756 3117 1820 audito,
3155 1755 3390 1807 domum
3449 1765 3733 1805 reversum

2075 1864 2240 1913 esse;
2277 1847 2484 1901 factum
2515 1863 2637 1901 esse
2683 1846 2789 1902 hoc
2821 1862 2973 1900 anno
3003 1845 3106 1898 358
3142 1859 3334 1898 mense
3367 1840 3690 1895 Muharrem
3719 1855 3734 1905 ;

2075 1936 2280 1992 deinde
2340 1936 2858 1999 Saahdaddaulam,
2909 1936 3188 1988 sociorum
3244 1947 3412 1986 manu
3475 1928 3737 1994 collecta,

2077 2041 2274 2080 mense
2307 2025 2675 2079 Ramadhano
2709 2024 2980 2079 Halebum
3019 2036 3381 2093 Oppugnassc
3415 2027 3468 2074 et
3502 2033 3736 2072 manum

2075 2129 2206 2170 cum
2241 2113 2562 2182 Karghujah
2595 2123 2650 2168 et
2687 2114 2968 2183 Bacdjuro
3014 2112 3406 2175 conseruisse;
3441 2119 3564 2162 tum
3606 2123 3737 2176 per-

2075 2204 2154 2272 git
2210 2203 2248 2272 :)
2297 2202 2533 2271 Scripsit
2587 2201 2791 2257 deinde
2839 2201 3166 2270 Karghujali
3216 2201 3283 2254 ad
3339 2199 3622 2253 Romanos
3674 2201 3738 2250 et

2076 2292 2382 2346 Patricium
2434 2291 2764 2362 quemdam,
2807 2290 2922 2360 aqui
2968 2291 3026 2344 in
3079 2290 3287 2344 ﬁnibus
3334 2287 3565 2342 ditionis
3616 2285 3732 2340 Bo-

319 2375 526 2442 larum,
583 2391 825 2446 quorum
889 2374 1032 2430 MCC
1079 2383 1262 2441 erant,
1323 2376 1595 2446 pepercit,
1653 2391 1859 2445 eosque
1909 2377 1965 2430 in
1999 2372 2043 2436 Β
2077 2395 2257 2434 mante
2290 2379 2642 2445 versabatur,
2696 2379 2930 2446 rogavit,
2979 2387 3033 2432 ut
3077 2377 3185 2431 sibi
3235 2376 3447 2430 auxilio
3492 2374 3732 2428 veniret.

317 2466 593 2522 ditionem
641 2471 954 2520 Romanam
1005 2465 1254 2534 captivos
1302 2465 1665 2519 abducendos
1727 2467 1964 2521 curavit.

316 2557 458 2612 Tum
511 2569 812 2624 aggressus
861 2562 942 2608 cst
1003 2553 1392 2608 Cal‘erthaham
1462 2562 1515 2608 et
1582 2554 1965 2622 Schaizaram,

319 2646 482 2715 cujus
529 2644 802 2712 templum
852 2643 1186 2708 combussit,
1241 2657 1423 2711 neque
1467 2641 1630 2696 aliter
1671 2646 1967 2698 Hamatam

322 2734 581 2791 tractavit
609 2754 622 2802 ;
669 2733 870 2787 Himza
900 2732 1106 2787 deinde
1155 2739 1494 2801 expugnata,
1527 2748 1728 2788 omnes
1774 2734 1867 2802 qui
1901 2749 1967 2787 eo

324 2824 696 2893 confugerant
727 2819 980 2892 captivos
1035 2819 1186 2876 fecit.
1222 2823 1365 2873 Tum
1403 2821 1636 2874 lrcatam
1670 2823 1967 2889 impugna-

327 2915 426 2976 vit,
495 2929 603 2983 qua
660 2910 800 2964 urbe
862 2918 1024 2978 capta
1086 2910 1406 2980 incolisque
1471 2909 1528 2962 in
1581 2911 1966 2979 captivitatem

330 3003 589 3070 redactis,
643 3003 712 3056 ad
758 2999 1015 3069 Tripolin
1067 3015 1247 3069 usque
1298 3016 1627 3069 progressus
1675 3005 1816 3068 est;
1873 3000 1968 3054 sed

329 3108 458 3149 cum
493 3091 742 3157 vidisset,
775 3089 1043 3146 suburbia
1073 3089 1145 3144 ab
1196 3088 1400 3144 incolis
1424 3090 1542 3158 j-am
1595 3088 1767 3143 fuisse
1812 3105 1969 3144 com-

328 3183 510 3248 busta,
563 3180 850 3250 Djabalam
901 3195 960 3233 se
1007 3179 1305 3245 convertit,
1343 3195 1451 3248 qua
1485 3179 1714 3250 potitus,
1774 3180 1966 3233 Laodi-

325 3288 483 3328 ceam
516 3271 690 3324 duxit.
723 3269 1004 3323 Convenit
1043 3283 1171 3322 eum
1199 3267 1670 3322 Abu’l-llosainus
1701 3266 1969 3323 Ali-Ben-

323 3356 1266 3422 Ibrahim-Ben-Jusuf-Alfuzaiz,
1332 3357 1563 3426 quicum
1647 3357 1970 3427 pactionem

325 3450 456 3506 fecit
486 3466 553 3504 ea
596 3447 943 3512 conditione,
974 3454 1030 3499 ut
1080 3445 1308 3500 obsides
1340 3461 1408 3500 ex
1458 3446 1596 3501 urbe
1645 3446 1752 3501 sibi
1787 3448 1972 3501 trade-

324 3547 558 3604 rentur;
592 3537 836 3592 asseruit
868 3546 1053 3589 autem
1087 3534 1204 3602 ille,
1237 3534 1598 3604 imperatoris
1629 3551 1690 3589 se
1733 3551 1854 3589 esse
1879 3550 1972 3590 co-

325 3636 560 3700 gnatum
609 3634 663 3680 et
720 3639 848 3678 cum
909 3623 1198 3678 Romanus
1251 3623 1492 3690 majores
1536 3624 1654 3691 ejus
1712 3626 1973 3690 agnovis-

2076 2469 2197 2535 Hic,
2243 2484 2391 2523 unus
2441 2469 2840 2524 cunuchorum
2889 2465 3218 2536 Nicephori,
3273 2466 3503 2520 nomine
3545 2463 3732 2517 Thor—

2078 2558 2217 2626 hasi,
2273 2558 2466 2624 copias
2527 2557 2743 2623 eduxit,
2793 2559 2927 2627 ilum
2979 2565 3165 2610 autem
3217 2556 3321 2609 iter
3377 2551 3736 2608 Antiochiam

2077 2660 2270 2700 versas
2308 2646 2536 2700 deﬂexit
2601 2652 2826 2713 propter
2878 2645 3022 2698 hanc
3089 2660 3342 2708 causam,
3391 2643 3536 2711 quod
3590 2641 3736 2694 inter

2075 2735 2474 2804 imperatorem
2525 2734 2935 2796 Romanorum,
2989 2748 3120 2788 cum
3161 2733 3228 2796 is,
3270 2747 3462 2785 secum
3514 2731 3730 2784 ducens

2075 2825 2328 2893 captivos
2371 2831 2424 2878 et
2477 2824 2748 2891 praedam,
2801 2832 2858 2876 ut
2906 2839 3081 2891 supra
3133 2821 3399 2875 traditum
3458 2829 3560 2883 est,
3616 2823 3729 2872 Bu-

2079 2917 2165 2966 Kze
2228 2913 2306 2983 (9)
2353 2920 2696 2976 versaretur,
2774 2919 2826 2965 et
2898 2910 3116 2965 incolas
3168 2912 3333 2977 hujus
3403 2909 3578 2972 urbis,
3637 2907 3732 2976 qui

2077 3001 2376 3056 Christiani
2441 3005 2620 3065 erant,
2685 3001 3069 3065 convenisset,
3143 3007 3198 3052 ut
3247 2998 3306 3052 hi
3367 2996 3731 3052 Antiochiam

2078 3091 2409 3158 migrarent,
2456 3089 2797 3144 simulantes
2827 3105 2885 3144 se
2930 3096 3080 3143 metu
3125 3091 3510 3142 Romanorum
3559 3084 3740 3138 domi-

2077 3181 2208 3236 cilia
2267 3179 2578 3250 reliquisse,
2643 3179 2719 3233 ita
2789 3188 2846 3234 ut
2910 3179 3039 3234 istic
3091 3177 3408 3232 habitantes
3465 3173 3740 3230 Romanis

2077 3270 2437 3326 Antiochiam
2493 3269 2792 3324 obsidione
2841 3269 3163 3339 petentibus
3206 3268 3275 3322 ad
3326 3267 3520 3322 urbem
3553 3279 3740 3334 expu-

2081 3360 2366 3430 gnandam
2417 3358 2690 3412 auxilium
2745 3359 2975 3411 ferrent.
3032 3355 3151 3418 Quo
3215 3357 3367 3410 facto
3431 3353 3741 3408 consilium

2080 3464 2209 3504 cum
2261 3448 2600 3504 Christianis
2653 3447 2961 3502 Antiochiae
3023 3444 3228 3500 incolis
3285 3444 3638 3512 coniunxere
3686 3448 3740 3496 et

2081 3539 2458 3594 Thorbasium
2506 3537 2802 3593 certiorem
2848 3537 3050 3603 fecere,
3104 3550 3335 3589 vacuam
3387 3550 3510 3588 esse
3544 3531 3742 3585 urbem

2081 3635 2134 3681 et
2165 3628 2427 3694 praefecto
2456 3627 2808 3681 destitutam.
2847 3623 3049 3679 Incolae
3080 3632 3267 3677 autem
3308 3622 3462 3675 urbis
3492 3619 3746 3673 Muham-

327 3725 435 3788 set,
467 3713 821 3784 Sardeghum
868 3712 1232 3783 (Strategum)
1265 3728 1392 3765 eum
1441 3712 1686 3774 creavit;
1734 3712 1835 3765 hac
1869 3713 1974 3766 ita-
2008 3737 2049 3803 ρ
2093 3715 2324 3769 medani
2373 3731 2564 3768 muros
2607 3714 2973 3768 deseruerant
3018 3718 3066 3766 et
3105 3709 3545 3782 negligentioms
3587 3713 3749 3762 erant

328 3822 438 3876 que
472 3805 688 3860 ratione
720 3802 1038 3857 incolumes
1083 3805 1381 3855 evaserunt
1431 3800 1716 3855 Laodicea:
1749 3800 1973 3856 incolae.

329 3895 469 3950 Inde
514 3890 877 3948 Antiochiam
933 3891 1148 3944 ducens
1198 3889 1258 3944 in
1311 3893 1584 3958 potestate
1634 3904 1734 3943 sua
1794 3889 1976 3942 tenuit

329 3982 566 4050 100,000
613 3980 984 4049 captivorum,
1048 3993 1372 4048 puerorum,
1421 3978 1759 4046 puellarum,
1809 3977 1976 4046 juve-

327 4085 618 4141 numque;
652 4084 784 4123 nam
821 4069 921 4122 hos
953 4066 1101 4121 solos
1122 4068 1372 4134 captivos
1406 4065 1634 4130 fecerat,
1665 4067 1801 4121 viris
1819 4073 1870 4120 et
1905 4067 1979 4121 l'e-

328 4160 505 4217 minis
535 4158 898 4228 provectioris
944 4157 1147 4218 zetalis,
1200 4161 1368 4225 atque
1413 4155 1650 4210 senibus
1678 4163 1774 4209 aut
1804 4155 1975 4209 inter-

331 4250 495 4306 fectis
538 4254 633 4301 aut
665 4245 933 4300 dimissis.
968 4243 1184 4298 Dicitur
1237 4245 1472 4298 omnino
1523 4245 1578 4298 in
1618 4244 1720 4298 hac
1749 4243 1976 4313 cXpedi-

331 4342 489 4396 tione
522 4337 586 4391 18
625 4335 901 4406 suggestis
935 4334 1011 4405 ('7)
1045 4333 1255 4403 potitus
1297 4349 1456 4400 esse;
1501 4333 1752 4389 vicorum
1786 4337 1976 4388 autem

336 4445 476 4500 quos
506 4425 737 4495 diripuit
768 4433 820 4478 et
849 4422 1184 4487 combussit,
1211 4438 1484 4477 numerus
1512 4423 1739 4478 definiri
1765 4422 1977 4492 nequit.

410 4515 618 4574 Castris
666 4521 798 4569 ante
829 4511 1188 4567 Antiochiam
1241 4512 1456 4582 positis,
1509 4527 1696 4584 neque
1727 4527 1857 4566 cum
1891 4511 1979 4565 in-

339 4608 481 4665 colis
530 4618 758 4659 manum
793 4601 1099 4667 conseruit,
1133 4615 1317 4672 neque
1361 4601 1600 4656 omnino
1633 4600 1878 4673 legatum
1908 4600 1980 4655 ad

341 4713 438 4754 eos
482 4693 656 4762 misit,
706 4692 802 4746 sed
853 4689 1145 4746 castellum
1178 4706 1207 4744 e
1255 4691 1486 4763 regione
1531 4690 1849 4746 Antiochiae
1882 4706 1981 4746 ex-

341 4785 564 4850 struxit,
596 4781 759 4852 eique
809 4779 1118 4849 przeposuit
1166 4779 1504 4836 Michaelem
1537 4779 1784 4849 Albordji
1816 4780 1980 4851 (Bur-

341 4878 534 4940 taam),
566 4872 731 4939 cujus
762 4868 911 4925 dicto
955 4868 1249 4923 audientes
1289 4883 1412 4923 esse
1451 4868 1599 4939 jussi
1631 4877 1762 4923 sunt
1811 4869 1986 4924 duces

341 4961 638 5020 limitanei.
671 4962 816 5014 Cum
841 4973 1030 5011 rumor
1071 4957 1219 5012 inter
1261 4955 1522 5011 homines
1556 4955 1984 5026 percrebuisset,

343 5054 401 5110 id
434 5049 656 5107 consilii
707 5047 962 5102 Romano
1011 5060 1157 5109 esse,
1209 5049 1270 5099 ut
1304 5050 1473 5100 totam
1511 5045 1753 5100 hiemem
1787 5045 1987 5102 Antio-

342 5142 531 5199 chiam
563 5136 862 5194 obsidione
892 5134 1138 5190 cinctam
1185 5141 1420 5202 teneret,
1453 5134 1711 5205 aliasque
1742 5134 1990 5192 mitteret

341 5231 551 5301 cOpias.
615 5224 890 5280 Halehum
953 5233 1366 5293 Oppugnatum,
1421 5223 1738 5294 Karghujah
1809 5223 1986 5280 Saah-

341 5316 635 5376 daddaulze
681 5315 756 5385 (8)
807 5313 1102 5382 persuasit,
1171 5320 1229 5364 ut
1273 5310 1547 5366 Halehum
1620 5311 1986 5382 relinqueret,

344 5424 415 5464 ne
463 5407 522 5461 in
572 5403 708 5460 urbe
776 5401 1160 5456 obsideretur.
1214 5403 1436 5469 (Narrat
1487 5401 1692 5457 deinde
1761 5410 1985 5473 auctor,

415 5571 490 5642 (7)
528 5569 659 5642 Le.
696 5565 954 5642 urbibus.
1008 5562 1104 5642 ubi
1153 5563 1381 5642 condita
1426 5571 1590 5619 erant
1635 5564 1873 5642 templa.
1920 5566 1983 5642 L.

418 5635 494 5714 (8)
524 5640 664 5714 Filio
717 5635 1112 5703 Seifeddaulae,
1163 5635 1234 5690 de
1278 5651 1389 5706 quo
1437 5650 1607 5707 supra
1652 5635 1818 5692 verba
1848 5637 1985 5694 feci-

348 5712 495 5774 mus.
527 5712 582 5767 L.

2090 3801 2148 3858 in
2213 3803 2349 3858 urbe
2397 3803 2789 3868 custodienda,
2844 3817 2973 3855 cum
3028 3801 3306 3855 exercitus
3353 3802 3640 3853 Romanus
3677 3797 3749 3851 ad

2085 3893 2176 3947 XL
2212 3891 2389 3957 milia,
2450 3891 2690 3946 ducibus
2741 3890 3052 3945 Thorbasio
3097 3897 3148 3945 ct
3178 3889 3374 3944 Jasino
3421 3885 3750 3942 ben-Scho-

2088 3981 2406 4049 meschkik,
2455 3982 2851 4050 aggrederetur
2909 3983 2965 4034 et
3023 3979 3385 4034 Antiochiam
3449 3977 3749 4032 obsidione

2088 4071 2358 4140 cingeret.
2408 4070 2610 4124 Incolae
2652 4069 2824 4123 Bukae
2868 4084 2934 4123 ea
2975 4084 3140 4138 quam
3191 4073 3494 4124 tenuerunt
3534 4068 3752 4123 summi

2093 4161 2250 4214 muri
2300 4167 2452 4228 parte
2501 4159 2918 4214 descenderunt
2985 4167 3040 4212 et
3089 4159 3296 4212 mcenia
3357 4157 3514 4211 urbis
3577 4171 3751 4211 vacua

2088 4248 2495 4319 reliquerunt;
2559 4252 2679 4303 tum
2747 4247 3129 4303 ascenderunt
3202 4247 3435 4302 Romani
3501 4253 3553 4300 et
3610 4245 3749 4300 urbe

2089 4339 2248 4409 potiti
2319 4346 2472 4393 sunt.
2538 4337 2766 4392 Factum
2841 4337 2946 4392 hoc
3021 4345 3103 4392 est
3173 4345 3339 4392 nocte
3412 4337 3476 4389 l3
3536 4334 3751 4391 mensis

2088 4427 2460 4497 Dsulhidjdjas
2492 4427 2631 4482 anni
2678 4427 2802 4480 358.
2853 4426 3221 4482 Penelrarunt
3269 4427 3504 4480 Romani
3554 4428 3609 4480 in
3657 4441 3751 4482 ur-

2093 4519 2240 4585 bem,
2273 4516 2710 4572 combusserunt
2740 4522 2793 4570 et
2825 4517 3075 4584 captivos
3117 4515 3391 4584 fecerunt,
3427 4515 3533 4568 fuit
3561 4520 3749 4569 autem

2093 4624 2204 4664 nox
2238 4605 2576 4662 Nativitatis.
2609 4608 2749 4659 Cum
2785 4603 3028 4660 Romani
3071 4612 3320 4659 montem
3369 4603 3522 4658 urbis
3551 4619 3752 4659 ascen-

2093 4699 2328 4764 dissent,
2399 4695 2820 4766 prehenderunt
2885 4694 3146 4748 custodes
3211 4701 3265 4748 et
3311 4693 3392 4748 eis
3441 4694 3748 4756 dixerunt:

2101 4805 2122 4834 ι
2157 4786 2395 4840 Laudale
2439 4790 2488 4838 et
2537 4783 2830 4851 praedicate
2866 4782 3044 4836 Deum
3093 4797 3387 4851 magnum.
3424 4803 3450 4830 »
3494 4782 3599 4846 Qui
3640 4784 3751 4840 hoc
3812 4817 3818 4824 -

2099 4891 2209 4930 non
2264 4871 2478 4937 fecerit,
2543 4871 2695 4924 hunc
2756 4869 3184 4926 interfecerunt.
3247 4869 3518 4926 Custodes
3562 4873 3752 4943 itaque

2099 4963 2554 5034 proclamarunt;
2589 4981 2617 5009 «
2651 4960 2892 5031 Magnus
2939 4968 3019 5014 est
3069 4959 3219 5014 Deus
3253 4977 3435 5031 neque
3471 4963 3617 5018 Deus
3669 4972 3756 5020 est

2101 5057 2298 5121 praeter
2319 5065 2471 5104 eum.
2501 5069 2528 5097 »
2563 5050 2681 5114 Qua
2711 5048 2937 5117 quidem
2977 5064 3034 5104 re
3073 5048 3336 5118 impediti
3366 5059 3496 5106 sunt
3530 5051 3753 5120 incolae,

2101 5157 2208 5211 quo
2258 5139 2450 5194 minus
2499 5153 2690 5193 verum
2735 5153 2926 5192 rerum
2974 5145 3181 5192 statum
3213 5139 3756 5224 animadverterent,

2098 5232 2280 5286 donec
2331 5228 2576 5284 Romani
2634 5226 2902 5282 omnibus
2954 5227 3205 5282 turribus
3259 5229 3416 5297 potiti
3466 5229 3676 5285 fuerint
3703 5235 3759 5285 et

2095 5335 2294 5376 omnes
2351 5335 2464 5374 una
2519 5318 2827 5373 clamorem
2888 5318 3194 5373 ediderint.
3246 5319 3476 5387 Omnes,
3537 5323 3635 5394 qui
3684 5322 3756 5377 ad

2097 5417 2312 5480 portam
2375 5408 2660 5478 Aldjenan
2706 5407 2981 5479 (hortum)
3026 5408 3236 5464 dictam
3286 5411 3578 5480 pervenire
3623 5429 3756 5482 pro-

2165 5571 2246 5640 (9)
2277 5573 2361 5624 Ex
2411 5568 2516 5624 hoc
2566 5567 2688 5641 loco
2727 5574 2958 5641 apparet
3006 5568 3276 5641 mendose
3323 5587 3530 5641 nomen
3573 5571 3758 5641 scrip-

2096 5647 2211 5769 tum
2245 5656 2384 5769 [esse
2442 5657 2535 5711 ap.
2587 5639 2945 5710 Ahupharag.
3005 5655 3058 5710 p.
3108 5640 3236 5708 205,
3283 5640 3377 5697 ubi
3422 5647 3572 5698 Luca
3613 5639 3756 5714 legi-

2123 5730 2210 5770 ur.
2292 5753 2305 5768 .
