4146 6302
446 370 601 430 1023

445 499 743 570 perabant,
807 500 1032 571 captitvi
1089 502 1218 559 facti
1270 507 1420 559 sunt.
1467 509 1696 559 Caterva
1736 511 1944 570 autem,
1977 519 2099 572 qua:
2131 504 2178 567 Α

443 589 510 642 ad
546 595 762 658 portam
797 591 966 645 maris
997 608 1055 646 se
1091 601 1546 664 congregaverat,
1581 593 1844 664 repagula
1869 593 2103 647 removit

447 684 508 735 et
539 681 646 738 hoc
679 683 844 738 modo
880 683 1184 738 incolumis
1217 687 1414 741 evasit.

520 769 762 825 Romani
808 771 865 826 in
916 781 1108 828 monte
1159 774 1312 829 urbis
1362 792 1548 830 arcem
1605 783 2004 832 exstruxerunt
2051 785 2102 831 et

450 860 762 914 maximum
793 860 986 915 fanum
1015 861 1158 918 suile
1189 864 1462 930 fecerunt,
1514 866 1747 934 posthac
1776 875 1962 920 tamen
2007 883 2102 936 pa-

449 948 692 1002 triarcha
749 965 815 1003 eo
866 948 988 1006 loco
1053 968 1153 1022 pro
1204 952 1366 1008 horto
1417 969 1550 1010 usus
1602 961 1704 1010 est.
1780 955 1924 1011 Dein
1973 970 2103 1010 cum

451 1035 795 1091 Thorbasius
852 1036 1125 1094 Halebum
1174 1041 1424 1109 duceret,
1484 1049 1544 1098 ut
1609 1042 1884 1098 auxilium
1937 1043 2107 1099 ferret

454 1124 768 1195 Karghujah
815 1131 871 1181 ct
900 1127 1177 1199 Bacdjuro
1217 1131 1312 1200 qui
1340 1132 1410 1186 ab
1453 1131 1869 1187 Abu’lmaahlio
1897 1131 2103 1204 (Saah-

452 1213 754 1284 daddaula)
803 1220 1226 1286 oppugnatione
1274 1220 1694 1289 premebantur,
1739 1219 2104 1276 Abu'lmaah-

456 1302 586 1369 lius,
619 1303 918 1360 obsidione
955 1304 1170 1377 relicta,
1205 1309 1453 1376 primum
1483 1309 1866 1375 Chunazereh,
1899 1311 2107 1365 deinde

455 1391 707 1446 Maahrra
772 1392 1072 1449 Cnohman
1149 1397 1436 1465 profectus
1491 1408 1636 1462 est;
1693 1397 1917 1454 Graecos
1976 1414 2106 1452 vero

453 1480 601 1548 cepit
655 1481 860 1549 cupido
920 1481 1120 1537 Halebi
1173 1487 1522 1554 occupandis
1572 1505 1589 1546 ς
1661 1486 1857 1542 urbem
1919 1487 2108 1555 itaque

455 1577 857 1639 Oppugnarunt
889 1578 942 1625 et
981 1589 1012 1626 a
1045 1581 1201 1641 parte
1218 1574 1645 1644 septentrionali
1671 1583 2102 1646 expugnarunt;

456 1673 564 1728 quo
598 1659 746 1714 facto
788 1675 976 1715 arcem
1027 1664 1538 1720 circumsederunt.
1570 1664 1717 1719 Tum
1751 1681 1839 1719 res
1880 1666 1948 1718 ad
1983 1679 2107 1734 pac-

456 1748 666 1804 tionem
720 1747 892 1816 venit,
938 1749 1095 1805 hisce
1127 1753 1571 1820 conditionibus,
1623 1761 1682 1807 ut
1715 1770 1816 1824 pro
1850 1768 2103 1822 unoquo-

452 1853 559 1907 que
591 1837 864 1902 locorum,
917 1853 1254 1909 magnorum
1287 1849 1453 1911 atque
1499 1857 1817 1911 parvorum,
1851 1857 1972 1910 quas
2005 1859 2102 1912 pa-
2138 1869 2184 1934 Β

454 1933 544 1981 cto
575 1924 796 1980 inclusa
826 1935 1038 1994 essent,
1090 1927 1403 1984 solveretur
1447 1931 1717 1986 tributum
1765 1931 2004 1994 denarii,
2039 1931 2106 1984 16

457 2015 756 2069 drachmas
799 2015 1094 2072 Islamicas
1148 2020 1325 2088 pretio
1371 2021 1686 2089 sequentis:
1739 2025 1792 2074 et
1841 2029 2107 2088 praetcrea

455 2119 485 2157 e
545 2103 870 2174 regionibus
929 2106 1189 2174 pactione
1265 2107 1817 2176 comprehendendis
1871 2107 2108 2174 700,000

454 2193 851 2249 drachmarum
958 2195 1263 2262 quotannis
1350 2197 1616 2251 Romanis
1679 2199 2102 2265 penderentur.

459 2281 632 2335 Urbes
682 2283 856 2349 llimz,
906 2283 1220 2353 Dsusijjah,
1265 2285 1560 2354 Salmijjah
1616 2285 1858 2350 Hamah,
1907 2285 2102 2341 Schai-

454 2386 566 2434 zar,
611 2371 930 2435 Cal'crthab,
987 2372 1286 2440 Afamijjah
1336 2374 1646 2444 (Apamea),
1697 2373 2103 2428 Maahrra'lno-

455 2458 649 2524 hman,
716 2458 1008 2526 Halebum,
1063 2460 1507 2530 Djeblalsumak,
1571 2462 2100 2527 Maahra-Maazrin,

457 2548 788 2611 Kennisrin,
865 2550 1104 2604 Atsareb
1183 2566 1365 2621 usque
1440 2552 1510 2605 ad
1573 2552 1818 2607 limitem
1889 2553 2103 2622 palatii,

463 2637 611 2705 quod
684 2638 1018 2692 Atsarehum
1090 2640 1320 2708 attingit
1393 2646 1448 2695 et
1520 2641 1744 2696 firmum
1833 2647 2103 2708 vocatus,

462 2724 618 2792 (tum
677 2727 937 2781 universa
995 2729 1148 2796 regio
1198 2744 1323 2798 quae
1377 2729 1722 2801 porrigitur)
1783 2746 1968 2801 usque
2036 2731 2105 2784 ad

462 2814 671 2880 Arbab,
731 2815 1014 2883 Masufan,
1040 2815 1226 2871 Cimar
1264 2817 1398 2888 (l0),
1437 2820 1661 2889 Barzaja
1708 2827 1765 2874 et
1811 2835 2103 2889 campum,

461 2903 556 2971 qui
601 2919 770 2973 prope
813 2905 983 2959 Ahfas
1035 2913 1138 2972 est,
1170 2923 1203 2960 a
1254 2907 1481 2962 dextera
1535 2917 1688 2976 parte
1720 2907 2105 2962 limitis:ha:c

458 2992 651 3048 omnia
683 3001 1126 3064 permanserunt
1154 2997 1386 3051 domino
1415 2997 1630 3062 llalebi,
1661 3001 1870 3053 cmtera
1899 2998 2107 3052 Graecis

459 3081 780 3151 adjudicata
831 3090 963 3137 sunt
1013 3084 1307 3155 (nimirum
1360 3093 1472 3140 tota
1517 3087 1706 3156 regio),
1751 3103 1857 3156 quc
1905 3105 1937 3141 a
1969 3087 2108 3142 Bar-

459 3169 576 3239 zaja
605 3171 883 3226 orientem
920 3187 1115 3227 versus
1165 3174 1494 3230 extenditur
1523 3190 1698 3245 usque
1749 3177 1816 3229 ad
1865 3176 2100 3230 fluvium

461 3257 915 3315 Abu-Solaiman
959 3269 1011 3314 et
1045 3262 1200 3332 pylas
1233 3263 1445 3332 Sunjab
1497 3264 1696 3331 dictas,
1733 3271 1853 3318 tum
1885 3265 1953 3319 ad
1989 3265 2104 3322 Na-

461 3347 709 3418 fudsam,
745 3354 1024 3404 Awanam
1059 3360 1108 3405 et
1141 3351 1471 3408 Tel-Hamid
1507 3360 1564 3408 et
1593 3355 1845 3409 dextram
1880 3355 2106 3425 Sadjuri

464 3435 647 3506 ripam
716 3444 770 3492 et
821 3440 1050 3508 quidem
1112 3456 1289 3511 usque
1362 3444 1429 3496 ad
1487 3443 1709 3498 alveum
1771 3443 1949 3512 ﬂuvii,
2011 3445 2108 3500 ubi

460 3523 527 3579 in
560 3525 885 3597 Euphraten
941 3543 1061 3584 sese
1109 3539 1391 3586 exonerat.
1442 3532 1663 3588 Caetera
1716 3534 1868 3602 pacis
1915 3535 2108 3590 condi-

467 3613 656 3669 tiones
691 3615 776 3670 hae
805 3615 966 3672 fuere
991 3635 1004 3673 :

535 3705 884 3776 Karghujab,
933 3710 1075 3766 duce
1097 3708 1330 3782 (Emiro)
1355 3710 1982 3781 Muhammedanorum,
2015 3712 2110 3782 qui

450 3794 525 3848 'in
559 3794 664 3850 hac
713 3797 989 3868 dignitate
1040 3815 1369 3868 permanere
1419 3801 1672 3866 deberet,
1731 3810 1971 3869 mortuo,
2024 3818 2112 3857 res

466 3885 772 3940 tradendas
820 3901 945 3942 esse
990 3889 1286 3957 Bacdjuro,
1337 3905 1446 3959 quo
1493 3891 1763 3946 defuncto
1804 3890 1874 3945 ab
1931 3891 2112 3960 impe-

2137 3221 2178 3286 C

470 3981 655 4030 ratore
701 3979 956 4032 Romano
1003 3977 1329 4047 eligendum
1382 3995 1508 4034 esse
1553 3983 1754 4035 ducem
1798 3996 1865 4035 ex
1907 3979 2113 4036 incolis

470 4063 737 4132 Halebis;
772 4064 1065 4120 Muslemis
1093 4075 1278 4121 autem
1313 4083 1424 4122 non
1455 4083 1578 4123 esse
1603 4068 1695 4136 jus
1725 4069 1978 4138 cujusvis
2007 4068 2111 4123 du-

471 4152 555 4207 cis
582 4153 990 4210 constituendi.
1036 4157 1080 4208 A
1113 4155 1446 4210 Christianis
1503 4157 1726 4211 nullum
1761 4173 1857 4226 per
1902 4157 2114 4212 hancce

470 4240 746 4298 ditionem
778 4243 1053 4298 tributum
1077 4259 1199 4299 esse
1229 4244 1590 4314 exigendum,
1623 4245 1691 4299 iis
1719 4247 2114 4301 tantummodo

469 4330 746 4401 exceptis,
782 4331 878 4401 qui
911 4331 988 4386 ibi
1017 4332 1248 4387 domum
1282 4341 1376 4387 aut
1406 4333 1602 4388 villam
1640 4335 2030 4403 possiderent;
2065 4335 2116 4390 si

469 4419 763 4476 adveniret
814 4421 1092 4476 exercitus
1145 4420 1530 4490 Muslemicus,
1581 4424 2000 4492 expeditionem
2055 4424 2114 4478 in

470 4523 682 4564 nomen
730 4509 1047 4565 Romanum
1099 4511 1374 4576 facturus,
1440 4511 1862 4567 defendendum
1913 4529 2039 4568 esse
2084 4531 2115 4572 a

469 4597 796 4669 Karghujah
851 4599 1004 4654 hisce
1049 4599 1272 4656 verbis:
1307 4622 1335 4649 «
1369 4599 1492 4656 Duc
1543 4615 1640 4670 per
1680 4601 1820 4655 alias
1854 4601 2116 4672 regiones
2143 4588 2190 4653 D

468 4702 537 4742 ac
587 4696 847 4755 nostras;
892 4704 964 4743 ne
1009 4689 1188 4744 intres
1233 4689 1504 4744 ditionem
1557 4688 1880 4758 pactionis;
1944 4711 1972 4739 »
2022 4691 2110 4745 sin

470 4779 584 4834 dux
617 4779 813 4832 harum
846 4779 1138 4848 Copiarum
1188 4777 1331 4832 haud
1383 4787 1618 4847 pareret,
1668 4778 1841 4833 armis
1871 4794 1995 4834 esse
2025 4796 2116 4849 pe-

469 4868 706 4923 tendum
755 4871 811 4922 et
853 4869 907 4920 vi
952 4867 1348 4936 repellendum
1387 4882 1401 4933 ;
1454 4867 1615 4936 cujus
1647 4867 1726 4923 rei
1786 4869 1873 4922 sin
1921 4869 2114 4923 minus

467 4955 615 5025 potis
645 4963 788 5010 esset
839 4955 1158 5025 Karghujah
1209 4955 1350 5027 ipse,
1400 4955 1603 5012 litteris
1652 4957 1945 5012 adeundos
1993 4972 2114 5012 esse

465 5045 880 5111 imperatorum
933 5043 1256 5100 Graecorum
1288 5049 1346 5100 et
1377 5045 1776 5112 Thorbasium,
1830 5053 1888 5101 ut
1919 5047 2113 5115 copias

469 5131 758 5186 mitterent
789 5131 1044 5186 hostibus
1075 5133 1424 5200 repellendis
1470 5149 1650 5202 pares.
1699 5134 1758 5189 Si
1789 5135 1922 5205 quid
1954 5149 2114 5190 com-

468 5219 747 5291 perissent
810 5219 1074 5275 Muslemi
1139 5223 1208 5276 de
1269 5223 1510 5277 adventu
1581 5225 1773 5294 magni
1829 5226 2113 5280 exercitus

470 5306 760 5381 (hostilis),
811 5309 1175 5364 scribendum
1207 5325 1330 5364 esse
1378 5310 1447 5365 ad
1478 5311 1882 5380 imperatorem
1924 5321 1978 5369 et
2007 5315 2113 5368 du-

469 5413 598 5454 cem
644 5398 958 5467 c0piarum,
993 5404 1050 5452 ut
1096 5397 1177 5465 hi,
1226 5399 1296 5453 de
1329 5414 1387 5453 re
1434 5400 1698 5456 certiores
1741 5403 1893 5470 facti,
1945 5403 2116 5458 rebus

470 5488 592 5543 suis
635 5485 1019 5543 consulerent.
1069 5486 1169 5542 Sin
1215 5491 1406 5542 autem
1439 5488 1854 5558 expeditionem
1889 5491 1948 5547 in
2000 5499 2109 5549 ter-

1463 375 1874 435 EXCEHPTA
1922 377 2008 432 EV
2066 372 2461 431 HISTORIIS
2509 373 2834 432 AltAUUM

3731 375 3769 432 1
3779 371 3910 432 024

2215 517 2331 556 ram
2378 500 2985 557 Muhammedanorum
3035 500 3323 572 suscipere
3369 499 3430 556 in
3459 502 3669 557 animo
3714 500 3914 557 babe-

2211 599 2335 645 rent
2383 591 2687 660 imperator
2716 596 2774 646 et
2823 592 2936 646 dux
2985 592 3277 661 ecpiarum
3309 590 3758 656 Romanorum,
3797 592 3912 646 ob-

2209 682 2355 734 viam
2403 682 2658 735 eundum
2707 697 2829 736 esse
2881 698 2913 734 a
2958 681 3234 750 Bacdjuro
3287 696 3469 748 usque
3515 682 3582 734 ad
3653 681 3905 743 locum,

2211 770 2308 826 ubi
2363 773 2705 842 imperatum
2739 772 2791 826 ei
2834 771 3033 827 fuisset
3063 789 3077 838 ;
3107 779 3277 842 atque
3325 771 3605 840 Bacdjuro
3646 771 3908 826 Roma-

2209 875 2348 914 num
2383 877 2483 930 per
2507 860 2782 915 ditionem
2816 861 2972 933 pacis
3005 861 3340 928 comitante,
3375 876 3489 915 non
3522 861 3909 931 fugiendum

2209 964 2332 1004 esse
2370 950 2440 1004 ab
2489 947 2710 1018 incolis
2740 951 3037 1014 vicorum;
3084 949 3164 1003 ita
3213 957 3271 1004 ut
3317 957 3530 1004 emeret
3579 948 3916 1004 exercitus

2212 1037 2498 1092 Romanus
2553 1054 2662 1108 quo
2719 1055 2861 1108 opus
2891 1039 2972 1094 cis
3001 1046 3170 1107 esset,
3221 1045 3429 1110 praeter
3459 1045 3913 1107 stramentum,

2211 1152 2320 1207 quo
2353 1153 2454 1204 pro
2484 1152 2641 1192 more
2673 1136 2877 1192 bellico
2923 1136 3079 1192 nulla
3123 1135 3410 1191 solutione
3461 1135 3605 1191 facta
3643 1151 3907 1206 suppe-

2212 1225 2512 1280 ditandum
2561 1232 2745 1292 esset;
2779 1243 2811 1280 a
2841 1227 2983 1280 duce
3031 1225 3642 1280 Muhammedanorum
3702 1240 3911 1293 usque

2212 1316 2281 1370 ad
2314 1315 2457 1369 ﬁnes
2505 1313 2728 1370 obviam
2761 1331 2888 1370 esse
2949 1315 3201 1369 eundum
3256 1314 3434 1384 c0piis
3463 1313 3790 1379 Romanis,
3851 1322 3921 1368 ut

2213 1396 2293 1451 eis
2361 1400 2565 1465 praesto
2619 1400 2956 1464 esset;quaa
3019 1410 3153 1450 cum
3221 1402 3375 1450 extra
3430 1395 3576 1450 fines
3636 1409 3920 1464 egressae

2213 1494 2418 1550 essent,
2449 1483 2669 1539 licitum
2693 1499 2816 1538 esse
2845 1483 3034 1538 Emiro
3057 1484 3118 1538 in
3147 1483 3424 1538 ditionem
3449 1500 3611 1538 suam
3640 1483 3917 1553 reverti,

2213 1574 2266 1627 Si
2315 1573 2739 1644 expeditionem
2771 1573 3020 1629 facerent
3051 1573 3292 1628 Romani
3323 1581 3523 1628 contra
3554 1581 3796 1629 sectam
3833 1572 3911 1627 ab

2215 1661 2424 1716 Islamo
2473 1661 2774 1730 diversam,
2840 1662 3307 1732 conjungendum
3368 1678 3494 1718 esse
3546 1663 3902 1718 exercitum

2216 1750 2388 1806 Emiri
2420 1768 2551 1807 cum
2584 1756 2840 1807 Romano
2876 1759 2929 1806 et
2959 1752 3324 1807 consiociatis
3371 1753 3551 1808 armis
3583 1751 3914 1807 dimican‘

2214 1841 2375 1907 dum,
2413 1846 2540 1895 utut
2565 1841 2762 1910 jussus
2812 1841 2983 1896 fuerit
3017 1842 3260 1896 Emirus.
3292 1841 3351 1894 Si
3383 1841 3569 1911 quivis
3598 1857 3673 1896 ex
3713 1841 3910 1894 Mus-

2215 1929 2379 1985 lemis
2438 1928 2772 2000 religionem
2842 1929 3224 1985 Christianam
3294 1929 3590 1998 amplexus
3640 1931 3909 1996 fuisset,

2217 2020 2299 2074 nil
2349 2024 2554 2075 contra
2601 2034 2730 2075 eum
2766 2019 3106 2089 permissum
3156 2035 3278 2074 esse
3333 2019 3648 2086 Muslemis,
3690 2032 3902 2088 neque

2215 2109 2552 2164 Christianis
2601 2109 2940 2180 permissum
2987 2125 3108 2164 esse
3141 2110 3274 2180 quid
3327 2114 3528 2165 contra
3556 2107 3912 2179 quemlibet

2218 2199 2668 2254 Christianorum
2720 2201 2819 2268 qui
2870 2199 2930 2253 in
2985 2197 3378 2253 Muslemicam
3429 2197 3739 2252 transierit
3802 2213 3903 2252 se-

2216 2295 2384 2344 ctam.
2417 2287 2476 2342 Si
2527 2303 2742 2355 servus,
2795 2287 3152 2342 Christianus
3201 2303 3300 2342 seu
3352 2286 3756 2356 Muslemicus,
3795 2286 3893 2339 vir

2216 2380 2330 2433 sive
2364 2377 2594 2443 femina,
2626 2376 2685 2431 in
2725 2392 2849 2432 eam
2879 2392 3048 2447 quam
3081 2376 3444 2430 delinivimus
3472 2377 3778 2442 regionem
3807 2392 3883 2429 ex

2214 2468 2328 2522 alia
2374 2467 2702 2536 aufugisset,
2755 2467 2900 2520 haud
2947 2465 3255 2522 celandum
3304 2481 3424 2520 esse
3459 2483 3490 2518 a
3538 2464 3880 2529 Muslemis,

2215 2559 2309 2611 sed
2363 2555 2773 2622 indicandum;
2823 2561 2944 2608 tum
2993 2555 3325 2609 solvendum
3376 2569 3499 2609 esse
3547 2570 3581 2608 a
3626 2555 3883 2608 domino

2217 2641 2462 2712 pretium
2495 2643 2564 2695 36
2593 2641 2955 2696 denariorum
3005 2657 3104 2712 pro
3135 2657 3221 2710 eo,
3254 2642 3300 2696 si
3331 2642 3410 2695 vir
3439 2646 3616 2707 esset,
3649 2658 3761 2710 pro
3799 2641 3885 2695 fe-

2217 2733 2372 2786 mina
2399 2732 2470 2785 20
2509 2731 2778 2786 denarios
2807 2733 3112 2794 Romanos,
3162 2746 3264 2800 pro
3320 2745 3496 2801 puero
3530 2729 3645 2785 sive
3677 2730 3885 2799 puella

2225 2821 2320 2888 :6;
2357 2821 2444 2875 sin
2476 2829 2663 2875 autem
2710 2836 2826 2875 non
2875 2819 3188 2889 possideret
3231 2819 3545 2889 (dominus)
3594 2834 3706 2888 quo
3760 2819 3886 2874 sol-

2217 2919 2362 2965 veret
2395 2909 2636 2980 pretium
2687 2907 3057 2978 liberationis,
3091 2925 3122 2962 a
3152 2907 3387 2963 domino
3439 2907 3713 2962 solvendo
3751 2923 3882 2962 esse

2217 3011 2331 3054 tres
2381 2998 2635 3064 denario,
2690 2996 2898 3069 quibus
2943 2995 3012 3051 ab
3044 2997 3224 3051 emiro
3274 2998 3526 3066 acceptis
3559 2996 3880 3051 restituen-

2214 3090 2347 3143 dum
2398 3104 2521 3143 esse
2570 3102 2813 3142 servum.
2863 3086 2921 3140 Si
2971 3085 3284 3155 baptizatus
3335 3094 3498 3153 esset,
3551 3086 3646 3156 qui
3697 3085 3885 3140 aufu-

2216 3179 2408 3246 gisset,
2465 3176 2610 3230 haud
2677 3175 2846 3231 licere
2902 3173 3199 3229 Muslemis
3260 3190 3389 3229 eum
3446 3177 3709 3241 retinere,
3768 3174 3872 3229 sed

2218 3267 2576 3335 pendendum
2625 3281 2746 3320 csse
2793 3265 2981 3318 Emiro
3028 3281 3062 3318 a
3091 3263 3343 3333 domino,
3391 3264 3536 3333 quod
3581 3264 3877 3320 sancitum

2215 3355 2405 3422 fuerit,
2457 3370 2566 3424 quo
2614 3354 2782 3421 facto,
2841 3353 3254 3409 restituendum
3307 3369 3432 3408 esse
3493 3367 3749 3408 servum.
3805 3350 3869 3407 Si

2214 3445 2348 3514 quid
2399 3460 2467 3498 ex
2517 3443 2735 3499 ditione
2771 3444 3024 3498 Romana
3073 3444 3161 3497 fur
3202 3441 3478 3512 rapuisset
3524 3449 3577 3497 et
3620 3442 3758 3513 fuga
3812 3457 3873 3495 se

2215 3534 2604 3596 subtraxisset,
2653 3532 2992 3587 mittendum
3025 3547 3147 3587 esse
3177 3530 3248 3586 ab
3297 3531 3491 3585 Emiro
3542 3530 3612 3585 ad
3655 3533 3871 3586 ducem

2216 3623 2498 3678 exercitus
2546 3621 2810 3685 Romani,
2863 3627 2924 3675 ut
2973 3636 3167 3690 poenas
3211 3618 3410 3676 lueret.
3463 3620 3516 3674 Si
3569 3618 3873 3674 Romanus

2219 3712 2477 3782 regiones
2511 3711 2872 3766 Muslemicas
2920 3708 3198 3772 visitaret,
3245 3709 3392 3763 haud
3437 3709 3874 3777 impediendum

2219 3819 2340 3858 esse
2371 3820 2404 3857 a
2435 3801 2660 3874 negotio
2691 3816 2812 3856 suo.
2862 3801 2921 3855 Si
2954 3800 3272 3870 speculator
3303 3815 3370 3854 ex
3403 3799 3620 3854 ditione
3653 3797 3872 3852 Musle-

2223 3888 2365 3941 mica
2395 3886 2702 3939 Romanam
2750 3883 2962 3938 intrare
2995 3882 3182 3948 vellet,
3233 3880 3622 3950 arripiendum
3656 3897 3782 3935 esse
3814 3883 3872 3934 et

2220 3975 2279 4030 in
2311 3973 2543 4030 vincula
2586 3972 3032 4042 conjiciendum.
3079 3971 3230 4024 Haud
3277 3970 3651 4025 excidendam
3684 3985 3810 4025 esse
3839 3985 3872 4022 a

2222 4063 2520 4119 Muslemis
2565 4077 2775 4127 arcem,
2819 4075 2923 4116 nec
2970 4075 3174 4114 novam
3221 4059 3666 4122 exstruendam;
3718 4056 3868 4127 quod

2221 4161 2413 4207 autem
2458 4150 2709 4206 excisum
2744 4150 2961 4220 fuisset,
2993 4150 3428 4204 restaurandum
3463 4165 3605 4205 esse.
3639 4148 3876 4220 Nullum

2222 4242 2461 4296 emirum
2533 4238 2929 4295 Muslemicum
3007 4253 3114 4294 nec
3177 4237 3587 4307 {recipiendum
3657 4253 3780 4293 esse
3843 4253 3876 4290 a

2225 4330 2518 4386 Muslemis
2565 4344 2747 4400 neque
2775 4328 2846 4383 ab
2888 4327 3005 4383 ullo
3038 4343 3236 4383 eorum
3268 4331 3472 4399 praeter
3527 4327 3867 4396 Bacdjurum

2223 4430 2276 4476 et
2330 4418 2657 4489 Karghujah
2707 4417 2911 4472 litteris
2977 4433 3104 4472 esse
3151 4416 3500 4472 adeundum.
3555 4415 3652 4470 His
3702 4416 3870 4486 (Kar-

2223 4509 2436 4580 dhujah
2469 4517 2522 4564 et
2552 4505 2852 4577 Bacdjuro)
2889 4505 3131 4561 mortuis
3172 4504 3324 4559 haud
3367 4504 3540 4558 licere
3571 4500 3873 4558 Muslemis

2221 4598 2461 4653 emirum
2496 4613 2526 4652 e
2556 4596 2790 4666 regione
2836 4592 3166 4649 Muslemica
3227 4609 3514 4648 arcessere
3564 4607 3749 4662 neque
3797 4589 3868 4644 ab

2221 4687 2394 4758 (aliis)
2443 4685 2739 4742 Muslemis
2768 4683 3049 4738 auxilium
3081 4690 3290 4752 petere,
3336 4682 3431 4736 sed
3466 4680 3867 4750 recipiendum

2223 4792 2344 4832 esse
2383 4792 2534 4846 eum,
2591 4775 2686 4845 qui
2729 4774 2802 4828 ab
2841 4773 3178 4843 imperatore
3227 4771 3478 4825 Romano
3532 4787 3597 4826 ex
3653 4770 3870 4824 ditione

2224 4866 2379 4936 pacis
2441 4867 2651 4921 electus
2701 4861 2890 4919 fuerit.
2946 4861 3072 4916 Post
3133 4864 3374 4916 mortem
3429 4857 3753 4929 Karghujab
3817 4859 3871 4911 et

2227 4955 2490 5024 Bacdjuri
2519 4952 2983 5009 constituendum
3009 4965 3132 5006 esse
3156 4947 3227 5003 ab
3253 4948 3597 5018 imperatore
3617 4946 3866 5017 judicem

2226 5043 2457 5115 (Kadhi)
2489 5058 2519 5097 e
2559 5040 2874 5107 Muslemis,
2933 5039 3032 5110 qui
3084 5037 3403 5093 secundum
3463 5036 3616 5108 leges
3677 5049 3870 5090 eorum

2222 5135 2317 5206 jus
2359 5133 2591 5189 diceret.
2643 5132 2850 5187 Graecis
2895 5129 3067 5185 licere
3096 5128 3412 5184 destructas
3459 5126 3521 5182 in
3569 5126 3659 5182 bis
3688 5126 3870 5196 regio-

2227 5223 2400 5278 nibus
2449 5220 2716 5278 ecclesias
2775 5222 3128 5287 restaurare;
3166 5216 3434 5286 patricios
3465 5224 3517 5271 et
3555 5216 3870 5286 episcopos,

2228 5313 2325 5383 qui
2370 5313 2436 5366 ad
2489 5310 2795 5365 Muslemos
2837 5306 3217 5378 pervenirent,
3268 5321 3368 5376 pro
3425 5305 3702 5375 dignitate
3751 5317 3871 5359 esse

2222 5401 2606 5471 accipiendos.
2652 5397 2809 5463 Quod
2852 5404 3042 5452 autem
3090 5395 3290 5450 attinet
3335 5394 3406 5449 ad
3459 5394 3776 5466 portorium
3808 5406 3875 5448 ex

2219 5491 2441 5548 ditione
2470 5492 2726 5545 Romana
2755 5485 3121 5556 exigendum,
3154 5484 3419 5555 pactione
3449 5482 3733 5540 sancitum
3760 5484 3864 5549 est,

544 5691 657 5764 (lO)
700 5696 919 5749 Nomen
969 5692 1030 5749 in
1079 5693 1273 5750 codice
1322 5693 1552 5764 punctis
1593 5693 1908 5753 diacriticis
1954 5707 2130 5770 caret,
2161 5698 2400 5768 ideoque
2433 5695 2659 5752 incerta
2691 5702 2768 5751 est
2796 5692 3108 5764 scripturas.
