4146 6302
361 384 516 446 1029

1809 369 2310 438 FRAGMENTA.

3598 381 3758 443 1030

429 519 552 576 Ἐπὶ
585 515 898 591 Αὐγούστου
959 513 1228 591 βασιλέως
1284 510 1599 589 γεγέννηται
1651 511 1701 567 ἐν
1754 509 2009 583 σπηλαίῳ

2196 511 2313 566 Sub
2346 515 2605 584 Augusto
2641 513 2996 583 imperatore
3027 517 3202 568 natus
3244 519 3335 568 est
3365 514 3427 568 in
3459 515 3763 586 spelunca,

360 609 537 682 μηνὸς
573 601 907 679 Δεκεμϐρίου
937 605 1030 660 κε’.

430 697 569 753 Ἀπὸ
601 693 782 767 Ἀδὰμ
814 698 984 768 μεχρι
1015 694 1138 750 Νῶε
1170 689 1261 761 ἔτη
1301 692 1486 766 βσμβ’.

433 787 528 842 Καὶ
554 786 661 840 ἀπὸ
689 789 790 838 τοῦ
824 789 945 839 Νῶε
972 779 1075 846 ἕως
1103 787 1199 838 τοῦ
1232 776 1488 855 ’Δϐραὰμ
1513 774 1606 848 ἔτη
1639 780 1774 854 αρο’.

430 876 531 933 Καὶ
559 874 666 929 ἀπὸ
695 868 953 946 Ἀϐραὰμ.
981 869 1084 932 ἕως
1111 871 1353 932 Μωσέως
1385 867 1476 939 ἔτη
1510 867 1656 940 υμδ’,

432 966 530 1022 Καὶ
562 963 667 1017 ἀπὸ
700 961 936 1022 Μωσέως
970 957 1074 1021 ἕως
1108 954 1274 1014 Δαὸὶδ
1302 952 1392 1028 ἔτη
1427 960 1558 1035 φςίΥ.

431 1053 527 1106 Καὶ
562 1052 667 1106 ἀπὸ
727 1045 893 1104 Δαϐἱὸ
947 1047 1052 1110 ἓως
1110 1052 1206 1102 τοῦ
1263 1049 1499 1123 Χριστοῦ
1557 1039 1650 1115 ἔτη
1711 1045 1849 1118 αμε“,
1901 1044 2016 1116 ἅμα

357 1141 453 1214 ἔτη
489 1141 586 1218 αρ’.

431 1230 568 1289 Ἀπὸ
629 1228 685 1284 δὲ
740 1236 840 1298 τῆς
895 1228 1352 1303 ἐνανθρωπήσεως
1407 1229 1504 1280 τοῦ
1559 1226 1802 1298 Χριστοῦ
1850 1222 2014 1297 μέχρι

351 1329 455 1391 τῆς
487 1325 593 1376 τῶν
623 1323 826 1394 Μάγων
855 1317 1150 1392 παρουσίας
1189 1317 1253 1392 β’.

430 1417 501 1483 (1)
536 1411 637 1466 Καὶ
664 1409 770 1463 ἀπὸ
818 1415 919 1476 τῆς
971 1407 1046 1468 εἷς
1079 1405 1355 1479 Αἴγυπτον
1388 1401 1680 1482 φυγαδείας
1714 1402 1881 1476 μὲχρι
1913 1407 2013 1468 τῆς

353 1499 614 1568 τελευτῆς
647 1496 894 1573 Ἡρώδου
927 1498 1046 1551 υἱοῦ
1075 1495 1432 1568 Ἀντιπάτρου
1462 1492 1554 1563 ἔτη
1587 1494 1656 1566 γ“.

433 1589 770 1663 Παρῴκησαν
836 1586 888 1640 ἐν
950 1584 1211 1660 Αἷγύπεῳ
1269 1583 1321 1639 ἐν
1375 1579 1734 1639 Ἡλιουπόλει
1776 1578 1847 1653 τῇ
1878 1578 2015 1633 κατὰ

357 1677 584 1756 Μέμφιν
610 1675 703 1746 ἔτη
735 1677 802 1750 γ’.

432 1769 444 1791 ,
549 1767 562 1784 κ
653 1766 668 1782 ς
775 1767 803 1776 -
968 1765 980 1780 ε
1301 1760 1312 1780 I
1464 1761 1483 1781 λ
1615 1760 1629 1779 \
1701 1755 1749 1778 νὴ
1884 1755 1896 1775 ν
1950 1759 1971 1769 -

453 1777 571 1821 Απο
623 1763 679 1819 δε
733 1784 832 1828 της
886 1784 1021 1838 προς
1084 1761 1376 1818 Γαλιλαιαν
1437 1781 1511 1822 εις
1573 1780 1639 1814 τα
1704 1775 1811 1812 ιοια
1839 1777 2012 1810 αυτων

357 1853 620 1910 ἐπάνοδον
659 1855 825 1927 μὲγρι
855 1856 955 1926 τῇς
985 1851 1244 1920 τελευτῆς
1280 1847 1587 1924 Ἀρχελάου
1620 1846 1712 1917 ἔτη
1748 1847 1832 1910 ιθ’.

437 1943 540 1997 Σὺν
567 1947 648 2014 τῷ
681 1939 976 2016 ’Λρχελάῳ
1024 1939 1251 2010 τελευτᾷ
1295 1939 1382 1993 καὶ
1430 1935 1742 2012 Αὔγουστος
1772 1928 1865 2004 ἔτη
1897 1935 2012 2004 ἰτ-η’,

368 2032 695 2110 βασιλεύσας
835 2025 928 2100 ἔτη
959 2031 1057 2094 νς“.

435 2124 575 2178 Ἀπὸ
635 2119 692 2175 δὲ
744 2120 1000 2188 τελευτῆς
1056 2117 1363 2194 ’Λρχελάου
1420 2115 1585 2189 μεχρι
1648 2113 2016 2189 βαπτίσματος

430 2217 454 2226 ν
701 2214 727 2225 ν
763 2207 786 2227 Ἰ
925 2210 936 2227 Ι
1101 2212 1127 2221 η·
1163 2204 1187 2226 Ἰ
1325 2207 1336 2224 Ι

359 2233 458 2266 του
489 2215 731 2284 Χριστου
763 2231 852 2279 ετη
888 2230 956 2284 γ,
991 2209 1132 2280 ὁμου
1162 2228 1253 2277 ετη
1289 2205 1321 2260 λ
1343 2249 1354 2262 .

437 2301 571 2355 ’Δπὸ
619 2298 678 2353 δὲ
721 2303 818 2354 τοῦ
879 2298 1246 2372 βαπτίσματος
1297 2300 1394 2350 τοῦ
1450 2297 1686 2366 Χριστοῦ
1724 2293 1889 2365 μέχρι
1920 2294 2016 2359 τῆς

360 2395 459 2444 τοῦ
487 2391 760 2463 Ζαχαρίου
794 2381 1115 2441 λιθοϐολίας
1146 2380 1263 2446 ἔτος
1294 2386 1359 2442 α“.

437 2482 513 2550 (3)
544 2478 679 2533 Ἀπὸ
711 2474 768 2531 δὲ
798 2479 895 2543 τῆς
937 2474 1196 2541 τελευτῆς
1244 2473 1444 2527 τούτου
1503 2471 1670 2544 μέχρι
1701 2476 1800 2538 τῆς
1834 2467 2014 2522 Ἰωάνο

363 2589 460 2622 νου
493 2569 612 2620 υἱοῦ
670 2567 838 2620 αὐτοῦ
889 2572 989 2633 τῆς
1048 2564 1135 2618 ἐπὶ
1192 2561 1441 2638 Ἡρώδου
1473 2565 1568 2616 τοῦ
1601 2559 1862 2634 νεωτέρου
1894 2560 2014 2613 υἱοῦ

364 2654 670 2732 ’Λρχελάου
700 2657 750 2708 ἐν
785 2658 850 2727 τῇ
879 2658 1088 2730 φρουρᾷ
1115 2651 1390 2728 γεγονυίας
1424 2646 1542 2712 ἔτος
1574 2655 1637 2707 α’.

440 2745 533 2802 Καὶ
591 2745 698 2799 ἀπὸ
726 2744 985 2812 τελευτῆς
1047 2743 1300 2800 Ἰωάννου
1364 2741 1530 2815 μέχρι
1583 2743 1678 2793 τοῦ
1740 2736 2012 2812 σωτηρίου

365 2836 576 2896 πάθους
613 2837 785 2906 μῆνας
815 2835 874 2902 ζ’.

438 2925 635 2992 Ἒζησε
689 2923 790 2998 γᾶρ
852 2922 1108 2990 Ἰωάννης
1157 2921 1184 2973 ὁ
1246 2919 1554 2987 Βαπτιστής
1587 2913 1678 2986 ἔτη
1712 2915 1792 2990 λγ¹
1945 2915 2012 2970 τά

372 3012 465 3084 μὶν
501 3008 568 3063 λ’·
606 3011 912 3086 ὑποχωρῶν
974 3011 1024 3064 ἐν
1083 3013 1198 3072 τοῖς
1250 3008 1504 3083 ἐρήμοις,
1552 3007 1618 3060 τά
1667 3001 1724 3058 δὲ
1752 3004 1878 3078 τρὶα
1911 3003 1979 3077 βα

366 3099 568 3167 πτίζων
665 3099 714 3152 ἐν
793 3096 1078 3174 ’1ο›ρδάνῃ,
1154 3097 1242 3152 καὶ
1317 3094 1598 3170 κηρύττων
1705 3091 2006 3164 μετάνοιαν.

364 3187 634 3249 Ὡσαύτως
679 3188 769 3242 καὶ
830 3188 856 3241 ὁ
916 3187 1118 3260 Κύριος
1174 3189 1334 3259 ἡμῶν
1396 3187 1605 3254 Ἰησοῦς
1640 3182 1864 3258 Χριστὸς
1890 3201 2010 3257 τρι-

364 3280 560 3332 άκοντα
589 3276 680 3346 ἔτη
713 3275 763 3331 ἓν
796 3282 911 3338 τοῖς
941 3273 1217 3339 παιδικοῖς
1247 3273 1415 3348 διῆξε.

439 3366 586 3424 Μετὰ.
644 3364 702 3421 δὲ
751 3367 813 3421 τὸ
889 3365 1166 3441 βάπτισμα
1239 3362 1525 3433 ἐπελέξατο
1588 3361 1714 3423 τοὺς
1775 3362 2020 3434 μαθητὰς

363 3455 652 3527 κηρύσσειν
684 3456 786 3524 τήν
815 3453 980 3508 αὐτοῦ
1013 3453 1290 3527 βασιλείαν
1319 3450 1424 3514 ἓως
1450 3455 1680 3523 σταυροῦ
1711 3447 1801 3519 ἔτη
1843 3451 1906 3524 γ’.

434 3547 591 3608 *Οθεν
648 3546 700 3599 οἱ
753 3543 804 3598 ἐν
868 3543 1062 3614 Νικαίᾳ
1120 3541 1348 3615 Πατέρες
1405 3539 1732 3612 διετάξαντο,
1775 3539 1852 3611 μὴ
1887 3558 2014 3614 χει-

359 3637 603 3708 ροτονεῖν
654 3627 1021 3707 πρεσϐύτερον
1076 3632 1182 3704 πρὸ
1238 3629 1369 3682 ἐτῶν
1428 3628 1737 3702 τριάκοντα,
1792 3629 2012 3701 ἀρκετὸν

359 3723 600 3784 εἰπόντες
631 3727 712 3794 τῷ
744 3724 960 3794 μαθητῇ
990 3721 1052 3774 τὸ
1083 3722 1178 3772 rei
1221 3714 1570 3783 διδασκάλου,
1603 3716 1690 3769 καί
1721 3719 1798 3786 τῷ
1829 3712 2013 3786 δούλῳ

354 3813 421 3868 τὸ
448 3816 544 3867 τοῦ
573 3811 763 3886 κυρίου
793 3810 978 3864 αὐτοῦ.

432 3903 570 3957 Ἀπὸ
601 3899 656 3955 δὲ
707 3902 801 3954 τοῦ
846 3895 1120 3970 σωτηρίου
1168 3896 1395 3961 πάθους,
1427 3893 1516 3947 καὶ
1553 3898 1653 3961 τῆς
1683 3891 2010 3964 ἀναλήψεως

361 3987 493 4063 ἄχρι
549 3997 650 4050 τῖς
706 3992 804 4043 τοῦ
865 3985 1139 4060 Στεφάνου
1194 3977 1514 4046 Αιθοϐολίας
1564 3979 1656 4049 ἔτη
1691 3982 1751 4050 ζ’,
1785 3982 1874 4033 καὶ
1906 3981 2010 4034 ἀπὸ

358 4077 560 4147 ταύτης
597 4079 761 4150 μεχρι
794 4079 890 4130 τοῦ
917 4077 1274 4150 φανέντοςτῷ
1305 4069 1504 4142 Σαύλῳ
1531 4071 1709 4146 φωτὸς
1746 4076 1912 4142 μῆνες
1947 4070 2005 4137 ζ’.

431 4167 534 4223 Καὶ
595 4168 699 4222 ἀπὸ
759 4167 1132 4240 βαπτίσματος
1219 4161 1308 4216 καὶ
1376 4159 1729 4234 κηρύγματος
1793 4158 2009 4214 Παύλου

361 4256 529 4332 μέχρι
560 4254 884 4328 ἀναλήψεως
934 4256 1032 4322 τῆς
1087 4251 1380 4319 Δεσποίνης
1437 4253 1596 4323 ἡμῶν
1633 4249 2008 4325 ὑπεραμώμου

357 4343 451 4414 ἔτη
483 4366 626 4420 τρια,
661 4346 802 4417 ὁμοῦ
832 4340 923 4412 ἔτη
961 4340 1065 4415 μδ“.

430 4439 632 4504 Ἔζησε
660 4436 761 4509 γὰρ
796 4432 886 4487 σὺν
935 4436 1004 4506 τῇ
1053 4429 1432 4504 ἁνθρωπότητι
1479 4431 1514 4498 ὴ
1569 4428 1836 4503 πάναγνος
1875 4434 2000 4482 Θεο-

356 4522 520 4585 τὸκος
549 4522 598 4576 ἐν
631 4527 709 4594 τῷ
740 4525 852 4593 ναῷ
880 4518 970 4590 ἔτη
1009 4516 1090 4587 ιδ“,
1124 4519 1175 4573 ἐν
1203 4523 1284 4590 τῷ
1335 4516 1468 4589 οἷ’κῳ
1498 4517 1698 4593 Ἰωσὴφ
1736 4519 1907 4587 μῆνας
1941 4512 2004 4584 δ’,

2127 617 2333 655 mense
2364 601 2701 656 Decembris
2733 601 2826 655 die
2857 603 2944 656 25.

2195 690 2278 744 Ab
2311 690 2496 746 Adam
2529 707 2716 760 usque
2744 691 2817 746 ad
2852 693 2968 746 Noe
3001 692 3140 747 anni
3175 695 3334 746 2242.

2195 781 2317 834 Eta
2349 782 2465 834 Noe
2497 797 2684 850 usque
2716 781 2788 835 ad
2821 781 3116 836 Abraham
3148 782 3287 836 anni
3320 786 3478 836 H70.

2194 871 2264 922 Et
2293 869 2364 924 ab
2397 869 2690 923 Abraham
2722 887 2909 940 usque
2941 871 3016 925 ad
3046 873 3300 941 Moysem
3323 873 3464 926 anni
3493 875 3618 929 444.

2195 961 2263 1012 Ει
2293 975 2327 1013 a
2357 961 2582 1030 Moyses
2613 976 2800 1028 usque
2835 960 2907 1014 ad
2942 961 3115 1014 David
3145 962 3286 1016 anni
3321 964 3440 1016 599.

2193 1051 2264 1102 Et
2291 1066 2325 1103 a
2357 1048 2534 1102 David
2567 1066 2751 1120 usque
2798 1050 2872 1105 ad
2902 1051 3197 1104 Christum
3230 1052 3370 1106 anni
3406 1055 3562 1119 1045,
3589 1054 3770 1108 simul

2124 1138 2267 1192 anni
2287 1140 2448 1193 5500.

2201 1227 2241 1278 Α
2275 1226 2490 1279 Christi
2513 1227 2921 1281 incarnatione
2945 1232 3140 1282 autem
3165 1243 3350 1299 usque
3374 1229 3446 1284 ad
3467 1232 3763 1304 Magorum

2125 1314 2442 1369 adventum
2471 1316 2613 1370 anni
2647 1316 2777 1370 duo.

2193 1405 2263 1457 Et
2290 1420 2324 1458 a
2354 1404 2488 1476 fuga
2515 1406 2575 1459 in
2591 1407 2900 1477 Egyptum
2927 1422 3114 1476 usque
3138 1407 3210 1460 ad
3237 1413 3485 1462 mortem
3521 1409 3764 1464 Herodis

2124 1491 2229 1546 ﬁlii
2263 1494 2556 1564 Antipatri
2586 1495 2724 1550 anni
2761 1501 2900 1548 tres.

2195 1582 2547 1637 Habitarunt
2577 1584 2636 1638 in
2665 1586 2908 1655 [Egypto
2943 1585 3420 1658 Heliopolijuxta
3468 1589 3766 1659 Memphia

2121 1671 2295 1725 annis
2326 1673 2377 1724 3.

2190 1761 2542 1831 Aregressu
2577 1777 2711 1815 vero
2743 1761 3003 1832 ipsorum
3067 1763 3139 1818 ad
3195 1765 3433 1835 propria
3491 1765 3552 1819 in
3611 1766 3767 1819 Gali-

2044 1883 2091 1948 B
2121 1847 2314 1913 lanam,
2348 1867 2534 1919 usque
2570 1850 2642 1904 ad
2675 1856 2924 1905 mortem
2959 1853 3231 1906 Archelai
3265 1853 3404 1907 anni
3440 1854 3524 1907 19.

2197 1940 2339 1993 Cum
2395 1939 2683 1995 Archelao
2742 1942 2992 1995 moritur
3051 1948 3110 1996 et
3142 1945 3433 2016 Augustus
3490 1960 3645 2000 anno
3673 1947 3761 2011 88,

2126 2029 2290 2099 regni
2323 2031 2412 2082 56.

2197 2121 2454 2172 Amorte
2503 2134 2638 2172 vero
2697 2119 2968 2174 Archelai
3027 2137 3212 2191 usque
3270 2122 3344 2177 ad
3401 2123 3761 2193 baptismum

2125 2206 2339 2260 Christi
2365 2222 2458 2260 an.
2496 2209 2548 2275 3,
2579 2207 2755 2261 simul
2787 2224 2862 2262 an
2892 2210 2978 2262 30.

2198 2299 2243 2348 A
2270 2295 2622 2365 baptismate
2653 2301 2851 2350 autem
2883 2297 3096 2352 Christi
3131 2314 3320 2368 usque
3353 2299 3426 2354 ad
3456 2299 3768 2370 lapidatio-

2127 2401 2262 2438 nem
2295 2385 2589 2439 Zachariaa
2622 2402 2716 2440 an.
2752 2402 2922 2440 unus.

2197 2475 2242 2526 A
2273 2479 2462 2528 morte
2495 2491 2629 2528 vero
2662 2475 2955 2529 Zachariae
3010 2493 3197 2546 usque
3255 2476 3327 2530 ad
3384 2477 3626 2531 Joannis
3660 2478 3764 2532 ﬁlii

2125 2562 2312 2634 ipsius
2342 2571 2614 2629 mortem,
2640 2565 2746 2619 sub
2782 2566 3007 2621 Herode
3041 2567 3282 2637 juniore
3340 2568 3609 2622 Archelai
3647 2570 3767 2624 filio

2123 2652 2184 2706 in
2217 2669 2453 2708 carcere
2484 2659 2777 2724 patratam
2810 2672 2906 2711 an.
2933 2672 3110 2710 unus.

2194 2745 2263 2797 Et
2292 2759 2326 2796 a
2348 2749 2537 2798 morte
2569 2745 2813 2800 Joannis
2845 2762 3032 2816 usque
3065 2745 3137 2801 ad
3171 2746 3492 2802 salviﬁcam
3545 2750 3772 2819 passio-

2123 2848 2260 2886 nem
2293 2849 2529 2888 menses
2559 2836 2610 2887 6.

2197 2920 2349 2973 Vixit
2377 2921 2537 2974 enim
2569 2923 2825 2978 Joannes
2877 2923 3133 2993 Baptista
3190 2924 3364 2978 annis
3409 2926 3497 2987 33,
3527 2927 3768 2997 triginta

2122 3009 2363 3079 quidem
2395 3010 2456 3063 in
2490 3027 2690 3064 eremo
2717 3035 2729 3075 ;
2771 3011 2960 3065 tribus
2985 3028 3121 3066 vero
3153 3013 3329 3067 annis
3360 3013 3670 3085 baptizavit
3707 3017 3765 3070 in

2119 3097 2373 3152 Jordane
2403 3100 2734 3169 praedicans
2771 3100 3200 3170 paenitentiam.
3237 3102 3447 3172 Sicque
3485 3105 3765 3160 Dominus

2121 3191 2326 3240 noster
2353 3188 2521 3241 Jesus
2552 3188 2817 3242 Christus
2854 3189 3095 3260 triginta
3141 3191 3312 3244 annis
3353 3191 3414 3244 in
3455 3193 3766 3261 juventute

2041 3244 2084 3311 C
2127 3276 2287 3331 vixit.

2199 3367 2340 3419 Post
2368 3365 2738 3436 baptismum
2775 3384 2908 3422 vero
2939 3367 3116 3439 elegit
3145 3367 3488 3438 discipulos,
3522 3375 3588 3423 ut
3625 3387 3776 3441 prm-

2127 3454 2395 3510 dicarent
2425 3473 2670 3528 regnum
2705 3473 2900 3523 suum,
2933 3474 3120 3527 usque
3155 3458 3230 3512 ad
3259 3475 3493 3512 crucem
3527 3460 3698 3514 annis
3721 3465 3772 3516 3.

2199 3545 2361 3599 Unde
2414 3548 2615 3600 Patres
2663 3547 2724 3600 in
2775 3547 3009 3601 Nicaana
3057 3547 3280 3617 synodo
3323 3553 3674 3614 statuerunt,
3711 3556 3774 3604 ut

2122 3649 2240 3686 non
2274 3633 2694 3688 ordinarentur
2723 3634 3053 3704 presbyteri
3085 3640 3221 3689 ante
3265 3636 3506 3706 triginta
3554 3653 3763 3706 annos,

2121 3721 2515 3791 dixeruntque
2547 3723 2818 3776 sufﬁcere
2849 3723 3166 3793 discipulo,
3198 3730 3264 3778 ut
3294 3725 3371 3778 sit
3399 3725 3551 3779 sicut
3579 3728 3764 3798 magi-

2123 3815 2280 3875 ster;
2315 3816 2376 3864 et
2405 3827 2591 3874 servo,
2625 3817 2690 3864 ut
2715 3811 2787 3864 sit
2819 3811 2972 3865 sicut
3000 3812 3278 3866 dominus
3309 3813 3458 3882 ejus.

2191 3901 2234 3952 A
2283 3899 2543 3953 salviﬁca
2573 3916 2706 3953 vero
2757 3901 3053 3970 passione,
3089 3906 3146 3953 et
3175 3902 3542 3966 ascensione,
3578 3921 3765 3974 usque

2119 3987 2192 4041 ad
2223 3988 2508 4058 Stephani
2544 3988 2966 4058 lapidationem
3002 3990 3142 4044 anni
3167 3994 3220 4055 7,
3255 3996 3312 4043 et
3340 3992 3412 4044 ab
3446 3992 3550 4046 illa
3579 4009 3766 4063 usque

2118 4075 2190 4129 ad
2215 4075 2429 4141 lucem,
2465 4093 2595 4146 quae
2629 4077 2809 4131 Paulo
2843 4078 3137 4148 apparuit,
3171 4095 3408 4134 menses
3442 4097 3562 4136 sex.

2186 4166 2256 4217 Et
2277 4181 2310 4220 a
2337 4165 2501 4220 Pauli
2533 4166 2888 4236 baptismate
2920 4182 2988 4220 ac
3019 4166 3441 4236 praedicatione
3473 4185 3662 4239 usque
3694 4171 3766 4224 ad

2114 4253 2380 4308 Dominaa
2413 4259 2632 4308 nostra:
2663 4271 2951 4325 perquam
2975 4255 3372 4311 immaculataa
3404 4261 3760 4330 assumptio-

2113 4357 2250 4396 nem
2284 4348 2423 4396 sunt
2453 4343 2594 4397 anni
2630 4348 2746 4397 tres
2785 4343 2966 4398 simul
2995 4345 3137 4398 anni
3169 4347 3259 4398 44.

2187 4430 2340 4484 Vixit
2361 4432 2515 4485 enim
2550 4432 2706 4485 inter
2735 4432 3010 4486 homines
3053 4433 3375 4502 purissima
3424 4435 3671 4504 Deipara
3703 4437 3762 4489 in

2113 4519 2335 4590 templo
2367 4521 2540 4574 annis
2571 4523 2655 4582 14,
2683 4521 2743 4574 in
2775 4520 2950 4573 domo
3008 4521 3223 4590 Joseph
3282 4521 3586 4575 mensibus
3622 4523 3672 4585 4,
3708 4529 3764 4576 et

358 4611 448 4665 καὶ
497 4610 882 4685 εὐηγγελίσθη,
936 4609 1026 4663 καὶ
1075 4602 1423 4662 συλλαϐοῦσα
1474 4603 1619 4660 ἔτεκε
1671 4604 1762 4660 τὰν
1809 4605 1998 4680 Κύριον

2159 4609 2489 4663 nnuntiatio
2521 4610 2570 4662 ei
2603 4609 2757 4662 facta
2789 4614 2895 4667 est.
2948 4614 3006 4662 et
3062 4609 3354 4678 concepit,
3415 4611 3760 4680 peperitque

358 4702 520 4771 ἡμῶν
551 4701 763 4770 Ἰησοῦν
799 4699 1051 4774 Χριστὸν,
1085 4697 1225 4768 ὁμοῦ
1245 4693 1337 4765 ἔτη
1375 4696 1450 4750 ιε’.

433 4877 571 4930 Ἀπὸ
630 4872 687 4930 δὲ
743 4877 840 4944 τῆς
881 4873 1344 4946 ἐνανθρωπησεως
1404 4875 1502 4925 τοῦ
1559 4872 1788 4946 Χριστοῦ
1819 4867 2004 4942 ἔζησεν

359 4962 452 5034 ἔτη
488 4964 593 5039 λγ’.

437 5059 510 5127 (5)
582 5059 724 5117 Ἕως
797 5053 1124 5126 ἀναλήψεως
1194 5053 1292 5104 τοῦ
1348 5049 1582 5123 Χριστοῦ
1640 5047 1692 5104 ἐν
1749 5053 1829 5120 τῷ
1872 5047 2008 5121 οἷ’κῳ

356 5143 614 5202 »Ιωάννου
644 5141 736 5212 ἔτη
775 5145 859 5199 ια’.

427 5328 498 5394 (1)
533 5327 635 5380 Hic
666 5325 880 5397 incipit
908 5325 1303 5396 fragmentum
1350 5322 1648 5394 Hippolyti
1683 5322 1945 5379 Thebani
1975 5340 2009 5379 a

364 5398 601 5453 Canisio
636 5397 881 5452 editum.

432 5471 504 5539 (2)
537 5470 670 5522 Haec
697 5468 940 5522 omnino
969 5466 1142 5539 aliter
1170 5465 1466 5539 habentur
1495 5465 1649 5535 apud
1682 5465 2002 5539 Canisium.

392 5537 503 5622 ,(3)
537 5541 639 5594 Hic
670 5539 964 5594 nonnulla
1008 5537 1126 5592 alia
1175 5538 1612 5592 interseruntur
1648 5538 1802 5607 apud
1833 5539 2006 5592 Cani-

355 5627 690 5754 “ﬁgitﬁgit
720 5680 991 5736 Canisius
1022 5676 1100 5746 λζ’
1128 5696 1232 5734 seu
1283 5682 1369 5746 36,
1432 5678 1533 5733 sed
1584 5696 1850 5750 errones,
1883 5698 2000 5736 non

2116 4696 2428 4753 Dominum
2477 4703 2747 4752 nostrum
2777 4698 2975 4752 Jesum
3007 4698 3325 4763 Christum,
3359 4697 3538 4752 simul
3589 4700 3762 4753 annis

2114 4785 2205 4840 15.

2188 4875 2274 4929 Ab
2307 4875 2716 4932 incarnatione
2746 4892 2882 4930 vero
2913 4875 3129 4931 Christi
3160 4876 3302 4931 vixit
3329 4892 3516 4932 annos
3546 4879 3633 4934 33.

2200 5051 2395 5122 Usque
2425 5053 2498 5108 ad
2530 5052 2999 5123 assumptionem
3029 5052 3248 5107 Christi
3289 5053 3351 5108 in
3384 5052 3558 5110 domo
3589 5057 3760 5113 Joano

2118 5146 2212 5201 nis
2243 5143 2382 5200 anni
2416 5142 2502 5195 11.

2118 5325 2278 5380 enim
2309 5321 2456 5376 vixit
2484 5320 2640 5375 ultra
2669 5320 2734 5373 33
2779 5335 2988 5386 annos,
3020 5320 3184 5376 unde
3225 5327 3429 5377 nostra
3459 5323 3634 5379 lectio
3665 5341 3758 5380 re-

2122 5394 2378 5450 ﬁnenda.

2185 5470 2260 5536 (5)
2294 5465 2480 5536 Aliter
2509 5463 2636 5517 haec
2667 5461 2845 5536 habet
2867 5463 3007 5536 Can.
3051 5463 3134 5516 ita
3192 5463 3430 5536 legens:
3492 5463 3591 5518 Καὶ
3627 5465 3762 5536 μετὰ

2112 5528 2209 5602 τῆξγ
2245 5528 2514 5605 ἀνάληψιν
2548 5536 2643 5605 τοῦ
2700 5531 2920 5602 Κυρίου,
2961 5528 3167 5605 ἔζησεν-
3202 5528 3290 5586 ei);
3319 5539 3456 5605 -τοῖς
3490 5528 3758 5605 μαθηταῖς

2118 5599 2284 5662 αύτοῦ
2317 5605 2369 5659 ἐν
2401 5599 2480 5675 τῷ
2512 5601 2647 5673 οῗκῳ
2682 5599 2928 5658 Ἰωάννου
2972 5607 3068 5656 τοῦ
3099 5599 3509 5677 Εὐαγγελιστοῦ
3541 5599 3632 5668 ἕτή
3669 5610 3756 5677 ια’.

2111 5684 2180 5736 Et
2226 5686 2352 5750 post
2413 5677 2633 5732 Domini
2682 5677 3105 5745 assumptione-ni
3167 5693 3283 5732 cum
3335 5677 3618 5747 discipulis
3645 5676 3760 5745 eius
