4152 6312
374 371 524 432 1031

440 509 528 562 Ita
549 511 615 562 ut
638 523 848 562 omnes
879 507 1006 579 ejus
1037 509 1178 564 anni
1207 509 1327 564 sint
1357 512 1442 563 59.

439 601 620 653 Porro
649 599 744 654 hic
776 603 866 653 est
893 601 1170 666 Joannes,
1206 616 1382 670 quem
1414 599 1698 672 diligebat
1725 597 2014 663 Christus,

364 689 594 758 fuitque
626 689 785 760 virgo
819 693 877 742 et
907 689 1285 760 evangelista,
1319 689 1540 743 mansit
1587 687 2014 752 Hierosolymis

365 778 425 832 in
455 778 629 832 domo
663 794 788 842 sua,
822 777 1222 831 Ecclesiarum
1246 783 1452 844 matre,
1487 777 1559 833 ad
1592 794 1770 848 quam
1805 776 2010 831 confu-

366 874 580 941 gerunt
609 867 882 939 apostoli,
909 873 1151 938 propter
1172 874 1396 922 metum
1418 868 1776 923 Iudaeorum.

441 1047 524 1099 lbi
552 1051 946 1117 prmparatum
975 1046 1087 1100 fuit
1121 1051 1179 1101 et
1217 1046 1479 1101 Pascha:
1512 1046 1592 1100 ibi
1623 1045 1814 1116 primo
1849 1061 2006 1116 mys-

367 1138 578 1190 terium
613 1136 920 1207 discipulis
950 1137 1232 1191 traditum
1265 1137 1373 1192 fuit
1406 1153 1418 1190 :
1445 1136 1524 1190 ibi
1555 1142 1689 1207 post
1717 1150 2010 1190 resurrec-

361 1229 583 1280 tionem
605 1226 888 1280 Dominus
911 1226 1031 1280 illis
1055 1226 1326 1297 apparuit
1349 1245 1364 1287 ς
1389 1225 1464 1280 ibi
1494 1224 1747 1296 Spiritus
1767 1227 2006 1277 sanctus

354 1315 602 1386 illapsus
635 1318 725 1369 est
757 1313 1107 1385 discipulis:
1160 1314 1238 1368 ibi
1272 1315 1508 1367 Thomas
1538 1311 1802 1367 ostendit
1833 1317 2005 1382 typos

355 1406 692 1459 clavorum:
727 1403 806 1457 ibi
841 1404 1092 1474 apostoli
1136 1405 1198 1457 in
1231 1404 1488 1474 primum
1523 1403 1865 1473 episcopum
1912 1418 2002 1454 or-

357 1495 642 1548 dinarunt
672 1493 859 1546 tilium
890 1493 1147 1563 Josephi,
1181 1492 1423 1547 fratrem
1479 1490 1734 1554 Domini,
1776 1505 1896 1543 non
1930 1489 2002 1543 fi-

358 1584 502 1638 lium
554 1582 838 1647 Zebedaai,
870 1581 1112 1636 fratrem
1157 1582 1418 1648 Joannis,
1473 1579 1789 1635 Zebedaeus
1844 1578 2003 1632 enim

356 1675 656 1745 propriam
685 1689 894 1727 navem
920 1673 1146 1726 habens
1195 1672 1550 1743 appellatur,
1587 1675 1645 1723 et
1673 1669 2000 1740 praecipuo-

354 1780 508 1830 rum,
542 1762 641 1832 qui
670 1762 731 1816 in
761 1761 1035 1817 Galilezea
1065 1766 1253 1830 erant,
1294 1761 1558 1815 virorum
1605 1759 1717 1812 fuit
1745 1758 1997 1829 primus.

422 1945 554 1995 Post
584 1945 834 1995 mortem
866 1955 999 1993 vero
1031 1938 1344 2008 (Zebedaai)
1371 1939 1628 1992 Joannes
1669 1936 1853 2008 patris
1902 1935 1992 1990 sui

353 2030 760 2084 hmreditatem
789 2027 1060 2083 distraxit
1094 2028 1152 2082 in
1174 2027 1430 2092 Galilaaa,
1466 2032 1524 2081 et
1571 2025 1995 2096 Hierosolymis

361 2118 730 2174 domicilium
766 2117 1148 2188 comparavit,
1181 2116 1339 2171 unde
1365 2122 1432 2170 ut
1458 2115 1676 2170 dicitur
1717 2115 1789 2169 de
1841 2114 1989 2186 ipso,

357 2214 481 2263 erat
521 2213 698 2261 notus
730 2207 1015 2276 pontiﬁci.

424 2297 526 2351 Hic
556 2297 780 2366 recepit
812 2295 1249 2350 sanctissimam
1299 2295 1610 2366 Deiparam
1659 2293 1720 2347 in
1751 2293 1993 2348 domum

349 2403 516 2440 suam
537 2401 725 2455 usque
757 2384 833 2439 ad
891 2383 1389 2438 resurrectionem
1453 2383 1658 2454 ipsius,
1695 2388 1752 2436 et
1783 2386 1990 2453 postea

351 2493 484 2530 cum
515 2473 898 2545 praedicasset
939 2473 1202 2540 verbum,
1236 2478 1294 2526 et
1339 2472 1466 2543 ipse
1514 2477 1854 2542 assumptus
1887 2477 1993 2526 est.

418 2563 668 2618 Iacobus
708 2568 906 2617 autem
935 2561 1126 2616 factus
1157 2562 1386 2632 primus
1417 2562 1732 2632 episcopus
1761 2563 1996 2616 Ieroso-

351 2654 694 2724 lymitanus,
729 2652 911 2706 frater
948 2651 1188 2722 quidem
1221 2651 1453 2705 Domini
1506 2650 1833 2705 secundum
1864 2666 1991 2705 car-

351 2759 489 2797 nem
523 2758 648 2798 esse
682 2741 918 2808 dicitur,
944 2741 1102 2795 filius
1131 2757 1265 2794 vero
1305 2740 1455 2795 fabri
1490 2740 1726 2811 Iosephi
1758 2756 1829 2793 ex
1856 2756 1993 2794 car-

351 2834 473 2888 nali
500 2849 682 2888 uxore
704 2832 853 2903 ejus.
875 2832 1136 2896 Quatuor
1167 2832 1323 2886 enim
1355 2831 1510 2885 ﬁlios
1533 2830 1740 2885 habuit
1757 2830 1995 2900 Ioseph,

344 2923 645 2988 Iacobum,
709 2922 1033 2985 Simonem,
1082 2920 1292 2975 Iudam
1352 2925 1410 2974 et
1437 2920 1694 2991 Ioseph:
1759 2924 1816 2974 et
1847 2918 1993 2973 duas

343 3013 498 3068 ﬁlias
526 3012 736 3066 Esther
757 3016 811 3065 et
837 3010 1123 3065 Martham
1147 3026 1216 3063 ex
1236 3025 1416 3064 uxore
1449 3025 1555 3063 sua
1578 3009 1833 3072 Salome,
1859 3025 1990 3078 qua)

337 3100 448 3154 fuit
480 3100 604 3154 tilia
635 3100 830 3172 Aggaai
886 3099 1087 3154 fratris
1136 3099 1449 3165 Zacharias,
1509 3099 1694 3168 patris
1721 3097 1986 3164 Joannis,

341 3188 447 3244 filii
481 3188 800 3256 Barachiae,
832 3187 943 3242 ﬁlii
981 3187 1140 3241 Abiaa
1175 3186 1521 3242 sacerdotis.

409 3369 478 3420 Et
507 3371 647 3419 tunc
706 3362 949 3434 quidem
1005 3364 1218 3419 viduus
1249 3368 1376 3419 erat
1405 3363 1662 3434 Ioseph:
1725 3361 1872 3417 adeo
1926 3367 1992 3416 ut

339 3459 596 3511 Ioannes
631 3453 889 3524 Baptista
913 3459 971 3507 et
1001 3453 1232 3508 Salome
1260 3453 1380 3507 sint
1407 3453 1657 3506 fratrum
1684 3467 1988 3522 germano-

339 3561 472 3599 rum
516 3542 710 3597 liberi.
772 3546 1017 3614 Aggams
1076 3543 1236 3597 cnim
1295 3541 1592 3596 Barachiaa
1647 3541 1827 3607 filius,
1862 3545 1988 3595 erat

337 3640 582 3704 patruus
611 3633 872 3686 Joannis.
911 3631 1195 3685 Similiter
1225 3636 1282 3686 et
1311 3630 1621 3685 Zacharias
1658 3629 1840 3684 frater
1869 3632 1984 3702 Ag-

335 3721 443 3793 gaai
476 3727 721 3791 patruus
748 3719 1011 3774 Salomes
1042 3720 1244 3774 uxoris
1303 3719 1540 3790 Iosephi
1597 3718 1770 3773 fabri.
1810 3722 1986 3773 Erant

337 3827 508 3881 porro
534 3815 751 3865 sanctaz
777 3809 1039 3863 Dominae
1064 3815 1283 3864 nostrae
1307 3809 1569 3880 Deiparze
1593 3825 1660 3862 ex
1683 3807 1982 3862 Bethleem

338 3905 456 3952 tres
489 3914 722 3952 sorores
744 3913 778 3951 a
800 3897 1102 3952 Bethleem
1129 3898 1267 3952 ﬁliae
1299 3898 1533 3952 Mathan
1564 3896 1905 3963 sacerdotis,
1927 3901 1984 3949 et

338 3987 530 4042 Maria)
561 3987 762 4041 uxoris
804 3987 931 4057 ejus
989 3992 1273 4058 regnante
1331 3985 1644 4056 Cleopatra
1676 3991 1734 4039 et
1762 3985 1979 4055 Sapore

333 4078 532 4142 Persa,
565 4081 700 4129 ante
723 4090 971 4145 regnum
1005 4074 1251 4128 Herodis
1283 4073 1598 4143 Antipatri.
1625 4073 1838 4127 Prima
1869 4089 1978 4126 no-

1673 369 2094 434 HIPPOLYTI
2136 374 2237 432 ΤΗ
2251 374 2483 434 EBANI

3628 381 3787 445 1032

2046 514 2100 580 Α
2201 508 2294 569 Ὠς
2329 507 2462 562 εἶναι
2487 509 2554 562 τά
2583 507 2756 564 πάντα
2786 507 2957 580 αὐτῆς
2988 509 3082 582 ἔτη
3113 514 3208 575 νθ’.

2190 595 2360 658 Οὗτος
2390 595 2446 651 δέ
2477 596 2618 652 ἐστιν
2682 597 2963 669 Ἰωάννης,
3019 600 3078 654 ’ὸν
3134 601 3321 674 ἠγάπα
3378 602 3406 656 6
3458 605 3711 677 Χριστὸς,
3751 605 3782 660 ὃ

2117 689 2380 762 παρθένος
2428 689 2517 743 καὶ
2577 689 2992 765 εὐαγγελιστὴς,
3042 691 3190 754 ὅστις
3251 688 3436 766 ἔμενεν
3471 693 3521 749 ἐν
3551 701 3784 771 Ἱεροσο-

2119 775 2316 850 λύμοις
2372 779 2472 846 τήν
2525 782 2634 832 τῶν
2692 777 3035 848 Ἐκκλησιῶν
3101 783 3317 857 μήτορα
3369 781 3444 845 εἷς
3485 784 3584 852 τὴν
3616 785 3783 840 αὐτοῦ

2117 865 2312 938 οῗκίαν,
2345 866 2422 931 εἷς
2445 864 2512 936 ἤν
2548 865 2748 944 ἔφυγον
2793 869 2844 922 οἱ
2895 869 3195 924 ἀπόστολοι
3228 867 3315 924 διὰ
3343 873 3436 926 τὸν
3470 868 3639 950 φόϐον
3669 879 3780 929 τῶν

2115 953 2418 1012 Ἰουδαίων.

2189 1047 2263 1118 (6)
2303 1046 2448 1100 Ἐκεῖ
2504 1047 2815 1118 ἡτοιμάσθη
2875 1047 2966 1100 καὶ
3023 1048 3085 1102 τὸ
3142 1049 3354 1124 Πάσχαο
3415 1049 3527 1104 ἐκεῖ
3583 1052 3674 1106 καὶ
3718 1054 3784 1108 τὸ

2114 1138 2329 1208 πρῶτον
2395 1136 2690 1211 μυστήριον
2779 1133 3033 1206 ἐτελέσθη
3120 1143 3236 1202 τοῖς
3319 1142 3604 1211 μαθηταῖςο
3666 1139 3785 1196 ἐκεῖ

2114 1221 2280 1299 ἐφάνη
2339 1225 2528 1285 αὐτοῖς
2586 1224 2676 1278 καὶ
2736 1225 2764 1278 ὁ
2825 1224 3020 1300 Κύριος
3085 1228 3220 1300 μετά
3292 1229 3394 1296 τήν
3465 1230 3776 1283 ἀνάστασιν

2113 1310 2222 1365 ἐκεῖ
2250 1312 2338 1366 καὶ
2369 1313 2432 1366 τὸ
2464 1316 2672 1385 πνεῦμα
2719 1314 2781 1367 τὸ
2829 1313 2980 1387 ἅγιον
3039 1313 3282 1385 κατῆλθε
3330 1321 3446 1378 τοῖς
3485 1320 3776 1390 μαθηταῖς·

2111 1398 2224 1454 ἐκεῖ
2278 1402 2363 1455 καὶ
2429 1407 2503 1472 (7)
2560 1405 2668 1456 τῶν
2725 1408 2923 1474 Θωμᾶν
3001 1396 3166 1476 ἔδειξε
3216 1404 3344 1466 τοὺς
3400 1406 3603 1468 τύπους
3665 1412 3775 1461 τῶν

2108 1488 2285 1558 ἥλων
2317 1489 2427 1544 ἐκεῖ
2455 1495 2668 1564 πρῶτον
2717 1491 3012 1546 ἐπίσκοπον
3069 1492 3494 1568 ἐχειροτόνησαν
3545 1496 3597 1549 οἱ
3629 1496 3772 1550 ἀπό-

2108 1577 2295 1633 στολοι
2341 1581 2432 1633 τὸν
2478 1580 2593 1634 υἱὸν
2650 1581 2850 1657 Ὶωσήφ
2892 1581 2984 1635 τὸν
3041 1578 3274 1658 ἀδελφὸν
3313 1587 3410 1637 τοῦ
3445 1583 3675 1659 Κυρίου,
3707 1585 3776 1639 οῦ

2103 1668 2197 1722 τὸν
2231 1669 2344 1722 υἱὸν
2396 1663 2680 1722 Ζεϐεδαίου
2728 1670 2820 1724 τὸν
2874 1667 3108 1746 ἀδελφὸν
3153 1673 3433 1726 Ἰωάννου·
3470 1673 3499 1727 6
3531 1673 3636 1747 γάρ
3682 1679 3776 1727 Ζε-

2105 1751 2323 1819 ϐεδαῖος
2355 1755 2777 1833 ίδιοναῦκληρος
2822 1756 3058 1834 λέγεται,
3119 1763 3227 1814 τῶν
3285 1758 3342 1816 δὲ
3390 1761 3440 1815 ἐν
3501 1760 3777 1834 Γαλιλαίᾳ

2031 1882 2074 1947 Β
2105 1844 2395 1918 ἐπισήμων
2433 1844 2646 1922 ἀνδρῶν
2676 1849 2896 1922 πρῶτος
2926 1851 3014 1917 ἦν.

2175 1937 2323 1992 Μετά
2379 1933 2437 1990 δὲ
2491 1937 2590 2005 τήν
2631 1935 2890 2006 τελευτήν
2946 1939 3204 2007 Ἰωάννης
3249 1940 3349 2008 τήν
3392 1937 3447 1994 ἐν
3500 1937 3773 2011 Γαλιλαίᾳ

2102 2031 2290 2093 κτῆσιν
2329 2029 2427 2079 τοῦ
2487 2025 2701 2099 Πατρὸς
2759 2023 3015 2096 ἀπέδοτο,
3070 2027 3161 2081 καὶ
3217 2026 3483 2097 ἐκτήσατο
3514 2027 3567 2082 ἐν
3598 2029 3768 2103 Ἱερο-

2102 2113 2389 2187 σολύμοις,
2422 2116 2538 2170 ὅθεν
2591 2115 2666 2176 ὡς
2726 2112 2875 2190 λέγει
2929 2115 3052 2191 περὶ
3113 2116 3279 2172 αὐτοῦ
3306 2117 3391 2188 τὸ,
3424 2118 3491 2186 ἦν
3524 2119 3770 2194 γνωστὸς

2101 2208 2179 2276 τῷ
2208 2204 2477 2280 ἀρχιερεῖ.

2175 2295 2249 2364 (8)
2309 2292 2482 2354 Οὗτος
2532 2289 2746 2362 ἐδέξατο
2803 2294 2902 2361 τήν
2962 2294 3223 2371 παναγίαν
3273 2295 3535 2351 Θεοτὸκον
3581 2295 3633 2351 ἐν
3675 2295 3759 2367 τῴ

2101 2378 2237 2453 οἷ’κῳ
2295 2382 2461 2436 αὐτοῦ
2525 2381 2692 2456 μέχρι
2747 2385 2847 2446 τῆς
2895 2383 3232 2446 ἀναστάσεως
3281 2385 3448 2450 αὐτῆς
3496 2387 3758 2460 καὶμετά

2100 2474 2260 2524 τοῦτο
2287 2471 2521 2544 κηρύξας
2551 2470 2643 2524 τὸν
2678 2469 2870 2546 λόγον,
2903 2472 2994 2526 καὶ
3024 2474 3189 2536 αὐτὸς
3221 2473 3527 2552 ἀνελήφθη.

2174 2560 2251 2632 (9)
2283 2554 2539 2620 Ἰάκωϐος
2589 2556 2648 2612 δὲ
2707 2560 2736 2613 ὁ
2793 2562 3030 2636 γεγονὼς
3088 2566 3308 2637 πρῶτος
3338 2561 3631 2626 ἐπίσκοπος
3657 2565 3761 2619 Ἰε-

2103 2649 2416 2723 ρουσαλὴμ,
2459 2645 2692 2725 ἀδελφὸς
2749 2650 2842 2720 μὲν
2893 2654 2992 2704 τοῦ
3045 2650 3246 2726 Κυρίου
3284 2652 3420 2706 κατά
3462 2653 3634 2725 σάρκα
3663 2651 3762 2707 λέ-

2101 2756 2250 2810 γεται
2286 2736 2441 2804 εἶναι,
2475 2734 2682 2798 υἱὸςδὲ
2723 2741 2820 2791 τοῦ
2867 2737 3118 2802 τέκτονος
3166 2741 3370 2815 Ἰωσὴφ
3399 2739 3458 2795 ἐκ
3485 2747 3585 2809 τῆς
3619 2741 3764 2816 βιω-

2099 2833 2258 2894 τικῆς
2319 2826 2479 2880 αὐτοῦ
2534 2827 2808 2901 γυναικός.
2867 2828 3140 2903 Τέσσαρας
3185 2830 3286 2904 γὰρ
3346 2826 3502 2904 ἔσχεν
3544 2829 3696 2891 υἱοὺς
3732 2831 3762 2884 6

2100 2915 2329 2992 Ἰωσὴφ,
2359 2909 2640 2984 Ἰάκωϐον,
2707 2915 2955 2988 Σίμωνα,
3016 2914 3213 2987 Ἰοῦδα,
3271 2919 3361 2972 καὶ
3408 2919 3632 2994 Ἰωσήφ,
3662 2920 3753 2974 καὶ

2102 3005 2148 3079 β’
2180 3005 2494 3079 θυγατέρας,
2549 3005 2650 3073 τήν
2709 3005 2932 3077 Ἐσθήρ,
2992 3003 3082 3059 καὶ
3129 3007 3230 3075 τήν
3286 3006 3508 3081 Μάρθαν
3560 3006 3619 3062 ἐκ
3645 3010 3748 3072 τῆς

2093 3094 2345 3167 γυναικὸς
2403 3093 2570 3147 αὐτοῦ
2645 3091 2948 3166 Σαλώμης,
3029 3093 3294 3169 θυγατρὸς
3350 3095 3610 3170 Ἀγγαίου
3654 3101 3756 3151 τοῦ

2097 3179 2336 3260 ἀδελφοῦ
2387 3181 2663 3256 Ζαγαρίου
2711 3187 2809 3236 τοῦ
2855 3184 3058 3258 πατρὸς
3107 3185 3382 3252 Ἰωάννου,
3431 3186 3553 3239 υἱοῦ
3585 3189 3761 3258 Βαρα-

2091 3272 2244 3346 χίου,
2279 3272 2399 3325 υἱοῦ
2430 3265 2591 3325 ’Δϐία
2621 3275 2716 3325 τοῦ
2747 3271 2958 3346 ἱερέως.

2166 3361 2272 3416 Καὶ
2318 3359 2442 3414 τότε
2485 3357 2777 3433 ἐχήρευσεν
2831 3360 3056 3437 Ἰωσήφ*
3109 3361 3183 3423 ὡς
3238 3363 3368 3416 εἶναι
3421 3360 3480 3417 δὲ
3523 3362 3616 3418 τὸν
3652 3368 3755 3418 Βα-

2091 3449 2319 3516 πτιστήν
2353 3447 2605 3516 Ἰωάννην
2663 3447 2752 3502 καὶ
2799 3449 2900 3516 τήν
2950 3449 3226 3521 Σσλώμην
3287 3448 3537 3528 ἀδελφῶν
3585 3453 3746 3506 τέκνα

2093 3536 2410 3614 ἀρρενικῶν,
2451 3537 2512 3593 Ὁ
2541 3535 2643 3611 γὰρ
2705 3537 2960 3612 Ἀγγαῖος
3019 3538 3136 3602 υἱὸς
3193 3541 3474 3614 Βαραχίου
3506 3545 3651 3603 θεῖος
3678 3541 3751 3610 ἦν

2088 3628 2365 3682 Ἰωάννου.
2424 3625 2667 3697 Ὁμοίως
2719 3626 2811 3680 καὶ
2869 3627 3142 3702 Ζαχαρίις
3198 3626 3434 3702 ἀδελφὸς
3490 3629 3747 3703 Ἀγγαίου

2091 3721 2233 3779 θεῖος
2291 3712 2570 3786 Σαλώμης
2628 3721 2729 3783 τῆς
2771 3716 3030 3790 γυναικὸς
3081 3717 3283 3791 Ἰωσὴφ
3329 3721 3427 3772 τοῦ
3476 3720 3748 3780 τέκτονος.

2087 3807 2198 3877 (10)
2230 3801 2297 3859 Ai
2350 3800 2406 3857 δὲ
2449 3806 2550 3866 τῆς
2611 3803 2764 3877 ἁγίας
2823 3803 3122 3874 Δεσποίνης
3154 3809 3311 3878 ἡμῶν
3343 3808 3609 3862 Θεοτόκου
3639 3808 3746 3862 ἀπὸ

2086 3893 2344 3966 Βηθλεὲμ
2373 3893 2519 3967 τρεῖς
2574 3892 2712 3960 ἦσαν
2745 3890 2973 3970 ἀδελφαὶ
3007 3893 3112 3948 ἀπὸ
3169 3893 3429 3969 Βηθλεὲμ
3454 3897 3744 3972 θυγατέρες

2085 3984 2304 4041 Ματθᾶν
2351 3985 2450 4037 τοῦ
2503 3981 2688 4057 ἷερέως
2746 3983 2836 4038 καὶ
2897 3983 3104 4057 Μαρίας
3153 3992 3254 4054 τῆς
3300 3985 3464 4040 αὐτοῦ
3492 3993 3736 4061 γαμετῆς

2084 4071 2172 4128 ἐπὶ
2238 4077 2339 4138 τῆς
2408 4069 2684 4143 βασιλείας
2745 4068 3122 4146 Κλεοπάτρας,
3181 4072 3272 4127 καὶ
3327 4074 3595 4147 Σώπαρος
3643 4079 3744 4129 τοῦ

331 4182 469 4219 men
495 4171 620 4220 erat
651 4165 864 4229 Maria;
887 4163 1162 4218 secundae
1185 4179 1318 4216 vero
1352 4162 1499 4216 Sobe
1522 4179 1534 4228 ;
1557 4161 1745 4216 tertiae
1777 4167 1976 4216 autem

2110 4162 2312 4234 Ιὲρσου,
2345 4160 2451 4231 πρὸ
2479 4166 2580 4228 τῆς
2613 4158 2892 4233 βασιλείας
2920 4157 3170 4233 Ἡρώδου
3215 4166 3312 4216 τοῦ
3353 4160 3736 4235 Ἀντιπάτρου.

330 4258 482 4308 Ann.
535 4253 744 4323 Nupsit
791 4253 972 4324 igitur
1016 4252 1208 4322 prima
1237 4254 1298 4304 in
1331 4250 1653 4318 Bethleem,
1688 4256 1746 4304 et
1773 4252 1978 4322 genuit

2110 4256 2298 4322 υνομα
2351 4252 2420 4321 τῇ
2471 4249 2662 4322 πρώτῃ
2721 4248 2926 4323 Μαρία.
2987 4253 3071 4322 Τῇ
3129 4247 3185 4304 δὲ
3233 4251 3278 4326 β’
3323 4245 3512 4319 Σωϐἡ,
3544 4252 3631 4306 καὶ
3664 4255 3734 4325 τῇ

334 4343 609 4396 Salomen
641 4340 1042 4395 obstetricem.
1079 4339 1348 4394 Secunda
1374 4345 1571 4394 autem
1604 4339 1884 4395 similiter
1911 4341 1974 4396 in

2114 4338 2230 4414 ρίτῃ
2286 4339 2471 4393 Ἀννα.
2531 4339 2816 4411 Ἐγήματο
2867 4338 2956 4391 οὖν
3006 4341 3041 4408 ἡ
3093 4338 3284 4414 πρώτη
3345 4340 3396 4394 ἐν
3457 4338 3739 4412 Βηθλεὲμ,

319 4431 647 4494 Bethleem.
681 4435 739 4485 et
767 4429 974 4501 genuit
1000 4428 1339 4494 Elisabeth;
1397 4434 1456 4482 et
1494 4429 1668 4483 tertia
1724 4430 1784 4484 in
1817 4435 1973 4486 terra

2113 4427 2166 4482 αὶ
2197 4425 2343 4482 ἔτεκε
2375 4425 2654 4498 Σαλώμην
2681 4427 2781 4494 τήν
2843 4425 3027 4500 μαίαν.
3089 4429 3156 4485 Ἡ
3210 4426 3266 4483 δὲ
3327 4430 3393 4504 β’.
3444 4429 3652 4502 ὁμοίως
3686 4429 3740 4484 ἐν

326 4521 602 4586 Galilmaa,
639 4525 697 4574 et
722 4519 929 4592 genuit
959 4518 1199 4572 Mariam
1232 4519 1475 4572 Matrem
1509 4518 1628 4572 Dei.
1655 4520 1843 4584 Quare
1877 4520 1970 4576 Sa-

2110 4518 2348 4590 ιηθλεὲμ,
2408 4516 2498 4570 καὶ
2553 4514 2700 4571 ἔτεκε
2752 4517 2855 4585 τήν
2913 4515 3218 4573 Ἐλισάϐετ’
3249 4520 3341 4573 καί
3383 4521 3417 4588 ἡ
3467 4519 3623 4595 τρίτη
3657 4518 3739 4582 εἷς

334 4610 492 4666 lome
524 4609 836 4676 obstetrix,
872 4607 1196 4670 Elisabeth,
1228 4612 1287 4662 et
1319 4611 1527 4662 sancta
1568 4608 1820 4679 Deipara
1859 4627 1926 4666 su
1942 4627 1990 4664 n‘

2110 4610 2158 4676 iv
2191 4610 2293 4672 τῆς
2330 4603 2660 4670 Γαλιλαίας,
2713 4607 2802 4659 καὶ
2859 4605 3108 4681 ἐγέννησε
3157 4607 3368 4682 Μαρίαν
3409 4608 3508 4677 τήν
3542 4608 3740 4664 8:016-

328 4701 512 4753 trium
546 4715 817 4753 sororum
851 4698 991 4753 ﬁliae
1019 4714 1031 4750 :
1056 4703 1232 4766 atque
1267 4697 1404 4751 hinc
1423 4697 1681 4752 Joannes
1716 4699 1975 4769 Baptista

328 4793 387 4841 et
419 4789 700 4843 Dominus
726 4793 931 4841 noster
953 4791 1121 4841 erant
1150 4785 1512 4840 consobrini.
1545 4786 1809 4841 Christus
1839 4804 1973 4843 vero

327 4875 483 4928 ﬁlius
513 4876 750 4945 Iosephi
783 4876 1018 4941 dicitur,
1049 4881 1173 4929 tum
1197 4873 1355 4945 quod
1378 4891 1496 4929 una
1518 4892 1649 4929 cum
1684 4876 1823 4930 {iliis
1847 4877 1967 4931 suis

330 4979 463 5016 cum
495 4964 814 5030 nutriebat,
849 4971 906 5018 et
955 4970 1076 5018 tum
1134 4963 1291 5033 quod
1342 4969 1468 5018 erat
1499 4980 1566 5017 ex
1617 4966 1968 5036 cognatione

325 5052 520 5124 Λεξςωί
550 5053 748 5108 fratris
781 5054 1074 5109 Zachariae
1107 5053 1451 5119 sacerdotis,
1508 5055 1613 5109 ﬁlii
1650 5056 1965 5110 Barachiaa.

2083 4717 2198 4754 xov.
2229 4697 2317 4756 Ὠς
2379 4695 2510 4748 εἶναι
2571 4696 2668 4763 τήν
2727 4715 2786 4749 τε
2839 4695 3118 4769 Σαλώμην
3169 4699 3267 4766 τήν
3302 4697 3486 4770 μαίαν,
3521 4696 3609 4752 καὶ
3637 4698 3740 4766 τήν

2085 4779 2393 4846 Ἐλισάὸετ,
2442 4783 2530 4852 καὶ
2577 4785 2678 4852 τήν
2729 4784 2881 4858 ἁγίαν
2933 4785 3195 4840 Θεοτόκον
3239 4785 3528 4860 θυγατέρας
3573 4783 3741 4842 ἀδελ-

2077 4879 2190 4952 φῶν
2221 4869 2398 4947 τριῶν
2420 4871 2680 4941 θηλειῶν.
2713 4874 2984 4928 Ἐντεῦθεν
3025 4874 3092 4943 ἦν
3141 4877 3169 4929 ὁ
3219 4877 3523 4945 Βαπτιστὴς
3555 4875 3737 4933 Ἰωάν-

2078 4985 2176 5033 νης
2209 4962 2297 5016 καὶ
2348 4963 2375 5014 ὁ
2423 4960 2624 5032 Κύριος
2680 4965 2840 5034 ἡμῶν
2895 4964 3133 5036 ἀνεψιοί.
3192 4965 3318 5026 Υἱὸς
3371 4963 3429 5019 δὲ
3487 4969 3582 5019 τοῦ
3615 4966 3736 5020 Ἰω-

2081 5053 2189 5128 σὴφ
2222 5049 2434 5125 λέγεται
2466 5050 2493 5103 6
2522 5049 2751 5124 Χριστὸς
2799 5046 2859 5106 ἔκ
2903 5073 2962 5106 τε
3010 5059 3110 5121 τῆς
3154 5060 3593 5132 συναναστροφῆς
3633 5058 3738 5108 τῶν

330 5140 463 5194 υἱῶν
499 5139 679 5212 αὐτοῦ,
713 5141 801 5196 καὶ
833 5141 893 5196 ἐκ
920 5148 1020 5210 τῆς
1046 5141 1354 5215 συγγενείας
1382 5142 1635 5215 Ἀγγαίου
1659 5139 1897 5220 ἀδελφοῦ
1928 5140 2201 5218 Ζαχαρίου
2230 5143 2326 5194 τοῦ
2357 5139 2547 5212 ἱερέως
2573 5143 2682 5194 τῶν
2717 5141 2848 5194 υἱῶν
2882 5142 3179 5218 Βαραχίου.

398 5327 543 5379 vixit
574 5329 632 5381 in
665 5328 822 5381 domo
853 5329 1090 5380 Joannis
1119 5327 1482 5394 Evangelistaa
1521 5333 1685 5385 annis
1719 5335 1799 5384 ll.
1837 5333 1975 5396 Quae

327 5397 503 5472 lectio
526 5399 805 5472 genuima
829 5402 1001 5472 est,et
1018 5397 1334 5450 confirmat
1354 5402 1707 5472 sententiam
1736 5403 1974 5472 Apollo-

334 5470 442 5533 nii,
477 5471 636 5538 quod
667 5470 917 5539 apostoli
946 5472 1081 5538 post
1125 5469 1620 5539 resurrectionem
1665 5469 1877 5527 Christi
1913 5479 1977 5530 12

331 5541 503 5597 annis
535 5540 594 5594 in
625 5538 826 5595 Iudma
856 5538 1312 5611 permanserint.

399 5615 472 5684 (6)
505 5614 637 5668 Haec
678 5609 878 5668 omnia
941 5609 1155 5663 mirum
1206 5609 1264 5661 in
1326 5609 1563 5663 modum
1621 5611 1990 5684 interpolata-

327 5691 467 5742 sunt
496 5685 653 5757 apud
685 5685 1010 5742 Canisium.

2157 5337 2230 5408 (τ)
2260 5334 2352 5405 τῷ
2384 5337 2574 5408 θωμᾷε

2157 5407 2233 5478 (8)
2266 5409 2399 5480 Haec
2423 5407 2866 5480 nonibabentur
2895 5410 3049 5480 apud
3082 5409 3406 5466 Canisium.

2155 5481 2231 5550 (9)
2269 5479 2412 5558 [line
2444 5478 2862 5558 incipitncaput
2900 5478 3099 5558 cirxxw
3137 5483 3383 5558 _Ioseph_i
3413 5483 3732 5558 Christiani

2084 5551 2448 5675 (Ραέγοιορὶσϊ
2479 5557 2606 5604 tom.
2641 5551 2784 5620 ενι)
2835 5552 3261 5607 conferendum
3283 5551 3392 5608 ﬁob
3441 5554 3736 5611 variantes

2110 5638 2174 5676 ec
2205 5637 2392 5675 lones.

2155 5692 2268 5762 (10)
2300 5691 2600 5746 Hactenus
2633 5692 3148 5764 Hippolytus,hinc
3178 5696 3486 5768 Iosephus.
