4146 6302
356 368 514 429 i033

355 631 532 687 Aliud
585 632 978 699 Fragmentum
1048 626 1344 697 Hippolyti
1431 624 1675 679 Thebani
1743 639 1812 677 ea:
1896 637 1994 675 ms.

1783 353 2301 414 FRAGMENTA.

2017 487 2103 542 II.

2079 620 2260 674 codice

3609 359 3764 418 1034

2354 621 2545 676 Grazco
2621 621 3136 676 Urbino-Vaticano
3216 629 3345 676 ante
3402 626 3526 692 (~00,
3586 641 3756 681 annos

425 721 527 775 sub
593 720 798 774 Alexio
856 720 1128 776 Comneno
1197 713 1731 783 Constantinopoli,
1799 717 1860 765 ut
1925 726 1994 764 ea:
2058 709 2297 781 ejusdem
2379 708 2620 778 imagine
2711 711 2848 764 libro
2931 715 3168 780 pra/ima
3249 719 3528 782 apparet,
3595 732 3752 770 cons-

428 812 626 881 cripto.

425 924 764 1000 Εὖρίσκομεν
800 920 856 978 δὲ
897 923 1042 996 παρὰ
1098 925 1167 995 τῇ
1237 918 1354 990 θείᾳ
1381 921 1591 993 Γραφῇ,
1625 917 1698 978 ὡς
1755 914 1805 970 ἐν
1837 919 1916 986 τῷ
1947 909 1998 984 ἕξ

2186 915 2524 970 Invenimus
2555 919 2753 970 autem
2785 916 2847 970 in
2877 915 3075 971 divina
3107 917 3424 989 Scriptura,
3459 921 3618 990 quod
3662 922 3763 977 de-

357 1011 447 1068 καί
479 1009 688 1083 δεκάτῳ
740 1012 928 1086 χρόνῳ
979 1016 1080 1078 τῆς
1139 1011 1283 1077 ζωῆς
1344 1006 1511 1075 αὐτῆς
1565 1007 1599 1073 ἡ
1632 1005 1872 1078 παναγία
1911 1001 2003 1056 Δέ-

356 1124 556 1158 σποινα
615 1102 883 1162 Θεοτόκος
953 1101 1047 1154 τὸν
1132 1104 1367 1172 Σωτῆρα
1443 1094 1533 1149 καὶ
1588 1092 1782 1168 Κύριον
1842 1095 2001 1164 ἡμῶν

360 1194 567 1262 Ἰησοῦν
628 1192 856 1265 Χριστὸν
916 1188 1196 1263 ἐγέννησεν
1232 1230 1245 1243 .
1320 1181 1652 1252 Ἐϐαπτίσθη
1741 1179 1797 1236 δὲ
1861 1181 2006 1252 παρᾶ

356 1279 562 1356 Πέτρου
597 1280 686 1334 καὶ
744 1280 1003 1335 Ἰωάννου
1049 1281 1155 1331 τῶν
1185 1273 1529 1345 ἀποστολων,
1561 1271 1757 1332 αὐτοὺς
1790 1269 1847 1324 δὲ
1874 1270 2002 1324 τού-

353 1392 480 1432 τους
513 1366 798 1425 ἐϐάπτισεν
831 1370 858 1423 6
891 1366 1147 1444 Χριστός.
1212 1367 1409 1436 Ἒζησε
1441 1362 1497 1418 δὲ
1555 1362 1687 1436 μετᾶ
1732 1363 1794 1416 τὸ
1829 1362 2006 1430 σωτή-

358 1480 472 1534 ριον
507 1459 684 1523 πάθος
723 1461 758 1528 ἡ
791 1458 1053 1518 Θεοτόκος
1084 1454 1176 1525 ἔτη
1215 1457 1301 1511 ια’.
1333 1455 1395 1510 Ὁ
1428 1451 1486 1506 δὲ
1531 1454 1628 1520 τῆς
1666 1457 1810 1520 ζωῆς
1840 1449 2008 1519 αὐτῆς

355 1549 557 1625 χρόνος
620 1550 695 1610 εἷς
750 1547 840 1601 καὶ
894 1545 1156 1618 ἐξήκοντα
1191 1588 1203 1601 .
1256 1538 1482 1599 Ἐϐίωσε
1531 1539 1588 1595 δὲ
1651 1541 1738 1594 καὶ
1795 1541 1822 1594 6
1855 1534 2006 1614 ἅγιος

356 1638 610 1708 Ἰωάννης
657 1637 684 1690 ὁ
747 1637 1019 1708 Θεολὸγος
1078 1633 1243 1708 μέχρι
1300 1628 1568 1704 Δομετίου
1631 1630 2005 1701 [Δομετιανοῦ]

364 1726 642 1805 βασιλέως
700 1724 992 1798 Ῥωμαίων
1053 1725 1191 1795 (11),
1251 1721 1326 1782 ὡς
1387 1721 1440 1775 ἐκ
1499 1718 1696 1774 τούτου
1754 1721 1886 1772 εἶναι
1917 1717 2008 1771 τὸν

366 1813 574 1874 ἅπαντα
602 1823 702 1887 τῆς
745 1817 889 1886 ζωῆς
921 1815 1088 1869 αὐτοῦ
1123 1812 1324 1888 χρόνον
1359 1808 1484 1866 δέκα
1514 1809 1648 1884 πρὸς
1684 1807 1893 1864 ἑκατόν.

2117 1005 2270 1059 cimo
2303 1010 2466 1058 sexto
2498 1021 2652 1058 anno
2684 1006 2873 1059 aetatis
2906 1022 3026 1059 suae
3083 1007 3459 1063 sanctissima
3515 1010 3766 1066 Domina

2116 1095 2368 1164 Deipara
2398 1095 2758 1149 Salvatorem
2792 1100 2849 1150 et
2879 1097 3193 1151 Dominum
3244 1105 3515 1153 nostrum
3563 1102 3764 1156 Jesum

2115 1184 2417 1237 Christum
2450 1185 2782 1254 pepererit;
2816 1184 3108 1254 baptizata
3140 1202 3273 1241 vero
3305 1188 3381 1240 sit
3410 1205 3444 1242 a
3475 1189 3670 1256 Petro,
3707 1195 3766 1244 et

2117 1277 2343 1331 Joanne
2377 1276 2680 1347 apostolis,
2714 1276 2874 1347 ipsos
2906 1283 3102 1332 autem
3136 1279 3444 1350 baptizarit
3473 1281 3763 1337 Christus.

2118 1364 2270 1419 Vixit
2299 1381 2432 1418 vero
2465 1370 2599 1435 post
2630 1366 2952 1420 salvilicam
2987 1369 3330 1438 passionem
3377 1370 3630 1441 Deipara
3660 1389 3764 1426 an-

2115 1472 2226 1510 nos
2254 1472 2333 1521 XI,
2381 1454 2738 1526 fueruntque
2787 1473 2996 1511 omnes
3046 1459 3225 1512 totius
3273 1459 3407 1512 vitae
3462 1459 3591 1530 ejus
3621 1460 3765 1515 anni

2117 1544 2421 1615 sexaginta
2466 1560 2641 1598 unus.
2703 1545 2858 1598 Vixit
2913 1551 3111 1600 autem
3167 1552 3224 1601 et
3285 1547 3452 1602 divus
3507 1549 3764 1603 Joannes

2116 1633 2445 1706 Theologus
2467 1651 2656 1704 usque
2678 1634 2752 1688 ad
2786 1635 3183 1690 Domitianum
3206 1637 3626 1708 imperatorem
3651 1641 3764 1693 Ro-

2117 1739 2456 1787 manorum,
2513 1721 2658 1777 adeo
2707 1728 2773 1777 ut
2823 1740 2999 1780 omne
3057 1725 3187 1779 vitae
3235 1726 3363 1797 ejus
3415 1732 3652 1798 tempus
3690 1727 3768 1782 sit

2120 1815 2360 1866 centum
2391 1815 2450 1866 et
2474 1810 2680 1865 decem
2708 1828 3023 1868 annorum.

2006 1928 2102 1982 III.

1387 2050 1776 2118 Fragmentum
1805 2063 1874 2101 ea:
1901 2045 2021 2101 cod.
2053 2060 2156 2100 ms.
2203 2046 2373 2114 Regio
2422 2046 2556 2099 1296
2593 2045 2727 2118 (12).

430 2170 830 2245 Ἐγκωμιάζων
894 2164 952 2222 δὲ
1007 2167 1099 2222 τὸν
1183 2163 1564 2241 εὐαηελιστήν

351 2261 654 2337 ἁγιώτατος
705 2257 1055 2333 πατριάρχης
1104 2253 1525 2330 Ἱεροσολύμων,
1587 2252 1614 2307 ὁ
1649 2247 1814 2325 μέγας
1874 2255 1996 2303 Σω-

351 2348 574 2427 φρόνιος
607 2345 849 2401 διδάσκει
873 2347 971 2413 τὴν
1005 2348 1099 2399 τοῦ
1140 2347 1273 2398 Θεοῦ
1315 2340 1662 2412 Ἐκκλησίαν,
1697 2338 1778 2394 ὅτι
1812 2338 1991 2409 πατὴρ

339 2443 436 2494 τοῦ
481 2435 757 2511 Θεολόγου
789 2437 817 2490 6
848 2430 1130 2496 Ζεϐεδαῖος
1187 2435 1273 2502 ἦν,
1335 2431 1582 2504 Σαλώμη
1643 2427 1699 2484 δὲ
1737 2432 1770 2499 ἡ
1808 2431 1992 2502 μήτηρ

342 2526 530 2598 αὐτοῦ,
566 2527 810 2601 θυγάτηρ
853 2523 985 2578 οῦσα
1031 2524 1168 2591 αὐτή
1226 2525 1322 2576 τοῦ
1379 2521 1602 2596 Ἰωσὴφ·
1645 2520 1706 2580 ’ὸς
1735 2521 1991 2592 τέσσαρας

347 2615 501 2678 υἱοὺς
534 2616 677 2691 εἶχε,
726 2613 816 2668 καὶ
849 2611 1141 2688 θυγατέρας
1167 2615 1332 2686 τρεῖς.
1369 2607 1528 2670 Υἱοὺς
1565 2606 1678 2680 μὲν·
1710 2601 1989 2677 Ἰακωϐον,

355 2705 580 2777 Σίμωνα
614 2746 628 2773 ,
684 2699 928 2769 Ἰούδαν,
988 2701 1077 2755 καὶ
1130 2700 1350 2775 Ἰωσήφ.
1406 2695 1705 2772 Θυγατέρας
1757 2693 1832 2750 δὲ·
1891 2697 1990 2763 τὴν

349 2795 578 2868 Ἐσθὴρ,
639 2793 736 2861 τὴν
791 2792 1037 2865 Μάρθαν,
1090 2788 1182 2844 καὶ
1234 2789 1334 2855 τήν
1395 2784 1699 2858 Σαλώμην,
1757 2787 1880 2854 ἣτις
1927 2787 1992 2853 ἦν

353 2881 491 2957 γυνή
524 2880 617 2953 μὶν
662 2875 973 2947 Ζεϐεδαίου,
1035 2878 1219 2951 μήτηρ
1279 2872 1336 2929 δὲ
1384 2874 1660 2930 Ἰωάννου.
1722 2874 1993 2934 Ἐντεῦθεν

359 2969 388 3023 ὁ
419 2969 615 3043 Σωτὴρ
639 2973 779 3032 θεῖος
802 2967 869 3036 ἦν
901 2964 1177 3038 Ἰωάννου,
1212 2965 1286 3026 ὡς
1318 2960 1551 3040 ἀδελφὸς
1582 2968 1680 3031 τῆς
1715 2958 1994 3033 Σαλώμης

357 3064 461 3128 τῆς
493 3058 749 3134 θυγατρὸς
781 3057 1003 3132 Ἰωσήφ.

2009 3179 2100 3234 IV.

1654 2163 1910 2230 Ἰωάννην
1974 2159 2001 2213 ὁ
2034 2167 2080 2232 Β
2183 2160 2602 2215 Sanctissimus
2626 2166 2825 2217 autem
2857 2164 3194 2233 patriarcha
3217 2164 3761 2236 Hierosolymorum

2109 2265 2359 2321 magnus
2383 2249 2746 2320 Sophronius
2780 2252 3050 2306 encomio
3103 2253 3414 2308 celebrans
3459 2253 3753 2308 Joannem

2106 2339 2523 2411 evangelistam
2554 2339 2725 2395 docet
2746 2340 3068 2397 Ecclesiam
3090 2343 3216 2410 Dei,
3240 2344 3397 2415 quod
3412 2349 3580 2416 pater
3602 2346 3744 2399 The-

2107 2427 2259 2500 ologi
2290 2428 2513 2483 exstitit
2558 2429 2892 2494 Zebedaeus,
2927 2437 3117 2486 mater
3137 2449 3270 2488 vero
3293 2433 3455 2488 illius
3486 2435 3742 2502 Salome,

2106 2516 2235 2588 ipsa
2273 2517 2395 2572 filia
2442 2519 2702 2588 Josephi,
2757 2520 2856 2590 qui
2915 2521 3204 2592 Josephus
3262 2528 3516 2592 quatuor
3545 2524 3753 2579 habuit

2109 2606 2284 2671 ﬁlios,
2319 2607 2472 2662 ﬁlias
2506 2612 2624 2661 tres
2652 2624 2664 2660 :
2708 2609 2864 2663 ﬁlios
2902 2611 3141 2680 quidem
3171 2629 3181 2664 :
3213 2612 3516 2681 Jacobum,
3561 2613 3754 2668 Simo-

2106 2712 2266 2762 nem,
2298 2695 2508 2750 Judam
2541 2700 2598 2751 et
2648 2698 2990 2768 Josephum.
3049 2699 3228 2755 Filias
3285 2719 3463 2757 vero:
3521 2703 3754 2772 Esther,

2107 2783 2392 2838 Martham
2427 2789 2484 2838 et
2513 2785 2810 2853 Salomen,
2845 2804 2976 2856 quae
3006 2787 3121 2842 fuit
3149 2806 3296 2843 uxor
3316 2790 3602 2858 Zebedaei,
3635 2808 3756 2846 ma-

2109 2880 2198 2929 ter
2228 2881 2424 2929 autem
2481 2877 2746 2931 Joannis.
2802 2877 2950 2932 Hinc
3009 2879 3272 2935 Salvator
3328 2886 3455 2936 erat
3508 2882 3754 2938 Joannis

2107 2964 2452 3034 avunculus,
2482 2969 2687 3036 utpote
2707 2965 2892 3022 frater
2923 2967 3186 3024 Salomes
3217 2969 3356 3025 ﬁliae
3385 2971 3645 3042 Josephi.

1203 3299 1591 3366 Fragmentum
1637 3295 1790 3364 apud
1819 3293 2093 3364 Combeﬁs.
2126 3296 2184 3349 in
2223 3296 2542 3365 Originibus
2572 3297 2900 3354 CPotitanis.

422 3454 497 3512 Τὸ
535 3450 593 3508 δὲ
622 3450 909 3524 Πάνορμον
939 3447 1192 3523 κάστρον,
1239 3446 1344 3502 ὐπὸ
1390 3451 1488 3500 τοῦ
1537 3440 1826 3521 Πανόρμου
1865 3443 1999 3500 Ἔλ-

2179 3448 2448 3503 Castrum
2479 3449 2840 3505 Panormum
2871 3468 2904 3506 a
2933 3453 3226 3508 Panormo
3264 3454 3522 3526 quodam
3555 3458 3753 3513 Graeco

353 3550 527 3614 Ληνος
585 3540 827 3610 ἐκτίσθη,
889 3535 1245 3611 διπλότειχον
1308 3536 1578 3609 ὑπάρχον,
1639 3532 1864 3608 σίδήρου
1907 3533 1996 3587 καὶ

2119 3537 2419 3592 conditum
2435 3543 2542 3607 est,
2563 3538 2783 3610 duplici
2800 3557 2969 3596 muro
2983 3547 3388 3598 constructum
3406 3550 3584 3615 atque
3597 3546 3754 3602 ferro

353 3631 570 3708 χαλκοῦ
603 3628 758 3699 δίκην
793 3626 1257 3702 ἀναμεμιγμένον.
1293 3625 1382 3682 Ἐν
1417 3620 1475 3677 δὲ
1504 3627 1572 3695 τῇ
1603 3623 1739 3695 πρὸς
1795 3621 1992 3708 βορῥᾷν

353 3707 535 3796 πόρτῃ
567 3723 663 3775 τοῦ
696 3717 862 3773 αὐτοῦ
893 3717 1146 3792 κάστρου,
1174 3715 1365 3768 ἳστατο
1426 3711 1713 3784 στυράκιον
1743 3707 1999 3784 ἡχμῶδι,

358 3812 454 3866 καὶ
503 3807 680 3880 στήλη
736 3807 1011 3883 γυναικεία
1070 3802 1402 3881 δικέφαλος.
1456 3803 1628 3863 Ἔνθα
1681 3802 1771 3854 καὶ
1831 3797 2002 3871 θέαμα

354 3902 574 3977 γέγονεν
613 3943 625 3957 .
686 3899 1077 3973 Ἐμπυρισμοῦ
1135 3895 1234 3970 γάρ
1277 3913 1410 3947 ποτε
1462 3891 1525 3946 τὸ
1583 3891 1812 3965 κάστρον
1874 3910 2003 3945 κατ-

356 3989 677 4064 ειληφότος,
710 3986 801 4043 καὶ
846 3985 1022 4054 πάσης
1055 3991 1154 4053 τῆς
1185 3981 1401 4043 πόλεως
1458 3978 1836 4054 ἰδαφισθείσης
1869 3979 2006 4051 μετὰ

354 4081 447 4136 καὶ
500 4083 607 4134 τῶν
666 4081 891 4152 τειχῶν,
949 4075 1199 4130 ἳστασθαι
1257 4071 1319 4127 τὸ
1376 4069 1604 4144 πυργίον
1674 4069 1845 4123 ἐκεῖνο
1902 4075 2003 4136 τῆς

359 4167 593 4244 πόρτης,
626 4166 749 4222 ἔνθα
801 4165 890 4220 καὶ
918 4167 953 4234 ἡ
988 4164 1166 4233 στήλη
1223 4161 1522 4216 συνίστατο.
1585 4155 1763 4213 Ἀλλὰ
1790 4156 2005 4244 πολλάτ

359 4239 451 4322 κις
470 4258 558 4312 καὶ
592 4260 690 4311 τοῦ
719 4255 888 4330 πυρὸς
943 4249 1400 4328 προσεγγίζοντος
1451 4253 1532 4321 τῷ
1585 4247 1759 4319 τόπῳ,
1791 4247 1866 4308 ὡς
1898 4239 2003 4300 ὐπὸ

359 4368 506 4408 τινος
539 4343 833 4407 διώκοντος
879 4342 1031 4412 αὐτὸ,
1074 4337 1291 4404 ὄπισθεν
1334 4339 1407 4400 ὠς
1439 4336 1657 4413 ὀργυιὰς
1691 4337 1748 4407 ε’,
1783 4336 2005 4410 ὑπεχω-

363 4457 444 4513 ρει
477 4442 577 4505 τῆς
608 4433 842 4505 στήλης.
865 4431 1018 4500 Αὕτη
1049 4427 1108 4484 δὲ
1137 4425 1465 4504 παρελήφθη
1503 4427 1606 4481 ὑπὸ
1638 4424 1886 4500 Χοσρὸου
1905 4428 2002 4480 τοῦ

360 4529 580 4600 Περσῶν
609 4523 894 4599 τυράννου,
921 4519 1011 4576 καὶ
1041 4515 1182 4574 ἔστιν
1215 4516 1299 4600 είς
1339 4513 1572 4600 ῌερσίδα
1629 4513 2000 4600 λατρευομένη

356 4593 462 4667 ἕως
491 4608 586 4658 τοῦ
629 4593 741 4674 νῦν,
803 4602 984 4665 καθὼς
1045 4600 1072 4653 6
1131 4595 1482 4673 παραδείσιος
1540 4593 1785 4664 διαοιτής
1835 4593 2005 4649 ἐκεῖσε

358 4694 653 4768 κρατηθεὶς
688 4690 780 4746 καὶ
829 4689 1096 4768 ἐκφυγὼν,
1148 4684 1290 4756 δῆλα
1347 4683 1640 4754 πεποίηκεν
1675 4683 1725 4738 ἐν
1757 4688 1836 4756 τῷ
1869 4703 2006 4760 χρο-

360 4786 500 4854 νικῷ
557 4779 910 4848 Ἱππολύτου,
967 4779 1030 4832 τὸ
1088 4775 1272 4851 τριτὸν
1330 4771 1816 4847 δημοσιευόμενον.
1850 4777 2007 4844 Ζήτει

363 4869 606 4945 ἱστορίαν
637 4868 886 4940 ἐξαίσιον.

2113 3641 2349 3695 aereque
2373 3625 2770 3681 commistum.
2804 3629 2868 3682 In
2902 3629 3031 3700 ejus
3079 3635 3247 3700 porta
3299 3634 3754 3702 septentrionali

2111 3713 2304 3767 stabat
2333 3715 2512 3768 turris
2545 3715 2840 3785 squalida,
2864 3733 2930 3771 ac
2960 3717 3163 3790 biceps
3187 3719 3497 3776 muliebris
3528 3728 3757 3778 statua:

2111 3801 2211 3855 ubi
2245 3807 2301 3855 et
2333 3802 2786 3857 memorandum
2821 3804 3128 3876 quidpiam
3162 3807 3395 3863 accidit.
3429 3810 3572 3864 Cum
3597 3813 3758 3867 enim

2111 3897 2370 3946 castrum
2401 3891 2552 3946 illud
2585 3910 2734 3947 szevo
2766 3894 3001 3949 arderet
3031 3896 3331 3962 incendio,
3367 3915 3434 3954 ac
3460 3900 3605 3956 urbe
3637 3907 3761 3958 tota

2113 3997 2233 4034 una
2254 3997 2388 4035 cum
2419 3982 2606 4036 muris
2639 3983 2762 4037 solo
2783 3990 3034 4054 aequata,
3068 3987 3230 4041 stetit
3253 3989 3429 4042 turris
3448 3989 3550 4044 illa
3571 3995 3756 4060 portae

2113 4070 2175 4124 in
2194 4087 2311 4140 qua
2341 4076 2399 4125 et
2430 4075 2623 4126 statua
2649 4077 2775 4127 erat
2803 4073 3110 4130 collocata.
3147 4075 3258 4131 Sed
3289 4082 3347 4131 et
3377 4079 3594 4149 saepius
3625 4080 3758 4152 igne

2112 4158 2356 4231 propius
2380 4160 2719 4225 accedente,
2753 4163 2913 4217 velut
2944 4164 3199 4234 quodam
3232 4166 3492 4238 fugante,
3519 4168 3762 4224 ﬂamma

2113 4247 2185 4302 ab
2219 4253 2411 4304 statua
2442 4249 2615 4305 ulnas
2673 4252 2935 4323 quinque
2981 4254 3316 4312 recedebat.
3351 4257 3600 4312 Sustulit
3631 4275 3760 4312 eam

2110 4337 2402 4392 Chosroes
2426 4339 2741 4395 Persarum
2773 4345 3085 4411 tyrannus,
3107 4343 3514 4415 hactenusque
3536 4345 3599 4400 in
3629 4347 3764 4400 Per-

2116 4426 2239 4481 side
2265 4427 2500 4493 colitur,
2533 4428 2618 4482 uti
2651 4431 2850 4484 vivarii
2901 4432 3216 4502 praafectus
3265 4433 3388 4488 illic
3436 4439 3663 4504 captus,
3695 4451 3762 4489 ac

2112 4517 2248 4589 fuga
2296 4519 2533 4590 elapsus
2590 4520 2927 4592 declaravit,
2987 4522 3048 4577 in
3117 4523 3398 4594 Hippoliti
3447 4525 3758 4592 Chronico,

2115 4606 2274 4677 quod
2303 4607 2475 4662 tertio
2502 4607 2799 4680 vulgatum
2824 4615 2932 4664 est.
2967 4612 3172 4675 Quaere
3203 4612 3604 4667 narrationem
3641 4613 3761 4666 exi-

2116 4712 2318 4752 mnam.

437 4934 514 5015 T6
547 4954 605 5012 δὲ
634 4955 973 5028 καλούμενον
1027 4951 1325 5026 Σμύρνιον,
1383 4947 1616 5019 πλησίον
1675 4951 1771 5002 τοῦ
1825 4967 2011 5021 τετρα-

2195 4964 2378 5019 Locus
2407 4972 2784 5036 nuncupatus
2811 4968 3170 5039 Smyrnium,
3199 4989 3380 5044 prope
3421 4973 3764 5046 quadrupli-

369 5043 548 5101 δισίου
604 5041 849 5119 ἐμϐόλου
887 5088 901 5114 ,
955 5040 1071 5117 ἔχει
1134 5037 1387 5096 ὑποκάτω
1442 5041 1540 5108 τῆς
1597 5045 1721 5112 γῆς,
1770 5037 1832 5091 τὸ
1879 5037 2014 5111 πρὸς

372 5134 572 5211 βοῤῥᾷν
610 5137 799 5210 μέρος,
832 5133 1054 5208 ὀργυιὰς
1085 5131 1117 5184 ι’
1147 5127 1376 5199 στήλας,
1409 5138 1436 5190 θ
1467 5127 1705 5197 πλησίον
1743 5130 1840 5180 τοῦ
1883 5129 2013 5180 ναοῦ

361 5229 462 5280 τοῦ
494 5223 652 5301 ἁγίου
683 5221 989 5296 Θεοδώρου.
1019 5218 1166 5276 Εἰσὶν
1221 5216 1278 5272 δὲ
1307 5218 1361 5272 αἱ
1394 5214 1610 5289 στῆλαι,
1642 5217 1696 5270 αἱ
1747 5215 1841 5289 μὲν
1870 5219 2018 5288 τρεῖς

367 5312 774 5368 Κωνσταντίνοῦ
805 5314 902 5366 τοῦ
956 5306 1214 5383 Μεγάλου
1265 5305 1355 5360 καὶ
1411 5311 1512 5374 τῆς
1568 5304 1819 5380 γυναικὸς
1852 5303 2020 5374 αὐτῆς

370 5401 648 5474 Φαύστης,
679 5403 769 5457 καὶ
830 5398 1146 5474 Ἰλαρίωνος
1197 5395 1586 5471 πραιποσίτου,
1619 5393 1708 5448 καὶ
1763 5398 1861 5449 τοῦ
1889 5415 2015 5449 παι-

443 5585 550 5655 (11)
584 5585 648 5639 Ι).
683 5584 1076 5653 Hieronymus
1121 5579 1400 5655 al’tirmat,
1440 5592 1580 5655 eum
1608 5582 1744 5647 post
1793 5580 2021 5655 obitum

368 5648 690 5713 Domitiani
738 5648 989 5711 rediisse
1049 5669 1120 5709 ex
1175 5652 1380 5706 Patmo
1440 5648 1760 5719 Ephesum,
1823 5651 2022 5724 ibique

685 5776 949 5838 ΡΑτιοι.
994 5772 1107 5833 Gn.
1153 5769 1392 5832 CXVII.

2125 5070 2253 5109 cem
2269 5055 2587 5125 porticum,
2612 5058 3076 5128 septentrionem
3093 5077 3294 5116 versus
3319 5062 3769 5119 subterraneam

2128 5158 2370 5214 specum
2392 5143 2569 5198 habet
2585 5144 2791 5201 decem
2813 5147 3093 5203 ulnarum
3119 5165 3131 5205 :
3154 5150 3214 5205 in
3242 5167 3310 5206 ea
3331 5168 3540 5208 novem
3563 5158 3770 5208 statuae

2129 5230 2288 5286 haud
2317 5232 2586 5302 procula
2645 5236 2834 5290 sancti
2892 5237 3144 5293 'I‘hodori
3197 5257 3364 5296 sacra
3421 5241 3566 5299 aede.
3625 5242 3775 5296 Sunt

2129 5337 2264 5376 vero
2286 5326 2518 5390 statuae,
2543 5328 2663 5378 tres
2687 5327 2984 5397 [quatuor]
3010 5328 3250 5398 quidem
3272 5330 3641 5387 Constantini
3664 5332 3775 5386 Ma-

2131 5410 2252 5482 gni,
2271 5411 2320 5482 ej
2331 5428 2521 5482 usque
2544 5414 2746 5470 uxoris
2769 5417 3016 5484 Faustae,
3038 5423 3096 5472 et
3117 5419 3436 5476 Hilarionis
3449 5420 3774 5494 praepositi,

2132 5590 2457 5671 Ecclesiam
2489 5593 2943 5671 rex_issepsque_
2964 5595 3037 5671 ad
3067 5597 3302 5671 Trajani
3329 5603 3616 5671 tempora.

2207 5663 2316 5734 (t2)
2349 5664 2668 5736 Basnagius
2715 5664 2776 5720 in
2807 5663 3062 5739 Canisio,
3097 5663 3472 5726 Mo'nunientf
3518 5667 3776 5740 Apostol.

3459 5790 3537 5848 33
