  <div class='ocr_page' id='page_1' title='image "/cluster/home/n/w/nwhite01/storage/ocr_20150623/117/mdp.39015038086818/525.png"; bbox 0 0 4152 6312; ppageno 0'>
   <div class='ocr_carea' id='block_1_1' title="bbox 398 350 554 410">
    <p class='ocr_par' dir='ltr' id='par_1_1' title="bbox 398 350 554 410">
     <span class='ocr_line' id='line_1_1' title="bbox 398 350 554 410; baseline 0 0"><span class='ocrx_word' id='word_1_1' title='bbox 398 350 554 410; x_wconf 74' lang='lat'>1035</span> 
     </span>
    </p>
   </div>
   <div class='ocr_carea' id='block_1_2' title="bbox 1680 350 2494 415">
    <p class='ocr_par' dir='ltr' id='par_1_2' title="bbox 1680 350 2494 415">
     <span class='ocr_line' id='line_1_2' title="bbox 1680 350 2494 415; baseline 0.002 -2"><span class='ocrx_word' id='word_1_2' title='bbox 1680 351 2106 415; x_wconf 82' lang='lat' dir='ltr'>HIPPOLY’PI</span> <span class='ocrx_word' id='word_1_3' title='bbox 2148 350 2494 415; x_wconf 75' lang='lat' dir='ltr'>THEBANI</span> 
     </span>
    </p>
   </div>
   <div class='ocr_carea' id='block_1_3' title="bbox 3655 352 3811 416">
    <p class='ocr_par' dir='ltr' id='par_1_3' title="bbox 3655 352 3811 416">
     <span class='ocr_line' id='line_1_3' title="bbox 3655 352 3811 416; baseline -0.032 0"><span class='ocrx_word' id='word_1_4' title='bbox 3655 352 3811 416; x_wconf 69' lang='lat'>1036</span> 
     </span>
    </p>
   </div>
   <div class='ocr_carea' id='block_1_4' title="bbox 396 483 2021 562">
    <p class='ocr_par' dir='ltr' id='par_1_4' title="bbox 396 484 2021 559">
     <span class='ocr_line' id='line_1_4' title="bbox 396 484 2021 559; baseline -0.001 -16"><span class='ocrx_word' id='word_1_5' title='bbox 396 490 430 543; x_wconf 81' lang='grc'>4</span> <span class='ocrx_word' id='word_1_6' title='bbox 458 490 668 559; x_wconf 88' lang='lat' dir='ltr'>quarta</span> <span class='ocrx_word' id='word_1_7' title='bbox 723 484 956 557; x_wconf 89' lang='lat' dir='ltr'>Cbrispi</span> <span class='ocrx_word' id='word_1_8' title='bbox 987 484 1096 540; x_wconf 85' lang='lat' dir='ltr'>ﬁlii</span> <span class='ocrx_word' id='word_1_9' title='bbox 1125 485 1495 540; x_wconf 76' lang='lat' dir='ltr'>Constantini</span> <span class='ocrx_word' id='word_1_10' title='bbox 1523 500 1536 539; x_wconf 90' lang='lat'>:</span> <span class='ocrx_word' id='word_1_11' title='bbox 1570 487 1662 540; x_wconf 88' lang='lat' dir='ltr'>cui</span> <span class='ocrx_word' id='word_1_12' title='bbox 1713 486 2021 541; x_wconf 82' lang='lat' dir='ltr'>Herodotu:</span> 
     </span>
    </p>
   </div>
   <div class='ocr_carea' id='block_1_5' title="bbox 2137 483 3805 562">
    <p class='ocr_par' dir='ltr' id='par_1_5' title="bbox 2161 483 3805 562">
     <span class='ocr_line' id='line_1_5' title="bbox 2161 483 3805 562; baseline -0.001 -21"><span class='ocrx_word' id='word_1_13' title='bbox 2161 483 2255 549; x_wconf 84' lang='grc' dir='ltr'>δὸς</span> <span class='ocrx_word' id='word_1_14' title='bbox 2283 491 2379 541; x_wconf 86' lang='grc' dir='ltr'>τοῦ</span> <span class='ocrx_word' id='word_1_15' title='bbox 2407 487 2593 562; x_wconf 86' lang='grc' dir='ltr'>τρίτου</span> <span class='ocrx_word' id='word_1_16' title='bbox 2641 488 3056 545; x_wconf 84' lang='grc' dir='ltr'>Κωνσταντίνου</span> <span class='ocrx_word' id='word_1_17' title='bbox 3083 492 3180 542; x_wconf 90' lang='grc' dir='ltr'>τοῦ</span> <span class='ocrx_word' id='word_1_18' title='bbox 3239 485 3541 561; x_wconf 81' lang='grc' dir='ltr'>ὁμωνύμου</span> <span class='ocrx_word' id='word_1_19' title='bbox 3574 488 3714 561; x_wconf 90' lang='grc'>(13),</span> <span class='ocrx_word' id='word_1_20' title='bbox 3743 486 3805 540; x_wconf 77' lang='grc' dir='ltr'>’ὸν</span> 
     </span>
    </p>
   </div>
   <div class='ocr_carea' id='block_1_6' title="bbox 399 574 2046 648">
    <p class='ocr_par' dir='ltr' id='par_1_6' title="bbox 399 574 2046 648">
     <span class='ocr_line' id='line_1_6' title="bbox 399 574 2046 648; baseline -0.002 -11"><span class='ocrx_word' id='word_1_21' title='bbox 399 583 458 637; x_wconf 86' lang='lat' dir='ltr'>et</span> <span class='ocrx_word' id='word_1_22' title='bbox 484 574 833 648; x_wconf 81' lang='lat' dir='ltr'>Hippolytus</span> <span class='ocrx_word' id='word_1_23' title='bbox 857 574 1311 647; x_wconf 76' lang='lat' dir='ltr'>chronographi,</span> <span class='ocrx_word' id='word_1_24' title='bbox 1336 575 1578 630; x_wconf 86' lang='lat' dir='ltr'>tradunt</span> <span class='ocrx_word' id='word_1_25' title='bbox 1600 574 1783 633; x_wconf 81' lang='lat' dir='ltr'>fuisse</span> <span class='ocrx_word' id='word_1_26' title='bbox 1815 581 1993 647; x_wconf 84' lang='lat' dir='ltr'>caput</span> <span class='ocrx_word' id='word_1_27' title='bbox 2012 592 2046 633; x_wconf 84' lang='lat' dir='ltr'>a</span> 
     </span>
    </p>
   </div>
   <div class='ocr_carea' id='block_1_7' title="bbox 398 664 2045 739">
    <p class='ocr_par' dir='ltr' id='par_1_7' title="bbox 398 664 2045 739">
     <span class='ocr_line' id='line_1_7' title="bbox 398 664 2045 739; baseline -0.004 -13"><span class='ocrx_word' id='word_1_28' title='bbox 398 672 566 739; x_wconf 83' lang='lat' dir='ltr'>patre</span> <span class='ocrx_word' id='word_1_29' title='bbox 596 670 1005 736; x_wconf 82' lang='lat' dir='ltr'>amputatum:</span> <span class='ocrx_word' id='word_1_30' title='bbox 1041 665 1213 735; x_wconf 82' lang='lat' dir='ltr'>cujus</span> <span class='ocrx_word' id='word_1_31' title='bbox 1245 669 1302 718; x_wconf 85' lang='lat' dir='ltr'>et</span> <span class='ocrx_word' id='word_1_32' title='bbox 1330 664 1495 725; x_wconf 84' lang='lat' dir='ltr'>necis</span> <span class='ocrx_word' id='word_1_33' title='bbox 1541 664 1747 727; x_wconf 81' lang='lat' dir='ltr'>dolore</span> <span class='ocrx_word' id='word_1_34' title='bbox 1796 665 2045 725; x_wconf 72' lang='lat' dir='ltr'>affectus</span> 
     </span>
    </p>
   </div>
   <div class='ocr_carea' id='block_1_8' title="bbox 399 751 2044 825">
    <p class='ocr_par' dir='ltr' id='par_1_8' title="bbox 399 751 2044 825">
     <span class='ocr_line' id='line_1_8' title="bbox 399 751 2044 825; baseline -0.001 -17"><span class='ocrx_word' id='word_1_35' title='bbox 399 758 589 825; x_wconf 90' lang='lat' dir='ltr'>pater,</span> <span class='ocrx_word' id='word_1_36' title='bbox 621 753 748 807; x_wconf 90' lang='lat' dir='ltr'>dies</span> <span class='ocrx_word' id='word_1_37' title='bbox 770 751 1183 823; x_wconf 80' lang='lat' dir='ltr'>quadraginta,</span> <span class='ocrx_word' id='word_1_38' title='bbox 1215 755 1281 805; x_wconf 90' lang='lat' dir='ltr'>ut</span> <span class='ocrx_word' id='word_1_39' title='bbox 1304 751 1526 818; x_wconf 88' lang='lat' dir='ltr'>ferunt,</span> <span class='ocrx_word' id='word_1_40' title='bbox 1561 768 1697 806; x_wconf 91' lang='lat' dir='ltr'>eum</span> <span class='ocrx_word' id='word_1_41' title='bbox 1729 751 1891 807; x_wconf 91' lang='lat' dir='ltr'>luctu</span> <span class='ocrx_word' id='word_1_42' title='bbox 1915 769 2044 823; x_wconf 85' lang='lat' dir='ltr'>pro-</span> 
     </span>
    </p>
   </div>
   <div class='ocr_carea' id='block_1_9' title="bbox 404 839 2044 912">
    <p class='ocr_par' dir='ltr' id='par_1_9' title="bbox 404 839 2044 912">
     <span class='ocr_line' id='line_1_9' title="bbox 404 839 2044 912; baseline -0.001 -14"><span class='ocrx_word' id='word_1_43' title='bbox 404 848 641 898; x_wconf 88' lang='lat' dir='ltr'>secutus</span> <span class='ocrx_word' id='word_1_44' title='bbox 663 846 771 910; x_wconf 90' lang='lat' dir='ltr'>est,</span> <span class='ocrx_word' id='word_1_45' title='bbox 794 856 903 894; x_wconf 88' lang='lat' dir='ltr'>nec</span> <span class='ocrx_word' id='word_1_46' title='bbox 926 856 1139 912; x_wconf 89' lang='lat' dir='ltr'>corpus</span> <span class='ocrx_word' id='word_1_47' title='bbox 1169 839 1391 905; x_wconf 86' lang='lat' dir='ltr'>lavans,</span> <span class='ocrx_word' id='word_1_48' title='bbox 1411 857 1523 896; x_wconf 91' lang='lat' dir='ltr'>nec</span> <span class='ocrx_word' id='word_1_49' title='bbox 1536 857 1597 896; x_wconf 89' lang='lat' dir='ltr'>se</span> <span class='ocrx_word' id='word_1_50' title='bbox 1610 840 1813 896; x_wconf 83' lang='lat' dir='ltr'>lectuli</span> <span class='ocrx_word' id='word_1_51' title='bbox 1845 841 2044 912; x_wconf 81' lang='lat' dir='ltr'>quiete</span> 
     </span>
    </p>
   </div>
   <div class='ocr_carea' id='block_1_10' title="bbox 403 930 2043 1005">
    <p class='ocr_par' dir='ltr' id='par_1_10' title="bbox 403 930 2043 1005">
     <span class='ocr_line' id='line_1_10' title="bbox 403 930 2043 1005; baseline -0.001 -16"><span class='ocrx_word' id='word_1_52' title='bbox 403 948 700 989; x_wconf 73' lang='lat' dir='ltr'>recreans.</span> <span class='ocrx_word' id='word_1_53' title='bbox 743 930 903 985; x_wconf 83' lang='lat' dir='ltr'>Fecit</span> <span class='ocrx_word' id='word_1_54' title='bbox 938 935 1137 985; x_wconf 84' lang='lat' dir='ltr'>autem</span> <span class='ocrx_word' id='word_1_55' title='bbox 1177 935 1433 987; x_wconf 79' lang='lat' dir='ltr'>statuam</span> <span class='ocrx_word' id='word_1_56' title='bbox 1483 949 1553 988; x_wconf 88' lang='lat' dir='ltr'>ex</span> <span class='ocrx_word' id='word_1_57' title='bbox 1599 937 1841 1005; x_wconf 76' lang='lat' dir='ltr'>argento</span> <span class='ocrx_word' id='word_1_58' title='bbox 1869 950 2043 1003; x_wconf 88' lang='lat' dir='ltr'>puro,</span> 
     </span>
    </p>
   </div>
   <div class='ocr_carea' id='block_1_11' title="bbox 391 1019 2039 1095">
    <p class='ocr_par' dir='ltr' id='par_1_11' title="bbox 391 1019 2039 1095">
     <span class='ocr_line' id='line_1_11' title="bbox 391 1019 2039 1095; baseline 0 -18"><span class='ocrx_word' id='word_1_59' title='bbox 391 1020 581 1077; x_wconf 91' lang='lat' dir='ltr'>multo</span> <span class='ocrx_word' id='word_1_60' title='bbox 612 1036 754 1074; x_wconf 88' lang='lat' dir='ltr'>auro</span> <span class='ocrx_word' id='word_1_61' title='bbox 787 1019 1110 1074; x_wconf 80' lang='lat' dir='ltr'>inaurans‘:</span> <span class='ocrx_word' id='word_1_62' title='bbox 1142 1036 1329 1077; x_wconf 90' lang='lat' dir='ltr'>unum</span> <span class='ocrx_word' id='word_1_63' title='bbox 1383 1026 1560 1095; x_wconf 90' lang='lat' dir='ltr'>caput</span> <span class='ocrx_word' id='word_1_64' title='bbox 1590 1038 1659 1077; x_wconf 87' lang='lat' dir='ltr'>ex</span> <span class='ocrx_word' id='word_1_65' title='bbox 1696 1038 1839 1077; x_wconf 88' lang='lat' dir='ltr'>auro</span> <span class='ocrx_word' id='word_1_66' title='bbox 1890 1038 2039 1094; x_wconf 89' lang='lat' dir='ltr'>puro</span> 
     </span>
    </p>
   </div>
   <div class='ocr_carea' id='block_1_12' title="bbox 384 1110 2037 1187">
    <p class='ocr_par' dir='ltr' id='par_1_12' title="bbox 384 1110 2037 1187">
     <span class='ocr_line' id='line_1_12' title="bbox 384 1110 2037 1187; baseline 0.001 -20"><span class='ocrx_word' id='word_1_67' title='bbox 384 1117 547 1187; x_wconf 90' lang='lat' dir='ltr'>puto,</span> <span class='ocrx_word' id='word_1_68' title='bbox 569 1110 871 1182; x_wconf 79' lang='lat' dir='ltr'>inscriptis</span> <span class='ocrx_word' id='word_1_69' title='bbox 898 1110 960 1165; x_wconf 89' lang='lat' dir='ltr'>in</span> <span class='ocrx_word' id='word_1_70' title='bbox 980 1110 1174 1166; x_wconf 86' lang='lat' dir='ltr'>fronte</span> <span class='ocrx_word' id='word_1_71' title='bbox 1197 1111 1287 1167; x_wconf 90' lang='lat' dir='ltr'>his</span> <span class='ocrx_word' id='word_1_72' title='bbox 1307 1112 1530 1168; x_wconf 81' lang='lat' dir='ltr'>verbis:</span> <span class='ocrx_word' id='word_1_73' title='bbox 1554 1112 1738 1168; x_wconf 91' lang='lat' dir='ltr'>Filius</span> <span class='ocrx_word' id='word_1_74' title='bbox 1762 1129 1929 1168; x_wconf 89' lang='lat' dir='ltr'>meus</span> <span class='ocrx_word' id='word_1_75' title='bbox 1947 1114 2037 1169; x_wconf 91' lang='lat' dir='ltr'>in-</span> 
     </span>
    </p>
   </div>
   <div class='ocr_carea' id='block_1_13' title="bbox 377 1200 2036 1275">
    <p class='ocr_par' dir='ltr' id='par_1_13' title="bbox 377 1200 2036 1275">
     <span class='ocr_line' id='line_1_13' title="bbox 377 1200 2036 1275; baseline 0.001 -19"><span class='ocrx_word' id='word_1_76' title='bbox 377 1200 541 1273; x_wconf 90' lang='lat' dir='ltr'>juria</span> <span class='ocrx_word' id='word_1_77' title='bbox 568 1200 833 1257; x_wconf 74' lang='lat' dir='ltr'>affectus.</span> <span class='ocrx_word' id='word_1_78' title='bbox 870 1200 988 1255; x_wconf 88' lang='lat' dir='ltr'>Hoc</span> <span class='ocrx_word' id='word_1_79' title='bbox 1017 1200 1119 1255; x_wconf 90' lang='lat' dir='ltr'>ille</span> <span class='ocrx_word' id='word_1_80' title='bbox 1146 1201 1470 1274; x_wconf 90' lang='lat' dir='ltr'>proposito,</span> <span class='ocrx_word' id='word_1_81' title='bbox 1519 1219 1820 1275; x_wconf 86' lang='lat' dir='ltr'>sensuque</span> <span class='ocrx_word' id='word_1_82' title='bbox 1852 1202 2036 1275; x_wconf 65' lang='lat' dir='ltr'>paeni-</span> 
     </span>
    </p>
   </div>
   <div class='ocr_carea' id='block_1_14' title="bbox 382 1288 2036 1364">
    <p class='ocr_par' dir='ltr' id='par_1_14' title="bbox 382 1288 2036 1364">
     <span class='ocr_line' id='line_1_14' title="bbox 382 1288 2036 1364; baseline 0.002 -20"><span class='ocrx_word' id='word_1_83' title='bbox 382 1291 639 1344; x_wconf 89' lang='lat' dir='ltr'>tentium</span> <span class='ocrx_word' id='word_1_84' title='bbox 668 1306 834 1347; x_wconf 89' lang='lat' dir='ltr'>more</span> <span class='ocrx_word' id='word_1_85' title='bbox 866 1288 1186 1357; x_wconf 87' lang='lat' dir='ltr'>inclinans,</span> <span class='ocrx_word' id='word_1_86' title='bbox 1210 1289 1606 1364; x_wconf 76' lang='lat' dir='ltr'>religioseque</span> <span class='ocrx_word' id='word_1_87' title='bbox 1637 1291 2036 1363; x_wconf 82' lang='lat' dir='ltr'>procumbens</span> 
     </span>
    </p>
   </div>
   <div class='ocr_carea' id='block_1_15' title="bbox 382 1377 2040 1453">
    <p class='ocr_par' dir='ltr' id='par_1_15' title="bbox 382 1377 2040 1453">
     <span class='ocr_line' id='line_1_15' title="bbox 382 1377 2040 1453; baseline 0 -18"><span class='ocrx_word' id='word_1_88' title='bbox 382 1380 617 1435; x_wconf 86' lang='lat' dir='ltr'>veniam</span> <span class='ocrx_word' id='word_1_89' title='bbox 648 1377 1002 1434; x_wconf 82' lang='lat' dir='ltr'>delictorum</span> <span class='ocrx_word' id='word_1_90' title='bbox 1034 1397 1069 1435; x_wconf 87' lang='lat' dir='ltr'>a</span> <span class='ocrx_word' id='word_1_91' title='bbox 1098 1383 1216 1435; x_wconf 88' lang='lat' dir='ltr'>Deo</span> <span class='ocrx_word' id='word_1_92' title='bbox 1250 1379 1624 1453; x_wconf 90' lang='lat' dir='ltr'>exposcebat.</span> <span class='ocrx_word' id='word_1_93' title='bbox 1654 1379 1919 1451; x_wconf 63' lang='lat' dir='ltr'>Reliquas</span> <span class='ocrx_word' id='word_1_94' title='bbox 1941 1397 2040 1435; x_wconf 90' lang='lat' dir='ltr'>au-</span> 
     </span>
    </p>
   </div>
   <div class='ocr_carea' id='block_1_16' title="bbox 380 1468 2033 1543">
    <p class='ocr_par' dir='ltr' id='par_1_16' title="bbox 380 1468 2033 1543">
     <span class='ocr_line' id='line_1_16' title="bbox 380 1468 2033 1543; baseline -0.001 -18"><span class='ocrx_word' id='word_1_95' title='bbox 380 1473 502 1526; x_wconf 88' lang='lat' dir='ltr'>tem</span> <span class='ocrx_word' id='word_1_96' title='bbox 545 1474 773 1543; x_wconf 81' lang='lat' dir='ltr'>septem</span> <span class='ocrx_word' id='word_1_97' title='bbox 822 1468 949 1539; x_wconf 84' lang='lat' dir='ltr'>(leg.</span> <span class='ocrx_word' id='word_1_98' title='bbox 1011 1468 1297 1541; x_wconf 89' lang='lat' dir='ltr'>quinque)</span> <span class='ocrx_word' id='word_1_99' title='bbox 1354 1476 1563 1527; x_wconf 60' lang='lat' dir='ltr'>statuas</span> <span class='ocrx_word' id='word_1_100' title='bbox 1623 1475 1783 1536; x_wconf 88' lang='lat' dir='ltr'>sunt,</span> <span class='ocrx_word' id='word_1_101' title='bbox 1817 1471 2033 1539; x_wconf 88' lang='lat' dir='ltr'>Severi,</span> 
     </span>
    </p>
   </div>
   <div class='ocr_carea' id='block_1_17' title="bbox 380 1556 2035 1631">
    <p class='ocr_par' dir='ltr' id='par_1_17' title="bbox 380 1556 2035 1631">
     <span class='ocr_line' id='line_1_17' title="bbox 380 1556 2035 1631; baseline 0 -18"><span class='ocrx_word' id='word_1_102' title='bbox 380 1557 669 1624; x_wconf 89' lang='lat' dir='ltr'>Harmati,</span> <span class='ocrx_word' id='word_1_103' title='bbox 702 1557 1019 1630; x_wconf 83' lang='lat' dir='ltr'>Xeuxippi,</span> <span class='ocrx_word' id='word_1_104' title='bbox 1050 1557 1379 1631; x_wconf 77' lang='lat' dir='ltr'>Vigilantii,</span> <span class='ocrx_word' id='word_1_105' title='bbox 1414 1559 1515 1630; x_wconf 91' lang='lat' dir='ltr'>qui</span> <span class='ocrx_word' id='word_1_106' title='bbox 1546 1557 1849 1631; x_wconf 83' lang='lat' dir='ltr'>Vigilantii</span> <span class='ocrx_word' id='word_1_107' title='bbox 1875 1556 2035 1614; x_wconf 82' lang='lat' dir='ltr'>aedes</span> 
     </span>
    </p>
   </div>
   <div class='ocr_carea' id='block_1_18' title="bbox 383 1645 2031 1719">
    <p class='ocr_par' dir='ltr' id='par_1_18' title="bbox 383 1645 2031 1719">
     <span class='ocr_line' id='line_1_18' title="bbox 383 1645 2031 1719; baseline -0.002 -16"><span class='ocrx_word' id='word_1_108' title='bbox 383 1646 692 1716; x_wconf 81' lang='lat' dir='ltr'>exstruxit,</span> <span class='ocrx_word' id='word_1_109' title='bbox 727 1651 785 1701; x_wconf 92' lang='lat' dir='ltr'>et</span> <span class='ocrx_word' id='word_1_110' title='bbox 814 1645 1158 1712; x_wconf 89' lang='lat' dir='ltr'>Eleutherii,</span> <span class='ocrx_word' id='word_1_111' title='bbox 1198 1646 1298 1718; x_wconf 90' lang='lat' dir='ltr'>qui</span> <span class='ocrx_word' id='word_1_112' title='bbox 1354 1646 1415 1701; x_wconf 87' lang='lat' dir='ltr'>in</span> <span class='ocrx_word' id='word_1_113' title='bbox 1475 1653 1685 1703; x_wconf 89' lang='lat' dir='ltr'>senatu</span> <span class='ocrx_word' id='word_1_114' title='bbox 1744 1646 2031 1719; x_wconf 85' lang='lat' dir='ltr'>palatium</span> 
     </span>
    </p>
   </div>
   <div class='ocr_carea' id='block_1_19' title="bbox 379 1734 2033 1811">
    <p class='ocr_par' dir='ltr' id='par_1_19' title="bbox 379 1734 2033 1811">
     <span class='ocr_line' id='line_1_19' title="bbox 379 1734 2033 1811; baseline -0.002 -19"><span class='ocrx_word' id='word_1_115' title='bbox 379 1735 666 1792; x_wconf 86' lang='lat' dir='ltr'>condidit.</span> <span class='ocrx_word' id='word_1_116' title='bbox 701 1735 771 1791; x_wconf 89' lang='lat' dir='ltr'>Hi</span> <span class='ocrx_word' id='word_1_117' title='bbox 799 1752 1006 1790; x_wconf 89' lang='lat' dir='ltr'>omnes</span> <span class='ocrx_word' id='word_1_118' title='bbox 1028 1734 1221 1808; x_wconf 79' lang='lat' dir='ltr'>gladio</span> <span class='ocrx_word' id='word_1_119' title='bbox 1253 1735 1671 1803; x_wconf 81' lang='lat' dir='ltr'>animadversi,</span> <span class='ocrx_word' id='word_1_120' title='bbox 1702 1734 2033 1811; x_wconf 84' lang='lat' dir='ltr'>erectisque</span> 
     </span>
    </p>
   </div>
   <div class='ocr_carea' id='block_1_20' title="bbox 381 1824 2032 1896">
    <p class='ocr_par' dir='ltr' id='par_1_20' title="bbox 381 1824 2032 1896">
     <span class='ocr_line' id='line_1_20' title="bbox 381 1824 2032 1896; baseline -0.001 -15"><span class='ocrx_word' id='word_1_121' title='bbox 381 1826 612 1894; x_wconf 86' lang='lat' dir='ltr'>statuis,</span> <span class='ocrx_word' id='word_1_122' title='bbox 646 1824 718 1879; x_wconf 91' lang='lat' dir='ltr'>ab</span> <span class='ocrx_word' id='word_1_123' title='bbox 742 1842 810 1880; x_wconf 93' lang='lat' dir='ltr'>eo</span> <span class='ocrx_word' id='word_1_124' title='bbox 839 1826 939 1896; x_wconf 90' lang='lat' dir='ltr'>qui</span> <span class='ocrx_word' id='word_1_125' title='bbox 985 1825 1203 1896; x_wconf 85' lang='lat' dir='ltr'>injuria</span> <span class='ocrx_word' id='word_1_126' title='bbox 1255 1825 1509 1894; x_wconf 72' lang='lat' dir='ltr'>lasserat,</span> <span class='ocrx_word' id='word_1_127' title='bbox 1543 1825 1776 1880; x_wconf 82' lang='lat' dir='ltr'>veniam</span> <span class='ocrx_word' id='word_1_128' title='bbox 1826 1841 2032 1880; x_wconf 83' lang='lat' dir='ltr'>exora-</span> 
     </span>
    </p>
   </div>
   <div class='ocr_carea' id='block_1_21' title="bbox 375 1915 2027 1986">
    <p class='ocr_par' dir='ltr' id='par_1_21' title="bbox 375 1915 2027 1986">
     <span class='ocr_line' id='line_1_21' title="bbox 375 1915 2027 1986; baseline -0.001 -14"><span class='ocrx_word' id='word_1_129' title='bbox 375 1917 540 1973; x_wconf 87' lang='lat' dir='ltr'>bant.</span> <span class='ocrx_word' id='word_1_130' title='bbox 576 1916 949 1986; x_wconf 88' lang='lat' dir='ltr'>Transiitque</span> <span class='ocrx_word' id='word_1_131' title='bbox 981 1932 1109 1971; x_wconf 92' lang='lat' dir='ltr'>mos</span> <span class='ocrx_word' id='word_1_132' title='bbox 1142 1917 1251 1970; x_wconf 90' lang='lat' dir='ltr'>iste</span> <span class='ocrx_word' id='word_1_133' title='bbox 1306 1916 1366 1970; x_wconf 89' lang='lat' dir='ltr'>in</span> <span class='ocrx_word' id='word_1_134' title='bbox 1396 1915 1639 1983; x_wconf 90' lang='lat' dir='ltr'>liberos,</span> <span class='ocrx_word' id='word_1_135' title='bbox 1674 1932 1864 1986; x_wconf 82' lang='lat' dir='ltr'>exque</span> <span class='ocrx_word' id='word_1_136' title='bbox 1906 1915 2027 1970; x_wconf 89' lang='lat' dir='ltr'>illis</span> 
     </span>
    </p>
   </div>
   <div class='ocr_carea' id='block_1_22' title="bbox 374 2005 2030 2077">
    <p class='ocr_par' dir='ltr' id='par_1_22' title="bbox 374 2005 2030 2077">
     <span class='ocr_line' id='line_1_22' title="bbox 374 2005 2030 2077; baseline -0.001 -16"><span class='ocrx_word' id='word_1_137' title='bbox 374 2006 438 2061; x_wconf 90' lang='lat' dir='ltr'>in</span> <span class='ocrx_word' id='word_1_138' title='bbox 468 2006 639 2072; x_wconf 87' lang='lat' dir='ltr'>alios,</span> <span class='ocrx_word' id='word_1_139' title='bbox 673 2006 748 2061; x_wconf 93' lang='lat' dir='ltr'>ad</span> <span class='ocrx_word' id='word_1_140' title='bbox 770 2022 960 2076; x_wconf 90' lang='lat' dir='ltr'>usque</span> <span class='ocrx_word' id='word_1_141' title='bbox 988 2011 1223 2077; x_wconf 88' lang='lat' dir='ltr'>tempus</span> <span class='ocrx_word' id='word_1_142' title='bbox 1257 2005 1514 2065; x_wconf 86' lang='lat' dir='ltr'>Valentis</span> <span class='ocrx_word' id='word_1_143' title='bbox 1554 2005 1780 2063; x_wconf 86' lang='lat' dir='ltr'>Ariani.</span> <span class='ocrx_word' id='word_1_144' title='bbox 1823 2005 2030 2065; x_wconf 81' lang='lat' dir='ltr'>Ariani</span> 
     </span>
    </p>
   </div>
   <div class='ocr_carea' id='block_1_23' title="bbox 374 2094 2027 2171">
    <p class='ocr_par' dir='ltr' id='par_1_23' title="bbox 374 2094 2027 2171">
     <span class='ocr_line' id='line_1_23' title="bbox 374 2094 2027 2171; baseline -0.001 -20"><span class='ocrx_word' id='word_1_145' title='bbox 374 2096 601 2168; x_wconf 86' lang='lat' dir='ltr'>itaque,</span> <span class='ocrx_word' id='word_1_146' title='bbox 635 2112 758 2150; x_wconf 89' lang='lat' dir='ltr'>non</span> <span class='ocrx_word' id='word_1_147' title='bbox 788 2095 1048 2149; x_wconf 90' lang='lat' dir='ltr'>ferentes</span> <span class='ocrx_word' id='word_1_148' title='bbox 1085 2111 1263 2171; x_wconf 88' lang='lat' dir='ltr'>quam</span> <span class='ocrx_word' id='word_1_149' title='bbox 1294 2112 1329 2150; x_wconf 89' lang='lat' dir='ltr'>a</span> <span class='ocrx_word' id='word_1_150' title='bbox 1357 2095 1746 2150; x_wconf 88' lang='lat' dir='ltr'>Constantino</span> <span class='ocrx_word' id='word_1_151' title='bbox 1796 2094 2027 2151; x_wconf 88' lang='lat' dir='ltr'>cladem</span> 
     </span>
    </p>
   </div>
   <div class='ocr_carea' id='block_1_24' title="bbox 377 2183 2027 2270">
    <p class='ocr_par' dir='ltr' id='par_1_24' title="bbox 377 2183 2027 2270">
     <span class='ocr_line' id='line_1_24' title="bbox 377 2183 2027 2270; baseline -0.003 -27"><span class='ocrx_word' id='word_1_152' title='bbox 377 2189 749 2270; x_wconf 85' lang='lat' dir='ltr'>acceperant,</span> <span class='ocrx_word' id='word_1_153' title='bbox 781 2184 843 2239; x_wconf 90' lang='lat' dir='ltr'>in</span> <span class='ocrx_word' id='word_1_154' title='bbox 874 2202 943 2241; x_wconf 91' lang='lat' dir='ltr'>ea</span> <span class='ocrx_word' id='word_1_155' title='bbox 973 2202 1153 2257; x_wconf 90' lang='lat' dir='ltr'>quam</span> <span class='ocrx_word' id='word_1_156' title='bbox 1195 2184 1451 2240; x_wconf 83' lang='lat' dir='ltr'>diximus</span> <span class='ocrx_word' id='word_1_157' title='bbox 1484 2183 1859 2258; x_wconf 85' lang='lat' dir='ltr'>quadruplici</span> <span class='ocrx_word' id='word_1_158' title='bbox 1891 2201 2027 2257; x_wconf 88' lang='lat' dir='ltr'>por-</span> 
     </span>
    </p>
   </div>
   <div class='ocr_carea' id='block_1_25' title="bbox 379 2272 2036 2349">
    <p class='ocr_par' dir='ltr' id='par_1_25' title="bbox 379 2272 2036 2349">
     <span class='ocr_line' id='line_1_25' title="bbox 379 2272 2036 2349; baseline 0.001 -20"><span class='ocrx_word' id='word_1_159' title='bbox 379 2272 522 2344; x_wconf 79' lang='lat' dir='ltr'>ticn,</span> <span class='ocrx_word' id='word_1_160' title='bbox 551 2273 625 2329; x_wconf 90' lang='lat' dir='ltr'>ad</span> <span class='ocrx_word' id='word_1_161' title='bbox 657 2273 845 2330; x_wconf 82' lang='lat' dir='ltr'>sancti</span> <span class='ocrx_word' id='word_1_162' title='bbox 904 2273 1195 2330; x_wconf 89' lang='lat' dir='ltr'>Theodori</span> <span class='ocrx_word' id='word_1_163' title='bbox 1218 2273 1529 2349; x_wconf 82' lang='lat' dir='ltr'>templum,</span> <span class='ocrx_word' id='word_1_164' title='bbox 1587 2279 1814 2330; x_wconf 86' lang='lat' dir='ltr'>statuas</span> <span class='ocrx_word' id='word_1_165' title='bbox 1871 2279 2036 2330; x_wconf 89' lang='lat' dir='ltr'>terra</span> 
     </span>
    </p>
   </div>
   <div class='ocr_carea' id='block_1_26' title="bbox 384 2364 736 2421">
    <p class='ocr_par' dir='ltr' id='par_1_26' title="bbox 384 2364 736 2421">
     <span class='ocr_line' id='line_1_26' title="bbox 384 2364 736 2421; baseline 0 0"><span class='ocrx_word' id='word_1_166' title='bbox 384 2364 736 2421; x_wconf 87' lang='lat' dir='ltr'>obruerunt.</span> 
     </span>
    </p>
   </div>
   <div class='ocr_carea' id='block_1_27' title="bbox 2153 573 3801 655">
    <p class='ocr_par' dir='ltr' id='par_1_27' title="bbox 2153 573 3801 655">
     <span class='ocr_line' id='line_1_27' title="bbox 2153 573 3801 655; baseline -0.008 -12"><span class='ocrx_word' id='word_1_167' title='bbox 2153 573 2450 651; x_wconf 77' lang='grc' dir='ltr'>Ἡρόδοτος</span> <span class='ocrx_word' id='word_1_168' title='bbox 2505 575 2597 635; x_wconf 75' lang='grc' dir='ltr'>καὶ</span> <span class='ocrx_word' id='word_1_169' title='bbox 2684 575 3007 641; x_wconf 79' lang='grc' dir='ltr'>Ἱππόλυτος</span> <span class='ocrx_word' id='word_1_170' title='bbox 3093 576 3469 655; x_wconf 63' lang='grc' dir='ltr'>χρονογράφοι</span> <span class='ocrx_word' id='word_1_171' title='bbox 3551 573 3801 655; x_wconf 75' lang='grc' dir='ltr'>λέγουσιν</span> 
     </span>
    </p>
   </div>
   <div class='ocr_carea' id='block_1_28' title="bbox 2154 662 3805 745">
    <p class='ocr_par' dir='ltr' id='par_1_28' title="bbox 2154 662 3805 745">
     <span class='ocr_line' id='line_1_28' title="bbox 2154 662 3805 745; baseline -0.001 -24"><span class='ocrx_word' id='word_1_172' title='bbox 2154 664 2662 744; x_wconf 72' lang='grc' dir='ltr'>ἀποκεφαλισθῆναι</span> <span class='ocrx_word' id='word_1_173' title='bbox 2697 664 2802 729; x_wconf 76' lang='grc' dir='ltr'>ὑπὸ</span> <span class='ocrx_word' id='word_1_174' title='bbox 2832 670 2930 722; x_wconf 85' lang='grc' dir='ltr'>τοῦ</span> <span class='ocrx_word' id='word_1_175' title='bbox 2979 664 3204 742; x_wconf 81' lang='grc' dir='ltr'>πατρός’</span> <span class='ocrx_word' id='word_1_176' title='bbox 3266 665 3324 723; x_wconf 73' lang='grc' dir='ltr'>’ἐν</span> <span class='ocrx_word' id='word_1_177' title='bbox 3382 662 3473 721; x_wconf 81' lang='grc' dir='ltr'>καὶ</span> <span class='ocrx_word' id='word_1_178' title='bbox 3537 662 3805 745; x_wconf 80' lang='grc' dir='ltr'>λυπηθεὶς</span> 
     </span>
    </p>
   </div>
   <div class='ocr_carea' id='block_1_29' title="bbox 2154 752 3803 829">
    <p class='ocr_par' dir='ltr' id='par_1_29' title="bbox 2154 752 3803 829">
     <span class='ocr_line' id='line_1_29' title="bbox 2154 752 3803 829; baseline 0.001 -22"><span class='ocrx_word' id='word_1_179' title='bbox 2154 753 2182 807; x_wconf 87' lang='grc' dir='ltr'>ὁ</span> <span class='ocrx_word' id='word_1_180' title='bbox 2212 755 2392 829; x_wconf 78' lang='grc' dir='ltr'>πατὴρ</span> <span class='ocrx_word' id='word_1_181' title='bbox 2427 754 2738 827; x_wconf 81' lang='grc' dir='ltr'>μετενόησε,</span> <span class='ocrx_word' id='word_1_182' title='bbox 2795 755 2887 810; x_wconf 83' lang='grc' dir='ltr'>καὶ</span> <span class='ocrx_word' id='word_1_183' title='bbox 2947 752 3200 810; x_wconf 77' lang='grc' dir='ltr'>ἔκλαυσεν</span> <span class='ocrx_word' id='word_1_184' title='bbox 3232 752 3316 808; x_wconf 77' lang='grc' dir='ltr'>ἐπ’</span> <span class='ocrx_word' id='word_1_185' title='bbox 3368 753 3515 825; x_wconf 81' lang='grc' dir='ltr'>αὐτῷ</span> <span class='ocrx_word' id='word_1_186' title='bbox 3549 754 3626 829; x_wconf 84' lang='grc' dir='ltr'>μ’,</span> <span class='ocrx_word' id='word_1_187' title='bbox 3656 755 3803 829; x_wconf 78' lang='grc' dir='ltr'>ἡμέο</span> 
     </span>
    </p>
   </div>
   <div class='ocr_carea' id='block_1_30' title="bbox 2154 839 3801 920">
    <p class='ocr_par' dir='ltr' id='par_1_30' title="bbox 2154 839 3801 920">
     <span class='ocr_line' id='line_1_30' title="bbox 2154 839 3801 920; baseline -0.001 -22"><span class='ocrx_word' id='word_1_188' title='bbox 2154 863 2270 918; x_wconf 85' lang='grc' dir='ltr'>ρας,</span> <span class='ocrx_word' id='word_1_189' title='bbox 2301 843 2376 907; x_wconf 84' lang='grc' dir='ltr'>ὡς</span> <span class='ocrx_word' id='word_1_190' title='bbox 2409 845 2437 898; x_wconf 83' lang='grc' dir='ltr'>ὁ</span> <span class='ocrx_word' id='word_1_191' title='bbox 2466 843 2631 919; x_wconf 83' lang='grc' dir='ltr'>λόγος</span> <span class='ocrx_word' id='word_1_192' title='bbox 2678 839 2821 920; x_wconf 75' lang='grc' dir='ltr'>ἔχει,</span> <span class='ocrx_word' id='word_1_193' title='bbox 2884 845 2959 918; x_wconf 78' lang='grc' dir='ltr'>μή</span> <span class='ocrx_word' id='word_1_194' title='bbox 3019 845 3356 916; x_wconf 77' lang='grc' dir='ltr'>λουσάμενος</span> <span class='ocrx_word' id='word_1_195' title='bbox 3387 844 3448 898; x_wconf 88' lang='grc' dir='ltr'>τὸ</span> <span class='ocrx_word' id='word_1_196' title='bbox 3506 848 3685 916; x_wconf 82' lang='grc' dir='ltr'>σῶμα,</span> <span class='ocrx_word' id='word_1_197' title='bbox 3723 844 3801 918; x_wconf 87' lang='grc' dir='ltr'>μὴ</span> 
     </span>
    </p>
   </div>
   <div class='ocr_carea' id='block_1_31' title="bbox 2150 930 3803 1009">
    <p class='ocr_par' dir='ltr' id='par_1_31' title="bbox 2150 930 3803 1009">
     <span class='ocr_line' id='line_1_31' title="bbox 2150 930 3803 1009; baseline 0 -23"><span class='ocrx_word' id='word_1_198' title='bbox 2150 931 2418 1006; x_wconf 70' lang='grc' dir='ltr'>ἀναψύξας</span> <span class='ocrx_word' id='word_1_199' title='bbox 2451 931 2503 989; x_wconf 80' lang='grc' dir='ltr'>ἐν</span> <span class='ocrx_word' id='word_1_200' title='bbox 2534 933 2707 1009; x_wconf 80' lang='grc' dir='ltr'>κοίτῃ.</span> <span class='ocrx_word' id='word_1_201' title='bbox 2745 932 3006 1005; x_wconf 76' lang='grc' dir='ltr'>Ἐποίησε</span> <span class='ocrx_word' id='word_1_202' title='bbox 3057 930 3115 989; x_wconf 74' lang='grc' dir='ltr'>δὲ</span> <span class='ocrx_word' id='word_1_203' title='bbox 3169 944 3269 1003; x_wconf 84' lang='grc' dir='ltr'>την</span> <span class='ocrx_word' id='word_1_204' title='bbox 3304 930 3513 1003; x_wconf 72' lang='grc' dir='ltr'>στήλην</span> <span class='ocrx_word' id='word_1_205' title='bbox 3546 932 3595 1006; x_wconf 80' lang='grc' dir='ltr'>ἐξ</span> <span class='ocrx_word' id='word_1_206' title='bbox 3630 933 3803 1009; x_wconf 77' lang='grc' dir='ltr'>ἀργύ-</span> 
     </span>
    </p>
   </div>
   <div class='ocr_carea' id='block_1_32' title="bbox 2152 1020 3800 1103">
    <p class='ocr_par' dir='ltr' id='par_1_32' title="bbox 2152 1020 3800 1103">
     <span class='ocr_line' id='line_1_32' title="bbox 2152 1020 3800 1103; baseline -0.001 -27"><span class='ocrx_word' id='word_1_207' title='bbox 2152 1042 2249 1103; x_wconf 88' lang='grc' dir='ltr'>ρου</span> <span class='ocrx_word' id='word_1_208' title='bbox 2281 1026 2541 1100; x_wconf 76' lang='grc' dir='ltr'>καθαροῦ,</span> <span class='ocrx_word' id='word_1_209' title='bbox 2578 1022 2750 1103; x_wconf 62' lang='grc' dir='ltr'>βάψας</span> <span class='ocrx_word' id='word_1_210' title='bbox 2808 1023 2975 1094; x_wconf 77' lang='grc' dir='ltr'>αὐτὴν</span> <span class='ocrx_word' id='word_1_211' title='bbox 3033 1028 3245 1100; x_wconf 75' lang='grc' dir='ltr'>χρυσῷ.</span> <span class='ocrx_word' id='word_1_212' title='bbox 3275 1023 3386 1093; x_wconf 72' lang='grc' dir='ltr'>Τὴν</span> <span class='ocrx_word' id='word_1_213' title='bbox 3447 1020 3506 1077; x_wconf 79' lang='grc' dir='ltr'>δὶ</span> <span class='ocrx_word' id='word_1_214' title='bbox 3552 1021 3800 1097; x_wconf 72' lang='grc' dir='ltr'>κεφαλὴν</span> 
     </span>
    </p>
   </div>
   <div class='ocr_carea' id='block_1_33' title="bbox 2154 1109 3802 1188">
    <p class='ocr_par' dir='ltr' id='par_1_33' title="bbox 2154 1109 3802 1188">
     <span class='ocr_line' id='line_1_33' title="bbox 2154 1109 3802 1188; baseline 0 -23"><span class='ocrx_word' id='word_1_215' title='bbox 2154 1109 2323 1185; x_wconf 83' lang='grc' dir='ltr'>μόνην</span> <span class='ocrx_word' id='word_1_216' title='bbox 2355 1110 2414 1166; x_wconf 81' lang='grc' dir='ltr'>ἐκ</span> <span class='ocrx_word' id='word_1_217' title='bbox 2444 1110 2695 1187; x_wconf 84' lang='grc' dir='ltr'>χρυσίου,</span> <span class='ocrx_word' id='word_1_218' title='bbox 2755 1110 2964 1173; x_wconf 78' lang='grc' dir='ltr'>τελείου</span> <span class='ocrx_word' id='word_1_219' title='bbox 3034 1115 3345 1188; x_wconf 79' lang='grc' dir='ltr'>γράφουσαν</span> <span class='ocrx_word' id='word_1_220' title='bbox 3376 1109 3426 1166; x_wconf 76' lang='grc' dir='ltr'>ἐν</span> <span class='ocrx_word' id='word_1_221' title='bbox 3485 1113 3565 1183; x_wconf 73' lang='grc' dir='ltr'>τῷ</span> <span class='ocrx_word' id='word_1_222' title='bbox 3625 1130 3802 1183; x_wconf 87' lang='grc' dir='ltr'>μετω-</span> 
     </span>
    </p>
   </div>
   <div class='ocr_carea' id='block_1_34' title="bbox 2148 1197 3793 1275">
    <p class='ocr_par' dir='ltr' id='par_1_34' title="bbox 2148 1197 3793 1275">
     <span class='ocr_line' id='line_1_34' title="bbox 2148 1197 3793 1275; baseline 0.001 -22"><span class='ocrx_word' id='word_1_223' title='bbox 2148 1197 2335 1273; x_wconf 83' lang='grc' dir='ltr'>πιδίῳ’</span> <span class='ocrx_word' id='word_1_224' title='bbox 2396 1201 2457 1257; x_wconf 89' lang='grc' dir='ltr'>Ὁ</span> <span class='ocrx_word' id='word_1_225' title='bbox 2503 1198 2839 1275; x_wconf 79' lang='grc' dir='ltr'>ἠδικημένος</span> <span class='ocrx_word' id='word_1_226' title='bbox 2895 1200 3012 1264; x_wconf 75' lang='grc' dir='ltr'>υἱὸς</span> <span class='ocrx_word' id='word_1_227' title='bbox 3081 1204 3204 1275; x_wconf 89' lang='grc' dir='ltr'>μοῦ.</span> <span class='ocrx_word' id='word_1_228' title='bbox 3265 1199 3481 1270; x_wconf 67' lang='grc' dir='ltr'>Ταύτην</span> <span class='ocrx_word' id='word_1_229' title='bbox 3556 1199 3793 1268; x_wconf 81' lang='grc' dir='ltr'>στείλας,</span> 
     </span>
    </p>
   </div>
   <div class='ocr_carea' id='block_1_35' title="bbox 2152 1288 3802 1432">
    <p class='ocr_par' dir='ltr' id='par_1_35' title="bbox 2152 1288 3802 1432">
     <span class='ocr_line' id='line_1_35' title="bbox 2152 1288 3802 1432; baseline 0 -90"><span class='ocrx_word' id='word_1_230' title='bbox 2152 1288 2435 1362; x_wconf 81' lang='grc' dir='ltr'>μετάνοιαν</span> <span class='ocrx_word' id='word_1_231' title='bbox 2470 1288 2656 1432; x_wconf 58' lang='lat' dir='ltr'>Eadd»:</span> <span class='ocrx_word' id='word_1_232' title='bbox 2685 1288 2930 1366; x_wconf 80' lang='grc' dir='ltr'>ἐλιπάρει</span> <span class='ocrx_word' id='word_1_233' title='bbox 2989 1294 3125 1362; x_wconf 80' lang='grc' dir='ltr'>Θεῷ,</span> <span class='ocrx_word' id='word_1_234' title='bbox 3176 1288 3309 1362; x_wconf 69' lang='grc' dir='ltr'>ὑπὲρ</span> <span class='ocrx_word' id='word_1_235' title='bbox 3371 1290 3446 1343; x_wconf 58' lang='grc' dir='ltr'>ὧν</span> <span class='ocrx_word' id='word_1_236' title='bbox 3498 1288 3802 1362; x_wconf 82' lang='grc' dir='ltr'>ἐπλημμέ-</span> 
     </span>
     <span class='ocr_line' id='line_1_36' title="bbox 2152 1372 3797 1432; baseline 0 0"><span class='ocrx_word' id='word_1_237' title='bbox 2152 1386 2334 1432; x_wconf 74' lang='grc' dir='ltr'>Αησεν.</span> <span class='ocrx_word' id='word_1_238' title='bbox 2371 1378 2437 1432; x_wconf 72' lang='grc' dir='ltr'><strong>Αἱ</strong></span> <span class='ocrx_word' id='word_1_239' title='bbox 2502 1377 2749 1432; x_wconf 76' lang='grc' dir='ltr'>ὲλοιπαί</span> <span class='ocrx_word' id='word_1_240' title='bbox 2792 1377 2830 1432; x_wconf 85' lang='grc' dir='ltr'>ε’</span> <span class='ocrx_word' id='word_1_241' title='bbox 2886 1378 3084 1432; x_wconf 73' lang='grc' dir='ltr'>στῆλαι</span> <span class='ocrx_word' id='word_1_242' title='bbox 3150 1377 3460 1432; x_wconf 81' lang='grc' dir='ltr'>ὑπάογουσι</span> <span class='ocrx_word' id='word_1_243' title='bbox 3525 1372 3797 1432; x_wconf 70' lang='grc' dir='ltr'>Σεϐἤοου.</span> 
     </span>
    </p>
   </div>
   <div class='ocr_carea' id='block_1_36' title="bbox 2149 1372 3797 1453">
    <p class='ocr_par' dir='ltr' id='par_1_36' title="bbox 2149 1372 3797 1453">
     <span class='ocr_line' id='line_1_37' title="bbox 2149 1372 3797 1453; baseline 0.001 -22"><span class='ocrx_word' id='word_1_244' title='bbox 2149 1386 2334 1449; x_wconf 72' lang='grc' dir='ltr'>Αησεν,</span> <span class='ocrx_word' id='word_1_245' title='bbox 2371 1378 2437 1435; x_wconf 72' lang='grc' dir='ltr'><strong>Αἱ</strong></span> <span class='ocrx_word' id='word_1_246' title='bbox 2470 1372 2526 1432; x_wconf 76' lang='grc' dir='ltr'>δὲ</span> <span class='ocrx_word' id='word_1_247' title='bbox 2559 1377 2749 1437; x_wconf 84' lang='grc' dir='ltr'>λοιπαὶ</span> <span class='ocrx_word' id='word_1_248' title='bbox 2792 1377 2830 1432; x_wconf 86' lang='grc' dir='ltr'>ε’</span> <span class='ocrx_word' id='word_1_249' title='bbox 2886 1378 3084 1447; x_wconf 81' lang='grc' dir='ltr'>στῆλαι</span> <span class='ocrx_word' id='word_1_250' title='bbox 3150 1377 3460 1453; x_wconf 79' lang='grc' dir='ltr'>ὑπάρχουσι</span> <span class='ocrx_word' id='word_1_251' title='bbox 3525 1372 3797 1451; x_wconf 80' lang='grc' dir='ltr'>Σεϐήρου,</span> 
     </span>
    </p>
   </div>
   <div class='ocr_carea' id='block_1_37' title="bbox 2147 1464 3802 1543">
    <p class='ocr_par' dir='ltr' id='par_1_37' title="bbox 2147 1464 3802 1543">
     <span class='ocr_line' id='line_1_38' title="bbox 2147 1464 3802 1543; baseline 0 -21"><span class='ocrx_word' id='word_1_252' title='bbox 2147 1466 2448 1543; x_wconf 83' lang='grc' dir='ltr'>Ἀρμάτου,</span> <span class='ocrx_word' id='word_1_253' title='bbox 2498 1467 2832 1540; x_wconf 80' lang='grc' dir='ltr'>Ξευξίππου,</span> <span class='ocrx_word' id='word_1_254' title='bbox 2892 1465 3227 1541; x_wconf 78' lang='grc' dir='ltr'>ΒηγΑεντίου</span> <span class='ocrx_word' id='word_1_255' title='bbox 3282 1471 3380 1522; x_wconf 87' lang='grc' dir='ltr'>τοῦ</span> <span class='ocrx_word' id='word_1_256' title='bbox 3416 1468 3485 1522; x_wconf 75' lang='grc' dir='ltr'>τὰ</span> <span class='ocrx_word' id='word_1_257' title='bbox 3517 1464 3802 1543; x_wconf 82' lang='grc' dir='ltr'>Βιγλέντια</span> 
     </span>
    </p>
   </div>
   <div class='ocr_carea' id='block_1_38' title="bbox 2143 1553 3800 1632">
    <p class='ocr_par' dir='ltr' id='par_1_38' title="bbox 2143 1553 3800 1632">
     <span class='ocr_line' id='line_1_39' title="bbox 2143 1553 3800 1632; baseline 0.001 -23"><span class='ocrx_word' id='word_1_258' title='bbox 2143 1553 2448 1628; x_wconf 79' lang='grc' dir='ltr'>κτίσαντος,</span> <span class='ocrx_word' id='word_1_259' title='bbox 2502 1555 2593 1612; x_wconf 84' lang='grc' dir='ltr'>καὶ</span> <span class='ocrx_word' id='word_1_260' title='bbox 2643 1555 3010 1632; x_wconf 86' lang='grc' dir='ltr'>Ἐλευθερίου,</span> <span class='ocrx_word' id='word_1_261' title='bbox 3036 1559 3134 1611; x_wconf 82' lang='grc' dir='ltr'>τοῦ</span> <span class='ocrx_word' id='word_1_262' title='bbox 3183 1555 3260 1620; x_wconf 86' lang='grc' dir='ltr'>είς</span> <span class='ocrx_word' id='word_1_263' title='bbox 3318 1555 3410 1611; x_wconf 85' lang='grc' dir='ltr'>τὸν</span> <span class='ocrx_word' id='word_1_264' title='bbox 3480 1559 3700 1611; x_wconf 83' lang='grc' dir='ltr'>σενᾶτον</span> <span class='ocrx_word' id='word_1_265' title='bbox 3733 1557 3800 1610; x_wconf 87' lang='grc' dir='ltr'>τὸ</span> 
     </span>
    </p>
   </div>
   <div class='ocr_carea' id='block_1_39' title="bbox 2142 1643 3800 1723">
    <p class='ocr_par' dir='ltr' id='par_1_39' title="bbox 2142 1643 3800 1723">
     <span class='ocr_line' id='line_1_40' title="bbox 2142 1643 3800 1723; baseline 0.001 -24"><span class='ocrx_word' id='word_1_266' title='bbox 2142 1643 2406 1701; x_wconf 79' lang='grc' dir='ltr'>παλάτιον</span> <span class='ocrx_word' id='word_1_267' title='bbox 2464 1646 2762 1709; x_wconf 87' lang='grc' dir='ltr'>κτίσαντος.</span> <span class='ocrx_word' id='word_1_268' title='bbox 2816 1646 2980 1703; x_wconf 80' lang='grc' dir='ltr'>Οὗτοι</span> <span class='ocrx_word' id='word_1_269' title='bbox 3040 1644 3239 1708; x_wconf 76' lang='grc' dir='ltr'>πάντες</span> <span class='ocrx_word' id='word_1_270' title='bbox 3279 1644 3417 1723; x_wconf 75' lang='grc' dir='ltr'>ξίφει</span> <span class='ocrx_word' id='word_1_271' title='bbox 3488 1643 3800 1720; x_wconf 79' lang='grc' dir='ltr'>παρεδόθη-</span> 
     </span>
    </p>
   </div>
   <div class='ocr_carea' id='block_1_40' title="bbox 2143 1732 3794 1812">
    <p class='ocr_par' dir='ltr' id='par_1_40' title="bbox 2143 1732 3794 1812">
     <span class='ocr_line' id='line_1_41' title="bbox 2143 1732 3794 1812; baseline 0 -23"><span class='ocrx_word' id='word_1_272' title='bbox 2143 1756 2262 1807; x_wconf 88' lang='grc' dir='ltr'>σαν,</span> <span class='ocrx_word' id='word_1_273' title='bbox 2293 1734 2382 1790; x_wconf 73' lang='lat' dir='ltr'>mi</span> <span class='ocrx_word' id='word_1_274' title='bbox 2416 1734 2518 1790; x_wconf 82' lang='grc' dir='ltr'>ὑπὸ</span> <span class='ocrx_word' id='word_1_275' title='bbox 2567 1733 2931 1807; x_wconf 82' lang='grc' dir='ltr'>ἀδικήσαντος</span> <span class='ocrx_word' id='word_1_276' title='bbox 2990 1732 3385 1806; x_wconf 78' lang='grc' dir='ltr'>στηλωθέντες,</span> <span class='ocrx_word' id='word_1_277' title='bbox 3435 1734 3794 1812; x_wconf 79' lang='grc' dir='ltr'>συγχώρησιν</span> 
     </span>
    </p>
   </div>
   <div class='ocr_carea' id='block_1_41' title="bbox 2141 1819 3794 1898">
    <p class='ocr_par' dir='ltr' id='par_1_41' title="bbox 2141 1819 3794 1898">
     <span class='ocr_line' id='line_1_42' title="bbox 2141 1819 3794 1898; baseline -0.001 -20"><span class='ocrx_word' id='word_1_278' title='bbox 2141 1824 2287 1898; x_wconf 86' lang='grc' dir='ltr'>παρά</span> <span class='ocrx_word' id='word_1_279' title='bbox 2314 1827 2412 1878; x_wconf 92' lang='grc' dir='ltr'>τοῦ</span> <span class='ocrx_word' id='word_1_280' title='bbox 2463 1822 2977 1898; x_wconf 82' lang='grc' dir='ltr'>πλημμελήσαντος</span> <span class='ocrx_word' id='word_1_281' title='bbox 3036 1822 3438 1883; x_wconf 79' lang='grc' dir='ltr'>ἐδυσωποῦντο.</span> <span class='ocrx_word' id='word_1_282' title='bbox 3470 1819 3794 1897; x_wconf 67' lang='grc' dir='ltr'>Παρέλαϐον</span> 
     </span>
    </p>
   </div>
   <div class='ocr_carea' id='block_1_42' title="bbox 2138 1910 3797 1983">
    <p class='ocr_par' dir='ltr' id='par_1_42' title="bbox 2138 1910 3797 1983">
     <span class='ocr_line' id='line_1_43' title="bbox 2138 1910 3797 1983; baseline -0.001 -16"><span class='ocrx_word' id='word_1_283' title='bbox 2138 1910 2195 1967; x_wconf 74' lang='grc' dir='ltr'>δὲ</span> <span class='ocrx_word' id='word_1_284' title='bbox 2219 1912 2403 1969; x_wconf 77' lang='grc' dir='ltr'>καὶτὰ</span> <span class='ocrx_word' id='word_1_285' title='bbox 2433 1912 2609 1969; x_wconf 80' lang='grc' dir='ltr'>οἰκεῖα</span> <span class='ocrx_word' id='word_1_286' title='bbox 2635 1915 2796 1969; x_wconf 83' lang='grc' dir='ltr'>τέκνα</span> <span class='ocrx_word' id='word_1_287' title='bbox 2835 1918 2998 1969; x_wconf 82' lang='grc' dir='ltr'>τοῦτο</span> <span class='ocrx_word' id='word_1_288' title='bbox 3030 1913 3160 1969; x_wconf 81' lang='grc' dir='ltr'>αὐτὸ</span> <span class='ocrx_word' id='word_1_289' title='bbox 3209 1918 3407 1983; x_wconf 83' lang='grc' dir='ltr'>ποιεῖν,</span> <span class='ocrx_word' id='word_1_290' title='bbox 3438 1913 3532 1968; x_wconf 86' lang='grc' dir='ltr'>καὶ</span> <span class='ocrx_word' id='word_1_291' title='bbox 3562 1912 3623 1968; x_wconf 79' lang='grc' dir='ltr'>ἐκ</span> <span class='ocrx_word' id='word_1_292' title='bbox 3664 1912 3797 1968; x_wconf 72' lang='grc' dir='ltr'>τοῦ-</span> 
     </span>
    </p>
   </div>
   <div class='ocr_carea' id='block_1_43' title="bbox 2140 1998 3793 2079">
    <p class='ocr_par' dir='ltr' id='par_1_43' title="bbox 2140 1998 3793 2079">
     <span class='ocr_line' id='line_1_44' title="bbox 2140 1998 3793 2079; baseline -0.001 -22"><span class='ocrx_word' id='word_1_293' title='bbox 2140 2023 2248 2067; x_wconf 78' lang='grc' dir='ltr'>των</span> <span class='ocrx_word' id='word_1_294' title='bbox 2280 2000 2509 2075; x_wconf 76' lang='grc' dir='ltr'>πολλοὶ,</span> <span class='ocrx_word' id='word_1_295' title='bbox 2540 1998 2642 2067; x_wconf 77' lang='grc' dir='ltr'>ἕως</span> <span class='ocrx_word' id='word_1_296' title='bbox 2683 2002 2876 2074; x_wconf 81' lang='grc' dir='ltr'>Οὗαλῆ</span> <span class='ocrx_word' id='word_1_297' title='bbox 2907 2008 3014 2059; x_wconf 83' lang='grc' dir='ltr'>τῶν</span> <span class='ocrx_word' id='word_1_298' title='bbox 3076 2005 3359 2079; x_wconf 85' lang='grc' dir='ltr'>Ἀρειανοῦ</span> <span class='ocrx_word' id='word_1_299' title='bbox 3421 2004 3534 2076; x_wconf 59' lang='lat' dir='ltr'>[ten</span> <span class='ocrx_word' id='word_1_300' title='bbox 3570 2006 3793 2078; x_wconf 78' lang='grc' dir='ltr'>Ἀρεια-</span> 
     </span>
    </p>
   </div>
   <div class='ocr_carea' id='block_1_44' title="bbox 2141 2090 3791 2171">
    <p class='ocr_par' dir='ltr' id='par_1_44' title="bbox 2141 2090 3791 2171">
     <span class='ocr_line' id='line_1_45' title="bbox 2141 2090 3791 2171; baseline -0.001 -23"><span class='ocrx_word' id='word_1_301' title='bbox 2141 2091 2275 2166; x_wconf 87' lang='grc' dir='ltr'>νόν].</span> <span class='ocrx_word' id='word_1_302' title='bbox 2310 2094 2379 2149; x_wconf 74' lang='grc' dir='ltr'>Οἱ</span> <span class='ocrx_word' id='word_1_303' title='bbox 2410 2090 2501 2151; x_wconf 72' lang='grc' dir='ltr'>οὖν</span> <span class='ocrx_word' id='word_1_304' title='bbox 2562 2094 2853 2167; x_wconf 81' lang='grc' dir='ltr'>Ἀρειανοὶ,</span> <span class='ocrx_word' id='word_1_305' title='bbox 2889 2095 2966 2165; x_wconf 80' lang='grc' dir='ltr'>μὴ</span> <span class='ocrx_word' id='word_1_306' title='bbox 3026 2090 3279 2171; x_wconf 77' lang='grc' dir='ltr'>φέροντες</span> <span class='ocrx_word' id='word_1_307' title='bbox 3332 2094 3433 2162; x_wconf 81' lang='grc' dir='ltr'>τήν</span> <span class='ocrx_word' id='word_1_308' title='bbox 3491 2091 3655 2161; x_wconf 72' lang='grc' dir='ltr'>ἧτταν</span> <span class='ocrx_word' id='word_1_309' title='bbox 3687 2093 3791 2162; x_wconf 76' lang='grc' dir='ltr'>τήν</span> 
     </span>
    </p>
   </div>
   <div class='ocr_carea' id='block_1_45' title="bbox 2144 2177 3789 2259">
    <p class='ocr_par' dir='ltr' id='par_1_45' title="bbox 2144 2177 3789 2259">
     <span class='ocr_line' id='line_1_46' title="bbox 2144 2177 3789 2259; baseline -0.001 -23"><span class='ocrx_word' id='word_1_310' title='bbox 2144 2178 2234 2237; x_wconf 75' lang='grc' dir='ltr'>διὰ</span> <span class='ocrx_word' id='word_1_311' title='bbox 2264 2183 2695 2253; x_wconf 68' lang='grc' dir='ltr'>Κωνσταντίνου,</span> <span class='ocrx_word' id='word_1_312' title='bbox 2756 2180 2806 2237; x_wconf 80' lang='grc' dir='ltr'>ἐν</span> <span class='ocrx_word' id='word_1_313' title='bbox 2864 2187 2944 2257; x_wconf 77' lang='grc' dir='ltr'>τῷ</span> <span class='ocrx_word' id='word_1_314' title='bbox 3002 2182 3276 2259; x_wconf 80' lang='grc' dir='ltr'>εἰρημένῳ</span> <span class='ocrx_word' id='word_1_315' title='bbox 3328 2177 3656 2258; x_wconf 78' lang='grc' dir='ltr'>τετραδιοίῳ</span> <span class='ocrx_word' id='word_1_316' title='bbox 3689 2180 3789 2255; x_wconf 76' lang='grc' dir='ltr'>ἒμ-</span> 
     </span>
    </p>
   </div>
   <div class='ocr_carea' id='block_1_46' title="bbox 2143 2266 3795 2351">
    <p class='ocr_par' dir='ltr' id='par_1_46' title="bbox 2143 2266 3795 2351">
     <span class='ocr_line' id='line_1_47' title="bbox 2143 2266 3795 2351; baseline 0 -25"><span class='ocrx_word' id='word_1_317' title='bbox 2143 2266 2317 2351; x_wconf 78' lang='grc' dir='ltr'>ϐόλφ,</span> <span class='ocrx_word' id='word_1_318' title='bbox 2349 2271 2582 2344; x_wconf 85' lang='grc' dir='ltr'>πλησίον</span> <span class='ocrx_word' id='word_1_319' title='bbox 2613 2276 2710 2328; x_wconf 86' lang='grc' dir='ltr'>τοῦ</span> <span class='ocrx_word' id='word_1_320' title='bbox 2740 2272 2900 2351; x_wconf 83' lang='grc' dir='ltr'>ἁγίου</span> <span class='ocrx_word' id='word_1_321' title='bbox 2950 2270 3258 2349; x_wconf 83' lang='grc' dir='ltr'>Θεοδώρου,</span> <span class='ocrx_word' id='word_1_322' title='bbox 3307 2291 3507 2334; x_wconf 81' lang='grc' dir='ltr'>ταυτας</span> <span class='ocrx_word' id='word_1_323' title='bbox 3537 2270 3795 2346; x_wconf 80' lang='grc' dir='ltr'>κατέχω-</span> 
     </span>
    </p>
   </div>
   <div class='ocr_carea' id='block_1_47' title="bbox 2145 2382 2260 2418">
    <p class='ocr_par' dir='ltr' id='par_1_47' title="bbox 2145 2382 2260 2418">
     <span class='ocr_line' id='line_1_48' title="bbox 2145 2382 2260 2418; baseline 0.009 -1"><span class='ocrx_word' id='word_1_324' title='bbox 2145 2382 2260 2418; x_wconf 86' lang='grc' dir='ltr'>σαν.</span> 
     </span>
    </p>
   </div>
   <div class='ocr_carea' id='block_1_48' title="bbox 985 2522 3181 2644">
    <p class='ocr_par' dir='ltr' id='par_1_48' title="bbox 985 2522 3181 2644">
     <span class='ocr_line' id='line_1_49' title="bbox 985 2522 3181 2644; baseline 0.001 -19"><span class='ocrx_word' id='word_1_325' title='bbox 985 2570 1317 2641; x_wconf 80' lang='lat' dir='ltr'>Fragmenta</span> <span class='ocrx_word' id='word_1_326' title='bbox 1345 2585 1415 2626; x_wconf 77' lang='lat' dir='ltr'>ea:</span> <span class='ocrx_word' id='word_1_327' title='bbox 1434 2571 1557 2626; x_wconf 90' lang='lat' dir='ltr'>cod.</span> <span class='ocrx_word' id='word_1_328' title='bbox 1588 2587 1687 2631; x_wconf 87' lang='lat' dir='ltr'>ms.</span> <span class='ocrx_word' id='word_1_329' title='bbox 1722 2571 1986 2631; x_wconf 82' lang='lat' dir='ltr'>Biblioth.</span> <span class='ocrx_word' id='word_1_330' title='bbox 2025 2522 2410 2631; x_wconf 42' lang='lat' dir='ltr'>Hairimiliani</span> <span class='ocrx_word' id='word_1_331' title='bbox 2437 2570 2696 2628; x_wconf 82' lang='lat' dir='ltr'>Bavariae</span> <span class='ocrx_word' id='word_1_332' title='bbox 2718 2572 3016 2643; x_wconf 77' lang='lat' dir='ltr'>principis.</span> <span class='ocrx_word' id='word_1_333' title='bbox 3048 2571 3181 2644; x_wconf 79' lang='grc'>(14).</span> 
     </span>
    </p>
   </div>
   <div class='ocr_carea' id='block_1_49' title="bbox 481 2708 1919 2784">
    <p class='ocr_par' dir='ltr' id='par_1_49' title="bbox 481 2708 1919 2784">
     <span class='ocr_line' id='line_1_50' title="bbox 481 2708 1919 2784; baseline 0.001 -17"><span class='ocrx_word' id='word_1_334' title='bbox 481 2708 567 2767; x_wconf 74' lang='lat' dir='ltr'><em>Ex</em></span> <span class='ocrx_word' id='word_1_335' title='bbox 593 2712 885 2784; x_wconf 74' lang='lat' dir='ltr'>Hippolyti</span> <span class='ocrx_word' id='word_1_336' title='bbox 918 2711 1166 2769; x_wconf 80' lang='lat' dir='ltr'>Thebani</span> <span class='ocrx_word' id='word_1_337' title='bbox 1206 2713 1478 2769; x_wconf 83' lang='lat' dir='ltr'>Chronico</span> <span class='ocrx_word' id='word_1_338' title='bbox 1508 2715 1919 2779; x_wconf 78' lang='lat' dir='ltr'>commentario,</span> 
     </span>
    </p>
   </div>
   <div class='ocr_carea' id='block_1_50' title="bbox 453 2927 2032 3003">
    <p class='ocr_par' dir='ltr' id='par_1_50' title="bbox 453 2927 2032 3003">
     <span class='ocr_line' id='line_1_51' title="bbox 453 2927 2032 3003; baseline 0.002 -21"><span class='ocrx_word' id='word_1_339' title='bbox 453 2931 503 2982; x_wconf 81' lang='grc'>1.</span> <span class='ocrx_word' id='word_1_340' title='bbox 529 2931 571 2981; x_wconf 80' lang='grc' dir='ltr'><strong>Δ</strong></span> <span class='ocrx_word' id='word_1_341' title='bbox 592 2927 806 2983; x_wconf 80' lang='lat' dir='ltr'>Christi</span> <span class='ocrx_word' id='word_1_342' title='bbox 821 2927 1125 2991; x_wconf 87' lang='lat' dir='ltr'>nativitate</span> <span class='ocrx_word' id='word_1_343' title='bbox 1147 2945 1335 3000; x_wconf 88' lang='lat' dir='ltr'>usque</span> <span class='ocrx_word' id='word_1_344' title='bbox 1358 2928 1433 2989; x_wconf 87' lang='lat' dir='ltr'>ad</span> <span class='ocrx_word' id='word_1_345' title='bbox 1456 2932 1752 3003; x_wconf 81' lang='lat' dir='ltr'>Magorqu</span> <span class='ocrx_word' id='word_1_346' title='bbox 1776 2946 2032 3002; x_wconf 80' lang='lat' dir='ltr'>praesen-</span> 
     </span>
    </p>
   </div>
   <div class='ocr_carea' id='block_1_51' title="bbox 380 3016 2030 3091">
    <p class='ocr_par' dir='ltr' id='par_1_51' title="bbox 380 3016 2030 3091">
     <span class='ocr_line' id='line_1_52' title="bbox 380 3016 2030 3091; baseline 0.002 -20"><span class='ocrx_word' id='word_1_347' title='bbox 380 3016 549 3079; x_wconf 83' lang='lat' dir='ltr'>tiam,</span> <span class='ocrx_word' id='word_1_348' title='bbox 574 3017 715 3073; x_wconf 86' lang='lat' dir='ltr'>anni</span> <span class='ocrx_word' id='word_1_349' title='bbox 747 3022 885 3071; x_wconf 90' lang='lat' dir='ltr'>sunt</span> <span class='ocrx_word' id='word_1_350' title='bbox 909 3016 1041 3071; x_wconf 92' lang='lat' dir='ltr'>duo.</span> <span class='ocrx_word' id='word_1_351' title='bbox 1066 3019 1136 3071; x_wconf 89' lang='lat' dir='ltr'>Et</span> <span class='ocrx_word' id='word_1_352' title='bbox 1164 3033 1195 3072; x_wconf 90' lang='lat' dir='ltr'>a</span> <span class='ocrx_word' id='word_1_353' title='bbox 1226 3018 1364 3089; x_wconf 81' lang='lat' dir='ltr'>fuga</span> <span class='ocrx_word' id='word_1_354' title='bbox 1383 3018 1445 3072; x_wconf 91' lang='lat' dir='ltr'>in</span> <span class='ocrx_word' id='word_1_355' title='bbox 1478 3021 1809 3091; x_wconf 59' lang='lat' dir='ltr'>Egyptum,</span> <span class='ocrx_word' id='word_1_356' title='bbox 1840 3035 2030 3089; x_wconf 91' lang='lat' dir='ltr'>usque</span> 
     </span>
    </p>
   </div>
   <div class='ocr_carea' id='block_1_52' title="bbox 381 3106 2028 3178">
    <p class='ocr_par' dir='ltr' id='par_1_52' title="bbox 381 3106 2028 3178">
     <span class='ocr_line' id='line_1_53' title="bbox 381 3106 2028 3178; baseline 0.001 -17"><span class='ocrx_word' id='word_1_357' title='bbox 381 3106 455 3162; x_wconf 89' lang='lat' dir='ltr'>ad</span> <span class='ocrx_word' id='word_1_358' title='bbox 486 3113 741 3161; x_wconf 89' lang='lat' dir='ltr'>mortem</span> <span class='ocrx_word' id='word_1_359' title='bbox 774 3106 1019 3161; x_wconf 83' lang='lat' dir='ltr'>Herodis</span> <span class='ocrx_word' id='word_1_360' title='bbox 1052 3106 1159 3160; x_wconf 84' lang='lat' dir='ltr'>filii</span> <span class='ocrx_word' id='word_1_361' title='bbox 1190 3108 1504 3178; x_wconf 90' lang='lat' dir='ltr'>Antipatri,</span> <span class='ocrx_word' id='word_1_362' title='bbox 1540 3109 1681 3163; x_wconf 88' lang='lat' dir='ltr'>anni</span> <span class='ocrx_word' id='word_1_363' title='bbox 1728 3114 1865 3172; x_wconf 90' lang='lat' dir='ltr'>tres,</span> <span class='ocrx_word' id='word_1_364' title='bbox 1899 3107 2028 3163; x_wconf 91' lang='lat' dir='ltr'>dies</span> 
     </span>
    </p>
   </div>
   <div class='ocr_carea' id='block_1_53' title="bbox 2139 2707 3792 2787">
    <p class='ocr_par' dir='ltr' id='par_1_53' title="bbox 2139 2707 3792 2787">
     <span class='ocr_line' id='line_1_54' title="bbox 2139 2707 3792 2787; baseline -0.001 -21"><span class='ocrx_word' id='word_1_365' title='bbox 2139 2709 2468 2768; x_wconf 80' lang='grc' dir='ltr'>Ἱππολύτου</span> <span class='ocrx_word' id='word_1_366' title='bbox 2524 2715 2621 2767; x_wconf 87' lang='grc' dir='ltr'>τοῦ</span> <span class='ocrx_word' id='word_1_367' title='bbox 2679 2707 2927 2783; x_wconf 77' lang='grc' dir='ltr'>Θηϐαίου</span> <span class='ocrx_word' id='word_1_368' title='bbox 3007 2711 3066 2766; x_wconf 85' lang='grc' dir='ltr'>ἐκ</span> <span class='ocrx_word' id='word_1_369' title='bbox 3138 2715 3236 2765; x_wconf 88' lang='grc' dir='ltr'>τοῦ</span> <span class='ocrx_word' id='word_1_370' title='bbox 3303 2713 3566 2787; x_wconf 76' lang='grc' dir='ltr'>’χρονικοῦ</span> <span class='ocrx_word' id='word_1_371' title='bbox 3621 2710 3792 2765; x_wconf 77' lang='grc' dir='ltr'>αὐτοῦ</span> 
     </span>
    </p>
   </div>
   <div class='ocr_carea' id='block_1_54' title="bbox 2762 2799 3160 2876">
    <p class='ocr_par' dir='ltr' id='par_1_54' title="bbox 2762 2799 3160 2876">
     <span class='ocr_line' id='line_1_55' title="bbox 2762 2799 3160 2876; baseline 0 -20"><span class='ocrx_word' id='word_1_372' title='bbox 2762 2799 3133 2876; x_wconf 83' lang='grc' dir='ltr'>συντάγματος</span> <span class='ocrx_word' id='word_1_373' title='bbox 3148 2843 3160 2856; x_wconf 94' lang='grc'><strong>.</strong></span> 
     </span>
    </p>
   </div>
   <div class='ocr_carea' id='block_1_55' title="bbox 2211 2922 3786 3002">
    <p class='ocr_par' dir='ltr' id='par_1_55' title="bbox 2211 2922 3786 3002">
     <span class='ocr_line' id='line_1_56' title="bbox 2211 2922 3786 3002; baseline -0.003 -18"><span class='ocrx_word' id='word_1_374' title='bbox 2211 2928 2292 2985; x_wconf 76' lang='grc' dir='ltr'>Α“.</span> <span class='ocrx_word' id='word_1_375' title='bbox 2327 2927 2458 2986; x_wconf 83' lang='grc' dir='ltr'>Ἀπὸ</span> <span class='ocrx_word' id='word_1_376' title='bbox 2514 2933 2614 2997; x_wconf 81' lang='grc' dir='ltr'>τῆς</span> <span class='ocrx_word' id='word_1_377' title='bbox 2660 2925 3118 3002; x_wconf 78' lang='grc' dir='ltr'>ἐνανθρωπήσεως</span> <span class='ocrx_word' id='word_1_378' title='bbox 3163 2929 3260 2981; x_wconf 90' lang='grc' dir='ltr'>τοῦ</span> <span class='ocrx_word' id='word_1_379' title='bbox 3316 2926 3571 3001; x_wconf 78' lang='grc' dir='ltr'>Χριστοῦ,</span> <span class='ocrx_word' id='word_1_380' title='bbox 3608 2922 3786 3002; x_wconf 86' lang='grc' dir='ltr'>μέχρι</span> 
     </span>
    </p>
   </div>
   <div class='ocr_carea' id='block_1_56' title="bbox 2136 3013 3793 3093">
    <p class='ocr_par' dir='ltr' id='par_1_56' title="bbox 2136 3013 3793 3093">
     <span class='ocr_line' id='line_1_57' title="bbox 2136 3013 3793 3093; baseline -0.002 -21"><span class='ocrx_word' id='word_1_381' title='bbox 2136 3024 2236 3087; x_wconf 78' lang='grc' dir='ltr'>τῆς</span> <span class='ocrx_word' id='word_1_382' title='bbox 2263 3022 2370 3073; x_wconf 79' lang='grc' dir='ltr'>τῶν</span> <span class='ocrx_word' id='word_1_383' title='bbox 2404 3019 2606 3093; x_wconf 80' lang='grc' dir='ltr'>Μάγων</span> <span class='ocrx_word' id='word_1_384' title='bbox 2644 3017 2941 3093; x_wconf 90' lang='grc' dir='ltr'>παρουσίας</span> <span class='ocrx_word' id='word_1_385' title='bbox 2980 3013 3073 3085; x_wconf 79' lang='grc' dir='ltr'>ἔτη</span> <span class='ocrx_word' id='word_1_386' title='bbox 3109 3013 3226 3073; x_wconf 80' lang='grc' dir='ltr'>δύο.</span> <span class='ocrx_word' id='word_1_387' title='bbox 3287 3015 3392 3077; x_wconf 81' lang='grc' dir='ltr'>Καὶ</span> <span class='ocrx_word' id='word_1_388' title='bbox 3450 3015 3510 3072; x_wconf 68' lang='grc' dir='ltr'>ἐκ</span> <span class='ocrx_word' id='word_1_389' title='bbox 3554 3022 3655 3085; x_wconf 83' lang='grc' dir='ltr'>τῆς</span> <span class='ocrx_word' id='word_1_390' title='bbox 3712 3014 3793 3078; x_wconf 84' lang='grc' dir='ltr'>είς</span> 
     </span>
    </p>
   </div>
   <div class='ocr_carea' id='block_1_57' title="bbox 2138 3103 3789 3182">
    <p class='ocr_par' dir='ltr' id='par_1_57' title="bbox 2138 3103 3789 3182">
     <span class='ocr_line' id='line_1_58' title="bbox 2138 3103 3789 3182; baseline -0.002 -20"><span class='ocrx_word' id='word_1_391' title='bbox 2138 3105 2416 3182; x_wconf 66' lang='grc' dir='ltr'>Αἴγυπτον</span> <span class='ocrx_word' id='word_1_392' title='bbox 2477 3108 2904 3182; x_wconf 77' lang='grc' dir='ltr'>ἀναχωρήσεως,</span> <span class='ocrx_word' id='word_1_393' title='bbox 2940 3105 3109 3180; x_wconf 86' lang='grc' dir='ltr'>μέχρι</span> <span class='ocrx_word' id='word_1_394' title='bbox 3164 3109 3265 3170; x_wconf 79' lang='grc' dir='ltr'>τῆς</span> <span class='ocrx_word' id='word_1_395' title='bbox 3321 3103 3584 3174; x_wconf 75' lang='grc' dir='ltr'>τελευτῆς</span> <span class='ocrx_word' id='word_1_396' title='bbox 3609 3108 3789 3176; x_wconf 83' lang='grc' dir='ltr'>Ἡρω-</span> 
     </span>
    </p>
   </div>
   <div class='ocr_carea' id='block_1_58' title="bbox 377 3190 2021 3295">
    <p class='ocr_par' dir='ltr' id='par_1_58' title="bbox 377 3194 2021 3269">
     <span class='ocr_line' id='line_1_59' title="bbox 377 3194 2021 3269; baseline 0.002 -20"><span class='ocrx_word' id='word_1_397' title='bbox 377 3197 662 3267; x_wconf 89' lang='lat' dir='ltr'>quinque.</span> <span class='ocrx_word' id='word_1_398' title='bbox 699 3194 1053 3249; x_wconf 89' lang='lat' dir='ltr'>Habitarunt</span> <span class='ocrx_word' id='word_1_399' title='bbox 1081 3200 1279 3250; x_wconf 90' lang='lat' dir='ltr'>autem</span> <span class='ocrx_word' id='word_1_400' title='bbox 1328 3196 1390 3250; x_wconf 89' lang='lat' dir='ltr'>in</span> <span class='ocrx_word' id='word_1_401' title='bbox 1421 3198 1660 3268; x_wconf 58' lang='lat' dir='ltr'>(Egypto</span> <span class='ocrx_word' id='word_1_402' title='bbox 1706 3197 2021 3269; x_wconf 86' lang='lat' dir='ltr'>HeliOpoli,</span> 
     </span>
    </p>
   </div>
   <div class='ocr_carea' id='block_1_59' title="bbox 2137 3190 3782 3295">
    <p class='ocr_par' dir='ltr' id='par_1_59' title="bbox 2139 3190 3782 3272">
     <span class='ocr_line' id='line_1_60' title="bbox 2139 3190 3782 3272; baseline -0.001 -22"><span class='ocrx_word' id='word_1_403' title='bbox 2139 3193 2236 3250; x_wconf 83' lang='grc' dir='ltr'>δου</span> <span class='ocrx_word' id='word_1_404' title='bbox 2293 3197 2413 3251; x_wconf 74' lang='grc' dir='ltr'>υἱοῦ</span> <span class='ocrx_word' id='word_1_405' title='bbox 2482 3195 2842 3272; x_wconf 81' lang='grc' dir='ltr'>Ἀντιπάτρου</span> <span class='ocrx_word' id='word_1_406' title='bbox 2872 3190 2965 3265; x_wconf 75' lang='grc' dir='ltr'>ἔτη</span> <span class='ocrx_word' id='word_1_407' title='bbox 3007 3195 3151 3270; x_wconf 86' lang='grc' dir='ltr'>τρία,</span> <span class='ocrx_word' id='word_1_408' title='bbox 3203 3193 3405 3268; x_wconf 83' lang='grc' dir='ltr'>ἡμέραι</span> <span class='ocrx_word' id='word_1_409' title='bbox 3463 3195 3619 3248; x_wconf 88' lang='grc' dir='ltr'>πέντε</span> <span class='ocrx_word' id='word_1_410' title='bbox 3646 3197 3782 3263; x_wconf 82' lang='grc'>(15).</span> 
     </span>
    </p>
   </div>
   <div class='ocr_carea' id='block_1_60' title="bbox 374 3283 2021 3360">
    <p class='ocr_par' dir='ltr' id='par_1_60' title="bbox 374 3283 2021 3355">
     <span class='ocr_line' id='line_1_61' title="bbox 374 3283 2021 3355; baseline 0.001 -16"><span class='ocrx_word' id='word_1_411' title='bbox 374 3302 507 3355; x_wconf 68' lang='lat' dir='ltr'>quae</span> <span class='ocrx_word' id='word_1_412' title='bbox 539 3284 613 3338; x_wconf 90' lang='lat' dir='ltr'>ad</span> <span class='ocrx_word' id='word_1_413' title='bbox 644 3283 964 3354; x_wconf 86' lang='lat' dir='ltr'>Memphin,</span> <span class='ocrx_word' id='word_1_414' title='bbox 986 3285 1203 3355; x_wconf 87' lang='lat' dir='ltr'>Joseph</span> <span class='ocrx_word' id='word_1_415' title='bbox 1227 3290 1285 3339; x_wconf 87' lang='lat' dir='ltr'>et</span> <span class='ocrx_word' id='word_1_416' title='bbox 1308 3284 1489 3341; x_wconf 85' lang='lat' dir='ltr'>Maria</span> <span class='ocrx_word' id='word_1_417' title='bbox 1506 3301 1640 3341; x_wconf 87' lang='lat' dir='ltr'>eum</span> <span class='ocrx_word' id='word_1_418' title='bbox 1669 3287 1827 3354; x_wconf 81' lang='lat' dir='ltr'>Jesu,</span> <span class='ocrx_word' id='word_1_419' title='bbox 1847 3287 2021 3342; x_wconf 88' lang='lat' dir='ltr'>annis</span> 
     </span>
    </p>
   </div>
   <div class='ocr_carea' id='block_1_61' title="bbox 2137 3283 3787 3360">
    <p class='ocr_par' dir='ltr' id='par_1_61' title="bbox 2137 3283 3787 3360">
     <span class='ocr_line' id='line_1_62' title="bbox 2137 3283 3787 3360; baseline -0.001 -20"><span class='ocrx_word' id='word_1_420' title='bbox 2137 3287 2472 3360; x_wconf 75' lang='grc' dir='ltr'>Παρῲκησαν</span> <span class='ocrx_word' id='word_1_421' title='bbox 2532 3283 2589 3341; x_wconf 74' lang='grc' dir='ltr'>δὲ</span> <span class='ocrx_word' id='word_1_422' title='bbox 2645 3283 2697 3341; x_wconf 70' lang='grc' dir='ltr'>ἐν</span> <span class='ocrx_word' id='word_1_423' title='bbox 2759 3284 3025 3359; x_wconf 78' lang='grc' dir='ltr'>Αἰγύπτῳ</span> <span class='ocrx_word' id='word_1_424' title='bbox 3057 3285 3107 3340; x_wconf 81' lang='grc' dir='ltr'>ἐν</span> <span class='ocrx_word' id='word_1_425' title='bbox 3144 3283 3500 3339; x_wconf 83' lang='grc' dir='ltr'>Ἡλιουπόλει</span> <span class='ocrx_word' id='word_1_426' title='bbox 3547 3284 3617 3355; x_wconf 80' lang='grc' dir='ltr'>τῇ</span> <span class='ocrx_word' id='word_1_427' title='bbox 3645 3284 3787 3338; x_wconf 77' lang='grc' dir='ltr'>κατὰ</span> 
     </span>
    </p>
   </div>
   <div class='ocr_carea' id='block_1_62' title="bbox 372 3371 2025 3448">
    <p class='ocr_par' dir='ltr' id='par_1_62' title="bbox 372 3371 2025 3448">
     <span class='ocr_line' id='line_1_63' title="bbox 372 3371 2025 3448; baseline 0.003 -23"><span class='ocrx_word' id='word_1_428' title='bbox 372 3372 583 3437; x_wconf 90' lang='lat' dir='ltr'>tribus,</span> <span class='ocrx_word' id='word_1_429' title='bbox 609 3371 816 3426; x_wconf 91' lang='lat' dir='ltr'>diebus</span> <span class='ocrx_word' id='word_1_430' title='bbox 843 3374 931 3429; x_wconf 87' lang='lat'>20.</span> <span class='ocrx_word' id='word_1_431' title='bbox 965 3375 1105 3427; x_wconf 87' lang='lat' dir='ltr'>Post</span> <span class='ocrx_word' id='word_1_432' title='bbox 1124 3374 1388 3446; x_wconf 89' lang='lat' dir='ltr'>ipsorum</span> <span class='ocrx_word' id='word_1_433' title='bbox 1415 3392 1550 3431; x_wconf 91' lang='lat' dir='ltr'>vero</span> <span class='ocrx_word' id='word_1_434' title='bbox 1573 3393 1931 3448; x_wconf 83' lang='lat' dir='ltr'>regressum,</span> <span class='ocrx_word' id='word_1_435' title='bbox 1959 3381 2025 3431; x_wconf 90' lang='lat' dir='ltr'>ut</span> 
     </span>
    </p>
   </div>
   <div class='ocr_carea' id='block_1_63' title="bbox 367 3459 2022 3536">
    <p class='ocr_par' dir='ltr' id='par_1_63' title="bbox 367 3459 2022 3536">
     <span class='ocr_line' id='line_1_64' title="bbox 367 3459 2022 3536; baseline 0.003 -21"><span class='ocrx_word' id='word_1_436' title='bbox 367 3460 429 3515; x_wconf 91' lang='lat' dir='ltr'>in</span> <span class='ocrx_word' id='word_1_437' title='bbox 453 3459 694 3515; x_wconf 75' lang='lat' dir='ltr'>Galilasa</span> <span class='ocrx_word' id='word_1_438' title='bbox 717 3460 1078 3525; x_wconf 86' lang='lat' dir='ltr'>habitarent,</span> <span class='ocrx_word' id='word_1_439' title='bbox 1108 3478 1298 3534; x_wconf 89' lang='lat' dir='ltr'>usque</span> <span class='ocrx_word' id='word_1_440' title='bbox 1330 3463 1404 3518; x_wconf 91' lang='lat' dir='ltr'>ad</span> <span class='ocrx_word' id='word_1_441' title='bbox 1431 3469 1683 3520; x_wconf 88' lang='lat' dir='ltr'>mortem</span> <span class='ocrx_word' id='word_1_442' title='bbox 1722 3465 2022 3536; x_wconf 88' lang='lat' dir='ltr'>Archelai,</span> 
     </span>
    </p>
   </div>
   <div class='ocr_carea' id='block_1_64' title="bbox 365 3547 2021 3621">
    <p class='ocr_par' dir='ltr' id='par_1_64' title="bbox 365 3547 2021 3621">
     <span class='ocr_line' id='line_1_65' title="bbox 365 3547 2021 3621; baseline 0.004 -17"><span class='ocrx_word' id='word_1_443' title='bbox 365 3547 508 3604; x_wconf 89' lang='lat' dir='ltr'>anni</span> <span class='ocrx_word' id='word_1_444' title='bbox 540 3554 679 3604; x_wconf 89' lang='lat' dir='ltr'>sunt</span> <span class='ocrx_word' id='word_1_445' title='bbox 707 3548 742 3602; x_wconf 92' lang='lat'>9</span> <span class='ocrx_word' id='word_1_446' title='bbox 770 3548 908 3621; x_wconf 83' lang='grc'>[19],</span> <span class='ocrx_word' id='word_1_447' title='bbox 940 3549 1068 3605; x_wconf 91' lang='lat' dir='ltr'>dies</span> <span class='ocrx_word' id='word_1_448' title='bbox 1101 3550 1190 3606; x_wconf 77' lang='grc'>17.</span> <span class='ocrx_word' id='word_1_449' title='bbox 1225 3552 1353 3608; x_wconf 90' lang='lat' dir='ltr'>Una</span> <span class='ocrx_word' id='word_1_450' title='bbox 1383 3570 1518 3615; x_wconf 88' lang='lat' dir='ltr'>cum</span> <span class='ocrx_word' id='word_1_451' title='bbox 1560 3553 1847 3610; x_wconf 88' lang='lat' dir='ltr'>Archelao</span> <span class='ocrx_word' id='word_1_452' title='bbox 1896 3562 2021 3609; x_wconf 82' lang='lat' dir='ltr'>Au-</span> 
     </span>
    </p>
   </div>
   <div class='ocr_carea' id='block_1_65' title="bbox 368 3640 2008 3714">
    <p class='ocr_par' dir='ltr' id='par_1_65' title="bbox 368 3640 2008 3714">
     <span class='ocr_line' id='line_1_66' title="bbox 368 3640 2008 3714; baseline 0.003 -20"><span class='ocrx_word' id='word_1_453' title='bbox 368 3645 576 3712; x_wconf 80' lang='lat' dir='ltr'>gustus</span> <span class='ocrx_word' id='word_1_454' title='bbox 602 3655 839 3714; x_wconf 90' lang='lat' dir='ltr'>quoque</span> <span class='ocrx_word' id='word_1_455' title='bbox 871 3640 1142 3696; x_wconf 89' lang='lat' dir='ltr'>moritur.</span> <span class='ocrx_word' id='word_1_456' title='bbox 1177 3643 1332 3698; x_wconf 84' lang='lat' dir='ltr'>Vixit</span> <span class='ocrx_word' id='word_1_457' title='bbox 1360 3660 1500 3699; x_wconf 82' lang='lat' dir='ltr'>vero</span> <span class='ocrx_word' id='word_1_458' title='bbox 1531 3645 1704 3700; x_wconf 90' lang='lat' dir='ltr'>annis</span> <span class='ocrx_word' id='word_1_459' title='bbox 1724 3645 1886 3713; x_wconf 89' lang='lat' dir='ltr'>88,et</span> <span class='ocrx_word' id='word_1_460' title='bbox 1905 3645 2008 3699; x_wconf 90' lang='lat' dir='ltr'>im-</span> 
     </span>
    </p>
   </div>
   <div class='ocr_carea' id='block_1_66' title="bbox 372 3728 2017 3805">
    <p class='ocr_par' dir='ltr' id='par_1_66' title="bbox 372 3728 2017 3805">
     <span class='ocr_line' id='line_1_67' title="bbox 372 3728 2017 3805; baseline 0.004 -23"><span class='ocrx_word' id='word_1_461' title='bbox 372 3729 599 3799; x_wconf 89' lang='lat' dir='ltr'>peravit</span> <span class='ocrx_word' id='word_1_462' title='bbox 627 3728 800 3784; x_wconf 89' lang='lat' dir='ltr'>annis</span> <span class='ocrx_word' id='word_1_463' title='bbox 832 3730 919 3784; x_wconf 85' lang='lat'>56.</span> <span class='ocrx_word' id='word_1_464' title='bbox 953 3728 1040 3784; x_wconf 84' lang='lat' dir='ltr'>Ab</span> <span class='ocrx_word' id='word_1_465' title='bbox 1075 3731 1343 3787; x_wconf 86' lang='lat' dir='ltr'>Archelai</span> <span class='ocrx_word' id='word_1_466' title='bbox 1376 3750 1551 3805; x_wconf 89' lang='lat' dir='ltr'>porro</span> <span class='ocrx_word' id='word_1_467' title='bbox 1581 3738 1794 3802; x_wconf 89' lang='lat' dir='ltr'>morte,</span> <span class='ocrx_word' id='word_1_468' title='bbox 1826 3749 2017 3804; x_wconf 88' lang='lat' dir='ltr'>usque</span> 
     </span>
    </p>
   </div>
   <div class='ocr_carea' id='block_1_67' title="bbox 371 3816 2017 3891">
    <p class='ocr_par' dir='ltr' id='par_1_67' title="bbox 371 3816 2017 3891">
     <span class='ocr_line' id='line_1_68' title="bbox 371 3816 2017 3891; baseline 0.003 -19"><span class='ocrx_word' id='word_1_469' title='bbox 371 3816 445 3872; x_wconf 87' lang='lat' dir='ltr'>ad</span> <span class='ocrx_word' id='word_1_470' title='bbox 476 3818 690 3873; x_wconf 90' lang='lat' dir='ltr'>Christi</span> <span class='ocrx_word' id='word_1_471' title='bbox 717 3818 1105 3889; x_wconf 88' lang='lat' dir='ltr'>baptismum,</span> <span class='ocrx_word' id='word_1_472' title='bbox 1139 3837 1317 3891; x_wconf 88' lang='lat' dir='ltr'>quem</span> <span class='ocrx_word' id='word_1_473' title='bbox 1348 3838 1382 3877; x_wconf 91' lang='lat' dir='ltr'>a</span> <span class='ocrx_word' id='word_1_474' title='bbox 1409 3823 1632 3878; x_wconf 83' lang='lat' dir='ltr'>Joanne</span> <span class='ocrx_word' id='word_1_475' title='bbox 1664 3824 1725 3879; x_wconf 91' lang='lat' dir='ltr'>in</span> <span class='ocrx_word' id='word_1_476' title='bbox 1764 3823 2017 3878; x_wconf 88' lang='lat' dir='ltr'>Jordane</span> 
     </span>
    </p>
   </div>
   <div class='ocr_carea' id='block_1_68' title="bbox 366 3908 2018 3985">
    <p class='ocr_par' dir='ltr' id='par_1_68' title="bbox 366 3908 2018 3985">
     <span class='ocr_line' id='line_1_69' title="bbox 366 3908 2018 3985; baseline 0.002 -22"><span class='ocrx_word' id='word_1_477' title='bbox 366 3908 613 3979; x_wconf 85' lang='lat' dir='ltr'>accepit,</span> <span class='ocrx_word' id='word_1_478' title='bbox 637 3908 777 3963; x_wconf 89' lang='lat' dir='ltr'>anni</span> <span class='ocrx_word' id='word_1_479' title='bbox 807 3914 947 3962; x_wconf 90' lang='lat' dir='ltr'>sunt</span> <span class='ocrx_word' id='word_1_480' title='bbox 975 3910 1059 3978; x_wconf 87' lang='grc'>16,</span> <span class='ocrx_word' id='word_1_481' title='bbox 1094 3909 1222 3965; x_wconf 90' lang='lat' dir='ltr'>dies</span> <span class='ocrx_word' id='word_1_482' title='bbox 1254 3913 1340 3965; x_wconf 92' lang='lat'>30.</span> <span class='ocrx_word' id='word_1_483' title='bbox 1377 3917 1421 3966; x_wconf 80' lang='grc' dir='ltr'><strong>Α</strong></span> <span class='ocrx_word' id='word_1_484' title='bbox 1462 3912 1778 3985; x_wconf 90' lang='lat' dir='ltr'>baptismo,</span> <span class='ocrx_word' id='word_1_485' title='bbox 1829 3929 2018 3985; x_wconf 89' lang='lat' dir='ltr'>usque</span> 
     </span>
    </p>
   </div>
   <div class='ocr_carea' id='block_1_69' title="bbox 363 3996 2018 4071">
    <p class='ocr_par' dir='ltr' id='par_1_69' title="bbox 363 3996 2018 4071">
     <span class='ocr_line' id='line_1_70' title="bbox 363 3996 2018 4071; baseline 0.004 -20"><span class='ocrx_word' id='word_1_486' title='bbox 363 3997 437 4052; x_wconf 90' lang='lat' dir='ltr'>ad</span> <span class='ocrx_word' id='word_1_487' title='bbox 467 3997 760 4052; x_wconf 69' lang='lat' dir='ltr'>Zachariaa</span> <span class='ocrx_word' id='word_1_488' title='bbox 800 3996 1251 4067; x_wconf 88' lang='lat' dir='ltr'>lapidationem,</span> <span class='ocrx_word' id='word_1_489' title='bbox 1294 4017 1487 4056; x_wconf 89' lang='lat' dir='ltr'>annus</span> <span class='ocrx_word' id='word_1_490' title='bbox 1534 4019 1708 4058; x_wconf 92' lang='lat' dir='ltr'>unus.</span> <span class='ocrx_word' id='word_1_491' title='bbox 1763 4004 2018 4071; x_wconf 89' lang='lat' dir='ltr'>[Interea</span> 
     </span>
    </p>
   </div>
   <div class='ocr_carea' id='block_1_70' title="bbox 364 4084 2016 4169">
    <p class='ocr_par' dir='ltr' id='par_1_70' title="bbox 364 4084 2016 4169">
     <span class='ocr_line' id='line_1_71' title="bbox 364 4084 2016 4169; baseline 0.004 -29"><span class='ocrx_word' id='word_1_492' title='bbox 364 4086 547 4150; x_wconf 90' lang='lat' dir='ltr'>enim,</span> <span class='ocrx_word' id='word_1_493' title='bbox 577 4086 719 4140; x_wconf 90' lang='lat' dir='ltr'>dum</span> <span class='ocrx_word' id='word_1_494' title='bbox 747 4085 931 4140; x_wconf 88' lang='lat' dir='ltr'>sacris</span> <span class='ocrx_word' id='word_1_495' title='bbox 965 4084 1092 4155; x_wconf 91' lang='lat' dir='ltr'>ipse</span> <span class='ocrx_word' id='word_1_496' title='bbox 1132 4094 1480 4159; x_wconf 88' lang='lat' dir='ltr'>operaretur</span> <span class='ocrx_word' id='word_1_497' title='bbox 1519 4090 1591 4145; x_wconf 91' lang='lat' dir='ltr'>de</span> <span class='ocrx_word' id='word_1_498' title='bbox 1644 4108 1829 4159; x_wconf 90' lang='lat' dir='ltr'>more,</span> <span class='ocrx_word' id='word_1_499' title='bbox 1863 4091 2016 4169; x_wconf 90' lang='lat' dir='ltr'>lapi-</span> 
     </span>
    </p>
   </div>
   <div class='ocr_carea' id='block_1_71' title="bbox 362 4173 2010 4245">
    <p class='ocr_par' dir='ltr' id='par_1_71' title="bbox 362 4173 2010 4245">
     <span class='ocr_line' id='line_1_72' title="bbox 362 4173 2010 4245; baseline 0.005 -17"><span class='ocrx_word' id='word_1_500' title='bbox 362 4173 536 4228; x_wconf 90' lang='lat' dir='ltr'>dibus</span> <span class='ocrx_word' id='word_1_501' title='bbox 551 4175 752 4245; x_wconf 88' lang='lat' dir='ltr'>jactis,</span> <span class='ocrx_word' id='word_1_502' title='bbox 775 4178 834 4228; x_wconf 90' lang='lat' dir='ltr'>et</span> <span class='ocrx_word' id='word_1_503' title='bbox 851 4174 912 4228; x_wconf 90' lang='lat' dir='ltr'>in</span> <span class='ocrx_word' id='word_1_504' title='bbox 931 4180 1111 4245; x_wconf 91' lang='lat' dir='ltr'>caput</span> <span class='ocrx_word' id='word_1_505' title='bbox 1127 4178 1434 4245; x_wconf 87' lang='lat' dir='ltr'>contortis,</span> <span class='ocrx_word' id='word_1_506' title='bbox 1462 4196 1596 4234; x_wconf 91' lang='lat' dir='ltr'>eum</span> <span class='ocrx_word' id='word_1_507' title='bbox 1620 4180 2010 4237; x_wconf 85' lang='lat' dir='ltr'>trucidarunt:</span> 
     </span>
    </p>
   </div>
   <div class='ocr_carea' id='block_1_72' title="bbox 360 4261 2010 4340">
    <p class='ocr_par' dir='ltr' id='par_1_72' title="bbox 360 4261 2010 4340">
     <span class='ocr_line' id='line_1_73' title="bbox 360 4261 2010 4340; baseline 0.006 -24"><span class='ocrx_word' id='word_1_508' title='bbox 360 4278 726 4334; x_wconf 89' lang='lat' dir='ltr'>corporeque</span> <span class='ocrx_word' id='word_1_509' title='bbox 740 4265 969 4333; x_wconf 88' lang='lat' dir='ltr'>raptato</span> <span class='ocrx_word' id='word_1_510' title='bbox 986 4261 1213 4318; x_wconf 65' lang='lat' dir='ltr'>in&#39;valle</span> <span class='ocrx_word' id='word_1_511' title='bbox 1227 4265 1509 4337; x_wconf 83' lang='lat' dir='ltr'>Josaphat</span> <span class='ocrx_word' id='word_1_512' title='bbox 1525 4267 2010 4340; x_wconf 87' lang='lat' dir='ltr'>suspenderunt.]</span> 
     </span>
    </p>
   </div>
   <div class='ocr_carea' id='block_1_73' title="bbox 359 4349 2012 4427">
    <p class='ocr_par' dir='ltr' id='par_1_73' title="bbox 359 4349 2012 4427">
     <span class='ocr_line' id='line_1_74' title="bbox 359 4349 2012 4427; baseline 0.007 -22"><span class='ocrx_word' id='word_1_513' title='bbox 359 4353 404 4405; x_wconf 86' lang='lat' dir='ltr'>A</span> <span class='ocrx_word' id='word_1_514' title='bbox 435 4350 729 4407; x_wconf 59' lang='lat' dir='ltr'>Zacharias</span> <span class='ocrx_word' id='word_1_515' title='bbox 761 4349 1364 4423; x_wconf 88' lang='lat' dir='ltr'>autemlapidatione,</span> <span class='ocrx_word' id='word_1_516' title='bbox 1399 4373 1587 4427; x_wconf 88' lang='lat' dir='ltr'>usque</span> <span class='ocrx_word' id='word_1_517' title='bbox 1636 4357 1710 4412; x_wconf 92' lang='lat' dir='ltr'>ad</span> <span class='ocrx_word' id='word_1_518' title='bbox 1767 4358 2012 4416; x_wconf 80' lang='lat' dir='ltr'>Joannis</span> 
     </span>
    </p>
   </div>
   <div class='ocr_carea' id='block_1_74' title="bbox 358 4439 2009 4513">
    <p class='ocr_par' dir='ltr' id='par_1_74' title="bbox 358 4439 2009 4513">
     <span class='ocr_line' id='line_1_75' title="bbox 358 4439 2009 4513; baseline 0.006 -19"><span class='ocrx_word' id='word_1_519' title='bbox 358 4439 466 4495; x_wconf 86' lang='lat' dir='ltr'>ﬂlii</span> <span class='ocrx_word' id='word_1_520' title='bbox 498 4441 684 4513; x_wconf 89' lang='lat' dir='ltr'>ipsius</span> <span class='ocrx_word' id='word_1_521' title='bbox 722 4446 997 4505; x_wconf 88' lang='lat' dir='ltr'>mortem,</span> <span class='ocrx_word' id='word_1_522' title='bbox 1032 4442 1139 4496; x_wconf 91' lang='lat' dir='ltr'>sub</span> <span class='ocrx_word' id='word_1_523' title='bbox 1172 4443 1398 4499; x_wconf 88' lang='lat' dir='ltr'>Herode</span> <span class='ocrx_word' id='word_1_524' title='bbox 1428 4445 1693 4513; x_wconf 83' lang='lat' dir='ltr'>Juniore,</span> <span class='ocrx_word' id='word_1_525' title='bbox 1738 4448 2009 4505; x_wconf 87' lang='lat' dir='ltr'>Archelai</span> 
     </span>
    </p>
   </div>
   <div class='ocr_carea' id='block_1_75' title="bbox 354 4531 2008 4605">
    <p class='ocr_par' dir='ltr' id='par_1_75' title="bbox 354 4531 2008 4605">
     <span class='ocr_line' id='line_1_76' title="bbox 354 4531 2008 4605; baseline 0.005 -19"><span class='ocrx_word' id='word_1_526' title='bbox 354 4531 477 4587; x_wconf 83' lang='lat' dir='ltr'>ﬁlio</span> <span class='ocrx_word' id='word_1_527' title='bbox 497 4533 558 4587; x_wconf 91' lang='lat' dir='ltr'>in</span> <span class='ocrx_word' id='word_1_528' title='bbox 581 4547 816 4587; x_wconf 88' lang='lat' dir='ltr'>carcere</span> <span class='ocrx_word' id='word_1_529' title='bbox 830 4539 1349 4605; x_wconf 87' lang='lat' dir='ltr'>patratam,annus</span> <span class='ocrx_word' id='word_1_530' title='bbox 1368 4551 1541 4591; x_wconf 88' lang='lat' dir='ltr'>unus.</span> <span class='ocrx_word' id='word_1_531' title='bbox 1571 4544 1609 4589; x_wconf 81' lang='grc' dir='ltr'>Α</span> <span class='ocrx_word' id='word_1_532' title='bbox 1632 4544 1819 4592; x_wconf 87' lang='lat' dir='ltr'>morte</span> <span class='ocrx_word' id='word_1_533' title='bbox 1840 4539 2008 4594; x_wconf 80' lang='lat' dir='ltr'>Joan-</span> 
     </span>
    </p>
   </div>
   <div class='ocr_carea' id='block_1_76' title="bbox 347 4598 2082 4697">
    <p class='ocr_par' dir='ltr' id='par_1_76' title="bbox 347 4598 2082 4697">
     <span class='ocr_line' id='line_1_77' title="bbox 347 4598 2082 4697; baseline 0.004 -21"><span class='ocrx_word' id='word_1_534' title='bbox 347 4623 463 4691; x_wconf 91' lang='lat' dir='ltr'>nis,</span> <span class='ocrx_word' id='word_1_535' title='bbox 496 4639 683 4694; x_wconf 91' lang='lat' dir='ltr'>usque</span> <span class='ocrx_word' id='word_1_536' title='bbox 708 4623 779 4678; x_wconf 91' lang='lat' dir='ltr'>ad</span> <span class='ocrx_word' id='word_1_537' title='bbox 814 4624 1136 4682; x_wconf 88' lang='lat' dir='ltr'>salvificam</span> <span class='ocrx_word' id='word_1_538' title='bbox 1162 4625 1522 4697; x_wconf 85' lang='lat' dir='ltr'>passionem,</span> <span class='ocrx_word' id='word_1_539' title='bbox 1547 4643 1784 4682; x_wconf 88' lang='lat' dir='ltr'>menses</span> <span class='ocrx_word' id='word_1_540' title='bbox 1807 4630 1858 4682; x_wconf 89' lang='lat'>6.</span> <span class='ocrx_word' id='word_1_541' title='bbox 1882 4629 2004 4683; x_wconf 85' lang='lat' dir='ltr'>Tri-</span> <span class='ocrx_word' id='word_1_542' title='bbox 2036 4598 2082 4661; x_wconf 70' lang='grc' dir='ltr'>Β</span> 
     </span>
    </p>
   </div>
   <div class='ocr_carea' id='block_1_77' title="bbox 343 4712 2000 4788">
    <p class='ocr_par' dir='ltr' id='par_1_77' title="bbox 343 4712 2000 4788">
     <span class='ocr_line' id='line_1_78' title="bbox 343 4712 2000 4788; baseline 0.005 -22"><span class='ocrx_word' id='word_1_543' title='bbox 343 4712 507 4783; x_wconf 81' lang='lat' dir='ltr'>ginta</span> <span class='ocrx_word' id='word_1_544' title='bbox 537 4714 696 4768; x_wconf 90' lang='lat' dir='ltr'>enim</span> <span class='ocrx_word' id='word_1_545' title='bbox 729 4718 789 4768; x_wconf 91' lang='lat' dir='ltr'>et</span> <span class='ocrx_word' id='word_1_546' title='bbox 822 4731 923 4770; x_wconf 87' lang='lat' dir='ltr'>sex</span> <span class='ocrx_word' id='word_1_547' title='bbox 969 4733 1159 4772; x_wconf 88' lang='lat' dir='ltr'>annos</span> <span class='ocrx_word' id='word_1_548' title='bbox 1224 4717 1481 4771; x_wconf 89' lang='lat' dir='ltr'>Joannes</span> <span class='ocrx_word' id='word_1_549' title='bbox 1539 4718 1798 4788; x_wconf 79' lang='lat' dir='ltr'>Baptista</span> <span class='ocrx_word' id='word_1_550' title='bbox 1840 4718 2000 4774; x_wconf 83' lang='lat' dir='ltr'>vixit.</span> 
     </span>
    </p>
   </div>
   <div class='ocr_carea' id='block_1_78' title="bbox 340 4801 1999 4873">
    <p class='ocr_par' dir='ltr' id='par_1_78' title="bbox 340 4801 1999 4873">
     <span class='ocr_line' id='line_1_79' title="bbox 340 4801 1999 4873; baseline 0.006 -19"><span class='ocrx_word' id='word_1_551' title='bbox 340 4801 600 4873; x_wconf 76' lang='lat' dir='ltr'>Triginta</span> <span class='ocrx_word' id='word_1_552' title='bbox 631 4802 875 4873; x_wconf 89' lang='lat' dir='ltr'>quidem</span> <span class='ocrx_word' id='word_1_553' title='bbox 909 4807 1086 4861; x_wconf 86' lang='lat' dir='ltr'>anuis</span> <span class='ocrx_word' id='word_1_554' title='bbox 1145 4811 1411 4861; x_wconf 85' lang='lat' dir='ltr'>versatus</span> <span class='ocrx_word' id='word_1_555' title='bbox 1462 4811 1553 4861; x_wconf 91' lang='lat' dir='ltr'>est</span> <span class='ocrx_word' id='word_1_556' title='bbox 1609 4807 1670 4861; x_wconf 90' lang='lat' dir='ltr'>in</span> <span class='ocrx_word' id='word_1_557' title='bbox 1720 4806 1999 4864; x_wconf 88' lang='lat' dir='ltr'>deserto:</span> 
     </span>
    </p>
   </div>
   <div class='ocr_carea' id='block_1_79' title="bbox 342 4890 1999 4967">
    <p class='ocr_par' dir='ltr' id='par_1_79' title="bbox 342 4890 1999 4967">
     <span class='ocr_line' id='line_1_80' title="bbox 342 4890 1999 4967; baseline 0.006 -24"><span class='ocrx_word' id='word_1_558' title='bbox 342 4890 475 4943; x_wconf 87' lang='lat' dir='ltr'>aliis</span> <span class='ocrx_word' id='word_1_559' title='bbox 506 4907 639 4944; x_wconf 88' lang='lat' dir='ltr'>vero</span> <span class='ocrx_word' id='word_1_560' title='bbox 671 4894 702 4944; x_wconf 91' lang='lat'>6</span> <span class='ocrx_word' id='word_1_561' title='bbox 734 4892 796 4945; x_wconf 89' lang='lat' dir='ltr'>in</span> <span class='ocrx_word' id='word_1_562' title='bbox 817 4894 1083 4951; x_wconf 86' lang='lat' dir='ltr'>Jordane</span> <span class='ocrx_word' id='word_1_563' title='bbox 1125 4895 1490 4967; x_wconf 89' lang='lat' dir='ltr'>baptismum</span> <span class='ocrx_word' id='word_1_564' title='bbox 1524 4896 1999 4967; x_wconf 88' lang='lat' dir='ltr'>administrabat,</span> 
     </span>
    </p>
   </div>
   <div class='ocr_carea' id='block_1_80' title="bbox 342 4976 1999 5051">
    <p class='ocr_par' dir='ltr' id='par_1_80' title="bbox 342 4976 1999 5051">
     <span class='ocr_line' id='line_1_81' title="bbox 342 4976 1999 5051; baseline 0.008 -22"><span class='ocrx_word' id='word_1_565' title='bbox 342 4976 678 5047; x_wconf 58' lang='lat' dir='ltr'>praedicans</span> <span class='ocrx_word' id='word_1_566' title='bbox 711 4981 1141 5051; x_wconf 72' lang='lat' dir='ltr'>paenitentiam.</span> <span class='ocrx_word' id='word_1_567' title='bbox 1178 4984 1268 5040; x_wconf 86' lang='lat' dir='ltr'>Sic</span> <span class='ocrx_word' id='word_1_568' title='bbox 1300 4986 1587 5041; x_wconf 88' lang='lat' dir='ltr'>Dominus</span> <span class='ocrx_word' id='word_1_569' title='bbox 1631 4986 1799 5042; x_wconf 84' lang='lat' dir='ltr'>Jesus</span> <span class='ocrx_word' id='word_1_570' title='bbox 1830 4987 1999 5042; x_wconf 88' lang='lat' dir='ltr'>Chri-</span> 
     </span>
    </p>
   </div>
   <div class='ocr_carea' id='block_1_81' title="bbox 347 5067 2000 5149">
    <p class='ocr_par' dir='ltr' id='par_1_81' title="bbox 347 5067 2000 5149">
     <span class='ocr_line' id='line_1_82' title="bbox 347 5067 2000 5149; baseline 0.008 -30"><span class='ocrx_word' id='word_1_571' title='bbox 347 5070 495 5135; x_wconf 88' lang='lat' dir='ltr'>stus,</span> <span class='ocrx_word' id='word_1_572' title='bbox 528 5067 891 5125; x_wconf 84' lang='lat' dir='ltr'>tricesimum</span> <span class='ocrx_word' id='word_1_573' title='bbox 927 5074 1117 5129; x_wconf 63' lang='lat' dir='ltr'>aatatis</span> <span class='ocrx_word' id='word_1_574' title='bbox 1149 5091 1269 5129; x_wconf 63' lang='lat' dir='ltr'>sua;</span> <span class='ocrx_word' id='word_1_575' title='bbox 1319 5092 1544 5132; x_wconf 87' lang='lat' dir='ltr'>annum</span> <span class='ocrx_word' id='word_1_576' title='bbox 1587 5075 1816 5149; x_wconf 79' lang='lat' dir='ltr'>agebat.</span> <span class='ocrx_word' id='word_1_577' title='bbox 1859 5076 2000 5132; x_wconf 90' lang='lat' dir='ltr'>Post</span> 
     </span>
    </p>
   </div>
   <div class='ocr_carea' id='block_1_82' title="bbox 444 5248 1708 5325">
    <p class='ocr_par' dir='ltr' id='par_1_82' title="bbox 444 5248 1708 5325">
     <span class='ocr_line' id='line_1_83' title="bbox 444 5248 1708 5325; baseline 0.01 -27"><span class='ocrx_word' id='word_1_578' title='bbox 556 5250 625 5325; x_wconf 68' lang='lat' dir='ltr'>Et</span> <span class='ocrx_word' id='word_1_579' title='bbox 654 5248 937 5325; x_wconf 32' lang='lat' dir='ltr'>ﬁiiiﬁteriii</span> <span class='ocrx_word' id='word_1_580' title='bbox 964 5252 1315 5309; x_wconf 76' lang='lat' dir='ltr'>Constantini</span> <span class='ocrx_word' id='word_1_581' title='bbox 1345 5255 1708 5325; x_wconf 68' lang='lat' dir='ltr'>cognommis.</span> 
     </span>
    </p>
   </div>
   <div class='ocr_carea' id='block_1_83' title="bbox 437 5319 1988 5400">
    <p class='ocr_par' dir='ltr' id='par_1_83' title="bbox 437 5319 1988 5400">
     <span class='ocr_line' id='line_1_84' title="bbox 437 5319 1988 5400; baseline 0.008 -28"><span class='ocrx_word' id='word_1_582' title='bbox 552 5319 720 5400; x_wconf 55' lang='lat' dir='ltr'>Apud</span> <span class='ocrx_word' id='word_1_583' title='bbox 744 5319 1505 5400; x_wconf 48' lang='lat' dir='ltr'>Canisium&#39;Basuagianum</span> <span class='ocrx_word' id='word_1_584' title='bbox 1525 5333 1668 5383; x_wconf 91' lang='lat' dir='ltr'>tom.</span> <span class='ocrx_word' id='word_1_585' title='bbox 1699 5328 1789 5393; x_wconf 87' lang='lat' dir='ltr'>III,</span> <span class='ocrx_word' id='word_1_586' title='bbox 1822 5345 1880 5400; x_wconf 91' lang='lat' dir='ltr'>p.</span> <span class='ocrx_word' id='word_1_587' title='bbox 1902 5330 1988 5384; x_wconf 79' lang='grc'>34.</span> 
     </span>
    </p>
   </div>
   <div class='ocr_carea' id='block_1_84' title="bbox 435 5389 1988 5466">
    <p class='ocr_par' dir='ltr' id='par_1_84' title="bbox 435 5389 1988 5466">
     <span class='ocr_line' id='line_1_85' title="bbox 435 5389 1988 5466; baseline 0.005 -19"><span class='ocrx_word' id='word_1_588' title='bbox 435 5389 528 5466; x_wconf 77' lang='grc'>15)</span> <span class='ocrx_word' id='word_1_589' title='bbox 554 5390 730 5466; x_wconf 83' lang='lat' dir='ltr'>_D_eest</span> <span class='ocrx_word' id='word_1_590' title='bbox 756 5391 961 5463; x_wconf 80' lang='grc' dir='ltr'>ἡμέραι</span> <span class='ocrx_word' id='word_1_591' title='bbox 996 5389 1154 5466; x_wconf 75' lang='grc' dir='ltr'>πέντε</span> <span class='ocrx_word' id='word_1_592' title='bbox 1210 5389 1297 5466; x_wconf 55' lang='lat' dir='ltr'>in:</span> <span class='ocrx_word' id='word_1_593' title='bbox 1331 5397 1461 5451; x_wconf 91' lang='lat' dir='ltr'>cod.</span> <span class='ocrx_word' id='word_1_594' title='bbox 1520 5389 1840 5456; x_wconf 48' lang='lat' dir='ltr'>Marciano.</span> <span class='ocrx_word' id='word_1_595' title='bbox 1863 5403 1988 5466; x_wconf 71' lang='grc'>494,</span> 
     </span>
    </p>
   </div>
   <div class='ocr_carea' id='block_1_85' title="bbox 341 5462 1434 5535">
    <p class='ocr_par' dir='ltr' id='par_1_85' title="bbox 341 5462 1434 5535">
     <span class='ocr_line' id='line_1_86' title="bbox 341 5462 1434 5535; baseline 0.002 -17"><span class='ocrx_word' id='word_1_596' title='bbox 341 5478 453 5535; x_wconf 83' lang='lat' dir='ltr'>pag</span> <span class='ocrx_word' id='word_1_597' title='bbox 506 5464 633 5529; x_wconf 77' lang='grc'>243,</span> <span class='ocrx_word' id='word_1_598' title='bbox 654 5468 728 5535; x_wconf 19' lang='grc' dir='ltr'>,ιη</span> <span class='ocrx_word' id='word_1_599' title='bbox 756 5468 815 5517; x_wconf 89' lang='lat' dir='ltr'>et</span> <span class='ocrx_word' id='word_1_600' title='bbox 845 5462 1214 5535; x_wconf 60' lang='lat' dir='ltr'>moxjuépac;</span> <span class='ocrx_word' id='word_1_601' title='bbox 1244 5462 1434 5535; x_wconf 54' lang='grc' dir='ltr'>εἷ’κοσι,</span> 
     </span>
    </p>
   </div>
   <div class='ocr_carea' id='block_1_86' title="bbox 410 5482 1986 5631">
    <p class='ocr_par' dir='ltr' id='par_1_86' title="bbox 410 5482 1986 5631">
     <span class='ocr_line' id='line_1_87' title="bbox 410 5482 1434 5535; baseline 0.002 -17"><span class='ocrx_word' id='word_1_602' title='bbox 410 5482 453 5535; x_wconf 69' lang='lat' dir='ltr'>.g</span> <span class='ocrx_word' id='word_1_603' title='bbox 507 5482 633 5529; x_wconf 64' lang='grc' dir='ltr'>κω,</span> <span class='ocrx_word' id='word_1_604' title='bbox 662 5482 728 5517; x_wconf 79' lang='lat' dir='ltr'>ut.</span> <span class='ocrx_word' id='word_1_605' title='bbox 756 5482 815 5517; x_wconf 76' lang='lat' dir='ltr'>et</span> <span class='ocrx_word' id='word_1_606' title='bbox 845 5482 983 5517; x_wconf 87' lang='lat' dir='ltr'>mox</span> <span class='ocrx_word' id='word_1_607' title='bbox 1004 5482 1115 5534; x_wconf 84' lang='grc' dir='ltr'>ημε</span> <span class='ocrx_word' id='word_1_608' title='bbox 1156 5484 1214 5524; x_wconf 84' lang='grc' dir='ltr'>ας</span> <span class='ocrx_word' id='word_1_609' title='bbox 1244 5482 1434 5520; x_wconf 77' lang='grc' dir='ltr'>εικοσι.</span> 
     </span>
     <span class='ocr_line' id='line_1_88' title="bbox 410 5482 1986 5631; baseline 0.005 -43"><span class='ocrx_word' id='word_1_610' title='bbox 410 5536 518 5612; x_wconf 79' lang='grc'>(16)</span> <span class='ocrx_word' id='word_1_611' title='bbox 552 5534 690 5589; x_wconf 88' lang='lat' dir='ltr'>Cod.</span> <span class='ocrx_word' id='word_1_612' title='bbox 725 5536 899 5591; x_wconf 87' lang='lat' dir='ltr'>Marc.</span> <span class='ocrx_word' id='word_1_613' title='bbox 951 5482 1264 5589; x_wconf 56' lang='lat' dir='ltr'>teacifeoce</span> <span class='ocrx_word' id='word_1_614' title='bbox 1305 5533 1363 5591; x_wconf 73' lang='grc' dir='ltr'>δὲ</span> <span class='ocrx_word' id='word_1_615' title='bbox 1392 5533 1486 5607; x_wconf 75' lang='grc' dir='ltr'>ἔτη</span> <span class='ocrx_word' id='word_1_616' title='bbox 1519 5539 1576 5592; x_wconf 81' lang='grc' dir='ltr'>π’</span> <span class='ocrx_word' id='word_1_617' title='bbox 1606 5539 1697 5594; x_wconf 79' lang='grc' dir='ltr'>καὶ</span> <span class='ocrx_word' id='word_1_618' title='bbox 1729 5539 1834 5599; x_wconf 85' lang='grc' dir='ltr'>ἀπὸ</span> <span class='ocrx_word' id='word_1_619' title='bbox 1864 5548 1986 5631; x_wconf 70' lang='grc' dir='ltr'>τῆς.</span> 
     </span>
     <span class='ocr_line' id='line_1_89' title="bbox 412 5602 1831 5631; baseline 0 0"><span class='ocrx_word' id='word_1_620' title='bbox 412 5606 521 5631; x_wconf 60' lang='lat' dir='ltr'>ann</span> <span class='ocrx_word' id='word_1_621' title='bbox 550 5605 664 5631; x_wconf 53' lang='lat' dir='ltr'>n‘A</span> <span class='ocrx_word' id='word_1_622' title='bbox 732 5606 883 5631; x_wconf 63' lang='grc' dir='ltr'>ιι---</span> <span class='ocrx_word' id='word_1_623' title='bbox 970 5602 1299 5631; x_wconf 71' lang='lat' dir='ltr'>n_.__l_B____</span> <span class='ocrx_word' id='word_1_624' title='bbox 1322 5628 1336 5631; x_wconf 88' lang='lat'>_</span> <span class='ocrx_word' id='word_1_625' title='bbox 1405 5603 1477 5631; x_wconf 36' lang='lat' dir='ltr'>2L.</span> <span class='ocrx_word' id='word_1_626' title='bbox 1536 5605 1603 5631; x_wconf 39' lang='grc' dir='ltr'>ιιι</span> <span class='ocrx_word' id='word_1_627' title='bbox 1690 5630 1705 5631; x_wconf 53' lang='grc' dir='ltr'><em>η</em></span> <span class='ocrx_word' id='word_1_628' title='bbox 1729 5610 1747 5631; x_wconf 79' lang='lat'><em>\</em></span> <span class='ocrx_word' id='word_1_629' title='bbox 1818 5612 1831 5631; x_wconf 69' lang='grc' dir='ltr'>ν</span> 
     </span>
    </p>
   </div>
   <div class='ocr_carea' id='block_1_87' title="bbox 409 5602 1986 5689">
    <p class='ocr_par' dir='ltr' id='par_1_87' title="bbox 409 5602 1986 5689">
     <span class='ocr_line' id='line_1_90' title="bbox 409 5602 1986 5689; baseline -0.004 -26"><span class='ocrx_word' id='word_1_630' title='bbox 409 5602 688 5689; x_wconf 63' lang='lat' dir='ltr'>(17)_ng.</span> <span class='ocrx_word' id='word_1_631' title='bbox 731 5606 906 5689; x_wconf 61' lang='lat' dir='ltr'>Marc.</span> <span class='ocrx_word' id='word_1_632' title='bbox 970 5602 1356 5689; x_wconf 52' lang='grc' dir='ltr'>ραπτίσϐατος,</span> <span class='ocrx_word' id='word_1_633' title='bbox 1535 5605 1632 5689; x_wconf 64' lang='grc' dir='ltr'>ξτη</span> <span class='ocrx_word' id='word_1_634' title='bbox 1685 5610 1752 5666; x_wconf 80' lang='grc' dir='ltr'>τὰ</span> <span class='ocrx_word' id='word_1_635' title='bbox 1786 5602 1986 5689; x_wconf 34' lang='grc' dir='ltr'>’ἀμφ’ὅ-</span> 
     </span>
    </p>
   </div>
   <div class='ocr_carea' id='block_1_88' title="bbox 332 5674 1983 5757">
    <p class='ocr_par' dir='ltr' id='par_1_88' title="bbox 332 5674 1983 5757">
     <span class='ocr_line' id='line_1_91' title="bbox 332 5674 1983 5757; baseline 0.006 -26"><span class='ocrx_word' id='word_1_636' title='bbox 332 5674 461 5752; x_wconf 81' lang='grc' dir='ltr'>τερα</span> <span class='ocrx_word' id='word_1_637' title='bbox 489 5674 570 5750; x_wconf 81' lang='grc' dir='ltr'>λ’,</span> <span class='ocrx_word' id='word_1_638' title='bbox 591 5679 661 5734; x_wconf 87' lang='grc' dir='ltr'>Ει</span> <span class='ocrx_word' id='word_1_639' title='bbox 677 5695 816 5735; x_wconf 87' lang='lat' dir='ltr'>mox</span> <span class='ocrx_word' id='word_1_640' title='bbox 836 5674 888 5733; x_wconf 78' lang='grc' dir='ltr'>ἐν</span> <span class='ocrx_word' id='word_1_641' title='bbox 918 5674 1039 5742; x_wconf 77' lang='grc' dir='ltr'>ταῖς</span> <span class='ocrx_word' id='word_1_642' title='bbox 1066 5674 1351 5755; x_wconf 70' lang='grc' dir='ltr'>ἐρημίαις,</span> <span class='ocrx_word' id='word_1_643' title='bbox 1375 5680 1442 5737; x_wconf 80' lang='grc' dir='ltr'>τὰ</span> <span class='ocrx_word' id='word_1_644' title='bbox 1462 5676 1519 5736; x_wconf 75' lang='grc' dir='ltr'>ὃὶ</span> <span class='ocrx_word' id='word_1_645' title='bbox 1540 5674 1686 5739; x_wconf 75' lang='grc' dir='ltr'>ἄλλα</span> <span class='ocrx_word' id='word_1_646' title='bbox 1710 5674 1983 5757; x_wconf 48' lang='lat' dir='ltr'>spias-En.</span> 
     </span>
    </p>
   </div>
   <div class='ocr_carea' id='block_1_89' title="bbox 2133 3367 3777 3450">
    <p class='ocr_par' dir='ltr' id='par_1_89' title="bbox 2133 3367 3777 3450">
     <span class='ocr_line' id='line_1_92' title="bbox 2133 3367 3777 3450; baseline -0.005 -21"><span class='ocrx_word' id='word_1_647' title='bbox 2133 3370 2373 3449; x_wconf 84' lang='grc' dir='ltr'>Μέμφιν,</span> <span class='ocrx_word' id='word_1_648' title='bbox 2408 3369 2523 3426; x_wconf 80' lang='grc' dir='ltr'>ὅτε</span> <span class='ocrx_word' id='word_1_649' title='bbox 2577 3371 2779 3450; x_wconf 75' lang='grc' dir='ltr'>Ἰωσήφ</span> <span class='ocrx_word' id='word_1_650' title='bbox 2838 3371 2927 3425; x_wconf 85' lang='grc' dir='ltr'>καὶ</span> <span class='ocrx_word' id='word_1_651' title='bbox 2986 3372 3020 3438; x_wconf 85' lang='grc' dir='ltr'>ἡ</span> <span class='ocrx_word' id='word_1_652' title='bbox 3078 3369 3263 3442; x_wconf 70' lang='grc' dir='ltr'>Μαρία</span> <span class='ocrx_word' id='word_1_653' title='bbox 3314 3367 3407 3422; x_wconf 82' lang='grc' dir='ltr'>σὺν</span> <span class='ocrx_word' id='word_1_654' title='bbox 3464 3372 3543 3441; x_wconf 75' lang='grc' dir='ltr'>τῷ</span> <span class='ocrx_word' id='word_1_655' title='bbox 3592 3370 3777 3438; x_wconf 80' lang='grc' dir='ltr'>Ἰησοῦ</span> 
     </span>
    </p>
   </div>
   <div class='ocr_carea' id='block_1_90' title="bbox 2131 3454 3778 3538">
    <p class='ocr_par' dir='ltr' id='par_1_90' title="bbox 2131 3454 3778 3538">
     <span class='ocr_line' id='line_1_93' title="bbox 2131 3454 3778 3538; baseline -0.002 -22"><span class='ocrx_word' id='word_1_656' title='bbox 2131 3459 2223 3532; x_wconf 84' lang='grc' dir='ltr'>ἔτη</span> <span class='ocrx_word' id='word_1_657' title='bbox 2254 3460 2399 3538; x_wconf 87' lang='grc' dir='ltr'>τρία,</span> <span class='ocrx_word' id='word_1_658' title='bbox 2458 3462 2672 3537; x_wconf 80' lang='grc' dir='ltr'>ἡμέρας</span> <span class='ocrx_word' id='word_1_659' title='bbox 2731 3461 2922 3518; x_wconf 59' lang='grc' dir='ltr'>εἷειοσι.</span> <span class='ocrx_word' id='word_1_660' title='bbox 2976 3460 3124 3515; x_wconf 79' lang='grc' dir='ltr'>Μετᾶ</span> <span class='ocrx_word' id='word_1_661' title='bbox 3168 3456 3224 3513; x_wconf 68' lang='grc' dir='ltr'>δὲ</span> <span class='ocrx_word' id='word_1_662' title='bbox 3255 3461 3354 3529; x_wconf 74' lang='grc' dir='ltr'>τὴν</span> <span class='ocrx_word' id='word_1_663' title='bbox 3384 3454 3644 3514; x_wconf 77' lang='grc' dir='ltr'>ἐπάνοδον</span> <span class='ocrx_word' id='word_1_664' title='bbox 3679 3458 3778 3513; x_wconf 82' lang='grc' dir='ltr'>αὐ-</span> 
     </span>
    </p>
   </div>
   <div class='ocr_carea' id='block_1_91' title="bbox 2126 3547 3777 3624">
    <p class='ocr_par' dir='ltr' id='par_1_91' title="bbox 2126 3547 3777 3624">
     <span class='ocr_line' id='line_1_94' title="bbox 2126 3547 3777 3624; baseline -0.002 -19"><span class='ocrx_word' id='word_1_665' title='bbox 2126 3555 2234 3605; x_wconf 78' lang='grc' dir='ltr'>τῶν</span> <span class='ocrx_word' id='word_1_666' title='bbox 2270 3551 2357 3607; x_wconf 79' lang='grc' dir='ltr'>ἐπὶ</span> <span class='ocrx_word' id='word_1_667' title='bbox 2385 3554 2786 3624; x_wconf 26' lang='grc' dir='ltr'>τῆς-,οἰκήσεως</span> <span class='ocrx_word' id='word_1_668' title='bbox 2811 3551 2986 3606; x_wconf 84' lang='grc' dir='ltr'>αὐτῶν</span> <span class='ocrx_word' id='word_1_669' title='bbox 3019 3556 3118 3618; x_wconf 87' lang='grc' dir='ltr'>τῆς</span> <span class='ocrx_word' id='word_1_670' title='bbox 3154 3547 3450 3610; x_wconf 87' lang='grc' dir='ltr'>Γαλιλαίας</span> <span class='ocrx_word' id='word_1_671' title='bbox 3484 3547 3648 3624; x_wconf 84' lang='grc' dir='ltr'>μέχρι</span> <span class='ocrx_word' id='word_1_672' title='bbox 3673 3554 3777 3618; x_wconf 86' lang='grc' dir='ltr'>τῆς</span> 
     </span>
    </p>
   </div>
   <div class='ocr_carea' id='block_1_92' title="bbox 2125 3634 3771 3717">
    <p class='ocr_par' dir='ltr' id='par_1_92' title="bbox 2125 3634 3771 3717">
     <span class='ocr_line' id='line_1_95' title="bbox 2125 3634 3771 3717; baseline -0.002 -22"><span class='ocrx_word' id='word_1_673' title='bbox 2125 3639 2383 3710; x_wconf 83' lang='grc' dir='ltr'>τελευτῆς</span> <span class='ocrx_word' id='word_1_674' title='bbox 2415 3639 2748 3717; x_wconf 82' lang='grc' dir='ltr'>Ἀρχελάου,</span> <span class='ocrx_word' id='word_1_675' title='bbox 2782 3636 2875 3710; x_wconf 76' lang='grc' dir='ltr'>ἔτη</span> <span class='ocrx_word' id='word_1_676' title='bbox 2927 3637 3093 3707; x_wconf 78' lang='grc' dir='ltr'>ἐννέα,</span> <span class='ocrx_word' id='word_1_677' title='bbox 3130 3636 3334 3712; x_wconf 82' lang='grc' dir='ltr'>ἡμέραι</span> <span class='ocrx_word' id='word_1_678' title='bbox 3394 3634 3771 3692; x_wconf 79' lang='grc' dir='ltr'>ἑπτακαίδεκα.</span> 
     </span>
    </p>
   </div>
   <div class='ocr_carea' id='block_1_93' title="bbox 2127 3723 3775 3806">
    <p class='ocr_par' dir='ltr' id='par_1_93' title="bbox 2127 3723 3775 3806">
     <span class='ocr_line' id='line_1_96' title="bbox 2127 3723 3775 3806; baseline -0.002 -23"><span class='ocrx_word' id='word_1_679' title='bbox 2127 3729 2234 3784; x_wconf 81' lang='grc' dir='ltr'>Σὺν</span> <span class='ocrx_word' id='word_1_680' title='bbox 2264 3734 2344 3803; x_wconf 75' lang='grc' dir='ltr'>τῷ</span> <span class='ocrx_word' id='word_1_681' title='bbox 2373 3728 2667 3806; x_wconf 75' lang='grc' dir='ltr'>Ἀρχελαῳ</span> <span class='ocrx_word' id='word_1_682' title='bbox 2690 3728 2915 3799; x_wconf 85' lang='grc' dir='ltr'>τελευτᾷ</span> <span class='ocrx_word' id='word_1_683' title='bbox 2958 3728 3048 3783; x_wconf 73' lang='grc' dir='ltr'>καὶ</span> <span class='ocrx_word' id='word_1_684' title='bbox 3082 3724 3417 3803; x_wconf 73' lang='grc' dir='ltr'>Αὔγουστος,</span> <span class='ocrx_word' id='word_1_685' title='bbox 3451 3728 3679 3797; x_wconf 75' lang='grc' dir='ltr'>Ἒζησεν</span> <span class='ocrx_word' id='word_1_686' title='bbox 3713 3723 3775 3781; x_wconf 76' lang='grc' dir='ltr'>δὲ</span> 
     </span>
    </p>
   </div>
   <div class='ocr_carea' id='block_1_94' title="bbox 2124 3811 3775 3892">
    <p class='ocr_par' dir='ltr' id='par_1_94' title="bbox 2124 3811 3775 3892">
     <span class='ocr_line' id='line_1_97' title="bbox 2124 3811 3775 3892; baseline -0.004 -17"><span class='ocrx_word' id='word_1_687' title='bbox 2124 3817 2216 3889; x_wconf 83' lang='grc' dir='ltr'>ἔτη</span> <span class='ocrx_word' id='word_1_688' title='bbox 2250 3821 2367 3890; x_wconf 85' lang='grc' dir='ltr'>πη’.</span> <span class='ocrx_word' id='word_1_689' title='bbox 2430 3814 2805 3875; x_wconf 77' lang='grc' dir='ltr'>Ἐϐασίλευσεν</span> <span class='ocrx_word' id='word_1_690' title='bbox 2851 3818 2963 3892; x_wconf 87' lang='grc'>(16)</span> <span class='ocrx_word' id='word_1_691' title='bbox 3025 3811 3117 3887; x_wconf 80' lang='grc' dir='ltr'>ἔτη</span> <span class='ocrx_word' id='word_1_692' title='bbox 3174 3821 3266 3882; x_wconf 83' lang='grc' dir='ltr'>νς”.</span> <span class='ocrx_word' id='word_1_693' title='bbox 3298 3815 3432 3872; x_wconf 88' lang='grc' dir='ltr'>Ἀπὸ</span> <span class='ocrx_word' id='word_1_694' title='bbox 3464 3812 3521 3870; x_wconf 77' lang='grc' dir='ltr'>δὲ</span> <span class='ocrx_word' id='word_1_695' title='bbox 3548 3821 3647 3884; x_wconf 82' lang='grc' dir='ltr'>τῆς</span> <span class='ocrx_word' id='word_1_696' title='bbox 3681 3835 3775 3870; x_wconf 74' lang='grc' dir='ltr'>τε·</span> 
     </span>
    </p>
   </div>
   <div class='ocr_carea' id='block_1_95' title="bbox 2123 3902 3773 3984">
    <p class='ocr_par' dir='ltr' id='par_1_95' title="bbox 2123 3902 3773 3984">
     <span class='ocr_line' id='line_1_98' title="bbox 2123 3902 3773 3984; baseline -0.002 -21"><span class='ocrx_word' id='word_1_697' title='bbox 2123 3906 2322 3978; x_wconf 76' lang='grc' dir='ltr'>λευτῆς</span> <span class='ocrx_word' id='word_1_698' title='bbox 2350 3906 2658 3984; x_wconf 83' lang='grc' dir='ltr'>’Λρχελάου</span> <span class='ocrx_word' id='word_1_699' title='bbox 2684 3909 2849 3982; x_wconf 85' lang='grc' dir='ltr'>μέχρι</span> <span class='ocrx_word' id='word_1_700' title='bbox 2880 3908 2976 3960; x_wconf 86' lang='grc' dir='ltr'>τοῦ</span> <span class='ocrx_word' id='word_1_701' title='bbox 3007 3905 3057 3960; x_wconf 85' lang='grc' dir='ltr'>ἐν</span> <span class='ocrx_word' id='word_1_702' title='bbox 3081 3902 3345 3980; x_wconf 74' lang='grc' dir='ltr'>Ἰωρδάνῃ</span> <span class='ocrx_word' id='word_1_703' title='bbox 3376 3908 3472 3960; x_wconf 86' lang='grc' dir='ltr'>τοῦ</span> <span class='ocrx_word' id='word_1_704' title='bbox 3510 3905 3773 3978; x_wconf 77' lang='grc' dir='ltr'>Σωτῆρος</span> 
     </span>
    </p>
   </div>
   <div class='ocr_carea' id='block_1_96' title="bbox 2123 3991 3773 4072">
    <p class='ocr_par' dir='ltr' id='par_1_96' title="bbox 2123 3991 3773 4072">
     <span class='ocr_line' id='line_1_99' title="bbox 2123 3991 3773 4072; baseline -0.004 -18"><span class='ocrx_word' id='word_1_705' title='bbox 2123 4000 2284 4072; x_wconf 85' lang='grc' dir='ltr'>ἡμῶν</span> <span class='ocrx_word' id='word_1_706' title='bbox 2348 3997 2453 4053; x_wconf 82' lang='grc' dir='ltr'>ὑπὸ</span> <span class='ocrx_word' id='word_1_707' title='bbox 2513 3998 2768 4055; x_wconf 81' lang='grc' dir='ltr'>Ἰωάννου</span> <span class='ocrx_word' id='word_1_708' title='bbox 2831 3996 3203 4070; x_wconf 86' lang='grc' dir='ltr'>βαπτίσματος</span> <span class='ocrx_word' id='word_1_709' title='bbox 3238 3997 3349 4068; x_wconf 87' lang='grc'>(17)</span> <span class='ocrx_word' id='word_1_710' title='bbox 3384 3993 3546 4050; x_wconf 78' lang='grc' dir='ltr'>αὐτοῦ</span> <span class='ocrx_word' id='word_1_711' title='bbox 3584 3991 3679 4064; x_wconf 83' lang='grc' dir='ltr'>ἔτη</span> <span class='ocrx_word' id='word_1_712' title='bbox 3716 4014 3773 4059; x_wconf 80' lang='grc' dir='ltr'>ις</span> 
     </span>
    </p>
   </div>
   <div class='ocr_carea' id='block_1_97' title="bbox 2121 4083 3771 4163">
    <p class='ocr_par' dir='ltr' id='par_1_97' title="bbox 2121 4083 3771 4163">
     <span class='ocr_line' id='line_1_100' title="bbox 2121 4083 3771 4163; baseline -0.003 -21"><span class='ocrx_word' id='word_1_713' title='bbox 2121 4088 2324 4163; x_wconf 82' lang='grc' dir='ltr'>ἡμέραι</span> <span class='ocrx_word' id='word_1_714' title='bbox 2357 4084 2424 4142; x_wconf 70' lang='grc' dir='ltr'>λ’.</span> <span class='ocrx_word' id='word_1_715' title='bbox 2461 4087 2596 4144; x_wconf 89' lang='grc' dir='ltr'>Ἀπὸ</span> <span class='ocrx_word' id='word_1_716' title='bbox 2628 4083 2686 4141; x_wconf 76' lang='grc' dir='ltr'>δὲ</span> <span class='ocrx_word' id='word_1_717' title='bbox 2730 4088 2829 4140; x_wconf 87' lang='grc' dir='ltr'>τοῦ</span> <span class='ocrx_word' id='word_1_718' title='bbox 2891 4083 3269 4160; x_wconf 83' lang='grc' dir='ltr'>βαπτίσματος</span> <span class='ocrx_word' id='word_1_719' title='bbox 3330 4085 3498 4159; x_wconf 62' lang='grc' dir='ltr'>μέχρι</span> <span class='ocrx_word' id='word_1_720' title='bbox 3529 4088 3628 4152; x_wconf 86' lang='grc' dir='ltr'>τῆς</span> <span class='ocrx_word' id='word_1_721' title='bbox 3660 4086 3771 4140; x_wconf 81' lang='grc' dir='ltr'>Ζα-</span> 
     </span>
    </p>
   </div>
   <div class='ocr_carea' id='block_1_98' title="bbox 2120 4170 3774 4253">
    <p class='ocr_par' dir='ltr' id='par_1_98' title="bbox 2120 4170 3774 4253">
     <span class='ocr_line' id='line_1_101' title="bbox 2120 4170 3774 4253; baseline -0.002 -22"><span class='ocrx_word' id='word_1_722' title='bbox 2120 4177 2318 4253; x_wconf 89' lang='grc' dir='ltr'>χαρίου</span> <span class='ocrx_word' id='word_1_723' title='bbox 2380 4170 2724 4244; x_wconf 78' lang='grc' dir='ltr'>λιθοϐολίας,</span> <span class='ocrx_word' id='word_1_724' title='bbox 2786 4171 2902 4236; x_wconf 79' lang='grc' dir='ltr'>ἔτος</span> <span class='ocrx_word' id='word_1_725' title='bbox 2950 4174 3017 4228; x_wconf 72' lang='grc' dir='ltr'>α’.</span> <span class='ocrx_word' id='word_1_726' title='bbox 3056 4176 3073 4246; x_wconf 94' lang='grc'>[</span> <span class='ocrx_word' id='word_1_727' title='bbox 3107 4177 3219 4247; x_wconf 88' lang='grc'>(18)</span> <span class='ocrx_word' id='word_1_728' title='bbox 3252 4173 3338 4230; x_wconf 79' lang='grc' dir='ltr'>Ἑν</span> <span class='ocrx_word' id='word_1_729' title='bbox 3384 4173 3485 4249; x_wconf 77' lang='grc' dir='ltr'>γὰρ</span> <span class='ocrx_word' id='word_1_730' title='bbox 3514 4176 3594 4244; x_wconf 76' lang='grc' dir='ltr'>τῷ</span> <span class='ocrx_word' id='word_1_731' title='bbox 3619 4173 3774 4246; x_wconf 78' lang='grc' dir='ltr'>ἱερα-</span> 
     </span>
    </p>
   </div>
   <div class='ocr_carea' id='block_1_99' title="bbox 2116 4257 3775 4335">
    <p class='ocr_par' dir='ltr' id='par_1_99' title="bbox 2116 4257 3775 4335">
     <span class='ocr_line' id='line_1_102' title="bbox 2116 4257 3775 4335; baseline -0.002 -14"><span class='ocrx_word' id='word_1_732' title='bbox 2116 4266 2287 4322; x_wconf 67' lang='grc' dir='ltr'>τεύειν</span> <span class='ocrx_word' id='word_1_733' title='bbox 2317 4265 2473 4321; x_wconf 80' lang='grc' dir='ltr'>αὐτὸν</span> <span class='ocrx_word' id='word_1_734' title='bbox 2532 4264 2667 4320; x_wconf 79' lang='grc' dir='ltr'>κατὰ</span> <span class='ocrx_word' id='word_1_735' title='bbox 2720 4263 2782 4319; x_wconf 89' lang='grc' dir='ltr'>τὸ</span> <span class='ocrx_word' id='word_1_736' title='bbox 2841 4263 3029 4324; x_wconf 74' lang='grc' dir='ltr'>εἰωθὸς</span> <span class='ocrx_word' id='word_1_737' title='bbox 3088 4260 3253 4335; x_wconf 79' lang='grc' dir='ltr'>αὐτῷ,</span> <span class='ocrx_word' id='word_1_738' title='bbox 3309 4257 3775 4333; x_wconf 75' lang='grc' dir='ltr'>λιθοϐολήσαντες</span> 
     </span>
    </p>
   </div>
   <div class='ocr_carea' id='block_1_100' title="bbox 2116 4350 3770 4434">
    <p class='ocr_par' dir='ltr' id='par_1_100' title="bbox 2116 4350 3770 4434">
     <span class='ocr_line' id='line_1_103' title="bbox 2116 4350 3770 4434; baseline -0.005 -22"><span class='ocrx_word' id='word_1_739' title='bbox 2116 4355 2317 4425; x_wconf 79' lang='grc' dir='ltr'>αὐτὸν,</span> <span class='ocrx_word' id='word_1_740' title='bbox 2369 4356 2459 4411; x_wconf 76' lang='grc' dir='ltr'>καὶ</span> <span class='ocrx_word' id='word_1_741' title='bbox 2517 4355 2953 4434; x_wconf 70' lang='grc' dir='ltr'>κροταφήσαντες</span> <span class='ocrx_word' id='word_1_742' title='bbox 3028 4354 3165 4425; x_wconf 78' lang='grc'>(19),</span> <span class='ocrx_word' id='word_1_743' title='bbox 3234 4350 3599 4407; x_wconf 77' lang='grc' dir='ltr'>ἀπέκτειναν.</span> <span class='ocrx_word' id='word_1_744' title='bbox 3661 4352 3770 4407; x_wconf 73' lang='grc' dir='ltr'>Καὶ</span> 
     </span>
    </p>
   </div>
   <div class='ocr_carea' id='block_1_101' title="bbox 2115 4438 3774 4522">
    <p class='ocr_par' dir='ltr' id='par_1_101' title="bbox 2115 4438 3774 4522">
     <span class='ocr_line' id='line_1_104' title="bbox 2115 4438 3774 4522; baseline -0.004 -22"><span class='ocrx_word' id='word_1_745' title='bbox 2115 4445 2369 4522; x_wconf 73' lang='grc' dir='ltr'>σύραντες</span> <span class='ocrx_word' id='word_1_746' title='bbox 2395 4444 2695 4522; x_wconf 83' lang='grc' dir='ltr'>ἐκρέμασαν</span> <span class='ocrx_word' id='word_1_747' title='bbox 2728 4442 2888 4498; x_wconf 78' lang='grc' dir='ltr'>αὐτὸν</span> <span class='ocrx_word' id='word_1_748' title='bbox 2939 4440 3014 4503; x_wconf 76' lang='grc' dir='ltr'>εἰς</span> <span class='ocrx_word' id='word_1_749' title='bbox 3068 4442 3167 4510; x_wconf 84' lang='grc' dir='ltr'>τὴν</span> <span class='ocrx_word' id='word_1_750' title='bbox 3227 4438 3465 4496; x_wconf 70' lang='grc' dir='ltr'>κοιλάδα</span> <span class='ocrx_word' id='word_1_751' title='bbox 3523 4444 3620 4495; x_wconf 84' lang='grc' dir='ltr'>τοῦ</span> <span class='ocrx_word' id='word_1_752' title='bbox 3645 4441 3774 4497; x_wconf 79' lang='grc' dir='ltr'>Ἰω-</span> 
     </span>
    </p>
   </div>
   <div class='ocr_carea' id='block_1_102' title="bbox 2114 4525 3767 4615">
    <p class='ocr_par' dir='ltr' id='par_1_102' title="bbox 2114 4525 3767 4615">
     <span class='ocr_line' id='line_1_105' title="bbox 2114 4525 3767 4615; baseline -0.004 -24"><span class='ocrx_word' id='word_1_753' title='bbox 2114 4537 2332 4615; x_wconf 74' lang='grc' dir='ltr'>σαιράτ.]</span> <span class='ocrx_word' id='word_1_754' title='bbox 2369 4534 2503 4591; x_wconf 85' lang='grc' dir='ltr'>Ἀπὸ</span> <span class='ocrx_word' id='word_1_755' title='bbox 2536 4530 2595 4587; x_wconf 72' lang='grc' dir='ltr'>δὲ</span> <span class='ocrx_word' id='word_1_756' title='bbox 2640 4539 2740 4602; x_wconf 80' lang='grc' dir='ltr'>τῆς</span> <span class='ocrx_word' id='word_1_757' title='bbox 2771 4536 2867 4586; x_wconf 86' lang='grc' dir='ltr'>τοῦ</span> <span class='ocrx_word' id='word_1_758' title='bbox 2899 4528 3171 4607; x_wconf 84' lang='grc' dir='ltr'>Ζαχαρίου</span> <span class='ocrx_word' id='word_1_759' title='bbox 3226 4525 3551 4594; x_wconf 77' lang='grc' dir='ltr'>λιθοϐολίας</span> <span class='ocrx_word' id='word_1_760' title='bbox 3590 4531 3767 4606; x_wconf 84' lang='grc' dir='ltr'>μέχρι</span> 
     </span>
    </p>
   </div>
   <div class='ocr_carea' id='block_1_103' title="bbox 2112 4618 3766 4697">
    <p class='ocr_par' dir='ltr' id='par_1_103' title="bbox 2112 4618 3766 4697">
     <span class='ocr_line' id='line_1_106' title="bbox 2112 4618 3766 4697; baseline -0.008 -18"><span class='ocrx_word' id='word_1_761' title='bbox 2112 4630 2212 4697; x_wconf 76' lang='grc' dir='ltr'>τῆς</span> <span class='ocrx_word' id='word_1_762' title='bbox 2244 4626 2492 4681; x_wconf 85' lang='grc' dir='ltr'>Ἰωαννου</span> <span class='ocrx_word' id='word_1_763' title='bbox 2521 4625 2617 4677; x_wconf 86' lang='grc' dir='ltr'>τοῦ</span> <span class='ocrx_word' id='word_1_764' title='bbox 2649 4623 2768 4676; x_wconf 72' lang='grc' dir='ltr'>υἱοῦ</span> <span class='ocrx_word' id='word_1_765' title='bbox 2801 4620 2969 4675; x_wconf 85' lang='grc' dir='ltr'>αὐτοῦ</span> <span class='ocrx_word' id='word_1_766' title='bbox 3007 4622 3120 4694; x_wconf 79' lang='lat'>(20)</span> <span class='ocrx_word' id='word_1_767' title='bbox 3149 4621 3429 4691; x_wconf 79' lang='grc' dir='ltr'>τελευτῆς,</span> <span class='ocrx_word' id='word_1_768' title='bbox 3463 4619 3549 4674; x_wconf 76' lang='grc' dir='ltr'>ἐπὶ</span> <span class='ocrx_word' id='word_1_769' title='bbox 3581 4618 3766 4694; x_wconf 73' lang='grc' dir='ltr'>Ἡρώ-</span> 
     </span>
    </p>
   </div>
   <div class='ocr_carea' id='block_1_104' title="bbox 2115 4706 3767 4788">
    <p class='ocr_par' dir='ltr' id='par_1_104' title="bbox 2115 4706 3767 4788">
     <span class='ocr_line' id='line_1_107' title="bbox 2115 4706 3767 4788; baseline -0.004 -20"><span class='ocrx_word' id='word_1_770' title='bbox 2115 4711 2211 4768; x_wconf 87' lang='grc' dir='ltr'>δου</span> <span class='ocrx_word' id='word_1_771' title='bbox 2238 4717 2336 4768; x_wconf 86' lang='grc' dir='ltr'>τοῦ</span> <span class='ocrx_word' id='word_1_772' title='bbox 2376 4712 2640 4788; x_wconf 87' lang='grc' dir='ltr'>νεωτέρου</span> <span class='ocrx_word' id='word_1_773' title='bbox 2689 4713 2785 4765; x_wconf 85' lang='grc' dir='ltr'>τοῦ</span> <span class='ocrx_word' id='word_1_774' title='bbox 2849 4711 2970 4764; x_wconf 76' lang='grc' dir='ltr'>υἱοῦ</span> <span class='ocrx_word' id='word_1_775' title='bbox 2999 4706 3333 4785; x_wconf 75' lang='grc' dir='ltr'>Ἀρχελὰου,</span> <span class='ocrx_word' id='word_1_776' title='bbox 3370 4707 3421 4763; x_wconf 80' lang='grc' dir='ltr'>ἐν</span> <span class='ocrx_word' id='word_1_777' title='bbox 3452 4711 3520 4783; x_wconf 76' lang='grc' dir='ltr'>τῇ</span> <span class='ocrx_word' id='word_1_778' title='bbox 3552 4713 3767 4787; x_wconf 71' lang='grc' dir='ltr'>φρουρᾷ</span> 
     </span>
    </p>
   </div>
   <div class='ocr_carea' id='block_1_105' title="bbox 2110 4796 3770 4881">
    <p class='ocr_par' dir='ltr' id='par_1_105' title="bbox 2110 4796 3770 4881">
     <span class='ocr_line' id='line_1_108' title="bbox 2110 4796 3770 4881; baseline -0.004 -22"><span class='ocrx_word' id='word_1_779' title='bbox 2110 4803 2405 4881; x_wconf 84' lang='grc' dir='ltr'>γεγονυίας,</span> <span class='ocrx_word' id='word_1_780' title='bbox 2438 4800 2554 4864; x_wconf 81' lang='grc' dir='ltr'>ἔτος</span> <span class='ocrx_word' id='word_1_781' title='bbox 2587 4800 2653 4859; x_wconf 67' lang='grc' dir='ltr'>α’.</span> <span class='ocrx_word' id='word_1_782' title='bbox 2685 4798 2824 4855; x_wconf 88' lang='grc' dir='ltr'>Ἀπὸ</span> <span class='ocrx_word' id='word_1_783' title='bbox 2855 4796 2913 4853; x_wconf 75' lang='grc' dir='ltr'>δὲ</span> <span class='ocrx_word' id='word_1_784' title='bbox 2940 4804 3042 4868; x_wconf 73' lang='grc' dir='ltr'>τῆς</span> <span class='ocrx_word' id='word_1_785' title='bbox 3079 4797 3342 4868; x_wconf 83' lang='grc' dir='ltr'>τελευτῆς</span> <span class='ocrx_word' id='word_1_786' title='bbox 3376 4798 3631 4855; x_wconf 77' lang='grc' dir='ltr'>’ίωάννου</span> <span class='ocrx_word' id='word_1_787' title='bbox 3665 4799 3770 4870; x_wconf 73' lang='grc' dir='ltr'>μὲ-</span> 
     </span>
    </p>
   </div>
   <div class='ocr_carea' id='block_1_106' title="bbox 2111 4883 3761 4968">
    <p class='ocr_par' dir='ltr' id='par_1_106' title="bbox 2111 4883 3761 4968">
     <span class='ocr_line' id='line_1_109' title="bbox 2111 4883 3761 4968; baseline -0.004 -23"><span class='ocrx_word' id='word_1_788' title='bbox 2111 4911 2208 4968; x_wconf 90' lang='grc' dir='ltr'>χρι</span> <span class='ocrx_word' id='word_1_789' title='bbox 2237 4895 2335 4947; x_wconf 88' lang='grc' dir='ltr'>τοῦ</span> <span class='ocrx_word' id='word_1_790' title='bbox 2393 4889 2668 4966; x_wconf 87' lang='grc' dir='ltr'>σωτηρίου</span> <span class='ocrx_word' id='word_1_791' title='bbox 2728 4888 2937 4951; x_wconf 81' lang='grc' dir='ltr'>πάθους</span> <span class='ocrx_word' id='word_1_792' title='bbox 2994 4892 3163 4960; x_wconf 85' lang='grc' dir='ltr'>μῆνες</span> <span class='ocrx_word' id='word_1_793' title='bbox 3215 4886 3283 4949; x_wconf 84' lang='grc' dir='ltr'>ς’.</span> <span class='ocrx_word' id='word_1_794' title='bbox 3345 4883 3440 4948; x_wconf 71' lang='lat' dir='ltr'>Ac‘</span> <span class='ocrx_word' id='word_1_795' title='bbox 3490 4886 3604 4957; x_wconf 81' lang='grc'>(21)</span> <span class='ocrx_word' id='word_1_796' title='bbox 3656 4883 3761 4960; x_wconf 70' lang='grc' dir='ltr'>γὰρ</span> 
     </span>
    </p>
   </div>
   <div class='ocr_carea' id='block_1_107' title="bbox 2108 4973 3762 5055">
    <p class='ocr_par' dir='ltr' id='par_1_107' title="bbox 2108 4973 3762 5055">
     <span class='ocr_line' id='line_1_110' title="bbox 2108 4973 3762 5055; baseline -0.004 -17"><span class='ocrx_word' id='word_1_797' title='bbox 2108 4980 2202 5055; x_wconf 78' lang='grc' dir='ltr'>ἔτη</span> <span class='ocrx_word' id='word_1_798' title='bbox 2234 4978 2420 5054; x_wconf 77' lang='grc' dir='ltr'>ἔζησεν</span> <span class='ocrx_word' id='word_1_799' title='bbox 2448 4982 2476 5036; x_wconf 89' lang='grc' dir='ltr'>ὁ</span> <span class='ocrx_word' id='word_1_800' title='bbox 2510 4980 2745 5050; x_wconf 68' lang='grc' dir='ltr'>Ιωοὶννης</span> <span class='ocrx_word' id='word_1_801' title='bbox 2774 4979 2802 5033; x_wconf 85' lang='grc' dir='ltr'>ὁ</span> <span class='ocrx_word' id='word_1_802' title='bbox 2834 4978 3168 5050; x_wconf 77' lang='grc' dir='ltr'>Βαπτιστῆς,</span> <span class='ocrx_word' id='word_1_803' title='bbox 3201 4973 3255 5031; x_wconf 88' lang='grc' dir='ltr'>λ’</span> <span class='ocrx_word' id='word_1_804' title='bbox 3307 4977 3401 5050; x_wconf 69' lang='grc' dir='ltr'>μὲν</span> <span class='ocrx_word' id='word_1_805' title='bbox 3444 4975 3762 5051; x_wconf 79' lang='grc' dir='ltr'>ὑποχωρῶν</span> 
     </span>
    </p>
   </div>
   <div class='ocr_carea' id='block_1_108' title="bbox 2109 5064 3761 5147">
    <p class='ocr_par' dir='ltr' id='par_1_108' title="bbox 2109 5064 3761 5147">
     <span class='ocr_line' id='line_1_111' title="bbox 2109 5064 3761 5147; baseline -0.005 -20"><span class='ocrx_word' id='word_1_806' title='bbox 2109 5072 2161 5127; x_wconf 76' lang='grc' dir='ltr'>ἐν</span> <span class='ocrx_word' id='word_1_807' title='bbox 2219 5077 2342 5136; x_wconf 85' lang='grc' dir='ltr'>τοῖς</span> <span class='ocrx_word' id='word_1_808' title='bbox 2400 5072 2650 5147; x_wconf 77' lang='grc' dir='ltr'>ἐρήμοις,</span> <span class='ocrx_word' id='word_1_809' title='bbox 2702 5068 2769 5126; x_wconf 81' lang='grc' dir='ltr'>τὰ</span> <span class='ocrx_word' id='word_1_810' title='bbox 2827 5065 2886 5124; x_wconf 71' lang='grc' dir='ltr'>δὲ</span> <span class='ocrx_word' id='word_1_811' title='bbox 2935 5066 3081 5123; x_wconf 82' lang='grc' dir='ltr'>ἄλλα</span> <span class='ocrx_word' id='word_1_812' title='bbox 3124 5068 3168 5132; x_wconf 81' lang='grc' dir='ltr'>ς’</span> <span class='ocrx_word' id='word_1_813' title='bbox 3227 5067 3514 5135; x_wconf 86' lang='grc' dir='ltr'>Βαπτίζων</span> <span class='ocrx_word' id='word_1_814' title='bbox 3567 5064 3620 5120; x_wconf 75' lang='grc' dir='ltr'>ἒν</span> <span class='ocrx_word' id='word_1_815' title='bbox 3679 5068 3761 5137; x_wconf 82' lang='grc' dir='ltr'>τῷ</span> 
     </span>
    </p>
   </div>
   <div class='ocr_carea' id='block_1_109' title="bbox 2176 5248 3455 5325">
    <p class='ocr_par' dir='ltr' id='par_1_109' title="bbox 2176 5248 3455 5325">
     <span class='ocr_line' id='line_1_112' title="bbox 2176 5248 3455 5325; baseline -0.006 -14"><span class='ocrx_word' id='word_1_816' title='bbox 2176 5256 2285 5325; x_wconf 88' lang='grc'>(18)</span> <span class='ocrx_word' id='word_1_817' title='bbox 2317 5255 2555 5313; x_wconf 89' lang='lat' dir='ltr'>Inclusa</span> <span class='ocrx_word' id='word_1_818' title='bbox 2580 5254 2798 5315; x_wconf 87' lang='lat' dir='ltr'>desunt</span> <span class='ocrx_word' id='word_1_819' title='bbox 2825 5251 2889 5306; x_wconf 91' lang='lat' dir='ltr'>in</span> <span class='ocrx_word' id='word_1_820' title='bbox 2919 5249 3123 5325; x_wconf 81' lang='lat' dir='ltr'>codice</span> <span class='ocrx_word' id='word_1_821' title='bbox 3159 5248 3455 5325; x_wconf 75' lang='lat' dir='ltr'>vaticano.</span> 
     </span>
    </p>
   </div>
   <div class='ocr_carea' id='block_1_110' title="bbox 2175 5316 3751 5399">
    <p class='ocr_par' dir='ltr' id='par_1_110' title="bbox 2175 5316 3751 5399">
     <span class='ocr_line' id='line_1_113' title="bbox 2175 5316 3751 5399; baseline -0.01 -14"><span class='ocrx_word' id='word_1_822' title='bbox 2175 5316 2287 5394; x_wconf 71' lang='grc'>(19)</span> <span class='ocrx_word' id='word_1_823' title='bbox 2318 5327 2462 5383; x_wconf 90' lang='lat' dir='ltr'>Cod.</span> <span class='ocrx_word' id='word_1_824' title='bbox 2496 5328 2670 5382; x_wconf 84' lang='lat' dir='ltr'>Marc.</span> <span class='ocrx_word' id='word_1_825' title='bbox 2704 5318 3153 5399; x_wconf 51' lang='grc' dir='ltr'>προταιρίσιπιντεςἐ</span> <span class='ocrx_word' id='word_1_826' title='bbox 3210 5322 3368 5399; x_wconf 68' lang='lat' dir='ltr'>M_ox_</span> <span class='ocrx_word' id='word_1_827' title='bbox 3390 5316 3751 5399; x_wconf 46' lang='grc' dir='ltr'>ἐκρὲμνησακεν.ἒ</span> 
     </span>
    </p>
   </div>
   <div class='ocr_carea' id='block_1_111' title="bbox 2173 5390 3758 5471">
    <p class='ocr_par' dir='ltr' id='par_1_111' title="bbox 2173 5390 3758 5471">
     <span class='ocr_line' id='line_1_114' title="bbox 2173 5390 3758 5471; baseline -0.007 -18"><span class='ocrx_word' id='word_1_828' title='bbox 2173 5390 2282 5471; x_wconf 73' lang='lat'>(20)</span> <span class='ocrx_word' id='word_1_829' title='bbox 2340 5399 2484 5456; x_wconf 89' lang='lat' dir='ltr'>Cod.</span> <span class='ocrx_word' id='word_1_830' title='bbox 2538 5400 2711 5453; x_wconf 75' lang='lat' dir='ltr'>Marc.</span> <span class='ocrx_word' id='word_1_831' title='bbox 2748 5390 3008 5467; x_wconf 56' lang='lat' dir='ltr'>&#39;pro&#39;toi&#39;a</span> <span class='ocrx_word' id='word_1_832' title='bbox 3035 5393 3156 5447; x_wconf 78' lang='grc' dir='ltr'>υἱοῦ</span> <span class='ocrx_word' id='word_1_833' title='bbox 3206 5390 3393 5463; x_wconf 80' lang='grc' dir='ltr'>αὐτοῦ,</span> <span class='ocrx_word' id='word_1_834' title='bbox 3456 5390 3635 5448; x_wconf 87' lang='lat' dir='ltr'>habet</span> <span class='ocrx_word' id='word_1_835' title='bbox 3655 5392 3758 5443; x_wconf 71' lang='grc' dir='ltr'>τοῦ</span> 
     </span>
    </p>
   </div>
   <div class='ocr_carea' id='block_1_112' title="bbox 2102 5473 2424 5524">
    <p class='ocr_par' dir='ltr' id='par_1_112' title="bbox 2102 5473 2424 5524">
     <span class='ocr_line' id='line_1_115' title="bbox 2102 5473 2424 5524; baseline 0.006 -2"><span class='ocrx_word' id='word_1_836' title='bbox 2102 5473 2424 5524; x_wconf 86' lang='grc' dir='ltr'>Βαπτιστοῦ.</span> 
     </span>
    </p>
   </div>
   <div class='ocr_carea' id='block_1_113' title="bbox 2173 5528 3750 5619">
    <p class='ocr_par' dir='ltr' id='par_1_113' title="bbox 2173 5528 3750 5619">
     <span class='ocr_line' id='line_1_116' title="bbox 2173 5528 3750 5619; baseline -0.009 -21"><span class='ocrx_word' id='word_1_837' title='bbox 2173 5544 2290 5619; x_wconf 67' lang='grc'>(21</span> <span class='ocrx_word' id='word_1_838' title='bbox 2318 5544 2397 5619; x_wconf 62' lang='lat' dir='ltr'>In</span> <span class='ocrx_word' id='word_1_839' title='bbox 2430 5541 2558 5619; x_wconf 76' lang='lat' dir='ltr'>cod.</span> <span class='ocrx_word' id='word_1_840' title='bbox 2619 5532 2997 5619; x_wconf 43' lang='lat' dir='ltr'>Marciano}?</span> <span class='ocrx_word' id='word_1_841' title='bbox 3024 5555 3317 5611; x_wconf 84' lang='grc' dir='ltr'>τριακοντα</span> <span class='ocrx_word' id='word_1_842' title='bbox 3345 5532 3451 5619; x_wconf 72' lang='grc' dir='ltr'>γὰρ</span> <span class='ocrx_word' id='word_1_843' title='bbox 3501 5530 3592 5597; x_wconf 82' lang='grc' dir='ltr'>καὶ</span> <span class='ocrx_word' id='word_1_844' title='bbox 3622 5528 3750 5613; x_wconf 83' lang='grc' dir='ltr'>τρία</span> 
     </span>
    </p>
   </div>
   <div class='ocr_carea' id='block_1_114' title="bbox 2098 5608 2979 5684">
    <p class='ocr_par' dir='ltr' id='par_1_114' title="bbox 2098 5608 2979 5684">
     <span class='ocr_line' id='line_1_117' title="bbox 2098 5608 2979 5684; baseline 0 -18"><span class='ocrx_word' id='word_1_845' title='bbox 2098 5608 2192 5684; x_wconf 73' lang='grc' dir='ltr'>’ἔτη</span> <span class='ocrx_word' id='word_1_846' title='bbox 2230 5608 2323 5671; x_wconf 82' lang='lat' dir='ltr'>Sic</span> <span class='ocrx_word' id='word_1_847' title='bbox 2357 5614 2673 5673; x_wconf 80' lang='lat' dir='ltr'>Vaticanus</span> <span class='ocrx_word' id='word_1_848' title='bbox 2704 5610 2888 5671; x_wconf 84' lang='lat' dir='ltr'>codex</span> <span class='ocrx_word' id='word_1_849' title='bbox 2917 5610 2979 5666; x_wconf 84' lang='grc' dir='ltr'>Β.</span> 
     </span>
    </p>
   </div>
  </div>
