4152 6312
378 370 533 435 1037

1805 360 2322 430 FRAGMENTA.

3633 368 3791 430 {038

371 498 662 578 Ἰωρδάνῃ,
720 496 810 561 καῖ
850 499 1137 578 κηρύσσων
1201 501 1540 575 μετάννοιαν.
1587 496 1782 563 Οὕτως
1839 498 1867 554 6
1924 496 2032 554 K6-

2154 496 2509 569 baptismum
2543 511 2677 551 vero
2720 502 3048 569 receptum,
3076 497 3284 553 ascivit
3315 497 3427 553 sibi
3457 499 3794 573 delegitque

377 610 495 667 ριος
550 592 763 661 Ἰησοῦς
827 592 1068 664 Χριστὸς
1101 591 1148 646 Λ¹
1192 590 1427 665 χρόνους
1488 588 1539 645 ἒν
1582 594 1699 651 τοῖς
1759 584 2036 648 παιδικοῖς

379 670 546 735 αὐτοῦ
604 678 830 754 χρόνοις
892 677 1104 749 διῆλεν.
1163 680 1313 735 Μετὰ
1366 678 1424 734 δὲ
1474 679 1537 735 τὸ
1596 678 1880 755 βάπτισμα
1936 674 2034 731 ἐπ-

376 767 603 841 ελέξατο
656 768 831 841 ἑαυτῷ
874 768 1005 831 τοὺς
1060 761 1326 842 μαθητάς,
1374 767 1660 844 κηρύσσων
1713 767 1804 822 σὺν
1848 767 2035 827 αὐτοῖς

375 859 478 929 τὴν
525 857 807 934 βασιλείαν
865 858 1028 916 αὐτοῦ
1090 860 1257 935 μέχρι
1315 862 1413 914 τοῦ
1472 857 1748 931 σωτηρίου
1807 856 2034 926 πάθους,

376 946 469 1018 ἔτη
503 948 573 1027 γ’.
622 949 714 1004 Διὸ
746 949 833 1005 καὶ
895 948 947 1003 οἱ
1005 945 1058 1003 ἐν
1118 948 1315 1022 Νικαίᾳ
1349 947 1569 1010 κανόνες
1617 948 1727 1018 τιη¹
1758 945 2034 1021 θεοφόρων

374 1036 632 1113 Πατὲρων
687 1035 1179 1120 παρακελεύονται,
1240 1038 1346 1113 ττρὸ
1401 1037 1698 1113 τριάκοντα
1752 1035 1885 1091 ἐτῶν
1930 1056 2036 1110 μη-

375 1124 500 1185 δένα
545 1179 549 1183 .
601 1128 1040 1207 χειροτονεῖσθαι
1115 1123 1500 1204 πρεσϐύτερον.
1601 1127 1857 1203 Ἀρκετὸν
1934 1126 2037 1207 γὰρ

373 1197 642 1301 pastui:
663 1197 883 1291 μαθητῇ
938 1216 1073 1272 εἶναι
1135 1197 1212 1281 ὧς
1267 1217 1295 1272 6
1349 1197 1683 1280 δίδάσκαλος
1728 1197 2039 1283 αὐτοΰ,καῖ

374 1328 502 1387 φασι
533 1311 615 1380 τῷ
641 1303 826 1380 δούλῳ
856 1306 929 1370 ὡς
959 1307 987 1362 6
1021 1304 1208 1382 ιιῦριος
1237 1304 1424 1369 αὐτοῦ.

449 1398 525 1457 B‘.
580 1398 720 1455 Ἀπὸ
783 1394 841 1454 δὲ
894 1401 991 1452 τοῦ
1049 1395 1327 1472 σωτηρίου
1381 1398 1609 1466 πάθους,
1658 1394 1748 1451 καὶ
1779 1400 1880 1464 τῆς
1910 1392 2041 1449 ἂνα-

373 1488 598 1564 λήψεως
630 1490 820 1558 αὐτοῦ,
857 1486 1023 1567 μέχρι
1074 1492 1175 1556 τῆς
1234 1484 1555 1550 λιθοϐολίας
1584 1491 1686 1543 τοῦ
1718 1487 1874 1563 ἁγίου
1903 1492 2035 1541 Στε-

378 1580 546 1654 φάνου
601 1583 700 1635 τοῦ
752 1576 1229 1655 πρωτομάρτυρος
1262 1582 1375 1650 (22)
1424 1579 1589 1653 μέχρι
1629 1581 1725 1633 τοῦ
1784 1576 2041 1653 φανέντος

373 1673 455 1742 τῷ
488 1668 653 1724 ΣαόΑ
680 1691 725 1744 ῳ
756 1669 958 1739 φωτὸς,
998 1675 1165 1742 μῆνες
1223 1669 1268 1731 ς’
1324 1671 1458 1743 (29.).
1520 1668 1616 1722 Καὶ
1677 1666 1783 1721 ἀπὸ
1813 1669 1909 1721 τοῦ
1940 1686 2044 1743 φα-

375 1757 558 1822 νὲντος
618 1758 788 1812 αὐτοῦ
868 1757 1068 1836 φωτὸς,
1134 1752 1639 1840 βαπτίσματός’τε
1704 1755 1893 1822 αὐτοῦ,
1949 1755 2040 1809 καὶ

2141 584 2489 658 discipulos,
2520 603 2657 641 cum
2686 586 2899 642 iisdem
2928 604 3101 642 suum
3134 603 3382 658 regnum
3414 589 3795 660 promulgans

2141 692 2331 747 usque
2390 676 2463 731 ad
2516 675 2890 732 salutiferam
2950 677 3312 748 passionem,
3364 678 3539 733 annis
3586 678 3795 737 tribus.

2140 765 2364 820 Idcirco
2399 766 2648 820 Nicmnm
2688 766 2899 838 synodi
2955 771 3355 822 trecentorum
3390 765 3796 840 duodeviginti

2143 855 2411 911 divorum
2444 859 2684 912 Patrum
2707 874 2968 913 canones
2990 859 3225 930 jubent,
3254 860 3799 931 decernuntque,ut

2143 952 2280 1002 ante
2304 962 2526 1002 annum
2543 947 2842 1013 30,nullus
2856 948 2917 1002 in
2939 948 3422 1021 presbyterorum
3440 949 3799 1019 allegeretur

2142 1036 2676 1092 ordinem.3ufﬂcit
2698 1036 2878 1104 enim,
2910 1036 3099 1102 aiunt,
3134 1038 3518 1113 discipulo,ut
3541 1041 3620 1093 sit
3644 1040 3799 1095 sicut

2140 1125 2422 1198 magister
2449 1125 2639 1197 ipsius
2670 1141 2682 1180 :
2715 1131 2775 1181 et
2803 1132 3063 1194 servo,ut
3085 1128 3163 1183 sit
3190 1127 3343 1182 sicut
3367 1129 3496 1201 ejus
3517 1128 3793 1186 dominus

2212 1393 2281 1447 Il.
2317 1396 2355 1448 A
2389 1393 2649 1449 salviﬁca
2694 1411 2829 1450 vero
2852 1394 3148 1467 passione,
3174 1402 3232 1451 et
3259 1396 3607 1454 ascensione
3629 1397 3801 1454 Chri-

2143 1482 2242 1550 sti,
2274 1500 2465 1555 usque
2496 1483 2570 1539 ad
2592 1485 2780 1539 sancti
2815 1485 3095 1557 Stephani
3127 1487 3304 1556 primi
3332 1488 3610 1560 martyris
3640 1488 3794 1559 lapi-

2144 1571 2465 1640 dationem,
2526 1589 2716 1644 usque
2775 1573 2849 1629 ad
2908 1574 3121 1643 lucem,
3158 1591 3288 1646 qua;
3321 1576 3494 1632 Saulo
3532 1577 3655 1632 visa
3686 1583 3796 1645 est,

2147 1660 2318 1731 eique
2346 1662 2639 1732 apparuit,
2663 1678 2899 1717 menses
2929 1668 3068 1718 sunt
3089 1679 3225 1718 sex:
3254 1669 3430 1735 atque
3453 1682 3487 1720 a
3507 1665 3800 1737 luce,qum

2146 1749 2259 1822 ipsi
2292 1750 2465 1805 Saulo
2518 1752 2811 1823 apparuit,
2875 1756 2933 1807 et
2987 1752 3059 1807 ab
3118 1752 3386 1824 ejusdem
3417 1754 3713 1825 baptismo
3744 1760 3803 1810 et

375 1846 734 1925 κηρῦγματος
790 1845 956 1923 μέχρι
1012 1852 1112 1915 τῆς
1167 1843 1493 1923 ἀναλήψεως
1548 1851 1649 1913 τῆς
1702 1842 1858 1918 ἁγίας
1890 1849 2036 1917 Παρ-

2154 1840 2589 1912 ριιωᾱίοειιὶοηο,
2623 1858 2813 1912 usque
2835 1842 2909 1897 ad
2941 1848 3159 1898 sanctas
3192 1843 3385 1899 Marias
3421 1844 3673 1917 Virginis
3704 1861 3799 1900 as-

377 1937 537 2001 θένου
569 1935 811 2010 Μαρίας,
842 1930 935 2006 ἔτη
983 1936 1053 2012 γ’,
1093 1937 1297 2011 ἡμέραι
1336 1931 1441 2007 μδ’.
1497 1936 1701 2004 ’Έζησε
1732 1929 1789 1987 δὲ
1821 1932 1910 1987 ἐπὶ
1939 1939 2041 2004 τῆς

382 2031 487 2100 γῆς
516 2026 551 2094 ἢ
586 2024 714 2098 ἁγία
745 2023 1031 2093 Θεοτόκος,
1062 2022 1153 2077 καὶ
1195 2019 1463 2097 Παρθένος
1497 2019 1589 2091 ἔτη
1620 2021 1698 2084 νθ¹
1728 2020 1923 2081 οὓτως·
1953 2021 2044 2075 Ἐν

375 2119 459 2192 τῷ
486 2119 601 2194 ναῷ
634 2111 728 2186 ἔτη
767 2110 851 2169 ιδ’.
915 2113 1017 2169 Καὶ
1075 2113 1127 2167 ἐν
1177 2116 1256 2185 τῷ
1315 2111 1450 2185 οἷ’κῳ
1504 2112 1730 2188 Ἰωσὴφ,
1772 2113 1945 2186 μῆνας
1978 2106 2040 2182 δ’,

381 2203 488 2262 Καὶ
520 2202 717 2266 εὐθὲως
774 2199 1141 2281 εὐηγγελίσθη
1200 2201 1304 2256 ὑπὸ
1349 2205 1448 2256 τοῦ
1480 2194 1752 2276 Γαϐριήλ.
1789 2200 1889 2255 Καὶ
1923 2197 2047 2255 συλ-

381 2287 627 2353 λαϐοῦσα
681 2290 831 2347 ἔτεκε
861 2291 949 2347 τὸν
993 2292 1193 2367 Κύριον
1246 2292 1405 2364 ἡμῶν
1441 2291 1655 2361 Ἰησοῦν
1686 2287 1941 2365 Χριστὸν,
1971 2292 2041 2361 τῇ

378 2383 475 2441 κε’.
506 2385 622 2439 Τοῦ
653 2376 987 2457 Δεκεμϐρίου
1046 2380 1239 2463 μηνὸς,
1290 2380 1492 2454 ἡμέρᾳ,
1535 2375 1627 2451 ἔτη
1669 2384 1743 2435 ιε’.
1780 2379 1880 2436 Καὶ
1916 2374 2043 2448 ἔζη-

383 2491 470 2527 σεν
530 2469 617 2526 ἐπὶ
669 2476 768 2539 τῆς
826 2468 1289 2547 ἐνανθρωπήσεως
1342 2473 1440 2523 τοῦ
1501 2467 1705 2546 Κυρίου
1734 2469 1896 2539 ἡμῶν
1931 2468 2041 2537 Ἰη-

392 2556 512 2628 σοῧ,
546 2555 637 2630 ἔτη
689 2555 796 2634 λγ’.
856 2556 962 2614 Καὶ
1026 2558 1161 2631 μετὰ
1216 2558 1315 2626 τήν
1376 2555 1649 2630 ἀνάληψιν
1681 2559 1781 2610 τοῦ
1811 2555 2040 2630 Κυρίου,

393 2645 581 2720 ἔζησεν
614 2645 708 2701 σὺν
736 2651 854 2709 τοῖς
913 2649 1180 2720 μαθηταῖς
1214 2646 1378 2701 αὐτοῦ
1412 2646 1463 2700 ἒν
1503 2648 1584 2719 τῷ
1614 2642 1755 2718 οἷ’κῳ
1788 2646 2040 2702 Ἰωάννου

385 2741 485 2793 τοῦ
516 2733 908 2812 εὐαγγελιστοῦ
940 2734 1032 2807 ἔτη
1088 2742 1174 2807 ια’,
1230 2734 1511 2811 ἡμέρας...
1544 2733 1787 2809 γίνονται
1818 2732 1909 2805 ἔτη
1943 2741 2044 2804 τῆς

391 2832 541 2897 ζωῆς
571 2826 739 2896 αὐτῆς
768 2828 864 2890 νθὶ
920 2826 1093 2888 Οὗτος
1148 2823 1205 2880 δὲ
1252 2824 1391 2879 ἐστιν
1447 2825 1731 2893 Ἰωάννης,
1764 2822 1820 2877 δν
1853 2821 2043 2898 ἠγάπα

387 2916 416 2971 6
449 2913 673 2991 Κύριος²
722 2915 753 2981 6
795 2915 882 2971 καὶ
936 2914 1223 2990 παρθένος,
1258 2913 1285 2969 6
1313 2913 1377 2968 τὸ
1423 2912 1541 2977 καθ’
1576 2912 1759 2968 ἑαυτὸν
1794 2911 2041 2988 Εὐαγγὲ-

395 3003 519 3061 λιον
565 3004 1035 3081 συγγραψάμενος,
1093 3004 1241 3066 ὅστις
1299 3000 1508 3079 ἔμεινεν
1541 3000 1594 3061 ἐν
1627 3000 2042 3080 Ἰεροσολύμοις

390 3093 468 3156 εἰς
497 3095 597 3163 τὴν
630 3090 937 3170 λεγομένην
999 3092 1157 3169 ἁγίαν
1218 3093 1387 3162 Σιὼν,
1443 3100 1545 3160 την
1594 3096 1701 3151 τῶν
1733 3091 2039 3162 ἐκκλησιῶν

2149 1930 2573 2001 sumptionem,
2620 1932 2763 1985 anni
2814 1936 2955 1997 tres,
3016 1931 3143 1987 dies
3188 1934 3275 1987 44.
3328 1933 3484 1989 Vixit
3512 1939 3710 1989 autem
3736 1934 3798 1989 in

2146 2020 2322 2074 terris
2353 2020 2731 2075 sanctissima
2761 2021 3012 2092 Deipara
3050 2027 3110 2076 et
3166 2022 3358 2094 Virgo,
3405 2024 3580 2078 annis
3607 2026 3693 2078 59.
3731 2025 3802 2078 Et

2147 2108 2258 2162 hoc
2290 2109 2532 2179 quidem
2571 2116 2779 2180 pacto:
2834 2111 2900 2165 In
2950 2111 3170 2181 templo
3202 2113 3375 2167 annis
3408 2115 3496 2181 14,
3529 2114 3590 2167 in
3622 2112 3798 2168 domo

2145 2198 2360 2269 Ioseph
2382 2197 2688 2253 mensibus
2708 2201 2762 2265 4,
2787 2200 3105 2270 statimque
3129 2200 3382 2257 salutata
3404 2207 3511 2264 est,
3537 2207 3596 2257 et
3618 2201 3799 2255 divini

2146 2292 2352 2359 partus
2374 2287 2808 2342 internuntium
2826 2304 2861 2342 a
2882 2288 3151 2344 Gabriele
3172 2289 3530 2362 archangelo
3552 2291 3800 2361 accepit:

2145 2380 2206 2431 et
2234 2392 2370 2431 cum
2399 2377 2771 2448 concepisset
2802 2377 3118 2433 Dominum
3142 2383 3406 2434 nostrum
3435 2379 3807 2435 JesumChri-

2148 2469 2326 2534 stum,
2357 2466 2590 2537 peperit
2621 2464 2898 2521 eumdem
2932 2469 2998 2521 25
3031 2467 3373 2523 Decembris
3397 2468 3558 2523 die...
3611 2485 3803 2524 annos

2146 2559 2287 2609 nata
2318 2557 2404 2608 15.
2439 2554 2593 2610 Vixit
2622 2571 2760 2609 vero
2794 2554 3045 2611 Domino
3078 2562 3281 2612 nostro
3311 2559 3448 2613 Jesu
3478 2558 3805 2625 Christo,in

2147 2644 2409 2700 humana
2441 2649 2653 2699 natura
2685 2644 2779 2698 hic
2807 2645 3034 2701 vivente
3068 2647 3242 2702 annis
3275 2649 3341 2701 33
3397 2649 3538 2703 Post
3566 2647 3803 2703 Domini

2147 2740 2348 2790 autem
2379 2738 2848 2807 assumptionem
2882 2742 2940 2791 et
2978 2738 3414 2809 ascensionem,
3448 2755 3583 2794 cum
3614 2739 3803 2810 ipsius

2145 2823 2547 2896 discipulis,in
2578 2823 2753 2880 domo
2775 2826 3021 2881 Joannis
3044 2827 3439 2899 evangelista,
3462 2828 3607 2882 vixit
3626 2828 3801 2883 annis

2148 2914 2234 2986 11,
2268 2914 2609 2970 dies...sunt
2625 2931 2760 2970 vero
2782 2917 2922 2971 anni
2947 2933 3154 2972 omnes
3176 2918 3306 2972 vita;
3338 2918 3526 2988 ipsius
3553 2918 3800 2989 virginis

2148 3008 2205 3059 et
2232 3003 2461 3074 matris,
2494 3005 2980 3079 undesexaginta.
3014 3008 3119 3063 Hic
3148 3024 3323 3079 porro
3355 3009 3483 3080 ipse
3513 3013 3602 3064 est
3623 3009 3802 3064 Joan-

2148 3110 2277 3159 nes.
2311 3110 2489 3164 quem
2520 3093 2805 3166 diligebat
2861 3096 3168 3161 Dominus,
3201 3098 3303 3168 qui
3332 3098 3490 3169 virgo
3522 3097 3670 3157 fuit:
3699 3097 3802 3167 qui

392 3184 620 3260 μητερα.
679 3183 822 3254 Δῦτη
884 3181 942 3238 δὲ
990 3183 1058 3252 ἦν
1116 3185 1152 3254 ἡ
1212 3181 1359 3237 cinia
1413 3181 1600 3289 ἱότοῦ.
1662 3182 1809 3239 Ἐκεῖ
1857 3181 2035 3236 τοίνυν

2154 3187 2212 3238 et
2240 3182 2619 3252 Evangelium
2651 3184 3027 3256 conscripsit,
3060 3186 3280 3257 quique
3313 3187 3572 3257 perstitit
3602 3187 3810 3241 Hiero—

387 3272 585 3353 ἓςρυγον
620 3274 672 3329 οἱ
703 3273 1002 3331 ἀπόστολοι
1062 3269 1152 3329 διὰ
1205 3273 1300 3330 τὸν
1356 3266 1524 3341 φόϐον
1582 3277 1688 3328 τῶν
1738 3271 2036 3331 Ἰουδαίων.

386 3362 536 3423 Ἐκεῖ
570 3368 692 3428 τοῖς
753 3365 1024 3438 μαθηταῖς
1081 3360 1247 3419 αὐτοῦ
1304 3360 1472 3440 ἐφάνη
1510 3362 1538 3417 6
1570 3361 1785 3439 Κύριος,
1821 3363 1956 3436 μετᾶ
1982 3363 2045 3423 τὸ

387 3455 685 3523 ἀναστῆναι
740 3453 902 3509 αὐτὸν
957 3451 1020 3508 ἐκ
1074 3457 1184 3508 τῶν
1236 3455 1474 3528 νεκρῶν,
1514 3457 1643 3521 τῶν,
1703 3457 1880 3527 θυρῶν
1956 3474 2048 3508 κε-

384 3541 756 3619 κλεισμὲνων,
815 3542 902 3598 καὶ
957 3540 1156 3599 ἔδωκεν
1218 3541 1405 3606 αὐτοῖς
1461 3546 1681 3614 Πνεῦμα
1732 3539 1906 3618 ἅγιον,
1954 3543 2044 3597 καὶ

382 3634 484 3702 τήν
520 3631 771 3709 εἰρήνην.
819 3634 971 3691 Ἐκεῖ
1022 3635 1090 3707 τῇ
1147 3629 1316 3710 ὀγδόη
1375 3631 1558 3705 ἡμέρᾳ
1586 3629 2042 3708 ἐπληροφόρησεν

383 3723 480 3779 τὸν
536 3727 737 3797 Θωμᾶν
789 3723 818 3783 ὁ
878 3722 1097 3797 Κύριος,
1148 3718 1321 3792 δείξας
1366 3720 1517 3793 αὖτῷ
1544 3727 1645 3790 τῆς
1675 3718 1915 3796 πλευρᾶς
1944 3721 2041 3789 τὴν

387 3813 626 3892 σφαγὴν,
666 3809 757 3867 καὶ
800 3811 893 3866 τὸν
949 3810 1117 3871 τόπον
1166 3814 1276 3865 τῶν
1330 3808 1488 3879 ἥλενο
1540 3810 1685 3863 Ἐκεῖ
1731 3808 2041 3882 ἡτοιμάσθη

387 3904 519 3979 γοῦν
564 3903 642 3973 τῷ
686 3900 871 3977 Κυρίῳ
922 3904 1142 3975 Σωτῆρι
1196 3900 1419 3979 Χριστῷ
1470 3902 1660 3971 φαγεῖν
1707 3896 1771 3951 τὸ
1812 3897 2044 3972 Πάσχα-

395 3988 533 4065 μετὰ
587 3993 694 4045 τῶν
760 3989 1018 4066 μαθητῶν
1079 3986 1264 4045 αὖτοῦ.
1325 3985 1423 4041 Καὶ
1483 3984 1681 4051 ἐκεῖθεν
1717 3987 2047 4060 ὑμνήσαντες

392 4077 624 4149 ἐξῆλθον
678 4076 757 4141 εἰς
805 4077 869 4141 τὸ
915 4073 1042 4153 ὅρος
1086 4080 1194 4135 τῶν
1246 4073 1502 4144 Ἐλαιῶν,
1539 4073 1615 4139 εἷς
1647 4075 1853 4150 χωρίον
1884 4074 2048 4151 λεγόη

398 4186 558 4241 μενον
610 4170 958 4240 Γεθσημανῆ.
1016 4167 1165 4222 Ἐκεῖ
1216 4165 1278 4221 τὸ
1328 4169 1549 4241 πρῶτον
1599 4167 1897 4240 μυστήριον
1937 4163 2051 4221 ἐτέ-

393 4254 548 4311 λεσεν
579 4254 834 4333 ὁΚόριος
885 4259 984 4311 τοῦ
1043 4254 1255 4330 Πατρός
1310 4257 1425 4327 (24)
1479 4258 1597 4317 τοῖς
1651 4255 1921 4328 μαθηταῖς
1952 4255 2052 4311 αὖ·

392 4347 512 4402 τοῦ.
598 4343 702 4421 Καὶ
783 4344 1233 4421 ἐμυσταγώγησεν
1333 4344 1523 4406 αὐτοῖς
1599 4344 1699 4414 τὴν
1786 4345 2050 4418 μυστικὴν

393 4420 672 4509 λατρείαν,
733 4433 823 4490 καὶ
881 4420 1111 4510 ἔκειρεν,
1188 4432 1277 4493 καὶ
1355 4431 1647 4510 εὐλόγησεν
1714 4429 1910 4494 αὐτοὺς
1962 4433 2046 4490 καὶ

2154 3272 2401 3346 solymis
2423 3272 2485 3327 in
2508 3278 2713 3328 sancta
2735 3273 2859 3329 aede
2887 3274 3080 3330 Sionis
3102 3273 3277 3340 dicta,
3310 3275 3670 3348 templorum
3693 3293 3814 3331 om»

2154 3363 2322 3423 nium
2380 3368 2591 3432 matre,
2648 3363 2759 3425 hoc
2817 3364 3005 3436 ipsius
3062 3370 3188 3422 erat
3243 3364 3634 3422 domicilium.
3668 3366 3813 3422 Illuc

2155 3453 2335 3526 igitur
2364 3453 2641 3525 apostoli,
2676 3459 2918 3525 propter
2943 3461 3168 3511 metum
3209 3456 3572 3520 Iudaeorum.
3604 3457 3809 3513 confu-

2154 3551 2385 3618 gerunt.
2411 3544 2540 3598 Illic
2564 3543 2792 3598 foribus
2813 3544 3371 3615 clausis,discipulis
3394 3547 3516 3600 suis
3539 3547 3814 3617 apparuit

2156 3633 2465 3697 Dominus,
2488 3637 2878 3704 posteaquam
2900 3650 2934 3687 a
2956 3633 3204 3688 mortuis
3238 3635 3463 3688 exstitit
3487 3651 3500 3688 :
3535 3640 3594 3689 et
3621 3635 3810 3705 Spiri-

2154 3727 2280 3777 tum
2312 3726 2606 3786 sanctum,
2663 3726 2724 3776 et
2769 3738 2977 3793 pacem
3035 3722 3258 3778 eisdem
3315 3722 3498 3779 dedit.
3552 3722 3681 3778 Illic
3711 3724 3808 3778 die

2153 3817 2355 3867 octavo
2368 3812 2652 3866 Thomam
2674 3816 2983 3866 nutantem
2997 3819 3225 3868 certum
3246 3812 3806 3869 reddiditDominus

2155 3900 2360 3957 lateris
2389 3899 2482 3954 sui
2514 3899 2705 3971 plaga,
2731 3905 2789 3954 et
2818 3900 3117 3955 clavorum
3146 3900 3360 3965 forma,
3393 3907 3451 3957 et
3482 3901 3675 3974 effigie
3706 3901 3809 3956 de-

2155 3993 2507 4051 monstrata.
2538 3989 2668 4044 Illic
2692 3989 2937 4044 Domino
2961 3991 3249 4045 Servatori
3280 3996 3483 4045 nostro
3513 3990 3811 4062 paschalis

2157 4098 2366 4155 agnus,
2401 4097 2577 4152 quem
2606 4097 2742 4139 cum
2772 4080 2898 4137 suis
2927 4081 3131 4137 ederet
3152 4081 3480 4153 discipulis,
3501 4081 3613 4136 fuit
3632 4097 3816 4155 appa-

2157 4177 2343 4228 ratus.
2375 4171 2567 4226 Etiam
2598 4170 2736 4226 inde
2793 4171 2858 4227 in
2914 4170 3113 4226 locum
3144 4171 3537 4227 Gethsemane
3569 4170 3818 4243 dictum,

2161 4259 2382 4333 egressi
2414 4264 2572 4314 sunt.
2629 4259 2856 4315 Ibidem
2915 4261 3106 4331 primo
3161 4267 3380 4317 sanctas
3432 4262 3817 4316 Eucharistiaa

2160 4349 2513 4425 mysterium
2547 4350 2803 4405 confecit
2856 4350 3144 4414 Christus,
3206 4350 3448 4421 suisque
3508 4349 3817 4420 discipulis

2164 4438 2429 4505 tradidit,
2488 4439 2807 4511 mysticum
2866 4439 3096 4494 cultum
3155 4439 3411 4502 edocuit,
3469 4444 3527 4493 et
3576 4444 3821 4493 tonsura

400 4522 839 4598 ἐχειροτόνησεν,
900 4522 992 4579 καὶ
1048 4519 1360 4596 παρέδωκεν
1417 4521 1602 4584 αὐτοῖς
1652 4522 1752 4590 τὴν
1786 4524 2045 4595 μυστικὴν

2162 4527 2303 4584 data
2331 4528 2395 4582 in
2426 4526 2651 4583 olerum
2701 4526 2929 4589 ascivit,
2986 4527 3427 4583 benedictionis
3458 4526 3816 4582 beneﬁcium

401 4589 655 4687 λάτρείαν
704 4589 837 4666 τῖον,
865 4589 1305 4688 προσταγμάτων
1374 4611 1570 4681 αὖτοῦ,
1612 4589 1717 4664 καί
1754 4589 2045 4685 μεγαλείωι

2166 4615 2670 4688 impendit,sacris
2688 4615 3014 4671 Ordinibus
3034 4614 3321 4683 initiavit;
3344 4620 3529 4670 totam
3550 4614 3820 4668 omnium

400 4700 593 4769 αὐτοῦ,
649 4700 743 4755 καὶ
801 4703 975 4755 πᾶσαν
1029 4701 1128 4769 τήν
1199 4698 1341 4766 θέαν,
1401 4698 1491 4754 καὶ
1548 4695 1703 4770 δόξαν
1757 4701 1855 4767 τῆς
1915 4698 2060 4764 θείας

402 4796 624 4864 μορφῆς
679 4790 874 4861 αὐτοῦ,
945 4789 1035 4844 καὶ
1117 4788 1295 4847 αὐτῶν
1351 4791 1458 4843 τῶν
1522 4786 1802 4862 μακαρίων
1857 4789 2055 4844 θεατῶν

400 4879 590 4951 αὐτοῦ,
645 4879 738 4936 καὶ
788 4884 960 4935 πᾶσαν
1010 4881 1113 4949 τήν
1162 4876 1342 4950 δόξαν,
1401 4878 1489 4933 καὶ
1550 4879 1780 4951 κόσμον,
1829 4879 1918 4934 καὶ
1964 4874 2056 4934 ἕλ-

400 4968 613 5043 λαμψιν
667 4976 771 5040 τῆς
821 4968 1152 5040 Ἐκκλησίας
1201 4967 1387 5039 αὐτοῦ,
1436 4968 1525 5022 καὶ
1571 4968 1670 5035 τὴν
1720 4967 1862 5023 θείαν
1898 4969 2060 5042 μετά-

399 5054 572 5133 ληψιν
624 5060 723 5112 τοῦ
781 5056 971 5135 τιμίου
1030 5058 1309 5132 σώματος,
1367 5056 1457 5111 καὶ
1488 5053 1719 5130 αἿματος
1750 5056 1939 5128 αὐτοῦ,
1971 5057 2060 5113 καὶ

401 5144 709 5222 Νικοδήμῳ
765 5151 845 5222 τῷ
902 5152 1081 5221 πιστῷ
1151 5146 1258 5223 πρὸ
1313 5149 1416 5203 τοῖ’)
1463 5145 1670 5208 πάθους
1728 5145 1913 5217 αὐτοῦ,
1971 5147 2062 5203 καὶ

473 5308 583 5380 (22)
605 5309 779 5366 Forte
810 5309 983 5367 deest
1009 5307 1198 5366 αὐτοῦ.

474 5377 589 5453 (23)
616 5381 799 5438 Locus
851 5382 1098 5441 mutilus
1123 5386 1242 5439 est.
1282 5380 1515 5453 Citatur
1542 5394 1579 5437 ει
1604 5377 1782 5453 Glyca
1817 5398 1879 5437 ιιι
1910 5388 2061 5453 part.

397 5450 639 5525 Annal,
671 5455 841 5525 cujus
872 5454 1049 5510 verba
1078 5453 1382 5523 interpres
1416 5451 1504 5506 sic
1536 5450 1833 5525 reddidit:
1871 5450 2066 5525 neque

396 5523 562 5579 enim
582 5524 711 5594 jam
742 5521 817 5581 ad
849 5542 1098 5583 manum
1129 5530 1223 5581 est
1244 5521 1493 5581 Graccus
1527 5521 1711 5580 codex
1744 5521 2066 5595 GlycaafDe

396 5596 798 5668 nonnullorum
825 5599 1051 5668 quidem
1085 5597 1478 5653 historicorum
1516 5596 1803 5668 sententia,
1831 5613 2068 5667 praeser-

402 5668 510 5722 tim
539 5666 853 5741 Hippolyti‘
868 5670 1129 5741 Thebani,
1153 5673 1284 5740 post
1308 5667 1530 5726 Domini
1583 5683 1654 5727 ea:
1698 5666 1930 5731 mortuis
1973 5686 2066 5727 re-

2169 4722 2540 4771 arcanorum,
2577 4721 2707 4775 qua;
2760 4705 2823 4758 in
2872 4703 3169 4759 mandatis
3191 4704 3387 4771 dabat,
3413 4710 3471 4758 et
3490 4705 3820 4775 majestatis

2169 4812 2289 4853 suae
2313 4794 2527 4851 seriem
2543 4792 2831 4863 exposuit,
2848 4792 3217 4864 gloriamque
3231 4792 3444 4849 divinae
3459 4810 3579 4849 suae
3592 4792 3819 4860 formae,

2168 4883 2623 4951 beatorumque,
2672 4896 2708 4936 a
2761 4880 2979 4950 quibus
3037 4886 3356 4952 spectatur,
3416 4882 3821 4954 spectaculum

2169 4970 2455 5027 exhibuit.
2481 4974 2547 5024 ut
2577 4974 2636 5024 et
2662 4970 3190 5042 magnificentiam,
3215 4977 3514 5040 ornatum,
3540 4972 3824 5044 splendo-

2171 5077 2417 5132 remque
2448 5059 2724 5119 Ecclesiaa
2757 5078 2916 5117 sum:
2968 5061 3207 5118 eosdem
3247 5062 3445 5125 divina
3472 5064 3737 5137 corporis
3768 5068 3826 5117 et

2172 5150 2478 5224 sanguinis
2508 5150 2599 5211 sui
2631 5151 3050 5211 communione
3080 5153 3356 5227 dignatus
3388 5159 3511 5226 est;
3544 5159 3612 5211 ut
3639 5159 3700 5210 et
3728 5154 3824 5210 Ni-

2171 5312 2563 5385 surrectionem
2591 5314 2728 5367 anni
2774 5319 2977 5385 septem
3013 5318 3424 5385 praeterierunt,
3458 5332 3578 5371 cum
3607 5315 3827 5373 testium

2177 5382 2421 5439 veritatis
2446 5385 2702 5455 princeps
2758 5384 2853 5440 ille
2903 5382 3212 5457 Stephanus
3262 5388 3478 5444 beatum
3507 5388 3634 5442 vitae
3661 5390 3826 5454 ﬁnem

2175 5463 2253 5512 est
2284 5462 2617 5510 consecutus.
2655 5457 2741 5511 Ab
2772 5457 2891 5526 ejus
2928 5465 3107 5513 autem
3150 5466 3326 5515 morte
3355 5459 3625 5514 mensibus
3652 5471 3825 5526 prope

2174 5543 2271 5584 sea:
2301 5528 2518 5597 elapsis,
2558 5529 2723 5599 Pauli
2768 5533 2985 5584 vacatio
3013 5533 3167 5599 facta
3214 5539 3310 5586 est.
3346 5531 3458 5585 Sed
3491 5529 3615 5584 vide
3648 5529 3826 5582 Baro-

2176 5600 2343 5655 nium
2374 5598 2591 5655 Annal.
2637 5600 2852 5671 primo.
2886 5602 3074 5656 Came.

2246 5671 2362 5742 (26)
2392 5672 2563 5733 Forte
2585 5669 2687 5735 τῆς
2716 5669 3084 5749 εὐχαριστίας.
