  <div class='ocr_page' id='page_1' title='image "/cluster/home/n/w/nwhite01/storage/ocr_20150623/117/mdp.39015038086818/528.png"; bbox 0 0 4146 6302; ppageno 0'>
   <div class='ocr_carea' id='block_1_1' title="bbox 399 433 552 493">
    <p class='ocr_par' dir='ltr' id='par_1_1' title="bbox 399 433 552 493">
     <span class='ocr_line' id='line_1_1' title="bbox 399 433 552 493; baseline 0.013 -2"><span class='ocrx_word' id='word_1_1' title='bbox 399 433 552 493; x_wconf 76' lang='grc'>1041</span> 
     </span>
    </p>
   </div>
   <div class='ocr_carea' id='block_1_2' title="bbox 1861 433 2369 497">
    <p class='ocr_par' dir='ltr' id='par_1_2' title="bbox 1861 433 2369 497">
     <span class='ocr_line' id='line_1_2' title="bbox 1861 433 2369 497; baseline 0.012 -6"><span class='ocrx_word' id='word_1_2' title='bbox 1861 433 2369 497; x_wconf 80' lang='lat' dir='ltr'>FRAGMENTA.</span> 
     </span>
    </p>
   </div>
   <div class='ocr_carea' id='block_1_3' title="bbox 3650 444 3811 506">
    <p class='ocr_par' dir='ltr' id='par_1_3' title="bbox 3650 444 3811 506">
     <span class='ocr_line' id='line_1_3' title="bbox 3650 444 3811 506; baseline -0.012 0"><span class='ocrx_word' id='word_1_3' title='bbox 3650 444 3811 506; x_wconf 72' lang='grc'>1042</span> 
     </span>
    </p>
   </div>
   <div class='ocr_carea' id='block_1_4' title="bbox 399 560 2033 651">
    <p class='ocr_par' dir='ltr' id='par_1_4' title="bbox 399 560 2033 641">
     <span class='ocr_line' id='line_1_4' title="bbox 399 560 2033 641; baseline 0 -21"><span class='ocrx_word' id='word_1_4' title='bbox 399 563 561 640; x_wconf 84' lang='grc' dir='ltr'>γαίου</span> <span class='ocrx_word' id='word_1_5' title='bbox 603 567 701 620; x_wconf 87' lang='grc' dir='ltr'>τοῦ</span> <span class='ocrx_word' id='word_1_6' title='bbox 758 560 997 637; x_wconf 79' lang='grc' dir='ltr'>ἀδελφοῦ</span> <span class='ocrx_word' id='word_1_7' title='bbox 1052 562 1326 641; x_wconf 80' lang='grc' dir='ltr'>Ζαχαρίου</span> <span class='ocrx_word' id='word_1_8' title='bbox 1381 569 1480 620; x_wconf 87' lang='grc' dir='ltr'>τοῦ</span> <span class='ocrx_word' id='word_1_9' title='bbox 1534 565 1738 639; x_wconf 85' lang='grc' dir='ltr'>πατρὸς</span> <span class='ocrx_word' id='word_1_10' title='bbox 1797 563 2033 621; x_wconf 76' lang='grc' dir='ltr'>Ἰωάννοι</span> 
     </span>
    </p>
   </div>
   <div class='ocr_carea' id='block_1_5' title="bbox 2147 560 3812 651">
    <p class='ocr_par' dir='ltr' id='par_1_5' title="bbox 2163 572 3812 651">
     <span class='ocr_line' id='line_1_5' title="bbox 2163 572 3812 651; baseline 0.004 -25"><span class='ocrx_word' id='word_1_11' title='bbox 2163 572 2400 643; x_wconf 77' lang='lat' dir='ltr'>Charias,</span> <span class='ocrx_word' id='word_1_12' title='bbox 2435 578 2536 647; x_wconf 89' lang='lat' dir='ltr'>qui</span> <span class='ocrx_word' id='word_1_13' title='bbox 2566 577 2761 634; x_wconf 84' lang='lat' dir='ltr'>fuerat</span> <span class='ocrx_word' id='word_1_14' title='bbox 2785 583 2953 651; x_wconf 90' lang='lat' dir='ltr'>pater</span> <span class='ocrx_word' id='word_1_15' title='bbox 2981 579 3220 634; x_wconf 81' lang='lat' dir='ltr'>Joannis</span> <span class='ocrx_word' id='word_1_16' title='bbox 3255 579 3549 650; x_wconf 73' lang='lat' dir='ltr'>Baptistae,</span> <span class='ocrx_word' id='word_1_17' title='bbox 3592 580 3812 638; x_wconf 83' lang='lat' dir='ltr'>Christi</span> 
     </span>
    </p>
   </div>
   <div class='ocr_carea' id='block_1_6' title="bbox 398 651 2043 729">
    <p class='ocr_par' dir='ltr' id='par_1_6' title="bbox 398 651 2043 729">
     <span class='ocr_line' id='line_1_6' title="bbox 398 651 2043 729; baseline -0.002 -18"><span class='ocrx_word' id='word_1_18' title='bbox 398 659 498 712; x_wconf 88' lang='grc' dir='ltr'>τοῦ</span> <span class='ocrx_word' id='word_1_19' title='bbox 527 652 880 729; x_wconf 77' lang='grc' dir='ltr'>Προδρόμου,</span> <span class='ocrx_word' id='word_1_20' title='bbox 915 655 1035 708; x_wconf 88' lang='grc' dir='ltr'>υἱοῦ</span> <span class='ocrx_word' id='word_1_21' title='bbox 1067 655 1368 729; x_wconf 76' lang='grc' dir='ltr'>Βαραχίου,</span> <span class='ocrx_word' id='word_1_22' title='bbox 1416 659 1512 709; x_wconf 90' lang='grc' dir='ltr'>τοῦ</span> <span class='ocrx_word' id='word_1_23' title='bbox 1561 656 1686 708; x_wconf 92' lang='grc' dir='ltr'>υἱοῦ</span> <span class='ocrx_word' id='word_1_24' title='bbox 1744 651 1901 712; x_wconf 85' lang='grc' dir='ltr'>’Λϐιᾶ</span> <span class='ocrx_word' id='word_1_25' title='bbox 1947 661 2043 711; x_wconf 89' lang='grc' dir='ltr'>τοῦ</span> 
     </span>
    </p>
   </div>
   <div class='ocr_carea' id='block_1_7' title="bbox 399 743 2042 818">
    <p class='ocr_par' dir='ltr' id='par_1_7' title="bbox 399 743 2042 818">
     <span class='ocr_line' id='line_1_7' title="bbox 399 743 2042 818; baseline -0.001 -19"><span class='ocrx_word' id='word_1_26' title='bbox 399 743 610 818; x_wconf 86' lang='grc' dir='ltr'>ἱερέως,</span> <span class='ocrx_word' id='word_1_27' title='bbox 645 743 743 798; x_wconf 83' lang='grc' dir='ltr'>Καὶ</span> <span class='ocrx_word' id='word_1_28' title='bbox 799 743 924 798; x_wconf 82' lang='grc' dir='ltr'>τότε</span> <span class='ocrx_word' id='word_1_29' title='bbox 982 743 1277 818; x_wconf 77' lang='grc' dir='ltr'>ἐχήρευσεν</span> <span class='ocrx_word' id='word_1_30' title='bbox 1340 745 1558 814; x_wconf 80' lang='grc' dir='ltr'>Ἰωσὴρ,</span> <span class='ocrx_word' id='word_1_31' title='bbox 1620 745 1692 806; x_wconf 88' lang='grc' dir='ltr'>ὡς</span> <span class='ocrx_word' id='word_1_32' title='bbox 1750 744 1883 798; x_wconf 78' lang='grc' dir='ltr'>εἶναι</span> <span class='ocrx_word' id='word_1_33' title='bbox 1942 746 2042 813; x_wconf 78' lang='grc' dir='ltr'>τὴν</span> 
     </span>
    </p>
   </div>
   <div class='ocr_carea' id='block_1_8' title="bbox 403 830 2040 911">
    <p class='ocr_par' dir='ltr' id='par_1_8' title="bbox 403 830 2040 911">
     <span class='ocr_line' id='line_1_8' title="bbox 403 830 2040 911; baseline -0.001 -23"><span class='ocrx_word' id='word_1_34' title='bbox 403 832 708 905; x_wconf 83' lang='grc' dir='ltr'>Σαλώμην,</span> <span class='ocrx_word' id='word_1_35' title='bbox 765 832 857 886; x_wconf 82' lang='grc' dir='ltr'>καὶ</span> <span class='ocrx_word' id='word_1_36' title='bbox 909 832 1001 886; x_wconf 85' lang='grc' dir='ltr'>τὸν</span> <span class='ocrx_word' id='word_1_37' title='bbox 1059 833 1368 901; x_wconf 80' lang='grc' dir='ltr'>Βαπτιστήν</span> <span class='ocrx_word' id='word_1_38' title='bbox 1458 833 1736 902; x_wconf 78' lang='grc' dir='ltr'>Ἰωάννην,</span> <span class='ocrx_word' id='word_1_39' title='bbox 1793 830 2040 911; x_wconf 80' lang='grc' dir='ltr'>ἀδελφῶν</span> 
     </span>
    </p>
   </div>
   <div class='ocr_carea' id='block_1_9' title="bbox 398 921 2040 996">
    <p class='ocr_par' dir='ltr' id='par_1_9' title="bbox 398 921 2040 996">
     <span class='ocr_line' id='line_1_9' title="bbox 398 921 2040 996; baseline -0.001 -19"><span class='ocrx_word' id='word_1_40' title='bbox 398 923 558 978; x_wconf 83' lang='grc' dir='ltr'>τέκνα</span> <span class='ocrx_word' id='word_1_41' title='bbox 585 921 904 996; x_wconf 73' lang='grc' dir='ltr'>ἀρρενικῶν.</span> <span class='ocrx_word' id='word_1_42' title='bbox 961 923 1018 978; x_wconf 84' lang='grc' dir='ltr'><em>Ὀ</em></span> <span class='ocrx_word' id='word_1_43' title='bbox 1074 921 1177 995; x_wconf 78' lang='grc' dir='ltr'>γὰρ</span> <span class='ocrx_word' id='word_1_44' title='bbox 1239 923 1515 996; x_wconf 77' lang='grc' dir='ltr'>Ἀγγαῖος,</span> <span class='ocrx_word' id='word_1_45' title='bbox 1567 922 1684 982; x_wconf 89' lang='grc' dir='ltr'>υἱὸς</span> <span class='ocrx_word' id='word_1_46' title='bbox 1744 922 2040 996; x_wconf 78' lang='grc' dir='ltr'>Βαραχίου,</span> 
     </span>
    </p>
   </div>
   <div class='ocr_carea' id='block_1_10' title="bbox 396 1008 2040 1088">
    <p class='ocr_par' dir='ltr' id='par_1_10' title="bbox 396 1008 2040 1088">
     <span class='ocr_line' id='line_1_10' title="bbox 396 1008 2040 1088; baseline 0 -22"><span class='ocrx_word' id='word_1_47' title='bbox 396 1014 543 1072; x_wconf 86' lang='grc' dir='ltr'>θεῖος</span> <span class='ocrx_word' id='word_1_48' title='bbox 573 1012 638 1079; x_wconf 78' lang='grc' dir='ltr'>ἧν</span> <span class='ocrx_word' id='word_1_49' title='bbox 671 1010 939 1066; x_wconf 77' lang='grc' dir='ltr'>Ἰωάννου.</span> <span class='ocrx_word' id='word_1_50' title='bbox 980 1011 1220 1083; x_wconf 83' lang='grc' dir='ltr'>Ὁμοίως</span> <span class='ocrx_word' id='word_1_51' title='bbox 1255 1009 1312 1065; x_wconf 76' lang='grc' dir='ltr'>δὲ</span> <span class='ocrx_word' id='word_1_52' title='bbox 1341 1009 1429 1065; x_wconf 86' lang='grc' dir='ltr'>καὶ</span> <span class='ocrx_word' id='word_1_53' title='bbox 1456 1011 1749 1085; x_wconf 81' lang='grc' dir='ltr'>Ζαχαρίας,</span> <span class='ocrx_word' id='word_1_54' title='bbox 1807 1008 2040 1088; x_wconf 77' lang='grc' dir='ltr'>ἀδελφὸς</span> 
     </span>
    </p>
   </div>
   <div class='ocr_carea' id='block_1_11' title="bbox 395 1095 2038 1176">
    <p class='ocr_par' dir='ltr' id='par_1_11' title="bbox 395 1095 2038 1176">
     <span class='ocr_line' id='line_1_11' title="bbox 395 1095 2038 1176; baseline -0.001 -22"><span class='ocrx_word' id='word_1_55' title='bbox 395 1099 465 1168; x_wconf 80' lang='grc' dir='ltr'>ἦν</span> <span class='ocrx_word' id='word_1_56' title='bbox 507 1098 790 1175; x_wconf 83' lang='grc' dir='ltr'>’Δγγαίου,</span> <span class='ocrx_word' id='word_1_57' title='bbox 825 1103 969 1162; x_wconf 84' lang='grc' dir='ltr'>θεῖος</span> <span class='ocrx_word' id='word_1_58' title='bbox 1011 1095 1068 1152; x_wconf 74' lang='grc' dir='ltr'>δὲ</span> <span class='ocrx_word' id='word_1_59' title='bbox 1102 1095 1385 1170; x_wconf 81' lang='grc' dir='ltr'>Σαλώμης</span> <span class='ocrx_word' id='word_1_60' title='bbox 1412 1100 1512 1166; x_wconf 74' lang='grc' dir='ltr'>τῆς</span> <span class='ocrx_word' id='word_1_61' title='bbox 1543 1097 1797 1172; x_wconf 82' lang='grc' dir='ltr'>γυναικὸς</span> <span class='ocrx_word' id='word_1_62' title='bbox 1841 1100 2038 1176; x_wconf 80' lang='grc' dir='ltr'>Ἰωσηφ</span> 
     </span>
    </p>
   </div>
   <div class='ocr_carea' id='block_1_12' title="bbox 395 1187 2037 1266">
    <p class='ocr_par' dir='ltr' id='par_1_12' title="bbox 395 1187 2037 1266">
     <span class='ocr_line' id='line_1_12' title="bbox 395 1187 2037 1266; baseline -0.001 -20"><span class='ocrx_word' id='word_1_63' title='bbox 395 1195 493 1246; x_wconf 88' lang='grc' dir='ltr'>τοῦ</span> <span class='ocrx_word' id='word_1_64' title='bbox 539 1192 809 1251; x_wconf 84' lang='grc' dir='ltr'>τέκτονος·</span> <span class='ocrx_word' id='word_1_65' title='bbox 893 1189 1171 1261; x_wconf 84' lang='grc' dir='ltr'>Σαλώμην</span> <span class='ocrx_word' id='word_1_66' title='bbox 1232 1187 1289 1244; x_wconf 80' lang='grc' dir='ltr'>δέ</span> <span class='ocrx_word' id='word_1_67' title='bbox 1348 1210 1515 1266; x_wconf 74' lang='grc' dir='ltr'>φημι,</span> <span class='ocrx_word' id='word_1_68' title='bbox 1574 1189 1636 1242; x_wconf 81' lang='grc' dir='ltr'>οὐ</span> <span class='ocrx_word' id='word_1_69' title='bbox 1692 1190 1790 1256; x_wconf 79' lang='grc' dir='ltr'>τὴν</span> <span class='ocrx_word' id='word_1_70' title='bbox 1855 1189 2037 1262; x_wconf 89' lang='grc' dir='ltr'>μαίαν,</span> 
     </span>
    </p>
   </div>
   <div class='ocr_carea' id='block_1_13' title="bbox 395 1279 2036 1358">
    <p class='ocr_par' dir='ltr' id='par_1_13' title="bbox 395 1279 2036 1358">
     <span class='ocr_line' id='line_1_13' title="bbox 395 1279 2036 1358; baseline -0.002 -22"><span class='ocrx_word' id='word_1_71' title='bbox 395 1279 541 1336; x_wconf 81' lang='grc' dir='ltr'>ἀλλὰ</span> <span class='ocrx_word' id='word_1_72' title='bbox 569 1283 695 1351; x_wconf 68' lang='grc' dir='ltr'>ξτήν</span> <span class='ocrx_word' id='word_1_73' title='bbox 754 1287 982 1357; x_wconf 84' lang='grc' dir='ltr'>γυναῖκα</span> <span class='ocrx_word' id='word_1_74' title='bbox 1033 1283 1254 1358; x_wconf 66' lang='grc' dir='ltr'>Ἰωσήφ.</span> <span class='ocrx_word' id='word_1_75' title='bbox 1315 1281 1377 1337; x_wconf 84' lang='grc' dir='ltr'><strong>Ἦ</strong></span> <span class='ocrx_word' id='word_1_76' title='bbox 1435 1282 1540 1355; x_wconf 83' lang='grc' dir='ltr'>γὰρ</span> <span class='ocrx_word' id='word_1_77' title='bbox 1585 1279 1715 1351; x_wconf 90' lang='grc' dir='ltr'>μαία</span> <span class='ocrx_word' id='word_1_78' title='bbox 1768 1279 1874 1334; x_wconf 84' lang='grc' dir='ltr'>ἀπὸ</span> <span class='ocrx_word' id='word_1_79' title='bbox 1931 1287 2036 1350; x_wconf 89' lang='grc' dir='ltr'>Βη-</span> 
     </span>
    </p>
   </div>
   <div class='ocr_carea' id='block_1_14' title="bbox 397 1368 2039 1445">
    <p class='ocr_par' dir='ltr' id='par_1_14' title="bbox 397 1368 2039 1445">
     <span class='ocr_line' id='line_1_14' title="bbox 397 1368 2039 1445; baseline -0.001 -20"><span class='ocrx_word' id='word_1_80' title='bbox 397 1371 566 1443; x_wconf 72' lang='grc' dir='ltr'>θλεὶμ</span> <span class='ocrx_word' id='word_1_81' title='bbox 623 1369 936 1445; x_wconf 75' lang='grc' dir='ltr'>ἐτύγχανεν,</span> <span class='ocrx_word' id='word_1_82' title='bbox 989 1369 1180 1444; x_wconf 74' lang='grc' dir='ltr'>ἀνεψιὰ</span> <span class='ocrx_word' id='word_1_83' title='bbox 1225 1369 1316 1424; x_wconf 85' lang='grc' dir='ltr'>καὶ</span> <span class='ocrx_word' id='word_1_84' title='bbox 1374 1368 1506 1438; x_wconf 83' lang='grc' dir='ltr'>αὐτὴ</span> <span class='ocrx_word' id='word_1_85' title='bbox 1555 1371 1687 1423; x_wconf 79' lang='grc' dir='ltr'>οὖσα</span> <span class='ocrx_word' id='word_1_86' title='bbox 1730 1376 1832 1438; x_wconf 80' lang='grc' dir='ltr'>τῆς</span> <span class='ocrx_word' id='word_1_87' title='bbox 1886 1368 2039 1424; x_wconf 86' lang='grc' dir='ltr'>Ἐλι-</span> 
     </span>
    </p>
   </div>
   <div class='ocr_carea' id='block_1_15' title="bbox 393 1455 2036 1535">
    <p class='ocr_par' dir='ltr' id='par_1_15' title="bbox 393 1455 2036 1535">
     <span class='ocr_line' id='line_1_15' title="bbox 393 1455 2036 1535; baseline -0.002 -21"><span class='ocrx_word' id='word_1_88' title='bbox 393 1455 575 1531; x_wconf 79' lang='grc' dir='ltr'>σάϐετ,</span> <span class='ocrx_word' id='word_1_89' title='bbox 627 1460 716 1515; x_wconf 85' lang='grc' dir='ltr'>καὶ</span> <span class='ocrx_word' id='word_1_90' title='bbox 775 1467 874 1529; x_wconf 82' lang='grc' dir='ltr'>τῆς</span> <span class='ocrx_word' id='word_1_91' title='bbox 932 1460 1083 1535; x_wconf 83' lang='grc' dir='ltr'>ἁγίας</span> <span class='ocrx_word' id='word_1_92' title='bbox 1142 1461 1414 1534; x_wconf 74' lang='grc' dir='ltr'>Παρθένου</span> <span class='ocrx_word' id='word_1_93' title='bbox 1474 1459 1683 1533; x_wconf 82' lang='grc' dir='ltr'>Μαρίας</span> <span class='ocrx_word' id='word_1_94' title='bbox 1741 1462 1875 1533; x_wconf 84' lang='grc'>[(31)</span> <span class='ocrx_word' id='word_1_95' title='bbox 1933 1457 2036 1514; x_wconf 88' lang='grc' dir='ltr'>Καὶ</span> 
     </span>
    </p>
   </div>
   <div class='ocr_carea' id='block_1_16' title="bbox 395 1547 2035 1624">
    <p class='ocr_par' dir='ltr' id='par_1_16' title="bbox 395 1547 2035 1624">
     <span class='ocr_line' id='line_1_16' title="bbox 395 1547 2035 1624; baseline -0.002 -20"><span class='ocrx_word' id='word_1_96' title='bbox 395 1548 563 1618; x_wconf 80' lang='grc' dir='ltr'>δηλοῖ</span> <span class='ocrx_word' id='word_1_97' title='bbox 588 1549 650 1604; x_wconf 90' lang='grc' dir='ltr'>τὸ</span> <span class='ocrx_word' id='word_1_98' title='bbox 681 1549 817 1604; x_wconf 69' lang='grc' dir='ltr'>κατὰ</span> <span class='ocrx_word' id='word_1_99' title='bbox 855 1555 1064 1604; x_wconf 81' lang='grc' dir='ltr'>Λουκᾶν</span> <span class='ocrx_word' id='word_1_100' title='bbox 1110 1549 1259 1624; x_wconf 78' lang='grc' dir='ltr'>ἅγιον</span> <span class='ocrx_word' id='word_1_101' title='bbox 1311 1548 1696 1624; x_wconf 77' lang='grc' dir='ltr'>Εὗαγγέλιον.]</span> <span class='ocrx_word' id='word_1_102' title='bbox 1747 1547 1882 1623; x_wconf 86' lang='grc' dir='ltr'>Τρία</span> <span class='ocrx_word' id='word_1_103' title='bbox 1933 1548 2035 1622; x_wconf 85' lang='grc' dir='ltr'>γὰρ</span> 
     </span>
    </p>
   </div>
   <div class='ocr_carea' id='block_1_17' title="bbox 392 1636 2037 1715">
    <p class='ocr_par' dir='ltr' id='par_1_17' title="bbox 392 1636 2037 1715">
     <span class='ocr_line' id='line_1_17' title="bbox 392 1636 2037 1715; baseline -0.001 -23"><span class='ocrx_word' id='word_1_104' title='bbox 392 1640 528 1708; x_wconf 80' lang='grc' dir='ltr'>ἦσαν</span> <span class='ocrx_word' id='word_1_105' title='bbox 571 1636 803 1715; x_wconf 80' lang='grc' dir='ltr'>ἀδέλφια</span> <span class='ocrx_word' id='word_1_106' title='bbox 859 1639 964 1693; x_wconf 85' lang='grc' dir='ltr'>ἀπὸ</span> <span class='ocrx_word' id='word_1_107' title='bbox 1023 1637 1298 1711; x_wconf 77' lang='grc' dir='ltr'>Βηθλεὲμ,</span> <span class='ocrx_word' id='word_1_108' title='bbox 1362 1641 1650 1714; x_wconf 72' lang='grc' dir='ltr'>θυγατέρες</span> <span class='ocrx_word' id='word_1_109' title='bbox 1700 1639 1888 1694; x_wconf 82' lang='grc' dir='ltr'>Ματθᾶ</span> <span class='ocrx_word' id='word_1_110' title='bbox 1939 1641 2037 1692; x_wconf 90' lang='grc' dir='ltr'>τοῦ</span> 
     </span>
    </p>
   </div>
   <div class='ocr_carea' id='block_1_18' title="bbox 391 1725 2038 1802">
    <p class='ocr_par' dir='ltr' id='par_1_18' title="bbox 391 1725 2038 1802">
     <span class='ocr_line' id='line_1_18' title="bbox 391 1725 2038 1802; baseline -0.001 -20"><span class='ocrx_word' id='word_1_111' title='bbox 391 1729 580 1802; x_wconf 86' lang='grc' dir='ltr'>ἱερέως</span> <span class='ocrx_word' id='word_1_112' title='bbox 611 1728 701 1782; x_wconf 83' lang='grc' dir='ltr'>καὶ</span> <span class='ocrx_word' id='word_1_113' title='bbox 743 1728 952 1802; x_wconf 79' lang='grc' dir='ltr'>Μαρίας</span> <span class='ocrx_word' id='word_1_114' title='bbox 979 1734 1078 1796; x_wconf 79' lang='grc' dir='ltr'>τῆς</span> <span class='ocrx_word' id='word_1_115' title='bbox 1112 1725 1274 1782; x_wconf 82' lang='grc' dir='ltr'>αὐτοῦ</span> <span class='ocrx_word' id='word_1_116' title='bbox 1306 1728 1600 1802; x_wconf 69' lang='grc' dir='ltr'>ξγυναικὸς,</span> <span class='ocrx_word' id='word_1_117' title='bbox 1649 1726 1736 1782; x_wconf 75' lang='grc' dir='ltr'>ἐπὶ</span> <span class='ocrx_word' id='word_1_118' title='bbox 1789 1729 1886 1794; x_wconf 75' lang='grc' dir='ltr'>τῆς</span> <span class='ocrx_word' id='word_1_119' title='bbox 1939 1727 2038 1799; x_wconf 78' lang='grc' dir='ltr'>βα-</span> 
     </span>
    </p>
   </div>
   <div class='ocr_carea' id='block_1_19' title="bbox 392 1815 2033 1891">
    <p class='ocr_par' dir='ltr' id='par_1_19' title="bbox 392 1815 2033 1891">
     <span class='ocr_line' id='line_1_19' title="bbox 392 1815 2033 1891; baseline -0.002 -19"><span class='ocrx_word' id='word_1_120' title='bbox 392 1816 597 1878; x_wconf 76' lang='grc' dir='ltr'>σιλείας</span> <span class='ocrx_word' id='word_1_121' title='bbox 659 1815 1030 1891; x_wconf 83' lang='grc' dir='ltr'>Κλεοπάτρας,</span> <span class='ocrx_word' id='word_1_122' title='bbox 1091 1817 1178 1870; x_wconf 87' lang='grc' dir='ltr'>καὶ</span> <span class='ocrx_word' id='word_1_123' title='bbox 1237 1818 1569 1888; x_wconf 74' lang='grc' dir='ltr'>Σοπάτωρος</span> <span class='ocrx_word' id='word_1_124' title='bbox 1624 1820 1724 1870; x_wconf 86' lang='grc' dir='ltr'>τοῦ</span> <span class='ocrx_word' id='word_1_125' title='bbox 1803 1816 2033 1888; x_wconf 85' lang='grc' dir='ltr'>Πέρσου,</span> 
     </span>
    </p>
   </div>
   <div class='ocr_carea' id='block_1_20' title="bbox 389 1901 2107 1999">
    <p class='ocr_par' dir='ltr' id='par_1_20' title="bbox 389 1901 2107 1999">
     <span class='ocr_line' id='line_1_20' title="bbox 389 1901 2107 1999; baseline -0.002 -38"><span class='ocrx_word' id='word_1_126' title='bbox 389 1907 496 1982; x_wconf 82' lang='grc' dir='ltr'>πρὸ</span> <span class='ocrx_word' id='word_1_127' title='bbox 525 1913 626 1976; x_wconf 81' lang='grc' dir='ltr'>τῆς</span> <span class='ocrx_word' id='word_1_128' title='bbox 681 1904 959 1980; x_wconf 83' lang='grc' dir='ltr'>βασιλείας</span> <span class='ocrx_word' id='word_1_129' title='bbox 1007 1902 1257 1980; x_wconf 82' lang='grc' dir='ltr'>Ἡρώδου</span> <span class='ocrx_word' id='word_1_130' title='bbox 1307 1907 1430 1959; x_wconf 91' lang='grc' dir='ltr'>υἱοῦ</span> <span class='ocrx_word' id='word_1_131' title='bbox 1476 1904 1854 1979; x_wconf 81' lang='grc' dir='ltr'>Ἀντιπάτρου,</span> <span class='ocrx_word' id='word_1_132' title='bbox 1897 1901 2029 1959; x_wconf 77' lang='grc' dir='ltr'>ὄνο-</span> <span class='ocrx_word' id='word_1_133' title='bbox 2065 1937 2107 1999; x_wconf 76' lang='grc' dir='ltr'><strong>Β</strong></span> 
     </span>
    </p>
   </div>
   <div class='ocr_carea' id='block_1_21' title="bbox 394 1991 2032 2071">
    <p class='ocr_par' dir='ltr' id='par_1_21' title="bbox 394 1991 2032 2071">
     <span class='ocr_line' id='line_1_21' title="bbox 394 1991 2032 2071; baseline 0 -21"><span class='ocrx_word' id='word_1_134' title='bbox 394 2018 467 2070; x_wconf 88' lang='grc' dir='ltr'>μα</span> <span class='ocrx_word' id='word_1_135' title='bbox 498 1995 565 2070; x_wconf 75' lang='grc' dir='ltr'>τῇ</span> <span class='ocrx_word' id='word_1_136' title='bbox 599 1997 791 2070; x_wconf 81' lang='grc' dir='ltr'>πρώτῃ</span> <span class='ocrx_word' id='word_1_137' title='bbox 853 1995 1057 2070; x_wconf 86' lang='grc' dir='ltr'>Μαρία,</span> <span class='ocrx_word' id='word_1_138' title='bbox 1122 1996 1212 2050; x_wconf 82' lang='grc' dir='ltr'>καὶ</span> <span class='ocrx_word' id='word_1_139' title='bbox 1270 1991 1444 2068; x_wconf 77' lang='grc' dir='ltr'>ὄνομα</span> <span class='ocrx_word' id='word_1_140' title='bbox 1497 2000 1566 2069; x_wconf 80' lang='grc' dir='ltr'>τῇ</span> <span class='ocrx_word' id='word_1_141' title='bbox 1625 1992 1855 2071; x_wconf 50' lang='grc' dir='ltr'>,δευτέρᾳ</span> <span class='ocrx_word' id='word_1_142' title='bbox 1916 2002 2032 2050; x_wconf 75' lang='grc' dir='ltr'>Σωο</span> 
     </span>
    </p>
   </div>
   <div class='ocr_carea' id='block_1_22' title="bbox 392 2080 2034 2160">
    <p class='ocr_par' dir='ltr' id='par_1_22' title="bbox 392 2080 2034 2160">
     <span class='ocr_line' id='line_1_22' title="bbox 392 2080 2034 2160; baseline 0 -22"><span class='ocrx_word' id='word_1_143' title='bbox 392 2084 488 2158; x_wconf 81' lang='grc' dir='ltr'>μαὶ</span> <span class='ocrx_word' id='word_1_144' title='bbox 550 2080 806 2158; x_wconf 79' lang='grc' dir='ltr'>[Σωϐαὶ],</span> <span class='ocrx_word' id='word_1_145' title='bbox 858 2086 946 2139; x_wconf 77' lang='grc' dir='ltr'>καὶ</span> <span class='ocrx_word' id='word_1_146' title='bbox 997 2088 1065 2157; x_wconf 72' lang='grc' dir='ltr'>τῇ</span> <span class='ocrx_word' id='word_1_147' title='bbox 1098 2085 1143 2160; x_wconf 86' lang='grc' dir='ltr'>γ’</span> <span class='ocrx_word' id='word_1_148' title='bbox 1173 2087 1352 2141; x_wconf 86' lang='grc' dir='ltr'>Ἀννα.</span> <span class='ocrx_word' id='word_1_149' title='bbox 1405 2087 1622 2159; x_wconf 83' lang='grc' dir='ltr'>Ἐγημε</span> <span class='ocrx_word' id='word_1_150' title='bbox 1670 2082 1727 2139; x_wconf 75' lang='grc' dir='ltr'>δὲ</span> <span class='ocrx_word' id='word_1_151' title='bbox 1756 2087 1790 2153; x_wconf 81' lang='grc' dir='ltr'>ἡ</span> <span class='ocrx_word' id='word_1_152' title='bbox 1828 2085 1925 2156; x_wconf 88' lang='grc' dir='ltr'>μία</span> <span class='ocrx_word' id='word_1_153' title='bbox 1983 2085 2034 2139; x_wconf 81' lang='grc' dir='ltr'>ὲν</span> 
     </span>
    </p>
   </div>
   <div class='ocr_carea' id='block_1_23' title="bbox 385 2167 2036 2248">
    <p class='ocr_par' dir='ltr' id='par_1_23' title="bbox 385 2167 2036 2248">
     <span class='ocr_line' id='line_1_23' title="bbox 385 2167 2036 2248; baseline 0.001 -20"><span class='ocrx_word' id='word_1_154' title='bbox 385 2173 656 2246; x_wconf 74' lang='grc' dir='ltr'>Βηθλεὲμ,</span> <span class='ocrx_word' id='word_1_155' title='bbox 707 2173 797 2228; x_wconf 84' lang='grc' dir='ltr'>καὶ</span> <span class='ocrx_word' id='word_1_156' title='bbox 856 2167 1029 2228; x_wconf 76' lang='grc' dir='ltr'>ἔτεκεν</span> <span class='ocrx_word' id='word_1_157' title='bbox 1083 2174 1384 2246; x_wconf 82' lang='grc' dir='ltr'>Σαλώμην,</span> <span class='ocrx_word' id='word_1_158' title='bbox 1428 2176 1527 2241; x_wconf 79' lang='grc' dir='ltr'>τήν</span> <span class='ocrx_word' id='word_1_159' title='bbox 1582 2173 1764 2245; x_wconf 87' lang='grc' dir='ltr'>μαίαν.</span> <span class='ocrx_word' id='word_1_160' title='bbox 1817 2175 2036 2248; x_wconf 72' lang='grc' dir='ltr'>Ἒγημε</span> 
     </span>
    </p>
   </div>
   <div class='ocr_carea' id='block_1_24' title="bbox 391 2259 2036 2336">
    <p class='ocr_par' dir='ltr' id='par_1_24' title="bbox 391 2259 2036 2336">
     <span class='ocr_line' id='line_1_24' title="bbox 391 2259 2036 2336; baseline 0 -19"><span class='ocrx_word' id='word_1_161' title='bbox 391 2261 447 2317; x_wconf 75' lang='grc' dir='ltr'>δὲ</span> <span class='ocrx_word' id='word_1_162' title='bbox 477 2263 566 2316; x_wconf 86' lang='grc' dir='ltr'>καὶ</span> <span class='ocrx_word' id='word_1_163' title='bbox 597 2262 631 2332; x_wconf 82' lang='grc' dir='ltr'>ἡ</span> <span class='ocrx_word' id='word_1_164' title='bbox 661 2260 880 2336; x_wconf 81' lang='grc' dir='ltr'>δευτέρα</span> <span class='ocrx_word' id='word_1_165' title='bbox 911 2262 964 2316; x_wconf 83' lang='grc' dir='ltr'>ἐν</span> <span class='ocrx_word' id='word_1_166' title='bbox 999 2261 1267 2332; x_wconf 75' lang='grc' dir='ltr'>Βηθλεέμ.</span> <span class='ocrx_word' id='word_1_167' title='bbox 1328 2263 1429 2319; x_wconf 79' lang='grc' dir='ltr'>Καὶ</span> <span class='ocrx_word' id='word_1_168' title='bbox 1476 2259 1621 2317; x_wconf 76' lang='grc' dir='ltr'>ἔτεκε</span> <span class='ocrx_word' id='word_1_169' title='bbox 1669 2264 1767 2331; x_wconf 77' lang='grc' dir='ltr'>τὴν</span> <span class='ocrx_word' id='word_1_170' title='bbox 1818 2263 2036 2318; x_wconf 68' lang='grc' dir='ltr'>Ἐλισα-</span> 
     </span>
    </p>
   </div>
   <div class='ocr_carea' id='block_1_25' title="bbox 385 2347 2031 2426">
    <p class='ocr_par' dir='ltr' id='par_1_25' title="bbox 385 2347 2031 2426">
     <span class='ocr_line' id='line_1_25' title="bbox 385 2347 2031 2426; baseline 0 -20"><span class='ocrx_word' id='word_1_171' title='bbox 385 2347 499 2408; x_wconf 88' lang='grc' dir='ltr'>ϐετ.</span> <span class='ocrx_word' id='word_1_172' title='bbox 533 2355 752 2426; x_wconf 82' lang='grc' dir='ltr'>’Έγημε</span> <span class='ocrx_word' id='word_1_173' title='bbox 784 2349 840 2406; x_wconf 72' lang='grc' dir='ltr'>δὲ</span> <span class='ocrx_word' id='word_1_174' title='bbox 868 2351 958 2406; x_wconf 82' lang='grc' dir='ltr'>καὶ</span> <span class='ocrx_word' id='word_1_175' title='bbox 999 2353 1032 2422; x_wconf 81' lang='grc' dir='ltr'><strong>ἠ</strong></span> <span class='ocrx_word' id='word_1_176' title='bbox 1084 2353 1242 2426; x_wconf 85' lang='grc' dir='ltr'>τρίτη</span> <span class='ocrx_word' id='word_1_177' title='bbox 1299 2352 1372 2414; x_wconf 76' lang='grc' dir='ltr'>εἷς</span> <span class='ocrx_word' id='word_1_178' title='bbox 1417 2353 1516 2420; x_wconf 74' lang='grc' dir='ltr'>τὴν</span> <span class='ocrx_word' id='word_1_179' title='bbox 1565 2360 1669 2426; x_wconf 79' lang='grc' dir='ltr'>γῆν</span> <span class='ocrx_word' id='word_1_180' title='bbox 1718 2359 1819 2421; x_wconf 76' lang='grc' dir='ltr'>τῆς</span> <span class='ocrx_word' id='word_1_181' title='bbox 1869 2353 2031 2408; x_wconf 86' lang='grc' dir='ltr'>Γαλι-</span> 
     </span>
    </p>
   </div>
   <div class='ocr_carea' id='block_1_26' title="bbox 393 2437 2036 2515">
    <p class='ocr_par' dir='ltr' id='par_1_26' title="bbox 393 2437 2036 2515">
     <span class='ocr_line' id='line_1_26' title="bbox 393 2437 2036 2515; baseline 0 -19"><span class='ocrx_word' id='word_1_182' title='bbox 393 2439 552 2503; x_wconf 86' lang='grc' dir='ltr'>λαίας</span> <span class='ocrx_word' id='word_1_183' title='bbox 607 2445 734 2511; x_wconf 79' lang='grc'>(32),</span> <span class='ocrx_word' id='word_1_184' title='bbox 796 2442 885 2496; x_wconf 86' lang='grc' dir='ltr'>καὶ</span> <span class='ocrx_word' id='word_1_185' title='bbox 944 2437 1090 2496; x_wconf 72' lang='grc' dir='ltr'>ἔτεκε</span> <span class='ocrx_word' id='word_1_186' title='bbox 1147 2441 1356 2515; x_wconf 85' lang='grc' dir='ltr'>Μαρίαν</span> <span class='ocrx_word' id='word_1_187' title='bbox 1415 2443 1513 2509; x_wconf 85' lang='grc' dir='ltr'>τήν</span> <span class='ocrx_word' id='word_1_188' title='bbox 1600 2438 1889 2500; x_wconf 87' lang='grc' dir='ltr'>Θεοτόκον.</span> <span class='ocrx_word' id='word_1_189' title='bbox 1947 2443 2036 2506; x_wconf 77' lang='grc' dir='ltr'>Ὠς</span> 
     </span>
    </p>
   </div>
   <div class='ocr_carea' id='block_1_27' title="bbox 384 2527 2029 2606">
    <p class='ocr_par' dir='ltr' id='par_1_27' title="bbox 384 2527 2029 2606">
     <span class='ocr_line' id='line_1_27' title="bbox 384 2527 2029 2606; baseline 0 -20"><span class='ocrx_word' id='word_1_190' title='bbox 384 2533 519 2586; x_wconf 81' lang='grc' dir='ltr'>εἶναι</span> <span class='ocrx_word' id='word_1_191' title='bbox 550 2532 649 2599; x_wconf 72' lang='grc' dir='ltr'>τὴν</span> <span class='ocrx_word' id='word_1_192' title='bbox 686 2529 986 2604; x_wconf 86' lang='grc' dir='ltr'>Σαλώμην,</span> <span class='ocrx_word' id='word_1_193' title='bbox 1022 2530 1109 2586; x_wconf 82' lang='grc' dir='ltr'>καὶ</span> <span class='ocrx_word' id='word_1_194' title='bbox 1136 2535 1234 2600; x_wconf 76' lang='grc' dir='ltr'>τήν</span> <span class='ocrx_word' id='word_1_195' title='bbox 1269 2527 1575 2600; x_wconf 80' lang='grc' dir='ltr'>Ἐλισάϐετ,</span> <span class='ocrx_word' id='word_1_196' title='bbox 1606 2531 1698 2586; x_wconf 85' lang='grc' dir='ltr'>καὶ</span> <span class='ocrx_word' id='word_1_197' title='bbox 1726 2533 1826 2601; x_wconf 77' lang='grc' dir='ltr'>τὴν</span> <span class='ocrx_word' id='word_1_198' title='bbox 1859 2532 2029 2606; x_wconf 71' lang='grc' dir='ltr'>ξὰγίαν</span> 
     </span>
    </p>
   </div>
   <div class='ocr_carea' id='block_1_28' title="bbox 387 2619 2031 2696">
    <p class='ocr_par' dir='ltr' id='par_1_28' title="bbox 387 2619 2031 2696">
     <span class='ocr_line' id='line_1_28' title="bbox 387 2619 2031 2696; baseline -0.002 -19"><span class='ocrx_word' id='word_1_199' title='bbox 387 2622 601 2694; x_wconf 84' lang='grc' dir='ltr'>Μαρίαν</span> <span class='ocrx_word' id='word_1_200' title='bbox 654 2623 753 2690; x_wconf 77' lang='grc' dir='ltr'>την</span> <span class='ocrx_word' id='word_1_201' title='bbox 812 2622 1097 2690; x_wconf 79' lang='grc' dir='ltr'>Θεοτόκον,</span> <span class='ocrx_word' id='word_1_202' title='bbox 1186 2622 1474 2696; x_wconf 71' lang='grc' dir='ltr'>θυγατέρας</span> <span class='ocrx_word' id='word_1_203' title='bbox 1554 2619 1801 2696; x_wconf 68' lang='grc' dir='ltr'>ἀδελφῶν</span> <span class='ocrx_word' id='word_1_204' title='bbox 1865 2626 2031 2695; x_wconf 71' lang='grc' dir='ltr'>τριῶν</span> 
     </span>
    </p>
   </div>
   <div class='ocr_carea' id='block_1_29' title="bbox 385 2708 2029 2780">
    <p class='ocr_par' dir='ltr' id='par_1_29' title="bbox 385 2708 2029 2780">
     <span class='ocr_line' id='line_1_29' title="bbox 385 2708 2029 2780; baseline -0.001 -17"><span class='ocrx_word' id='word_1_205' title='bbox 385 2709 619 2778; x_wconf 87' lang='grc' dir='ltr'>θηλέων.</span> <span class='ocrx_word' id='word_1_206' title='bbox 683 2711 954 2772; x_wconf 78' lang='grc' dir='ltr'>Ἐντεῦθεν</span> <span class='ocrx_word' id='word_1_207' title='bbox 1017 2708 1108 2764; x_wconf 76' lang='grc' dir='ltr'>οὖν</span> <span class='ocrx_word' id='word_1_208' title='bbox 1161 2712 1187 2764; x_wconf 98' lang='lat'>6</span> <span class='ocrx_word' id='word_1_209' title='bbox 1243 2711 1548 2778; x_wconf 73' lang='grc' dir='ltr'>Βαπτιστῆς</span> <span class='ocrx_word' id='word_1_210' title='bbox 1606 2711 1890 2780; x_wconf 81' lang='grc' dir='ltr'>Ἰωάννης,</span> <span class='ocrx_word' id='word_1_211' title='bbox 1940 2709 2029 2764; x_wconf 79' lang='grc' dir='ltr'>καὶ</span> 
     </span>
    </p>
   </div>
   <div class='ocr_carea' id='block_1_30' title="bbox 384 2794 2031 2872">
    <p class='ocr_par' dir='ltr' id='par_1_30' title="bbox 384 2794 2031 2872">
     <span class='ocr_line' id='line_1_30' title="bbox 384 2794 2031 2872; baseline -0.001 -21"><span class='ocrx_word' id='word_1_212' title='bbox 384 2798 412 2851; x_wconf 87' lang='lat'>6</span> <span class='ocrx_word' id='word_1_213' title='bbox 445 2797 644 2872; x_wconf 77' lang='grc' dir='ltr'>Κύριος</span> <span class='ocrx_word' id='word_1_214' title='bbox 678 2800 837 2871; x_wconf 77' lang='grc' dir='ltr'>ἡμῶν</span> <span class='ocrx_word' id='word_1_215' title='bbox 894 2797 1106 2871; x_wconf 72' lang='grc' dir='ltr'>ἀνεψιοῖ</span> <span class='ocrx_word' id='word_1_216' title='bbox 1161 2797 1409 2870; x_wconf 75' lang='grc' dir='ltr'>λέγονται</span> <span class='ocrx_word' id='word_1_217' title='bbox 1470 2799 1626 2856; x_wconf 79' lang='grc' dir='ltr'>εἶναι.</span> <span class='ocrx_word' id='word_1_218' title='bbox 1679 2797 1800 2859; x_wconf 81' lang='grc' dir='ltr'>Υἱὸς</span> <span class='ocrx_word' id='word_1_219' title='bbox 1849 2794 1907 2850; x_wconf 73' lang='grc' dir='ltr'>δὲ</span> <span class='ocrx_word' id='word_1_220' title='bbox 1951 2801 2031 2869; x_wconf 79' lang='grc' dir='ltr'>τῷ</span> 
     </span>
    </p>
   </div>
   <div class='ocr_carea' id='block_1_31' title="bbox 387 2884 2030 2962">
    <p class='ocr_par' dir='ltr' id='par_1_31' title="bbox 387 2884 2030 2962">
     <span class='ocr_line' id='line_1_31' title="bbox 387 2884 2030 2962; baseline -0.002 -18"><span class='ocrx_word' id='word_1_221' title='bbox 387 2888 593 2953; x_wconf 75' lang='grc' dir='ltr'>’Ῑωσήω</span> <span class='ocrx_word' id='word_1_222' title='bbox 627 2886 837 2962; x_wconf 87' lang='grc' dir='ltr'>λέγεται</span> <span class='ocrx_word' id='word_1_223' title='bbox 871 2887 1031 2955; x_wconf 77' lang='grc' dir='ltr'>εἶναι,</span> <span class='ocrx_word' id='word_1_224' title='bbox 1064 2884 1252 2955; x_wconf 81' lang='grc' dir='ltr'>ἐπειδὴ</span> <span class='ocrx_word' id='word_1_225' title='bbox 1309 2891 1414 2940; x_wconf 79' lang='grc' dir='ltr'>τῶν</span> <span class='ocrx_word' id='word_1_226' title='bbox 1469 2887 1598 2940; x_wconf 82' lang='grc' dir='ltr'>υἱῶν</span> <span class='ocrx_word' id='word_1_227' title='bbox 1648 2885 1812 2941; x_wconf 80' lang='grc' dir='ltr'>αὐτοῦ</span> <span class='ocrx_word' id='word_1_228' title='bbox 1871 2885 2030 2941; x_wconf 65' lang='grc' dir='ltr'>ἀδελο</span> 
     </span>
    </p>
   </div>
   <div class='ocr_carea' id='block_1_32' title="bbox 394 2974 2030 3052">
    <p class='ocr_par' dir='ltr' id='par_1_32' title="bbox 394 2974 2030 3052">
     <span class='ocr_line' id='line_1_32' title="bbox 394 2974 2030 3052; baseline 0.001 -24"><span class='ocrx_word' id='word_1_229' title='bbox 394 2974 491 3049; x_wconf 76' lang='grc' dir='ltr'>φός</span> <span class='ocrx_word' id='word_1_230' title='bbox 526 2975 634 3030; x_wconf 75' lang='grc' dir='ltr'>ἐστι</span> <span class='ocrx_word' id='word_1_231' title='bbox 666 2978 788 3050; x_wconf 75' lang='lat'>(33)</span> <span class='ocrx_word' id='word_1_232' title='bbox 819 2976 878 3031; x_wconf 83' lang='grc' dir='ltr'>ἐκ</span> <span class='ocrx_word' id='word_1_233' title='bbox 914 2983 1016 3045; x_wconf 81' lang='grc' dir='ltr'>τῆς</span> <span class='ocrx_word' id='word_1_234' title='bbox 1066 2982 1490 3052; x_wconf 81' lang='grc' dir='ltr'>συνανατροφῆς,</span> <span class='ocrx_word' id='word_1_235' title='bbox 1534 2975 1624 3029; x_wconf 86' lang='grc' dir='ltr'>καὶ</span> <span class='ocrx_word' id='word_1_236' title='bbox 1675 2982 1776 3045; x_wconf 82' lang='grc' dir='ltr'>τῆς</span> <span class='ocrx_word' id='word_1_237' title='bbox 1831 2996 2030 3051; x_wconf 85' lang='grc' dir='ltr'>συγγε-</span> 
     </span>
    </p>
   </div>
   <div class='ocr_carea' id='block_1_33' title="bbox 387 3062 2026 3141">
    <p class='ocr_par' dir='ltr' id='par_1_33' title="bbox 387 3062 2026 3141">
     <span class='ocr_line' id='line_1_33' title="bbox 387 3062 2026 3141; baseline 0.002 -22"><span class='ocrx_word' id='word_1_238' title='bbox 387 3062 530 3125; x_wconf 88' lang='grc' dir='ltr'>νείας</span> <span class='ocrx_word' id='word_1_239' title='bbox 562 3067 674 3138; x_wconf 80' lang='grc'>(34)</span> <span class='ocrx_word' id='word_1_240' title='bbox 703 3070 798 3120; x_wconf 89' lang='grc' dir='ltr'>τοῦ</span> <span class='ocrx_word' id='word_1_241' title='bbox 830 3065 1086 3140; x_wconf 83' lang='grc' dir='ltr'>Ἀγγαίου</span> <span class='ocrx_word' id='word_1_242' title='bbox 1120 3062 1358 3140; x_wconf 79' lang='grc' dir='ltr'>ἀδελφοῦ</span> <span class='ocrx_word' id='word_1_243' title='bbox 1383 3064 1660 3140; x_wconf 81' lang='grc' dir='ltr'>Ζαχαρίου</span> <span class='ocrx_word' id='word_1_244' title='bbox 1689 3068 1784 3119; x_wconf 83' lang='grc' dir='ltr'>τοῦ</span> <span class='ocrx_word' id='word_1_245' title='bbox 1817 3065 2026 3141; x_wconf 82' lang='grc' dir='ltr'>ἱερέως.</span> 
     </span>
    </p>
   </div>
   <div class='ocr_carea' id='block_1_34' title="bbox 456 3156 2030 3232">
    <p class='ocr_par' dir='ltr' id='par_1_34' title="bbox 456 3156 2030 3232">
     <span class='ocr_line' id='line_1_34' title="bbox 456 3156 2030 3232; baseline -0.001 -20"><span class='ocrx_word' id='word_1_246' title='bbox 456 3158 528 3212; x_wconf 76' lang='grc' dir='ltr'>Ε“.</span> <span class='ocrx_word' id='word_1_247' title='bbox 594 3161 709 3232; x_wconf 80' lang='grc'>(35)</span> <span class='ocrx_word' id='word_1_248' title='bbox 766 3163 1016 3213; x_wconf 81' lang='grc' dir='ltr'>Γεννᾶται</span> <span class='ocrx_word' id='word_1_249' title='bbox 1076 3158 1257 3211; x_wconf 84' lang='grc' dir='ltr'>τοίνυν</span> <span class='ocrx_word' id='word_1_250' title='bbox 1293 3158 1320 3212; x_wconf 86' lang='grc' dir='ltr'>ὁ</span> <span class='ocrx_word' id='word_1_251' title='bbox 1354 3156 1554 3230; x_wconf 74' lang='grc' dir='ltr'>Κύριος</span> <span class='ocrx_word' id='word_1_252' title='bbox 1604 3158 1767 3230; x_wconf 77' lang='grc' dir='ltr'>ἡμῶν</span> <span class='ocrx_word' id='word_1_253' title='bbox 1821 3157 2030 3227; x_wconf 85' lang='grc' dir='ltr'>Ἰησοῦς</span> 
     </span>
    </p>
   </div>
   <div class='ocr_carea' id='block_1_35' title="bbox 385 3240 2027 3322">
    <p class='ocr_par' dir='ltr' id='par_1_35' title="bbox 385 3240 2027 3322">
     <span class='ocr_line' id='line_1_35' title="bbox 385 3240 2027 3322; baseline -0.002 -19"><span class='ocrx_word' id='word_1_254' title='bbox 385 3249 633 3318; x_wconf 70' lang='grc' dir='ltr'>Χριστὸς,</span> <span class='ocrx_word' id='word_1_255' title='bbox 669 3246 728 3302; x_wconf 78' lang='grc' dir='ltr'>ἐκ</span> <span class='ocrx_word' id='word_1_256' title='bbox 785 3244 965 3322; x_wconf 79' lang='grc' dir='ltr'>φυλῆς</span> <span class='ocrx_word' id='word_1_257' title='bbox 1025 3245 1222 3302; x_wconf 77' lang='grc' dir='ltr'>Ἰούδα·</span> <span class='ocrx_word' id='word_1_258' title='bbox 1278 3245 1337 3300; x_wconf 85' lang='grc' dir='ltr'>ἐκ</span> <span class='ocrx_word' id='word_1_259' title='bbox 1389 3245 1694 3318; x_wconf 83' lang='grc' dir='ltr'>σπέρματος</span> <span class='ocrx_word' id='word_1_260' title='bbox 1744 3240 1908 3300; x_wconf 85' lang='grc' dir='ltr'>Δαϐὶδ</span> <span class='ocrx_word' id='word_1_261' title='bbox 1965 3246 2027 3300; x_wconf 83' lang='grc' dir='ltr'>τὸ</span> 
     </span>
    </p>
   </div>
   <div class='ocr_carea' id='block_1_36' title="bbox 383 3333 2031 3411">
    <p class='ocr_par' dir='ltr' id='par_1_36' title="bbox 383 3333 2031 3411">
     <span class='ocr_line' id='line_1_36' title="bbox 383 3333 2031 3411; baseline 0 -21"><span class='ocrx_word' id='word_1_262' title='bbox 383 3336 518 3391; x_wconf 82' lang='grc' dir='ltr'>κατᾶ</span> <span class='ocrx_word' id='word_1_263' title='bbox 575 3337 769 3408; x_wconf 79' lang='grc' dir='ltr'>σάρκα,</span> <span class='ocrx_word' id='word_1_264' title='bbox 822 3334 906 3390; x_wconf 73' lang='grc' dir='ltr'>ἐπ’</span> <span class='ocrx_word' id='word_1_265' title='bbox 963 3333 1198 3411; x_wconf 73' lang='grc' dir='ltr'>ἐσχάτου</span> <span class='ocrx_word' id='word_1_266' title='bbox 1251 3339 1358 3390; x_wconf 82' lang='grc' dir='ltr'>τῶν</span> <span class='ocrx_word' id='word_1_267' title='bbox 1416 3333 1663 3410; x_wconf 82' lang='grc' dir='ltr'>ἡμέρων,</span> <span class='ocrx_word' id='word_1_268' title='bbox 1740 3339 2031 3407; x_wconf 79' lang='grc' dir='ltr'>μεσοῦντος</span> 
     </span>
    </p>
   </div>
   <div class='ocr_carea' id='block_1_37' title="bbox 382 3420 2028 3501">
    <p class='ocr_par' dir='ltr' id='par_1_37' title="bbox 382 3420 2028 3501">
     <span class='ocr_line' id='line_1_37' title="bbox 382 3420 2028 3501; baseline 0 -21"><span class='ocrx_word' id='word_1_269' title='bbox 382 3430 480 3481; x_wconf 88' lang='grc' dir='ltr'>τοῦ</span> <span class='ocrx_word' id='word_1_270' title='bbox 509 3424 887 3501; x_wconf 79' lang='grc' dir='ltr'>ἐξακισχιλίου</span> <span class='ocrx_word' id='word_1_271' title='bbox 943 3422 1120 3495; x_wconf 71' lang='grc' dir='ltr'>ἔτους,</span> <span class='ocrx_word' id='word_1_272' title='bbox 1162 3424 1214 3480; x_wconf 79' lang='grc' dir='ltr'>ἐν</span> <span class='ocrx_word' id='word_1_273' title='bbox 1269 3429 1349 3496; x_wconf 80' lang='grc' dir='ltr'>τῷ</span> <span class='ocrx_word' id='word_1_274' title='bbox 1402 3425 1494 3499; x_wconf 77' lang='grc' dir='ltr'>μβ“</span> <span class='ocrx_word' id='word_1_275' title='bbox 1551 3420 1655 3479; x_wconf 77' lang='grc' dir='ltr'>ἔτει</span> <span class='ocrx_word' id='word_1_276' title='bbox 1716 3423 2028 3498; x_wconf 77' lang='grc' dir='ltr'>Αὐγούστου</span> 
     </span>
    </p>
   </div>
   <div class='ocr_carea' id='block_1_38' title="bbox 383 3509 2026 3590">
    <p class='ocr_par' dir='ltr' id='par_1_38' title="bbox 383 3509 2026 3590">
     <span class='ocr_line' id='line_1_38' title="bbox 383 3509 2026 3590; baseline 0 -21"><span class='ocrx_word' id='word_1_277' title='bbox 383 3519 484 3570; x_wconf 75' lang='grc' dir='ltr'>τοῦ</span> <span class='ocrx_word' id='word_1_278' title='bbox 518 3513 811 3590; x_wconf 85' lang='grc' dir='ltr'>βασιλέως,</span> <span class='ocrx_word' id='word_1_279' title='bbox 845 3513 896 3568; x_wconf 82' lang='grc' dir='ltr'>έν</span> <span class='ocrx_word' id='word_1_280' title='bbox 936 3514 1066 3588; x_wconf 72' lang='grc' dir='ltr'>μηνὶ</span> <span class='ocrx_word' id='word_1_281' title='bbox 1089 3509 1408 3589; x_wconf 78' lang='grc' dir='ltr'>Δεκεμϐρίῳ</span> <span class='ocrx_word' id='word_1_282' title='bbox 1437 3515 1530 3582; x_wconf 88' lang='grc' dir='ltr'>κε’,</span> <span class='ocrx_word' id='word_1_283' title='bbox 1561 3513 1752 3576; x_wconf 86' lang='grc' dir='ltr'>νυκτὸς</span> <span class='ocrx_word' id='word_1_284' title='bbox 1795 3520 1846 3585; x_wconf 74' lang='grc' dir='ltr'>ι’,</span> <span class='ocrx_word' id='word_1_285' title='bbox 1877 3515 2026 3586; x_wconf 74' lang='grc' dir='ltr'>ἡμέ-</span> 
     </span>
    </p>
   </div>
   <div class='ocr_carea' id='block_1_39' title="bbox 385 3605 724 3679">
    <p class='ocr_par' dir='ltr' id='par_1_39' title="bbox 385 3605 724 3679">
     <span class='ocr_line' id='line_1_39' title="bbox 385 3605 724 3679; baseline 0 -21"><span class='ocrx_word' id='word_1_286' title='bbox 385 3625 482 3679; x_wconf 87' lang='grc' dir='ltr'>ρας</span> <span class='ocrx_word' id='word_1_287' title='bbox 515 3605 559 3658; x_wconf 84' lang='grc' dir='ltr'>α’</span> <span class='ocrx_word' id='word_1_288' title='bbox 591 3607 724 3676; x_wconf 83' lang='grc'>(36).</span> 
     </span>
    </p>
   </div>
   <div class='ocr_carea' id='block_1_40' title="bbox 455 3688 2028 3765">
    <p class='ocr_par' dir='ltr' id='par_1_40' title="bbox 455 3688 2028 3765">
     <span class='ocr_line' id='line_1_40' title="bbox 455 3688 2028 3765; baseline -0.003 -17"><span class='ocrx_word' id='word_1_289' title='bbox 455 3694 516 3762; x_wconf 84' lang='grc' dir='ltr'>ζ’.</span> <span class='ocrx_word' id='word_1_290' title='bbox 551 3691 826 3748; x_wconf 70' lang='grc' dir='ltr'>Γνωστέω</span> <span class='ocrx_word' id='word_1_291' title='bbox 860 3689 918 3747; x_wconf 74' lang='grc' dir='ltr'>δὲ</span> <span class='ocrx_word' id='word_1_292' title='bbox 964 3691 1054 3747; x_wconf 83' lang='grc' dir='ltr'>καὶ</span> <span class='ocrx_word' id='word_1_293' title='bbox 1109 3695 1292 3761; x_wconf 88' lang='grc' dir='ltr'>τοῦτο,</span> <span class='ocrx_word' id='word_1_294' title='bbox 1349 3692 1440 3744; x_wconf 82' lang='grc' dir='ltr'>ἳνα</span> <span class='ocrx_word' id='word_1_295' title='bbox 1498 3690 1549 3760; x_wconf 81' lang='grc' dir='ltr'>ἐξ</span> <span class='ocrx_word' id='word_1_296' title='bbox 1618 3691 1796 3765; x_wconf 77' lang='grc' dir='ltr'>ἀρχῆς</span> <span class='ocrx_word' id='word_1_297' title='bbox 1848 3688 2028 3765; x_wconf 75' lang='grc' dir='ltr'>δείξῃς</span> 
     </span>
    </p>
   </div>
   <div class='ocr_carea' id='block_1_41' title="bbox 387 3775 2030 3856">
    <p class='ocr_par' dir='ltr' id='par_1_41' title="bbox 387 3775 2030 3856">
     <span class='ocr_line' id='line_1_41' title="bbox 387 3775 2030 3856; baseline -0.002 -20"><span class='ocrx_word' id='word_1_298' title='bbox 387 3785 485 3836; x_wconf 87' lang='grc' dir='ltr'>τοῦ</span> <span class='ocrx_word' id='word_1_299' title='bbox 517 3779 783 3838; x_wconf 82' lang='grc' dir='ltr'>Ἰουδαίου</span> <span class='ocrx_word' id='word_1_300' title='bbox 811 3781 879 3835; x_wconf 73' lang='grc' dir='ltr'>τὰ</span> <span class='ocrx_word' id='word_1_301' title='bbox 925 3781 1183 3856; x_wconf 78' lang='grc' dir='ltr'>ἆπαρχῆς</span> <span class='ocrx_word' id='word_1_302' title='bbox 1239 3779 1472 3851; x_wconf 83' lang='grc' dir='ltr'>κόσμου,</span> <span class='ocrx_word' id='word_1_303' title='bbox 1529 3775 1726 3850; x_wconf 81' lang='grc' dir='ltr'>ἔπαρον</span> <span class='ocrx_word' id='word_1_304' title='bbox 1787 3779 1891 3833; x_wconf 82' lang='grc' dir='ltr'>ἀπὸ</span> <span class='ocrx_word' id='word_1_305' title='bbox 1933 3783 2030 3833; x_wconf 86' lang='grc' dir='ltr'>τοῦ</span> 
     </span>
    </p>
   </div>
   <div class='ocr_carea' id='block_1_42' title="bbox 393 3866 2031 3944">
    <p class='ocr_par' dir='ltr' id='par_1_42' title="bbox 393 3866 2031 3944">
     <span class='ocr_line' id='line_1_42' title="bbox 393 3866 2031 3944; baseline -0.002 -20"><span class='ocrx_word' id='word_1_306' title='bbox 393 3869 831 3944; x_wconf 84' lang='grc' dir='ltr'>πρωτοπλάστου</span> <span class='ocrx_word' id='word_1_307' title='bbox 891 3868 1090 3942; x_wconf 80' lang='grc' dir='ltr'>Ἀδὰμ,</span> <span class='ocrx_word' id='word_1_308' title='bbox 1148 3867 1255 3930; x_wconf 82' lang='grc' dir='ltr'>ἓως</span> <span class='ocrx_word' id='word_1_309' title='bbox 1314 3871 1454 3935; x_wconf 83' lang='grc' dir='ltr'>Νῶε,</span> <span class='ocrx_word' id='word_1_310' title='bbox 1510 3867 1726 3944; x_wconf 77' lang='grc' dir='ltr'>ἐφ’ᾦὸ</span> <span class='ocrx_word' id='word_1_311' title='bbox 1759 3866 2031 3922; x_wconf 86' lang='grc' dir='ltr'>κατακλυ-</span> 
     </span>
    </p>
   </div>
   <div class='ocr_carea' id='block_1_43' title="bbox 394 3953 2028 4036">
    <p class='ocr_par' dir='ltr' id='par_1_43' title="bbox 394 3953 2028 4036">
     <span class='ocr_line' id='line_1_43' title="bbox 394 3953 2028 4036; baseline 0 -22"><span class='ocrx_word' id='word_1_312' title='bbox 394 3961 532 4033; x_wconf 86' lang='grc' dir='ltr'>σμὸς</span> <span class='ocrx_word' id='word_1_313' title='bbox 587 3958 793 4035; x_wconf 84' lang='grc' dir='ltr'>γέγονε,</span> <span class='ocrx_word' id='word_1_314' title='bbox 855 3959 1107 4036; x_wconf 84' lang='grc' dir='ltr'>γεγόνασι</span> <span class='ocrx_word' id='word_1_315' title='bbox 1194 3958 1366 4033; x_wconf 82' lang='grc' dir='ltr'>γενεσὶ</span> <span class='ocrx_word' id='word_1_316' title='bbox 1424 3955 1570 4025; x_wconf 86' lang='grc' dir='ltr'>δέκα,</span> <span class='ocrx_word' id='word_1_317' title='bbox 1657 3953 1749 4026; x_wconf 80' lang='grc' dir='ltr'>ἔτη</span> <span class='ocrx_word' id='word_1_318' title='bbox 1840 3958 2028 4032; x_wconf 79' lang='grc' dir='ltr'>βρμβ“.</span> 
     </span>
    </p>
   </div>
   <div class='ocr_carea' id='block_1_44' title="bbox 385 4041 2028 4122">
    <p class='ocr_par' dir='ltr' id='par_1_44' title="bbox 385 4041 2028 4122">
     <span class='ocr_line' id='line_1_44' title="bbox 385 4041 2028 4122; baseline -0.004 -16"><span class='ocrx_word' id='word_1_319' title='bbox 385 4050 629 4122; x_wconf 84' lang='grc' dir='ltr'>Ὁμοίως</span> <span class='ocrx_word' id='word_1_320' title='bbox 675 4049 766 4104; x_wconf 86' lang='grc' dir='ltr'>καὶ</span> <span class='ocrx_word' id='word_1_321' title='bbox 832 4049 938 4103; x_wconf 85' lang='grc' dir='ltr'>ἀπὸ</span> <span class='ocrx_word' id='word_1_322' title='bbox 996 4052 1091 4102; x_wconf 89' lang='grc' dir='ltr'>τοῦ</span> <span class='ocrx_word' id='word_1_323' title='bbox 1147 4047 1533 4119; x_wconf 79' lang='grc' dir='ltr'>κατακλυσμοῦ</span> <span class='ocrx_word' id='word_1_324' title='bbox 1587 4045 1690 4106; x_wconf 83' lang='grc' dir='ltr'>ἓως</span> <span class='ocrx_word' id='word_1_325' title='bbox 1752 4041 2028 4120; x_wconf 76' lang='grc' dir='ltr'>Ἀϐραὰμ,</span> 
     </span>
    </p>
   </div>
   <div class='ocr_carea' id='block_1_45' title="bbox 381 4129 2030 4214">
    <p class='ocr_par' dir='ltr' id='par_1_45' title="bbox 381 4129 2030 4214">
     <span class='ocr_line' id='line_1_45' title="bbox 381 4129 2030 4214; baseline -0.002 -22"><span class='ocrx_word' id='word_1_326' title='bbox 381 4137 555 4214; x_wconf 84' lang='grc' dir='ltr'>γενεαὶ</span> <span class='ocrx_word' id='word_1_327' title='bbox 592 4139 640 4209; x_wconf 86' lang='grc' dir='ltr'>ι’,</span> <span class='ocrx_word' id='word_1_328' title='bbox 673 4134 765 4207; x_wconf 79' lang='grc' dir='ltr'>ἔτη</span> <span class='ocrx_word' id='word_1_329' title='bbox 809 4156 942 4192; x_wconf 90' lang='grc' dir='ltr'>ασο.</span> <span class='ocrx_word' id='word_1_330' title='bbox 1003 4129 1256 4211; x_wconf 83' lang='grc' dir='ltr'>Ἀϐραὰμ</span> <span class='ocrx_word' id='word_1_331' title='bbox 1311 4135 1378 4203; x_wconf 84' lang='grc' dir='ltr'>ἧν</span> <span class='ocrx_word' id='word_1_332' title='bbox 1440 4133 1574 4188; x_wconf 74' lang='grc' dir='ltr'>ἐτῶν</span> <span class='ocrx_word' id='word_1_333' title='bbox 1629 4134 1702 4188; x_wconf 67' lang='lat' dir='ltr'>oe‘</span> <span class='ocrx_word' id='word_1_334' title='bbox 1754 4133 1843 4188; x_wconf 79' lang='grc' dir='ltr'>ὅτε</span> <span class='ocrx_word' id='word_1_335' title='bbox 1899 4155 2030 4206; x_wconf 85' lang='grc' dir='ltr'>μετ·-</span> 
     </span>
    </p>
   </div>
   <div class='ocr_carea' id='block_1_46' title="bbox 376 4222 2025 4300">
    <p class='ocr_par' dir='ltr' id='par_1_46' title="bbox 376 4222 2025 4300">
     <span class='ocr_line' id='line_1_46' title="bbox 376 4222 2025 4300; baseline -0.003 -19"><span class='ocrx_word' id='word_1_336' title='bbox 376 4228 587 4300; x_wconf 83' lang='grc' dir='ltr'>ᾤκησεν</span> <span class='ocrx_word' id='word_1_337' title='bbox 645 4226 723 4288; x_wconf 81' lang='grc' dir='ltr'>εἰς</span> <span class='ocrx_word' id='word_1_338' title='bbox 781 4227 880 4294; x_wconf 77' lang='grc' dir='ltr'>τὴν</span> <span class='ocrx_word' id='word_1_339' title='bbox 937 4223 1236 4279; x_wconf 78' lang='grc' dir='ltr'>Χαναναίαν</span> <span class='ocrx_word' id='word_1_340' title='bbox 1296 4230 1422 4298; x_wconf 78' lang='grc' dir='ltr'>γῆν,</span> <span class='ocrx_word' id='word_1_341' title='bbox 1482 4222 1541 4276; x_wconf 80' lang='grc' dir='ltr'>ἐκ</span> <span class='ocrx_word' id='word_1_342' title='bbox 1591 4228 1690 4291; x_wconf 84' lang='grc' dir='ltr'>τῆς</span> <span class='ocrx_word' id='word_1_343' title='bbox 1775 4228 2025 4278; x_wconf 86' lang='grc' dir='ltr'>Μεσοπο-</span> 
     </span>
    </p>
   </div>
   <div class='ocr_carea' id='block_1_47' title="bbox 377 4307 2022 4388">
    <p class='ocr_par' dir='ltr' id='par_1_47' title="bbox 377 4307 2022 4388">
     <span class='ocr_line' id='line_1_47' title="bbox 377 4307 2022 4388; baseline -0.002 -17"><span class='ocrx_word' id='word_1_344' title='bbox 377 4315 596 4388; x_wconf 82' lang='grc' dir='ltr'>ταμίας,</span> <span class='ocrx_word' id='word_1_345' title='bbox 628 4317 786 4370; x_wconf 82' lang='grc' dir='ltr'>κάκεῖ</span> <span class='ocrx_word' id='word_1_346' title='bbox 824 4311 1109 4386; x_wconf 80' lang='grc' dir='ltr'>διατρίψας</span> <span class='ocrx_word' id='word_1_347' title='bbox 1163 4307 1256 4383; x_wconf 79' lang='grc' dir='ltr'>ἔτη</span> <span class='ocrx_word' id='word_1_348' title='bbox 1315 4318 1409 4382; x_wconf 74' lang='grc' dir='ltr'>κε’,</span> <span class='ocrx_word' id='word_1_349' title='bbox 1472 4310 1617 4366; x_wconf 80' lang='grc' dir='ltr'>ἔτεκε</span> <span class='ocrx_word' id='word_1_350' title='bbox 1671 4313 1762 4366; x_wconf 85' lang='grc' dir='ltr'>τὸν</span> <span class='ocrx_word' id='word_1_351' title='bbox 1825 4311 2022 4369; x_wconf 82' lang='grc' dir='ltr'>Ἰσαάκ.</span> 
     </span>
    </p>
   </div>
   <div class='ocr_carea' id='block_1_48' title="bbox 384 4399 2024 4480">
    <p class='ocr_par' dir='ltr' id='par_1_48' title="bbox 384 4399 2024 4480">
     <span class='ocr_line' id='line_1_48' title="bbox 384 4399 2024 4480; baseline -0.004 -19"><span class='ocrx_word' id='word_1_352' title='bbox 384 4407 445 4460; x_wconf 78' lang='grc' dir='ltr'>Ξ¹</span> <span class='ocrx_word' id='word_1_353' title='bbox 505 4402 560 4460; x_wconf 73' lang='grc' dir='ltr'>δὲ</span> <span class='ocrx_word' id='word_1_354' title='bbox 613 4403 705 4474; x_wconf 78' lang='grc' dir='ltr'>ἔτη</span> <span class='ocrx_word' id='word_1_355' title='bbox 769 4406 973 4480; x_wconf 88' lang='grc' dir='ltr'>βιώσας</span> <span class='ocrx_word' id='word_1_356' title='bbox 1032 4405 1060 4457; x_wconf 86' lang='grc' dir='ltr'><strong>ὁ</strong></span> <span class='ocrx_word' id='word_1_357' title='bbox 1129 4403 1327 4474; x_wconf 77' lang='grc' dir='ltr'>Ἰσαὰκ,</span> <span class='ocrx_word' id='word_1_358' title='bbox 1414 4407 1569 4478; x_wconf 80' lang='grc' dir='ltr'>γεννᾷ</span> <span class='ocrx_word' id='word_1_359' title='bbox 1653 4399 1849 4466; x_wconf 80' lang='grc' dir='ltr'>παῖδας</span> <span class='ocrx_word' id='word_1_360' title='bbox 1907 4399 2024 4473; x_wconf 71' lang='grc' dir='ltr'>δύο,</span> 
     </span>
    </p>
   </div>
   <div class='ocr_carea' id='block_1_49' title="bbox 383 4488 2027 4564">
    <p class='ocr_par' dir='ltr' id='par_1_49' title="bbox 383 4488 2027 4564">
     <span class='ocr_line' id='line_1_49' title="bbox 383 4488 2027 4564; baseline -0.002 -16"><span class='ocrx_word' id='word_1_361' title='bbox 383 4497 574 4563; x_wconf 86' lang='grc' dir='ltr'>Ἡσαῦ,</span> <span class='ocrx_word' id='word_1_362' title='bbox 605 4494 694 4548; x_wconf 76' lang='grc' dir='ltr'>καὶ</span> <span class='ocrx_word' id='word_1_363' title='bbox 730 4488 943 4550; x_wconf 85' lang='grc' dir='ltr'>Ἰακώϐ.</span> <span class='ocrx_word' id='word_1_364' title='bbox 980 4489 1260 4561; x_wconf 71' lang='grc' dir='ltr'>Κατ-ἦλθεν</span> <span class='ocrx_word' id='word_1_365' title='bbox 1297 4491 1374 4553; x_wconf 83' lang='grc' dir='ltr'>εἰς</span> <span class='ocrx_word' id='word_1_366' title='bbox 1429 4489 1700 4564; x_wconf 58' lang='grc' dir='ltr'>Αἴγυπτον</span> <span class='ocrx_word' id='word_1_367' title='bbox 1749 4492 1863 4563; x_wconf 80' lang='grc' dir='ltr'>ἅμα</span> <span class='ocrx_word' id='word_1_368' title='bbox 1911 4496 2027 4552; x_wconf 86' lang='grc' dir='ltr'>τοῖς</span> 
     </span>
    </p>
   </div>
   <div class='ocr_carea' id='block_1_50' title="bbox 387 4582 2024 4658">
    <p class='ocr_par' dir='ltr' id='par_1_50' title="bbox 387 4582 2024 4658">
     <span class='ocr_line' id='line_1_50' title="bbox 387 4582 2024 4658; baseline -0.004 -16"><span class='ocrx_word' id='word_1_369' title='bbox 387 4585 599 4642; x_wconf 79' lang='grc' dir='ltr'>δώδεκα</span> <span class='ocrx_word' id='word_1_370' title='bbox 652 4585 816 4640; x_wconf 81' lang='grc' dir='ltr'>αὐτοῦ</span> <span class='ocrx_word' id='word_1_371' title='bbox 867 4584 957 4639; x_wconf 86' lang='grc' dir='ltr'>καὶ</span> <span class='ocrx_word' id='word_1_372' title='bbox 1015 4588 1131 4644; x_wconf 79' lang='grc' dir='ltr'>τοῖς</span> <span class='ocrx_word' id='word_1_373' title='bbox 1185 4583 1424 4658; x_wconf 76' lang='grc' dir='ltr'>ἐγγόνοις</span> <span class='ocrx_word' id='word_1_374' title='bbox 1496 4582 1785 4657; x_wconf 82' lang='grc' dir='ltr'>[ἐκγόνοις]</span> <span class='ocrx_word' id='word_1_375' title='bbox 1838 4582 2024 4652; x_wconf 81' lang='grc' dir='ltr'>αὐτοῦ,</span> 
     </span>
    </p>
   </div>
   <div class='ocr_carea' id='block_1_51' title="bbox 2155 663 3813 731">
    <p class='ocr_par' dir='ltr' id='par_1_51' title="bbox 2155 663 3813 731">
     <span class='ocr_line' id='line_1_51' title="bbox 2155 663 3813 731; baseline 0.007 -16"><span class='ocrx_word' id='word_1_376' title='bbox 2155 663 2487 731; x_wconf 91' lang='lat' dir='ltr'>Prodromi,</span> <span class='ocrx_word' id='word_1_377' title='bbox 2513 667 2619 721; x_wconf 87' lang='lat' dir='ltr'>filii</span> <span class='ocrx_word' id='word_1_378' title='bbox 2653 669 2972 731; x_wconf 73' lang='lat' dir='ltr'>Barachiaa,</span> <span class='ocrx_word' id='word_1_379' title='bbox 3007 669 3114 722; x_wconf 85' lang='lat' dir='ltr'>filii</span> <span class='ocrx_word' id='word_1_380' title='bbox 3171 668 3318 723; x_wconf 88' lang='lat' dir='ltr'>Abia</span> <span class='ocrx_word' id='word_1_381' title='bbox 3366 669 3707 725; x_wconf 84' lang='lat' dir='ltr'>sacerdotis.</span> <span class='ocrx_word' id='word_1_382' title='bbox 3743 674 3813 726; x_wconf 89' lang='lat' dir='ltr'>Et</span> 
     </span>
    </p>
   </div>
   <div class='ocr_carea' id='block_1_52' title="bbox 2157 756 3814 828">
    <p class='ocr_par' dir='ltr' id='par_1_52' title="bbox 2157 756 3814 828">
     <span class='ocr_line' id='line_1_52' title="bbox 2157 756 3814 828; baseline 0.005 -23"><span class='ocrx_word' id='word_1_383' title='bbox 2157 757 2295 807; x_wconf 89' lang='lat' dir='ltr'>tunc</span> <span class='ocrx_word' id='word_1_384' title='bbox 2326 756 2568 824; x_wconf 84' lang='lat' dir='ltr'>quidem</span> <span class='ocrx_word' id='word_1_385' title='bbox 2599 758 2812 812; x_wconf 87' lang='lat' dir='ltr'>viduus</span> <span class='ocrx_word' id='word_1_386' title='bbox 2845 764 2971 812; x_wconf 90' lang='lat' dir='ltr'>erat</span> <span class='ocrx_word' id='word_1_387' title='bbox 3027 758 3264 828; x_wconf 85' lang='lat' dir='ltr'>Joseph,</span> <span class='ocrx_word' id='word_1_388' title='bbox 3323 764 3388 812; x_wconf 92' lang='lat' dir='ltr'>ut</span> <span class='ocrx_word' id='word_1_389' title='bbox 3446 759 3698 828; x_wconf 90' lang='lat' dir='ltr'>Salome,</span> <span class='ocrx_word' id='word_1_390' title='bbox 3755 767 3814 815; x_wconf 89' lang='lat' dir='ltr'>et</span> 
     </span>
    </p>
   </div>
   <div class='ocr_carea' id='block_1_53' title="bbox 2152 841 3804 919">
    <p class='ocr_par' dir='ltr' id='par_1_53' title="bbox 2152 841 3804 919">
     <span class='ocr_line' id='line_1_53' title="bbox 2152 841 3804 919; baseline 0.006 -25"><span class='ocrx_word' id='word_1_391' title='bbox 2152 841 2408 898; x_wconf 86' lang='lat' dir='ltr'>Joannes</span> <span class='ocrx_word' id='word_1_392' title='bbox 2437 845 2699 916; x_wconf 81' lang='lat' dir='ltr'>Baptista</span> <span class='ocrx_word' id='word_1_393' title='bbox 2721 848 2969 901; x_wconf 82' lang='lat' dir='ltr'>fratrum</span> <span class='ocrx_word' id='word_1_394' title='bbox 3009 864 3424 919; x_wconf 80' lang='lat' dir='ltr'>germanorum</span> <span class='ocrx_word' id='word_1_395' title='bbox 3460 848 3580 902; x_wconf 82' lang='lat' dir='ltr'>sint</span> <span class='ocrx_word' id='word_1_396' title='bbox 3608 849 3804 904; x_wconf 88' lang='lat' dir='ltr'>liberi.</span> 
     </span>
    </p>
   </div>
   <div class='ocr_carea' id='block_1_54' title="bbox 2151 932 3806 1007">
    <p class='ocr_par' dir='ltr' id='par_1_54' title="bbox 2151 932 3806 1007">
     <span class='ocr_line' id='line_1_54' title="bbox 2151 932 3806 1007; baseline 0.007 -24"><span class='ocrx_word' id='word_1_397' title='bbox 2151 932 2384 986; x_wconf 86' lang='lat' dir='ltr'>Etenim</span> <span class='ocrx_word' id='word_1_398' title='bbox 2411 937 3009 1006; x_wconf 71' lang='lat' dir='ltr'>Aggaaus,Barachia3,</span> <span class='ocrx_word' id='word_1_399' title='bbox 3028 937 3464 1007; x_wconf 84' lang='lat' dir='ltr'>ﬁlius,patruus</span> <span class='ocrx_word' id='word_1_400' title='bbox 3486 943 3614 992; x_wconf 90' lang='lat' dir='ltr'>erat</span> <span class='ocrx_word' id='word_1_401' title='bbox 3632 939 3806 994; x_wconf 83' lang='lat' dir='ltr'>Joan-</span> 
     </span>
    </p>
   </div>
   <div class='ocr_carea' id='block_1_55' title="bbox 2152 1021 3802 1097">
    <p class='ocr_par' dir='ltr' id='par_1_55' title="bbox 2152 1021 3802 1097">
     <span class='ocr_line' id='line_1_55' title="bbox 2152 1021 3802 1097; baseline 0.007 -25"><span class='ocrx_word' id='word_1_402' title='bbox 2152 1021 2264 1074; x_wconf 90' lang='lat' dir='ltr'>nis.</span> <span class='ocrx_word' id='word_1_403' title='bbox 2292 1022 2601 1078; x_wconf 89' lang='lat' dir='ltr'>Zacharias</span> <span class='ocrx_word' id='word_1_404' title='bbox 2618 1024 2783 1091; x_wconf 89' lang='lat' dir='ltr'>item,</span> <span class='ocrx_word' id='word_1_405' title='bbox 2819 1025 3002 1080; x_wconf 79' lang='lat' dir='ltr'>frater</span> <span class='ocrx_word' id='word_1_406' title='bbox 3031 1025 3232 1097; x_wconf 83' lang='lat' dir='ltr'>Aggai,</span> <span class='ocrx_word' id='word_1_407' title='bbox 3265 1029 3510 1096; x_wconf 88' lang='lat' dir='ltr'>patruus</span> <span class='ocrx_word' id='word_1_408' title='bbox 3541 1032 3668 1081; x_wconf 92' lang='lat' dir='ltr'>erat</span> <span class='ocrx_word' id='word_1_409' title='bbox 3697 1028 3802 1083; x_wconf 89' lang='lat' dir='ltr'>Sa-</span> 
     </span>
    </p>
   </div>
   <div class='ocr_carea' id='block_1_56' title="bbox 2150 1108 3802 1185">
    <p class='ocr_par' dir='ltr' id='par_1_56' title="bbox 2150 1108 3802 1185">
     <span class='ocr_line' id='line_1_56' title="bbox 2150 1108 3802 1185; baseline 0.004 -23"><span class='ocrx_word' id='word_1_410' title='bbox 2150 1108 2360 1177; x_wconf 83' lang='lat' dir='ltr'>lomes;</span> <span class='ocrx_word' id='word_1_411' title='bbox 2395 1129 2572 1182; x_wconf 90' lang='lat' dir='ltr'>quam</span> <span class='ocrx_word' id='word_1_412' title='bbox 2595 1114 2810 1185; x_wconf 89' lang='lat' dir='ltr'>Joseph</span> <span class='ocrx_word' id='word_1_413' title='bbox 2840 1113 3006 1168; x_wconf 88' lang='lat' dir='ltr'>faber</span> <span class='ocrx_word' id='word_1_414' title='bbox 3037 1115 3096 1168; x_wconf 91' lang='lat' dir='ltr'>in</span> <span class='ocrx_word' id='word_1_415' title='bbox 3130 1114 3508 1168; x_wconf 89' lang='lat' dir='ltr'>matrimonio</span> <span class='ocrx_word' id='word_1_416' title='bbox 3522 1114 3802 1172; x_wconf 88' lang='lat' dir='ltr'>habebat.</span> 
     </span>
    </p>
   </div>
   <div class='ocr_carea' id='block_1_57' title="bbox 2151 1198 3800 1271">
    <p class='ocr_par' dir='ltr' id='par_1_57' title="bbox 2151 1198 3800 1271">
     <span class='ocr_line' id='line_1_57' title="bbox 2151 1198 3800 1271; baseline 0.005 -21"><span class='ocrx_word' id='word_1_417' title='bbox 2151 1198 2422 1253; x_wconf 90' lang='lat' dir='ltr'>Salomen</span> <span class='ocrx_word' id='word_1_418' title='bbox 2457 1205 2655 1255; x_wconf 90' lang='lat' dir='ltr'>autem</span> <span class='ocrx_word' id='word_1_419' title='bbox 2687 1203 2841 1268; x_wconf 87' lang='lat' dir='ltr'>dico,</span> <span class='ocrx_word' id='word_1_420' title='bbox 2876 1219 2998 1256; x_wconf 92' lang='lat' dir='ltr'>non</span> <span class='ocrx_word' id='word_1_421' title='bbox 3031 1202 3410 1257; x_wconf 81' lang='lat' dir='ltr'>obstetricem</span> <span class='ocrx_word' id='word_1_422' title='bbox 3455 1203 3642 1271; x_wconf 84' lang='lat' dir='ltr'>illam,</span> <span class='ocrx_word' id='word_1_423' title='bbox 3696 1205 3800 1259; x_wconf 90' lang='lat' dir='ltr'>sed</span> 
     </span>
    </p>
   </div>
   <div class='ocr_carea' id='block_1_58' title="bbox 2148 1287 3808 1362">
    <p class='ocr_par' dir='ltr' id='par_1_58' title="bbox 2148 1287 3808 1362">
     <span class='ocr_line' id='line_1_58' title="bbox 2148 1287 3808 1362; baseline 0.005 -23"><span class='ocrx_word' id='word_1_424' title='bbox 2148 1287 2386 1358; x_wconf 77' lang='lat' dir='ltr'>Iosephi</span> <span class='ocrx_word' id='word_1_425' title='bbox 2420 1290 2756 1362; x_wconf 87' lang='lat' dir='ltr'>conjugem.</span> <span class='ocrx_word' id='word_1_426' title='bbox 2790 1291 3083 1346; x_wconf 89' lang='lat' dir='ltr'>Obstetrix</span> <span class='ocrx_word' id='word_1_427' title='bbox 3107 1292 3266 1346; x_wconf 91' lang='lat' dir='ltr'>enim</span> <span class='ocrx_word' id='word_1_428' title='bbox 3300 1309 3330 1346; x_wconf 94' lang='lat' dir='ltr'>e</span> <span class='ocrx_word' id='word_1_429' title='bbox 3353 1292 3652 1347; x_wconf 89' lang='lat' dir='ltr'>Bethleem</span> <span class='ocrx_word' id='word_1_430' title='bbox 3681 1302 3808 1349; x_wconf 87' lang='lat' dir='ltr'>erat</span> 
     </span>
    </p>
   </div>
   <div class='ocr_carea' id='block_1_59' title="bbox 2151 1376 3804 1450">
    <p class='ocr_par' dir='ltr' id='par_1_59' title="bbox 2151 1376 3804 1450">
     <span class='ocr_line' id='line_1_59' title="bbox 2151 1376 3804 1450; baseline 0.006 -22"><span class='ocrx_word' id='word_1_431' title='bbox 2151 1376 2420 1444; x_wconf 73' lang='lat' dir='ltr'>oriunda,</span> <span class='ocrx_word' id='word_1_432' title='bbox 2457 1384 2515 1432; x_wconf 93' lang='lat' dir='ltr'>et</span> <span class='ocrx_word' id='word_1_433' title='bbox 2543 1381 2672 1450; x_wconf 90' lang='lat' dir='ltr'>ipsa</span> <span class='ocrx_word' id='word_1_434' title='bbox 2713 1381 3072 1436; x_wconf 88' lang='lat' dir='ltr'>consobrina</span> <span class='ocrx_word' id='word_1_435' title='bbox 3120 1380 3440 1445; x_wconf 88' lang='lat' dir='ltr'>Elisabeth,</span> <span class='ocrx_word' id='word_1_436' title='bbox 3493 1388 3551 1437; x_wconf 93' lang='lat' dir='ltr'>et</span> <span class='ocrx_word' id='word_1_437' title='bbox 3607 1400 3804 1438; x_wconf 89' lang='lat' dir='ltr'>sacro-</span> 
     </span>
    </p>
   </div>
   <div class='ocr_carea' id='block_1_60' title="bbox 2154 1469 3806 1542">
    <p class='ocr_par' dir='ltr' id='par_1_60' title="bbox 2154 1469 3806 1542">
     <span class='ocr_line' id='line_1_60' title="bbox 2154 1469 3806 1542; baseline 0.004 -23"><span class='ocrx_word' id='word_1_438' title='bbox 2154 1473 2373 1521; x_wconf 63' lang='lat' dir='ltr'>sanctae</span> <span class='ocrx_word' id='word_1_439' title='bbox 2407 1469 2662 1541; x_wconf 79' lang='lat' dir='ltr'>Virginis</span> <span class='ocrx_word' id='word_1_440' title='bbox 2695 1472 2907 1526; x_wconf 72' lang='lat' dir='ltr'>Mariaa.</span> <span class='ocrx_word' id='word_1_441' title='bbox 2939 1471 3122 1542; x_wconf 90' lang='lat' dir='ltr'>quue</span> <span class='ocrx_word' id='word_1_442' title='bbox 3141 1472 3327 1526; x_wconf 86' lang='lat' dir='ltr'>sancti</span> <span class='ocrx_word' id='word_1_443' title='bbox 3355 1472 3520 1526; x_wconf 62' lang='lat' dir='ltr'>Lucas</span> <span class='ocrx_word' id='word_1_444' title='bbox 3544 1472 3806 1528; x_wconf 88' lang='lat' dir='ltr'>declarat</span> 
     </span>
    </p>
   </div>
   <div class='ocr_carea' id='block_1_61' title="bbox 2149 1555 3804 1627">
    <p class='ocr_par' dir='ltr' id='par_1_61' title="bbox 2149 1555 3804 1627">
     <span class='ocr_line' id='line_1_61' title="bbox 2149 1555 3804 1627; baseline 0.004 -18"><span class='ocrx_word' id='word_1_445' title='bbox 2149 1555 2553 1627; x_wconf 85' lang='lat' dir='ltr'>Evangelium.</span> <span class='ocrx_word' id='word_1_446' title='bbox 2586 1561 2725 1614; x_wconf 89' lang='lat' dir='ltr'>Tres</span> <span class='ocrx_word' id='word_1_447' title='bbox 2757 1561 2918 1615; x_wconf 88' lang='lat' dir='ltr'>enim</span> <span class='ocrx_word' id='word_1_448' title='bbox 2952 1577 3185 1615; x_wconf 87' lang='lat' dir='ltr'>sorores</span> <span class='ocrx_word' id='word_1_449' title='bbox 3218 1566 3388 1615; x_wconf 87' lang='lat' dir='ltr'>erant</span> <span class='ocrx_word' id='word_1_450' title='bbox 3445 1561 3804 1616; x_wconf 89' lang='lat' dir='ltr'>Bethleemi-</span> 
     </span>
    </p>
   </div>
   <div class='ocr_carea' id='block_1_62' title="bbox 2147 1645 3800 1718">
    <p class='ocr_par' dir='ltr' id='par_1_62' title="bbox 2147 1645 3800 1718">
     <span class='ocr_line' id='line_1_62' title="bbox 2147 1645 3800 1718; baseline 0.004 -20"><span class='ocrx_word' id='word_1_451' title='bbox 2147 1645 2300 1713; x_wconf 75' lang='lat' dir='ltr'>ticzn,</span> <span class='ocrx_word' id='word_1_452' title='bbox 2337 1649 2660 1703; x_wconf 88' lang='lat' dir='ltr'>sacerdotis</span> <span class='ocrx_word' id='word_1_453' title='bbox 2693 1651 2927 1704; x_wconf 89' lang='lat' dir='ltr'>Mathan</span> <span class='ocrx_word' id='word_1_454' title='bbox 2960 1650 3119 1718; x_wconf 69' lang='lat' dir='ltr'>ﬁlim,</span> <span class='ocrx_word' id='word_1_455' title='bbox 3155 1656 3213 1704; x_wconf 89' lang='lat' dir='ltr'>et</span> <span class='ocrx_word' id='word_1_456' title='bbox 3241 1650 3441 1704; x_wconf 81' lang='lat' dir='ltr'>uxoris</span> <span class='ocrx_word' id='word_1_457' title='bbox 3473 1650 3635 1704; x_wconf 91' lang='lat' dir='ltr'>illius</span> <span class='ocrx_word' id='word_1_458' title='bbox 3679 1653 3800 1706; x_wconf 88' lang='lat' dir='ltr'>Ma-</span> 
     </span>
    </p>
   </div>
   <div class='ocr_carea' id='block_1_63' title="bbox 2146 1734 3797 1811">
    <p class='ocr_par' dir='ltr' id='par_1_63' title="bbox 2146 1734 3797 1811">
     <span class='ocr_line' id='line_1_63' title="bbox 2146 1734 3797 1811; baseline 0.003 -22"><span class='ocrx_word' id='word_1_459' title='bbox 2146 1734 2249 1789; x_wconf 62' lang='lat' dir='ltr'>ria;</span> <span class='ocrx_word' id='word_1_460' title='bbox 2275 1753 2287 1802; x_wconf 93' lang='lat'><strong>;</strong></span> <span class='ocrx_word' id='word_1_461' title='bbox 2314 1743 2597 1808; x_wconf 77' lang='lat' dir='ltr'>regnante</span> <span class='ocrx_word' id='word_1_462' title='bbox 2621 1739 2931 1810; x_wconf 89' lang='lat' dir='ltr'>Cleopatra</span> <span class='ocrx_word' id='word_1_463' title='bbox 2956 1740 3178 1811; x_wconf 80' lang='lat' dir='ltr'>regina,</span> <span class='ocrx_word' id='word_1_464' title='bbox 3215 1744 3272 1792; x_wconf 93' lang='lat' dir='ltr'>et</span> <span class='ocrx_word' id='word_1_465' title='bbox 3293 1734 3571 1809; x_wconf 85' lang='lat' dir='ltr'>SOpatore</span> <span class='ocrx_word' id='word_1_466' title='bbox 3595 1741 3797 1807; x_wconf 88' lang='lat' dir='ltr'>Persa,</span> 
     </span>
    </p>
   </div>
   <div class='ocr_carea' id='block_1_64' title="bbox 2146 1823 3796 1900">
    <p class='ocr_par' dir='ltr' id='par_1_64' title="bbox 2146 1823 3796 1900">
     <span class='ocr_line' id='line_1_64' title="bbox 2146 1823 3796 1900; baseline 0.004 -23"><span class='ocrx_word' id='word_1_467' title='bbox 2146 1823 2324 1894; x_wconf 86' lang='lat' dir='ltr'>idque</span> <span class='ocrx_word' id='word_1_468' title='bbox 2355 1831 2673 1897; x_wconf 88' lang='lat' dir='ltr'>antequam</span> <span class='ocrx_word' id='word_1_469' title='bbox 2704 1829 2963 1882; x_wconf 90' lang='lat' dir='ltr'>Herodes</span> <span class='ocrx_word' id='word_1_470' title='bbox 2999 1828 3160 1882; x_wconf 88' lang='lat' dir='ltr'>filius</span> <span class='ocrx_word' id='word_1_471' title='bbox 3210 1828 3496 1898; x_wconf 79' lang='lat' dir='ltr'>Antipatri</span> <span class='ocrx_word' id='word_1_472' title='bbox 3545 1845 3796 1900; x_wconf 80' lang='lat' dir='ltr'>regnum</span> 
     </span>
    </p>
   </div>
   <div class='ocr_carea' id='block_1_65' title="bbox 2147 1913 3800 1987">
    <p class='ocr_par' dir='ltr' id='par_1_65' title="bbox 2147 1913 3800 1987">
     <span class='ocr_line' id='line_1_65' title="bbox 2147 1913 3800 1987; baseline 0.002 -20"><span class='ocrx_word' id='word_1_473' title='bbox 2147 1913 2454 1969; x_wconf 84' lang='lat' dir='ltr'>Judaicum</span> <span class='ocrx_word' id='word_1_474' title='bbox 2502 1915 2816 1972; x_wconf 90' lang='lat' dir='ltr'>obtineret.</span> <span class='ocrx_word' id='word_1_475' title='bbox 2865 1919 3089 1970; x_wconf 87' lang='lat' dir='ltr'>Nomen</span> <span class='ocrx_word' id='word_1_476' title='bbox 3145 1917 3354 1987; x_wconf 66' lang='lat' dir='ltr'>primae</span> <span class='ocrx_word' id='word_1_477' title='bbox 3398 1921 3524 1971; x_wconf 90' lang='lat' dir='ltr'>erat</span> <span class='ocrx_word' id='word_1_478' title='bbox 3580 1918 3800 1984; x_wconf 89' lang='lat' dir='ltr'>Maria;</span> 
     </span>
    </p>
   </div>
   <div class='ocr_carea' id='block_1_66' title="bbox 2149 2005 3798 2061">
    <p class='ocr_par' dir='ltr' id='par_1_66' title="bbox 2149 2005 3798 2061">
     <span class='ocr_line' id='line_1_66' title="bbox 2149 2005 3798 2061; baseline 0.004 -6"><span class='ocrx_word' id='word_1_479' title='bbox 2149 2019 2365 2058; x_wconf 90' lang='lat' dir='ltr'>nomen</span> <span class='ocrx_word' id='word_1_480' title='bbox 2402 2005 2678 2058; x_wconf 59' lang='lat' dir='ltr'>secunda;</span> <span class='ocrx_word' id='word_1_481' title='bbox 2723 2006 2950 2060; x_wconf 76' lang='lat' dir='ltr'>Somm:</span> <span class='ocrx_word' id='word_1_482' title='bbox 3013 2006 3187 2060; x_wconf 88' lang='lat' dir='ltr'>tertia</span> <span class='ocrx_word' id='word_1_483' title='bbox 3241 2005 3551 2060; x_wconf 82' lang='lat' dir='ltr'>dicebatur</span> <span class='ocrx_word' id='word_1_484' title='bbox 3610 2011 3798 2061; x_wconf 82' lang='lat' dir='ltr'>Anna.</span> 
     </span>
    </p>
   </div>
   <div class='ocr_carea' id='block_1_67' title="bbox 2145 2093 3801 2164">
    <p class='ocr_par' dir='ltr' id='par_1_67' title="bbox 2145 2093 3801 2164">
     <span class='ocr_line' id='line_1_67' title="bbox 2145 2093 3801 2164; baseline 0.002 -19"><span class='ocrx_word' id='word_1_485' title='bbox 2145 2093 2346 2146; x_wconf 89' lang='lat' dir='ltr'>Prima</span> <span class='ocrx_word' id='word_1_486' title='bbox 2375 2094 2656 2164; x_wconf 90' lang='lat' dir='ltr'>nupsitin</span> <span class='ocrx_word' id='word_1_487' title='bbox 2691 2094 3016 2161; x_wconf 88' lang='lat' dir='ltr'>Bethleem,</span> <span class='ocrx_word' id='word_1_488' title='bbox 3039 2099 3096 2147; x_wconf 93' lang='lat' dir='ltr'>et</span> <span class='ocrx_word' id='word_1_489' title='bbox 3119 2094 3394 2149; x_wconf 91' lang='lat' dir='ltr'>Salomen</span> <span class='ocrx_word' id='word_1_490' title='bbox 3419 2093 3801 2149; x_wconf 90' lang='lat' dir='ltr'>obstetricem</span> 
     </span>
    </p>
   </div>
   <div class='ocr_carea' id='block_1_68' title="bbox 2141 2181 3800 2252">
    <p class='ocr_par' dir='ltr' id='par_1_68' title="bbox 2141 2181 3800 2252">
     <span class='ocr_line' id='line_1_68' title="bbox 2141 2181 3800 2252; baseline 0.002 -18"><span class='ocrx_word' id='word_1_491' title='bbox 2141 2181 2363 2251; x_wconf 85' lang='lat' dir='ltr'>genuit.</span> <span class='ocrx_word' id='word_1_492' title='bbox 2398 2182 2596 2236; x_wconf 86' lang='lat' dir='ltr'>Altera</span> <span class='ocrx_word' id='word_1_493' title='bbox 2625 2181 2847 2236; x_wconf 91' lang='lat' dir='ltr'>ibidem</span> <span class='ocrx_word' id='word_1_494' title='bbox 2879 2183 3091 2252; x_wconf 87' lang='lat' dir='ltr'>nuptui</span> <span class='ocrx_word' id='word_1_495' title='bbox 3125 2181 3239 2245; x_wconf 86' lang='lat' dir='ltr'>fuit</span> <span class='ocrx_word' id='word_1_496' title='bbox 3261 2182 3496 2249; x_wconf 91' lang='lat' dir='ltr'>tradita,</span> <span class='ocrx_word' id='word_1_497' title='bbox 3533 2189 3592 2237; x_wconf 91' lang='lat' dir='ltr'>et</span> <span class='ocrx_word' id='word_1_498' title='bbox 3612 2183 3800 2238; x_wconf 80' lang='lat' dir='ltr'>Elisa-</span> 
     </span>
    </p>
   </div>
   <div class='ocr_carea' id='block_1_69' title="bbox 2141 2269 3794 2342">
    <p class='ocr_par' dir='ltr' id='par_1_69' title="bbox 2141 2269 3794 2342">
     <span class='ocr_line' id='line_1_69' title="bbox 2141 2269 3794 2342; baseline 0.002 -20"><span class='ocrx_word' id='word_1_499' title='bbox 2141 2269 2379 2324; x_wconf 89' lang='lat' dir='ltr'>betham</span> <span class='ocrx_word' id='word_1_500' title='bbox 2412 2271 2661 2341; x_wconf 90' lang='lat' dir='ltr'>peperit.</span> <span class='ocrx_word' id='word_1_501' title='bbox 2685 2271 2880 2325; x_wconf 90' lang='lat' dir='ltr'>Tertia</span> <span class='ocrx_word' id='word_1_502' title='bbox 2897 2271 2958 2325; x_wconf 87' lang='lat' dir='ltr'>in</span> <span class='ocrx_word' id='word_1_503' title='bbox 2982 2271 3222 2325; x_wconf 71' lang='lat' dir='ltr'>Galilaaa</span> <span class='ocrx_word' id='word_1_504' title='bbox 3240 2272 3533 2342; x_wconf 89' lang='lat' dir='ltr'>nupsit,et</span> <span class='ocrx_word' id='word_1_505' title='bbox 3554 2272 3794 2326; x_wconf 87' lang='lat' dir='ltr'>Mariam</span> 
     </span>
    </p>
   </div>
   <div class='ocr_carea' id='block_1_70' title="bbox 2142 2357 3796 2430">
    <p class='ocr_par' dir='ltr' id='par_1_70' title="bbox 2142 2357 3796 2430">
     <span class='ocr_line' id='line_1_70' title="bbox 2142 2357 3796 2430; baseline 0.002 -18"><span class='ocrx_word' id='word_1_506' title='bbox 2142 2357 2451 2428; x_wconf 88' lang='lat' dir='ltr'>Deiparam</span> <span class='ocrx_word' id='word_1_507' title='bbox 2484 2359 2723 2430; x_wconf 89' lang='lat' dir='ltr'>genuit:</span> <span class='ocrx_word' id='word_1_508' title='bbox 2748 2365 2813 2413; x_wconf 92' lang='lat' dir='ltr'>ut</span> <span class='ocrx_word' id='word_1_509' title='bbox 2833 2360 3155 2426; x_wconf 90' lang='lat' dir='ltr'>Salome,et</span> <span class='ocrx_word' id='word_1_510' title='bbox 3175 2359 3566 2426; x_wconf 90' lang='lat' dir='ltr'>Elisabeth,et</span> <span class='ocrx_word' id='word_1_511' title='bbox 3589 2367 3796 2416; x_wconf 89' lang='lat' dir='ltr'>sancta</span> 
     </span>
    </p>
   </div>
   <div class='ocr_carea' id='block_1_71' title="bbox 2140 2447 3795 2518">
    <p class='ocr_par' dir='ltr' id='par_1_71' title="bbox 2140 2447 3795 2518">
     <span class='ocr_line' id='line_1_71' title="bbox 2140 2447 3795 2518; baseline 0.003 -18"><span class='ocrx_word' id='word_1_512' title='bbox 2140 2447 2320 2501; x_wconf 89' lang='lat' dir='ltr'>Maria</span> <span class='ocrx_word' id='word_1_513' title='bbox 2354 2448 2600 2518; x_wconf 90' lang='lat' dir='ltr'>Deipara</span> <span class='ocrx_word' id='word_1_514' title='bbox 2630 2448 2808 2502; x_wconf 90' lang='lat' dir='ltr'>trium</span> <span class='ocrx_word' id='word_1_515' title='bbox 2840 2465 3111 2502; x_wconf 90' lang='lat' dir='ltr'>sororum</span> <span class='ocrx_word' id='word_1_516' title='bbox 3145 2448 3640 2518; x_wconf 53' lang='lat' dir='ltr'>sintﬁliarAtque</span> <span class='ocrx_word' id='word_1_517' title='bbox 3655 2450 3795 2506; x_wconf 88' lang='lat' dir='ltr'>hinc</span> 
     </span>
    </p>
   </div>
   <div class='ocr_carea' id='block_1_72' title="bbox 2136 2536 3788 2608">
    <p class='ocr_par' dir='ltr' id='par_1_72' title="bbox 2136 2536 3788 2608">
     <span class='ocr_line' id='line_1_72' title="bbox 2136 2536 3788 2608; baseline 0.002 -19"><span class='ocrx_word' id='word_1_518' title='bbox 2136 2536 2393 2590; x_wconf 81' lang='lat' dir='ltr'>Joannes</span> <span class='ocrx_word' id='word_1_519' title='bbox 2443 2537 2725 2608; x_wconf 88' lang='lat' dir='ltr'>Baptista,</span> <span class='ocrx_word' id='word_1_520' title='bbox 2782 2542 2840 2592; x_wconf 93' lang='lat' dir='ltr'>ct</span> <span class='ocrx_word' id='word_1_521' title='bbox 2896 2537 3164 2593; x_wconf 88' lang='lat' dir='ltr'>Christus</span> <span class='ocrx_word' id='word_1_522' title='bbox 3225 2536 3511 2591; x_wconf 90' lang='lat' dir='ltr'>Dominus</span> <span class='ocrx_word' id='word_1_523' title='bbox 3565 2542 3788 2605; x_wconf 87' lang='lat' dir='ltr'>noster,</span> 
     </span>
    </p>
   </div>
   <div class='ocr_carea' id='block_1_73' title="bbox 2139 2625 3794 2697">
    <p class='ocr_par' dir='ltr' id='par_1_73' title="bbox 2139 2625 3794 2697">
     <span class='ocr_line' id='line_1_73' title="bbox 2139 2625 3794 2697; baseline 0.002 -19"><span class='ocrx_word' id='word_1_524' title='bbox 2139 2625 2480 2678; x_wconf 87' lang='lat' dir='ltr'>consobrini</span> <span class='ocrx_word' id='word_1_525' title='bbox 2510 2642 2640 2680; x_wconf 90' lang='lat' dir='ltr'>esse</span> <span class='ocrx_word' id='word_1_526' title='bbox 2663 2626 2976 2680; x_wconf 91' lang='lat' dir='ltr'>dicuntur:</span> <span class='ocrx_word' id='word_1_527' title='bbox 3012 2626 3172 2680; x_wconf 86' lang='lat' dir='ltr'>filius</span> <span class='ocrx_word' id='word_1_528' title='bbox 3203 2643 3340 2680; x_wconf 90' lang='lat' dir='ltr'>vero</span> <span class='ocrx_word' id='word_1_529' title='bbox 3395 2626 3615 2697; x_wconf 81' lang='lat' dir='ltr'>Joseph</span> <span class='ocrx_word' id='word_1_530' title='bbox 3666 2644 3794 2682; x_wconf 91' lang='lat' dir='ltr'>esse</span> 
     </span>
    </p>
   </div>
   <div class='ocr_carea' id='block_1_74' title="bbox 2136 2713 3792 2785">
    <p class='ocr_par' dir='ltr' id='par_1_74' title="bbox 2136 2713 3792 2785">
     <span class='ocr_line' id='line_1_74' title="bbox 2136 2713 3792 2785; baseline 0.001 -17"><span class='ocrx_word' id='word_1_531' title='bbox 2136 2714 2456 2768; x_wconf 90' lang='lat' dir='ltr'>ferebatur.</span> <span class='ocrx_word' id='word_1_532' title='bbox 2491 2713 2779 2778; x_wconf 90' lang='lat' dir='ltr'>Quoniam</span> <span class='ocrx_word' id='word_1_533' title='bbox 2815 2715 3076 2768; x_wconf 86' lang='lat' dir='ltr'>ﬁliorum</span> <span class='ocrx_word' id='word_1_534' title='bbox 3109 2714 3296 2785; x_wconf 89' lang='lat' dir='ltr'>ipsius</span> <span class='ocrx_word' id='word_1_535' title='bbox 3325 2714 3508 2769; x_wconf 85' lang='lat' dir='ltr'>frater</span> <span class='ocrx_word' id='word_1_536' title='bbox 3539 2721 3648 2783; x_wconf 88' lang='lat' dir='ltr'>est,</span> <span class='ocrx_word' id='word_1_537' title='bbox 3671 2733 3792 2771; x_wconf 90' lang='lat' dir='ltr'>non</span> 
     </span>
    </p>
   </div>
   <div class='ocr_carea' id='block_1_75' title="bbox 2139 2801 3793 2873">
    <p class='ocr_par' dir='ltr' id='par_1_75' title="bbox 2139 2801 3793 2873">
     <span class='ocr_line' id='line_1_75' title="bbox 2139 2801 3793 2873; baseline 0.001 -17"><span class='ocrx_word' id='word_1_538' title='bbox 2139 2819 2209 2857; x_wconf 80' lang='lat' dir='ltr'>ex</span> <span class='ocrx_word' id='word_1_539' title='bbox 2241 2819 2307 2856; x_wconf 93' lang='lat' dir='ltr'>eo</span> <span class='ocrx_word' id='word_1_540' title='bbox 2341 2801 2558 2869; x_wconf 90' lang='lat' dir='ltr'>solum,</span> <span class='ocrx_word' id='word_1_541' title='bbox 2585 2802 2743 2872; x_wconf 89' lang='lat' dir='ltr'>quod</span> <span class='ocrx_word' id='word_1_542' title='bbox 2760 2819 2879 2856; x_wconf 91' lang='lat' dir='ltr'>una</span> <span class='ocrx_word' id='word_1_543' title='bbox 2899 2803 3082 2857; x_wconf 85' lang='lat' dir='ltr'>fuerit</span> <span class='ocrx_word' id='word_1_544' title='bbox 3103 2803 3383 2869; x_wconf 88' lang='lat' dir='ltr'>nutritus,</span> <span class='ocrx_word' id='word_1_545' title='bbox 3415 2803 3793 2873; x_wconf 90' lang='lat' dir='ltr'>eteducatus,</span> 
     </span>
    </p>
   </div>
   <div class='ocr_carea' id='block_1_76' title="bbox 2136 2890 3792 2963">
    <p class='ocr_par' dir='ltr' id='par_1_76' title="bbox 2136 2890 3792 2963">
     <span class='ocr_line' id='line_1_76' title="bbox 2136 2890 3792 2963; baseline 0.001 -18"><span class='ocrx_word' id='word_1_546' title='bbox 2136 2907 2338 2945; x_wconf 88' lang='lat' dir='ltr'>verum</span> <span class='ocrx_word' id='word_1_547' title='bbox 2370 2890 2550 2946; x_wconf 89' lang='lat' dir='ltr'>etiam</span> <span class='ocrx_word' id='word_1_548' title='bbox 2582 2907 2652 2945; x_wconf 83' lang='lat' dir='ltr'>ex</span> <span class='ocrx_word' id='word_1_549' title='bbox 2684 2890 2878 2963; x_wconf 72' lang='lat' dir='ltr'>Aggaai</span> <span class='ocrx_word' id='word_1_550' title='bbox 2909 2890 3109 2945; x_wconf 85' lang='lat' dir='ltr'>fratris</span> <span class='ocrx_word' id='word_1_551' title='bbox 3141 2891 3433 2945; x_wconf 67' lang='lat' dir='ltr'>Zachariae</span> <span class='ocrx_word' id='word_1_552' title='bbox 3468 2892 3792 2947; x_wconf 87' lang='lat' dir='ltr'>sacerdotis</span> 
     </span>
    </p>
   </div>
   <div class='ocr_carea' id='block_1_77' title="bbox 2139 2980 2511 3051">
    <p class='ocr_par' dir='ltr' id='par_1_77' title="bbox 2139 2980 2511 3051">
     <span class='ocr_line' id='line_1_77' title="bbox 2139 2980 2511 3051; baseline -0.003 -16"><span class='ocrx_word' id='word_1_553' title='bbox 2139 2980 2511 3051; x_wconf 82' lang='lat' dir='ltr'>cognatione.</span> 
     </span>
    </p>
   </div>
   <div class='ocr_carea' id='block_1_78' title="bbox 2208 3156 3786 3227">
    <p class='ocr_par' dir='ltr' id='par_1_78' title="bbox 2208 3156 3786 3227">
     <span class='ocr_line' id='line_1_78' title="bbox 2208 3156 3786 3227; baseline 0.003 -19"><span class='ocrx_word' id='word_1_554' title='bbox 2208 3156 2267 3213; x_wconf 87' lang='lat' dir='ltr'>V.</span> <span class='ocrx_word' id='word_1_555' title='bbox 2293 3157 2562 3211; x_wconf 85' lang='lat' dir='ltr'>Nascitur</span> <span class='ocrx_word' id='word_1_556' title='bbox 2583 3156 2782 3227; x_wconf 89' lang='lat' dir='ltr'>itaque</span> <span class='ocrx_word' id='word_1_557' title='bbox 2802 3158 3088 3212; x_wconf 91' lang='lat' dir='ltr'>Dominus</span> <span class='ocrx_word' id='word_1_558' title='bbox 3109 3162 3315 3212; x_wconf 92' lang='lat' dir='ltr'>noster</span> <span class='ocrx_word' id='word_1_559' title='bbox 3329 3158 3354 3212; x_wconf 89' lang='lat' dir='ltr'>.l</span> <span class='ocrx_word' id='word_1_560' title='bbox 3362 3174 3496 3212; x_wconf 91' lang='lat' dir='ltr'>esus</span> <span class='ocrx_word' id='word_1_561' title='bbox 3517 3157 3786 3213; x_wconf 89' lang='lat' dir='ltr'>Christus</span> 
     </span>
    </p>
   </div>
   <div class='ocr_carea' id='block_1_79' title="bbox 2143 3245 3788 3312">
    <p class='ocr_par' dir='ltr' id='par_1_79' title="bbox 2143 3245 3788 3312">
     <span class='ocr_line' id='line_1_79' title="bbox 2143 3245 3788 3312; baseline 0 -12"><span class='ocrx_word' id='word_1_562' title='bbox 2143 3261 2212 3300; x_wconf 79' lang='lat' dir='ltr'>ex</span> <span class='ocrx_word' id='word_1_563' title='bbox 2241 3245 2400 3300; x_wconf 90' lang='lat' dir='ltr'>tribu</span> <span class='ocrx_word' id='word_1_564' title='bbox 2427 3246 2576 3300; x_wconf 84' lang='lat' dir='ltr'>Juda</span> <span class='ocrx_word' id='word_1_565' title='bbox 2606 3250 2664 3300; x_wconf 91' lang='lat' dir='ltr'>et</span> <span class='ocrx_word' id='word_1_566' title='bbox 2692 3261 2722 3299; x_wconf 92' lang='lat' dir='ltr'>e</span> <span class='ocrx_word' id='word_1_567' title='bbox 2756 3246 2983 3300; x_wconf 89' lang='lat' dir='ltr'>semine</span> <span class='ocrx_word' id='word_1_568' title='bbox 3039 3245 3238 3312; x_wconf 87' lang='lat' dir='ltr'>David,</span> <span class='ocrx_word' id='word_1_569' title='bbox 3294 3246 3620 3300; x_wconf 90' lang='lat' dir='ltr'>secundum</span> <span class='ocrx_word' id='word_1_570' title='bbox 3668 3247 3788 3300; x_wconf 89' lang='lat' dir='ltr'>hu-</span> 
     </span>
    </p>
   </div>
   <div class='ocr_carea' id='block_1_80' title="bbox 2141 3335 3792 3406">
    <p class='ocr_par' dir='ltr' id='par_1_80' title="bbox 2141 3335 3792 3406">
     <span class='ocr_line' id='line_1_80' title="bbox 2141 3335 3792 3406; baseline -0.001 -15"><span class='ocrx_word' id='word_1_571' title='bbox 2141 3352 2383 3391; x_wconf 87' lang='lat' dir='ltr'>manam</span> <span class='ocrx_word' id='word_1_572' title='bbox 2415 3340 2713 3402; x_wconf 80' lang='lat' dir='ltr'>naturam,</span> <span class='ocrx_word' id='word_1_573' title='bbox 2747 3335 2956 3390; x_wconf 88' lang='lat' dir='ltr'>diebus</span> <span class='ocrx_word' id='word_1_574' title='bbox 2995 3335 3338 3406; x_wconf 89' lang='lat' dir='ltr'>postremis,</span> <span class='ocrx_word' id='word_1_575' title='bbox 3390 3336 3530 3389; x_wconf 74' lang='lat'><strong>6000</strong></span> <span class='ocrx_word' id='word_1_576' title='bbox 3561 3352 3595 3390; x_wconf 88' lang='lat' dir='ltr'>a</span> <span class='ocrx_word' id='word_1_577' title='bbox 3625 3351 3792 3390; x_wconf 89' lang='lat' dir='ltr'>crea—</span> 
     </span>
    </p>
   </div>
   <div class='ocr_carea' id='block_1_81' title="bbox 2139 3424 3788 3497">
    <p class='ocr_par' dir='ltr' id='par_1_81' title="bbox 2139 3424 3788 3497">
     <span class='ocr_line' id='line_1_81' title="bbox 2139 3424 3788 3497; baseline -0.001 -17"><span class='ocrx_word' id='word_1_578' title='bbox 2139 3426 2299 3480; x_wconf 89' lang='lat' dir='ltr'>tione</span> <span class='ocrx_word' id='word_1_579' title='bbox 2330 3425 2539 3480; x_wconf 89' lang='lat' dir='ltr'>mundi</span> <span class='ocrx_word' id='word_1_580' title='bbox 2572 3441 2750 3492; x_wconf 87' lang='lat' dir='ltr'>anno,</span> <span class='ocrx_word' id='word_1_581' title='bbox 2782 3426 2852 3477; x_wconf 85' lang='grc'>42</span> <span class='ocrx_word' id='word_1_582' title='bbox 2883 3425 3130 3497; x_wconf 81' lang='lat' dir='ltr'>Augusti</span> <span class='ocrx_word' id='word_1_583' title='bbox 3172 3424 3547 3495; x_wconf 89' lang='lat' dir='ltr'>imperatoris</span> <span class='ocrx_word' id='word_1_584' title='bbox 3607 3439 3788 3491; x_wconf 90' lang='lat' dir='ltr'>anno,</span> 
     </span>
    </p>
   </div>
   <div class='ocr_carea' id='block_1_82' title="bbox 2135 3513 3502 3580">
    <p class='ocr_par' dir='ltr' id='par_1_82' title="bbox 2135 3513 3502 3580">
     <span class='ocr_line' id='line_1_82' title="bbox 2135 3513 3502 3580; baseline 0.001 -11"><span class='ocrx_word' id='word_1_585' title='bbox 2135 3531 2339 3569; x_wconf 91' lang='lat' dir='ltr'>mense</span> <span class='ocrx_word' id='word_1_586' title='bbox 2374 3513 2682 3568; x_wconf 91' lang='lat' dir='ltr'>Decembri</span> <span class='ocrx_word' id='word_1_587' title='bbox 2713 3517 2802 3580; x_wconf 83' lang='lat'>25,</span> <span class='ocrx_word' id='word_1_588' title='bbox 2833 3513 3023 3568; x_wconf 91' lang='lat' dir='ltr'>noctis</span> <span class='ocrx_word' id='word_1_589' title='bbox 3049 3513 3196 3568; x_wconf 88' lang='lat' dir='ltr'>hora</span> <span class='ocrx_word' id='word_1_590' title='bbox 3229 3516 3292 3566; x_wconf 87' lang='grc'>16</span> <span class='ocrx_word' id='word_1_591' title='bbox 3325 3513 3420 3567; x_wconf 91' lang='lat' dir='ltr'>die</span> <span class='ocrx_word' id='word_1_592' title='bbox 3453 3516 3502 3570; x_wconf 88' lang='grc'>1.</span> 
     </span>
    </p>
   </div>
   <div class='ocr_carea' id='block_1_83' title="bbox 2209 3690 3785 3761">
    <p class='ocr_par' dir='ltr' id='par_1_83' title="bbox 2209 3690 3785 3761">
     <span class='ocr_line' id='line_1_83' title="bbox 2209 3690 3785 3761; baseline -0.001 -17"><span class='ocrx_word' id='word_1_593' title='bbox 2209 3693 2296 3744; x_wconf 91' lang='lat' dir='ltr'>VI.</span> <span class='ocrx_word' id='word_1_594' title='bbox 2331 3690 2650 3746; x_wconf 89' lang='lat' dir='ltr'>Sciendum</span> <span class='ocrx_word' id='word_1_595' title='bbox 2683 3707 2819 3744; x_wconf 89' lang='lat' dir='ltr'>vero</span> <span class='ocrx_word' id='word_1_596' title='bbox 2853 3690 3030 3745; x_wconf 88' lang='lat' dir='ltr'>etiam</span> <span class='ocrx_word' id='word_1_597' title='bbox 3072 3690 3246 3757; x_wconf 90' lang='lat' dir='ltr'>illud,</span> <span class='ocrx_word' id='word_1_598' title='bbox 3279 3696 3344 3744; x_wconf 91' lang='lat' dir='ltr'>ut</span> <span class='ocrx_word' id='word_1_599' title='bbox 3375 3707 3409 3744; x_wconf 89' lang='lat' dir='ltr'>a</span> <span class='ocrx_word' id='word_1_600' title='bbox 3435 3690 3785 3761; x_wconf 88' lang='lat' dir='ltr'>primordio,</span> 
     </span>
    </p>
   </div>
   <div class='ocr_carea' id='block_1_84' title="bbox 2135 3779 3789 3850">
    <p class='ocr_par' dir='ltr' id='par_1_84' title="bbox 2135 3779 3789 3850">
     <span class='ocr_line' id='line_1_84' title="bbox 2135 3779 3789 3850; baseline -0.001 -16"><span class='ocrx_word' id='word_1_601' title='bbox 2135 3779 2460 3834; x_wconf 91' lang='lat' dir='ltr'>secundum</span> <span class='ocrx_word' id='word_1_602' title='bbox 2477 3779 2780 3834; x_wconf 82' lang='lat' dir='ltr'>Hebraeam</span> <span class='ocrx_word' id='word_1_603' title='bbox 2793 3779 3532 3850; x_wconf 87' lang='lat' dir='ltr'>computationem,mundi</span> <span class='ocrx_word' id='word_1_604' title='bbox 3547 3779 3789 3834; x_wconf 84' lang='lat' dir='ltr'>demon-</span> 
     </span>
    </p>
   </div>
   <div class='ocr_carea' id='block_1_85' title="bbox 2135 3867 3786 3938">
    <p class='ocr_par' dir='ltr' id='par_1_85' title="bbox 2135 3867 3786 3938">
     <span class='ocr_line' id='line_1_85' title="bbox 2135 3867 3786 3938; baseline -0.001 -14"><span class='ocrx_word' id='word_1_605' title='bbox 2135 3875 2284 3924; x_wconf 89' lang='lat' dir='ltr'>stres</span> <span class='ocrx_word' id='word_1_606' title='bbox 2311 3869 2624 3937; x_wconf 82' lang='lat' dir='ltr'>originem,</span> <span class='ocrx_word' id='word_1_607' title='bbox 2668 3868 2829 3938; x_wconf 90' lang='lat' dir='ltr'>tolle,</span> <span class='ocrx_word' id='word_1_608' title='bbox 2874 3873 3049 3938; x_wconf 90' lang='lat' dir='ltr'>atque</span> <span class='ocrx_word' id='word_1_609' title='bbox 3099 3867 3285 3934; x_wconf 85' lang='lat' dir='ltr'>aufer,</span> <span class='ocrx_word' id='word_1_610' title='bbox 3339 3885 3373 3922; x_wconf 91' lang='lat' dir='ltr'>a</span> <span class='ocrx_word' id='word_1_611' title='bbox 3420 3867 3786 3938; x_wconf 89' lang='lat' dir='ltr'>protoplasto</span> 
     </span>
    </p>
   </div>
   <div class='ocr_carea' id='block_1_86' title="bbox 2133 3956 3781 4028">
    <p class='ocr_par' dir='ltr' id='par_1_86' title="bbox 2133 3956 3781 4028">
     <span class='ocr_line' id='line_1_86' title="bbox 2133 3956 3781 4028; baseline -0.002 -14"><span class='ocrx_word' id='word_1_612' title='bbox 2133 3959 2339 4028; x_wconf 83' lang='lat' dir='ltr'>Adam,</span> <span class='ocrx_word' id='word_1_613' title='bbox 2371 3957 2445 4011; x_wconf 93' lang='lat' dir='ltr'>ad</span> <span class='ocrx_word' id='word_1_614' title='bbox 2476 3973 2664 4028; x_wconf 90' lang='lat' dir='ltr'>usque</span> <span class='ocrx_word' id='word_1_615' title='bbox 2687 3959 2804 4012; x_wconf 87' lang='lat' dir='ltr'>Noe</span> <span class='ocrx_word' id='word_1_616' title='bbox 2829 3957 2964 4025; x_wconf 89' lang='lat' dir='ltr'>(sub</span> <span class='ocrx_word' id='word_1_617' title='bbox 3016 3973 3131 4027; x_wconf 88' lang='lat' dir='ltr'>quo</span> <span class='ocrx_word' id='word_1_618' title='bbox 3192 3956 3480 4012; x_wconf 89' lang='lat' dir='ltr'>diluvium</span> <span class='ocrx_word' id='word_1_619' title='bbox 3539 3958 3781 4025; x_wconf 86' lang='lat' dir='ltr'>exstitit,</span> 
     </span>
    </p>
   </div>
   <div class='ocr_carea' id='block_1_87' title="bbox 2137 4045 3789 4117">
    <p class='ocr_par' dir='ltr' id='par_1_87' title="bbox 2137 4045 3789 4117">
     <span class='ocr_line' id='line_1_87' title="bbox 2137 4045 3789 4117; baseline -0.001 -15"><span class='ocrx_word' id='word_1_620' title='bbox 2137 4053 2394 4117; x_wconf 89' lang='lat' dir='ltr'>suntque</span> <span class='ocrx_word' id='word_1_621' title='bbox 2439 4047 2851 4116; x_wconf 80' lang='lat' dir='ltr'>generationes</span> <span class='ocrx_word' id='word_1_622' title='bbox 2883 4045 3112 4115; x_wconf 90' lang='lat' dir='ltr'>decem)</span> <span class='ocrx_word' id='word_1_623' title='bbox 3145 4062 3332 4100; x_wconf 89' lang='lat' dir='ltr'>annos</span> <span class='ocrx_word' id='word_1_624' title='bbox 3381 4048 3542 4101; x_wconf 85' lang='grc'>2142.</span> <span class='ocrx_word' id='word_1_625' title='bbox 3599 4047 3789 4102; x_wconf 91' lang='lat' dir='ltr'>Simili</span> 
     </span>
    </p>
   </div>
   <div class='ocr_carea' id='block_1_88' title="bbox 2135 4136 3788 4208">
    <p class='ocr_par' dir='ltr' id='par_1_88' title="bbox 2135 4136 3788 4208">
     <span class='ocr_line' id='line_1_88' title="bbox 2135 4136 3788 4208; baseline 0.001 -16"><span class='ocrx_word' id='word_1_626' title='bbox 2135 4142 2306 4208; x_wconf 89' lang='lat' dir='ltr'>pacto</span> <span class='ocrx_word' id='word_1_627' title='bbox 2339 4153 2372 4192; x_wconf 90' lang='lat' dir='ltr'>a</span> <span class='ocrx_word' id='word_1_628' title='bbox 2402 4136 2622 4191; x_wconf 89' lang='lat' dir='ltr'>diluvio</span> <span class='ocrx_word' id='word_1_629' title='bbox 2654 4153 2841 4207; x_wconf 90' lang='lat' dir='ltr'>usque</span> <span class='ocrx_word' id='word_1_630' title='bbox 2889 4136 2962 4191; x_wconf 91' lang='lat' dir='ltr'>ad</span> <span class='ocrx_word' id='word_1_631' title='bbox 3015 4136 3332 4204; x_wconf 90' lang='lat' dir='ltr'>Abraham,</span> <span class='ocrx_word' id='word_1_632' title='bbox 3374 4138 3788 4208; x_wconf 90' lang='lat' dir='ltr'>generationes</span> 
     </span>
    </p>
   </div>
   <div class='ocr_carea' id='block_1_89' title="bbox 2135 4223 3784 4296">
    <p class='ocr_par' dir='ltr' id='par_1_89' title="bbox 2135 4223 3784 4296">
     <span class='ocr_line' id='line_1_89' title="bbox 2135 4223 3784 4296; baseline 0.001 -16"><span class='ocrx_word' id='word_1_633' title='bbox 2135 4225 2405 4292; x_wconf 89' lang='lat' dir='ltr'>totidem,</span> <span class='ocrx_word' id='word_1_634' title='bbox 2439 4224 2581 4280; x_wconf 88' lang='lat' dir='ltr'>anni</span> <span class='ocrx_word' id='word_1_635' title='bbox 2610 4230 2749 4279; x_wconf 91' lang='lat' dir='ltr'>sunt</span> <span class='ocrx_word' id='word_1_636' title='bbox 2779 4227 2935 4278; x_wconf 79' lang='grc'>1270.</span> <span class='ocrx_word' id='word_1_637' title='bbox 2968 4223 3264 4279; x_wconf 87' lang='lat' dir='ltr'>Abraham</span> <span class='ocrx_word' id='word_1_638' title='bbox 3286 4242 3462 4296; x_wconf 91' lang='lat' dir='ltr'>porro</span> <span class='ocrx_word' id='word_1_639' title='bbox 3490 4241 3784 4281; x_wconf 90' lang='lat' dir='ltr'>annorum</span> 
     </span>
    </p>
   </div>
   <div class='ocr_carea' id='block_1_90' title="bbox 2135 4315 3782 4386">
    <p class='ocr_par' dir='ltr' id='par_1_90' title="bbox 2135 4315 3782 4386">
     <span class='ocr_line' id='line_1_90' title="bbox 2135 4315 3782 4386; baseline 0.001 -16"><span class='ocrx_word' id='word_1_640' title='bbox 2135 4321 2263 4370; x_wconf 90' lang='lat' dir='ltr'>erat</span> <span class='ocrx_word' id='word_1_641' title='bbox 2290 4317 2381 4383; x_wconf 82' lang='lat'>75,</span> <span class='ocrx_word' id='word_1_642' title='bbox 2416 4315 2652 4386; x_wconf 86' lang='lat' dir='ltr'>quando</span> <span class='ocrx_word' id='word_1_643' title='bbox 2687 4331 2757 4369; x_wconf 80' lang='lat' dir='ltr'>ex</span> <span class='ocrx_word' id='word_1_644' title='bbox 2799 4315 3222 4385; x_wconf 85' lang='lat' dir='ltr'>Mesopotamia</span> <span class='ocrx_word' id='word_1_645' title='bbox 3268 4315 3330 4369; x_wconf 93' lang='lat' dir='ltr'>in</span> <span class='ocrx_word' id='word_1_646' title='bbox 3387 4316 3782 4372; x_wconf 72' lang='lat' dir='ltr'>Chananmam</span> 
     </span>
    </p>
   </div>
   <div class='ocr_carea' id='block_1_91' title="bbox 2134 4403 3782 4475">
    <p class='ocr_par' dir='ltr' id='par_1_91' title="bbox 2134 4403 3782 4475">
     <span class='ocr_line' id='line_1_91' title="bbox 2134 4403 3782 4475; baseline 0.001 -17"><span class='ocrx_word' id='word_1_647' title='bbox 2134 4409 2358 4460; x_wconf 90' lang='lat' dir='ltr'>terram</span> <span class='ocrx_word' id='word_1_648' title='bbox 2389 4404 2834 4475; x_wconf 85' lang='lat' dir='ltr'>commigravit:</span> <span class='ocrx_word' id='word_1_649' title='bbox 2868 4403 3070 4473; x_wconf 90' lang='lat' dir='ltr'>ibique</span> <span class='ocrx_word' id='word_1_650' title='bbox 3104 4404 3275 4457; x_wconf 90' lang='lat' dir='ltr'>annis</span> <span class='ocrx_word' id='word_1_651' title='bbox 3307 4406 3372 4457; x_wconf 83' lang='grc'>25</span> <span class='ocrx_word' id='word_1_652' title='bbox 3417 4403 3782 4472; x_wconf 88' lang='lat' dir='ltr'>demoratus,</span> 
     </span>
    </p>
   </div>
   <div class='ocr_carea' id='block_1_92' title="bbox 2134 4493 3782 4564">
    <p class='ocr_par' dir='ltr' id='par_1_92' title="bbox 2134 4493 3782 4564">
     <span class='ocr_line' id='line_1_92' title="bbox 2134 4493 3782 4564; baseline -0.001 -16"><span class='ocrx_word' id='word_1_653' title='bbox 2134 4493 2296 4548; x_wconf 90' lang='lat' dir='ltr'>Isaac</span> <span class='ocrx_word' id='word_1_654' title='bbox 2325 4494 2516 4548; x_wconf 86' lang='lat' dir='ltr'>ﬁlium</span> <span class='ocrx_word' id='word_1_655' title='bbox 2548 4493 2884 4564; x_wconf 89' lang='lat' dir='ltr'>progenuit.</span> <span class='ocrx_word' id='word_1_656' title='bbox 2910 4493 3349 4562; x_wconf 87' lang='lat' dir='ltr'>Sexagesimum</span> <span class='ocrx_word' id='word_1_657' title='bbox 3372 4509 3596 4546; x_wconf 90' lang='lat' dir='ltr'>annum</span> <span class='ocrx_word' id='word_1_658' title='bbox 3623 4493 3782 4547; x_wconf 90' lang='lat' dir='ltr'>Isaac</span> 
     </span>
    </p>
   </div>
   <div class='ocr_carea' id='block_1_93' title="bbox 2131 4580 3784 4648">
    <p class='ocr_par' dir='ltr' id='par_1_93' title="bbox 2131 4580 3784 4648">
     <span class='ocr_line' id='line_1_93' title="bbox 2131 4580 3784 4648; baseline -0.001 -10"><span class='ocrx_word' id='word_1_659' title='bbox 2131 4589 2328 4648; x_wconf 88' lang='lat' dir='ltr'>natus,</span> <span class='ocrx_word' id='word_1_660' title='bbox 2365 4583 2513 4637; x_wconf 91' lang='lat' dir='ltr'>duos</span> <span class='ocrx_word' id='word_1_661' title='bbox 2542 4583 2762 4636; x_wconf 89' lang='lat' dir='ltr'>liberos</span> <span class='ocrx_word' id='word_1_662' title='bbox 2822 4583 2975 4634; x_wconf 89' lang='lat' dir='ltr'>Esau</span> <span class='ocrx_word' id='word_1_663' title='bbox 3035 4585 3092 4633; x_wconf 90' lang='lat' dir='ltr'>et</span> <span class='ocrx_word' id='word_1_664' title='bbox 3146 4580 3322 4634; x_wconf 85' lang='lat' dir='ltr'>Jacob</span> <span class='ocrx_word' id='word_1_665' title='bbox 3377 4580 3624 4636; x_wconf 90' lang='lat' dir='ltr'>obtinet.</span> <span class='ocrx_word' id='word_1_666' title='bbox 3682 4582 3784 4636; x_wconf 88' lang='lat' dir='ltr'>Hic</span> 
     </span>
    </p>
   </div>
   <div class='ocr_carea' id='block_1_94' title="bbox 386 4664 2033 4752">
    <p class='ocr_par' dir='ltr' id='par_1_94' title="bbox 386 4669 2032 4752">
     <span class='ocr_line' id='line_1_94' title="bbox 386 4669 2032 4752; baseline -0.005 -20"><span class='ocrx_word' id='word_1_667' title='bbox 386 4678 478 4732; x_wconf 83' lang='grc' dir='ltr'>τὸν</span> <span class='ocrx_word' id='word_1_668' title='bbox 509 4677 736 4752; x_wconf 72' lang='grc' dir='ltr'>ἀριθμὸν</span> <span class='ocrx_word' id='word_1_669' title='bbox 769 4676 858 4730; x_wconf 85' lang='grc' dir='ltr'>οε’.</span> <span class='ocrx_word' id='word_1_670' title='bbox 888 4673 1220 4746; x_wconf 84' lang='grc' dir='ltr'>Ηαρῴκησεν</span> <span class='ocrx_word' id='word_1_671' title='bbox 1253 4669 1311 4726; x_wconf 74' lang='grc' dir='ltr'>δὲ</span> <span class='ocrx_word' id='word_1_672' title='bbox 1357 4671 1444 4725; x_wconf 82' lang='grc' dir='ltr'>καὶ</span> <span class='ocrx_word' id='word_1_673' title='bbox 1494 4673 1556 4725; x_wconf 88' lang='grc' dir='ltr'>τὸ</span> <span class='ocrx_word' id='word_1_674' title='bbox 1603 4671 1819 4746; x_wconf 83' lang='grc' dir='ltr'>σπέρμα</span> <span class='ocrx_word' id='word_1_675' title='bbox 1867 4671 2032 4725; x_wconf 70' lang='grc' dir='ltr'>αὐτοῦ</span> 
     </span>
    </p>
   </div>
   <div class='ocr_carea' id='block_1_95' title="bbox 2147 4664 3785 4752">
    <p class='ocr_par' dir='ltr' id='par_1_95' title="bbox 2147 4668 3785 4745">
     <span class='ocr_line' id='line_1_95' title="bbox 2147 4668 3785 4745; baseline -0.002 -18"><span class='ocrx_word' id='word_1_676' title='bbox 2147 4675 2451 4745; x_wconf 66' lang='lat' dir='ltr'>lEgyptum</span> <span class='ocrx_word' id='word_1_677' title='bbox 2482 4687 2616 4726; x_wconf 88' lang='lat' dir='ltr'>cum</span> <span class='ocrx_word' id='word_1_678' title='bbox 2649 4669 2963 4725; x_wconf 90' lang='lat' dir='ltr'>duodecim</span> <span class='ocrx_word' id='word_1_679' title='bbox 2997 4668 3119 4722; x_wconf 90' lang='lat' dir='ltr'>suis</span> <span class='ocrx_word' id='word_1_680' title='bbox 3153 4668 3314 4734; x_wconf 81' lang='lat' dir='ltr'>filiis,</span> <span class='ocrx_word' id='word_1_681' title='bbox 3362 4672 3422 4722; x_wconf 91' lang='lat' dir='ltr'>et</span> <span class='ocrx_word' id='word_1_682' title='bbox 3469 4669 3785 4738; x_wconf 89' lang='lat' dir='ltr'>nepotibus</span> 
     </span>
    </p>
   </div>
   <div class='ocr_carea' id='block_1_96' title="bbox 390 4759 2024 4841">
    <p class='ocr_par' dir='ltr' id='par_1_96' title="bbox 390 4759 2024 4841">
     <span class='ocr_line' id='line_1_96' title="bbox 390 4759 2024 4841; baseline -0.004 -20"><span class='ocrx_word' id='word_1_683' title='bbox 390 4767 442 4822; x_wconf 74' lang='grc' dir='ltr'>ἐν</span> <span class='ocrx_word' id='word_1_684' title='bbox 473 4770 543 4841; x_wconf 80' lang='grc' dir='ltr'>γῇ</span> <span class='ocrx_word' id='word_1_685' title='bbox 575 4765 783 4821; x_wconf 71' lang='grc' dir='ltr'>Χαναὰν</span> <span class='ocrx_word' id='word_1_686' title='bbox 819 4761 910 4831; x_wconf 81' lang='grc' dir='ltr'>ἔτη</span> <span class='ocrx_word' id='word_1_687' title='bbox 965 4768 1076 4817; x_wconf 87' lang='grc' dir='ltr'>σιε’.</span> <span class='ocrx_word' id='word_1_688' title='bbox 1137 4762 1212 4818; x_wconf 84' lang='grc' dir='ltr'>Οῦ</span> <span class='ocrx_word' id='word_1_689' title='bbox 1267 4762 1329 4815; x_wconf 85' lang='grc' dir='ltr'>τὸ</span> <span class='ocrx_word' id='word_1_690' title='bbox 1381 4762 1534 4836; x_wconf 84' lang='grc' dir='ltr'>γένος</span> <span class='ocrx_word' id='word_1_691' title='bbox 1590 4761 1912 4836; x_wconf 80' lang='grc' dir='ltr'>παρῴκησεν</span> <span class='ocrx_word' id='word_1_692' title='bbox 1973 4759 2024 4814; x_wconf 76' lang='grc' dir='ltr'>ἐν</span> 
     </span>
    </p>
   </div>
   <div class='ocr_carea' id='block_1_97' title="bbox 391 4846 2029 4930">
    <p class='ocr_par' dir='ltr' id='par_1_97' title="bbox 391 4846 2029 4930">
     <span class='ocr_line' id='line_1_97' title="bbox 391 4846 2029 4930; baseline 0 -24"><span class='ocrx_word' id='word_1_693' title='bbox 391 4855 648 4930; x_wconf 55' lang='grc' dir='ltr'>Αἰγύπτῳ</span> <span class='ocrx_word' id='word_1_694' title='bbox 687 4851 779 4923; x_wconf 80' lang='grc' dir='ltr'>ἔτη</span> <span class='ocrx_word' id='word_1_695' title='bbox 835 4852 948 4907; x_wconf 91' lang='grc' dir='ltr'>σιε’.</span> <span class='ocrx_word' id='word_1_696' title='bbox 1007 4850 1106 4908; x_wconf 78' lang='grc' dir='ltr'>Καὶ</span> <span class='ocrx_word' id='word_1_697' title='bbox 1157 4848 1460 4919; x_wconf 76' lang='grc' dir='ltr'>πληθυνθὶν</span> <span class='ocrx_word' id='word_1_698' title='bbox 1513 4848 1587 4911; x_wconf 86' lang='grc' dir='ltr'>εἷς</span> <span class='ocrx_word' id='word_1_699' title='bbox 1647 4846 2029 4926; x_wconf 70' lang='grc' dir='ltr'>δωδεκάφυλον</span> 
     </span>
    </p>
   </div>
   <div class='ocr_carea' id='block_1_98' title="bbox 388 4937 2026 5019">
    <p class='ocr_par' dir='ltr' id='par_1_98' title="bbox 388 4937 2026 5019">
     <span class='ocr_line' id='line_1_98' title="bbox 388 4937 2026 5019; baseline -0.004 -18"><span class='ocrx_word' id='word_1_700' title='bbox 388 4943 795 5019; x_wconf 73' lang='grc' dir='ltr'>έλογίσθη,καὶ</span> <span class='ocrx_word' id='word_1_701' title='bbox 840 4943 903 4997; x_wconf 90' lang='grc' dir='ltr'>τὸ</span> <span class='ocrx_word' id='word_1_702' title='bbox 949 4940 1164 5009; x_wconf 81' lang='grc' dir='ltr'>πλῆθος</span> <span class='ocrx_word' id='word_1_703' title='bbox 1213 4939 1288 5004; x_wconf 84' lang='grc' dir='ltr'>εἷς</span> <span class='ocrx_word' id='word_1_704' title='bbox 1338 4937 1528 5013; x_wconf 85' lang='grc' dir='ltr'>χιλίας</span> <span class='ocrx_word' id='word_1_705' title='bbox 1579 4937 1837 5013; x_wconf 80' lang='grc' dir='ltr'>χιλιάδας</span> <span class='ocrx_word' id='word_1_706' title='bbox 1894 4960 2026 4994; x_wconf 88' lang='grc' dir='ltr'>κατ-</span> 
     </span>
    </p>
   </div>
   <div class='ocr_carea' id='block_1_99' title="bbox 384 5028 2028 5113">
    <p class='ocr_par' dir='ltr' id='par_1_99' title="bbox 384 5028 2028 5113">
     <span class='ocr_line' id='line_1_99' title="bbox 384 5028 2028 5113; baseline -0.005 -23"><span class='ocrx_word' id='word_1_707' title='bbox 384 5035 680 5113; x_wconf 74' lang='grc' dir='ltr'>εψηφίσθη.</span> <span class='ocrx_word' id='word_1_708' title='bbox 715 5032 813 5090; x_wconf 81' lang='grc' dir='ltr'>Καὶ</span> <span class='ocrx_word' id='word_1_709' title='bbox 859 5036 939 5104; x_wconf 78' lang='grc' dir='ltr'>τῷ</span> <span class='ocrx_word' id='word_1_710' title='bbox 1000 5031 1096 5103; x_wconf 76' lang='grc' dir='ltr'>μὲν</span> <span class='ocrx_word' id='word_1_711' title='bbox 1157 5029 1285 5084; x_wconf 58' lang='lat' dir='ltr'>Acut</span> <span class='ocrx_word' id='word_1_712' title='bbox 1337 5029 1599 5104; x_wconf 85' lang='grc' dir='ltr'>ἀπόγονοι</span> <span class='ocrx_word' id='word_1_713' title='bbox 1658 5031 1885 5099; x_wconf 85' lang='grc' dir='ltr'>Μωσῆς,</span> <span class='ocrx_word' id='word_1_714' title='bbox 1939 5028 2028 5084; x_wconf 86' lang='grc' dir='ltr'>καὶ</span> 
     </span>
    </p>
   </div>
   <div class='ocr_carea' id='block_1_100' title="bbox 385 5119 2032 5201">
    <p class='ocr_par' dir='ltr' id='par_1_100' title="bbox 385 5119 2032 5201">
     <span class='ocr_line' id='line_1_100' title="bbox 385 5119 2032 5201; baseline -0.005 -17"><span class='ocrx_word' id='word_1_715' title='bbox 385 5128 622 5201; x_wconf 85' lang='grc' dir='ltr'>Ἀαρών.</span> <span class='ocrx_word' id='word_1_716' title='bbox 670 5125 773 5183; x_wconf 83' lang='grc' dir='ltr'>Καὶ</span> <span class='ocrx_word' id='word_1_717' title='bbox 823 5127 852 5179; x_wconf 89' lang='lat'>6</span> <span class='ocrx_word' id='word_1_718' title='bbox 907 5125 1000 5198; x_wconf 80' lang='grc' dir='ltr'>μὶν</span> <span class='ocrx_word' id='word_1_719' title='bbox 1046 5123 1106 5178; x_wconf 89' lang='grc' dir='ltr'>τὸ</span> <span class='ocrx_word' id='word_1_720' title='bbox 1158 5122 1451 5198; x_wconf 81' lang='grc' dir='ltr'>ἱερατεύειν</span> <span class='ocrx_word' id='word_1_721' title='bbox 1508 5121 1728 5193; x_wconf 75' lang='grc' dir='ltr'>ἠξίωσε,</span> <span class='ocrx_word' id='word_1_722' title='bbox 1761 5122 1788 5176; x_wconf 91' lang='grc' dir='ltr'>ὁ</span> <span class='ocrx_word' id='word_1_723' title='bbox 1822 5119 1879 5176; x_wconf 78' lang='grc' dir='ltr'>δὶ</span> <span class='ocrx_word' id='word_1_724' title='bbox 1908 5124 2032 5178; x_wconf 84' lang='grc' dir='ltr'>Μω-</span> 
     </span>
    </p>
   </div>
   <div class='ocr_carea' id='block_1_101' title="bbox 388 5210 2031 5293">
    <p class='ocr_par' dir='ltr' id='par_1_101' title="bbox 388 5210 2031 5293">
     <span class='ocr_line' id='line_1_101' title="bbox 388 5210 2031 5293; baseline -0.005 -20"><span class='ocrx_word' id='word_1_725' title='bbox 388 5225 488 5288; x_wconf 79' lang='grc' dir='ltr'>σῆς</span> <span class='ocrx_word' id='word_1_726' title='bbox 547 5216 683 5293; x_wconf 88' lang='grc' dir='ltr'>πρὸς</span> <span class='ocrx_word' id='word_1_727' title='bbox 741 5216 804 5270; x_wconf 82' lang='grc' dir='ltr'>τὸ</span> <span class='ocrx_word' id='word_1_728' title='bbox 886 5211 1074 5289; x_wconf 72' lang='grc' dir='ltr'>ἄρχειν</span> <span class='ocrx_word' id='word_1_729' title='bbox 1152 5211 1466 5275; x_wconf 85' lang='grc' dir='ltr'>καθίστατο.</span> <span class='ocrx_word' id='word_1_730' title='bbox 1542 5212 1633 5272; x_wconf 82' lang='grc' dir='ltr'>’ος</span> <span class='ocrx_word' id='word_1_731' title='bbox 1690 5210 1741 5265; x_wconf 77' lang='grc' dir='ltr'>ἐν</span> <span class='ocrx_word' id='word_1_732' title='bbox 1799 5215 1880 5283; x_wconf 77' lang='grc' dir='ltr'>τῷ</span> <span class='ocrx_word' id='word_1_733' title='bbox 1937 5211 2031 5288; x_wconf 87' lang='grc' dir='ltr'>ὀγ-</span> 
     </span>
    </p>
   </div>
   <div class='ocr_carea' id='block_1_102' title="bbox 462 5391 1514 5468">
    <p class='ocr_par' dir='ltr' id='par_1_102' title="bbox 462 5391 1514 5468">
     <span class='ocr_line' id='line_1_102' title="bbox 462 5391 1514 5468; baseline -0.01 -15"><span class='ocrx_word' id='word_1_734' title='bbox 462 5397 576 5468; x_wconf 86' lang='grc'>(31)</span> <span class='ocrx_word' id='word_1_735' title='bbox 609 5397 727 5451; x_wconf 86' lang='lat' dir='ltr'>Hoc</span> <span class='ocrx_word' id='word_1_736' title='bbox 758 5395 926 5468; x_wconf 81' lang='lat' dir='ltr'>deest</span> <span class='ocrx_word' id='word_1_737' title='bbox 954 5393 1015 5447; x_wconf 92' lang='lat' dir='ltr'>in</span> <span class='ocrx_word' id='word_1_738' title='bbox 1045 5391 1181 5468; x_wconf 55' lang='lat' dir='ltr'>codl</span> <span class='ocrx_word' id='word_1_739' title='bbox 1208 5392 1514 5468; x_wconf 60' lang='lat' dir='ltr'>Caesarwo.</span> 
     </span>
    </p>
   </div>
   <div class='ocr_carea' id='block_1_103' title="bbox 463 5458 2031 5540">
    <p class='ocr_par' dir='ltr' id='par_1_103' title="bbox 463 5458 2031 5540">
     <span class='ocr_line' id='line_1_103' title="bbox 463 5458 2031 5540; baseline -0.003 -20"><span class='ocrx_word' id='word_1_740' title='bbox 463 5458 572 5540; x_wconf 81' lang='grc'>(32)</span> <span class='ocrx_word' id='word_1_741' title='bbox 602 5471 714 5540; x_wconf 68' lang='lat' dir='ltr'>Pro</span> <span class='ocrx_word' id='word_1_742' title='bbox 745 5464 821 5526; x_wconf 82' lang='grc' dir='ltr'>εἰς</span> <span class='ocrx_word' id='word_1_743' title='bbox 846 5465 948 5540; x_wconf 68' lang='grc' dir='ltr'>τήν</span> <span class='ocrx_word' id='word_1_744' title='bbox 980 5469 1083 5540; x_wconf 68' lang='grc' dir='ltr'>γῆν</span> <span class='ocrx_word' id='word_1_745' title='bbox 1111 5463 1208 5528; x_wconf 76' lang='grc' dir='ltr'>τῆς</span> <span class='ocrx_word' id='word_1_746' title='bbox 1237 5458 1550 5530; x_wconf 84' lang='grc' dir='ltr'>Γαλιλαίας,</span> <span class='ocrx_word' id='word_1_747' title='bbox 1593 5461 1732 5517; x_wconf 90' lang='lat' dir='ltr'>Cod.</span> <span class='ocrx_word' id='word_1_748' title='bbox 1767 5463 1822 5516; x_wconf 90' lang='lat' dir='ltr'>S.</span> <span class='ocrx_word' id='word_1_749' title='bbox 1857 5462 2031 5517; x_wconf 84' lang='lat' dir='ltr'>Marci</span> 
     </span>
    </p>
   </div>
   <div class='ocr_carea' id='block_1_104' title="bbox 387 5535 1252 5610">
    <p class='ocr_par' dir='ltr' id='par_1_104' title="bbox 387 5535 1252 5610">
     <span class='ocr_line' id='line_1_104' title="bbox 387 5535 1252 5610; baseline -0.013 -14"><span class='ocrx_word' id='word_1_750' title='bbox 387 5535 598 5606; x_wconf 67' lang='lat' dir='ltr'>habet,</span> <span class='ocrx_word' id='word_1_751' title='bbox 630 5535 799 5610; x_wconf 78' lang='grc' dir='ltr'>ἤγουν</span> <span class='ocrx_word' id='word_1_752' title='bbox 832 5539 866 5604; x_wconf 77' lang='grc' dir='ltr'>ἡ</span> <span class='ocrx_word' id='word_1_753' title='bbox 900 5535 1030 5610; x_wconf 69' lang='grc' dir='ltr'>ἁγία</span> <span class='ocrx_word' id='word_1_754' title='bbox 1061 5535 1252 5610; x_wconf 75' lang='grc' dir='ltr'>”Δννα.</span> 
     </span>
    </p>
   </div>
   <div class='ocr_carea' id='block_1_105' title="bbox 462 5603 1668 5682">
    <p class='ocr_par' dir='ltr' id='par_1_105' title="bbox 462 5603 1668 5682">
     <span class='ocr_line' id='line_1_105' title="bbox 462 5603 1668 5682; baseline -0.006 -16"><span class='ocrx_word' id='word_1_755' title='bbox 462 5603 593 5682; x_wconf 89' lang='grc'>(33)</span> <span class='ocrx_word' id='word_1_756' title='bbox 609 5603 911 5682; x_wconf 74' lang='lat' dir='ltr'>Hactenus</span> <span class='ocrx_word' id='word_1_757' title='bbox 936 5603 1668 5682; x_wconf 63' lang='lat' dir='ltr'>etiam__hypomne_st_icon.</span> 
     </span>
    </p>
   </div>
   <div class='ocr_carea' id='block_1_106' title="bbox 469 5675 2036 5754">
    <p class='ocr_par' dir='ltr' id='par_1_106' title="bbox 469 5675 2036 5754">
     <span class='ocr_line' id='line_1_106' title="bbox 469 5675 2036 5754; baseline -0.01 -18"><span class='ocrx_word' id='word_1_758' title='bbox 469 5675 578 5754; x_wconf 72' lang='grc'>(34)</span> <span class='ocrx_word' id='word_1_759' title='bbox 605 5680 743 5738; x_wconf 88' lang='lat' dir='ltr'>Cod.</span> <span class='ocrx_word' id='word_1_760' title='bbox 777 5681 834 5734; x_wconf 92' lang='lat' dir='ltr'>S.</span> <span class='ocrx_word' id='word_1_761' title='bbox 867 5677 1042 5735; x_wconf 84' lang='lat' dir='ltr'>Marci</span> <span class='ocrx_word' id='word_1_762' title='bbox 1071 5675 1344 5730; x_wconf 35' lang='lat' dir='ltr'>tibv&#39;uiibv</span> <span class='ocrx_word' id='word_1_763' title='bbox 1373 5677 1472 5728; x_wconf 83' lang='grc' dir='ltr'>τοῦ</span> <span class='ocrx_word' id='word_1_764' title='bbox 1509 5675 1732 5751; x_wconf 76' lang='grc' dir='ltr'>Ἰωσήφ,</span> <span class='ocrx_word' id='word_1_765' title='bbox 1765 5692 1876 5731; x_wconf 86' lang='lat' dir='ltr'>nec</span> <span class='ocrx_word' id='word_1_766' title='bbox 1907 5692 2036 5732; x_wconf 79' lang='lat' dir='ltr'>am.</span> 
     </span>
    </p>
   </div>
   <div class='ocr_carea' id='block_1_107' title="bbox 391 5759 572 5830">
    <p class='ocr_par' dir='ltr' id='par_1_107' title="bbox 391 5759 572 5830">
     <span class='ocr_line' id='line_1_107' title="bbox 391 5759 572 5830; baseline -0.028 -15"><span class='ocrx_word' id='word_1_767' title='bbox 391 5759 572 5830; x_wconf 87' lang='lat' dir='ltr'>plius.</span> 
     </span>
    </p>
   </div>
   <div class='ocr_carea' id='block_1_108' title="bbox 2142 4756 3784 4828">
    <p class='ocr_par' dir='ltr' id='par_1_108' title="bbox 2142 4756 3784 4828">
     <span class='ocr_line' id='line_1_108' title="bbox 2142 4756 3784 4828; baseline -0.001 -14"><span class='ocrx_word' id='word_1_768' title='bbox 2142 4777 2392 4816; x_wconf 88' lang='lat' dir='ltr'>numero</span> <span class='ocrx_word' id='word_1_769' title='bbox 2427 4764 2491 4813; x_wconf 74' lang='lat'>72$</span> <span class='ocrx_word' id='word_1_770' title='bbox 2529 4758 2728 4813; x_wconf 90' lang='lat' dir='ltr'>subiit.</span> <span class='ocrx_word' id='word_1_771' title='bbox 2762 4757 3058 4811; x_wconf 86' lang='lat' dir='ltr'>Habitavit</span> <span class='ocrx_word' id='word_1_772' title='bbox 3087 4759 3284 4809; x_wconf 85' lang='lat' dir='ltr'>autem</span> <span class='ocrx_word' id='word_1_773' title='bbox 3316 4756 3502 4825; x_wconf 89' lang='lat' dir='ltr'>ipsius</span> <span class='ocrx_word' id='word_1_774' title='bbox 3549 4773 3692 4828; x_wconf 88' lang='lat' dir='ltr'>gens</span> <span class='ocrx_word' id='word_1_775' title='bbox 3723 4757 3784 4812; x_wconf 91' lang='lat' dir='ltr'>in</span> 
     </span>
    </p>
   </div>
   <div class='ocr_carea' id='block_1_109' title="bbox 2139 4847 3785 4920">
    <p class='ocr_par' dir='ltr' id='par_1_109' title="bbox 2139 4847 3785 4920">
     <span class='ocr_line' id='line_1_109' title="bbox 2139 4847 3785 4920; baseline -0.002 -11"><span class='ocrx_word' id='word_1_776' title='bbox 2139 4859 2298 4910; x_wconf 88' lang='lat' dir='ltr'>terra</span> <span class='ocrx_word' id='word_1_777' title='bbox 2327 4850 2828 4918; x_wconf 87' lang='lat' dir='ltr'>Chanaan,annis</span> <span class='ocrx_word' id='word_1_778' title='bbox 2854 4849 2980 4902; x_wconf 78' lang='grc'>215.</span> <span class='ocrx_word' id='word_1_779' title='bbox 3027 4847 3246 4902; x_wconf 88' lang='lat' dir='ltr'>Deinde</span> <span class='ocrx_word' id='word_1_780' title='bbox 3295 4849 3601 4920; x_wconf 64' lang='lat' dir='ltr'>Egyptum</span> <span class='ocrx_word' id='word_1_781' title='bbox 3651 4867 3785 4906; x_wconf 89' lang='lat' dir='ltr'>cum</span> 
     </span>
    </p>
   </div>
   <div class='ocr_carea' id='block_1_110' title="bbox 2139 4936 3788 5009">
    <p class='ocr_par' dir='ltr' id='par_1_110' title="bbox 2139 4936 3788 5009">
     <span class='ocr_line' id='line_1_110' title="bbox 2139 4936 3788 5009; baseline -0.001 -12"><span class='ocrx_word' id='word_1_782' title='bbox 2139 4941 2311 4997; x_wconf 90' lang='lat' dir='ltr'>annis</span> <span class='ocrx_word' id='word_1_783' title='bbox 2344 4940 2588 4994; x_wconf 83' lang='lat' dir='ltr'>totidem</span> <span class='ocrx_word' id='word_1_784' title='bbox 2612 4938 2980 5003; x_wconf 90' lang='lat' dir='ltr'>incoluisset,</span> <span class='ocrx_word' id='word_1_785' title='bbox 3018 4941 3075 4990; x_wconf 93' lang='lat' dir='ltr'>et</span> <span class='ocrx_word' id='word_1_786' title='bbox 3100 4936 3468 4992; x_wconf 89' lang='lat' dir='ltr'>incremento</span> <span class='ocrx_word' id='word_1_787' title='bbox 3500 4945 3691 5009; x_wconf 90' lang='lat' dir='ltr'>capto,</span> <span class='ocrx_word' id='word_1_788' title='bbox 3724 4941 3788 4995; x_wconf 89' lang='lat' dir='ltr'>in</span> 
     </span>
    </p>
   </div>
   <div class='ocr_carea' id='block_1_111' title="bbox 2139 5026 3785 5100">
    <p class='ocr_par' dir='ltr' id='par_1_111' title="bbox 2139 5026 3785 5100">
     <span class='ocr_line' id='line_1_111' title="bbox 2139 5026 3785 5100; baseline 0 -15"><span class='ocrx_word' id='word_1_789' title='bbox 2139 5029 2453 5086; x_wconf 89' lang='lat' dir='ltr'>duodecim</span> <span class='ocrx_word' id='word_1_790' title='bbox 2481 5028 2669 5082; x_wconf 88' lang='lat' dir='ltr'>tribus</span> <span class='ocrx_word' id='word_1_791' title='bbox 2693 5032 2849 5082; x_wconf 89' lang='lat' dir='ltr'>esset</span> <span class='ocrx_word' id='word_1_792' title='bbox 2866 5026 3074 5095; x_wconf 88' lang='lat' dir='ltr'>relata,</span> <span class='ocrx_word' id='word_1_793' title='bbox 3095 5027 3289 5096; x_wconf 89' lang='lat' dir='ltr'>capita</span> <span class='ocrx_word' id='word_1_794' title='bbox 3309 5032 3506 5082; x_wconf 89' lang='lat' dir='ltr'>autem</span> <span class='ocrx_word' id='word_1_795' title='bbox 3537 5046 3785 5100; x_wconf 89' lang='lat' dir='ltr'>compu-</span> 
     </span>
    </p>
   </div>
   <div class='ocr_carea' id='block_1_112' title="bbox 2140 5115 3786 5190">
    <p class='ocr_par' dir='ltr' id='par_1_112' title="bbox 2140 5115 3786 5190">
     <span class='ocr_line' id='line_1_112' title="bbox 2140 5115 3786 5190; baseline 0 -16"><span class='ocrx_word' id='word_1_796' title='bbox 2140 5125 2280 5187; x_wconf 87' lang='lat' dir='ltr'>tata,</span> <span class='ocrx_word' id='word_1_797' title='bbox 2313 5118 2478 5174; x_wconf 90' lang='lat' dir='ltr'>mille</span> <span class='ocrx_word' id='word_1_798' title='bbox 2512 5116 2798 5173; x_wconf 91' lang='lat' dir='ltr'>chiliades</span> <span class='ocrx_word' id='word_1_799' title='bbox 2829 5115 3233 5186; x_wconf 82' lang='lat' dir='ltr'>expleverunt.</span> <span class='ocrx_word' id='word_1_800' title='bbox 3263 5116 3391 5170; x_wconf 90' lang='lat' dir='ltr'>Levi</span> <span class='ocrx_word' id='word_1_801' title='bbox 3417 5117 3657 5187; x_wconf 90' lang='lat' dir='ltr'>quidem</span> <span class='ocrx_word' id='word_1_802' title='bbox 3679 5135 3786 5190; x_wconf 86' lang='lat' dir='ltr'>po-</span> 
     </span>
    </p>
   </div>
   <div class='ocr_carea' id='block_1_113' title="bbox 2142 5205 3786 5274">
    <p class='ocr_par' dir='ltr' id='par_1_113' title="bbox 2142 5205 3786 5274">
     <span class='ocr_line' id='line_1_113' title="bbox 2142 5205 3786 5274; baseline 0 -11"><span class='ocrx_word' id='word_1_803' title='bbox 2142 5209 2305 5274; x_wconf 89' lang='lat' dir='ltr'>steri,</span> <span class='ocrx_word' id='word_1_804' title='bbox 2340 5210 2527 5263; x_wconf 87' lang='lat' dir='ltr'>Moses</span> <span class='ocrx_word' id='word_1_805' title='bbox 2550 5212 2609 5262; x_wconf 92' lang='lat' dir='ltr'>et</span> <span class='ocrx_word' id='word_1_806' title='bbox 2626 5214 2824 5262; x_wconf 75' lang='lat' dir='ltr'>Aaron</span> <span class='ocrx_word' id='word_1_807' title='bbox 2845 5206 3110 5262; x_wconf 85' lang='lat' dir='ltr'>fuere.Et</span> <span class='ocrx_word' id='word_1_808' title='bbox 3131 5205 3227 5259; x_wconf 89' lang='lat' dir='ltr'>hic</span> <span class='ocrx_word' id='word_1_809' title='bbox 3249 5205 3491 5274; x_wconf 91' lang='lat' dir='ltr'>quidem</span> <span class='ocrx_word' id='word_1_810' title='bbox 3514 5208 3786 5263; x_wconf 89' lang='lat' dir='ltr'>sacerdo-</span> 
     </span>
    </p>
   </div>
   <div class='ocr_carea' id='block_1_114' title="bbox 2216 5382 3792 5458">
    <p class='ocr_par' dir='ltr' id='par_1_114' title="bbox 2216 5382 3792 5458">
     <span class='ocr_line' id='line_1_114' title="bbox 2216 5382 3792 5458; baseline -0.001 -17"><span class='ocrx_word' id='word_1_811' title='bbox 2216 5387 2326 5458; x_wconf 82' lang='lat'>(35)</span> <span class='ocrx_word' id='word_1_812' title='bbox 2351 5386 2437 5441; x_wconf 91' lang='lat' dir='ltr'>Ab</span> <span class='ocrx_word' id='word_1_813' title='bbox 2470 5385 2582 5440; x_wconf 91' lang='lat' dir='ltr'>hoc</span> <span class='ocrx_word' id='word_1_814' title='bbox 2612 5385 2740 5458; x_wconf 84' lang='lat' dir='ltr'>loco</span> <span class='ocrx_word' id='word_1_815' title='bbox 2774 5398 2961 5454; x_wconf 90' lang='lat' dir='ltr'>usque</span> <span class='ocrx_word' id='word_1_816' title='bbox 2988 5383 3071 5458; x_wconf 87' lang='lat' dir='ltr'>_in</span> <span class='ocrx_word' id='word_1_817' title='bbox 3116 5382 3319 5458; x_wconf 80' lang='lat' dir='ltr'>ﬁnem,</span> <span class='ocrx_word' id='word_1_818' title='bbox 3373 5384 3792 5458; x_wconf 23' lang='lat' dir='ltr'>sinewnomine</span> 
     </span>
    </p>
   </div>
   <div class='ocr_carea' id='block_1_115' title="bbox 2145 5455 3793 5527">
    <p class='ocr_par' dir='ltr' id='par_1_115' title="bbox 2145 5455 3793 5527">
     <span class='ocr_line' id='line_1_115' title="bbox 2145 5455 3793 5527; baseline -0.003 -14"><span class='ocrx_word' id='word_1_819' title='bbox 2145 5455 2405 5513; x_wconf 80' lang='lat' dir='ltr'>anotoris</span> <span class='ocrx_word' id='word_1_820' title='bbox 2436 5457 2645 5512; x_wconf 87' lang='lat' dir='ltr'>eadem</span> <span class='ocrx_word' id='word_1_821' title='bbox 2676 5457 2955 5527; x_wconf 86' lang='lat' dir='ltr'>leguntur</span> <span class='ocrx_word' id='word_1_822' title='bbox 2985 5455 3045 5508; x_wconf 91' lang='lat' dir='ltr'>in</span> <span class='ocrx_word' id='word_1_823' title='bbox 3079 5455 3207 5527; x_wconf 89' lang='lat' dir='ltr'>cod,</span> <span class='ocrx_word' id='word_1_824' title='bbox 3242 5471 3349 5527; x_wconf 87' lang='lat' dir='ltr'>ms.</span> <span class='ocrx_word' id='word_1_825' title='bbox 3392 5459 3464 5527; x_wconf 16' lang='lat'>767</span> <span class='ocrx_word' id='word_1_826' title='bbox 3510 5457 3793 5510; x_wconf 89' lang='lat' dir='ltr'>Bernardi</span> 
     </span>
    </p>
   </div>
   <div class='ocr_carea' id='block_1_116' title="bbox 2145 5526 3794 5596">
    <p class='ocr_par' dir='ltr' id='par_1_116' title="bbox 2145 5526 3794 5596">
     <span class='ocr_line' id='line_1_116' title="bbox 2145 5526 3794 5596; baseline -0.002 -11"><span class='ocrx_word' id='word_1_827' title='bbox 2145 5531 2291 5585; x_wconf 87' lang='lat' dir='ltr'>Nani</span> <span class='ocrx_word' id='word_1_828' title='bbox 2325 5529 2620 5583; x_wconf 90' lang='lat' dir='ltr'>senatoris</span> <span class='ocrx_word' id='word_1_829' title='bbox 2649 5526 2880 5592; x_wconf 80' lang='lat' dir='ltr'>Veneti,</span> <span class='ocrx_word' id='word_1_830' title='bbox 2916 5542 3047 5595; x_wconf 75' lang='lat' dir='ltr'>quaa</span> <span class='ocrx_word' id='word_1_831' title='bbox 3080 5526 3413 5580; x_wconf 80' lang='lat' dir='ltr'>invenimus</span> <span class='ocrx_word' id='word_1_832' title='bbox 3435 5526 3730 5596; x_wconf 88' lang='lat' dir='ltr'>descripta</span> <span class='ocrx_word' id='word_1_833' title='bbox 3760 5543 3794 5581; x_wconf 81' lang='grc' dir='ltr'>δ.</span> 
     </span>
    </p>
   </div>
   <div class='ocr_carea' id='block_1_117' title="bbox 2147 5596 3789 5673">
    <p class='ocr_par' dir='ltr' id='par_1_117' title="bbox 2147 5596 3789 5673">
     <span class='ocr_line' id='line_1_117' title="bbox 2147 5596 3789 5673; baseline -0.003 -18"><span class='ocrx_word' id='word_1_834' title='bbox 2147 5600 2628 5673; x_wconf 83' lang='lat' dir='ltr'>Bongioanni._-—</span> <span class='ocrx_word' id='word_1_835' title='bbox 2660 5599 2748 5652; x_wconf 80' lang='lat' dir='ltr'>Ad</span> <span class='ocrx_word' id='word_1_836' title='bbox 2772 5598 3172 5673; x_wconf 77' lang='lat' dir='ltr'>fine_in__usqu_e</span> <span class='ocrx_word' id='word_1_837' title='bbox 3195 5596 3422 5673; x_wconf 73' lang='lat' dir='ltr'>desinit</span> <span class='ocrx_word' id='word_1_838' title='bbox 3442 5597 3572 5661; x_wconf 91' lang='lat' dir='ltr'>cod,</span> <span class='ocrx_word' id='word_1_839' title='bbox 3609 5597 3789 5673; x_wconf 80' lang='lat' dir='ltr'>V_ati_c.</span> 
     </span>
    </p>
   </div>
   <div class='ocr_carea' id='block_1_118' title="bbox 2216 5665 3792 5742">
    <p class='ocr_par' dir='ltr' id='par_1_118' title="bbox 2216 5665 3792 5742">
     <span class='ocr_line' id='line_1_118' title="bbox 2216 5665 3792 5742; baseline -0.004 -15"><span class='ocrx_word' id='word_1_840' title='bbox 2216 5665 2327 5742; x_wconf 66' lang='lat'>(35)</span> <span class='ocrx_word' id='word_1_841' title='bbox 2359 5673 2422 5728; x_wconf 91' lang='lat' dir='ltr'>In</span> <span class='ocrx_word' id='word_1_842' title='bbox 2445 5671 2583 5726; x_wconf 90' lang='lat' dir='ltr'>Cod.</span> <span class='ocrx_word' id='word_1_843' title='bbox 2619 5669 2902 5726; x_wconf 84' lang='lat' dir='ltr'>Bernardi</span> <span class='ocrx_word' id='word_1_844' title='bbox 2937 5665 3108 5733; x_wconf 26' lang='lat' dir='ltr'>Nani’,</span> <span class='ocrx_word' id='word_1_845' title='bbox 3137 5665 3240 5720; x_wconf 82' lang='grc' dir='ltr'>ἷνδ.</span> <span class='ocrx_word' id='word_1_846' title='bbox 3279 5671 3326 5717; x_wconf 72' lang='grc' dir='ltr'>ι’·</span> <span class='ocrx_word' id='word_1_847' title='bbox 3369 5666 3426 5720; x_wconf 91' lang='lat' dir='ltr'>id</span> <span class='ocrx_word' id='word_1_848' title='bbox 3479 5673 3588 5735; x_wconf 77' lang='lat' dir='ltr'>est,</span> <span class='ocrx_word' id='word_1_849' title='bbox 3640 5667 3792 5720; x_wconf 79' lang='lat' dir='ltr'>indi-</span> 
     </span>
    </p>
   </div>
   <div class='ocr_carea' id='block_1_119' title="bbox 2147 5744 2595 5799">
    <p class='ocr_par' dir='ltr' id='par_1_119' title="bbox 2147 5744 2595 5799">
     <span class='ocr_line' id='line_1_119' title="bbox 2147 5744 2595 5799; baseline -0.009 0"><span class='ocrx_word' id='word_1_850' title='bbox 2147 5744 2327 5799; x_wconf 76' lang='lat' dir='ltr'>ctione</span> <span class='ocrx_word' id='word_1_851' title='bbox 2366 5745 2595 5798; x_wconf 78' lang='lat' dir='ltr'>decima.</span> 
     </span>
    </p>
   </div>
  </div>
