4146 6302
410 397 569 458 1043

1697 388 2119 453 HIPPOLYTI
2161 386 2513 454 ΤΗΕΒΑΝῙ

3681 389 3839 453 1οη

416 532 498 586 tio
530 529 743 601 dignus
775 533 865 583 est
897 528 1175 596 habitus;
1210 527 1311 582 ille
1372 532 1571 582 autem
1633 527 1706 583 ad
1755 525 2073 597 imperium

2194 519 2475 597 δοηκοστῷ
2506 524 2612 581 ἔτει
2639 531 2743 595 τῆς
2796 529 2943 593 ζωῆς
2997 523 3161 578 αὐτοῦ
3206 526 3366 579 πατεῖ
3409 522 3523 592 τήν
3584 522 3845 598 Ἐρυθρὰν

419 625 509 673 est
529 618 996 683 destinatusQui
1020 617 1260 688 quidem
1282 620 1351 670 80
1373 618 1501 671 vitae
1524 633 1679 673 anno
1698 616 2068 688 Erythrzeum

421 725 586 765 mare
644 708 944 780 ingressus
1002 707 1210 774 calcat,
1266 707 1673 779 pepulumque
1759 705 2070 760 Hebraeum

421 800 665 869 Egypto
706 797 922 852 educit.
946 797 1036 851 Illi
1068 796 1193 868 ipse
1220 797 1447 868 Moyses
1478 802 1743 867 tempore
1773 793 1975 851 Inachi
2006 793 2071 848 in

427 887 649 942 Graacia
678 887 870 957 primo
902 886 1169 942 omnium
1200 886 1571 957 imperantis,
1606 884 1826 940 ﬂoruit.
1853 882 2071 939 Graicis

425 976 705 1032 omnibus
736 977 1102 1047 antiquiores
1138 981 1278 1032 sunt
1300 975 1508 1042 Judazi,
1539 979 1598 1030 et
1626 974 1786 1046 leges
1815 988 1828 1028 :
1864 972 2069 1040 Graeci,

424 1066 1067 1138 posteriores.Etenim,
1090 1081 1275 1120 unum
1297 1066 1478 1120 Deum
1501 1064 1719 1131 colere,
1743 1063 1815 1119 ab
1838 1063 1931 1131 iis,
1966 1062 2070 1133 qui

425 1161 595 1211 astate
618 1156 778 1227 ipsos
800 1156 1453 1227 praeiere,acceperunt.
1479 1155 1695 1225 Legum
1718 1169 1892 1224 porro
1919 1166 2071 1206 con-

424 1245 671 1312 stitutio,
734 1259 839 1299 seu
896 1244 1060 1311 latio,
1154 1250 1290 1314 post
1354 1248 1472 1297 tres
1544 1240 1950 1313 emigratiouis
2002 1256 2073 1295 ex

421 1336 662 1405 .Egypto
689 1332 1618 1405 mensesperMosentransigitur
1642 1348 1654 1386 :
1674 1346 1781 1386 vox
1811 1346 1945 1384 vero
1970 1329 2073 1384 Dei

424 1422 777 1478 mortalibus
799 1423 1009 1493 patuit.
1045 1422 1250 1477 Horati
1274 1426 1413 1476 sunt
1435 1422 1493 1475 in
1514 1421 1751 1475 deserto
1774 1419 1951 1474 annis
1979 1420 2070 1471 40.

427 1512 543 1566 Sub
572 1514 708 1567 Jesu
741 1514 892 1567 Nave
926 1511 1048 1567 lilio
1079 1512 1247 1567 fuere
1279 1511 1453 1566 annis
1485 1513 1551 1563 '25
1578 1528 1591 1577 ;
1622 1507 2072 1580 subjudicibus,

427 1601 601 1657 annis
630 1603 754 1669 454,
788 1618 976 1671 usque
1008 1600 1084 1656 ad
1113 1616 1363 1672 regnum
1394 1599 1606 1666 Saulis,
1638 1597 1815 1670 primi
1866 1608 2074 1652 eorum

426 1690 603 1761 regis,
629 1690 736 1745 sub
760 1706 899 1761 quo,
930 1690 1244 1761 primoque
1273 1690 1437 1744 illius
1466 1688 1634 1761 regni
1665 1704 1845 1754 anno,
1892 1684 2073 1741 David

430 1780 715 1836 nascitur.
748 1780 880 1835 Pari
912 1782 1143 1835 ratione
1174 1781 1355 1835 etiam
1386 1779 1456 1834 ab
1479 1778 1777 1835 Abraham
1799 1777 1874 1832 ad
1904 1776 2073 1832 Davi-

2178 622 2475 691 θάλασσαν,
2506 620 2596 677 καὶ
2645 619 2821 693 ὶξάγει
2877 616 2971 671 τὸν
3013 612 3146 669 λαὸν
3205 612 3254 685 ἒξ
3314 611 3632 689 Αἰγύπτου.
3675 613 3841 677 Οὗτος

2178 712 2389 781 Μωσῆς
2417 708 2646 786 ἔχμασεν
2692 710 2744 765 ἐν
2804 698 2927 769 τοῖς
2974 709 3186 780 καιροῖς
3246 704 3451 779 Ινάχου
3504 709 3613 773 τῆς
3682 703 3842 760 Ἑλάο

2179 790 2275 849 δου
2309 798 2419 869 (37)
2448 797 2672 871 πρώτου
2731 794 3173 871 βασιλεύσαντος.
3233 790 3428 857 Οὕτως
3479 792 3838 867 ἂρχαιότεροι

2177 882 2465 954 Ἑλλήνων
2490 882 2771 953 Ἰουδαῖοι,
2801 881 2892 938 καὶ
2922 883 2977 937 οἳ
3005 881 3189 956 νόμοι·
3238 880 3516 952 Ἑλλήνες
3561 881 3620 934 οἱ
3649 881 3841 935 νεώτε-

2181 991 2289 1045 ροι.
2319 973 2390 1027 Τὸ
2417 974 2518 1049 γὰρ
2548 972 2641 1028 ἐνα
2680 972 2811 1029 Θεὸν
2862 966 3057 1040 σέϐειν,
3117 970 3178 1025 ὲκ
3226 973 3336 1025 τῶν
3383 970 3592 1046 πρώην
3654 987 3842 1043 παρει-

2180 1060 2436 1139 λήφασιν.
2498 1063 2561 1118 Ἡ
2616 1059 2674 1117 δὶ
2729 1059 3023 1134 νομοθεσία
3084 1059 3221 1133 μετὰ
3280 1063 3459 1132 μῆνας
3521 1063 3573 1133 γ’
3631 1063 3735 1127 τῆς
3793 1055 3843 1128 ἰξ

2181 1151 2464 1226 Αἰγύπτου
2547 1151 3009 1225 μετανασράσεως,
3098 1145 3308 1203 δίδοται
3394 1144 3492 1202 διὰ
3575 1146 3846 1215 Μωσέως,

2181 1242 2334 1315 φωνή
2395 1239 2454 1295 δί
2510 1246 2645 1297 Θεοῦ
2703 1235 3074 1311 δεικνυμένοις
3164 1235 3549 1311 [δειχνυμίνη]
3633 1235 3846 1309 ἀνθρώ-

2182 1351 2326 1392 ποις.
2421 1331 2707 1407 Διίτριψαν
2769 1329 2823 1385 ἰν
2880 1331 2949 1402 τῇ
3017 1327 3214 1403 ἐρήμῳ
3270 1322 3364 1396 ἔτη
3431 1327 3510 1399 μ’.
3577 1326 3688 1381 Καὶ
3748 1325 3848 1379 ὑπὸ

2183 1421 2364 1491 Ἰησοῦ
2392 1424 2489 1475 τοῦ
2517 1424 2668 1487 Ναυῆ
2714 1419 3042 1494 ἀρχόμενοι,
3100 1413 3195 1486 ἔτη
3254 1418 3348 1472 κε’.
3406 1416 3513 1471 Καὶ
3578 1416 3686 1470 ὑπὸ
3743 1417 3846 1468 τῶν

2182 1515 2407 1587 κριτῶν,
2437 1506 2530 1582 ἔτη
2574 1508 2709 1570 υνδ’.
2760 1512 2937 1584 Μεχρι
2982 1515 3084 1577 τῆς
3136 1505 3414 1580 βασιλείας
3457 1503 3657 1559 Σαοὺλ
3699 1502 3849 1577 πρώ-

2181 1620 2280 1656 του
2310 1602 2437 1675 παρ’
2468 1602 2657 1662 αὐτοῖς
2715 1597 3162 1675 βασιλεύσαντος,
3212 1595 3294 1673 ἐφ’
3326 1593 3390 1648 οῦ
3421 1593 3479 1648 ἐν
3510 1597 3597 1665 τῷ
3643 1592 3845 1667 πρώτῳ

2184 1683 2290 1744 ἔτει
2332 1692 2433 1759 τῆς
2494 1689 2773 1765 βασιλείας
2830 1688 3018 1754 αὐτοῦ,
3074 1686 3313 1741 τίκτεται
3371 1678 3572 1755 Δαϐἶδ,
3636 1679 3842 1755 ὁμοίως

2186 1777 2245 1834 δὶ
2272 1780 2360 1834 καὶ
2396 1779 2502 1834 ἀπὸ
2549 1774 2811 1853 Ἀϐραὰμ
2863 1774 2968 1838 ἵως
3028 1771 3222 1845 Δαϐἱδ,
3277 1773 3464 1849 γενεαὶ
3525 1768 3842 1826 δεκατέσσα-

432 1870 566 1925 dem
600 1886 788 1941 usque
816 1870 1230 1940 generationes
1259 1874 1398 1925 sunt
1430 1871 1494 1922 14
1524 1868 1666 1924 anui
1701 1868 1853 1922 1024.
1885 1870 2077 1937 Atque

2194 1888 2294 1941 οες,
2326 1863 2421 1939 ἔτη
2451 1864 2601 1939 ,ακδ’.
2635 1867 2738 1925 Καὶ
2786 1866 2894 1921 ἀπὸ
2950 1860 3119 1919 Δαϐὶδ
3175 1862 3279 1924 ἓως
3335 1869 3436 1931 τῆς
3501 1858 3845 1954 μετοικεσίας

430 1978 464 2016 a
492 1960 732 2027 Davide,
764 1960 838 2015 ad
860 1977 1047 2030 usque
1108 1958 1427 2031 Babylonis
1472 1956 2075 2029 transmigrationem.

426 2050 675 2105 totidem
708 2055 846 2104 sunt
869 2049 1307 2122 generationes,
1368 2048 1510 2103 anni
1560 2050 1683 2102 609.
1718 2054 1760 2099 Α
1796 2046 2081 2102 transmi-

426 2141 693 2211 gratione
717 2141 776 2196 in
802 2139 1183 2211 Babylonem,
1217 2154 1408 2208 usque
1438 2138 1513 2193 ad
1549 2138 1806 2202 Darium,
1838 2136 1981 2191 anni
2008 2137 2078 2189 25

430 2231 499 2282 Et
518 2245 553 2283 a
573 2229 745 2284 Dario
768 2227 842 2283 ad
862 2229 1060 2283 Jesum
1086 2227 1277 2282 {ilium
1297 2226 1562 2293 Josedee,
1600 2225 1741 2280 anni
1767 2226 1853 2279 40.
1888 2227 2079 2294 Atque

432 2317 505 2372 ab
534 2319 671 2387 Jesu
700 2316 943 2371 Josedec
978 2316 1101 2371 lilio
1133 2332 1320 2385 usque
1351 2314 1425 2370 ad
1464 2316 1685 2379 Jesum,
1730 2314 1831 2384 qui
1865 2313 2083 2368 dicitur

436 2407 726 2475 Christus,
757 2405 899 2460 anni
932 2408 1056 2459 509.
1089 2405 1250 2460 Hanc
1279 2403 1571 2458 rationem
1603 2401 2081 2473 sequentes,cal-

438 2497 739 2553 culatione
765 2508 1059 2551 annorum
1090 2494 1357 2549 omnium
1388 2492 1544 2549 facta
1572 2493 1645 2548 ab
1693 2493 1822 2563 ipso
1880 2497 2085 2564 proto-

438 2585 632 2658 plasto
653 2585 836 2641 Adam
856 2584 930 2639 ad
950 2583 1248 2639 Christum
1271 2598 1480 2654 usque,
1496 2597 1794 2638 annorum
1816 2582 2080 2653 quinque

439 2674 633 2729 millia
661 2674 988 2746 quingenta
1014 2673 1405 2744 reperiemus.

510 2764 626 2820 VII.
660 2764 779 2818 Hoc
805 2763 984 2835 igitur
1009 2767 1181 2834 pacto
1240 2762 1508 2817 nascitur
1556 2761 1844 2817 Dominus
1881 2766 2086 2817 noster

436 2854 605 2909 Jesus
635 2854 923 2922 Christus,
956 2853 1191 2925 imperii
1221 2853 1469 2925 Augusti
1494 2854 1583 2921 42,
1611 2868 1817 2908 mense
1842 2853 2082 2908 Decem-

439 2942 565 2999 bris
592 2943 681 3008 25,
716 2943 810 2998 die
840 2942 1054 3014 prima,
1087 2941 1279 2997 noctis
1310 2942 1456 2997 hora
1488 2945 1573 2995 10.

510 3114 659 3171 VIII.
684 3113 964 3169 AChristi
987 3117 1185 3168 autem
1216 3112 1649 3182 assumptione,
1682 3126 1787 3166 seu
1812 3111 1873 3165 in
1906 3109 2086 3165 cmlos

439 3219 712 3269 ascensu,
744 3203 821 3257 ad
848 3218 1038 3272 usque
1060 3202 1517 3256 Constantinum
1539 3202 1811 3271 Magnum
1836 3201 2092 3270 impera-

2183 1953 2537 2029 Βαϐυλῶνος,
2568 1956 2748 2032 γενεαὶ
2782 1953 2868 2014 ιδ“.
2899 1955 3036 2021 Ἐτη
3095 1954 3203 2028 χθ’,
3262 1950 3354 2006 καὶ
3403 1951 3518 2006 ἀπὸ
3563 1955 3671 2018 τῆς
3723 1948 3843 2020 μετ·

2187 2048 2421 2110 οικεσίας
2482 2042 2836 2116 Βαϐυλῶνος,
2905 2044 3014 2107 ἓως
3099 2043 3347 2118 Δαρείου,
3430 2038 3532 2111 ἔτη
3592 2041 3690 2095 κε’.
3752 2038 3843 2094 Καὶ

2187 2136 2292 2191 ἀπὸ
2350 2138 2447 2205 τῆς
2506 2138 2618 2209 (38)
2680 2133 2928 2209 Δαρείου,
2980 2132 3087 2196 ἓως
3142 2132 3327 2200 Ἰησοῦ
3381 2132 3487 2184 τοῦ
3576 2123 3843 2194 Ἰωσεδὶκ,

2188 2222 2281 2295 ἔτη
2341 2225 2413 2298 μ’.
2470 2224 2569 2279 Καὶ
2625 2224 2732 2279 ἀπὸ
2792 2223 2973 2292 Ἰησοῦ
3031 2216 3301 2288 ἰωσεδὶκ,
3358 2218 3469 2282 ἐως
3514 2219 3698 2287 Ἰησοῦ
3752 2217 3842 2270 τοῦ

2186 2312 2490 2389 λεγομένου
2522 2315 2783 2387 Χριστοῦ,
2840 2307 2934 2381 ἔτη
2994 2310 3191 2388 φθ“.....
3251 2308 3482 2382 ἡμέραι.
3548 2306 3699 2361 Κατὰ
3752 2305 3842 2365 τὰς

2187 2403 2405 2480 χρόνων
2464 2401 2797 2464 ἀκολουθίας
2883 2399 3339 2475 συμψηφίσαντες,
3426 2393 3683 2470 εὕρωμεν
3742 2392 3842 2448 ἀπὸ

2188 2499 2285 2550 τοῦ
2315 2492 2753 2569 πρωτοπλάστου
2781 2488 2964 2565 ’Δδὰμ
2998 2488 3105 2555 ἱίως
3151 2493 3253 2545 τοῦ
3299 2492 3554 2564 Χριστοῦ
3607 2481 3703 2555 ἔτη
3748 2483 3839 2561 ιγ’.

2260 2764 2332 2821 Ζ“.
2391 2763 2654 2819 Ἐνταῦθα
2697 2760 2880 2817 τοίνυν
2926 2765 3178 2838 γεννᾶται
3207 2756 3475 2833 ὁΚύριος
3525 2758 3690 2829 ἡμῶν
3736 2754 3840 2823 Ἰη-

2191 2855 2317 2917 σοῦς
2344 2850 2596 2928 Χριστὸς,
2647 2851 2735 2907 ἰπὶ
2787 2857 2888 2921 τῆς
2952 2849 3239 2926 βασιλείας
3298 2847 3623 2924 Αὐγούστου
3768 2843 3840 2912 τῷ

2194 2943 2287 3017 μβ’
2317 2939 2421 2998 ἔτει
2449 2944 2549 3011 τῆς
2599 2942 2767 2996 αὐτοῦ
2829 2939 3131 3024 βασιλείας,
3187 2938 3241 2994 ἐν
3303 2936 3435 3011 μηνὶ
3500 2927 3836 3008 Δεκεμϐρίῳ,

2193 3028 2368 3087 εἰκάδι
2404 3038 2463 3103 ε’,
2495 3028 2678 3107 ἡμέρᾳ
2708 3032 2927 3106 πρώτῃ,
2957 3030 3150 3094 νυκτὸς
3182 3030 3214 3083 t‘
3244 3031 3374 3103 (39).

2264 3125 2342 3179 H‘.
2376 3121 2516 3175 ’Λπὸ
2568 3117 2627 3176 δὶ
2680 3127 2779 3190 τῆς
2845 3120 3083 3195 Χριστοῦ
3140 3117 3471 3192 ἀναλήψεως
3526 3115 3634 3179 ἓως
3692 3118 3835 3168 Κων-

2204 3206 2488 3265 σταντίνου
2566 3214 2665 3265 τοῦ
2748 3208 3006 3285 Μεγάλου
3067 3207 3355 3279 βασιλέως,
3413 3207 3509 3262 καὶ
3571 3197 3841 3269 θεοσεϐοῦς

439 3296 627 3346 torem
653 3292 845 3346 virum
902 3291 1086 3362 pium.
1138 3290 1359 3360 Deique
1404 3290 1693 3344 cultorem
1749 3289 1891 3345 anni
1950 3293 2080 3344 sunt

2202 3297 2395 3374 ἀνδρὸς
2426 3294 2519 3368 ἔτη
2562 3298 2698 3376 σιξ.
2733 3273 2853 3361 Οίίς¹
2892 3298 2983 3352 καὶ
3028 3273 3353 3353 ἐστι-Αιινῶντο⁷
3402 3297 3453 3351 οἱ
3517 3288 3835 3376 Χριστιανοὶ,

442 3385 566 3437 207.
591 3380 817 3445 Quibus
844 3379 1196 3435 aberrarunt
1220 3379 1497 3435 nonnulli
1520 3378 1840 3434 Christiani
1863 3378 2090 3434 Pascha

443 3486 579 3525 cum
609 3471 825 3526 Judaeis
857 3469 1250 3525 celebrantes.
1283 3469 1698 3524 Divinissimus
1746 3474 1945 3524 autem
1976 3468 2090 3522 im-

445 3566 685 3631 perator
734 3561 1085 3616 duodecimo
1144 3560 1381 3631 imperii
1440 3560 1530 3614 sui
1590 3575 1765 3626 anno,
1828 3558 2087 3625 condita,

446 3667 672 3721 suoque
702 3651 946 3705 nomine
980 3649 1198 3704 donata
1242 3648 1390 3704 urbe
1446 3649 1727 3721 Byzantii,
1778 3649 2087 3721 primaque

445 3748 651 3797 contra
674 3741 851 3796 stulte
875 3740 1206 3812 sapientem
1226 3739 1430 3794 Arium
1450 3739 1606 3796 facta
1626 3738 2092 3811 atqueinstituta

444 3831 691 3905 synodo,
722 3848 857 3887 eum
888 3832 991 3885 318
1023 3828 1253 3884 divinos
1284 3832 1511 3896 Patres,
1541 3830 1633 3885 vel
1664 3830 1861 3901 potius
1906 3827 2088 3900 patri-

443 3924 653 3979 archas
684 3920 1045 3992 collegisset;
1080 3921 1413 3974 Romanum
1445 3918 1694 3985 scilicet,
1738 3917 2091 3974 Alexandri-

444 4028 611 4080 num,
643 4010 1212 4079 Hierosolymorum,
1246 4014 1305 4062 et
1342 4009 1941 4080 Constantinopoleos
1971 4009 2089 4061 Me-

441 4103 818 4172 trophanem,
850 4099 1196 4169 episcopos:
1258 4099 1359 4167 qui
1409 4099 1651 4168 quidem
1690 4100 1751 4153 in
1800 4100 2088 4170 Bithynia;

443 4190 767 4264 provincia,
789 4189 1016 4255 Arium,
1052 4193 1111 4242 et
1138 4203 1260 4242 una
1306 4202 1440 4242 cum
1489 4188 1697 4243 eodem
1740 4190 2087 4257 sentientes,

446 4279 758 4338 sententiis
797 4278 943 4344 suis,
973 4282 1034 4331 et
1050 4276 1431 4332 anathemate
1453 4277 1857 4348 perculerunt,
1880 4278 2088 4334 [idem-

446 4388 562 4443 que
589 4367 943 4426 catholicam
973 4367 1201 4438 liquide
1230 4382 1495 4438 pureque
1527 4368 1993 4439 proclamarunt.

517 4463 609 4518 IX.
642 4460 801 4516 Tunc
833 4474 997 4526 sane,
1026 4463 1167 4512 tunc
1195 4472 1331 4512 cum
1381 4463 1615 4513 sanctos
1659 4460 1864 4514 Patres
1894 4465 1952 4513 et
1981 4473 2089 4531 pa-

445 4551 735 4609 triarchas
759 4549 1088 4616 accivisset,
1120 4552 1189 4603 ut
1217 4549 1280 4602 in
1309 4547 1520 4603 urbem
1560 4546 1783 4620 regiam
1815 4550 2086 4622 ingrede-

2193 3389 2256 3443 τὸ
2302 3372 2495 3463 ίΙᾶσχα
2550 3372 2894 3461 ἑορτέίζοντες
2953 3385 3087 3460 μετᾶ
3138 3389 3249 3441 τῶν
3311 3380 3620 3439 Ἰουδαίων.
3677 3381 3733 3436 Ὁ
3786 3372 3839 3430 δὶ

2196 3476 2472 3540 θειότατος
2505 3475 2760 3552 βασιλεὺς
2793 3475 2967 3537 οὕτως
2997 3474 3050 3529 ἂν
3101 3471 3393 3546 δωδεκάτῳ
3442 3467 3556 3528 ἔτει
3605 3473 3706 3535 τῆς
3747 3464 3835 3520 αὖ·

2192 3570 2289 3620 τοῦ
2353 3565 2630 3642 βασιλείας
2704 3567 2907 3636 κτήσας
2992 3564 3219 3637 [κτίσας]
3278 3561 3443 3618 πόλιν
3504 3562 3558 3618 ἐν
3616 3564 3693 3631 τῷ
3743 3555 3833 3642 αὖ·

2192 3659 2290 3710 τοῦ
2352 3641 2603 3729 ὀνόματι,
2662 3653 2715 3710 ἒν
2796 3658 2876 3727 τῷ
2959 3654 3263 3725 Βυζαντίῳ,
3348 3652 3440 3707 καὶ
3504 3652 3550 3707 α’
3622 3641 3830 3704 συνόδον

2194 3746 2449 3816 ποιήσας,
2500 3747 2568 3800 τὰ
2623 3747 2738 3818 (40)
2792 3744 2928 3799 κατὰ
2981 3747 3080 3798 τοῦ
3138 3741 3549 3819 ματαιόφρονος
3604 3736 3827 3812 ’Δρείου.

2197 3834 2481 3908 Ἀθροίσας
2514 3831 2605 3889 οὖν
2657 3832 2783 3895 τοὺς
2835 3832 2944 3904 τιη⁸
3009 3832 3307 3910 θεοφόρους
3366 3831 3635 3907 Πατᾶρας,
3694 3823 3828 3899 μᾶλα

2198 3923 2295 3979 λον
2326 3921 2383 3979 δὲ
2415 3923 2505 3979 καὶ
2562 3923 2929 4000 πατριάρχας,
2981 3922 3073 3977 τὸν
3126 3922 3376 3995 Ῥώμης,
3434 3921 3533 3976 τὸν
3585 3914 3826 3985 Ἀλεξαν-

2199 4013 2401 4090 δρείας,
2456 4016 2549 4070 τὸν
2638 4012 3062 4090 Ἱεροσολύμων,
3120 4014 3211 4068 καὶ
3263 4014 3635 4091 Μητροφάνην
3692 4012 3832 4060 Κων-

2197 4096 2714 4167 σταντινουπόλεως,
2747 4098 2800 4152 ἐν
2826 4101 2895 4170 τῇ
2930 4098 3169 4152 Βιθυνῶν
3195 4095 3458 4171 ἐπαρχίᾳ,
3480 4096 3577 4152 τὸν
3600 4099 3826 4166 ”Δρειον,

2198 4187 2288 4243 καὶ
2354 4186 2481 4250 τοὺς
2510 4187 2703 4242 τούτου
2735 4186 3048 4265 ὁμόφρονας
3078 4184 3331 4250 καθεῖλον
3382 4186 3469 4241 καὶ
3523 4184 3728 4260 τρανῶς
3747 4175 3833 4240 τήν

2195 4276 2378 4332 πίστιν
2411 4275 2695 4350 ἐκήρυξαν.

2267 4466 2341 4518 8’.
2388 4458 2521 4514 Τότε
2573 4455 2641 4527 δὴ
2697 4454 2822 4512 τότε
2879 4459 3123 4529 ζητήσας
3177 4455 3305 4519 τοὺς
3358 4458 3546 4532 ἁγίους
3603 4448 3824 4525 Πατέρας

2195 4549 2283 4605 καὶ
2341 4546 2705 4624 πατριάρχας,
2758 4545 3017 4611 εἰσελθεῖν
3079 4545 3132 4601 ἒν
3182 4549 3252 4620 τῇ
3314 4544 3693 4621 βασιλευούσῃ,
3747 4533 3825 4593 καί

442 4649 669 4710 rentur,
704 4645 761 4696 et
790 4640 1124 4695 orationem
1155 4653 1335 4709 supra
1390 4638 1599 4693 urbem
1631 4654 1665 4694 a
1695 4655 1758 4694 se
1789 4640 2080 4696 conditam

2200 4637 2369 4712 εὐχὴν
2430 4636 2561 4711 ὑπὲρ
2618 4643 2721 4706 τῆς
2777 4634 2994 4697 πόλεως
3073 4635 3421 4705 ποιήσασθαι·
3488 4634 3622 4709 μετὰ
3674 4631 3825 4712 ταῦτα

441 4734 799 4790 funderent:
831 4728 1145 4801 postmodo
1177 4726 1511 4799 requisivit,
1533 4743 1649 4799 quo
1682 4734 1852 4800 pacto
1872 4731 2080 4785 Pascha

2207 4710 2461 4798 ἐξήτησεν
2493 4726 2730 4789 καὶπῶς
2780 4723 2842 4778 τὸ
2898 4723 3091 4798 Πάσχα
3144 4725 3255 4798 (41)
3312 4730 3509 4795 ποιεῖν,
3567 4720 3655 4777 καὶ
3712 4710 3822 4790 μέθ-

442 4820 865 4880 celebrandum
890 4835 905 4884 ;
938 4828 997 4873 et
1025 4834 1157 4889 quas
1187 4817 1442 4889 posteris
1460 4818 1946 4889 generationibus
1974 4825 2080 4875 tra.

2208 4814 2330 4873 οδον
2365 4814 2605 4872 δίδονται
2638 4817 2751 4888 (82)
2780 4818 2903 4875 ταῖς
2936 4813 3221 4887 μετέπειτα
3251 4819 3487 4891 γενεαῖς,
3513 4815 3601 4869 ἳνα
3656 4808 3726 4882 μή
3754 4801 3822 4861 εἷς

444 4912 639 4968 denda
666 4907 1005 4976 methodus,
1034 4924 1109 4963 ne
1142 4908 1203 4962 in
1236 4907 1618 4963 manifestum
1652 4909 2080 4982 notabilemqui

2207 4906 2428 4972 ὄλισθον
2459 4903 2742 4967 παντελῶς
2802 4903 3183 4978 ἑπιφὲρωνται.
3233 4902 3486 4959 Κᾶκεῖνοι
3534 4901 3593 4959 δί
3638 4890 3822 4982 ἐναγώ-

442 5002 677 5070 lapsum
706 4997 1103 5053 deveniretur.
1131 4999 1205 5050 At
1234 4996 1341 5065 illi,
1382 4996 1784 5069 disputatione
1816 4999 2098 5071 disquisi-

2205 5015 2312 5051 νιοι
2340 4994 2646 5072 γεγονότες,
2677 4992 2766 5048 καὶ
2796 4991 3000 5068 χρόνον
3039 4992 3106 5047 ού
3156 4993 3349 5067 μικρὸν
3397 4991 3452 5048 ἐν
3504 4992 3663 5064 ταύτῃ
3719 4981 3821 5072 δια-

445 5067 725 5158 tioneque
757 5087 911 5141 facta
939 5087 1227 5156 initaque,
1263 5067 1645 5159 temporaque
1689 5103 1809 5144 non
1860 5067 2080 5148 modice

2202 5067 2512 5161 τρίψαντες,
2571 5080 2732 5157 μόλις
2782 5067 3128 5156 ἦδυνήθησρν
3185 5081 3246 5136 ἐκ
3299 5086 3435 5137 Θεοῦ
3509 5067 3815 5161 παραλαϐεῖν

445 5179 571 5234 illic
600 5176 971 5243 commorati,
1004 5192 1039 5230 a
1059 5175 1176 5230 Deo
1193 5188 1299 5245 per
1318 5177 1595 5247 angelum
1617 5178 1707 5233 vix
1728 5181 2093 5252 ejuscemodi

444 5268 713 5325 obtinere
737 5264 1398 5337 potueruntoraculum.
1414 5264 1476 5317 Id
1499 5271 1696 5321 autem
1720 5276 1952 5327 constat
1976 5277 2095 5327 tre-

513 5435 627 5510 (37)
655 5426 947 5510 Ἐλλάδος.
977 5430 1117 5510 Cod.
1151 5433 1295 5510 Nan:
1326 5430 1657 5510 Maxenti:
1690 5433 1980 5491 Ἐλλάδου.

513 5501 628 5582 (38)
666 5504 806 5582 Cod.
842 5504 1025 5582 Nan:
1078 5501 1379 5582 βασιλείας·
1425 5501 1544 5582 ’ξιυί
1604 5522 1741 5561 mox
1797 5514 1931 5579 post
1985 5509 2090 5582 φθ,

444 5567 645 5640 statim
678 5574 1030 5648 habetopofi
1058 5567 1197 5648 δέατά
1222 5573 1317 5636 τὰς
1348 5567 1591 5648 χρόςων,
1626 5584 1736 5634 διο,
1800 5567 1816 5579 -
1998 5567 2008 5584 .

517 5654 629 5727 (39)
661 5648 803 5727 Cod.
830 5643 981 5727 Ean.
1016 5643 1360 5727 ἷνιδικτιῶνος
1374 5643 1629 5717 δεκάτης.

518 5656 607 5727 (39
661 5654 803 5706 Cod.
838 5654 981 5704 Nan.
1016 5654 1128 5700 ἶνδιτ

518 5654 629 5798 (to;
660 5722 796 5780 Cod.
830 5720 975 5776 Nan.
1005 5719 1128 5790 τήν.

2202 5156 2594 5244 τὴν-τοιαύτην
2627 5167 2699 5225 δι’
2728 5167 2963 5246 ἀγγέλου
2994 5169 3352 5246 προρρήσεως
3382 5174 3511 5242 (43),
3562 5168 3679 5239 ἥτις
3718 5156 3814 5234 (44)

2199 5263 2300 5331 τὴν
2343 5261 2413 5337 ιγ“
2465 5257 2755 5337 περιόδων,
2814 5262 2922 5313 τῶν
2984 5258 3315 5334 ἀρχομένων
3372 5258 3453 5314 ἐπ’
3509 5260 3681 5335 ἀρχῆς
3730 5246 3812 5302 τοῦ

2274 5440 2386 5514 (41)
2415 5438 2557 5514 Cod:
2588 5439 2735 5514 Nan.
2769 5434 3053 5514 ὀφείλωσι.

2274 5505 2383 5581 (42)
2415 5510 2499 5566 Id.
2535 5505 2765 5581 διδόναι.

2272 5578 2381 5655 (43)
2412 5581 2601 5655 um.
2622 5578 2955 5655 meum

2271 5651 2386 5723 (ει)
2415 5653 2559 5709 Cod.
2590 5651 2744 5707 Nan;
2770 5651 2920 5719 ἢτοι.
