4146 6302
476 408 631 472 1047

1760 409 2184 474 HIPPOLYTI
2231 408 2586 472 THEBANI

3739 416 3877 478 1018

478 544 718 615 scripta,
753 549 811 599 et
837 548 1041 599 notata
1072 549 1227 612 sunt,
1270 550 1328 600 et
1374 545 1640 602 invenies
1693 547 1853 603 orbis
1901 546 2123 602 conditi

2241 543 2427 619 εὕρῃς,
2477 543 2567 599 καὶ
2620 542 2691 599 τὰ
2743 543 2849 599 ἀπὸ
2904 542 3131 607 κτίσεως
3185 566 3396 620 κοσμου
3458 546 3586 621 ἔτη,
3640 548 3741 613 ἕως
3791 562 3877 624 τῆς

476 632 772 699 annos,ad
789 633 1004 686 Christi
1022 650 1211 704 usque
1234 634 1571 690 adventum.
1608 637 1676 690 Et
1698 637 1959 707 posthinc
1991 652 2121 689 rur-

477 738 608 776 sum
638 722 852 776 Christi
883 739 987 793 pro
1011 723 1183 778 nobis
1215 724 1471 779 hominis
1498 724 1633 780 facti
1691 725 2121 797 genealogiam,

477 816 537 866 et
553 811 791 878 solis,ac
813 811 969 866 lunw
989 813 1719 885 periodos,paschalesque
1743 816 2122 886 incipientes,

475 905 535 953 et
562 900 855 955 instantes
885 902 1193 971 terminos,
1251 909 1430 974 prout
1480 903 1588 957 sub
1628 904 2017 959 Constantino
2049 903 2122 958 de

480 989 683 1060 scripti
715 994 874 1045 sunt.

2233 636 2469 708 Χριστοῦ
2498 629 2866 704 καταϐάσεως,
2914 635 3002 687 καὶ
3062 633 3250 704 πάλιν,
3304 639 3436 709 μετὰ
3484 644 3661 694 ταῦτα
3707 663 3870 716 γενεα-

2234 720 2429 796 λογίαν
2464 720 2723 796 ἑνσάρκου
2755 724 2992 796 Χριστοῦ
3040 723 3358 804 παρουσίας·
3413 726 3509 780 καὶ
3559 728 3686 797 περὶ
3739 752 3875 804 περι-

2232 808 2373 866 όδων
2406 810 2574 879 ἡλίου
2602 830 2682 878 τε,
2714 810 2802 864 καὶ
2835 800 3095 881 σελήντῖς,
3126 813 3215 867 καὶ
3247 816 3355 868 τῶν
3386 816 3741 890 ἀρχομένων,
3787 800 3876 873 καὶ

2233 899 2539 954 ἐνεστώτων
2601 896 2926 973 πασχαλίων
2984 903 3094 954 τῶν
3175 898 3577 978 γεγραμμένων
3651 905 3738 961 ἐπὶ
3789 915 3876 977 τῆς

2237 987 2516 1065 βασιλείας
2550 986 2978 1045 Κωνσταντίνου.

2138 1136 2230 1192 VI.

1044 1255 1373 1323 Fragmenta
1402 1253 1660 1309 emhibens
1685 1254 1904 1323 reliqua
1930 1254 2128 1323 capitis
2163 1253 2261 1306 136
2291 1253 2700 1322 Hypomnestici
2727 1251 2947 1321 Iosephi
2978 1252 3304 1309 Christiani.

546 1397 855 1453 Zacharias
878 1401 1044 1467 pater
1062 1396 1310 1451 Joannis
1329 1396 1575 1451 fratrem
1596 1396 1804 1450 habuit
1823 1410 2126 1450 consacer-

474 1489 673 1544 dotem
706 1486 948 1541 nomine
980 1493 1278 1557 Aggaaum,
1313 1486 1413 1555 qui
1440 1490 1577 1539 ante
1636 1484 1806 1538 illum
1856 1490 2124 1539 mortuus

476 1583 584 1634 est.
612 1574 796 1646 Hujus
820 1574 1012 1647 Aggeei
1037 1574 1222 1629 filiam
1249 1573 1416 1628 duxit
1436 1590 1683 1628 uxorem
1698 1574 1915 1644 Joseph
1937 1572 2123 1639 faber,

478 1684 549 1722 ex
580 1682 698 1736 qua
725 1666 930 1736 genuit
956 1665 1027 1717 IV
1059 1664 1211 1718 filios
1242 1670 1301 1717 et
1327 1664 1401 1718 IlI
1433 1663 1623 1718 ﬁlias:
1661 1678 1916 1733 quorum
1970 1678 2125 1716 unus

481 1759 609 1809 erat
644 1752 916 1821 Jacobus,
977 1753 1075 1823 qui
1139 1752 1593 1824 cognominatur
1646 1756 1822 1821 frater
1880 1752 2124 1818 Dommi,

479 1843 711 1913 fuitque
733 1843 961 1913 primus
985 1842 1524 1911 Hierosolymorum
1549 1842 1881 1912 episcopus.
1899 1843 2125 1895 Nomen

480 1932 678 1987 uxoris
707 1933 921 2002 Joseph
953 1931 1206 1994 Salome,
1240 1947 1360 1984 non
1389 1930 1631 2001 quidem
1662 1929 1946 1985 obstetrix
2000 1928 2124 1997 illa,

482 2021 585 2077 sed
615 2022 753 2076 alia.
788 2023 927 2075 Post
955 2026 1205 2075 mortem
1246 2026 1446 2074 autem
1503 2020 1655 2091 ejus,
1714 2035 1961 2073 uxorem
2014 2017 2125 2072 sibi

478 2110 741 2182 postulat
766 2110 1056 2181 Iosephus
1088 2109 1329 2163 Mariam
1364 2109 1698 2179 Deiparam,
1729 2124 1861 2177 quas
1894 2122 1963 2161 ex
1995 2123 2129 2161 ma-

480 2204 651 2254 terno
681 2215 896 2269 genere
929 2197 1328 2253 descendebat
1355 2214 1391 2251 a
1420 2198 1679 2252 Matthan
1712 2195 2040 2263 sacerdote,
2074 2201 2133 2250 et

482 2289 610 2359 ipso
643 2304 677 2341 a
703 2287 1017 2342 Salomone
1054 2286 1285 2341 Davidis
1318 2286 1462 2354 ﬁlio,
1498 2290 1562 2339 ut
1590 2284 2130 2356 dicitEvangelium

483 2378 653 2431 Lucae
710 2375 1116 2447 genealogiam
1176 2380 1401 2429 texens.
1492 2375 1608 2428 Iste
1666 2374 1925 2428 Mattban
1977 2373 2130 2429 ﬁlias

484 2467 692 2523 habuit
716 2483 785 2522 ex
816 2467 995 2522 Maria
1023 2467 1274 2539 conjuge
1306 2482 1431 2533 sua,
1456 2481 1709 2536 quarum
1738 2465 1986 2520 nomina
2015 2467 2130 2519 Ma-

482 2557 591 2619 ria.
624 2557 798 2624 Sube,
833 2559 1017 2610 Anna.
1054 2556 1233 2611 Maria
1280 2556 1479 2626 itaque
1527 2556 1682 2626 parit
1728 2554 2130 2610 Elisabetham

480 2652 733 2701 matrem
750 2646 993 2700 Joannis
1016 2645 1321 2715 Baptistae:
1342 2648 1513 2699 Anna
1533 2644 1687 2715 parit
1705 2650 1970 2699 sanctam
1999 2643 2132 2698 Dei-

478 2751 685 2807 param
717 2735 777 2789 in
812 2734 1175 2801 Bethlehem,
1229 2751 1360 2804 quae
1421 2733 1598 2789 Maria
1656 2740 1860 2788 vocata
1918 2739 2008 2787 est
2058 2732 2129 2787 de

481 2827 723 2880 nomine
754 2826 896 2880 avita
932 2831 989 2880 et
1021 2832 1390 2892 matertera;
1444 2824 1591 2879 adeo
1639 2830 1706 2879 ut
1755 2824 1832 2878 sit
1876 2822 2134 2879 Elisabet

485 2914 839 2969 consobrina
868 2915 1107 2985 quidem
1139 2916 1339 2981 Annaa,
1376 2914 1499 2968 filia
1530 2931 1663 2970 vero
1692 2914 1891 2968 fratris
1924 2912 2130 2983 Deipa-

484 3020 584 3059 rae.
597 3004 673 3058 Ex
688 3004 998 3076 Evangelio
1014 3003 1139 3059 haec
1165 3009 1414 3074 utraque
1432 3020 1541 3058 con
1554 3003 2130 3073 ﬁrmantur,propte-

483 3110 586 3149 rea
617 3093 773 3164 quod
804 3099 1112 3147 recenseat
1165 3109 1352 3163 genus
1410 3097 1723 3163 paternum
1781 3097 1840 3145 et
1895 3091 2133 3146 carnale

484 3183 734 3238 Christi:
767 3184 901 3237 Erat
934 3182 1117 3248 enim,
1174 3181 1391 3250 inquit,
1430 3182 1585 3235 Jesus
1638 3180 1930 3249 incipiens,
1974 3181 2134 3249 quasi

487 3286 763 3325 annorum
787 3270 875 3338 30,
907 3271 1005 3338 qui
1026 3269 1337 3337 putabatur
1364 3268 1611 3337 Iosephi,
1643 3269 1766 3322 Heli
1804 3268 2058 3323 Mathan.

2303 1390 2577 1467 Ζαχαρίας
2617 1391 2645 1446 6
2695 1392 2874 1464 πατὴρ
2934 1391 3208 1461 Ἰωάννου,
3270 1389 3506 1471 ἀδελφὸν
3572 1389 3702 1471 ἔσχε
3760 1417 3870 1451 συν-

2238 1480 2378 1557 ιερέα
2403 1478 2739 1553 καλούμενον
2774 1480 3049 1555 Ἀγγαῖον,
3083 1480 3188 1555 πρὸ
3220 1480 3384 1535 αὐτοῦ
3421 1484 3577 1538 τετε)
3592 1485 3871 1554 ευτηκότα.

2234 1569 2442 1627 Τούτου
2472 1573 2567 1623 τοῦ
2619 1569 2877 1644 Ἀγγαίου
2924 1568 3185 1644 θυγατέρα
3232 1571 3470 1648 ἠγάγετο
3525 1573 3668 1648 πρὸς
3713 1575 3872 1648 γάμον

2238 1660 2436 1735 Ἰωσὴφ
2468 1658 2495 1711 ὁ
2543 1654 2769 1725 τέκτων,
2826 1655 2876 1726 ἒξ
2929 1656 2996 1725 ἧς
3052 1655 3301 1733 ἐγέννησε
3358 1655 3402 1713 δ’
3457 1659 3642 1731 υἱοὺς,
3699 1661 3785 1715 καὶ
3834 1665 3878 1737 γ’

2236 1747 2548 1823 θυγατέρας,
2576 1747 2671 1799 Ὧν
2713 1745 2788 1807 εἰς
2822 1746 2889 1813 ἦν
2941 1740 3221 1815 Ἰάκωϐος,
3267 1747 3295 1801 6
3346 1747 3674 1819 ἐπικληθεὶς
3730 1748 3874 1805 ἀδελ-

2237 1837 2336 1915 φὸς
2393 1841 2490 1891 τοῦ
2539 1835 2757 1908 Κυρίου,
2813 1835 2902 1889 καὶ
2962 1840 3178 1909 πρῶτος
3236 1834 3536 1900 ἐπίσκοπος
3590 1838 3873 1911 Ἱεροσολῦ-

2240 1943 2374 1998 μων·
2404 1924 2493 1980 καὶ
2523 1925 2584 1979 τὸ
2625 1925 2801 1996 ὄνομα
2854 1931 2955 1993 τῆς
3011 1925 3261 1999 γυναικὸς
3324 1928 3551 2005 Ἰωσὴφ,
3615 1927 3869 2000 Σαλώμη·

2237 2014 2342 2091 οὐχ
2394 2017 2429 2084 ἡ
2491 2015 2645 2087 μαία,
2705 2012 2833 2068 ἀλλ’
2890 2014 3062 2087 ὲτέρα.
3119 2016 3270 2071 Μετὰ
3322 2014 3379 2071 δὲ
3431 2017 3663 2072 θάνατον
3717 2018 3869 2085 αὐτῆς

2242 2105 2595 2179 μνηστεύεται
2630 2107 2833 2183 Ἰωσὴφ
2881 2107 2979 2173 τήν
3030 2107 3294 2161 Θεοτόκον
3345 2109 3591 2182 Μαρίαν,
3649 2109 3783 2163 κατὰ
3823 2108 3875 2161 τὸ

2240 2215 2505 2269 μητρικον
2552 2193 2700 2270 γένος
2752 2192 3130 2268 καταγομένην
3189 2195 3297 2250 ἀπὸ
3354 2201 3451 2250 τοῦ
3509 2199 3737 2262 Ματθᾶν
3790 2199 3874 2250 τοῦ

2236 2282 2442 2360 ἱερὲως,
2474 2283 2562 2338 καὶ
2594 2282 2757 2338 αὐτοῦ
2793 2284 2893 2337 ἀπὸ
2928 2282 3317 2357 Σολομῶντος,
3366 2290 3465 2340 τοῦ
3517 2288 3646 2341 υἱοῦ
3702 2280 3871 2352 Δαϐἰδ,

2236 2372 2610 2449 καταγομένην
2644 2375 2777 2447 (59),
2810 2370 2883 2434 ὥς
2914 2394 3045 2450 φησι
3089 2375 3151 2429 τὸ
3201 2375 3339 2430 κατὰ
3387 2380 3607 2431 Λουκᾶν
3663 2372 3876 2448 Εὐαγγέ-

2238 2461 2361 2518 λιον
2390 2460 2767 2536 γενεαλογοῦν.
2804 2461 2981 2523 Οὗτος
3010 2463 3111 2538 γὰρ
3144 2463 3171 2516 6
3205 2464 3419 2519 Ματθᾶν
3447 2461 3581 2540 ἔσχε
3604 2463 3877 2538 θυγατέρας

2239 2551 2297 2607 ἐκ
2329 2550 2538 2626 Μαρίας
2567 2557 2666 2619 τῆ>
2713 2551 2966 2625 γυναικὸς
3007 2550 3194 2622 αὐτοῦ,
3247 2553 3321 2606 ὧν
3365 2553 3433 2608 τὰ
3482 2553 3728 2626 ὀνόματα
3775 2553 3873 2607 Μα-

2239 2642 2351 2715 ρία,
2384 2634 2593 2708 Σουϐἠ,
2624 2641 2811 2697 νΑννα.
2847 2640 2909 2696 ἹΙ
2941 2640 3030 2693 οὗν
3077 2639 3262 2716 Μαρία
3316 2646 3479 2715 γεννᾷ
3520 2642 3622 2710 τήν
3673 2638 3869 2697 Ἐλισά.

2238 2725 2353 2798 ϐετ,
2410 2731 2509 2799 τὴν
2575 2729 2784 2802 μητέρα
2832 2727 3080 2784 Ἰωάννου
3138 2734 3235 2784 τοῦ
3295 2733 3628 2790 Βαπτιστοῦ.
3712 2730 3771 2785 Ἡ
3823 2724 3871 2780 δὲ

2236 2822 2408 2877 ’Ἀννα
2455 2824 2616 2894 γεννᾷ
2651 2820 2750 2887 τήν
2801 2819 2952 2895 ἁγίαν
3013 2822 3274 2876 Θεοτόκον
3335 2822 3386 2877 ἐν
3453 2823 3729 2896 Βηθλεὲμ,
3781 2823 3868 2889 τὴν

2236 2910 2372 2963 κατά
2400 2908 2463 2962 τὸ
2494 2904 2669 2981 ὄνομα
2707 2915 2807 2977 τῆς
2862 2910 3101 2982 μάμμης
3148 2912 3235 2965 καὶ
3280 2911 3449 2979 θείας,
3504 2909 3871 2982 ἐπικληθεῖσαν

2240 2996 2474 3073 Μαρίαν.
2510 2998 2598 3059 Ὦς
2646 2996 2785 3051 εἶναι
2833 2999 2931 3066 τὴν
2992 2997 3303 3070 Ἐλισάὸετ,
3360 3001 3585 3075 ἀνεψιὰν
3643 3000 3736 3073 μὲν
3786 3004 3870 3066 τῆς

2236 3089 2457 3157 “Aw-qq,
2490 3083 2782 3161 ἐξάδελφον
2837 3085 2893 3141 δὲ
2949 3094 3051 3157 τῆς
3110 3089 3398 3146 Θεοτόκου.
3460 3095 3769 3164 Κυροῦνται
3819 3088 3876 3141 τὰ

2238 3176 2464 3251 ἑκάτερα
2518 3178 2613 3230 τοῦ
2695 3174 3057 3252 Εὐαγγελίου,
3149 3176 3238 3234 διά
3291 3183 3388 3233 τοῦ
3455 3177 3772 3258 διηγεῖσθαι
3820 3175 3872 3228 τὸ

2238 3270 2489 3340 πατρῷον
2522 3263 2702 3341 γένος,
2727 3267 2814 3321 καὶ
2853 3266 3106 3339 σαρκικὸν
3157 3271 3254 3322 τοῦ
3304 3269 3568 3343 Χριστοῦ.
3620 3271 3714 3325 Ἤν
3760 3264 3868 3342 γάρ,

2244 3352 2487 3428 φησὶν,ὁ
2543 3354 2756 3424 Ἰησοῦς
2812 3354 3147 3429 ἀρχόμενος,
3206 3356 3281 3421 ὡς
3334 3354 3468 3413 ἐτῶν
3532 3357 3605 3430 λ’,
3658 3353 3715 3419 ὅς
3768 3353 3868 3408 ἔνο-

2160 3429 2204 3494 C
2246 3441 2432 3518 μίζετο
2459 3446 2557 3497 τοῦ
2593 3443 2822 3521 Ἰωσὴφ,
2851 3448 2949 3498 τοῦ
2978 3444 3155 3517 Ἡλεὶ,
3188 3450 3282 3502 τοῦ
3315 3450 3563 3511 Ματθᾶν.

2122 3590 2246 3645 VII.

1074 3731 1463 3799 Fragmentum
1491 3744 1561 3783 ea:
1591 3727 1710 3782 cod.
1740 3742 1841 3783 ms.
1881 3728 2081 3783 Veneto
2107 3726 2234 3793 494,
2258 3741 2394 3795 pag.
2428 3724 2532 3779 243
2562 3724 2827 3781 Biblioth.
2862 3728 2927 3781 D.
2958 3729 3133 3782 Marci
3160 3728 3291 3800 (60).

473 3876 768 3946 Hippolyti
800 3875 1041 3930 Thebani
1070 3889 1140 3928 ea:
1170 3880 1514 3943 syntagmate
1540 3873 1659 3943 ejus
1715 3871 2120 3941 chronologico.

546 4038 706 4092 Scire
737 4039 990 4106 oportet,
1021 4034 1179 4103 quod
1207 4034 1279 4088 ab
1310 4034 1499 4089 Adam
1530 4049 1718 4104 usque
1753 4033 1825 4088 ad
1856 4032 2124 4087 barbari-

475 4143 695 4192 smum,
728 4129 867 4178 sunt
896 4123 1038 4177 anni
1070 4125 1209 4176 2266
1241 4129 1299 4176 et
1328 4140 1363 4178 a
1392 4123 1762 4179 barbarismo
1817 4138 2005 4193 usque
2052 4119 2127 4175 ad

475 4214 902 4286 scythesmum,
937 4211 1082 4265 anni
1129 4213 1232 4263 500
1292 4216 1349 4265 et
1375 4228 1407 4266 a
1439 4212 1775 4283 scytbesmo
1815 4228 2004 4282 usque
2051 4209 2125 4264 ad

474 4302 926 4367 Hellenismum,
962 4299 1104 4355 anni
1139 4301 1274 4353 1236
1304 4305 1362 4355 et
1392 4300 1463 4355 ab
1515 4300 1878 4355 Hellenismo
1937 4316 2125 4372 usque

475 4393 547 4448 ad
575 4392 967 4458 Judaismum,
999 4390 1141 4444 anni
1176 4388 1340 4445 mille
1368 4408 1380 4444 :
1416 4396 1474 4445 et
1502 4389 1574 4445 ab
1604 4390 1904 4446 Judaismo
1936 4407 2125 4462 usque

473 4482 546 4538 ad
585 4478 1129 4547 Christianismum,
1163 4480 1304 4534 anni
1338 4478 1666 4550 quingenti.
1702 4479 1853 4533 Inito
1885 4480 2122 4534 univer-

478 4572 591 4627 sim
623 4567 873 4639 calculo,
926 4568 1266 4624 invenimus
1325 4567 1398 4623 ab
1457 4568 1641 4623 Adam
1695 4568 1771 4623 ad
1826 4569 2124 4624 Christum

476 4678 663 4719 annos
694 4677 834 4717 ιοιοο
894 4665 953 4714 et
1006 4676 1038 4715 a
1094 4659 1397 4715 nativitate
1453 4658 1687 4714 Domini
1745 4659 1933 4713 nostri
1990 4660 2125 4714 Jesu

476 4751 689 4807 Christi
723 4749 797 4806 ad
828 4750 1283 4805 Constantinum
1312 4765 1592 4822 magnum
1620 4765 1812 4804 annos
1842 4752 1971 4804 200.

548 4842 843 4895 Praeterea
869 4840 1196 4895 sciendum.
1232 4838 1391 4910 quod
1422 4855 1457 4894 a
1475 4839 1667 4907 primo
1688 4839 1998 4894 hominum
2022 4856 2123 4911 pa-

2229 3864 2558 3923 Ἱππολύτου
2642 3861 2886 3938 Θηϐαίου
2979 3868 3038 3923 ἐκ
3113 3873 3212 3924 τοῦ

2933 3961 3165 4014 γματος.

2306 4046 2432 4121 Χρῆ
2467 4044 2524 4100 δὶ
2551 4046 2860 4121 γινώσκειν,
2920 4046 3003 4103 ὅτι
3063 4048 3167 4103 ἀπὸ
3226 4047 3405 4124 Ἀδὰμ
3456 4050 3567 4114 ἓως
3625 4042 3858 4126 βαρϐαρι-

2238 4140 2380 4209 σμοῦ
2409 4140 2543 4211 (61),
2587 4135 2665 4191 ἔτι
2728 4135 2977 4213 δισχίλια
3026 4140 3153 4212 σξς“,
3210 4140 3298 4195 καὶ
3349 4141 3454 4197 ἀπὸ
3505 4135 3858 4218 βαρϐαρισμοῦ

2234 4222 2339 4287 ἕως
2373 4231 2715 4299 σκυθησμοῦ,
2746 4223 2838 4297 ἔτη
2874 4228 2945 4305 cp"
2976 4227 3064 4283 καὶ
3091 4228 3198 4285 ἀπὸ
3240 4229 3563 4304 σκυθησμοῦ
3610 4231 3711 4293 ’ὲως
3752 4223 3861 4283 Έλ-

2241 4311 2537 4388 ληνισμοῦ,
2578 4313 2670 4386 ἔτη
2703 4315 2861 4391 χίλια
2892 4315 3028 4381 σλς“’
3060 4317 3150 4372 καὶ
3179 4320 3283 4374 ἀπὸ
3332 4319 3707 4394 Ἑλληνισμοῦ
3753 4313 3843 4372 ἓως

2237 4399 2604 4475 Ἰουδαϊσμοᾷ
2640 4401 2729 4474 ἔτη
2786 4402 2968 4479 χίλια*
3028 4406 3117 4461 καὶ
3176 4407 3281 4461 ἀπὸ
3343 4405 3719 4482 Ἰουὸαϊσσμοῦ
3762 4401 3850 4458 ἓως

2236 4496 2690 4565 Χριστιανισμοῦ,
2748 4487 2840 4563 ἔτη
2900 4495 3243 4552 πεντακοσία.
3330 4497 3505 4570 Ὁμοῦ
3596 4487 3849 4568 συμψηφί-

2234 4600 2416 4641 σαντες
2478 4578 2704 4654 εὕρομεν
2764 4581 2871 4636 ἀπὸ
2931 4580 3116 4656 Ἀδὰμ
3164 4581 3272 4645 ἕως
3325 4586 3590 4659 Χριστοῦ,
3646 4583 3733 4652 ἔτη
3789 4577 3852 4652 ἐφ’

2234 4667 2339 4722 ἀπὸ
2387 4666 2444 4723 δὲ
2493 4676 2593 4739 τῆς
2646 4671 2932 4745 γεννὲσεως
2990 4676 3087 4727 τοῦ
3172 4673 3370 4749 Κυρίου
3453 4678 3616 4748 ἡμῶν
3693 4667 3845 4739 Ἰησοῦ

2236 4761 2469 4832 Χριστοῦ
2496 4757 2601 4821 ’ὲως
2632 4761 3034 4817 Κωνσταντίνου
3063 4766 3161 4818 τοῦ
3193 4763 3479 4839 Μεγάλου,
3509 4764 3601 4837 ἔτη
3635 4764 3693 4821 σ“.

2310 4848 2594 4902 Γινώσκειν
2629 4845 2686 4902 δὲ
2718 4846 2803 4903 δεῖ
2837 4849 2927 4903 καὶ
2982 4854 3167 4922 τοῦτο,
3224 4853 3307 4906 δτι
3353 4852 3458 4907 ἀπὸ
3512 4858 3608 4909 τοῦ
3658 4861 3843 4924 πρωτο’

3329 3877 3600 3947 χρονικοῦ
3682 3866 3853 3924 συντά-

475 4933 644 4982 rente
677 4928 861 4984 Adam
892 4945 1080 4999 usque
1112 4928 1185 4983 ad
1215 4931 1354 4996 Noe,
1406 4928 1515 4983 sub
1566 4945 1682 4999 quo
1734 4929 1983 5001 contigit
2029 4928 2118 4983 di-

2236 4934 2475 4991 πλάστου
2504 4934 2682 5010 Ἀδάμ
2708 4937 2814 5000 ἓως
2854 4941 2979 4995 Νῶε
3032 4939 3114 5018 ἐφ’
3160 4941 3205 5012 ᾦ
3255 4942 3284 4996 6
3335 4940 3732 5015 κατακλυσμὸς,
3768 4950 3840 5007 γε·

474 5015 724 5084 luvium,
755 5023 893 5072 sunt
920 5017 1332 5089 generationes
1362 5017 1588 5083 decem,
1624 5034 1728 5073 seu
1772 5021 1913 5073 anni
1954 5019 2118 5073 2451.

472 5105 660 5160 Adam
688 5121 794 5176 per
823 5110 1079 5176 quatuor
1106 5105 1408 5177 alphabeti
1439 5106 1667 5161 litteras
1697 5107 2122 5179 interpretatur

470 5194 700 5265 Oriens,
734 5194 1041 5261 Occidens,
1077 5195 1409 5264 Septentrio
1441 5199 1500 5249 et
1528 5195 1821 5253 Meridies.

539 5353 649 5421 (59)
684 5352 818 5405 Haec
850 5368 955 5405 vox
986 5350 1222 5405 videtur
1245 5348 1606 5405 redundare.

540 5422 651 5495 (60)
685 5423 882 5495 Greece
919 5421 1282 5495 descriptum
1315 5421 1649 5477 invenimus
1709 5423 1865 5479 inter
1910 5425 2118 5483 adver-

466 5493 715 5551 saria'V.
749 5494 809 5550 C.
841 5493 1226 5565 Bongioanni,

537 5568 647 5640 (61)
678 5565 802 5631 Hic,
837 5566 884 5640 si
917 5564 1060 5635 qnid
1096 5564 1285 5631 video,
1318 5565 1685 5640 barbarismus
1733 5564 1963 5640 capitur
2008 5587 2114 5640 pro

464 5635 813 5694 confusione
837 5637 1169 5709 linguarum
1195 5652 1208 5691 :
1239 5637 1566 5708 scythismus
1596 5653 1702 5708 pro
1740 5635 1883 5691 feris
1914 5654 1981 5692 ac
2008 5635 2112 5697 'te-

466 5712 632 5767 tricis
648 5708 945 5776 moribus,
969 5708 1147 5780 idque
1176 5709 1318 5764 forte
1349 5725 1418 5764 ex
1446 5709 1576 5763 loco
1606 5709 1870 5779 Apostoli
1900 5710 1977 5765 ad
2004 5714 2111 5768 Co~

2229 5025 2342 5081 νεσὶ
2373 5022 2520 5095 δέκα,
2554 5021 2647 5098 ἔτη
2713 5025 2864 5102 βυνᾶ.
2920 5029 2981 5085 Ὁ
3038 5029 3141 5105 γάρ
3191 5027 3379 5107 ’Ἀδάμ
3435 5032 3512 5094 εἰς
3561 5028 3834 5107 τετράστοι-

2231 5134 2332 5190 χον
2365 5116 2739 5191 δρμηνεῦεται·
2782 5120 2816 5187 ἡ
2864 5118 2967 5195 γὰρ
3019 5119 3317 5192 Ἀνατολή,
3368 5123 3552 5193 Δύσις,
3611 5123 3836 5194 Ἀρκτοςν

2228 5203 2317 5258 καὶ
2349 5198 2694 5279 Μεσημϐρία.

2227 5365 2368 5423 loss.
2401 5384 2484 5431 ιιι,
2523 5371 2608 5435 11,
2633 5370 3025 5440 etrespicitur
3053 5371 3126 5426 ad
3158 5372 3594 5430 Sodomitarum
3617 5370 3832 5429 facinus-

2224 5440 2587 5522 fietlenismous
2600 5440 2742 5522 poni
2765 5441 2997 5522 videtur
3018 5458 3124 5522 pro
3147 5442 3736 5522 universali‘ethnicis
3752 5446 3829 5522 mf)

2228 5510 2408 5582 Yulgo
2442 5510 2785 5567 existimant
2804 5510 3239 5569 barbarismum
3264 5522 3401 5571 ante
3428 5518 3830 5578 diluvium,50)"

2224 5580 2508 5656 thisjnum
2540 5599 2727 5656 usque
2758 5583 2833 5639 ad
2884 5585 3067 5656 Sarug
3110 5585 3459 5644 obtinuisse.
3512 5592 3642 5645 (Ζωι.
3680 5593 3823 5656 ,ροη-

2219 5650 2326 5778 ἐξ)
2340 5650 2758 5778 Epiphanium,
2791 5661 2849 5711 et
2878 5650 3148 5712 Vossium
3180 5659 3255 5712 De
3279 5662 3420 5728 orig.
3477 5662 3631 5727 idol.,
3677 5652 3764 5709 lib.
3793 5660 3824 5706 1,

2333 5762 2348 5778 .
2441 5740 2526 5778 ιω
2561 5767 2571 5778 .

2218 5737 2348 5793 cap.
2380 5737 2410 5777 3
2441 5737 2571 5779 init.
