4152 6312
332 473 364 532 1
375 472 497 530 049

1781 463 2290 527 FRAGMENTA.

3587 454 3748 517 1050

405 601 546 657 Ἀπὸ
577 597 636 655 δὲ
665 602 764 654 τοῦ
795 596 1181 670 κατακλυσμοῦ
1235 595 1341 660 ἕως
1399 592 1673 672 Ἀϐρααμ,
1729 597 1818 652 ὅτε
1853 617 1952 670 μετ

2171 603 2210 649 Α
2248 597 2466 652 diluvio
2497 613 2686 668 usque
2719 596 2790 650 ad
2822 593 3139 658 Abraham,
3176 588 3412 662 quando
3463 588 3747 642 transmi-

326 693 537 764 ᾤκησεν
627 689 704 752 εἷς
766 695 868 763 γῆν
960 688 1176 744 Χαναὰν
1234 686 1292 742 ἐκ
1348 694 1450 756 τῆς
1537 687 1994 758 Μεσοποταμίας,

327 780 505 856 γενεαὶ
542 780 590 848 ι’,
651 777 744 848 ἔτη
785 779 956 848 αρκα’.
1001 772 1256 852 Ἀϐρααμ
1316 774 1376 831 δὲ
1425 777 1490 846 ἦν
1555 776 1688 832 ἐτῶν
1749 777 1842 846 σε’,
1900 774 1992 830 καὶ

330 867 597 944 διέτριψεν
655 867 708 922 ἐν
765 870 836 942 γῇ
898 867 1112 922 Χαναὰν
1181 864 1273 938 ἔτη
1335 867 1430 923 κε“.
1493 866 1593 922 Καὶ
1666 861 1840 921 ἔτεκεν
1899 865 1990 918 τὸν

330 958 532 1016 Ἰσαάκ.
593 957 654 1011 Ξ¹
714 953 772 1012 δὲ
831 951 1033 1031 χρόνον
1087 957 1295 1030 βιώσας
1346 954 1550 1026 Ἰσαὰκ,
1607 958 1767 1031 γεννᾷ
1795 951 1992 1015 παῖδας

332 1046 450 1117 δύο,
481 1046 574 1102 τὸν
605 1048 771 1104 Ἡσαῦ
800 1045 889 1100 καὶ
922 1039 1145 1101 Ἰακώϐ.

399 1137 696 1210 Γενόμενος
744 1133 801 1190 δὲ
861 1129 1058 1190 Ἰακὼϐ
1137 1135 1351 1210 χρόνιον
1413 1132 1522 1212 ρλ’,
1579 1131 1846 1198 κατῆλθεν
1911 1129 1993 1194 εἵς

333 1227 626 1304 Αἴγυπτον,
668 1227 781 1300 ἅμα
831 1232 949 1289 τοῖς
1008 1223 1220 1281 δώδεκα
1277 1227 1419 1288 υἱοῖς
1482 1226 1674 1294 αὐτοῦ,
1732 1224 1824 1279 καὶ
1877 1228 1994 1292 τοῖς

325 1318 571 1392 ἐγγόνοις
648 1315 840 1388 αὐτοῦ,
900 1316 990 1370 τὸν
1052 1313 1288 1390 ἅριθμὸν
1370 1320 1463 1384 σε’,
1542 1314 1868 1388 παρῴκησεν
1937 1309 1994 1367 δὲ

327 1408 339 1429 ν
456 1408 470 1426 ‘
696 1405 715 1425 ’-
764 1405 778 1424 Ι
942 1401 966 1424 Ἰ
1131 1411 1140 1426 η
1255 1404 1282 1424 ν-
1378 1406 1390 1419 \
1500 1403 1510 1424 ρ
1913 1403 1928 1420 \

344 1401 524 1464 Ιακωϐ
555 1405 610 1461 ὲν
645 1416 909 1482 Αιγυπτῳ
940 1425 1034 1475 ετη
1097 1427 1162 1470 υ,
1222 1426 1282 1458 ου
1340 1425 1402 1458 το
1455 1425 1612 1478 γενος
1661 1401 1990 1473 πληθυνθεν,

324 1495 400 1558 εἰς
434 1493 646 1549 δώδεκα
678 1494 854 1569 φυλὰς
875 1492 1162 1568 ἐλογίσθη,
1193 1495 1282 1548 καὶ
1346 1493 1411 1548 τὸ
1468 1492 1683 1561 πλῆθος
1715 1494 1810 1545 τοῦ
1855 1494 1992 1544 Λαοῦ

322 1585 399 1646 εἷς
429 1584 710 1654 ἑξακοσίας
743 1579 1027 1659 χιλιάδας.

399 1674 614 1744 Καίτῷ
649 1674 744 1746 μὶν
781 1671 915 1727 Λευΐ
965 1671 1251 1746 ἀπόγονοι·
1312 1678 1551 1740 Μωΰσῆς
1608 1669 1697 1725 καί
1757 1670 1992 1742 Ἀαρών,

328 1765 426 1818 Καὶ
464 1765 491 1818 6
527 1763 620 1836 μὲν
654 1767 748 1818 τοῦ
779 1762 1069 1838 ἱερατεύειν
1101 1762 1354 1832 ἠξίωται,
1409 1763 1436 1816 ὁ
1470 1758 1527 1816 δὲ
1588 1762 1724 1836 πρὸς
1783 1761 1844 1814 τὸ
1901 1760 1996 1832 ἅρ-

329 1873 451 1928 χειν
506 1853 842 1916 καθίσταται.
898 1853 986 1913 Ὡς
1040 1851 1091 1906 ἐν
1150 1856 1228 1923 τῷ
1300 1848 1659 1926 ὀγδοηκοστῷ
1729 1846 1831 1904 ἔτει
1890 1848 1991 1915 τῆς

2101 688 2288 761 gravit
2329 689 2390 743 in
2423 695 2642 743 terram
2684 688 2962 742 Chanaan
3015 684 3085 738 de
3139 679 3582 756 Mesopotamia,
3612 682 3750 732 sunt

2101 778 2514 850 generationes
2539 778 2605 831 10
2632 777 2723 831 vel
2744 775 2884 831 anni
2909 776 3066 827 1121.
3087 773 3226 825 Erat
3255 775 3396 823 tunc
3424 767 3746 832 Abraham,

2101 884 2393 922 annorum
2407 871 2495 936 75,
2512 865 2880 936 incoluitque
2907 863 3302 918 Chananaeam
3319 864 3538 912 terram
3555 873 3747 911 annos

2098 965 2190 1028 25,
2224 966 2282 1016 et
2309 962 2514 1034 genuit
2542 961 2724 1015 Isaac.
2761 959 2920 1014 Isaac
2953 972 3088 1012 vero
3120 959 3294 1010 natus
3324 968 3511 1007 annos
3541 969 3612 1006 Lx
3642 966 3744 1022 ge-

2099 1051 2233 1106 nuit
2261 1051 2408 1105 duos
2441 1050 2619 1117 filios,
2652 1052 2804 1104 Esau
2827 1053 2885 1104 et
2903 1047 3105 1103 Jacob.

2170 1140 2366 1208 Jacob,
2402 1157 2538 1194 cum
2595 1145 2751 1194 esset
2806 1154 3104 1193 annorum
3169 1138 3284 1203 130,
3345 1133 3655 1189 descendit
3685 1133 3750 1186 in

2099 1232 2410 1302 .Egyptum
2440 1246 2561 1285 una
2580 1245 2713 1284 cum
2745 1227 3062 1282 duodecim
3090 1225 3233 1280 ﬁliis
3265 1223 3388 1278 suis
3429 1227 3486 1278 et
3523 1222 3750 1292 nepoti-

2099 1318 2209 1373 bus
2237 1321 2643 1390 ejus,numero
2676 1322 2741 1371 75
2783 1317 3120 1388 mansitque
3162 1314 3337 1370 Jacob
3387 1315 3449 1367 in
3501 1314 3742 1385 Egypto

2099 1427 2289 1466 annos
2317 1412 2442 1477 400,
2477 1409 2646 1479 cujus
2678 1406 2912 1462 soboles
2944 1405 3636 1476 multiplicata,reputata
3657 1407 3748 1456 est

2099 1502 2158 1556 in
2189 1501 2504 1556 duodecim
2537 1499 2810 1566 tribus,et
2831 1497 3147 1553 multitudo
3162 1495 3442 1568 populiin
3468 1499 3744 1548 sexcenta

2098 1593 2307 1648 millia.

2171 1682 2300 1737 Levi
2331 1681 2550 1751 posteri
2582 1679 2746 1734 fuere
2778 1681 3002 1750 Moyses
3035 1682 3093 1732 et
3118 1677 3439 1732 Aaron.llic
3465 1674 3742 1730 sacerdo-

2100 1773 2181 1826 tio
2205 1771 2515 1826 decoratus
2529 1769 2746 1836 est,ille
2763 1767 3034 1840 regimini
3055 1767 3246 1839 gentis
3276 1764 3741 1836 prmﬁciturJta-

2102 1878 2216 1933 que
2247 1877 2402 1914 anno
2435 1861 2564 1913 vita)
2615 1876 2734 1913 sum
2770 1858 3129 1929 octogesimo
3189 1855 3378 1910 calcat
3435 1870 3597 1908 mare
3630 1855 3747 1907 Ru-

331 1949 477 2014 ζωῆς
511 1944 697 2014 αὐτοῦ,
756 1947 915 1996 πατεῖ
967 1942 1066 2010 τήν
1125 1941 1390 2016 Ἐρυθρὰν
1451 1939 1752 2004 θάλασσαν.
1811 1940 1874 1994 Ἥ
1935 1935 1994 2002 δὲ

2118 1967 2294 2005 arum.
2330 1951 2544 2021 Legum
2575 1948 2715 2003 latio
2747 1947 2922 2017 caepit
2942 1945 3135 2000 triduo
3173 1949 3302 2016 post
3347 1959 3648 2016 egressum
3675 1942 3745 1996 de

326 2033 626 2105 νομοθεσία
661 2031 794 2104 μετὰ
825 2036 971 2106 τρεῖς
1004 2033 1215 2106 ἡμέρας
1273 2032 1372 2098 τῆς
1431 2027 1662 2103 [ἐξόδου]
1723 2027 1772 2101 ἐξ
1824 2027 1988 2103 Αἰγύ-

324 2141 486 2176 πτου’
519 2119 798 2195 διέτριψαν
831 2120 888 2176 δὲ
916 2123 966 2176 ἐν
999 2123 1069 2192 τῆ
1101 2119 1292 2194 ἐρήμῳ
1323 2119 1415 2190 ἔτη
1454 2121 1528 2193 μ’.

404 2213 531 2266 Ὑπὸ
568 2208 625 2265 δὲ
657 2213 840 2281 Ἰησοῦ
868 2214 969 2264 τοῦ
1027 2207 1168 2266 Ναυΐ
1216 2209 1521 2284 ἀρχόμενοι
1580 2204 1672 2278 ἔτη
1731 2215 1826 2278 κε“,
1887 2208 1988 2261 ὑπὸ

333 2297 391 2354 δὲ
425 2305 531 2354 τῶν
569 2305 778 2376 Κριτῶν
814 2299 903 2371 ἔτη
941 2301 1037 2370 υν“,
1087 2299 1255 2374 μέχρι
1285 2305 1384 2368 τῆς
1445 2297 1725 2372 βασιλείας
1784 2296 1985 2352 Σαούλ.

327 2391 454 2447 Εἶθ’
519 2389 691 2452 οὕτως
777 2388 946 2460 ἦλθεν
1004 2383 1174 2443 Δαϐἰδ
1228 2389 1255 2443 6
1312 2382 1561 2463 γαμϐρὸς
1619 2387 1804 2442 αὐτοῦ.
1887 2387 1989 2442 Καὶ

324 2481 559 2553 γέγονεν
620 2478 725 2533 ἀπὸ
783 2473 1039 2551 Ἀϐρααμ
1124 2473 1229 2538 ἔως
1292 2471 1459 2531 Δαϐὶδ
1513 2475 1691 2550 γενεαὶ
1755 2473 1843 2545 ιδ’,
1895 2474 1984 2545 ἔτη

328 2565 465 2638 ᾳκδ“,
490 2567 580 2622 καὶ
611 2569 718 2622 ἀπὸ
771 2563 937 2621 Δαϐὶδ
967 2563 1073 2630 ἕως
1100 2572 1202 2634 τῆς
1238 2565 1588 2638 μετοικησίας
1640 2559 1989 2632 Βαϐυλῶνος,

330 2656 510 2730 γενεαὶ
545 2655 634 2726 ιδ’,
666 2654 756 2726 ἔτη
795 2653 879 2729 φὸ“
923 2657 1065 2728 ὁμοῦ
1098 2655 1541 2732 συμψηιρίσαντες
1592 2653 1848 2728 εὕρομεν,
1909 2655 1990 2708 ὅτι

340 2746 445 2800 ἀπὸ
471 2743 653 2817 Ἀδὰμ
681 2742 786 2808 ἕως
817 2746 1080 2820 Χριστοῦ,
1116 2740 1206 2813 ἔτη
1243 2744 1320 2820 εφ“
1350 2747 1482 2815 (62).

406 2836 468 2892 Ὁ
524 2831 582 2889 δὲ
636 2835 874 2906 Χριστὸς
925 2838 1171 2909 γεννᾶται
1231 2832 1281 2886 ἐν
1341 2833 1420 2904 τῷ
1476 2837 1886 2907 τεσσαρακοστῴ

340 2923 446 2980 ἔτει
481 2923 801 2999 Αὐγούστου
832 2928 928 2978 τοῦ
972 2919 1269 2997 βασιλέως,
1328 2919 1436 2977 ἷνδ.
1502 2923 1553 2989 ι’,
1614 2924 1796 2996 ἡμέρᾳ
1827 2924 1885 2992 ζ’,
1937 2922 1996 2976 ἐκ

345 3017 524 3088 φυλῆς
551 3016 752 3085 Ἰούδα,
787 3017 845 3072 ἔκ
903 3017 1212 3089 σπέρματος
1276 3011 1441 3070 Δαϐὶδ
1491 3016 1553 3070 τὸ
1610 3015 1746 3070 κατᾶ
1803 3015 1990 3091 σάρκα·

344 3106 430 3162 καὶ
461 3105 732 3161 τοσούτων
767 3102 934 3160 ὅντων
980 3109 1089 3160 τῶν
1132 3105 1377 3180 χρόνων,
1436 3109 1553 3166 πῶς
1606 3103 1704 3158 οὐκ
1736 3104 1996 3179 αἰσχυνε-

337 3217 424 3251 ται
461 3195 686 3251 Πλάτων
712 3195 833 3271 περὶ
865 3194 1259 3267 κατακλυσμοῦ
1318 3195 1540 3269 πρώτου
1600 3192 1690 3248 καὶ
1743 3192 1994 3270 δευτέρου

344 3284 716 3361 διηγούμενος
752 3305 766 3354 ;

2102 2044 2362 2113 Egypto.
2390 2041 2655 2093 Mansere
2689 2038 2746 2090 in
2780 2037 3015 2092 deserto
3045 2051 3234 2090 annos
3265 2036 3354 2088 40.

2168 2221 2529 2289 Reguntura
2573 2217 2708 2271 Jesu
2757 2217 2907 2270 Nave
2956 2231 3145 2269 annos
3175 2215 3264 2280 25,
3323 2212 3396 2267 ab
3445 2211 3749 2266 Iudicibus

2099 2325 2287 2364 annos
2320 2310 2425 2361 450
2449 2321 2635 2376 usque
2663 2305 2736 2359 ad
2759 2321 3007 2373 regnum
3043 2303 3201 2357 Saul.
3255 2303 3544 2371 Deinceps
3594 2299 3754 2354 venit

2100 2398 2279 2454 David
2308 2413 2476 2452 socer
2520 2395 2703 2449 illius.
2761 2395 3142 2463 Fueruntque
3197 2391 3270 2447 ab
3323 2390 3620 2444 Abraham
3679 2388 3752 2444 ad

2105 2488 2283 2543 David
2314 2486 2728 2558 generationes
2759 2483 2818 2538 14
2845 2483 2934 2538 vel
2957 2482 3096 2536 anni
3131 2482 3287 2534 1024.
3322 2481 3389 2536 Et
3417 2496 3451 2533 a
3484 2479 3658 2534 David
3681 2478 3754 2533 ad

2105 2575 2693 2646 transmigrationem
2727 2571 3065 2642 Babylonis,
3111 2569 3524 2642 generationes
3570 2571 3636 2621 14
3665 2567 3757 2622 vel

2103 2666 2243 2720 anni
2278 2667 2402 2727 504,
2445 2661 2770 2716 universim
2821 2661 2967 2715 inito
3027 2660 3253 2714 calculo
3302 2659 3635 2730 reperimus
3683 2655 3754 2711 ab

2106 2754 2284 2808 Adam
2316 2752 2390 2807 ad
2416 2751 2714 2805 Christum
2748 2767 2936 2804 annos
2967 2766 3131 2802 Ionio.

2175 2842 2440 2896 Christus
2474 2841 2742 2894 nascitur
2770 2837 3223 2908 quadragesimo
3284 2837 3546 2891 secundo
3594 2852 3750 2890 anno

2104 2933 2346 3004 Augusti
2380 2928 3111 3002 imperatoris,indictione
3147 2929 3232 2993 10,
3267 2926 3413 2981 feria
3444 2930 3574 2992 7,ex
3597 2925 3753 2980 tribu

2103 3021 2250 3076 Juda
2284 3037 2353 3075 ex
2381 3019 2607 3073 semine
2660 3017 2841 3072 David
2901 3015 3228 3071 secundum
3286 3031 3546 3069 carnem.
3607 3015 3753 3069 Cum

2106 3127 2281 3183 porro
2307 3115 2392 3164 tot
2423 3109 2543 3162 sint
2568 3108 2734 3174 anni,
2769 3105 3065 3177 quomodo
3095 3122 3217 3160 non
3251 3104 3434 3176 pudet
3451 3104 3757 3158 Platonem

2105 3199 2501 3255 disserentem
2535 3197 2609 3251 de
2641 3196 2861 3250 diluvio
2891 3194 3082 3266 primo
3117 3200 3174 3249 et
3201 3193 3463 3250 secundo
3491 3192 3516 3248 ?

414 3385 546 3442 Ἀπὸ
575 3391 675 3454 τῆς
703 3383 1192 3458 ἔνανθρωπήσεως,
1226 3389 1336 3440 etc.
1369 3392 1432 3439 ut
1461 3399 1632 3455 supra
1649 3387 1856 3455 fragm.
1900 3387 1965 3441 V.
1999 3411 2002 3420 ι

2118 3404 2152 3444 ι.
2188 3391 2238 3457 1,
2270 3403 2394 3442 cum
2421 3386 2635 3441 modico
2660 3386 2993 3441 discrimine.
3028 3387 3103 3441 At
3136 3401 3258 3455 quae
3297 3390 3591 3455 ponuntur
3640 3383 3738 3438 sub

330 3493 489 3532 num.
513 3477 586 3544 II,
611 3477 745 3544 quia
768 3475 1007 3530 multum
1036 3472 1281 3540 variant,
1303 3472 1391 3529 hic
1423 3473 1734 3543 aﬂ'eremus.

425 3572 561 3630 Ἀπὸ
621 3569 680 3626 δὲ
734 3576 831 3626 τοῦ
889 3572 1168 3646 σωτηρίου
1224 3572 1430 3635 πάθους
1479 3570 1570 3626 καὶ
1634 3578 1736 3641 τῆς
1795 3571 2005 3645 ἀναλή-

350 3666 498 3736 ψεως
526 3660 715 3729 αὐτοῦ,
766 3661 931 3736 μέχρι
989 3667 1090 3729 τῆς
1140 3654 1460 3722 Λιθοϐολίας
1516 3663 1614 3715 106
1670 3664 2005 3738 πρωτομάρ-

345 3770 514 3822 τυρος
545 3747 838 3824 Στεφάνου,
872 3745 964 3820 ἔτη
1002 3749 1064 3820 ζ“,
1107 3749 1212 3802 ἀπὸ
1273 3746 1330 3802 δὲ
1380 3755 1479 3817 τῆς
1515 3751 1814 3824 μαρτυρίας
1875 3757 2004 3806 Στε-

350 3839 517 3919 φάνου
571 3841 737 3914 μέχρι
769 3842 866 3893 τοῦ
925 3837 1180 3914 φανέντος
1239 3841 1319 3909 τῷ
1381 3835 1584 3910 Παύλῳ
1641 3839 1845 3911 φωτὸς,
1912 3840 2009 3914 βα-

349 3928 655 4002 πτίσματός
684 3949 741 3983 τε
772 3927 935 3982 αὐτοῦ
968 3926 1057 3982 καὶ
1119 3926 1501 4002 κηρύγματος,
1534 3927 1626 3981 καὶ
1687 3928 1854 4002 μέχρι
1911 3935 2011 3997 τῆς

355 4019 681 4092 ἀναλήψεως
718 4025 820 4087 τῆς
879 4019 1032 4093 ἁγίας
1091 4017 1364 4089 Παρθένου
1422 4016 1511 4071 καὶ
1573 4017 1840 4071 Θεοτόκου
1891 4024 2008 4076 Μα-

356 4111 503 4186 ρίας,
559 4107 653 4178 ἔτη
713 4113 782 4183 γ’,
841 4106 934 4161 καὶ
987 4107 1128 4178 ὁμοῦ
1187 4104 1280 4175 ἔτη
1348 4103 1458 4178 μδ“,
1521 4103 1679 4176 ἔζησε
1760 4108 1861 4182 γὰρ
1941 4111 2009 4172 τῆ

356 4198 738 4272 ἀνθρωπότητι
818 4199 853 4265 ἡ
915 4197 1182 4256 Θεοτόκος
1244 4193 1335 4266 ἔτη
1399 4196 1494 4264 νθ“,
1547 4194 1739 4257 οὕτως·
1796 4197 1882 4250 Ἑν
1930 4201 2012 4268 τῷ

357 4289 474 4361 ναῷ
505 4287 597 4359 ἔτη
635 4285 724 4360 ιδ’,
758 4287 848 4341 καὶ
880 4285 932 4341 ἐν
993 4291 1070 4358 τῷ
1120 4283 1258 4360 οἷειῳ
1323 4287 1524 4364 Ἰωσὴφ
1578 4294 1750 4359 μῆνας
1797 4289 1861 4359 ς’,
1919 4289 2011 4343 καὶ

365 4377 565 4442 εὐθέως
609 4376 971 4452 εὐηγγελίσθη
1021 4376 1124 4432 ὑπὸ
1170 4381 1268 4430 τοῦ
1326 4371 1597 4453 Γαϐριὴλ,
1657 4377 1745 4431 καὶ
1807 4377 2012 4434 συλλα-

359 4463 530 4522 ϐοῦσα
581 4465 756 4522 ἔτεκεν
843 4466 936 4520 τὸν
995 4465 1195 4538 Κύριον
1255 4467 1416 4538 ἡμῶν
1476 4467 1686 4536 Ἰησοῦν
1759 4467 2012 4541 Χριστὸν,

357 4560 428 4630 τῇ
515 4553 685 4610 εἶ’κάδι
742 4554 964 4628 πέμπτῃ
1013 4558 1109 4608 τοῦ
1168 4550 1507 4628 Δεκεμϐρίου
1568 4556 1756 4628 μηνός.
1840 4558 2013 4628 Ὁμοῦ

357 4643 453 4715 ἔτη
526 4652 602 4711 ιε’,
663 4643 751 4698 καὶ
812 4642 998 4712 ἔζησεν
1083 4643 1170 4697 ἐπὶ

360 4733 569 4809 Κυρίου
602 4731 694 4802 ἔτη
723 4732 829 4807 λγ’,
861 4732 950 4786 καὶ
1007 4732 1142 4803 μετά
1170 4733 1270 4800 τὴν
1330 4732 1600 4807 ἀνάληψιν
1656 4738 1753 4789 τοῦ
1813 4733 2011 4809 Κυρίου

359 4825 454 4880 σὺν
485 4827 605 4885 τοῖς
641 4819 992 4896 μαθηταῖςέν
1051 4825 1128 4892 τῷ
1178 4819 1314 4893 οἷειῳ
1372 4823 1625 4877 Ἰωάννου
1680 4827 1777 4877 τοῦ
1839 4825 2014 4898 Εὐαγ-

363 4913 620 4989 γελιστοῦ
657 4908 752 4980 ἓτη
826 4912 912 4981 ια’,
972 4911 1115 4984 ὁμοῦ
1171 4909 1404 4986 γίνονται
1457 4909 1524 4964 τᾶ
1574 4905 1665 4979 ἔτη
1722 4917 1822 4980 τῆς
1872 4914 2016 4980 ζωῆς

360 5000 528 5070 αὐτῆς
563 5002 659 5058 VO‘.
723 5001 895 5061 Οὗτος
953 4997 1010 5054 δέ
1068 4997 1207 5054 ἐστιν
1271 4997 1549 5068 Ἰωάννης,
1608 4998 1664 5053 δν
1725 5000 2013 5073 ἠγάπησεν

363 5090 642 5164 ὁΚύριος,
705 5091 732 5143 ὁ
811 5089 897 5142 καὶ
958 5087 1245 5162 παρθένος,
1329 5087 1478 5152 ὅστις
1549 5087 1640 5143 καὶ
1725 5082 1908 5162 ἔμενεν
1964 5087 2016 5144 ἐν

369 5177 779 5252 Ἱεροσολύμοις
842 5176 916 5238 είς
972 5177 1071 5244 τήν
1122 5177 1275 5250 ἁγίαν
1338 5176 1508 5244 Σιὼν,
1552 5179 1652 5246 τὴν
1711 5180 1818 5231 τῶν
1882 5179 2013 5233 Ἐκ-

365 5267 615 5338 κλησιῶν
674 5269 907 5340 μητέρα.
976 5267 1124 5323 Ἐκεῖ
1180 5260 1378 5345 ἔφυγον
1444 5266 1495 5320 οἱ
1564 5262 1866 5320 ἀπόστολοι
1925 5263 2015 5320 διὰ

356 5360 450 5414 τὸν
485 5352 653 5434 φόϐον
683 5356 790 5410 τῶν
825 5351 1120 5412 Ἰουδαίων.
1155 5356 1302 5410 Ἐκεῖ
1347 5359 1464 5416 τοῖς
1526 5356 1792 5426 μαθηταῖς
1841 5353 2010 5428 ἆῳάνη

360 5451 388 5504 6
445 5447 644 5520 Κύριος
726 5443 860 5517 μετά
941 5444 1004 5498 τὸ
1061 5444 1346 5512 ἀναστῆναι
1404 5443 1588 5514 αὐτὸν,
1671 5447 1780 5498 τῶν
1833 5449 2010 5516 θυρῶν

355 5533 776 5607 κεκλεισμένων,
856 5533 944 5587 καὶ
1004 5529 1202 5587 ἔδωκεν
1291 5531 1480 5594 αὐτοῖς
1562 5536 1785 5605 Πνεῦμα
1833 5534 2008 5608 ἅγιον.

360 5629 516 5684 Ἐκεῖ
544 5627 613 5697 τῇ
675 5621 845 5699 ὀγδόῃ
902 5623 1085 5696 ἡμέρᾳ
1127 5619 1579 5696 ἐπληροφόρῆσεν
1637 5622 1728 5677 τὸν
1784 5628 2007 5696 Θωμᾶν.

429 5775 544 5846 (62)
577 5774 659 5826 Ex
696 5771 893 5826 allatis
922 5769 1186 5826 numeris
1215 5786 1337 5825 non
1367 5769 1728 5842 colliguntur
1757 5773 1897 5826 5500
1923 5773 2090 5829 anni.

2185 3576 2230 3629 A
2249 3575 2640 3630 salutarivero
2666 3573 2943 3644 passione
2956 3579 3015 3627 et
3033 3573 3442 3643 assumptione
3455 3571 3670 3626 Christi
3694 3571 3769 3627 ad

2121 3664 2546 3735 lapidationem
2579 3662 3032 3735 protomartyris
3055 3662 3359 3733 Stephani,
3393 3662 3535 3716 anni
3566 3678 3664 3716 vn.
3703 3665 3772 3714 Et

2117 3770 2152 3808 a
2177 3752 2463 3823 martyrio
2495 3752 2798 3823 Stephani,
2833 3768 3023 3821 usque
3054 3750 3129 3804 ad
3186 3751 3379 3804 lucem
3428 3767 3559 3822 quaa
3581 3750 3763 3804 Paulo

2117 3844 2414 3914 apparuit,
2447 3847 2506 3897 et
2533 3841 2895 3912 baptismum
2923 3859 2988 3896 ac
3018 3840 3505 3912 praedicationem
3527 3841 3676 3912 ejus,
3711 3847 3770 3894 et

2118 3949 2308 4003 usque
2330 3932 2404 3987 ad
2434 3931 2904 4002 assumptionem
2921 3935 3139 3985 sanctae
3162 3930 3416 4002 Virginis
3432 3929 3765 4000 etDeiparao

2121 4023 2340 4089 Marias,
2374 4021 2514 4076 anni
2547 4023 2576 4075 3
2610 4026 2668 4075 et
2695 4020 3017 4075 universim
3051 4019 3194 4074 anni
3248 4021 3339 4074 44.
3401 4019 3551 4073 Vixit
3607 4019 3766 4074 enim

2120 4111 2278 4166 inter
2307 4111 2579 4166 homines
2632 4110 2734 4164 Dei
2793 4112 2974 4166 Mater
3026 4126 3216 4165 annos
3248 4111 3314 4163 59
3350 4126 3362 4176 ;
3395 4109 3508 4164 hoc
3537 4107 3713 4164 modo
3753 4123 3767 4162 :

2119 4202 2186 4255 In
2208 4200 2431 4272 templo
2464 4216 2653 4255 annos
2676 4202 2762 4268 14,
2795 4206 2854 4254 et
2883 4199 2944 4254 in
2976 4199 3150 4254 domo
3181 4199 3397 4269 Joseph
3445 4215 3680 4254 menses
3713 4200 3771 4263 6,

2121 4295 2297 4360 atque
2331 4306 2465 4344 mox
2497 4289 2568 4343 ab
2596 4289 2830 4344 Gabriel
2860 4289 3138 4344 nuntium
3188 4289 3436 4359 accepit,
3471 4294 3530 4344 et
3577 4289 3775 4343 conci-

2121 4380 2293 4450 piens
2305 4379 2862 4451 peperitDominum
2877 4385 3146 4433 nostrum
3158 4380 3356 4433 Jesum
3369 4378 3665 4432 Christum
3680 4376 3775 4431 die

2122 4469 2400 4523 vicesima
2431 4468 2640 4538 quinta
2661 4468 3000 4522 Decembris
3023 4466 3610 4522 mensis.Suntsimul
3627 4466 3768 4519 anni

2125 4561 2209 4624 15,
2241 4564 2298 4612 et
2317 4558 2461 4612 vixit
2479 4574 2610 4612 cum
2636 4557 2941 4612 incarnato
2974 4557 3222 4610 Domino
3242 4572 3429 4610 annos
3445 4557 3532 4620 33,
3549 4560 3607 4609 et
3636 4560 3770 4625 post

1256 4651 1354 4714 τῆς
1403 4643 1719 4718 ἐνανθρωπή
1730 4666 1861 4707 σεως
1912 4648 2002 4699 τοῦ

2118 4647 2586 4717 assumptionem
2603 4645 2998 4710 Domini,cum
3014 4645 3323 4715 discipulis
3338 4645 3396 4698 in
3411 4643 3586 4698 domo
3600 4645 3767 4697 Joan-

2123 4736 2217 4790 nis
2239 4735 2618 4807 Evangelistae
2649 4751 2840 4790 annos
2875 4738 2958 4800 11,
2987 4735 3255 4804 fiuntque
3278 4733 3602 4788 universim
3627 4734 3768 4787 anni

2123 4826 2257 4879 vitm
2290 4825 2420 4896 ejus
2453 4827 2539 4878 59.
2577 4824 2679 4877 Hic
2710 4840 2886 4894 porro
2929 4828 3017 4877 est
3044 4824 3320 4890 Joannes,
3355 4839 3531 4893 quem
3563 4822 3773 4878 dilexit

2122 4913 2431 4979 Dominus,
2465 4917 2523 4965 et
2551 4917 2679 4966 erat
2708 4912 2944 4978 caelebs,
2989 4917 3047 4965 et
3099 4912 3338 4983 scripsit
3385 4913 3767 4985 Evangelium

2120 5015 2316 5063 suum,
2349 4997 2746 5068 manebatque
2804 4998 3229 5070 Hierosolymis
3259 4999 3321 5052 in
3362 5005 3568 5054 sancta
3605 5000 3767 5068 Sion,

2121 5094 2307 5143 matre
2321 5087 2740 5144 Ecclesiarum.
2755 5089 2829 5144 Eo
2853 5089 3242 5161 confugerant
3261 5089 3514 5161 apostoli
3529 5095 3773 5164 propter

2119 5182 2346 5232 metum
2374 5176 2830 5233 JudaeorumJbi
2853 5177 3161 5250 discipulis
3188 5179 3464 5251 apparuit
3480 5180 3765 5236 Dominus

2118 5277 2253 5342 post
2283 5260 2781 5327 resurrectionem
2807 5288 2975 5328 suam
3001 5273 3202 5344 januis
3232 5273 3473 5343 clausis,
3489 5273 3769 5344 deditque

2119 5359 2205 5414 eis
2237 5360 2519 5432 Spiritum
2575 5366 2866 5416 sanctum.
2901 5361 2986 5416 lbi
3044 5362 3139 5416 die
3193 5367 3398 5418 octava
3454 5363 3769 5418 certiorem

2121 5450 2318 5505 effecit
2346 5452 2654 5516 Thomam,
2689 5451 3010 5506 ostendens
3041 5451 3129 5506 illi
3153 5453 3390 5523 signum
3443 5452 3766 5507 clavorum.

2118 5537 2202 5592 Ibi
2226 5545 2498 5610 paratum
2525 5540 2640 5594 fuit
2667 5540 2980 5595 comedere
3009 5543 3234 5596 Pascha
3258 5558 3394 5596 cum
3428 5539 3761 5611 discipulis.

2115 5628 2260 5684 Inde
2293 5630 2471 5685 etiam
2504 5629 2726 5702 hymno
2761 5631 2917 5685 dicto
2937 5631 3555 5686 exieruntinmontem
3575 5629 3758 5685 Oliva-
