4146 6302
426 447 579 512 1081

1716 449 2140 516 HIPPOLYTI
2186 446 2538 515 THEBANI

3680 442 3849 515 1039

425 590 583 649 ru‘m,
618 580 680 636 in
736 581 934 638 locum
983 584 1381 642 Gethsemani.
1421 587 1503 641 lbi
1554 587 1807 659 primam
1840 586 2115 655 Missam,

2238 586 2365 659 εἴξας
2403 585 2549 641 αύτῶ
2576 586 2667 642 τὸν
2722 582 2889 641 τύπον
2941 589 3050 641 τῶν
3106 582 3284 654 ⁴ἥλων·
3345 582 3459 639 ἐκεῖ
3521 584 3836 656 ἡτοιμάσθη

430 671 879 727 celebraverunt
935 675 1186 745 apostoli
1243 692 1254 730 :
1315 676 1394 731 ibi
1437 677 1694 747 primum
1728 678 2075 749 episcopum

433 762 824 833 designarunt
847 764 1100 835 apostoli
1123 766 1426 834 Iacobum,
1460 785 1580 823 non
1612 768 1854 839 quidem
1888 769 2077 824 ﬁlium

431 852 830 996 fDebbedaaimed
859 854 1101 911 fratrem
1124 857 1380 925 Domini,
1408 856 1596 913 {Ilium
1621 875 1836 931 nempe
1866 859 2081 930 Joseph

456 959 489 996 a
534 958 603 996 r1.

456 958 603 997 ann.

2187 681 2373 756 φαγεῖν
2401 679 2462 731 τὸ
2494 676 2685 731 Πάσχα
2747 675 2881 750 μετᾶ
2933 680 3041 731 τῶν
3093 678 3373 749 μαθητῶν.
3432 676 3664 729 Ἐκεῖθεν
3728 672 3836 749 γὰρ

2195 768 2552 841 ὑμνήσαντες,
2580 766 2804 840 ἐξῆλθον
2865 767 2943 829 εἷς
2996 767 3059 821 τὸ
3119 760 3246 840 ὄρος
3303 768 3412 820 τῶν
3472 763 3709 820 Ἐλαιῶν
3763 760 3839 827 είς

2193 856 2400 932 χωρίον
2434 860 2760 928 Γεθσιμανῆ.
2796 856 2944 912 Ἐκεῖ
2979 857 3041 911 τὸ
3095 858 3309 927 πρῶτον
3365 856 3667 929 μυστήριον
3728 849 3842 908 ἐτέ-

2194 954 2352 1001 λεσαν
2386 945 2439 1000 οι
2469 943 2791 1001 ἀπόστολοι.
2823 944 2971 1002 Ἐκεῖ
2999 942 3217 1017 πρῶτον
3272 943 3567 998 ἐπίσκοπον
3618 943 3838 1018 ἐχειρο-

443 1029 670 1099 τόνησαν
702 1030 753 1083 oi.
784 1028 1090 1085 ἀποστολοι
1123 1027 1406 1104 Ἰάκωϐον,
1442 1034 1506 1088 ού
1536 1034 1627 1088 τὸν
1649 1032 1765 1088 υἱὸν
1793 1029 2103 1101 Ζεϐεδαίου,
2138 1032 2283 1090 ἀλλὰ
2305 1035 2395 1088 τὸν
2430 1031 2661 1110 ἀδελφὸν
2692 1038 2789 1087 τοῦ
2821 1033 3018 1109 Κυρίου
3048 1032 3184 1087 κατὰ
3215 1036 3407 1109 σάρκα,
3455 1027 3570 1086 bibo
3634 1027 3692 1086 δὶ
3743 1028 3843 1084 τοῦ

434 1121 686 1179 τέκτονος
719 1119 940 1195 Ἰωσήφ.

509 1207 760 1263 Jacobus
793 1209 952 1264 enim
985 1209 1317 1283 discipulus
1347 1213 1582 1267 Domini
1640 1213 1801 1268 ﬁlius
1848 1212 2089 1283 quidem

440 1303 531 1353 est
550 1298 1026 1365 Zebedaai,frater
1054 1301 1298 1355 Joannis
1324 1302 1733 1374 Evangelistze,
1768 1319 1837 1359 ex
1870 1302 2090 1357 Judasa.

441 1387 757 1443 Zebedazus
787 1405 924 1445 vero
956 1395 1126 1460 pater
1155 1390 1395 1446 illorum
1427 1392 1644 1446 dicitur
1673 1392 2093 1463 propriaanavi-

450 1477 597 1531 culte
619 1477 916 1533 dominus.
951 1478 1084 1533 Fuit
1134 1496 1310 1550 porro
1369 1481 1691 1552 insignium
1745 1482 2003 1536 virorum
2034 1482 2096 1535 in

451 1566 690 1621 Galilma
713 1568 1073 1638 praecipuus.
1114 1569 1372 1625 Joannes
1394 1586 1654 1640 namque
1686 1571 1746 1624 in
1781 1588 1886 1625 suo
1907 1573 2091 1625 Evam

450 1656 604 1727 gelio
634 1656 780 1712 dicit
809 1658 880 1713 de
903 1659 1100 1729 seipso
1128 1675 1141 1714 :
1175 1660 1491 1731 Discipulus
1517 1663 1610 1716 ille
1639 1668 1756 1716 erat
1779 1669 1938 1716 notus
1956 1676 2095 1731 pon-

449 1749 585 1815 tiﬁci
608 1748 647 1800 ί.
670 1747 773 1802 Hic
805 1748 966 1804 enim
998 1750 1261 1804 vendidit
1290 1767 1469 1821 quam
1500 1751 1836 1807 habebatin
1860 1752 2102 1808 Galilaaa

449 1838 1147 1910 possessionempartem
1181 1841 1405 1896 scilicet
1441 1843 1568 1913 ejus
1600 1843 1758 1914 quod
1791 1843 1902 1897 sibi
1921 1843 2102 1897 harre-

453 1924 637 1982 (litate
670 1927 988 1984 obvenerat
1027 1947 1096 1984 ex
1127 1930 1405 1987 Zebedwo
1431 1938 1597 2003 patre
1623 1948 1749 1998 suo,
1782 1932 2051 2004 pontiﬁci
2086 1947 2100 1985 :

455 2031 522 2069 ac
555 2017 676 2071 vice
709 2019 838 2089 ejus
856 2018 1000 2074 emit
1030 2026 1296 2075 sanctam
1312 2021 1448 2075 Sion
1468 2038 1481 2075 :
1505 2021 1663 2076 unde
1691 2027 2097 2077 eteratnotus.

518 2201 572 2254 Is
594 2201 820 2271 recepit
840 2202 1151 2273 Deiparam
1175 2204 1235 2257 in
1267 2203 1442 2258 domo
1474 2216 1824 2275 suanempe
1846 2204 1906 2258 in
1932 2203 2093 2271 Sion,

449 2289 638 2343 donec
668 2296 973 2360 assumpta
1003 2297 1110 2345 est.
1168 2293 1307 2345 Post
1362 2294 1493 2363 ejus
1530 2293 1997 2363 assumptionem
2030 2292 2089 2347 in

450 2378 680 2449 Epheso
714 2384 751 2432 Α
765 2378 865 2433 siae
896 2378 1228 2450 prmdicans
1248 2380 1488 2436 verbum
1506 2382 1762 2436 Joannes
1776 2380 1856 2436 ibi
1872 2394 2098 2436 assurm

453 2472 590 2538 ptus
622 2472 728 2522 est.

530 2557 781 2613 Jacobus
812 2563 1010 2614 autem
1040 2560 1268 2630 primus
1299 2559 1644 2632 episcopus;
1668 2560 2103 2633 fraterquidem

458 2644 677 2701 dicitur
707 2647 941 2703 Domini
973 2649 1303 2706 secundum
1326 2666 1588 2706 carnem.

2270 1213 2330 1268 Ὁ
2358 1210 2458 1285 γὰρ
2492 1205 2751 1271 Ἰάκωϐος
2783 1211 2811 1265 6
2862 1209 3113 1282 μαθητὴς
3165 1212 3261 1263 τοῖ’)
3318 1208 3540 1279 κυρίου,
3599 1207 3716 1267 υίὸς
3749 1206 3850 1280 μέν

2201 1299 2312 1356 ἐστι
2344 1296 2651 1369 Ζεϐεδαίου,
2685 1298 2917 1377 ἀδελφὸς
2968 1298 3220 1356 Ἰωάννου
3269 1303 3366 1353 τοῦ
3427 1297 3846 1373 Εὗαγγελιστοῧ,

2202 1393 2261 1448 ἐκ
2286 1398 2388 1462 τῆς
2420 1389 2703 1452 Ἰουδαίας.
2736 1386 3016 1451 Ζεϐεδαῒος
3048 1387 3105 1444 δέ
3161 1389 3190 1444 6
3245 1390 3426 1464 πατὴρ
3455 1389 3633 1443 αὐτῶν
3662 1385 3853 1459 ἡδηοξ

2203 1482 2518 1552 ναύκληρος
2549 1480 2610 1554 [ί.
2644 1478 3085 1552 ἰδιοναύκλίηρος]
3143 1477 3383 1555 λέγεται.
3415 1482 3530 1532 Τῶν
3583 1475 3639 1532 δέ
3671 1476 3722 1531 ἐν
3782 1476 3849 1550 τῇ

2205 1570 2476 1643 Γαλιλαίᾳ
2525 1572 2814 1641 ἐπισήμων
2897 1567 3104 1644 ἀνδρῶν
3162 1571 3408 1642 ὑπῆρχεν
3461 1572 3700 1641 πρῶτος.
3790 1564 3853 1623 Ὁ

2208 1662 2310 1738 γὰρ
2343 1662 2598 1730 Ἰωάννης
2659 1660 2710 1714 ἐν
2768 1662 2847 1731 τῷ
2900 1659 3018 1713 κατ’
3094 1657 3254 1712 αὐτὸν
3310 1655 3642 1733 Εὐαγγελίῳ
3702 1654 3851 1733 λέγει

2207 1753 2328 1825 περὶ
2390 1751 2601 1804 ἑαυτοῦ·
2655 1749 2777 1806 Ὃτι
2835 1750 2863 1802 ὁ
2916 1750 3167 1820 μαθητὴς
3224 1745 3422 1808 ἐκεῖνος
3487 1746 3551 1815 ἦν
3611 1745 3857 1822 γνωστὸς

2206 1845 2285 1912 τῷ
2315 1841 2583 1916 ἀρχιερεῖ.
2617 1837 2786 1899 Οὗτος
2819 1835 2909 1892 οὖν
2935 1834 3166 1892 ἀπέδοτο
3220 1837 3318 1904 τὴν
3377 1835 3511 1890 κατά
3556 1833 3857 1889 Γαλιλαίαν

2210 1933 2547 2000 κτῆσιν,τοῦ
2596 1927 2962 2003 ἐπιλαχόντος
3022 1927 3188 1998 αὐτῷ,
3251 1925 3354 1980 ὑπὸ
3410 1920 3699 1979 Ζεϐεδαίου
3756 1929 3853 1978 τοῦ

2212 2021 2416 2095 πατρὸς
2476 2020 2642 2074 αὐτοῦ
2699 2020 2882 2093 μέρος,
2938 2020 3017 2088 τῷ
3083 2015 3352 2090 ἀρχιερεῖ,
3407 2012 3494 2068 καὶ
3545 2014 3657 2068 ἄντ’
3689 2012 3855 2068 αὐτοῦ

2210 2111 2472 2180 ἐκτήσατο
2502 2111 2603 2176 τὴν
2635 2109 2791 2185 ἁγίαν
2823 2107 2990 2173 Σιὼν,
3019 2104 3139 2160 ὅθεν
3185 2103 3275 2158 καί
3318 2103 3558 2178 γνωστὸς
3610 2103 3701 2172 ἦν.

2275 2200 2444 2262 Οὗτος
2474 2196 2686 2270 ἐδέξατο
2743 2198 2842 2265 τὴν
2900 2194 3161 2250 Θεοτόκον
3212 2192 3263 2248 ἐν
3322 2192 3403 2265 τῷ
3462 2189 3598 2265 οἷ’κῳ
3654 2189 3848 2261 αὐτοῦ,

2206 2294 2378 2367 ἤγουν
2409 2290 2459 2345 ἐν
2491 2289 2655 2356 Σιὼν,
2715 2287 2881 2361 μέχρι
2921 2288 3021 2355 τῆς
3076 2284 3401 2356 ἀναλήψεως
3463 2282 3652 2351 αὐτῆς·
3720 2282 3856 2355 μετὰ

2209 2379 2265 2436 δὲ
2320 2382 2421 2449 τῆν
2481 2378 2752 2451 ἀνάληψιν
2782 2376 2971 2445 αὐτῆς,
3005 2375 3057 2429 ἐν
3115 2374 3184 2448 τῇ
3236 2374 3447 2451 Ἐφέσῳ
3504 2379 3605 2443 τῆς
3660 2370 3855 2433 Ἀσίας

2208 2470 2447 2544 κηρύξας
2474 2469 2566 2523 τὸν
2601 2466 2767 2543 λόγον
2804 2467 2831 2522 6
2864 2464 3117 2535 Ἰωάννης
3150 2461 3263 2518 ἐκεῖ
3300 2462 3604 2540 ἀνελήφθη.

2285 2553 2545 2618 Ἰάκωϐος
2579 2555 2635 2612 δὲ
2666 2558 2694 2611 6
2724 2559 2943 2632 πρῶτος
2992 2552 3308 2622 ἐπίσκοπος,
3341 2548 3574 2630 ἀδελφὸς
3637 2548 3731 2624 μέν
3764 2547 3861 2606 λέο

2211 2671 2360 2727 γεται
2388 2652 2484 2704 τοῦ
2515 2646 2716 2721 Κυρίου
2746 2644 2883 2699 κατὰ
2912 2644 3101 2717 σάρκα,
3153 2648 3290 2711 etc.,
3322 2658 3492 2713 usque
3548 2641 3624 2697 ad
3668 2656 3863 2697 nume-

2213 2759 2337 2798 rum
2377 2743 2425 2795 V
2449 2740 2758 2809 fragmenti
2828 2738 2894 2803 V,
2929 2751 3049 2791 cum
3098 2733 3250 2789 haud
3304 2730 3643 2787 notabilibus
3682 2734 3867 2787 varia-

2218 2828 2477 2888 tionibus.

2094 2977 2240 3034 VIII.

465 3102 549 3155 Ea:
578 3114 673 3154 ms.
707 3099 827 3154 cod.
860 3100 1047 3155 Graeco
1077 3097 1424 3154 Bibliotheca
1477 3099 2023 3163 Urbino—Vaticanae,
2055 3097 2116 3149 in
2164 3108 2271 3163 quo
2322 3097 2447 3162 post
2497 3089 2734 3144 allatum
2768 3082 3087 3163 ΔΗῑρροζῃιὶ
3108 3074 3349 3138 Thebani
3376 3084 3752 3152 fragmentum
3782 3092 3873 3133 σοι

1280 3172 1472 3239 quitur
1502 3170 1664 3225 aliud
1687 3173 1896 3225 incerto
1912 3157 2068 3224 nobis
2096 3157 2726 3231 auctore—conscriptum.
2763 3157 3045 3212 Schelstr.

568 3284 878 3340 Chronicon
908 3284 974 3338 de
1005 3285 1390 3338 incarnatione
1430 3285 1645 3338 Domini
1675 3285 1849 3338 nostri
1877 3286 2005 3339 Iesu

679 3356 881 3410 Christi
912 3357 1099 3424 magni
1128 3357 1247 3421 Dei,
1279 3363 1331 3411 et
1362 3356 1672 3412 Saluatoris
1702 3358 1898 3411 nostri.

544 3557 725 3611 Natus
755 3560 847 3610 est
874 3555 1163 3611 Dominus
1192 3561 1400 3611 noster
1430 3571 1501 3610 ex
1535 3555 1781 3626 Deipara
1803 3559 1862 3610 et
1884 3568 2118 3626 semper

476 3645 711 3712 Virgine
743 3646 943 3712 Maria,
965 3662 1121 3701 anno
1152 3647 1326 3701 tertio
1360 3645 1700 3701 centesima;
1714 3644 2119 3715 nonagesimse

478 3742 704 3807 quartas
735 3737 1121 3809 Olympiadis.
1154 3739 1210 3791 Is
1240 3753 1377 3792 vero
1399 3740 1526 3792 erat
1551 3736 1621 3790 42
1650 3751 1844 3790 annus
1874 3733 2121 3807 Augusti

473 3829 872 3900 imperatoris,
891 3828 1058 3901 regni
1086 3845 1221 3883 vero
1254 3828 1503 3883 Herodis
1532 3826 1828 3898 Antipatri
1852 3825 1941 3880 32.
1976 3828 2121 3898 Heg-

476 3919 637 3974 navit
666 3923 866 3974 autem
895 3923 1192 3991 Augustus
1218 3917 1391 3973 annis
1435 3919 1524 3982 56,
1559 3916 1819 3972 Herodes
1867 3930 2003 3970 vero
2035 3915 2121 3968 37.

552 4105 737 4175 Igitur
761 4109 1030 4159 mortuus
1084 4110 1175 4160 est
1226 4102 1487 4158 Herodes
1545 4103 1781 4173 quando
1841 4103 2125 4156 Dominus

485 4204 690 4253 noster
710 4211 810 4251 sex
842 4211 1029 4251 annos
1062 4196 1318 4251 habebat
1338 4197 1398 4250 in
1429 4210 1628 4250 carne.
1665 4193 1950 4266 Regnavit
1996 4202 2130 4247 vero

488 4292 622 4359 post
650 4285 942 4341 Herodem
972 4286 1296 4341 Archelaus
1329 4284 1487 4339 illius
1509 4285 1636 4355 ejus
1668 4299 1742 4338 an
1775 4284 1894 4349 9,et
1916 4282 2132 4336 missus

489 4382 577 4433 est
606 4378 670 4432 in
694 4375 966 4431 exsilium
990 4376 1050 4429 in
1070 4375 1406 4438 Galliam,et
1424 4372 1688 4445 regnavit
1704 4371 1950 4442 Antipas
1974 4370 2133 4425 filius

487 4473 546 4523 et
570 4468 695 4540 ipse
719 4466 965 4522 Herodis
994 4463 1308 4536 Antipatri.
1344 4464 1568 4518 Mortuo
1599 4478 1734 4517 vero
1760 4465 2040 4534 Augusto,
2075 4464 2132 4515 et

487 4558 777 4614 Archelao
807 4558 867 4612 in
901 4556 1176 4611 exsilium
1224 4554 1426 4621 misso,
1450 4551 1710 4607 habebat
1738 4550 2005 4606 Christus
2061 4548 2133 4605 ab

488 4647 898 4704 incarnatione
931 4661 1120 4701 annos
1154 4646 1238 4698 15.
1274 4647 1536 4715 Augusto
1569 4654 1702 4696 vero
1736 4638 2132 4695 successitTi-
2170 4676 2213 4740 Β

490 4739 716 4806 berius,
747 4739 995 4809 Antipas
1024 4741 1222 4792 autem
1253 4732 1414 4789 ﬁlius
1456 4746 1690 4805 quoque
1722 4729 1971 4786 Herodis
2007 4744 2136 4783 suc-

491 4831 672 4885 cessit
700 4824 1608 4899 Archelao.Heperiunturigitur
1629 4821 1806 4877 simul
1836 4834 2138 4893 regnasse,

491 4935 670 4991 super
700 4920 996 4974 Romanos
1055 4916 1300 4988 quidem
1331 4914 1619 4980 Tiberius,
1672 4928 1852 4983 super
1906 4908 2140 4965 Judeeos

488 5021 628 5060 vero
655 5007 900 5061 Herodis
932 5006 1090 5060 illius
1126 5006 1389 5076 Antipas,
1417 5003 1503 5058 uti
1536 5003 1757 5057 dictum
1792 4998 2141 5056 est.Primus

496 5111 689 5151 annus
720 5096 885 5167 regni
925 5094 1163 5161 Tiberii,
1223 5099 1282 5147 et
1328 5093 1575 5148 Herodis
1627 5090 1923 5164 reperitur
1961 5087 2141 5144 fuisse

498 5184 764 5239 decimus
824 5189 1022 5238 sextus
1080 5195 1274 5237 annus
1332 5181 1549 5236 Christi
1607 5181 1679 5236 ab
1733 5180 2143 5236 incarnatione

500 5271 773 5344 ejus.His
803 5286 937 5326 vero
969 5272 1051 5327 ita
1080 5287 1143 5325 se
1200 5270 1578 5335 habentibus,
1620 5284 1779 5325 anno
1834 5268 1999 5343 regni
2058 5266 2145 5321 Ti-

2144 3280 2186 3354 (ξ
2217 3275 2485 3354 Χρονικὸν
2539 3273 2629 3354 ,τὸ
2708 3272 2842 3354 κατᾶ
2882 3344 2908 3354 _
2939 3270 3110 3341 σάρκα

3221 3271 3315 3323 τοῦ
3396 3266 3595 3341 Κυρίου
3703 3265 3870 3335 ἡμῶν

2301 3350 2483 3488 ἔξηεοῦ
2539 3346 2773 3418 Χριστοῦ
2816 3344 2913 3398 τοῦ
2970 3338 3216 3416 μεγάλου
3272 3343 3406 3394 Θεοῦ
3461 3338 3553 3393 καὶ
3616 3343 3879 3411 Σωτῆρος

2348 3440 2486 3492 μων.

2307 3557 2536 3631 Ἐτέχθη
2574 3558 2633 3614 έκ
2661 3563 2760 3627 τῆς
2815 3554 3081 3612 Θεοτόκου
3115 3556 3205 3611 καὶ
3238 3554 3628 3629 ’Ᾱειπαρθένου
3660 3550 3882 3625 Μαρίας

2238 3654 2265 3708 6
2299 3651 2493 3727 Κύριος
2524 3651 2686 3722 ἡμῶν
2715 3650 2792 3719 τῷ
2821 3646 2991 3719 τρίτῳ
3023 3640 3129 3700 ἔτει
3160 3646 3261 3710 τῆς
3309 3643 3603 3711 ἑκατοστῆς
3630 3640 3884 3710 ἐνενηκο-

2239 3749 2369 3812 στῆς
2399 3738 2443 3796 δ’
2470 3734 2868 3811 Ὀλυμπιάδος.
2902 3741 3077 3793 Τοῦτο
3113 3733 3170 3790 δὲ
3200 3736 3265 3804 ἦν
3307 3734 3399 3809 μβ
3429 3727 3547 3795 ἔτος
3578 3738 3678 3801 τῆς
3715 3731 3885 3806 βασι-

2239 3831 2389 3894 λείας
2426 3828 2756 3904 Αὐγούστου,
2790 3824 2956 3902 λβ¹δὲ
3012 3829 3112 3890 τῆς
3174 3821 3455 3900 βασιλείας
3487 3818 3742 3894 Ἡρώδου
3788 3823 3885 3873 τοῦ

2241 3918 2619 3992 Ἀντιπάτρου,
2654 3912 2969 3971 ἐϐασίλευσε
3029 3912 3086 3969 δὲ
3136 3913 3449 3988 Αὖγουστος
3500 3905 3592 3981 ἔτη
3652 3909 3751 3979 νς’,
3791 3906 3882 3964 Ἡ-

2246 4007 2428 4086 ρώδης
2459 4005 2516 4062 δι
2537 4005 2629 4076 ἔτη
2662 4003 2763 4074 λς’.

2315 4097 2524 4156 Οὐκοῦν
2557 4095 2985 4165 τελευτήσαντος
3039 4088 3311 4168 Ἡρώδου,
3369 4088 3424 4160 ἓξ
3482 4088 3612 4144 ἐτῶν
3671 4088 3889 4162 ὑπῆρχε

2245 4190 2307 4243 τὸ
2332 4187 2469 4242 κατὰ
2507 4186 2676 4261 σάρκα
2706 4184 2737 4238 6
2766 4182 2963 4257 Κύρίος
2994 4185 3173 4255 ἡμῶν.
3237 4176 3591 4237 Ἔϐασίλευσε
3641 4174 3699 4232 δὲ
3760 4177 3891 4250 μετὰ

2247 4273 2500 4352 Ἡρώδην
2537 4273 2842 4349 Ἀρχέλαος
2900 4273 2927 4326 ὁ
2983 4271 3099 4333 υἱὸς
3129 4269 3293 4325 αὐτοῦ
3329 4264 3423 4339 ἔτη
3485 4268 3547 4334 0',
3581 4267 3671 4321 καὶ
3721 4263 3892 4341 ἐξορί-

2253 4372 2394 4437 ζεται
2454 4363 2532 4426 εἷς
2589 4361 2850 4431 Γαλλίας,
2900 4361 2990 4416 καὶ
3040 4359 3313 4435 βασιλεύει
3391 4356 3639 4418 Ἀντίπας
3700 4358 3728 4409 6
3809 4353 3893 4410 mi

2251 4451 2528 4531 Ἡρώδου,
2587 4452 2702 4514 υίὸς
2758 4452 2846 4506 καὶ
2907 4452 3071 4512 αύτὸς
3158 4447 3418 4521 ὑπάρ7.ων
3496 4443 3748 4522 Ἡρώδου
3804 4446 3894 4498 τοῦ

2252 4534 2638 4619 Ἀντιπάτρου.
2670 4542 3052 4602 Τελευτῶν-ξος
3085 4536 3142 4593 δὲ
3168 4542 3268 4592 τοῦ
3326 4537 3673 4610 Αὐγούστου,
3724 4534 3895 4608 ἐξορι-

2254 4637 2466 4698 σθέντος
2490 4631 2547 4688 δὲ
2575 4636 2672 4687 τοῦ
2721 4629 3033 4707 Ἀρχελάου
3091 4628 3147 4683 ιε’
3206 4626 3339 4681 ἐτῶν
3400 4624 3592 4701 εὑρέθη
3642 4624 3706 4678 τὸ
3764 4622 3894 4678 κατὰ

2251 4725 2419 4798 σάρκα
2486 4723 2513 4777 6
2548 4706 3182 4798 ΚύριοςξΔιαδέχονται
3234 4713 3290 4771 δὲ
3345 4709 3592 4789 Τιϐέριος
3654 4713 3748 4787 μὲν
3808 4706 3893 4765 τὸν

2252 4810 2583 4890 Αὔγουστον,
2615 4797 2870 4873 Ἀντίπας
2900 4805 2957 4862 δὲ
3002 4809 3029 4861 ὁ
3076 4807 3167 4860 καὶ
3241 4802 3489 4878 Ἡρώδου
3546 4803 3640 4856 τὸν
3696 4797 3891 4875 Ἀρχέ·

2253 4902 2787 4977 λκον.Εὑρίσκονται
2821 4898 2913 4953 οὗν
2974 4895 3362 4968 συναρξάμενοι
3426 4890 3731 4955 Βασιλεύειν
3790 4894 3890 4945 τῶν

2259 4997 2352 5069 μὲν
2379 4991 2667 5067 Ῥωμαίων
2709 4984 2985 5064 Τιϐέριος,
3041 4990 3145 5040 τῶν
3206 4982 3265 5039 δὶ
3320 4980 3597 5038 Ἰουδαίων
3649 4979 3895 5069 Ἀντίπας

2254 5065 2400 5139 δκαὶ
2432 5065 2704 5156 Ἡρώδου,
2738 5078 2813 5140 ὡς
2846 5075 3077 5152 εἴρηται.
3141 5074 3215 5130 Τὸ
3274 5078 3491 5148 πρῶτον
3550 5071 3731 5126 τοίνυν
3783 5065 3900 5131 ἔτος

2251 5178 2352 5244 τῆς
2422 5169 2699 5247 βασιλείας
2789 5160 3046 5240 Τιϐερίου
3102 5185 3162 5218 τε
3243 5160 3332 5217 καὶ
3416 5157 3664 5236 Ἡρώδου
3714 5156 3768 5228 ἓξ
3817 5157 3902 5212 καὶ

2256 5244 2479 5318 δέκατον
2506 5255 2627 5322 ἔτος
2658 5260 2723 5329 ἦν
2756 5261 2851 5313 τοῦ
2896 5254 3101 5328 Κυρίου
3156 5253 3294 5308 κατὰ
3345 5251 3535 5327 σάρκα,
3593 5246 3807 5304 τούτων
3852 5244 3906 5302 δέ

495 5362 646 5418 berii
673 5360 902 5415 decimo
926 5356 1448 5432 quinto,Dominus
1481 5358 1738 5414 habebat
1766 5357 1839 5413 ab
1868 5338 2114 5412 incarna

2257 5348 2428 5413 cii-tu);
2486 5348 2752 5425 ἐχόντων,
2812 5342 2968 5401 πέντε
3021 5343 3112 5398 καὶ
3175 5339 3385 5414 δεκάτῳ
3454 5338 3558 5396 ἔτει
3638 5346 3743 5408 τῆς
3809 5338 3905 5412 βαι

499 5452 663 5507 tione
680 5465 869 5505 annos
892 5451 979 5508 30,
1014 5448 1253 5519 quando
1274 5448 1433 5502 venit
1462 5446 1534 5502 ad
1568 5446 1862 5517 baptisma
1879 5445 2146 5515 Joannis,

499 5547 559 5599 et
588 5539 767 5612 cmpit
796 5538 1057 5593 divinam
1112 5537 1618 5609 praedicationem,
1650 5541 1719 5590 ut
1773 5536 1857 5590 ait
1903 5534 2147 5591 divinis-

503 5633 691 5687 simus
725 5629 928 5685 Lucas.
962 5627 1145 5699 Regni
1190 5642 1333 5682 vero
1379 5625 1595 5681 Tiberii
1627 5640 1784 5680 anno
1839 5626 1921 5692 19,
1954 5624 2153 5679 divina

577 5794 595 5828 ¹
624 5793 770 5846 Joan
822 5801 984 5855 xvm,
1019 5788 1084 5839 15

2267 5441 2473 5504 σιλείας
2518 5424 2815 5514 Τιϐερίου,
2897 5435 3187 5510 τριάκοντα
3227 5433 3359 5486 ἐτῶν
3420 5424 3492 5484 ὤν
3553 5430 3690 5484 κατᾶ
3745 5427 3908 5502 σάρκα

2265 5533 2292 5586 6
2352 5528 2573 5608 Κύριος,
2657 5525 2743 5582 ἐπὶ
2801 5528 2878 5597 τῷ
2966 5522 3220 5577 Ἰωάννου
3280 5520 3498 5595 ἔρχεται
3554 5517 3910 5594 βαπτίσματι,

2268 5622 2361 5678 καὶ
2425 5606 2522 5674 τοῦ
2580 5617 2727 5683 θείου
2811 5611 3169 5689 κηρύγματος
3252 5608 3503 5685 ἄρχεται,
3561 5606 3700 5670 καθά
3782 5624 3909 5682 φησι
