4152 6312
318 453 478 517 1051

1770 451 2285 518 FRAGMENTA.

3569 451 3727 517 10M

319 594 534 652 Λουκᾶς
564 589 592 644 6
625 588 919 654 θειότατος.
980 592 1075 664 Τῷ
1131 590 1188 648 δὲ
1244 592 1393 649 ἐννέα
1442 594 1532 651 καὶ
1592 591 1800 665 δεκάτῳ
1858 585 1942 645 ἔτε

2081 586 2412 656 crucifixio,
2442 591 2502 643 et
2520 588 2749 644 viviﬂca
2767 587 3124 643 resurrectio
3154 586 3310 643 facta
3331 591 3439 643 est.
3476 589 3723 661 Antipas

311 687 415 746 τῆς
447 676 732 755 βασιλείας
761 675 1017 757 Τιϐερίου
1049 682 1077 736 6
1108 687 1253 747 θεῖος
1290 685 1520 761 σταυρὸς
1572 682 1662 739 καὶ
1721 685 1756 752 ἢ
1821 686 1967 751 ζωο-

2072 695 2212 734 vero
2244 676 2347 733 ille
2378 676 2627 733 Herodis
2660 677 2819 732 ﬁlius
2840 676 3106 749 regnavit
3154 677 3328 731 annis
3363 678 3453 731 23.
3483 674 3720 736 Certum

314 768 480 829 ποιὸς
541 767 828 831 ἀνάστασις
885 771 1096 846 γέγονε.
1156 772 1409 835 Ἀντίπας
1459 771 1516 828 δὶ
1572 772 1732 835 οὗτος
1788 770 1816 825 6
1873 788 1942 824 κα

2069 771 2321 842 proinde
2356 777 2466 840 est,
2495 769 2652 843 quod
2686 769 2783 824 hic
2813 768 3072 823 Herodes
3103 769 3539 825 Praecursorem
3566 770 3730 824 occi-

308 854 569 932 Ἦρώδου
645 854 732 913 κδ’
812 852 905 929 ἔτη
994 854 1323 919 ἐϐασίλευσε.
1390 860 1697 937 Προδήλως
1782 859 1946 915 τοίνυπ

2069 859 2241 928 derit,
2276 866 2335 917 et
2385 868 2650 933 tempore
2707 859 2919 913 divina)
2962 857 3261 930 passionis
3293 858 3356 913 in
3385 858 3715 915 Jerusalem

315 945 476 1007 οὗτος
502 944 642 1002 ἐστιν
669 945 922 1022 Ἡρώδης
981 950 1009 1004 6
1064 950 1154 1005 καὶ
1209 951 1301 1006 τὸν
1358 951 1680 1027 Πρόὸρομον
1734 948 1960 1019 ἀνελὼν,

310 1035 404 1091 καὶ
435 1034 521 1090 ἐπὶ
552 1034 650 1092 τοῦ
696 1037 841 1092 θείου
895 1038 1102 1103 πάθους
1159 1038 1212 1095 ἐν
1269 1040 1673 1118 Ἱεροσολύμοις
1726 1038 1960 1113 εὑρεθεὶς

312 1125 403 1180 καὶ
435 1124 724 1198 ἀνακρίνας
747 1127 839 1182 τὸν
874 1127 1089 1204 Κύριον.
1141 1131 1238 1187 Καὶ
1296 1127 1455 1206 ἕτερα
1513 1131 1619 1206 γὰρ
1648 1129 1808 1185 πέντε
1864 1126 1956 1198 ἔτη

313 1216 449 1289 μετὰ
501 1216 603 1283 τὴν
657 1216 926 1286 ζωοποιὸν
987 1217 1270 1275 ἀνάστασιν
1326 1216 1661 1290 ἐϐασίλευσε,
1718 1218 1808 1274 καὶ
1871 1218 1959 1288 ἐξ·

309 1304 548 1378 ορίζεται
583 1304 675 1359 σὺν
705 1309 775 1380 τῇ
809 1304 1104 1363 Ἡρωδιάδι
1164 1309 1241 1372 εἷς
1301 1312 1549 1367 Βεὲνναν.
1604 1304 1957 1367 Ἐϐασίλευσε

306 1391 365 1449 δὶ
398 1395 512 1468 μετ’
547 1394 709 1449 αὐτὸν
743 1395 1039 1472 Ἀγρίππας
1069 1398 1097 1454 6
1128 1398 1218 1454 καὶ
1251 1397 1523 1474 Ἡρώδου,
1554 1398 1670 1461 υἱὸς
1702 1401 1956 1474 Ἀριστο-

309 1476 517 1538 ϐούλου
544 1487 648 1540 τοῦ
669 1485 729 1539 ἐκ
760 1487 1090 1560 Μαριάμνης
1132 1489 1252 1543 υἱοῦ
1302 1487 1553 1562 Ἡρώδου
1584 1488 1679 1543 τοῦ
1709 1488 1949 1564 πρώτου.

307 1573 484 1634 Οὗτος
515 1570 572 1627 δὲ
602 1573 742 1628 ἐστὶν
773 1576 1077 1650 Ἀγρίππας
1109 1578 1139 1632 6
1179 1578 1271 1633 καὶ
1328 1576 1598 1654 Ἡρώδης,
1658 1579 1687 1633 6
1744 1576 1954 1633 ἀνελὼν

304 1662 398 1719 τὸν
431 1657 722 1718 Ζεϐεδαίου
764 1660 986 1735 Ἰακὼϐ,
1044 1665 1247 1744 Πέτρον
1311 1668 1406 1723 τὸν
1461 1671 1757 1746 κορυφαῖον
1817 1666 1949 1721 ἀπο-

306 1751 518 1807 στόλων
550 1753 687 1827 πρὸς
717 1754 881 1829 χάριν
913 1752 1196 1812 Ἰουδαίων
1228 1755 1438 1813 ἀνελεῖν
1473 1756 1725 1828 θελήσας.
1787 1757 1949 1833 Ἐβα-

309 1841 527 1897 σίλευσε
584 1839 642 1897 Si
695 1844 786 1899 καὶ
844 1845 1003 1908 οὗτος
1060 1841 1152 1917 ἔτη
1214 1847 1368 1919 ἑπτὰ,
1434 1847 1524 1903 καὶ
1615 1850 1730 1921 μετ’
1788 1845 1947 1901 αὐτὸν

303 1927 647 2025 ἐϐασίλευσεν
677 1933 705 1986 6
737 1929 1009 2025 δεύτερος,
1053 1935 1135 2013 ἐφ’
1166 1937 1229 1991 οῦ
1270 1938 1317 2025 ‘6
1382 1942 1598 2000 Παῦλος
1656 1936 1709 1992 ἐν
1744 1942 1949 1993 Καισα-
1978 1962 2025 2025 Β

303 2022 425 2094 ρείᾳ
457 2018 698 2096 ἰκρίνετο
728 2021 875 2097 παρᾶ
901 2028 983 2096 τῷ
1012 2026 1235 2096 Φήστω,
1266 2023 1371 2081 ἔτει
1401 2027 1502 2091 κς“.

376 2110 474 2164 Καὶ
505 2110 640 2182 μετὰ
678 2115 846 2167 ταῦτα
902 2114 1066 2176 Τίτος
1120 2113 1388 2191 ἐπόρθησε
1442 2116 1508 2171 τὰ
1570 2113 1947 2190 Ἱεροσόλυμα,

298 2198 684 2274 συναγάγονται
719 2198 776 2257 δὶ
805 2198 898 2273 ἔτη
965 2209 1037 2275 μ’,
1091 2201 1198 2258 ἀπὸ
1251 2203 1350 2260 τοῦ
1407 2205 1682 2281 σωτηρίου
1739 2206 1945 2269 πάθους

287 2282 401 2348 ἓως
457 2294 559 2356 τῆς
608 2286 868 2355 ἁλώσεως
951 2291 1368 2366 Ἰεροσολύμων.
1426 2293 1564 2356 Τοὺς
1615 2291 1673 2348 δὲ
1728 2295 1943 2370 ἀναιρε-

292 2376 480 2439 θὲντας
515 2374 906 2455 διαγράφουσίν
934 2400 1078 2443 τινες
1110 2380 1189 2444 εἷς
1242 2381 1590 2457 τριακοσίους
1651 2380 1935 2459 μυριάδας.

292 2462 595 2537 Ἐκράτησε
642 2463 699 2520 δὶ
756 2469 791 2536 ἡ
864 2465 1163 2545 πολιορκία
1228 2469 1398 2541 αὐτῆς
1454 2469 1545 2543 ἔτη
1611 2473 1680 2547 β’,
1736 2469 1810 2534 ὥς
1881 2491 1941 2527 τε

286 2549 356 2607 τὰ
373 2550 530 2608 τὲκνα
554 2553 729 2611 αὐτῶν
758 2562 944 2634 φαγεῖν
973 2558 1080 2614 ἀπὸ
1108 2565 1211 2629 τῆς
1242 2560 1383 2636 βίας.

1945 2783 2040 2838 ΙΧ.

2068 948 2360 1007 exsistens
2385 951 2674 1024 judicarit
2704 949 3058 1014 Dominum;
3118 952 3179 1003 et
3222 953 3357 1019 post
3422 947 3714 1004 vivificam

2064 1042 2566 1096 resurrectionem
2597 1039 2860 1112 regnarit
2888 1038 3022 1092 aliis
3051 1038 3318 1108 quinque
3350 1036 3545 1102 annis,
3567 1042 3626 1092 et
3654 1039 3717 1092 in

2066 1128 2340 1184 exsilium
2370 1130 2590 1185 missus
2621 1129 2699 1183 sit
2740 1142 2875 1183 cum
2933 1125 3267 1195 Herodiade.
3309 1125 3369 1180 in
3404 1125 3717 1181 Viennam.

2061 1217 2346 1290 Regnavit
2366 1234 2501 1274 vero
2537 1226 2675 1291 post
2704 1218 2901 1289 ipsum
2932 1217 3189 1287 Agrippa
3221 1215 3321 1285 qui
3355 1220 3413 1268 et
3444 1215 3720 1282 Herodis,

2064 1306 2223 1363 illius
2252 1308 2577 1363 Aristobuli
2610 1324 2679 1363 ex
2726 1307 3047 1361 Mariamne
3078 1304 3255 1376 primi
3290 1302 3535 1358 Herodis
3584 1304 3713 1362 filii.

2062 1396 2167 1452 Hio
2197 1403 2396 1453 autem
2427 1397 2809 1470 Agrippa,qui
2832 1394 3406 1458 etHerodes,occidit
3432 1393 3715 1449 Iacobum

2058 1487 2344 1544 Zebedmi.
2375 1491 2615 1543 Petrum
2652 1503 2787 1543 vero
2855 1486 3270 1558 Apostolorum
3328 1485 3710 1556 coryphaeum

2056 1576 2244 1632 voluit
2271 1577 2635 1646 occidere,ut
2661 1577 3096 1650 gratiﬁcaretur
3147 1574 3387 1630 ludseis.
3444 1575 3623 1628 Porro
3657 1580 3716 1629 et

2058 1666 2159 1721 ille
2192 1667 2457 1739 regnavit
2486 1671 2713 1738 septem
2746 1667 2944 1729 annis,
2977 1669 3037 1719 et
3056 1669 3191 1735 post
3219 1665 3416 1735 ipsum
3449 1662 3715 1732 regnavit

2057 1755 2208 1811 alter
2235 1758 2513 1829 Agrippa,
2548 1755 2657 1812 sub
2686 1772 2803 1826 quo
2836 1754 3058 1811 Paulus
3087 1755 3150 1809 in
3184 1754 3447 1809 Caesarea
3467 1753 3710 1825 judica-

2056 1851 2150 1902 tus
2182 1853 2271 1904 est
2299 1865 2333 1904 a
2357 1850 2525 1904 Festo
2550 1863 2707 1904 anno
2738 1851 2835 1903 26.

2131 2120 2202 2173 Et
2222 2123 2355 2191 post
2382 2120 2507 2175 haec
2549 2120 2709 2175 Titus
2769 2119 3124 2192 expugnavit
3179 2117 3650 2190 Hierosolymam
3689 2133 3703 2173 :

2051 2207 2228 2263 simul
2260 2214 2458 2264 autem
2491 2209 2710 2281 sumpti
2743 2215 2883 2264 sunt
2912 2210 3054 2264 anni
3083 2211 3174 2276 40,
3208 2224 3241 2263 a
3272 2207 3550 2279 passione
3585 2206 3703 2262 Sal-

2050 2300 2266 2354 vatoris
2289 2315 2479 2370 usque
2509 2299 2583 2355 ad
2609 2305 2916 2371 capturum
2968 2297 3532 2367 Hierosolymorum.
3561 2296 3704 2361 Qui-

2052 2387 2187 2443 dam
2209 2405 2347 2443 vero
2382 2389 2668 2455 scribunt,
2704 2389 2767 2443 in
2799 2404 2869 2443 ea
2917 2387 3266 2443 occubuisse
3299 2385 3373 2440 ad
3405 2390 3703 2440 trecentas

2050 2479 2350 2550 myriadas
2382 2495 2396 2532 :
2430 2478 2661 2534 duravit
2690 2493 2828 2534 vero
2859 2476 3089 2532 obsidio
3124 2476 3306 2542 illius,
3334 2474 3509 2530 annis
3540 2473 3701 2529 duo-

2049 2567 2182 2637 bus,
2215 2568 2299 2623 ita
2337 2572 2404 2624 ut
2432 2567 2693 2623 infantes
2748 2583 2889 2623 suos
2947 2582 3068 2638 prae
3115 2565 3275 2622 fame
3305 2564 3702 2620 manducave-

2049 2656 2193 2713 rint.

541 2886 716 2944 Aliud
732 2890 1108 2961 fragmentum
1137 2892 1245 2963 (63)
1267 2910 1294 2949 θ
1320 2894 1439 2951 cod.
1473 2911 1575 2953 me.
1612 2897 2057 3027 Taurtnensiiige
2077 2904 2319 3026 temtpore
2353 2895 2462 2970 quo
2501 2900 2600 2959 SS.
2633 2900 2986 2970 euangelista:
3012 2896 3324 2968 Evangelia
3343 2910 3445 2953 sua

1824 2986 1926 3026 con
2029 2987 2163 3026 erun
2196 3013 2209 3026 .

1824 2986 2209 3026 condiderunt.

370 3069 590 3141 Ἰστέον,
639 3074 722 3129 6'11
753 3075 816 3131 τὸ
873 3075 1009 3133 κατὰ
1065 3079 1345 3142 Ματθαῖον
1396 3081 1548 3156 ἅγιον
1608 3083 1942 3160 Εὐαγγὲλιον

296 3159 505 3239 ἐγράφη
539 3161 614 3224 είς
659 3162 1051 3236 Παλαιστίνην,
1114 3168 1248 3241 μετὰ
1305 3169 1449 3229 ὀκτὼ
1509 3169 1604 3243 ἔτη
1653 3159 1774 3242 τῆς
1808 3173 1939 3230 ἀναπ-

292 3248 537 3339 λήψεως,
595 3245 894 3326 Ἐϐραϊστί.
954 3255 1029 3312 Τὸ
1106 3257 1243 3313 κατὰ
1302 3261 1517 3334 Μάρκον
1602 3262 1936 3339 Εὐαγγὲλιον

288 3338 502 3414 ὖγράφη
540 3340 839 3413 Ῥωμαὶστὶ
888 3343 941 3398 ἐν
998 3345 1188 3420 Ῥώμῃ
1245 3348 1379 3420 μετὰ
1434 3347 1647 3406 δώδεκα
1687 3338 1780 3423 ἔτη
1834 3360 1936 3423 τῆς

693 3431 768 3521 Τὸ
825 3432 966 3521 κατά
1023 3439 1241 3521 ᾼουκᾶν
1317 3437 1662 3513 Εὐαγγέλιον
1722 3440 1932 3521 ἐγράφη

281 3515 596 3605 Ἑλληνιστὶ
688 3519 764 3581 είς
822 3518 1232 3595 Ἀλεξάνδρειαν
1291 3527 1390 3595 τὴν
1451 3528 1719 3605 μεγάλην,
1764 3515 1937 3604 ⁷μετὰ

283 3604 574 3661 δεκαπέντε
604 3605 696 3678 ἔτη
755 3615 856 3678 τῆς
915 3609 1261 3684 ἀναλήψεως.
1322 3615 1399 3670 Τὸ
1454 3604 1590 3672 κατὰ
1676 3620 1931 3690 Ἰωάννην

281 3695 627 3783 Εὐαγγὲλιον
702 3695 908 3777 ἐγράφη
983 3700 1304 3775 Ἑλληνιστὶ
1384 3703 1435 3760 ἐν
1496 3706 1701 3782 Πάτμῳ
1781 3712 1932 3783 νήσῳ

275 3783 577 3859 τριάκοντα
607 3781 702 3840 δύο
734 3783 826 3857 ἔτη
858 3793 962 3857 τῆς
984 3788 1331 3864 ἀναλήψεως.

280 4027 621 4107 ’Ἱππολύτου
651 4030 774 4107 περὶ
802 4035 909 4107 τῶν
947 4033 1018 4107 ιβ¹
1049 4032 1392 4107 ἀποστόλων,
1424 4035 1513 4091 καὶ
1541 4042 1646 4092 ποῦ

355 4096 581 4165 ἕκαστος
608 4096 779 4156 αὐτῶν
811 4096 1087 4178 ἐκήρυξεν,
1123 4105 1209 4160 καὶ
1256 4096 1716 4182 ποῦ’ἐτελειώθη.

2124 3087 2281 3142 Scire
2303 3089 2491 3159 juvat,
2525 3088 2683 3160 quod
2741 3093 3011 3144 sanctum
3039 3087 3288 3145 Matthxi
3318 3082 3699 3155 Evangelium

2052 3179 2337 3251 scriptum
2372 3184 2458 3235 est
2490 3179 2551 3234 in
2590 3179 2901 3235 Palaestina
2945 3179 3242 3243 hebraice,
3303 3181 3505 3231 octavo
3564 3179 3700 3245 post

2046 3268 2260 3322 Christi
2292 3268 2765 3340 assumptionem
2792 3284 2970 3323 anno.
3004 3268 3173 3323 Marci
3198 3264 3579 3336 Evangelium
3611 3262 3693 3318 la-

2048 3356 2171 3410 tine
2194 3357 2481 3428 scriptum
2514 3362 2606 3412 est
2633 3359 2835 3413 Romae
2864 3372 3021 3413 anno
3052 3361 3186 3428 post
3224 3352 3695 3425 assumptionem

2047 3446 2419 3505 duodecimo.
2452 3453 2617 3505 Lucae
2642 3449 3023 3522 Evangelium
3056 3447 3344 3518 scriptum
3376 3449 3466 3499 est
3496 3443 3694 3497 Graece

2045 3534 2107 3590 in
2139 3552 2354 3609 magna
2380 3538 2741 3593 Alexandria
2787 3554 2944 3593 anno
3005 3536 3235 3591 decimo
3296 3534 3502 3604 quinto
3563 3535 3697 3602 post

2044 3629 2920 3701 assumptionem.Evangelium
2942 3630 3170 3683 Joannis
3189 3627 3475 3696 scriptum
3500 3625 3696 3677 Graece

2045 3717 2225 3772 estin
2256 3719 2461 3775 Patmo
2488 3720 2705 3787 insula,
2739 3734 2896 3775 anno
2924 3723 3059 3793 post
3080 3715 3551 3787 assumptionem
3586 3710 3694 3764 tri-

2042 3809 2263 3865 cesimo
2292 3811 2572 3867 secundo.

2038 4051 2333 4123 Hippolyti
2370 4054 2435 4109 de
2490 4056 2780 4112 duodecim
2839 4058 3122 4127 apostolis,
3182 4057 3409 4112 ubinam
3461 4057 3692 4127 quisque

2150 4140 2335 4180 eorum
2360 4130 2769 4197 praedicauerit,
2803 4145 2866 4185 ac
2927 4130 3019 4183 ubi
3060 4136 3459 4187 consummatus
3486 4133 3580 4186 sit.

637 4231 803 4305 (Vide
832 4234 1166 4305 Patrologice
1200 4240 1343 4292 tom.
1374 4237 1439 4307 X,
1473 4237 1565 4295 col
1620 4243 1746 4312 951,
1779 4243 1840 4299 in
1871 4248 2214 4320 Appendice
2245 4254 2319 4310 ad
2364 4257 2554 4328 Opera
2591 4259 2893 4332 Hippolyti
2943 4263 3337 4333 Portuensis.)

277 4464 390 4518 T06
421 4460 585 4517 αὐτοῦ
614 4461 970 4538 Ἱππολύτου,
1002 4464 1127 4542 περὶ
1158 4470 1265 4523 τῶν
1299 4470 1343 4523 0'
1372 4468 1715 4532 ἀποστόλων.

1993 4367 2087 4421 XI.

2180 4487 2437 4559 Ejusdem
2465 4492 2758 4566 Hippolyti
2777 4496 2844 4553 de
2871 4499 3231 4567 septuaginta
3261 4497 3547 4567 apostolis.

1390 4598 1555 4670 (Vide
1586 4605 1812 4659 tomum
1844 4622 2023 4678 supra
2053 4610 2320 4683 citatum,
2355 4615 2468 4670 col.
2497 4617 2646 4689 654.)

275 4796 398 4849 Τῶν
435 4794 505 4870 ιβ’
537 4795 858 4851 ἀποστόλων
894 4795 949 4849 αἱ
1006 4795 1258 4878 πατρίδας
1297 4800 1390 4878 καὶ
1436 4802 1502 4857 τὰ
1551 4802 1789 4878 ὀνόματα
1818 4814 1924 4865 τῶν

797 4887 953 4942 γεννη
963 4869 1167 4924 σάντων
1197 4871 1415 4934 αὐτούς.

1957 4697 2077 4753 XII.

2104 4819 2400 4881 Duodecim
2442 4826 2813 4898 apostolorum
2847 4833 3052 4898 patriae
3095 4838 3147 4886 et
3178 4849 3363 4890 eorum
3390 4835 3620 4894 nomina

2601 4897 2798 4967 quibus
2826 4897 2954 4957 sunt
2984 4905 3112 4956 nati

1244 4998 1408 5067 (Vide
1439 5002 1786 5076 Patrologias
1817 5013 2035 5066 nostra)
2069 5017 2210 5072 tom.
2244 5017 2539 5089 OCIl,col.
2578 5026 2760 5099 1075.)

1953 5112 2107 5167 ΧΙΙΙ.

1274 5218 1362 5271 Ea:
1389 5219 1509 5273 cod.
1544 5222 1610 5274 76
1641 5224 1891 5294 Nanano,
1921 5230 2297 5302 fragmentum
2332 5254 2681 5310 anonymum.

271 5331 409 5407 Περὶ
481 5334 581 5398 τῆς
654 5330 750 5382 τοῦ
823 5327 1059 5400 Χριστοῦ
1134 5328 1223 5382 καὶ
1301 5335 1434 5385 Θεοῦ
1492 5334 1653 5406 ἡμῶν
1728 5340 1921 5413 γεννή-

1028 5419 1184 5461 σεως.

346 5545 637 5623 Ἐγεννήθη
690 5541 827 5599 κατὰ
885 5544 1055 5618 σάρκα
1114 5544 1142 5597 6
1228 5543 1432 5620 Κύριος
1489 5550 1652 5622 ἡμῶν
1705 5553 1918 5624 Ἰησοῦς

2318 5361 2393 5414 De
2421 5364 2714 5420 nativitate
2743 5366 2949 5424 Christi
2986 5387 3051 5426 ac
3081 5374 3182 5428 Dei
3209 5378 3403 5430 nostri.

2101 5553 2281 5606 Natus
2295 5556 2383 5607 est
2397 5553 2724 5610 secundum
2747 5572 2984 5613 carnem
3000 5559 3288 5615 Dominus
3299 5564 3502 5614 noster
3512 5560 3539 5614 J
3545 5577 3679 5616 esus

266 5635 508 5714 Χριστὸς
529 5636 587 5690 ἐκ
625 5639 725 5703 τῆς
756 5630 970 5705 ἐνδόξου
1028 5632 1326 5704 Δεσποίνης
1383 5637 1544 5710 ἡμῶν
1599 5642 1698 5710 τῆς
1762 5643 1919 5721 ἁγίας

2061 5642 2295 5699 lhristus
2340 5661 2412 5699 ex
2462 5642 2721 5715 gloriosa
2771 5648 3022 5705 Domina
3071 5655 3274 5705 nostra
3317 5653 3522 5703 sancta
3569 5649 3674 5704 Dei

344 5791 454 5864 (63)
483 5787 671 5844 Debes
696 5786 808 5841 hoc
832 5785 1277 5859 Christophoro,
1309 5790 1581 5848 Matthaao
1616 5793 1844 5854 Pfafﬁo.

1790 5906 1835 5930 Κ
