4152 6312
473 431 629 494 1055

481 655 638 728 gusti
666 655 911 711 Caesaris
943 673 1098 711 anno
1132 659 1198 710 43
1223 657 1283 711 in
1315 657 1659 713 Bethlehem
1690 657 1905 712 Iudaeae
1937 659 1968 710 8
1998 655 2124 712 Kal.

482 748 793 804 Januarias
815 747 987 818 juxta
1042 750 1356 812 Romanos,
1409 747 1519 802 hoc
1552 753 1640 802 est
1670 747 2010 802 Decembris
2040 747 2128 800 '25.

1777 432 2194 496 GEORGIDIS
2235 431 2593 494 MONACHI

480 565 778 621 Genitrice
810 583 1163 639 semperque
1185 567 1417 640 Virgine
1438 568 1800 630 Maria.anno
1821 566 2118 633 moio,Au-

2258 564 2500 619 ιιοτόκου
2557 565 2646 618 καὶ
2702 563 3085 640 Ἀειπαρθὲνου

3725 435 3866 497 1086

3168 564 3406 640 Μαρίας,
3463 563 3616 628 ἔτους
3668 585 3761 643 eo,
3801 590 3865 645 μγ

2238 649 2343 708 ἔτει
2376 653 2694 727 Αὐγούστου
2727 652 3014 728 Καίσαρος,
3049 655 3102 709 ἐν
3135 655 3392 728 Βηθλεὲμ
3447 662 3548 724 τῆς
3597 653 3863 728 Ἰουδαίας,

2239 743 2344 817 πρὸ
2395 743 2538 797 ὀκτὼ
2588 741 2882 800 Καλανδῶν
2960 745 3300 819 Ἰανουαρίων
3359 746 3497 800 κατὰ
3552 745 3862 821 Ῥωμαίους,

486 837 817 908 Baptizatus
846 841 935 888 est
963 838 1032 890 30
1063 852 1252 890 annos
1275 852 1476 905 agens,
1500 853 1657 892 anno
1691 836 2132 908 quintodecimo

2258 833 2482 886 τουτέστι
2515 829 2836 909 Δεκεμϐρίῳ
2867 840 2960 889 κε’.
2997 829 3310 903 Εϐαπτίσθη
3345 831 3402 888 δὲ
3459 831 3508 888 λ’
3564 833 3679 896 ἔτος
3710 836 3862 910 ἅγων,

484 926 698 980 Tiberii
729 924 996 991 Caesaris,
1031 924 1221 995 pridie
1254 926 1335 980 Id.
1369 927 1609 982 Januar.
1663 925 1989 982 secundum
2021 927 2136 979 Ro-

2258 919 2394 985 ἷτους
2413 919 2890 978 πεντεκαιδεκάτου
2923 919 3186 1000 Τιϐερίου
3244 925 3541 1000 Καίσαρος,
3599 925 3703 1001 πρὸ
3730 923 3863 984 Ἰδῶν

489 1029 721 1078 manos,
761 1012 871 1066 hoc
897 1017 986 1066 est
1013 1013 1249 1068 Januar.
1312 1015 1364 1068 6.
1416 1015 1658 1086 Oportet
1704 1020 1902 1069 autem
1962 1014 2134 1078 scire,
2181 1050 2183 1052 -

492 1100 650 1174 quod
679 1101 884 1174 genuit
905 1102 1076 1157 illum
1107 1103 1434 1159 secundum
1466 1121 1710 1161 carnem
1743 1105 1945 1160 civitas
1972 1104 2139 1158 Beth-

2241 1010 2591 1086 Ἰανουαρίων
2651 1013 2788 1068 κατὰ
2842 1014 3171 1086 Ῥωμαίους,
3230 1013 3260 1068 ὅ
3316 1013 3457 1069 ἐστιν
3517 1016 3866 1090 ³Ιανουαρ.ς’.

2246 1105 2336 1156 Δεῖ
2363 1099 2420 1155 δὲ
2469 1100 2754 1175 γινώσκειν
2787 1102 2870 1156 ὅτι
2920 1101 3143 1171 ἐκύησεν
3197 1100 3356 1157 αὐτὸν
3407 1103 3471 1157 τὸ
3529 1103 3666 1158 κατὰ
3717 1105 3870 1177 σάρκα

493 1193 712 1260 lehem,
731 1192 1014 1247 enutrivit
1042 1193 1185 1248 urbs
1212 1195 1512 1259 Nazareth,
1549 1195 1620 1250 ad
1651 1195 1878 1249 virilem
1905 1200 2139 1250 aatatem

2258 1193 2280 1259 ἡ
2327 1189 2490 1252 πόλις
2541 1189 2815 1263 Βηθλεὶμ,
2874 1190 3135 1265 ἐθρέψατο
3198 1191 3255 1246 δὲ
3311 1193 3345 1261 ἡ
3403 1192 3572 1253 πόλις
3632 1194 3871 1262 Ναζαρὲτ,

495 1281 1158 1354 perduxitretinuitque
1207 1282 1279 1338 ad
1341 1300 1530 1339 annos
1561 1286 1628 1338 30
1689 1284 1889 1340 civitas
1938 1287 2143 1356 Caper-

495 1388 692 1426 naum.
723 1372 959 1444 Effigies
989 1371 1196 1427 formai
1227 1373 1388 1428 illius
1421 1380 1546 1429 erat
1569 1374 1946 1445 hujusmodi:
1989 1376 2141 1446 Mag-

2249 1275 2498 1354 ἢνδρωσε
2541 1275 2598 1332 δὲ
2653 1279 2743 1332 καὶ
2791 1285 3044 1354 κατεῖχεν
3087 1278 3174 1334 ἐπὶ
3233 1281 3472 1354 χρόνους
3533 1279 3581 1335 λ’
3638 1283 3672 1349 ἡ
3726 1281 3871 1344 πόλις

2250 1368 2637 1441 Καπερναούμ.
2712 1373 2772 1423 Ἦ
2827 1365 2884 1423 δὲ
2963 1375 3064 1438 τῆς
3119 1377 3336 1446 μορφῆς
3419 1369 3588 1425 αὐτοῦ
3641 1369 3875 1448 ἐμφέρεια

497 1460 703 1516 nitudo
739 1465 978 1515 statura;
1039 1461 1202 1516 illius
1251 1461 1398 1533 justi
1432 1462 1690 1517 hominis
1751 1469 1894 1529 erat,
1948 1480 2141 1534 neque

2258 1455 2433 1511 τοιάδε
2463 1457 2549 1525 ἦν·
2582 1458 2651 1512 Τὸ
2687 1459 2781 1530 μὲν
2812 1464 2910 1527 τῆς
2940 1457 3163 1528 ἡλικίας
3194 1457 3358 1513 αὐτοῦ
3411 1458 3659 1535 μέγεθος,
3687 1459 3876 1522 τέλειος

498 1566 841 1604 mensuram
883 1566 1191 1621 superans,
1228 1567 1422 1621 neque
1479 1552 1541 1605 in
1599 1553 1966 1606 contrarium
1997 1552 2144 1608 defi-

2253 1546 2415 1620 ὂὶνήρ,
2446 1545 2570 1600 οὕτε
2598 1548 2659 1600 τὸ
2694 1547 2890 1621 μέτρον
2918 1544 3263 1620 ὑπερϐαῖνον,
3318 1549 3442 1604 οὕτε
3482 1550 3617 1622 πρὸς
3674 1549 3876 1603 τούναν-

504 1641 691 1708 ciens,
723 1640 970 1695 minime
1003 1639 1376 1695 redundabat
1416 1641 1695 1696 carnibus
1729 1661 1741 1710 ;
1775 1658 1991 1714 magna
2020 1647 2144 1697 erat

2258 1633 2366 1689 τίον
2398 1633 2859 1706 κατεσπασμένος,
2944 1631 3227 1710 ἀπέριττος
3285 1641 3404 1698 ταῖς
3454 1636 3637 1711 σαρξὶν
3695 1635 3874 1711 tum,

504 1744 674 1784 coma
704 1734 945 1798 totaque
977 1729 1335 1797 cincinnata,
1358 1729 1414 1783 id
1450 1730 1846 1797 est,revolutis
1877 1731 2141 1802 capillis;

503 1817 798 1884 intonsus,
829 1818 1125 1874 infinitam
1171 1836 1386 1890 nempe
1419 1821 1722 1876 caesariem
1746 1821 1991 1887 habens,
2025 1821 2144 1875 sive

2256 1812 2548 1888 στρύχους,
2612 1813 2775 1888 ἤγουν
2838 1816 3301 1888 συνεστραμμένος
3385 1815 3525 1890 θρὶξ,

2259 1726 2440 1796 [fort
2475 1723 2715 1799 ὑπῆρχε]
2755 1725 2854 1792 τὴν
2910 1726 3090 1797 κόμην
3153 1727 3344 1800 μὲγας,
3406 1724 3574 1788 όλους
3630 1725 3753 1787 τοὺς
3795 1726 3874 1800 βο-

3613 1814 3878 1886 ἀκερσοκό-

503 1907 812 1980 promissis
844 1907 1100 1979 capillis,
1127 1908 1398 1963 bifariam
1430 1915 1566 1964 ante
1623 1910 1879 1965 frontem
1938 1910 2144 1965 discri-

2263 1924 2392 1976 μης,
2442 1903 2545 1971 τήν
2575 1903 2756 1975 κόμην
2809 1901 3028 1979 ἄπειρον
3086 1899 3257 1979 ἔχων,
3314 1906 3488 1978 ἤγουν
3551 1903 3878 1977 ἀκοῦρευτον,

2265 1989 2288 2004 ο.
2366 1995 2394 2004 -
2513 1992 2525 2004 .
2634 1991 2647 2004 .
2747 1987 2756 2004 .
3069 1992 3080 2004 .
3225 1993 3242 2004 .
3341 1993 3361 2004 ..
3543 1990 3567 2004 .
3848 1991 3856 2004 .

503 1998 764 2053 minatus
797 1997 1406 2061 cincinnos,nasutus.
1443 1998 1762 2067 subﬂavus,
1793 2000 1978 2070 nigris
2009 2017 2149 2054 ocu-

505 2087 697 2141 lorum
731 2087 997 2158 pupillis,
1048 2087 1240 2159 longis
1274 2088 1494 2160 digitis,
1555 2089 1839 2144 mediocri
1863 2090 2147 2161 mystacio

507 2192 610 2231 seu
641 2175 934 2230 labiorum
968 2175 1294 2242 barba,non
1327 2176 1689 2232 demissione
1719 2177 1976 2248 pilorum
1999 2179 2152 2233 hanc

507 2264 884 2336 promittens,
942 2264 1045 2320 sed
1105 2265 1320 2320 decora
1363 2267 1744 2321 conversione
1776 2267 2150 2322 venerabilis.

506 2356 646 2409 Post
675 2355 741 2408 3O
767 2370 956 2408 annos
982 2369 1116 2408 vero
1139 2371 1274 2408 cum
1307 2355 1630 2426 discipulos
1657 2356 2026 2429 elegisset,ac
2050 2374 2155 2428 per

506 2444 833 2498 triennium
865 2443 1246 2515 praedicasset
1272 2444 1536 2500 divinum
1559 2451 1948 2518 sanctumque
1975 2449 2153 2503 Evan-

507 2533 748 2606 gelium,
774 2538 914 2588 tunc
952 2532 1192 2588 demum
1216 2535 1375 2588 cruci
1407 2535 1654 2590 sufﬁxus
1685 2541 1776 2591 est
1807 2543 2017 2608 sponte
2048 2555 2154 2608 pro

510 2623 684 2678 nobis
715 2623 822 2678 sub
855 2625 1063 2678 Pontio
1095 2625 1305 2692 Pilato,
1337 2641 1494 2680 anno
1529 2629 1593 2680 19
1637 2626 1853 2681 Tiberii
1885 2628 2152 2693 Caesaris,

511 2711 742 2766 decimo
767 2712 893 2767 Kal.
926 2712 1284 2784 April.juxta
1314 2715 1694 2778 Romanos,id
1727 2720 1817 2770 est
1847 2717 2036 2771 Martii
2060 2716 2154 2772 die

513 2803 579 2854 23
618 2801 768 2856 feria
799 2802 928 2855 6.Et
957 2817 1092 2856 cum
1123 2801 1546 2857 resurrexisset
1573 2805 2154 2876 mane,...Kal.Apri-

513 2889 674 2956 lis,id
701 2895 791 2945 est
822 2890 1009 2945 Martii
1036 2890 1283 2958 25,1‘eria
1314 2891 1552 2953 Letiam
1575 2900 1916 2964 assumptus
1937 2895 2153 2949 iterum

511 2984 602 3033 est
633 2995 700 3033 eo
723 2979 881 3034 unde
912 2979 1322 3047 descenderat,
1355 2981 1451 3036 die
1483 2983 1657 3037 tertia
1693 2983 1823 3049 Mai,
1853 2984 2003 3039 feria
2031 3002 2080 3040 v.

2261 1989 2396 2066 διχῇ
2431 1992 2565 2066 πρὸς
2594 1991 2657 2046 τὸ
2692 1987 2941 2064 μέτωπον
3001 1992 3126 2055 τοὺς
3181 1993 3508 2066 πλοκᾶμους
3540 1990 3882 2066 διεστραμμέ-

2260 2102 2375 2146 νος,
2407 2079 2700 2157 ἐπίρῥινος,
2736 2081 3122 2154 ὑποξανθίζων,
3163 2084 3260 2145 τὰς
3316 2084 3484 2158 κόρας
3537 2086 3644 2137 τῶν
3699 2081 3880 2158 ὀφθαλ-

2267 2173 2385 2242 μῶν
2418 2168 2724 2246 μελάγρους
2755 2172 2910 2243 [fort.
2979 2171 3370 2246 μελάγχρους],
3435 2170 3883 2248 μακροδάκτυλος,

2268 2257 2486 2334 μέτριος
2514 2260 2614 2327 τήν
2663 2259 2901 2330 ὑπήνην,
2960 2257 3124 2335 ἤγουν
3181 2262 3280 2330 τὴν
3337 2259 3610 2338 γενειάδα,
3644 2261 3763 2317 οὓτε
3805 2281 3883 2314 τα-

2263 2348 2452 2417 νότητι
2503 2353 2610 2402 τῶν
2693 2353 2901 2424 τριχῶν
2974 2349 3173 2420 ταύτην
3257 2348 3684 2422 ἰπεσπασμένος,
3760 2346 3887 2403 ἀλλὰ

2265 2442 2542 2514 συστροφῇ
2600 2441 2968 2512 κοσμιότητος
3034 2440 3457 2512 σεμνυνόμενος,
3521 2439 3670 2497 Μετὰ
3742 2438 3795 2493 δὲ
3847 2434 3887 2490 λ’

2264 2527 2482 2603 χρόνων
2541 2527 2906 2602 ἀλλεξάμενος
2976 2530 3243 2602 μαθητὰς,
3291 2529 3380 2584 καὶ
3431 2531 3668 2605 κηρύξας
3721 2534 3884 2601 τριετῆ

2263 2617 2325 2671 τὸ
2375 2622 2516 2680 θεῖον
2572 2619 2663 2671 καὶ
2723 2619 2865 2693 ἱερὸν
2920 2617 3277 2694 Εὐαγγέλιον,
3339 2618 3516 2680 οὕτως
3598 2617 3882 2692 ἐσταυρώθη

2267 2705 2526 2768 ἑκουσίως
2563 2707 2692 2780 ὑπὲρ
2755 2710 2915 2782 ἡμῶν
2949 2706 3036 2762 ἐπὶ
3098 2707 3325 2763 Ποντίου
3369 2707 3637 2776 Πιλάτου,
3665 2705 3806 2766 ἔτους
3835 2704 3887 2766 ιθ¹

2265 2794 2521 2871 Τιϐερίου
2581 2799 2873 2873 Καίσαρος,
2928 2799 3033 2873 πρὸ
3092 2795 3220 2854 δέκα
3279 2797 3576 2855 Καλανδῶν
3645 2794 3886 2869 Ἀπριλλ.

2265 2889 2400 2942 κατὰ
2429 2889 2758 2960 Ῥωμαίους,
2789 2888 2820 2943 ὅ
2851 2888 2958 2943 ἐστι
2995 2889 3172 2962 Μαρτ.
3214 2889 3319 2966 κγ’,
3351 2890 3538 2964 ἡμέρα
3584 2891 3640 2951 ς’·
3691 2885 3890 2946 ἀναστὰς

2268 2977 2324 3033 δὲ
2353 2977 2501 3052 πρωΐ
2561 2981 2715 3051 [fort
2775 2979 2904 3053 πρὸ]
2959 2976 3250 3035 Καλανδῶν
3312 2979 3606 3056 Ἀπριλλ.,
3673 2975 3892 3032 τουτέστι

2267 3074 2440 3144 Μαρτ.
2464 3088 2545 3138 κε,
2577 3069 2759 3142 ἡμέρᾳ
2787 3069 2852 3141 α’,
2887 3068 2978 3123 καὶ
3003 3068 3282 3144 ἀνελήφθθ
3313 3068 3481 3124 πάλιν
3515 3070 3635 3133 ὅθεν
3657 3063 3893 3134 κατῆλθε,

2267 3163 2431 3234 Μαῖφ
2460 3163 2530 3236 γ’,
2562 3159 2744 3235 ἡμέρᾳ
2773 3161 2830 3216 ε’-

523 3335 3894 3372 Ἢ

2005 3513 2155 3552 ANNO
2207 3510 2438 3551 INCERTO

744 3699 1408 3888 GEOB
1437 3689 2176 3888 GIDES
2307 3685 3720 3881 MONAGHUS

1881 4197 2246 4253 EDITORUM
2285 4195 2692 4251 ADMONITlO.

601 4402 922 4474 Georgidis,
941 4401 1199 4457 auctoris
1230 4399 1473 4454 incertae
1507 4397 1903 4466 aatatis,quem
1939 4399 2135 4448 tamen
2156 4391 2373 4446 saaculo
2405 4407 2457 4444 xu
2489 4389 2578 4442 vel
2610 4405 2684 4443 xu
2715 4387 3023 4459 scripsisse
3048 4385 3298 4440 fortasse
3321 4385 3453 4455 quis
3485 4371 3906 4478 conjicietdlb?’

531 4495 593 4550 in
628 4469 966 4563 exemplum
1000 4506 1132 4545 esse
1163 4492 1359 4560 potest
1389 4485 1686 4542 scribendi
1749 4485 1912 4538 illius
1961 4483 2195 4556 generis
2253 4479 2410 4552 quod
2469 4479 2531 4533 in
2577 4476 2940 4532 deflorandis
2986 4475 3222 4546 scriptis
3253 4476 3494 4528 Patrum
3538 4469 3902 4565 Amedionwvfh

533 4591 655 4640 tam
689 4583 750 4637 in
772 4551 1009 4638 driente
1034 4551 1212 4650 quam
1245 4579 1307 4632 in
1332 4577 1648 4633 Occidente
1681 4573 1965 4630 constitit.
2000 4574 2268 4642 Insuper,
2303 4569 2444 4640 quia
2466 4567 2795 4638 fragmenta
2825 4571 3101 4636 excerpta
3160 4581 3264 4618 suo
3324 4563 3551 4618 auctori
3595 4551 3899 4650 inscribitu-

536 4680 652 4738 tur,
686 4674 936 4728 fortasse
959 4642 1286 4726 inservient
1314 4666 1636 4738 aliquando
1668 4665 1741 4720 ad
1774 4661 2181 4737 agnoscendos
2210 4665 2482 4715 auctores
2502 4674 2756 4728 quorum
2789 4656 3009 4726 scripta
3039 4669 3336 4745 anonyma
3368 4653 3576 4745 jacent
3605 4651 3662 4704 in
3686 4642 3901 4745 ‘codlfl:

541 4736 650 4818 bus
684 4760 1128 4832 manuscriptis.
1164 4757 1332 4814 Card.
1369 4736 1515 4830 Aug.
1553 4736 1966 4810 Mainonnulla
1997 4752 2327 4823 fragmenta
2357 4747 2492 4802 libri
2528 4745 2852 4817 Georgidis,
2884 4742 3227 4815 speciminis
3274 4742 3482 4814 gratia,
3516 4736 3750 4812 protulit
3779 4747 3791 4796 ;
3821 4738 3903 4780 n05

540 4853 838 4924 integrum
864 4850 1080 4904 librum
1113 4853 1246 4921 post
1277 4848 1342 4903 D.
1367 4845 1728 4902 Boissonade
1760 4843 2012 4899 edimus.
