4152 6312
440 321 589 380 1οἹ1

1748 313 2166 378 GEORGlDlS
2210 313 2573 377 MONACHI

3692 323 3850 384 1072

501 456 632 510 Vita
660 459 783 510 tota
812 470 931 510 una
959 453 1085 509 dies
1117 457 1207 509 est
1237 452 1330 508 his
1361 451 1461 523 qui
1493 467 1628 507 cum
1658 467 1860 507 amore
1909 449 2067 506 labo~

2258 446 2381 509 Βίος
2412 449 2525 523 (82)
2559 446 2690 510 ὅλος
2718 447 2900 524 ἡμέρα
2935 447 3034 523 μία
3062 454 3178 514 τοῖς
3205 451 3360 524 πόθῳ
3390 453 3715 525 κάμνουσιν.

434 551 589 600 rant.

502 634 860 700 Volentium,
897 650 1016 687 non
1041 636 1400 699 coactorum,
1437 631 1551 686 tale
1581 637 1672 685 est
1702 630 1910 686 salutis
1942 645 2071 700 my-

434 725 702 779 sterium.

500 813 706 867 Melius
737 817 826 866 est
857 812 951 865 hic
984 810 1286 865 emendari
1323 815 1379 864 et
1410 810 1704 876 mundari,
1739 825 1921 880 quam
1954 807 2077 861 illic

428 902 491 956 in
525 901 880 972 supplicium
908 899 1170 968 immitti,
1203 899 1306 954 ubi
1334 916 1520 970 pcnnaa
1554 905 1788 970 tempus
1821 903 1930 963 est,
1956 914 2076 952 non

427 990 884 1062 puriﬁcationis.

497 1079 817 1135 Terrestris
846 1078 1131 1134 habitatio
1151 1079 1431 1150 deprimit
1460 1083 1722 1134 mentem
1756 1078 1944 1133 multa
1973 1094 2075 1132 co-

427 1171 733 1242 gitantem.

499 1259 661 1314 Brevi
693 1259 754 1313 in
787 1259 1189 1329 suspicionem
1229 1259 1372 1314 mali
1422 1258 1620 1329 (cadit)
1655 1255 1812 1328 quod
1842 1256 1916 1311 ad
1949 1273 2075 1311 ma-

431 1350 572 1405 liam
605 1351 838 1405 excitat.

499 1440 706 1494 Melius
739 1443 828 1493 est
873 1439 1065 1494 verbis
1125 1439 1468 1510 injucundis
1519 1439 1705 1494 otium
1748 1439 1877 1493 sine
1919 1437 2074 1508 peri-

433 1530 587 1585 culo.

501 1619 708 1673 Nullus
739 1634 1003 1688 unquam
1028 1619 1156 1673 sine
1187 1619 1304 1674 vita
1337 1618 1594 1689 inclytus
1625 1617 1756 1682 fuit,

503 1709 778 1773 Quamvis
797 1708 968 1762 multi
981 1707 1173 1762 verbis
1193 1707 1344 1762 bene
1361 1707 1712 1762 sonantibus
1734 1705 2074 1771 micuerint;

506 1799 629 1853 Non
663 1797 822 1854 enim
855 1797 1202 1864 dicentium,
1236 1797 1338 1852 sed
1369 1797 1520 1852 bene
1565 1797 1886 1851 viventium
1920 1794 2076 1849 aesti-

1683 1886 1888 1957 [matio
1923 1885 2006 1940 ﬁt.

507 1977 712 2032 Melius
733 1977 938 2032 audire
963 1993 1161 2031 vocem
1183 1975 1614 2031 exhortationis
1637 1991 1813 2046 quam
1839 1989 2080 2028 narrare

438 2064 852 2135 impossibilia.

507 2157 949 2209 Proverbiorum.
987 2186 1051 2195 —
1107 2155 1285 2208 Grave
1341 2158 1429 2207 est
1485 2169 1690 2208 saxum
1746 2158 2083 2207 etonerosa

436 2259 638 2311 arena,
673 2243 776 2298 sed
809 2245 895 2298 ira
925 2244 1089 2298 stulti
1120 2248 1372 2313 utroque
1401 2242 1650 2314 gravior.

507 2333 726 2404 Sagitta
755 2333 938 2388 inﬁxa
966 2333 1174 2387 femori
1207 2333 1423 2401 carnis,
1468 2333 1552 2386 sic
1593 2331 1838 2386 verbum
1868 2331 1929 2384 in
1961 2330 2076 2385 vis-

431 2422 666 2476 ceribus
694 2422 879 2476 stulti.

501 2511 826 2565 Consilium
867 2510 1094 2564 bonum
1117 2509 1411 2566 custodiet
1439 2514 1518 2576 te,
1551 2509 1828 2581 cogitatio
1877 2514 2076 2564 autem

428 2606 631 2654 sancta
654 2599 910 2654 servabit
941 2605 1017 2666 te,
1046 2605 1111 2654 ut
1139 2605 1308 2654 eruat
1332 2606 1386 2655 te
1410 2617 1444 2654 a
1473 2599 1564 2654 via
1595 2598 1752 2654 mala
1781 2604 1840 2654 et
1871 2598 1942 2653 ab
1970 2600 2077 2654 llO-

425 2689 585 2743 mine
619 2689 804 2743 inﬁda
835 2689 1137 2760 loquente.

496 2778 722 2833 Altiora
753 2784 807 2833 te
828 2795 902 2832 ne
935 2779 1229 2848 exquiras,
1255 2784 1314 2832 et
1342 2778 1626 2833 validiora
1656 2783 1712 2833 te
1743 2795 1817 2833 ne
1851 2783 2074 2833 scrute-

423 2867 525 2924 ris.
559 2869 697 2932 Quae
723 2868 827 2922 tibi
859 2874 1156 2939 praecepta
1186 2873 1324 2923 sunt
1353 2869 1479 2922 haec
1510 2868 1701 2941 cogita
1726 2885 1738 2935 ;
1772 2885 1892 2923 non
1915 2868 2074 2923 enim

424 2974 572 3028 opus
605 2962 694 3012 est
721 2958 825 3012 tibi
849 2958 1116 3012 occultis.

493 3049 726 3103 Joannis
761 3063 774 3102 :

640 3139 828 3192 Vitam
862 3136 1210 3192 mutabilem
1243 3143 1412 3192 caute
1442 3155 1743 3209 percurre,

634 3226 844 3280 Multas
877 3227 1056 3291 enim,
1093 3225 1270 3292 nosti,
1303 3226 1579 3298 ambages
1604 3228 1851 3298 praebet,

491 3316 700 3369 Socors
738 3333 813 3371 ne
845 3317 924 3370 sis
956 3315 1030 3370 ad
1062 3315 1212 3370 bene
1245 3315 1561 3387 agendum,
1605 3315 1874 3372 socordia
1905 3319 2064 3373 enim

418 3403 828 3474 paenitentiam
871 3404 1068 3459 habet.

490 3493 618 3547 Vita
647 3493 995 3548 barathrum
1029 3498 1118 3548 est
1147 3499 1205 3548 et
1237 3493 1486 3564 laqueus
1517 3494 1740 3549 multis.

484 3582 674 3636 Vitam
706 3582 1019 3638 obscuram
1051 3583 1227 3638 homo
1262 3583 1499 3647 finiens,
1533 3584 1694 3639 curis
1736 3584 1940 3639 multis
1971 3601 2065 3640 oc-

414 3672 616 3743 cupari
651 3672 803 3728 bene
835 3690 956 3728 non
989 3678 1204 3745 potest.

482 3761 702 3816 Basilii.
732 3794 800 3803 —
832 3762 1071 3818 Gravior
1109 3765 1271 3818 omni
1323 3781 1494 3836 pama
1524 3769 1581 3819 et
1610 3764 1772 3820 omni
1830 3781 2064 3820 carcere

416 3852 532 3905 vita
564 3868 695 3921 quae
728 3870 863 3906 cum
896 3870 1142 3924 corpore
1177 3860 1287 3920 est,
1348 3855 1435 3908 illi
1482 3855 1583 3924 qui
1637 3854 1709 3908 ad
1744 3871 2063 3926 supernam

411 3940 590 3995 vitam
625 3941 832 3995 tendit.

484 4029 742 4085 Barbara
772 4032 1056 4099 amicitia,
1099 4037 1158 4086 et
1187 4032 1441 4088 barbara
1467 4033 1822 4106 benignitas.

483 4119 628 4172 Esca
662 4124 720 4172 et
745 4126 919 4189 potus
953 4121 1232 4174 humanae
1264 4121 1590 4176 debilitatis
1622 4122 1992 4194 adjumenta.

479 4296 917 4352 Alimentorum
943 4298 1371 4369 sumptuositas
1400 4304 1604 4372 guttur
1635 4299 1878 4371 quidem
1911 4301 2068 4362 dele.

408 4391 547 4453 ctat,
582 4387 772 4442 nutrit
800 4392 1000 4443 autem
1042 4403 1304 4443 vermem
1359 4389 1771 4444 dissolutionis
1829 4407 2064 4463 semper

403 4476 663 4550 vigilem.

2261 628 2362 681 14
2395 622 2779 699 Βουλομένων,
2813 625 2874 680 οὐ
2903 628 3372 703 τυραννουμένων,
3429 631 3491 683 τὸ
3539 633 3639 695 τῆς
3672 653 3849 702 σωτηο

2191 712 2308 789 ρίας
2339 717 2656 789 μυστήριον.

2261 801 2484 858 Βέλτιον
2530 808 2621 858 νῦν
2679 802 3038 874 παιδευθῆναι
3116 806 3205 861 καὶ
3265 808 3623 882 καθαρθῆναι,
3687 811 3723 878 ἢ
3779 814 3849 883 τῇ

2187 891 2384 956 ἐκεῖθεν
2448 892 2664 968 βασάνῳ
2740 897 3204 973 παραπεμφθῆναι
3242 941 3256 967 ,

2189 986 2398 1060 καιρὸς,
2430 987 2494 1041 οὐ
2526 988 2865 1062 καθάρσεως.

2262 1075 2443 1151 Βρίθει
2473 1079 2582 1147 (83)
2629 1077 2692 1132 τὸ
2747 1076 2951 1153 γεῶδες
2983 1085 3182 1148 σκῆνος
3220 1084 3344 1134 νοῦν
3400 1079 3844 1160 πολυφρόντιδα.

3315 896 3480 967 ἡνίκα
3561 898 3846 962 κολάσεως

2262 1253 2450 1328 Βραχὺ
2496 1257 2608 1329 (84)
2667 1255 2743 1320 εἷς
2800 1255 3057 1312 ὑπόνοιαν
3133 1262 3302 1312 κακοῦ
3349 1259 3412 1314 τὸ
3455 1260 3591 1336 πρὸς
3648 1259 3845 1315 κακίαν

2190 1339 2535 1413 δυσκίνητον.

2260 1431 2484 1490 Βέλτιον
2523 1437 2630 1488 τῶν
2667 1435 2744 1508 μή
2775 1436 2894 1490 καθ’
2951 1433 3158 1506 ἡδονὴν
3221 1435 3400 1513 λόγων
3463 1440 3497 1507 ἡ
3561 1436 3854 1502 ἀκινδυνος

2190 1521 2405 1592 ἡσυχία.

2261 1612 2393 1667 Βίου
2425 1614 2534 1684 (85)
2568 1611 2662 1684 μὲν
2697 1609 2874 1675 οὐδεὶς
2906 1615 3121 1679 πώποθ’
3156 1614 3345 1690 ὑψώθη
3381 1614 3535 1693 δίχα,

2261 1701 2440 1777 Λόγου
2471 1697 2528 1756 δὲ
2558 1699 2764 1757 πολλοὶ
2795 1707 2890 1758 τοῦ
2919 1701 3107 1767 καλῶς
3147 1707 3517 1782 ψοφουμένου·

2256 1793 2336 1850 Οὐ
2369 1795 2472 1870 γὰρ
2506 1793 2846 1864 λαλούντων,
2895 1797 2950 1850 εὗ
2985 1796 3249 1872 βιούντων
3280 1796 3326 1852 δ’
3375 1800 3408 1869 ἡ
3444 1799 3626 1876 χάρις.

2259 1969 2485 2027 Βέλτιον
2542 1972 2753 2028 ἀκούειν
2809 1975 2996 2047 φωνὴν
3053 1975 3366 2048 αἷνέσεωςῆ
3402 1976 3670 2054 ἐξηγητὴν
3706 1979 3851 2034 εἶναι

2184 2062 2292 2114 τῶν
2321 2060 2449 2135 ὑπὲρ
2484 2058 2730 2135 δύναμιν.

2258 2155 2603 2223 Παροιμιῶν.
2657 2150 2892 2222 -Βαρὺ
2925 2155 3038 2225 (86)
3087 2151 3242 2218 λίθος
3295 2154 3384 2209 καὶ
3442 2151 3848 2214 δυσϐάστακτον

2187 2236 2393 2310 ἄμμος·
2427 2240 2565 2314 ὀργὴ
2602 2237 2659 2294 δὲ
2689 2238 2922 2320 ἄφρονος
2955 2242 3220 2318 βαρυτέρα
3249 2245 3594 2321 ἂμφοτέρων.

2259 2325 2427 2415 Βέλος
2456 2332 2568 2402 (87)
2599 2330 2845 2404 πεπηγὸς
2893 2329 2944 2384 ἐν
2982 2336 3146 2406 μηρῷ
3196 2334 3412 2408 σαρκὸς,
3470 2333 3642 2397 οὕτως
3675 2335 3858 2415 λόγος

2183 2414 2234 2468 έν
2259 2413 2445 2488 κοιλίᾳ
2478 2422 2689 2493 μωροῦ.
2876 2462 2911 2495 η

2254 2505 2440 2575 Βουλή
2473 2511 2580 2580 (88)
2609 2506 2750 2577 καλὴ
2785 2505 3008 2587 φυλάξει
3051 2531 3127 2580 σε,
3185 2508 3361 2566 ἔννοια
3419 2509 3476 2568 δὲ
3517 2514 3636 2569 ὁσία
3663 2517 3849 2591 τηρή-

2185 2615 2262 2649 σει
2319 2617 2401 2662 ιε,
2460 2594 2541 2651 ἶνα
2589 2597 2815 2671 ῥύσηταί
2899 2619 2956 2654 σε
3013 2599 3117 2655 ἀπὸ
3176 2598 3306 2656 ὁδοῦ
3365 2606 3536 2674 κακῆς
3587 2604 3676 2660 καὶ
3734 2606 3848 2662 ἀπὸ

2182 2681 2372 2760 ἀνδρὸς
2399 2683 2699 2748 λαλοῦντος
2735 2685 2904 2762 μηδὲν
2946 2689 3158 2747 πιστόν.

2254 2774 2527 2851 Βαθύτερόὶ
2556 2781 2664 2850 (89)
2697 2779 2896 2851 σουμή
2955 2778 3158 2854 ἐρεύνα,
3207 2780 3297 2836 καὶ
3358 2781 3685 2860 ἰσχυρότερά
3740 2808 3842 2842 σου

2181 2867 2280 2923 I5
2317 2868 2393 2938 μὴ
2427 2865 2653 2937 ἐξέταζε.
2698 2869 2771 2926 "A
2830 2871 3142 2946 προσετάγη
3203 2893 3310 2942 σοι,
3365 2877 3532 2929 ταῦτα
3589 2872 3834 2931 διανοοῦ·

2180 2954 2242 3010 οὐ
2274 2954 2377 3030 γάρ
2410 2956 2522 3010 ἐστί
2553 2977 2635 3011 σοι
2669 2956 2828 3032 χρεία
2857 2962 2964 3012 τῶν
2992 2964 3263 3035 κρυπτῶν.

2254 3043 2529 3100 Ἰωάννου·

2322 3135 2451 3190 Βίον
2477 3134 2570 3188 τὸν
2602 3132 2914 3189 ἀλλοιωτὸν
2950 3132 3196 3200 εὐλαϐῶς
3230 3138 3398 3213 πέρα·

2326 3221 2545 3283 Πολλὰς
2575 3222 2698 3296 γὰρ,
2732 3223 2909 3293 οἶσθα,
2935 3225 3030 3286 τὰς
3061 3228 3393 3301 περιτροπᾶς
3421 3232 3590 3306 φέρει.

2246 3309 2452 3386 Βραδὺς
2487 3312 2561 3384 μή
2598 3308 2708 3374 ἴσθι
2749 3317 2861 3382 (90)
2909 3315 3047 3388 πρὸς
3095 3312 3361 3384 εὐποιίαν,
3405 3316 3489 3372 ὅτι
3551 3321 3842 3395 βραδυτὴς

2180 3404 2541 3476 μεταμέλειαν
2576 3395 2715 3476 ἔχει.

2319 3490 2441 3554 Βίος
2477 3490 2744 3566 βάραθρον
2777 3492 2866 3546 καὶ
2898 3492 3059 3565 παγίς
3088 3491 3326 3558 πολλοῖς
3347 3492 3446 3549 ἔνι·

2249 3581 2370 3638 Βίον
2403 3580 2610 3652 ἄδηλον
2653 3577 2936 3654 ἅνθρωπος
2969 3579 3224 3653 διανόων,
3282 3584 3532 3662 φροντίσι
3591 3585 3841 3653 πολλαῖς

2177 3667 2534 3744 ἀσχολεῖσθαι
2563 3667 2730 3724 καλὸν
2762 3667 2866 3723 οὐκ
2896 3666 2994 3725 ἔνι.

2250 3756 2581 3816 Βασιλείου.
2640 3791 2711 3800 -——
2770 3757 3042 3833 Βαρυτέρα
3121 3758 3299 3830 πάσης
3373 3760 3658 3826 κολάσεως
3737 3765 3829 3818 καὶ

2178 3845 2557 3920 δεσμωτηρίου
2585 3844 2784 3909 παντός
2815 3849 2850 3916 ἡ
2887 3847 3022 3919 μετὰ
3069 3853 3166 3904 τοῦ
3223 3851 3476 3923 σώματός
3537 3851 3675 3907 ἐστιν
3715 3850 3830 3908 δια-

2174 3932 2336 4012 τριϐὴ
2359 3938 2437 4004 τῷ
2469 3935 2801 4011 ἐπειγομένῳ
2830 3938 2964 4012 πρὸς
2990 3938 3090 4006 τὴν
3123 3936 3234 3992 ἅνω
3268 3942 3432 4011 ζωήν.

2248 4021 2585 4102 Βαρϐαρικὸν
2615 4023 2771 4102 φίλον
2803 4025 2892 4080 καὶ
2925 4020 3196 4100 ϐάρϐαρον
3227 4028 3290 4082 τὸ
3312 4027 3716 4107 φιλάνθρωπον·

2246 4120 2455 4190 Βρῶσις
2504 4115 2593 4169 καὶ
2657 4113 2814 4174 πόσις
2871 4120 2972 4184 τῆς
3055 4114 3383 4190 ἆνθροπίνης
3436 4119 3705 4182 ἀσθενείας
3763 4121 3829 4176 τὰ

2180 4206 2286 4276 ὑπη
2297 4207 2422 4277 ρετή
2433 4225 2592 4278 ματα.

2247 4295 2556 4371 Βρωμάτων
2611 4292 2942 4349 πολυτέλεια
2989 4292 3189 4370 λαιμὸν
3226 4297 3319 4370 μὲν
3377 4296 3582 4373 τέρπει,
3638 4302 3825 4380 τρέφει

2175 4381 2232 4439 δὲ
2261 4381 2523 4453 σκώληκα
2554 4380 2848 4444 ἀκολασίας
2879 4383 3202 4458 ἀκοίμητον.

477 4539 865 4637 lihrysostomi.
898 4599 966 4607 —
998 4567 1328 4623 Fascinatio
1388 4568 1740 4642 nugacitatis
1775 4570 2051 4628 obscurat

2242 4568 2334 4618 Γοῦ
2368 4561 2770 4638 Χρισοστόμου.
2832 4596 2901 4605 -—
2956 4564 3226 4622 Βασκανία
3277 4569 3390 4640 (91)
3470 4565 3821 4647 φαυλότητος

407 4654 584 4710 bona.

479 4834 592 4909 (82)
631 4837 866 4909 Gregor.
928 4838 1056 4892 Naz.
1116 4838 1272 4892 Orat.
1325 4855 1523 4902 xxvm,
1578 4855 1635 4909 p.
1695 4841 1798 4893 473
1847 4840 1906 4895 C.
1966 4840 2048 4896 Cf.

407 4903 639 4984 infra-in
665 4906 726 4961 Ἣ
738 4903 894 4984 (Ιέρ-α.
924 4909 1191 4984 Meminit
1206 4914 1374 4984 pater
1388 4903 1854 4984 litteratissimus
1866 4911 2050 4984 Theo-

406 4976 574 5028 critei
601 4976 908 5034 versiculi:
961 4979 1025 5034 Οἱ
1087 4976 1144 5032 δὲ
1200 4976 1486 5042 ποθεῦντες
1537 4979 1588 5034 έν
1649 4978 1820 5053 ἤματι
1875 4983 2048 5058 γηρα-

404 5064 612 5101 σκουσι.

474 5118 584 5191 (83)
620 5119 751 5189 Sap.
787 5121 1003 5177 Salom.
1036 5140 1116 5191 ιχ,
1151 5124 1235 5177 15.

475 5187 586 5264 (84)
615 5187 827 5264 Qodex.
866 5190 1078 5264 βραχύς
1104 5187 1204 5264 (ὁ).

401 5327 413 5339 ο
471 5261 581 5339 (85)
623 5262 770 5339 Greg
819 5261 1189 5339 Na'z:_i__ll,'p'.
1245 5268 1362 5321 146.
1417 5271 1468 5324 6.
1530 5268 1678 5323 Sunt
1727 5269 1787 5323 hi
1841 5285 2044 5323 versus

398 5334 555 5386 inter
577 5334 801 5389 scholia
830 5335 892 5388 in
922 5334 1261 5406 Climacum,
1295 5355 1352 5408 p.
1375 5339 1499 5406 468,
1522 5339 1623 5394 ubi
1645 5357 1752 5412 pro
1777 5339 2044 5395 oratione

2172 4655 2412 4728 ἀμαυροῖ
2439 4653 2503 4707 τὰ
2530 4654 2632 4706 καλ
2645 4653 2693 4706 ἀ.

2163 4837 2322 4892 solut
2345 4834 2530 4890 habiti
2561 4833 2634 4890 ab
2667 4833 2891 4889 editore
2922 4835 3191 4893 fuerunt.

2256 4911 2345 4974 86)
2379 4912 2541 4962 Prov.
2576 4923 2746 4971 xxvn,
2781 4908 2832 4959 3.

2255 4982 2344 5045 87)
2378 4979 2600 5034 Sirach.
2635 4994 2752 5041 XIX,
2805 4979 2890 5032 12.

2230 5048 2339 5120 (88)
2367 5052 2534 5104 Prov.
2574 5066 2632 5116 ιι,
2668 5052 2753 5105 ll.
2787 5049 2926 5104 Cod.
2972 5048 3212 5121 ῥύσεται.

2227 5125 2339 5194 (89)
2389 5121 2628 5176 Sirach.
2689 5137 2802 5188 ιιι,
2853 5124 2942 5188 21,
2973 5119 3103 5176 ⁷ιιὺί
3161 5119 3526 5198 χαλεπώτερά
3581 5145 3677 5179 σου
3744 5125 3820 5197 μή

2160 5197 2328 5264 ζήτει.

2227 5267 2340 5336 (90)
2372 5263 2566 5336 Codex
2608 5262 2786 5336 habet
2814 5258 2980 5330 ἥσθη.

2225 5334 2337 5409 (91)
2365 5335 2497 5407 Sap.
2533 5334 2750 5390 Salom.
2781 5351 2856 5404 iv,
2891 5337 2976 5389 12.

468 5563 543 5634 (b‘
575 5562 903 5644 Necppa'xb
933 5564 1284 5644 bonumest.
1319 5569 1592 5644 Reponas
1625 5565 1817 5644 βραδὺ,
1850 5575 1918 5644 ut
1948 5575 2067 5644 θείη

2253 5569 2594 5641 Gregorium
2627 5567 2756 5644 Naz.
2774 5568 2881 5644 9r.
2913 5584 3055 5644 vn},
3111 5585 3245 5644 pag.
3301 5572 3422 5627 147.
3452 5569 3813 5644 ερεηιιιιιιιιεὶ

468 5587 542 5634 (0·
575 5587 688 5617 nec
721 5587 901 5635 Ppaku
933 5587 1154 5620 Donum
1179 5587 1284 5622 BSt.
1321 5587 1592 5640 neponas
1625 5587 1817 5642 βραου,
1850 5587 1918 5625 nt
1948 5587 2218 5643 esn,apua
2253 5587 2594 5641 uregorium
2627 5587 2756 5621 ΗΕΖ.
2787 5587 2881 5624 UI‘.
2944 5587 3055 5634 VIII,

396 5632 523 5689 hac
544 5635 786 5690 nomina
809 5637 1003 5693 notavi
1035 5637 1108 5692 ad
1139 5639 1410 5693 Aristaan.
1449 5640 1604 5694 Adde
1636 5641 2082 5698 Rittershusad
2116 5643 2317 5699 isidor.
2344 5643 2520 5696 Petus
2551 5655 2632 5708 ιιι,
2671 5642 2728 5692 Η
2766 5641 2854 5694 Ea:
2885 5587 3150 5696 Addam}?
