4152 6312
404 399 562 460 1073

1800 396 2406 459 GNOMOLOGIUM.

3659 400 3813 460 407l-

478 529 764 600 Βιάζεσθαί
815 550 938 585 τινα
1017 529 1260 605 γενέσθαι
1327 527 1517 603 καλὸν,
1579 530 1678 586 οὐκ
1732 528 1876 585 ἔστιν
1921 528 2030 584 εἶναι

2241 531 2458 602 Cogere
2487 531 2751 602 aliquem
2813 536 2878 587 ut
2904 540 3099 586 bonus
3150 531 3272 599 ﬁat,
3333 549 3453 587 non
3493 533 3704 604 probat
3751 552 3813 590 se

401 620 594 676 καλόν.

475 709 702 766 Βέλτιον
733 715 1014 785 καρτερεῖν
1070 706 1350 785 δυσχερῶν
1411 707 1751 787 ἐρχομένων,
1801 710 1835 777 ἢ
1872 714 2050 778 ζητεῖν

408 801 590 854 αὐτῶν
623 798 800 854 λύσιν·
852 799 914 853 τὸ
975 800 1068 871 μὲν
1127 799 1230 875 γάρ
1290 797 1401 854 ἐστι
1458 798 1716 873 πρόξενον
1771 798 2049 870 ἀπαθείας,

407 887 469 944 τό
501 885 557 944 δὲ
588 885 903 962 ἀνανδρείας
930 890 1252 962 τεκμήριον.

543 979 741 1052 Βαρεῖα
769 975 862 1031 καὶ
893 974 1238 1052 δύσχρηστος
1268 979 1303 1046 ἡ
1338 973 1566 1030 πολλῶν
1598 976 1796 1050 κρίσις·

535 1068 599 1124 Ἦ
630 1071 728 1120 τοῦ
765 1071 922 1137 Θεοῦ,
958 1063 1164 1136 δικαία,
1198 1067 1485 1140 συμπαθής
1516 1064 1642 1136 δλη.

466 1159 567 1214 ’16
631 1157 762 1212 Βίου
819 1159 935 1228 (92)
993 1162 1169 1229 μῆκος
1204 1203 1219 1228 ,
1281 1152 1656 1230 προσδοκηθέν
1717 1156 1834 1228 μὶν⁹
1880 1154 2044 1210 πολύ·

391 1243 751 1321 παραδραμόν
805 1242 880 1313 δὲ,
937 1243 1154 1319 ὀνείρου
1185 1245 1276 1299 καὶ
1336 1251 1488 1306 σκιᾶς
1543 1244 1683 1299 ἐστιν
1742 1241 2047 1319 ἀμυδρότε-

387 1355 503 1409 ρον.
1345 1404 1347 1406 η

459 1422 806 1497 Χαρικλείας.
859 1456 930 1466 —-
972 1421 1204 1497 Βλέμμα
1267 1427 1380 1498 (93)
1432 1423 1574 1478 οὕτω
1629 1421 1906 1498 λαμπρὸν,
1955 1424 2044 1477 καὶ

391 1513 690 1588 εὐσχήμων
723 1509 848 1588 ὄψις
876 1512 990 1587 ἄμα
1018 1513 1109 1568 καὶ
1141 1511 1458 1588 ἐπέραστος,
1511 1513 1775 1587 εὐγενείας
1811 1511 2040 1592 ἔμφασιν

389 1605 744 1679 παρίστησιν.

458 1699 742 1768 Ἀριστ....
777 1695 910 1768 (94).

671 1779 1014 1852 Βουλήσεταί
1040 1804 1124 1846 τις
1158 1782 1370 1857 μᾶλλον
1397 1782 1434 1852 ἢ
1467 1780 1753 1854 δυνήσεται

2162 621 2386 675 bonum
2419 638 2567 678 esse.

2233 711 2441 766 Melius
2474 711 2768 765 sustinere
2795 711 2954 766 mala
2975 711 3399 783 contiugentia,
3432 728 3609 782 quam
3639 729 3810 782 quaa-

2160 818 2292 856 rere
2319 818 2524 857 eorum
2555 801 2932 856 solutionem.
2973 802 3166 857 Unum
3198 802 3356 856 enim
3391 801 3658 857 dolorem
3701 803 3816 857 tol-

2160 890 2248 961 lit,
2282 890 2536 945 alterum
2558 907 2692 946 vero
2723 890 3135 946 inﬁrmitatem
3167 891 3428 946 denotat.

2268 984 2447 1038 Grave
2479 988 2536 1036 et
2565 999 2841 1053 asperum
2873 982 3198 1037 multorum
3221 983 3517 1053 judicium
3545 1000 3558 1048 ;

2268 1073 2366 1124 Dei
2396 1077 2592 1126 autem
2627 1072 2857 1142 justum
2911 1076 2968 1126 et
3013 1070 3378 1142 benignitate
3430 1071 3696 1142 plenum.

2232 1160 2371 1214 Vitas
2404 1160 2662 1231 spatium
2696 1160 2855 1231 quod
2891 1167 3263 1231 exspectatur
3300 1177 3604 1232 magnum,
3648 1160 3805 1231 quod

2158 1254 2357 1304 autem
2389 1249 2698 1320 praeteriit,
2732 1251 2965 1304 somnio
2997 1255 3056 1304 et
3083 1249 3294 1305 umbra
3323 1250 3510 1305 levius
3540 1255 3648 1304 est.

2231 1429 2536 1482 Charicliae.
2564 1459 2630 1468 —
2665 1428 2884 1482 Oculus
2911 1429 2993 1482 ita
3031 1428 3284 1495 lucidus,
3333 1433 3390 1481 et
3443 1428 3635 1483 vultus
3669 1445 3797 1499 spe-

2153 1517 2350 1572 ciosus
2383 1517 2562 1572 simul
2595 1521 2653 1571 et
2681 1517 2970 1580 amabilis,
3004 1517 3389 1589 ingenuitatis
3421 1517 3800 1589 signiﬁcatio-

2153 1623 2289 1662 nem
2321 1624 2441 1677 ιιι-εει
2475 1622 2536 1661 se
2566 1607 2699 1662 fert.

2221 1697 2394 1751 Arist.

2460 1785 2622 1840 Volet
2655 1785 2788 1856 quis
2827 1786 3014 1858 magis
3047 1801 3224 1856 quam
3255 1785 3489 1856 poterit.

456 1873 658 1948 Σιράχ-
692 1869 1060 1936 -Βασιλεὺς
1124 1875 1237 1946 <95)
1286 1874 1548 1952 φρόνιμος
1609 1871 1886 1928 εὐστάθεια
1941 1870 2030 1944 δή-

2222 1875 2436 1930 Sirach.
2471 1906 2535 1916 —
2569 1877 2690 1930 Rex
2717 1874 2980 1946 prudens
3007 1875 3208 1946 populi
3234 1874 3510 1928 ﬁrmitas.

388 1984 514 2038 μου.

459 2054 632 2129 Βαρέα
667 2056 780 2128 (96)
809 2058 980 2109 ταῦτα
1035 2053 1302 2128 ἀνθρώπῳ
1359 2050 1541 2128 ἔχοντι
1599 2055 1878 2130 φρόνησιν,
1913 2053 2026 2108 έπι-

383 2144 612 2216 τίμησις
645 2143 818 2205 οἰκίας
848 2143 939 2198 καὶ
971 2139 1279 2216 ὀνειδισμὸς
1310 2140 1612 2202 δανειστοῦ.

384 2304 386 2306 ν
460 2230 751 2308 Βδέλυγμα
832 2235 941 2305 (97)
1028 2232 1391 2310 ὑπερηφανίας
1454 2234 1794 2303 ταπεινότης·
1855 2231 2030 2296 οὕτως

390 2319 678 2399 βδέλυγμα
707 2319 959 2394 πλουσίῳ
991 2322 1242 2399 πτωχός.

460 2408 763 2485 Μενάνδρου
790 2414 924 2482 (98).

528 2496 764 2563 Βέϐαιος
787 2503 899 2573 (99)
932 2497 1059 2568 ἴσθι,
1089 2500 1179 2554 καὶ
1214 2495 1457 2574 βεϐαίοις
1493 2504 1615 2575 χρῶ
1645 2499 1850 2579 φίλοις·

531 2592 661 2653 Βίος
699 2585 944 2666 βέϐαιος,
978 2588 1220 2645 εὐτέλεια
1244 2585 1496 2663 σόμϐιος·

531 2682 593 2738 Ἣ
625 2678 956 2755 λαμπρότης
988 2680 1092 2755 γὰρ
1123 2682 1158 2748 ἠ
1192 2678 1379 2754 γηίνη,
1412 2679 1502 2733 καὶ
1530 2680 1696 2734 κάτω.

528 2767 697 2832 Τέλος
730 2765 996 2826 λαϐοῦσα.
1031 2769 1218 2848 φάσμα
1248 2768 1340 2822 καὶ
1372 2765 1497 2843 ὄναρ
1523 2767 1700 2825 πέλει.

458 2864 497 2916 1
516 2862 552 2916 7
592 2853 851 2932 Βαρϐίου.

529 2951 658 3009 Βίος
687 2950 759 3018 (4)
793 2943 1050 3010 ἀϐέϐαιὸς
1086 2948 1284 3010 παντὸς
1314 2944 1503 3022 ἀνδρὸς
1534 2946 1841 3018 ἀπλήστου.

530 3035 749 3094 Ἐλπίσι
786 3038 1031 3111 ματαίων
1060 3035 1394 3112 πραγμάτων
1436 3035 1745 3092 ἀναλοῦται.

459 3129 722 3188 Βιοῦντας
780 3129 927 3199 ἡμᾶς
989 3125 1040 3180 έν
1109 3125 1400 3199 αὐταρκείᾳ
1453 3131 1700 3202 κρεῖστον
1775 3124 2033 3206 ἀσφαλῶς

391 3221 508 3290 ζῇν,
566 3215 836 3296 ¹ἢτρυφᾷν
897 3214 1269 3290 βουλομένους
1327 3219 1426 3288 (2),
1481 3212 1747 3276 κινδύνοις
1805 3215 2028 3279 ἑαυτοὺς

386 3303 740 3380 ἐπιῤῥίπτειν.

454 3395 585 3456 Βίος
645 3395 673 3449 ὁ
734 3393 922 3468 παρὼν
983 3393 1184 3464 λύπης,
1249 3398 1525 3468 μεριμνῶν
1581 3395 1674 3449 καὶ
1733 3392 2032 3474 φροντίδων

363 3482 698 3562 ἀνωφελῶν,
728 3482 842 3538 ἐστι
878 3483 1096 3555 μεστός·
1130 3482 1262 3538 αἰὼν
1293 3479 1338 3536 δ’
1365 3483 1392 3536 ὁ
1427 3480 1650 3555 μέλλων
1699 3479 1882 3552 δόξης,
1923 3503 2031 3557 χα-

387 3578 506 3646 ρᾶς,
539 3573 782 3646 εἰρήνης,
827 3579 1037 3651 τρυφῆς
1070 3569 1396 3647 ἀδιαδόχου,
1455 3577 1572 3634 τοῖς
1602 3571 1773 3642 ἀξίοις
1805 3566 1879 3626 ἔνι
1911 3594 2031 3650 χω-

392 3663 529 3737 ρίον,
569 3662 643 3723 ὡς
677 3665 914 3735 Χριστοῦ
946 3660 1154 3740 φίλοις.

455 3753 728 3814 Φίλωνος.
760 3785 832 3795 —
861 3747 1139 3826 Βλαϐεραὶ
1185 3757 1293 3807 τῶν
1353 3750 1595 3821 ἀνοήτων
1657 3751 1712 3806 αί
1736 3772 2028 3822 συνουσιαι,

385 3843 477 3897 καὶ
545 3843 748 3896 ἄκουσα
803 3840 1074 3903 πολλάκις
1126 3843 1160 3910 ἡ
1214 3842 1366 3918 ψυχὴ
1427 3847 1524 3909 τῆς
1581 3838 1793 3894 ἐκείνων
1850 3861 2033 3918 φρενο-

387 3925 646 3992 ϐλαϐείας
676 3930 978 4002 ἀπομάττει
1010 3931 1076 3984 τά
1107 3926 1333 3987 εἴδωλα.

461 4017 824 4093 Ἰσοκράτους.
872 4050 945 4061 -—
1007 4015 1260 4092 Βραδέως
1326 4019 1400 4091 (3)
1461 4018 1556 4090 μὲν
1613 4015 1777 4092 φίλος
1824 4019 1980 4091 γενοῦ
2013 4063 2028 4088 ,

381 4111 672 4188 γενόμενος
707 4106 765 4164 δὲ
811 4113 986 4184 πειρῶ
1044 4106 1335 4182 διαμένειν·
1374 4110 1583 4182 ὁμοίως
1639 4109 1740 4184 γὰρ
1799 4109 2027 4184 αἰσχρὸν

380 4200 582 4276 μηδένα
621 4200 789 4282 φίλον
847 4199 1012 4278 ἐγειν,
1071 4201 1163 4255 καὶ
1222 4197 1474 4263 πολλοὺς
1522 4199 1768 4275 έταίρους
1827 4198 2028 4274 μεταλ·

379 4292 619 4352 λάττειν.

452 4381 865 4456 Βουλευόμενος
924 4385 998 4454 (li)
1057 4379 1474 4457 παραδείγματα
1556 4385 1715 4437 ποιοῦ
1771 4384 1836 4438 τὰ
1891 4401 2031 4456 παρ-

451 4653 564 4722 (92)
598 4654 699 4707 Est
729 4658 787 4708 et
818 4652 969 4723 apud
1004 4653 1234 4706 Maxim.
1271 4653 1326 4706 S.
1364 4656 1482 4723 15ολ.

450 4719 590 4797 (93);
621 4719 873 4797 Heliod.‘
909 4741 1006 4790 vn,
1059 4727 1140 4777 12.
1203 4723 1342 4797 God.
1412 4719 1694 4797 εὔσχημον
1727 4757 1798 4765 -
1836 4721 2021 4794 ἐπέρα-

380 4813 525 4868 στον.
561 4795 786 4868 Saepius
817 4811 850 4850 a
879 4796 1280 4868 grammaticis
1341 4800 1410 4868 et
1433 4795 1879 4868 excerptoribus
1911 4798 2023 4850 He-

375 4866 588 4921 liodori
619 4866 900 4922 fabulam‘
925 4867 1038 4940 sub
1083 4867 1331 4940 nomine
1357 4867 1660 4940 Charicliaa
1694 4868 2022 4940 iallegatam

377 4954 505 4994 esse
539 4945 826 4993 notarunt
854 4937 1041 4992 critici
1079 4954 1091 4990 :
1125 4937 1253 4991 vide
1301 4938 1647 4992 Dorvillium
1690 4939 1750 4992 in
1779 4937 2020 4993 Miscell.

379 5009 516 5065 Obs.
553 5015 591 5065 t.
617 5011 739 5081 VII,
766 5028 819 5081 p.
856 5012 980 5074 371,
1015 5009 1114 5081 ubi
1148 5008 1302 5063 male
1336 5009 1613 5063 Iacobum
1642 5010 2023 5081 Nicopoleum

374 5081 692 5151 vocat.qui
726 5080 784 5136 ε
842 5080 1163 5151 Leopardo.
1217 5081 1460 5151 Emend.
1521 5097 1602 5146 ιιι,
1635 5083 1722 5145 25,
1757 5080 2024 5135 Nicoleos

376 5154 571 5224 vocari
605 5150 859 5207 debebat
892 5169 903 5206 :
939 5168 1091 5224 nam
1128 5152 1211 5206 sic
1242 5150 1615 5224 ἀττικωτέρως
1646 5168 1680 5206 a
1723 5153 2024 5223 LeOpardo

381 5223 572 5278 dictus
607 5231 700 5277 est
727 5225 845 5278 Jac.
882 5223 1158 5277 Nicolaus
1191 5224 1452 5289 Loensis,
1489 5225 1658 5291 cujus
1697 5224 2025 5294 Epiphy'lli-

379 5295 519 5349 dum
552 5295 736 5349 libros
756 5297 983 5349 Gruter:
1014 5295 1075 5349 in
1099 5293 1389 5366 Lampade
1421 5294 1622 5350 edidit.
1649 5293 2024 5359 Quod’obiter

381 5365 604 5420 dictum
628 5374 774 5420 esto.

423 5367 604 5421 ictum
628 5374 774 5422 esto.

447 5440 562 5508 (94)
621 5437 914 5493 lambicus
951 5453 981 5490 e
1013 5453 1211 5501 scena,
1264 5442 1330 5491 ut
1387 5436 1633 5504 videtur,
1695 5437 1937 5508 petitus,
1970 5444 2028 5491 et

378 5507 580 5562 forsan
615 5525 686 5563 ex
726 5509 1152 5579 Aristophane,
1203 5510 1436 5579 Gregor.
1499 5510 1629 5579 Naz.
1689 5507 1860 5579 Orat.)
1906 5526 2022 5568 xm.

380 5596 437 5704 ἓ).
473 5583 574 5633 20⁸7
609 5581 648 5634 C
672 5577 804 5664 :“Té
855 5573 1162 5631 δῖκαλὰὸ
1193 5573 1385 5657 φθόνος
1446 5577 1776 5650 βουλήσεται
1811 5578 1930 5651 μὲν,
1964 5579 2027 5632 οὗ

417 5652 667 5704 υνῆσεται
701 5647 777 5703 οέ.

417 5667 509 5713 υνη
520 5669 667 5704 σεται
701 5667 777 5703 οε.

454 5724 565 5790 (95)
599 5723 732 5793 Sap.
767 5721 986 5787 Salom,
1017 5737 1092 5791 γι,
1117 5723 1206 5777 24.

2203 2053 2410 2111 Gravia
2439 2054 2564 2108 haec
2591 2054 2819 2108 homini
2869 2054 3111 2108 habenti
3144 2053 3544 2125 prudentiam,
3580 2052 3794 2123 objur-

2130 2145 2286 2218 gatio
2317 2143 2530 2198 domus
2563 2149 2623 2197 et
2651 2143 3014 2198 contumelia
3039 2143 3498 2198 commodantis.

2202 2231 2530 2288 Fastidium
2562 2231 2855 2302 superbiae
2879 2232 3208 2303 humilitas,
3246 2232 3331 2286 sic
3379 2237 3438 2285 et
3467 2230 3774 2286 fastidium

2137 2323 2301 2378 diviti
2333 2337 2577 2393 pauper

2206 2412 2498 2470 Menandri
2529 2426 2546 2465 :

2207 2505 2496 2559 Constans
2528 2507 2676 2569 esto,
2702 2506 2760 2555 et
2787 2503 3198 2557 constantibus
3230 2507 3394 2556 utere
3426 2502 3655 2560 amicis.

2208 2593 2342 2647 Vita
2371 2596 2676 2657 constans,
2699 2591 3006 2662 frugalitas
3043 2592 3103 2646 in
3135 2593 3285 2648 vita:

2209 2684 2353 2737 Nam
2386 2679 2672 2751 splendor
2704 2680 2998 2734 terrestris
3031 2680 3214 2735 finem
3268 2680 3425 2735 brevi
3467 2680 3784 2753 accipiens.

2213 2771 2577 2825 Phantasma
2607 2774 2666 2822 et
2695 2769 2994 2824 somnium
3017 2775 3126 2824 est.

2210 2859 2405 2913 Babrii
2434 2874 2454 2912 :

2211 2949 2341 3002 Vita
2371 2947 2718 3001 inconstans
2749 2945 2943 3000 omnis
2968 2945 3228 3001 hominis
3259 2947 3640 3019 insatiabilis,

2213 3038 2323 3109 Spe
2356 3052 2640 3090 vanarum
2672 3051 2871 3090 rerum
2902 3036 3290 3091 consumitur.

2212 3125 2470 3180 Vivendo
2499 3125 2559 3179 in
2583 3124 2902 3179 sobrietate
2924 3125 3138 3180 melius
3161 3131 3250 3181 est
3269 3142 3378 3180 nos
3399 3130 3521 3181 tute
3550 3127 3782 3199 degere,

2142 3232 2320 3286 quam
2347 3213 2675 3284 voluptates
2707 3213 3049 3283 quaarendo,
3084 3215 3146 3270 in
3177 3215 3442 3286 pericula
3460 3232 3570 3270 nos
3591 3216 3782 3288 proji-

2059 3275 2102 3342 C
2142 3275 2294 3361 cere.

2211 3395 2342 3450 Vita
2387 3412 2652 3467 praisens
2709 3394 2927 3460 luctus,
2987 3410 3263 3449 curarum
3305 3401 3364 3450 et
3416 3396 3782 3451 anxietatum

2137 3485 2449 3540 noxiarum
2480 3486 2656 3557 plena
2688 3489 2813 3550 est;
2874 3483 3072 3539 futura
3097 3502 3231 3540 vero
3289 3485 3512 3556 gloriae,
3564 3487 3762 3558 gaudii

2137 3577 2322 3646 pacis,
2355 3575 2671 3646 voluptatis
2704 3573 3069 3629 inexhaustas
3101 3575 3193 3629 his
3223 3575 3326 3644 qui
3357 3575 3516 3646 digni
3561 3577 3785 3631 fuerint

2137 3664 2309 3719 sedes
2337 3670 2444 3728 est,
2479 3679 2693 3733 nempe
2725 3663 2941 3717 Christi
2973 3662 3198 3720 amicis.

2206 3753 2474 3807 Philonis.
2509 3782 2576 3791 —
2607 3751 2803 3804 Noxia:
2835 3757 2975 3805 sunt
3002 3751 3317 3806 stultorum
3364 3753 3696 3821 societates,
3726 3760 3785 3809 et

2136 3843 2316 3897 invita
2347 3841 2563 3912 smpius
2581 3857 2749 3895 mens
2764 3856 2969 3894 eorum
2993 3839 3301 3895 dementias
3326 3841 3779 3898 similitudinem

2134 3931 2334 3986 refert.

2205 4021 2479 4075 Isocratis.
2505 4049 2572 4059 -—
2599 4018 2783 4074 Tarde
2815 4018 3040 4074 amicus
3073 4019 3332 4084 efﬁcere,
3358 4020 3548 4076 factus
3580 4026 3776 4076 autem

2135 4126 2486 4182 permanere
2511 4114 2672 4164 tenta
2695 4130 2710 4175 ;
2738 4109 2961 4180 pariter
2990 4111 3148 4165 enim
3181 4115 3351 4182 turpe
3373 4116 3462 4166 est
3477 4113 3776 4167 neminem

2135 4200 2352 4256 habere
2383 4199 2642 4255 amicum
2693 4205 2752 4254 et
2782 4199 2999 4254 multos
3041 4200 3365 4256 familiares
3417 4207 3774 4272 permutare.

2207 4381 2511 4437 Meditanti
2543 4382 2845 4452 praaterita
2883 4382 3032 4438 ﬁant
3077 4381 3413 4437 futurorum
3469 4383 3776 4454 exempla;

2055 4643 2104 4709 Ι)
2208 4653 2316 4722 (96)
2349 4650 2571 4706 Sirach.
2615 4649 2886 4722 xx:x,728.

2207 4716 2318 4793 (97)
2351 4722 2574 4776 Sirach.
2609 4737 2728 4785 xm,
2757 4721 2867 4793 20_:
2894 4717 2998 4793 ubi
3032 4716 3380 4793 ὑπερηφάνῳ..

2206 4786 2316 4865 (98)
2349 4795 2572 4865 Nomen
2605 4790 2928 4865 Menandri,
2961 4786 3281 4865 male_'an'te
3313 4786 3777 4865 (SSékuypaposi-

2134 4861 2259 4922 tum
2292 4861 2326 4919 ἐι
2351 4863 2614 4928 librario,
2656 4863 2772 4916 huc
2803 4862 3157 4931 transposui.
3192 4861 3502 4916 Peccatum
3535 4879 3568 4916 a
3597 4861 3775 4916 libra-

2133 4939 2239 4992 riis
2270 4943 2360 4989 est
2390 4950 2543 5004 saape
2569 4934 2627 4986 in
2661 4933 3009 4986 lemmatum
3042 4933 3201 4987 sede.

2206 5011 2318 5078 (99,-
2350 5008 2412 5059 ln
2447 4997 2606 5078 S'ent.
2638 5004 2802 5078 _Sing.r
2826 5004 3128 5078 Menandri
3153 5003 3373 5078 editum
3406 5006 3519 5061 fuit
3542 4997 3774 5078 βεϐαίως

2135 5069 2518 5151 ᾳιιόάὶιιιτοιιί
2549 5074 2676 5151 _cod_.
2713 5069 2870 5151 4169.
2908 5074 3017 5151 Sed
3049 5083 3137 5129 est
3183 5069 3423 5151 βεϐαίρις
3476 5069 3773 5132 ἱιιόοάίοθ

2136 5147 2258 5205 396.
2299 5149 2436 5203 Vide
2459 5147 2708 5201 Meinek.
2744 5163 2799 5217 p.
2832 5149 2950 5200 3M.

2207 5221 2284 5291 (1)
2328 5221 2483 5274 Inter
2536 5218 2727 5272 Babrii
2790 5220 3016 5290 Fragm.
3075 5235 3132 5291 p.
3192 5223 3278 5283 52,
3330 5221 3403 5274 ad
3451 5220 3585 5274 Fab.
3648 5222 3772 5274 208.

2135 5290 2780 5366 protuiitr'l‘yrwhittus,
2815 5306 2883 5366 ex
2927 5290 3227 5366 Georgidis
3274 5293 3462 5366 nostri
3520 5293 3775 5366 mediceo

2137 5360 2359 5420 codice.
2395 5360 2541 5417 Mille
2592 5361 2778 5418 edidit
2831 5360 3151 5434 ἀναχοῦται,
3213 5364 3371 5434 quod
3424 5370 3481 5418 et
3511 5363 3778 5418 exhibuit

2136 5453 2328 5507 nuper
2347 5436 2577 5507 Berger.
2595 5451 2671 5507 Ap.
2707 5435 2791 5507 “i2.

2208 5502 2283 5578 (-2)
2315 5502 2854 5578 ΕΟάῘβοιιλρμένοις
2886 5510 2944 5559 et
2966 5503 3193 5578 ἑαυτοῖς.

2209 5570 2283 5647 (3)
2316 5570 2503 5632 Ιεοοιῦ
2527 5576 2600 5632 ad
2631 5570 2875 5649 D‘emon.
2910 5593 2965 5646 p.
3001 5579 3032 5629 5
3060 5593 3072 5630 :
3107 5577 3205 5631 ubi
3237 5574 3442 5649 γίγνου.
3470 5581 3618 5629 Ante
3640 5570 3782 5626 πολ-

2139 5649 2271 5709 λούς
2296 5649 2521 5704 inserui
2551 5647 2661 5714 καί,
2696 5648 2987 5702 editiones
3023 5647 3280 5702 secutus.

2206 5725 2286 5793 (4)
2322 5720 2464 5776 lbid.
2495 5735 2550 5789 p.
2584 5723 2636 5773 7.
