4146 6302
282 332 459 394 1079)
1566 333 1944 397 GEORGIDI

2101 335 2395 398 ONAGHI
3541 342 3701 405 1080

283 469 544 525 custodit
571 468 836 541 linguam
853 467 1207 531 suam,velut
1226 483 1434 522 amans
1459 483 1627 522 suam
1650 467 1933 534 animam;

2099 471 2212 542 ηρεῖ
2237 468 2336 536 τὴν
2366 468 2557 523 ἑαυτοῦ
2615 466 2890 545 γλῶσσαν,
2942 470 3014 531 ὡς
3072 469 3295 546 ἀγαπῶν
3346 469 3445 538 τήν
3504 471 3697 526 ἑαυτοῦ

283 566 349 613 et
378 562 478 631 qui
507 560 846 616 adulatione
869 560 1056 613 utitur
1086 559 1309 630 decipit
1337 575 1440 614 cor
1459 560 1598 613 boni
1623 564 1680 613 et
1695 558 1935 614 beatum

288 649 431 704 facit
461 666 594 703 eum
640 649 699 702 in
733 664 995 702 errorem
1030 648 1341 702 inducens.

359 739 466 804 Qui
491 737 754 793 scientim
785 753 935 791 verte
968 742 1057 791 est
1083 737 1400 809 particeps,
1460 743 1519 792 et
1577 738 1676 792 Dei
1728 736 1934 792 dulce-

289 829 490 882 dinem
523 826 801 897 gustavit,
858 840 1052 896 neque
1104 841 1368 897 unquam
1410 826 1682 898 judicare
1738 825 1934 895 debet,

286 933 481 987 neque
504 915 638 969 lites
660 913 905 968 omnino
934 914 1246 983 suscitare,
1281 916 1547 986 quamvis
1580 921 1935 986 raperentur

291 1023 360 1060 ea
389 1005 603 1074 quibus
636 1010 761 1056 erat
791 1004 1055 1058 vestitus.
1074 1006 1216 1059 Nam
1238 1006 1577 1077 principum
1602 1005 1810 1059 mundi
1832 1005 1936 1058 hu-

282 1094 384 1164 jus
407 1092 644 1164 justitia
672 1091 867 1162 potius
900 1091 1051 1145 nihil
1085 1098 1173 1146 est
1208 1092 1280 1147 ad
1312 1092 1414 1146 Dei
1436 1092 1756 1163 justitiam.

350 1284 524 1337 Pater
555 1279 862 1351 sapientia:
894 1280 1073 1334 timor
1103 1280 1337 1334 Domini
1365 1297 1379 1347 ;
1403 1278 1504 1350 qui
1533 1279 1705 1334 timet
1740 1277 1933 1333 Domi-

289 1387 433 1425 num
465 1386 585 1425 non
610 1368 832 1423 multos
856 1368 1290 1422 reformidabit.

354 1465 546 1516 Causa
576 1457 900 1513 multorum
930 1456 1223 1522 dolorum,
1240 1462 1298 1512 et
1317 1455 1935 1528 corruptiofructuum

287 1548 522 1605 virtutis
553 1547 704 1602 solet
734 1563 861 1601 esse
889 1546 1174 1617 loquendi
1210 1546 1473 1601 libertas.

362 1638 638 1704 Quietum
692 1641 752 1690 et
806 1635 1197 1705 tranquillum
1264 1635 1572 1691 hominem
1647 1635 1936 1707 patientia

290 1727 451 1783 facit.

362 1815 622 1871 Mulieris
652 1812 898 1868 blanditi
940 1831 955 1867 ι
989 1814 1283 1885 serpentis
1312 1813 1543 1869 sibilus.

364 1904 522 1959 Nihil
552 1903 667 1957 nisi
700 1919 889 1973 genus
918 1901 1169 1957 ﬂuidum
1197 1904 1374 1958 homo
1398 1908 1489 1959 est
1516 1920 1530 1970 ;
1554 1919 1695 1959 nam
1744 1907 1934 1958 morte

286 1994 441 2060 vivit,
476 1994 653 2046 vitam
682 1992 913 2047 habens
942 2008 1061 2046 non
1085 1992 1437 2047 durabilem.

360 2080 596 2137 Luciani
629 2095 643 2134 :

287 2173 527 2227 Terram
554 2170 859 2241 ingressus
887 2185 1017 2224 sum
1042 2168 1260 2237 nudus,
1295 2168 1492 2224 nudus
1552 2170 1660 2224 sub
1720 2174 1939 2223 terram

1646 2258 1815 2329 [abeo
1854 2275 1867 2312 :

290 2354 360 2405 Et
385 2367 491 2403 cur
518 2349 739 2403 l'ruslra
768 2346 995 2409 laboro,
1020 2347 1243 2401 nudum
1281 2348 1461 2402 tinem
1494 2363 1745 2402 cernens
1774 2347 1801 2401 ?

366 2438 718 2507 Thcognidis.
739 2468 802 2478 —-
828 2437 1069 2491 Mul.ere
1096 2436 1253 2491 bona
1283 2437 1515 2491 nullum
1539 2436 1942 2507 pulchriorem

292 2530 637 2583 thesaurum
671 2527 757 2580 vir
786 2525 1069 2597 possidet.

362 2618 692 2673 δαίοηιοηιε.
718 2647 785 2654 -
817 2615 1040 2686 Lingua
1088 2613 1307 2684 duplex
1338 2613 1558 2669 multos
1602 2615 1943 2682 commovit,

291 2712 349 2761 et
379 2707 480 2777 qui
513 2705 601 2760 illi
632 2709 801 2775 paret
830 2720 950 2758 non
984 2703 1247 2758 inveniet
1276 2703 1567 2774 requiem.

353 2886 499 2941 Cum
532 2883 774 2938 homine
804 2883 1073 2955 linguato
1116 2898 1195 2938 ne
1218 2882 1436 2954 litiges,
1468 2897 1664 2953 neque
1691 2882 1753 2937 in
1785 2882 1948 2938 illius

307 2975 503 3047 ignem
534 2973 695 3044 ligna
714 2988 1020 3040 congeras.

370 3064 593 3136 Lingua
624 3063 983 3134 sapientium
1013 3061 1168 3116 bona
1199 3065 1482 3132 praestat;
1515 3062 1746 3117 sanatio
1790 3062 1949 3118 enim

311 3152 528 3225 linguae
560 3151 737 3207 arbor
764 3152 918 3205 vitae.

374 3242 597 3312 Lingua
613 3239 869 3294 mendax
897 3239 1021 3294 odit
1041 3239 1375 3293 veritatem.

373 3330 549 3384 Risus
581 3328 797 3382 stultus
828 3328 889 3382 in
920 3327 1148 3382 deliciis
1198 3328 1446 3398 peccati,
1482 3332 1540 3382 et
1568 3326 1862 3398 insipiens
1892 3328 1955 3383 in

303 3418 430 3473 risu
452 3417 672 3473 exaltat
702 3434 904 3472 vocem
936 3432 1104 3472 suam
1140 3434 1153 3484 ;
1202 3417 1291 3471 vir
1317 3422 1517 3472 autem
1569 3417 1832 3488 prudens
1863 3417 1955 3471 vix

302 3507 479 3561 tacite
510 3505 861 3561 subridebit.

365 3596 650 3651 Senectus
681 3595 1036 3650 venerabilis
1070 3612 1191 3650 non
1224 3595 1729 3665 diuturna,neque
1760 3611 1950 3650 anno-

300 3702 435 3741 rum
466 3702 716 3741 numero
748 3692 1165 3757 computatur;
1198 3701 1348 3741 cana
1380 3685 1540 3740 enim
1573 3690 1663 3739 est
1690 3684 1952 3755 pruden-

294 3777 377 3831 tia
407 3776 839 3840 hominibus,et
872 3782 1015 3831 setas
1048 3776 1375 3831 senectutis
1397 3775 1514 3830 vita
1545 3776 1946 3831 immaculata.

370 3864 573 3920 Dulcis
604 3882 849 3921 somnus
880 3865 1053 3932 servi,
1091 3865 1210 3920 sive
1269 3881 1480 3936 parum
1533 3865 1650 3920 sive
1698 3864 1953 3920 multum

302 3955 597 4010 comedat.

381 4045 590 4101 Mulier
618 4044 799 4099 stulta
830 4048 889 4097 et
904 4043 1094 4099 audax
1116 4059 1268 4114 pane
1289 4043 1564 4113 indigens
1582 4043 1807 4113 fit,quaa
1828 4060 1948 4099 non

301 4134 465 4190 novit
494 4133 927 4189 confusionem.

373 4223 590 4280 Basilii.
624 4253 689 4264 —-
714 4221 1075 4277 Humilitatis
1106 4221 1471 4293 gymnasium
1502 4221 1618 4276 vita
1674 4221 1736 4275 in
1767 4220 1946 4276 rebus

301 4311 813 4371 communioribus
831 4316 1197 4366 conversata.

367 4402 755 4458 Muliebribus
786 4399 1209 4471 cupiditatibus
1233 4399 1281 4455 si
1312 4399 1397 4454 vis
1429 4398 1720 4467 submitti,
1743 4399 1943 4456 virtuti

294 4492 533 4551 studere
574 4508 695 4547 non
728 4490 835 4545 vis.

365 4582 709 4638 Mulieribus
740 4580 893 4635 sicut
921 4579 1235 4650 respirare,
1271 4578 1354 4633 ita
1399 4577 1675 4649 jejunare
1733 4595 1938 4635 conve-
1975 4575 2021 4639 D

294 4674 470 4729 niens
499 4679 589 4727 est
620 4678 677 4726 et
707 4668 1035 4726 secundum
1066 4675 1360 4724 naturam.

288 4815 529 4889 χρηστὸν
561 4814 695 4881 ἦθος
739 4812 801 4868 οὐ
826 4813 1019 4881 τίκτει,
1054 4829 1231 4884 quem
1262 4813 1324 4867 in
1369 4813 1529 4884 regio
1574 4813 1776 4867 codice
1819 4828 1938 4868 non

293 4904 506 4942 reneri.

359 4905 749 5029 ῗὲἔῖγὶἀριαν
779 4957 984 5029 deesse
1012 4956 1278 5029 aliquid_._
1306 4987 1374 4996 —
1430 4956 1673 5029 Forsan,
1727 4951 1938 5008 δικαιο-

296 5023 428 5096 σύνη
460 5023 660 5100 ⁷μικρόν
690 5047 763 5094 τι,
802 5024 1015 5100 μᾶλλον
1042 5023 1134 5100 -δῖεέ
1155 5024 1337 5100 οὐδὲν.
1372 5058 1436 5067 --
1468 5028 1538 5100 Cl
1563 5044 1618 5097 p.
1654 5028 1744 5100 277,
1778 5028 1828 5079 4.

368 5098 481 5180 (89)
508 5098 637 5180 ἔστι
663 5099 920 5180 ίίέλθίδηίι
945 5098 1059 5180 sed
1102 5098 1377 5180 Ρεηεςιεθρ
1409 5098 1601 5180 Epist;-
1640 5099 1760 5180 49?;

369 5168 476 5239 (27)
508 5172 633 5224 Non
663 5169 1038 5239 Theognidis,
1074 5169 1177 5223 sed
1239 5168 1497 5239 Hesiodi.
1526 5168 1619 5239 Ἐ.
1669 5169 1795 5234 700,
1837 5168 1938 5223 ubi

297 5235 505 5313 Odyfév
538 5241 640 5314 γάρ
690 5260 743 5293 τι
792 5235 1047 5312 γυναικὸς
1107 5240 1243 5307 ἀνὴρ
1306 5238 1510 5307 ληίζετ’
1570 5235 1791 5310 ἂμεινον
1828 5244 1939 5306 Τῆς

291 5324 515 5389 ἀγαθῆς.

358 5387 471 5465 (ἓξ)
504 5381 726 5465 §iraclL
759 5385 958 5449 xxvm,

360 5454 472 5528 (29)
503 5454 728 5528 Sirach.
760 5470 953 5519 xxvm,
991 5457 1076 5528 16.

362 5521 473 5602 (30)
508 5526 728 5602 Sirach.
759 5542 880 5602 _v_1u,
906 5527 977 5580 3:
1017 5524 1118 5602 ubi
1181 5523 1255 5602 μὴ
1302 5521 1594 5602 ’διαμάχου
1653 5522 1789 5602 μετά
1845 5521 1938 5575 ἀν-

290 5591 520 5675 θρώπου
544 5591 934 5675 γλωσσώόους,
992 5594 1116 5675 nali”
1160 5591 1236 5667 μὴ
1298 5591 1682 5667 ἐπιστοιόάσῃς
1724 5592 1808 5651 in.
1875 5625 1940 5636 -—

291 5660 433 5730 Cod.
466 5660 773 5748 γλωσσώὲη
808 5675 867 5725 et
895 5660 1232 5735 ἐπιστύϐαζε.

2039 558 2251 630 ψυχήν·
2335 559 2427 610 καὶ
2489 556 2754 629 κολακείᾳ
2811 559 3101 633 χρώμενος
3188 555 3425 630 ἐξαπατᾷ
3476 557 3697 633 καρδίαν

2037 644 2242 699 ἀκὶκου
2271 645 2362 700 καὶ
2396 646 2681 721 μακαρίζει
2701 646 2920 702 πλανῶν
2955 647 3139 703 αὐτόν.

2110 734 2367 798 Γνώσεως
2413 736 2654 806 ἀληθοῦς
2718 758 2801 798 τις
2864 736 3134 815 μετέχων,
3193 736 3285 791 καὶ
3344 735 3693 811 γλυκύτητος

2039 827 2175 877 Θεοῦ
2201 826 2559 898 γευσάμενος,
2622 826 2744 880 οὕτε
2794 822 3029 894 δικάζειν
3087 824 3297 900 ὀφείλει
3351 824 3508 894 ποτὶ,
3569 827 3697 881 οὒτε

2040 909 2189 973 δίκας
2250 919 2417 967 κινεῖν
2479 909 2651 980 ὅλως,
2703 911 2800 968 κέν
2858 914 2996 969 αὐτὰ
3071 911 3343 993 ἀφέληταί
3398 935 3480 977 τις
3556 912 3694 990 ἅπερ

2038 1001 2360 1076 ἠμφίασται.
2396 1004 2458 1057 Ἣ
2487 1003 2588 1077 γὰρ
2618 1008 2726 1058 τῶν
2760 1004 3040 1079 ἀρχόντων
3097 1009 3195 1058 τοῦ
3250 1005 3465 1077 κόσμου
3496 1004 3692 1059 τούτου

2041 1087 2382 1162 δικαίοσύνη,
2413 1093 2627 1165 μᾶλλον
2660 1090 2717 1147 δὲ
2888 1092 3040 1148 οὐδὲν
3073 1092 3186 1150 ἐστι
3218 1093 3356 1169 πρὸς
3386 1094 3449 1147 τὸ
3481 1091 3692 1148 δίκαιον

2040 1184 2138 1235 τοῦ
2170 1185 2325 1238 Θεοῦ.

2113 1273 2213 1328 22
2247 1272 2521 1347 Γεννήτωρ
2553 1273 2863 1347 φρονήσεως
2915 1268 3083 1349 φόϐος
3139 1271 3361 1347 Κυρίου·
3424 1270 3623 1346 Κύριον
3660 1275 3689 1327 ὁ

2041 1353 2383 1437 φοϐούμενος
2412 1359 2472 1414 οὐ
2506 1357 2763 1415 δειλιάσει
2795 1362 2919 1422 τοὺς
2950 1360 3231 1422 πολλούς.

2113 1454 2150 1502 Γ
2155 1450 2432 1518 εννητικὸν
2461 1450 2675 1504 πάντων
2707 1455 2814 1505 τῶν
2848 1455 3033 1515 παθῶν
3067 1450 3156 1505 καὶ
3209 1448 3517 1526 διαφθεῖρον
3562 1450 3691 1513 τοὺς

2039 1543 2138 1606 τῆς
2169 1536 2365 1607 ἀρετῆς
2391 1537 2637 1613 καρποὺς
2660 1539 2894 1617 πὲιρυκεν
2994 1538 3302 1616 παρῥησία.

2113 1624 2354 1697 Γαληνὸν
2383 1627 2472 1682 καὶ
2503 1626 2780 1703 ἀτάραχον
2810 1626 2978 1703 ἃνδρα
3014 1629 3367 1704 μακροθυμία
3411 1633 3581 1686 ποιεῖ.

1967 1844 2013 1907 Β
2116 1812 2374 1886 Γυναίκὸς
2403 1822 2664 1879 κολακεία
2685 1825 2989 1898 ψιθύρισμα
3009 1821 3207 1901 ὄφεως.

2112 1916 2271 1977 Γένος
2319 1912 2394 1969 ὢν
2443 1914 2675 1989 ῥεύσεως
2731 1913 3015 1987 ἄνθρωπος
3074 1913 3229 1970 οὐδὲν
3279 1914 3412 1970 ἐστι·
3475 1913 3689 1986 θανάτῳ

2044 2003 2146 2081 γὰρ
2178 2008 2325 2072 ζωεῖ,
2361 2004 2506 2072 ζωήν
2539 2000 2682 2077 ἔχων
2712 2002 2775 2058 οὐ
2807 2000 3055 2072 διηνεκῆ.

2118 2094 2417 2146 Λουκιανοῦ
2428 2133 2440 2146 .

2117 2186 2224 2250 Γῆς
2257 2181 2365 2254 (26)
2416 2174 2613 2251 ἐπέϐην
2672 2179 2903 2255 γυμνὸς,
2990 2180 3199 2254 γυμνὸς
3257 2176 3305 2233 δ’
3362 2178 3468 2233 ὑπὸ
3533 2182 3698 2252 γαῖαν

3388 2269 3623 2340 (ἄπειμι.

2190 2360 2292 2416 Καὶ
2322 2360 2373 2414 τί
2405 2360 2578 2433 μάτην
2600 2361 2816 2434 μοχθῶ,
2848 2358 3054 2435 γυμνὸν
3079 2358 3219 2432 ὁρῶν
3246 2356 3309 2411 τὸ
3337 2356 3500 2419 τέλος
3538 2376 3551 2426 ;

2120 2445 2431 2522 Θεόγνιδος.
2465 2480 2532 2490 —
2570 2448 2827 2509 Γυναικὸς
2890 2449 3000 2521 (27)
3054 2445 3191 2516 ἀνὴρ
3274 2443 3428 2500 οὐδὲν
3492 2451 3692 2521 χρῆμα

2050 2534 2294 2604 λαΐζεται
2324 2534 2554 2590 κάλλιον
2587 2534 2811 2604 ἐσθλῆς.

2124 2623 2513 2698 Σολομῶντος.
2546 2657 2613 2666 -
2644 2625 2871 2678 Γλῶσσα
2904 2627 3013 2691 (28)
3071 2620 3231 2691 δισσὴ
3293 2620 3542 2682 πολλοὺς
3575 2620 3701 2675 ἐσά-

2052 2713 2229 2782 λευσε,
2262 2714 2351 2770 καὶ
2381 2716 2409 2770 ὁ
2439 2716 2551 2787 (29)
2610 2714 2900 2791 προσέχων
2959 2711 3097 2787 αὐτῇ
3157 2711 3217 2766 οὐ
3280 2714 3355 2784 μή
3410 2707 3539 2786 εὕρῃ
3576 2710 3696 2765 ἀνά-

2053 2825 2269 2860 παυσιν.

2124 2892 2415 2949 Γλωσώδει
2450 2896 2561 2969 (30)
2603 2894 2871 2967 ἀνθρώπῳ
2905 2894 2981 2965 μή
3038 2889 3343 2967 διαμάχου,
3407 2887 3549 2964 μηδὲ
3579 2890 3702 2945 ἐπι·

2054 2978 2308 3053 στοίϐαζε
2338 2983 2425 3038 ἐπὶ
2454 2983 2516 3038 τὸ
2541 2988 2645 3058 πῦρ
2678 2982 2842 3037 αὐτοῦ
2872 2982 3029 3052 ξύλα.

2124 3071 2354 3128 Γλῶσσα
2386 3074 2496 3147 (31)
2530 3076 2707 3149 σοφῶν
2735 3070 2879 3126 καλᾶ
2910 3069 3210 3126 ἐπίσταταιο
3261 3068 3402 3133 ἴασις
3459 3072 3573 3143 (32)
3601 3068 3705 3146 γὰρ

2061 3161 2322 3237 γλώσσης
2352 3158 2571 3235 δένδρον
2603 3166 2770 3231 ζωῆς.

1981 3213 2025 3281 0
2138 3249 2203 3281 ιῆ
2220 3255 2364 3281 :.---
2397 3254 2507 3281 I‘J')\
2535 3247 2738 3281 4.-.}:-

2138 3249 2366 3306 Γλῶσσα
2396 3254 2508 3324 (33)
2535 3247 2738 3324 ψευδὴς
2774 3254 2923 3322 μισεῖ
2953 3249 3237 3320 ἀλήθειαν.

2137 3337 2320 3401 Γέλως
2377 3341 2487 3412 (34)
2543 3338 2807 3394 ἀσυνέτων
2866 3338 2916 3393 ἐν
2967 3337 3220 3412 σπατάλῃ
3279 3337 3571 3410 ἁμαρτίας,
3620 3336 3711 3391 καὶ

2067 3429 2167 3487 2³
2199 3426 2383 3504 ἄφρων
2561 3425 2613 3482 ἐν
2643 3423 2847 3505 γέλωτι
2879 3427 3078 3501 ἀνυψοῖ
3126 3428 3309 3505 φωνὴν
3349 3426 3538 3481 αὐτοῦ·
3574 3426 3710 3497 ἀνὴρ

2066 3520 2124 3576 δὲ
2150 3526 2454 3598 πανοῦργος
2490 3521 2653 3595 μόλις
2684 3523 2904 3595 ἡσουχῆ
2942 3517 3235 3593 μειδιάσει.

2137 3616 2314 3684 Γῆρας
2344 3611 2458 3684 (36)
2498 3609 2681 3683 τίμιον
2743 3610 2807 3663 οὐ
2867 3606 3262 3684 πολυχρόνιον,
3315 3604 3438 3662 οὐδὲ
3493 3606 3714 3682 ἀριθμῷ

2064 3699 2198 3756 ἐτῶν
2235 3701 2592 3776 μεμετρητσι·
2617 3696 2785 3754 πολιὰ
2817 3696 2875 3753 δέ
2906 3697 3049 3753 ἐστιν
3079 3698 3343 3775 φρόνησις
3378 3697 3708 3770 ἀνθρώποις,

2062 3788 2151 3844 καὶ
2184 3787 2378 3858 ἡλικία
2407 3789 2614 3864 γήρους
2652 3788 2772 3863 βίος
2804 3786 3173 3857 ἀκηλίδωτος.

2134 3875 2343 3940 Γλυκὺς
2376 3879 2487 3952 (37)
2522 3878 2549 3933 ὁ
2579 3875 2747 3939 ὕπνος
2774 3876 2873 3931 τοῦ
2904 3874 3133 3946 δούλου,
3187 3874 3231 3930 εἰ
3290 3873 3483 3950 ὀλίγον
3512 3875 3603 3929 καὶ
3664 3872 3709 3928 εἰ

2060 3965 2205 4022 πολὺ
2237 3966 2485 4043 φάγεται.

2133 4056 2274 4125 Γυνὴ
2309 4058 2421 4129 (38)
2451 4052 2633 4132 ἄφρων
2665 4055 2757 4111 καὶ
2789 4056 3009 4130 θρασεῖα
3067 4049 3246 4119 ἐνδεὴς
3281 4049 3447 4122 ἄρτου
3479 4049 3706 4126 γίνεται,

2059 4145 2095 4215 ἢ
2128 4142 2226 4199 οὐκ
2254 4143 2532 4201 ἐπίσταται
2569 4144 2851 4219 αἰσχύνην.

2130 4232 2541 4292 Βασιλείου.-
2599 4231 2897 4305 Γυμνάσιον
2950 4231 3059 4302 (39)
3116 4227 3611 4302 ταπεινοφροσύνης
3669 4228 3703 4295 ἡ

2058 4320 2109 4376 ἐν
2141 4328 2257 4385 τοῖς
2286 4322 2685 4395 εὐτελεστέροις
2711 4320 3022 4394 πράγμασιν
3064 4308 3339 4387 διατριϐή.

2127 4410 2462 4472 Γυναικείαις
2491 4407 2805 4479 ἐπιθυμίαις
2838 4402 3009 4467 θέλων
3042 4400 3448 4475 ὑπηρετεῖσθαι,
3501 4396 3697 4470 ἄρετῆς

2057 4498 2357 4576 φροντίζειν
2390 4495 2457 4550 οὗ
2493 4495 2703 4572 βούλει.

2122 4584 2361 4658 Γυναιξὶν
2415 4587 2528 4658 (40)
2586 4584 2766 4659 ὥσπερ
2830 4580 2893 4635 τὸ
2977 4580 3221 4647 ἀναπεῖν,
3280 4576 3427 4630 οὕτω
3481 4572 3570 4628 καὶ
3626 4572 3690 4626 τὸ

2046 4675 2317 4748 νηστεύειν
2348 4674 2551 4729 οἰκεῖόν
2584 4673 2692 4728 ἐστι
2722 4671 2812 4727 καὶ
2843 4669 2978 4727 κατᾶ
3008 4668 3185 4745 φῦσιν.
3276 4694 3286 4702 ·

2120 4821 2227 4891 (3i)
2257 4824 2423 4877 Prov.
2459 4837 2550 4887 xv,
2576 4822 2633 4875 2.

2121 4894 2233 4963 (32)
2264 4896 2429 4949 Prov.
2463 4909 2554 4955 xv,
2587 4894 2639 4945 4.

2121 4964 2234 5034 (33)
2264 4967 2429 5019 Prov.
2463 4980 2616 5025 xxvi,
2648 4963 2737 5015 28.

2122 5036 2229 5105 (35)
2263 5036 2487 5091 Sirach.
2513 5050 2683 5097 xxvn,
2714 5034 2799 5086 13.

2121 5096 2231 5177 (33)
2258 5108 2479 5162 Sirach.
2513 5123 2627 5171 xxx,
2660 5106 2730 5156 20
2765 5101 2910 5177 :Aubi
2946 5096 3153 5177 μωρρς.

2120 5161 2230 5249 (36)
2262 5161 2394 5249 Sap.
2431 5161 2648 5249 Saloni.
2683 5192 2753 5240 Iv,
2784 5175 2838 5249 8_,
2872 5176 2903 5249 9
2939 5161 2955 5225 Ξ
2985 5161 3085 5226 ubi
3143 5165 3205 5221 τὸ
3260 5161 3444 5249 πολ...
3476 5164 3686 5238 γήρως,

2049 5242 2280 5305 Codicis
2313 5242 2510 5316 lectio,
2551 5248 2779 5322 γήρους,
2805 5243 2985 5298 habet
3014 5256 3128 5312 quo
3162 5256 3223 5293 se
3257 5242 3512 5292 tueatur.

2129 5322 2241 5393 (37)
2268 5322 2489 5377 Eccles.
2522 5338 2574 5389 v,
2610 5323 2695 5393 tt.
2774 5387 2788 5393 _
2819 5386 2829 5393 _
2866 5383 2879 5393 ι
2922 5380 2945 5393 _
2989 5385 3000 5393 _
3088 5385 3099 5393 _
3246 5382 3271 5393 θ

2130 5380 2242 5465 (38)
2275 5395 2439 5465 Prov.
2482 5380 2570 5465 is;
2592 5392 2655 5444 13
2687 5405 2700 5442 :
2734 5386 2832 5442 ubi
2862 5380 3044 5465 ἐ-νδεῄς
3076 5382 3298 5465 ψωιμοῦ.

2120 5453 2238 5538 (‘39;
2266 5453 2651 5538 Basil.__Hom_.
2685 5476 2833 5538 ωοε.
2878 5459 2957 5538 ne
2989 5453 3209 5538 humil_
3226 5468 3290 5538 ph.
3326 5453 3449 5538 εἶξε..

2120 5518 2230 5609 (40)
2255 5518 2424 5591 Basil.
2458 5533 2670 5588 Homil.
2704 5548 2742 5587 ιι
2774 5529 3062 5601 Dejejun.
3097 5542 3155 5597 p.
3189 5518 3292 5579 438
3324 5521 3467 5577 edit.
3490 5518 3691 5589 lngo]-

2051 5610 2198 5665 stad.
2227 5609 2382 5662 1605.
