4152 6312
360 318 519 381 1083

1642 317 2069 385 GEORGIDIS
2112 315 2473 381 MONAGHI

3615 319 3778 382 ίωδ

434 454 591 509 Duas
614 453 850 526 regulas
880 455 1100 512 habeas
1130 455 1435 528 loquendi,
1471 457 1562 512 vel
1610 457 1683 512 de
1736 457 1820 512 eis
1872 471 2003 527 quas

2183 451 2285 506 Δύο
2310 453 2474 506 ποιοῦ
2504 451 2614 522 (58)
2645 450 2867 524 καιροὺς
2898 453 2998 507 τοῦ
3029 447 3222 525 λέγειν,
3255 450 3291 520 ἢ
3326 450 3448 525 περὶ
3484 450 3557 505 ῶν
3590 450 3772 522 οἶσθα,

368 543 603 611 scis,vel
634 544 706 600 de
738 545 825 600 eis
856 562 986 616 quae
1015 562 1259 602 necesse
1293 552 1383 603 est
1417 547 1710 604 dicere.ln
1732 546 1827 602 hic
1859 545 2018 600 enim

369 634 514 688 solis
545 651 739 690 sermo
772 634 1010 691 silentio
1044 637 1256 691 melior
1285 642 1411 707 est;
1444 638 1507 692 in
1537 637 1672 693 aliis
1700 641 1898 694 autem
1914 651 2016 709 po-

369 724 488 780 tius
520 728 609 779 est
638 729 831 780 tacere
867 741 1045 795 quam
1070 726 1255 796 loqui.

438 814 679 885 Oportet
708 812 857 868 illud
872 815 1125 879 scire,ut
1147 820 1207 869 et
1235 821 1551 887 poetarum
1582 817 1806 889 Optima
1826 815 2017 871 disca-

369 919 525 967 mus,
558 907 616 956 et
643 900 898 957 aliorum
928 903 1447 976 philosophorum,
1508 906 1557 961 si
1614 906 1762 960 utile
1793 904 2020 977 aliquid

374 991 650 1058 dixerint,
684 992 1059 1064 perlegamus
1093 1011 1105 1049 :
1137 1000 1205 1050 ut
1260 1012 1479 1067 nempe
1523 1012 1694 1068 apem
1753 995 2020 1051 videmus

373 1079 435 1133 in
468 1096 677 1135 omnes
719 1080 960 1151 quidem
994 1082 1232 1154 plantas
1263 1084 1646 1152 insidentem,
1679 1085 1762 1140 ita
1790 1089 2024 1156 oportet

374 1185 477 1223 eos
509 1170 611 1239 qui
647 1169 932 1227 doctrina:
967 1172 1216 1228 studiosi
1241 1179 1381 1228 sunt
1410 1174 1560 1229 nihil
1592 1190 1709 1229 non
1742 1174 2019 1245 experiri,

376 1263 434 1312 et
462 1259 881 1330 undecumque
912 1261 1082 1316 utilia
1113 1262 1412 1334 colligere.
1438 1264 1543 1318 Vix
1564 1263 1725 1319 enim
1750 1263 1860 1318 hac
1881 1279 2024 1319 cura

372 1348 590 1420 aliquis
620 1355 847 1405 naturas
884 1350 1213 1407 defectibus
1240 1352 1664 1410 dominabitur.

439 1623 683 1693 Oportet
703 1637 825 1677 non
858 1621 1096 1693 injuria;
1128 1638 1458 1678 memorem
1485 1639 1652 1692 esse;
1698 1622 1803 1678 sed
1824 1622 2021 1679 malus

370 1710 484 1766 sibi
515 1711 643 1783 ipse
674 1710 917 1767 vulnera
946 1716 1261 1783 praaparat.

2125 541 2160 611 ἢ
2193 541 2314 614 περὶ
2347 537 2422 594 ὧν
2453 539 2742 615 ἀναγκαῖον
2799 539 2985 596 ιῖπεῖν.
3045 541 3134 596 Ἐν
3162 540 3381 602 τούτοις
3441 541 3546 618 γὰρ
3580 540 3773 614 μόνοις

2126 633 2155 687 ὁ
2185 631 2354 709 λόγος
2385 638 2485 701 τῆς
2516 635 2677 707 σιγῆς
2710 634 2976 704 κρεῖττοψ
3006 628 3057 686 ἐν
3089 627 3146 685 δὲ
3175 635 3292 692 τοῖς
3322 627 3520 692 ἄλλοις
3545 628 3771 706 ἄμεινον
3803 678 3822 690 .

2125 724 2278 799 σιγᾷν
2306 718 2342 790 ἤ
2376 720 2569 794 λέγειν.

2198 810 2323 868 Δὲον
2353 814 2470 883 (59)
2494 816 2656 867 τοῦτο
2689 813 2992 891 γινώσκειν,
3051 812 3139 865 ἳνα
3196 809 3288 865 καὶ
3339 810 3405 865 τὰ
3442 813 3553 865 τῶν
3606 830 3778 880 ποιη-

2126 908 2234 959 τῶν
2269 904 2370 961 26
2403 897 2662 978 βέλτιστα
2705 902 3079 977 μανθάνωμεν,
3132 900 3223 956 καὶ
3275 905 3382 956 τῶν
3442 897 3630 956 ἄλλων
3682 919 3779 955 σο-

2128 996 2357 1072 φιστῶν,
2389 988 2443 1048 εἷ’
2489 1013 2544 1048 τι
2598 994 2880 1072 χρήσιμον
2938 991 3236 1067 εἰρήκασιν,
3294 990 3773 1069 ἀναγινώσκωμεν.

2125 1086 2328 1158 ’Ὠσπερ
2372 1083 2477 1158 γὰρ
2537 1086 2636 1153 τὴν
2698 1080 2956 1155 μέλιτταν
3015 1083 3229 1158 ὁρῶμεν
3281 1081 3364 1163 ἐφ’
3422 1080 3629 1139 ἅπαντα
3680 1081 3778 1157 μὶν

2127 1175 2192 1229 τὰ
2248 1172 2615 1250 βλαστήματα
2670 1173 3076 1244 καθιζάνουσαν,
3138 1170 3281 1227 οὕτω
3341 1168 3423 1228 δεῖ
3480 1172 3571 1229 καὶ
3645 1172 3776 1233 τοὺς

2126 1259 2373 1323 παιδείας
2432 1260 2792 1338 ὀρεγομένους
2850 1256 3086 1335 μηδενὸς
3146 1262 3239 1337 μὲν
3306 1260 3563 1335 ἀπείρωςο
3604 1253 3775 1340 ἔχειν,

2126 1354 2462 1409 πανταχόθεν
2485 1351 2542 1409 δὲ
2567 1352 2633 1409 τὰ
2666 1355 2922 1428 χρήσιμα
2971 1350 3275 1429 συλλέγειν.
3316 1350 3491 1414 Μόλις
3543 1351 3647 1428 γὰρ
3713 1349 3775 1406 ἄν

2125 1466 2209 1507 τις
2250 1444 2311 1501 ἐκ
2336 1444 2539 1514 ταύτης
2567 1449 2669 1513 τῆς
2700 1440 3019 1518 ἐπιμελείας
3044 1442 3141 1503 τὰς
3196 1448 3296 1511 τῆς
3324 1442 3536 1522 φύσεως
3593 1440 3778 1516 ἀμαρ-

2128 1534 2245 1596 τίας
2276 1533 2709 1611 ἐπικρατήσειεν.

2200 1624 2325 1681 Δέον
2359 1627 2434 1700 μὴ
2488 1627 2857 1699 μνησικακεῖν·
2892 1621 3020 1680 ἀλλ’
3052 1623 3080 1680 ὁ
3109 1623 3276 1687 κακὸς
3308 1622 3401 1678 καὶ
3462 1619 3773 1679 ἕλκοποιεῖν

2128 1716 2576 1791 παρεσκεύασται.

443 1802 686 1871 Oportet
714 1800 787 1855 ad
815 1801 970 1854 risus
1003 1817 1122 1856 non
1146 1818 1381 1874 gravem
1416 1818 1777 1875 esse,neque
1798 1803 1871 1859 ad
1887 1819 2020 1877 gra-

2200 1811 2290 1860 Δεῖ
2317 1808 2428 1878 (60)
2456 1805 2601 1880 παρὰ
2630 1804 2696 1859 τὰ
2728 1800 2923 1880 γελοῖα
2954 1803 3030 1876 μὴ
3065 1799 3408 1873 σπουδάζειν,
3443 1797 3585 1893 μηδὲ
3623 1798 3775 1876 παρᾶ

369 1889 462 1944 via
494 1889 556 1944 in
613 1890 769 1945 risus
826 1890 969 1945 solvi
1014 1891 1537 1963 ;intempestivum
1591 1893 1751 1948 enim
1797 1892 2017 1963 ubique

371 1976 744 2032 fastidiosum
777 1983 885 2035 est.

450 2066 729 2139 Diagoras
785 2067 990 2125 videns
1046 2069 1403 2125 invidiosum
1460 2069 1784 2143 lugentem,
1825 2069 2017 2125 dixit:

372 2177 400 2206 ‹‹
437 2156 539 2210 Vel
571 2157 668 2211 isti
699 2157 922 2213 malum
953 2175 1232 2231 magnum
1255 2158 1586 2226 accidit,vel
1602 2159 1774 2214 alteri
1795 2158 2021 2215 bonum

372 2261 674 2317 magnum.
711 2270 733 2300 ι

447 2342 601 2393 Duas
630 2344 773 2409 puto
797 2339 1274 2410 pulchritudines
1304 2338 1461 2411 apud
1483 2338 1758 2396 homines
1779 2355 1977 2396 errare
2002 2357 2018 2409 ;

372 2427 674 2484 caelestem
709 2433 768 2482 et
796 2429 1230 2501 vulgarem,sed
1260 2430 1517 2486 cmlestis
1547 2446 1700 2503 aegre
1719 2430 1836 2486 fert
1854 2446 2017 2485 mor-

372 2518 475 2573 tali
502 2517 931 2590 pulchritudini
954 2519 1207 2591 alligari,
1233 2524 1293 2575 et
1312 2519 1527 2591 quierit
1555 2519 1628 2574 ad
1657 2518 1871 2575 cmlum
1903 2519 2018 2574 cito

373 2608 576 2681 lugere
606 2626 620 2676 ;
655 2608 911 2680 vulgaris
940 2614 1140 2665 autem
1171 2610 1450 2681 dejicitur
1479 2609 1729 2665 inferius
1759 2615 1819 2665 et
1865 2610 2022 2665 circa

373 2714 623 2769 corpora
651 2704 937 2754 moratur.

448 2790 626 2844 Recte
659 2794 748 2842 est
778 2788 1092 2859 multiplex
1114 2788 1360 2845 malitias
1389 2788 1580 2856 fraus,
1634 2805 1751 2860 quo
1802 2788 2021 2862 partim

375 2882 585 2951 captus
618 2877 879 2933 totaliter
906 2877 1244 2935 involvitur.

442 3056 693 3113 Difﬁcile
712 3057 807 3114 vel
836 3058 1016 3113 etiam
1046 3057 1418 3130 impossibile
1437 3057 1931 3127 inventu,bonum
1959 3057 2024 3115 in

370 3147 609 3204 sordida
645 3148 782 3203 vita.

438 3238 690 3292 Difﬁcile
706 3253 969 3293 errorem
1002 3238 1349 3310 exstirpare,
1382 3238 1484 3295 ubi
1504 3239 1758 3295 multum
1782 3243 2016 3311 tempus

364 3327 783 3399 perseveravit.

430 3418 577 3473 Justi
609 3421 884 3489 aspectus
914 3417 1157 3474 roborat
1194 3423 1458 3474 mentem
1492 3418 1774 3476 debilem.

437 3507 708 3563 Judicare
740 3506 828 3563 vel
859 3507 995 3563 lites
1029 3508 1338 3577 suscitare,
1381 3509 1434 3564 ei
1466 3509 1569 3580 qui
1601 3508 2021 3566 immortalita-

369 3602 489 3654 tem
519 3598 758 3653 aﬂ'ectat
786 3596 1008 3653 bonum
1040 3613 1162 3653 non
1195 3603 1305 3654 est.

446 3689 790 3744 Dwmonum
821 3687 1110 3744 auxilium
1140 3693 1232 3743 est
1262 3687 1566 3760 superbia.

439 3778 626 3834 Judex
656 3778 1041 3844 inhumanus,
1071 3782 1185 3832 Deo
1221 3776 1597 3833 adversarius
1627 3782 1724 3842 ;et
1742 3776 2024 3849 blasphe-

367 3869 502 3924 mia)
534 3867 703 3923 radix
732 3873 824 3923 est
861 3867 1163 3939 superbia.

444 3959 524 4014 Da
553 3957 740 4012 ventri
774 3973 971 4012 escam
1013 3956 1331 4011 satiantem
1367 3958 1427 4009 et
1469 3954 1622 4009 bene
1677 3962 1927 4023 coctam,
1959 3959 2025 4010 ut

368 4064 477 4120 per
509 4048 840 4102 satietatem
875 4044 1283 4100 insatiabilem
1314 4045 1445 4115 ejus
1468 4060 1710 4099 sensum
1748 4060 2024 4100 amovea-

371 4153 524 4203 mus,
559 4141 619 4190 et
648 4152 751 4206 per
781 4135 1037 4190 celerem
1068 4133 1462 4205 digestionem
1496 4133 1568 4189 ab
1623 4133 1835 4188 ardore
1894 4136 2026 4206 ejus

375 4224 545 4297 quasi
577 4242 613 4279 a
640 4224 875 4297 ﬂagello
907 4224 1254 4279 liberemur.

446 4314 555 4380 Qui
587 4314 802 4370 elevari
832 4318 1104 4386 potestet
1127 4312 1519 4368 elevationem
1539 4310 2024 4384 fugit,sapientiss

369 4412 428 4465 et
455 4407 560 4464 Dei
590 4405 847 4462 amicum
873 4421 1022 4477 opus
1060 4402 1343 4459 ostendit.

437 4597 546 4668 (58)
579 4598 757 4651 Isocr.
782 4592 856 4650 ad
888 4593 1054 4647 Dem.

1088 4608 1147 4662 p.
1180 4592 1212 4662 9
1249 4605 1262 4643 :
1306 4587 1420 4662 ubi
1471 4583 1656 4662 δύω...
1711 4587 1867 4642 οἴσθα
1906 4609 2017 4662 Ῠσα-
2047 4581 2095 4649 Ῑ)

2125 1897 2193 1953 τὰ
2224 1892 2491 1951 σπουδαῖα
2522 1900 2640 1958 τοῖς
2668 1890 2914 1970 γελοίοις
2973 1892 3212 1971 χαίρειν⁹
3271 1890 3333 1946 τὸ
3401 1889 3505 1969 γὰρ
3548 1887 3772 1965 ἄκαιρον

2123 1989 2411 2065 πανταχοῦ
2442 1983 2711 2058 λυπηρόν.

2198 2075 2487 2152 Διαγόρας,
2548 2070 2675 2129 ἰδὼν
2734 2076 2841 2146 (61)
2899 2071 3156 2151 φθονερὸν
3215 2068 3580 2145 λυπούμενον,
3639 2066 3765 2151 ἔφη·

2128 2188 2155 2217 ‹‹
2188 2166 2262 2221 Ἦ
2316 2164 2493 2235 τούτῳ
2551 2162 2692 2238 μέγα
2736 2161 2899 2218 κακὸν
2953 2155 3317 2234 συμϐέϐηκεν,
3348 2162 3384 2231 ἢ
3438 2157 3597 2235 ἄλλῳ
3632 2158 3775 2238 μέγα

2124 2254 2344 2331 ἀγαθόν.
2379 2276 2407 2306 ››

2199 2344 2302 2399 Δύο
2360 2342 2567 2416 νομίζω
2625 2340 2809 2414 κάλλη
2870 2342 3006 2398 κατὰ
3063 2342 3384 2415 ἀνθρώπους
3440 2339 3774 2411 πλανᾶσθαι,

2128 2434 2378 2508 οὐράνιον
2410 2433 2502 2490 καὶ
2531 2429 2843 2503 πάνδημον·
2872 2429 3023 2487 ἀλλὰ
3048 2432 3110 2486 τὸ
3144 2431 3238 2504 μὶν
3297 2431 3551 2507 οὐράνιον
3607 2428 3778 2509 ἄχθε-

2127 2546 2214 2580 ται
2247 2529 2424 2596 θνητῷ
2454 2520 2653 2580 κάλλει
2684 2517 2983 2596 δεδεμένον,
3037 2520 3128 2576 καὶ
3187 2524 3342 2591 ζητεῖ
3383 2520 3522 2595 πρὸς
3554 2518 3779 2594 οὐρανὸν

2126 2615 2270 2693 ταχὺ
2323 2613 2558 2693 φεύγεινο
2599 2612 2660 2666 τὸ
2713 2609 2772 2669 δὲ
2827 2607 3114 2685 πάνδημον
3170 2608 3421 2686 ἒρῥιπται
3481 2608 3632 2664 κάτω
3680 2607 3775 2665 καὶ

2128 2701 2444 2780 ἐγχρονίζει
2473 2701 2597 2777 περὶ
2627 2706 2745 2763 τοῖς
2782 2702 3050 2776 σώμασιν.

2200 2794 2426 2848 Δίκτυόν
2458 2797 2566 2866 (62)
2622 2790 2737 2848 ἒατι
2791 2788 3152 2847 πολύπλοκον
3191 2792 3226 2860 ἡ
3278 2796 3379 2859 τῆς
3419 2790 3608 2851 κακίας
3641 2784 3774 2862 μέθ-

2129 2878 2276 2951 οδος,
2335 2881 2381 2955 ᾧ
2463 2885 2699 2956 μερικῶς
2784 2875 3126 2954 συμπλακεὶς
3204 2882 3563 2952 περιεκτικῶς
3619 2876 3776 2954 σφίγ-

2126 2991 2275 3046 γεται
2285 3014 2298 3027 .

2201 3060 2522 3137 Δυσιύρετον
2590 3063 2724 3132 (63),
2783 3055 2819 3128 ἤ
2877 3057 2968 3114 καὶ
3021 3056 3303 3120 παντελῶς
3358 3057 3661 3134 ἀνεύρετον,
3719 3053 3772 3112 ἐν

2129 3150 2456 3231 πεφυρμένῳ
2484 3148 2589 3224 βίῳ
2618 3147 2680 3203 τὸ
2711 3147 2900 3205 καλόν.

2202 3244 2296 3298 27
2334 3237 2733 3314 Δυσεκρίζωτος
2758 3238 2793 3307 ἡ
2828 3235 3030 3308 πλάνη,
3090 3234 3215 3292 ὅταν
3271 3234 3545 3311 διαδράμῃ
3589 3236 3777 3316 χρόνῳ

2123 3328 2343 3402 πολλῷ.

2194 3418 2413 3474 Δικαίου
2443 3414 2568 3493 ὄψις
2599 3416 2824 3496 ῥώννυσι
2855 3416 3039 3492 ψυχὴν
3066 3415 3414 3472 ἀσθενοῦσαν.

2193 3510 2435 3578 Δικάζειν
2468 3506 2613 3570 ’ὀλως
2644 3511 2780 3578 (64),
2806 3506 2842 3577 ἢ
2883 3503 3034 3567 δίκας
3091 3511 3278 3573 κινείν,
3337 3504 3430 3561 τὸν
3477 3498 3772 3583 ἀφθαρσίας

2125 3598 2473 3675 ὀρεγόμενον,
2506 3597 2571 3653 οὗ
2596 3596 2790 3653 καλόν.

2196 3688 2479 3763 Δαιμόνων
2511 3690 2621 3760 (65)
2649 3686 2931 3762 στήριγμά
2956 3682 3097 3740 ἐστιν
3126 3686 3162 3754 ἡ
3197 3680 3558 3763 ὑπερηφανία.

2198 3780 2465 3848 Δικαστής
2523 3780 2638 3850 (66)
2691 3776 3058 3850 ἀπάνθρωπος
3100 3774 3192 3829 καὶ
3258 3777 3393 3829 Θεοῦ
3451 3771 3770 3834 ἀντίπαλος·

2126 3869 2213 3924 καὶ
2254 3865 2609 3947 βλασφημίας
2641 3865 2768 3943 ῥίζα
2795 3867 2831 3935 ἡ
2866 3864 3258 3941 ὑπερηφάνεια.

2201 3955 2362 4012 Δίδου
2394 3946 2509 4029 (67)
2648 3954 2835 4026 κοιλίᾳ
2859 3955 3067 4034 τροφὴν
3123 3950 3485 4026 ἐμπιπλῶσαν
3539 3951 3628 4006 καὶ
3688 3946 3778 4006 εὔ-

2126 4064 2354 4113 πεπτον,
2407 4044 2496 4100 ἵνα
2547 4041 2637 4099 διὰ
2698 4045 2792 4117 μὶν
2843 4045 2943 4111 τῆς
3000 4040 3330 4113 πλησμονῆς
3358 4044 3459 4111 τὴν
3494 4038 3777 4111 ἃπληστον

2128 4137 2298 4206 αὐτῆς
2327 4136 2548 4211 γνώμην
2578 4135 3004 4207 ἀποστήσωμεν,
3035 4129 3124 4187 διὰ
3157 4128 3216 4186 δὲ
3246 4139 3347 4202 τῆς
3399 4129 3626 4212 ταχείας
3658 4123 3781 4186 δια-

2129 4225 2425 4295 πνεύσεως,
2454 4231 2553 4293 τῆς
2583 4225 2881 4298 πυρώσεως
2910 4222 2985 4284 ὼς
3021 4220 3279 4295 μάστιγος
3313 4218 3707 4294 λυτρωθῶμεν.

2203 4314 2505 4387 Δυνάμενός
2558 4316 2674 4385 (68)
2739 4332 2822 4373 τις
2881 4311 3169 4385 ὑψοῦσθαι,
3226 4309 3318 4366 καὶ
3378 4307 3655 4385 ἆκφεύγων
3713 4307 3778 4363 τὸ

2132 4405 2286 4480 ὕψος,
2318 4401 2619 4482 φιλόσοφον
2650 4400 2741 4456 καὶ
2761 4398 3014 4480 φιλόθεον
3044 4398 3203 4477 ἔργον
3234 4396 3480 4454 δεικνύει.

2195 4582 2308 4656 (60)
2334 4583 2513 4644 Isocr.
2545 4580 2620 4638 ad
2651 4581 2906 4656 Dem._p.
2932 4583 2963 4636 7
2997 4598 3010 4656 ς
3044 4577 3272 4656 ιιδῌιίβ
3301 4574 3446 4653 περί,
3479 4570 3779 4656 quodnon

368 4647 552 4745 ea};
580 4647 858 4740 ζιρὲῗὲέιᾷι).
887 4669 1034 4745 Cum
1089 4647 1315 4732 ubique
1355 4659 1495 4743 .sint
1552 4659 1782 4745 inuhoc.
1811 4661 2016 4745 codice

2154 4647 2302 4741 eque
2325 4656 2547 4745 bonum
2580 4658 2689 4710 est.
2723 4647 3059 4745 God'exmcc‘by
3088 4647 3323 4745 γελοίων
3361 4647 3775 4745 χθιᾴιιριὶοω-

370 4731 678 4797 vocales-eu
712 4746 769 4794 et
797 4758 828 4791 ο
861 4737 1144 4797 confusas,
1206 4731 1408 4787 nescio
1464 4749 1540 4787 an
1584 4731 1881 4806 librarius,
1916 4734 2017 4806 qui

371 4815 612 4885 scripsit
637 4811 882 4879 κρίττον,
911 4808 1162 4885 voluerit
1184 4810 1442 4885 κρείττων
1489 4810 1594 4885 aut
1645 4805 1893 4885 κρεῖττον
1926 4822 2019 4859 ex-

378 4875 599 4940 hibere.
637 4875 752 4938 Nec
781 4875 1150 4951 nbxpeittmv
1182 4882 1470 4932 accentus
1525 4876 1586 4931 in
1637 4879 1745 4951 'tc'p_
1773 4875 2017 4951 κρείττον

372 4956 557 5021 favet;
597 4971 734 5009 nam
759 4944 1066 5022 et'ubique
1100 4955 1349 5006 accentu
1372 4954 1544 5022 acuto
1576 4966 1682 5020 pro
1710 4944 1863 5004 ﬂexo
1883 4948 2021 5004 abu-

373 5020 549 5081 titur.
577 5028 712 5095 Pag.
747 5027 836 5092 30,
874 5028 922 5087 l,
958 5020 1054 5077 ubi
1085 5025 1329 5095 κρεῖττον
1364 5020 1610 5075 omnino
1671 5022 2017 5092 requiritur,

374 5098 558 5153 codex
590 5094 769 5151 habet
789 5094 1028 5166 κρίττον.

441 5172 553 5237 (59)
586 5170 763 5222 Isocr.
797 5160 871 5221 ad
904 5168 1066 5237 Dem.
1101 5169 1248 5218 extr.
1284 5160 1459 5216 Initio
1512 5162 1823 5237 sententias
1855 5180 2021 5237 corn-

372 5234 589 5311 pilator
618 5239 928 5309 paululum
960 5254 994 5311 a
1024 5236 1172 5311 duce
1207 5251 1312 5289 suo
1373 5234 1641 5311 recessit.
1703 5236 1844 5289 Post
1896 5235 2019 5311 καθ.

417 5319 514 5367 uto
546 5327 580 5366 a
610 5304 851 5366 librario
870 5307 1022 5363 male
1054 5306 1235 5373 fuisse
1268 5304 1491 5373 omissa
1515 5305 1808 5360 lsocratea
1824 5307 2020 5373 verba,

373 5368 462 5459 ἀφ’
494 5382 721 5459 ἕκαὶστρυ
754 5376 809 5434 δὲ
834 5379 899 5433 τὰ
932 5377 1182 5457 χρήσιμα
1204 5368 1621 5459 ,λαμϐάνουέαψ
1666 5376 1880 5457 Codex.
1931 5368 2021 5446 δή,

377 5445 628 5529 qiwd,,in
652 5450 735 5529 δεῖ
765 5445 1116 5529 refossae:
1150 5447 1303 5529 edit.
1328 5445 1467 5529 ‘42":
1496 5445 1789 5529 δοιελτξιξτίε
1820 5445 2027 5529 estet;-

378 5515 477 5586 ror
507 5527 629 5581 ille.
664 5528 729 5579 ln
764 5526 881 5579 line
908 5520 1201 5591 Wyttenb.
1237 5515 1576 5591 οᾴξΡΙιιικρ.
1610 5518 1737 5583 279,
1783 5521 2027 5588 coniicit

376 5581 616 5671 ἀπείρως
645 5595 792 5671 ἔχειν
841 5613 945 5671 pro
977 5581 1233 5671 ἀπείρους
1292 5581 1404 5660 ἔχ.,
1462 5581 1668 5671 ritium
1726 5581 2026 5663 corrigens

378 5616 616 5671 απειρως
645 5616 792 5671 εῆειν
841 5616 945 5668 pl‘O
977 5616 1233 5671 απειρυρς
1292 5616 1404 5660 εχ..
1467 5616 1629 5668 nuru

378 5671 538 5744 quod
566 5616 797 5743 pridem
829 5668 901 5725 ab
934 5661 1293 5723 editionibus
1326 5660 1630 5716 exsulant.

2129 4722 2272 4784 nino
2307 4726 2657 4783 mendosum
2691 4730 2798 4781 est.
2832 4725 3046 4799 Recepi
3080 4722 3407 4780 editionum
3458 4722 3780 4780 lectionem

2130 4808 2484 4944 Ορῶίῗὲῗότιί
2504 4868 2782 4924 tribuitur
2802 4864 3232 4971 Borysthenitm
3259 4884 3292 4923 a
3310 4866 3565 4941 Diogene
3588 4862 3782 4924 Laert.

2130 4962 2184 4971 ...
2239 4945 2295 4971 ιιι
2332 4961 2344 4971 .
2382 4950 2432 4971 ηδ
2469 4940 2606 4971 ειΛΙη
2663 4941 2729 4971 HI»
2778 4942 2842 4971 ’.ιο
2930 4942 2983 4971 :n
3079 4940 3446 4971 Anlnninnnn
3502 4938 3534 4971 ε
3597 4938 3665 4971 οο
3724 4955 3759 4971 n

2130 4938 2302 5011 1v,‘5t
2332 4961 2345 5009 ;
2381 4950 2439 4997 et
2469 4940 2627 4997 Stob.
2663 4941 2751 4995 tit.
2777 4942 2868 5002 38.
2916 4938 3025 5012 730,,
3068 4938 3446 5012 Antonioqué
3502 4938 3559 4996 S.
3597 4938 3687 5008 99,
3723 4955 3785 5011 p.

2134 5016 2254 5071 163.
2292 5018 2377 5070 l7.
2410 5013 2494 5068 Cl‘.
2529 5014 2828 5083 etMenag.
2857 5011 2932 5068 ad
2964 5010 3108 5083 Diog

2204 5089 2316 5155 (62)
2349 5086 2526 5141 Marc.
2562 5084 2749 5139 Erem.
2782 5082 2865 5139 De
2898 5084 3025 5153 lege
3056 5082 3097 5151 ἓ
3120 5082 3245 5139 172.

2204 5159 2313 5227 (63)
2349 5156 2516 5212 Philo
2547 5160 2627 5212 De
2655 5155 2801 5227 prof.
2835 5173 2893 5226 p.
2927 5158 3054 5209 472.

2205 5229 2317 5303 (δι)
2352 5230 2435 5303 cf.
2469 5246 2530 5299 ρ.
2581 5232 2681 5303 .21-

2229 5296 2315 5365 65)
2347 5296 2512 5372 Joan.
2538 5296 2777 5372 Climac.
2808 5317 2866 5372 p.
2889 5298 3019 5355 289.

2225 5374 2312 5432 66)
2346 5370 2587 5426 Climac.
2621 5368 2764 5426 ibid.

2226 5443 2316 5515 6‘7)
2349 5443 2587 5498 Climac.
2626 5460 2679 5512 p.
2715 5442 2819 5496 204
2847 5459 2858 5495 :
2882 5436 3792 5515 ubi.profamemrcriticusano—

2136 5513 2351 5586 nymus
2384 5516 2444 5586 iu
2479 5515 2748 5584 exemplo
2775 5514 2932 5586 regio
2958 5513 3420 5586 ecodd.scripsit
3447 5529 3784 5586 κορεσωμε-ν.

2232 5584 2322 5654 68)
2352 5584 2593 5641 Climac.
2633 5580 2686 5655 β.
2711 5580 2999 5652 324,”ουω
3024 5580 3605 5641 varietate-notabili.
3655 5581 3784 5638 Ad-

2136 5655 2261 5711 didi
2289 5656 2544 5713 alterum
2572 5655 2685 5709 καί.
