4146 6302
400 397 555 458 1085

1793 395 2379 462 GNOMOLOGIUM

3650 407 3810 468 1086

469 527 719 584 Διαλύειν
750 531 862 602 (69)
920 531 1136 605 ἀγάπην
1192 527 1354 587 οὐδὲν
1412 529 1555 588 οὕτω
1603 531 1858 607 πέφυκεν,
1901 531 2029 591 ὡςοὶ

2232 534 2626 590 Dissolvendm
2659 537 2931 592 charitati
2963 537 3113 592 nihil
3147 541 3265 593 tam
3287 542 3492 608 aptum
3516 545 3605 594 est
3625 557 3802 611 quam

396 620 696 698 παῤῥησία,
722 620 812 674 καὶ
845 626 1002 693 μῖσος
1037 621 1378 696 ἐργάζεσθαι.

469 709 880 786 Διεστραμμένη
941 715 1055 786 (70)
1112 715 1264 790 ψυχὴ
1353 713 1608 792 αὐταρκεῖ
1661 714 1824 788 δαυτῇ
1911 713 2046 788 πρὸς

399 799 704 858 ἀπώλειαν.

466 887 746 945 Δεδοίκασι
778 891 893 964 (71)
926 889 1169 947 σύννοιαν
1199 891 1250 949 οἳ
1283 889 1556 966 δαίμονες,
1612 892 1686 957 ὡς
1735 895 1787 948 οἱ
1833 891 2044 972 λαγωοὶ

392 1001 522 1042 τους
551 1001 734 1042 κυνας.

469 1071 725 1145 Δακρύων
783 1069 873 1125 καὶ
919 1074 1236 1148 στεναγμῶν
1289 1073 1381 1128 καὶ
1439 1072 1622 1144 λύπης
1675 1072 1830 1148 γέμει
1880 1078 1982 1134 πᾶς
2017 1072 2044 1126 ὁ

397 1160 518 1236 βίος
552 1159 860 1236 ἀνθρώπου,
891 1157 988 1216 κᾶν
1021 1161 1193 1216 πάντα
1220 1169 1324 1238 γῆς
1355 1161 1526 1238 ἀγαθά
1556 1159 1864 1226 σπουδάσας
1911 1160 2041 1238 ἔχῃ.

465 1327 738 1392 Διηνεκῶς
770 1318 1110 1402 φοϐούμενός
1133 1343 1216 1386 τις
1241 1325 1331 1380 τὸν
1367 1323 1592 1388 θάνατον
1625 1330 1796 1381 πᾶσαν
1864 1326 2041 1400 ἁμαρο

390 1411 511 1469 τίαν
540 1413 614 1475 ὡς
649 1413 730 1468 te»
763 1411 939 1489 δφεως
968 1412 1267 1493 διαφεύγει,

467 1507 566 1564 28
600 1505 862 1562 Αἲσώπου
877 1551 888 1559 .

465 1594 642 1665 Δηλοῖ
669 1593 941 1659 πολλάκις
973 1597 1366 1661 κακοσύνθετος
1397 1597 1550 1673 ὄψις.

463 1690 666 1759 Ψυχῆς
695 1682 1128 1760 διεστραμμένης
1161 1689 1251 1742 τὸν
1281 1689 1466 1745 σκαιὸν
1499 1687 1706 1763 τρόπον
1740 1690 1875 1761 (72).

466 1771 688 1828 Δὲδοται
720 1777 831 1848 (73)
861 1775 949 1830 καὶ
981 1781 1170 1838 κακοῖς
1202 1775 1360 1852 ἃγρα.

469 1861 662 1936 Δούλῳ
693 1865 989 1938 γενομένῳ,
1023 1861 1185 1920 δοῦλε
1206 1869 1338 1939 (74),
1373 1863 1647 1922 δουλεύειν
1681 1861 1872 1938 φοϐοῦ.

471 1952 812 2023 Ἀμνημονεῖ
841 1954 944 2028 γὰρ
977 1953 1175 2028 ταῦρος
1203 1954 1450 2029 ἀργήσας
1486 1960 1672 2030 ζυγοῦ.

475 2043 587 2098 Τοῦ
627 2042 1036 2116 Χσυσοστόμου.
1089 2075 1156 2086 —
1217 2049 1307 2099 Διῖ
1361 2047 1511 2117 ἡμᾶς
1569 2044 1630 2099 ού
1690 2046 1851 2117 μόνον
1916 2046 2047 2120 βου-

407 2128 654 2184 λευεσθαι
684 2131 752 2186 τά
781 2131 916 2208 φίλα
947 2135 1084 2204 θεῷ,
1142 2131 1282 2188 ἀνλά
1336 2133 1424 2188 καὶ
1473 2133 1570 2197 τάς
1615 2134 1811 2210 ἀγαθὰς
1869 2134 2045 2209 ὁρμάς

402 2216 674 2275 δεικνύναι
703 2227 821 2284 ταῖς
854 2222 1126 2296 πράξεσιν.

475 2310 656 2364 Δεινὸν
689 2308 845 2365 οὐδὲν
873 2315 980 2365 τῶν
1013 2311 1391 2386 ἀνθρωπίνων,
1425 2311 1486 2366 ού
1533 2311 1709 2380 πενία,
1759 2311 1822 2368 ού
1865 2312 2042 2384 νόσος,

400 2397 510 2473 οὐχ
547 2393 726 2473 ὕϐρις,
784 2398 884 2454 οὐκ
939 2399 1186 2476 ἐπήρεια,
1245 2401 1344 2456 οὒκ
1401 2400 1592 2476 ἀτιμία
1648 2401 1736 2457 καὶ
1791 2401 2041 2475 θάνατος,

402 2486 548 2544 ἀλλὰ
579 2485 753 2545 δεινὸν
787 2492 821 2560 ἡ
854 2490 1114 2565 ἁμαρτία.

473 2671 548 2723 Δι’
575 2670 748 2739 ἀκοῆς
783 2671 857 2742 μὴ
897 2671 1085 2744 μέμψῃ
1108 2672 1239 2726 ποτε
1286 2687 1428 2726 τινα·
1474 2670 1671 2741 νόησον
1727 2676 1838 2745 (75)
1885 2679 2038 2749 πρῶ-

397 2779 512 2826 τον,
545 2758 634 2814 καὶ
663 2760 786 2815 τότε
827 2760 1070 2833 ἐπιτίμα.
1133 2759 1264 2835 Πρὶν
1319 2759 1543 2816 ἀκοῦσαι
1595 2763 1673 2834 μὴ
1717 2761 2037 2838 ἀποκρίνου,

394 2847 483 2902 καὶ
516 2847 564 2902 ἐν
602 2850 750 2922 μέσῳ
783 2847 936 2924 λόγῳ
968 2852 1045 2922 μὴ
1078 2845 1346 2904 ἐπίϐαλλε
1376 2853 1549 2926 ῥῆμα,
1577 2850 1660 2905 ὅτι
1685 2852 1908 2916 θάνατος
1929 2858 2035 2927 (76)

392 2937 482 2992 καὶ
518 2937 632 3006 ζωὴ
662 2937 714 2992 ἐν
748 2937 896 3013 χειρὶ
925 2935 1201 3013 γλώττης.

464 3026 687 3080 Δυνατοὶ
745 3026 998 3100 εὐμαρῶς
1057 3024 1275 3102 ἔχουσιν
1335 3025 1590 3095 ἀδικῆσαι
1655 3027 1782 3090 τοὺς
1839 3027 2034 3086 ἀδυνά·

387 3135 538 3182 τους,
567 3115 642 3179 ὡς
674 3114 861 3191 ἷχθύες
911 3113 962 3169 ἐν
1011 3118 1080 3188 τῇ
1140 3114 1381 3190 Θαλάττῃ
1438 3115 1564 3178 τοὺς
1619 3116 1851 3188 ἥττονας
1908 3119 2033 3174 ἑαυ-

387 3209 496 3259 τῶν
525 3208 806 3259 ποιοῦνται
835 3200 1195 3279 κατάϐρωμα’

461 3294 597 3366 Δόξα
625 3295 937 3370 ἀνθρωπίνη
960 3295 1048 3350 καὶ
1075 3293 1320 3359 πλοῦτος
1365 3294 1443 3360 εἷς
1493 3300 1628 3371 χοῦν
1678 3303 2031 3372 κατασκηνοῖ,

386 3384 476 3439 καὶ
505 3386 568 3440 τὸ
607 3383 766 3447 κλέος
808 3384 974 3453 αὐτῆς
1035 3378 1332 3440 σϐέννυται·
1369 3382 1496 3456 δόξα
1543 3382 1600 3440 δὲ
1647 3386 1842 3460 ἀρετῆς
1888 3389 2030 3461 μένει

386 3473 464 3537 εἷς
490 3475 581 3529 τὸν
615 3473 807 3530 αἰῶνα.

455 3568 554 3623 29
606 3571 822 3640 Δωρεᾶς
878 3563 1178 3628 ἐλάττωσις
1239 3569 1337 3619 τοῦ
1398 3563 1701 3629 δεδωκότος
1766 3567 2026 3632 ἀσθένεια.

458 3654 626 3726 Δόξης
667 3653 748 3710 ἀεῖ
807 3655 1060 3731 φρόντιζε
1115 3661 1218 3724 τῆς
1279 3653 1526 3709 αἶωνίου”
1561 3655 1594 3730 ᾖ
1626 3655 1726 3732 γὰρ
1784 3664 2030 3734 παροῦσα

385 3743 638 3819 ψεύδεται
667 3745 786 3807 καθ’
817 3746 851 3812 ἡ
863 3743 1049 3817 μὲραν.

457 3833 804 3907 Δικτύῳ(77)
831 3832 1078 3906 κομίζειν
1113 3831 1256 3908 ὕδωρ
1298 3831 1334 3902 ἤ
1385 3834 1610 3889 πλίνθον
1662 3834 1887 3890 πλύνειν
1937 3839 2029 3892 εύ-

383 3925 560 3988 πετὲς,
595 3923 629 3994 ἢ
661 3922 848 3978 κακίαν
873 3924 1198 3978 ποιωθεῖσαν
1235 3922 1420 3998 χρόνῳ
1458 3922 1656 3996 πολλῷ
1711 3923 1762 3979 ἐν
1808 3925 2020 3999 ἀνθρώ-

382 4036 487 4068 που
519 4017 672 4088 ψυχῇ
705 4012 902 4085 ἐξελεῖν
942 4010 1188 4068 δυνατόν.

453 4103 750 4174 Διακρίνειν
779 4101 1160 4175 ἐπιστημόνως
1189 4101 1356 4157 καλὸν
1387 4100 1446 4157 lx
1473 4107 1569 4157 τοῦ
1601 4109 1768 4159 κακοῦ
1823 4104 2025 4162 τελεω-

375 4191 530 4268 τέρας
555 4190 716 4262 ἓξεως
748 4191 836 4246 καὶ
869 4188 1325 4266 γεγυμνασμένων
1360 4191 1728 4267 αἰσθητηρίων
1762 4193 1928 4252 ἐστίν.

446 4279 694 4337 Διδοῦντι
726 4285 843 4354 Θεῷ
870 4280 936 4334 τὰ
985 4281 1162 4355 ἀγαθᾶ
1213 4281 1312 4350 τὴν
1367 4282 1528 4358 χάριν
1588 4283 1874 4361 ὁμολόγει·
1922 4304 2023 4340 τα-

443 4538 553 4612 (69)
585 4535 730 4612 ibid.
767 4535 984 4612 p.353.

2157 612 2400 670 libertas
2433 617 2740 688 loquendi,
2775 624 2833 672 et
2863 618 3066 672 odium
3097 618 3433 673 laborandi.

2225 705 2509 761 Perversa
2539 723 2707 763 mens
2735 706 2846 762 sibi
2876 707 2949 762 ad
2981 707 3307 777 perniciem
3350 706 3590 765 sufﬁcit.

2224 886 2490 942 Metuunt
2547 887 2998 944 meditationem
3057 887 3387 955 daemones,
3447 892 3513 941 ut
3568 886 3804 958 lepores

2153 989 2352 1030 canes.

2223 1067 2540 1139 Lacrymis,
2587 1067 2905 1138 gemitibus
2962 1073 3021 1122 et
3078 1067 3240 1122 luctu
3291 1066 3556 1121 abundat
3606 1068 3800 1122 omnis

2150 1155 2410 1210 hominis
2441 1157 2576 1226 vita,
2611 1157 2721 1211 etsi
2779 1157 2984 1212 omnia
3047 1162 3220 1211 terrae
3275 1155 3431 1211 bona
3480 1157 3799 1226 exquirens

2150 1244 2446 1299 habuerit.

2219 1339 2326 1402 Qui
2361 1343 2644 1410 perpetuo
2667 1343 2919 1394 mortem
2945 1338 3133 1406 timet,
3160 1354 3398 1393 omnem
3418 1337 3794 1408 iniquitatem

2147 1431 2214 1482 ut
2242 1428 2535 1497 serpentis
2567 1441 2858 1483 venenum
2889 1427 3112 1497 effugit.

2218 1520 2405 1587 Esapi
2432 1534 2444 1572 :

2358 1605 2586 1661 Indicat
2615 1623 2770 1678 saepe
2803 1605 2958 1661 male
2989 1606 3351 1676 compositus
3385 1605 3579 1662 vultus

2361 1695 2570 1750 Mentis
2601 1711 2890 1766 perversae
2925 1695 3236 1748 sinistrum
3267 1698 3510 1749 statum.

2211 1785 2393 1839 Datur
2425 1784 2596 1839 malis
2627 1801 2863 1856 quoque
2895 1784 3115 1855 praeda.

2072 1900 2121 1964 Β
2226 1874 2283 1928 Ei
2316 1874 2416 1944 qui
2448 1875 2636 1928 factus
2668 1880 2757 1929 est
2786 1891 2972 1941 servo,
3003 1890 3188 1940 serve,
3222 1873 3440 1928 servire
3474 1873 3638 1940 time,

2228 1965 2371 2018 Nam
2403 1963 2770 2018 obliviscitur
2791 1963 2920 2034 jugi
2956 1970 3157 2018 taurus
3188 1963 3287 2016 ubi
3319 1963 3559 2032 quievit.

2231 2051 2615 2122 Chrysostomi.
2647 2083 2716 2093 —-
2746 2054 2987 2124 Oportet
3018 2067 3127 2107 nos
3160 2067 3280 2107 non
3309 2053 3567 2124 cogitare
3601 2051 3795 2106 solum

2156 2157 2288 2211 quin
2319 2143 2434 2197 Deo
2453 2141 2818 2214 placent,sed
2844 2144 3030 2196 bonos
3051 2141 3227 2196 etiam
3245 2147 3439 2196 motus
3462 2141 3796 2196 actionibus

2155 2227 2489 2282 ostendere.

2226 2317 2382 2371 Nihil
2413 2317 2808 2372 humanorum
2839 2317 3248 2386 metuendum,
3292 2333 3403 2372 nec
3455 2322 3798 2388 paupertas,

2153 2423 2264 2462 nec
2320 2407 2586 2475 morbus,
2640 2421 2834 2477 neque
2892 2407 3136 2478 injuria,
3223 2422 3420 2477 neque
3483 2407 3792 2474 damnum,

2152 2513 2347 2567 neque
2378 2496 2786 2568 opprobrium,
2821 2511 3016 2567 neque
3045 2512 3205 2551 mors
3234 2513 3248 2563 ς
3281 2496 3385 2552 sed
3405 2496 3792 2551 metuendum

2151 2590 2242 2640 est
2271 2592 2601 2657 peccatum.

2225 2677 2364 2732 Dum
2388 2676 2578 2745 audis,
2608 2679 2912 2731 neminem
2935 2676 3231 2747 vituperes
3257 2691 3270 2741 ;
3299 2675 3435 2730 audi
3455 2677 3715 2748 primum
3741 2681 3800 2732 et

2148 2769 2288 2820 tunc
2328 2765 2582 2836 corripe.
2614 2765 2966 2834 Priusquam
2998 2764 3205 2819 audias
3255 2781 3330 2818 ne
3385 2765 3791 2836 respondeas;

2149 2855 2296 2909 etin
2336 2855 2531 2909 medio
2591 2870 2862 2908 sermone
2920 2871 2993 2908 ne
3045 2853 3287 2908 verbum
3337 2854 3598 2926 injicias,
3653 2855 3794 2926 quia

2148 2959 2306 2999 mors
2338 2950 2396 2999 et
2424 2944 2540 2998 vita
2571 2943 2633 2998 in
2659 2960 2836 2998 manu
2868 2943 3106 3014 linguae.

2216 3035 2493 3088 Potentes
2524 3033 2897 3089 abundanter
2918 3031 3137 3086 habent
3161 3036 3226 3086 ut
3257 3031 3685 3102 impotentibus
3703 3032 3789 3088 in-

2135 3124 2433 3196 justitiam
2459 3123 2698 3190 faciant,
2747 3127 2815 3178 ut
2869 3123 3061 3193 pisces
3105 3123 3169 3176 in
3220 3122 3370 3176 mari
3416 3138 3486 3176 ex
3533 3122 3625 3177 his
3684 3122 3786 3194 qui

2143 3218 2406 3272 minores
2437 3221 2576 3272 sunt
2607 3232 2803 3271 escam
2833 3215 2944 3270 sibi
2979 3215 3264 3285 praebent.

2211 3307 2407 3362 Gloria
2437 3307 2699 3361 humana
2729 3311 2786 3360 et
2816 3305 3030 3360 divitia:
3062 3305 3124 3358 in
3156 3304 3394 3375 pulvere
3413 3304 3701 3372 habitant,
3730 3309 3789 3360 et

2139 3395 2320 3451 decus
2378 3397 2507 3468 ejus
2556 3395 2986 3466 exstinguitur;
3045 3393 3232 3465 gloria
3291 3399 3490 3449 autem
3548 3395 3783 3451 virtutis

2137 3491 2339 3541 manet
2368 3486 2430 3541 in
2456 3491 2765 3540 aeternum.

2207 3575 2354 3630 Doni
2378 3575 2719 3629 imminutio
2749 3573 2944 3628 dantis
2977 3571 3274 3628 debilitas.

2209 3665 2465 3719 Gloriam
2497 3681 2733 3736 semper
2762 3664 2955 3734 cogita
2975 3668 3259 3717 mternam
3287 3685 3301 3729 δ
3334 3678 3597 3732 praesens
3618 3665 3776 3718 enim

2134 3753 2400 3825 quotidie
2431 3753 2736 3807 mentitur.

2206 3841 2333 3895 Reti
2363 3857 2577 3911 aquam
2609 3839 2860 3904 deferre,
2896 3844 2998 3894 aut
3019 3839 3264 3894 laterem
3297 3837 3510 3902 lavare,
3542 3838 3778 3894 facilius

2136 3936 2225 3986 est
2246 3945 2422 4000 quam
2454 3929 2802 3999 pravitatem
2836 3927 3010 4000 longo
3061 3933 3328 3998 tempore
3372 3934 3663 3982 versatam
3715 3928 3776 3983 in

2135 4018 2395 4073 hominis
2426 4023 2624 4072 mente
2657 4017 2909 4072 auferre.

2132 4109 2477 4163 Discernere
2535 4108 2721 4178 perite
2780 4107 3002 4162 bonum
3061 4123 3095 4161 a
3152 4105 3309 4162 malo
3397 4106 3777 4178 perfectionis

2128 4197 2427 4253 facultatis
2459 4202 2549 4252 est
2581 4203 2638 4252 et
2669 4213 2881 4252 sensus
2913 4195 3309 4252 subtilissimi.

2202 4289 2319 4342 Deo
2347 4287 2504 4342 bona
2533 4286 2837 4358 praestanti
2869 4287 3087 4359 gratias
3121 4301 3248 4357 age,
3283 4285 3658 4342 dit‘fereutem
3678 4301 3779 4342 au~

2129 4540 2270 4595 bere
2303 4538 2533 4592 videtur
2556 4534 2876 4590 Ἀντωνίου.

441 4604 550 4679 (70)
579 4604 790 4682 Ιοειῐιιιῖ
825 4606 1074 4682 Cli_m._p.
1099 4605 1224 4682 371,
1253 4604 1352 4660 ubi
1377 4608 1795 4682 anonymusin
1818 4625 2016 4666 exem-
2049 4614 2100 4682 Β
2201 4613 2308 4679 (76)
2341 4611 2508 4662 Prov.
2541 4624 2693 4674 xmi,
2729 4610 2815 4660 22.

368 4675 465 4754 plo
500 4681 659 4754 regio
686 4678 957 4754 reposuit
984 4675 1156 4754 ἀρκεῖ.
1191 4675 1581 4754 nonvulgato
1611 4679 1846 4737 melius.

440 4746 723 4821 (7l)]bid.
854 4751 992 4802 150:
1030 4748 1128 4802 ubi
1164 4746 1214 4799 οἱ
1244 4746 1471 4800 κλέπται
1504 4748 1631 4812 τοὺς
1661 4770 1715 4804 κ.

441 4827 552 4893 (72)
583 4826 690 4877 Pro
722 4821 998 4892 pessimis
1031 4821 1171 4893 illis
1209 4821 1658 4877 monachalibus
1712 4824 2019 4880 versiculis

370 4891 563 4966 reperi
616 4895 677 4948 in
726 4891 940 4947 codice
999 4891 1240 4946 Coislin.
1308 4895 1445 4966 249.
1498 4911 1554 4966 p.
1622 4897 1667 4948 1.
1731 4895 2018 4964 optimam

371 4963 594 5037 optima
625 4966 890 5037 oratione
921 4969 1270 5037 conceptam
1303 4963 1558 5037 socratis
1616 4963 1973 5022 sententiam
2001 4986 2014 5022 :

373 5028 548 5107 ΔῙηλοῖ
589 5034 860 5095 πολλάκις
916 5028 1300 5093 κακοσύνθετος
1358 5028 1483 5106 ὄψις
1535 5040 1634 5102 τῆς
1691 5038 1874 5108 ψυχῆς
1927 5038 2019 5092 τὸν

373 5114 556 5162 σκαῖον
585 5107 784 5178 τρόπον
797 5148 810 5161 .

443 5185 559 5250 (73)
592 5179 970 5235 Proverbium
998 5183 1093 5250 est
1125 5179 1279 5232 inter
1313 5177 1632 5250 Parcemias
1661 5179 1890 5234 Graecas
1923 5198 2020 5236 re-

369 5249 626 5324 ceptum.
666 5249 1048 5324 VideZenob.
1083 5267 1164 5310 ιιι.
1199 5251 1285 5312 31,
1321 5255 1380 5302 et
1409 5249 1576 5324 alios.

442 5317 827 5390 (74)1ηεθι“ιιὶ
889 5317 1071 5382 δοῦλε,
1125 5337 1154 5374 e
1213 5321 1653 5390 comparatione
1713 5323 2017 5379 Menandri

370 5413 426 5465 p.
461 5398 584 5457 360,
623 5395 720 5448 ubi
757 5394 814 5447 hi
846 5409 1048 5465 versus
1105 5392 1424 5446 Menandro
1477 5392 1677 5465 tributi
1721 5403 1878 5450 sunt.
1930 5396 2013 5453 Cf.

369 5463 690 5520 Menander
716 5464 1035 5537 Meinek._p
1102 5465 1223 5537 249.
1278 5465 1342 5516 ln
1395 5463 1597 5537 codice
1653 5468 1813 5537 2720ἓ
1869 5484 1926 5537 p.
1961 5471 2014 5534 2,

414 5539 628 5606 riorem
664 5550 895 5606 versum
946 5532 1028 5606 sic
1073 5534 1638 5606 scriptunrreperi:
1700 5532 2018 5606 δουλνιγενεῖ

371 5598 556 5681 ὂοόλῳ
588 5604 862 5681 δουλεύειν
895 5598 1088 5681 φοϐοῦ.
1124 5598 1266 5659 Vide
1299 5604 1455 5659 infra
1483 5598 1789 5661 Menandri
1826 5598 2017 5664 Mono-

372 5680 560 5738 sticha
590 5679 651 5733 in
683 5679 912 5738 AoGAoc.

443 5753 554 5823 (75)
587 5750 808 5806 Sirach.
843 5766 923 5816 xx,
965 5750 1020 5816 7,
1064 5749 1115 5802 8.
1167 5743 1361 5802 Codex
1411 5745 1483 5802 ad
1531 5749 1860 5822 marginem
1909 5751 2014 5808 ha-

2199 4677 2312 4752 (77)
2346 4682 2446 4734 Est
2475 4686 2533 4735 et
2563 4696 2656 4748 ap.
2692 4677 3016 4732 Antonium
3053 4677 3231 4752 $.32,
3265 4693 3322 4748 p.
3360 4679 3477 4752 1‘68,
3533 4678 3631 4733 ubi
3677 4677 3769 4733 καὶ

2130 4749 2252 4818 πλλ,
2295 4749 2353 4806 et
2383 4753 2726 4828 φυτετθεῖσαν
2759 4766 2869 4828 ι)τοὶ
2903 4749 3246 4828 ποιωθ-εῖσαν,
3297 4749 3394 4828 .Ad
3431 4752 3768 4828 'marginem

2136 4825 2369 4894 Antonii
2397 4818 2523 4879 hmc
2565 4828 2655 4876 est
2708 4820 2950 4894 notula:
3011 4843 3037 4894 ς
3072 4821 3199 4894 Leg.
3232 4818 3655 4894 ⁸εὐπετέστερον,
3718 4831 3776 4878 et

2131 4892 2355 4948 δυνατὸν
2388 4898 2447 4950 in
2482 4895 2598 4947 {ine
2659 4892 2884 4963 omitto.
2923 4913 2949 4940 ››
3010 4891 3121 4944 Sed
3177 4891 3271 4963 ad,
3305 4891 3552 4950 εὐπετὲς
3582 4902 3776 4963 potest

2133 4963 2347 5038 μᾶλλον
2378 4963 2704 5038 subaudiri,
2738 4962 2934 5032 ellipsi
2967 4962 3460 5038 vulgari‘,rde‘qua
3484 4962 3683 5020 monui
3713 4968 3775 5022 in

2130 5034 2306 5092 Notit.
2342 5055 2481 5092 mss.
2518 5043 2558 5091 t.
2592 5035 2685 5098 XI,
2718 5042 2871 5108 part1
2902 5051 2971 5108 ⁵ιι.
3033 5051 3087 5108 p_.
3145 5036 3260 5086 161.
3309 5034 3456 5108 §unt
3506 5042 3777 5108 exempla

2131 5110 2284 5180 intra
2314 5110 2374 5163 in
2426 5114 2507 5180 θ,
2552 5101 2745 5180 Θῗανεῖν-
2783 5101 2952 5180 καλὸν
3009 5101 3247 5180 τάχιστα
3482 5115 3540 5162 et
3591 5101 3774 5162 Θανεῖν

2128 5175 2352 5254 ἐνδόξως
2377 5177 2551 5254 καλὸν
2579 5176 2684 5254 ἧς..
2730 5177 2988 5254 Isidorus
3047 5175 3168 5254 Pél.
3218 5182 3441 5254 v.10:
3488 5181 3613 5239 Τοῖς
3667 5181 3770 5254 γάρ

2129 5245 2326 5323 δρῶσιν
2357 5251 2390 5319 ἢ
2410 5255 2538 5323 *τοῖς
2560 5248 2866 5323 πάσχουσιν
2883 5249 2917 5314 ἡ
2941 5245 3193 5323 τιμωρίαΔ
3206 5245 3492 5323 ἀπόκειται
3517 5269 3529 5304 :
3556 5245 3770 5322 nempe

2129 5307 2297 5394 δρῶσι
2333 5307 2543 5395 μάλλον
2575 5321 2608 5388 ’r‘,
2639 5307 2938 5396 πάσχουσί,
2971 5307 3129 5389 quod
3183 5319 3425 5396 latuisse
3475 5307 3770 5396 interprle-

2129 5387 2246 5448 tem
2275 5387 2523 5450 videtur.
2555 5387 2667 5448 Nec
2701 5387 2906 5447 inuline
2969 5387 3278 5445 sententia!
3325 5387 3546 5447 δυνατὸν
3580 5387 3768 5451 obest.

2128 5465 2338 5537 Δικτύῳ
2368 5465 2613 5537 κομίζειν
2645 5460 2882 5537 ὅδωρνθι
2936 5457 3158 5537 πλίνθον
3196 5458 3429 5537 Δ’ττλύνιιν
3469 5467 3771 5535 proverbia

2128 5545 2285 5603 sunt,
2311 5534 2566 5607 quorum
2601 5534 2769 5600 illud,
2805 5536 2912 5588 hac
2943 5535 3152 5587 saltem
3189 5534 3394 5590 forma.
3444 5534 3570 5607 non
3596 5537 3768 5607 facile

2127 5601 2363 5664 obvium
2394 5617 2500 5664 est.
2535 5609 2926 5662 Collectinnes
2967 5607 3409 5677 proverbiorum
3455 5605 3577 5677 περὶ
3631 5601 3764 5656 ἁδυ-

2123 5679 2295 5735 vaith
2327 5682 2390 5736 in
2422 5679 2763 5752 Appendice
2795 5694 2824 5731 e
2856 5676 3026 5732 codd.
3057 5692 3407 5746 proponam.
