4152 6312
376 406 531 468 108⁸1
1653 412 1937 475 GEORGI
1951 409 2069 473 DlS
2110 408 2438 473 MONAGB
2450 413 2475 470 I
2488 456 2502 470 .
3632 416 3804 491 {083‘

375 546 496 597 tem
526 558 601 598 ne
632 559 783 617 aegre
806 545 982 601 feras.
1013 545 1217 601 Melius
1241 546 1401 602 enim
1424 563 1600 619 quam
1627 565 1737 603 nos
1762 547 2021 620 provide-

2167 542 2450 618 ιιευομὲνῳ
2490 538 2547 598 δὲ
2576 544 2653 616 μή
2696 539 3032 622 δυσχέραινε.
3063 544 3316 619 Ἄμεινον
3347 549 3461 617 (78)
3490 547 3595 624 γὰρ
3642 549 3676 619 ἧ
3710 551 3787 611 ὡς

376 632 565 687 rimus
597 632 979 689 administrat
1003 635 1156 689 Deus
1187 652 1317 706 quae
1351 642 1555 692 nostra
1577 643 1736 693 sunt.

591 723 736 778 Saevi
765 724 1073 788 dracones,
1108 725 1338 780 callida
1371 733 1511 782 sunt
1540 728 1779 799 aspides
1804 745 1817 781 :

591 812 696 866 Est
724 811 1084 867 feminarum
1115 813 1199 868 vis
1231 813 1448 886 duplex
1483 816 1639 872 inter
1660 817 1836 873 feras.

454 900 805 956 Luctuosum
838 901 1065 956 tardius
1096 904 1455 974 consultare,
1491 911 1547 963 et
1577 911 1717 961 tunc
1766 922 1898 978 quas
1951 907 2026 962 ad

382 990 635 1045 salutem
666 995 806 1044 sunt
834 991 1193 1062 perspicere.

445 1081 613 1151 ngre
634 1079 845 1150 recipit
863 1079 1089 1135 bonum
1113 1081 1376 1139 humana
1398 1090 1631 1152 natura,
1646 1086 1807 1141 velut
1826 1087 2025 1159 ignem

375 1167 680 1223 humidius
713 1169 958 1241 lignum.
994 1171 1189 1226 Parati
1218 1172 1290 1228 ad
1325 1174 1544 1229 malum
1606 1175 2022 1247 excipiendum

378 1257 647 1329 plerique
681 1264 739 1313 et
766 1258 987 1315 idonei.

447 1347 693 1418 Oportet
721 1353 890 1419 aptos
922 1365 1052 1405 esse
1076 1349 1152 1406 ad
1185 1353 1617 1408 transeundum
1649 1354 1724 1409 ad
1746 1354 1960 1410 melius
1991 1372 2025 1411 a

374 1437 599 1508 pejore,
632 1439 887 1493 aversari
947 1446 1144 1495 autem
1177 1458 1211 1496 a
1240 1443 1608 1498 transeundo
1657 1443 1731 1499 ad
1789 1445 1960 1517 pejus
1991 1461 2025 1501 a

375 1525 630 1582 meliori.

374 1614 585 1671 Servus
617 1616 766 1671 mihi
797 1618 994 1673 omnis
1040 1635 1276 1691 pravus,
1321 1621 1476 1678 liber
1511 1622 1784 1694 quisquis
1827 1623 2023 1679 bonus

1821 1716 1948 1780 (est.

444 1795 663 1851 Basilii.
697 1829 764 1837 —
794 1799 960 1869 Egre
998 1799 1192 1871 agitur
1243 1800 1317 1856 ad
1373 1802 1653 1857 virtutem
1708 1802 2021 1858 hominum

376 1900 586 1956 genus,
620 1883 687 1941 eo
723 1886 881 1958 quod
913 1904 1069 1959 saape
1099 1889 1174 1944 ad
1205 1889 1565 1961 voluptatem
1593 1891 1937 1948 inclinatur.

445 2063 827 2120 Intractabile
848 2065 1172 2122 admodum
1204 2068 1535 2124 inimicitiae
1557 2086 1742 2141 genus
1768 2072 2023 2126 estinvi—

374 2152 505 2219 dia;
544 2169 685 2208 nam
724 2154 901 2210 aliter
929 2157 1170 2227 quidem
1227 2158 1494 2214 infensos
1544 2160 2024 2216 mansuefaciunt

375 2242 691 2310 beneﬁcia,
723 2245 1085 2301 invidiosum
1118 2252 1315 2303 autem
1350 2253 1409 2303 et
1430 2248 1569 2303 vitio
1587 2248 1850 2304 deditum
1867 2249 2023 2306 bona

375 2331 578 2388 ofﬁcia
607 2333 794 2405 magis
822 2335 1226 2390 exstimulant.

446 2420 604 2476 Duas
633 2422 740 2476 tibi
775 2438 903 2477 esse
935 2423 1090 2479 filias
1115 2430 1343 2496 reputa,
1375 2424 1720 2482 felicitatem
1751 2429 1813 2483 in
1840 2432 2021 2495 terra,

377 2514 435 2565 et
464 2509 641 2565 vitam
673 2510 733 2565 in
785 2511 967 2568 cmlis.
1013 2514 1069 2568 Si
1118 2514 1387 2571 nolueris
1436 2516 1638 2571 omnia
1693 2517 2020 2574 concedere

375 2598 615 2666 minori,
649 2600 845 2656 divide
876 2602 1189 2673 mqualiter
1217 2604 1376 2659 inter
1395 2603 1715 2660 indocilem
1737 2610 1941 2661 natam
1964 2611 2023 2661 et

373 2688 726 2760 sapientem,
759 2706 835 2745 ne
885 2690 1038 2746 hanc
1096 2699 1455 2764 praesentem
1512 2694 1690 2750 vitam
1745 2694 2020 2751 ditiorem

377 2778 677 2847 exhibeas,
710 2779 957 2836 alteram
989 2786 1187 2837 autem
1218 2782 1442 2839 nudam
1465 2784 1555 2838 vel
1576 2785 2020 2855 pannislaceris

372 2868 663 2923 indutam.

443 2958 590 3013 Justi
616 2958 842 3029 judicis
875 2964 965 3014 est
994 2960 1255 3032 aequales
1284 2980 1392 3034 pro
1424 2964 1758 3035 mqualibus
1788 2964 2019 3021 delictis

378 3063 582 3118 poenas
613 3064 735 3103 non
765 3049 1092 3122 assignare.
1125 3052 1231 3107 sed
1262 3052 1361 3123 qui
1393 3053 1535 3109 mali
1555 3054 1786 3125 primus
1817 3060 2021 3110 auctor

378 3142 487 3204 est,
522 3136 659 3192 huic
685 3154 899 3210 augere
930 3139 1267 3196 debitorum
1300 3141 1686 3210 solutionem,
1716 3144 1765 3199 si
1806 3144 2021 3202 debeat

372 3225 473 3279 ille
506 3227 694 3298 poenis
723 3227 939 3282 melior
981 3228 1132 3296 tleri,
1193 3235 1253 3284 et
1307 3236 1552 3287 caeteros
1600 3234 2018 3303 prudentiores

373 3330 479 3368 suo
510 3314 780 3385 exemplo
813 3315 1067 3372 efﬁcere.

445 3496 791 3554 Divitiarum
825 3500 1281 3569 incrementum,
1316 3519 1637 3576 egenorum
1668 3521 1831 3562 cura.

446 3586 672 3642 Bonum
706 3605 878 3659 posse
907 3595 965 3644 et
999 3606 1119 3646 non
1174 3591 1370 3647 facere
1420 3594 1670 3650 minime
1719 3595 2021 3652 laudabile

377 3678 507 3737 est;
536 3673 597 3728 id
628 3675 787 3729 enim
818 3675 1095 3731 invidiosi
1127 3682 1218 3733 est
1248 3679 1336 3733 vel
1368 3679 1540 3753 pigri.

445 3764 694 3832 Evagrii.
726 3796 798 3805 —
830 3770 1185 3822 Luctuosum
1213 3773 1303 3823 est
1331 3785 1548 3842 magna
1595 3770 1817 3825 sentire
1864 3772 2022 3827 hunc

376 3850 477 3921 qui
510 3868 687 3922 parva
718 3853 856 3925 agit.

449 3939 692 4012 Oportet
715 3940 804 3996 vel
830 3942 1005 3998 malis
1027 3942 1378 4000 benefacere
1400 3961 1520 4001 non
1544 3947 1684 4016 quia
1704 3947 1846 4002 mali
1863 3953 2020 4015 sunt,

379 4028 483 4083 sed
515 4029 656 4099 quia
685 4029 960 4086 homines
991 4038 1225 4088 natura.

449 4117 693 4188 Oportet
721 4118 815 4173 his
846 4136 977 4189 quae
1010 4136 1117 4190 per
1146 4121 1323 4177 verba
1345 4122 1496 4177 ﬁunt
1513 4124 2024 4181 exhortationibus

377 4205 795 4276 delinquentes
822 4224 1051 4278 parere,
1086 4225 1161 4264 ne
1191 4209 1283 4264 his
1315 4228 1448 4281 quas
1479 4229 1585 4283 per
1614 4230 1793 4284 opera
1809 4215 2027 4270 dantur

377 4292 686 4349 doloribus
716 4295 903 4351 semel
934 4296 1254 4369 aliquando
1286 4300 1647 4355 crucientur.

449 4385 692 4456 Oportet
716 4401 751 4440 a
781 4385 903 4442 viro
933 4403 1112 4458 pravo
1143 4387 1301 4444 bona
1329 4405 1448 4444 non
1466 4406 1674 4462 rogare
1700 4408 1713 4458 ;
1738 4391 1896 4446 mala
1916 4409 2022 4447 au-

377 4479 497 4531 tem
524 4475 721 4547 potius
751 4482 991 4549 rogatus
1022 4483 1231 4549 sponte
1262 4478 1569 4550 praebebit.

452 4565 692 4638 Oportet
724 4582 785 4621 se
816 4566 1216 4639 voluptatibus
1255 4572 1443 4623 totum
1497 4584 1618 4624 non
1668 4570 1903 4641 dedere,
1956 4588 2025 4628 eo

381 4657 538 4730 quod
570 4674 810 4714 amarus
835 4674 933 4714 eas
967 4657 1103 4714 finis
1134 4659 1369 4731 excipit.

453 4750 696 4819 Oportet
737 4764 936 4802 rerum
997 4748 1207 4803 finesa
1237 4748 1409 4804 nobis
1463 4750 1796 4821 prasvideri,
1843 4757 1899 4807 et
1946 4751 2027 4806 ita

377 4854 583 4894 earum
614 4837 947 4910 gestionem
983 4838 1305 4910 suscipere.

446 4999 557 5068 (78)
589 4999 928 5073 Jamsupra
960 4999 1021 5053 in
1054 5004 1121 5067 A,
1158 5000 1265 5054 sub
1334 4999 1612 5072 Ἀμεινον,
1674 5019 1728 5073 p,
1781 5004 1832 5056 6,
1889 5000 2031 5055 Cod.

373 5068 807 5142 προνουούμεθα,

448 5141 557 5210 (79)
590 5141 756 5212 Greg'
793 5142 921 5212 Nazr.
960 5146 980 5193 t
1036 5142 1102 5199 II.
1137 5159 1192 5211 p.
1234 5144 1355 5196 155.

449 5211 559 5285 (8.0)
584 5211 746 5282 Greg.
783 5211 1044 5285 Nazianz.
1081 5213 1238 5285 Orat.
1272 5229 1360 5278 xL.
1399 5230 1458 5285 p7.
1494 5215 1665 5285 654C
1697 5214 1842 5285 :__ubi
1876 5220 2032 5285 ante

374 5281 575 5338 addita
608 5280 1039 5350 est‘sententim
1072 5283 1364 5350 clausula,
1400 5280 1518 5337 “ὅτε
1567 5283 1665 5338 οὐκ
1715 5280 1828 5338 ἔστι
1876 5282 2032 5344 λύσις

376 5351 602 5425 ζημίας,
634 5373 686 5425 κ.
720 5373 769 5425 τ.
807 5348 861 5405 λ.

2137 630 2197 686 ἄν
2226 634 2393 707 ἡμεῖς
2424 632 2758 706 προνοίμεθα
2792 628 2989 687 διοικεῖ
3014 633 3145 693 Θεὸς
3173 633 3240 688 τὰ
3270 632 3535 710 ἡμέτερα.

2204 721 2383 777 Δεινὸν
2412 725 2526 795 (79)
2562 718 2847 797 δράκοντες
2877 722 2970 777 καὶ
2999 727 3307 801 κακοῦργον
3326 721 3570 787 ἀσπίδες’

2205 809 2382 881 Διπλῆ
2419 812 2677 888 γυναικὸς
2711 808 2957 881 δεινότης
2998 810 3048 866 ἐν
3078 813 3313 887 θηρίοις.

2205 900 2386 956 Δεινὸν
2423 905 2534 973 (80)
2583 896 3000 976 ὑστεροϐουλία,
3060 903 3151 957 καὶ
3208 903 3270 958 τὸ
3327 910 3625 976 τηνικαῦτα
3683 914 3786 977 τῆς

2133 991 2413 1065 σωτηρίας
2444 990 2809 1050 αἰσθάνεσθαι.

2204 1077 2528 1149 Δύσληπτον
2562 1083 2674 1147 (81)
2723 1080 2786 1135 τὸ
2844 1079 3048 1156 ἀγαθὸν
3104 1085 3172 1154 τῇ
3236 1080 3548 1158 ἀνθρωπίνῃ
3608 1082 3785 1163 φύσει,

2129 1168 2310 1244 ὥσπερ
2341 1169 2432 1225 καὶ
2463 1174 2570 1242 πῦρ
2603 1167 2709 1244 ὕλῃ
2746 1172 2815 1235 τῆ
2851 1168 3136 1246 ὑγροτέρᾳ.
3190 1172 3451 1245 Ἔτοιμοι
3501 1173 3637 1248 πρὸς
3683 1177 3787 1244 τήν

2129 1264 2229 1315 τοῦ
2260 1264 2432 1314 κακοῦ
2463 1259 2753 1333 μετουσίαν
2784 1259 2837 1314 οἱ
2868 1258 3119 1314 πλεῖστοι
3151 1263 3260 1334 (82)
3291 1261 3382 1315 καὶ
3418 1259 3743 1333 ἐπιτήδειοι.

2201 1351 2303 1406 30
2334 1346 2459 1404 Δέον
2489 1348 2945 1420 εύμετακινήτους
2980 1348 3073 1421 μὲν
3114 1351 3248 1403 εἶναι
3308 1350 3444 1424 πρὸς
3491 1350 3555 1405 τὸ
3600 1356 3785 1426 κρεῖτ-

2129 1460 2221 1494 τον
2250 1439 2356 1495 ἀπὸ
2390 1443 2485 1495 τοῦ
2518 1440 2789 1515 χείρονος,
2841 1439 3130 1511 ἀκινήτους
3189 1437 3245 1494 δὲ
3299 1441 3437 1514 πρὸς
3485 1446 3548 1496 τὸ
3595 1447 3786 1516 χεῖρον

2129 1528 2236 1584 ἀπὸ
2266 1533 2364 1584 τοῦ
2398 1527 2701 1605 βελτίονος.

2200 1615 2406 1679 Δοῦλος
2438 1619 2547 1692 (83)
2577 1616 2703 1691 ἐμοὶ
2735 1622 2839 1679 πᾶς
2870 1618 3078 1688 σκαιὸς,
3109 1616 3394 1694 ἐλεύθερος
3452 1619 3600 1682 ’ὅστις
3658 1618 3786 1696 ἄρι-

3532 1710 3707 1783 [στος.

2202 1794 2513 1853 Βασιλείου.
2551 1830 2620 1840 --
2677 1798 3006 1875 Δυσάγωγόν
3061 1796 3202 1853 ἐστιν
3259 1799 3395 1870 πρὸς
3458 1798 3658 1873 ἀρετήν
3695 1801 3782 1874 τὸ

2051 1914 2095 1977 Β
2128 1884 2281 1977 γένος
2307 1892 2416 1977 τῷν
2447 1885 2764 1963 ἀνθρώπων,
2816 1883 2904 1941 διὰ
2951 1887 3015 1943 τὸ
3062 1888 3198 1962 πρὸς
3255 1884 3455 1958 ἡδονὴν
3503 1886 3783 1953 πολλάκις

2127 1975 2435 2052 ἐπιρῥεπές.

2200 2030 2863 2142 Δύσμεταχειριστότατον
2892 2061 3099 2144 ἔχθρας
3130 2062 3274 2128 εἶδος
3306 2066 3334 2119 ὁ
3365 2065 3580 2145 φθόνος·
3639 2064 3773 2127 τοὺς

2130 2155 2358 2233 μὲνγὰρ
2389 2153 2574 2216 ἄλλως
2636 2152 2917 2229 δυσμενεῖς
2974 2153 3360 2230 ἡμερωτέρους
3412 2159 3660 2210 ποιοῦσιν
3714 2154 3776 2209 αῖ,

2130 2244 2451 2321 εὐεργεσίαι,
2479 2244 2572 2299 τὸν
2632 2244 2901 2319 βάσκανον
2937 2241 2994 2298 δὲ
3032 2244 3123 2299 καὶ
3174 2246 3424 2315 κακοήθη
3471 2246 3537 2300 τὸ
3587 2244 3775 2306 καλῶς

2126 2339 2315 2399 παθεῖν
2345 2332 2513 2389 πλέον
2543 2326 2934 2409 προσερεθίζει.

2200 2425 2304 2479 Δύο
2334 2445 2421 2479 σοι
2466 2424 2695 2499 νόμισον
2751 2424 2894 2478 εἶναι
2949 2423 3269 2500 θυγατέρας,
3328 2424 3428 2494 τὴν
3488 2422 3774 2480 εὐπάθειαν

2125 2515 2224 2584 τήν
2257 2510 2463 2582 ἐνθάδε,
2496 2512 2588 2568 καὶ
2619 2513 2719 2583 τήν
2755 2514 2900 2583 ζωὴν
2947 2514 3048 2582 τὴν
3096 2511 3148 2567 ἐν
3206 2519 3322 2574 τοῖς
3373 2512 3646 2589 οὐρανοῖς.
3705 2513 3771 2570 Εἰ

2131 2605 2207 2680 μή
2244 2604 2495 2675 θελήσεις
2527 2603 2593 2659 τὰ
2623 2603 2799 2658 πάντα
2831 2600 3012 2658 δοῦναι
3041 2604 3112 2676 τῇ
3161 2604 3429 2678 κρείττονι
3486 2605 3620 2677 (84),
3673 2601 3773 2677 μέ-

2129 2716 2275 2770 ρισον
2305 2694 2484 2765 ἑξίσης
2532 2697 2600 2768 τῇ
2627 2714 2686 2748 τε
2716 2691 3007 2767 ἀκολάστῳ
3064 2690 3218 2748 παιδὶ
3272 2692 3364 2749 καὶ
3411 2696 3479 2768 τῇ
3512 2694 3772 2773 σώφρονι,

2131 2786 2207 2860 μή
2238 2786 2340 2854 τήν
2373 2782 2603 2838 ἐνταῦθα
2654 2779 2937 2859 διαγωγὴν
2992 2780 3371 2858 ὑπέρπλουτον
3422 2782 3623 2857 δείξῃς,
3671 2804 3775 2859 γυ-

2130 2877 2266 2950 μνὴν
2299 2872 2358 2931 δὲ
2386 2879 2486 2944 τήν
2516 2872 2696 2944 ἄλλην
2727 2872 2819 2929 καὶ
2850 2872 3064 2947 ῥακέοις
3095 2874 3501 2953 ἠμφιεσμένην.

2199 2963 2421 3021 Δικαίου
2453 2967 2559 3037 (85)
2592 2967 2782 3037 κριτοῦ
2830 2961 2970 3018 ἐστιν
3009 2962 3129 3026 ἴσας
3166 2963 3305 3039 πρὸς
3352 2963 3475 3027 ἴσας
3525 2965 3601 3036 μή
3652 2963 3774 3038 ὁρί-

2127 3053 2233 3118 ζειν
2292 3046 2390 3108 τὰς
2448 3042 2766 3113 ἀντιδόσεις,
2826 3042 2952 3101 ἀλλ’
3010 3044 3219 3122 ἀνάγκη
3277 3045 3370 3101 τὸν
3435 3046 3773 3121 κατάρξαντα

2125 3141 2223 3193 τοῦ
2255 3139 2429 3192 κακοῦ
2463 3135 2599 3209 μετὰ
2627 3136 2948 3209 προσθήκης
2993 3134 3251 3190 ἀποτῖσαι
3296 3134 3364 3189 τὰ
3417 3132 3770 3211 ὀφειλόμενα,

2130 3227 2176 3282 εἰ
2210 3222 2409 3300 μέλλοι
2440 3223 2603 3284 αὐτός
2643 3245 2701 3278 τε
2728 3229 2848 3285 ταῖς
2903 3223 3195 3299 τιμωρίαις
3246 3219 3479 3297 βελτίων
3528 3223 3775 3296 γενέσθαι

2129 3313 2377 3378 καὶτοὺς
2406 3311 2637 3375 λοιποὺς
2696 3310 3162 3393 σωφρονεστέρους
3210 3312 3457 3381 ποιήσειν
3514 3315 3594 3384 τῷ
3646 3311 3779 3366 ὑπο-

2127 3402 2401 3481 δείγματι.

2198 3492 2535 3549 Δανειστικὸν
2570 3493 2681 3564 (86)
2710 3490 2954 3547 πλούτου
2986 3492 3020 3560 ἡ
3053 3487 3309 3563 θεραπεία
3338 3493 3446 3544 τῶν
3467 3485 3766 3560 δεομένων.

2200 3581 2467 3645 Δύνασθαί
2497 3602 2548 3636 τι
2577 3578 2746 3636 καλὸν
2790 3581 2879 3635 καὶ
2931 3580 3008 3654 μὴ
3055 3582 3230 3634 ποιεῖν
3283 3577 3384 3633 οὐκ
3441 3575 3765 3633 ἐπαινετέον·

2127 3667 2163 3740 ἤ
2195 3672 2297 3747 γὰρ
2331 3673 2592 3746 φθονεροῦ
2621 3673 2808 3739 τοῦτο,
2839 3669 2873 3739 ἢ
2903 3669 3094 3745 ἀργοῦ.
3580 3668 3583 3671 ’

2200 3764 2293 3819 31
2332 3759 2631 3837 Εὐαγρίου.
2689 3792 2754 3802 -
2803 3758 2979 3813 Δεινόν
3035 3756 3143 3813 ἐστι
3207 3757 3347 3832 μέγα
3403 3760 3620 3834 φρονεῖν
3679 3776 3775 3828 μι-

2127 3851 2231 3926 κρὰ
2268 3848 2590 3925 τράττοντα.

2199 3939 2327 3997 Δέον
2354 3940 2445 3996 καὶ
2474 3944 2667 4001 κακοῖς
2699 3940 2756 3995 εὗ
2786 3945 2982 4008 ποιεῖν,
3017 3937 3079 3992 οὐ
3136 3938 3256 3993 καθ’
3314 3937 3343 3991 ’ὸ
3396 3935 3559 3991 κακοί
3617 3934 3769 4003 εἰσιν,

2130 4033 2247 4088 καθ’
2279 4032 2309 4086 δ
2340 4028 2398 4084 δὲ
2427 4028 2701 4105 ἅνθρωποι
2734 4028 2908 4107 φύσει.

2202 4126 2317 4175 Δεῖν
2345 4124 2461 4179 ταῖς
2509 4118 2568 4173 ἐκ
2626 4118 2809 4192 λόγων
2865 4116 3241 4192 παραινέσεσιν
3298 4113 3425 4176 τοὺς
3482 4114 3773 4175 πταίοντας

2132 4208 2314 4276 εἷ’κειν,
2350 4207 2432 4262 ἵνα
2467 4208 2542 4280 μή
2575 4211 2693 4268 ταῖς
2724 4205 2774 4275 ἐξ
2806 4199 2979 4283 ἔργων
3010 4204 3109 4279 ὀψέ
3140 4224 3274 4259 ποτε
3301 4203 3631 4277 παραταθεῖν
3662 4203 3778 4274 (87)

2132 4295 2367 4358 ὀδύναις.

2205 4392 2294 4441 Δεῖ
2321 4387 2413 4440 τὸν
2445 4384 2684 4459 πονηρὸν
2718 4382 2885 4458 ἄνδρα
2932 4385 3007 4457 μή
3067 4381 3237 4437 αἰτεῖν
3287 4380 3485 4456 ἀγαθά·
3533 4379 3671 4434 κακὰ
3720 4375 3779 4432 δὲ

2136 4475 2350 4550 μᾶλλον
2380 4474 2698 4548 αἰτούμενος
2726 4473 2969 4547 ἑτοίμως
3000 4473 3238 4548 παρέξει.

2205 4572 2296 4621 Δεῖ
2319 4570 2438 4628 ταῖς
2491 4561 2716 4634 ἡδοναῖς
2776 4560 2906 4637 μηδ’
2965 4561 3110 4623 ὅλως
3167 4561 3514 4629 ὑποπίπτειν,
3574 4556 3661 4615 διὰ
3713 4558 3779 4612 τὸ

2056 4650 2103 4716 D
2134 4657 2329 4730 πικρὸν
2361 4653 2584 4714 ταύταις
2617 4651 3002 4709 ἐπακολουθεῖν
3035 4650 3214 4711 τέλος.

2208 4744 2334 4800 Δέον
2371 4747 2481 4818 (88)
2505 4743 2571 4799 τὰ
2600 4740 2734 4813 τέλη
2764 4748 2872 4797 τῶν
2932 4741 3266 4817 πραγμάτων
3321 4742 3468 4813 ἡμᾶς
3515 4741 3780 4813 προορᾷνν

2136 4836 2225 4890 καὶ
2258 4834 2431 4897 οὕτως
2457 4836 2557 4902 τήν
2586 4832 2796 4889 τούτων
2828 4830 3143 4910 ἐγχείρησιν
3172 4831 3462 4884 ποιεῖσθαι.

2214 5000 2320 5061 (85)
2356 4997 2534 5053 Basil.
2577 4997 2743 5051 Hom.
2774 5011 2924 5049 mor.
2970 4995 3048 5048 De
3080 4993 3294 5047 virtute
3324 4997 3384 5046 et
3412 4990 3572 5061 vitio,
3604 5006 3664 5060 p.
3693 4992 3784 5043 20.

2210 5072 2321 5138 (86)
2352 5068 2566 5137 Codex,
2597 5064 2688 5120 δαν
2700 5065 2889 5121 ιτικόν.

2354 5140 2569 5215 Codex,
2602 5139 2909 5211 παραθεὶεν.
2964 5207 2985 5215 _
3059 5212 3065 5215 _
3106 5207 3117 5215 _
3286 5206 3300 5215 _
3382 5207 3414 5215 Α
3462 5204 3473 5215 ⁸
3514 5204 3552 5215 Π
3607 5203 3619 5215 ο

2214 5204 2325 5279 (88)
2360 5204 2800 5266 Babrii'nomen
2834 5207 3075 5280 praefert
3104 5207 3165 5261 in
3196 5206 3326 5261 cod.
3357 5204 3741 5280 _Ooisliniano
3773 5218 3786 5256 :

2143 5276 2438 5357 Antonius
2469 5283 2646 5357 $.27,
2682 5299 2736 5353 p.
2797 5276 2893 5357 40,
2927 5279 3236 5357 pgmt’ixum
3259 5276 3522 5357 “exhibet
3558 5290 3789 5357 nomen

2143 5355 2460 5419 Cliabinaa;
2494 5348 2639 5407 hinc
2664 5348 2832 5408 ei'ror
2861 5348 3197 5406 de'Babrio.
3253 5348 3334 5403 Cf.
3389 5348 3687 5420 Tyrwbitt.
3724 5348 3787 5399 in

447 5424 558 5495 (81)
588 5424 670 5479 Id.
702 5424 860 5495 Orat.
896 5441 931 5489 ι,
969 5441 1023 5494 p.
1059 5427 1090 5479 6
1126 5429 1190 5478 Ι).

2144 5426 2505 5496 Postscripto
2538 5426 2779 5480 Dissert.
2816 5422 2888 5477 de
2922 5422 3152 5496 Babrio,
3185 5420 3283 5496 ubi
3315 5421 3602 5496 l1mc_es_s_e
3649 5433 3789 5496 p_ro-

448 5491 554 5567 (82)
611 5494 806 5573 deex
862 5491 1018 5573 11.68,
1080 5514 1134 5567 p.
1196 5496 1303 5573 48.:
1370 5491 1535 5573 Δύσλ.
1588 5496 1695 5573 ,μὴ
1750 5497 1811 5551 τὸ
1871 5497 2033 5573 ἀγ....

2147 5499 2305 5552 saica
2334 5487 2555 5573 monet.
2589 5497 2649 5551 Β.
2685 5502 2906 5573 tamen.
2965 5511 3027 5573 p_.
3076 5495 3178 5573 _'7_2,
3229 5487 3790 5573 in‘deucholiambos

377 5558 590 5641 ἕτοιμοι
626 5563 683 5620 δὲ
713 5565 804 5620 καὶ
836 5566 973 5639 πρὸς
1003 5558 1052 5650 Ξῖζ
1081 5558 1138 5621 Ῑτ.
1170 5585 1226 5618 κ.
1252 5561 1518 5650 ,ἐργασίαν
1555 5558 1611 5618 οἳ
1637 5564 1782 5626 πλ...
1921 5558 1930 5573 ’

2167 5570 2288 5650 'e_cit
2325 5567 2505 5650 duos,
2546 5558 3010 5650 qua-rn_bel'l_os:l
3056 5558 3189 5649 Δέον
3236 5561 3303 5650 τὰ
3352 5558 3484 5650 τέλη
3545 5561 3786 5650 προοριξν

448 5628 561 5710 (83)
593 5642 759 5713 Greg.
796 5628 1003 5713 Na_'z._t.
1031 5640 1197 5713 1_1._p.
1244 5628 1347 5688 127'
1382 5637 1441 5713 B_.
1679 5710 1687 5713 Α
1952 5712 1958 5713 ί

2167 5643 2255 5692 ςῶν
2285 5628 2619 5711 πραγμάτων
2650 5640 2822 5707 ἡμᾶς,
2876 5634 2979 5692 Καὶ
3023 5631 3166 5713 οἱξτω
3203 5647 3303 5713 την
3351 5628 3556 5688 τούτων
3590 5628 3795 5713 ’ἐγχεί-

448 5702 561 5784 (84)
591 5702 806 5781 Οοάἒι,
839 5709 954 5782 εἰμὶ
986 5702 1269 5767 θελίσίς...
1302 5707 1606 5779 κρείττονιε
1642 5710 1727 5765 sic
1753 5711 2021 5767 librariul

2167 5729 2289 5784 >ισιν
2319 5702 2513 5764 ποιεῖν.
2546 5702 2741 5784 qué;
2765 5709 3030 5784 quidem,
3065 5702 3387 5781 ἐγχείρισιν,
3436 5710 3503 5760 ut
3551 5710 3611 5758 et
3647 5702 3794 5756 'Coi-

380 5777 558 5838 solet;
796 5777 803 5781 ⁷
893 5777 902 5782 ’
1344 5777 1350 5779 ί

2167 5781 2481 5837 dinianus:
2515 5781 2727 5851 scripsi
2758 5777 3094 5855 ἐγχείοησιν.
