4152 6312
414 370 566 430 1095

1669 362 2098 425 GEORGIDIS
2140 364 2506 429 MONAGHI
2516 412 2531 428 .

3665 372 3824 433 1096

485 501 717 556 Statera
734 499 922 572 justa,
957 502 1016 553 et
1040 512 1322 554 mensura
1336 495 1588 569 justa,et
1615 493 1849 550 chmnix
1862 493 2062 567 justus

2248 496 2419 573 Ζυγὸς
2450 494 2661 560 δίκαιος
2690 498 2781 554 καὶ
2833 498 3030 574 μέτρον
3097 497 3306 556 δίκαιον
3362 501 3453 555 καὶ
3511 499 3685 571 χοίνιξ
3710 502 3825 576 (23)

414 590 580 645 vobis
604 590 735 644 erit.

487 681 757 737 Platonis.
791 711 860 721 -—
894 679 1155 735 Vivimus
1214 693 1337 732 non
1387 680 1456 732 ut
1511 674 1913 742 comedamus,
1964 673 2068 729 sed

418 771 789 827 comedimus
818 775 886 825 ut
923 768 1201 824 vivamus.

486 861 882 933 Chrysostomi.
914 890 980 900 -—
1012 859 1236 912 Natura
1262 857 1543 925 humana,
1586 855 1824 927 quando
1879 853 2069 909 multa

410 952 473 1006 in
506 948 941 1020 tranquillitate
986 952 1273 1014 versatur,
1308 946 1542 1019 ignorat
1570 946 1873 1017 propriam
1909 944 2068 1015 inge-

410 1041 703 1095 nuitatem
737 1043 794 1093 et
825 1055 947 1093 non
979 1042 1098 1093 stat
1126 1037 1386 1109 propriis
1432 1036 1492 1091 in
1534 1034 1775 1091 ﬁnibus.

482 1220 681 1275 Virtus
712 1235 833 1273 non
857 1235 887 1274 e
919 1216 1175 1273 terrenis
1203 1214 1768 1289 diguitatibus,sede
1797 1212 2065 1268 moribus

411 1310 625 1367 animos
666 1308 1060 1382 cognoscitur.

478 1398 820 1471 Benignitas
848 1396 1073 1453 bonum
1097 1401 1208 1467 est,
1269 1395 1373 1451 sed
1425 1394 1717 1451 bonorum
1770 1397 1948 1465 caput
1976 1396 2067 1446 est

408 1491 687 1548 charitas.

474 1583 756 1637 Iuventus
790 1583 848 1634 et
876 1578 1131 1634 stultitia
1160 1578 1408 1633 vanitas.

478 1670 696 1727 Vacare
728 1667 1106 1741 passionibus
1138 1667 1301 1723 laudi
1332 1666 1590 1721 ducitur.

477 1760 726 1815 Joannis.
770 1789 840 1798 —
894 1758 1029 1812 Haec
1089 1773 1353 1828 praesens
1403 1755 1539 1819 vita,
1590 1751 1863 1808 durabile
1911 1751 2063 1806 nihil

403 1849 657 1917 habens,
690 1847 897 1903 multis
932 1864 1170 1918 quoque
1201 1862 1401 1901 rerum
1433 1841 1944 1899 vicissitudinibus
1966 1840 2064 1896 ob-
2091 1854 2141 1920 Β

407 1939 587 1995 noxia
616 1943 724 1994 est.

478 2029 826 2101 Amphilochi
895 2059 965 2069 -—
1018 2028 1243 2101 Lingua
1297 2030 1593 2098 prompta,
1662 2022 1813 2078 nihil
1895 2019 2057 2094 digni

409 2125 705 2188 eructans,
740 2124 799 2174 et
825 2118 1061 2174 veniam
1086 2134 1210 2173 non
1241 2121 1502 2172 meretur
1532 2120 1590 2170 et
1635 2113 1887 2184 seipsam
1914 2127 2056 2166 con-

405 2210 668 2266 demnat.

479 2297 799 2354 Hominum
821 2313 991 2353 mens
1024 2301 1084 2352 et
1107 2295 1378 2351 voluntas
1408 2293 1637 2349 lubrica
1677 2296 1737 2347 et
1764 2289 2055 2345 versatilis

409 2392 538 2453 est;
571 2387 645 2442 ob
668 2387 823 2442 hanc
843 2402 1083 2442 causam
1116 2384 1293 2440 tutari
1325 2388 1559 2455 oportet
1579 2388 1637 2438 et
1664 2380 1826 2437 omni
1864 2384 2057 2435 custo-

410 2477 509 2533 dia
539 2483 807 2533 nostrum
842 2494 943 2533 cor
966 2476 1304 2547 defendere,
1340 2476 1422 2532 ita
1451 2482 1517 2532 ut
1560 2493 1697 2532 cum
1731 2475 1941 2530 timore
1997 2477 2057 2529 et

408 2573 668 2625 tremore
688 2573 955 2624 nostram
990 2568 1243 2623 salutem
1275 2583 1607 2639 operemur;

476 2741 812 2814 Corporalis
834 2759 990 2807 esca,
1016 2741 1255 2813 quando
1287 2742 1350 2796 in
1382 2740 1753 2797 stomachum
1785 2738 2056 2794 humori-

403 2829 515 2886 bus
546 2831 824 2905 malignis
879 2831 1164 2887 refertum
1213 2829 1514 2898 ceciderit,
1574 2829 1832 2885 multum
1883 2832 2058 2901 auget

408 2920 707 2989 morbum,
741 2938 861 2976 non
893 2939 1001 2993 per
1028 2920 1330 2992 propriam
1359 2925 1657 2991 naturam,
1684 2918 1787 2974 sed
1816 2934 1922 2990 per
1960 2918 2057 2974 de-

406 3009 703 3067 bilitatem
733 3011 1042 3067 stomachi.

478 3099 824 3156 Divinorum
855 3101 1276 3172 mysteriorum
1306 3098 1784 3171 comprehensio,
1815 3096 2054 3169 quando

401 3188 465 3244 in
497 3195 762 3244 mentem
791 3189 1021 3244 malitia
1052 3189 1333 3244 refertam
1364 3187 1863 3258 cecideritmagis
1887 3187 2053 3241 illam

401 3278 733 3349 corrumpit
762 3283 821 3332 et
848 3278 1267 3344 dissolvit,non
1299 3295 1405 3349 per
1432 3277 1733 3349 propriam
1755 3283 2051 3346 naturam,

403 3364 508 3420 sed
540 3382 648 3437 per
681 3365 1052 3421 debilitatem
1078 3366 1296 3422 mentis
1328 3383 1459 3437 quae
1489 3365 1735 3437 excepit.

478 3453 763 3526 Legitima
795 3454 1163 3510 matrimonii
1188 3454 1532 3525 conjunctio
1567 3453 1725 3526 apud
1746 3454 1932 3508 Deum
1953 3453 2064 3507 ho-

404 3541 732 3611 norabilis;
765 3560 897 3615 quae
919 3548 1117 3600 autem
1141 3548 1384 3616 propter
1412 3543 1741 3615 voluptates
1757 3541 2065 3614 perﬁcitur

406 3633 585 3687 morti
615 3633 872 3690 obnoxia
902 3638 1010 3689 est.

478 3723 727 3777 Joannis.
759 3752 829 3763 -
860 3723 1275 3795 Opportunum
1327 3722 1632 3778 silentium
1671 3721 2064 3795 cogitationes

402 3811 887 3885 sapientissimas
917 3812 1091 3885 parit.

477 3901 929 3957 Commiseratio
961 3901 1189 3957 bonum
1221 3918 1371 3973 opus
1399 3904 1490 3956 est
1543 3900 1607 3955 in
1638 3900 1755 3955 vita
1787 3898 1930 3970 ;qui
1960 3898 2064 3955 illa

404 3990 693 4062 praeditus
715 3996 808 4047 est
838 3992 1113 4063 expedite
1143 3991 1431 4047 ambulat.

480 4079 619 4135 Dies
653 4096 773 4135 una
800 4080 919 4134 vita
947 4081 1143 4135 omnis
1171 4081 1264 4136 his
1294 4080 1395 4151 qui
1427 4094 1628 4134 amore
1659 4077 1952 4133 laborant.

481 4166 721 4222 Minime
751 4167 1042 4225 malitiam
1075 4168 1411 4240 suspicatur
1440 4165 1599 4237 quod
1654 4182 1689 4220 a
1732 4166 1959 4220 malitia
1987 4165 2063 4220 li-

407 4256 620 4311 berum
650 4259 759 4310 est.

480 4343 795 4417 Voluptate
825 4344 1147 4417 aliquando
1178 4343 1585 4400 hanorabilior
1634 4348 1723 4400 est
1777 4343 1975 4400 luctus
2006 4349 2066 4400 et

478 4508 593 4581 (23)
628 4510 807 4565 Levit.
843 4527 962 4574 xIx,
997 4512 1084 4565 36.
1119 4508 1257 4564 Cod.
1320 4506 1552 4581 σχοίνιξ.
1608 4507 1796 4564 Verba
1828 4509 2043 4566 Levitic

405 4583 745 4638 accuratius
769 4581 1087 4653 descripsit
1117 4581 1427 4636 Antonius.
1462 4583 1553 4646 40,
1577 4597 1634 4652 p.
1668 4583 1754 4653 59.

480 4654 591 4724 (24)
626 4654 882 4710 Socratis
913 4651 1146 4709 celebre
1178 4652 1400 4707 dictum
1429 4658 1519 4707 est
1561 4651 1718 4723 apud
1770 4651 2066 4708 Stobaaum

409 4723 500 4778 tit.
539 4729 627 4789 l7,
662 4729 751 4791 22,
785 4733 845 4781 et
873 4726 1022 4782 alios
1045 4767 1059 4792 ,
1101 4741 1245 4779 num
1269 4725 1447 4779 etiam
1479 4724 1814 4795 reperiatur
1830 4724 2068 4794 ap.Pla#

406 4800 614 4852 tonem
645 4798 868 4854 nescio.
905 4797 985 4852 Cf.
1049 4797 1346 4868 Wyttenb.
1380 4796 1454 4851 ad
1475 4795 1621 4868 iPlut
1673 4812 1710 4860 ι,
1744 4796 1789 4856 1,
1849 4811 1907 4865 p.
1941 4798 2060 4849 219.

483 4868 597 4939 (25)
628 4871 768 4926 Cod.
803 4868 1055 4940 ἐμπέσοι.
1089 4867 1292 4923 Potest
1349 4867 1592 4940 quidem
1631 4882 2066 4940 nonnunquam

409 4934 534 5011 tith
562 4934 886 5010 optativum
922 4940 1033 4996 sibi
1049 4940 1328 5011 junctum
1359 4934 1578 4995 habere
1613 4954 1627 4997 ς
1683 4938 1786 4992 sed
1834 4934 1924 4991 in
1957 4939 2068 4995 hoc

405 5009 537 5063 loco
562 5009 936 5082 soloecismus
968 5009 1128 5067 esset
1157 5011 1409 5082 ἐμπέσοι,
1443 5014 1714 5082 quem.ut
1737 5012 2067 5082 sexcenties

405 5080 1007 5153 evenit,iotacismus
1039 5080 1388 5153 peperisset.
1447 5080 1604 5153 Dixit
1626 5151 1634 5153 Α
1655 5080 1977 5153 Menander
2006 5083 2066 5137 in

407 5151 689 5227 Olynthia
723 5170 741 5227 ξ
770 5148 1280 5227 Ὠς-ᾂδικᾱνίὸταν
1341 5154 1375 5220 ἡ
1438 5152 1535 5224 μὲν
1569 5151 1726 5227 φύσις
1774 5148 1993 5227 ἶΑπο-δῷ
2012 5173 2066 5227 τι

406 5219 629 5296 σεμνὸν,
660 5226 822 5277 τοῦτο
861 5219 906 5277 δ’
938 5226 974 5292 ἡ
1033 5223 1180 5296 τύχη
1241 5219 1449 5277 κακοῖ.’
1485 5219 1682 5294 Nuper
1714 5223 1848 5296 (Viri
1884 5219 1976 5293 d.,_
2007 5226 2068 5281 id

404 5292 805 5367 fragmentum
842 5292 1320 5367 tractans—(xum?
1376 5312 1482 5366 pro
1543 5292 1814 5367 optativo
1835 5295 2063 5367 habuit,

406 5380 588 5435 quem
635 5365 930 5422 subtilius
979 5365 1444 5435 interpretatur:
1510 5365 1658 5420 mihi
1719 5366 1960 5435 quidem
2011 5365 2069 5424 et

406 5431 647 5510 multis,
674 5445 838 5510 puto,
872 5431 1216 5510 lectoribus,
1249 5431 1439 5510 ἀποδῷ
1480 5431 1904 5510 etmxoi'sunt
1926 5440 2067 5496 sub-

397 5504 777 5578 junctivifln
817 5510 942 5564 illis
999 5504 1193 5561 verbis
1252 5504 1703 5562 terminationes
1752 5507 1955 5579 plures
2009 5518 2069 5568 et

403 5579 609 5655 activae
645 5587 704 5638 et
727 5582 974 5655 passivae
1006 5593 1253 5652 prorsus
1286 5578 1831 5655 e_a:_dem_sunt.qum
1865 5587 2064 5640 tamen

405 5668 476 5708 ex
507 5649 812 5726 adjunctis
850 5649 1209 5730 plerumque
1256 5649 1456 5731 nitide
1496 5650 1778 5723 distingui
1812 5661 2058 5722 queunt.

2081 3232 2128 3296 C

2184 578 2395 646 δίκαιος
2422 581 2571 643 ἔσται
2605 588 2750 662 ὑμῖν.

2247 671 2561 737 Πλάτωνος.
2598 709 2663 719 -
2694 682 2883 753 Ζῶμεν
2943 681 3056 754 (24)
3114 678 3223 755 οὐχ
3252 677 3337 734 ἵνα
3378 677 3662 754 ἐσθίωμεν,
3688 678 3818 750 ἀλλ,

2179 758 2431 837 ἐσθίομεν
2450 762 2528 819 ἵνα
2552 770 2750 839 ζῶμεν.

2248 853 2347 911 38
2404 858 2513 909 Τοῦ
2572 857 2993 931 Χρυσοστόμου·
3051 890 3122 901 --
3176 858 3239 915 Ἡ
3310 858 3469 939 φύσις
3527 859 3563 927 ἡ
3612 858 3822 933 ἀνορω-

2173 940 2321 1009 πεία,
2356 939 2572 997 ἐπειδὰν
2623 942 2844 1014 πολλῆς
2897 944 3124 1009 ἀνέσεως
3182 942 3539 1017 ἐπιλάϐηται,
3602 944 3817 1002 ἐπιλαν-

2175 1028 2389 1084 θάνεται
2420 1037 2521 1100 τῆς
2584 1032 2788 1094 οἰκείας
2847 1034 3116 1110 εὐγενείας
3151 1034 3242 1089 καὶ
3301 1035 3412 1109 οὐχ
3459 1032 3681 1091 ’ίσταται
3730 1034 3822 1090 ἐπὶ

2171 1123 2279 1172 τῶν
2308 1118 2523 1175 οἰκείων
2554 1122 2712 1195 ὃρων.

2242 1208 2305 1262 ’Π
2336 1208 2501 1283 ἀρετή
2542 1210 2640 1265 οὐκ
2672 1208 2733 1265 ἐκ
2788 1217 2898 1267 τῶν
2952 1213 3102 1268 κάτω
3153 1212 3504 1287 ἀξιωμάτων,
3558 1211 3685 1269 ἀλλ’
3738 1211 3823 1268 ἐκ-

2171 1298 2377 1372 τρόπου
2408 1299 2726 1375 γνωρίζεται
2746 1307 2847 1370 τῆς
2878 1304 3086 1376 ψυχῆς

2243 1387 2303 1442 Ἥ
2338 1389 2659 1466 χρηστότης
2689 1389 2908 1467 ἀγαθὸν,
2939 1390 3124 1467 ἀγάπη
3149 1388 3206 1446 δὲ
3246 1390 3542 1471 κεφάλαιος
3586 1391 3818 1465 ἀγαθῶν.

2243 1568 2306 1625 Ἦ
2339 1568 2530 1640 νεότης
2559 1570 2649 1625 καὶ
2680 1572 2715 1639 ἡ
2747 1569 2903 1626 ἄνοια
2935 1572 3257 1644 ματαιότης’

2241 1660 2299 1713 Ἢ
2334 1663 2445 1713 τῶν
2477 1662 2661 1717 παθῶν
2689 1657 2970 1736 ἐλευθερία
2997 1663 3316 1736 πανήγυρις.

2246 1839 2518 1897 Ἰωάννου.
2560 1874 2629 1883 -
2685 1843 2751 1898 Ἥ
2809 1840 3037 1898 ἐνταῦθα
3089 1845 3226 1913 ζωὴ,
3286 1843 3348 1900 τὸ
3407 1843 3665 1919 ἐπίμονον
3720 1844 3822 1900 οὐκ

2173 1926 2398 2005 ἔχουσα,
2452 1929 2791 2000 συνέζευκται
2848 1933 2939 1987 καὶ
2984 1930 3222 1996 πολλαῖς
3273 1936 3614 2012 πραγμάτων
3655 1955 3819 2008 μετα-

2175 2014 2388 2080 ϐολαῖς.

2242 2106 2618 2185 Ἀμφιλόχου.
2647 2140 2717 2155 -—
2746 2110 2810 2166 ἹῙ
2840 2113 3122 2185 προπετὴς
3178 2109 3421 2186 γλῶττα,
3481 2110 3633 2168 οὐδὲν
3672 2112 3820 2183 ἄξιον

2168 2197 2518 2275 ἐρευγομένη,
2550 2198 2642 2253 καὶ
2672 2198 3055 2276 ἀσύγγνωστός
3085 2198 3225 2256 ἐστιν
3275 2201 3366 2257 καὶ
3414 2202 3608 2271 ἑαυτὴν
3654 2200 3820 2272 ἐστη-

2168 2285 2201 2341 λ
2212 2288 2407 2342 ίτευσεν
2416 2330 2429 2344 .

2237 2376 2301 2433 Ἱί
2332 2381 2438 2432 τῶν
2488 2377 2784 2452 ἀνθρώπων
2840 2378 3035 2453 γνώμη
3096 2378 3186 2434 καὶ
3250 2380 3567 2457 προαίρεσις
3625 2379 3814 2435 εὑόλι-

2167 2464 2293 2530 σθός
2324 2463 2558 2525 ἐστικαὶ
2617 2466 3055 2541 εὖπερίτρεπτος·
3111 2468 3309 2524 τούτου
3359 2468 3520 2545 χάριν
3576 2466 3811 2546 ἀσφαλί-

2170 2555 2350 2623 ζεσθαι
2390 2556 2500 2631 χρή
2564 2557 2657 2611 καὶ
2714 2555 2859 2630 πάσῃ
2935 2554 3152 2634 φυλακῇ
3228 2564 3412 2632 τηρεῖν
3462 2560 3561 2628 τήν
3618 2559 3812 2615 ἑαυτοῦ

2171 2646 2449 2720 σωτηρίαν
2476 2645 2919 2724 κστεργάζεσθαι’

2238 2736 2301 2792 Ἰ]
2360 2739 2649 2811 σωματική
2708 2739 2910 2814 τροφὴ,
2969 2736 3095 2794 ὅταν
3150 2739 3226 2801 εἷς
3279 2741 3514 2816 γαστέρα
3594 2739 3811 2816 χυμοὺς

2170 2820 2405 2901 ἔχουσαν
2433 2827 2699 2902 πονηρίας
2730 2826 2941 2902 ἑμπέσῃ
2975 2832 3112 2901 (25),
3168 2826 3261 2884 ἔπὶ
3314 2828 3506 2885 πλεῖον
3561 2828 3813 2887 ἐπιτείνει

2169 2918 2267 2985 τὴν
2297 2919 2399 2974 39
2429 2916 2752 2994 ἀρρωστίαν,
2789 2916 2851 2972 οὐ
2883 2918 3029 2992 παρὰ
3059 2919 3157 2987 τήν
3183 2918 3385 2973 οἰκείαν
3429 2920 3608 2998 φύσιν,
3666 2919 3814 2975 ἀλλὰ

2170 3007 2316 3082 παρὰ
2344 3007 2442 3076 τὴν
2475 3005 2748 3062 ἀσθένειαν
2777 3012 2878 3077 τῆς
2910 3008 3164 3084 γαστρός.

2240 3097 2301 3152 ἹΙ
2334 3101 2442 3151 τῶν
2474 3092 2632 3150 θείων
2693 3094 3010 3170 μυστηρίων
3071 3095 3404 3172 μετάληψις,
3464 3096 3676 3154 ἐπειδὰν
3732 3100 3813 3167 εἷς,

2170 3182 2405 3240 διάνοιαν
2435 3182 2644 3259 ἐμπέσῃ
2690 3184 2961 3260 γέμουσαν
3016 3185 3305 3260 πονηρίας,
3368 3186 3581 3261 μᾶλλον
3649 3187 3816 3258 αὐτὴν

2170 3271 2466 3348 διαφθείρει
2494 3272 2585 3328 καὶ
2615 3270 2942 3343 ἀπόλλυσιν,
2984 3273 3045 3329 οὐ
3076 3275 3220 3349 παρὰ
3249 3275 3347 3342 τήν
3403 3276 3604 3332 οἰκείαν
3634 3276 3813 3354 φύσιν,

2166 3360 2314 3417 ἀλλὰ
2344 3362 2490 3439 παρὰ
2513 3362 2612 3431 τὴν
2647 3363 2916 3417 ἀσθένειαν
2949 3369 3046 3432 τῆς
3080 3360 3373 3437 δεξαμένης
3404 3366 3611 3437 ψυχῆς.

2236 3453 2300 3509 Ἥ
2332 3448 2592 3526 ἔνθεσμος
2622 3455 2718 3507 τοῦ
2745 3453 2928 3526 γάμου
2969 3453 3112 3525 μίξις
3169 3454 3328 3527 τιμία
3376 3456 3520 3530 παρὰ
3572 3460 3710 3528 θεῷ’
3771 3459 3807 3526 ἡ

2169 3538 2226 3597 δὲ
2254 3541 2392 3617 πρὸς
2419 3541 2582 3616 χάριν
2606 3545 2713 3597 τῶν
2746 3538 2960 3611 ἡδονῶν
2991 3540 3352 3617 ἐκτελουμὲνη
3407 3547 3622 3618 θανάτῳ
3681 3545 3814 3600 ὑπο-

2168 3627 2457 3702 ϐέϐληται.

2238 3721 2511 3779 Ἰωάννου.
2569 3753 2641 3764 -
2690 3721 2750 3777 Ἦ
2787 3721 3037 3796 εὔκαιρος
3099 3723 3280 3793 σιωπή
3345 3725 3531 3798 μήτηρ
3590 3724 3810 3781 ἐννοιῶν

2170 3812 2498 3892 σοφωτάτων
2508 3855 2522 3868 .

2236 3902 2301 3958 Ἡ
2332 3900 2640 3973 συμπάθεια
2668 3898 2836 3956 καλὸν
2863 3897 3021 3978 ἔργον
3051 3899 3103 3957 ἐν
3137 3901 3263 3977 βίῳ·
3297 3902 3497 3974 ταύτην
3557 3898 3699 3979 ἔχων
3730 3924 3815 3967 τις

2169 3988 2373 4054 εὐόδως
2396 3990 2704 4065 πορεύεται.

2237 4078 2445 4154 Ἡμέρα
2479 4081 2590 4153 (26)
2620 4079 2716 4152 μία
2749 4081 2871 4155 βίος
2905 4080 3039 4142 ’ὀλος
3069 4085 3186 4142 τοῖς
3216 4081 3372 4154 πόθῳ
3416 4082 3733 4156 κάμνουσιν·

2236 4172 2465 4225 Ἤκιστα
2494 4168 2683 4224 κακίαν
2718 4170 2978 4246 ὑφορᾶται
3007 4170 3071 4224 τὸ
3102 4170 3296 4235 κακίας
3327 4168 3632 4247 ἐλεύθερον.

2228 4343 2468 4415 Ἡδονῆς
2498 4346 2632 4400 ποτε
2661 4343 2803 4400 ἐστιν
2839 4344 2987 4418 λύπη
3039 4347 3343 4422 τιμιωτέρα
3401 4349 3492 4403 καὶ
3547 4350 3814 4424 κατήφεια

2173 4511 2463 4594 [Socrates
2493 4506 2751 4594 Deum};
2783 4508 2852 4561 ὃς
2914 4506 3093 4561 Τοῦτο
3116 4502 3209 4591 ,δὲ
3271 4508 3561 4594 ποιιησειςζ
3597 4505 3682 4594 ἄν,
3740 4508 3817 4594 μὴ

2098 4581 2144 4646 D
2176 4576 2428 4653 δεόμενός
2444 4579 2578 4653 τοῦ,
2608 4570 2813 4653 δεῖσθαι
2866 4580 3168 4650 προσποιῇ,
3190 4650 3199 4653 _
3223 4579 3351 4651 περί
3392 4570 3467 4633 ’τε
3494 4570 3601 4653 τῶν
3639 4570 3821 4653 ῥητῶν

2177 4646 2610 4722 ὡς’ἀπορῥήτων
2661 4646 2935 4722 ἀνακοινοῖ
2966 4667 2979 4704 :
3013 4646 3131 4720 qua
3187 4650 3247 4705 in
3298 4646 3596 4707 'senteetia
3639 4646 3820 4707 nemo

2176 4724 2353 4797 paulo
2383 4718 2668 4797 attentior
2699 4720 2782 4797 de
2801 4718 3078 4797 ἀνακοινοῖ
3107 4722 3823 4797 optativqcogitaverile

2176 4790 2391 4852 iuonoo
2425 4792 2498 4847 ob
2541 4790 2715 4864 edicti
2750 4792 2822 4848 de
2852 4792 3109 4864 optativo
3142 4790 3303 4846 ἱεακοῖ
3350 4790 3568 4850 fastum
3599 4812 3669 4851 ac
3721 4812 3821 4850 su-

2176 4866 2477 4939 perbiam.
2499 4861 2665 4939 Adde
2686 4861 2909 4939 Ἐυῑὶρῖ
2927 4866 3018 4919 Tr.
3050 4866 3214 4939 1159.
3248 4865 3347 4939 δίο
3378 4873 3468 4920 est
3522 4864 3648 4920 ὃταν
3672 4863 3819 4939 ,ἄξιοὶ

2179 4934 2611 5022 subjunqtivus,
2645 4934 2822 5022 idque
2844 4934 3129 5022 'rerctemin
3155 4934 3822 5022 Philae‘po'ematiol’qm

2178 5002 2311 5083 rosa
2349 5002 2634 5083 χ’Ὲλλῃν
2682 5002 2783 5083 ,μὶν
2852 5003 2955 5083 ,οὖν
3011 5002 3250 5083 εὔοσμον.
3302 5002 3580 5081 ἀθροίσας,
3642 5005 3822 5083 ῥόδον,

2177 5082 2341 5138 Ὅταν
2370 5075 2915 5154 ἑκκαιρὸςνᾷργςινῶν
2972 5075 3391 5154 τὰς-ἔκεριέεξειςὶ
3446 5075 3652 5151 Homini
3703 5078 3827 5135 ἀτε-

2180 5157 2327 5227 χνῶς
2360 5147 2624 5227 ﬁmi-uati
2653 5147 3029 5227 τὸέξβᾴτουςὶ.
3066 5147 3208 5204 ΡΓο’
3237 5149 3491 5227 ἀθροίσας
3527 5147 3826 5227 reponant

2178 5220 2435 5297 ἆῖὶρησᾳς.
2472 5220 2566 5297 Sic
2591 5220 2654 5275 in
2680 5220 2943 5297 Diodoro
2975 5220 3087 5275 Sic.
3144 5238 3206 5289 ιι,
3241 5220 3353 5297 _5l,_
3416 5220 3696 5297 ἁθρεῑσθαι
3734 5222 3827 5278 vel

2175 5291 2461 5369 i,6'p-r‘,cﬂw._
2477 5291 2635 5369 edito
2665 5292 2953 5369 ἠθροῖσθαι
2982 5308 3120 5369 cum
3169 5291 3599 5369 substitueri‘m,
3625 5301 3829 5369 Pium-

2178 5363 2399 5424 tionem
2431 5364 2486 5419 S.
2522 5363 2705 5436 Sacyo
2744 5363 3026 5436 probavi,
3082 5381 3258 5436 quem
3318 5365 3449 5421 vide
3505 5366 3568 5423 in
3623 5366 3825 5422 Diario

2175 5438 2402 5511 Erudit.
2438 5452 2513 5511 ιι.⁸
2553 5434 2710 5511 1828,
2762 5434 2826 5507 p.
2881 5436 3006 5504 648,
3063 5434 3164 5490 ubi
3218 5438 3705 5511 typographicum
3736 5443 3830 5493 est

2176 5510 2458 5567 mendum
2491 5504 2785 5578 ἁτρείσθαιῖ

2246 5584 2358 5652 (26)
2389 5580 2557 5652 Greg.
2592 5581 2726 5636 Naz.
2769 5581 2865 5637 Or.
2897 5594 3094 5647 xxvm,
3129 5595 3183 5651 p.
3217 5581 3341 5637 473.
3376 5580 3513 5636 Cod.
3549 5578 3825 5642 ὃλως.(ῑὶ“.

2177 5650 2357 5727 supra
2385 5651 2447 5707 in
2478 5650 2620 5720 Βίος,
2642 5668 2700 5725 p.
2736 5653 2822 5708 13.
