4152 6312
461 362 612 423 1127

1738 356 2162 421 GEORGIDIS
2205 355 2564 420 ΜΟΝΑοΗί

3710 360 3863 423 1128

459 495 699 562 credet,
733 494 834 568 qui
866 499 1065 551 autem
1095 499 1372 568 expertus
1393 499 1483 549 est
1505 492 1580 550 ad
1603 508 1914 549 assensum
1937 507 2095 564 para.

2268 506 2380 545 ιιεν·
2416 487 2445 543 6
2477 484 2534 543 δί
2564 488 2750 544 παθὼν
2777 486 2856 553 είς
2888 489 3276 567 συγκατάθεσιν
3305 487 3679 565 ἑτοιμότερος.

464 586 585 642 tior
613 586 700 643 ﬁt.

533 677 659 730 Non
691 680 881 730 tutum
906 681 992 730 est
1015 692 1148 731 cum
1171 679 1328 730 veste
1349 679 1779 746 natare,neque
1799 673 2110 745 passiones

458 765 703 823 habenti
733 766 1044 838 theologia)
1076 784 1137 822 se
1169 767 1494 838 applicare.

530 853 686 908 Nihil
719 853 1077 908 imbecillius
1108 853 1348 908 homine
1382 859 1539 908 terra
1569 851 1860 924 producit.

524 943 739 1013 σιμ-ἰαὶ.
776 972 842 982 -—
878 943 1029 997 Deus
1061 943 1412 1014 magniﬁcus
1443 949 1533 998 est
1563 942 1623 997 in
1658 939 2091 1006 beneficentia;

454 1038 756 1104 exspectat
786 1049 919 1087 vero
947 1034 1237 1104 cujusque
1263 1033 1588 1106 legitimam
1621 1033 1984 1088 voluntatem

521 1124 695 1178 Sexti.
730 1153 799 1164 -—
830 1125 956 1178 Non
990 1124 1090 1194 qui
1125 1123 1284 1178 dives
1315 1129 1424 1191 est,
1453 1122 1556 1178 sed
1587 1123 1687 1194 qui
1720 1138 1840 1177 non
1873 1120 2099 1193 indiget

458 1212 699 1270 divitiis.
732 1212 832 1268 ille
864 1213 1071 1268 beatus
1104 1219 1213 1268 est.

519 1304 645 1357 Non
677 1301 807 1357 vitm
836 1301 1091 1357 brevitas
1123 1302 1395 1358 luctuosa
1423 1306 1534 1369 est,
1575 1302 1679 1357 sed
1727 1300 1908 1372 quod,
1964 1316 2098 1355 cum

450 1392 644 1448 brevis
679 1392 776 1457 sit,
807 1391 996 1446 varias
1028 1391 1209 1446 habet
1237 1409 1429 1447 curas.

519 1483 675 1538 Nihil
704 1481 786 1537 ita
807 1482 881 1537 ad
907 1481 1289 1537 dilectionem
1311 1480 1572 1548 adducit,
1593 1486 1661 1535 ut
1689 1481 1950 1550 aliquem
1973 1495 2095 1533 non

450 1573 612 1646 parvi
645 1573 861 1628 facere.

519 1662 850 1720 Salomonis.
884 1693 952 1702 —
984 1661 1152 1718 Oculi
1185 1661 1268 1716 tui
1299 1665 1463 1716 recta
1518 1659 1775 1728 videant,
1815 1657 2098 1730 quoniam

450 1770 650 1809 coram
683 1752 871 1808 oculis
905 1751 1007 1806 Dei
1037 1757 1194 1808 sunt.

520 1845 614 1898 Ira
644 1841 935 1914 disperdit
965 1842 1055 1897 vel
1088 1842 1406 1913 sapientes.

523 1933 632 1998 Qui
692 1932 847 1986 celat
900 1930 1208 1998 delictum,
1281 1929 1497 2001 quaerit
1574 1928 1936 1994 amicitiam;
1996 1928 2098 1998 qui

454 2028 652 2078 autem
683 2021 878 2077 celare
908 2026 1164 2087 recusat,
1221 2019 1514 2092 disjungit
1559 2019 1779 2074 amicos
1823 2023 1881 2073 et
1915 2016 2096 2071 fami-

445 2111 647 2170 liares.

513 2201 691 2257 Sexti.
726 2231 794 2241 —
823 2200 980 2256 Nihil
1012 2200 1167 2256 inter
1205 2197 1524 2272 praesentia
1559 2196 1920 2269 jucundum,
1974 2193 2091 2250 nisi

446 2290 604 2362 quod
637 2307 871 2360 semper
904 2295 1128 2345 manet.

519 2381 719 2450 Neque
750 2379 1081 2434 convivium
1121 2379 1250 2432 sine
1281 2376 1620 2444 concordia,
1653 2392 1848 2446 neque
1880 2374 2096 2430 divitias

457 2470 586 2525 sine
618 2469 828 2522 virtute
850 2469 1081 2539 juvant.

516 2558 843 2615 Salomonis.
877 2585 946 2598 -—
976 2557 1084 2622 Qui
1117 2556 1339 2612 revelat
1368 2556 1720 2629 mysterium
1756 2553 1935 2609 ﬁdem
1958 2569 2094 2625 per-

449 2647 623 2704 didit.

517 2737 788 2804 Quicum
818 2737 1015 2794 cordis
1054 2737 1271 2793 ﬁducia
1299 2737 1508 2800 credit,
1567 2735 1784 2792 stultus
1827 2739 1954 2802 est;
2002 2751 2096 2790 sa-

448 2828 683 2899 pientes
715 2833 912 2884 autem
943 2826 1314 2882 abscondent
1343 2825 1722 2880 sententiam.

517 2917 624 2983 Qui
656 2916 915 2973 custodit
944 2934 1010 2971 os
1041 2933 1236 2980 suum,
1271 2922 1464 2974 servat
1493 2915 1754 2970 animam
1773 2930 1970 2980 suam,
1992 2911 2092 2984 qui

451 3013 650 3064 autem
680 3012 990 3079 promptus
1022 3012 1112 3061 est
1143 3005 1316 3060 labiis
1349 3005 1610 3076 seipsum
1644 3002 1908 3058 terrebit.

524 3187 633 3254 Qui
657 3186 960 3259 jucundus
1010 3191 1099 3240 est
1146 3185 1205 3240 in
1255 3183 1375 3239 vini
1435 3180 1978 3255 compotationibus
2032 3181 2093 3235 in

455 3278 581 3334 suis
612 3276 1002 3332 munimentis
1034 3275 1334 3344 relinquet
1363 3273 1639 3330 dedecus.

519 3365 626 3430 Qui
660 3363 982 3435 respondet
1011 3363 1252 3417 verbum
1283 3363 1632 3434 priusquam
1680 3361 1902 3431 audiat,
1937 3359 2094 3415 stul-

449 3455 582 3511 titia
607 3455 696 3508 illi
729 3458 820 3510 est
851 3459 910 3508 et
938 3452 1226 3508 confusio.

518 3543 726 3600 Nullus
752 3541 866 3597 erit
884 3539 1126 3596 bibendi
1143 3539 1429 3609 amans,si
1452 3557 1572 3612 prae
1595 3539 1782 3596 oculis
1797 3538 2097 3594 ebriorum

447 3635 731 3691 indecora
757 3632 1049 3688 habuerit.

517 3723 626 3788 Qui
658 3723 719 3778 in
751 3720 926 3777 verbo
957 3724 1275 3793 promptus
1308 3724 1396 3774 est
1425 3719 1560 3775 odio
1589 3718 1924 3774 habebitur.

517 3813 739 3885 Lapsus
770 3829 805 3868 a
828 3810 1162 3883 pavimento
1196 3809 1396 3882 potius
1427 3826 1606 3881 quam
1636 3826 1671 3864 a
1699 3808 1922 3881 lingua.

527 3991 637 4058 Qui
671 3991 883 4047 nititur
912 3989 1262 4057 mendaciis,
1294 3989 1395 4044 ille
1425 3993 1632 4044 ventos
1661 3992 1883 4060 pascet.

525 4168 636 4237 Qui
669 4167 863 4224 educit
896 4165 1179 4223 eximium
1209 4183 1280 4222 ex
1310 4165 1574 4239 indigno,
1607 4166 1770 4222 velut
1794 4184 1860 4223 os
1897 4183 2096 4222 meum

449 4259 580 4316 erit.

523 4349 669 4402 Post
723 4346 1238 4417 concupiscentias
1287 4350 1420 4400 tuas
1466 4361 1588 4400 non
1637 4360 1756 4410 eas,
1806 4350 2099 4401 etacon—

463 4436 618 4494 siliis
641 4435 758 4490 tuis
783 4441 1171 4503 avertere;ne
1193 4433 1506 4490 oblecteris
1529 4435 1591 4488 in
1615 4433 1820 4488 multis
1844 4433 2097 4504 deliciis,

2287 668 2406 725 Ούκ
2434 666 2671 747 ἀσφαλὲς
2707 669 2822 743 μετ’
2881 667 3107 738 ἐσθῆτος
3163 671 3449 748 νήχεσθαι,
3505 666 3632 725 οὐδὲ
3687 671 3858 733 πάθος

2214 751 2398 837 ἔχοντι
2431 756 2719 834 θεολογίας
2751 755 3032 816 ἅπτεσθαι.

2286 845 2455 905 Οὐδὲν
2491 851 2561 917 (3)
2593 845 2937 922 ἀκιδνότερον
2967 855 3037 926 γῆ
3075 847 3318 930 ἐκτρέφει
3349 850 3681 924 ἀνθρώποιο·

2288 935 2592 1012 Κυρίλλου.
2626 970 2692 980 -
2724 938 2785 993 Ὁ
2825 937 2954 999 Θεὸς
3012 935 3253 1013 δαψιλής
3311 938 3453 995 ἐστιν
3509 939 3586 1002 εἷς
3643 942 3860 1017 εὐεργε-

2213 1026 2350 1082 σίαν’
2382 1029 2663 1102 περιμένει
2692 1024 2748 1082 δὲ
2780 1028 3005 1083 ἑκάστου
3035 1031 3135 1097 τήν
3168 1029 3390 1106 γνησίαν
3418 1031 3753 1106 προαίρεσιν.

2287 1117 2540 1172 Σὲκστου.
2572 1150 2638 1160 -
2664 1116 2789 1196 Οὐχ
2819 1121 2892 1190 (4)
2924 1119 2952 1173 6
3002 1116 3282 1190 πλουτῶν,
3326 1117 3453 1175 ἀλλ’
3503 1121 3531 1175 ὁ
3585 1123 3660 1194 μὴ
3714 1122 3860 1197 χρῄ-

2213 1212 2318 1276 ζων
2347 1204 2613 1274 πλούτου,
2651 1209 2936 1281 μακάριος.

2281 1297 2359 1354 Ού
2385 1296 2448 1351 τὸ
2481 1296 2744 1370 σύντομον
2771 1302 2868 1352 τοῦ
2904 1297 3028 1372 βίου
3060 1294 3253 1368 δεινὸν,
3303 1297 3436 1354 ἀλλ’
3483 1298 3592 1369 ὅτι,
3648 1301 3859 1376 βραχὺς

2209 1388 2283 1459 (5)
2317 1385 2594 1465 πεφυκὼς,
2628 1407 2698 1441 πο
2725 1385 2886 1448 κίλας
2915 1383 3032 1462 ἔχει
3059 1385 3374 1464 φροντίδας’

2278 1473 2446 1532 Οὐδὲν
2481 1473 2657 1538 οὕτως
2691 1475 2971 1554 εὐάγωγον
3003 1477 3076 1539 εἷς
3109 1477 3347 1554 ἀγάπην,
3379 1479 3452 1541 ὡς
3483 1481 3546 1534 τὸ
3580 1481 3656 1555 μὴ
3688 1501 3860 1536 κατα-

2208 1567 2491 1641 γινώσκειν
2523 1565 2648 1622 τινί.

2280 1655 2672 1731 Σολομῶντος.
2705 1689 2771 1700 -
2805 1658 2872 1714 Οἱ
2899 1659 2973 1731 (ὃ)
3002 1656 3285 1738 ὀφθαλμοί
3319 1679 3414 1713 σου
3465 1659 3598 1733 ὀρθὰ
3655 1659 3857 1736 βλεπέ-

2205 1767 2404 1814 τωσαν,
2437 1742 2521 1800 ὅτι
2551 1744 2778 1803 ἐνώπιόν
2808 1747 2910 1802 εἰσι
2941 1753 3049 1804 τῶν
3078 1752 3174 1803 τοῦ
3205 1753 3340 1804 Θεοῦ
3374 1747 3695 1826 ὀφθαλμῶν.

2127 1871 2176 1935 Β
2283 1839 2370 1892 71
2411 1837 2586 1912 Ὀργὴ
2622 1842 2693 1901 17)
2721 1835 2994 1935 ἀπόλλυσι
3026 1837 3116 1892 καὶ
3139 1837 3460 1914 φρονίμους.

2279 1925 2376 1986 Ὀς
2407 1929 2485 1996 (8)
2512 1925 2739 1997 κρύπτει
2770 1922 3043 1999 ἀδίλημα,
3098 1930 3250 1996 ζητεῖ
3297 1925 3504 2000 φιλίαν·
3553 1922 3610 1988 ὅς
3655 1923 3713 1982 δὲ
3761 1948 3857 2000 μι-

2203 2021 2286 2071 σεῖ
2315 2017 2592 2090 κρύπτειν,
2624 2014 2866 2088 διίστησι
2896 2015 3092 2098 φίλους
3119 2017 3208 2072 καὶ
3241 2016 3496 2082 οἰκείους.

2275 2194 2530 2254 Σέκστου.
2578 2229 2644 2239 -
2696 2195 2861 2253 Οὐδὲν
2914 2203 3022 2254 τῶν
3081 2198 3372 2274 παρόντων
3431 2196 3547 2254 ἐστὶ
3603 2199 3850 2274 τερπνὸν,

2201 2285 2247 2340 εί
2285 2287 2360 2356 μή
2388 2285 2449 2341 τὸ
2487 2285 2646 2357 μένον
2670 2287 2778 2345 ἀεί.

2270 2375 2412 2435 Οὔτε
2445 2383 2518 2452 (9)
2550 2380 2854 2452 συμπόσιον
2907 2383 3031 2438 ἄνευ
3091 2382 3373 2456 ὁμονοίας,
3429 2378 3554 2438 οὔτε
3608 2378 3849 2437 πλοῦτος

2201 2464 2334 2543 δίχα
2362 2467 2560 2542 ἀρετῆς
2588 2466 2796 2538 ἡδονὴν
2831 2465 2970 2547 ἔχει.

2270 2555 2658 2630 Σολομῶντος.
2707 2591 2788 2630 ,-
2844 2561 2906 2618 Ὁ
2961 2563 3071 2636 (10)
3130 2559 3488 2635 ἀποκαλύψας
3547 2563 3846 2637 μυστήριον

2198 2644 2451 2702 ἀπώλεσε
2480 2647 2684 2705 πίστιν.

2270 2736 2368 2797 ὐς
2427 2739 2540 2808 (11)
2595 2735 2850 2794 πέποιθεν
2902 2736 2992 2795 ἐπὶ
3048 2739 3234 2812 θράσει
3313 2736 3563 2813 καρδίας,
3642 2736 3844 2818 ἀρρωνο

2199 2825 2359 2903 σοφοὶ
2397 2823 2454 2881 δὲ
2483 2831 2596 2898 (12)
2627 2827 2925 2902 κρύψουσιν
2956 2825 3230 2896 α”σθησιν.

2266 2917 2371 2976 ’Ός
2401 2919 2510 2988 (13)
2541 2913 2806 2996 φυλάσσει
2840 2917 2903 2972 τὸ
2935 2917 3116 2994 στόμα
3155 2917 3324 2974 αὐτοῦ
3371 2923 3530 2992 τηρεῖ
3574 2918 3673 2986 τήν
3727 2918 3852 2973 ἑαυ-

2197 3008 2296 3060 τοῦ
2348 3006 2553 3080 ψυχήν·
2610 3007 2639 3060 6
2698 3002 2757 3061 δὲ
2838 3015 3119 3080 προπετὴς
3177 3007 3230 3061 ἐν
3320 3006 3536 3082 χείλεσι
3618 3009 3849 3077 πτοήσει

2199 3093 2412 3154 ἔαυτόν.

2279 3185 2374 3245 ὐς
2405 3188 2517 3254 (14)
2549 3182 2690 3241 ἐστιν
2735 3182 2874 3255 ἡδὺς
2933 3183 2985 3239 ἐν
3043 3183 3206 3242 οἷ’νων
3258 3180 3570 3261 διατριϐαῖς
3631 3184 3681 3239 ἒν
3735 3189 3850 3244 τοῖς

2207 3273 2400 3328 ἑαυτοῦ
2431 3272 2756 3348 ὀχυρώμασι
2787 3271 3104 3348 καταλείψει
3135 3276 3382 3348 ἀτιμίαν,

2273 3363 2370 3424 ὐς
2401 3365 2504 3434 (151
2561 3361 2903 3437 ἀποκρίνεται
2959 3361 3127 3440 λόγον
3180 3365 3307 3440 πρὶν
3368 3363 3625 3436 ἀκοῦσαι,
3672 3363 3846 3442 ἀφρο-

2202 3450 2331 3520 σύνη
2365 3450 2514 3523 αὐτῷ
2544 3449 2686 3506 ἐστιν
2715 3451 2804 3506 καὶ
2828 3447 3054 3512 ίἷνειδος.

2273 3535 2467 3601 Οὐδεὶς
2500 3543 2608 3613 (16)
2641 3535 2788 3596 ἔσται
2819 3539 3149 3619 φιλόπότης,
3182 3542 3228 3597 εἰ
3258 3542 3363 3616 πρὸ
3411 3539 3708 3622 ὀφθαλμῶν
3755 3542 3846 3602 τάς

2199 3634 2307 3684 τῶν
2341 3630 2648 3704 μεθυόντων
2676 3629 3069 3706 ἀσχημοσύνας
3100 3626 3238 3706 ἔχει.

2271 3719 2332 3775 Ὀ
2364 3723 2475 3790 (17)
2506 3719 2786 3794 προπετὴς
2819 3718 2870 3774 ἐν
2900 3717 3049 3795 λόγῳ
3081 3723 3462 3794 μισηθήσεται.

2269 3806 2579 3881 Ὀλίσθημα
2607 3807 2848 3882 (18)ἀπὸ
2893 3806 3120 3889 ἐδάφους
3169 3807 3382 3883 μᾶλλον
3427 3808 3463 3880 ἢ
3496 3808 3600 3864 ἀπὸ
3655 3806 3838 3884 γλώσ-

2202 3918 2322 3971 σης.

2277 3989 2373 4044 72
2403 3985 2502 4045 ’ος
2533 3987 2639 4060 (19)
2666 3983 2928 4062 ἐρείδεται
2969 3984 3057 4041 ἐπὶ
3116 3982 3381 4062 ψεύδεσιν,
3433 4005 3589 4048 ουτος
3637 4003 3842 4058 ποιμα-

2201 4083 2280 4134 νεῖ
2309 4075 2558 4151 ἀνέμους.

2270 4167 2333 4224 Ὁ
2364 4165 2570 4243 ἐξάγων
2600 4165 2786 4240 τίμιον
2815 4165 2864 4238 ἐξ
2899 4165 3138 4239 ἀναξίου,
3172 4165 3248 4230 ὡς
3277 4167 3456 4243 στόμα
3489 4186 3593 4240 μου
3642 4159 3809 4222 ἔσται.

2276 4346 2484 4404 Ὀπίσω
2515 4347 2626 4419 (20)
2657 4352 2764 4402 τῶν
2795 4345 3097 4412 ἐπιθυμιῶν
3146 4368 3241 4403 σου
3303 4348 3378 4421 μὴ
3439 4345 3698 4421 πορεύου,
3756 4343 3844 4401 καὶ

2203 4435 2309 4492 ἀπὸ
2340 4440 2447 4491 τῶν
2481 4433 2704 4509 ὀρέξεών
2736 4455 2832 4490 σου
2862 4432 3108 4491 κωλύου·
3137 4435 3230 4492 καὶ
3265 4436 3340 4509 μὴ
3406 4433 3690 4513 εὐφραίνου
3739 4434 3845 4508 (21)

519 4608 597 4695 (ξ)
631 4605 904 4694 Corrupit
931 4622 1166 4702 versulm
1198 4603 1436 4662 Homeri
1470 4604 1574 4660 Od.
1620 4621 1777 4673 xvm,
1822 4607 1927 4659 30:
1961 4599 2093 4660 Οὐδ.

2280 4615 2392 4702 (1’1)
2422 4617 2588 4670 Prov.
2621 4632 2818 4685 XXVIII,
2853 4618 2943 4681 26,
2977 4615 3078 4671 ubi
3127 4613 3348 4688 θρασείᾳ
3399 4608 3596 4688 καρδίᾳ
3619 4613 3646 4666 6
3674 4614 3847 4666 τοιού-

445 4675 616 4733 «27.289.
653 4681 781 4754 γαῖα
810 4675 990 4755 ξρέφει
1021 4675 1174 4751 ἀνθρι

517 4755 590 4821 (4)
624 4744 694 4805 Εὶ
723 4744 878 4830 apud
915 4744 1047 4830 Ant.
1082 4744 1425 4830 δέπᾳ-ιφ,
1450 4765 1528 4830 ⁸ι).
1576 4749 1703 4814 2‘30,
1761 4747 1862 4802 ubi
1958 4744 2096 4830 χρῄ-

449 4819 580 4889 ζων,
609 4819 773 4894 quod:
828 4822 1086 4893 pessime
1137 4820 1398 4876 reddidit
1446 4820 1762 4894 interpres.
1814 4843 1840 4894 ιε
1877 4819 2095 4894 divitiis

447 4891 669 4966 utens—:7
702 4891 1062 4966 niinseralur
1095 4895 1211 4966 μή,
1231 4901 1288 4948 et
1315 4899 1512 4946 verte:
1547 4915 1573 4942 ‹‹
1609 4891 1713 4948 sed
1739 4891 1840 4963 qui
1861 4908 1980 4946 non
2005 4892 2093 4946 in-

448 4964 610 5036 diget
640 4964 893 5036 divitiis.
913 4964 1122 5036 beatus
1154 4965 1256 5020 ille
1281 4971 1390 5020 est.
1423 4984 1453 5013 ιο

519 5035 592 5104 (5)
623 5036 836 5102 Codex,
874 5035 1074 5109 βραχύ.

520 5109 592 5173 (6)
621 5109 784 5160 Prov.
823 5124 894 5172 Iv,
927 5110 1034 5174 25;
1069 5112 1205 5173 etv,
1239 5110 1326 5162 21.

519 5179 597 5246 (7)
629 5178 774 5230 Prov
828 5194 916 5239 xv,
954 5181 1002 5232 1.

522 5243 596 5315 (8)
627 5249 795 5321 Prov.
829 5264 966 5314 xvu,
997 5251 1052 5309 9,
1085 5248 1182 5302 ubi
1209 5243 1545 5321 ἀδικήματα.

520 5321 599 5385 (9)
629 5317 796 5389 Apud
833 5324 1060 5390 Anton.
1083 5321 1268 5374 Serm.
1302 5317 1422 5390 140,
1456 5335 1589 5390 pag.
1617 5320 1740 5384 220,
1765 5336 1898 5375 cum
1927 5329 2098 5381 nota-

448 5389 553 5468 bili
587 5385 868 5468 varietate
901 5385 1126 5468 ὁμιλίας
1177 5405 1282 5459 pro
1330 5385 1610 5468 ῥμοέίρίᾶς,
1661 5395 1721 5468 ﬁt
1766 5393 1944 5468 xwp’r;
1996 5413 2099 5468 pro

449 5411 553 5445 Dlll
587 5411 868 5445 varletate
901 5411 1126 5460 ομιΛτας
1178 5411 1282 5459 ρΓυ
1330 5411 1610 5461 ομονοιας,
1661 5411 1720 5442 Θι
1996 5413 2075 5468 ρι’(

449 5457 622 5590 ξέχαὲε
657 5479 806 5533 quas
838 5461 1127 5515 lectiones
1169 5461 1360 5531 reperi
1394 5467 1453 5515 et
1481 5461 1543 5516 in
1593 5460 1796 5517 codice
1886 5468 2006 5527 168,
2039 5485 2075 5540 p

670 5604 894 5664 Sirach.
952 5617 1127 5668 xxvu,
1175 5603 1260 5669 16,
1309 5604 1411 5659 ubi
1469 5603 1498 5658 ὁ
1543 5599 1946 5660 ἀποκαλύπτων
2005 5630 2102 5684 μυ-

449 5680 720 5754 στήρια...

2200 4707 2294 4747 τος
2326 4705 2530 4754 αφριυν.

2279 4759 2392 4830 (12)
2427 4761 2593 4812 Prov.
2625 4775 2682 4817 x.
2715 4759 2802 4814 14.

2247 4828 2596 4954 ‘(13)'{’rov.
2629 4846 2750 4895 xm,
2783 4831 2835 4900 3,
2868 4829 2969 4885 ubi
2997 4828 3061 4884 τὸ
3105 4829 3300 4884 ἑαυτοῦ
3349 4828 3592 4903 στόμα...
3647 4846 3851 4904 προπε-

2247 4921 2303 4954 Γιζ
2334 4921 2422 4954 γει
2473 4945 2485 4954 .

2203 4921 2303 4961 της
2334 4921 2422 4961 γει
2437 4921 2485 4956 κ.

2261 4921 2590 5042 ὶῗᾶῗῐδίιον.
2623 4989 2720 5047 xu.
2759 4973 2842 5047 11-.
2876 4975 2978 5047 Est
3007 4978 3065 5028 et
3092 4973 3250 5047 apud
3280 4976 3500 5030 Anton.
3539 4973 3723 5029 Serm.
3765 4972 3848 5037 68,

2207 5063 2267 5119 p.
2307 5047 2552 5119 114.315.
2585 5043 2684 5098 ubi
2715 5044 2870 5100 male
2904 5042 3054 5117 οἷ’νῳ.

2280 5120 2388 5183 (15)
2421 5117 2584 5170 Prov.
2618 5133 2774 5181 xvm,
2811 5120 2873 5171 13

2281 5181 2393 5266 (16)
2428 5187 2595 5266 Apud
2628 5193 2820 5243 Anton
2878 5188 3062 5266 Serm.
3215 5206 3273 5266 p‘
3300 5190 3436 5266 116,
3467 5189 3557 5255 39,
3581 5189 3731 5266 σοφῷ
3750 5181 3851 5238 τινὶ

2211 5259 2513 5316 tribuitur.
2548 5265 2606 5312 et
2633 5276 2766 5314 cum
2802 5260 3079 5316 varietate
3112 5261 3192 5316 ibi
3219 5259 3498 5317 videnda.

2280 5335 2391 5402 (17)
2423 5329 2644 5402 Sirach.
2681 5348 2754 5393 Ix.
2792 5333 2876 5386 18.

2281 5405 2394 5471 (18)
2425 5401 2646 5459 Sirach.
2681 5420 2774 5467 xx,
2811 5405 2896 5458 18.

2282 5473 2391 5548 (19)
2427 5475 2606 5548 ξων.-
2628 5491 2681 5531 x.
2718 5477 2770 5539 5,
2803 5474 2905 5528 ubi
2935 5472 3236 5548 ποιμαίνει.

2281 5547 2394 5614 (20)
2429 5545 2650 5600 Sirach.
2687 5563 2838 5608 xvm,
2873 5548 2962 5601 30.

2279 5619 2394 5688 (21)
2424 5614 2648 5672 Sirach.
2681 5633 2838 5687 xvm,
2871 5619 2958 5672 32.
