  <div class='ocr_page' id='page_1' title='image "/cluster/home/n/w/nwhite01/storage/ocr_20150623/117/mdp.39015038086818/572.png"; bbox 0 0 4152 6312; ppageno 0'>
   <div class='ocr_carea' id='block_1_1' title="bbox 336 369 1939 459">
    <p class='ocr_par' dir='ltr' id='par_1_1' title="bbox 336 369 1936 446">
     <span class='ocr_line' id='line_1_1' title="bbox 336 369 1936 446; baseline 0.009 -15"><span class='ocrx_word' id='word_1_1' title='bbox 336 369 493 432; x_wconf 73' lang='grc'>1129</span> <span class='ocrx_word' id='word_1_2' title='bbox 1717 385 1936 446; x_wconf 84' lang='lat' dir='ltr'>GNOM</span> 
     </span>
    </p>
   </div>
   <div class='ocr_carea' id='block_1_2' title="bbox 2099 369 2326 459">
    <p class='ocr_par' dir='ltr' id='par_1_2' title="bbox 2099 392 2326 459">
     <span class='ocr_line' id='line_1_2' title="bbox 2099 392 2326 459; baseline 0.031 -7"><span class='ocrx_word' id='word_1_3' title='bbox 2099 392 2326 459; x_wconf 57' lang='lat' dir='ltr'>‘GIUM.</span> 
     </span>
    </p>
   </div>
   <div class='ocr_carea' id='block_1_3' title="bbox 329 497 2164 586">
    <p class='ocr_par' dir='ltr' id='par_1_3' title="bbox 329 497 2164 586">
     <span class='ocr_line' id='line_1_3' title="bbox 329 497 2164 586; baseline 0.013 -31"><span class='ocrx_word' id='word_1_4' title='bbox 329 499 416 555; x_wconf 71' lang='grc' dir='ltr'>ἐπὶ</span> <span class='ocrx_word' id='word_1_5' title='bbox 445 497 636 574; x_wconf 81' lang='grc' dir='ltr'>πολλῇ</span> <span class='ocrx_word' id='word_1_6' title='bbox 668 507 869 580; x_wconf 82' lang='grc' dir='ltr'>τρυφῇ.</span> <span class='ocrx_word' id='word_1_7' title='bbox 901 502 993 559; x_wconf 80' lang='grc' dir='ltr'>καὶ</span> <span class='ocrx_word' id='word_1_8' title='bbox 1053 506 1128 578; x_wconf 78' lang='grc' dir='ltr'>μὴ</span> <span class='ocrx_word' id='word_1_9' title='bbox 1189 505 1429 583; x_wconf 77' lang='grc' dir='ltr'>ἐκχυθῇς</span> <span class='ocrx_word' id='word_1_10' title='bbox 1486 506 1574 565; x_wconf 81' lang='grc' dir='ltr'>ἐπὶ</span> <span class='ocrx_word' id='word_1_11' title='bbox 1605 510 1832 568; x_wconf 79' lang='grc' dir='ltr'>πολλῶν</span> <span class='ocrx_word' id='word_1_12' title='bbox 1862 513 1976 570; x_wconf 82' lang='grc' dir='ltr'>ἐδε-</span> <span class='ocrx_word' id='word_1_13' title='bbox 2006 521 2060 586; x_wconf 81' lang='grc' dir='ltr'><strong>Α</strong></span> <span class='ocrx_word' id='word_1_14' title='bbox 2091 539 2164 579; x_wconf 91' lang='lat' dir='ltr'>ne</span> 
     </span>
    </p>
   </div>
   <div class='ocr_carea' id='block_1_4' title="bbox 328 589 1969 672">
    <p class='ocr_par' dir='ltr' id='par_1_4' title="bbox 328 589 1969 672">
     <span class='ocr_line' id='line_1_4' title="bbox 328 589 1969 672; baseline 0.01 -28"><span class='ocrx_word' id='word_1_15' title='bbox 328 589 574 664; x_wconf 78' lang='grc' dir='ltr'>σμᾶτων·</span> <span class='ocrx_word' id='word_1_16' title='bbox 610 589 662 646; x_wconf 83' lang='grc' dir='ltr'>ἐν</span> <span class='ocrx_word' id='word_1_17' title='bbox 693 590 930 654; x_wconf 83' lang='grc' dir='ltr'>πολλοῖς</span> <span class='ocrx_word' id='word_1_18' title='bbox 977 595 1080 670; x_wconf 82' lang='grc' dir='ltr'>γὰρ</span> <span class='ocrx_word' id='word_1_19' title='bbox 1141 597 1426 672; x_wconf 77' lang='grc' dir='ltr'>βρώμασιν</span> <span class='ocrx_word' id='word_1_20' title='bbox 1469 593 1616 656; x_wconf 72' lang='grc' dir='ltr'>ἔσται</span> <span class='ocrx_word' id='word_1_21' title='bbox 1647 597 1826 665; x_wconf 85' lang='grc' dir='ltr'>νόσος·</span> <span class='ocrx_word' id='word_1_22' title='bbox 1861 606 1889 660; x_wconf 84' lang='grc' dir='ltr'>ὁ</span> <span class='ocrx_word' id='word_1_23' title='bbox 1923 602 1969 661; x_wconf 74' lang='grc' dir='ltr'>δὲ</span> 
     </span>
    </p>
   </div>
   <div class='ocr_carea' id='block_1_5' title="bbox 325 680 1156 756">
    <p class='ocr_par' dir='ltr' id='par_1_5' title="bbox 325 680 1156 756">
     <span class='ocr_line' id='line_1_5' title="bbox 325 680 1156 756; baseline 0.005 -22"><span class='ocrx_word' id='word_1_24' title='bbox 325 680 622 754; x_wconf 68' lang='grc' dir='ltr'>προσέχων</span> <span class='ocrx_word' id='word_1_25' title='bbox 652 684 955 755; x_wconf 72' lang='grc' dir='ltr'>προσθήσει</span> <span class='ocrx_word' id='word_1_26' title='bbox 987 685 1156 756; x_wconf 74' lang='grc' dir='ltr'>ζωήν.</span> 
     </span>
    </p>
   </div>
   <div class='ocr_carea' id='block_1_6' title="bbox 393 768 1976 854">
    <p class='ocr_par' dir='ltr' id='par_1_6' title="bbox 393 768 1976 854">
     <span class='ocr_line' id='line_1_6' title="bbox 393 768 1976 854; baseline 0.008 -28"><span class='ocrx_word' id='word_1_27' title='bbox 393 770 508 826; x_wconf 78' lang='grc' dir='ltr'>Οὐκ</span> <span class='ocrx_word' id='word_1_28' title='bbox 537 768 886 849; x_wconf 66' lang='grc' dir='ltr'>ὠφελήσουσι</span> <span class='ocrx_word' id='word_1_29' title='bbox 942 775 1207 850; x_wconf 83' lang='grc' dir='ltr'>θησαυροὶ</span> <span class='ocrx_word' id='word_1_30' title='bbox 1265 779 1526 852; x_wconf 83' lang='grc' dir='ltr'>ἀνόμους·</span> <span class='ocrx_word' id='word_1_31' title='bbox 1571 777 1886 854; x_wconf 73' lang='grc' dir='ltr'>δικαιοσύνη</span> <span class='ocrx_word' id='word_1_32' title='bbox 1919 780 1976 840; x_wconf 76' lang='grc' dir='ltr'>δὲ</span> 
     </span>
    </p>
   </div>
   <div class='ocr_carea' id='block_1_7' title="bbox 320 860 868 939">
    <p class='ocr_par' dir='ltr' id='par_1_7' title="bbox 320 860 868 939">
     <span class='ocr_line' id='line_1_7' title="bbox 320 860 868 939; baseline 0.007 -23"><span class='ocrx_word' id='word_1_33' title='bbox 320 860 381 917; x_wconf 84' lang='grc' dir='ltr'>ἐκ</span> <span class='ocrx_word' id='word_1_34' title='bbox 411 863 639 926; x_wconf 77' lang='grc' dir='ltr'>θανάτου</span> <span class='ocrx_word' id='word_1_35' title='bbox 663 863 868 939; x_wconf 76' lang='grc' dir='ltr'>ῥύεται.</span> 
     </span>
    </p>
   </div>
   <div class='ocr_carea' id='block_1_8' title="bbox 388 952 1968 1035">
    <p class='ocr_par' dir='ltr' id='par_1_8' title="bbox 388 952 1968 1035">
     <span class='ocr_line' id='line_1_8' title="bbox 388 952 1968 1035; baseline 0.005 -25"><span class='ocrx_word' id='word_1_36' title='bbox 388 952 690 1026; x_wconf 72' lang='grc' dir='ltr'>Ὀξῦθυμος</span> <span class='ocrx_word' id='word_1_37' title='bbox 755 956 870 1027; x_wconf 72' lang='grc'>(22)</span> <span class='ocrx_word' id='word_1_38' title='bbox 955 955 1090 1032; x_wconf 78' lang='grc' dir='ltr'>ἀνὴρ</span> <span class='ocrx_word' id='word_1_39' title='bbox 1175 960 1405 1034; x_wconf 76' lang='grc' dir='ltr'>πράσσει</span> <span class='ocrx_word' id='word_1_40' title='bbox 1489 963 1624 1035; x_wconf 83' lang='grc' dir='ltr'>μετὰ</span> <span class='ocrx_word' id='word_1_41' title='bbox 1681 959 1968 1026; x_wconf 79' lang='grc' dir='ltr'>ἀϐουλίας·</span> 
     </span>
    </p>
   </div>
   <div class='ocr_carea' id='block_1_9' title="bbox 316 1041 1376 1128">
    <p class='ocr_par' dir='ltr' id='par_1_9' title="bbox 316 1041 1376 1128">
     <span class='ocr_line' id='line_1_9' title="bbox 316 1041 1376 1128; baseline 0.011 -31"><span class='ocrx_word' id='word_1_42' title='bbox 316 1043 454 1117; x_wconf 80' lang='grc' dir='ltr'>ἀνὴρ</span> <span class='ocrx_word' id='word_1_43' title='bbox 489 1041 547 1098; x_wconf 79' lang='grc' dir='ltr'>δὲ</span> <span class='ocrx_word' id='word_1_44' title='bbox 577 1045 848 1119; x_wconf 75' lang='grc' dir='ltr'>φρόνιμος</span> <span class='ocrx_word' id='word_1_45' title='bbox 874 1045 1061 1102; x_wconf 86' lang='grc' dir='ltr'>πολλὰ</span> <span class='ocrx_word' id='word_1_46' title='bbox 1097 1049 1376 1128; x_wconf 66' lang='grc' dir='ltr'>ὑποφέρει.</span> 
     </span>
    </p>
   </div>
   <div class='ocr_carea' id='block_1_10' title="bbox 2156 799 3741 896">
    <p class='ocr_par' dir='ltr' id='par_1_10' title="bbox 2156 799 3741 896">
     <span class='ocr_line' id='line_1_10' title="bbox 2156 799 3741 896; baseline 0.026 -44"><span class='ocrx_word' id='word_1_47' title='bbox 2156 799 2282 854; x_wconf 87' lang='lat' dir='ltr'>Non</span> <span class='ocrx_word' id='word_1_48' title='bbox 2321 805 2649 874; x_wconf 90' lang='lat' dir='ltr'>proderunt</span> <span class='ocrx_word' id='word_1_49' title='bbox 2683 811 2942 870; x_wconf 79' lang='lat' dir='ltr'>thesauri</span> <span class='ocrx_word' id='word_1_50' title='bbox 2977 818 3199 891; x_wconf 87' lang='lat' dir='ltr'>iniquis</span> <span class='ocrx_word' id='word_1_51' title='bbox 3226 841 3240 889; x_wconf 86' lang='lat'><strong>;</strong></span> <span class='ocrx_word' id='word_1_52' title='bbox 3266 825 3504 896; x_wconf 85' lang='lat' dir='ltr'>justitia</span> <span class='ocrx_word' id='word_1_53' title='bbox 3541 840 3741 893; x_wconf 89' lang='lat' dir='ltr'>autem</span> 
     </span>
    </p>
   </div>
   <div class='ocr_carea' id='block_1_11' title="bbox 2085 895 2542 950">
    <p class='ocr_par' dir='ltr' id='par_1_11' title="bbox 2085 895 2542 950">
     <span class='ocr_line' id='line_1_11' title="bbox 2085 895 2542 950; baseline 0.022 -9"><span class='ocrx_word' id='word_1_54' title='bbox 2085 902 2116 941; x_wconf 92' lang='lat' dir='ltr'>e</span> <span class='ocrx_word' id='word_1_55' title='bbox 2147 896 2336 946; x_wconf 90' lang='lat' dir='ltr'>morte</span> <span class='ocrx_word' id='word_1_56' title='bbox 2371 895 2542 950; x_wconf 82' lang='lat' dir='ltr'>emit.</span> 
     </span>
    </p>
   </div>
   <div class='ocr_carea' id='block_1_12' title="bbox 2154 976 3734 1075">
    <p class='ocr_par' dir='ltr' id='par_1_12' title="bbox 2154 976 3734 1075">
     <span class='ocr_line' id='line_1_12' title="bbox 2154 976 3734 1075; baseline 0.027 -44"><span class='ocrx_word' id='word_1_57' title='bbox 2154 976 2478 1052; x_wconf 77' lang='lat' dir='ltr'>Impatiens</span> <span class='ocrx_word' id='word_1_58' title='bbox 2508 987 2595 1040; x_wconf 90' lang='lat' dir='ltr'>vir</span> <span class='ocrx_word' id='word_1_59' title='bbox 2623 991 2743 1062; x_wconf 81' lang='lat' dir='ltr'>agit</span> <span class='ocrx_word' id='word_1_60' title='bbox 2771 1009 2904 1050; x_wconf 91' lang='lat' dir='ltr'>cum</span> <span class='ocrx_word' id='word_1_61' title='bbox 2953 997 3375 1075; x_wconf 84' lang='lat' dir='ltr'>imprudentia,</span> <span class='ocrx_word' id='word_1_62' title='bbox 3408 1011 3496 1065; x_wconf 91' lang='lat' dir='ltr'>vir</span> <span class='ocrx_word' id='word_1_63' title='bbox 3531 1029 3734 1072; x_wconf 84' lang='lat' dir='ltr'>sensa-</span> 
     </span>
    </p>
   </div>
   <div class='ocr_carea' id='block_1_13' title="bbox 2083 1072 2934 1142">
    <p class='ocr_par' dir='ltr' id='par_1_13' title="bbox 2083 1072 2934 1142">
     <span class='ocr_line' id='line_1_13' title="bbox 2083 1072 2934 1142; baseline 0.025 -22"><span class='ocrx_word' id='word_1_64' title='bbox 2083 1072 2176 1123; x_wconf 89' lang='lat' dir='ltr'>tus</span> <span class='ocrx_word' id='word_1_65' title='bbox 2207 1076 2410 1131; x_wconf 87' lang='lat' dir='ltr'>autem</span> <span class='ocrx_word' id='word_1_66' title='bbox 2442 1076 2628 1133; x_wconf 90' lang='lat' dir='ltr'>multa</span> <span class='ocrx_word' id='word_1_67' title='bbox 2657 1083 2934 1142; x_wconf 91' lang='lat' dir='ltr'>sustinet.</span> 
     </span>
    </p>
   </div>
   <div class='ocr_carea' id='block_1_14' title="bbox 385 1131 1430 1213">
    <p class='ocr_par' dir='ltr' id='par_1_14' title="bbox 385 1131 1430 1213">
     <span class='ocr_line' id='line_1_14' title="bbox 385 1131 1430 1213; baseline 0.013 -30"><span class='ocrx_word' id='word_1_68' title='bbox 385 1133 446 1190; x_wconf 84' lang='lat'>&#39;0</span> <span class='ocrx_word' id='word_1_69' title='bbox 475 1137 589 1204; x_wconf 84' lang='grc'>(23)</span> <span class='ocrx_word' id='word_1_70' title='bbox 619 1131 787 1188; x_wconf 80' lang='grc' dir='ltr'>ἐλεῶν</span> <span class='ocrx_word' id='word_1_71' title='bbox 817 1137 1042 1212; x_wconf 87' lang='grc' dir='ltr'>πτωχὸν</span> <span class='ocrx_word' id='word_1_72' title='bbox 1075 1141 1430 1213; x_wconf 85' lang='grc' dir='ltr'>μακαριστός.</span> 
     </span>
    </p>
   </div>
   <div class='ocr_carea' id='block_1_15' title="bbox 383 1219 1966 1302">
    <p class='ocr_par' dir='ltr' id='par_1_15' title="bbox 383 1219 1966 1302">
     <span class='ocr_line' id='line_1_15' title="bbox 383 1219 1966 1302; baseline 0.008 -22"><span class='ocrx_word' id='word_1_73' title='bbox 383 1219 535 1280; x_wconf 80' lang='grc' dir='ltr'>Ὁδοὶ</span> <span class='ocrx_word' id='word_1_74' title='bbox 565 1225 678 1298; x_wconf 76' lang='grc'>(24)</span> <span class='ocrx_word' id='word_1_75' title='bbox 728 1230 874 1294; x_wconf 76' lang='grc' dir='ltr'>ζωῆς</span> <span class='ocrx_word' id='word_1_76' title='bbox 925 1223 1266 1302; x_wconf 77' lang='grc' dir='ltr'>διανοήματα</span> <span class='ocrx_word' id='word_1_77' title='bbox 1325 1236 1565 1301; x_wconf 81' lang='grc' dir='ltr'>συνετοῦ,</span> <span class='ocrx_word' id='word_1_78' title='bbox 1596 1230 1688 1288; x_wconf 67' lang='grc' dir='ltr'>ἵνα</span> <span class='ocrx_word' id='word_1_79' title='bbox 1716 1233 1966 1299; x_wconf 80' lang='grc' dir='ltr'>ἐκκλίνας</span> 
     </span>
    </p>
   </div>
   <div class='ocr_carea' id='block_1_16' title="bbox 311 1310 855 1388">
    <p class='ocr_par' dir='ltr' id='par_1_16' title="bbox 311 1310 855 1388">
     <span class='ocr_line' id='line_1_16' title="bbox 311 1310 855 1388; baseline 0.006 -23"><span class='ocrx_word' id='word_1_80' title='bbox 311 1311 372 1366; x_wconf 90' lang='grc' dir='ltr'>ἐκ</span> <span class='ocrx_word' id='word_1_81' title='bbox 397 1315 493 1366; x_wconf 72' lang='grc' dir='ltr'>τοῦ</span> <span class='ocrx_word' id='word_1_82' title='bbox 524 1310 655 1384; x_wconf 69' lang='grc' dir='ltr'>ᾅδου</span> <span class='ocrx_word' id='word_1_83' title='bbox 683 1317 855 1388; x_wconf 81' lang='grc' dir='ltr'>σωθῇ.</span> 
     </span>
    </p>
   </div>
   <div class='ocr_carea' id='block_1_17' title="bbox 381 1397 1444 1476">
    <p class='ocr_par' dir='ltr' id='par_1_17' title="bbox 381 1397 1444 1476">
     <span class='ocr_line' id='line_1_17' title="bbox 381 1397 1444 1476; baseline 0.008 -20"><span class='ocrx_word' id='word_1_84' title='bbox 381 1397 534 1456; x_wconf 80' lang='grc' dir='ltr'>Ὁδοί</span> <span class='ocrx_word' id='word_1_85' title='bbox 712 1405 1059 1474; x_wconf 80' lang='grc' dir='ltr'>μνησικάκων</span> <span class='ocrx_word' id='word_1_86' title='bbox 1093 1407 1169 1468; x_wconf 88' lang='grc' dir='ltr'>εἰς</span> <span class='ocrx_word' id='word_1_87' title='bbox 1199 1408 1444 1464; x_wconf 85' lang='grc' dir='ltr'>θάνατον·</span> 
     </span>
    </p>
   </div>
   <div class='ocr_carea' id='block_1_18' title="bbox 379 1485 1592 1568">
    <p class='ocr_par' dir='ltr' id='par_1_18' title="bbox 379 1485 1592 1568">
     <span class='ocr_line' id='line_1_18' title="bbox 379 1485 1592 1568; baseline 0.007 -24"><span class='ocrx_word' id='word_1_88' title='bbox 379 1485 531 1544; x_wconf 82' lang='grc' dir='ltr'>Ὀδοὶ</span> <span class='ocrx_word' id='word_1_89' title='bbox 564 1494 677 1562; x_wconf 88' lang='lat'>(26)</span> <span class='ocrx_word' id='word_1_90' title='bbox 706 1491 916 1567; x_wconf 87' lang='grc' dir='ltr'>ἀεργῶν</span> <span class='ocrx_word' id='word_1_91' title='bbox 950 1492 1288 1568; x_wconf 82' lang='grc' dir='ltr'>ὲστρωμέναι</span> <span class='ocrx_word' id='word_1_92' title='bbox 1319 1496 1592 1562; x_wconf 83' lang='grc' dir='ltr'>ἀκάνθαις.</span> 
     </span>
    </p>
   </div>
   <div class='ocr_carea' id='block_1_19' title="bbox 383 1582 1963 1662">
    <p class='ocr_par' dir='ltr' id='par_1_19' title="bbox 383 1582 1963 1662">
     <span class='ocr_line' id='line_1_19' title="bbox 383 1582 1963 1662; baseline 0.008 -30"><span class='ocrx_word' id='word_1_93' title='bbox 383 1583 729 1653; x_wconf 80' lang='grc' dir='ltr'>Παροιμιῶν.</span> <span class='ocrx_word' id='word_1_94' title='bbox 780 1615 847 1625; x_wconf 91' lang='grc'><strong>-</strong></span> <span class='ocrx_word' id='word_1_95' title='bbox 903 1583 964 1640; x_wconf 77' lang='grc' dir='ltr'>Ὀ</span> <span class='ocrx_word' id='word_1_96' title='bbox 1020 1582 1460 1660; x_wconf 84' lang='grc' dir='ltr'>σκληροκάρδιος</span> <span class='ocrx_word' id='word_1_97' title='bbox 1494 1593 1607 1662; x_wconf 83' lang='grc'>(27)</span> <span class='ocrx_word' id='word_1_98' title='bbox 1639 1588 1701 1643; x_wconf 79' lang='grc' dir='ltr'>οὐ</span> <span class='ocrx_word' id='word_1_99' title='bbox 1734 1596 1963 1662; x_wconf 86' lang='grc' dir='ltr'>συναντᾷ</span> 
     </span>
    </p>
   </div>
   <div class='ocr_carea' id='block_1_20' title="bbox 2151 1158 3368 1243">
    <p class='ocr_par' dir='ltr' id='par_1_20' title="bbox 2151 1158 3368 1243">
     <span class='ocr_line' id='line_1_20' title="bbox 2151 1158 3368 1243; baseline 0.026 -32"><span class='ocrx_word' id='word_1_100' title='bbox 2151 1158 2253 1222; x_wconf 88' lang='lat' dir='ltr'>Qui</span> <span class='ocrx_word' id='word_1_101' title='bbox 2290 1162 2609 1221; x_wconf 83' lang='lat' dir='ltr'>miseretur</span> <span class='ocrx_word' id='word_1_102' title='bbox 2634 1174 2932 1243; x_wconf 83' lang='lat' dir='ltr'>pauperis,</span> <span class='ocrx_word' id='word_1_103' title='bbox 2965 1176 3368 1243; x_wconf 84' lang='lat' dir='ltr'>beatissimus.</span> 
     </span>
    </p>
   </div>
   <div class='ocr_carea' id='block_1_21' title="bbox 2149 1246 3726 1344">
    <p class='ocr_par' dir='ltr' id='par_1_21' title="bbox 2149 1246 3726 1344">
     <span class='ocr_line' id='line_1_21' title="bbox 2149 1246 3726 1344; baseline 0.027 -45"><span class='ocrx_word' id='word_1_104' title='bbox 2149 1246 2383 1305; x_wconf 65' lang='lat' dir='ltr'>Semita;</span> <span class='ocrx_word' id='word_1_105' title='bbox 2431 1254 2561 1310; x_wconf 66' lang='lat' dir='ltr'>vitas</span> <span class='ocrx_word' id='word_1_106' title='bbox 2611 1261 2996 1330; x_wconf 75' lang='lat' dir='ltr'>cogitationes</span> <span class='ocrx_word' id='word_1_107' title='bbox 3045 1272 3380 1344; x_wconf 89' lang='lat' dir='ltr'>prudentis,</span> <span class='ocrx_word' id='word_1_108' title='bbox 3432 1286 3497 1335; x_wconf 88' lang='lat' dir='ltr'>ut</span> <span class='ocrx_word' id='word_1_109' title='bbox 3542 1283 3726 1340; x_wconf 82' lang='lat' dir='ltr'>infer-</span> 
     </span>
    </p>
   </div>
   <div class='ocr_carea' id='block_1_22' title="bbox 2074 1340 2787 1406">
    <p class='ocr_par' dir='ltr' id='par_1_22' title="bbox 2074 1340 2787 1406">
     <span class='ocr_line' id='line_1_22' title="bbox 2074 1340 2787 1406; baseline 0.025 -18"><span class='ocrx_word' id='word_1_110' title='bbox 2074 1351 2218 1391; x_wconf 88' lang='lat' dir='ltr'>num</span> <span class='ocrx_word' id='word_1_111' title='bbox 2255 1340 2480 1398; x_wconf 73' lang='lat' dir='ltr'>evitans</span> <span class='ocrx_word' id='word_1_112' title='bbox 2513 1346 2787 1406; x_wconf 87' lang='lat' dir='ltr'>salvetur.</span> 
     </span>
    </p>
   </div>
   <div class='ocr_carea' id='block_1_23' title="bbox 2147 1426 3648 1518">
    <p class='ocr_par' dir='ltr' id='par_1_23' title="bbox 2147 1426 3648 1518">
     <span class='ocr_line' id='line_1_23' title="bbox 2147 1426 3648 1518; baseline 0.027 -39"><span class='ocrx_word' id='word_1_113' title='bbox 2147 1426 2263 1481; x_wconf 72' lang='lat' dir='ltr'>Vim</span> <span class='ocrx_word' id='word_1_114' title='bbox 2295 1430 2712 1492; x_wconf 88' lang='lat' dir='ltr'>ulciscentium</span> <span class='ocrx_word' id='word_1_115' title='bbox 2745 1440 2982 1513; x_wconf 84' lang='lat' dir='ltr'>injuriis</span> <span class='ocrx_word' id='word_1_116' title='bbox 3014 1447 3086 1503; x_wconf 87' lang='lat' dir='ltr'>ad</span> <span class='ocrx_word' id='word_1_117' title='bbox 3117 1459 3370 1512; x_wconf 89' lang='lat' dir='ltr'>mortem</span> <span class='ocrx_word' id='word_1_118' title='bbox 3407 1458 3648 1518; x_wconf 90' lang='lat' dir='ltr'>ducunt.</span> 
     </span>
    </p>
   </div>
   <div class='ocr_carea' id='block_1_24' title="bbox 2147 1516 3184 1599">
    <p class='ocr_par' dir='ltr' id='par_1_24' title="bbox 2147 1516 3184 1599">
     <span class='ocr_line' id='line_1_24' title="bbox 2147 1516 3184 1599; baseline 0.028 -31"><span class='ocrx_word' id='word_1_119' title='bbox 2147 1516 2264 1572; x_wconf 65' lang='lat' dir='ltr'>Via}</span> <span class='ocrx_word' id='word_1_120' title='bbox 2297 1519 2598 1591; x_wconf 78' lang='lat' dir='ltr'>pigrorum</span> <span class='ocrx_word' id='word_1_121' title='bbox 2630 1528 2818 1599; x_wconf 85' lang='lat' dir='ltr'>spinis</span> <span class='ocrx_word' id='word_1_122' title='bbox 2849 1543 3184 1598; x_wconf 76' lang='lat' dir='ltr'>constrataa.</span> 
     </span>
    </p>
   </div>
   <div class='ocr_carea' id='block_1_25' title="bbox 2141 1606 3723 1711">
    <p class='ocr_par' dir='ltr' id='par_1_25' title="bbox 2141 1606 3723 1711">
     <span class='ocr_line' id='line_1_25' title="bbox 2141 1606 3723 1711; baseline 0.027 -53"><span class='ocrx_word' id='word_1_123' title='bbox 2141 1606 2581 1670; x_wconf 75' lang='lat' dir='ltr'>Proverbiorum.</span> <span class='ocrx_word' id='word_1_124' title='bbox 2633 1648 2702 1657; x_wconf 94' lang='lat'><strong><em>—</em></strong></span> <span class='ocrx_word' id='word_1_125' title='bbox 2746 1619 2852 1683; x_wconf 90' lang='lat' dir='ltr'>Qui</span> <span class='ocrx_word' id='word_1_126' title='bbox 2913 1631 3174 1695; x_wconf 86' lang='lat' dir='ltr'>perversi</span> <span class='ocrx_word' id='word_1_127' title='bbox 3228 1635 3424 1692; x_wconf 87' lang='lat' dir='ltr'>cordis</span> <span class='ocrx_word' id='word_1_128' title='bbox 3457 1645 3567 1711; x_wconf 90' lang='lat' dir='ltr'>est,</span> <span class='ocrx_word' id='word_1_129' title='bbox 3599 1659 3723 1700; x_wconf 87' lang='lat' dir='ltr'>non</span> 
     </span>
    </p>
   </div>
   <div class='ocr_carea' id='block_1_26' title="bbox 2067 1692 2602 1758">
    <p class='ocr_par' dir='ltr' id='par_1_26' title="bbox 2067 1692 2602 1758">
     <span class='ocr_line' id='line_1_26' title="bbox 2067 1692 2602 1758; baseline 0.026 -13"><span class='ocrx_word' id='word_1_130' title='bbox 2067 1692 2331 1750; x_wconf 87' lang='lat' dir='ltr'>inveniet</span> <span class='ocrx_word' id='word_1_131' title='bbox 2361 1698 2602 1758; x_wconf 91' lang='lat' dir='ltr'>bonum.</span> 
     </span>
    </p>
   </div>
   <div class='ocr_carea' id='block_1_27' title="bbox 2140 1783 3476 1878">
    <p class='ocr_par' dir='ltr' id='par_1_27' title="bbox 2140 1783 3476 1878">
     <span class='ocr_line' id='line_1_27' title="bbox 2140 1783 3476 1878; baseline 0.028 -43"><span class='ocrx_word' id='word_1_132' title='bbox 2140 1783 2238 1838; x_wconf 88' lang='lat' dir='ltr'>Vir</span> <span class='ocrx_word' id='word_1_133' title='bbox 2267 1785 2546 1860; x_wconf 91' lang='lat' dir='ltr'>obliquus</span> <span class='ocrx_word' id='word_1_134' title='bbox 2578 1793 2639 1849; x_wconf 90' lang='lat' dir='ltr'>in</span> <span class='ocrx_word' id='word_1_135' title='bbox 2671 1813 2772 1852; x_wconf 92' lang='lat' dir='ltr'>ore</span> <span class='ocrx_word' id='word_1_136' title='bbox 2801 1816 2904 1855; x_wconf 90' lang='lat' dir='ltr'>suo</span> <span class='ocrx_word' id='word_1_137' title='bbox 2930 1803 3048 1860; x_wconf 89' lang='lat' dir='ltr'>fert</span> <span class='ocrx_word' id='word_1_138' title='bbox 3077 1809 3476 1878; x_wconf 89' lang='lat' dir='ltr'>perditionem</span> 
     </span>
    </p>
   </div>
   <div class='ocr_carea' id='block_1_28' title="bbox 305 1671 1958 1847">
    <p class='ocr_par' dir='ltr' id='par_1_28' title="bbox 305 1671 1958 1847">
     <span class='ocr_line' id='line_1_28' title="bbox 305 1671 555 1730; baseline 0.008 -10"><span class='ocrx_word' id='word_1_139' title='bbox 305 1671 339 1720; x_wconf 84' lang='grc' dir='ltr'>ἀ</span> <span class='ocrx_word' id='word_1_140' title='bbox 381 1671 555 1730; x_wconf 83' lang='grc' dir='ltr'>αθοῖς.</span> 
     </span>
     <span class='ocr_line' id='line_1_29' title="bbox 343 1687 1958 1847; baseline 0.011 -37"><span class='ocrx_word' id='word_1_141' title='bbox 343 1687 436 1812; x_wconf 83' lang='grc' dir='ltr'>γὈ</span> <span class='ocrx_word' id='word_1_142' title='bbox 497 1756 718 1822; x_wconf 86' lang='grc' dir='ltr'>σκολιὸς</span> <span class='ocrx_word' id='word_1_143' title='bbox 777 1764 892 1834; x_wconf 90' lang='grc'>(28)</span> <span class='ocrx_word' id='word_1_144' title='bbox 949 1759 1038 1816; x_wconf 79' lang='grc' dir='ltr'>ἐπὶ</span> <span class='ocrx_word' id='word_1_145' title='bbox 1095 1763 1157 1818; x_wconf 86' lang='grc' dir='ltr'>τὸ</span> <span class='ocrx_word' id='word_1_146' title='bbox 1215 1765 1408 1820; x_wconf 70' lang='grc' dir='ltr'>ἑαυτοῦ</span> <span class='ocrx_word' id='word_1_147' title='bbox 1466 1765 1644 1842; x_wconf 85' lang='grc' dir='ltr'>στόμα</span> <span class='ocrx_word' id='word_1_148' title='bbox 1673 1775 1832 1847; x_wconf 77' lang='grc' dir='ltr'>φορεῖ</span> <span class='ocrx_word' id='word_1_149' title='bbox 1859 1773 1958 1842; x_wconf 78' lang='grc' dir='ltr'>τήν</span> 
     </span>
    </p>
   </div>
   <div class='ocr_carea' id='block_1_29' title="bbox 300 1843 2034 1956">
    <p class='ocr_par' dir='ltr' id='par_1_29' title="bbox 300 1843 2034 1956">
     <span class='ocr_line' id='line_1_30' title="bbox 300 1843 2034 1956; baseline 0.015 -58"><span class='ocrx_word' id='word_1_150' title='bbox 300 1843 604 1907; x_wconf 87' lang='grc' dir='ltr'>ἀπώλειαν,</span> <span class='ocrx_word' id='word_1_151' title='bbox 1874 1947 1906 1956; x_wconf 25' lang='grc' dir='ltr'><strong>Α</strong></span> <span class='ocrx_word' id='word_1_152' title='bbox 1986 1890 2034 1956; x_wconf 83' lang='grc' dir='ltr'><strong>Β</strong></span> 
     </span>
     <span class='ocr_line' id='line_1_31' title="bbox 374 1934 1709 1956; baseline 0.014 0"><span class='ocrx_word' id='word_1_153' title='bbox 374 1934 442 1956; x_wconf 68' lang='lat' dir='ltr'><strong>n9</strong></span> <span class='ocrx_word' id='word_1_154' title='bbox 486 1942 587 1956; x_wconf 58' lang='grc' dir='ltr'>,αι-ιλ</span> <span class='ocrx_word' id='word_1_155' title='bbox 752 1937 764 1956; x_wconf 81' lang='grc' dir='ltr'><strong><em>Ι</em></strong></span> <span class='ocrx_word' id='word_1_156' title='bbox 885 1935 909 1956; x_wconf 65' lang='grc' dir='ltr'><strong>ν</strong></span> <span class='ocrx_word' id='word_1_157' title='bbox 1175 1943 1186 1956; x_wconf 80' lang='grc'><strong><em>⁸</em></strong></span> <span class='ocrx_word' id='word_1_158' title='bbox 1310 1943 1324 1956; x_wconf 66' lang='grc'><em>⁸</em></span> <span class='ocrx_word' id='word_1_159' title='bbox 1367 1942 1389 1956; x_wconf 51' lang='grc'><strong>³</strong></span> <span class='ocrx_word' id='word_1_160' title='bbox 1434 1947 1446 1956; x_wconf 76' lang='grc'><strong><em>⁵</em></strong></span> <span class='ocrx_word' id='word_1_161' title='bbox 1684 1953 1709 1956; x_wconf 45' lang='grc' dir='ltr'>μ</span> 
     </span>
    </p>
   </div>
   <div class='ocr_carea' id='block_1_30' title="bbox 374 1934 1953 2025">
    <p class='ocr_par' dir='ltr' id='par_1_30' title="bbox 374 1934 1953 2025">
     <span class='ocr_line' id='line_1_32' title="bbox 374 1934 1953 2025; baseline 0.008 -33"><span class='ocrx_word' id='word_1_162' title='bbox 374 1934 450 1992; x_wconf 71' lang='grc' dir='ltr'>Οὐ</span> <span class='ocrx_word' id='word_1_163' title='bbox 483 1942 592 2008; x_wconf 86' lang='grc'>(29)</span> <span class='ocrx_word' id='word_1_164' title='bbox 640 1937 826 2013; x_wconf 79' lang='grc' dir='ltr'>χρείαν</span> <span class='ocrx_word' id='word_1_165' title='bbox 883 1935 999 2016; x_wconf 76' lang='grc' dir='ltr'>ἔχει</span> <span class='ocrx_word' id='word_1_166' title='bbox 1061 1943 1252 2020; x_wconf 79' lang='grc' dir='ltr'>σοφίας</span> <span class='ocrx_word' id='word_1_167' title='bbox 1307 1942 1488 2016; x_wconf 78' lang='grc' dir='ltr'>ἐνδεὴς</span> <span class='ocrx_word' id='word_1_168' title='bbox 1542 1953 1773 2025; x_wconf 73' lang='grc' dir='ltr'>φρενῶν·</span> <span class='ocrx_word' id='word_1_169' title='bbox 1811 1947 1953 2023; x_wconf 77' lang='grc' dir='ltr'>μᾶλ-</span> 
     </span>
    </p>
   </div>
   <div class='ocr_carea' id='block_1_31' title="bbox 2142 1963 3716 2073">
    <p class='ocr_par' dir='ltr' id='par_1_31' title="bbox 2142 1963 3716 2073">
     <span class='ocr_line' id='line_1_33' title="bbox 2142 1963 3716 2073; baseline 0.027 -58"><span class='ocrx_word' id='word_1_170' title='bbox 2142 1963 2264 2018; x_wconf 83' lang='lat' dir='ltr'>Non</span> <span class='ocrx_word' id='word_1_171' title='bbox 2299 1973 2427 2039; x_wconf 79' lang='lat' dir='ltr'>eget</span> <span class='ocrx_word' id='word_1_172' title='bbox 2457 1973 2748 2042; x_wconf 85' lang='lat' dir='ltr'>sapientia</span> <span class='ocrx_word' id='word_1_173' title='bbox 2778 1980 2876 2048; x_wconf 87' lang='lat' dir='ltr'>qui</span> <span class='ocrx_word' id='word_1_174' title='bbox 2939 1991 3098 2040; x_wconf 88' lang='lat' dir='ltr'>caret</span> <span class='ocrx_word' id='word_1_175' title='bbox 3149 1989 3496 2062; x_wconf 85' lang='lat' dir='ltr'>intellectu;</span> <span class='ocrx_word' id='word_1_176' title='bbox 3533 2002 3716 2073; x_wconf 73' lang='lat' dir='ltr'>magis</span> 
     </span>
    </p>
   </div>
   <div class='ocr_carea' id='block_1_32' title="bbox 303 2021 1449 2110">
    <p class='ocr_par' dir='ltr' id='par_1_32' title="bbox 303 2021 1449 2110">
     <span class='ocr_line' id='line_1_34' title="bbox 303 2021 1449 2110; baseline 0.01 -32"><span class='ocrx_word' id='word_1_177' title='bbox 303 2021 398 2078; x_wconf 86' lang='grc' dir='ltr'>λον</span> <span class='ocrx_word' id='word_1_178' title='bbox 434 2027 536 2098; x_wconf 74' lang='grc' dir='ltr'>γὰρ</span> <span class='ocrx_word' id='word_1_179' title='bbox 571 2025 759 2104; x_wconf 78' lang='grc' dir='ltr'>ἄγεται</span> <span class='ocrx_word' id='word_1_180' title='bbox 790 2032 858 2103; x_wconf 79' lang='grc' dir='ltr'>τῇ</span> <span class='ocrx_word' id='word_1_181' title='bbox 887 2030 1078 2088; x_wconf 71' lang='grc' dir='ltr'>ἑαυτοῦ</span> <span class='ocrx_word' id='word_1_182' title='bbox 1108 2035 1449 2110; x_wconf 64' lang='grc' dir='ltr'>σωφροσύνῃ.</span> 
     </span>
    </p>
   </div>
   <div class='ocr_carea' id='block_1_33' title="bbox 2069 2051 2998 2134">
    <p class='ocr_par' dir='ltr' id='par_1_33' title="bbox 2069 2051 2998 2134">
     <span class='ocr_line' id='line_1_35' title="bbox 2069 2051 2998 2134; baseline 0.025 -31"><span class='ocrx_word' id='word_1_183' title='bbox 2069 2051 2228 2105; x_wconf 90' lang='lat' dir='ltr'>enim</span> <span class='ocrx_word' id='word_1_184' title='bbox 2260 2053 2496 2112; x_wconf 89' lang='lat' dir='ltr'>ducitur</span> <span class='ocrx_word' id='word_1_185' title='bbox 2525 2077 2633 2116; x_wconf 87' lang='lat' dir='ltr'>sua</span> <span class='ocrx_word' id='word_1_186' title='bbox 2663 2066 2998 2134; x_wconf 86' lang='lat' dir='ltr'>prudentia.</span> 
     </span>
    </p>
   </div>
   <div class='ocr_carea' id='block_1_34' title="bbox 370 2110 1626 2197">
    <p class='ocr_par' dir='ltr' id='par_1_34' title="bbox 370 2110 1626 2197">
     <span class='ocr_line' id='line_1_36' title="bbox 370 2110 1626 2197; baseline 0.01 -26"><span class='ocrx_word' id='word_1_187' title='bbox 370 2110 521 2171; x_wconf 77' lang='grc' dir='ltr'>Ὁδοὶ</span> <span class='ocrx_word' id='word_1_188' title='bbox 553 2119 666 2189; x_wconf 88' lang='grc'>(30)</span> <span class='ocrx_word' id='word_1_189' title='bbox 697 2117 942 2197; x_wconf 75' lang='grc' dir='ltr'>ἀφρόνων</span> <span class='ocrx_word' id='word_1_190' title='bbox 976 2119 1131 2194; x_wconf 82' lang='grc' dir='ltr'>ὀρθαῖ</span> <span class='ocrx_word' id='word_1_191' title='bbox 1164 2121 1397 2179; x_wconf 84' lang='grc' dir='ltr'>ἐνώπιον</span> <span class='ocrx_word' id='word_1_192' title='bbox 1426 2126 1626 2184; x_wconf 83' lang='grc' dir='ltr'>αὐτῶν.</span> 
     </span>
    </p>
   </div>
   <div class='ocr_carea' id='block_1_35' title="bbox 380 2203 1950 2290">
    <p class='ocr_par' dir='ltr' id='par_1_35' title="bbox 380 2203 1950 2290">
     <span class='ocr_line' id='line_1_37' title="bbox 380 2203 1950 2290; baseline 0.008 -30"><span class='ocrx_word' id='word_1_193' title='bbox 380 2207 476 2262; x_wconf 75' lang='grc'>73</span> <span class='ocrx_word' id='word_1_194' title='bbox 515 2203 636 2281; x_wconf 77' lang='grc' dir='ltr'>Οὐχ</span> <span class='ocrx_word' id='word_1_195' title='bbox 683 2208 830 2262; x_wconf 71' lang='grc' dir='ltr'>οὕτω</span> <span class='ocrx_word' id='word_1_196' title='bbox 876 2215 992 2271; x_wconf 84' lang='grc' dir='ltr'>τοῖς</span> <span class='ocrx_word' id='word_1_197' title='bbox 1051 2211 1304 2290; x_wconf 73' lang='grc' dir='ltr'>ὀρφανοῖς</span> <span class='ocrx_word' id='word_1_198' title='bbox 1352 2215 1504 2269; x_wconf 84' lang='grc' dir='ltr'>παισὶ</span> <span class='ocrx_word' id='word_1_199' title='bbox 1534 2213 1570 2285; x_wconf 73' lang='grc' dir='ltr'>ἤ</span> <span class='ocrx_word' id='word_1_200' title='bbox 1602 2216 1950 2289; x_wconf 73' lang='grc' dir='ltr'>ἀναισθήτοις</span> 
     </span>
    </p>
   </div>
   <div class='ocr_carea' id='block_1_36' title="bbox 298 2289 1270 2375">
    <p class='ocr_par' dir='ltr' id='par_1_36' title="bbox 298 2289 1270 2375">
     <span class='ocr_line' id='line_1_38' title="bbox 298 2289 1270 2375; baseline 0.009 -28"><span class='ocrx_word' id='word_1_201' title='bbox 298 2289 554 2366; x_wconf 83' lang='grc' dir='ltr'>ἀνδράσιν</span> <span class='ocrx_word' id='word_1_202' title='bbox 583 2294 892 2370; x_wconf 77' lang='grc' dir='ltr'>ἐπιτρόπων</span> <span class='ocrx_word' id='word_1_203' title='bbox 919 2296 1067 2353; x_wconf 83' lang='grc' dir='ltr'>ἔσται</span> <span class='ocrx_word' id='word_1_204' title='bbox 1089 2302 1270 2375; x_wconf 84' lang='grc' dir='ltr'>χρεία.</span> 
     </span>
    </p>
   </div>
   <div class='ocr_carea' id='block_1_37' title="bbox 369 2382 1947 2468">
    <p class='ocr_par' dir='ltr' id='par_1_37' title="bbox 369 2382 1947 2468">
     <span class='ocr_line' id='line_1_39' title="bbox 369 2382 1947 2468; baseline 0.009 -31"><span class='ocrx_word' id='word_1_205' title='bbox 369 2382 428 2438; x_wconf 81' lang='grc' dir='ltr'><strong>Ὀ</strong></span> <span class='ocrx_word' id='word_1_206' title='bbox 459 2385 571 2456; x_wconf 84' lang='grc'>(31)</span> <span class='ocrx_word' id='word_1_207' title='bbox 614 2383 913 2440; x_wconf 81' lang='grc' dir='ltr'>πλειόντων</span> <span class='ocrx_word' id='word_1_208' title='bbox 975 2385 1111 2464; x_wconf 84' lang='grc' dir='ltr'>ἐρῶν</span> <span class='ocrx_word' id='word_1_209' title='bbox 1167 2389 1255 2444; x_wconf 85' lang='grc' dir='ltr'>καὶ</span> <span class='ocrx_word' id='word_1_210' title='bbox 1313 2395 1422 2446; x_wconf 89' lang='grc' dir='ltr'>τῶν</span> <span class='ocrx_word' id='word_1_211' title='bbox 1464 2392 1776 2468; x_wconf 81' lang='grc' dir='ltr'>προσόντων</span> <span class='ocrx_word' id='word_1_212' title='bbox 1806 2395 1947 2450; x_wconf 80' lang='grc' dir='ltr'>ἀπο-</span> 
     </span>
    </p>
   </div>
   <div class='ocr_carea' id='block_1_38' title="bbox 296 2477 583 2544">
    <p class='ocr_par' dir='ltr' id='par_1_38' title="bbox 296 2477 583 2544">
     <span class='ocr_line' id='line_1_40' title="bbox 296 2477 583 2544; baseline 0.014 -20"><span class='ocrx_word' id='word_1_213' title='bbox 296 2477 583 2544; x_wconf 85' lang='grc' dir='ltr'>στερεῖται.</span> 
     </span>
    </p>
   </div>
   <div class='ocr_carea' id='block_1_39' title="bbox 367 2561 1943 2647">
    <p class='ocr_par' dir='ltr' id='par_1_39' title="bbox 367 2561 1943 2647">
     <span class='ocr_line' id='line_1_41' title="bbox 367 2561 1943 2647; baseline 0.012 -34"><span class='ocrx_word' id='word_1_214' title='bbox 367 2561 430 2613; x_wconf 77' lang='grc' dir='ltr'>Οἱ</span> <span class='ocrx_word' id='word_1_215' title='bbox 462 2565 569 2615; x_wconf 88' lang='grc' dir='ltr'>τῶν</span> <span class='ocrx_word' id='word_1_216' title='bbox 631 2562 900 2641; x_wconf 86' lang='grc' dir='ltr'>μεγίστων</span> <span class='ocrx_word' id='word_1_217' title='bbox 960 2563 1187 2642; x_wconf 80' lang='grc' dir='ltr'>ἐρῶντες</span> <span class='ocrx_word' id='word_1_218' title='bbox 1243 2570 1333 2624; x_wconf 82' lang='grc' dir='ltr'>καὶ</span> <span class='ocrx_word' id='word_1_219' title='bbox 1392 2574 1501 2625; x_wconf 86' lang='grc' dir='ltr'>τῶν</span> <span class='ocrx_word' id='word_1_220' title='bbox 1547 2573 1778 2647; x_wconf 86' lang='grc' dir='ltr'>μετρίων</span> <span class='ocrx_word' id='word_1_221' title='bbox 1809 2575 1943 2632; x_wconf 86' lang='grc' dir='ltr'>ἀπο-</span> 
     </span>
    </p>
   </div>
   <div class='ocr_carea' id='block_1_40' title="bbox 292 2650 677 2724">
    <p class='ocr_par' dir='ltr' id='par_1_40' title="bbox 292 2650 677 2724">
     <span class='ocr_line' id='line_1_42' title="bbox 292 2650 677 2724; baseline 0.008 -22"><span class='ocrx_word' id='word_1_222' title='bbox 292 2650 677 2724; x_wconf 70' lang='grc' dir='ltr'>τυγχάνουσιν.</span> 
     </span>
    </p>
   </div>
   <div class='ocr_carea' id='block_1_41' title="bbox 362 2739 1941 2821">
    <p class='ocr_par' dir='ltr' id='par_1_41' title="bbox 362 2739 1941 2821">
     <span class='ocr_line' id='line_1_43' title="bbox 362 2739 1941 2821; baseline 0.009 -26"><span class='ocrx_word' id='word_1_223' title='bbox 362 2739 424 2795; x_wconf 77' lang='grc' dir='ltr'><strong>Ὀ</strong></span> <span class='ocrx_word' id='word_1_224' title='bbox 457 2743 653 2796; x_wconf 88' lang='grc' dir='ltr'>συνιὼν</span> <span class='ocrx_word' id='word_1_225' title='bbox 716 2747 830 2814; x_wconf 85' lang='grc'>(32)</span> <span class='ocrx_word' id='word_1_226' title='bbox 888 2751 1154 2821; x_wconf 81' lang='grc' dir='ltr'>πονηροῖς</span> <span class='ocrx_word' id='word_1_227' title='bbox 1213 2747 1312 2818; x_wconf 73' lang='grc' dir='ltr'>τὴν</span> <span class='ocrx_word' id='word_1_228' title='bbox 1371 2747 1538 2819; x_wconf 75' lang='grc' dir='ltr'>αὐτὴν</span> <span class='ocrx_word' id='word_1_229' title='bbox 1590 2751 1772 2814; x_wconf 81' lang='grc' dir='ltr'>αὐτοῖς</span> <span class='ocrx_word' id='word_1_230' title='bbox 1804 2753 1941 2809; x_wconf 84' lang='grc' dir='ltr'>ὑπο-</span> 
     </span>
    </p>
   </div>
   <div class='ocr_carea' id='block_1_42' title="bbox 290 2828 818 2905">
    <p class='ocr_par' dir='ltr' id='par_1_42' title="bbox 290 2828 818 2905">
     <span class='ocr_line' id='line_1_44' title="bbox 290 2828 818 2905; baseline 0.009 -21"><span class='ocrx_word' id='word_1_231' title='bbox 290 2831 543 2900; x_wconf 74' lang='grc' dir='ltr'>στήσεται</span> <span class='ocrx_word' id='word_1_232' title='bbox 579 2828 818 2905; x_wconf 78' lang='grc' dir='ltr'>βλάϐην.</span> 
     </span>
    </p>
   </div>
   <div class='ocr_carea' id='block_1_43' title="bbox 361 2923 1936 3014">
    <p class='ocr_par' dir='ltr' id='par_1_43' title="bbox 361 2923 1936 3014">
     <span class='ocr_line' id='line_1_45' title="bbox 361 2923 1936 3014; baseline 0.01 -35"><span class='ocrx_word' id='word_1_233' title='bbox 361 2923 429 2979; x_wconf 73' lang='grc' dir='ltr'>Οἱ</span> <span class='ocrx_word' id='word_1_234' title='bbox 487 2927 591 2987; x_wconf 88' lang='grc'>(33)</span> <span class='ocrx_word' id='word_1_235' title='bbox 649 2928 882 3001; x_wconf 85' lang='grc' dir='ltr'>πονηροὶ</span> <span class='ocrx_word' id='word_1_236' title='bbox 935 2927 1162 3006; x_wconf 85' lang='grc' dir='ltr'>χάριτος</span> <span class='ocrx_word' id='word_1_237' title='bbox 1220 2927 1458 3005; x_wconf 75' lang='grc' dir='ltr'>ἀμοιϐὰς</span> <span class='ocrx_word' id='word_1_238' title='bbox 1505 2934 1936 3014; x_wconf 80' lang='grc' dir='ltr'>ἀντεισφέρονται</span> 
     </span>
    </p>
   </div>
   <div class='ocr_carea' id='block_1_44' title="bbox 293 3007 523 3086">
    <p class='ocr_par' dir='ltr' id='par_1_44' title="bbox 293 3007 523 3086">
     <span class='ocr_line' id='line_1_46' title="bbox 293 3007 523 3086; baseline 0.017 -21"><span class='ocrx_word' id='word_1_239' title='bbox 293 3007 523 3086; x_wconf 83' lang='grc' dir='ltr'>βλάϐας.</span> 
     </span>
    </p>
   </div>
   <div class='ocr_carea' id='block_1_45' title="bbox 360 3101 1934 3189">
    <p class='ocr_par' dir='ltr' id='par_1_45' title="bbox 360 3101 1934 3189">
     <span class='ocr_line' id='line_1_47' title="bbox 360 3101 1934 3189; baseline 0.008 -31"><span class='ocrx_word' id='word_1_240' title='bbox 360 3101 767 3176; x_wconf 82' lang='grc' dir='ltr'>Ἱπποκράτους.</span> <span class='ocrx_word' id='word_1_241' title='bbox 802 3107 1130 3165; x_wconf 85' lang='grc' dir='ltr'>-Ὁπόταν</span> <span class='ocrx_word' id='word_1_242' title='bbox 1187 3112 1299 3184; x_wconf 67' lang='grc' dir='ltr'>(34η)</span> <span class='ocrx_word' id='word_1_243' title='bbox 1357 3113 1574 3188; x_wconf 78' lang='grc' dir='ltr'>ἀκμάζῃ</span> <span class='ocrx_word' id='word_1_244' title='bbox 1633 3116 1694 3169; x_wconf 88' lang='grc' dir='ltr'>τὸ</span> <span class='ocrx_word' id='word_1_245' title='bbox 1754 3120 1934 3189; x_wconf 82' lang='grc' dir='ltr'>σῶμα,</span> 
     </span>
    </p>
   </div>
   <div class='ocr_carea' id='block_1_46' title="bbox 286 3191 1384 3274">
    <p class='ocr_par' dir='ltr' id='par_1_46' title="bbox 286 3191 1384 3274">
     <span class='ocr_line' id='line_1_48' title="bbox 286 3191 1384 3274; baseline 0.01 -30"><span class='ocrx_word' id='word_1_246' title='bbox 286 3191 411 3245; x_wconf 83' lang='grc' dir='ltr'>τότε</span> <span class='ocrx_word' id='word_1_247' title='bbox 443 3191 746 3267; x_wconf 80' lang='grc' dir='ltr'>λεπτοτάτῃ</span> <span class='ocrx_word' id='word_1_248' title='bbox 777 3195 1069 3270; x_wconf 83' lang='grc' dir='ltr'>ἀναγκαῖον</span> <span class='ocrx_word' id='word_1_249' title='bbox 1107 3197 1384 3274; x_wconf 80' lang='grc' dir='ltr'>χρέεσθαι.</span> 
     </span>
    </p>
   </div>
   <div class='ocr_carea' id='block_1_47' title="bbox 360 3280 1931 3359">
    <p class='ocr_par' dir='ltr' id='par_1_47' title="bbox 360 3280 1931 3359">
     <span class='ocr_line' id='line_1_49' title="bbox 360 3280 1931 3359; baseline 0.01 -26"><span class='ocrx_word' id='word_1_250' title='bbox 360 3280 610 3354; x_wconf 84' lang='grc' dir='ltr'>Μάρκου,</span> <span class='ocrx_word' id='word_1_251' title='bbox 643 3315 710 3324; x_wconf 93' lang='lat'><em>—</em></span> <span class='ocrx_word' id='word_1_252' title='bbox 739 3285 799 3341; x_wconf 84' lang='grc' dir='ltr'><strong>Ὀ</strong></span> <span class='ocrx_word' id='word_1_253' title='bbox 860 3288 969 3359; x_wconf 80' lang='grc'>(35)</span> <span class='ocrx_word' id='word_1_254' title='bbox 1027 3282 1352 3359; x_wconf 75' lang='grc' dir='ltr'>ἀϐουλήτως</span> <span class='ocrx_word' id='word_1_255' title='bbox 1383 3295 1590 3346; x_wconf 81' lang='grc' dir='ltr'>κοπιῶν</span> <span class='ocrx_word' id='word_1_256' title='bbox 1620 3292 1931 3357; x_wconf 85' lang='grc' dir='ltr'>καθολικῶς</span> 
     </span>
    </p>
   </div>
   <div class='ocr_carea' id='block_1_48' title="bbox 282 3371 1936 3457">
    <p class='ocr_par' dir='ltr' id='par_1_48' title="bbox 282 3371 1936 3457">
     <span class='ocr_line' id='line_1_50' title="bbox 282 3371 1936 3457; baseline 0.01 -34"><span class='ocrx_word' id='word_1_257' title='bbox 282 3373 394 3433; x_wconf 84' lang='grc' dir='ltr'>κῶς</span> <span class='ocrx_word' id='word_1_258' title='bbox 439 3373 736 3448; x_wconf 72' lang='grc' dir='ltr'>πτωχεύει·</span> <span class='ocrx_word' id='word_1_259' title='bbox 771 3375 798 3428; x_wconf 85' lang='grc' dir='ltr'><strong>ὁ</strong></span> <span class='ocrx_word' id='word_1_260' title='bbox 830 3371 887 3430; x_wconf 77' lang='grc' dir='ltr'>δὲ</span> <span class='ocrx_word' id='word_1_261' title='bbox 917 3379 1050 3449; x_wconf 85' lang='grc' dir='ltr'>μετ’</span> <span class='ocrx_word' id='word_1_262' title='bbox 1092 3377 1321 3442; x_wconf 81' lang='grc' dir='ltr'>ἐλπίδος</span> <span class='ocrx_word' id='word_1_263' title='bbox 1369 3377 1585 3457; x_wconf 82' lang='grc' dir='ltr'>τρέχων</span> <span class='ocrx_word' id='word_1_264' title='bbox 1630 3381 1936 3450; x_wconf 83' lang='grc' dir='ltr'>δίπλουτός</span> 
     </span>
    </p>
   </div>
   <div class='ocr_carea' id='block_1_49' title="bbox 281 3456 678 3522">
    <p class='ocr_par' dir='ltr' id='par_1_49' title="bbox 281 3456 678 3522">
     <span class='ocr_line' id='line_1_51' title="bbox 281 3456 678 3522; baseline 0.03 -12"><span class='ocrx_word' id='word_1_265' title='bbox 281 3456 446 3516; x_wconf 84' lang='grc' dir='ltr'>ἐστιν.</span> <span class='ocrx_word' id='word_1_266' title='bbox 661 3507 678 3522; x_wconf 84' lang='lat'>.</span> 
     </span>
    </p>
   </div>
   <div class='ocr_carea' id='block_1_50' title="bbox 353 3546 1933 3633">
    <p class='ocr_par' dir='ltr' id='par_1_50' title="bbox 353 3546 1933 3633">
     <span class='ocr_line' id='line_1_52' title="bbox 353 3546 1933 3633; baseline 0.009 -29"><span class='ocrx_word' id='word_1_267' title='bbox 353 3546 649 3622; x_wconf 83' lang='grc' dir='ltr'>Οἰκοδόμῳ</span> <span class='ocrx_word' id='word_1_268' title='bbox 701 3546 869 3608; x_wconf 80' lang='grc' dir='ltr'>ἔοικεν</span> <span class='ocrx_word' id='word_1_269' title='bbox 929 3555 956 3609; x_wconf 86' lang='grc' dir='ltr'>ὁ</span> <span class='ocrx_word' id='word_1_270' title='bbox 1015 3554 1165 3618; x_wconf 86' lang='grc' dir='ltr'>Θεός·</span> <span class='ocrx_word' id='word_1_271' title='bbox 1229 3558 1347 3618; x_wconf 79' lang='grc' dir='ltr'>οἳας</span> <span class='ocrx_word' id='word_1_272' title='bbox 1399 3556 1459 3612; x_wconf 79' lang='grc' dir='ltr'>ἃν</span> <span class='ocrx_word' id='word_1_273' title='bbox 1497 3560 1649 3633; x_wconf 83' lang='grc' dir='ltr'>αὖτῷ</span> <span class='ocrx_word' id='word_1_274' title='bbox 1673 3561 1768 3623; x_wconf 68' lang='grc' dir='ltr'>τὰς</span> <span class='ocrx_word' id='word_1_275' title='bbox 1799 3561 1933 3625; x_wconf 75' lang='grc' dir='ltr'>ὕλας</span> 
     </span>
    </p>
   </div>
   <div class='ocr_carea' id='block_1_51' title="bbox 277 3638 1930 3720">
    <p class='ocr_par' dir='ltr' id='par_1_51' title="bbox 277 3638 1930 3720">
     <span class='ocr_line' id='line_1_53' title="bbox 277 3638 1930 3720; baseline 0.01 -31"><span class='ocrx_word' id='word_1_276' title='bbox 277 3638 676 3712; x_wconf 73' lang='grc' dir='ltr'>παράσχωμεν,</span> <span class='ocrx_word' id='word_1_277' title='bbox 748 3642 1002 3705; x_wconf 78' lang='grc' dir='ltr'>τοιαύτας</span> <span class='ocrx_word' id='word_1_278' title='bbox 1076 3647 1212 3716; x_wconf 77' lang='grc' dir='ltr'>ἡμῖν</span> <span class='ocrx_word' id='word_1_279' title='bbox 1291 3646 1554 3720; x_wconf 78' lang='grc' dir='ltr'>ἀνεγείρει</span> <span class='ocrx_word' id='word_1_280' title='bbox 1611 3648 1809 3712; x_wconf 81' lang='grc' dir='ltr'>οἰκίας·</span> <span class='ocrx_word' id='word_1_281' title='bbox 1870 3651 1930 3706; x_wconf 76' lang='grc' dir='ltr'>ἂν</span> 
     </span>
    </p>
   </div>
   <div class='ocr_carea' id='block_1_52' title="bbox 280 3723 1927 3814">
    <p class='ocr_par' dir='ltr' id='par_1_52' title="bbox 280 3723 1927 3814">
     <span class='ocr_line' id='line_1_54' title="bbox 280 3723 1927 3814; baseline 0.01 -36"><span class='ocrx_word' id='word_1_282' title='bbox 280 3723 539 3799; x_wconf 77' lang='grc' dir='ltr'>λαμπράς</span> <span class='ocrx_word' id='word_1_283' title='bbox 593 3728 742 3800; x_wconf 72' lang='grc' dir='ltr'>αὐτῷ</span> <span class='ocrx_word' id='word_1_284' title='bbox 793 3731 882 3785; x_wconf 71' lang='grc' dir='ltr'>καὶ</span> <span class='ocrx_word' id='word_1_285' title='bbox 941 3734 1187 3807; x_wconf 77' lang='grc' dir='ltr'>χρηστάς</span> <span class='ocrx_word' id='word_1_286' title='bbox 1256 3737 1629 3812; x_wconf 82' lang='grc' dir='ltr'>παράσχωμεν</span> <span class='ocrx_word' id='word_1_287' title='bbox 1689 3739 1927 3814; x_wconf 79' lang='grc' dir='ltr'>πράξεις,</span> 
     </span>
    </p>
   </div>
   <div class='ocr_carea' id='block_1_53' title="bbox 281 3813 1732 3900">
    <p class='ocr_par' dir='ltr' id='par_1_53' title="bbox 281 3813 1732 3900">
     <span class='ocr_line' id='line_1_55' title="bbox 281 3813 1732 3900; baseline 0.013 -31"><span class='ocrx_word' id='word_1_288' title='bbox 281 3813 333 3886; x_wconf 78' lang='grc' dir='ltr'>ἐξ</span> <span class='ocrx_word' id='word_1_289' title='bbox 362 3815 537 3872; x_wconf 73' lang='grc' dir='ltr'>αὗτών</span> <span class='ocrx_word' id='word_1_290' title='bbox 565 3819 701 3890; x_wconf 79' lang='grc' dir='ltr'>ἡμῖν</span> <span class='ocrx_word' id='word_1_291' title='bbox 733 3817 964 3895; x_wconf 82' lang='grc' dir='ltr'>λαμπρά</span> <span class='ocrx_word' id='word_1_292' title='bbox 993 3819 1326 3900; x_wconf 82' lang='grc' dir='ltr'>δημιουργεῖ</span> <span class='ocrx_word' id='word_1_293' title='bbox 1352 3826 1732 3900; x_wconf 78' lang='grc' dir='ltr'>καταλύματα.</span> 
     </span>
    </p>
   </div>
   <div class='ocr_carea' id='block_1_54' title="bbox 351 3904 1928 3992">
    <p class='ocr_par' dir='ltr' id='par_1_54' title="bbox 351 3904 1928 3992">
     <span class='ocr_line' id='line_1_56' title="bbox 351 3904 1928 3992; baseline 0.009 -33"><span class='ocrx_word' id='word_1_294' title='bbox 351 3904 412 3960; x_wconf 75' lang='grc' dir='ltr'><strong>Ὀ</strong></span> <span class='ocrx_word' id='word_1_295' title='bbox 445 3905 572 3966; x_wconf 87' lang='grc' dir='ltr'>Θεὸς</span> <span class='ocrx_word' id='word_1_296' title='bbox 604 3905 896 3985; x_wconf 73' lang='grc' dir='ltr'>ἀπὲῥριψεν</span> <span class='ocrx_word' id='word_1_297' title='bbox 925 3909 1098 3982; x_wconf 74' lang='grc' dir='ltr'>ἡμᾶς,</span> <span class='ocrx_word' id='word_1_298' title='bbox 1145 3918 1234 3966; x_wconf 88' lang='grc' dir='ltr'><strong>καί</strong></span> <span class='ocrx_word' id='word_1_299' title='bbox 1283 3911 1532 3970; x_wconf 81' lang='grc' dir='ltr'>ἐπότισεν</span> <span class='ocrx_word' id='word_1_300' title='bbox 1585 3917 1734 3987; x_wconf 73' lang='grc' dir='ltr'>ἡμᾶς</span> <span class='ocrx_word' id='word_1_301' title='bbox 1783 3915 1928 3992; x_wconf 78' lang='grc' dir='ltr'>ὕδωρ</span> 
     </span>
    </p>
   </div>
   <div class='ocr_carea' id='block_1_55' title="bbox 280 3989 1926 4081">
    <p class='ocr_par' dir='ltr' id='par_1_55' title="bbox 280 3989 1926 4081">
     <span class='ocr_line' id='line_1_57' title="bbox 280 3989 1926 4081; baseline 0.01 -35"><span class='ocrx_word' id='word_1_302' title='bbox 280 3989 484 4067; x_wconf 84' lang='grc' dir='ltr'>χολῆς,</span> <span class='ocrx_word' id='word_1_303' title='bbox 518 3993 603 4050; x_wconf 81' lang='grc' dir='ltr'>ὅτι</span> <span class='ocrx_word' id='word_1_304' title='bbox 659 3997 984 4071; x_wconf 71' lang='grc' dir='ltr'>ἡμάρτομεν</span> <span class='ocrx_word' id='word_1_305' title='bbox 1035 3997 1275 4056; x_wconf 79' lang='grc' dir='ltr'>ἐναντίον</span> <span class='ocrx_word' id='word_1_306' title='bbox 1335 4003 1522 4060; x_wconf 67' lang='grc' dir='ltr'>αὑτοῦ.</span> <span class='ocrx_word' id='word_1_307' title='bbox 1557 3989 1926 4081; x_wconf 82' lang='grc' dir='ltr'>Συνήχθημεν</span> 
     </span>
    </p>
   </div>
   <div class='ocr_carea' id='block_1_56' title="bbox 280 4080 1924 4171">
    <p class='ocr_par' dir='ltr' id='par_1_56' title="bbox 280 4080 1924 4171">
     <span class='ocr_line' id='line_1_58' title="bbox 280 4080 1924 4171; baseline 0.01 -35"><span class='ocrx_word' id='word_1_308' title='bbox 280 4080 356 4142; x_wconf 85' lang='grc' dir='ltr'>εἰς</span> <span class='ocrx_word' id='word_1_309' title='bbox 424 4083 666 4159; x_wconf 74' lang='grc' dir='ltr'>εἷρήνην,</span> <span class='ocrx_word' id='word_1_310' title='bbox 742 4087 832 4142; x_wconf 81' lang='grc' dir='ltr'>καὶ</span> <span class='ocrx_word' id='word_1_311' title='bbox 898 4086 998 4142; x_wconf 79' lang='grc' dir='ltr'>οὐκ</span> <span class='ocrx_word' id='word_1_312' title='bbox 1061 4090 1126 4159; x_wconf 81' lang='grc' dir='ltr'>ἦν</span> <span class='ocrx_word' id='word_1_313' title='bbox 1204 4090 1376 4166; x_wconf 82' lang='grc' dir='ltr'>ἀγαθὰ</span> <span class='ocrx_word' id='word_1_314' title='bbox 1442 4093 1518 4158; x_wconf 87' lang='grc' dir='ltr'>εἰς</span> <span class='ocrx_word' id='word_1_315' title='bbox 1583 4097 1770 4171; x_wconf 88' lang='grc' dir='ltr'>καιρὸν</span> <span class='ocrx_word' id='word_1_316' title='bbox 1841 4097 1924 4152; x_wconf 76' lang='grc' dir='ltr'>ἰά-</span> 
     </span>
    </p>
   </div>
   <div class='ocr_carea' id='block_1_57' title="bbox 278 4175 580 4246">
    <p class='ocr_par' dir='ltr' id='par_1_57' title="bbox 278 4175 580 4246">
     <span class='ocr_line' id='line_1_59' title="bbox 278 4175 580 4246; baseline 0.02 -22"><span class='ocrx_word' id='word_1_317' title='bbox 278 4191 416 4232; x_wconf 86' lang='grc' dir='ltr'>σεως</span> <span class='ocrx_word' id='word_1_318' title='bbox 445 4175 580 4246; x_wconf 79' lang='lat'>(36).</span> 
     </span>
    </p>
   </div>
   <div class='ocr_carea' id='block_1_58' title="bbox 348 4257 1921 4350">
    <p class='ocr_par' dir='ltr' id='par_1_58' title="bbox 348 4257 1921 4350">
     <span class='ocr_line' id='line_1_60' title="bbox 348 4257 1921 4350; baseline 0.011 -33"><span class='ocrx_word' id='word_1_319' title='bbox 348 4257 704 4338; x_wconf 74' lang='grc' dir='ltr'>Ἀμϐακούμ.</span> <span class='ocrx_word' id='word_1_320' title='bbox 743 4299 812 4310; x_wconf 90' lang='lat'>-—-</span> <span class='ocrx_word' id='word_1_321' title='bbox 865 4269 986 4326; x_wconf 89' lang='grc' dir='ltr'>Ὄτι</span> <span class='ocrx_word' id='word_1_322' title='bbox 1041 4269 1331 4342; x_wconf 74' lang='grc' dir='ltr'>ἠμὲλησάς</span> <span class='ocrx_word' id='word_1_323' title='bbox 1363 4293 1489 4346; x_wconf 88' lang='grc' dir='ltr'>μου,</span> <span class='ocrx_word' id='word_1_324' title='bbox 1527 4273 1671 4350; x_wconf 75' lang='grc' dir='ltr'>λέγει</span> <span class='ocrx_word' id='word_1_325' title='bbox 1704 4275 1921 4350; x_wconf 81' lang='grc' dir='ltr'>Κύριος,</span> 
     </span>
    </p>
   </div>
   <div class='ocr_carea' id='block_1_59' title="bbox 275 4349 1926 4436">
    <p class='ocr_par' dir='ltr' id='par_1_59' title="bbox 275 4349 1926 4436">
     <span class='ocr_line' id='line_1_61' title="bbox 275 4349 1926 4436; baseline 0.011 -32"><span class='ocrx_word' id='word_1_326' title='bbox 275 4350 330 4405; x_wconf 66' lang='grc' dir='ltr'>α’(</span> <span class='ocrx_word' id='word_1_327' title='bbox 363 4349 480 4407; x_wconf 84' lang='grc' dir='ltr'>ὀδοί</span> <span class='ocrx_word' id='word_1_328' title='bbox 513 4374 610 4408; x_wconf 90' lang='grc' dir='ltr'>σου</span> <span class='ocrx_word' id='word_1_329' title='bbox 637 4355 728 4410; x_wconf 83' lang='grc' dir='ltr'>καὶ</span> <span class='ocrx_word' id='word_1_330' title='bbox 779 4358 847 4411; x_wconf 76' lang='grc' dir='ltr'>τὰ</span> <span class='ocrx_word' id='word_1_331' title='bbox 905 4357 1312 4434; x_wconf 70' lang='grc' dir='ltr'>ἐπιτηδεύματά</span> <span class='ocrx_word' id='word_1_332' title='bbox 1341 4383 1438 4418; x_wconf 88' lang='grc' dir='ltr'>σου</span> <span class='ocrx_word' id='word_1_333' title='bbox 1470 4361 1730 4436; x_wconf 73' lang='grc' dir='ltr'>ἐποίησαν</span> <span class='ocrx_word' id='word_1_334' title='bbox 1757 4366 1926 4422; x_wconf 68' lang='grc' dir='ltr'>ταῦτά</span> 
     </span>
    </p>
   </div>
   <div class='ocr_carea' id='block_1_60' title="bbox 275 4461 383 4497">
    <p class='ocr_par' dir='ltr' id='par_1_60' title="bbox 275 4461 383 4497">
     <span class='ocr_line' id='line_1_62' title="bbox 275 4461 383 4497; baseline 0.028 -3"><span class='ocrx_word' id='word_1_335' title='bbox 275 4461 383 4497; x_wconf 84' lang='grc' dir='ltr'>σοι.</span> 
     </span>
    </p>
   </div>
   <div class='ocr_carea' id='block_1_61' title="bbox 346 4529 1920 4618">
    <p class='ocr_par' dir='ltr' id='par_1_61' title="bbox 346 4529 1920 4618">
     <span class='ocr_line' id='line_1_63' title="bbox 346 4529 1920 4618; baseline 0.012 -36"><span class='ocrx_word' id='word_1_336' title='bbox 346 4529 486 4585; x_wconf 72' lang='grc' dir='ltr'>(⁷)ὐαῖ</span> <span class='ocrx_word' id='word_1_337' title='bbox 519 4534 628 4604; x_wconf 88' lang='lat'>(37)</span> <span class='ocrx_word' id='word_1_338' title='bbox 660 4532 1010 4606; x_wconf 72' lang='grc' dir='ltr'>ὁπληθῦνων</span> <span class='ocrx_word' id='word_1_339' title='bbox 1070 4539 1244 4613; x_wconf 73' lang='grc' dir='ltr'>ἑαυτῷ</span> <span class='ocrx_word' id='word_1_340' title='bbox 1303 4541 1371 4596; x_wconf 77' lang='grc' dir='ltr'>τὰ</span> <span class='ocrx_word' id='word_1_341' title='bbox 1429 4543 1531 4598; x_wconf 76' lang='grc' dir='ltr'>οὐκ</span> <span class='ocrx_word' id='word_1_342' title='bbox 1579 4539 1706 4599; x_wconf 69' lang='grc' dir='ltr'>ὄντα</span> <span class='ocrx_word' id='word_1_343' title='bbox 1753 4544 1920 4618; x_wconf 47' lang='lat' dir='ltr'>aurci),</span> 
     </span>
    </p>
   </div>
   <div class='ocr_carea' id='block_1_62' title="bbox 278 4619 444 4676">
    <p class='ocr_par' dir='ltr' id='par_1_62' title="bbox 278 4619 444 4676">
     <span class='ocr_line' id='line_1_64' title="bbox 278 4619 444 4676; baseline -0.012 0"><span class='ocrx_word' id='word_1_344' title='bbox 278 4619 444 4676; x_wconf 74' lang='lat'>746</span> 
     </span>
    </p>
   </div>
   <div class='ocr_carea' id='block_1_63' title="bbox 273 4707 459 4765">
    <p class='ocr_par' dir='ltr' id='par_1_63' title="bbox 273 4707 459 4765">
     <span class='ocr_line' id='line_1_65' title="bbox 273 4707 459 4765; baseline 0.011 -3"><span class='ocrx_word' id='word_1_345' title='bbox 273 4707 459 4765; x_wconf 76' lang='grc' dir='ltr'>αὐτοῦ.</span> 
     </span>
    </p>
   </div>
   <div class='ocr_carea' id='block_1_64' title="bbox 345 4794 1916 4887">
    <p class='ocr_par' dir='ltr' id='par_1_64' title="bbox 345 4794 1916 4887">
     <span class='ocr_line' id='line_1_66' title="bbox 345 4794 1916 4887; baseline 0.009 -31"><span class='ocrx_word' id='word_1_346' title='bbox 345 4794 493 4856; x_wconf 80' lang='grc' dir='ltr'>Ἰώϐ.</span> <span class='ocrx_word' id='word_1_347' title='bbox 526 4804 682 4859; x_wconf 89' lang='grc' dir='ltr'>-Ὁ</span> <span class='ocrx_word' id='word_1_348' title='bbox 712 4805 825 4877; x_wconf 85' lang='grc'>(39)</span> <span class='ocrx_word' id='word_1_349' title='bbox 886 4804 1005 4881; x_wconf 81' lang='grc' dir='ltr'>βίος</span> <span class='ocrx_word' id='word_1_350' title='bbox 1066 4827 1172 4881; x_wconf 91' lang='grc' dir='ltr'>μου</span> <span class='ocrx_word' id='word_1_351' title='bbox 1225 4805 1587 4887; x_wconf 74' lang='grc' dir='ltr'>ἐλαφρότερος</span> <span class='ocrx_word' id='word_1_352' title='bbox 1648 4808 1916 4887; x_wconf 70' lang='grc' dir='ltr'>δρομέως.</span> 
     </span>
    </p>
   </div>
   <div class='ocr_carea' id='block_1_65' title="bbox 347 4981 923 5049">
    <p class='ocr_par' dir='ltr' id='par_1_65' title="bbox 347 4981 923 5049">
     <span class='ocr_line' id='line_1_67' title="bbox 347 4981 923 5049; baseline 0.01 -16"><span class='ocrx_word' id='word_1_353' title='bbox 347 4981 458 5043; x_wconf 85' lang='grc'>(22)</span> <span class='ocrx_word' id='word_1_354' title='bbox 490 4983 657 5038; x_wconf 91' lang='lat' dir='ltr'>Prov.</span> <span class='ocrx_word' id='word_1_355' title='bbox 690 5001 800 5049; x_wconf 74' lang='lat' dir='ltr'>xxv,</span> <span class='ocrx_word' id='word_1_356' title='bbox 838 4988 923 5039; x_wconf 83' lang='grc'>17.</span> 
     </span>
    </p>
   </div>
   <div class='ocr_carea' id='block_1_66' title="bbox 343 5053 1346 5134">
    <p class='ocr_par' dir='ltr' id='par_1_66' title="bbox 343 5053 1346 5134">
     <span class='ocr_line' id='line_1_68' title="bbox 343 5053 1346 5134; baseline 0.006 -25"><span class='ocrx_word' id='word_1_357' title='bbox 489 5056 651 5134; x_wconf 63' lang='lat' dir='ltr'>Prov.</span> <span class='ocrx_word' id='word_1_358' title='bbox 683 5073 792 5124; x_wconf 82' lang='lat' dir='ltr'>xw,</span> <span class='ocrx_word' id='word_1_359' title='bbox 810 5059 914 5134; x_wconf 80' lang='lat' dir='ltr'>_2_l,</span> <span class='ocrx_word' id='word_1_360' title='bbox 941 5057 1042 5113; x_wconf 91' lang='lat' dir='ltr'>ubi</span> <span class='ocrx_word' id='word_1_361' title='bbox 1065 5057 1346 5134; x_wconf 76' lang='grc' dir='ltr'>πτωχούς.</span> 
     </span>
    </p>
   </div>
   <div class='ocr_carea' id='block_1_67' title="bbox 341 5125 886 5192">
    <p class='ocr_par' dir='ltr' id='par_1_67' title="bbox 341 5125 886 5192">
     <span class='ocr_line' id='line_1_69' title="bbox 341 5125 886 5192; baseline 0.015 -17"><span class='ocrx_word' id='word_1_362' title='bbox 341 5125 454 5192; x_wconf 79' lang='grc'>(24)</span> <span class='ocrx_word' id='word_1_363' title='bbox 488 5128 652 5182; x_wconf 90' lang='lat' dir='ltr'>Prov.</span> <span class='ocrx_word' id='word_1_364' title='bbox 682 5145 770 5192; x_wconf 85' lang='lat' dir='ltr'>xv,</span> <span class='ocrx_word' id='word_1_365' title='bbox 799 5130 886 5183; x_wconf 72' lang='grc'>24.</span> 
     </span>
    </p>
   </div>
   <div class='ocr_carea' id='block_1_68' title="bbox 342 5197 908 5265">
    <p class='ocr_par' dir='ltr' id='par_1_68' title="bbox 342 5197 908 5265">
     <span class='ocr_line' id='line_1_70' title="bbox 342 5197 908 5265; baseline 0.012 -18"><span class='ocrx_word' id='word_1_366' title='bbox 342 5197 455 5265; x_wconf 74' lang='grc'>(25)</span> <span class='ocrx_word' id='word_1_367' title='bbox 487 5199 652 5255; x_wconf 86' lang='lat' dir='ltr'>Prov.</span> <span class='ocrx_word' id='word_1_368' title='bbox 687 5217 786 5260; x_wconf 77' lang='lat' dir='ltr'>xu.</span> <span class='ocrx_word' id='word_1_369' title='bbox 822 5202 908 5254; x_wconf 85' lang='lat'>28.</span> 
     </span>
    </p>
   </div>
   <div class='ocr_carea' id='block_1_69' title="bbox 340 5269 884 5336">
    <p class='ocr_par' dir='ltr' id='par_1_69' title="bbox 340 5269 884 5336">
     <span class='ocr_line' id='line_1_71' title="bbox 340 5269 884 5336; baseline 0.015 -17"><span class='ocrx_word' id='word_1_370' title='bbox 340 5269 452 5336; x_wconf 86' lang='lat'>(26)</span> <span class='ocrx_word' id='word_1_371' title='bbox 487 5271 652 5324; x_wconf 89' lang='lat' dir='ltr'>Prov.</span> <span class='ocrx_word' id='word_1_372' title='bbox 682 5289 772 5335; x_wconf 82' lang='lat' dir='ltr'>xv,</span> <span class='ocrx_word' id='word_1_373' title='bbox 799 5275 884 5327; x_wconf 85' lang='grc'>19.</span> 
     </span>
    </p>
   </div>
   <div class='ocr_carea' id='block_1_70' title="bbox 339 5339 1610 5438">
    <p class='ocr_par' dir='ltr' id='par_1_70' title="bbox 339 5339 1610 5438">
     <span class='ocr_line' id='line_1_72' title="bbox 339 5339 1610 5438; baseline 0.003 -44"><span class='ocrx_word' id='word_1_374' title='bbox 339 5339 452 5438; x_wconf 57' lang='lat' dir='ltr'>(El)</span> <span class='ocrx_word' id='word_1_375' title='bbox 482 5341 649 5438; x_wconf 62' lang='lat' dir='ltr'>lProv.</span> <span class='ocrx_word' id='word_1_376' title='bbox 682 5346 1041 5438; x_wconf 42' lang='lat' dir='ltr'>xvn.n2q0.__u</span> <span class='ocrx_word' id='word_1_377' title='bbox 1081 5413 1166 5438; x_wconf 34' lang='grc' dir='ltr'>,Δ</span> <span class='ocrx_word' id='word_1_378' title='bbox 1194 5421 1254 5438; x_wconf 22' lang='lat'>7-</span> <span class='ocrx_word' id='word_1_379' title='bbox 1298 5417 1353 5438; x_wconf 9' lang='lat' dir='ltr'>LV</span> <span class='ocrx_word' id='word_1_380' title='bbox 1398 5437 1419 5438; x_wconf 19' lang='grc' dir='ltr'><strong><em>ὲ</em></strong></span> <span class='ocrx_word' id='word_1_381' title='bbox 1461 5421 1485 5433; x_wconf 33' lang='grc' dir='ltr'><strong>υ</strong></span> <span class='ocrx_word' id='word_1_382' title='bbox 1597 5417 1610 5438; x_wconf 42' lang='grc'><strong><em>1</em></strong></span> 
     </span>
    </p>
   </div>
   <div class='ocr_carea' id='block_1_71' title="bbox 340 5411 1769 5491">
    <p class='ocr_par' dir='ltr' id='par_1_71' title="bbox 340 5411 1769 5491">
     <span class='ocr_line' id='line_1_73' title="bbox 340 5411 1769 5491; baseline 0.009 -28"><span class='ocrx_word' id='word_1_383' title='bbox 340 5411 430 5491; x_wconf 71' lang='grc'>(28</span> <span class='ocrx_word' id='word_1_384' title='bbox 482 5413 646 5491; x_wconf 68' lang='lat' dir='ltr'>Prov.</span> <span class='ocrx_word' id='word_1_385' title='bbox 679 5430 788 5476; x_wconf 78' lang='lat' dir='ltr'>XVI,</span> <span class='ocrx_word' id='word_1_386' title='bbox 822 5415 910 5491; x_wconf 74' lang='lat'>27_.</span> <span class='ocrx_word' id='word_1_387' title='bbox 1079 5413 1166 5491; x_wconf 63' lang='grc' dir='ltr'>ξπῗ</span> <span class='ocrx_word' id='word_1_388' title='bbox 1189 5421 1268 5489; x_wconf 82' lang='grc' dir='ltr'>τῷ</span> <span class='ocrx_word' id='word_1_389' title='bbox 1298 5417 1493 5491; x_wconf 55' lang='grc' dir='ltr'>ἑαυτοῦ</span> <span class='ocrx_word' id='word_1_390' title='bbox 1519 5417 1769 5491; x_wconf 85' lang='grc' dir='ltr'>στόματι.</span> 
     </span>
    </p>
   </div>
   <div class='ocr_carea' id='block_1_72' title="bbox 339 5483 1913 5566">
    <p class='ocr_par' dir='ltr' id='par_1_72' title="bbox 339 5483 1913 5566">
     <span class='ocr_line' id='line_1_74' title="bbox 339 5483 1913 5566; baseline 0.009 -30"><span class='ocrx_word' id='word_1_391' title='bbox 339 5483 450 5566; x_wconf 63' lang='grc'>(29)</span> <span class='ocrx_word' id='word_1_392' title='bbox 482 5485 646 5539; x_wconf 84' lang='lat' dir='ltr'>Prov.</span> <span class='ocrx_word' id='word_1_393' title='bbox 681 5503 839 5556; x_wconf 83' lang='lat' dir='ltr'>xvul,</span> <span class='ocrx_word' id='word_1_394' title='bbox 871 5489 924 5550; x_wconf 87' lang='grc'>2,</span> <span class='ocrx_word' id='word_1_395' title='bbox 949 5487 1050 5542; x_wconf 91' lang='lat' dir='ltr'>ubi</span> <span class='ocrx_word' id='word_1_396' title='bbox 1083 5483 1262 5560; x_wconf 71' lang='grc' dir='ltr'>ἄγεται</span> <span class='ocrx_word' id='word_1_397' title='bbox 1291 5487 1587 5565; x_wconf 75' lang='grc' dir='ltr'>ἀφροσύνῃ.</span> <span class='ocrx_word' id='word_1_398' title='bbox 1611 5483 1677 5532; x_wconf 49' lang='lat'>&#39;—</span> <span class='ocrx_word' id='word_1_399' title='bbox 1699 5493 1913 5566; x_wconf 83' lang='lat' dir='ltr'>Codex,</span> 
     </span>
    </p>
   </div>
   <div class='ocr_carea' id='block_1_73' title="bbox 268 5550 458 5611">
    <p class='ocr_par' dir='ltr' id='par_1_73' title="bbox 268 5550 458 5611">
     <span class='ocr_line' id='line_1_75' title="bbox 268 5550 458 5611; baseline 0.026 -8"><span class='ocrx_word' id='word_1_400' title='bbox 268 5550 458 5611; x_wconf 74' lang='grc' dir='ltr'>σοφός.</span> 
     </span>
    </p>
   </div>
   <div class='ocr_carea' id='block_1_74' title="bbox 342 5609 906 5696">
    <p class='ocr_par' dir='ltr' id='par_1_74' title="bbox 342 5609 906 5696">
     <span class='ocr_line' id='line_1_76' title="bbox 342 5609 906 5696; baseline 0.009 -21"><span class='ocrx_word' id='word_1_401' title='bbox 342 5609 456 5692; x_wconf 81' lang='grc'>(30)</span> <span class='ocrx_word' id='word_1_402' title='bbox 488 5627 655 5681; x_wconf 90' lang='lat' dir='ltr'>Prov.</span> <span class='ocrx_word' id='word_1_403' title='bbox 692 5645 790 5696; x_wconf 80' lang='lat' dir='ltr'>xu,</span> <span class='ocrx_word' id='word_1_404' title='bbox 828 5633 906 5682; x_wconf 77' lang='grc'>15.</span> 
     </span>
    </p>
   </div>
   <div class='ocr_carea' id='block_1_75' title="bbox 343 5696 1079 5772">
    <p class='ocr_par' dir='ltr' id='par_1_75' title="bbox 343 5696 1079 5772">
     <span class='ocr_line' id='line_1_77' title="bbox 343 5696 1079 5772; baseline 0.011 -23"><span class='ocrx_word' id='word_1_405' title='bbox 343 5696 456 5768; x_wconf 81' lang='grc'>(31)</span> <span class='ocrx_word' id='word_1_406' title='bbox 488 5699 785 5772; x_wconf 86' lang='lat' dir='ltr'>Aphthon.</span> <span class='ocrx_word' id='word_1_407' title='bbox 821 5700 956 5757; x_wconf 85' lang='lat' dir='ltr'>Fab.</span> <span class='ocrx_word' id='word_1_408' title='bbox 994 5705 1079 5757; x_wconf 79' lang='grc'>15.</span> 
     </span>
    </p>
   </div>
   <div class='ocr_carea' id='block_1_76' title="bbox 552 5816 1266 5882">
    <p class='ocr_par' dir='ltr' id='par_1_76' title="bbox 552 5816 1266 5882">
     <span class='ocr_line' id='line_1_78' title="bbox 552 5816 1266 5882; baseline 0.01 -7"><span class='ocrx_word' id='word_1_409' title='bbox 552 5816 813 5880; x_wconf 47' lang='lat' dir='ltr'>Puncta</span> <span class='ocrx_word' id='word_1_410' title='bbox 857 5821 950 5879; x_wconf 75' lang='lat' dir='ltr'>Gn</span> <span class='ocrx_word' id='word_1_411' title='bbox 964 5862 980 5879; x_wconf 95' lang='lat'>.</span> <span class='ocrx_word' id='word_1_412' title='bbox 1022 5820 1266 5882; x_wconf 81' lang='lat' dir='ltr'>CXVII.</span> 
     </span>
    </p>
   </div>
   <div class='ocr_carea' id='block_1_77' title="bbox 2143 2141 3176 2220">
    <p class='ocr_par' dir='ltr' id='par_1_77' title="bbox 2143 2141 3176 2220">
     <span class='ocr_line' id='line_1_79' title="bbox 2143 2141 3176 2220; baseline 0.026 -27"><span class='ocrx_word' id='word_1_413' title='bbox 2143 2141 2257 2196; x_wconf 68' lang='lat' dir='ltr'>Viaa</span> <span class='ocrx_word' id='word_1_414' title='bbox 2292 2145 2608 2204; x_wconf 88' lang='lat' dir='ltr'>stultorum</span> <span class='ocrx_word' id='word_1_415' title='bbox 2643 2160 2816 2210; x_wconf 73' lang='lat' dir='ltr'>rectae</span> <span class='ocrx_word' id='word_1_416' title='bbox 2847 2174 3046 2216; x_wconf 88' lang='lat' dir='ltr'>coram</span> <span class='ocrx_word' id='word_1_417' title='bbox 3070 2164 3176 2220; x_wconf 89' lang='lat' dir='ltr'>eis.</span> 
     </span>
    </p>
   </div>
   <div class='ocr_carea' id='block_1_78' title="bbox 2136 2232 3713 2334">
    <p class='ocr_par' dir='ltr' id='par_1_78' title="bbox 2136 2232 3713 2334">
     <span class='ocr_line' id='line_1_80' title="bbox 2136 2232 3713 2334; baseline 0.027 -52"><span class='ocrx_word' id='word_1_418' title='bbox 2136 2232 2260 2286; x_wconf 78' lang='lat' dir='ltr'>Non</span> <span class='ocrx_word' id='word_1_419' title='bbox 2294 2239 2411 2288; x_wconf 86' lang='lat' dir='ltr'>tam</span> <span class='ocrx_word' id='word_1_420' title='bbox 2445 2240 2753 2316; x_wconf 11' lang='lat' dir='ltr'>orphanis‘</span> <span class='ocrx_word' id='word_1_421' title='bbox 2786 2250 3006 2318; x_wconf 90' lang='lat' dir='ltr'>pueris,</span> <span class='ocrx_word' id='word_1_422' title='bbox 3062 2270 3239 2324; x_wconf 86' lang='lat' dir='ltr'>quam</span> <span class='ocrx_word' id='word_1_423' title='bbox 3290 2263 3541 2334; x_wconf 91' lang='lat' dir='ltr'>stupidis</span> <span class='ocrx_word' id='word_1_424' title='bbox 3573 2267 3713 2324; x_wconf 84' lang='lat' dir='ltr'>viris</span> 
     </span>
    </p>
   </div>
   <div class='ocr_carea' id='block_1_79' title="bbox 2061 2321 2701 2396">
    <p class='ocr_par' dir='ltr' id='par_1_79' title="bbox 2061 2321 2701 2396">
     <span class='ocr_line' id='line_1_81' title="bbox 2061 2321 2701 2396; baseline 0.023 -26"><span class='ocrx_word' id='word_1_425' title='bbox 2061 2321 2359 2378; x_wconf 89' lang='lat' dir='ltr'>tutoribus</span> <span class='ocrx_word' id='word_1_426' title='bbox 2391 2341 2537 2396; x_wconf 91' lang='lat' dir='ltr'>opus</span> <span class='ocrx_word' id='word_1_427' title='bbox 2569 2330 2701 2386; x_wconf 89' lang='lat' dir='ltr'>erit.</span> 
     </span>
    </p>
   </div>
   <div class='ocr_carea' id='block_1_80' title="bbox 2131 2410 3620 2509">
    <p class='ocr_par' dir='ltr' id='par_1_80' title="bbox 2131 2410 3620 2509">
     <span class='ocr_line' id='line_1_82' title="bbox 2131 2410 3620 2509; baseline 0.026 -47"><span class='ocrx_word' id='word_1_428' title='bbox 2131 2410 2238 2474; x_wconf 88' lang='lat' dir='ltr'>Qui</span> <span class='ocrx_word' id='word_1_429' title='bbox 2271 2413 2444 2482; x_wconf 89' lang='lat' dir='ltr'>plura</span> <span class='ocrx_word' id='word_1_430' title='bbox 2473 2419 2656 2489; x_wconf 88' lang='lat' dir='ltr'>cupit,</span> <span class='ocrx_word' id='word_1_431' title='bbox 2688 2422 2780 2476; x_wconf 86' lang='lat' dir='ltr'>vel</span> <span class='ocrx_word' id='word_1_432' title='bbox 2812 2423 2895 2479; x_wconf 91' lang='lat' dir='ltr'>eis</span> <span class='ocrx_word' id='word_1_433' title='bbox 2928 2444 3058 2498; x_wconf 72' lang='lat' dir='ltr'>quaa</span> <span class='ocrx_word' id='word_1_434' title='bbox 3090 2433 3308 2491; x_wconf 85' lang='lat' dir='ltr'>adsunt</span> <span class='ocrx_word' id='word_1_435' title='bbox 3335 2441 3620 2509; x_wconf 86' lang='lat' dir='ltr'>privatur.</span> 
     </span>
    </p>
   </div>
   <div class='ocr_carea' id='block_1_81' title="bbox 2129 2587 3711 2687">
    <p class='ocr_par' dir='ltr' id='par_1_81' title="bbox 2129 2587 3711 2687">
     <span class='ocr_line' id='line_1_83' title="bbox 2129 2587 3711 2687; baseline 0.026 -47"><span class='ocrx_word' id='word_1_436' title='bbox 2129 2587 2236 2652; x_wconf 92' lang='lat' dir='ltr'>Qui</span> <span class='ocrx_word' id='word_1_437' title='bbox 2266 2594 2523 2649; x_wconf 86' lang='lat' dir='ltr'>maxima</span> <span class='ocrx_word' id='word_1_438' title='bbox 2547 2599 2817 2670; x_wconf 89' lang='lat' dir='ltr'>cupiunt,</span> <span class='ocrx_word' id='word_1_439' title='bbox 2839 2618 2914 2658; x_wconf 92' lang='lat' dir='ltr'>ne</span> <span class='ocrx_word' id='word_1_440' title='bbox 2935 2608 3262 2669; x_wconf 88' lang='lat' dir='ltr'>mediocria</span> <span class='ocrx_word' id='word_1_441' title='bbox 3284 2618 3526 2687; x_wconf 86' lang='lat' dir='ltr'>quidem</span> <span class='ocrx_word' id='word_1_442' title='bbox 3548 2639 3711 2680; x_wconf 87' lang='lat' dir='ltr'>asse-</span> 
     </span>
    </p>
   </div>
   <div class='ocr_carea' id='block_1_82' title="bbox 2058 2683 2342 2746">
    <p class='ocr_par' dir='ltr' id='par_1_82' title="bbox 2058 2683 2342 2746">
     <span class='ocr_line' id='line_1_84' title="bbox 2058 2683 2342 2746; baseline 0.028 -18"><span class='ocrx_word' id='word_1_443' title='bbox 2058 2683 2342 2746; x_wconf 85' lang='lat' dir='ltr'>quuntur.</span> 
     </span>
    </p>
   </div>
   <div class='ocr_carea' id='block_1_83' title="bbox 2125 2767 3706 2874">
    <p class='ocr_par' dir='ltr' id='par_1_83' title="bbox 2125 2767 3706 2874">
     <span class='ocr_line' id='line_1_85' title="bbox 2125 2767 3706 2874; baseline 0.027 -57"><span class='ocrx_word' id='word_1_444' title='bbox 2125 2767 2234 2831; x_wconf 89' lang='lat' dir='ltr'>Qui</span> <span class='ocrx_word' id='word_1_445' title='bbox 2266 2785 2400 2825; x_wconf 92' lang='lat' dir='ltr'>cum</span> <span class='ocrx_word' id='word_1_446' title='bbox 2461 2776 2654 2844; x_wconf 88' lang='lat' dir='ltr'>pravis</span> <span class='ocrx_word' id='word_1_447' title='bbox 2709 2791 3109 2857; x_wconf 83' lang='lat' dir='ltr'>conversatur,</span> <span class='ocrx_word' id='word_1_448' title='bbox 3171 2795 3441 2852; x_wconf 87' lang='lat' dir='ltr'>eamdem</span> <span class='ocrx_word' id='word_1_449' title='bbox 3494 2817 3561 2856; x_wconf 88' lang='lat' dir='ltr'>ac</span> <span class='ocrx_word' id='word_1_450' title='bbox 3591 2802 3706 2874; x_wconf 90' lang='lat' dir='ltr'>ipsi</span> 
     </span>
    </p>
   </div>
   <div class='ocr_carea' id='block_1_84' title="bbox 2052 2855 2692 2924">
    <p class='ocr_par' dir='ltr' id='par_1_84' title="bbox 2052 2855 2692 2924">
     <span class='ocr_line' id='line_1_86' title="bbox 2052 2855 2692 2924; baseline 0.022 -17"><span class='ocrx_word' id='word_1_451' title='bbox 2052 2855 2383 2924; x_wconf 86' lang='lat' dir='ltr'>perniciem</span> <span class='ocrx_word' id='word_1_452' title='bbox 2415 2861 2692 2920; x_wconf 90' lang='lat' dir='ltr'>inveniet.</span> 
     </span>
    </p>
   </div>
   <div class='ocr_carea' id='block_1_85' title="bbox 2125 2944 3700 3038">
    <p class='ocr_par' dir='ltr' id='par_1_85' title="bbox 2125 2944 3700 3038">
     <span class='ocr_line' id='line_1_87' title="bbox 2125 2944 3700 3038; baseline 0.027 -43"><span class='ocrx_word' id='word_1_453' title='bbox 2125 2944 2242 2999; x_wconf 91' lang='lat' dir='ltr'>Viri</span> <span class='ocrx_word' id='word_1_454' title='bbox 2296 2949 2456 3017; x_wconf 89' lang='lat' dir='ltr'>pravi</span> <span class='ocrx_word' id='word_1_455' title='bbox 2512 2969 2619 3022; x_wconf 84' lang='lat' dir='ltr'>pro</span> <span class='ocrx_word' id='word_1_456' title='bbox 2677 2959 2881 3029; x_wconf 68' lang='lat' dir='ltr'>gratias</span> <span class='ocrx_word' id='word_1_457' title='bbox 2942 2969 3290 3028; x_wconf 90' lang='lat' dir='ltr'>muneribus</span> <span class='ocrx_word' id='word_1_458' title='bbox 3332 2975 3700 3038; x_wconf 87' lang='lat' dir='ltr'>calamitates</span> 
     </span>
    </p>
   </div>
   <div class='ocr_carea' id='block_1_86' title="bbox 2050 3043 2438 3094">
    <p class='ocr_par' dir='ltr' id='par_1_86' title="bbox 2050 3043 2438 3094">
     <span class='ocr_line' id='line_1_88' title="bbox 2050 3043 2438 3094; baseline 0.018 -8"><span class='ocrx_word' id='word_1_459' title='bbox 2050 3043 2438 3094; x_wconf 89' lang='lat' dir='ltr'>commutant.</span> 
     </span>
    </p>
   </div>
   <div class='ocr_carea' id='block_1_87' title="bbox 2117 3125 3698 3223">
    <p class='ocr_par' dir='ltr' id='par_1_87' title="bbox 2117 3125 3698 3223">
     <span class='ocr_line' id='line_1_89' title="bbox 2117 3125 3698 3223; baseline 0.026 -46"><span class='ocrx_word' id='word_1_460' title='bbox 2117 3125 2492 3195; x_wconf 83' lang='lat' dir='ltr'>Hippocratis.</span> <span class='ocrx_word' id='word_1_461' title='bbox 2526 3163 2590 3173; x_wconf 94' lang='lat'><strong><em>—</em></strong></span> <span class='ocrx_word' id='word_1_462' title='bbox 2622 3136 2864 3200; x_wconf 88' lang='lat' dir='ltr'>Quando</span> <span class='ocrx_word' id='word_1_463' title='bbox 2896 3145 3079 3200; x_wconf 88' lang='lat' dir='ltr'>crevit</span> <span class='ocrx_word' id='word_1_464' title='bbox 3125 3165 3359 3223; x_wconf 87' lang='lat' dir='ltr'>corpus,</span> <span class='ocrx_word' id='word_1_465' title='bbox 3422 3161 3561 3215; x_wconf 89' lang='lat' dir='ltr'>tunc</span> <span class='ocrx_word' id='word_1_466' title='bbox 3609 3159 3698 3216; x_wconf 90' lang='lat' dir='ltr'>le-</span> 
     </span>
    </p>
   </div>
   <div class='ocr_carea' id='block_1_88' title="bbox 2047 3211 3007 3287">
    <p class='ocr_par' dir='ltr' id='par_1_88' title="bbox 2047 3211 3007 3287">
     <span class='ocr_line' id='line_1_90' title="bbox 2047 3211 3007 3287; baseline 0.025 -24"><span class='ocrx_word' id='word_1_467' title='bbox 2047 3211 2287 3268; x_wconf 86' lang='lat' dir='ltr'>vissimo</span> <span class='ocrx_word' id='word_1_468' title='bbox 2320 3216 2476 3273; x_wconf 85' lang='lat' dir='ltr'>victu</span> <span class='ocrx_word' id='word_1_469' title='bbox 2509 3237 2751 3280; x_wconf 82' lang='lat' dir='ltr'>necesse</span> <span class='ocrx_word' id='word_1_470' title='bbox 2780 3235 2872 3282; x_wconf 92' lang='lat' dir='ltr'>est</span> <span class='ocrx_word' id='word_1_471' title='bbox 2899 3232 3007 3287; x_wconf 90' lang='lat' dir='ltr'>uti.</span> 
     </span>
    </p>
   </div>
   <div class='ocr_carea' id='block_1_89' title="bbox 1971 3259 3696 3408">
    <p class='ocr_par' dir='ltr' id='par_1_89' title="bbox 1971 3259 3696 3408">
     <span class='ocr_line' id='line_1_91' title="bbox 2059 3259 3007 3287; baseline 0.026 -25"><span class='ocrx_word' id='word_1_472' title='bbox 2059 3259 2284 3268; x_wconf 57' lang='grc' dir='ltr'>--.ηπ---ν</span> <span class='ocrx_word' id='word_1_473' title='bbox 2330 3259 2476 3273; x_wconf 71' lang='grc' dir='ltr'>..νυ-,ι</span> <span class='ocrx_word' id='word_1_474' title='bbox 2510 3259 2751 3280; x_wconf 63' lang='grc' dir='ltr'>ιιιιυυῦὖῦ</span> <span class='ocrx_word' id='word_1_475' title='bbox 2780 3259 2872 3282; x_wconf 70' lang='grc' dir='ltr'>σοι.</span> <span class='ocrx_word' id='word_1_476' title='bbox 2904 3259 3007 3287; x_wconf 77' lang='grc' dir='ltr'>ιιιι.</span> 
     </span>
     <span class='ocr_line' id='line_1_92' title="bbox 1971 3259 3696 3408; baseline 0.026 -58"><span class='ocrx_word' id='word_1_477' title='bbox 1971 3259 2014 3326; x_wconf 75' lang='lat' dir='ltr'><strong><em>C</em></strong></span> <span class='ocrx_word' id='word_1_478' title='bbox 2073 3299 2078 3302; x_wconf 83' lang='grc'><em>’</em></span> <span class='ocrx_word' id='word_1_479' title='bbox 2117 3303 2308 3358; x_wconf 81' lang='lat' dir='ltr'>Marci.</span> <span class='ocrx_word' id='word_1_480' title='bbox 2336 3336 2399 3345; x_wconf 89' lang='lat'>—</span> <span class='ocrx_word' id='word_1_481' title='bbox 2428 3308 2535 3373; x_wconf 92' lang='lat' dir='ltr'>Qui</span> <span class='ocrx_word' id='word_1_482' title='bbox 2560 3311 2997 3374; x_wconf 90' lang='lat' dir='ltr'>inconsiderate</span> <span class='ocrx_word' id='word_1_483' title='bbox 3021 3321 3268 3393; x_wconf 83' lang='lat' dir='ltr'>laborat,</span> <span class='ocrx_word' id='word_1_484' title='bbox 3295 3347 3531 3404; x_wconf 88' lang='lat' dir='ltr'>semper</span> <span class='ocrx_word' id='word_1_485' title='bbox 3552 3353 3696 3408; x_wconf 87' lang='lat' dir='ltr'>pau-</span> 
     </span>
    </p>
   </div>
   <div class='ocr_carea' id='block_1_90' title="bbox 2041 3396 3695 3484">
    <p class='ocr_par' dir='ltr' id='par_1_90' title="bbox 2041 3396 3695 3484">
     <span class='ocr_line' id='line_1_93' title="bbox 2041 3396 3695 3484; baseline 0.025 -41"><span class='ocrx_word' id='word_1_486' title='bbox 2041 3405 2148 3460; x_wconf 92' lang='lat' dir='ltr'>per</span> <span class='ocrx_word' id='word_1_487' title='bbox 2176 3397 2298 3461; x_wconf 88' lang='lat' dir='ltr'>est;</span> <span class='ocrx_word' id='word_1_488' title='bbox 2333 3396 2434 3466; x_wconf 90' lang='lat' dir='ltr'>qui</span> <span class='ocrx_word' id='word_1_489' title='bbox 2465 3405 2664 3457; x_wconf 87' lang='lat' dir='ltr'>autem</span> <span class='ocrx_word' id='word_1_490' title='bbox 2699 3420 2831 3461; x_wconf 91' lang='lat' dir='ltr'>cum</span> <span class='ocrx_word' id='word_1_491' title='bbox 2865 3425 2968 3481; x_wconf 92' lang='lat' dir='ltr'>spe</span> <span class='ocrx_word' id='word_1_492' title='bbox 3009 3415 3216 3482; x_wconf 87' lang='lat' dir='ltr'>currit,</span> <span class='ocrx_word' id='word_1_493' title='bbox 3268 3417 3358 3476; x_wconf 89' lang='lat' dir='ltr'>bis</span> <span class='ocrx_word' id='word_1_494' title='bbox 3390 3421 3552 3481; x_wconf 85' lang='lat' dir='ltr'>dives</span> <span class='ocrx_word' id='word_1_495' title='bbox 3584 3431 3695 3484; x_wconf 89' lang='lat' dir='ltr'>est.</span> 
     </span>
    </p>
   </div>
   <div class='ocr_carea' id='block_1_91' title="bbox 2110 3571 3695 3662">
    <p class='ocr_par' dir='ltr' id='par_1_91' title="bbox 2110 3571 3695 3662">
     <span class='ocr_line' id='line_1_94' title="bbox 2110 3571 3695 3662; baseline 0.025 -41"><span class='ocrx_word' id='word_1_496' title='bbox 2110 3571 2446 3630; x_wconf 80' lang='lat' dir='ltr'>Arcliitecto</span> <span class='ocrx_word' id='word_1_497' title='bbox 2481 3577 2694 3635; x_wconf 89' lang='lat' dir='ltr'>similis</span> <span class='ocrx_word' id='word_1_498' title='bbox 2725 3588 2814 3638; x_wconf 92' lang='lat' dir='ltr'>est</span> <span class='ocrx_word' id='word_1_499' title='bbox 2843 3587 2996 3643; x_wconf 89' lang='lat' dir='ltr'>Deus</span> <span class='ocrx_word' id='word_1_500' title='bbox 3023 3605 3036 3643; x_wconf 89' lang='lat'><strong>:</strong></span> <span class='ocrx_word' id='word_1_501' title='bbox 3082 3594 3289 3662; x_wconf 88' lang='lat' dir='ltr'>quales</span> <span class='ocrx_word' id='word_1_502' title='bbox 3321 3599 3374 3652; x_wconf 91' lang='lat' dir='ltr'>ei</span> <span class='ocrx_word' id='word_1_503' title='bbox 3408 3603 3695 3660; x_wconf 87' lang='lat' dir='ltr'>materias</span> 
     </span>
    </p>
   </div>
   <div class='ocr_carea' id='block_1_92' title="bbox 2037 3657 3691 3759">
    <p class='ocr_par' dir='ltr' id='par_1_92' title="bbox 2037 3657 3691 3759">
     <span class='ocr_line' id='line_1_95' title="bbox 2037 3657 3691 3759; baseline 0.024 -51"><span class='ocrx_word' id='word_1_504' title='bbox 2037 3657 2391 3727; x_wconf 66' lang='lat' dir='ltr'>praebemus,</span> <span class='ocrx_word' id='word_1_505' title='bbox 2420 3665 2567 3720; x_wconf 89' lang='lat' dir='ltr'>tales</span> <span class='ocrx_word' id='word_1_506' title='bbox 2592 3669 2761 3725; x_wconf 90' lang='lat' dir='ltr'>nobis</span> <span class='ocrx_word' id='word_1_507' title='bbox 2791 3678 3040 3730; x_wconf 82' lang='lat' dir='ltr'>exstruit</span> <span class='ocrx_word' id='word_1_508' title='bbox 3065 3657 3309 3751; x_wconf 76' lang='lat' dir='ltr'>domos;</span> <span class='ocrx_word' id='word_1_509' title='bbox 3335 3687 3381 3741; x_wconf 91' lang='lat' dir='ltr'>si</span> <span class='ocrx_word' id='word_1_510' title='bbox 3413 3690 3691 3759; x_wconf 88' lang='lat' dir='ltr'>pulchras</span> 
     </span>
    </p>
   </div>
   <div class='ocr_carea' id='block_1_93' title="bbox 2037 3745 3688 3850">
    <p class='ocr_par' dir='ltr' id='par_1_93' title="bbox 2037 3745 3688 3850">
     <span class='ocr_line' id='line_1_96' title="bbox 2037 3745 3688 3850; baseline 0.024 -53"><span class='ocrx_word' id='word_1_511' title='bbox 2037 3745 2124 3799; x_wconf 91' lang='lat' dir='ltr'>illi</span> <span class='ocrx_word' id='word_1_512' title='bbox 2157 3754 2216 3800; x_wconf 89' lang='lat' dir='ltr'>et</span> <span class='ocrx_word' id='word_1_513' title='bbox 2243 3748 2428 3806; x_wconf 90' lang='lat' dir='ltr'>bonas</span> <span class='ocrx_word' id='word_1_514' title='bbox 2460 3757 2796 3823; x_wconf 64' lang='lat' dir='ltr'>praebemus</span> <span class='ocrx_word' id='word_1_515' title='bbox 2826 3765 3113 3836; x_wconf 87' lang='lat' dir='ltr'>actiones,</span> <span class='ocrx_word' id='word_1_516' title='bbox 3147 3788 3217 3826; x_wconf 85' lang='lat' dir='ltr'>ex</span> <span class='ocrx_word' id='word_1_517' title='bbox 3249 3774 3322 3829; x_wconf 89' lang='lat' dir='ltr'>iis</span> <span class='ocrx_word' id='word_1_518' title='bbox 3350 3777 3525 3833; x_wconf 89' lang='lat' dir='ltr'>nobis</span> <span class='ocrx_word' id='word_1_519' title='bbox 3554 3781 3688 3850; x_wconf 88' lang='lat' dir='ltr'>pul-</span> 
     </span>
    </p>
   </div>
   <div class='ocr_carea' id='block_1_94' title="bbox 2037 3834 2594 3898">
    <p class='ocr_par' dir='ltr' id='par_1_94' title="bbox 2037 3834 2594 3898">
     <span class='ocr_line' id='line_1_97' title="bbox 2037 3834 2594 3898; baseline 0.02 -11"><span class='ocrx_word' id='word_1_520' title='bbox 2037 3834 2178 3890; x_wconf 88' lang='lat' dir='ltr'>chra</span> <span class='ocrx_word' id='word_1_521' title='bbox 2212 3841 2361 3895; x_wconf 88' lang='lat' dir='ltr'>tecta</span> <span class='ocrx_word' id='word_1_522' title='bbox 2392 3841 2594 3898; x_wconf 81' lang='lat' dir='ltr'>efﬁcit.</span> 
     </span>
    </p>
   </div>
   <div class='ocr_carea' id='block_1_95' title="bbox 2110 3923 3679 4026">
    <p class='ocr_par' dir='ltr' id='par_1_95' title="bbox 2110 3923 3679 4026">
     <span class='ocr_line' id='line_1_98' title="bbox 2110 3923 3679 4026; baseline 0.025 -52"><span class='ocrx_word' id='word_1_523' title='bbox 2110 3923 2260 3978; x_wconf 91' lang='lat' dir='ltr'>Deus</span> <span class='ocrx_word' id='word_1_524' title='bbox 2290 3925 2507 3997; x_wconf 81' lang='lat' dir='ltr'>abjecit</span> <span class='ocrx_word' id='word_1_525' title='bbox 2563 3947 2693 4002; x_wconf 90' lang='lat' dir='ltr'>nos,</span> <span class='ocrx_word' id='word_1_526' title='bbox 2747 3941 2806 3990; x_wconf 90' lang='lat' dir='ltr'>et</span> <span class='ocrx_word' id='word_1_527' title='bbox 2864 3938 3062 3997; x_wconf 88' lang='lat' dir='ltr'>hausit</span> <span class='ocrx_word' id='word_1_528' title='bbox 3119 3963 3226 4002; x_wconf 91' lang='lat' dir='ltr'>nos</span> <span class='ocrx_word' id='word_1_529' title='bbox 3257 3967 3411 4023; x_wconf 87' lang='lat' dir='ltr'>aqua</span> <span class='ocrx_word' id='word_1_530' title='bbox 3440 3954 3679 4026; x_wconf 86' lang='lat' dir='ltr'>furoris,</span> 
     </span>
    </p>
   </div>
   <div class='ocr_carea' id='block_1_96' title="bbox 2035 4011 3682 4118">
    <p class='ocr_par' dir='ltr' id='par_1_96' title="bbox 2035 4011 3682 4118">
     <span class='ocr_line' id='line_1_99' title="bbox 2035 4011 3682 4118; baseline 0.026 -56"><span class='ocrx_word' id='word_1_531' title='bbox 2035 4011 2176 4080; x_wconf 90' lang='lat' dir='ltr'>quia</span> <span class='ocrx_word' id='word_1_532' title='bbox 2210 4029 2664 4083; x_wconf 88' lang='lat' dir='ltr'>peccaveramus</span> <span class='ocrx_word' id='word_1_533' title='bbox 2713 4040 2911 4082; x_wconf 90' lang='lat' dir='ltr'>coram</span> <span class='ocrx_word' id='word_1_534' title='bbox 2960 4030 3088 4089; x_wconf 90' lang='lat' dir='ltr'>illo.</span> <span class='ocrx_word' id='word_1_535' title='bbox 3143 4037 3440 4098; x_wconf 89' lang='lat' dir='ltr'>Coivimus</span> <span class='ocrx_word' id='word_1_536' title='bbox 3470 4045 3545 4100; x_wconf 91' lang='lat' dir='ltr'>ad</span> <span class='ocrx_word' id='word_1_537' title='bbox 3577 4064 3682 4118; x_wconf 88' lang='lat' dir='ltr'>pa-</span> 
     </span>
    </p>
   </div>
   <div class='ocr_carea' id='block_1_97' title="bbox 2033 4108 3555 4194">
    <p class='ocr_par' dir='ltr' id='par_1_97' title="bbox 2033 4108 3555 4194">
     <span class='ocr_line' id='line_1_100' title="bbox 2033 4108 3555 4194; baseline 0.026 -41"><span class='ocrx_word' id='word_1_538' title='bbox 2033 4115 2182 4164; x_wconf 88' lang='lat' dir='ltr'>cem,</span> <span class='ocrx_word' id='word_1_539' title='bbox 2218 4108 2274 4158; x_wconf 91' lang='lat' dir='ltr'>et</span> <span class='ocrx_word' id='word_1_540' title='bbox 2304 4121 2423 4160; x_wconf 90' lang='lat' dir='ltr'>non</span> <span class='ocrx_word' id='word_1_541' title='bbox 2448 4115 2618 4164; x_wconf 90' lang='lat' dir='ltr'>erant</span> <span class='ocrx_word' id='word_1_542' title='bbox 2645 4111 2804 4170; x_wconf 91' lang='lat' dir='ltr'>bona</span> <span class='ocrx_word' id='word_1_543' title='bbox 2832 4117 2906 4173; x_wconf 89' lang='lat' dir='ltr'>ad</span> <span class='ocrx_word' id='word_1_544' title='bbox 2940 4125 3172 4194; x_wconf 90' lang='lat' dir='ltr'>tempus</span> <span class='ocrx_word' id='word_1_545' title='bbox 3203 4132 3555 4192; x_wconf 87' lang='lat' dir='ltr'>sanationis.</span> 
     </span>
    </p>
   </div>
   <div class='ocr_carea' id='block_1_98' title="bbox 2100 4281 3685 4384">
    <p class='ocr_par' dir='ltr' id='par_1_98' title="bbox 2100 4281 3685 4384">
     <span class='ocr_line' id='line_1_101' title="bbox 2100 4281 3685 4384; baseline 0.025 -52"><span class='ocrx_word' id='word_1_546' title='bbox 2100 4281 2378 4340; x_wconf 86' lang='lat' dir='ltr'>Habacuc.</span> <span class='ocrx_word' id='word_1_547' title='bbox 2436 4310 2509 4327; x_wconf 89' lang='lat'><strong>—</strong></span> <span class='ocrx_word' id='word_1_548' title='bbox 2559 4288 2848 4353; x_wconf 90' lang='lat' dir='ltr'>Quoniam</span> <span class='ocrx_word' id='word_1_549' title='bbox 2908 4313 3001 4352; x_wconf 90' lang='lat' dir='ltr'>me</span> <span class='ocrx_word' id='word_1_550' title='bbox 3064 4301 3401 4376; x_wconf 82' lang='lat' dir='ltr'>neglexisti,</span> <span class='ocrx_word' id='word_1_551' title='bbox 3485 4311 3685 4384; x_wconf 88' lang='lat' dir='ltr'>inquit</span> 
     </span>
    </p>
   </div>
   <div class='ocr_carea' id='block_1_99' title="bbox 2030 4367 3680 4458">
    <p class='ocr_par' dir='ltr' id='par_1_99' title="bbox 2030 4367 3680 4458">
     <span class='ocr_line' id='line_1_102' title="bbox 2030 4367 3680 4458; baseline 0.024 -38"><span class='ocrx_word' id='word_1_552' title='bbox 2030 4367 2337 4437; x_wconf 87' lang='lat' dir='ltr'>Dominus,</span> <span class='ocrx_word' id='word_1_553' title='bbox 2396 4373 2502 4429; x_wconf 65' lang='lat' dir='ltr'>vias</span> <span class='ocrx_word' id='word_1_554' title='bbox 2543 4381 2658 4433; x_wconf 75' lang='lat' dir='ltr'>tuaa</span> <span class='ocrx_word' id='word_1_555' title='bbox 2718 4386 3026 4453; x_wconf 25' lang='lat' dir='ltr'>et.mores</span> <span class='ocrx_word' id='word_1_556' title='bbox 3086 4393 3170 4446; x_wconf 92' lang='lat' dir='ltr'>tui</span> <span class='ocrx_word' id='word_1_557' title='bbox 3228 4394 3355 4451; x_wconf 71' lang='lat' dir='ltr'>hwc</span> <span class='ocrx_word' id='word_1_558' title='bbox 3387 4398 3492 4454; x_wconf 92' lang='lat' dir='ltr'>tibi</span> <span class='ocrx_word' id='word_1_559' title='bbox 3522 4402 3680 4458; x_wconf 87' lang='lat' dir='ltr'>fece-</span> 
     </span>
    </p>
   </div>
   <div class='ocr_carea' id='block_1_100' title="bbox 2031 4465 2190 4514">
    <p class='ocr_par' dir='ltr' id='par_1_100' title="bbox 2031 4465 2190 4514">
     <span class='ocr_line' id='line_1_103' title="bbox 2031 4465 2190 4514; baseline 0.031 -5"><span class='ocrx_word' id='word_1_560' title='bbox 2031 4465 2190 4514; x_wconf 90' lang='lat' dir='ltr'>runt.</span> 
     </span>
    </p>
   </div>
   <div class='ocr_carea' id='block_1_101' title="bbox 2099 4547 3678 4649">
    <p class='ocr_par' dir='ltr' id='par_1_101' title="bbox 2099 4547 3678 4649">
     <span class='ocr_line' id='line_1_104' title="bbox 2099 4547 3678 4649; baseline 0.022 -49"><span class='ocrx_word' id='word_1_561' title='bbox 2099 4547 2193 4602; x_wconf 68' lang='lat' dir='ltr'>Vas</span> <span class='ocrx_word' id='word_1_562' title='bbox 2234 4549 2287 4604; x_wconf 90' lang='lat' dir='ltr'>ei</span> <span class='ocrx_word' id='word_1_563' title='bbox 2320 4552 2422 4622; x_wconf 92' lang='lat' dir='ltr'>qui</span> <span class='ocrx_word' id='word_1_564' title='bbox 2475 4554 2836 4628; x_wconf 89' lang='lat' dir='ltr'>multiplicat</span> <span class='ocrx_word' id='word_1_565' title='bbox 2883 4579 3014 4632; x_wconf 63' lang='lat' dir='ltr'>quas</span> <span class='ocrx_word' id='word_1_566' title='bbox 3074 4584 3194 4624; x_wconf 85' lang='lat' dir='ltr'>non</span> <span class='ocrx_word' id='word_1_567' title='bbox 3235 4589 3342 4628; x_wconf 90' lang='lat' dir='ltr'>sua</span> <span class='ocrx_word' id='word_1_568' title='bbox 3373 4581 3532 4644; x_wconf 88' lang='lat' dir='ltr'>sunt,</span> <span class='ocrx_word' id='word_1_569' title='bbox 3575 4579 3678 4649; x_wconf 90' lang='lat' dir='ltr'>qui</span> 
     </span>
    </p>
   </div>
   <div class='ocr_carea' id='block_1_102' title="bbox 502 4620 1939 4715">
    <p class='ocr_par' dir='ltr' id='par_1_102' title="bbox 502 4620 1924 4708">
     <span class='ocr_line' id='line_1_105' title="bbox 502 4620 1924 4708; baseline 0.008 -31"><span class='ocrx_word' id='word_1_570' title='bbox 502 4624 615 4692; x_wconf 88' lang='lat'>(38)</span> <span class='ocrx_word' id='word_1_571' title='bbox 666 4620 1006 4680; x_wconf 84' lang='grc' dir='ltr'>πλεονεκτῶν</span> <span class='ocrx_word' id='word_1_572' title='bbox 1066 4625 1380 4700; x_wconf 80' lang='grc' dir='ltr'>πλεονεξίαν</span> <span class='ocrx_word' id='word_1_573' title='bbox 1435 4634 1606 4702; x_wconf 76' lang='grc' dir='ltr'>κακήν</span> <span class='ocrx_word' id='word_1_574' title='bbox 1661 4637 1740 4705; x_wconf 80' lang='grc' dir='ltr'>τῷ</span> <span class='ocrx_word' id='word_1_575' title='bbox 1787 4633 1924 4708; x_wconf 69' lang='grc' dir='ltr'>οἷ’κῳ</span> 
     </span>
    </p>
   </div>
   <div class='ocr_carea' id='block_1_103' title="bbox 2099 4620 3299 4715">
    <p class='ocr_par' dir='ltr' id='par_1_103' title="bbox 2104 4644 3299 4715">
     <span class='ocr_line' id='line_1_106' title="bbox 2104 4644 3299 4715; baseline 0.021 -24"><span class='ocrx_word' id='word_1_576' title='bbox 2104 4647 2346 4712; x_wconf 77' lang='lat' dir='ltr'>ngregat</span> <span class='ocrx_word' id='word_1_577' title='bbox 2375 4644 2632 4700; x_wconf 75' lang='lat' dir='ltr'>avaritiae</span> <span class='ocrx_word' id='word_1_578' title='bbox 2665 4648 2890 4706; x_wconf 87' lang='lat' dir='ltr'>malum</span> <span class='ocrx_word' id='word_1_579' title='bbox 2922 4653 3126 4712; x_wconf 88' lang='lat' dir='ltr'>domui</span> <span class='ocrx_word' id='word_1_580' title='bbox 3157 4677 3299 4715; x_wconf 65' lang='lat' dir='ltr'>suae.</span> 
     </span>
    </p>
   </div>
   <div class='ocr_carea' id='block_1_104' title="bbox 2097 4817 3202 4892">
    <p class='ocr_par' dir='ltr' id='par_1_104' title="bbox 2097 4817 3202 4892">
     <span class='ocr_line' id='line_1_107' title="bbox 2097 4817 3202 4892; baseline 0.019 -23"><span class='ocrx_word' id='word_1_581' title='bbox 2097 4817 2218 4871; x_wconf 88' lang='lat' dir='ltr'>Job.</span> <span class='ocrx_word' id='word_1_582' title='bbox 2247 4849 2316 4860; x_wconf 93' lang='lat'>—</span> <span class='ocrx_word' id='word_1_583' title='bbox 2347 4819 2480 4876; x_wconf 88' lang='lat' dir='ltr'>Vita</span> <span class='ocrx_word' id='word_1_584' title='bbox 2503 4838 2631 4878; x_wconf 90' lang='lat' dir='ltr'>mea</span> <span class='ocrx_word' id='word_1_585' title='bbox 2659 4825 2917 4884; x_wconf 90' lang='lat' dir='ltr'>velocior</span> <span class='ocrx_word' id='word_1_586' title='bbox 2943 4848 3202 4892; x_wconf 89' lang='lat' dir='ltr'>cursore.</span> 
     </span>
    </p>
   </div>
   <div class='ocr_carea' id='block_1_105' title="bbox 2119 4997 3602 5090">
    <p class='ocr_par' dir='ltr' id='par_1_105' title="bbox 2119 4997 3602 5090">
     <span class='ocr_line' id='line_1_108' title="bbox 2119 4997 3602 5090; baseline 0.032 -54"><span class='ocrx_word' id='word_1_587' title='bbox 2119 4997 2212 5090; x_wconf 48' lang='grc' dir='ltr'>Ξῖ)</span> <span class='ocrx_word' id='word_1_588' title='bbox 2245 4997 2544 5090; x_wconf 42' lang='lat' dir='ltr'>épbtbon.</span> <span class='ocrx_word' id='word_1_589' title='bbox 2578 5002 2848 5090; x_wconf 45' lang='lat' dir='ltr'>lia-13.34.</span> <span class='ocrx_word' id='word_1_590' title='bbox 2881 5009 3094 5081; x_wconf 90' lang='lat' dir='ltr'>Editio,</span> <span class='ocrx_word' id='word_1_591' title='bbox 3141 5015 3332 5090; x_wconf 84' lang='grc' dir='ltr'>συνὼν,</span> <span class='ocrx_word' id='word_1_592' title='bbox 3365 5023 3602 5085; x_wconf 90' lang='lat' dir='ltr'>melius.</span> 
     </span>
    </p>
   </div>
   <div class='ocr_carea' id='block_1_106' title="bbox 2123 5068 2803 5137">
    <p class='ocr_par' dir='ltr' id='par_1_106' title="bbox 2123 5068 2803 5137">
     <span class='ocr_line' id='line_1_109' title="bbox 2123 5068 2803 5137; baseline 0.018 -17"><span class='ocrx_word' id='word_1_593' title='bbox 2123 5068 2213 5134; x_wconf 88' lang='lat'>33)</span> <span class='ocrx_word' id='word_1_594' title='bbox 2247 5069 2524 5137; x_wconf 87' lang='lat' dir='ltr'>Aphthon</span> <span class='ocrx_word' id='word_1_595' title='bbox 2578 5073 2715 5128; x_wconf 90' lang='lat' dir='ltr'>Fab.</span> <span class='ocrx_word' id='word_1_596' title='bbox 2751 5079 2803 5132; x_wconf 88' lang='lat'>9.</span> 
     </span>
    </p>
   </div>
   <div class='ocr_carea' id='block_1_107' title="bbox 2096 5139 2813 5212">
    <p class='ocr_par' dir='ltr' id='par_1_107' title="bbox 2096 5139 2813 5212">
     <span class='ocr_line' id='line_1_110' title="bbox 2096 5139 2813 5212; baseline 0.015 -21"><span class='ocrx_word' id='word_1_597' title='bbox 2096 5140 2210 5212; x_wconf 76' lang='grc'>(34)</span> <span class='ocrx_word' id='word_1_598' title='bbox 2244 5139 2410 5211; x_wconf 85' lang='lat' dir='ltr'>Hipp.</span> <span class='ocrx_word' id='word_1_599' title='bbox 2441 5143 2656 5212; x_wconf 83' lang='lat' dir='ltr'>Aphor.</span> <span class='ocrx_word' id='word_1_600' title='bbox 2693 5163 2728 5204; x_wconf 82' lang='grc' dir='ltr'>ι.</span> <span class='ocrx_word' id='word_1_601' title='bbox 2761 5150 2813 5202; x_wconf 89' lang='grc'>7.</span> 
     </span>
    </p>
   </div>
   <div class='ocr_carea' id='block_1_108' title="bbox 2097 5210 3677 5306">
    <p class='ocr_par' dir='ltr' id='par_1_108' title="bbox 2097 5210 3677 5306">
     <span class='ocr_line' id='line_1_111' title="bbox 2097 5210 3677 5306; baseline 0.022 -41"><span class='ocrx_word' id='word_1_602' title='bbox 2097 5210 2206 5306; x_wconf 50' lang='grc' dir='ltr'>(ξέξι</span> <span class='ocrx_word' id='word_1_603' title='bbox 2239 5210 2771 5306; x_wconf 36' lang='lat' dir='ltr'>MarcusAErAemita.</span> <span class='ocrx_word' id='word_1_604' title='bbox 2803 5222 2883 5306; x_wconf 69' lang='lat' dir='ltr'>De</span> <span class='ocrx_word' id='word_1_605' title='bbox 2912 5223 3251 5306; x_wconf 29' lang='lat' dir='ltr'>legeAspiArit.</span> <span class='ocrx_word' id='word_1_606' title='bbox 3275 5233 3305 5306; x_wconf 86' lang='lat'>§</span> <span class='ocrx_word' id='word_1_607' title='bbox 3333 5239 3419 5294; x_wconf 83' lang='grc'>71.</span> <span class='ocrx_word' id='word_1_608' title='bbox 3453 5241 3677 5306; x_wconf 86' lang='lat' dir='ltr'>Quibus</span> 
     </span>
    </p>
   </div>
   <div class='ocr_carea' id='block_1_109' title="bbox 2024 5281 3672 5407">
    <p class='ocr_par' dir='ltr' id='par_1_109' title="bbox 2024 5281 3672 5407">
     <span class='ocr_line' id='line_1_112' title="bbox 2024 5281 3672 5407; baseline 0.024 -76"><span class='ocrx_word' id='word_1_609' title='bbox 2024 5281 2217 5407; x_wconf 50' lang='lat' dir='ltr'>grbis</span> <span class='ocrx_word' id='word_1_610' title='bbox 2249 5289 2482 5364; x_wconf 79' lang='lat' dir='ltr'>constat</span> <span class='ocrx_word' id='word_1_611' title='bbox 2539 5295 2597 5342; x_wconf 89' lang='lat' dir='ltr'>et</span> <span class='ocrx_word' id='word_1_612' title='bbox 2653 5291 2948 5351; x_wconf 91' lang='lat' dir='ltr'>scholium</span> <span class='ocrx_word' id='word_1_613' title='bbox 2969 5281 3672 5382; x_wconf 68' lang='grc' dir='ltr'>⁹2έ“έ›τῗῶ’ί”“3ῗ</span> 
     </span>
     <span class='ocr_line' id='line_1_113' title="bbox 2093 5369 2285 5407; baseline 0.01 -2"><span class='ocrx_word' id='word_1_614' title='bbox 2093 5369 2285 5407; x_wconf 80' lang='lat' dir='ltr'>imaci.</span> 
     </span>
    </p>
   </div>
   <div class='ocr_carea' id='block_1_110' title="bbox 2093 5369 2285 5408">
    <p class='ocr_par' dir='ltr' id='par_1_110' title="bbox 2093 5369 2285 5408">
     <span class='ocr_line' id='line_1_114' title="bbox 2093 5369 2285 5408; baseline 0.016 -3"><span class='ocrx_word' id='word_1_615' title='bbox 2093 5369 2285 5408; x_wconf 79' lang='lat' dir='ltr'>imam.</span> 
     </span>
    </p>
   </div>
   <div class='ocr_carea' id='block_1_111' title="bbox 2027 5495 2230 5566">
    <p class='ocr_par' dir='ltr' id='par_1_111' title="bbox 2027 5495 2230 5566">
     <span class='ocr_line' id='line_1_115' title="bbox 2027 5495 2230 5566; baseline 0.005 -17"><span class='ocrx_word' id='word_1_616' title='bbox 2027 5495 2230 5566; x_wconf 87' lang='lat' dir='ltr'>spicuo</span> 
     </span>
    </p>
   </div>
   <div class='ocr_carea' id='block_1_112' title="bbox 2097 5640 2645 5706">
    <p class='ocr_par' dir='ltr' id='par_1_112' title="bbox 2097 5640 2645 5706">
     <span class='ocr_line' id='line_1_116' title="bbox 2097 5640 2645 5706; baseline 0.018 -16"><span class='ocrx_word' id='word_1_617' title='bbox 2097 5640 2211 5706; x_wconf 69' lang='lat'>(38)</span> <span class='ocrx_word' id='word_1_618' title='bbox 2249 5641 2460 5697; x_wconf 76' lang='lat' dir='ltr'>Hahae.</span> <span class='ocrx_word' id='word_1_619' title='bbox 2497 5661 2558 5698; x_wconf 88' lang='lat' dir='ltr'>ll.</span> <span class='ocrx_word' id='word_1_620' title='bbox 2590 5648 2645 5700; x_wconf 83' lang='lat'>9.</span> 
     </span>
    </p>
   </div>
   <div class='ocr_carea' id='block_1_113' title="bbox 2099 5711 2603 5781">
    <p class='ocr_par' dir='ltr' id='par_1_113' title="bbox 2099 5711 2603 5781">
     <span class='ocr_line' id='line_1_117' title="bbox 2099 5711 2603 5781; baseline 0.012 -16"><span class='ocrx_word' id='word_1_621' title='bbox 2099 5711 2209 5781; x_wconf 87' lang='lat'>(39)</span> <span class='ocrx_word' id='word_1_622' title='bbox 2238 5711 2365 5767; x_wconf 83' lang='lat' dir='ltr'>Job.</span> <span class='ocrx_word' id='word_1_623' title='bbox 2401 5731 2480 5775; x_wconf 83' lang='lat' dir='ltr'>ix.</span> <span class='ocrx_word' id='word_1_624' title='bbox 2514 5717 2603 5772; x_wconf 80' lang='lat'>25.</span> 
     </span>
    </p>
   </div>
   <div class='ocr_carea' id='block_1_114' title="bbox 3313 5855 3396 5914">
    <p class='ocr_par' dir='ltr' id='par_1_114' title="bbox 3313 5855 3396 5914">
     <span class='ocr_line' id='line_1_118' title="bbox 3313 5855 3396 5914; baseline -0.012 0"><span class='ocrx_word' id='word_1_625' title='bbox 3313 5855 3396 5914; x_wconf 86' lang='lat'>36</span> 
     </span>
    </p>
   </div>
  </div>
