4136 6316
264 358 422 424 1153

1661 349 2274 413 GNOMOLOGIUM.

3517 353 3672 414 ΗΜ

337 483 564 547 Νείλου.
625 517 687 528 -
745 485 914 558 Χάριν
969 479 1066 558 ἔχε
1113 486 1246 538 Θεοῦ
1307 482 1615 556 ’κατορθῶν
1693 479 1960 557 ἀρετηνθλ

2098 484 2228 540 Nili.
2261 515 2328 524 —
2359 483 2583 540 Gratias
2622 500 2726 555 age
2782 484 2898 538 Deo
2957 483 3004 537 si
3065 483 3127 538 in
3185 484 3396 539 virtute
3428 502 3671 556 progre-

270 576 412 654 ῥοπή
445 576 548 652 γὰρ
584 596 642 632 σε
671 575 786 630 θεία
817 576 953 649 πρὸς
992 573 1160 641 αὐτὴν
1185 571 1494 628 ἐπεσκίασεν

343 754 595 829 Χρηστὸς
627 752 764 826 ἀνὴρ
798 752 826 806 ὁ
859 750 1143 826 οίκτείρων
1197 748 1288 805 καὶ
1341 753 1556 828 κιχρῶν
1604 750 1712 820 (63)
1770 748 1922 802 οἶκο-

267 847 500 920 νομησει
543 845 670 905 τοὺς
729 841 933 920 λόγους
973 841 1142 898 αὐτοῦ
1191 840 1242 896 ἐν
1298 841 1497 916 κρίσει,
1555 838 1641 896 ὅτι
1699 838 1774 901 εἷς
1829 838 1921 894 τὸν

273 935 441 990 αίῶνα
471 933 534 990 οὐ
565 931 982 1004 σαλενθήσεται.

422 1025 514 1099 Ἀρ
525 1043 641 1078 ιστο
651 1066 661 1078 .
673 1067 687 1092 ,
699 1065 711 1078 .

415 1113 585 1185 Χάριν
613 1114 728 1185 (74)
757 1108 1034 1185 τραπέζης
1068 1106 1318 1164 σπεύδων
1351 1104 1498 1187 ἔχειν
1528 1127 1611 1168 τις
1642 1104 1803 1164 φίλον

416 1209 618 1259 Θᾶττον
655 1198 815 1256 αὐτὸν
849 1199 1089 1268 ὠθεῖται,
1121 1199 1327 1269 ταύτης
1357 1196 1654 1274 ἀργούσης.

420 1291 637 1358 Χαίρειν
809 1286 955 1350 ὅλως
978 1287 1266 1362 ἄνθρωπον
1297 1284 1554 1358 οὐδαμῶς
1584 1283 1682 1340 ἔνι·

424 1381 601 1435 Λῦπαι
635 1379 738 1456 γὰρ
773 1377 1146 1433 εἰσπίπτουσιν
1177 1374 1370 1452 αἴφνης
1401 1375 1493 1431 καὶ
1521 1372 1704 1444 ζάλαι.

423 1471 566 1526 Χοῦς
599 1468 711 1542 (76)
745 1465 805 1521 ἐκ
835 1468 970 1542 χοὸς
994 1467 1060 1521 τὰ
1085 1465 1257 1521 πάντα
1285 1465 1374 1520 καὶ
1408 1463 1483 1525 εἷς
1511 1467 1646 1542 χοῦν
1670 1459 1855 1518 πάλιν.

434 1646 759 1719 Ἀσυμπαθῆ
795 1642 853 1699 δὲ
883 1641 1168 1723 σπλὲγχνα
1188 1649 1303 1705 τοῖς
1332 1640 1573 1704 πολλοῖς
1597 1637 1700 1697 ἕνι.

358 1736 691 1810 Δημοξένου.
731 1767 802 1778 -ι
857 1734 1035 1809 Χάρις
1093 1735 1202 1807 (77)
1252 1733 1342 1788 καὶ
1400 1729 1578 1788 εὔνοια
1635 1732 1933 1787 πειθόντων

287 1827 456 1896 ἐστὶν,
488 1827 552 1882 οὐ
589 1825 954 1900 βιαζομένων.

362 1913 665 1994 Κορίλλου.
701 1948 764 1957 -
795 1917 998 1988 Χρῆμα
1043 1911 1274 1990 ἀληφῶς
1306 1911 1405 1968 οὐκ
1442 1912 1679 1986 ἀζήμιον
1712 1911 1774 1967 τὸ
1803 1906 1936 1965 κολ-

294 2009 488 2063 Αᾶσθαι
545 2008 648 2064 98
697 2009 959 2076 πονηροῖς
997 2021 1008 2032 ·
1053 2002 1276 2076 ἀτρεκὲς
1333 2002 1436 2078 γὰρ
1497 2002 1624 2071 ὅτι,
1683 2000 1819 2056 κατᾶ
1875 1999 1937 2054 τὸ

288 2094 668 2173 γεγραμμένον
705 2097 838 2167 (78),
871 2117 899 2145 ‹‹
933 2092 960 2148 ὀ
992 2091 1302 2166 ἁπτόμενος
1331 2092 1530 2162 πίσσης
1559 2088 1875 2165 μολύνεται.
1905 2110 1936 2141 κ

367 2188 492 2258 Χρή
531 2185 745 2260 μᾶλλον
802 2187 1103 2253 ζηλοῦντας
1159 2180 1376 2246 ἑλέσθαι
1431 2184 1494 2238 τὸ
1554 2182 1794 2255 ἁμεινον,
1851 2179 1941 2236 καὶ

296 2277 473 2332 πάντα
503 2274 738 2335 σείοντας
798 2270 968 2328 κάλον
1019 2269 1359 2347 ἁμιλλᾶσθαι
1419 2274 1526 2344 (79)
1587 2269 1764 2346 φιλεῖν
1825 2272 1942 2328 τοῖς

299 2362 407 2421 ὧδε
436 2362 744 2439 λαμπροῖς.

372 2454 560 2528 Χωρὶς
583 2452 812 2522 θεωρίας
869 2451 1297 2524 ἐπιστημονικῆς
1355 2447 1508 2505 οὐδὲν
1540 2455 1647 2505 τῶν
1707 2468 1947 2523 πραττο-

823 2540 1100 2613 ὲπιστήμη
1157 2539 1260 2616 γὰρ
1332 2535 1555 2617 ἔγγονον
1629 2531 1947 2599 εὐϐουλίας·

311 2542 482 2616 μένων
541 2540 712 2598 καλόν
747 2559 762 2574 '

304 2631 543 2689 ἀϐουλία
575 2629 630 2687 δὲ
661 2630 724 2686 οὐ
755 2625 946 2686 καλόν.

379 2721 580 2801 Σιρὰχ.
609 2753 678 2764 -—-
706 2719 880 2790 Χείλη
944 2716 1282 2775 πολυλάλων
1313 2717 1397 2791 ξτᾶ
1451 2718 1554 2772 οὐκ
1607 2717 1782 2772 αὐτῶν
1830 2715 1952 2787 διηε-

318 2815 604 2892 γήσονται.

389 2901 757 2976 Χορτάσματα
815 2903 926 2968 (80)
984 2898 1076 2954 καὶ
1158 2892 1358 2973 ῥάϐδος
1414 2896 1506 2953 καὶ
1557 2896 1753 2974 φορτία
1821 2890 1953 2967 ὄνῳ⁹

316 2988 478 3066 ἄρτος
512 2987 568 3044 δὲ
595 2988 686 3044 καὶ
717 2985 932 3044 παιδεία
961 2987 1053 3044 καὶ
1082 2982 1240 3064 ἔργον
1276 2985 1479 3060 οἰκέτῃ.

383 3079 651 3135 Ἰωάννου.
713 3111 781 3120 -
841 3079 1130 3151 Χειμῶνος
1175 3077 1211 3145 ἡ
1273 3071 1544 3152 δριμύτης
1603 3073 1742 3147 αἷμα
1798 3070 1959 3128 στέλ-

317 3167 489 3224 λουσα
522 3171 632 3238 (81)
663 3167 820 3238 τήκει
849 3168 912 3222 τὸ
942 3170 1124 3241 σῶμα.

387 3257 595 3332 Χρῄζω
653 3255 966 3326 πραότητος
1015 3253 1066 3310 ἐν
1123 3257 1160 3329 ᾗ
1217 3251 1547 3310 καταλύεται
1579 3253 1606 3308 ὁ
1647 3251 1834 3327 ἄρχων
1863 3255 1960 3307 τοῦ

328 3346 523 3408 αἰῶνος
563 3343 760 3400 τούτου
793 3339 1075 3405 διάϐολος.

391 3436 562 3514 Ψυχὴ
596 3438 712 3507 (82)
745 3435 779 3502 ἡ
814 3434 949 3504 ἅπαξ
999 3430 1356 3508 προσδεθεῖσα
1403 3438 1481 3506 τῷ
1510 3439 1666 3507 πόθῳ
1696 3437 1792 3489 τοῦ
1848 3432 1972 3488 κτί-

319 3544 531 3591 σαντος,
564 3523 801 3585 καὶτοῖς
854 3521 1026 3578 ἐκεῖσε
1054 3520 1318 3578 κάλλεσιν
1375 3521 1702 3596 ἐνειθίσμένη
1752 3518 1974 3602 φαιδρύ-

322 3624 524 3683 νεσθαι,
552 3613 615 3668 τὸ
645 3613 946 3688 περιχαρὲς
979 3610 1146 3680 αὐτῆς
1171 3612 1263 3667 καὶ
1303 3611 1535 3686 εὔθυμον
1566 3612 1669 3666 ὑπὸ
1697 3618 1796 3679 τῆς
1854 3630 1973 3665 ποι·

222 3720 228 3726 ·
325 3701 492 3774 κίλης
553 3704 956 3776 μεταπτώσεως
1011 3706 1119 3757 τῶν
1177 3705 1446 3776 σαρκικῶν
1516 3701 1856 3774 παθημάτων
1909 3699 1972 3754 οὗ

333 3787 689 3867 μεταϐάλλει,
724 3789 872 3846 ἀλλὰ
900 3790 966 3847 τὰ
997 3795 1115 3852 τοῖς
1142 3787 1337 3853 ἄλλοις
1388 3787 1610 3865 λυπηρὰ
1656 3790 1974 3865 προσθήκην

332 3881 669 3958 εὐφροσύνης
699 3883 1009 3950 ποιήσεται.

421 3972 532 4028 Τοῦ
561 3970 962 4044 Χρισοστόμου.
997 4001 1066 4012 -
1097 3971 1332 4046 Ψυχροῦ
1389 3965 1789 4038 πλεονάζοντος
1837 3986 1978 4042 παρ-

333 4059 470 4121 ἑσεις
499 4059 590 4114 καὶ
617 4059 841 4135 τρόμοι,
893 4059 985 4115 καὶ
1037 4054 1398 4130 ἀποπληξίαι,
1451 4057 1542 4112 καὶ
1599 4057 1765 4131 μυρία
1819 4054 1979 4133 ἕτερα

327 4154 615 4226 νοσήματα
645 4153 910 4208 τίκτεται.

403 4244 504 4298 99
556 4243 749 4316 Ψυχὴ,
814 4241 916 4296 ὑπὸ
963 4240 1204 4315 ἀθυμίας
1264 4236 1555 4314 βληθεῖσα,
1612 4241 1749 4313 πρὸς
1806 4244 1980 4295 πᾶσαν

337 4330 590 4405 ἀκρόασιν
625 4327 1020 4401 ἀνεπιτήδειος.

404 4424 514 4475 Τοῦ
571 4418 871 4494 Θεολόγου.
929 4451 1002 4463 --
1057 4420 1277 4496 Ψὺχαῖς
1338 4413 1602 4495 βεϐήλοις
1652 4415 1804 4474 οὐδὲν
1877 4421 1984 4474 τῶν

339 4507 524 4565 καλῶν
555 4509 893 4578 ἀξιόπιστον.

1991 3217 2035 3283 C

2025 570 2241 639 diaris;
2271 572 2560 628 auxilium
2612 572 2772 627 enim
2804 572 3069 627 divinum
3126 576 3183 628 te
3232 572 3306 627 ad
3337 573 3502 628 illam
3533 591 3671 646 pro-

2026 661 2191 716 texit.

2097 750 2292 806 Bonus
2320 751 2408 806 vir
2465 750 2802 807 misericors
2867 755 2926 806 et
2977 751 3362 808 commodans
3423 751 3672 822 dispone

2027 863 2333 903 sermones
2359 865 2496 904 suos
2528 849 2588 904 in
2611 848 2863 920 judicio,
2922 850 3204 919 quoniam
3263 849 3325 902 in
3380 854 3672 904 aeternum

2029 953 2153 992 non
2183 937 2671 992 commovebitur.

2101 1031 2323 1086 Ανιειο..
2337 1071 2352 1086 .

2032 1118 2139 1182 Qui
2173 1135 2394 1174 mensae
2423 1119 2611 1192 gratia
2641 1121 3113 1176 studetamicum
3145 1119 3388 1188 habere,

2032 1207 2214 1263 Citius
2241 1225 2378 1264 eum
2407 1209 2666 1280 expellit,
2701 1210 2805 1265 illa
2833 1216 3103 1266 vacante.

2037 1297 2304 1352 Gaudere
2333 1297 2580 1353 omnino
2611 1298 2917 1353 hominem
2953 1315 3073 1353 non
3102 1298 3242 1354 licet
3274 1315 3289 1364 ;

2036 1386 2278 1442 Dolores
2310 1388 2468 1442 enim
2502 1394 2560 1442 et
2589 1388 2866 1460 procella)
2901 1388 3095 1444 subito
3129 1389 3189 1443 in
3237 1405 3372 1444 eum
3408 1389 3682 1444 incidunt

2036 1473 2232 1529 Pulvis
2264 1491 2334 1530 ex
2354 1474 2593 1546 pulvere
2624 1477 2826 1532 omnia
2851 1482 2991 1531 sunt
3034 1482 3091 1532 et
3120 1476 3182 1531 in
3213 1476 3514 1547 pulverem
3548 1493 3683 1530 rur-

3215 1566 3338 1636 [sus
3367 1564 3610 1629 vadunt,

2036 1652 2537 1708 Immisericordia
2566 1658 2768 1709 autem
2792 1653 3023 1709 viscera
3051 1653 3355 1726 plerisque
3387 1654 3616 1708 insunt.

2110 1743 2428 1797 Demoareni.
2462 1773 2531 1784 —-
2561 1743 2760 1798 Gratia
2785 1748 2842 1798 et
2871 1743 3287 1799 benevolentia
3307 1741 3688 1798 suadentium

1960 1851 2007 1916 Β
2041 1836 2199 1898 sunt,
2234 1848 2353 1886 non
2399 1833 2756 1904 cogentium.

2121 1921 2336 1990 Cyrilli.
2368 1952 2436 1962 ——
2467 1923 2580 1977 Res
2610 1928 2701 1977 est
2728 1939 2862 1978 vere
2914 1921 3252 1994 perniciosa
3299 1919 3492 1992 pravis
3551 1935 3692 1974 con-

2041 2010 2213 2082 jungi
2240 2027 2254 2077 ;
2295 2017 2523 2065 certum
2554 2012 2712 2066 enim
2740 2012 2897 2082 quod
2929 2012 3214 2084 scriptum
3247 2016 3368 2066 est:
3413 2010 3521 2074 Qui
3554 2008 3691 2064 teti-

2050 2099 2202 2171 gerit
2228 2099 2418 2170 picem
2451 2099 2882 2170 inquinabitur.

2124 2189 2367 2259 Oportet
2395 2190 2589 2258 majus
2637 2190 2988 2244 aemulantes
3020 2189 3234 2244 melius
3283 2189 3584 2259 accipere;
3638 2189 3697 2241 et

2053 2277 2258 2332 omnia
2309 2284 2753 2332 commoventes
2806 2278 3030 2333 bonum
3091 2284 3180 2332 est
3227 2285 3292 2332 ut
3346 2282 3689 2332 concertare

2057 2371 2258 2421 ament
2286 2383 2419 2421 cum
2453 2366 2544 2421 his
2577 2367 2676 2438 qui
2727 2366 2810 2421 ibi
2840 2366 3086 2438 fulgent.

2129 2456 2267 2511 Sine
2294 2456 2689 2529 intelligentia
2705 2455 2916 2511 scienti
2947 2455 3098 2511 nihil
3119 2456 3181 2511 in
3197 2455 3475 2528 operibus
3487 2455 3706 2510 bonum

2059 2550 2185 2610 est;
2219 2545 2470 2600 scientia
2501 2546 2658 2600 enim
2699 2545 3030 2617 prudentia:
3076 2545 3303 2600 fructus
3335 2551 3442 2615 est,
3474 2546 3706 2616 impru-

2060 2633 2264 2689 dentia
2291 2641 2489 2690 autem
2522 2651 2643 2690 non
2668 2635 2888 2690 bonum
2919 2640 3027 2690 est.

2132 2725 2350 2780 Sirach.
2371 2756 2437 2764 —
2461 2724 2639 2780 Labia
2655 2724 3142 2795 multiloquorum
3167 2741 3290 2780 non
3315 2741 3421 2779 sua
3441 2724 3704 2796 ipsorum

2067 2813 2452 2868 enarrabunt.

2138 2903 2362 2958 Fenum
2409 2907 2467 2957 et
2497 2902 2654 2974 virga
2682 2907 2741 2956 et
2769 2917 2952 2957 onera
3007 2901 3174 2957 asino
3206 2918 3220 2968 ;
3277 2901 3448 2973 panis
3483 2906 3706 2970 autem,

2069 2991 2358 3048 correctio
2391 2996 2451 3046 et
2480 3007 2628 3062 opus
2658 3007 2850 3045 servo.

2137 3082 2383 3136 Joannis.
2415 3110 2479 3120 -—
2513 3079 2735 3134 Hiemis
2766 3079 3089 3135 humiditas
3120 3080 3393 3151 sanguini
3449 3078 3715 3134 immista

2072 3187 2287 3242 corpus
2320 3169 2654 3225 labefactat.

2143 3259 2597 3314 Mansuetudine
2629 3259 2773 3314 mihi
2805 3275 2952 3331 opus
2984 3264 3075 3314 est
3101 3275 3208 3331 per
3237 3276 3416 3330 quam
3452 3257 3707 3314 destrui-

2073 3355 2170 3406 tur
2194 3349 2471 3421 princeps
2501 3349 2680 3420 hujus
2711 3347 2911 3404 saeculi
2954 3347 3250 3404 diabolus.

2144 3441 2305 3493 Mens
2336 3437 2519 3493 semel
2541 3437 2812 3492 devincta
2830 3453 3030 3492 amore
3052 3436 3364 3501 Creatoris,
3390 3441 3448 3491 et
3469 3435 3717 3491 coelesti-

2074 3529 2185 3584 bus
2217 3527 2762 3600 pulchritudinibus
2788 3533 3024 3583 assueta
3071 3527 3312 3590 micare,
3345 3542 3514 3582 suam
3569 3525 3718 3580 laeti-

2079 3618 2221 3672 tiam
2253 3623 2312 3672 et
2339 3617 2720 3671 serenitatem
2753 3632 2858 3686 per
2887 3616 3074 3670 varias
3122 3615 3562 3670 vicissitudines
3593 3630 3722 3669 car-

2079 3706 2306 3761 nalium
2332 3705 2678 3778 passionum
2736 3721 2856 3759 non
2912 3704 3134 3760 amittit
3164 3721 3177 3770 ;
3212 3703 3315 3758 sed
3347 3720 3418 3758 ex
3448 3704 3539 3758 his
3575 3719 3711 3774 qua:

2079 3795 2213 3850 aliis
2245 3794 2496 3849 molesta
2527 3799 2684 3861 sunt,
2711 3792 2908 3865 gaudii
2938 3792 3377 3848 incrementum
3418 3791 3580 3846 facit.

2155 3973 2552 4042 Chrysostomz'.
2609 4001 2677 4011 —
2734 3970 2964 4044 Frigida
3023 3970 3548 4044 superabundante
3604 3969 3728 4025 lan-

2083 4079 2316 4135 guores,
2340 4067 2648 4131 tremores,
2677 4061 3004 4133 ap0plexim
3035 4065 3095 4115 et
3127 4059 3389 4116 sexcenti
3416 4059 3518 4115 alii
3537 4057 3730 4114 morbi

2086 4158 2434 4209 nascuntur.

2159 4243 2321 4298 Mens
2351 4246 2617 4314 postrata
2666 4241 2741 4296 ad
2793 4257 3034 4296 omnem
3094 4240 3567 4296 exhortationem
3627 4255 3733 4295 au-

2095 4334 2373 4390 diendam
2406 4333 2732 4404 impropria
2761 4338 2870 4388 est.

2164 4423 2437 4491 Theologi.
2465 4451 2535 4463 -
2572 4421 2866 4476 Mentibus
2897 4421 3162 4493 profanis
3222 4419 3392 4475 nulla
3444 4419 3735 4474 bonarum

2093 4528 2291 4566 rerum
2325 4510 2440 4565 ﬁde
2470 4510 2649 4582 digna
2675 4515 2781 4564 est.

407 4596 800 4672 Σολομῶντος.
860 4631 928 4640 -
985 4599 1154 4672 Ψυχή
1206 4599 1315 4670 (83)
1374 4594 1426 4651 ἐν
1486 4594 1783 4670 πλησμονῇ
1845 4597 1960 4651 οὖσι

2161 4601 2488 4658 Salomonis.
2525 4631 2588 4641 —
2622 4599 2836 4654 Anima
2857 4599 2919 4653 in
2951 4598 3265 4653 saturitate
3299 4596 3460 4651 favos
3489 4595 3740 4665 respuit,

333 4688 554 4760 κηρίοις
585 4685 862 4759 ἐμπαίζει,
892 4689 1048 4766 ψυχῇ
1080 4682 1136 4740 δὲ
1169 4683 1333 4741 ἐνδεεῖ
1363 4686 1454 4740 καὶ
1507 4686 1574 4742 τὰ
1629 4687 1800 4761 πικρὰ
1849 4684 1960 4763 γλυ

2098 4691 2311 4746 anima:
2341 4695 2541 4744 autem
2567 4687 2854 4743 esurienti
2882 4687 3059 4742 etiam
3091 4701 3296 4740 amara
3317 4683 3517 4738 dulcia
3546 4682 3744 4737 viden-

341 4779 436 4835 κὲα
466 4778 731 4858 φαίνεται.

2098 4784 2212 4834 tur.

2097 5029 2302 5085 dubito
2323 5027 2395 5083 de
2415 5024 2814 5094 restitutione.
2839 5025 3048 5094 Notum
3067 5023 3546 5094 estproverbium
3569 5020 3746 5076 πὰντα

2098 5101 2258 5155 σείειν
2289 5101 2378 5154 vel
2402 5101 2572 5150 κινεῖν
2610 5091 2779 5149 κάλον
2817 5112 2830 5150 :
2894 5093 3048 5150 conf.
3100 5091 3316 5150 Zehob.
3356 5094 3536 5167 Adag.
3571 5111 3622 5164 ν,
3655 5095 3747 5161 62,

2099 5179 2157 5228 et
2182 5171 2263 5226 ibi
2304 5170 2526 5225 Schott.

2170 5245 2278 5312 (80)
2313 5240 2534 5296 Sirach.
2570 5257 2701 5300 xxx.
2724 5241 2823 5312 ἓξ.

2169 5307 2277 5384 (81)
2312 5315 2550 5370 Forsan.
2582 5307 2974 5384 συστέλλουσα.

2171 5379 2278 5456 (82)
2311 5383 2626 5454 Scriptoris
2658 5398 2898 5456 nomen.
2930 5379 3314 5456 ve1_nominis
3345 5381 3614 5456 reliquiae
3647 5395 3753 5456 po-

2099 5449 2387 5526 tius.'per
2441 5449 2918 5525 compendiumv
2950 5452 3286 5526 exhibetur.
3347 5449 3504 5526 quod
3563 5449 3753 5526 expli-_-

2099 5518 2354 5584 candum
2414 5518 2647 5582 videtur
2704 5541 2812 5598 per
2875 5521 3082 5586 νατίοο,
3143 5525 3299 5579 unde
3350 5518 3754 5578 ducimur—ad

2098 5597 2378 5674 ἰγνριξίοέοο

2169 5671 2279 5744 (83)
2310 5671 2476 5726 Prov.
2509 5685 2679 5740 xxvu,
2720 5671 2772 5724 7.
2799 5665 3013 5736 Codex,
3052 5667 3112 5738 ψ.
3146 5661 3508 5738 ἐμπλημονή.

408 5033 520 5111 (Ῑθ)
546 5029 810 5111 Respicit
840 5028 1010 5083 Paov.
1045 5044 1165 5111 xm.
1189 5031 1274 5080 Η.

415 5096 525 5228 (74⁷)
555 5096 712 5157 Nihil
763 5100 918 5155 bono
945 5105 1135 5172 poetae
1167 5115 1301 5154 cum
1333 5097 1427 5152 his
1453 5098 1704 5153 senariis
1737 5096 1992 5156 dodeca-

443 5173 593 5228 labis
624 5187 941 5228 commune
991 5171 1180 5226 Priori
1218 5173 1520 5228 rhytmum
1550 5169 1857 5225 meliorem
1889 5173 1988 5227 de-

347 5169 593 5244 syllabis
624 5169 964 5244 commune
991 5171 1180 5244 Priori
1218 5173 1520 5244 rhytmum
1550 5169 1868 5244 meliorem
1889 5173 1988 5227 de-

343 5237 525 5319 deris.
554 5245 604 5319 si
633 5263 716 5319 τις
750 5241 910 5319 φίλον
969 5237 1213 5319 meson»;
1271 5237 1423 5314 ἔχειν
1483 5241 1758 5308 scribas;
1819 5243 1987 5299 alteri

346 5316 515 5372 nulla
547 5316 674 5372 fieri
711 5314 906 5386 potest
927 5314 1239 5369 medicina.

415 5389 528 5457 (Ἳῦ)
560 5388 643 5442 Cf.
676 5402 856 5457 supra
887 5403 944 5456 p.
980 5388 1067 5441 69.
1102 5402 1161 5439 n.
1195 5386 1252 5439 4.

415 5460 526 5528 (76)
559 5459 645 5512 Cf.
700 5473 877 5528 supra
911 5457 973 5528 in
1003 5459 1162 5517 Χοῦς,
1193 5472 1248 5526 p.
1284 5459 1372 5528 95.

411 5525 521 5597 ('77)
554 5525 818 5584 Naminis
849 5527 1085 5582 initium
1119 5525 1303 5597 Δημοξ
1357 5525 1615 5582 nitidum
1665 5532 1776 5583 est.

411 5602 520 5671 (78)
545 5600 768 5654 Sirach.
797 5615 916 5671 xui.
954 5601 1005 5654 1.

414 5663 526 5744 (79)
560 5671 778 5741 Codex,
821 5668 1024 5730 πάντας
1068 5664 1244 5730 ἰόντας
1301 5664 1472 5723 καλὸν
1531 5663 1732 5741 ἁμιλλ.
1782 5669 1990 5728 Nullus
