4128 6308
317 370 463 430 1161

1711 374 2308 437 GNOMOLOGIUM.

3566 387 3720 446 i163

383 501 589 575 Ὠσπερ
619 501 731 575 (23)
801 499 862 556 οὗ
891 499 1060 558 τίκτει
1112 506 1218 579 πῦρ
1277 505 1464 578 χιόνα,
1522 505 1697 568 οὕτως
1755 503 1889 562 οὐδὲ
1921 506 1950 562 ὁ

2136 509 2294 563 Sicut
2325 509 2477 582 ignis
2507 510 2702 566 nivem
2732 528 2853 566 non
2901 512 3077 584 parit,
3123 513 3205 568 ita
3261 528 3568 584 nunquam
3599 520 3717 571 ter-

313 591 413 660 τὴν
443 589 669 654 ἐνταῦθα
701 597 880 661 ζητῶν
910 595 1078 665 τιμὴν
1108 597 1207 662 τῆς
1238 596 1348 650 ἐκεῖ
1379 595 1695 654 ἀπολαύσει.

525 685 612 742 Ὠς
644 678 798 743 ἀνθος
830 681 1001 760 ἀγροῦ
1031 689 1172 739 πᾶσα
1202 687 1389 759 γήϊνος
1423 686 1597 764 φύσις.

531 771 704 833 ’θθεῖν
733 772 796 826 τὸ
828 772 1035 848 φαῦλον
1069 774 1153 829 καὶ
1184 776 1251 830 τὰ
1309 771 1511 831 ϐελτίω
1565 778 1742 841 θέλειν

529 859 842 926 Βύέλπιδος
871 862 1101 936 πέφυκεν
1142 864 1428 939 ἀνθρώπου
1455 864 1598 922 τόδε.

386 953 480 1002 Ὧν
514 947 667 1004 οὐδὲν
708 951 878 1025 αἱρεῖς
936 954 1046 1028 (24)
1094 953 1362 1010 τελευτῶν
1417 955 1478 1010 ἐκ
1526 954 1623 1010 τοῦ
1657 956 1801 1032 βίου,
1830 957 1957 1010 τού-

315 1058 424 1092 των
454 1046 810 1117 καταφρονεῖν
844 1063 902 1097 σε
931 1040 1071 1113 δέον,
1103 1045 1178 1107 ὡς
1209 1047 1601 1122 φθειρομένων.

388 1128 560 1201 Ὦμὸς
617 1129 707 1184 καὶ
758 1130 975 1202 ἀπηνὴς
1033 1131 1320 1209 ἄνθρωπος
1373 1134 1436 1191 οὗ
1493 1132 1878 1191 κατευοδοῦται
1910 1133 1963 1191 ἂν

322 1211 454 1288 asa.

319 1304 603 1383 Ὠφελείας
634 1313 899 1384 περεῖται
945 1332 1028 1374 τις
1089 1313 1166 1386 μή
1221 1309 1594 1389 παραϐάλλων
1648 1312 1966 1380 σπουδαίοις

323 1391 598 1467 ἀνδράσιν.

391 1485 685 1572 Ὠραϊσμός
728 1487 841 1544 ἐστι
930 1488 1091 1565 μόνον
1159 1494 1247 1548 καὶ
1312 1495 1506 1568 μνήμῃ
1567 1495 1746 1572 φέρειν
1797 1491 1965 1568 ἄνδρα

323 1571 616 1630 σπουδαῖον
627 1619 640 1632 .

394 1666 549 1721 Ιθϐ
582 1667 675 1720 Ὧν
723 1661 1014 1742 προϐαίνει
1069 1670 1206 1736 πρὸς
1267 1668 1422 1746 ἔργον
1477 1673 1504 1727 ὁ
1536 1671 1729 1747 λόγος,
1787 1673 1970 1742 στάζει

321 1754 484 1828 χάριν
515 1756 723 1812 τούτων
751 1759 818 1813 τὰ
848 1758 1040 1837 χείλη⁹
1083 1759 1155 1815 ὧν
1191 1758 1249 1816 δὶ
1278 1761 1414 1836 πρὸς
1471 1759 1629 1838 ἔργον
1690 1761 1796 1838 οὐχ
1827 1764 1967 1838 ὁρῶς

323 1863 404 1897 σιν
435 1844 487 1897 όὶ
519 1843 698 1921 λόγο.,
729 1849 859 1916 κενὴ
889 1848 1098 1904 τούτων
1131 1851 1166 1919 ἡ
1197 1850 1416 1925 γνώμη.

396 1933 610 2007 Ὠραῖον
642 1935 857 1991 εὐποιία
887 1939 1243 2012 πταισμάτων
1275 1938 1626 2016 καθαίρουσα.

394 2023 482 2085 Ὠς
507 2020 635 2099 ὄναρ
665 2025 755 2082 καὶ
805 2027 1082 2102 παίγνιον,
1140 2030 1215 2093 ὡς
1273 2030 1411 2105 πρὸς
1459 2032 1560 2100 τὴν
1609 2027 1720 2086 ἅνω
1753 2032 1897 2100 ζωὴν
1930 2033 1966 2101 ἡ

320 2117 569 2187 παροῦσα
598 2111 832 2193 πέφυκεν
860 2115 1144 2193 εὐημερίαν
1178 2115 1348 2188 πένης
1399 2119 1500 2196 γὰρ
1556 2121 1646 2175 xxi
1694 2118 1968 2182 πλούσιος

323 2196 489 2274 ἄμφω
537 2203 686 2266 κόνις
713 2203 766 2259 ἐν
792 2203 969 2283 τάφῳ.
1313 2272 1332 2285 κ

401 2290 487 2355 ’Θς
516 2296 605 2348 οἷα
631 2295 855 2363 καπνὸς,
895 2294 931 2364 ἢ
963 2300 1117 2359 σκιᾶς
1146 2296 1368 2372 θεωρία,

394 2387 549 2460 Δόξα,
580 2385 802 2460 κράτος,
834 2383 925 2440 καὶ
956 2383 1198 2447 πλοῦτος
1229 2387 1531 2460 ἀνθρώπων
1561 2383 1660 2441 ἔνι’

389 2478 469 2534 Τὰ
497 2475 601 2550 γὰρ
634 2473 818 2553 χρόνῳ
849 2471 1072 2540 δοθέντα
1095 2475 1184 2530 καὶ
1219 2473 1337 2530 λύει
1367 2475 1590 2549 χρόνος*

385 2567 589 2639 ’Ὠσπερ
623 2568 801 2629 θανεῖν
833 2560 1063 2639 ὥρισται
1093 2569 1254 2619 πᾶσιν
1282 2563 1617 2638 ἀνθρώποις,

393 2655 585 2714 Οὕτως
614 2651 738 2708 ἄνευ
770 2651 1010 2726 θλίψεως
1043 2653 1146 2708 οὐκ
1172 2649 1313 2707 ἔστιν
1347 2651 1496 2714 ὅλως

395 2747 631 2816 Περᾶσαι
663 2739 820 2797 τόνδε
849 2746 940 2796 τὸν
973 2742 1358 2820 πολύστροφον
1394 2743 1538 2818 βίον.

393 2835 594 2908 Ὠσπερ
632 2833 894 2907 μελίττης
920 2831 1139 2909 κέντρον
1173 2831 1393 2906 ἐμποιεῖ
1420 2834 1611 2901 πόνον,

395 2922 584 2985 Οὕτως
620 2922 933 2998 μοχθηρὸς,
955 2921 1079 2977 ὅταν
1110 2917 1438 2996 προσϐάλλῃ
1463 2922 1591 2980 τινί.

394 3013 611 3088 Ὠραῖον
641 3019 828 3087 κτῆμα
857 3011 1198 3074 ταπείνωσις·
1259 3014 1286 3066 ὁ
1330 3013 1534 3082 ταύτης
1589 3009 1662 3068 ὤν
1725 3015 1966 3093 μέτοχος

329 3101 575 3164 πολλοὺς
611 3101 738 3164 τοὺς
779 3100 974 3178 φίλους
1022 3100 1159 3177 ἔχει’
1214 3101 1404 3177 πόρρω
1435 3100 1494 3157 δὲ
1521 3102 1724 3169 ταύτης
1783 3100 1856 3158 ὤν
1881 3125 1966 3166 τις

325 3191 522 3269 φίλους
552 3189 696 3266 ἔχειν
735 3192 796 3246 οὐ
831 3191 996 3256 θέλει·
1043 3190 1256 3265 μᾶλλον
1283 3194 1384 3267 γάρ
1415 3193 1557 3248 ἐστιν
1588 3197 1747 3256 οὗτος
1807 3194 1966 3269 ὑπερ-

327 3280 488 3353 οψίας
515 3281 700 3361 φίλος.

393 3376 480 3432 Ὠς
518 3371 731 3447 φεύγειν
761 3371 842 3425 ἱὸν
877 3368 1051 3447 ὄφεως
1098 3371 1290 3442 καλὸν,
1346 3371 1519 3435 οὕτως
1576 3372 1833 3448 ἰντεύξεις
1862 3378 1970 3430 τῶν

329 3462 631 3536 μοχθηρῶν
664 3460 739 3522 ὡς
771 3458 978 3532 λύμην·

465 3550 553 3611 Ὠς
586 3549 789 3624 ὡραῖον
827 3550 902 3622 μὴ
935 3547 1148 3627 φεύγὲιν
1177 3549 1340 3625 φίλον
1380 3551 1664 3625 ἐντεύξεις,

466 3637 654 3701 Οὕτως
688 3638 892 3714 ὡραῖον
923 3639 1135 3713 φεύγειν
1164 3637 1356 3715 ἄνδρας
1388 3641 1645 3704 ἀτόπους.

393 3732 488 3783 Ὦν
523 3729 550 3782 ὀ
579 3730 700 3803 βιος
731 3729 936 3799 κοινὸς,
968 3729 1177 3785 τούτων
1209 3732 1298 3785 καὶ
1337 3731 1392 3785 αἱ
1423 3727 1740 3806 ἐπικαρπίαι
1769 3733 1967 3792 κοιναί.

396 3910 491 3961 Ὧν
521 3908 630 3982 (25)
657 3911 752 3961 τοῦ
811 3908 1068 3981 σώματος
1123 3905 1460 3982 ἀπαλλαγεὶς
1516 3907 1577 3963 οὗ
1628 3904 1818 3984 δεήσῃ,
1870 3931 1968 3965 κα-

332 3995 586 4072 ταφρόνει
617 3995 845 4055 τούτων.

405 4089 553 4144 ιοτ
617 4087 707 4151 Ὠς
771 4088 881 4162 (26)
941 4087 1336 4161 τεθνηξόμενος
1395 4091 1503 4144 τῶν
1590 4093 1696 4144 σῶν
1754 4090 1968 4166 ἀγαθῶν

334 4174 596 4232 ἀπόλαυεο

472 4267 561 4329 Ὠς
603 4264 659 4322 δὶ
693 4267 1053 4342 βιωσόμενος,
1083 4264 1265 4344 φείδεο
1295 4273 1403 4323 σῶν
1429 4269 1685 4325 κτεάνων.

402 4357 496 4419 Ὠς
529 4357 636 4411 ἀπὸ
663 4363 765 4426 τῆς
797 4356 1086 4434 φιλαυτίας
1117 4365 1217 4428 τῆς
1241 4358 1413 4414 πάντα
1446 4359 1712 4434 μισούσης
1745 4362 1757 4418 ι

405 4521 514 4602 (2ξ1)
539 4520 746 4602 Joann.
781 4519 1018 4575 Climac.
1053 4537 1180 4602 pag.
1216 4524 1336 4580 394.
1370 4522 1476 4602 ubi
1503 4541 1608 4595 pro
1642 4525 1799 4602 edito
1833 4521 1971 4602 ἐκεῖ·

336 4590 421 4644 θεν
454 4587 1224 4669 ἀπολαύσειηρῃοῃγηὶυέὶη
1244 4587 1520 4669 ρκθιηριό
1550 4598 1708 4669 regio
1743 4611 1880 4668 tquo
1908 4597 1972 4652 de

2110 4587 2219 4668 κιρ.
2255 4587 2306 4650 ⁵7.
2351 4587 2434 4650 ’1η
2484 4594 2746 4669 editione

335 4663 758 4741 exemplo_vide
783 4662 1220 4741 Villoisonianaa
1244 4662 1979 4741 bibliothecae'Catalogum

335 4750 464 4806 pag.
493 4738 578 4801 17,
606 4734 920 4805 ipsumque
947 4735 1341 4806 Villoisoniu
1362 4738 1596 4806 Notitiis
1619 4757 1758 4794 mss.
1790 4734 1978 4794 thIII

335 4803 484 4878 part.
520 4823 580 4870 Il,
708 4808 809 4878 28‘),
825 4803 1069 4878 scripsit
1097 4803 1208 4859 ἐκεῖ
1247 4805 1637 4875 ἀπολαύσεται,
1670 4810 1819 4864 illud
1871 4812 1981 4866 hoc

337 4875 573 4949 melius.
601 4875 859 4949 Ἐνταῦθα
891 4875 966 4932 de
998 4877 1107 4949 hac
1139 4895 1318 4949 quam
1379 4881 1629 4937 vivimus
1687 4882 1821 4938 vita.
1872 4883 1982 4935 ἐκεῖ

336 4948 408 5022 de
450 4948 648 5004 futura
707 4947 1196 5022 intelligendum:
1255 4951 1408 5006 conf.
1468 4970 1600 5022 quae
1652 4952 1855 5008 monui
1907 4953 1980 5008 ad

337 5020 926 5106 §§Bll;t._l.‘p..§52;
961 5024 1062 5104 P~ro
1125 5021 1297 5106 ζητῶν
1360 5020 1503 5106 cod:
1555 5026 1885 5106 reg-imo,
1920 5043 1975 5106 p.

336 5089 461 5151 232.
494 5095 544 5158 2,
581 5089 758 5174 habet
783 5089 1051 5174 ἐπιςητῶν
1089 5109 1101 5146 :
1134 5093 1302 5174 conf:
1351 5095 1424 5174 de
1457 5089 1892 5174 praaposilionis
1919 5089 1980 5151 in

338 5165 682 5234 compositis
705 5165 1028 5218 omissioue
1059 5169 1180 5219 not.
1235 5165 1307 5220 ad
1370 5165 1530 5221 Plan.
1584 5165 1812 5222 Metam.
1848 5184 1976 5238 pag.

335 5236 461 5316 357.
494 5236 617 5288 493.
657 5235 920 5296 Librarii.
948 5234 1049 5304 qui
1069 5236 1286 5316 saepius
1310 5239 1789 5316 prmpositionem
1815 5240 1983 5316 omit-

337 5311 490 5380 tunt,
520 5323 950 5380 nonnunquam
983 5321 1112 5361 eam
1140 5310 1550 5380 intempestive
1582 5311 1827 5380 addunt.
1864 5310 1979 5365 Po-

337 5376 494 5454 [eruo
528 5395 662 5454 pag.
688 5381 740 5432 4.
775 5376 862 5454 Ἐγ
894 5377 995 5454 γῇρ
1053 5381 1134 5450 τῷ
1189 5376 1353 5454 μετῖ
1382 5380 1604 5441 θάνατον
1666 5376 1979 5454 βεξηκέναι,

339 5441 495 5533 δόξαν
593 5441 754 5533 χάοις
797 5441 919 5533 9'51“.
942 5445 1084 5533 ξχξι·
1108 5441 1117 5450 ’
1141 5441 1289 5533 ςὸά..
1340 5441 1980 5533 3017.,“συμξε6ηκέναι,

335 5520 528 5575 male:
560 5520 755 5593 agitur
784 5521 856 5576 de
880 5520 1453 5591 (Ial‘limacho,heroe
1477 5524 1579 5579 illo
1611 5520 1978 5591 Atheniensi,

335 5598 471 5662 post
509 5600 757 5648 mortem
789 5598 1003 5648 stante.

405 5664 514 5732 (24-)
547 5663 684 5719 Cod.
719 5662 881 5736 ξρετς.
930 5664 1014 5720 Cf.
1077 5663 1234 5720 infra
1289 5681 1346 5736 p.
1397 5669 1518 5721 106.
1570 5665 1664 5720 Ὧν
1724 5671 1822 5722 τοῦ
1871 5666 1982 5721 σώ-

337 5753 575 5807 ματος...

659 5864 935 5925 ΡΑΤιιοΙ..
982 5861 1092 5920 Gn.
1140 5862 1376 5924 CXVII.

2062 604 2310 652 restrem
2341 599 2590 666 gloriam
2622 617 2895 672 quaerens
2925 601 3148 657 caelesti
3181 603 3368 675 gloria
3395 603 3643 659 fruetur.

2137 688 2209 742 Ut
2236 687 2346 743 ﬂos
2377 690 2500 760 agri
2531 691 2808 746 universa
2839 692 3136 747 terrestris
3175 698 3407 748 natura.

2135 777 2299 841 Quod
2332 779 2501 834 vilius
2525 785 2615 835 est
2643 781 2886 851 pellere,
2920 781 3153 851 etquod
3179 782 3470 853 optimum
3500 781 3648 837 velle

2140 866 2451 923 Hominem
2483 869 2652 925 decet
2679 869 2849 925 bona;
2881 870 3028 941 spei.

2137 956 2396 1020 Quorum
2425 959 2577 1013 nihil
2607 959 2802 1014 aufers
2830 976 2860 1014 e
2880 959 2998 1013 vita
3019 958 3335 1030 decedens,
3369 961 3496 1017 hinc
3527 961 3726 1033 despi-

2068 1058 2199 1099 cere
2233 1051 2288 1100 te
2319 1053 2572 1118 Oportet,
2602 1054 2668 1103 ut
2698 1054 2998 1119 corrupta.

2139 1141 2329 1205 Asper
2357 1141 2416 1190 et
2463 1136 2724 1192 crudelis
2781 1138 2958 1192 homo
3015 1154 3137 1192 non
3193 1139 3638 1210 prosperabitur
3663 1140 3726 1196 in

2068 1236 2182 1280 νιᾶ.

2144 1311 2406 1368 Utilitate
2439 1313 2702 1385 privatur
2732 1314 2832 1385 qui
2865 1313 2939 1369 ad
2968 1313 3125 1369 viros
3155 1313 3343 1370 bonos
3391 1331 3513 1370 non
3555 1332 3726 1373 acce-

2071 1398 2178 1453 dit.

2143 1488 2574 1548 Ornamentum
2607 1497 2696 1549 est
2719 1492 2808 1548 vel
2839 1492 2900 1548 in
2933 1492 3224 1549 memoria
3255 1499 3484 1550 tantum
3536 1495 3728 1551 virum

2071 1576 2294 1634 bonum
2326 1581 2566 1638 habere.

2143 1667 2404 1733 Quorum
2447 1688 2643 1728 sermo
2675 1673 2748 1728 ad
2795 1673 3073 1728 effectum
3106 1672 3318 1738 tendit,
3348 1673 3562 1728 horum
3592 1689 3726 1748 gra-

2074 1757 2220 1812 tiam
2252 1759 2482 1815 stillant
2512 1761 2706 1829 labia;
2742 1777 2997 1832 quorum
3037 1765 3237 1817 autem
3265 1778 3572 1818 sermones
3603 1777 3722 1819 non

1996 1877 2044 1939 Β
2075 1847 2349 1903 effectum
2382 1849 2710 1915 intuentur,
2742 1867 2926 1906 vacua
2957 1865 3161 1905 eorum
3192 1856 3282 1906 est
3319 1867 3509 1908 mens.

2144 1937 2400 1994 Pulchra
2424 1945 2516 1995 est
2553 1939 2953 1996 beneﬁcentia
2980 1956 3111 2010 quas
3143 1940 3370 1996 crimen
3403 1941 3618 2012 expiat.

2145 2026 2216 2080 Ut
2246 2028 2544 2084 somnium
2577 2035 2635 2085 et
2660 2029 3007 2092 ludibrium,
3059 2029 3141 2085 ita
3179 2028 3351 2102 juxta
3408 2046 3727 2103 supernam

2071 2113 2248 2169 vitam
2281 2133 2544 2187 praisens
2582 2117 2836 2174 felicitas
2895 2118 3163 2186 exsistit;
3223 2135 3448 2191 pauper
3477 2119 3637 2175 enim
3671 2125 3730 2174 et

2072 2200 2236 2258 dives
2265 2204 2439 2260 ambo
2467 2205 2658 2277 pulvis
2688 2206 2749 2262 in
2779 2205 3071 2277 sepulcro.

2145 2292 2216 2347 Ut
2237 2293 2479 2363 quidam
2511 2311 2710 2365 vapor,
2743 2294 2832 2349 vel
2865 2294 3090 2350 umbra
3121 2295 3486 2366 apparentia.

2142 2381 2341 2436 Gloria
2370 2388 2650 2453 potestas,
2694 2389 2752 2438 et
2775 2383 2994 2438 divitias
3026 2383 3338 2438 hominum
3369 2387 3546 2452 sunt;

2141 2469 2280 2534 Quas
2311 2472 2473 2528 enim
2504 2473 2669 2528 dedit
2701 2478 2955 2544 tempus,
2990 2473 3146 2528 tollit
3184 2478 3440 2544 tempus.

2071 2557 2234 2613 Sicut
2264 2561 2413 2615 mori
2445 2562 2723 2617 omnibus
2755 2562 3098 2617 hominibus
3127 2567 3414 2617 statutum
3446 2565 3555 2628 est,

2141 2647 2230 2702 Ita
2261 2648 2390 2702 sine
2423 2649 2808 2705 tribulatione
2839 2667 2959 2706 non
2990 2651 3132 2706 licet
3163 2651 3408 2706 omnino

2144 2736 2306 2791 Hanc
2331 2738 2676 2794 variabilem
2719 2740 2898 2795 vitam
2931 2739 3121 2795 finire.

2145 2825 2307 2880 Sicut
2331 2827 2458 2898 apis
2490 2828 2734 2883 aculeus
2765 2828 3033 2883 dolorem
3057 2826 3301 2899 praabet,

2143 2915 2231 2970 Ita
2261 2915 2474 2971 dravus
2506 2934 2640 2972 cum
2669 2918 2730 2973 in
2759 2917 3018 2989 aliquem
3055 2917 3318 2972 irruerit.

2142 3004 2476 3061 Pretiosum
2521 3005 2743 3062 bonum
2776 3013 2866 3063 est
2894 3006 3241 3071 humilitas;
3276 3006 3377 3076 qui
3409 3005 3573 3061 illam
3607 3023 3735 3061 sor-

2079 3092 2223 3148 titus
2247 3099 2356 3161 est,
2386 3095 2605 3150 multos
2635 3095 2859 3151 amicos
2891 3095 3088 3160 habet,
3115 3094 3288 3166 longe
3319 3101 3518 3150 autem
3541 3094 3738 3151 abilla

2082 3182 2306 3238 amicos
2337 3183 2556 3240 habere
2605 3202 2726 3241 non
2783 3185 2908 3240 vult
2960 3184 3198 3256 aliquis,
3251 3199 3390 3239 nam
3421 3185 3617 3256 potius
3649 3190 3740 3240 est

2019 3282 2042 3302 λ
2083 3269 2209 3342 ipse
2240 3274 2593 3340 arrogantia
2623 3275 2869 3330 amicus.

2150 3361 2223 3415 Ut
2277 3379 2570 3419 venenum
2629 3364 2920 3436 serpentis
2970 3363 3172 3437 fugere
3234 3364 3457 3419 bonum
3516 3368 3622 3432 est,
3659 3363 3742 3420 ita

2076 3465 2392 3519 pravorum
2424 3455 2936 3509 conversationem
2967 3461 3032 3508 ut
3062 3459 3315 3524 pestem.

2152 3539 2222 3593 Ut
2247 3539 2528 3596 decorum
2563 3548 2653 3598 est
2683 3560 2804 3598 non
2837 3543 3035 3615 fugere
3068 3543 3399 3598 amicorum
3431 3558 3736 3613 occursus,

2080 3627 2167 3682 Ita
2199 3627 2478 3685 decorum
2506 3629 2706 3702 fugere
2738 3631 2892 3686 viros
2923 3632 3186 3687 insanos.

2150 3717 2410 3781 Quorum
2442 3719 2559 3775 vita
2586 3720 2946 3788 communis,
2978 3720 3194 3776 horum
3241 3735 3479 3792 quoque
3510 3719 3737 3776 fructus

2082 3822 2450 3863 communes.

2151 3895 2372 3960 Quibus
2420 3914 2665 3970 corpore
2716 3902 2926 3954 exutus
2975 3915 3096 3954 non
3160 3896 3378 3970 egebis,
3412 3897 3538 3954 haac
3595 3914 3740 3954 con-

2082 3993 2302 4044 temne.

2223 4079 2293 4134 Ut
2326 4077 2651 4134 moriturus
2683 4078 2800 4134 tuis
2835 4076 3016 4134 'bonis
3045 4083 3236 4134 utere.

2227 4259 2300 4314 Ut
2326 4263 2526 4312 autem
2552 4257 2810 4314 victurus
2841 4257 3319 4330 possessionibus
3350 4273 3546 4329 parce.

2154 4346 2322 4402 Absit
2348 4363 2514 4402 amor
2543 4347 2818 4418 proprius
2850 4348 2951 4419 qui
2983 4348 3185 4402 omnia
3215 4346 3342 4402 odit
3373 4346 3386 4401 Ι

2159 4524 2271 4594 (25)
2299 4523 2469 4595 Apud
2508 4523 2667 4606 Stob.
2703 4510 2790 4577 tit.
2823 4524 2878 4590 5,
3003 4525 3089 4606 ρο,
3127 4529 3184 4577 et
3214 4525 3432 4604 Anton.
3467 4522 3652 4576 Serm.
3690 4525 3740 4586 1,

2159 4613 2219 4648 .a.
2255 4599 2306 4648 7.
2370 4597 2434 4648 ln
2484 4594 2746 4648 editione
2808 4594 2904 4648 Sto
2950 4612 3020 4648 an
3079 4595 3441 4648 Schownana.
3502 4609 3556 4648 ι).
3617 4593 3739 4648 138.

2808 4593 3020 4673 ξιοὺξεί
3069 4595 3441 4673 Schovviana,
3502 4609 3556 4673 p_.
3617 4593 3739 4673 138,

2092 4662 2436 4739 Pythagorae
2465 4665 2761 4739 tribuitur.
2795 4666 3106 4739 Porphyrii
3137 4667 3332 4739 simile
3355 4662 3648 4739 monitum
3668 4662 3741 4739 ad

2091 4731 2354 4810 M'arcfp.
2398 4739 2624 4810 25:_'Qv
2686 4733 2743 4790 δὲ
2798 4731 3208 4810 τοῦξσῶματος
3267 4732 3648 4810 ἀπαλλαγεῖσα
3677 4731 3740 4786 ού

2091 4805 2355 4882 δεηθήσῂ,
2417 4806 2632 4860 ἐκείνων
2682 4805 3050 4880 καταφεύγει(
3088 4808 3295 4863 Sextus
3352 4805 3549 4882 Rufini
3606 4821 3739 4882 pag.

2090 4878 2440 4936 648:«'non
2473 4885 2707 4948 oportet
2761 4878 3143 4934 contemnere
3189 4895 3260 4934 ea
3316 4878 3530 4949 quibus
3562 4878 3739 4932 etiam

2089 4958 2224 5023 post
2279 4950 2732 5023 dispositionem
2791 4953 3056 5022 corporis
3111 4966 3395 5023 egemus:
3431 4972 3458 4999 »
3515 4949 3742 5023 forsan,

2090 5020 2117 5073 ἆ
2144 5021 2596 5093 depositionem.
2626 5045 2652 5070 »
2677 5023 2855 5077 Notus
2875 5020 2965 5077 est
2984 5020 3400 5077 recen'tiorille
3431 5020 3745 5076 verborum

2089 5095 2378 5165 deponere,
2412 5093 2700 5162 depositio.
2734 5109 2962 5148 sensus.
3021 5095 3150 5164 Ipse
3202 5094 3452 5149 Ruﬁnus
3492 5110 3549 5164 p.
3603 5093 3745 5146 653:

2095 5185 2120 5218 ι
2157 5165 2606 5220 tabernaculum
2639 5165 2881 5236 quidem
2909 5166 3175 5236 corporis
3200 5166 3453 5236 graviter
3475 5165 3626 5220 ferre
3650 5179 3748 5218 su-

2089 5237 2339 5310 perbum
2372 5243 2462 5290 est
2484 5236 2804 5310 ;_deponere
2834 5243 3033 5292 autem
3075 5254 3266 5310 posse.
3303 5253 3437 5292 cum
3471 5241 3745 5310 oportue-

2090 5306 2186 5374 rit,
2221 5308 2280 5362 in
2305 5325 2468 5378 pace.
2503 5306 2746 5364 beatum'
2775 5315 2881 5364 est.
2919 5332 2946 5356 ››
2979 5306 3330 5378 Aptissimus
3353 5315 3443 5379 est
3472 5306 3746 5379 apposita

2091 5381 2255 5435 locus
2287 5375 2588 5452 Georgidis
2621 5397 2800 5451 supra
2830 5397 2959 5452 pag.
3085 5399 3098 5446 ;
3159 5380 3362 5452 Θνητὸν
3416 5375 3742 5452 gldium-

2091 5452 2312 5520 σκήνιον
2364 5449 2463 5504 ἐπὶ*
2508 5453 2577 5522 τῇ
2634 5449 2845 5504 τούτου
2888 5449 3138 5530 ἀποθέσει
3189 5449 3358 5523 μηδὲν
3421 5449 3625 5530 λυποῦ.
3663 5449 3747 5530 1-,—

2091 5524 2174 5578 Cf.
2208 5523 2436 5591 Taylor.
2471 5522 2530 5576 in
2564 5523 2822 5579 Classico
2873 5523 3068 5578 Diario
3102 5529 3142 5576 t.
3177 5540 3382 5591 xpr.
3417 5523 3540 5591 268,
3577 5525 3635 5575 et
3663 5522 3749 5573 si-

2091 5540 2174 5578 ω.
2220 5540 2436 5582 Iavwr.
2471 5540 2530 5576 in
2564 5540 2822 5579 unassnco
2873 5540 3068 5578 unario
3102 5540 3142 5576 ι.
3177 5541 3290 5584 χχι,
3372 5565 3382 5573 .
3417 5540 3449 5576 z

2091 5581 2306 5650 milem'
2330 5595 2525 5650 locum
2557 5611 2736 5663 supra
2768 5611 2896 5664 pag.
2937 5595 3059 5662 105,
3098 5594 3193 5647 Ὠν
3225 5540 3450 5649 οὖδξν...

2162 5668 2272 5740 (26)
2306 5667 2598 5722 Lucianus
2627 5666 2820 5738 Epigr.
2855 5667 2923 5721 2‘5

3348 5867 3422 5924 37
