4128 6308
351 390 503 449 “65

345 523 418 576 'A
448 523 566 581 τοῖς
599 518 895 596 γενάρχαις
925 520 954 574 ὁ
984 517 1362 592 προσερπύσας
1390 515 1512 595 ὄφις
1542 521 1644 592 ll),

347 613 429 666 Δι’
458 606 663 679 ἡδονῆς
688 604 877 678 ἔπλεξε
909 606 1251 682 συμπλακεὶς
1282 607 1480 676 πάλαι,

352 700 457 757 Καὶ
486 701 584 768 τήν
616 698 1079 772 πολυθρύλλητον
1108 699 1274 768 ἧτταν
1308 697 1606 770 θαυμάσας,

349 789 456 846 Καὶ
487 796 586 856 τῆς
623 786 859 850 παλαιᾶς
889 793 980 842 νῦν
1016 790 1146 861 ἀρᾶς
1185 787 1532 859 μεμνημένος

343 881 444 934 ’Ἢν
476 879 528 949 ἐξ
559 878 777 934 ἐκείνων
811 881 846 948 ἡ
883 880 1092 954 βροτῶν
1131 879 1280 951 εὗρεν
1311 881 1385 950 (2)
1426 876 1606 949 φύσις,

343 969 591 1042 Ἐχθροῦ
623 963 878 1045 φανέντος
907 975 1006 1036 τῆς
1041 965 1220 1037 πάλης
1252 965 1570 1038 ὑπερτέρου,

347 1063 460 1125 Τῆς
492 1063 588 1125 σῆς
623 1056 674 1110 ἐν
717 1055 902 1118 αὐτοῖς
932 1061 1218 1129 συμφορᾶς
1248 1053 1594 1121 ἐτιαισθεὶνου⁹

346 1146 435 1207 Ὠς
466 1145 557 1200 καὶ
593 1143 886 1220 λελογχὼς
917 1149 994 1217 (3)
1022 1149 1129 1200 τῶν
1165 1142 1372 1216 ὁμοίων
1402 1140 1760 1214 σκαμμάτων.

422 1234 574 1291 Ἐπεὶ
606 1233 707 1307 γὰρ
742 1233 854 1288 εἶδε
889 1239 998 1288 τῶν
1029 1237 1240 1302 νοητῶν
1267 1233 1368 1300 τὴν
1400 1229 1556 1310 φύσιν

345 1324 407 1381 Ὀ
438 1323 565 1395 πρὶν
599 1322 777 1377 πεσὼν
811 1319 1077 1392 δύστηνος
1110 1321 1168 1376 ἐκ
1198 1323 1401 1395 φθορᾶς
1442 1317 1679 1393 δράκων,

349 1413 448 1467 Καὶ
474 1413 574 1481 τὴν
607 1409 754 1467 κάτω
783 1412 1082 1484 σύμπηξιν,
1118 1408 1342 1485 ἁῤῥῆτῳ
1366 1409 1543 1484 τάχει,

347 1503 516 1575 Λόγῳ
548 1503 920 1576 παραχθεῖσάν
956 1521 1015 1556 τε
1046 1505 1121 1573 (4)
1152 1499 1243 1554 καὶ
1277 1499 1456 1573 βουλῇ
1493 1496 1658 1571 μόνῃ,

348 1590 486 1647 Οἶον
509 1590 572 1644 τὸ
602 1591 796 1644 σεπτὸν
829 1594 928 1656 τῆς
962 1584 1073 1641 ἅνω
1102 1585 1472 1664 κληρουχίας,

352 1673 655 1753 Χερουῦἶμ,
690 1679 920 1753 Ἀρχὰς,
951 1677 1040 1731 καὶ
1076 1676 1303 1750 Σεραφεὶ
1318 1697 1376 1748 μ,
1406 1674 1497 1728 καὶ
1529 1671 1786 1747 Θρόνους,

340 1767 798 1841 ,ἈρχαγγέΛους,
828 1764 1005 1834 τάξεις
1035 1783 1093 1819 τε
1131 1767 1370 1840 φρικτῶν
1403 1760 1704 1837 ’Λγγέλων,

352 1861 483 1924 Γῆν,
517 1855 768 1929 οὐρανὸν,
797 1854 888 1907 καὶ
929 1857 1095 1907 πᾶσαν
1124 1853 1226 1920 τήν
1260 1850 1470 1925 ἄστρων
1510 1850 1678 1923 θὲσιν,

351 1944 532 2019 ’Ύδωρ
563 1966 623 1999 τε
651 1945 742 1998 καὶ
772 1947 902 2017 πῦρ,
937 1943 1066 2014 ἀέρα
1101 1942 1189 2013 ξὺν
1217 1943 1417 2016 αἰθέρι,

358 2038 634 2107 Φωστῆρα
665 2037 741 2105 (5)
770 2030 1095 2106 διφρεύοντα
1125 2032 1260 2105 πρὸς
1298 2032 1397 2098 τήν
1429 2031 1663 2104 ἡμέραν,

351 2121 567 2178 ’Ἂλλον
600 2120 656 2176 δὲ
687 2119 1024 2194 πυρσεύοντα
1051 2121 1218 2174 νύκτα
1249 2120 1601 2194 προστόρως,

355 2209 544 2281 Κτήδη
577 2231 656 2280 τε,
689 2209 860 2280 νηκτὰ
891 2211 1064 2262 πάντα
1094 2207 1182 2262 καὶ
1215 2211 1432 2277 πτηνῶν
1461 2207 1640 2280 γενος,

350 2303 454 2358 Καὶ
485 2303 653 2356 πάντα
690 2301 902 2372 κόσμον
937 2298 988 2353 ἐν
1023 2299 1176 2371 λόγῳ
1208 2298 1507 2375 πεφηνότα,

345 2396 549 2446 Τοῦτον
581 2389 638 2445 δὲ
672 2390 822 2468 χειρὶ
852 2389 942 2442 καὶ
978 2383 1300 2461 προϐοδλίῳ
1337 2386 1489 2458 μόνῳ

349 2478 600 2535 Λαδόντα
624 2481 723 2546 τήν
758 2477 984 2551 ὕπαρξιν
1018 2474 1380 2549 ἐνθεεστέραν,

352 2568 455 2624 Καὶ
489 2565 758 2636 δεσπότην
789 2563 1078 2639 δειχθέντα
1106 2569 1211 2618 τῶν
1239 2561 1584 2638 τεταγμένων

349 2659 444 2719 Ὠς
476 2657 676 2718 παντὸς
708 2653 882 2710 ἄλλου
919 2656 1278 2728 προκριθέντα
1309 2657 1384 2723 τῷ
1416 2649 1595 2724 λόγῳ,

353 2750 538 2820 Τιμῆς
575 2766 631 2799 τε
661 2745 836 2811 πάσης
868 2738 1012 2806 ἔνθεν
1045 2743 1378 2814 ἠξιωμένον,

349 2837 446 2892 Ἐκ
473 2839 570 2890 τοῦ
603 2831 879 2907 δεδεῖχθαι
905 2829 1000 2884 τοῦ
1033 2836 1168 2886 Θεοῦ
1187 2831 1303 2885 κατ’
1332 2829 1512 2884 εῗκὸνα
1549 2832 1649 2903 (6),

351 2927 514 2982 Κινεῖ
539 2925 654 2978 κατ’
688 2923 860 2977 αὐτοῦ
891 2926 1066 2975 πᾶσαν
1093 2919 1151 2974 ἐκ
1184 2919 1382 2996 φθόνου
1403 2918 1611 2989 πάλην,

351 3015 495 3077 Ἕως
522 3013 698 3089 ἀφῆκε
725 3018 825 3079 τῆς
860 3007 1028 3081 Ἐδὲμ
1057 3013 1155 3062 τοῦ
1185 3007 1421 3082 χωρίου,

351 3105 441 3161 Ἐν
471 3101 516 3174 ᾦ
545 3105 752 3158 τὲθειτο
782 3101 871 3155 καὶ
904 3104 1230 3178 φ’)τουργεῖν
1261 3097 1352 3152 καὶ
1389 3093 1560 3169 μένειν
1596 3101 1696 3168 (7),

353 3191 457 3250 Καὶ
486 3196 605 3248 ταῖς
640 3190 840 3253 ἐκεῖθεν
875 3190 1135 3266 ἑντρυφᾷν
1167 3187 1485 3264 γεωργίαις.

423 3278 610 3353 Ἑδέμ,
640 3279 703 3334 τὸ
733 3281 950 3333 πάντων
992 3279 1171 3350 Θαῦμα
1201 3281 1300 3350 τῇς
1331 3277 1446 3333 "Em
1479 3277 1553 3349 l8)
1582 3276 1789 3348 τόπων,

350 3373 449 3428 Ἤν
482 3368 879 3444 τετράκλυστον
907 3373 980 3439 (9)
1011 3365 1194 3441 ὥσπερ
1225 3364 1450 3440 ἀρδεῦον
1478 3363 1624 3441 ὕδωρ

349 3463 542 3516 Φυτῶν
576 3456 828 3512 ἁπάντων
862 3462 976 3528 (10)
1009 3454 1238 3511 δεικνύει
1272 3453 1608 3528 μαιεύτριαν,

347 3547 576 3617 Πολλὴν
609 3547 881 3626 φερόντων
913 3546 1155 3620 τέρψεως
1187 3542 1512 3619 εὐμορφίαν,

354 3637 452 3690 Καὶ
487 3641 658 3690 πᾶσαν
691 3637 816 3707 ὄψιν
848 3632 1152 3688 ἑστιώντων
1185 3631 1258 3692 εἰς
1291 3633 1447 3704 αγαν.

356 3728 527 3803 ’ῼπερ
561 3723 821 3786 δεδοικὼς
857 3725 885 3778 ὁ
919 3726 1129 3791 πλάνης
1162 3721 1540 3795 προσεγγίσαι.

359 3821 453 3877 Ὠς
486 3817 582 3869 οἷα
613 3814 760 3890 χειρὶ
789 3818 886 3868 τοῦ
917 3815 1051 3867 Θεοῦ
1085 3810 1423 3883 λελημμὲνῳ

357 3906 461 3962 Καὶ
489 3906 591 3973 τήν
616 3903 820 3967 ἐκεῖθεν
852 3902 973 3975 δψιν
1008 3901 1356 3973 ὡραϊσμένῳ,

351 3989 464 4063 Ειᾳ
500 3992 751 4068 πρόσεισι
783 3995 851 4064 τῇ
885 3991 1037 4064 φύσει
1071 3988 1396 4062 νωθεστέρσιν

351 4083 460 4137 Καὶ
491 4085 560 4155 τῇ
597 4083 732 4156 πρὸς
766 4077 933 4153 ἄνδρα
962 4073 1253 4150 προσϐολῇ
1288 4073 1592 4152 σοφωτέρᾳ,

352 4172 456 4228 Ἤν
493 4169 569 4231 εἷς
603 4170 804 4244 βοηθὸν
838 4173 950 4240 (Η)
981 4166 1072 4221 καὶ
1104 4165 1355 4238 συνεργὸν
1382 4168 1478 4218 τοῦ
1515 4164 1638 4238 βίου

350 4260 600 4335 Πλευρᾶς
633 4263 743 4331 (12)
777 4258 987 4313 ἐκείνου
1023 4256 1214 4331 μικρὸν
1252 4253 1449 4324 ἐξελὼν
1478 4253 1701 4332 τρύφος,

350 4347 574 4422 Ἔδειμε
601 4350 692 4404 καὶ
725 4346 959 4403 δεδωκεν
994 4346 1141 4416 αὐτῷ
1181 4345 1497 4421 πανσιῖφως,

356 4440 655 4497 Ἐνυπνίων
684 4437 922 4516 δώρημα
955 4440 1062 4511 (l3)
1094 4436 1186 4490 καὶ
1220 4434 1397 4490 πόνων
1427 4436 1577 4498 ἄκος·

361 4530 458 4593 Οἷς
489 4531 578 4584 καὶ
613 4527 914 4605 παρασχὼν
949 4525 1186 4580 ἐντολῶν
1228 4523 1575 4598 ὑποσχέσεις,

429 4779 507 4852 (l)
537 4773 970 4852 Codex,_att’itoi§
996 4777 1209 4852 ysv,_In
1241 4775 1359 4830 line
1391 4772 1593 4829 addidi
1624 4769 1781 4852 ὄφιςε
1813 4780 2008 4849 potuit

365 4846 665 4933 et'Spgigcwv
699 4848 855 4905 addi.
891 4846 1137 4903 Librarii
1170 4862 1382 4901 manus
1413 4861 1570 4901 nunc
1619 4846 1709 4902 est
1763 4846 2008 4919 prorsus

363 4922 752 5063 θνῗὲιὲδξίοι,
785 4990 924 5062 εὗρε,
957 4990 1116 5062 quod
1145 4989 1483 5063 relinquere
1519 4987 1582 5042 in
1631 4997 1900 5063 poemate
1949 4993 2010 5048 id

364 5060 550 5138 genus
582 5079 786 5138 secure
837 5060 1128 5134 poteram.
1174 5061 1266 5116 Sic
1312 5076 1364 5115 ν.
1417 5060 1506 5125 61,
1558 5060 1742 5133 φρεσὶν
1798 5065 2009 5137 scripsi

365 5133 471 5208 pro
505 5133 681 5212 φρεσί.
846 5133 853 5134 ί

436 5210 516 5278 (3)
546 5207 760 5272 Codex,
792 5201 1110 5329 λελουγιώς.

439 5282 516 5329 (4ὶ
548 5276 750 5329 Λόγωζ
787 5277 842 5329 Sl
876 5293 974 5329 oui
1024 5293 1110 5329 em

439 5272 516 5350 (4)
548 5276 711 5351 Λόγῳ
737 5294 750 5332 :
787 5277 842 5331 Si
876 5272 1113 5351 quidem
1139 5277 1290 5329 Deus
1313 5272 1793 5351 aiebat_modo,et
1813 5281 2016 5336 omnia

369 5345 607 5406 ﬂebant.
641 5345 810 5405 'Nota
863 5345 1003 5403 sunt
1058 5350 1351 5402 Geneseos
1409 5345 1604 5407 verba.
1656 5347 1746 5399 καὶ
1804 5351 1953 5403 εἶπεν
1985 5354 2014 5405 ὁ

368 5421 569 5485 Θεός...
602 5421 768 5486 Quod
800 5421 1068 5489 sequitur
1099 5419 1358 5489 παράγειν
1390 5416 1462 5472 de
1498 5434 1558 5471 re
1591 5419 1795 5475 eadem
1837 5422 2015 5478 adhi-

366 5492 499 5548 buit
526 5494 784 5563 Joannes
813 5492 1016 5562 Chrys.
1053 5491 1245 5561 Eclog.
1278 5505 1452 5563 pag.“
1484 5490 1589 5542 4-22
1619 5506 1635 5563 :_
1685 5493 1805 5552 Πῶς
1857 5491 1948 5548 οὖν
1980 5496 2014 5563 ἡ

365 5569 438 5638 γῆ
471 5556 1046 5640 γέγοςθεν-ᾅνθρωτξοω
1095 5556 1222 5614 πῶξ
1274 5556 1331 5611 δὲ
1382 5556 1546 5640 αὕτη.
1582 5559 1682 5614 οὐκ
1728 5563 1858 5618 οὖσα
1912 5556 2018 5620 παλ

370 5631 566 5710 ῥήγέτὸ
598 5653 612 5702 ;
644 5634 745 5690 ubi
778 5633 1128 5696 Matthaiius,
1166 5638 1375 5686 Auctor
1426 5631 1842 5704 Philopatridis
1871 5638 1898 5710 β
1934 5640 2020 5706 l3,

372 5707 444 5763 de
481 5708 612 5763 luce
643 5704 1037 5762 inenarrabili
1070 5719 1174 5760 seu
1206 5704 1324 5760 Deo
1355 5718 1368 5758 :
1402 5701 1564 5776 Λόγῳ
1606 5704 1756 5778 μόνῳ
1805 5691 2022 5782 ῥηθέντι

1355 5743 1368 5758 ⁹
1402 5743 1564 5776 “VI‘I’
1606 5743 1756 5778 1⁵⁸⁵⁸⁸⁷⁸1⁸
1805 5743 1871 5779 P't

1318 384 1599 447 DRAMA
1643 387 1744 447 DE
1793 385 2008 446 PlllMl
2053 386 2449 448 PARENTIS
2501 387 2769 449 LAPSU.

2023 524 2073 588 Α
2104 523 2218 576 mis
2248 522 2594 594 parentibus
2629 522 2922 593 adrepens
2945 539 3192 594 serpens
3217 539 3324 594 per
3345 523 3764 580 blandimenta

2039 4623 2088 4689 D

3606 389 3760 448 1166

2108 612 2401 667 allocutus
2433 613 2577 667 olim
2629 614 2998 684 prmparavit,
3064 618 3122 668 et
3176 612 3466 667 famosam
3525 613 3756 668 cladem

2109 707 2374 772 stupens.
2405 707 2462 757 et
2485 703 2794 773 antiquam
2822 702 3303 757 maledictionem
3328 702 3386 756 in
3412 701 3760 757 memoriam

2108 808 2267 845 nunc
2301 809 2600 853 revocans,
2645 808 2819 862 quam
2878 808 2944 846 ex
2986 792 3079 846 his
3139 791 3481 846 mortalium
3535 791 3765 862 excepit

2108 886 2341 944 natura,
2364 897 2496 935 cum
2531 881 2812 936 inimicus
2843 880 2904 934 in
2939 897 3136 952 pugna
3157 880 3430 951 superior
3455 879 3755 950 apparuit,

2113 974 2277 1024 tuum
2310 970 2370 1023 in
2402 970 2522 1024 illis
2555 969 2947 1024 infortunium
2980 969 3230 1041 conjice,
3264 974 3549 1039 tanquam
3583 969 3759 1024 simi-

2109 1055 2226 1111 lem
2261 1073 2463 1111 casum
2496 1057 2760 1114 sortitus.

2184 1236 2328 1289 Nam
2363 1249 2496 1288 cum
2530 1233 2675 1288 vidit
2705 1233 3105 1305 spiritualium
3145 1237 3418 1288 naturam
3459 1233 3559 1303 qui
3594 1232 3760 1304 prius

2113 1322 2408 1378 ceciderat
2456 1323 2783 1377 miserabili
2841 1323 3016 1378 ruina
3062 1322 3260 1388 draco,
3310 1328 3368 1376 et
3414 1321 3759 1376 inferiorem

2115 1412 2476 1466 creationem
2508 1411 2798 1466 indicibili
2831 1412 3152 1477 celeritate,
3207 1411 3382 1466 verbo
3427 1415 3658 1465 tantum
3701 1414 3761 1464 et

2114 1503 2414 1557 voluntate
2445 1503 2788 1574 perfectam,
2821 1509 3129 1574 augustam
3161 1502 3391 1557 scilicet
3437 1517 3758 1572 supernam

2115 1591 2339 1659 sedem,
2366 1592 2705 1649 Cherubim.
2731 1595 3080 1657 Potestates,
3107 1591 3439 1663 Seraphim,
3472 1591 3760 1658 Thronos,

2113 1682 2516 1754 Archangelos
2537 1681 2897 1752 ordinesque
2923 1679 3370 1736 tremendorum
3393 1679 3760 1750 angelorum,

2114 1775 2355 1839 terram,
2389 1771 2601 1826 cmlum
2635 1775 2693 1825 et
2721 1787 2959 1824 omnem
2991 1775 3286 1825 astrorum
3309 1767 3763 1838 dispositionem

2114 1876 2332 1930 aquam
2359 1877 2595 1930 quoque
2627 1864 2685 1914 et
2716 1860 2934 1932 ignem,
2969 1875 3166 1914 aerem
3201 1873 3337 1913 cum
3378 1856 3618 1920 aathere,
3671 1854 3762 1910 lu—

2115 1949 2343 2004 minare
2376 1966 2562 2004 unum
2596 1966 2772 2004 curru
2805 1948 2962 2004 diem
2986 1948 3358 2016 illuminans,
3384 1945 3760 2016 alterumque

2114 2039 2359 2109 pulchre
2391 2045 2627 2094 noctem
2661 2039 2991 2104 illustrans,
3046 2037 3288 2105 bestias,
3337 2036 3672 2091 natantium
3705 2039 3764 2089 et

2112 2128 2439 2182 volucrium
2472 2145 2658 2196 genus
2689 2144 2888 2194 omne,
2924 2133 2981 2181 et
3012 2125 3300 2181 mundum
3324 2125 3665 2179 universum
3697 2123 3759 2177 in

2113 2217 2286 2272 verbo
2311 2217 3153 2288 apparentem.hominemque
3178 2230 3357 2269 manu
3383 2218 3441 2267 et
3459 2212 3761 2267 voluntate

2113 2305 2239 2360 sola
2269 2312 2604 2360 sumentem
2639 2304 2990 2360 diviniorem
3025 2302 3452 2362 exsistentiam.
3489 2307 3547 2355 et
3571 2300 3767 2354 domi-

2109 2401 2377 2450 natorem
2405 2401 2708 2450 ostensum
2733 2394 3001 2448 omnium
3027 2392 3454 2463 subjectorum,
3475 2396 3765 2460 tanquam

2110 2484 2182 2539 ab
2216 2484 2375 2538 omni
2409 2484 2524 2539 alio
2555 2484 2784 2538 ratione
2815 2482 3215 2541 differentem,
3240 2479 3403 2536 omni
3428 2478 3764 2533 bonorehic

2110 2572 2354 2644 dignum
2387 2573 2677 2639 habitum,
2712 2589 2780 2627 eo
2813 2571 2968 2643 quod
3002 2577 3278 2626 ostensus
3312 2570 3389 2623 sit
3445 2569 3633 2623 factus
3687 2566 3762 2622 ad

2109 2663 2209 2718 Dei
2243 2663 2585 2735 imaginem,
2621 2667 2816 2717 movet
2847 2667 3052 2716 contra
3077 2660 3247 2714 illum
3277 2658 3348 2713 ab
3381 2657 3604 2712 invidia
3633 2656 3762 2712 bel-

2107 2750 2252 2814 lum,
2287 2750 2618 2821 usquedum
2675 2749 2871 2822 abigat
2920 2765 2990 2802 ex
3040 2747 3256 2802 Edenis
3314 2746 3476 2812 sede,
3521 2745 3584 2800 in
3642 2760 3759 2815 qua

2109 2839 2434 2894 collocatus
2466 2845 2592 2894 erat
2616 2844 2682 2893 ut
2704 2843 3050 2910 cperaretur
3080 2843 3140 2892 et
3168 2834 3513 2905 custodiret,
3537 2833 3756 2889 etinde

2110 2928 2339 2984 eductis
2366 2927 2660 2984 fructibus
2689 2927 3012 2983 laataretur.

2035 3253 2079 3321 θ
2179 3287 2340 3343 Eden
2366 3291 2493 3342 erat
2513 3286 2772 3343 Orientis
2796 3285 3063 3342 locorum
3085 3283 3357 3340 omnium
3377 3281 3754 3349 miraculum,

2109 3393 2286 3448 quem
2319 3375 2694 3448 quadruplici
2753 3374 2999 3430 ﬂumine
3059 3374 3229 3445 quasi
3287 3372 3540 3445 irrigans
3597 3386 3752 3443 aqua

2107 3465 2407 3521 fructuum
2441 3466 2707 3520 omnium
2739 3464 2998 3520 feracem
3056 3461 3426 3529 ostendebat,
3476 3461 3753 3516 decoram

2107 3560 2476 3609 venustatem
2513 3554 2728 3624 ubique
2749 3553 3158 3624 pendentium,
3185 3557 3243 3606 et
3262 3555 3537 3622 aspectus
3557 3565 3752 3603 come-

2109 3644 2376 3699 dentium
2409 3643 2731 3698 admodum
2763 3642 3208 3697 delectautium.
3236 3641 3319 3696 Ad
3343 3656 3519 3710 quem
3543 3645 3756 3692 treme-

2108 3731 2344 3788 bundus
2377 3731 2654 3786 seductor
2683 3747 2816 3786 cum
2851 3730 3218 3794 accessisset,
3271 3728 3448 3784 talem
3497 3725 3690 3797 qualis
3722 3741 3752 3780 e

2109 3838 2288 3876 manu
2325 3821 2422 3874 Dei
2456 3820 2698 3878 exierat.
2751 3825 2809 3873 et
2860 3819 2997 3874 inde
3048 3819 3253 3874 oculos
3308 3813 3750 3889 pulchritudine

2101 3911 2430 3981 juvantem.
2462 3910 2632 3963 Evam
2665 3909 2785 3963 adit
2848 3915 3058 3962 natura
3115 3906 3511 3962 socordiorem
3572 3909 3630 3958 et
3677 3901 3750 3956 ad

2109 3997 2491 4052 alliciendum
2509 3997 2698 4050 virum
2721 3995 3300 4065 solertiorem,quam
3319 3993 3379 4048 in
3395 3992 3752 4063 udjutricem

2111 4093 2170 4141 et
2198 4088 2475 4142 comitem
2508 4087 2638 4141 vitae
2671 4103 2741 4140 ex
2790 4085 2952 4140 illius
3002 4090 3165 4140 costa
3217 4099 3459 4155 parvum
3511 4081 3757 4136 eliciens

2108 4177 2508 4249 fragmentum
2542 4175 2895 4231 formaverat
2924 4175 3078 4229 Deus
3101 4180 3158 4229 et
3180 4173 3423 4228 dederat
3443 4171 3496 4226 ei
3519 4171 3760 4242 sapien-

2110 4271 2221 4333 ter,
2255 4266 2447 4322 somni
2487 4283 2700 4321 munus
2759 4271 2817 4320 et
2855 4264 3124 4319 laborum
3178 4262 3474 4318 solatium.
3534 4259 3758 4324 Quibus

2112 4356 2290 4410 etiam
2314 4355 2620 4426 proferens
2644 4353 3058 4410 mandatorum
3075 4351 3596 4423 significationem,
3628 4363 3764 4402 om-

2111 4445 2279 4500 nium
2309 4445 2589 4500 arborum
2633 4460 2808 4499 usum
2840 4441 3158 4509 concessit,
3190 4440 3335 4496 dum
3383 4454 3502 4494 una
3528 4441 3756 4492 tantum

2116 4783 2210 4923 ἔπ’
2239 4782 2479 4840 αὐτοῦ...
2513 4778 2798 4852 ἄνθρωπον
2831 4778 2891 4835 ἐκ
2921 4780 2998 4853 μὴ
3030 4777 3200 4839 ὄντως
3231 4775 3286 4838 ἐς
3337 4775 3400 4831 τὸ
3435 4776 3576 4831 εἶναι
3625 4793 3762 4848 παρ-

2155 4873 2307 4923 γαγε·
3160 4921 3192 4923 γε
3394 4920 3403 4923 -

2192 4873 2307 4924 αγε.

2155 4874 2488 4996 γῗέἷ-δοάοκ
2522 4923 2640 4979 alio
2672 4924 2879 4996 ordine
2906 4940 3108 4978 versus
3140 4920 3467 4996 disposuit,
3490 4923 3769 4996 ξιξωστῆρα

2118 4991 2417 5068 -”Υδωρ,
2446 5012 2622 5065 quem
2654 4995 2895 5061 mutavi,
2921 4991 3333 5068 sententias—ut
3354 4991 3613 5068 nitidius
3634 4991 3767 5068 conv

2122 5064 2528 5147 cinnarentur,
2561 5074 2619 5121 et
2647 5074 2949 5138 prmeunte
2979 5067 3109 5138 ipsa
3141 5064 3506 5121 narrationis
3550 5064 3613 5118 in
3664 5064 3770 5118 Ge-

2123 5156 2253 5195 nesx
2285 5155 2459 5192 serie.

2194 5213 2272 5278 (6)
2313 5211 2455 5266 Gen.
2491 5227 2528 5276 ι,
2559 5209 2650 5274 26,
2689 5213 2778 5266 27.

2195 5283 2274 5352 (Ἡ
2305 5282 2446 5336 Gen.
2485 5299 2543 5349 ιι,
2582 5285 2665 5339 l5.

2197 5355 2270 5422 (8)
2304 5353 2450 5407 lbid.
2481 5355 2533 5408 8.

2199 5428 2273 5494 (9;
2310 5425 2449 5478 Ibid.
2494 5428 2576 5479 ιο.

2225 5497 2312 5566 lo)
2349 5495 2492 5551 Ibid.
2526 5499 2577 5551 9.

2229 5570 2315 5633 ll)
2348 5567 2491 5621 Ibid.
2530 5572 2615 5624 l8.

2202 5640 2315 5710 (l2)
2348 5639 2496 5693 lbid.
2531 5642 2620 5695 2i.

2203 5711 2319 5784 (ιε)
2350 5711 2496 5768 ibid.
