4136 6316
351 390 504 452 1173

344 525 448 582 Καὶ
479 527 578 589 τῆς
607 523 850 602 ἐφετμῆς
876 526 972 595 τῆς
1008 527 1146 601 ἐμῆς
1179 529 1568 604 παρεκλάπης,

345 613 480 687 Ἕσῃ
509 616 768 690 γεωργῶν
794 618 901 689 (42)
932 616 1028 678 τὰς
1060 617 1294 680 ἀκάνθας
1324 623 1420 672 τοῦ
1464 620 1608 695 βίου,

343 701 533 774 Αὕξων
567 702 812 773 ὶπαύξων
847 703 940 758 σὺν
972 711 1252 783 στεναγμῷ
1276 709 1366 762 καί
1407 706 1583 772 λύπας
1615 712 1751 783 (43).

349 791 489 865 Τέξῃ
521 796 634 863 (44)
667 790 724 847 δὲ
761 793 920 848 τέκνα
951 796 1042 849 σὺν
1075 793 1296 866 λύπαις,
1328 798 1496 868 Θνητὴ
1530 799 1705 875 φύσις.

340 877 556 956 Ἱόρῶσι
587 883 700 956 (45)
735 882 796 937 τὸ
829 884 1123 957 πρόσωπον
1152 883 1584 961 έρῥαντισμένος,

338 973 499 1044 Φαγῇ
531 972 644 1044 (46)
675 971 766 1026 τὸν
798 969 958 1042 ἄρτον
988 972 1039 1028 έν
1068 973 1260 1036 κόποις
1301 975 1390 1029 καὶ
1418 977 1721 1050 φροντίσιν,

335 1059 506 1126 "Eum,
536 1057 640 1114 ἐὼν
667 1067 772 1136 γῆς
799 1063 1059 1135 γηγενὴς,
1105 1059 1470 1138 παλινδρόμει
1501 1067 1632 1138 (47).

407 1186 521 1255 (42)
543 1187 760 1242 Genes.
804 1203 886 1253 ιιι,
923 1190 1011 1244 18.

409 1259 522 1327 (43,
555 1257 704 1313 Ibid.
744 1260 828 1312 ιδ.

409 1330 516 1398 (44)
548 1327 697 1382 lbid.

425 1401 519 1467 45)
545 1399 692 1454 Ibid.
729 1400 814 1454 19.

425 1402 519 1467 45)
545 1402 692 1454 Ibid.
729 1402 814 1454 19.

544 1471 760 1559 'Codex,
788 1470 955 1559 εραὶγηἰ
987 1474 1052 1528 In
1094 1474 1304 1559 Genesi
1336 1479 1698 1559 recteucpaxii.

402 1542 513 1611 (47)
543 1543 609 1596 In
644 1545 753 1597 hoc
783 1542 959 1597 metri
991 1561 1206 1611 genere
1237 1552 1356 1601 tam
1397 1542 1556 1602 facili
1590 1542 1683 1603 lei:
1707 1555 1985 1605 accentus

329 1613 799 1689 versificatorem
830 1613 1158 1689 impedivit,
1175 1625 1249 1689 ut
1271 1635 1378 1689 syn
1390 1619 1504 1674 taxi
1536 1619 1778 1689 insolita
1798 1629 1989 1676 utere-

333 1689 452 1749 tur,
480 1685 596 1762 nisi
620 1686 820 1762 forsan
845 1687 1172 1762 scripserit,
1232 1685 1456 1761 δραμεῖν
1487 1687 1674 1758 πάλιν,
1732 1692 1824 1747 vel
1862 1689 1986 1762 δρά-

335 1775 444 1833 μῃις
472 1753 654 1810 πάλιν.
675 1757 757 1813 0b
780 1753 1224 1833 inobservatam
1255 1753 1383 1816 eam
1415 1753 1697 1817 accentus
1718 1753 1983 1833 regulam

333 1827 591 1904 editores
608 1829 942 1904 carminum
963 1831 1328 1904 politicorum
1350 1827 1984 1904 saepe,utmodoosten-

333 1897 566 1966 debam,
599 1900 832 1954 muneri
866 1897 1329 1958 suo—defuerunt.
1361 1897 1552 1960 Unum
1572 1907 1976 1963 etiamaddam
2010 1906 2055 1971 B
2086 1897 2146 1964 in
2169 1897 2297 1964 cod.
2325 1897 2480 1966 i630.

330 1971 923 2042 exemplum.Pisides
946 1973 1026 2028 De
1065 1975 1246 2029 venit.
1283 1979 1384 2029 122
1425 1993 1437 2030 :
1472 1973 1582 2030 Οὐκ
1610 1974 1736 2031 οἴδα
1767 1980 1884 2041 πῶς
1911 1979 1976 2032 τὸ

1631 400 1954 461 CARMEN
1999 399 2078 460 IN
2123 398 2471 462 PAULUM.

2022 539 2078 603 Α
2110 533 2555 606 praescriptione
2588 536 2912 604 recessisti,
2945 537 3061 591 eris
3091 536 3338 593 culturas
3367 553 3582 595 vacans
3633 544 3755 614 spi-

3604 409 3758 470 1174

2103 640 2317 680 narum
2343 625 2494 688 vitaa,
2529 641 2749 696 augens
2780 632 2838 680 et
2871 627 3274 699 multiplicans
3324 630 3480 684 inter
3499 633 3752 702 gemitus

2102 718 2236 769 tuas
2267 730 2564 768 aerumnas
2593 730 2606 767 :
2639 715 2835 786 paries
2883 723 3079 771 autem
3117 718 3272 773 ﬁlios
3303 719 3364 773 in
3421 719 3748 789 doloribus,

2102 801 2372 856 mortalis
2403 807 2652 868 natura;
2685 803 3002 859 sudoribus
3032 806 3258 862 vultum
3299 808 3518 880 rigans,
3553 825 3747 866 come-

2101 890 2204 946 des
2237 907 2452 962 panem
2483 892 2545 946 in
2610 891 2912 948 laboribus
2958 901 3016 949 et
3067 896 3246 966 curis,
3302 896 3492 954 donec
3525 914 3560 953 a
3587 905 3742 956 terra

2100 977 2389 1035 oriundus
2421 979 2495 1035 ad
2519 985 2738 1036 terram
2768 983 3104 1039 revertaris.

2096 1191 2332 1290 ’πλάσμαλ
2353 1197 2483 1282 ’τῶν
2520 1193 2816 1290 βένυπνςωιγ
2875 1197 2975 1288 Ὠςς
3044 1202 3273 1290 πρᾶγμα
3332 1196 3567 1290 δειξνὺς,
3652 1202 3748 1256 καὶ

2098 1284 2293 1290 ..Α-..---
2345 1285 2446 1290 _-__
2564 1287 2617 1290 .l.
2695 1279 2783 1290 A._
2823 1287 2943 1290 _,_,__
3010 1289 3014 1290 ν
3124 1275 3176 1290 γε·
3305 1271 3318 1287 ‘
3578 1273 3603 1290 Α

2095 1265 2452 1341 φρενοφθόρῳ
2520 1265 2622 1392 ῗίῳ
2680 1266 3016 1337 Αἷσθητικήν
3077 1265 3220 1343 δρῶν
3258 1271 3360 1337 τήν
3418 1265 3744 1342 ἀναίσθητον

2095 1335 2329 1414 πλάνην.
2365 1341 2518 1414 More
2548 1339 2640 1394 lus
2670 1339 2969 1414 emendat.
3019 1340 3146 1414 βιῳ,
3176 1343 3404 1399 scilicet
3435 1366 3462 1392 ‹‹
3488 1351 3742 1401 nocente

2098 1409 2396 1465 mentibus
2420 1410 2556 1466 telo.
2602 1433 2628 1460 ››
2663 1411 2774 1466 Sed
2805 1427 2874 1466 ea
2905 1409 3272 1468 correctione
3321 1417 3623 1472 sententia
3651 1419 3744 1472 vix

2089 1482 2348 1560 j_uv_a_tur,
2378 1489 2436 1536 et
2461 1489 2715 1560 metrum
2739 1485 3204 1560 pessum_datur.
3240 1487 3368 1560 Legi
3395 1487 3592 1560 velim,
3629 1487 3739 1560 βίᾳ.

2094 1553 2208 1641 (ξιιὶ⁸
2226 1553 2354 1641 loco
2386 1554 2641 1641 amplius
2672 1555 3147 1641 etiamyrodess‘e
3171 1553 3532 1641 quid:v_etat.?
3552 1553 3745 1641 Pergit

2095 1623 2323 1678 Pisides
2349 1641 2358 1677 :
2389 1622 2538 1689 Πλῆν
2573 1626 2765 1696 μικρὸν
2817 1622 2972 1680 οὔπω
3024 1627 3114 1680 καὶ
3170 1622 3450 1700 παρῆλθεν
3485 1631 3520 1697 ἡ
3555 1622 3736 1713 χάρῖς,

2095 1693 2217 1713 nn“
2355 1693 2368 1712 ἱ
2498 1695 2510 1713 ’
2561 1696 2572 1709 ι
2670 1700 2696 1713 ’⁸
2841 1703 2866 1713 “⁹
2943 1703 2968 1713 ’⁸
3110 1697 3123 1713 ’
3178 1698 3188 1713 '
3337 1703 3377 1713 ιο
3540 1701 3552 1713 ι
3623 1703 3658 1713 .,

2095 1693 2265 1770 Εὐθὺς
2307 1693 2410 1770 γὰρ
2450 1693 2619 1770 αὐτόν
2669 1693 2866 1770 ζημιοῖ
2901 1703 3002 1770 τῆς
3069 1693 3270 1770 οὐσίας’.
3308 1693 3460 1770 'Non
3510 1693 3742 1770 dicitur

2095 1768 2228 1844 quis
2259 1765 2457 1837 ζημιοῖ
2489 1785 2500 1822 :
2532 1765 2826 1844 videlicet,
2859 1765 3117 1844 Εὕφωνος
3177 1765 3327 1844 ὅρνις
3375 1767 3610 1844 ἃγγελος
3633 1778 3735 1840 τῆς

2095 1790 2228 1836 (IIIIS
2259 1790 2455 1837 ςημιοῑ
2489 1790 2500 1822 ζ
2533 1790 2826 1831 νιαειιῡθι,
2859 1790 3117 1844 ωυφωνος
3177 1790 3327 1844 ορνις
3375 1790 3441 1844 αγ
3483 1790 3610 1832 εΛος
3633 1792 3733 1840 της

2092 1838 2301 1916 ἡμέρας
2334 1855 2548 1916 _:_qu_em
2570 1841 2887 1916 pulchrum
2918 1859 3150 1898 versum
3196 1790 3506 1898 commode
3539 1845 3733 1916 reperi

359 2104 3738 2136 ᾗ

869 2212 1473 2311 ΙΓΝΑΤΙΟΥ
1553 2215 2204 2312 ΔΙΑΚΟΝΟΥ
2279 2217 3202 2315 ΓΡΑΜΜΑΤΙΚΟΥ

1431 2389 1545 2446 ΕΙΣ
1573 2390 1847 2444 ΠΑΥΛΟΝ
1864 2388 2004 2445 ΤΟΝ
2037 2393 2224 2444 ΙΔΙΟΝ
2258 2389 2631 2446 ΜΔΘΗἸἮΝ,

1163 2614 1590 2705 IGNATII
1670 2615 2138 2703 DIACONI
2204 2616 2737 2706 GltAMMA'l
2770 2621 2922 2704 ICI

1499 2769 1571 2824 IN
1601 2769 1889 2825 PAULUM
1915 2769 2104 2826 SUUM
2122 2769 2567 2826 DISCIPULUM.

1435 2914 1625 2987 (Apud
1668 2915 2001 2983 MATMNGA,
2031 2915 2293 2972 Anccdot.
2329 2920 2367 2970 t.
2419 2917 2490 2985 ll,
2519 2915 2668 2985 6M.)

401 3144 640 3214 ’Άπορον
677 3139 796 3216 βίου
825 3141 888 3196 τὸ
900 3143 1098 3216 τέρμα,

332 3229 423 3283 Διὸ
444 3230 519 3302 μὴ
550 3230 756 3304 τρέχῃς
785 3227 1030 3301 ἀδήλως·

326 3319 554 3391 Ἀρετὴν
590 3315 780 3388 δίωξον
809 3315 970 3387 ἔνθεν,

323 3409 414 3465 Ἵν’
445 3405 648 3471 ἐκεῖθεν
680 3402 848 3464 ὄλϐον
881 3409 1082 3484 εὕροις.

396 3496 522 3558 Βίος
553 3497 616 3551 ού
647 3498 851 3575 πέφυκε
886 3497 1100 3572 μίμνειν

326 3585 441 3641 Βόα
468 3585 677 3660 εύμάρα
688 3587 801 3648 ηός
830 3586 996 3656 ὖστιν,

325 3673 691 3749 Ἀνύπαρκτός
723 3673 812 3730 ἐστ
821 3697 864 3730 ιν
899 3671 1068 3738 ὄλϐος

326 3767 640 3824 ’Λτύπωτόν
671 3765 812 3824 ἐστιν
843 3768 1020 3846 ἴχνος.

1011 3947 1093 4024 [δὶ
1118 3947 1314 4028 τέφρη,

325 4036 464 4094 Ὅσα
492 4037 592 4115 γὰρ
623 4038 830 4113 κόσμος
865 4035 979 4114 ἔχει
1007 4035 1217 4114 τύμϐος
1262 4039 1386 4118 ὑφέ-

397 4216 591 4290 Γοερὸν
623 4217 824 4271 κένωσε
864 4213 1033 4292 δάκρυ
1193 4129 1310 4202 [εει.

323 4305 491 4376 Ἐμὸν
524 4304 604 4367 εΐς
633 4304 800 4382 τάφον
831 4311 1091 4373 τεκοῦσα,

323 4393 494 4470 Ὀπερ
525 4394 571 4449 εἰ
605 4394 771 4468 μόνον
805 4392 1069 4465 δοκεύεις,

397 4523 670 4578 Incertus
700 4523 832 4579 vitae
863 4524 1178 4590 terminus,
1210 4523 1344 4580 ideo
1370 4539 1447 4579 ne
1477 4539 1681 4580 curras
1703 4523 1974 4578 incaute:

325 4611 603 4668 virtutem
635 4619 862 4668 sectare
894 4613 999 4677 ibi,
1031 4619 1096 4669 ut
1145 4613 1269 4669 illic
1300 4613 1647 4669 felicitatem
1687 4611 2000 4693 invenias._

401 4720 531 4777 Vita
557 4736 676 4774 non
707 4720 779 4775 ad
823 4720 1178 4776 morandum
1232 4726 1372 4776 nata
1425 4726 1533 4785 est,
1593 4737 1837 4789 gramen
1889 4725 1978 4774 est

327 4809 443 4864 cito
475 4826 772 4875 marcens,
807 4810 1031 4866 caduca
1059 4810 1334 4876 felicitas,
1381 4810 1693 4881 vestigium
1741 4809 1833 4863 vix
1864 4809 1978 4863 im-

326 4915 622 4971 pressum.

398 5006 542 5061 Ecce
569 5005 772 5061 omnia
800 5005 1017 5078 pulvis,
1057 5005 1257 5062 omnia
1309 5004 1463 5060 cinis
1516 5009 1704 5071 sunt;
1755 5007 1977 5075 quanta

327 5095 492 5150 enim
525 5094 786 5150 mundus
816 5095 1016 5159 habet,
1050 5095 1391 5167 sepulcrum
1417 5095 1668 5150 hauriet.

395 5203 861 5259 Lamentabilem
897 5203 1388 5259 exhausitﬂetum
1416 5219 1546 5273 quas
1577 5218 1671 5258 me
1693 5201 1756 5255 in
1773 5217 1974 5256 meum

327 5292 668 5364 sepulcrum
709 5292 978 5365 peperit;
1011 5292 1170 5364 quod
1197 5291 1246 5347 si
1278 5291 1472 5346 solum
1495 5289 1973 5353 observas,corde

323 5380 596 5437 dolorem
621 5381 866 5437 senties.

401 5488 700 5560 Lacrymis
720 5487 1048 5560 implentur
1066 5487 1627 5559 tumuli,inexpletis
1648 5486 1976 5557 implentur

326 5575 646 5642 lamentis;
680 5577 781 5648 qui
813 5577 975 5632 enim
1005 5576 1078 5632 ad
1111 5576 1405 5632 tumulum
1430 5593 1494 5633 se
1521 5576 1972 5641 convertit,inde

334 5679 648 5721 mmrorem
677 5665 959 5736 suscepit.

401 5773 593 5830 leum
622 5771 685 5830 in
716 5771 1056 5846 sepulcrum
1075 5777 1245 5829 tuum
1276 5770 1515 5829 oculum
1541 5773 1836 5844 aperiens,
1851 5777 1970 5831 ter-

1503 3140 1705 3216 Κραδίῃ
1735 3141 1899 3198 πόνον
1925 3141 2177 3213 συνέξεις.

1571 3230 1826 3304 Δακρύων
1851 3232 2080 3306 γέμουσι
2110 3226 2338 3305 τύμϐοι,

1496 3320 1776 3376 ἈπΛέτων
1811 3322 2071 3397 γέμουσιν
2104 3319 2323 3376 οἷ’κτων·

1497 3410 1558 3466 Ὀ
1588 3410 1690 3485 γὰρ
1722 3413 1798 3472 εἱς
1826 3411 1994 3484 τάφον
2023 3411 2306 3485 προκύψας

1502 3497 1784 3569 Συνέλεξεν
1818 3496 1965 3564 ἔνθεν
1996 3498 2193 3577 ἂλγος.

1571 3590 1734 3663 Ἐμὸν
1765 3590 1840 3650 εἰς
1868 3591 2036 3667 τάφον
2071 3591 2162 3645 σὸν
2195 3587 2351 3663 ὄμμα

1499 3682 1717 3752 Διάρας,
1745 3680 1975 3734 σκόπευε
2001 3684 2182 3753 γαῖανο

1498 3769 1631 3842 Ἐμὲ
1657 3769 1758 3845 γὰρ
1792 3766 2061 3842 ῥάδαμνον
2095 3767 2275 3841 ὥσπερ

398 3857 572 3914 Βλέπε
600 3863 719 3922 πῶς
755 3857 930 3915 πάντα
981 3861 1156 3930 κόνις,
1213 3860 1389 3916 πάκτα
1495 3861 1634 3918 Νέον
1669 3860 1914 3932 ἐξέκοψεν
1939 3855 2134 3930 ᾍδης.

1568 3949 1799 4026 Ζοφερὸν
1821 3946 1988 4017 δόμον
2013 3945 2276 4008 πετάσσας

1497 4038 1818 4112 Ἀκόρεστος
1851 4035 1970 4092 εἷλε
2008 4034 2273 4091 Πλούτων

1498 4128 1630 4201 Ἐμὶ
1662 4125 1876 4182 Παῦλον
1911 4126 2092 4201 ὥσπερ
2124 4121 2274 4196 ἔρνος

1495 4216 1752 4283 Ἀπαλὸν,
1782 4215 1964 4288 τεμὼν
2006 4215 2114 4291 πρὸ
2146 4213 2311 4287 ὥρας,

1569 4307 1804 4365 Θάνατος
1826 4305 1959 4360 νέων
1985 4305 2048 4361 τὸ
2069 4301 2278 4365 κάλλος

1497 4393 1666 4451 ’Όλον
1700 4396 1776 4457 ὡς
1818 4392 2000 4469 χλόην
2029 4393 2248 4468 θερίζει·

2674 3143 2918 3214 Δρεπάνη
2951 3143 3105 3199 πέλει
3129 3145 3233 3220 γὰρ
3267 3146 3426 3209 οὗτος

2670 3229 3072 3303 Ἀδιεξόδευτος
3102 3229 3292 3297 ὅντως.

2738 3321 2852 3380 Ἴδε
2880 3327 2986 3376 ποῦ
3014 3325 3253 3398 τρέχεις,
3285 3324 3510 3404 ἐπίσχες

2669 3410 2778 3469 Ἴδε
2808 3417 2925 3474 πῶς
2957 3417 3130 3488 φθορᾷ
3163 3414 3425 3488 συνάπτῃ·

2667 3505 2825 3557 Ὅσον
2861 3502 2919 3556 ἂν
2951 3499 3166 3577 δράμῃς
3188 3503 3292 3578 γὰρ
3324 3497 3469 3559 ἔνθεν

2667 3593 2847 3670 Τάφον
2870 3588 3126 3665 οὐδαμῶς
3153 3591 3446 3668 περάσσῃς.

2738 3681 2896 3742 Κόνις
2921 3681 2994 3742 ὥς
3023 3683 3225 3758 πέφυκε
3253 3681 3462 3754 κόσμος

2665 3767 2939 3844 ,Ομίχλη⁹
2975 3767 3201 3839 θύελλα,
3230 3770 3427 3843 τέφρη⁹

2666 3858 2908 3930 Ἀνέμων
2940 3855 3094 3924 δίκην
3129 3859 3195 3912 τὰ
3222 3857 3394 3913 πάντα

2665 3946 2853 4022 Ἀέρος
2883 3948 3042 4023 χύσιν
3080 3953 3352 4021 μιμεῖται.

2737 4039 2942 4112 Δαγόσι
2974 4039 3030 4110 μ’
3053 4035 3250 4112 ἔκρυψε
3280 4041 3412 4115 γαῖα

2667 4128 2837 4200 Λόγον
2868 4126 2929 4182 ού
2969 4125 3200 4205 φέροντα
3230 4129 3479 4199 πάμπαν

2667 4218 2854 4291 Φθορᾶ
2883 4217 2987 4292 γὰρ
3019 4215 3218 4287 πέδησε
3245 4217 3518 4292 γλῶτταν⁹

2668 4306 2854 4363 Μέλεα
2883 4305 3135 4362 σκέδασσε
3164 4308 3354 4363 πάντα.

2741 4395 3023 4471 Μογεροὺς
3051 4397 3246 4458 πόνους
3282 4416 3364 4457 τις
3392 4395 3540 4471 εὗρεν
3573 4416 3587 4464 ς

2086 4537 2212 4576 ram
2239 4521 2646 4594 contemplare
2665 4539 2680 4589 ;
2733 4539 2825 4578 me
2859 4523 3019 4578 enim
3049 4527 3116 4578 ut
3180 4539 3388 4578 recens
3420 4522 3725 4579 arbustum

2086 4613 2350 4667 exsecuit
2376 4615 2675 4668 Tartarus.

2155 4701 2547 4756 Tenebrosam
2582 4701 2826 4756 domum
2859 4701 3126 4771 pandens
3157 4701 3516 4757 insatiabilis
3535 4701 3731 4772 rapuit

2083 4791 2254 4846 Pluto
2278 4808 2371 4846 me
2404 4791 2673 4857 Paulum,
2709 4797 2994 4863 tanquam
3055 4791 3297 4846 mollem
3329 4791 3539 4846 ﬂorem
3588 4797 3728 4845 ante

2083 4887 2317 4953 tempus
2348 4897 2577 4938 secans.

2100 4975 2102 4977 ’
2153 4972 2304 5026 Mors
2329 4970 2614 5041 juvenum
2662 4971 2916 5026 formam
2947 4987 3182 5026 omnem
3215 4975 3284 5026 ut
3319 4969 3564 5025 herbam
3600 4987 3726 5026 me-

2084 5060 2154 5112 tit
2184 5080 2198 5124 ;
2230 5059 2348 5114 falx
2371 5059 2530 5115 enim
2563 5066 2652 5114 est
2690 5059 2794 5114 illa
2823 5075 2955 5114 vere
2989 5059 3367 5114 inevitabilis.

2152 5148 2292 5204 Vide
2323 5165 2439 5220 quo
2463 5165 2689 5212 curras,
2721 5149 2783 5202 in
2817 5165 3032 5219 equere
3066 5167 3079 5214 ;
3111 5147 3240 5203 vide
3273 5153 3338 5203 ut
3378 5147 3452 5203 ad
3484 5149 3716 5204 ruinam

2081 5238 2387 5294 deveneris
2423 5257 2436 5304 ;
2459 5239 2834 5310 quantumvis
2853 5237 3010 5294 enim
3034 5237 3113 5293 ibi
3140 5238 3512 5294 festinaveris
3526 5239 3720 5311 sepul-

2081 5345 2245 5382 crum
2277 5328 2520 5382 minime
2553 5327 2818 5382 evntabis.

2154 5418 2226 5473 Ut
2254 5417 2443 5489 pulvis
2485 5423 2575 5472 est
2605 5417 2885 5478 mundus.
2952 5433 3149 5488 vapor,
3202 5417 3463 5475 nimbus.
3524 5418 3673 5471 cinis
3707 5433 3719 5467 :

2079 5512 2386 5562 ventorum
2417 5507 2605 5562 instar
2633 5507 2834 5562 omnia
2852 5506 3005 5561 aeris
3027 5507 3364 5578 congeriem
3390 5506 3719 5560 imitantur.

2154 5597 2296 5651 Sinu
2320 5613 2412 5652 me
2444 5603 2601 5652 terra
2631 5596 2897 5652 condidit
2922 5596 3154 5651 ratione
3197 5593 3462 5649 nondum
3501 5593 3719 5664 praedi—

2080 5690 2205 5742 tum
2237 5704 2251 5744 :
2278 5703 2420 5743 nam
2445 5687 2709 5760 linguam
2739 5686 2940 5758 ligavit
2966 5683 3564 5752 fatum,membraque
3591 5697 3716 5736 om-

2078 5777 2178 5831 nia
2207 5776 2398 5832 solvit.
