4128 6308
322 391 468 452 1181

389 517 694 594 Διδάχθητι
725 528 1024 592 προθυμως

315 613 423 681 Τὴν
455 614 654 685 γνῶσιν
685 608 786 674 τῆς
816 602 1067 680 Τριάδος,

317 701 573 768 Μυήθητι
601 698 702 764 τήν
733 694 876 750 θέίαν

315 791 558 864 Χριστοῦ
588 783 926 858 ο’κονομίαν.

388 880 480 934 Ἐν
505 877 747 951 πρώτοις
778 877 994 950 πρῶτον
1024 868 1190 946 λόγον

322 969 555 1038 Ἐξεῖπιν
590 966 618 1020 6
646 964 932 1032 Γεννήσας·

322 1062 360 1115 ΙΙ
370 1060 457 1128 on}
468 1077 545 1111 σω
555 1075 650 1128 μιν
679 1055 706 1108 6
716 1053 876 1126 μοίαν

317 1144 499 1218 Ἀδὰμ,
527 1144 665 1217 ἐμὴν
689 1142 891 1200 εἰκόνα.

387 1240 545 1303 Ζωῆς
573 1231 912 1304 τελεωτέρας

318 1326 434 1394 Τῆς
461 1322 514 1378 ἐν
543 1323 763 1395 Χριστῷ
792 1313 1120 1394 προὸΛέπων

319 1413 510 1480 Ἐνὼς,
543 1407 914 1471 ἐπικαλεῖσθαι

320 1505 587 1561 Ἦλπισεν
615 1501 706 1555 τὸν
741 1505 996 1572 Σωτῆρα.

387 1593 449 1649 Ἦ
484 1589 612 1664 δρὺς
642 1593 740 1644 τοῦ
760 1591 1105 1664 πατριάρχου

1499 868 1597 923 Διά
1626 868 1718 930 τὰς
1746 868 1977 940 ἀνομίας

1498 1495 1761 1570 Ἱερεμίας
1784 1493 1978 1569 λέγων·

318 1680 605 1755 Τρανούτω
638 1699 734 1732 σου
771 1679 872 1745 τήν
902 1676 1102 1746 πίστιν,

318 1767 524 1844 Τριάδα
551 1766 816 1842 παναγίαν

321 1857 692 1928 Φιλοξενοῦσα
720 1856 935 1925 πρώην.

391 1948 520 2004 Θεὸν
547 1944 771 2001 παλαίει
797 1944 966 2000 πάλαι

319 2037 410 2092 Ἐν
442 2037 690 2110 σχήματι
722 2033 1006 2107 ἀνθρώπου

317 2126 378 2182 Ὀ
417 2117 614 2182 Ἰακὼὸ
642 2123 669 2176 6
708 2122 872 2197 μέγας

316 2215 386 2269 Τὸ
421 2210 626 2284 μέλλον
661 2211 1032 2285 ἐκμανθάνων.

393 2299 535 2359 Ἰδού
563 2322 647 2356 σοι
669 2300 1034 2376 παραγγέλλει

319 2398 520 2460 Μωσῆς
546 2392 574 2446 6
604 2392 941 2467 νομοφὲτης,

318 2481 564 2540 Ἀκούειν
592 2481 896 2553 νομοθέτου

319 2576 424 2626 Τοῦ
459 2569 758 2644 μέλλοντος
786 2571 1089 2644 γεννᾶσθαι.

394 2661 679 2728 Κατῆλθεν
711 2659 798 2714 ἐπὶ
831 2660 998 2715 πόκον

322 2755 428 2809 Τοῦ
458 2747 662 2805 Γεδεὼν
689 2752 724 2819 ἡ
754 2747 972 2824 δρόσος,

319 2841 427 2898 Τὸν
457 2841 617 2894 τόκον
644 2844 1003 2917 ζωγραφοῦσα

321 2933 438 2999 Τῆς
473 2931 644 3002 μόνης
673 2932 964 2989 Θιοτόκου.

401 3018 610 3093 Λεγέτω
639 3021 864 3084 Ἥσαῒας

325 3113 454 3170 Ηῶς
476 3109 645 3164 τίκτει
675 3111 708 3178 ἡ
743 3111 1036 3184 Παρθένος,

399 3239 568 3294 Disce
601 3239 863 3295 studiose
909 3241 1312 3313 cognitionem
1373 3242 1696 3308 Trinitatis,
1732 3239 1980 3296 edocere

327 3328 589 3384 divinam
623 3328 838 3384 Christi
878 3329 1372 3386 incarnationem.

399 3420 462 3472 ln
495 3416 701 3488 primis
732 3419 1096 3489 temporibus
1132 3421 1389 3491 primum
1448 3420 1692 3476 verbum
1729 3419 1977 3491 protulit

324 3507 534 3562 Pater:
567 3506 871 3562 Faciamus
903 3509 1088 3564 Adam
1119 3509 1190 3564 ad
1223 3525 1415 3565 meam
1461 3512 1798 3583 imaginem.

409 3597 549 3652 Vitas
607 3597 977 3668 perfectioris
1027 3599 1088 3653 in
1141 3600 1374 3654 Christo
1432 3600 1762 3671 praevidens
1810 3601 1989 3667 Enos,

337 3687 667 3743 vocandum
701 3703 827 3742 esse
856 3687 1214 3744 Salvatorem
1247 3691 1687 3760 praenuntiavit.

401 3777 665 3842 Quercus
698 3777 1048 3848 patriarchas
1081 3786 1242 3834 tuam
1277 3779 1456 3834 fidem
1496 3779 1820 3844 illuminet,
1854 3794 1988 3850 quas

336 3865 610 3920 Triadem
645 3865 1082 3922 sanctissimam
1113 3867 1256 3922 olim
1290 3868 1547 3940 hospitio
1578 3867 1822 3938 recepit.

397 3954 539 4007 Cum
575 3955 692 4008 Deo
747 3956 1047 4025 quondam
1106 3956 1364 4012 luctatur
1395 3958 1455 4012 in
1486 3957 1748 4012 hominis
1789 3957 1988 4028 specie

331 4058 581 4115 magnus
614 4044 715 4099 ille
743 4044 940 4108 Jacob.
974 4045 1240 4101 futurum
1274 4047 1548 4102 edocens.

397 4133 479 4185 En
514 4131 618 4186 tibi
652 4133 920 4204 prmcipit
961 4136 1189 4207 Moyses
1239 4135 1544 4207 legislator
1574 4141 1640 4191 ut
1668 4135 1876 4191 audias
1903 4135 1990 4190 le-

327 4219 671 4292 gislatorem
696 4222 798 4292 qui
831 4224 992 4278 nasci
1029 4223 1225 4279 debet.

404 4310 719 4366 Descendit
772 4311 832 4366 in
890 4313 1082 4369 vellus
1141 4313 1432 4370 Gedeonis
1464 4331 1562 4370 ros
1620 4313 1986 4372 adumbrans

338 4405 573 4472 partum
602 4401 785 4456 solius
809 4403 1094 4474 Deiparaa.

399 4490 568 4544 Dicat
602 4491 781 4546 Isaias
841 4493 1137 4562 quomodo
1195 4495 1392 4566 pariat
1447 4495 1626 4568 virgo,
1659 4494 1897 4550 dolores
1927 4499 1986 4550 et

329 4578 570 4634 labores
603 4581 1001 4637 maternitatis
1030 4583 1280 4656 fugiens.

405 4669 542 4723 Sine
573 4669 786 4725 decore
818 4674 1094 4743 apparuit
1141 4675 1429 4731 Dominus
1470 4676 1671 4748 glorias
1700 4692 1712 4729 :
1745 4682 1985 4748 propter

333 4758 852 4830 praevaricationes
881 4762 1082 4832 populi
1114 4765 1232 4818 mei
1264 4765 1606 4819 immolatus
1650 4781 1801 4818 sum.

402 4847 600 4903 Vincit
643 4850 933 4920 patientia
963 4850 1511 4923 blasphematorum
1566 4853 1980 4922 contumelias,

327 4940 490 5010 terga
520 4937 916 5006 ﬂagellantur,
944 4940 1124 4996 facies
1154 4943 1517 5014 conspuitur.

402 5027 726 5098 Stupefacit
781 5046 1019 5085 omnem
1081 5038 1344 5087 mentem
1393 5031 1680 5087 Jeremias
1736 5030 1979 5087 dicens:

339 5115 524 5188 Agite.
555 5117 856 5173 mittamus
887 5120 1111 5192 lignum
1140 5121 1200 5175 in
1227 5137 1442 5193 panem
1475 5120 1631 5193 agni.

401 5205 569 5260 Dicat
610 5223 860 5281 magnus
916 5209 1095 5265 David
1155 5210 1386 5266 divinus
1445 5211 1546 5265 ille
1604 5211 1797 5279 Pater,
1831 5225 1980 5280 quo-

1481 380 1581 441 ΑΙ)
1625 379 1938 441 JUD/EOQ
1991 371 2524 439 EXHCRTATTO.

1498 515 1758 584 Φυγοῦσα
1784 511 1880 574 τὰς
1902 508 2102 573 ὠδῖνας

1497 599 1602 659 Καὶ
1634 601 1833 665 πόνους
1859 604 1965 655 τῶν
2012 601 2281 673 μητέρων.

1569 693 1662 759 Μή
1699 689 1842 766 ἔχων
1872 689 2081 751 καλλος
2111 687 2269 764 ὢφθη

1496 781 1558 837 Ὀ
1588 779 1788 853 Κύριος
1816 785 1916 846 τῆς
1949 776 2131 848 δόξηςο

1500 958 1774 1036 Ἐσφάγην
1804 961 1902 1013 τοῦ
1933 957 2069 1011 λαοῦ
2103 977 2228 1029 μου.

1572 1052 1708 1118 Νικᾷ
1742 1046 2092 1121 μακροθυμία

1499 1139 1615 1206 Τὴν
1649 1133 1804 1212 ὕϐριν
1833 1140 1940 1191 τῶν
1978 1134 2320 1214 βλασφημῶν

1501 1229 1607 1284 Τὸν
1631 1230 1802 1281 νῶτον
1835 1228 2211 1300 μαστιγοῦται,

1500 1319 1557 1390 ιΕ
1567 1323 1829 1387 μπτὺεται
1858 1315 1956 1383 τήν
1991 1309 2113 1388 ὄψιν
2127 1359 2138 1370 .

1573 1406 1776 1474 Σενίζει
1807 1409 1978 1458 πᾶσαν
2012 1402 2179 1475 φρένα

1499 1590 1677 1652 Δεῦτε,
1715 1584 1970 1660 βάλωμεν
2015 1583 2177 1655 ξύλον

1499 1675 1593 1736 Εἰς
1620 1679 1716 1730 τοῦ
1746 1674 1922 1746 ἀμνοῦ
1950 1673 2044 1728 τὸν
2075 1673 2258 1744 ἆρτον.

1566 1767 1628 1822 Ὀ
1662 1764 1824 1837 μέγας
1853 1763 2242 1840 προσφωνείτω

1499 1850 1666 1909 Δαὸἰδ
1698 1855 1726 1908 6
1757 1855 2068 1928 Θεοπάτωρ,

1501 1948 1624 2005 Πῶς
1658 1941 1865 2016 ὢρυξας
1896 1943 1992 2004 τὰς
2021 1949 2211 2018 χεῖρας

1502 2034 1599 2088 Καὶ
1632 2030 1802 2095 πόδας
1821 2037 1917 2086 τοῦ
1942 2031 2214 2088 Δισπὸτου

1570 2126 1695 2184 Πῶς
1722 2119 1928 2184 ἔδωκας
1961 2123 2034 2183 ὡς
2055 2122 2212 2194 πόμα

1500 2212 1688 2282 Χολήν
1717 2232 1775 2266 τε
1802 2211 1892 2266 καὶ
1921 2211 1985 2266 τὸ
2019 2207 2163 2282 ὅξος,

1502 2303 1602 2359 Καὶ
1631 2299 1840 2376 κλῆρον
1873 2301 1998 2361 τοὺς
2034 2305 2273 2376 χιτῶνας

1501 2395 1557 2449 Ἐ
1567 2394 1788 2466 μέρισας
1817 2396 1917 2446 τοῦ
1949 2392 2200 2449 Κτίστου.

1570 2483 1853 2558 Ῥαγέντος
1887 2481 1943 2536 δὲ
1971 2485 2068 2536 τοῦ
2099 2479 2230 2552 ᾇδου

1499 2576 1726 2646 Ἀνέστη
1769 2575 1842 2636 ὡς
1873 2573 1924 2644 έξ
1953 2570 2146 2638 ὓπνου,

1500 2660 1699 2734 ’Λνέόη
1729 2684 1788 2718 τε
1816 2662 1953 2734 πρὸς
1987 2659 2177 2724 θρόνον

1502 2754 1710 2829 Πατρὸς
1741 2751 1794 2805 ἐν
1823 2755 1938 2812 τοῖς
1969 2749 2234 2822 ὑψίστοις.

1576 2842 1651 2896 Σὺ
1682 2840 1798 2910 οὖν,
1827 2837 2162 2912 Ὶσραηλῖτα,

1499 2933 1775 3000 Μνήσθητι
1809 2929 2132 2997 ἀπιστήσῃς,

1505 3025 1746 3078 Σπεῦσον
1777 3021 1873 3072 τοῦ
1908 3017 2265 3092 βαπτισθῆναι

1502 3111 1735 3189 Χριστὸς
1762 3108 1862 3184 γὰρ
1895 3106 2154 3183 ἐπεφάνη.

3595 373 3749 435 1182

2747 509 2828 566 Τὸ
2858 506 3026 563 πάλαι
3059 505 3350 581 δεδομένον

2679 598 3045 673 Πεπλήρωται
3080 620 3144 668 ση
3157 604 3276 670 μεῖο
3287 619 3304 651 δ
3317 619 3327 629 ·

2678 689 2956 760 Ἐξέλιπεν
2991 689 3093 766 γὰρ
3125 687 3310 763 ἅρχων

2683 777 2773 839 Εἰς
2798 777 2956 837 τέλος
2987 781 3082 831 τοῦ
3114 776 3249 831 λαοῦ
3284 797 3409 848 μου.

2745 883 3041 955 Ὑπέδειξεν
3073 887 3360 960 προφήτης

2676 979 2737 1032 Ὁ
2768 975 2967 1044 Δανιὴλ
2999 997 3090 1030 τον
3125 976 3350 1053 χρόνον,

2680 1065 2863 1121 Εἰπὼν
2892 1065 2986 1124 τὰς
3015 1059 3323 1135 ἱϐδομάδας

2681 1152 3098 1228 Ἑϐδομήκοντα
3128 1157 3318 1215 πάσας.

2749 1261 3092 1333 Φωτίζόμαι,
3126 1266 3373 1336 γενοῦχε,

2679 1355 2758 1410 Τὸ
2793 1353 2932 1425 βαπτ
2944 1373 3073 1422 ισμα
3103 1346 3391 1424 λαμϐάνω,

2681 1443 2883 1499 Μαθὼν
2919 1442 3050 1514 ἅπερ
3083 1441 3315 1514 ἠγνόουν

2680 1533 2966 1601 Μυστήρια
2994 1534 3089 1584 τοῦ
3119 1528 3313 1602 νόμου.

2753 1639 2942 1712 Χωρὸς
2973 1641 3078 1692 τῶν
3113 1642 3432 1714 προφητῶν,
3470 1638 3536 1710 μὶ

2684 1724 3055 1801 Προσδέξασοε
3077 1726 3363 1800 γενησίως·

2681 1819 2860 1888 Ὑμῶν
2889 1817 2988 1891 γὰρ
3023 1816 3331 1877 ὑπακούσας

2683 1905 2975 1978 Ἐνδύομαι
3009 1909 3106 1974 τῆν
3140 1906 3322 1983 χάριν.

2753 2017 2948 2089 Ψυχὰς
2980 2018 3208 2090 κεκαθαρ
3220 2014 3382 2086 μένας

2679 2105 2943 2179 Προσάγω
2976 2125 3079 2171 σοι,
3114 2107 3306 2178 Σωτήρ
3342 2126 3468 2178 μου,

2680 2193 2962 2257 Βασίλειος
2990 2196 3017 2248 6
3051 2192 3174 2267 ἅναξ

2684 2285 2785 2358 βοᾷ
2813 2288 2904 2337 νῦν
2935 2289 3014 2356 τῷ
3046 2292 3284 2359 Σωτῆρι’

2752 2393 2840 2453 Ὠς
2871 2393 2968 2459 τήν
2992 2392 3172 2446 θυσίαν
3197 2392 3391 2450 πάλαι.

2679 2485 2788 2537 Τοῦ
2821 2477 3072 2556 Ἀϐραὰμ
3102 2478 3282 2552 ἐδέξω,

2682 2571 2870 2642 Κὰμοῦ
2898 2567 3040 2640 δέξαι
3071 2571 3132 2625 τὸ
3165 2569 3337 2646 δῶρον

2680 2662 2791 2728 Τῆς
2813 2660 3103 2714 νεολέκτου
3133 2661 3402 2733 ποίμνης.

2752 2749 2848 2804 Σοὶ
2880 2751 2984 2824 γὰρ
3018 2751 3357 2826 έπανεθέμην

2679 2841 2779 2898 Καὶ
2810 2840 2969 2894 τέκνα
3001 2840 3093 2894 σὺν
3125 2843 3362 2916 συζύγῳ,

2679 2931 2865 2996 Αὐτὴν
2901 2930 3000 2997 τήν
3035 2929 3314 3003 βασιλείαν

2680 3021 2776 3076 Καὶ
2810 3021 2945 3090 ὅλην
2980 3022 3078 3088 τὴν
3115 3021 3260 3090 ζωήν
3305 3041 3431 3092 μου.

2103 3233 2276 3288 modo
2311 3237 2659 3292 transﬁxisti
2694 3255 2906 3293 manus
2939 3242 2996 3292 et
3017 3237 3198 3308 pedes
3224 3237 3508 3292 Domini?

2173 3327 2478 3391 Quomodo
2513 3329 2727 3385 dedisti
2786 3332 2846 3386 in
2905 3337 3109 3402 potum
3169 3330 3247 3384 fel
3306 3336 3360 3385 et
3410 3335 3662 3396 acetum,
3701 3337 3758 3385 et

2101 3423 2324 3473 sortem
2359 3419 2572 3475 misisti
2606 3423 2666 3477 in
2705 3423 2966 3477 tunicam
3001 3423 3314 3476 Creatoris.

2175 3508 2412 3563 Inferno
2473 3516 2674 3566 autem
2761 3512 3126 3573 dehiscente,
3188 3513 3442 3566 surrexit
3511 3511 3670 3565 velut
3726 3527 3756 3564 e

2103 3612 2334 3663 somno,
2369 3599 2638 3654 ascendit
2667 3600 2740 3654 ad
2791 3601 3072 3655 thronum
3103 3601 3294 3654 Patris
3326 3601 3389 3654 in
3423 3599 3752 3655 altissimis.

2170 3687 2253 3739 Tu
2285 3702 2445 3756 ergo,
2477 3688 2767 3753 Israelita,
2803 3696 3102 3744 memento
3157 3689 3614 3759 incredulitatis,
3648 3689 3754 3743 ba—

2100 3775 2309 3844 ptizari
2343 3775 2580 3842 festina,
2615 3779 2880 3833 Christus
2911 3781 3071 3834 enim
3103 3780 3396 3850 apparuit.

2171 3864 2336 3928 Quod
2369 3865 2512 3920 olim
2545 3865 2749 3921 datum
2772 3874 2861 3922 est
2881 3869 3114 3941 signum
3134 3870 3261 3939 jam
3287 3868 3596 3939 impletum
3621 3874 3708 3922 est
3735 3887 3747 3935 ;

2101 3968 2239 4007 nam
2271 3954 2450 4009 desiit
2476 3955 2536 4010 in
2569 3956 2750 4011 finem
2795 3958 2913 4012 dux
2964 3958 3028 4013 in
3087 3957 3373 4030 populum
3429 3974 3627 4012 meum
3658 3975 3752 4013 re-

2099 4058 2300 4115 gnare.

2171 4131 2442 4188 Ostendit
2471 4135 2761 4205 propheta
2781 4134 2990 4192 Daniel
3023 4140 3278 4208 tempus,
3303 4135 3509 4192 dicens
3530 4135 3752 4192 hebdo-

2081 4221 2304 4277 madas
2335 4225 2712 4294 septuaginta
2751 4224 2900 4282 fore.

2175 4313 2508 4377 llluminor,
2539 4313 2742 4375 frater.
2775 4315 3137 4387 baptismum
3169 4316 3413 4388 recipio,
3438 4321 3754 4387 postquam

2097 4402 2278 4458 didici
2311 4420 2444 4474 qum
2475 4403 2822 4475 ignorabam
2857 4406 3138 4476 mysteria
3170 4406 3335 4476 legis.

2166 4492 2392 4546 Chorus
2451 4492 2897 4562 prophetarum,
2959 4509 3052 4546 me
3105 4492 3364 4548 fraterne
3419 4493 3747 4564 excipiatis,

2095 4597 2232 4635 nam
2265 4580 2429 4634 vobis
2461 4580 2779 4635 obsecutus
2810 4582 3000 4652 gratia
3029 4581 3264 4636 induor.

2167 4671 2418 4724 Mentem
2451 4669 2826 4738 puriﬁcatam
2858 4671 3040 4724 oﬂ‘ero
3085 4669 3209 4732 tibi.
3246 4670 3508 4724 Salvator
3539 4686 3745 4738 meus;

2094 4760 2346 4814 Basilius
2379 4759 2700 4828 imperator
2725 4758 2944 4812 clamat
2964 4775 3123 4814 nunc
3154 4759 3227 4814 ad
3259 4759 3639 4815 Salvatorem.

2170 4849 2238 4902 Ut
2267 4845 2516 4900 hostiam
2550 4845 2692 4900 olim
2724 4847 3024 4902 Abraham
3048 4849 3356 4920 excepisti.
3379 4865 3578 4904 meum
3600 4867 3742 4921 quo-

2094 4953 2206 5008 que
2239 4935 2442 5006 excipe
2475 4934 2700 4989 donum
2734 4951 2944 4991 recens
2977 4936 3181 4991 selecti
3213 4938 3425 5010 gregis.

2161 5025 2288 5080 Tibi
2318 5024 2476 5079 enim
2509 5025 2845 5079 consecravi
2889 5031 2948 5079 et
2995 5025 3150 5080 ﬁlios
3181 5043 3316 5081 cum
3348 5026 3619 5101 conjuge,
3652 5046 3746 5089 re.

2091 5131 2272 5188 gnum
2309 5114 2527 5186 ipsum,
2562 5118 2621 5167 et
2649 5130 2887 5170 omnem
2919 5132 3114 5172 meam
3143 5117 3342 5173 vitam.
