  <div class='ocr_page' id='page_1' title='image "/cluster/home/n/w/nwhite01/storage/ocr_20150623/117/mdp.39015038086818/599.png"; bbox 0 0 4128 6308; ppageno 0'>
   <div class='ocr_carea' id='block_1_1' title="bbox 382 304 3791 400">
    <p class='ocr_par' dir='ltr' id='par_1_1' title="bbox 382 304 3791 400">
     <span class='ocr_line' id='line_1_1' title="bbox 382 304 3791 400; baseline -0.001 -30"><span class='ocrx_word' id='word_1_1' title='bbox 382 312 407 370; x_wconf 74' lang='grc'><strong>1</strong></span> <span class='ocrx_word' id='word_1_2' title='bbox 425 311 543 371; x_wconf 80' lang='lat'><strong>183</strong></span> <span class='ocrx_word' id='word_1_3' title='bbox 1307 309 1405 370; x_wconf 85' lang='lat' dir='ltr'><strong>CH</strong></span> <span class='ocrx_word' id='word_1_4' title='bbox 1417 306 1887 370; x_wconf 77' lang='lat' dir='ltr'><strong>RISTOPBORI</strong></span> <span class='ocrx_word' id='word_1_5' title='bbox 1931 304 2441 400; x_wconf 75' lang='lat' dir='ltr'><strong>EXHORTA&#39;l‘IO</strong></span> <span class='ocrx_word' id='word_1_6' title='bbox 2487 304 2824 366; x_wconf 75' lang='lat' dir='ltr'><strong>ALTERA.</strong></span> <span class='ocrx_word' id='word_1_7' title='bbox 3633 304 3791 367; x_wconf 72' lang='grc'><strong>1184</strong></span> 
     </span>
    </p>
   </div>
   <div class='ocr_carea' id='block_1_2' title="bbox 825 605 3348 737">
    <p class='ocr_par' dir='ltr' id='par_1_2' title="bbox 825 605 3348 737">
     <span class='ocr_line' id='line_1_2' title="bbox 825 605 3348 737; baseline -0 -1"><span class='ocrx_word' id='word_1_8' title='bbox 825 606 2090 737; x_wconf 84' lang='grc' dir='ltr'><strong>ΧΡΙΣΤΟΦΟΡΟΥ</strong></span> <span class='ocrx_word' id='word_1_9' title='bbox 2184 605 2338 736; x_wconf 86' lang='lat' dir='ltr'><strong>A’</strong></span> <span class='ocrx_word' id='word_1_10' title='bbox 2446 606 3348 736; x_wconf 84' lang='grc' dir='ltr'><strong>ΣΗΚΡΙΤΟΥ</strong></span> 
     </span>
    </p>
   </div>
   <div class='ocr_carea' id='block_1_3' title="bbox 1149 892 3011 952">
    <p class='ocr_par' dir='ltr' id='par_1_3' title="bbox 1149 892 3011 952">
     <span class='ocr_line' id='line_1_3' title="bbox 1149 892 3011 952; baseline 0.002 -4"><span class='ocrx_word' id='word_1_11' title='bbox 1149 895 1265 950; x_wconf 85' lang='grc' dir='ltr'><strong>ΕΙΣ</strong></span> <span class='ocrx_word' id='word_1_12' title='bbox 1302 893 1475 949; x_wconf 83' lang='grc' dir='ltr'>ΤΟΥΣ</span> <span class='ocrx_word' id='word_1_13' title='bbox 1517 894 1783 951; x_wconf 79' lang='grc' dir='ltr'><strong>ΑΥΤΟΥΣ</strong></span> <span class='ocrx_word' id='word_1_14' title='bbox 1823 893 2244 952; x_wconf 74' lang='grc' dir='ltr'><strong>ΙΣΡΑΠΛΙΤΔΣ</strong></span> <span class='ocrx_word' id='word_1_15' title='bbox 2284 893 2729 952; x_wconf 76' lang='grc' dir='ltr'><strong>ΠΑΡΔΙΝΕΣΙΣ.</strong></span> <span class='ocrx_word' id='word_1_16' title='bbox 2772 892 2886 951; x_wconf 80' lang='grc' dir='ltr'><strong>ΗΧ.</strong></span> <span class='ocrx_word' id='word_1_17' title='bbox 2928 892 3011 951; x_wconf 76' lang='grc' dir='ltr'><strong>Α“.</strong></span> 
     </span>
    </p>
   </div>
   <div class='ocr_carea' id='block_1_4' title="bbox 2046 1126 2116 1140">
    <p class='ocr_par' dir='ltr' id='par_1_4' title="bbox 2046 1126 2116 1140">
     <span class='ocr_line' id='line_1_4' title="bbox 2046 1126 2116 1140; baseline -0.014 0"><span class='ocrx_word' id='word_1_18' title='bbox 2046 1126 2116 1140; x_wconf 81' lang='lat'>—</span> 
     </span>
    </p>
   </div>
   <div class='ocr_carea' id='block_1_5' title="bbox 1084 1326 3088 1423">
    <p class='ocr_par' dir='ltr' id='par_1_5' title="bbox 1084 1326 3088 1423">
     <span class='ocr_line' id='line_1_5' title="bbox 1084 1326 3088 1423; baseline -0 -1"><span class='ocrx_word' id='word_1_19' title='bbox 1084 1326 1923 1423; x_wconf 85' lang='lat' dir='ltr'><strong>CBISTOPHORI</strong></span> <span class='ocrx_word' id='word_1_20' title='bbox 1998 1326 3088 1423; x_wconf 85' lang='lat' dir='ltr'><strong>PROTOASECRETIS</strong></span> 
     </span>
    </p>
   </div>
   <div class='ocr_carea' id='block_1_6' title="bbox 1206 1537 2987 1599">
    <p class='ocr_par' dir='ltr' id='par_1_6' title="bbox 1206 1537 2987 1599">
     <span class='ocr_line' id='line_1_6' title="bbox 1206 1537 2987 1599; baseline -0.004 0"><span class='ocrx_word' id='word_1_21' title='bbox 1206 1542 1302 1599; x_wconf 76' lang='lat' dir='ltr'><strong>AD</strong></span> <span class='ocrx_word' id='word_1_22' title='bbox 1340 1540 1625 1599; x_wconf 85' lang='lat' dir='ltr'><strong>EOSDEM</strong></span> <span class='ocrx_word' id='word_1_23' title='bbox 1671 1540 2081 1598; x_wconf 74' lang='lat' dir='ltr'><strong>ISBAELITAS</strong></span> <span class='ocrx_word' id='word_1_24' title='bbox 2121 1538 2593 1597; x_wconf 80' lang='lat' dir='ltr'><strong>EXHORTATIO.</strong></span> <span class='ocrx_word' id='word_1_25' title='bbox 2636 1537 2906 1596; x_wconf 75' lang='lat' dir='ltr'><strong>CANTUS</strong></span> <span class='ocrx_word' id='word_1_26' title='bbox 2946 1538 2987 1591; x_wconf 93' lang='grc' dir='ltr'><strong>Ι.</strong></span> 
     </span>
    </p>
   </div>
   <div class='ocr_carea' id='block_1_7' title="bbox 462 1906 3543 1986">
    <p class='ocr_par' dir='ltr' id='par_1_7' title="bbox 462 1906 3543 1986">
     <span class='ocr_line' id='line_1_7' title="bbox 462 1906 3543 1986; baseline -0.001 -20"><span class='ocrx_word' id='word_1_27' title='bbox 462 1907 772 1985; x_wconf 79' lang='grc' dir='ltr'>Διδάχθητι</span> <span class='ocrx_word' id='word_1_28' title='bbox 799 1917 907 1968; x_wconf 88' lang='grc' dir='ltr'><strong>τῶν</strong></span> <span class='ocrx_word' id='word_1_29' title='bbox 942 1912 1099 1977; x_wconf 99' lang='grc' dir='ltr'>θείων</span> <span class='ocrx_word' id='word_1_30' title='bbox 1648 1917 1788 1973; x_wconf 87' lang='grc' dir='ltr'>Σιὼν</span> <span class='ocrx_word' id='word_1_31' title='bbox 1818 1916 1918 1985; x_wconf 78' lang='grc' dir='ltr'>τὴν</span> <span class='ocrx_word' id='word_1_32' title='bbox 1952 1912 2279 1985; x_wconf 81' lang='grc' dir='ltr'><strong>Ἐκκλησίαν</strong></span> <span class='ocrx_word' id='word_1_33' title='bbox 2828 1910 2936 1967; x_wconf 86' lang='grc' dir='ltr'>Τὸν</span> <span class='ocrx_word' id='word_1_34' title='bbox 2959 1906 3268 1986; x_wconf 82' lang='grc' dir='ltr'>σμάραγδόν</span> <span class='ocrx_word' id='word_1_35' title='bbox 3307 1930 3401 1982; x_wconf 90' lang='grc' dir='ltr'><strong>μοι</strong></span> <span class='ocrx_word' id='word_1_36' title='bbox 3432 1909 3543 1965; x_wconf 72' lang='grc' dir='ltr'>νόει</span> 
     </span>
    </p>
   </div>
   <div class='ocr_carea' id='block_1_8' title="bbox 392 1998 3431 2082">
    <p class='ocr_par' dir='ltr' id='par_1_8' title="bbox 392 1998 3431 2082">
     <span class='ocr_line' id='line_1_8' title="bbox 392 1998 3431 2082; baseline -0.003 -17"><span class='ocrx_word' id='word_1_37' title='bbox 392 2002 604 2076; x_wconf 82' lang='grc' dir='ltr'>Λογίων</span> <span class='ocrx_word' id='word_1_38' title='bbox 638 2002 731 2065; x_wconf 78' lang='grc' dir='ltr'>τάς</span> <span class='ocrx_word' id='word_1_39' title='bbox 757 2001 1040 2081; x_wconf 75' lang='grc' dir='ltr'>ἰμφάσεις,</span> <span class='ocrx_word' id='word_1_40' title='bbox 1583 2007 1854 2081; x_wconf 85' lang='grc' dir='ltr'>ΙΙροεῖπον</span> <span class='ocrx_word' id='word_1_41' title='bbox 1889 2006 1939 2061; x_wconf 74' lang='grc' dir='ltr'>οἱ</span> <span class='ocrx_word' id='word_1_42' title='bbox 1970 2010 2250 2082; x_wconf 78' lang='grc' dir='ltr'><strong>προφῆται</strong></span> <span class='ocrx_word' id='word_1_43' title='bbox 2762 1998 2961 2074; x_wconf 70' lang='grc' dir='ltr'>Πέτρον</span> <span class='ocrx_word' id='word_1_44' title='bbox 2994 1999 3085 2055; x_wconf 89' lang='grc' dir='ltr'><strong>τὸν</strong></span> <span class='ocrx_word' id='word_1_45' title='bbox 3116 2003 3431 2076; x_wconf 76' lang='grc' dir='ltr'><strong>κορυφαῖον.</strong></span> 
     </span>
    </p>
   </div>
   <div class='ocr_carea' id='block_1_9' title="bbox 396 2088 3386 2169">
    <p class='ocr_par' dir='ltr' id='par_1_9' title="bbox 396 2088 3386 2169">
     <span class='ocr_line' id='line_1_9' title="bbox 396 2088 3386 2169; baseline -0.001 -24"><span class='ocrx_word' id='word_1_46' title='bbox 396 2094 511 2145; x_wconf 90' lang='grc' dir='ltr'>Τῶν</span> <span class='ocrx_word' id='word_1_47' title='bbox 544 2096 842 2169; x_wconf 82' lang='grc' dir='ltr'>προφητῶν</span> <span class='ocrx_word' id='word_1_48' title='bbox 874 2094 968 2156; x_wconf 82' lang='grc' dir='ltr'><strong>τὰς</strong></span> <span class='ocrx_word' id='word_1_49' title='bbox 1003 2092 1187 2169; x_wconf 78' lang='grc' dir='ltr'>ῥήσεις</span> <span class='ocrx_word' id='word_1_50' title='bbox 1582 2096 1694 2163; x_wconf 76' lang='grc' dir='ltr'>Τὴν</span> <span class='ocrx_word' id='word_1_51' title='bbox 1724 2094 1886 2150; x_wconf 87' lang='grc' dir='ltr'>πόλιν</span> <span class='ocrx_word' id='word_1_52' title='bbox 1918 2095 2018 2163; x_wconf 74' lang='grc' dir='ltr'><strong>τήν</strong></span> <span class='ocrx_word' id='word_1_53' title='bbox 2054 2091 2297 2169; x_wconf 72' lang='grc' dir='ltr'>μεγάλην</span> <span class='ocrx_word' id='word_1_54' title='bbox 2762 2088 3117 2165; x_wconf 80' lang='grc' dir='ltr'>Πρωτεύοντα</span> <span class='ocrx_word' id='word_1_55' title='bbox 3147 2088 3201 2143; x_wconf 70' lang='grc' dir='ltr'>ἰν</span> <span class='ocrx_word' id='word_1_56' title='bbox 3237 2090 3386 2161; x_wconf 77' lang='grc' dir='ltr'>μέσῳ</span> 
     </span>
    </p>
   </div>
   <div class='ocr_carea' id='block_1_10' title="bbox 398 2176 3452 2260">
    <p class='ocr_par' dir='ltr' id='par_1_10' title="bbox 398 2176 3452 2260">
     <span class='ocr_line' id='line_1_10' title="bbox 398 2176 3452 2260; baseline 0.002 -26"><span class='ocrx_word' id='word_1_57' title='bbox 398 2186 734 2253; x_wconf 87' lang='grc' dir='ltr'>Σωματικῶς</span> <span class='ocrx_word' id='word_1_58' title='bbox 768 2183 845 2254; x_wconf 85' lang='grc' dir='ltr'>μή</span> <span class='ocrx_word' id='word_1_59' title='bbox 877 2183 1006 2238; x_wconf 88' lang='grc' dir='ltr'>νόει.</span> <span class='ocrx_word' id='word_1_60' title='bbox 1581 2189 1686 2240; x_wconf 79' lang='grc' dir='ltr'>Τοῦ</span> <span class='ocrx_word' id='word_1_61' title='bbox 1718 2186 1928 2240; x_wconf 82' lang='grc' dir='ltr'>πάντων</span> <span class='ocrx_word' id='word_1_62' title='bbox 1967 2186 2262 2260; x_wconf 69' lang='grc' dir='ltr'>βασιλέως.</span> <span class='ocrx_word' id='word_1_63' title='bbox 2762 2181 2942 2251; x_wconf 79' lang='grc' dir='ltr'>Χοροὖ</span> <span class='ocrx_word' id='word_1_64' title='bbox 2970 2181 3077 2232; x_wconf 73' lang='grc' dir='ltr'>τῶν</span> <span class='ocrx_word' id='word_1_65' title='bbox 3106 2176 3452 2233; x_wconf 64' lang='grc' dir='ltr'><strong>ἀποστόλωνο</strong></span> 
     </span>
    </p>
   </div>
   <div class='ocr_carea' id='block_1_11' title="bbox 470 2264 3464 2348">
    <p class='ocr_par' dir='ltr' id='par_1_11' title="bbox 470 2264 3464 2348">
     <span class='ocr_line' id='line_1_11' title="bbox 470 2264 3464 2348; baseline -0.002 -23"><span class='ocrx_word' id='word_1_66' title='bbox 470 2272 559 2337; x_wconf 77' lang='grc' dir='ltr'><strong>Μὴ</strong></span> <span class='ocrx_word' id='word_1_67' title='bbox 587 2269 779 2342; x_wconf 84' lang='grc' dir='ltr'>νόμιζε</span> <span class='ocrx_word' id='word_1_68' title='bbox 806 2272 908 2339; x_wconf 79' lang='grc' dir='ltr'><strong>τήν</strong></span> <span class='ocrx_word' id='word_1_69' title='bbox 938 2271 1101 2326; x_wconf 90' lang='grc' dir='ltr'>πόλιν</span> <span class='ocrx_word' id='word_1_70' title='bbox 1652 2276 1741 2330; x_wconf 85' lang='lat' dir='ltr'><strong>’Ev</strong></span> <span class='ocrx_word' id='word_1_71' title='bbox 1773 2272 1942 2348; x_wconf 73' lang='grc' dir='ltr'>ταύτῃ</span> <span class='ocrx_word' id='word_1_72' title='bbox 1971 2270 2121 2334; x_wconf 87' lang='grc' dir='ltr'>λίθος</span> <span class='ocrx_word' id='word_1_73' title='bbox 2152 2268 2368 2345; x_wconf 71' lang='grc' dir='ltr'>ἔντιμος</span> <span class='ocrx_word' id='word_1_74' title='bbox 2834 2268 2940 2323; x_wconf 89' lang='grc' dir='ltr'>Τὸν</span> <span class='ocrx_word' id='word_1_75' title='bbox 2976 2266 3208 2341; x_wconf 78' lang='grc' dir='ltr'>ἄνθρακα</span> <span class='ocrx_word' id='word_1_76' title='bbox 3240 2264 3464 2341; x_wconf 76' lang='grc' dir='ltr'>λογίζου</span> 
     </span>
    </p>
   </div>
   <div class='ocr_carea' id='block_1_12' title="bbox 398 2356 3430 2436">
    <p class='ocr_par' dir='ltr' id='par_1_12' title="bbox 398 2356 3430 2436">
     <span class='ocr_line' id='line_1_12' title="bbox 398 2356 3430 2436; baseline -0.002 -22"><span class='ocrx_word' id='word_1_77' title='bbox 398 2360 538 2415; x_wconf 87' lang='grc' dir='ltr'>Σιὼν</span> <span class='ocrx_word' id='word_1_78' title='bbox 567 2358 973 2433; x_wconf 74' lang='grc' dir='ltr'>οἰκοδομεῖσθαι</span> <span class='ocrx_word' id='word_1_79' title='bbox 1580 2361 1847 2436; x_wconf 81' lang='grc' dir='ltr'>Θεμὲλιος</span> <span class='ocrx_word' id='word_1_80' title='bbox 1878 2359 2031 2433; x_wconf 77' lang='grc' dir='ltr'>ἐτέθη</span> <span class='ocrx_word' id='word_1_81' title='bbox 2763 2358 2982 2414; x_wconf 79' lang='grc' dir='ltr'>Παῦλον</span> <span class='ocrx_word' id='word_1_82' title='bbox 3009 2356 3103 2411; x_wconf 87' lang='grc' dir='ltr'>τὸν</span> <span class='ocrx_word' id='word_1_83' title='bbox 3134 2356 3430 2431; x_wconf 82' lang='grc' dir='ltr'>Θεηγόρον,</span> 
     </span>
    </p>
   </div>
   <div class='ocr_carea' id='block_1_13' title="bbox 401 2445 3461 2528">
    <p class='ocr_par' dir='ltr' id='par_1_13' title="bbox 401 2445 3461 2528">
     <span class='ocr_line' id='line_1_13' title="bbox 401 2445 3461 2528; baseline 0.001 -25"><span class='ocrx_word' id='word_1_84' title='bbox 401 2449 495 2503; x_wconf 86' lang='grc' dir='ltr'>Ἐκ</span> <span class='ocrx_word' id='word_1_85' title='bbox 521 2447 691 2513; x_wconf 87' lang='grc' dir='ltr'>λίθων</span> <span class='ocrx_word' id='word_1_86' title='bbox 726 2449 1060 2522; x_wconf 70' lang='grc' dir='ltr'>θκινομὲνων</span> <span class='ocrx_word' id='word_1_87' title='bbox 1582 2454 1834 2528; x_wconf 80' lang='grc' dir='ltr'>Χριστὸς,</span> <span class='ocrx_word' id='word_1_88' title='bbox 1867 2450 2049 2527; x_wconf 83' lang='grc' dir='ltr'>ὥσπερ</span> <span class='ocrx_word' id='word_1_89' title='bbox 2077 2457 2334 2526; x_wconf 78' lang='grc' dir='ltr'>προεῖπεν</span> <span class='ocrx_word' id='word_1_90' title='bbox 2760 2447 2998 2521; x_wconf 63' lang='grc' dir='ltr'>Ἡμέρας</span> <span class='ocrx_word' id='word_1_91' title='bbox 3029 2445 3117 2500; x_wconf 72' lang='grc' dir='ltr'><strong>καὶ</strong></span> <span class='ocrx_word' id='word_1_92' title='bbox 3149 2446 3337 2507; x_wconf 83' lang='grc' dir='ltr'>νυκτὸς</span> <span class='ocrx_word' id='word_1_93' title='bbox 3360 2445 3461 2521; x_wconf 72' lang='grc' dir='ltr'><strong>γὰρ</strong></span> 
     </span>
    </p>
   </div>
   <div class='ocr_carea' id='block_1_14' title="bbox 401 2534 3502 2619">
    <p class='ocr_par' dir='ltr' id='par_1_14' title="bbox 401 2534 3502 2619">
     <span class='ocr_line' id='line_1_14' title="bbox 401 2534 3502 2619; baseline -0.001 -24"><span class='ocrx_word' id='word_1_94' title='bbox 401 2537 674 2610; x_wconf 85' lang='grc' dir='ltr'>Ἐντίμων</span> <span class='ocrx_word' id='word_1_95' title='bbox 709 2537 760 2593; x_wconf 71' lang='grc' dir='ltr'>ἐν</span> <span class='ocrx_word' id='word_1_96' title='bbox 791 2538 871 2612; x_wconf 80' lang='grc' dir='ltr'><strong>τῷ</strong></span> <span class='ocrx_word' id='word_1_97' title='bbox 902 2539 1116 2613; x_wconf 69' lang='grc' dir='ltr'>κόσμῳ.</span> <span class='ocrx_word' id='word_1_98' title='bbox 1580 2547 1696 2597; x_wconf 89' lang='grc' dir='ltr'><strong>Τῶν</strong></span> <span class='ocrx_word' id='word_1_99' title='bbox 1718 2548 2014 2619; x_wconf 81' lang='grc' dir='ltr'>προφητῶν</span> <span class='ocrx_word' id='word_1_100' title='bbox 2042 2544 2077 2612; x_wconf 80' lang='grc' dir='ltr'>ἠ</span> <span class='ocrx_word' id='word_1_101' title='bbox 2111 2540 2259 2613; x_wconf 82' lang='grc' dir='ltr'>δόξα.</span> <span class='ocrx_word' id='word_1_102' title='bbox 2763 2537 2874 2597; x_wconf 70' lang='grc' dir='ltr'><strong>Τὰς</strong></span> <span class='ocrx_word' id='word_1_103' title='bbox 2906 2534 3183 2610; x_wconf 76' lang='grc' dir='ltr'>ἀστραπὰς</span> <span class='ocrx_word' id='word_1_104' title='bbox 3212 2535 3502 2607; x_wconf 68' lang='grc' dir='ltr'>ἐκπέμπει.</span> 
     </span>
    </p>
   </div>
   <div class='ocr_carea' id='block_1_15' title="bbox 474 2622 3389 2705">
    <p class='ocr_par' dir='ltr' id='par_1_15' title="bbox 474 2622 3389 2705">
     <span class='ocr_line' id='line_1_15' title="bbox 474 2622 3389 2705; baseline -0.002 -20"><span class='ocrx_word' id='word_1_105' title='bbox 474 2625 632 2698; x_wconf 73' lang='grc' dir='ltr'>Μηδὶ</span> <span class='ocrx_word' id='word_1_106' title='bbox 656 2632 822 2683; x_wconf 83' lang='grc' dir='ltr'>τοῦτο</span> <span class='ocrx_word' id='word_1_107' title='bbox 853 2626 1081 2705; x_wconf 74' lang='grc' dir='ltr'>ἐκδὲχου</span> <span class='ocrx_word' id='word_1_108' title='bbox 1654 2628 1779 2685; x_wconf 85' lang='grc' dir='ltr'><strong>Ἐπὶ</strong></span> <span class='ocrx_word' id='word_1_109' title='bbox 1810 2632 1890 2699; x_wconf 76' lang='grc' dir='ltr'>τῷ</span> <span class='ocrx_word' id='word_1_110' title='bbox 1916 2627 2157 2701; x_wconf 82' lang='grc' dir='ltr'><strong>θεμελίῳ</strong></span> <span class='ocrx_word' id='word_1_111' title='bbox 2829 2628 3106 2687; x_wconf 79' lang='grc' dir='ltr'>Ὑάκινθος</span> <span class='ocrx_word' id='word_1_112' title='bbox 3138 2622 3195 2680; x_wconf 76' lang='grc' dir='ltr'><strong>δέ</strong></span> <span class='ocrx_word' id='word_1_113' title='bbox 3224 2624 3389 2691; x_wconf 70' lang='grc' dir='ltr'>ἐστιν,</span> 
     </span>
    </p>
   </div>
   <div class='ocr_carea' id='block_1_16' title="bbox 402 2713 3331 2794">
    <p class='ocr_par' dir='ltr' id='par_1_16' title="bbox 402 2713 3331 2794">
     <span class='ocr_line' id='line_1_16' title="bbox 402 2713 3331 2794; baseline -0.001 -22"><span class='ocrx_word' id='word_1_114' title='bbox 402 2715 743 2794; x_wconf 83' lang='grc' dir='ltr'>Ὀφθαλμοῖς</span> <span class='ocrx_word' id='word_1_115' title='bbox 766 2723 883 2779; x_wconf 91' lang='grc' dir='ltr'>τοῖς</span> <span class='ocrx_word' id='word_1_116' title='bbox 917 2718 1187 2791; x_wconf 81' lang='grc' dir='ltr'>σαρκίνοις</span> <span class='ocrx_word' id='word_1_117' title='bbox 1583 2721 1817 2791; x_wconf 82' lang='grc' dir='ltr'>Χριστοῦ</span> <span class='ocrx_word' id='word_1_118' title='bbox 1846 2721 1942 2772; x_wconf 75' lang='grc' dir='ltr'>τοῦ</span> <span class='ocrx_word' id='word_1_119' title='bbox 1976 2716 2331 2793; x_wconf 76' lang='grc' dir='ltr'>μαργαρίτου.</span> <span class='ocrx_word' id='word_1_120' title='bbox 2762 2718 2822 2775; x_wconf 82' lang='grc' dir='ltr'>Ὀ</span> <span class='ocrx_word' id='word_1_121' title='bbox 2857 2713 3020 2792; x_wconf 73' lang='grc' dir='ltr'>μέγας</span> <span class='ocrx_word' id='word_1_122' title='bbox 3052 2714 3331 2784; x_wconf 80' lang='grc' dir='ltr'>Ἰωάννης,</span> 
     </span>
    </p>
   </div>
   <div class='ocr_carea' id='block_1_17' title="bbox 403 2803 3301 2883">
    <p class='ocr_par' dir='ltr' id='par_1_17' title="bbox 403 2803 3301 2883">
     <span class='ocr_line' id='line_1_17' title="bbox 403 2803 3301 2883; baseline -0.001 -21"><span class='ocrx_word' id='word_1_123' title='bbox 403 2809 698 2871; x_wconf 72' lang='grc' dir='ltr'>Θεάσασθχι</span> <span class='ocrx_word' id='word_1_124' title='bbox 728 2807 780 2863; x_wconf 69' lang='grc' dir='ltr'>ἐν</span> <span class='ocrx_word' id='word_1_125' title='bbox 812 2808 939 2883; x_wconf 87' lang='grc' dir='ltr'>βίῳ.</span> <span class='ocrx_word' id='word_1_126' title='bbox 991 2850 1006 2863; x_wconf 91' lang='grc'><strong>.</strong></span> <span class='ocrx_word' id='word_1_127' title='bbox 1051 2850 1064 2864; x_wconf 91' lang='grc'><strong>.</strong></span> <span class='ocrx_word' id='word_1_128' title='bbox 1581 2807 1723 2871; x_wconf 81' lang='grc' dir='ltr'>Τούς</span> <span class='ocrx_word' id='word_1_129' title='bbox 1752 2803 1962 2861; x_wconf 83' lang='grc' dir='ltr'>δώδεκα</span> <span class='ocrx_word' id='word_1_130' title='bbox 1993 2808 2247 2878; x_wconf 77' lang='grc' dir='ltr'>εὑρήσεις</span> <span class='ocrx_word' id='word_1_131' title='bbox 2763 2807 3003 2877; x_wconf 73' lang='grc' dir='ltr'>Οὐράνια</span> <span class='ocrx_word' id='word_1_132' title='bbox 3028 2807 3301 2878; x_wconf 81' lang='grc' dir='ltr'>μυστήρια</span> 
     </span>
    </p>
   </div>
   <div class='ocr_carea' id='block_1_18' title="bbox 403 2894 3458 2970">
    <p class='ocr_par' dir='ltr' id='par_1_18' title="bbox 403 2894 3458 2970">
     <span class='ocr_line' id='line_1_18' title="bbox 403 2894 3458 2970; baseline -0.001 -18"><span class='ocrx_word' id='word_1_133' title='bbox 403 2938 417 2952; x_wconf 92' lang='grc'><strong>.</strong></span> <span class='ocrx_word' id='word_1_134' title='bbox 499 2940 513 2954; x_wconf 95' lang='grc'><strong>.</strong></span> <span class='ocrx_word' id='word_1_135' title='bbox 594 2939 607 2953; x_wconf 94' lang='grc'><strong>.</strong></span> <span class='ocrx_word' id='word_1_136' title='bbox 687 2940 699 2952; x_wconf 94' lang='grc'><em>.</em></span> <span class='ocrx_word' id='word_1_137' title='bbox 781 2938 795 2954; x_wconf 94' lang='grc'><strong>.</strong></span> <span class='ocrx_word' id='word_1_138' title='bbox 875 2942 890 2955; x_wconf 93' lang='grc'><strong>.</strong></span> <span class='ocrx_word' id='word_1_139' title='bbox 970 2942 984 2957; x_wconf 90' lang='grc'><strong>.</strong></span> <span class='ocrx_word' id='word_1_140' title='bbox 1065 2942 1078 2955; x_wconf 94' lang='grc'>.</span> <span class='ocrx_word' id='word_1_141' title='bbox 1580 2897 1964 2968; x_wconf 82' lang='grc' dir='ltr'>Ὦραιοτάτους</span> <span class='ocrx_word' id='word_1_142' title='bbox 1996 2895 2205 2959; x_wconf 80' lang='grc' dir='ltr'>λίθους.</span> <span class='ocrx_word' id='word_1_143' title='bbox 2765 2898 3010 2970; x_wconf 88' lang='grc' dir='ltr'>Βροντῶν</span> <span class='ocrx_word' id='word_1_144' title='bbox 3040 2894 3458 2969; x_wconf 74' lang='grc' dir='ltr'>τῇἘκκΛησίᾳ.</span> 
     </span>
    </p>
   </div>
   <div class='ocr_carea' id='block_1_19' title="bbox 403 2981 3661 3064">
    <p class='ocr_par' dir='ltr' id='par_1_19' title="bbox 403 2981 3661 3064">
     <span class='ocr_line' id='line_1_19' title="bbox 403 2981 3661 3064; baseline -0 -25"><span class='ocrx_word' id='word_1_145' title='bbox 403 2985 458 3039; x_wconf 92' lang='grc' dir='ltr'>Ὀ</span> <span class='ocrx_word' id='word_1_146' title='bbox 487 2983 653 3061; x_wconf 86' lang='grc' dir='ltr'>λόγος</span> <span class='ocrx_word' id='word_1_147' title='bbox 691 2989 787 3041; x_wconf 80' lang='grc' dir='ltr'><strong>τοῦ</strong></span> <span class='ocrx_word' id='word_1_148' title='bbox 816 2987 1106 3064; x_wconf 78' lang='grc' dir='ltr'>προφήτου</span> <span class='ocrx_word' id='word_1_149' title='bbox 1653 2987 1851 3051; x_wconf 83' lang='grc' dir='ltr'>Λίθους</span> <span class='ocrx_word' id='word_1_150' title='bbox 1884 2983 2094 3041; x_wconf 82' lang='grc' dir='ltr'>δώδεκα</span> <span class='ocrx_word' id='word_1_151' title='bbox 2124 2985 2235 3041; x_wconf 90' lang='grc' dir='ltr'>νόει</span> <span class='ocrx_word' id='word_1_152' title='bbox 2836 2986 2935 3042; x_wconf 88' lang='grc' dir='ltr'>Καὶ</span> <span class='ocrx_word' id='word_1_153' title='bbox 2967 2984 3094 3045; x_wconf 80' lang='grc' dir='ltr'>τοὺς</span> <span class='ocrx_word' id='word_1_154' title='bbox 3125 2982 3356 3044; x_wconf 81' lang='grc' dir='ltr'>λοιποὺς</span> <span class='ocrx_word' id='word_1_155' title='bbox 3386 2981 3445 3038; x_wconf 73' lang='grc' dir='ltr'><strong>δί</strong></span> <span class='ocrx_word' id='word_1_156' title='bbox 3476 2982 3661 3048; x_wconf 85' lang='grc' dir='ltr'>λίθους</span> 
     </span>
    </p>
   </div>
   <div class='ocr_carea' id='block_1_20' title="bbox 403 3073 3444 3151">
    <p class='ocr_par' dir='ltr' id='par_1_20' title="bbox 403 3073 3444 3151">
     <span class='ocr_line' id='line_1_20' title="bbox 403 3073 3444 3151; baseline -0 -23"><span class='ocrx_word' id='word_1_157' title='bbox 403 3075 771 3149; x_wconf 77' lang='grc' dir='ltr'>Πεπλήρωται</span> <span class='ocrx_word' id='word_1_158' title='bbox 803 3073 1123 3151; x_wconf 73' lang='grc' dir='ltr'>προδήλως,</span> <span class='ocrx_word' id='word_1_159' title='bbox 1580 3075 1723 3137; x_wconf 77' lang='grc' dir='ltr'>Τοὺς</span> <span class='ocrx_word' id='word_1_160' title='bbox 1747 3075 1924 3140; x_wconf 79' lang='grc' dir='ltr'>θείους</span> <span class='ocrx_word' id='word_1_161' title='bbox 1963 3074 2198 3131; x_wconf 79' lang='grc' dir='ltr'>ἀποστό)</span> <span class='ocrx_word' id='word_1_162' title='bbox 2215 3096 2332 3144; x_wconf 87' lang='grc' dir='ltr'>ους,</span> <span class='ocrx_word' id='word_1_163' title='bbox 2761 3075 2904 3139; x_wconf 82' lang='grc' dir='ltr'>Τοὺς</span> <span class='ocrx_word' id='word_1_164' title='bbox 2932 3073 3274 3135; x_wconf 82' lang='grc' dir='ltr'>ἀποστόλους</span> <span class='ocrx_word' id='word_1_165' title='bbox 3310 3074 3444 3142; x_wconf 85' lang='grc' dir='ltr'>νόει,</span> 
     </span>
    </p>
   </div>
   <div class='ocr_carea' id='block_1_21' title="bbox 402 3161 3362 3246">
    <p class='ocr_par' dir='ltr' id='par_1_21' title="bbox 402 3161 3362 3246">
     <span class='ocr_line' id='line_1_21' title="bbox 402 3161 3362 3246; baseline 0 -27"><span class='ocrx_word' id='word_1_166' title='bbox 402 3162 506 3219; x_wconf 85' lang='grc' dir='ltr'><strong>Καὶ</strong></span> <span class='ocrx_word' id='word_1_167' title='bbox 536 3164 675 3217; x_wconf 59' lang='grc' dir='ltr'>Σιὼν</span> <span class='ocrx_word' id='word_1_168' title='bbox 704 3161 950 3236; x_wconf 71' lang='grc' dir='ltr'>ἐδομήθη</span> <span class='ocrx_word' id='word_1_169' title='bbox 1580 3164 2015 3236; x_wconf 83' lang='grc' dir='ltr'>Ἀστράπτοντας</span> <span class='ocrx_word' id='word_1_170' title='bbox 2048 3163 2100 3219; x_wconf 77' lang='grc' dir='ltr'>ἐν</span> <span class='ocrx_word' id='word_1_171' title='bbox 2137 3162 2282 3237; x_wconf 64' lang='grc' dir='ltr'>μέσῳ</span> <span class='ocrx_word' id='word_1_172' title='bbox 2762 3168 2888 3246; x_wconf 65' lang='grc' dir='ltr'><strong>Ἀφ’</strong></span> <span class='ocrx_word' id='word_1_173' title='bbox 2918 3168 2991 3222; x_wconf 83' lang='grc' dir='ltr'>ὧν</span> <span class='ocrx_word' id='word_1_174' title='bbox 3024 3163 3362 3238; x_wconf 76' lang='grc' dir='ltr'>ᾠκοδομήθη</span> 
     </span>
    </p>
   </div>
   <div class='ocr_carea' id='block_1_22' title="bbox 407 3248 3335 3327">
    <p class='ocr_par' dir='ltr' id='par_1_22' title="bbox 407 3248 3335 3327">
     <span class='ocr_line' id='line_1_22' title="bbox 407 3248 3335 3327; baseline 0.001 -20"><span class='ocrx_word' id='word_1_175' title='bbox 407 3248 501 3307; x_wconf 78' lang='grc' dir='ltr'>Ἐκ</span> <span class='ocrx_word' id='word_1_176' title='bbox 533 3248 700 3307; x_wconf 55' lang='grc' dir='ltr'>λίθακι</span> <span class='ocrx_word' id='word_1_177' title='bbox 734 3251 1090 3327; x_wconf 79' lang='grc' dir='ltr'>ἀσυγκρίτων.</span> <span class='ocrx_word' id='word_1_178' title='bbox 1581 3255 1721 3311; x_wconf 85' lang='grc' dir='ltr'>Σιὼν</span> <span class='ocrx_word' id='word_1_179' title='bbox 1750 3262 1849 3324; x_wconf 85' lang='grc' dir='ltr'>τῆς</span> <span class='ocrx_word' id='word_1_180' title='bbox 1882 3252 2231 3327; x_wconf 85' lang='grc' dir='ltr'>Ἐκκλησίας.</span> <span class='ocrx_word' id='word_1_181' title='bbox 2767 3256 2905 3314; x_wconf 86' lang='grc' dir='ltr'>Σιὼν</span> <span class='ocrx_word' id='word_1_182' title='bbox 2937 3259 2973 3326; x_wconf 77' lang='grc' dir='ltr'>ἡ</span> <span class='ocrx_word' id='word_1_183' title='bbox 3005 3255 3121 3310; x_wconf 84' lang='grc' dir='ltr'>θεία</span> <span class='ocrx_word' id='word_1_184' title='bbox 3150 3252 3335 3317; x_wconf 88' lang='grc' dir='ltr'>πόλις.</span> 
     </span>
    </p>
   </div>
   <div class='ocr_carea' id='block_1_23' title="bbox 477 3440 3810 3517">
    <p class='ocr_par' dir='ltr' id='par_1_23' title="bbox 477 3440 3810 3517">
     <span class='ocr_line' id='line_1_23' title="bbox 477 3440 3810 3517; baseline 0.001 -21"><span class='ocrx_word' id='word_1_185' title='bbox 477 3442 701 3497; x_wconf 82' lang='lat' dir='ltr'><strong>Docere</strong></span> <span class='ocrx_word' id='word_1_186' title='bbox 747 3440 1081 3500; x_wconf 87' lang='lat' dir='ltr'><strong>divinorum</strong></span> <span class='ocrx_word' id='word_1_187' title='bbox 1132 3443 1509 3500; x_wconf 83' lang='lat' dir='ltr'><strong>oraculorum</strong></span> <span class='ocrx_word' id='word_1_188' title='bbox 1562 3444 2046 3517; x_wconf 78' lang='lat' dir='ltr'><strong>signiﬁcationes.</strong></span> <span class='ocrx_word' id='word_1_189' title='bbox 2232 3444 2297 3498; x_wconf 93' lang='lat' dir='ltr'><strong>In</strong></span> <span class='ocrx_word' id='word_1_190' title='bbox 2324 3442 2712 3499; x_wconf 84' lang='lat' dir='ltr'><strong>fundamento</strong></span> <span class='ocrx_word' id='word_1_191' title='bbox 2743 3442 2903 3513; x_wconf 84' lang='lat' dir='ltr'><strong>quod</strong></span> <span class='ocrx_word' id='word_1_192' title='bbox 2925 3443 3193 3498; x_wconf 76' lang='lat' dir='ltr'><strong>Christus</strong></span> <span class='ocrx_word' id='word_1_193' title='bbox 3215 3442 3535 3515; x_wconf 71' lang='lat' dir='ltr'><strong>margarita</strong></span> <span class='ocrx_word' id='word_1_194' title='bbox 3554 3446 3643 3498; x_wconf 86' lang='lat' dir='ltr'><strong>est</strong></span> <span class='ocrx_word' id='word_1_195' title='bbox 3662 3441 3810 3498; x_wconf 89' lang='lat' dir='ltr'><strong>duo-</strong></span> 
     </span>
    </p>
   </div>
   <div class='ocr_carea' id='block_1_24' title="bbox 404 3531 3475 3605">
    <p class='ocr_par' dir='ltr' id='par_1_24' title="bbox 404 3531 3475 3605">
     <span class='ocr_line' id='line_1_24' title="bbox 404 3531 3475 3605; baseline 0.001 -20"><span class='ocrx_word' id='word_1_196' title='bbox 404 3531 687 3602; x_wconf 60' lang='lat' dir='ltr'><strong>Prophet&quot;</strong></span> <span class='ocrx_word' id='word_1_197' title='bbox 705 3548 835 3587; x_wconf 91' lang='lat' dir='ltr'><strong>rum</strong></span> <span class='ocrx_word' id='word_1_198' title='bbox 867 3549 1037 3589; x_wconf 90' lang='lat' dir='ltr'><strong>voces</strong></span> <span class='ocrx_word' id='word_1_199' title='bbox 1067 3534 1388 3589; x_wconf 79' lang='lat' dir='ltr'><strong>carnaliter</strong></span> <span class='ocrx_word' id='word_1_200' title='bbox 1416 3550 1489 3589; x_wconf 91' lang='lat' dir='ltr'><strong>ne</strong></span> <span class='ocrx_word' id='word_1_201' title='bbox 1516 3534 1834 3605; x_wconf 73' lang='lat' dir='ltr'><strong>intelligas.</strong></span> <span class='ocrx_word' id='word_1_202' title='bbox 2161 3533 2356 3590; x_wconf 86' lang='lat' dir='ltr'><strong>decim</strong></span> <span class='ocrx_word' id='word_1_203' title='bbox 2382 3532 2648 3588; x_wconf 84' lang='lat' dir='ltr'><strong>invenies</strong></span> <span class='ocrx_word' id='word_1_204' title='bbox 2679 3531 3197 3603; x_wconf 86' lang='lat' dir='ltr'><strong>splendidissimos</strong></span> <span class='ocrx_word' id='word_1_205' title='bbox 3226 3532 3475 3603; x_wconf 83' lang='lat' dir='ltr'><strong>lapides.</strong></span> 
     </span>
    </p>
   </div>
   <div class='ocr_carea' id='block_1_25' title="bbox 476 3620 3809 3694">
    <p class='ocr_par' dir='ltr' id='par_1_25' title="bbox 476 3620 3809 3694">
     <span class='ocr_line' id='line_1_25' title="bbox 476 3620 3809 3694; baseline 0.001 -19"><span class='ocrx_word' id='word_1_206' title='bbox 476 3621 556 3675; x_wconf 85' lang='lat' dir='ltr'><strong>Ne</strong></span> <span class='ocrx_word' id='word_1_207' title='bbox 588 3620 897 3677; x_wconf 71' lang='lat' dir='ltr'><strong>arbitreris</strong></span> <span class='ocrx_word' id='word_1_208' title='bbox 950 3624 1088 3678; x_wconf 88' lang='lat' dir='ltr'><strong>Sion</strong></span> <span class='ocrx_word' id='word_1_209' title='bbox 1140 3624 1347 3679; x_wconf 90' lang='lat' dir='ltr'><strong>urbem</strong></span> <span class='ocrx_word' id='word_1_210' title='bbox 1378 3623 1659 3679; x_wconf 67' lang='lat' dir='ltr'><strong>aedificari</strong></span> <span class='ocrx_word' id='word_1_211' title='bbox 1693 3639 1723 3677; x_wconf 90' lang='lat' dir='ltr'><strong>e</strong></span> <span class='ocrx_word' id='word_1_212' title='bbox 1756 3622 2053 3694; x_wconf 86' lang='lat' dir='ltr'><strong>lapidibus</strong></span> <span class='ocrx_word' id='word_1_213' title='bbox 2234 3622 2483 3694; x_wconf 90' lang='lat' dir='ltr'><strong>Lapides</strong></span> <span class='ocrx_word' id='word_1_214' title='bbox 2515 3621 2829 3678; x_wconf 86' lang='lat' dir='ltr'><strong>duodecim</strong></span> <span class='ocrx_word' id='word_1_215' title='bbox 2886 3621 3153 3694; x_wconf 79' lang='lat' dir='ltr'><strong>intellige</strong></span> <span class='ocrx_word' id='word_1_216' title='bbox 3208 3620 3438 3678; x_wconf 88' lang='lat' dir='ltr'><strong>divinos</strong></span> <span class='ocrx_word' id='word_1_217' title='bbox 3486 3620 3809 3694; x_wconf 79' lang='lat' dir='ltr'><strong>apostolos,</strong></span> 
     </span>
    </p>
   </div>
   <div class='ocr_carea' id='block_1_26' title="bbox 408 3709 3281 3784">
    <p class='ocr_par' dir='ltr' id='par_1_26' title="bbox 408 3709 3281 3784">
     <span class='ocr_line' id='line_1_26' title="bbox 408 3709 3281 3784; baseline 0 -20"><span class='ocrx_word' id='word_1_218' title='bbox 408 3709 508 3780; x_wconf 88' lang='lat' dir='ltr'><strong>qui</strong></span> <span class='ocrx_word' id='word_1_219' title='bbox 540 3711 645 3765; x_wconf 85' lang='lat' dir='ltr'><strong>visi</strong></span> <span class='ocrx_word' id='word_1_220' title='bbox 675 3711 898 3767; x_wconf 80' lang='lat' dir='ltr'><strong>fuerint</strong></span> <span class='ocrx_word' id='word_1_221' title='bbox 928 3715 1231 3784; x_wconf 86' lang='lat' dir='ltr'><strong>conspicui</strong></span> <span class='ocrx_word' id='word_1_222' title='bbox 1264 3714 1324 3768; x_wconf 89' lang='lat' dir='ltr'><strong>in</strong></span> <span class='ocrx_word' id='word_1_223' title='bbox 1357 3713 1468 3770; x_wconf 90' lang='lat' dir='ltr'><strong>hoc</strong></span> <span class='ocrx_word' id='word_1_224' title='bbox 1500 3713 1743 3769; x_wconf 90' lang='lat' dir='ltr'><strong>mundo.</strong></span> <span class='ocrx_word' id='word_1_225' title='bbox 2162 3711 2461 3784; x_wconf 79' lang='lat' dir='ltr'><strong>fulgentes</strong></span> <span class='ocrx_word' id='word_1_226' title='bbox 2492 3712 2554 3767; x_wconf 90' lang='lat' dir='ltr'><strong>in</strong></span> <span class='ocrx_word' id='word_1_227' title='bbox 2584 3712 2781 3767; x_wconf 89' lang='lat' dir='ltr'><strong>medio</strong></span> <span class='ocrx_word' id='word_1_228' title='bbox 2813 3712 2951 3767; x_wconf 90' lang='lat' dir='ltr'><strong>Sion</strong></span> <span class='ocrx_word' id='word_1_229' title='bbox 2982 3710 3281 3767; x_wconf 65' lang='lat' dir='ltr'><strong>Ecclesia.</strong></span> 
     </span>
    </p>
   </div>
   <div class='ocr_carea' id='block_1_27' title="bbox 477 3800 3815 3874">
    <p class='ocr_par' dir='ltr' id='par_1_27' title="bbox 477 3800 3815 3874">
     <span class='ocr_line' id='line_1_27' title="bbox 477 3800 3815 3874; baseline 0 -19"><span class='ocrx_word' id='word_1_230' title='bbox 477 3801 558 3855; x_wconf 86' lang='lat' dir='ltr'><strong>Ne</strong></span> <span class='ocrx_word' id='word_1_231' title='bbox 587 3800 737 3856; x_wconf 91' lang='lat' dir='ltr'><strong>illud</strong></span> <span class='ocrx_word' id='word_1_232' title='bbox 767 3802 1027 3874; x_wconf 84' lang='lat' dir='ltr'><strong>excipias</strong></span> <span class='ocrx_word' id='word_1_233' title='bbox 1058 3803 1246 3859; x_wconf 90' lang='lat' dir='ltr'><strong>oculis</strong></span> <span class='ocrx_word' id='word_1_234' title='bbox 1285 3804 1519 3859; x_wconf 91' lang='lat' dir='ltr'><strong>carneis</strong></span> <span class='ocrx_word' id='word_1_235' title='bbox 1549 3804 1611 3859; x_wconf 91' lang='lat' dir='ltr'><strong>in</strong></span> <span class='ocrx_word' id='word_1_236' title='bbox 1642 3803 1761 3859; x_wconf 88' lang='lat' dir='ltr'><strong>vita</strong></span> <span class='ocrx_word' id='word_1_237' title='bbox 1791 3807 2053 3859; x_wconf 85' lang='lat' dir='ltr'><strong>contem-</strong></span> <span class='ocrx_word' id='word_1_238' title='bbox 2236 3801 2620 3873; x_wconf 84' lang='lat' dir='ltr'><strong>Smaragdum</strong></span> <span class='ocrx_word' id='word_1_239' title='bbox 2668 3807 2879 3874; x_wconf 90' lang='lat' dir='ltr'><strong>reputa</strong></span> <span class='ocrx_word' id='word_1_240' title='bbox 2935 3803 3197 3865; x_wconf 78' lang='lat' dir='ltr'><strong>Petrum,</strong></span> <span class='ocrx_word' id='word_1_241' title='bbox 3255 3800 3658 3873; x_wconf 81' lang='lat' dir='ltr'><strong>coryphaeum,</strong></span> <span class='ocrx_word' id='word_1_242' title='bbox 3689 3800 3815 3870; x_wconf 87' lang='lat' dir='ltr'><strong>pri-</strong></span> 
     </span>
    </p>
   </div>
   <div class='ocr_carea' id='block_1_28' title="bbox 408 3887 3600 3961">
    <p class='ocr_par' dir='ltr' id='par_1_28' title="bbox 408 3887 3600 3961">
     <span class='ocr_line' id='line_1_28' title="bbox 408 3887 3600 3961; baseline 0 -18"><span class='ocrx_word' id='word_1_243' title='bbox 408 3887 629 3960; x_wconf 86' lang='lat' dir='ltr'><strong>plari...</strong></span> <span class='ocrx_word' id='word_1_244' title='bbox 2163 3908 2291 3948; x_wconf 87' lang='lat' dir='ltr'><strong>mas</strong></span> <span class='ocrx_word' id='word_1_245' title='bbox 2322 3896 2623 3946; x_wconf 87' lang='lat' dir='ltr'><strong>tenentem</strong></span> <span class='ocrx_word' id='word_1_246' title='bbox 2656 3890 2717 3945; x_wconf 91' lang='lat' dir='ltr'><strong>in</strong></span> <span class='ocrx_word' id='word_1_247' title='bbox 2752 3890 2945 3945; x_wconf 88' lang='lat' dir='ltr'><strong>medio</strong></span> <span class='ocrx_word' id='word_1_248' title='bbox 2976 3889 3382 3961; x_wconf 87' lang='lat' dir='ltr'><strong>apostolorum</strong></span> <span class='ocrx_word' id='word_1_249' title='bbox 3414 3889 3600 3945; x_wconf 86' lang='lat' dir='ltr'><strong>chori.</strong></span> 
     </span>
    </p>
   </div>
   <div class='ocr_carea' id='block_1_29' title="bbox 480 3978 3815 4053">
    <p class='ocr_par' dir='ltr' id='par_1_29' title="bbox 480 3978 3815 4053">
     <span class='ocr_line' id='line_1_29' title="bbox 480 3978 3815 4053; baseline 0.001 -23"><span class='ocrx_word' id='word_1_250' title='bbox 480 3978 735 4034; x_wconf 89' lang='lat' dir='ltr'><strong>Verbum</strong></span> <span class='ocrx_word' id='word_1_251' title='bbox 789 3981 1090 4050; x_wconf 66' lang='lat' dir='ltr'><strong>prophetas</strong></span> <span class='ocrx_word' id='word_1_252' title='bbox 1140 3982 1453 4052; x_wconf 89' lang='lat' dir='ltr'><strong>impletum</strong></span> <span class='ocrx_word' id='word_1_253' title='bbox 1498 3987 1588 4037; x_wconf 88' lang='lat' dir='ltr'><strong>est</strong></span> <span class='ocrx_word' id='word_1_254' title='bbox 1632 3981 1968 4049; x_wconf 81' lang='lat' dir='ltr'><strong>manifeste,</strong></span> <span class='ocrx_word' id='word_1_255' title='bbox 1998 3984 2059 4036; x_wconf 88' lang='lat' dir='ltr'><strong>et</strong></span> <span class='ocrx_word' id='word_1_256' title='bbox 2238 3981 2594 4036; x_wconf 82' lang='lat' dir='ltr'><strong>Anthracem</strong></span> <span class='ocrx_word' id='word_1_257' title='bbox 2645 3980 2913 4053; x_wconf 75' lang='lat' dir='ltr'><strong>intelligo</strong></span> <span class='ocrx_word' id='word_1_258' title='bbox 2958 3980 3205 4036; x_wconf 87' lang='lat' dir='ltr'><strong>Paulum</strong></span> <span class='ocrx_word' id='word_1_259' title='bbox 3248 3980 3640 4052; x_wconf 85' lang='lat' dir='ltr'><strong>Deiloquum;</strong></span> <span class='ocrx_word' id='word_1_260' title='bbox 3675 3996 3815 4035; x_wconf 83' lang='lat' dir='ltr'><strong>nam</strong></span> 
     </span>
    </p>
   </div>
   <div class='ocr_carea' id='block_1_30' title="bbox 409 4065 3200 4144">
    <p class='ocr_par' dir='ltr' id='par_1_30' title="bbox 409 4065 3200 4144">
     <span class='ocr_line' id='line_1_30' title="bbox 409 4065 3200 4144; baseline 0.001 -23"><span class='ocrx_word' id='word_1_261' title='bbox 409 4065 547 4121; x_wconf 90' lang='lat' dir='ltr'><strong>Sion</strong></span> <span class='ocrx_word' id='word_1_262' title='bbox 578 4073 876 4123; x_wconf 80' lang='lat' dir='ltr'><strong>exstructa</strong></span> <span class='ocrx_word' id='word_1_263' title='bbox 905 4075 995 4124; x_wconf 90' lang='lat' dir='ltr'><strong>est</strong></span> <span class='ocrx_word' id='word_1_264' title='bbox 1023 4085 1053 4124; x_wconf 91' lang='lat' dir='ltr'><strong>e</strong></span> <span class='ocrx_word' id='word_1_265' title='bbox 1086 4070 1383 4141; x_wconf 89' lang='lat' dir='ltr'><strong>lapidibus</strong></span> <span class='ocrx_word' id='word_1_266' title='bbox 1427 4071 1733 4144; x_wconf 88' lang='lat' dir='ltr'><strong>dispersis.</strong></span> <span class='ocrx_word' id='word_1_267' title='bbox 2165 4071 2259 4126; x_wconf 91' lang='lat' dir='ltr'><strong>die</strong></span> <span class='ocrx_word' id='word_1_268' title='bbox 2292 4076 2350 4125; x_wconf 94' lang='lat' dir='ltr'><strong>et</strong></span> <span class='ocrx_word' id='word_1_269' title='bbox 2377 4076 2550 4127; x_wconf 89' lang='lat' dir='ltr'><strong>nocte</strong></span> <span class='ocrx_word' id='word_1_270' title='bbox 2582 4070 2932 4141; x_wconf 85' lang='lat' dir='ltr'><strong>splendores</strong></span> <span class='ocrx_word' id='word_1_271' title='bbox 2962 4070 3200 4127; x_wconf 85' lang='lat' dir='ltr'><strong>emittit.</strong></span> 
     </span>
    </p>
   </div>
   <div class='ocr_carea' id='block_1_31' title="bbox 478 4155 3817 4233">
    <p class='ocr_par' dir='ltr' id='par_1_31' title="bbox 478 4155 3817 4233">
     <span class='ocr_line' id='line_1_31' title="bbox 478 4155 3817 4233; baseline 0.001 -25"><span class='ocrx_word' id='word_1_272' title='bbox 478 4155 615 4209; x_wconf 91' lang='lat' dir='ltr'><strong>Sion</strong></span> <span class='ocrx_word' id='word_1_273' title='bbox 639 4156 962 4212; x_wconf 90' lang='lat' dir='ltr'><strong>Ecclesiam</strong></span> <span class='ocrx_word' id='word_1_274' title='bbox 989 4159 1391 4229; x_wconf 77' lang='lat' dir='ltr'><strong>praadixerunt</strong></span> <span class='ocrx_word' id='word_1_275' title='bbox 1409 4162 1735 4233; x_wconf 67' lang='lat' dir='ltr'><strong>propheta,</strong></span> <span class='ocrx_word' id='word_1_276' title='bbox 1758 4160 2056 4217; x_wconf 87' lang='lat' dir='ltr'><strong>civitatem</strong></span> <span class='ocrx_word' id='word_1_277' title='bbox 2236 4159 2598 4231; x_wconf 86' lang='lat' dir='ltr'><strong>Hyacinthus</strong></span> <span class='ocrx_word' id='word_1_278' title='bbox 2621 4164 2710 4213; x_wconf 90' lang='lat' dir='ltr'><strong>est</strong></span> <span class='ocrx_word' id='word_1_279' title='bbox 2734 4175 2979 4230; x_wconf 79' lang='lat' dir='ltr'><strong>magnus</strong></span> <span class='ocrx_word' id='word_1_280' title='bbox 2998 4159 3277 4227; x_wconf 88' lang='lat' dir='ltr'><strong>Joannes,</strong></span> <span class='ocrx_word' id='word_1_281' title='bbox 3302 4159 3566 4215; x_wconf 77' lang='lat' dir='ltr'><strong>cmlestia</strong></span> <span class='ocrx_word' id='word_1_282' title='bbox 3594 4162 3817 4231; x_wconf 85' lang='lat' dir='ltr'><strong>myste-</strong></span> 
     </span>
    </p>
   </div>
   <div class='ocr_carea' id='block_1_32' title="bbox 407 4245 2906 4321">
    <p class='ocr_par' dir='ltr' id='par_1_32' title="bbox 407 4245 2906 4321">
     <span class='ocr_line' id='line_1_32' title="bbox 407 4245 2906 4321; baseline 0.002 -24"><span class='ocrx_word' id='word_1_283' title='bbox 407 4258 683 4315; x_wconf 77' lang='lat' dir='ltr'><strong>magnam</strong></span> <span class='ocrx_word' id='word_1_284' title='bbox 712 4245 1125 4303; x_wconf 83' lang='lat' dir='ltr'><strong>universorum</strong></span> <span class='ocrx_word' id='word_1_285' title='bbox 1156 4250 1329 4321; x_wconf 79' lang='lat' dir='ltr'><strong>regis.</strong></span> <span class='ocrx_word' id='word_1_286' title='bbox 2164 4249 2254 4305; x_wconf 92' lang='lat' dir='ltr'><strong>ria</strong></span> <span class='ocrx_word' id='word_1_287' title='bbox 2283 4254 2498 4305; x_wconf 88' lang='lat' dir='ltr'><strong>tonans</strong></span> <span class='ocrx_word' id='word_1_288' title='bbox 2528 4248 2591 4303; x_wconf 89' lang='lat' dir='ltr'><strong>in</strong></span> <span class='ocrx_word' id='word_1_289' title='bbox 2621 4247 2906 4303; x_wconf 87' lang='lat' dir='ltr'><strong>Ecclesia.</strong></span> 
     </span>
    </p>
   </div>
   <div class='ocr_carea' id='block_1_33' title="bbox 479 4332 3813 4412">
    <p class='ocr_par' dir='ltr' id='par_1_33' title="bbox 479 4332 3813 4412">
     <span class='ocr_line' id='line_1_33' title="bbox 479 4332 3813 4412; baseline 0.002 -26"><span class='ocrx_word' id='word_1_290' title='bbox 479 4332 543 4387; x_wconf 89' lang='lat' dir='ltr'><strong>In</strong></span> <span class='ocrx_word' id='word_1_291' title='bbox 575 4332 677 4389; x_wconf 92' lang='lat' dir='ltr'><strong>illa</strong></span> <span class='ocrx_word' id='word_1_292' title='bbox 706 4334 858 4406; x_wconf 90' lang='lat' dir='ltr'><strong>lapis</strong></span> <span class='ocrx_word' id='word_1_293' title='bbox 889 4338 1144 4393; x_wconf 79' lang='lat' dir='ltr'><strong>eximius</strong></span> <span class='ocrx_word' id='word_1_294' title='bbox 1187 4338 1646 4396; x_wconf 85' lang='lat' dir='ltr'><strong>fundamentum</strong></span> <span class='ocrx_word' id='word_1_295' title='bbox 1676 4340 1937 4411; x_wconf 89' lang='lat' dir='ltr'><strong>positum</strong></span> <span class='ocrx_word' id='word_1_296' title='bbox 1968 4342 2059 4394; x_wconf 86' lang='lat' dir='ltr'><strong>est</strong></span> <span class='ocrx_word' id='word_1_297' title='bbox 2237 4339 2489 4393; x_wconf 70' lang='lat' dir='ltr'><strong>Cmteros</strong></span> <span class='ocrx_word' id='word_1_298' title='bbox 2515 4342 2714 4393; x_wconf 87' lang='lat' dir='ltr'><strong>autem</strong></span> <span class='ocrx_word' id='word_1_299' title='bbox 2732 4338 2960 4409; x_wconf 89' lang='lat' dir='ltr'><strong>lapides</strong></span> <span class='ocrx_word' id='word_1_300' title='bbox 2982 4339 3246 4412; x_wconf 78' lang='lat' dir='ltr'><strong>intelligo</strong></span> <span class='ocrx_word' id='word_1_301' title='bbox 3272 4338 3595 4410; x_wconf 86' lang='lat' dir='ltr'><strong>apostolos,</strong></span> <span class='ocrx_word' id='word_1_302' title='bbox 3619 4353 3654 4393; x_wconf 87' lang='lat' dir='ltr'><strong>a</strong></span> <span class='ocrx_word' id='word_1_303' title='bbox 3677 4338 3813 4409; x_wconf 83' lang='lat' dir='ltr'><strong>qui-</strong></span> 
     </span>
    </p>
   </div>
   <div class='ocr_carea' id='block_1_34' title="bbox 410 4422 3352 4503">
    <p class='ocr_par' dir='ltr' id='par_1_34' title="bbox 410 4422 3352 4503">
     <span class='ocr_line' id='line_1_34' title="bbox 410 4422 3352 4503; baseline 0.002 -25"><span class='ocrx_word' id='word_1_304' title='bbox 410 4422 696 4495; x_wconf 84' lang='lat' dir='ltr'><strong>Cbristus,</strong></span> <span class='ocrx_word' id='word_1_305' title='bbox 730 4424 885 4482; x_wconf 89' lang='lat' dir='ltr'><strong>sicut</strong></span> <span class='ocrx_word' id='word_1_306' title='bbox 912 4427 1186 4498; x_wconf 63' lang='lat' dir='ltr'><strong>pradixit</strong></span> <span class='ocrx_word' id='word_1_307' title='bbox 1213 4430 1640 4503; x_wconf 88' lang='lat' dir='ltr'><strong>prophetarum</strong></span> <span class='ocrx_word' id='word_1_308' title='bbox 1669 4430 1897 4486; x_wconf 88' lang='lat' dir='ltr'><strong>famosa</strong></span> <span class='ocrx_word' id='word_1_309' title='bbox 1923 4444 2051 4483; x_wconf 82' lang='lat' dir='ltr'><strong>vox.</strong></span> <span class='ocrx_word' id='word_1_310' title='bbox 2165 4428 2277 4483; x_wconf 88' lang='lat' dir='ltr'><strong>bus</strong></span> <span class='ocrx_word' id='word_1_311' title='bbox 2306 4426 2599 4483; x_wconf 66' lang='lat' dir='ltr'><strong>aedificata</strong></span> <span class='ocrx_word' id='word_1_312' title='bbox 2619 4432 2709 4482; x_wconf 84' lang='lat' dir='ltr'><strong>est</strong></span> <span class='ocrx_word' id='word_1_313' title='bbox 2736 4427 2875 4483; x_wconf 90' lang='lat' dir='ltr'><strong>Sion</strong></span> <span class='ocrx_word' id='word_1_314' title='bbox 2906 4426 3108 4483; x_wconf 75' lang='lat' dir='ltr'><strong>civitas</strong></span> <span class='ocrx_word' id='word_1_315' title='bbox 3134 4427 3352 4485; x_wconf 87' lang='lat' dir='ltr'><strong>divina.</strong></span> 
     </span>
    </p>
   </div>
  </div>
