4128 6308
463 377 611 439 1191

1207 376 1562 439 ΑΝΟΝΥΜΙ
1607 373 1915 436 VERSUS
1958 374 2058 433 EX

2258 371 2370 433 LTE
2416 372 2704 433 ΑΝΙΜΛΕ
2749 372 3130 437 DOLENTIB

3713 384 3863 444 1192

527 513 682 568 Telis
713 513 1012 568 sauciatus
1069 527 1201 566 sum
1257 511 1672 582 cupiditatum,
1706 507 1842 564 telis
1889 507 2103 562 animus

2258 503 2416 558 ιὲλεσι
2445 501 2722 579 τέτρωμαι
2763 510 2971 577 παθῶν,
3007 506 3190 582 βέλεσι
3217 511 3621 588 ψυχοφθόροις·

464 603 762 669 exitiosis;
805 608 872 656 ut
917 602 1202 667 medicus,
1252 617 1430 666 sana;
1482 607 1548 656 ut
1590 602 1950 666 misericors,
1982 617 2111 656 ma-

462 709 608 748 num
640 690 856 764 praebe.

533 784 772 837 Terram
808 780 1054 852 primam
1083 781 1263 836 habui
1295 786 1568 837 matrem.
1603 780 1819 835 iterum
1852 797 1945 835 me
1979 796 2113 834 con-

463 873 564 928 det
589 879 745 928 terra
770 889 782 925 :
817 888 947 942 qum
979 878 1070 926 est
1097 872 1516 943 temporalium
1547 873 1749 928 fruitio
1771 873 1798 928 ‘P
1827 890 1958 945 quaa
1981 874 2110 928 vita)

462 963 732 1034 voluptas
756 962 785 1016 ?

533 1053 636 1107 Hic
668 1068 902 1107 mecum
960 1051 1394 1118 lamentamini,
1451 1069 1686 1109 mecum
1729 1054 1826 1108 hic
1874 1053 2108 1123 deﬂete,

458 1159 560 1199 vos
587 1143 803 1215 quibus
833 1145 1201 1216 compatiens
1251 1151 1341 1200 est
1389 1145 1649 1214 animus,
1696 1146 1912 1218 quibus
1942 1146 2111 1202 beni-

461 1251 579 1307 gna
605 1251 776 1290 mens
808 1239 917 1291 est.

533 1325 738 1380 Amovi
769 1325 1030 1380 animam
1057 1341 1252 1380 meam
1282 1340 1315 1379 a
1344 1324 1723 1391 salutaribus,
1758 1325 2110 1382 nocentibus

460 1430 595 1469 vero
625 1414 899 1480 admovi;
933 1431 966 1468 o
1015 1413 1274 1469 crudelis
1332 1415 1533 1469 error!
1591 1414 1769 1470 vitam
1799 1414 1971 1478 duco,
2007 1413 2111 1471 sed

464 1519 585 1559 non
617 1503 880 1575 quietam
907 1521 920 1570 ;
952 1504 1128 1559 malaa
1155 1520 1302 1559 mea)
1336 1505 1600 1560 actiones
1641 1504 1732 1558 vel
1762 1512 1901 1561 ante
1932 1505 2113 1561 ﬁnem

464 1594 718 1650 suadent
745 1595 936 1650 vivere
967 1595 1030 1650 in
1060 1595 1272 1650 timore
1303 1602 1362 1650 et
1388 1597 1680 1668 angustia.

535 1776 781 1832 Peccavi
813 1777 916 1831 tibi
948 1778 1049 1848 qui
1071 1777 1254 1848 judex
1277 1796 1456 1851 super
1481 1780 1804 1835 humanam
1835 1784 2110 1835 naturam

2289 594 2379 656 Ὦς
2411 595 2595 669 ἰατρὸς
2626 597 2975 672 θεράπευσον
3010 597 3124 672 δὸς,
3185 601 3259 664 ὡς
3312 601 3631 677 οἰκτίρμων,
3683 612 3858 684 χεῖρα.

2220 778 2329 841 Γῆς
2357 769 2570 848 ἔσχηκα
2600 795 2949 851 προμητορα,
2982 781 3055 852 γῆ
3093 799 3159 852 με
3187 779 3417 855 καλύψει
3451 783 3615 840 πάλιν

2291 863 2385 926 Τίς
2411 867 2518 918 τῶν
2560 866 2907 940 προσκαίρων
2957 866 3144 938 ὅνησις
3175 887 3189 940 ;
3237 871 3328 933 Τίς
3376 869 3551 943 ἠδονή
3582 878 3680 930 τοῦ
3710 875 3860 952 βίους

2220 1043 2379 1098 Δεῦτέ
2413 1065 2508 1118 μοι
2534 1047 2962 1120 συνθρηνήσατε,
2991 1045 3144 1105 δεῦτε
3175 1047 3550 1126 συγκλαύσατὲ
3583 1074 3700 1128 μοι,

2289 1133 2364 1188 Τὸ
2386 1134 2661 1206 συμπαθὲς
2684 1136 2774 1199 οἷς
2794 1156 3104 1212 προσεστιν,
3128 1139 3218 1202 οἷς
3238 1137 3626 1218 φιλάνθρωπος
3649 1145 3864 1219 γνώμη.

2219 1311 2531 1386 Ἐμάκρυνά
2565 1333 2670 1386 μου
2699 1315 2799 1382 τὴν
2835 1316 3019 1390 ψυχὴν
3051 1315 3158 1371 ἀπὸ
3187 1321 3298 1372 τῶν
3331 1321 3678 1393 σωζομένων,

2290 1403 2649 1478 Ιίροστςγγισα
2700 1408 2821 1467 τοῖς
2891 1403 3250 1480 βλάπτουσινο
3309 1406 3356 1463 ὢ
3414 1409 3632 1482 πλάνης
3703 1411 3862 1468 ἀπαν-

3513 1504 3764 1579 [θρώπου
3786 1506 3798 1561 !

2218 1589 2304 1640 Ζῶ
2338 1587 2484 1660 βίον,
2517 1586 2646 1644 ἀλλ’
2673 1588 2774 1644 οὐκ
2821 1588 3082 1665 ἄτρομον·
3134 1594 3192 1648 αἱ
3238 1593 3478 1670 πονηραί
3510 1616 3616 1668 μου
3657 1598 3864 1672 πράξεις

2291 1676 2390 1731 Καὶ
2421 1679 2528 1753 πρὸ
2555 1683 2652 1734 τοῦ
2673 1677 2868 1742 τέλους
2890 1681 3166 1746 πείθουσιν
3191 1683 3244 1739 ἐν
3268 1682 3459 1758 τρόμῳ
3479 1688 3578 1758 ζῇν
3598 1687 3862 1761 καὶπόνῳ.

2213 1769 2538 1840 Ἡμάρτηκά
2566 1789 2652 1823 σοι
2682 1774 2759 1841 τῷ
2789 1775 2959 1846 Κριτῇ
2993 1772 3127 1848 ὑπὲρ
3157 1774 3448 1849 ἀνθρώπου
3477 1777 3660 1841 φύσιν·

465 1865 720 1921 sedebis:
737 1866 879 1938 quid
902 1867 1040 1923 {iam
1052 1866 1207 1938 ‘Iquo
1228 1867 1613 1941 fugiam?qur
1629 1868 1736 1923 tibi
1753 1867 2103 1924 abscondar‘l

2292 1857 2394 1918 Τίς
2423 1855 2666 1930 γένωμαι
2693 1881 2707 1927 ;
2739 1863 2844 1914 ποῦ
2883 1861 3147 1938 φεύξομαι
3175 1882 3188 1933 ;
3238 1863 3327 1919 καὶ
3375 1868 3484 1921 ποῦ
3527 1861 3866 1942 κρυϐήσομαὶ

535 2046 860 2118 Ingemisco
892 2052 950 2102 et
978 2064 1128 2102 smve
1178 2049 1440 2120 exagitor
1490 2049 1698 2102 mortis
1727 2048 2109 2121 cogitationi-

462 2133 596 2201 bus,
628 2152 747 2190 non
779 2135 1172 2192 reformidans
1223 2137 1426 2202 finem,
1462 2137 1565 2192 sed
1605 2154 1736 2208 quas
1767 2144 1900 2210 post
1929 2138 2112 2193 ﬁnem

465 2231 812 2293 sequentur.

534 2311 994 2369 Misericorditer
1067 2314 1287 2386 aSpice,
1373 2313 1657 2378 Salvator,
1717 2315 1778 2369 in
1849 2315 2112 2371 animam

459 2401 741 2460 miseram
775 2422 907 2476 quae
937 2404 1000 2460 in
1037 2405 1243 2461 multis
1291 2405 1574 2476 peccavit,
1605 2421 1736 2476 quae
1767 2405 1919 2460 iram
1950 2411 2113 2462 tuam

463 2495 755 2552 excitavit.

538 2586 707 2640 Lucis
737 2584 918 2640 decus
947 2590 1220 2656 paratum
1253 2589 1343 2639 est
1384 2583 1504 2638 illis
1558 2584 1657 2655 qui
1691 2583 1784 2638 hic
1819 2588 1977 2640 recte
2009 2583 2114 2639 de-

465 2680 631 2749 gunt,
665 2674 923 2731 tenebm
956 2675 1048 2730 his
1080 2675 1181 2746 qui
1208 2674 1711 2746 prwvaricantur;
1747 2673 2112 2746 fuge,anima

463 2782 615 2832 mea,
649 2766 754 2820 has
811 2765 1107 2820 tenebras.
1163 2766 1448 2820 Malorum
1504 2765 1924 2820 remissionem
1957 2765 2112 2821 dona

463 2855 632 2924 mihi,
665 2855 914 2916 Christe.
948 2855 1272 2923 actionum,
1295 2855 1398 2926 qui
1428 2855 1714 2912 bonitatis
1744 2871 1807 2909 es
1837 2854 2109 2927 abyssus,

462 2948 520 2997 et
548 2942 682 2998 fons
704 2943 1109 3015 benignitatis.

528 3034 667 3088 Post
689 3033 868 3088 finem
895 3033 1124 3087 inutilis
1145 3031 1400 3104 gemitus
1423 3032 1638 3096 omnis,
1663 3031 1860 3086 omnis
1883 3031 2109 3086 lamen-

457 3122 635 3188 tatio;
669 3139 829 3177 nunc
852 3122 1060 3176 efﬁcax
1083 3128 1173 3175 est
1193 3121 1466 3192 gemitus,
1496 3121 1703 3174 efficax
1732 3125 1790 3174 et
1820 3119 2034 3174 luctus.

3674 1977 3758 2012 σοι
3784 1977 3796 2012 Σ

3674 1977 3758 2012 σοι
3784 1977 3796 1987 ·

2219 2040 2414 2111 Θρηνῶ
2443 2039 2533 2092 καὶ
2562 2037 2838 2113 κόπτομαι
2870 2039 3061 2105 δεινῶς
3093 2043 3320 2099 θανάτού
3349 2049 3468 2108 ταῖς
3509 1956 3764 2120 ἑννοέαις,
3783 2001 3796 2027 1

2288 2126 2366 2185 Οὐ
2397 2125 2657 2191 δεδοικὼς
2695 2131 2796 2199 τήν
2826 2130 3111 2204 τελευτὴν,
3143 2133 3292 2190 ἀλλὰ
3318 2135 3386 2191 τὰ
3419 2135 3554 2210 μετὰ
3579 2133 3761 2201 τέλος.

2214 2305 2408 2370 Ἵλεως
2438 2305 2609 2378 ἔπιδε,
2644 2314 2851 2384 Σῶτερ,
2881 2310 2971 2367 ἐπὶ
3000 2313 3185 2389 ψυχὴν
3217 2313 3434 2377 ἀθλίαν.

2289 2398 2406 2466 Τήν
2438 2397 2824 2474 ἀμαρτήσασαν
2857 2401 3062 2472 πολλὰ,
3093 2404 3192 2471 τὴν
3219 2403 3624 2480 παροργίσασάν
3658 2425 3736 2462 σι.

2217 2486 2442 2560 Κόσμος
2474 2488 2654 2555 φωτὸς
2682 2489 3012 2562 ἡτοίμασται
3046 2496 3158 2553 τοῖς
3186 2489 3295 2547 ὧδε
3322 2497 3675 2568 κατορθοῦσι,

2290 2576 2495 2640 Σκότος
2523 2583 2645 2640 τοῖς
2675 2577 3068 2635 ὀλισθαίνουσι·
3103 2585 3281 2658 φεῦγε,
3323 2584 3478 2658 ψυχή
3524 2604 3658 2656 μου,
3687 2587 3860 2639 τοῦτο.

2217 2662 2383 2718 Λύσιν
2415 2668 2593 2719 κακῶν
2647 2686 2741 2739 μοι
2794 2663 3061 2743 δώρησαι,
3111 2665 3290 2739 λύσιν,
3336 2670 3551 2740 Χριστέ,
3592 2672 3863 2744 πταισμά-

3738 2783 3862 2830 των,

2290 2844 2684 2920 Χρηστότητος
2715 2843 2791 2901 ὢν
2823 2842 3074 2916 ἄϐυσσος,
3107 2850 3263 2924 πηγή
3296 2849 3732 2928 φιλανθρωπίας.

2218 3022 2368 3080 Μετᾶ
2391 3022 2454 3078 τὸ
2483 3021 2642 3086 τέλος
2696 3024 2945 3101 ἄπρακτα
3000 3031 3105 3091 πᾶς
3160 3029 3478 3103 στεναγμὸς,
3510 3033 3615 3090 πᾶς
3649 3030 3863 3105 θρῆνος.

2290 3115 2399 3170 Νῦν
2433 3111 2640 3190 ἐνεργεῖ
2668 3115 3047 3191 ὁξστεναγμὸς,
3078 3121 3166 3171 νῦν
3201 3117 3407 3193 ἐνεργεῖ
3432 3119 3495 3174 τὸ
3527 3119 3744 3180 πένθος.

525 3210 704 3281 Leges
757 3210 972 3264 Christi
1055 3209 1408 3279 contempsi,
1468 3208 1658 3279 legem
1714 3207 2103 3278 cupiditatum

2258 3201 2469 3299 ἶόμους-
2493 3209 2738 3278 Χρισποῦ
2775 3201 3115 3282 παρέϐλεψα,
3163 3207 3332 3281 νόμον
3379 3213 3566 3272 παθῶν
3598 3211 3860 3279 ποθήσας·

460 3299 715 3371 diligens
741 3315 752 3353 :
780 3299 914 3370 quis
945 3298 1016 3353 de
1071 3314 1162 3353 me
1214 3297 1451 3353 tandem
1485 3313 1606 3352 non
1637 3296 2110 3352 lamentabitur?

462 3388 594 3458 quis
625 3389 696 3442 de
719 3405 813 3443 me
835 3405 953 3442 non
986 3387 1243 3459 plorabit
1270 3390 1293 3442 ἶ

531 3477 804 3548 Hospites
836 3493 957 3531 non
1017 3475 1217 3547 aspexi
1276 3475 1553 3548 benigne.
1593 3473 1955 3546 pauperibus
1984 3491 2106 3529 non

460 3582 591 3620 sum
622 3565 964 3630 inclinatus,
993 3565 1194 3638 egenis
1226 3564 1469 3620 domum
1500 3564 1686 3619 clausi
1712 3580 1727 3619 :
1756 3564 1904 3634 proh
1929 3563 1940 3618 ι
1971 3581 2107 3619 cru-

458 3653 653 3710 delem
683 3661 946 3710 mentem
975 3654 988 3708 ι

523 3746 700 3800 Totus
731 3761 812 3811 es,
848 3745 1132 3808 Salvator,
1185 3743 1460 3810 suavitas,
1504 3741 1900 3798 mansuetudo
1935 3742 2102 3797 inex-

456 3834 704 3889 hausta:
738 3834 990 3888 immuta
1013 3833 1076 3887 in
1113 3833 1461 3888 suavitatem
1512 3833 1726 3887 animai
1757 3846 1904 3886 mea)
1935 3847 2101 3886 acer-

455 3922 720 3979 bitatem.

526 4014 667 4068 Mari
687 4013 904 4084 jactor,
933 4013 1184 4078 Christe,
1241 4017 1658 4082 peccatorum;
1718 4009 1792 4066 da
1840 4011 2007 4082 mihi,
2039 4016 2105 4066 ut

458 4103 652 4171 Petro,
683 4118 925 4156 manum
951 4119 966 4169 ;
1001 4101 1162 4156 salva
1196 4117 1291 4155 me
1323 4101 1477 4156 sicut
1504 4100 1884 4173 gubernator.

522 4280 895 4352 Negligenter
949 4278 1275 4350 disperdidi
1348 4295 1543 4334 meam
1598 4294 1840 4333 omnem
1897 4279 2096 4334 vitam.

450 4369 572 4423 Heu
605 4368 788 4423 mihi!
851 4368 1148 4440 quomodo
1207 4369 1482 4441 effugiam
1537 4367 1829 4440 supplicia
1882 4367 2096 4424 intole-

450 4458 640 4514 randa
661 4458 689 4514 ‘I

521 4549 760 4604 Viscera
790 4553 892 4604 tua
921 4547 995 4604 ad
1027 4548 1176 4602 iram
1210 4547 1394 4620 coegi,
1427 4547 1651 4601 viscera
1681 4550 1927 4616 paterna
1957 4551 2094 4613 tua;

451 4637 555 4693 sed
584 4638 838 4712 benigne
869 4637 1262 4710 reprehende,
1296 4652 1492 4709 neque
1523 4653 1618 4692 me
1647 4637 1710 4690 in
1742 4635 1830 4691 ira
1859 4635 2101 4708 castiga.

521 4908 802 4972 Quisnam
835 4912 925 4961 est
952 4907 1188 4962 bonitas
1218 4912 1337 4974 tua,
1363 4906 1611 4969 Christe,
1638 4921 1768 4978 qua:
1800 4905 2100 4976 patientia)

450 4995 637 5066 copia,
669 4995 826 5065 quod
856 4996 1078 5052 caduca
1107 4996 1487 5052 adamantem
1519 5012 1639 5051 non
1661 4995 1805 5061 uris,
1831 4994 1934 5050 sed
1968 5011 2098 5050 sus-

449 5083 601 5137 tines
620 5082 648 5137 ?

515 5168 917 5240 Cupiditatum
973 5171 1198 5244 sylvam
1259 5172 1551 5245 congessi,
1585 5171 1739 5244 ignis
1787 5171 2101 5228 materiam

443 5469 800 5528 cognoscere
824 5459 1016 5528 poetis
1039 5471 1258 5528 nomen
1284 5473 1297 5520 ;
1330 5472 1467 5528 nam
1492 5453 1766 5525 politicos
1789 5471 2097 5528 nunquam

441 5526 554 5598 legi
581 5531 662 5594 (et
683 5526 832 5581 heul
859 5526 1237 5600 multoslegi)
1260 5534 1375 5582 tam
1401 5527 1587 5600 bonos
1632 5533 1748 5580 tam
1775 5526 2094 5600 elegantes,

442 5609 563 5656 tam
597 5600 754 5655 facili
787 5616 936 5655 vena
969 5599 1475 5670 proﬂuentes,nisi
1503 5599 1705 5654 forsan
1736 5599 1890 5668 quos
1921 5600 2095 5671 parili

438 5673 830 5728 distichorum
856 5672 1740 5743 artiﬁciopcomposuitSymeon
1775 5671 2099 5743 Metaphra-

437 5751 580 5809 stes,
616 5743 922 5813 ediditque
951 5741 1204 5798 Allatius
1236 5741 1419 5797 Diatr.
1462 5741 1539 5796 de
1566 5742 1840 5812 Symeon.
1875 5741 1945 5812 pf
1971 5744 2092 5798 132.

2288 3293 2380 3356 Τίς
2409 3291 2475 3348 οὐ
2506 3295 2763 3370 θρηνήσει
2799 3315 2866 3368 με
2907 3293 3146 3367 λοιπόν;
3194 3297 3279 3360 τίς
3325 3295 3409 3352 ἐπ’
3449 3296 3545 3372 ἐμὲ
3579 3299 3656 3372 μή
3689 3296 3863 3354 κλαύ-

3622 3394 3722 3457 [σει
3751 3389 3825 3462 (1)
3849 3405 3861 3456 ;

2213 3469 2417 3536 Ξένους
2478 3475 2578 3528 οὐκ
2635 3471 2748 3529 ἴδον
2807 3475 3124 3549 συμπαθῶς,
3158 3477 3380 3546 πένησιν
3414 3475 3513 3531 οὐκ
3559 3474 3861 3553 ἐκάμφθην,

2285 3562 2559 3639 Ἀστὲγοις
2590 3564 2736 3620 οἶκον
2769 3561 3009 3622 ἕκλεισα·
3043 3569 3140 3645 φεῦ
3183 3565 3407 3642 γνώμης
3451 3566 3818 3644 ἀπανθρώπου
3847 3566 3858 3622 l

2212 3743 2376 3807 Ὁλος
2408 3747 2478 3814 εἴ,
2515 3748 2720 3820 Σῶτερ,
2749 3745 3089 3822 γλυκασμὸς,
3122 3744 3335 3818 ἠδῦτης
3365 3747 3496 3822 ὑπὲρ
3522 3746 3708 3820 κόρον.

2283 3829 2610 3891 Μετάϐαλλε
2630 3836 2768 3909 πρὸς
2788 3835 3106 3911 γλυκασμόν
3139 3839 3326 3913 ψυχῆς
3356 3858 3460 3910 μου
3484 3841 3584 3907 τῆν
3617 3835 3854 3910 πικρίαν.

2211 4010 2446 4090 Πελάγει
2475 4010 2914 4090 κλυδωνῖζομαι,
2944 4015 3161 4089 Χριστὶ,
3193 4022 3293 4086 τῆς
3324 4014 3614 4090 ἁμαρτίας.

2278 4102 2400 4174 Δὸς,
2433 4102 2508 4166 ὠς
2562 4107 2643 4176 τῷ
2689 4105 2876 4180 Πέτρῳ
2924 4107 3024 4177 (2),
3068 4104 3232 4180 χεῖρά
3281 4125 3398 4180 μοι·
3432 4109 3631 4173 σῶσον,
3663 4104 3737 4166 ὡς
3768 4125 3858 4159 κυ-

3425 4190 3740 4268 [6ιρνήτης.

2222 4281 2495 4356 Ρᾳθῦμως
2525 4281 2890 4352 κατηνάλωσα
2919 4283 3008 4338 τὸν
3043 4285 3251 4338 ἅπαντα
3284 4304 3388 4357 μου
3423 4283 3565 4359 βίον.

2279 4370 2447 4445 Οῗμοι
2478 4371 2490 4427 Ι
2526 4370 2627 4428 Καὶ
2659 4376 2778 4434 πῶς
2808 4370 3134 4449 ἐκφεύξομαι
3179 4369 3434 4435 κολάσεις
3461 4370 3813 4432 ἀνυποίστους
3840 4391 3853 4440 ς

2214 4546 2514 4626 Σπλαγχνα
2560 4548 2627 4604 τὰ
2685 4549 2751 4604 σὰ
2809 4549 3150 4626 παρώργισα,
3184 4548 3474 4626 σπλάγχνα
3519 4549 3586 4604 τὰ
3633 4544 3857 4625 πατρικά.

3647 4639 3787 4713 [σου’

2285 4729 2438 4798 Πλὴν
2486 4726 2889 4807 φιλανθρώπως
2937 4726 3252 4784 παίδευσονο
3309 4728 3386 4802 μὴ
3441 4749 3507 4802 με
3555 4731 3713 4800 θυμῷ
3765 4745 3852 4780 κο-

3528 4814 3749 4891 [Λάσῃς.

2211 4905 2310 4970 Τίς
2342 4908 2377 4976 ἡ
2411 4907 2730 4983 χρηστότης
2761 4927 2880 4977 σου,
2929 4907 3150 4979 Χριστὶ,
3180 4905 3261 4968 τίς
3301 4907 3510 4980 ἀνοχῆς
3539 4906 3566 4960 ὁ
3596 4903 3848 4969 πλοῦτος,

2279 4997 2402 5053 Ὀτι
2437 4995 2665 5069 μανέντα
2705 5001 2822 5056 τοῖς
2873 4994 3117 5071 ῥευστοῖς
3170 4994 3232 5049 οὗ
3286 4993 3531 5072 φλέγεις,
3565 4991 3707 5047 ἀλλὰ
3740 4989 3846 5044 στὲ·

3597 5082 3746 5156 [γεις·

2208 5171 2383 5245 Ὕλην
2409 5175 2594 5230 παθῶν
2628 5173 2922 5251 ἐσώρευσα,
2951 5173 3157 5252 τροφὴν
3189 5173 3359 5247 πυρὸς
3398 5167 3678 5227 ἀσϐέστου·

2209 5456 2618 5528 Metaphrastm
2650 5455 2905 5512 disticha
2943 5454 3138 5528 legere
3187 5453 3300 5510 erit
3347 5468 3543 5525 operm
3572 5449 3825 5523 pretium

2207 5544 2274 5584 ac
2306 5545 2443 5584 cum
2477 5528 2637 5583 hisce
2671 5529 2965 5584 conferre.

2277 5602 2353 5672 (1)
2384 5600 2599 5667 Codex,
2631 5597 2866 5672 κλαύσῃ.

2278 5671 2358 5745 (2)
2385 5672 2615 5730 Alludit
2642 5671 2718 5728 ad
2745 5671 2947 5730 Matth.
2979 5685 3091 5739 xiv,
3123 5672 3211 5726 3t.
