4136 6316
365 412 517 474 119⁸1

1886 406 2204 468 ΝΟΤΙΤΙΑ
2217 454 2230 468 .

3615 420 3774 480 1198

364 565 497 602 mus
525 547 602 600 sit
630 546 730 616 (7),
767 561 944 616 quem
976 544 1038 598 in
1070 542 1220 597 libro
1253 558 1358 598 suo
1380 541 1668 596 nominet.
1693 539 2007 595 Sedvirum
2042 545 2101 610 Α
2130 541 2193 595 in
2227 544 2419 600 Suida
2452 547 2658 603 Lexico
2682 555 3022 615 occurrunt,
3055 550 3126 606 de
3150 555 3320 605 atate
3353 551 3482 622 ejus
3504 553 3778 624 judican-

365 637 779 694 doctissimum
830 634 1117 689 memoria
1173 632 1402 687 fefellit.
1455 634 1598 686 Nam
1629 631 1689 686 iu
1719 647 1769 686 v.
1833 626 2014 702 Ἀδαμ

365 727 591 783 mentio
626 726 691 780 fit
724 723 1100 795 imperatoris
1117 722 1360 777 Joannis
1383 721 1734 788 Zimisca(8)
1755 745 1767 782 ;
1789 726 1846 774 et
1877 720 1938 772 in
1961 737 2011 772 v.

369 809 942 873 Ιίωνσταντινοῦπολις
991 811 1191 866 Basilii
1224 816 1282 864 et
1310 810 1681 864 Constantini
1714 809 1962 863 fratrum
1999 828 2013 875 ;

368 906 468 976 qui
502 921 710 959 omnes
750 902 1158 967 Constantino,
1211 901 1418 954 Leonis
1480 900 1624 963 ﬁlio,
1660 899 2014 969 posteriores

366 995 625 1048 fuerunt.
655 994 1049 1061 Hieronymus
1071 989 1314 1044 Wolfius
1338 989 1572 1042 Suidam
1605 988 1790 1042 multo
1816 1003 2019 1041 recen-

371 1085 582 1138 tiorem
614 1083 772 1146 facit,
803 1089 861 1135 et
886 1080 957 1135 ad
975 1079 1363 1134 saculumxiv
1381 1079 1556 1132 refert
1585 1078 2017 1144 ;hacinductus

367 1174 618 1238 ratione,
637 1170 793 1242 quod
816 1169 1186 1223 Metochitam
1220 1168 1575 1239 logothetam
1591 1167 1749 1233 citet,
1775 1166 1874 1236 qui
1908 1163 2018 1219 sub

372 1261 717 1334 Palaologis
741 1259 966 1314 vixerit.
997 1258 1181 1313 Verba
1212 1259 1340 1329 ejus
1361 1258 1422 1312 in
1447 1255 2017 1312 Prafat.adSuidam

372 1353 499 1405 hac
522 1355 695 1405 sunt:
732 1350 897 1418 Atqui
926 1348 1082 1413 adeo,
1113 1347 1234 1403 tum
1287 1346 1635 1402 Metochitam
1685 1344 2019 1414 logothetum

374 1443 500 1495 citet
529 1441 625 1509 qui
648 1439 745 1493 sub
772 1437 1102 1506 Palaeologis
1142 1437 1302 1502 vixit,
1327 1440 1580 1506 apparet,
1607 1451 1728 1489 eum
1748 1436 1840 1488 vix
1860 1433 2019 1488 annis

378 1531 578 1585 abhinc
607 1531 710 1583 300
743 1530 976 1582 Lexico-71
1007 1529 1106 1581 hoc
1149 1528 1527 1595 composuisse.
1564 1524 1867 1580 Scribebat
1914 1539 2019 1577 au-

380 1625 493 1674 tem
532 1619 644 1673 ista
674 1617 920 1672 Wollius
953 1618 1018 1672 A.
1053 1617 1117 1670 D.
1153 1618 1308 1669 1564.
1344 1615 1454 1669 Sed
1485 1615 1803 1686 Iogotheta,
1839 1627 2016 1683 quem

376 1709 585 1764 Suidas
619 1708 865 1762 diversis
899 1707 958 1760 in
990 1706 1138 1760 locis
1163 1705 1386 1770 laudat,
1429 1722 1548 1759 non
1590 1709 1678 1758 est
1707 1701 2021 1757 Metochita

374 1799 695 1870 Iogotbeta,
726 1813 903 1867 quem
937 1796 1181 1849 ineunte
1215 1812 1346 1848 sac.
1382 1811 1470 1847 xw
1505 1794 1715 1848 vixisse
1764 1794 2015 1857 constat,

2127 629 2267 686 dum
2293 639 2399 699 est,
2434 639 2829 693 recentiorem
2854 655 2990 694 eum
3017 639 3224 710 utique
3247 657 3375 694 esse
3402 646 3652 712 Oportet,
3681 649 3774 698 ut-

2127 726 2262 790 pote
2295 723 2394 792 qui
2429 732 2680 780 exeunte
2715 727 2923 782 saltem
2959 728 3174 782 saculo
3207 745 3260 781 1x
3291 728 3380 783 vel
3417 728 3661 785 ineunte
3692 735 3772 785 x11

2129 808 2234 862 sub
2261 811 2463 865 Alexio
2487 813 2786 869 Comneno
2806 816 3031 870 vixerit.
3065 818 3226 884 Nam,
3267 815 3445 888 (quod
3468 834 3502 872 a
3531 821 3772 876 nomine

2129 897 2322 952 adhuc
2367 900 2739 957 obsarvatum
2800 921 2928 958 esse
2986 905 3195 976 video),
3258 905 3316 960 in
3349 923 3398 960 ν.
3436 906 3684 980 Γηώρας,
3717 925 3766 962 v.

2126 984 2378 1058 Δέρτρου,
2416 995 2550 1045 etv.
2611 991 2933 1063 Ἠγήτορες,
2979 993 3110 1048 loca
3160 995 3432 1064 quadam
3493 1013 3561 1050 ex
3595 997 3765 1053 Mich.

2125 1075 2318 1129 Psello
2351 1079 2460 1147 (11)
2488 1079 2882 1148 adducuntur,
2915 1082 3015 1152 qui
3073 1083 3182 1137 sub
3230 1083 3434 1138 Alexio
3466 1085 3767 1140 Comneno

2125 1163 2342 1231 ﬂoruit,
2377 1167 2673 1237 vitamque
2706 1185 2892 1240 usque
2922 1169 2995 1224 ad
3026 1170 3261 1226 initium
3293 1172 3494 1226 saeculi
3526 1191 3600 1226 xu
3629 1189 3767 1244 pro-

2127 1251 2312 1306 duxit.
2347 1254 2402 1307 Si
2434 1255 2612 1326 igitur
2633 1257 2757 1327 ipse
2790 1257 2996 1312 Suidas
3027 1258 3155 1314 loca
3185 1259 3298 1314 ista
3337 1260 3512 1315 Pselli
3562 1262 3766 1316 Lexico

2130 1358 2234 1396 suo
2259 1342 2528 1414 inseruit,
2558 1351 2692 1416 post
2712 1346 2971 1401 Psellum
2985 1348 3190 1419 utique
3208 1349 3419 1404 vixisse
3443 1367 3577 1404 eum
3601 1368 3766 1422 opor-

2129 1435 2241 1499 tet;
2261 1432 2361 1487 sed
2376 1439 2512 1488 ante
2530 1436 3150 1509 Eustathium,quippe
3174 1439 3273 1508 qui
3293 1440 3518 1510 primus
3541 1441 3601 1494 in
3615 1458 3770 1496 com-

2125 1523 2416 1577 mentario
2443 1523 2517 1578 ad
2535 1525 2853 1580 Homerum
2872 1526 3060 1581 nostri
3079 1528 3370 1582 meminit.
3393 1529 3548 1582 Vixit
3568 1536 3768 1585 autem

2125 1612 2464 1668 Eustathius
2521 1615 2730 1686 exiguo
2786 1621 2918 1686 post
2976 1616 3232 1672 Psellum
3291 1619 3620 1687 intervallo,
3662 1619 3770 1674 sub

2126 1702 2304 1756 ﬁnem
2324 1704 2606 1760 nimirum
2624 1707 2826 1761 saculi
2844 1705 3202 1776 duodecimi,
3218 1713 3276 1762 et
3300 1709 3536 1765 initium
3555 1709 3766 1765 decimi

2127 1794 2304 1847 tertii.
2342 1795 2452 1849 Sed
2476 1795 2633 1866 quod
2661 1796 2734 1851 ad
2755 1797 2886 1852 loca
2906 1797 3010 1853 illa
3039 1799 3215 1853 Pselli
3240 1800 3452 1854 attinet
3476 1819 3489 1866 ;
3523 1799 3768 1854 dubium

377 1887 481 1942 sed
526 1888 779 1957 Symeon
823 1886 1242 1955 Metaphrastes
1300 1883 1601 1955 lgootheta
1629 1883 1725 1952 (9),
1762 1881 1862 1951 qui
1895 1881 2017 1935 ini-
2049 1891 2096 1956 B
2126 1899 2244 1937 non
2278 1888 2385 1951 est,
2417 1886 2559 1955 quin
2591 1902 2624 1940 a
2646 1887 3075 1942 recentioribus
3108 1887 3314 1943 Lexico
3348 1889 3540 1943 Suida
3571 1889 3771 1944 addita

376 1977 458 2031 tio
486 1975 685 2030 saculi
728 1992 761 2028 x
809 1973 1052 2036 flloruit,
1088 1977 1152 2026 ut
1181 1978 1238 2026 et
1270 1977 1405 2027 ante
1438 1989 1545 2026 nos
1577 1971 1904 2025 observavit
1931 1969 2018 2022 vir

377 2066 574 2137 magni
599 2065 754 2118 inter
775 2061 1038 2118 eruditos
1068 2061 1328 2116 nominis
1350 2061 1674 2115 Richardus
1696 2059 2015 2122 Bentleius,

377 2155 438 2208 in
471 2153 758 2223 praeclara
788 2151 1208 2206 Dissertatione
1242 2151 1313 2204 de
1346 2149 1676 2204 Phalaridis
1729 2147 2017 2219 epistolis,

378 2259 433 2312 p.
469 2244 555 2296 22.
580 2242 729 2312 [pag
756 2243 788 2294 9
815 2238 907 2294 ed.
942 2239 1245 2309 Lennepii,
1281 2238 1449 2308 epist.
1476 2237 1706 2292 Phalar.
1741 2237 2016 2307 adjecta]

378 2330 685 2384 Sententia
741 2329 921 2399 igitur
968 2327 1184 2394 Woltii,
1246 2327 1357 2380 hoc
1406 2325 1694 2380 subducto
1753 2324 2018 2390 tibicine,

377 2423 584 2490 sponte
642 2418 883 2472 corruit.
945 2416 1056 2470 Alii
1104 2417 1258 2471 inter
1314 2432 1462 2485 quos
1513 2419 1601 2467 est
1631 2415 1716 2467 vir
1744 2413 2016 2468 doctissi-

377 2525 508 2564 mus
539 2507 888 2562 Guilielmus
919 2507 1086 2570 Cave,
1120 2511 1391 2559 nostrum
1439 2509 1711 2574 vergente
1753 2504 1879 2572 jam
1912 2518 2020 2556 sa-

2129 1973 2273 2039 sint;
2306 1973 2484 2044 idque
2519 1974 2742 2030 deloco
2773 1976 2963 2046 primo
2995 1977 3126 2048 (12),
3161 1978 3261 2048 qui
3294 1977 3687 2033 adduciturin
3714 1995 3765 2032 v.

2127 2063 2375 2134 Γηώρας,
2407 2063 2688 2118 audacter
2717 2058 3015 2120 afﬁrmare
3046 2066 3235 2120 ausim
3268 2084 3280 2133 ;
3341 2067 3559 2138 quippe
3591 2083 3769 2137 quem

2127 2167 2269 2206 mss.
2343 2151 2522 2206 Paris.
2564 2169 2683 2207 non
2715 2159 3062 2225 agnoscunt.
3097 2155 3154 2208 Si
3186 2156 3364 2227 igitur
3420 2173 3530 2211 nec
3562 2173 3630 2210 ex
3660 2156 3770 2210 hac

2126 2246 2268 2295 nota
2298 2244 2582 2311 temporis
2613 2247 2754 2296 atas
2785 2242 2975 2297 Suida
3003 2243 3198 2315 colligi
3229 2249 3443 2315 potest,
3467 2243 3612 2314 quid
3644 2249 3766 2299 tan-

2129 2327 2264 2382 dem
2292 2327 2484 2381 hacde
2514 2345 2576 2382 re
2593 2329 2971 2384 statuendum
2995 2330 3090 2393 sit,
3107 2333 3569 2400 quaretLector.
3590 2332 3771 2403 Equi-

2129 2415 2284 2479 dem,
2323 2433 2432 2470 nos
2477 2417 2556 2471 ita
2613 2434 2958 2473 censemus:
3006 2419 3299 2474 incertum
3346 2421 3586 2491 quidem
3621 2437 3771 2488 esse,

2129 2521 2244 2574 quo
2272 2509 2538 2576 tempore
2569 2523 2738 2561 verus
2769 2507 2998 2576 Suidas,
3033 2509 3149 2563 sive
3181 2509 3408 2579 primus
3441 2509 3632 2564 Lexici
3663 2511 3774 2564 hu-

375 2598 507 2652 culo
541 2614 573 2651 x
600 2598 705 2665 (10)
746 2595 853 2649 sub
897 2595 1111 2650 Basilio
1173 2611 1242 2647 ex
1299 2593 1683 2647 Constantino
1740 2590 2022 2646 fratribus
2120 2594 2222 2664 jus
2253 2602 2458 2650 auctor
2486 2595 3141 2666 vixerit;antiquiorem
3160 2598 3771 2669 tamenproculdubio

374 2687 586 2740 vixisse
619 2689 866 2740 censent
899 2701 910 2736 :
944 2701 1048 2754 pro
1074 2700 1191 2754 qua
1220 2683 1498 2754 opinione
1546 2682 1740 2736 facere
1772 2681 2020 2752 videtur,

377 2777 534 2848 quod
584 2776 792 2830 Suidas
824 2777 884 2828 in
918 2792 967 2828 v.
1001 2770 1214 2843 ’A8cip‘,
1251 2772 1354 2827 ubi
1406 2772 1671 2827 diversas
1727 2788 2022 2826 annorum

379 2883 526 2921 aras
541 2865 660 2920 sive
683 2865 939 2935 epochas
961 2868 1250 2928 recenset,
1266 2861 1708 2934 chronologiam
1741 2861 2025 2931 perducat

379 2971 569 3024 usque
586 2954 659 3008 ad
682 2954 906 3007 obitum
935 2953 1179 3006 Joannis
1197 2951 1484 3015 Zimisca,
1516 2951 1609 3005 cui
1629 2967 1786 3006 anno
1807 2950 2023 3006 Christi

381 3046 484 3097 9Ἷὸ
519 3042 692 3096 modo
726 3041 864 3096 dicti
895 3039 1142 3094 Basilius
1176 3046 1232 3092 et
1261 3037 1690 3092 COnstantinus
1719 3038 1931 3093 fratres
1962 3039 2024 3094 in

382 3131 630 3202 imperio
662 3136 1092 3185 successerunt.
1128 3129 1248 3182 Huc
1279 3128 1524 3195 accedit,
1553 3127 1710 3198 quod
1735 3135 1936 3184 noster
1964 3129 2026 3183 in

380 3239 430 3273 ν.
468 3216 1046 3279 Κωνπαντινοῦπολις
1103 3234 1291 3272 annos
1321 3235 1355 3272 a
1395 3217 1631 3271 condita
1661 3217 1830 3272 CPOli
1862 3234 2020 3272 com-

376 3316 613 3380 putans,
648 3309 933 3379 epocham
965 3323 1168 3360 eorum
1202 3307 1483 3360 terminet
1513 3306 1572 3359 in
1611 3322 1790 3377 regno
1824 3307 2021 3362 Basilii

377 3405 436 3454 et
465 3397 859 3462 Constantini,
896 3396 1608 3467 Porphyrogennetorum,
1643 3402 1708 3449 ut
1737 3395 1838 3450 illo
1873 3401 2023 3451 tem-

376 3504 541 3559 pore,
577 3503 691 3557 quo
726 3502 794 3540 ea
825 3485 1140 3552 scribebat,
1173 3484 1365 3538 adhuc
1399 3484 1845 3555 imperantium.
1893 3486 2024 3540 Hac

381 3594 523 3632 sane
540 3575 807 3646 speciosa
819 3578 978 3640 sunt,
1002 3579 1265 3627 etveram
1286 3573 1476 3627 Suida
1503 3579 1736 3628 atatem
1761 3573 2023 3630 indicare

379 3666 672 3720 videntur.
697 3664 808 3718 Sed
831 3664 879 3717 si
901 3680 971 3717 ex
993 3663 1151 3716 notis
1174 3663 1292 3716 illis
1316 3667 1671 3732 temporum,
1695 3681 1825 3733 qua
1849 3663 2024 3719 hodie

459 3809 529 3877 (7)
563 3808 935 3861 Hermannus
965 3803 1358 3877 Witekindus,
1391 3803 1546 3874 Higa
1578 3808 1718 3858 tunc
1763 3821 2022 3872 versans,

386 3875 543 3932 Vitas
561 3879 979 3949 imperatorum
992 3893 1041 3942 ,e
1055 3875 1233 3949 suida
1246 3875 1685 3949 collectas,cum
1701 3877 1904 3932 Latina
1923 3892 2029 3931 sua

380 3946 664 4005 versione
696 3948 1013 4019 separatim
1058 3947 1243 4001 edidit
1289 3946 1652 4000 Francofurti
1686 3951 1842 4010 1527,
1876 3951 1928 4004 8.
1963 3952 2027 4019 In

385 4023 474 4075 his
497 4021 690 4074 ultimi
721 4018 1129 4074 memorantur
1149 4019 1588 4084 Constantinus,
1616 4019 1824 4073 Leonis
1842 4018 2026 4073 Isauri

384 4094 565 4158 filius,
596 4093 695 4162 qui
727 4095 792 4144 A.
828 4093 953 4155 775,
1004 4089 1266 4162 Michael
1316 4090 1550 4156 Balbus,
1585 4090 1782 4162 quiA.
1816 4093 1939 4151 829,
1971 4097 2029 4144 et

383 4160 763 4234 Theophilus,
789 4163 888 4232 qui
913 4164 975 4216 A.
1003 4160 1291 4234 84_I_obiit.
1316 4162 1636 4234 Exercepta
1669 4161 1740 4215 de
1772 4163 2028 4232 impera-

384 4231 630 4300 toribus,
673 4251 743 4288 ex
792 4231 970 4286 Suida
1001 4232 1267 4295 collecta,
1323 4232 1504 4285 habes
1536 4231 1713 4286 etiam
1747 4231 1940 4287 Graece
1975 4237 2032 4287 et

387 4307 587 4362 Latine
605 4307 662 4359 in
681 4305 834 4359 Frid.
856 4304 1145 4375 Sylburgii
1171 4310 1328 4356 tomo
1353 4305 1524 4358 tertio
1550 4304 1836 4358 Minorum
1861 4307 2027 4359 Hom.

389 4378 649 4432 historia
708 4377 1090 4445 Scriptorum,
1126 4376 1392 4428 Francof.
1448 4377 1605 4443 1590,
1654 4375 1780 4439 fol.,
1816 4376 2032 4446 quibus

387 4451 504 4504 alia
536 4451 780 4518 insuper
809 4448 881 4501 de
914 4448 1091 4501 rebus
1121 4447 1451 4500 CPolitanis
1484 4463 1552 4499 ex
1587 4447 1792 4501 eodem
1828 4448 2030 4502 Lexico

388 4520 659 4590 adjunxit
687 4535 820 4572 cum
850 4518 1005 4572 Porti
1037 4518 1301 4590 versione
1335 4518 1641 4587 Philippus
1675 4518 1945 4590 Labbeus
1970 4518 2031 4572 in

390 4589 548 4647 tomo
578 4591 985 4660 [Scriptorum
1019 4589 1154 4643 hist.
1191 4589 1521 4660 Byzantina
1555 4590 1734 4643 Paris.
1771 4591 1906 4642 1648
1928 4589 2030 4643 fol.

460 4665 533 4731 (8)
565 4663 823 4716 Joannes
853 4661 1162 4714 Tzimisces
1193 4660 1517 4731 imperator
1566 4660 1678 4713 fuit
1728 4660 1798 4714 ab
1833 4663 1898 4714 A.
1931 4663 2033 4715 969

389 4734 460 4789 ad
494 4735 638 4800 975;
673 4734 810 4787 hinc
846 4733 1094 4787 Basilius
1123 4733 1192 4797 ΙΙ,
1226 4748 1259 4785 a

389 4823 522 4868 nus,
557 4806 684 4875 ejus
710 4805 911 4872 frater,
941 4803 1013 4875 ad
1046 4805 1300 4875 A._1028.

463 4879 537 4946 (9)
570 4868 778 4930 Suidas
801 4868 1190 4946 ἱιὶίἊϐαξιῇὉ
1223 4873 1492 4946 Λογοοὲτη
1506 4869 1614 4946 civ
1650 4871 1729 4942 τῷ
1760 4878 1858 4946 τῆς
1889 4871 2044 4946 ἁγίας

392 4943 607 5018 Θᾷκλης
642 4944 942 5018 μαρτυρὲῳ.
979 4948 1048 4998 Et
1104 4945 1187 5018 in_
1223 4943 1464 5018 Νοθεύες
1524 4943 1613 5018 Ἑν
1645 4947 1711 5014 τῇ
1743 4945 1838 5018 τφῦ
1875 4943 2041 5013 μοικα-

395 5016 545 5092 ρίτου
596 5013 906 5091 λὸγόθὲτὸσ
951 5016 1276 5092 peruagatus:
1304 5018 1372 5086 τῇ
1402 5013 1491 5092 εἷς
1529 5013 1591 5066 τὸ
1611 5013 1918 5092 -μᾲρτύριον
1948 5019 2044 5092 ’το-ὖ

395 5086 551 5162 ἆγίου
585 5086 904 5162 Auamma
938 5086 1413 5162 Bene:'observat
1462 5087 1781 5150 Bentleius,
1806 5086 2044 5162 μμκαρίς

392 5159 493 5230 τήν
527 5179 561 5217 a
593 5162 808 5215 Gracis
840 5161 979 5224 dici,
1014 5159 1114 5230 qui
1146 5160 1236 5214 vel
1296 5161 1562 5230 ipsorum
1616 5159 1925 5228 memoria,
1957 5159 2048 5214 vel

394 5251 516 5289 non
549 5234 694 5288 adeo
730 5233 831 5287 diu
863 5238 997 5286 ante
1024 5231 1288 5287 obiisset.

463 5307 576 5376 (10)
613 5307 896 5376 Vergente
959 5302 1173 5376 saeculo
1215 5320 1271 5356 x1
1318 5301 1424 5356 sub
1485 5300 2045 5376 AlexiﬁoACqmneno,

400 5374 608 5431 vosius
638 5374 740 5429 libi
779 5393 838 5439 ιι,
875 5377 950 5428 De
992 5374 1117 5426 hist.
1179 5375 1395 5439 Graecis,
1453 5389 1581 5442 cap.
1640 5374 1724 5424 26.
1779 5374 1945 5427 FABR.
1980 5405 2047 5413 —

399 5449 619 5502 Eadem
652 5447 947 5501 sententia
967 5447 1141 5499 Henr.
1171 5445 1381 5499 Valesii
1407 5445 1466 5497 in
1491 5444 1657 5516 Praef.
1680 5443 1753 5497 ad
1778 5451 2051 5516 excerpta

401 5535 471 5573 ex
497 5517 880 5573 collectaneis
911 5517 1282 5570 Constantini
1314 5517 1582 5585 imperat.
1616 5515 1794 5569 HEUM.

473 5588 586 5659 (11)
617 5591 993 5658 Quacunque
1029 5585 1212 5659 ῥησεις
1242 5588 1304 5640 in
1364 5586 1555 5640 Suida
1590 5585 1796 5659 Lexico
1851 5587 2050 5643 addito

399 5658 578 5714 Pselli
611 5661 874 5724 nomine,
912 5658 1207 5729 legm'itur,
1241 5676 1339 5711 eas
1371 5673 1598 5729 omnes,
1633 5658 1917 5729 Ktislerus
1948 5659 2048 5714 ob-

410 5732 676 5799 servavit,
703 5731 916 5802 petitas
948 5727 1076 5784 esse
1117 5747 1184 5784 ex
1221 5728 1521 5802 Michaelis
1553 5727 1728 5781 Pselli
1760 5729 1910 5802 libro
1961 5731 2050 5785 in-

411 5803 561 5876 dito,
594 5799 815 5859 multas
845 5801 1072 5873 glossas
1088 5816 1374 5871 vocesque
1393 5799 1673 5854 obscuras
1701 5800 2052 5870 explicante,

1334 4741 1399 4786 A.
1435 4734 1591 4796 1025,
1617 4736 1676 4785 et
1700 4732 2033 4786 Constanti-

2131 2699 2278 2752 esse,
2302 2701 2477 2754 quam
2509 2684 2678 2756 vulgo
2698 2683 3007 2754 credatur;
3042 2703 3176 2741 cum
3207 2703 3558 2758 persuasum
3598 2688 3771 2742 nobis

2131 2772 2208 2826 sit
2237 2772 2492 2842 plurima
2512 2772 2659 2839 loca,
2686 2790 2815 2844 qua
2838 2775 3232 2829 recentiorem
3255 2781 3488 2831 atatem
3514 2778 3771 2847 sapiunt,

2131 2859 2202 2914 ab
2233 2860 2366 2915 aliis
2391 2866 2596 2931 postea
2629 2861 2834 2916 Lexico
2885 2862 3022 2917 huic
3053 2863 3254 2918 addita
3284 2881 3433 2918 esse.
3469 2865 3633 2919 Patet
3661 2866 3773 2920 hoc

2130 2949 2221 3003 vel
2253 2965 2323 3003 ex
2362 2967 2472 3004 ms.
2508 2951 2687 3004 Paris.
2723 2954 2788 3005 A.
2824 2951 2925 3022 qui
2959 2952 3138 3006 trium
3170 2953 3433 3008 codicem
3465 2969 3606 3008 mss.
3643 2955 3774 3008 Sui-

2135 3037 2241 3107 da,
2277 3040 2375 3109 qui
2416 3040 2478 3093 in
2506 3039 2864 3094 bibliotheca
2891 3041 3051 3113 regia
3082 3042 3343 3096 Pariensi
3375 3048 3773 3111 asservantur,

2136 3128 2394 3200 Optimus
2421 3133 2511 3182 est
2563 3133 2620 3182 et
2650 3129 3103 3183 vetustissimus.
3140 3131 3205 3184 In
3255 3147 3323 3185 eo
3379 3131 3537 3184 enim
3587 3131 3778 3187 multa

2135 3217 2284 3284 loca,
2311 3235 2440 3289 qua
2462 3217 2522 3271 in
2546 3218 2979 3272 recentioribus
2998 3235 3160 3283 mss.,
3188 3219 3585 3290 omnibusque
3608 3220 3772 3276 editt.

2137 3306 2440 3361 hodiernis
2477 3307 2876 3377 reperiuntur,
2907 3307 2996 3361 vel
3029 3308 3270 3362 omnino
3303 3309 3536 3375 desunt,
3567 3309 3655 3363 vel
3687 3325 3778 3364 re-

2135 3396 2398 3450 centiore
2414 3396 2710 3450 interdum
2734 3413 2914 3450 manu
2937 3397 3010 3450 ad
3033 3397 3361 3469 marginem
3387 3399 3605 3468 scripta
3618 3402 3775 3453 sunt:

2132 3485 2310 3539 veluti
2341 3501 2544 3539 versus
2600 3485 2941 3552 Onicrotici,
2975 3486 3073 3555 qui
3105 3503 3176 3540 ex
3207 3487 3662 3557 Astrampsycho
3691 3486 3780 3542 vel

2133 3574 2462 3645 Nicephora
2495 3575 2552 3628 in
2587 3575 2838 3629 Lexicon
2888 3575 2998 3628 hoc
3056 3575 3328 3630 translati
3387 3582 3526 3630 sunt
3556 3593 3569 3643 ;
3605 3577 3779 3630 item-

2135 3679 2249 3732 que
2307 3663 2439 3717 loca
2495 3678 2565 3717 ex
2616 3663 2796 3717 Paulo
2854 3663 3120 3734 Aigineta
3176 3670 3470 3735 excerpta,
3524 3669 3581 3718 et
3636 3664 3774 3733 alia,

2136 3803 2611 3885 qpﬂi_innb_iblip_th
2666 3803 3360 3885 Regis‘Christ‘ianissimi
3419 3804 3769 3885 exstatcod.

2138 3872 2294 3963 1—8537,
2327 3875 2425 3964 £01.
2465 3877 2565 3958 184
2597 3876 2706 3962 hoe
2738 3872 3186 3962 ῐίωὶρειιίέλλρυ
3210 3873 3428 3960 σύνοψις
3452 3872 3540 3928 διὰ
3570 3875 3772 3964 στίχων

2134 3946 2221 3998 καὶ
2255 3943 2554 4020 πολιτικῶν
2574 3945 2706 4020 περὲ
2753 3949 2938 3998 πασῶν
2962 3949 3070 4020 τῷν
3131 3944 3318 4020 smper,
3332 3943 3469 4016 μῶν,
3510 3943 3775 4020 γενρμένη

2136 4017 2271 4091 πρὸς
2299 4016 2392 4091 τὸγ
2442 4011 2819 4070 εὖσεϐέείτατον
2883 4015 3115 4091 βασζλάα
3162 4011 3373 4091 κιερίόιὶΔ
3406 4011 3652 4091 Μιχξιήλ’
3684 4011 3775 4070 τὸν)

2138 4086 2339 4161 ρῤύκαν
2369 4086 2428 4140 ἐκ
2456 4086 2891 4161 προστάγματι)ςή
2931 4086 3027 4142 τοῦ
3083 4086 3284 4158 πατρὸς
3319 4086 3600 4142 αὐτοῦ’ἆιαὶ
3636 4089 3783 4161 βασιο

2139 4156 2297 4218 λέως.
2335 4156 2581 4233 Michael
2609 4156 2818 4226 Ducas,
2851 4156 3221 4233 Constantini
3254 4163 3426 4216 Duca
3476 4163 3560 4227 F.,
3592 4156 3780 4233 impe-

2137 4240 2300 4288 rator
2330 4233 2443 4286 fuit
2471 4232 2543 4286 ab
2577 4247 2642 4284 Α.
2672 4234 2800 4286 10⁸71
2839 4231 2911 4286 ad
2949 4234 3104 4286 1078.

2212 4307 2321 4375 (12)
2346 4304 2634 4368 Quoniam
2668 4305 2951 4357 Ki'isterus
2980 4303 3239 4374 primum
3271 4303 3682 4358 tantummodo
3706 4303 3786 4357 lo-

2141 4393 2272 4430 cum
2309 4392 2427 4429 non
2485 4375 2952 4447 agnosciamss.
3012 4375 3444 4429 Parisiensibus
3493 4375 3782 4447 observat,

2140 4448 2279 4501 hinc
2301 4446 2731 4501 videtur’tacite
2763 4446 2940 4500 simul
2970 4447 3290 4516 professus,
3323 4452 3536 4500 catera
3565 4446 3695 4500 loca
3717 4462 3785 4499 ex

2143 4519 2335 4573 Psello
2366 4518 2692 4572 adductain
2716 4517 3017 4571 codicibus
3041 4517 3160 4570 illis
3183 4518 3496 4581 contineri,
3533 4532 3786 4585 quorum

2144 4607 2328 4643 unum
2362 4606 2651 4643 annorum
2688 4589 2896 4642 saltem
2930 4588 3389 4659 quingentorum
3435 4593 3786 4642 vetustatem

2143 4661 2360 4715 habere
2393 4662 2547 4714 infra
2570 4663 2595 4727 §
2626 4663 2686 4713 16
2709 4676 2828 4713 non
2861 4658 3186 4713 difllitetur.
3213 4661 3414 4729 Itaque
3436 4674 3632 4712 veram
3646 4663 3787 4729 puto

2145 4732 2384 4786 illorum
2418 4731 2796 4795 sententiam,
2837 4731 2938 4800 qui
2998 4735 3280 4797 statuant,
3311 4728 3378 4783 ex
3433 4729 3603 4783 Pselli
3637 4728 3788 4783 libro

2153 4803 2391 4856 Suidam
2421 4803 2617 4872 ipsum
2633 4801 2903 4871 quadam
2938 4801 2998 4853 in
3030 4801 3281 4855 Lexicon
3331 4817 3504 4854 suum
3531 4805 3788 4855 transtu-

2152 4874 2312 4939 lisse,
2338 4878 2395 4926 et
2418 4871 2524 4927 sub
2551 4873 2787 4926 Alexion
2811 4873 3132 4934 Comneno,
3157 4878 3223 4926 ut
3245 4871 3429 4926 visum
3452 4871 3630 4926 etiam
3660 4873 3794 4926 Vos-

2154 4947 2264 5005 sio.
2296 4944 2453 4998 circa
2485 4944 2684 4998 saculi
2708 4960 2761 4996 xu
2817 4949 3144 4996 extremum
3199 4942 3492 4997 floruisse.
3526 4944 3696 4997 FARR.
3725 4973 3794 4984 --

2155 5015 2635 5087 Hambergerin:
2673 5014 2880 5087 Zuve-rl.
2939 5015 3138 5068 Nachr.
3187 5015 3278 5067 IV.
3337 5031 3467 5086 pag.
3507 5018 3626 5074 185.
3660 5030 3796 5069 cum

2155 5087 2383 5142 Oudino
2406 5086 2700 5158 Comment.
2735 5087 2802 5138 de
2820 5086 2913 5158 SS.
2930 5087 3032 5158 715.,
3060 5091 3202 5141 tom.
3226 5087 3298 5152 II,
3322 5103 3452 5158 pag.
3475 5087 3644 5158 1454,
3670 5101 3796 5158 me-

2157 5158 2252 5212 dio
2286 5157 2502 5212 saculo
2526 5174 2600 5211 xu
2619 5158 2823 5226 alligat
2843 5156 3036 5210 Suida
3051 5161 3305 5218 atatem,
3331 5156 3491 5227 quod
3512 5157 3654 5212 citet
3669 5157 3799 5211 loca

2157 5229 2426 5300 quadam
2443 5229 2609 5283 Mich.
2630 5227 2802 5283 Pselli
2819 5245 2886 5282 ac
2905 5227 3195 5300 Simeonis
3211 5229 3616 5300 Metaphrastis
3632 5246 3646 5293 ;
3662 5244 3799 5300 con-

2158 5299 2247 5356 tra
2277 5300 2347 5355 ab
2384 5301 2686 5354 Eustathio
2709 5299 3221 5354 Thessalonicensi
3253 5299 3548 5367 laudetur,
3592 5299 3798 5355 Saxius

2159 5379 2352 5427 tamen
2386 5373 2508 5442 (qui
2558 5372 2758 5443 plures
2816 5371 3017 5443 laudat
3065 5372 3172 5424 VV.
3228 5372 3366 5438 DD.)
3399 5374 3460 5427 in
3493 5373 3795 5443 Onomast.

2158 5445 2243 5499 lit.
2280 5446 2348 5506 ll,
2383 5440 2508 5515 pag.
2548 5440 2668 5509 1'54,
2731 5442 3050 5515 subscribit
3106 5444 3414 5498 sententia
3480 5443 3662 5514 Pagii,
3699 5440 3799 5511 qui

2159 5516 2220 5569 in
2252 5513 2827 5569 CriticaBaroniana
2846 5513 2920 5568 ad
2941 5530 3038 5568 an.
3063 5516 3186 5578 975,
3213 5531 3272 5570 n.
3298 5515 3439 5582 XIX,
3471 5513 3626 5567 «Hec
3648 5519 3801 5567 tem-

2159 5610 2186 5638 ‹‹
2207 5602 2370 5658 pore,
2400 5589 2600 5655 inquit,
2623 5586 2896 5640 ﬂoruisse
2916 5585 3148 5638 videtur
3169 5585 3377 5639 Suidas
3481 5599 3618 5637 voce
3642 5581 3802 5636 enim

2160 5682 2187 5710 «
2209 5654 2400 5728 ’Ἄδδιμ
2430 5654 2690 5712 diversas
2721 5673 3014 5711 annorum
3047 5673 3311 5728 summas
3332 5657 3802 5728 colligenscom-

2162 5753 2190 5780 ‹‹
2209 5723 2576 5802 putationem
2603 5745 2769 5783 suam
2788 5728 3123 5802 _terminant
3153 5728 3212 5781 in
3246 5727 3408 5802 obitu
3431 5723 3675 5802 Ioannis
3707 5723 3804 5777 Zi-

2163 5824 2190 5852 «
2210 5795 2442 5870 iniscis,
2477 5799 2898 5871 imperat.,hoc
2915 5814 3070 5854 anno
3094 5804 3282 5853 morte
3315 5797 3549 5852 sublati.
3579 5817 3606 5846 »
3629 5795 3804 5851 HABL.
