4128 6308
389 424 414 486 1
429 422 543 484 207

1950 411 2259 476 SUIDAS.

3650 412 3824 474 1208

375 556 562 630 liquis
592 555 733 623 edit,
764 555 1147 628 reperiuntur
1173 554 1307 626 (30).
1349 554 1491 609 Eam
1512 553 1713 607 secuta
1740 553 1829 605 est
1859 549 2040 605 editio
2071 553 2122 619 Α
2153 547 2343 614 nium,
2376 563 2472 603 an.
2510 548 2669 612 1544,
2701 545 2907 603 itidem
2941 548 3139 603 Grace
3171 551 3426 603 tantum.
3463 546 3574 603 llla
3625 548 3816 604 editio

382 650 609 704 Veneta
638 647 775 720 (31),
808 663 904 702 an.
942 648 1100 711 1514,
1133 651 1192 700 et
1232 661 1303 700 ea
1350 645 1549 699 Grace
1600 647 1853 697 tantum.
1906 642 2040 696 Hac

389 754 822 810 nonnunquam
853 754 888 793 a
916 735 1345 791 Mediolanensi
1391 733 1726 805 discrepat:
1777 732 1935 787 unde
1980 748 2051 787 ex

393 829 510 886 alio
540 827 742 885 codice
773 844 884 882 ms.
919 842 1048 882 eam
1080 841 1421 898 expressam
1459 841 1590 880 esse
1643 827 1888 896 apparet
1916 822 2045 894 (32).

396 919 620 976 Deinde
652 917 859 974 Suidas
891 916 1083 972 editus
1115 921 1206 971 est
1235 914 1476 971 Basilea
1510 915 1621 986 (33)
1652 913 1810 986 apud
1830 912 2047 967 Frobe-

401 1094 708 1168 πολύτιμον
735 1095 801 1164 ἦν
829 1089 883 1150 ἔν
913 1115 971 1168 te
999 1097 1070 1167 τῇ
1100 1091 1333 1168 Ἐλλάδι
1358 1094 1447 1148 καὶ
1478 1093 1528 1146 ἐν
1588 1095 1678 1168 ῖῇ-
1702 1089 1926 1168 Ἰτᾳλῗίᾳ,
1977 1090 2051 1168 ὡς

397 1162 683 1240 τὸν-τοῦτο
728 1162 1067 1240 ,κεκτημὲνοῦ
1131 1164 1265 1240 μέγα
1321 1170 1537 1240 φρονεῖν
1597 1162 1678 1218 Eir’
1735 1162 1902 1240 ᾳύσςῷ,
1959 1162 2049 1240 κ-αὶ

401 1237 565 1307 τὸδή
605 1236 919 1313 λεγόμενοιί
963 1236 1140 1313 κέρας’
1180 1236 1512 1313 ξᾹμαλβεέα-ςς
1561 1237 1920 1313 καρποῦσθαι.
1982 1236 2047 1313 In

401 1314 573 1382 titulo
607 1307 841 1367 Gracus
864 1307 1054 1366 exstat
1079 1307 1348 1382 dialogus
1369 1307 1796 1382 bibliopolaet
1814 1307 2051 1362 lectoris

399 1381 780 1459 φιλομαθοῦς,
797 1399 913 1454 quo
943 1382 1098 1437 liber
1127 1378 1613 1459 com-mandatur-
1637 1378 2051 1459 indicaturque

397 1448 589 1517 fribus
619 1448 834 1510 aureis.
871 1469 1109 1508 venum'
1144 1453 1375 1524 exponi.
1408 1452 1498 1524 ,Ἢ
1556 1448 1644 1503 οὖν
1672 1518 1689 1524 _
1711 1450 1846 1524 τιμή
1889 1449 2046 1524 patriar)

393 1524 646 1596 ticLéO’Tt
689 1544 716 1580 εκ
760 1527 988 1596 Χρυσῶν
1074 1517 1263 1594 τριῶὖ.
1338 1523 1593 1596 Λάμοᾳνε
1667 1517 1899 1596 δήξκαί
1959 1517 2050 1581 δὸς

409 1592 650 1672 βιϐλίον.
695 1599 774 1653 De
815 1592 1136 1672 Demetrio
1178 1592 1596 1672 Cbalcondyla,
1654 1593 1754 1672 qui
1813 1596 1879 1672 ᾼ.
1918 1597 2053 1672 1510

413 1665 561 1726 obiit
585 1668 961 1737 octogenario
1021 1669 1233 1735 major.
1284 1665 1502 1738 prater
1544 1666 1776 1738 lovium
1825 1665 1882 1738 in
1932 1665 2050 1738 elo-

410 1741 544 1812 giis,
577 1736 888 1796 consulere
927 1739 1159 1812 juvabit
1213 1736 1341 1812 lani
1396 1736 1698 1812 Parrhasii
1752 1736 1868 1805 (cui
1933 1736 2055 1812 ﬁlia

409 1807 691 1868 Demetrii
723 1807 1049 1893 nupserat),
1084 1810 1332 1881 quasita
1362 1826 1467 1893 per
1490 1807 1771 1879 epistolas
1804 1823 1929 1932 Ρδῖ
1963 1810 2052 1872 45,

409 1886 527 1932 144-
564 1884 698 1932 ι46ε
733 1882 1082 1932 Alcvomum
1117 1900 1151 1932 ιι
1190 1884 1263 1932 De
1292 1881 1489 1932 exsilio
1519 1895 1645 1932 nan.
1683 1881 1825 1932 247:
1927 1894 2051 1932 am-

402 1886 528 1948 144,
564 1884 698 1949 146;
732 1881 1083 1953 Alcyonium
1116 1900 1151 1936 ιι
1188 1884 1263 1936 De
1286 1881 1489 1953 exsilio
1519 1895 1645 1950 pag.
1683 1881 1785 1932 247
1813 1896 1825 1945 ;
1886 1881 2022 1953 Lam

403 1954 640 2010 becium
673 1954 768 2019 Vl,
801 1970 836 2024 p

400 2042 537 2152 Bap.
572 2027 687 2106 15.;
722 2020 1096 2080 Varillasium
1129 2024 1232 2079 lib.
1267 2042 1321 2079 v1
1355 2023 1679 2105 Anecdoton
1704 2020 2006 2076 Florentia.
2035 2039 2056 2085 ;

446 2113 486 2152 u
515 2096 755 2151 lartium
806 2097 863 2151 T.
925 2097 949 2149 Ι
1005 2096 1320 2150 Academia
1374 2100 1680 2152 sczentiar.,
1740 2108 1869 2152 pag.
1931 2094 1998 2146 28
2042 2132 2055 2145 .

446 2109 755 2152 ullartium
806 2109 863 2151 Τ.
925 2109 949 2149 1
1005 2109 1320 2150 Λσααεηιιεε
1374 2109 1680 2155 sczentiar.,
1740 2109 1869 2155 pag.
1931 2109 1998 2146 26
2042 2132 2055 2145 .

402 2109 755 2152 Bullartium
806 2109 863 2151 ϊ.
925 2109 949 2149 ι
1005 2109 1320 2150 Acaaemia
1374 2109 1680 2155 sczenuar.,
1740 2109 1869 2163 pag.
1931 2109 1998 2146 κδ
2042 2132 2055 2145 .

398 2166 594 2235 [Hodii
628 2173 685 2222 et
716 2166 996 2222 Boerneri
1059 2166 1265 2231 libros,
1327 2182 1505 2236 supra
1563 2163 1881 2233 aliquoties
1929 2164 2056 2236 jam

402 2234 697 2305 laudatos,
731 2239 995 2310 Freytag.
1033 2243 1248 2310 Appar.
1277 2234 1459 2310 litte'r.
1495 2237 1593 2302 lll,
1627 2250 1755 2306 pag.
1791 2237 1891 2310 147
1944 2251 2010 2310 sq
2038 2234 2054 2305 ]

398 2315 512 2366 etc.
545 2305 1398 2380 Antonius'Mo'ttafDemetrii
1447 2305 1799 2378 praceptbr,
1851 2305 2056 2360 Lexico

397 2381 590 2436 Suida
622 2381 804 2436 hocce
834 2380 1092 2452 praﬁxit
1121 2380 1486 2452 epigramma
1515 2395 1528 2431 :

471 2486 726 2554 Demetri,
758 2494 990 2541 aeternos
1021 2486 1179 2542 debet
1208 2487 1310 2540 tibi
1337 2485 1575 2540 mundus
1608 2484 1859 2545 honores,

542 2558 698 2623 Quod
727 2557 980 2627 dignum,
1013 2558 1160 2628 quod
1185 2564 1297 2612 tam
1328 2557 1513 2611 nobile
1543 2557 1726 2628 tradis
1760 2570 1912 2624 opus.

475 2629 635 2701 Debet
657 2626 837 2684 Motla
862 2626 1056 2698 magis,
1091 2628 1247 2701 chari
1278 2630 1368 2683 cui
1398 2634 1553 2682 tanta
1580 2626 1813 2701 resultat

548 2700 740 2757 Gloria
769 2701 1061 2770 discipulo,
1098 2707 1151 2754 te
1179 2700 1315 2754 duce
1343 2705 1553 2770 quanta
1582 2698 1770 2753 dcitur.

408 2805 675 2863 Alterum
706 2806 849 2861 item
880 2805 1013 2873 hoc,
1046 2806 1107 2861 in
1140 2822 1257 2877 quo
1286 2805 1577 2877 majorem
1600 2803 1930 2877 Mediolano
1953 2804 2056 2877 ho-

404 2894 613 2935 norem
638 2894 707 2932 ex
732 2877 994 2933 editione
1018 2875 1234 2945 Suida,
1254 2875 1432 2949 quam
1458 2877 1531 2932 iis
1558 2875 2056 2949 polliceturlocis,

404 2950 508 3021 qui
539 2948 912 3021 Hesiodum.‘
943 2947 1376 3005 Homerum—ac
1423 2947 1769 3016 Pindarum,
1829 2951 2057 3018 poetas,

401 3019 464 3076 in
494 3020 691 3076 lucem
719 3019 1042 3092 protulere.

472 3127 614 3182 Olim
649 3126 843 3182 Phocis
873 3133 990 3183 erat
1021 3127 1192 3182 doctis
1220 3127 1494 3182 celebrata
1525 3128 1723 3190 Poetis,

553 3198 705 3254 Unde
734 3214 933 3253 novum
967 3199 1222 3253 exhausit
1247 3199 1504 3267 funditus
1534 3198 1699 3252 Ascra
1727 3195 1913 3267 melos.

477 3267 774 3325 Promimus
804 3269 933 3324 huic
964 3269 1212 3335 Helicon,
1246 3266 1368 3323 rivo
1397 3272 1544 3339 forte
1570 3266 1913 3339 aemulusiillt

536 3341 602 3411 In
633 3356 741 3409 quo
774 3345 886 3394 tam
916 3342 1180 3411 expressit
1210 3340 1391 3394 nobile
1424 3341 1660 3409 Smyrna
1695 3338 1911 3407 sophos.

473 3410 733 3465 Cadmeas
764 3411 1003 3466 Dircaus
1033 3410 1152 3465 olor
1180 3411 1410 3466 volitare
1424 3428 1529 3482 per
1543 3427 1703 3482 arces

550 3482 729 3536 Dictus
758 3488 811 3537 et
840 3482 1103 3553 immenso
1132 3489 1211 3538 est
1235 3480 1631 3553 perstrépuissc
1657 3496 1807 3536 sono.

483 3553 716 3621 Dignius
744 3552 964 3607 Insubri
992 3552 1178 3608 Suida
1208 3554 1369 3610 decus
1402 3552 1518 3608 emit
1549 3570 1613 3608 ac
1642 3553 1795 3610 urbe.

553 3625 619 3678 In
645 3624 801 3694 cujus
835 3624 991 3694 lapsa
1021 3631 1099 3679 est
1130 3625 1344 3682 Gracia
1374 3631 1491 3679 tota
1528 3626 1728 3680 sinum.
1762 3623 1934 3677 FABR.

419 3729 724 3803 Bandinus
752 3731 813 3785 in
846 3730 1173 3803 Annalibus
1192 3733 1501 3803 Juntarum
1518 3736 1742 3803 typogr.
1768 3730 2023 3801 I,pag.77
2050 3746 2063 3783 :

425 3818 457 3851 α
491 3801 640 3867 Vidi,
671 3801 869 3872 inquit
898 3802 1149 3857 Lexicon
1204 3802 1397 3857 Suida
1455 3801 1653 3857 Grace
1708 3802 2067 3871 impressum

430 3872 743 3944 Mediolani
770 3873 1042 3944 impensa
1058 3880 1117 3928 et
1132 3874 1479 3930 dexteritate
1495 3873 1774 3928 Demetrii
1789 3872 2071 3944 Ghalcon-

427 3943 581 4023 dyla
612 3960 687 4023 an
742 3947 899 4023 1499,
930 3944 1060 4023 fol.,
1093 3945 1156 4023 in
1184 3962 1301 4023 quo
1332 3945 1406 4023 ad
1435 3946 1657 4023 calcem
1682 3943 2068 4023 primapagi-

427 4015 520 4070 na
552 4015 767 4086 legitur
794 4032 807 4070 :
838 4017 1156 4086 Monasterii
1176 4016 1508 4085 Angelorum
1534 4019 1722 4070 Petrus
1744 4015 2071 4079 Candidus;

428 4086 529 4156 qui
556 4085 813 4140 veterem
844 4086 998 4141 hanc
1027 4085 1350 4141 editionem
1389 4086 1900 4143 observationibus
1928 4086 2068 4140 illu—

427 4157 651 4213 stravit.
686 4178 715 4206 »
748 4158 923 4217 ΗΑιιι.

500 4230 610 4298 (30)
645 4228 871 4282 Videsis
901 4232 1117 4300 prater
1146 4229 1432 4284 Maittaire
1465 4231 1524 4285 A.
1578 4231 1635 4283 Τ.
1681 4229 1772 4300 IV,
1826 4244 1952 4300 pag.
1983 4228 2069 4300 A93

431 4316 561 4371 sqq.
586 4303 644 4353 et
663 4301 787 4371 690,
811 4298 945 4354 cum
967 4306 1128 4364 nota,
1153 4316 1223 4355 ea
1245 4316 1500 4371 quoque,
1524 4317 1656 4371 qua
1687 4299 1759 4354 de
1789 4298 2067 4354 hac'edit.

433 4369 731 4443 injntrod.
765 4370 979 4443 inphist.
1012 4373 1203 4443 L.7Gr.
1236 4369 1306 4432 Il,
1337 4369 1400 4436 2,
1419 4369 1560 4443 pag.—
1578 4374 1702 4439 505,
1760 4377 1884 4425 not.
1912 4386 2069 4443 “pro-

429 4441 544 4497 tuli
572 4447 631 4496 et
658 4441 891 4509 notavi;
925 4442 988 4496 it.
1014 4442 1123 4497 cel.
1157 4441 1674 4509 Panzeri—14.7.1],
1698 4446 1841 4513 p.91
1867 4460 1881 4507 ;
1907 4441 2074 4496 Ham-

428 4513 588 4580 berg.
625 4516 679 4568 Z.
714 4515 776 4568 N.
816 4515 904 4580 IV,
935 4529 1067 4584 pag.
1102 4514 1222 4568 186.
1259 4514 1430 4568 ΗΑιιι..

498 4584 612 4658 (31)
643 4584 835 4658 Editio
864 4584 1082 4640 Aldina
1124 4586 1354 4658 Venet._
1380 4602 1499 4658 an._
1528 4588 1696 4658 1514,
1755 4584 1860 4658 viri
1886 4656 1894 4658 _
1916 4584 2071 4658 docti

1424 1932 1501 2007 Die
1521 1932 1644 2005 ἃιέὶἓ
1666 1932 2055 2018 grammatica,
2087 1932 2135 1998 Β

2158 639 2317 695 haud
2345 639 2468 694 fere
2498 637 2570 693 ab
2602 638 2818 693 Aldina
2842 636 3161 709 discrepat,
3193 638 3307 693 nisi
3339 638 3437 692 ubi
3470 639 3564 693 vel
3605 639 3821 710 sphal-

2159 734 2322 787 mata
2350 728 2771 802 typograpbica
2799 728 2998 796 habet,
3030 729 3121 783 vel
3151 728 3224 785 ab
3257 729 3585 785 editoribus
3644 731 3819 785 Basi-

2159 820 2463 876 leensibus
2493 818 2851 891 interpolata
2882 824 2989 874 est.
3043 822 3210 873 Anno
3243 819 3382 874 1564
3413 820 3822 891 Hieronymus

2159 910 2405 965 Wolfius
2433 909 2545 982 (34)
2576 907 2816 964 Suidam
2848 909 3105 979 (omissis
3136 908 3295 964 notis
3316 925 3478 965 mere
3509 925 3822 981 gramma-

2168 1113 2194 1145 ι
2223 1089 2532 1145 Theodosii
2556 1089 2777 1163 Juniris
2795 1095 3062 1163 tempore
3095 1088 3708 1163 similiterhEugenius
3742 1105 3824 1145 ex

2161 1186 2190 1214 ‹‹
2214 1161 2599 1244 Apgustopoli
2622 1161 2891 1286 Phrygia
2909 1161 3356 1216 miscellaneam
3373 1161 3689 1244 dictionem
3716 1179 3823 1218 or-

2164 1255 2188 1286 α
2210 1234 2348 1286 dine
2365 1231 2756 1286 alphabetico.
2808 1249 3033 1286 osumus
3055 1233 3288 1286 Gazaus
3308 1249 3445 1286 voce
3460 1233 3823 1286 rhetoricas.

2164 1255 2188 1287 ι
2210 1231 2348 1288 dine
2365 1231 3033 1304 alphabeticolosimus
3055 1233 3288 1287 Gazaus
3308 1249 3445 1288 voce
3460 1233 3823 1304 rhetoricas,

2161 1330 2188 1356 «
2215 1303 3114 1375 ordiue’alphabetico.Cacilius
3124 1304 3356 1359 Siculus
3372 1305 3700 1360 dictionum
3714 1305 3826 1360 de-

2162 1401 2189 1428 «
2206 1376 2427 1431 lectum
2439 1374 2647 1448 ordine
2659 1374 3594 1448 alphabeticoLonginusCassius
3608 1376 3823 1432 dictio-

2169 1471 2194 1502 ι
2220 1463 2326 1502 nes
2349 1447 2474 1501 0rd.
2501 1446 2735 1518 alphab.
2757 1448 3053 1519 Lupercus
3074 1446 3342 1519 Berytius
3362 1464 3533 1502 voces
3563 1454 3821 1504 Atticas.

2162 1544 2190 1571 ‹‹
2218 1520 2487 1574 Justinus
2506 1519 2695 1574 Julius
2718 1518 2981 1590 sophista
2994 1518 3324 1590 glossarum
3356 1519 3645 1579 librorum
3668 1519 3821 1577 XCI.

2163 1590 2501 1660 «Pamphili
2519 1590 2944 1660 compendium
2959 1590 3470 1660 scripsit.Pacatus
3486 1590 3556 1645 de
3571 1607 3829 1646 consue-

2164 1687 2190 1714 ‹‹
2217 1662 2421 1717 tudine
2435 1661 2755 1716 Attica.ord
2768 1660 3002 1731 .alphab
3031 1661 3375 1733 Pamphilus
3389 1668 3621 1733 pratum
3636 1663 3830 1719 varia.-

2168 1757 2195 1785 ι(
2220 1750 2351 1787 rum
2380 1733 2731 1791 dictionum.
2766 1738 3046 1787 constans
3065 1732 3234 1787 libris
3255 1732 3414 1788 XCVI
3441 1735 3541 1788 Est
3560 1739 3763 1790 autem
3789 1752 3829 1790 a

2175 1828 2200 1860 α
2221 1804 2421 1859 littera
2442 1805 2482 1859 E
2507 1821 2695 1876 usque
2718 1804 2792 1858 ad
2813 1810 2874 1870 Ω,
2909 1810 3119 1876 ιιειιῐιᾼ
3140 1803 3337 1858 littera
3359 1810 3417 1876 et
3438 1821 3625 1876 usque
3648 1806 3718 1861 ad
3758 1813 3825 1873 A,

2166 1899 2194 1927 «
2219 1876 2466 1948 Zopyrio
2481 1875 2902 1948 elaboraverat.
2940 1874 3126 1930 Pollio
3146 1874 3583 1948 Alexandrinus
3606 1878 3830 1932 dictio-

2168 1971 2191 2001 α
2220 1946 2365 2002 num
2383 1948 2707 2002 Atticarum
2720 1947 3152 2002 collectaneum
3172 1946 3827 2017 ord.alpbab.Grace.In

2166 2043 2193 2071 ‹‹
2225 2019 2370 2073 calce
2394 2021 2617 2088 legitur.
2652 2018 2915 2073 Venetiis
2943 2019 3003 2072 in
3035 2018 3263 2073 adibus
3292 2019 3427 2073 Aldi
3458 2026 3517 2074 et
3562 2020 3825 2075 Andreae

2167 2114 2194 2143 ‹‹
2230 2091 2439 2153 soceri,
2465 2106 2670 2145 mense
2701 2089 2868 2145 Febr.
2900 2112 2925 2137 ›ι
2952 2091 3021 2143 Μ.
3047 2090 3110 2143 ν.
3144 2106 3258 2143 xw.
3283 2092 3485 2158 (1514.)
3511 2090 3613 2145 fol.
3639 2092 3825 2148 HABL.

2238 2163 2348 2230 (33)
2381 2161 2572 2216 Editio
2607 2160 2962 2216 Basileensis
3008 2177 3103 2215 an.
3161 2162 3321 2228 1544,
3365 2177 3497 2231 qua
3546 2162 3825 2218 Aldinam

2166 2250 2272 2305 per
2302 2234 2504 2289 omnia
2519 2233 2817 2305 exprimit,
2843 2248 3024 2305 manu
3044 2232 3227 2287 Isaaci
3244 2232 3576 2305 Casauboni
3594 2235 3829 2305 passim

2165 2303 2368 2360 notata
2397 2303 2884 2375 exstatl.ugduni
2912 2305 3259 2358 Batavorum
3292 2303 3349 2358 ib
3397 2303 3539 2360 bibl
3588 2303 3824 2361 Acade-

2166 2376 2322 2458 mia.
2358 2378 2446 2444 [V.
2480 2376 2668 2458 catalz
2696 2392 2826 2502 pag:
2862 2375 3013 2444 281.]
3065 2375 3223 2429 inter
3270 2375 3453 2430 libros
3496 2376 3825 2443 Gudianos,

2168 2465 2266 2502 aui
2302 2453 2609 2502 servantur
2656 2464 2716 2501 ιιι
2814 2446 2915 2501 ibl.
2972 2445 3510 2502 Guelnberbvtana.
3569 2448 3825 2502 habetur

2168 2448 2266 2518 qui
2302 2453 2609 2502 servantur
2656 2445 2716 2501 in
2771 2445 2915 2502 bibl.
2972 2445 3510 2518 Guelpberbytana,
3569 2448 3832 2504 habetur

2168 2518 2374 2574 eadem
2402 2524 2605 2574 notata
2634 2519 2856 2590 passim
2889 2534 3069 2572 manu
3101 2518 3392 2590 Salmasii.

2240 2592 2350 2658 (34)
2382 2592 2579 2645 Prima
2628 2589 2807 2644 editio
2867 2590 3071 2644 Latina
3123 2589 3357 2661 Hieron.
3413 2590 3630 2658 Wolﬁi,
3688 2591 3827 2661 viri,

2171 2661 2221 2717 si
2254 2662 2595 2733 quisquam,
2625 2661 3044 2733 immortaliter
3073 2660 3267 2733 meriti
3304 2660 3380 2733 de
3413 2662 3628 2717 Graecis
3659 2660 3826 2718 litteé

2164 2732 2424 2799 ris,’una
2452 2750 2586 2789 cum
2617 2732 2925 2788 nonnullis
2965 2732 3251 2788 Joachimi
3290 2732 3634 2799 Camerarii,
3688 2750 3828 2799 qua

2166 2804 2239 2859 ad
2275 2804 2497 2860 calcem
2535 2803 2854 2859 voluminis
2877 2803 3294 2875 subjiciuntur,
3319 2803 3829 2860 declarationibus

2168 2875 2367 2931 lucem
2397 2876 2542 2930 vidit
2572 2876 2813 2930 Basilea
2845 2892 2916 2931 ex
2945 2875 3187 2947 Oporini
3221 2875 3481 2941 ofﬁcina,
3515 2893 3611 2931 an.
3661 2880 3828 2941 1564,

2170 2947 2371 3002 minus
2404 2947 2718 3003 emendate
2749 2946 3011 3016 quidem,
3042 2952 3107 3001 ut
3136 2946 3262 3017 ipse
3315 2948 3587 3018 queritur
3638 2948 3701 3002 in
3750 2948 3828 3002 ti-

2166 3018 2291 3074 tulo
2321 3018 2667 3091 posterioris
2695 3018 2836 3072 edit.
2869 3035 2966 3074 an.
3001 3020 3159 3072 1581.

2240 3128 2393 3181 Peste
2420 3143 2591 3181 meam
2626 3126 2866 3180 vallante
2896 3125 3138 3191 domum,
3170 3130 3421 3179 vastante
3446 3126 3660 3192 librari,

2308 3199 2504 3253 Editus
2532 3198 2620 3251 hic
2642 3213 2875 3267 propere
2894 3204 2994 3261 est,
3026 3212 3123 3250 nec
3150 3197 3270 3251 sine
3298 3195 3415 3252 labe
3445 3196 3602 3253 liber.

2087 3303 2130 3369 Ο
2239 3271 2613 3369 Nugc‘p'ositis
2633 3284 2804 3369 nouus
2822 3269 3393 3369 .efuvliisvptidusgue
3403 3269 3576 3339 juven
3585 3276 3642 3323 ta

2309 3341 2531 3395 Eusebii
2552 3339 2743 3410 prodit
2767 3356 2989 3394 munere
3025 3341 3323 3409 Episcopii.

2168 3447 2346 3504 David
2380 3447 2745 3503 Haschelius
2783 3447 2846 3502 in
2906 3447 3119 3502 litteris
3174 3446 3248 3503 ad
3302 3448 3820 3516 Jungermannum

2170 3520 2322 3575 datis
2352 3519 2477 3574 Kal.
2508 3518 2692 3588 April.
2734 3535 2829 3573 an.
2887 3521 3043 3588 1605,
3101 3521 3154 3585 4,
3216 3523 3484 3587 testatur,
3542 3520 3820 3575 Woltium

2172 3590 2387 3661 integri
2437 3590 2630 3645 Suida
2663 3590 3006 3662 editionem
3062 3591 3259 3645 Graco
3319 3591 3585 3647 Latinam
3638 3591 3817 3662 paulo

2173 3668 2310 3719 ante
2331 3666 2585 3716 mortem
2607 3661 2951 3717 adornasse.
2972 3677 3159 3733 verum
3184 3668 3425 3721 auctore.
3450 3661 3659 3733 inquit,
3675 3679 3820 3717 mor-

2177 3741 2291 3790 tuo.
2323 3733 2484 3802 ﬁdem
2514 3732 2895 3805 typograpbus
2920 3732 3144 3805 fefellit.
3180 3735 3305 3805 Non
3336 3734 3541 3805 eadem
3574 3734 3823 3805 diligen-

2177 3806 2259 3860 tia
2312 3810 2608 3860 versatum
2665 3804 3059 3876 Wolﬁumiin
3119 3804 3296 3859 Suida
3350 3804 3816 3876 interpretando,

2178 3893 2297 3948 qua
2325 3877 2387 3930 in
2412 3878 2689 3948 Isocrate,
2726 3875 3208 3948 Demostheneet
3231 3877 3457 3948 Zonora
3485 3875 3627 3931 usus
3682 3876 3815 3931 fuit.

2178 3946 2345 4003 notat
2377 3947 2641 4002 Andreas
2673 3947 2947 4001 Schottus
2991 3946 3222 4002 Prafat.
3283 3947 3357 4002 ad
3407 3948 3826 4017 proverbiorum

2181 4020 2468 4074 Centurias
2521 4020 2645 4073 XIV
2700 4035 2727 4072 e
2791 4018 2967 4073 Suida
3021 4018 3321 4085 collectas,
3386 4024 3445 4074 et
3498 4036 3634 4074 cum
3690 4019 3826 4074 aliis

2181 4092 2513 4146 Gracorum
2548 4088 2877 4160 proverbiis
2901 4088 3137 4143 Zenobii
3171 4090 3290 4143 sive
3347 4091 3643 4155 Zenedoti,
3690 4091 3827 4146 Dio-

2179 4161 2413 4235 geniani
2438 4161 2810 4235 et_Anonymi
2836 4161 3117 4223 Vaticani,
3144 4162 3617 4235 utraquelingua
3637 4162 3825 4217 editas

2181 4232 2241 4289 et
2261 4233 2419 4287 notis
2449 4232 2778 4286 illustratas
2801 4238 3092 4301 Antwerp,
3129 4233 3284 4298 1612,
3307 4234 3361 4285 4.
3394 4234 3504 4287 8θό
3536 4239 3671 4287 ante
3703 4242 3823 4288 An—

2180 4306 2380 4361 dream
2406 4305 2708 4359 Schottum
2736 4303 2900 4373 ilicet
2926 4304 2975 4357 is
3004 4319 3125 4357 non
3149 4304 3530 4368 meminerit,)
3555 4306 3674 4359 XIV
3693 4322 3822 4361 cen-

2180 4378 2366 4433 turias
2391 4375 2834 4445 proverbiorum
2866 4391 2896 4427 e
2926 4373 3103 4429 Suida
3131 4374 3429 4435 coliectas,
3463 4377 3555 4431 Gr.
3611 4382 3670 4431 et
3703 4377 3817 4432 Lat.

2179 4465 2315 4505 cum
2339 4448 2494 4502 liier.
2528 4446 2719 4499 Wolﬁi
2747 4445 3610 4502 versio‘neediditHermannus
3624 4449 3821 4503 Germ-

2180 4516 2690 4590 bergius,scbola
2745 4515 3170 4590 Corbuchiana
3212 4523 3537 4588 prorector,
3587 4518 3821 4590 illisque

2183 4589 2491 4660 subjunxit
2545 4588 2887 4660 centuriam,
2961 4604 3235 4660 versuum
3314 4588 3825 4645 onirocriticorum

431 4655 609 4712 manu
634 4656 855 4727 PaSSim
882 4662 1104 4722 ηοῑᾶιᾶ,
1132 4656 1401 4711 exsuli“
1419 4655 1784 4711 bibliOtheca
1803 4655 2071 4737 [τεὶόςιιεὶ
2107 4671 2154 4737 Ι)
2186 4655 2438 4732 (Astram
2487 4659 2674 4730 sychi)
2693 4675 2763 4713 ex
2785 4659 2989 4713 eodem
3015 4658 3212 4725 Suida,
3234 4665 3293 4715 et
3321 4661 3704 4731 epistolarum
3738 4678 3830 4716 sa-

431 4727 588 4784 inter
616 4729 800 4783 libros
854 4743 1001 4787 quos
1058 4726 1389 4783 Academia
1448 4728 1659 4787 leuavit
1713 4730 2070 4781 Perizonius.
2186 4749 2421 4787 crarum
2438 4678 2691 4787 Eeeades
2708 4731 3069 4787 auinaue.ex
3091 4730 3227 4785 aliis
3249 4732 3424 4786 etiam
3442 4732 3826 4787 scriptoribus

430 4727 588 4784 inter
616 4726 800 4783 libros
854 4743 1001 4799 quos
1058 4726 1389 4799 Academia
1448 4728 1659 4799 legavit
1713 4727 2070 4799 Perizonius.

430 4744 800 4784 mternoros
854 4744 1001 4852 quos
1058 4744 1389 4783 academia
1450 4744 1659 4799 iegavn
1713 4744 2070 4781 Perizonius.

429 4799 622 4854 Suida
653 4815 862 4870 exemp
890 4799 1016 4853 aria
1048 4798 1093 4852 si
1127 4815 1247 4853 non
1279 4799 1521 4870 omnia.“
1535 4805 1694 4870 certe
1751 4799 1941 4853 multa
1990 4798 2074 4852 sic

429 4871 647 4952 scripta
677 4864 876 4952 fuisse.
934 4870 1437 4952 quemadmodum
1496 4864 1721 4952 ιῖκςῖσσιςΔ
1756 4870 1984 4952 Aldina.
2019 4875 2077 4949 et

430 4939 787 4996 Basileensis
817 4939 1126 5012 exscripta
1157 4950 1317 5000 sunt.
1352 4951 1417 4996 ut
1445 4943 1672 5012 pagina
1698 4939 2072 5012 faciemdivi-

429 5012 619 5068 serint
642 5013 700 5066 in
727 5013 894 5075 duas,
925 5008 1084 5082 quod
1106 5013 1324 5068 dicitur
1345 5008 1667 5068 columnas.
1698 5008 2073 5076 sive.os).l3ia,

432 5090 491 5138 et
521 5084 721 5138 forsan
752 5083 813 5136 id
844 5084 1037 5153 ipsum
1068 5084 1307 5140 Suidam
1340 5085 1596 5155 primum
1644 5086 1725 5139 ita
1773 5084 2075 5155 probasse,

429 5161 599 5209 notat
625 5160 745 5208 Jac.
780 5155 1102 5208 Gronovius
1134 5155 1194 5209 in
1226 5154 1742 5211 eméndationibus
1780 5154 1852 5209 ex
1901 5154 2079 5209 Suida

432 5225 737 5297 pagiiIO.
794 5225 984 5297 Editio
1035 5225 1248 5297 Aldina
1299 5228 1660 5297 praefationis
1721 5228 1847 5281 loco
1902 5225 2081 5280 habet

430 5296 741 5377 praﬁxum
776 5295 1065 5377 monitum
1098 5296 1227 5349 Aldi
1261 5295 1332 5352 de
1364 5300 1539 5377 modo
1567 5297 1874 5377 singulari,
1899 5312 2072 5377 quem

433 5365 497 5421 in
526 5365 734 5439 ordine
768 5365 942 5439 seriei
965 5366 1300 5439 litterarum
1347 5369 1600 5439 scriptor
1648 5365 1743 5423 Hic
1786 5365 2076 5434 observat,

433 5435 594 5509 quod
628 5435 843 5490 deinde
873 5437 935 5491 in
965 5436 1286 5491 Basileensi
1335 5435 1573 5561 quoque
1624 5446 1684 5495 et
1730 5439 1911 5502 Porti,
1960 5441 2078 5494 Ku~

435 5507 695 5561 steriaue
725 5506 984 5561 editione
1015 5507 1333 5561 repetitum
1388 5510 1595 5561 eaitur.

435 5506 695 5577 sterique
725 5506 984 5562 editione
1015 5507 1333 5579 repetitum
1354 5506 1595 5579 legi—tur.

503 5582 613 5645 (32)
644 5581 710 5634 In
742 5579 957 5635 Goetzii
986 5579 1224 5632 Memor.
1257 5578 1402 5634 bibl.
1428 5578 1660 5638 "Dresd.
1712 5582 1823 5638 vol.
1855 5584 1899 5636 Ι.
1932 5581 2073 5636 fasc.

432 5668 469 5731 ιι
508 5650 627 5731 (ubi
663 5668 792 5731 pag.
958 5665 1087 5731 sqq.
1132 5648 1419 5731 editiones
1670 5653 2078 5731 recensentur)

432 5722 560 5778 hac
580 5722 889 5792 inscriptio
910 5721 1125 5794 legitur
1144 5721 1320 5794 hujus
1340 5740 1487 5779 rara
1519 5725 1746 5779 Aldina
1770 5721 2077 5777 editionis:

438 5816 466 5841 «
489 5793 686 5849 Suida.
720 5791 994 5849 l’rasens
1021 5791 1263 5862 quidem
1290 5794 1441 5849 liber
1471 5802 1560 5850 est
1588 5795 1800 5858 Suida,
1826 5794 1928 5863 qui
1944 5810 2079 5847 vero

441 5884 471 5911 «
483 5863 681 5987 ipsum
696 5868 1162 5946 composuerunt
1179 5863 1287 5946 viri
1309 5864 1464 5921 docti
1480 5865 1725 5946 fuerunt
1746 5881 1759 5918 :
1782 5864 2080 5944 Eudemus

441 5954 470 5981 ‹‹
482 5948 515 5987 ι·
560 5938 686 5987 etor
696 5932 769 5987 de
782 5932 1146 5987 dictionibus
1158 5933 1365 5987 ordine
1377 5933 2080 5987 alnhabetxcoﬂelladius

441 5954 470 5981 «
482 5931 686 5990 rhetor
696 5932 769 5989 de
782 5931 1146 5992 dictionibus
1158 5931 1365 5991 ordine
1377 5933 2081 6006 alphabeticoﬂelladius

2186 4730 2421 4789 crarum
2438 4730 2694 4803 deeades
2708 4731 3069 4803 quinque.e_x
3091 4730 3227 4785 aliis
3249 4730 3424 4786 etiam
3442 4732 3826 4803 scriptoribus

2184 4809 2515 4877 congestas,
2547 4801 2789 4877 Basilea
2816 4819 2922 4872 per
2952 4801 3187 4877 sebastk
3210 4803 3385 4877 Henr.
3437 4801 3615 4877 Petri,
3669 4805 3823 4869 1583,

2183 4878 2236 4931 8.
2264 4873 2481 4930 Paulus
2493 4873 2861 4946 Colomesius
2882 4873 3040 4928 notis
3059 4873 3134 4946 ad
3153 4873 3388 4946 Gyraldi
3403 4899 3426 4923 ιι
3456 4875 3669 4929 Histor.
3693 4891 3823 4946 poe-

2186 4970 2213 4997 ‹‹
2236 4954 2343 5002 tar.
2366 4964 2476 5017 pag
2522 4948 2654 5017 2‘76:
2687 4944 3056 5017 Epigramma
3075 4944 3135 4998 in
3159 4945 3447 5017 somnum
3471 4944 3819 5012 Ducem,sub

2187 5042 2213 5067 α
2232 5015 2620 5074 [Elii‘Adriani
2648 5016 2891 5070 nomine
2916 5032 2984 5069 ex
2997 5015 3253 5071 Gerardo
3267 5016 3700 5072 Geldenhaurio
3718 5018 3819 5071 No-

2188 5112 2215 5139 «
2237 5091 2503 5151 viomaan
2527 5088 2748 5157 profert
2772 5086 3016 5141 Wolfius
3039 5086 3097 5140 in
3122 5085 3419 5142 historicis
3437 5089 3654 5151 Suida,
3686 5103 3820 5142 voce

2187 5183 2215 5210 ‹‹
2254 5160 2543 5215 Adrianus
2566 5176 2584 5217 ;
2613 5173 2786 5226 quem
2818 5157 3039 5217 locum.
3069 5158 3116 5213 si
3176 5175 3267 5212 me
3325 5159 3553 5219 audias,
3602 5160 3822 5223 Lector,

2188 5256 2216 5282 «
2250 5232 2563 5291 consules;
2597 5230 2675 5284 ibi
2710 5229 2869 5282 enim
2901 5228 3139 5283 Suidam
3172 5229 3407 5300 attingit
3444 5231 3709 5298 Wolfius,
3742 5230 3824 5284 vir

2190 5326 2212 5354 σ
2249 5302 2471 5372 alioqui
2505 5302 2665 5356 naris
2695 5300 2909 5355 obesa.
2938 5316 3318 5370 nequaquam
3346 5302 3683 5357 infeliciter.
3722 5324 3746 5350 η

2259 5372 3038 5445 SiprastantissimoVossio
3061 5372 3379 5435 credimus,
3400 5372 3503 5445 lib.
3529 5391 3565 5428 ιι
3599 5374 3671 5428 De
3696 5374 3820 5445 hist.

2186 5442 2404 5514 Gratiis,
2436 5462 2487 5500 c.
2520 5446 2609 5507 26,
2642 5458 2772 5514 pag.
2805 5443 2945 5514 302;
2978 5442 3081 5496 diu
3111 5448 3248 5497 ante
3296 5444 3567 5500 Wolﬂum
3621 5444 3822 5501 Suidas

2188 5512 2609 5572 Latine‘versus
2634 5512 2776 5587 est'a
2796 5512 3048 5587 Roberto
3063 5514 3361 5569 Grosetest
3379 5516 3498 5570 sive
3519 5516 3820 5587 Capitone,

2187 5590 2463 5660 episcopo
2494 5584 2919 5660 Lincolniensi,
2948 5585 3047 5654 qui
3080 5590 3143 5637 Α.
3176 5590 3237 5660 ς.
3263 5588 3429 5660 ’1253
3479 5584 3635 5642 diem
3687 5588 3831 5642 obiit

2188 5655 2551 5730 supremum.
2584 5656 2867 5730 Scdlicet
2893 5655 3158 5730 Joannes
3180 5655 3406 5730 Balteus
3460 5660 3699 5730 (lentur.
3751 5676 3825 5725 1v,

2188 5747 2236 5783 c.
2261 5726 2358 5791 '18,
2395 5746 2504 5800 pag
2548 5730 2670 5800 306.
2698 5727 2854 5781 inter
2871 5726 3087 5800 scripta
3131 5726 3387 5784 Roberti.
3422 5729 3831 5785 adnotationes

2188 5802 2251 5855 in
2282 5798 2522 5855 Suidam
2552 5799 2625 5854 ab
2657 5815 2727 5854 eo
2760 5798 3110 5853 translatum
3156 5803 3464 5863 memoret,
3516 5801 3577 5857 id
3632 5806 3823 5857 tamen

2188 5887 2310 5926 non
2333 5869 2797 5946 intelligendum
2812 5868 3065 5946 videtur,
3087 5869 3203 5946 nisi
3226 5868 3299 5946 de
3317 5873 3661 5946 narratione
3685 5888 3826 5946 apo-

2189 5942 2413 6015 crypha
2439 5940 2571 6014 qua
2600 5944 2793 5999 exstat
2820 5941 2978 6014 apud
3009 5940 3248 5999 Suidam
3276 5940 3341 5999 in
3370 5941 3601 6017 Ἰησους,
3646 5940 3827 6002 θίῗει
