4128 6308
399 6026 442 6108 is

449 362 600 425 1211

1732 364 2038 427 SUIDAS.
2087 396 2162 409 —-
2205 364 2546 425 NOTITIA.

3696 369 3865 433 1212

447 520 475 550 «
503 500 999 571 Hesychio,quem
1021 501 1476 572 compilabant,»
1498 500 1589 556 vel
1609 500 1744 557 aliis
1764 499 2089 572 glossariis,
2120 497 2176 566 Α
2205 499 2586 571 dilucideque
2612 500 2894 571 patefecit
2910 501 2986 558 cl.
3009 502 3311 571 Mullerus,
3332 508 3528 560 rector
3540 505 3857 576 Citiensis,

448 605 610 644 nunc
640 589 814 644 nobis
844 590 1078 661 ignotis,
1112 590 1348 658 debere,
1382 590 1472 645 vel
1527 590 1766 661 proprio
1799 589 1995 645 studio
2026 606 2099 645 ex

446 683 711 732 veterum
744 679 1098 749 scriptorum
1157 679 1601 734 commentariis
1634 683 1692 733 et
1720 678 1963 734 scholiis
1996 694 2093 732 ex-

449 769 778 839 cerpsisse;
813 767 885 821 de
914 767 1125 839 glossis
1159 768 1340 823 sacris
1389 768 1777 839 Hesychianis
1821 766 1966 838 quid
1995 766 2095 822 alii

448 857 555 911 viri
588 857 743 912 docti
767 856 1061 927 judicent,
1076 858 1205 928 jam
1228 857 1480 913 vidimus
1503 858 1562 911 in
1587 858 1778 929 capite
1810 857 1883 912 de
1916 858 2097 927 Hesy-

450 947 582 1002 chio
608 965 621 1014 ;
656 946 893 1002 Suidam
925 952 1123 1003 autem
1154 965 1223 1003 ex
1246 948 1379 1003 aliis
1398 948 1778 1019 potissimum
1809 947 2094 1016 fontibus,

448 1036 622 1090 hodie
653 1036 970 1091 maximam
1030 1042 1261 1108 partem
1317 1038 1478 1092 haud
1535 1038 1769 1110 ignotis.
1803 1038 2093 1106 hausisse,

447 1124 653 1181 itidem
686 1125 746 1179 in
778 1125 889 1180 hoc
920 1125 1111 1197 capite
1139 1126 1571 1182 adnotavimus.
1599 1157 1667 1167 —
1690 1127 1810 1182 Gel.
1845 1126 2095 1182 Schulzii

447 1216 750 1287 specimen
777 1216 1103 1271 Observatt.
1132 1217 1382 1272 miscell.
1406 1218 1468 1271 in
1495 1217 1737 1272 Suidam
1760 1218 1887 1288 jam
1917 1233 2100 1288 supra

444 1306 835 1363 laudavimus.
870 1308 971 1361 Vir
1026 1312 1223 1363 autem
1281 1307 1435 1363 doct.
1491 1309 1871 1380 persequitur
1910 1308 2100 1363 multa

446 1396 637 1452 Suidee
663 1396 795 1452 loca
848 1397 921 1451 ab
979 1395 1180 1456 Ἀατος
1233 1413 1421 1468 usque
1478 1397 1553 1452 ad
1611 1397 1867 1473 ’Eoppaea,
1909 1412 2095 1468 eaque

445 1486 620 1541 modo
651 1486 778 1541 face
817 1484 1023 1541 critica
1075 1485 1352 1553 illustrat,
1412 1486 1589 1541 modo
1646 1486 1840 1541 fontes
1883 1487 2095 1557 aperit,

441 1574 601 1631 unde
633 1574 898 1629 hauserit
918 1573 1333 1639 Suidas,modo
1362 1591 1458 1629 res
1480 1575 1773 1646 verbaque
1801 1590 2095 1647 gramma-

440 1664 695 1720 ticorum
725 1679 889 1717 more
929 1664 1202 1735 explicat.
1266 1695 1329 1704 —-
1388 1664 1606 1718 Locum
1663 1663 1857 1718 Suidae
1893 1664 2094 1736 ΙΙτερο-

443 1752 672 1830 φοίτωρ,
706 1758 815 1808 etc.
851 1753 1167 1809 emendare
1197 1754 1587 1808 instituerunt
1608 1753 1872 1809 Brucker
1901 1758 1961 1808 et
1988 1755 2093 1809 Fa-

445 1843 668 1898 bricius
694 1843 755 1897 in
803 1843 1025 1897 mutuis
1072 1842 1358 1913 epistolis,
1394 1842 1677 1914 subjectis
1708 1842 1986 1908 Reimari,
2021 1843 2097 1896 De
2127 1856 2176 1922 B

442 1936 686 1987 vitr.etc.
713 1931 957 1986 Fabricii
974 1934 1634 2004 commentario,pag.225
1653 1948 1742 2002 sq.
1786 1962 1834 1971 -
1854 1930 2096 1986 Suidam

444 2022 759 2094 aliquoties
782 2021 1118 2076 emendavit
1132 2022 1341 2093 Taylor
1360 2021 1421 2075 in
1438 2020 1798 2075 lectionibus
1816 2020 2094 2092 Lysiacis,

442 2112 608 2185 praef.
642 2111 804 2166 illius
836 2110 1083 2166 editioni
1115 2109 1582 2181 Lysiae,Londini
1614 2110 1772 2173 1739,
1794 2112 1848 2178 4,
1875 2126 2004 2181 cap.
2038 2111 2090 2164 3.

443 2205 593 2258 Num
654 2206 852 2256 autem
902 2201 986 2254 Jo.
1046 2199 1277 2269 Taylori
1354 2199 1654 2270 appendix
1704 2202 1975 2253 notarum
2038 2199 2098 2253 in

445 2290 639 2345 Suidas
670 2290 920 2344 Lexicon
951 2290 1025 2357 (v.
1058 2290 1468 2360 Bruggemann
1505 2290 1655 2342 View
1676 2290 1743 2356 of
1756 2288 1846 2342 the
1868 2287 2101 2356 English

444 2381 718 2447 Editions,
751 2383 886 2444 etc.,
917 2395 1048 2451 pag.
1101 2380 1246 2449 448),
1307 2378 1502 2433 lucem
1558 2377 1791 2441 viderit,
1824 2378 2100 2449 equidem

446 2473 669 2528 nescio.
705 2471 991 2527 Villoison
1022 2471 1085 2526 in
1115 2472 1322 2527 Anecd.
1358 2471 1451 2527 Gr.
1485 2472 1559 2536 II,
1590 2487 1719 2542 pag.
1756 2472 1844 2537 31,
1878 2487 1938 2525 n.
1975 2474 2103 2539 1,et

446 2578 578 2634 pag.
619 2564 739 2624 163,
762 2565 909 2628 not.,
936 2560 1051 2615 duo
1075 2560 1267 2615 Suidas
1288 2560 1420 2615 loca
1445 2559 1706 2615 illustrat
1727 2559 2097 2616 emendatve.

449 2651 557 2707 Sed
592 2651 894 2706 inﬁnitum
924 2649 1092 2713 foret,
1118 2650 1321 2705 omnia
1350 2666 1671 2722 congerere
1702 2654 1759 2704 et
1791 2649 2096 2716 adnotare,

447 2760 578 2813 quas
608 2741 1038 2809 Hemsterhus.,
1084 2741 1533 2808 Valckenarius,
1576 2740 1905 2810 Markland,
1938 2740 2101 2795 Pier-

448 2849 577 2897 son,
611 2832 793 2900 Koen,
827 2831 1183 2903 interpretes
1235 2830 1308 2885 ad
1358 2831 1642 2886 Thomam
1702 2831 1845 2901 Mag.
1879 2829 2101 2901 aliique

445 2922 618 2977 multi
649 2920 755 2977 viri
787 2922 983 2977 Graece
1016 2920 1171 2976 docti
1200 2921 1421 2992 passim
1452 2920 1513 2976 in
1537 2921 1695 2976 notis
1726 2921 1801 2977 ad
1831 2926 2102 2976 auctores

444 3013 725 3069 classicos
789 3017 891 3067 aut
936 3012 1079 3067 alibi
1127 3012 1191 3066 in
1247 3011 1416 3066 libris
1466 3011 1670 3079 Obss.,
1719 3010 2102 3067 Emendatio—

445 3119 610 3171 num,
645 3106 781 3167 etc.,
815 3101 888 3156 ad
921 3100 1161 3155 Suidam
1193 3100 1614 3155 illustrandum
1653 3100 2101 3171 corrigendum-

446 3208 559 3262 que
588 3192 748 3247 varia
803 3191 1034 3244 ratione
1093 3194 1152 3243 et
1203 3189 1443 3244 fortuna
1471 3189 1870 3244 contulerunt.
1905 3190 2098 3243 Pauca
2126 3219 2172 3288 ο

445 3284 677 3335 tantum
739 3277 1002 3333 indicare
1054 3276 1202 3331 libet
1252 3293 1451 3348 opera,
1511 3277 1573 3331 in
1629 3276 1866 3347 quibus,
1898 3276 2099 3331 dedita

445 3384 626 3439 opera
656 3370 714 3421 et
741 3366 978 3436 copiose
1037 3369 1431 3436 pertractatur
1486 3364 1677 3420 Suidas
1726 3364 2000 3420 Lexicon.
2030 3395 2100 3408 —-

446 3456 678 3511 Ernesti
702 3455 910 3526 junior
938 3454 1000 3509 in
1030 3455 1253 3509 Comm.
1290 3454 1363 3508 de
1396 3453 1664 3525 ProcOpii
1695 3454 1908 3508 Caasar.
1935 3470 2100 3508 com-

445 3545 775 3611 mentariis,
810 3548 947 3612 etc.,
978 3560 1108 3616 pag.
1142 3543 1197 3608 4,
1218 3547 1473 3608 notarat,
1498 3542 1797 3597 Olearium
1829 3542 2100 3614 exemplo

448 3652 553 3691 suo
580 3634 801 3690 multas
862 3632 1020 3688 obss.
1081 3632 1285 3687 doctas
1340 3631 1710 3711 ascripsisse.
1752 3633 1966 3687 Postea
1995 3631 2100 3687 viri

447 3725 611 3779 illius
641 3722 1059 3779 humanissimi
1080 3738 1224 3777 cura
1246 3722 1306 3776 in
1331 3721 1526 3777 lucem
1558 3721 1676 3776 illa;
1700 3721 2051 3792 prodierunt
2070 3737 2102 3777 e

447 3815 709 3870 tenebris
740 3814 801 3868 in
833 3813 986 3867 libro
1018 3812 1304 3883 inscripto
1337 3828 1348 3866 :
1380 3813 1464 3867 J0.
1500 3809 1891 3881 Aug.Ernesti
1909 3812 2104 3866 Obser-

450 3911 587 3958 vatt.
642 3901 1232 3973 philologica-criticw
1289 3903 1348 3955 in
1410 3901 1792 3970 Aristophanis
1831 3900 2023 3957 Nubes
2054 3905 2105 3954 et

448 3993 630 4047 Flavii
656 3990 881 4061 Josephi
910 3990 1150 4060 Antiqq.
1183 3989 1312 4043 Jud.
1346 3991 1757 4044 Accesserunt.
1790 3988 2104 4044 Godofredi

451 4080 665 4137 Olearii
695 4086 844 4136 notae
873 4079 948 4133 ad
975 4077 1444 4147 SuidamLipsiaa
1478 4080 1636 4143 1795,
1666 4077 1861 4133 Mai.8.
1902 4078 2108 4132 Enim-

449 4185 585 4223 vero
617 4171 771 4222 notae
801 4167 875 4222 ad
906 4165 1167 4232 Suidam,
1198 4182 1328 4236 quae
1368 4167 1667 4225 immerito
1699 4166 2108 4222 attribuuntur

453 4256 706 4321 Olearia,
739 4261 798 4311 et
825 4254 1201 4327 potissimum
1236 4259 1507 4325 spectant
1553 4254 1626 4310 ad
1676 4271 1772 4311 res
1803 4256 2108 4310 homines-

453 4363 588 4418 que,
624 4344 694 4401 de
726 4344 941 4415 quibus
973 4359 1167 4398 sermo
1190 4347 1280 4397 est
1299 4343 1455 4414 apud
1481 4343 1741 4411 Suidam,
1763 4343 2108 4398 Reinesium

450 4436 649 4509 potius
677 4434 902 4489 habent
946 4437 1277 4505 parentem.
1312 4464 1379 4472 —
1411 4433 1515 4487 Hic
1545 4432 1707 4487 enim
1738 4433 1826 4487 vir
1864 4432 2106 4489 doctiss.

452 4532 510 4579 et
554 4523 982 4580 solertissimus
1040 4519 1253 4588 Suidas,
1315 4520 1387 4576 ab
1444 4520 1679 4576 {Emilio
1713 4523 1888 4576 Porto
1940 4522 2105 4590 editi,

2209 590 2271 644 in
2301 591 2501 659 Progr.
2556 588 2627 644 de
2678 590 2880 657 Suida,
2930 592 3441 649 observationibus
3471 595 3729 649 Reinesii
3763 613 3868 650 or-

2208 682 2370 745 nato,
2398 678 2567 732 Citzm
2625 683 2685 733 et
2740 679 2949 750 Lipsiae
3005 683 3162 749 1796,
3194 684 3246 735 8.
3284 681 3447 737 idem
3490 681 3707 749 docuit,
3732 684 3869 754 jam

2208 767 2524 821 Kusterum
2556 767 2732 825 tacite
2763 783 3084 840 usurpasse
3132 769 3446 825 observatt.
3481 770 3617 825 illas
3648 772 3867 827 Reine-

2209 870 2428 909 snanas.

2278 944 2346 996 In
2378 942 2588 1014 primis
2630 943 2909 1000 notandaa
2941 951 3082 1000 sunt
3107 947 3192 1001 Io.
3227 946 3432 1018 Toupii
3463 949 3872 1004 emendutiones

2207 1035 2266 1088 in
2291 1032 2543 1102 Suidam,
2575 1034 2637 1088 in
2667 1034 2883 1105 quibus
2941 1034 3201 1106 plurima
3250 1035 3381 1091 loca
3410 1042 3543 1090 vett.
3582 1039 3762 1093 Graec.
3800 1070 3871 1078 —

2208 1128 2334 1179 tum
2365 1123 2755 1195 explicantur,
2789 1130 2915 1180 tum
2947 1126 3346 1181 emandantur
3369 1170 3382 1193 ,
3420 1127 3667 1181 Londini
3702 1131 3871 1183 1760-

2210 1216 2368 1283 1767,
2403 1220 2544 1269 tom.
2578 1215 2678 1282 III,
2711 1217 2763 1269 8.
2797 1247 2866 1256 —
2907 1216 3189 1288 Ejusdem
3253 1219 3495 1288 Epistola
3551 1221 3749 1273 critica
3795 1218 3873 1273 ad

2208 1305 2562 1361 Galielmum
2622 1307 2804 1378 episc.
2860 1307 3143 1363 Glocestr.
3207 1308 3458 1363 Londini
3519 1312 3677 1374 1767,
3714 1312 3767 1363 8.
3802 1341 3874 1351 --

2207 1393 2487 1465 Ejusdem
2515 1410 2661 1449 curae
2688 1398 2992 1451 novissimae
3046 1414 3092 1451 s.
3144 1396 3541 1467 appendicula
3594 1403 3875 1454 notarum

2209 1486 2269 1537 et
2296 1483 2787 1539 emendationum
2846 1484 2909 1540 in
2968 1485 3230 1554 Suidam,
3272 1491 3409 1552 etc.,
3443 1485 3586 1543 ibid.
3621 1488 3786 1553 1775,
3818 1489 3875 1542 8.

2208 1573 2346 1637 Quae
2380 1571 2582 1628 omnia
2611 1573 2870 1643 primum
2896 1590 3108 1629 recusa
3128 1580 3268 1629 sunt
3298 1564 3480 1646 hujus
3510 1576 3827 1630 sententiae
3858 1595 3871 1630 :

2208 1663 2297 1716 Io.
2336 1663 2508 1731 Toup.
2564 1664 2827 1731 opuscula
2882 1665 3096 1725 critica,
3158 1664 3367 1734 Lipsiae
3427 1666 3566 1719 1780
3617 1670 3675 1719 et
3709 1666 3871 1733 1781,

2206 1751 2488 1817 tom.ll,8.
2502 1781 2569 1791 —
2592 1750 2816 1806 Deinde
2833 1768 2967 1807 cum
2986 1752 3204 1825 insigni
3222 1753 3563 1808 accessione
3583 1770 3871 1809 novarum

2208 1836 2269 1891 in
2293 1836 2534 1892 Suidam
2556 1837 3138 1895 animadversionum
3162 1845 3340 1911 atque
3375 1841 3874 1896 emendationum

2207 1924 2271 1978 in
2303 1923 2658 1994 Hesychium
2691 1924 3059 1991 uberiorum,
3119 1931 3179 1981 et
3232 1927 3295 1981 in
3354 1927 3656 1983 Pollucem
3690 1933 3871 1999 atque

2210 2015 2735 2084 Harpocrationem
2761 2016 3200 2087 pauciorum,et
3219 2016 3547 2088 appendice
3568 2017 3873 2089 Tyrwhitti

2209 2101 2482 2174 aliusque
2505 2103 2928 2159 V.D.notarum
2960 2104 3021 2159 in
3051 2105 3257 2175 Toupii
3285 2104 3610 2161 emendatt.
3636 2106 3698 2160 in
3728 2107 3871 2161 Sui—

2212 2188 2655 2259 dam,defuncto
2671 2193 3153 2260 auctore,iterum
3174 2192 3237 2248 in
3259 2193 3470 2266 Anglia
3492 2210 3635 2250 cura
3654 2199 3715 2249 et
3735 2212 3872 2250 cum

2211 2278 2557 2352 praefatione
2588 2281 2792 2337 Thom.
2818 2282 3130 2354 Burghess.
3156 2282 3298 2338 edit.
3320 2288 3461 2338 sunt
3489 2301 3626 2339 eum
3658 2285 3873 2339 inscri-

2210 2368 2444 2442 ptione:
2468 2370 2885 2426 Emendationes
2904 2372 2965 2426 in
2984 2372 3214 2427 Suidam
3235 2378 3288 2427 et
3301 2372 3635 2442 Hesychium
3657 2380 3708 2427 et
3731 2373 3876 2428 alios

2215 2459 2627 2530 lexicographos
2675 2460 2906 2518 Graecos.
2960 2460 3205 2532 Scripsit
3238 2463 3323 2517 J0.
3357 2462 3540 2533 Toup.
3601 2462 3874 2517 ecclesia:

2211 2548 2443 2605 cathed.
2476 2550 2660 2605 Exon.
2683 2549 3128 2620 praebendarius
3161 2554 3221 2605 et
3251 2550 3520 2606 ecclesias
3547 2552 3604 2606 S.
3630 2552 3869 2607 Martini

2212 2655 2347 2695 cum
2377 2638 2607 2710 capella
2635 2640 2707 2694 de
2738 2641 2852 2694 Loo
2903 2640 2966 2694 in
3024 2657 3163 2712 agro
3223 2640 3616 2696 Cornubiensi
3649 2647 3869 2697 rector.

2212 2727 2420 2783 Oxonii
2453 2743 2484 2782 e
2517 2728 2916 2800 typographeo
2961 2728 3318 2785 Clarendon.
3405 2733 3531 2798 790,
3565 2731 3619 2795 8,
3649 2732 3723 2785 IV
3755 2731 3867 2785 vol.

2211 2818 2392 2888 Toup.
2428 2820 2555 2872 erat
2583 2821 2749 2872 actus
2809 2817 3051 2888 quidem
3106 2818 3369 2884 criticus,
3404 2818 3508 2874 sed
3543 2819 3722 2874 etiam
3756 2821 3872 2875 im-

2211 2904 2551 2961 moderatus
2573 2909 2750 2977 atque
2773 2906 3277 2976 inhumanus,nec
3302 2923 3434 2962 raro
3460 2909 3708 2980 agrestis
3733 2925 3873 2979 erga

2210 2993 2378 3048 alios.
2397 2995 2545 3048 Num
2567 3010 2701 3048 vero
2724 2994 3029 3050 Pearsonii
3051 2998 3111 3048 et
3130 2993 3431 3048 Aerunii
3454 2994 3665 3065 Opibus
3686 2993 3872 3049 fuerit

2209 3081 2534 3153 adjutus,et
2556 3081 2866 3145 alieno,uti
2892 3081 3267 3149 aiunt,vitulo
3291 3083 3493 3148 ararit,
3519 3083 3604 3137 uti
3634 3083 3869 3139 Eckard

2211 3171 2303 3226 in:
2325 3192 2357 3220 ‹‹
2390 3170 2734 3225 Uebersicbt
2758 3170 2863 3226 der
2891 3171 3097 3226 Oerter
3118 3201 3185 3212 —
3211 3170 3334 3226 und
3363 3171 3743 3227 Grund-salze
3769 3190 3871 3227 zur

2211 3280 2240 3309 «
2272 3258 2619 3313 Geschichte
2650 3258 2757 3313 der
2810 3258 3250 3326 Bibliotheken,
3285 3281 3312 3309 υ
3345 3276 3476 3332 pag.
3513 3261 3633 3325 115,
3668 3260 3865 3330 suspi-

2206 3353 2373 3403 catus
2412 3347 2535 3402 fere
2565 3352 2673 3415 est,
2716 3347 2994 3418 equidem
3046 3349 3247 3404 nescio
3281 3354 3335 3403 et
3367 3366 3455 3402 νηί
3486 3348 3863 3404 crediderim.

2207 3467 2276 3477 —
2305 3437 2655 3509 Ingeniosus
2686 3453 2945 3507 quoque,
3004 3442 3066 3492 at
3119 3453 3272 3508 pene
3304 3436 3587 3493 audacior
3616 3438 3862 3493 criticus

2209 3530 2316 3580 est.

2282 3613 2576 3669 Gilbertus
2593 3613 2917 3670 Wakefield
2940 3615 3000 3669 in
3025 3638 3052 3664 ‹‹
3078 3615 3235 3669 Lilva
3265 3615 3488 3679 critica,
3515 3616 3633 3670 sive
3663 3616 3725 3670 in
3759 3632 3863 3671 au-

2212 3725 2240 3754 «
2255 3709 2449 3760 ctores
2463 3720 2660 3759 sacros
2678 3705 3077 3780 profanosque
3104 3704 3529 3759 commentario
3544 3704 3860 3777 philologi-

2213 3816 2242 3844 ‹‹
2265 3811 2399 3850 co.»
2417 3793 2807 3866 Cantabrigiaa
2824 3796 3208 3861 1789-17958,
3228 3797 3267 3848 V
3291 3801 3468 3865 part.,
3493 3795 3592 3864 qui
3615 3811 3722 3866 per
3744 3811 3867 3849 om-

2211 3901 2320 3939 nes
2337 3884 2601 3954 quinque
2624 3888 2821 3954 partes
2843 3883 3077 3938 criticas
3096 3883 3156 3937 in
3182 3883 3424 3938 Suidam
3443 3884 3617 3938 modo
3647 3885 3871 3955 parcio'

2212 3972 2480 4042 re,modo
2501 3971 2844 4028 liberaliore
2868 3989 3048 4027 manu
3063 3973 3279 4044 sparsit
3293 3972 3687 4028 animadversi
3708 3964 3874 4027 ones.

2286 4062 2638 4118 Praeclaram
2670 4060 2988 4132 futuroque
3047 4062 3241 4117 Suidas
3301 4061 3515 4117 editori
3549 4062 3867 4117 admodum

2214 4153 2425 4208 utilem
2455 4167 2696 4222 operam
2727 4151 3008 4221 suscepit,
3033 4150 3287 4221 aliisque
3312 4153 3663 4207 monstravit
3690 4153 3861 4219 viam,

2216 4257 2285 4296 ex
2316 4241 2450 4296 aliis
2482 4238 2726 4294 scholiis
2757 4243 2816 4294 et
2845 4238 3149 4311 glossariis
3176 4240 3301 4310 pari
3329 4241 3560 4296 ratione
3592 4245 3649 4294 et
3681 4241 3865 4295 consi-

2216 4331 2295 4386 lio
2329 4327 2666 4383 illustrandi
2700 4327 3175 4399 emendandiquc
3209 4327 3419 4394 Suidzc,
3457 4327 3531 4384 cl.
3578 4329 3865 4400 Hoepfne-

2216 4436 2340 4485 rus,
2371 4420 2628 4473 conrect.
2666 4416 2965 4486 Gymnasii
3026 4416 3312 4471 Islebens.
3373 4418 3593 4488 optime
3623 4419 3863 4472 meritus

2217 4507 2340 4578 (qui
2371 4507 2497 4576 ipse
2528 4494 2851 4575 aliquando
2868 4521 3079 4560 novam
3110 4504 3513 4561 meditabatur
3536 4507 3867 4579 Lexicogra-

450 4613 795 4685 exemplari.
832 4611 989 4683 quod
1019 4609 1187 4666 Citzaa
1219 4610 1280 4664 in
1311 4609 1456 4665 bibl.
1491 4610 1728 4681 publica
1759 4611 1951 4666 adhuc
1983 4628 2103 4668 ser-
2139 4592 2182 4657 D
2215 4597 2313 4669 Phi
2347 4595 2690 4685 θάίίίοξιθῖην
2725 4592 2828 4649 sed
2860 4594 3074 4685 deiede
3106 4594 3424 4685 οουὲίιίιξῐη
3456 4594 3861 4685 δάάθοίίλάιιφ

447 4709 637 4769 vatur,
672 4702 861 4757 multa
890 4699 1268 4771 ascripserat,
1290 4700 1507 4770 quibus
1534 4700 1865 4756 versionem
1899 4717 2103 4755 emen-

448 4794 618 4850 darat
650 4793 935 4860 Latinam,
960 4789 1049 4845 vel
1071 4793 1296 4845 textum
1322 4790 1539 4860 ipsum,
1562 4790 1859 4861 praecipue
1892 4805 2106 4845 secun-

449 4883 590 4938 dum
612 4881 753 4937 edit.
779 4880 1229 4945 Mediolanens.,
1251 4896 1405 4951 saepe
1437 4895 1545 4950 per
1572 4879 2109 4950 conjecturam,aut

450 4988 556 5042 per
576 4970 1082 5041 comparationem
1104 4973 1414 5023 auctorum
1438 4983 1469 5023 e
1491 4967 1706 5038 quibus
1729 4966 1938 5022 Suidas
1970 4984 2106 5023 suas

447 5060 648 5114 hausit
671 5058 919 5129 glossas,
943 5056 1252 5129 supplerat
1280 5056 1548 5124 lacunas,
1573 5061 1675 5112 aut
1701 5073 1898 5112 veram
1928 5058 2104 5112 resti-

448 5152 644 5203 tuerat
671 5147 1015 5212 lectionem,
1046 5147 1262 5217 saepius
1293 5146 1539 5201 nomina
1567 5146 1933 5217 explicuerat
1959 5164 2105 5217 pro-

451 5234 581 5307 pria
612 5246 938 5302 eorumque
969 5231 1087 5285 vim
1145 5238 1200 5285 et
1256 5236 1611 5301 potestatem
1643 5238 1744 5287 aut
1772 5232 2104 5301 historiam,

449 5328 551 5378 aut
572 5321 737 5376 novis
759 5319 1170 5391 locupletarat.
1201 5320 1314 5374 Has
1342 5320 1728 5377 Reinesianas
1754 5322 2110 5378 observatio-

450 5429 559 5468 nes
574 5412 637 5466 in
656 5426 827 5465 suum
847 5409 1115 5466 Olearius
1134 5409 1521 5465 transtulerat
1537 5411 1869 5483 exemplar:
1891 5413 2108 5469 multas

449 5505 649 5557 tamen
710 5505 913 5554 acutas
971 5497 1231 5553 Reinesii
1293 5499 1747 5556 emendationes
1786 5501 2109 5573 doctasque

452 5590 851 5664 expositiones
884 5587 1165 5660 neglexit,
1226 5591 1433 5641 contra
1493 5590 1764 5660 proprias
1799 5592 2109 5661 quasdam,

2214 4685 2427 4741 edidit:
2451 4708 2477 4735 ‹‹
2494 4683 2833 4739 Glossarum
2851 4683 3043 4738 Suidas
3058 4700 3088 4737 e
3105 4683 3391 4755 Sophocle
3410 4684 3661 4756 ejusque
3684 4684 3858 4739 schol.

2215 4775 2748 4847 «depromptarum
2801 4775 3102 4846 specimen
3160 4775 3184 4827 1
3240 4775 3578 4830 accuratius
3610 4775 3857 4847 collegit,

2214 4888 2245 4917 «
2263 4862 3439 4934 emendavit,illustravitl.G.C.Hoepfner
3452 4865 3509 4918 in
3526 4865 3749 4919 :Neuen
3765 4866 3863 4918 Ma-

2222 4974 2244 5003 ι
2268 4954 2432 5027 gazin
2448 4953 2543 5007 fur
2562 4952 2961 5016 Schullehrer,
2979 4951 3463 5024 herausgegeben
3481 4969 3593 5007 von
3617 4953 3864 5009 G.A.Ru-

2219 5069 2246 5097 «
2270 5046 2421 5118 perti
2444 5042 2567 5099 und
2588 5044 2652 5097 Η.
2682 5042 3168 5110 Schilchthorst,»
3195 5032 3856 5116 tom.l,part.1,pag.250,

2215 5139 2341 5193 264.
2373 5168 2440 5176 -
2471 5136 2755 5205 Specimen
2786 5136 2845 5189 ΙΙ
2868 5132 3011 5188 ibid.
3044 5138 3196 5205 part.
3230 5151 3294 5199 ιι,
3329 5150 3461 5207 pag.
3496 5136 3602 5188 452
3625 5136 3749 5189 474.
3798 5160 3861 5173 —-

2218 5225 2505 5297 Specimcn
2530 5225 2617 5278 ΙΙΙ
2643 5224 2703 5277 in
2759 5221 3107 5278 eorumdem
3162 5222 3459 5278 editorum
3490 5226 3748 5293 Magazin
3775 5225 3864 5291 fur

2216 5314 2566 5383 Philologen,
2597 5316 2739 5365 tom.
2771 5312 2816 5376 Ι,
2866 5326 2996 5383 pag.
3058 5312 3315 5365 146-154.
3350 5340 3415 5352 -
3447 5312 3528 5365 Ex
3559 5311 3653 5365 his
3679 5310 3865 5365 mani-

2217 5404 2433 5461 festum
2466 5403 2552 5470 ﬁt,
2587 5406 2844 5472 quantus
2876 5405 3073 5472 pateat
3102 5416 3346 5471 campus
3378 5402 3429 5455 ei
3466 5402 3564 5471 qui
3600 5400 3659 5455 in
3692 5397 3865 5455 Suida

2217 5493 2587 5551 restituendo
2619 5493 2770 5548 vires
2799 5491 3023 5564 ingenii
3085 5497 3260 5562 atque
3318 5491 3669 5547 eruditionis
3701 5506 3862 5545 exer-

2220 5601 2352 5640 cere
2383 5583 2542 5637 velit.
2582 5582 2753 5637 HARL.
2815 5582 3005 5653 [Post
3062 5580 3348 5652 Ludolpbi
3407 5581 3639 5635 Kusteri
3703 5578 3867 5634 ditio-

450 5698 668 5753 easque
726 5678 1029 5736 interdum
1090 5674 1344 5733 leviores
1378 5676 1635 5747 adlevit;
1690 5678 1773 5748 id,
1806 5679 1963 5750 quod
1996 5679 2112 5736 late
2220 5696 2359 5736 nem
2416 5695 2572 5735 anno
2654 5680 2810 5746 1705,
2883 5675 3269 5750 Cantabrigiae
3338 5676 3558 5743 datam,
3622 5674 3869 5731 Lexicou
