4136 6316
279 403 446 462 1217

1607 397 1708 457 DE
1748 393 2039 463 QUIBUS
2082 393 2392 455 SUIDAS.

3543 401 3702 462 1218

355 534 695 590 Acamatius
727 529 1218 602 Heliopolitanus,
1251 528 1590 600 philosophi
1645 529 1931 584 affectans
1967 531 2015 594 Α
2115 525 2368 598 IEdesia,
2420 525 2834 596 Alexandrina,
2897 527 3147 583 Hermia
3213 545 3380 597 uxor,
3443 538 3701 603 cognata

286 639 535 687 nomen,
569 638 704 676 cum
733 619 896 674 rudis
930 624 1088 674 esset
1116 623 1175 672 et
1203 618 1538 688 imperitus.

2055 615 2309 686 Syriani,
2341 615 2517 683 filios,
2542 617 2924 671 Ammonium
2947 617 3490 688 etHeliodorum,in
3513 623 3704 693 philo-

363 714 636 776 Achaius,
670 711 1097 780 Syracusanus,
1132 707 1408 779 tragicus,
1444 707 1682 778 scripsit
1739 712 1944 774 tragw—
2049 703 2258 774 scphia
2289 703 2646 760 erudiendos
2674 706 2895 760 curavit
2926 723 2961 761 a
2989 708 3218 762 I’roclo.

281 805 410 858 dias
441 802 642 856 decem.

364 893 632 957 Achaeus,
653 888 973 960 Pythodori
1000 905 1103 943 seu
1125 886 1538 960 Pythodoridis
1561 888 1619 940 F.
1647 885 1940 939 Eretrien-

288 983 396 1051 sis,
430 981 707 1053 tragicus,
750 978 950 1033 docuit
1002 977 1221 1046 fabulas
1276 978 1461 1044 XLIV,
1521 975 1633 1043 vel,
1693 979 1760 1029 ut
1815 971 1939 1037 alii,

285 1071 465 1139 XXX,
521 1069 612 1123 vel
670 1068 864 1137 XXIV,
932 1082 1181 1137 quarum
1232 1083 1354 1121 una
1409 1065 1564 1120 vicit.
1648 1061 1938 1135 Sophocle

282 1159 464 1232 paulo
487 1157 713 1230 junior,
733 1172 866 1211 cum
893 1155 1169 1226 Euripide
1191 1154 1423 1210 fabulas
1448 1153 1632 1208 edidit
1661 1151 1732 1208 ab
1755 1152 1941 1222 olym-

284 1251 461 1323 piade
495 1249 785 1303 LXXXIII.

357 1339 589 1406 Achias,
623 1337 930 1409 propheta.

361 1427 614 1483 Achilles
647 1426 889 1494 Statius,
947 1423 1401 1491 Alexandrinus,
1450 1421 1688 1494 scripsit
1712 1419 1778 1473 τὰ
1801 1418 1937 1473 κατὰ

289 1515 609 1583 Λευκίππην
639 1511 729 1567 καὶ
759 1510 1148 1586 Κλειτογῶντα
1177 1509 1268 1564 καὶ
1327 1507 1471 1564 ἄλλα
1521 1508 1772 1583 ἐρωτικὰ,
1803 1531 1830 1559 ι(
1863 1508 1936 1564 de

282 1629 310 1657 ‹‹
346 1605 637 1676 Leucippe
672 1609 730 1658 et
761 1602 1151 1674 Clytophonte
1188 1607 1247 1655 et
1275 1600 1394 1656 alia
1423 1600 1712 1655 amatoria
1766 1598 1934 1653 libris

284 1695 423 1748 VIII.
461 1715 488 1742 »
521 1691 784 1746 Tandem
814 1691 1004 1745 factus
1059 1690 1429 1744 Christianus
1486 1695 1544 1744 et
1593 1689 1926 1760 episcopus.

280 1783 527 1854 Scripsit
554 1778 678 1853 περὶ
711 1781 939 1856 σφαίρας
970 1777 1061 1833 καὶ
1101 1776 1556 1851 ἐτυμολογίας,ἁε
1606 1779 1844 1849 εΡΙιεΒτά,
1879 1784 1930 1832 et

285 1872 634 1942 etymologia,
660 1876 718 1924 et
737 1867 976 1942 ἱστορίαν
1005 1866 1334 1940 σύμμικτον.
1359 1869 1647 1924 historiam
1666 1868 1932 1924 miscella-

280 1977 458 2028 neam,
490 1977 621 2030 qua:
646 1957 972 2013 multorum
998 1963 1056 2012 et
1086 1973 1438 2030 magnorum
1463 1958 1722 2012 virorum
1763 1973 1928 2011 men-

287 2048 512 2102 tionem
540 2047 701 2102 facit.
737 2046 934 2117 Stylus
965 2045 1186 2116 ubique
1210 2044 1422 2100 similis
1449 2046 1537 2100 illi
1563 2061 1679 2116 quo
1703 2045 1930 2100 inama-

286 2143 340 2192 to
350 2139 452 2193 riis
482 2138 689 2192 utitur.

351 2227 614 2293 Acesius,
650 2226 1106 2281 Novatianorum
1137 2226 1470 2296 episcopus,
1525 2225 1626 2295 qui
1675 2224 1928 2280 concilio

287 2317 565 2388 (Nicmno)
598 2315 885 2370 interfuit.

342 2411 555 2471 Acron,
621 2404 1045 2476 .Acigentinus,
1129 2403 1418 2471 medicus,
1503 2402 1757 2457 Xenonis
1840 2404 1925 2470 F.,

276 2495 518 2551 Athedis
548 2491 940 2568 ἐσοφίστευσεν,
969 2493 1409 2564 philosophiam
1467 2491 1667 2547 docuit
1711 2494 1924 2563 Empe-

274 2583 456 2638 doclis
504 2589 788 2654 tempore,
847 2588 982 2637 ante
1037 2582 1450 2653 Hippocratem
1509 2581 1746 2652 scripsit
1803 2578 1926 2654 περὶ

286 2671 550 2741 ἷάτρικῆς,
583 2673 651 2726 de
697 2678 818 2726 arte
873 2672 1102 2726 medica.
1164 2671 1370 2725 Dorice
1427 2676 1484 2724 et
1535 2668 1660 2743 περὶ
1715 2675 1924 2744 τροφῆς

281 2759 549 2832 ὑγιεινῶν,
581 2761 647 2815 de
685 2760 896 2816 salubri
945 2763 1117 2815 victus
1172 2762 1405 2814 ratione.
1466 2761 1566 2813 Est
1619 2758 1716 2812 hic
1772 2775 1926 2813 unus

279 2853 540 2919 illorum,
573 2853 674 2922 qui
705 2857 1013 2906 ventorum
1044 2851 1306 2906 rationes
1339 2850 1814 2905 observaverunt.

343 2941 672 3006 Acusilaus,
705 2941 875 2996 Cabaa
906 2941 966 2995 F.
1001 2941 1268 3013 Argivus,
1301 2957 1370 2994 ex
1429 2939 1700 3004 Cercade,
1754 2938 1927 3010 oppi-‘

278 3028 349 3083 do
385 3047 567 3100 prope
601 3030 893 3098 Aulidem,
928 3030 1245 3084 historicus
1275 3029 1749 3098 antiquissimus,
1777 3028 1922 3082 scri-

276 3118 393 3188 psit
422 3119 824 3190 Genealogias,
859 3119 1041 3174 aeneis
1072 3135 1214 3173 usus
1242 3118 1472 3184 tabulis,
1498 3118 1560 3171 in
1583 3134 1729 3188 quas
1751 3117 1920 3171 aiunt

274 3213 500 3278 patrem
524 3208 572 3279 ej
584 3225 650 3262 us
673 3207 976 3276 incidisse,
999 3224 1135 3262 cum
1156 3207 1352 3262 locum
1371 3205 1688 3276 quemdam
1712 3206 1922 3260 domus

277 3315 396 3353 suae
426 3298 673 3354 foderet.

342 3387 674 3457 Acusilaus,
708 3387 1113 3453 Atheniensis,
1142 3386 1497 3459 Agathocliai
1528 3388 1613 3453 F.,
1660 3386 1760 3456 qui
1808 3387 1922 3441 lio--

273 3493 432 3531 mam
465 3483 731 3548 tempore
764 3477 958 3532 Galbze
989 3477 1252 3544 veniens,
1277 3493 1346 3531 ex
1385 3476 1641 3532 oratoria
1689 3481 1918 3530 tantum

273 3573 358 3620 est
379 3567 732 3635 lucratus,ut
757 3567 1218 3622 Atheniensibus
1241 3572 1479 3622 centum
1502 3565 1690 3620 millia
1707 3564 1920 3620 drach-

276 3671 502 3710 marum
533 3657 594 3711 in
625 3657 828 3712 fenore
861 3657 1054 3728 posita
1084 3656 1434 3726 reliquierit.

341 3745 573 3800 Admeti
611 3743 777 3816 μέλος
811 3752 869 3800 et
899 3745 1225 3814 Harmodii,
1275 3745 1348 3799 de
1393 3744 1570 3799 rebus
1618 3743 1912 3810 facilibus,

274 3830 487 3899 σκολιὰ,
519 3835 805 3902 carmina,
838 3835 912 3891 ad
941 3835 1139 3890 vinum
1172 3833 1475 3890 decantari
1506 3833 1700 3888 solita.

339 3923 659 3990 Adrianus,
692 3924 834 3995 imp.
889 3922 1040 3999 φύσει
1097 3919 1400 3999 φιλόλογος
1456 3919 1507 3974 ἐν
1566 3920 1790 3996 ἑκατέρᾳ
1842 3922 1912 3994 τῇ

267 4008 488 4085 γλώσσῃ
523 4011 612 4065 καί
642 4033 762 4066 τινα
792 4013 926 4080 πεζὰ
975 4012 1059 4066 καὶ
1121 4010 1173 4066 ἐν
1233 4005 1380 4064 ἔπεσι
1439 4011 1722 4081 ποιήματα
1777 4029 1913 4064 παν-

271 4096 481 4154 τυδαπά
509 4099 788 4168 κατέλιπε,
822 4126 848 4151 ‹‹
883 4108 1097 4157 natura
1127 4102 1411 4156 doctrinas
1442 4117 1650 4155 amans
1679 4100 1741 4154 in
1759 4105 1914 4155 utra-

267 4211 291 4237 «
318 4206 431 4260 que
463 4190 663 4263 lingua
693 4197 750 4245 et
779 4207 952 4262 prosa
983 4196 1038 4246 et
1061 4191 1323 4246 carmine
1355 4190 1577 4261 scripta
1596 4190 1789 4244 omnis
1808 4205 1910 4261 ge-

266 4301 289 4331 ‹‹
318 4279 480 4334 neris
509 4280 819 4350 reliquit...
857 4276 1190 4353 βουλόμενος
1219 4277 1434 4332 πάντων
1466 4276 1517 4332 ἐν
1550 4282 1680 4332 πᾶσι
1703 4283 1908 4351 περιεῖ-

263 4390 289 4416 ‹‹
321 4388 426 4437 ναι,
459 4376 557 4423 etc.
593 4371 737 4424 Cum
771 4369 946 4424 vellet
976 4376 1253 4440 praestare
1285 4369 1585 4435 omnibus,
1644 4368 1798 4423 viros
1846 4369 1909 4423 in

264 4459 505 4530 «aliquo
520 4458 714 4513 studio
733 4466 1082 4530 praestantes
1097 4460 1475 4515 oderat.Hinc
1490 4460 1910 4515 etFavorinum

268 4568 292 4599 α
313 4547 541 4601 Gallum
575 4554 632 4602 et
656 4549 1016 4619 Dionysium.
1039 4548 1688 4619 Milesium,sophistas,
1710 4547 1907 4619 oppri-

2118 793 2395 849 Claudius
2426 794 2688 850 zE’lianus
2719 811 2789 850 ex
2819 797 3117 851 Praeneste
3165 797 3367 867 Italiae,
3428 817 3698 858 summus

2046 881 2309 953 pontifex
2341 889 2398 938 et
2428 884 2710 955 sophista,
2744 890 2879 955 post
2907 886 3150 941 Adriani
3178 893 3442 959 tempore
3499 893 3698 946 Roma:

2047 970 2268 1038 docuit,
2297 969 2677 1044 μελίγλωσσος
2713 973 2830 1028 sive
2881 971 3279 1050 μελίφθογγος,
3331 979 3538 1034 mellea?
3586 982 3702 1035 Iin-

2046 1074 2172 1127 guiz
2195 1060 2314 1114 sive
2343 1061 2545 1115 mellea:
2574 1063 2718 1116 vocis
2743 1063 2846 1118 vir.

2117 1149 2397 1216 Elianus,
2440 1149 2583 1205 belli
2614 1150 2753 1218 dux,
2787 1151 3047 1207 Valentis
3103 1153 3247 1225 imp.
3310 1157 3700 1227 temporibus,

2047 1232 2293 1297 παιδείας
2325 1233 2448 1290 οὔτε
2481 1237 2627 1299 ἐντὸς
2662 1237 2734 1292 ὥν
2769 1235 2891 1292 οὔτε
2922 1242 3172 1315 ἄμοιρος.

2113 1323 2360 1395 ΑἷἊινον,
2391 1323 2536 1387 εἶδος
2581 1328 2782 1402 θρήνου
2837 1326 2926 1380 καὶ
2979 1326 3152 1399 ᾠδῆς,
3204 1348 3371 1400 genus
3430 1333 3696 1389 lamenta-

2042 1415 2206 1472 tionis
2236 1422 2287 1472 et
2316 1419 2595 1473 caminis.

2112 1507 2322 1562 Eneas
2353 1507 2592 1573 scripsit
2620 1505 2743 1580 περί
2774 1510 3016 1581 πυρσῶν,
3060 1511 3126 1564 de
3171 1511 3405 1578 facibus,
3464 1529 3585 1582 qua
3639 1516 3697 1568 in

2039 1597 2272 1665 speculis
2303 1598 2695 1665 accenduntur,
2727 1605 2795 1653 ut
2839 1598 2922 1653 ait
2964 1599 3265 1670 Polybius,
3301 1607 3357 1656 et
3385 1602 3506 1675 περὶ
3536 1621 3699 1674 στρα-

2037 1686 2377 1758 τηγημάτων
2433 1685 2760 1758 ὑπόμνημα,
2811 1688 3267 1743 commentarium
3311 1691 3376 1745 de
3426 1698 3694 1760 stratege-

2039 1775 2298 1830 matibus.

2109 1865 2777 1933 Enicus,Atheniensis,
2794 1865 3058 1920 comicus
3083 1867 3342 1938 antiquis
3365 1869 3690 1937 comoediae,

2109 1911 2777 1933 -_----._-,.--..-...--.---,
2797 1911 2817 1920 -

1962 1911 2009 1976 Β
2039 1955 2121 2009 Ex
2149 1955 2366 2011 fabulis
2398 1955 2547 2027 ejus,
2581 1955 2817 2011 Ἀντεια.

2103 2046 2342 2112 Ειιθιιε,
2373 2041 2632 2116 (Αἵνειος)
2666 2045 2952 2116 sophista,
2987 2047 3156 2116 cujus
3215 2047 3372 2118 libri,
3419 2047 3473 2100 αἱ
3526 2045 3687 2118 μετά-

2034 2127 2218 2202 ϐολοι,
2252 2136 2422 2206 quasi
2455 2141 2908 2191 transmutatores
2932 2135 3115 2191 dicas.

2103 2225 2430 2288 rEschines,
2476 2225 2738 2293 Charini,
2797 2224 3055 2292 fartoris,
3109 2225 3168 2279 F.
3218 2225 3317 2293 (al.
3379 2225 3688 2296 Lysanim),

2033 2312 2436 2384 Atheniensis,
2499 2314 2820 2385 Sphettius,
2882 2314 3275 2386 philosophus
3335 2316 3689 2382 Socraticus,

2033 2403 2201 2474 cujus
2232 2403 2471 2476 dialogi,
2506 2403 2818 2471 Miltiades,
2853 2404 3089 2466 Callias,
3128 2405 3386 2472 Rhinon,
3420 2406 3688 2476 Aspasia,

2032 2493 2348 2559 Axiochus,
2381 2494 2607 2565 (confer
2637 2494 2797 2549 Suid.
2849 2495 2912 2550 in
2972 2493 3249 2567 Ἀξίοχος)
3307 2497 3588 2567 Telauges
3633 2501 3690 2550 et

2030 2582 2383 2639 Alcibiades.
2420 2586 2536 2639 Nec
2566 2600 2685 2639 non
2719 2584 2827 2651 illi,
2861 2585 2962 2655 qui
2994 2589 3276 2639 vocantur
3298 2585 3599 2656 Acephali,
3622 2588 3690 2638 ut

2030 2673 2310 2740 Phaedon,
2342 2674 2676 2745 Polyaenus,
2712 2675 2962 2741 Dracon,
2996 2675 3262 2745 Eryxias,
3315 2674 3388 2728 de
3436 2675 3680 2741 virtute,

2030 2763 2438 2825 Erasistratus,
2475 2763 2750 2834 Scythici.
2788 2764 2891 2818 Hic
2945 2764 3249 2820 [Eschines
3299 2766 3360 2819 in
3423 2766 3686 2821 Siciliam

2028 2852 2101 2907 ad
2133 2854 2481 2924 Dionysium
2512 2855 2779 2924 pecunias
2811 2871 2988 2910 causa
3019 2856 3318 2926 profectus
3347 2861 3455 2911 est.

2097 2943 2422 3010 Eschines,
2454 2944 2854 3012 Atheniensis,
2885 2947 3171 3000 Atrometi
3219 2951 3275 3000 et
3306 2946 3682 3002 Glaucothem

2029 3033 2146 3087 sive
2180 3033 2557 3088 Leucothecm
2589 3034 2648 3087 l“.
2678 3033 3008 3104 discipulus
3043 3033 3472 3090 Aleidamantis
3511 3037 3679 3091 Elea-

2029 3129 2122 3190 ιω,
2182 3122 2413 3191 histrio,
2473 3121 2686 3177 deinde
2742 3123 2953 3192 scriba,
3013 3129 3220 3195 postea
3293 3131 3509 3180 orator.
3573 3125 3677 3179 Hic

2033 3212 2430 3282 Ctesiphontis
2460 3218 2768 3267 accusator
2797 3229 2831 3267 a
2863 3214 3254 3268 Demosthene
3285 3214 3473 3268 victus
3517 3216 3677 3269 Rho-

1953 3259 1995 3326 (ἶ
2032 3301 2172 3356 dum
2194 3259 2351 3374 iuga
2380 3301 2581 3372 ibique
2613 3301 2832 3357 docuit.

2095 3391 2404 3463 IEschylus
2434 3392 2837 3459 Atheniensis,
2872 3393 3151 3464 tragicus,
3186 3393 3583 3465 Euphorionis
3615 3395 3675 3448 F.

2026 3487 2083 3536 et
2112 3481 2294 3536 frater
2321 3480 2576 3548 Amitiie,
2608 3481 3003 3552 Euphorionis
3035 3489 3093 3536 et
3122 3483 3430 3554 Cynzegiri.
3482 3484 3681 3538 Certa-

2024 3571 2104 3626 vit
2130 3569 2465 3642 Olympiade
2498 3570 2682 3635 LXIX,
2741 3576 2914 3626 natus
2971 3588 3161 3627 annos
3216 3573 3377 3626 XLV.
3438 3573 3676 3628 Primus

2022 3665 2229 3716 auctor
2253 3660 2382 3726 fuit,
2417 3665 2482 3714 ut
2510 3660 2715 3731 tragici
2747 3661 3019 3731 personis
3061 3661 3426 3715 terribilibus
3480 3666 3540 3715 et
3583 3662 3675 3732 pi-

2021 3750 2151 3815 ctis,
2185 3748 2546 3819 arbylisque,
2579 3748 2697 3802 sive
2728 3749 3073 3804 elatioribus
3105 3749 3321 3804 calceis
3339 3753 3670 3804 uterentur.

2021 3839 2268 3911 Scripsit
2299 3839 2516 3910 elegias
2549 3843 2607 3892 et
2649 3839 2962 3911 tragoedias
3011 3839 3123 3894 XC.
3176 3838 3325 3894 Vicit
3381 3839 3567 3894 octies
3613 3844 3670 3894 et

2020 3929 2196 3983 vicies
2223 3945 2235 3982 :
2271 3927 2359 3982 vel
2390 3933 2455 3982 ut
2483 3928 2606 3999 alii,
2639 3927 2835 3984 decies
2867 3934 2974 3984 ter.
3009 3927 3187 3982 Filios
3235 3927 3446 3982 habuit
3492 3927 3662 3998 duos,

2021 4017 2291 4090 tragicos,
2319 4017 2755 4089 Euphorionem
2779 4022 2836 4072 et
2861 4017 3126 4072 Bionem.
3158 4016 3314 4072 Obiit
3345 4021 3437 4072 aet.
3472 4017 3661 4084 LVIII,

2019 4107 2079 4161 in
2111 4107 2328 4177 Sicilia,
2359 4113 2472 4163 etc.

2087 4199 2356 4269 Esopus,
2377 4199 2608 4254 Samius
2621 4198 2714 4252 vel
2735 4196 3178 4261 Sardianus,vel
3194 4195 3659 4251 Mesembrianus

2015 4287 2104 4341 vel
2136 4287 2391 4357 denique
2424 4287 2746 4358 Cotymnsis
2775 4289 2988 4358 Phryx,
3007 4285 3343 4340 fabularum
3371 4284 3663 4353 conditor,

2015 4391 2050 4430 a
2079 4376 2276 4430 Grmso
2305 4375 2557 4430 dilectus
2592 4375 2751 4446 (ante
2783 4375 3129 4446 Pythagora:
3179 4379 3466 4444 tempora,
3511 4373 3668 4428 circa

2016 4465 2234 4536 olymp.
2257 4466 2391 4535 XL.)
2415 4481 2616 4520 servus
2642 4465 2859 4518 Xanthi
2889 4463 3081 4534 Lydii:
3116 4463 3206 4516 vel
3228 4463 3410 4517 Samii
3431 4461 3666 4516 Iadmo-

2013 4553 2126 4620 nis,
2153 4553 2322 4623 cujus
2345 4569 2514 4607 serva
2535 4558 2662 4606 erat
2687 4551 2986 4622 Rhodopis
3005 4551 3276 4616 Thressa,
3294 4567 3424 4620 quae
3451 4548 3666 4609 deinde

261 4658 287 4685 ‹‹
316 4653 475 4691 mere
509 4613 967 4705 studebat,vcum
1001 4638 1132 4692 aliis
1164 4613 1510 4705 modis,tu-m
1526 4653 1661 4691 vero
1702 4613 1905 4692 adver-
1940 4613 1985 4676 D
2015 4613 2349 4712 Sapphonis
2379 4640 2565 4705 fratri,
2598 4613 2913 4706 Charaxo;
2938 4638 3158 4709 nupsit.
3212 4613 3460 4707 scripsit
3501 4634 3566 4688 τὰ
3614 4632 3668 4688 ἐν

263 4746 288 4777 σι
329 4726 499 4780 sariis
559 4742 786 4792 eorum,
840 4727 1184 4782 hominibus
1241 4726 1464 4781 nullius
1523 4726 1612 4780 vel
1669 4726 1903 4780 minimi

263 4834 284 4864 (ι
318 4815 489 4885 pretii
526 4815 896 4870 extollendis.
938 4816 1040 4870 Hic
1072 4817 1133 4870 in
1166 4815 1418 4887 epistola
1447 4815 1724 4885 quadam,
1746 4822 1848 4869 etc.
1877 4837 1904 4864 ››

328 4903 649 4971 Adrianus,
686 4905 972 4975 sophista,
998 4905 1244 4960 Herodis
1265 4903 1612 4975 discipulus,
1637 4908 1904 4974 tempore

258 4993 327 5045 Μ.
362 4993 667 5060 Antonini,
701 4993 950 5047 Athenis
981 4993 1233 5048 mmulus
1281 4992 1575 5058 APiStidiB,
1624 4993 1902 5060 rhetoris,

258 5081 454 5135 Romae
511 5082 868 5137 rhetoricam
926 5082 1144 5152 docuit,
1207 5082 1459 5137 dictator
1519 5080 1904 5152 epistolarum

255 5170 558 5226 Commodi
590 5171 732 5243 imp.
773 5172 1009 5243 scripsit
1043 5169 1292 5244 μιλέτας,
1353 5194 1381 5222 ‹‹
1415 5170 1900 5242 declamationes,

259 5258 792 5336 «μεταμορφώσεις,
860 5263 1268 5332 metaphorses
1323 5261 1493 5316 libris
1575 5262 1690 5327 VII,
1779 5259 1903 5332 περὶ

253 5371 279 5398 ‹‹
314 5346 468 5401 ἰδεῶν
503 5348 697 5422 Λόγου,
722 5351 794 5406 de
814 5351 1022 5406 formis
1048 5353 1335 5407 orationis
1363 5351 1530 5406 libris
1553 5352 1616 5419 V,
1640 5349 1762 5424 περὶ
1793 5352 1901 5404 τῶν

251 5459 278 5488 ‹‹
312 5435 362 5490 ἐν
390 5442 508 5497 ταῖς
541 5438 781 5491 σνάσετιν
815 5434 1156 5510 ἴδιωμάτων.
1191 5440 1264 5494 de
1296 5445 1555 5494 statuum
1578 5439 1905 5509 proprieta-

250 5549 277 5576 ‹‹
310 5525 466 5580 tibus
498 5527 682 5581 libros
711 5529 786 5581 III
814 5546 827 5594 ;
862 5529 1155 5599 Epistolas
1185 5536 1236 5583 et
1256 5526 1457 5602 λόγους
1483 5523 1900 5593 ἐπιδεικτικοὺς,

249 5639 275 5666 ‹‹
309 5616 605 5670 orationes
636 5616 1122 5684 doclamatorias;
1158 5618 1440 5673 Phalarim
1470 5616 1822 5688 (orationem)
1851 5627 1902 5676 et

255 5727 281 5755 «
313 5704 786 5777 παραμυθητικὸν,
821 5707 1285 5762 consolatorium
1319 5707 1378 5760 in
1408 5706 1693 5761 Celerem.
1729 5729 1757 5755 »

2017 4725 2245 4805 Δελφοῖς
2275 4728 2424 4798 αὑτῷ
2455 4720 2754 4797 συμϐάντα,
2788 4729 2853 4781 de
2881 4725 2973 4790 iis,
3005 4740 3125 4794 qua?
3183 4723 3293 4794 ipsi
3343 4725 3495 4793 apud
3537 4725 3669 4778 Del-

2011 4819 2149 4887 phos
2178 4817 2515 4872 acciderunt.
2580 4816 2743 4869 libros
2810 4817 2876 4870 II.
2929 4813 3042 4868 Alii
3101 4813 3272 4868 aiunt
3322 4809 3672 4882 ἀποκρίματα

2015 4901 2339 4979 γεγραφέναι
2379 4903 2568 4975 μόνον,
2605 4903 2824 4972 fabulas
2874 4903 3048 4957 solum
3105 4900 3403 4972 scripsisse.
3457 4900 3666 4971 Delphi

2015 4996 2292 5064 xEsopum
2326 4991 2774 5047 thdriadibus
2805 4991 3238 5063 praecipitatum
3288 4988 3535 5059 rupibus
3567 5005 3663 5043 oc-

2016 5081 2292 5137 ciderunt
2319 5079 2662 5151 Olympiade
2695 5079 2830 5146 LIV,
2865 5085 2976 5134 etc.

2085 5171 2311 5236 Aetius,
2345 5168 2772 5238 Antiochenus,
2801 5169 3083 5241 magister
3103 5166 3400 5236 Eunomii,
3427 5165 3662 5221 Paulini

2014 5261 2168 5332 Tyrii
2201 5264 2476 5324 sectator,
2504 5259 2920 5327 hmresiarcha,
2951 5257 3090 5312 Ario
3118 5258 3504 5327 suffragatus:
3530 5273 3664 5311 cum

2014 5349 2321 5421 discipulis
2354 5366 2422 5404 ex
2451 5349 2763 5421 categoriis
2784 5348 3116 5404 Aristotelis
3134 5346 3663 5417 disseruit,Episto-

2015 5441 2093 5494 las
2118 5438 2449 5509 composuit
2506 5439 2580 5493 ad
2638 5439 2780 5510 imp.
2839 5437 3273 5494 Constantium.
3330 5435 3662 5491 Sectatores

2013 5529 2142 5599 ejus
2168 5527 2398 5582 Aetiani
2433 5531 2490 5581 et
2515 5527 2887 5582 Eunomiani.

2083 5616 2414 5683 Africanus,
2447 5618 2675 5685 Sextus,
2701 5617 2838 5673 Afer
2867 5615 3279 5688 philosophus,
3305 5613 3406 5684 qui
3429 5610 3666 5680 scripsit

2012 5703 2266 5774 Κεστοὺς,
2297 5706 2474 5761 Cestos
2503 5706 2674 5761 libris
2706 5705 2895 5772 XXIV,
2929 5705 3001 5760 de
3047 5701 3328 5758 remediis
3375 5697 3659 5770 physicis,
