4128 6308
467 380 622 441 1‘219

1767 367 2009 429 INDEX
2054 366 2553 431 SCRIPTORUM

3719 371 3869 433 1290

465 518 523 569 et
553 531 683 584 qua:
716 528 785 565 ex
812 508 1025 577 verbis,
1062 503 1568 563 incantationibus
1599 506 1658 557 et
1686 501 1925 573 scripsit
1971 500 2112 556 cha-
2143 503 2197 571 Α
2295 502 2646 574 Alexander,
2680 504 2964 573 Milesius,
2994 506 3108 577 (5i)
3147 504 3499 578 polyhistor,
3533 507 3736 561 Romae
3764 505 3869 562 fuit

463 601 793 659 racteribus
825 602 1119 664 constant,
1153 597 1456 666 mirosque
1488 593 1733 649 elTectus
1756 591 1997 646 habent.
2023 589 2114 646 Ad

2228 593 2596 663 temporibus
2616 593 2790 666 Syllae
2813 599 2871 648 et
2898 600 3066 650 ante:
3090 610 3125 650 a
3144 595 3417 651 Cornelio
3432 595 3866 666 Lentulo,cujus

469 692 738 765 ejusdem
780 690 1147 761 argumenta,
1207 690 1415 740 contra
1470 681 1778 739 historiam
1827 682 2114 735 Susannaa
2222 679 2577 754 pwdagogus
2597 699 2665 738 ac
2687 682 2937 739 libertus
2956 683 3086 750 fuit,
3112 683 3371 739 Cornelii
3391 684 3635 740 sortitus
3656 701 3860 756 cogno-

466 784 666 847 allata,
698 778 1005 851 respondit
1034 777 1340 849 Origenes:

537 874 851 945 Agapetns,
877 862 1243 939 Synadorum
1278 864 1619 936 episcopus,
1648 861 1721 917 de
1751 877 1869 933 quo
1901 859 2113 916 Euseb.

2221 770 2649 836 men,Laurenti
2670 772 3099 843 periit,aedibus
3114 773 3243 845 ejus
3255 772 3327 829 ab
3342 773 3476 846 igne
3491 774 3866 845 consumptis,

2225 859 2384 929 quod
2413 859 2514 913 ubi
2546 861 2838 931 comperit
2865 878 3014 916 uxor
3069 864 3217 934 ejus,
3274 862 3517 933 Helena,
3575 861 3861 933 ἀπήγξατο,

465 963 606 1034 (imo
632 954 1324 1027 Philostorgiuszconfer
1343 952 1821 1017 Tillemont.T.V,
1844 950 2119 1014 memor.)
2223 946 2439 1019 laqueo
2468 950 2646 1005 vitam
2708 951 2913 1006 ﬁnivit.
2967 951 3101 1007 Fuit
3154 953 3547 1023 grammatici,
3604 951 3868 1018 Cratetis,

533 1048 811 1121 Agapius,
845 1043 1246 1108 Atheniensis,
1280 1041 1692 1113 philosophus,
1742 1044 1878 1110 post
1922 1036 2121 1093 Procli

465 1138 715 1204 obitum,
749 1133 1116 1205 temporibus
1148 1131 1376 1186 Marini.
1409 1134 1505 1199 (ex
1536 1128 1886 1199 Damascio.)

533 1224 814 1299 Agapius,
847 1219 1305 1287 Alexandrinus,
1335 1218 1505 1274 CPoli
1536 1215 1794 1289 ἰατρικῶν
1859 1211 2113 1287 paenae.

462 1337 570 1371 των
604 1313 893 1386 ἐξηγητής.
1678 1370 1679 1373 η

533 1404 832 1477 Agathias,
891 1400 1303 1467 scholasticus,
1369 1400 1655 1469 μυριναῖος
1741 1393 2118 1467 Myrinensis,

467 1496 704 1568 scripsit
735 1493 1041 1548 historiam
1072 1507 1142 1546 ex
1169 1506 1237 1545 eo
1264 1495 1547 1561 tempore,
1571 1487 1674 1542 ubi
1700 1486 1876 1541 desiit
1902 1487 2113 1540 Proco-

464 1586 598 1658 pius
626 1602 638 1639 :
665 1601 775 1639 nec
799 1598 919 1637 non
942 1581 1091 1636 alios
1113 1579 1297 1634 libros
1318 1578 1534 1649 partim
1561 1576 1760 1648 ligata,
1784 1574 2002 1646 partim
2024 1589 2121 1627 so-

464 1677 590 1731 luta
621 1674 911 1739 oratione,
972 1676 1030 1725 et
1089 1667 1381 1745 Δοιφνισκὲι,
1443 1671 1501 1721 et
1552 1663 1754 1719 κύκλον
1815 1666 1926 1717 τῶν
1982 1661 2116 1715 νέων

467 1762 919 1838 ἐπιγραμμάτων.

2227 1038 2577 1112 discipulus,
2611 1038 2909 1114 συνέγραψε
2941 1034 3133 1115 βιϐλία
3160 1040 3398 1114 ἀριθμοῦ
3414 1040 3666 1116 κρείττω,
3690 1042 3867 1097 libros

2229 1129 2469 1201 scripsit
2497 1130 2868 1199 innumeros,
2900 1137 2960 1186 et
3006 1129 3131 1203 περὶ
3178 1129 3426 1202 Ῥώμης,
3476 1131 3544 1186 de
3592 1133 3765 1187 Roma
3807 1132 3871 1186 ti-

2228 1220 2350 1276 bros
2386 1222 2450 1277 V.

2295 1310 2647 1379 Alexander,
2677 1294 2949 1366 Numenii
2973 1312 3033 1367 F.
3068 1313 3355 1385 sophista.

2296 1399 2649 1468 Alexander,
2681 1398 3055 1468 Pleuronius,
3089 1417 3159 1456 ex
3188 1402 3505 1466 Pleurone,
3543 1401 3770 1458 Etolim
3799 1402 3870 1456 ci-

2226 1487 2427 1553 vitate,
2459 1489 2650 1561 Satyri
2679 1494 2737 1544 et
2766 1490 3104 1545 Stratocleae
3134 1491 3218 1559 F.,
3252 1492 3674 1564 grammaticus
3704 1492 3875 1560 (cim

2228 1577 2451 1650 olymp.
2472 1578 2711 1649 CXXIV)
2736 1579 3049 1652 tragoedias
3072 1581 3333 1652 scripsit,
3359 1597 3515 1635 unus
3537 1597 3608 1636 ex
3636 1580 3869 1636 Pleiade

2229 1668 2608 1739 uagicorum.

2303 1757 2656 1825 Alexander,
2690 1757 3105 1828 Seleuciensis,
3127 1759 3295 1828 Cilix,
3323 1759 3660 1823 Alexandri.
3686 1761 3871 1817 causi-

539 1853 822 1925 Agathon,
857 1849 1133 1922 tragicus,
1167 1852 1226 1902 et
1253 1844 1677 1902 comcediarum
1709 1842 1983 1913 scriptor,
2018 1839 2121 1894 So-
2152 1857 2201 1925 Β
2230 1847 2369 1919 dici,
2403 1849 2462 1903 F.
2496 1848 2719 1919 rhetor,
2753 1846 3129 1918 πηλοπλάτων
3181 1851 3301 1905 sive
3347 1851 3524 1907 luteus
3569 1850 3734 1906 Plato
3782 1867 3873 1908 co-

469 1943 647 1999 cratis
679 1939 1029 2011 discipulus.

538 2032 790 2093 Alcaeus,
822 2026 1222 2096 Atheniensis,
1274 2024 1553 2097 tragicus,
1604 2037 1783 2093 quem
1842 2017 2120 2075 nonnulli

469 2122 729 2194 primum
760 2119 944 2174 fuisse
977 2116 1262 2189 tragicum
1293 2111 1680 2169 contendunt.
1891 2119 1896 2122 '

538 2211 786 2266 Alcwus.
821 2207 1210 2279 Mytilenasus,
1244 2201 1460 2259 deinde
1491 2198 1894 2265 Atheniensis,
1926 2196 2114 2252 comi-

474 2317 576 2356 cus
606 2298 820 2354 veteris
850 2294 1151 2352 commdiee
1211 2293 1474 2364 quintus,
1529 2287 1694 2344 Micci
1748 2289 1833 2357 F.,
1888 2284 2127 2358 scripsit

473 2388 764 2446 comazdias
792 2388 854 2443 X.

543 2478 905 2544 Alcidamas,
936 2475 1188 2538 Eleates,
1234 2471 1488 2526 Asianus
1518 2466 1931 2540 philosophus,
1963 2464 2125 2520 ﬁlius

474 2567 717 2634 Dioclis,
751 2566 852 2636 qui
885 2564 1114 2619 musica
1156 2560 1413 2632 scripsit,
1477 2564 1535 2613 et
1579 2556 1801 2629 Gorgias
1854 2552 2124 2610 Leontini

475 2657 826 2728 discipulus.

542 2746 902 2811 Alcimenes,
934 2741 1313 2815 Megarensis,
1345 2738 1623 2811 tragicus.

546 2836 906 2901 Alcimenes,
943 2830 1343 2895 Atheniensis,
1376 2827 1659 2883 comicus.

545 2924 870 2996 Alciphron
902 2924 1137 2994 Magnes
1168 2924 1226 2976 et
1264 2916 1560 2990 Magnesia
1612 2913 1688 2971 ad
1738 2910 2122 2981 Maeandrum,

472 3014 886 3087 philosophus.

541 3106 809 3170 Alcman,
834 3104 1024 3157 Lacon
1057 3100 1410 3154 Messoates:
1446 3093 1771 3151 secundum
1828 3092 2122 3147 Cratetem

469 3190 845 3263 πταίονταζίιι
895 3191 1007 3244 hoc
1064 3189 1298 3259 lapsum
1346 3186 1464 3240 sive
1514 3182 1854 3253 errantem),
1905 3179 2120 3252 Lydus,

469 3281 752 3338 Sardibus
779 3278 1095 3333 oriundus:
1115 3294 1186 3332 ex
1207 3275 1485 3330 servitute
1508 3271 1930 3336 manumissus,
1965 3268 2123 3324 ﬁlius

469 3369 773 3427 Damantis
807 3367 891 3421 vel
920 3366 1119 3421 Titari.
1159 3364 1359 3420 Dorice
1382 3361 1640 3434 scripsit,
1671 3366 1738 3416 ut
1789 3358 1985 3415 solent
2014 3358 2121 3412 La-

475 3457 854 3515 cedaemonii:
878 3457 1149 3511 inventor
1179 3451 1451 3526 ἐρωτικῶν
1484 3447 1690 3522 μελῶν,
1723 3450 2122 3504 amator-ternm

471 3548 799 3605 carminum.
827 3544 1071 3618 Scripsit
1091 3544 1277 3599 libros
1302 3559 1404 3597 sex
1434 3540 1759 3613 lyricorum
1789 3537 2122 3594 carminum

470 3646 532 3695 et
554 3630 948 3709 κολυμϐώσας,
978 3639 1255 3702 natantes,
1284 3634 1503 3705 πρῶτος
1533 3628 1812 3701 εῗσήγαγε,
1873 3626 1950 3698 μὴ
1999 3623 2118 3697 ἐξοι-

473 3726 691 3803 μέτροις
728 3720 1019 3798 μελῳδεῖν,
1044 3745 1068 3777 α
1090 3724 1319 3795 primus
1341 3718 1670 3776 introduxit
1688 3733 1883 3782 usum,
1909 3721 1975 3771 ut
1989 3730 2120 3772 car-

470 3842 498 3872 ‹‹
521 3819 687 3874 mina
704 3808 1206 3871 melica'versibus
1224 3828 1345 3866 non
1377 3807 1740 3865 hexametris
1769 3804 2119 3862 conscribe-

473 3932 501 3961 ‹‹
532 3913 761 3965 rentur.
794 3928 821 3955 ››

538 3996 807 4062 Alcman,
841 3992 993 4048 alius
1025 3989 1371 4053 Messenius,
1405 3987 1612 4042 itidem
1643 3985 1880 4057 lyricus.

541 4084 898 4149 Alexander,
922 4082 1342 4153 Egaaus,pater
1362 4070 2119 4146 Caelii,philosophusperi-

470 4174 783 4247 pateticus,
807 4187 942 4225 cum
964 4171 1369 4231 Chaeremone,
1392 4165 1770 4238 philosopho,
1793 4168 2123 4235 praeceptor

470 4266 741 4327 Neronis,
770 4260 914 4330 imp.
950 4274 1127 4329 quem
1158 4256 1383 4311 vocavit
1412 4252 1589 4324 πηλὸν
1623 4249 1814 4325 α’ίματι
1844 4249 2120 4327 πεφυρμέ-

466 4372 578 4421 νον,
612 4352 789 4406 lutum
818 4350 1086 4419 sanguine
1117 4352 1469 4402 maceratum.

539 4436 893 4506 Alexander,
928 4435 1353 4501 Antiochenus,
1386 4437 1521 4505 post
1549 4429 1943 4502 Porphyrium
1973 4428 2124 4500 epis-

468 4548 669 4602 copus,
730 4526 1097 4599 temporibus
1154 4522 1578 4596 Chrysostomi,
1635 4521 1871 4587 virtute,
1927 4518 2120 4591 philo-

468 4621 675 4693 sophia
706 4624 764 4674 et
795 4617 1135 4689 eloquentia
1165 4613 1436 4686 insignis.

538 4708 890 4775 Alexander,
922 4704 1418 4779 Aphrodisiensis,
1451 4699 1864 4773 philosophus.

540 4797 898 4863 Alexander,
931 4795 1220 4851 Casilonis
1252 4794 1339 4861 F.,
1372 4792 1597 4861 rhetor,
1630 4788 1814 4843 frater
1858 4784 2121 4857 Eusebii,

469 4889 745 4955 rhetoris,
777 4885 996 4943 Jnliani
1029 4883 1376 4955 discipulus.

542 4976 897 5043 Alexander,
931 4974 1231 5037 Claudius,
1264 4972 1485 5026 rhetor.

536 5065 892 5127 Alexander,
916 5063 1414 5135 Hierapolitanus,
1440 5058 1620 5131 episc.
1646 5060 1705 5112 et
1725 5054 2122 5126 martyr,scri-

467 5157 608 5228 psit,
646 5152 698 5207 τί
753 5152 937 5206 καινὸν
992 5152 1272 5224 εἰσήνεγκε
1329 5146 1559 5221 Χριστὸς
1616 5143 1693 5206 εἷς
1744 5142 1835 5198 τὸν
1889 5141 2121 5215 κόσμον,

468 5241 736 5319 κεφάλαια
777 5242 873 5309 Θ“.,
907 5242 970 5296 de
998 5242 1157 5296 rebus
1186 5241 1360 5304 novis,
1395 5254 1533 5308 quas
1572 5236 1819 5292 Christus
1866 5234 1925 5288 in
1962 5250 2125 5289 mun-

473 5335 605 5389 dum
630 5332 845 5399 intulit,
877 5333 1062 5401 capita
1092 5332 1185 5395 IX,
1244 5327 1465 5382 librum
1515 5324 1762 5398 egregiis
1812 5324 2123 5381 sententiis

470 5422 774 5478 refertum.

542 5602 655 5676 (5i)
684 5602 972 5676 Kusterus
993 5597 1151 5676 hunc
1182 5593 1526 5676 Cornelium
1559 5592 1953 5676 Alexandrum
1987 5612 2129 5676 conf

472 5663 670 5729 l'undi't
680 5690 800 5729 cum
815 5672 1000 5727 altero
1017 5666 1434 5794 longejuniore
1452 5664 1799 5727 Alexandro,
1811 5664 2101 5736 Cotyaansi
2113 5709 2127 5735 ,

474 5761 544 5794 ex
576 5743 940 5794 Ascleniadm
972 5743 1113 5794 scho
1143 5758 1175 5794 a
1211 5737 1621 5794 grammatico.
1670 5736 1842 5794 cuius
1897 5737 2127 5794 obitum

474 5761 545 5799 ex
574 5743 940 5814 Asclepiadw
972 5737 1175 5797 schola
1196 5737 1621 5809 grammatico,
1670 5737 1842 5807 cujus
1897 5737 2128 5794 obitum

2231 1937 2631 2005 gnominatus.

2300 2022 2501 2082 Alexis
2531 2043 2604 2082 ex
2632 2027 2869 2090 Thurio,
2911 2043 3045 2098 quas
3100 2033 3238 2083 ante
3277 2027 3536 2100 Sybaris,
3594 2028 3873 2095 comicus,

2232 2116 2435 2171 docuit
2462 2116 2692 2171 fabulas
2723 2117 2967 2173 CCXLV.
3003 2119 3252 2173 Patruus
3282 2117 3587 2173 Menandri
3642 2118 3877 2187 comici,

2235 2205 2538 2277 Stephani,
2569 2205 2777 2261 itidem
2806 2206 3017 2262 comici
3048 2212 3237 2278 pater.

2301 2294 2586 2363 Amelius,
2645 2295 3050 2367 Apameensis,
3111 2294 3523 2366 philosophus,
3601 2297 3877 2369 magister

2231 2384 2565 2457 Porphyrii,
2597 2385 2846 2456 aequalis
2878 2384 3177 2441 Ammonii
3209 2391 3269 2440 et
3295 2384 3585 2458 Origenis.

2301 2475 2750 2532 Ammonianus.
2776 2475 3216 2547 grammaticus,
3242 2475 3495 2548 Syriani,
3519 2475 3875 2548 philosophi,

2231 2565 2600 2636 propinquus
2645 2562 2831 2637 ἠγάπα
2883 2563 2982 2630 τὴν
3035 2560 3121 2617 ἐπὶ
3179 2567 3426 2634 ποιητῶν
3485 2561 3738 2639 ἐξηγήσει
3793 2562 3876 2617 καὶ

2233 2648 2522 2723 διορθώσει
2550 2658 2651 2720 τῆς
2679 2648 3016 2722 Ἑλληνικῆς
3046 2649 3244 2722 λέξεως
3275 2652 3600 2723 καθειμένην
3658 2653 3873 2727 τέχνην,

2234 2763 2263 2791 ‹‹
2296 2747 2485 2797 artem
2516 2742 2578 2797 in
2609 2746 2919 2814 poetarum
2944 2743 3321 2798 enarratione
3360 2745 3419 2797 et
3448 2744 3663 2798 Graecae
3686 2742 3877 2798 dictio-

2233 2854 2262 2882 (ι
2296 2832 2390 2886 nis
2422 2831 2840 2887 emendatione
2863 2837 3210 2903 occupatam
3241 2830 3544 2903 diligebat.
3571 2852 3600 2880 »
3624 2830 3797 2890 Οὗτος
3814 2829 3873 2898 ἦν

2233 2918 2644 2990 Ἀμμωνιανὸς,
2676 2919 2722 2991 ᾦ
2753 2920 3041 2987 κεκτῆσθαι
3073 2912 3415 2991 συμϐέϐηκεν
3454 2915 3577 2973 ὄνον
3628 2921 3875 2990 (servum

2232 3010 2346 3066 hoc
2374 3011 2640 3082 nomine)
2670 3008 2855 3086 σεφίας
2884 3008 3179 3083 ἀκροατήν.

2301 3100 2653 3154 Ammonius
2681 3099 2912 3161 Saccas,
2944 3098 3332 3170 phiIOSOphus
3365 3097 3522 3152 Alex.
3563 3115 3632 3154 ex
3683 3098 3875 3153 Chris—

2236 3188 2399 3243 tiano
2433 3187 2727 3257 ethnicus,
2760 3192 2910 3242 teste
2942 3187 3288 3259 Porphyrio.

2315 3277 2685 3345 Ammonius,
2717 3276 3017 3331 Ammonii
3047 3277 3131 3346 F.,
3164 3276 3493 3347 discipulus
3544 3274 3876 3344 Alexandri,

2231 3366 2623 3440 grammatici,
2657 3366 2759 3436 qui
2788 3365 2851 3420 in
2875 3365 3079 3421 schola
3101 3365 3424 3420 Aristarchi
3451 3381 3763 3421 successor
3777 3365 3878 3419 fuit

2231 3461 2367 3511 ante
2400 3455 2646 3527 Augusti
2678 3455 2818 3526 imp.
2855 3460 3142 3526 tempora.

2300 3544 2618 3616 Amphion,
2651 3544 2910 3614 antiquas
2942 3544 3186 3599 musica
3215 3543 3506 3611 inventor,
3535 3544 3796 3598 Julianus
3824 3544 3878 3596 in

2230 3633 2403 3703 Epist.

2301 3726 2506 3787 Amus,
2536 3722 2860 3794 Egyptius,
2892 3723 2953 3778 in
2979 3728 3180 3778 monte
3211 3723 3408 3778 Nitriaa
3450 3723 3804 3777 monachus.

2300 3811 2678 3877 Anacharsis,
2713 3812 2889 3884 Gnyri
2923 3814 3006 3878 F.,
3041 3812 3256 3883 Scytha
3287 3811 3700 3883 philosophus,
3751 3811 3874 3866 fra-

2230 3909 2319 3960 ter
2341 3899 2582 3959 Καδουΐοι
2605 3902 2863 3969 Caduiaa,
2897 3904 3246 3975 Scytharum
3275 3921 3336 3959 re
3355 3904 3658 3972 gis,matre
3682 3904 3876 3959 Graeca

2229 3998 2425 4062 natus,
2460 3992 2699 4063 scripsit
2724 3990 2935 4063 νόμιμα
2963 3992 3187 4046 Κκυθῶν
3222 3988 3294 4045 δι’
3342 3990 3510 4059 ἐπῶν,
3558 3992 3625 4046 de
3676 3992 3877 4061 legibus

2228 4082 2501 4138 institutis
2529 4081 2860 4151 Scytharum
2890 4098 3062 4137 versu
3119 4082 3376 4137 heroico.
3429 4079 3559 4152 Περὶ
3608 4076 3878 4138 εὐτελείας

2228 4174 2335 4224 τῶν
2369 4168 2445 4231 εἷς
2499 4169 2590 4223 τὸν
2650 4169 2986 4242 ἀνθρώπινον
3046 4167 3188 4243 βίον,
3249 4171 3315 4225 de
3364 4170 3699 4240 frugalitate
3756 4171 3876 4225 vita?

2231 4262 2503 4328 humanae,
2529 4275 2742 4331 poema
2764 4259 3068 4314 heroicum
3086 4259 3351 4315 versibus
3374 4257 3566 4315 DCCC.
3591 4258 3875 4313 Ancoram

2233 4356 2291 4406 et
2317 4355 2509 4404 rotam
2566 4348 2833 4421 ﬁglinam
2890 4348 3139 4414 invenit,
3199 4348 3457 4418 vixitque
3513 4346 3876 4418 temporibus

2229 4439 2431 4504 Crmsi,
2464 4443 2576 4493 etc.

2299 4535 2633 4594 Anacreon,
2662 4526 2854 4593 Teius,
2889 4526 3130 4598 lyricus,
3164 4526 3425 4599 Scythini
3486 4525 3585 4595 (a1.
3628 4523 3872 4589 Eumeli,

2143 4604 2191 4668 D
2223 4616 2525 4672 Parthenii
2576 4615 2667 4670 vel
2718 4615 3072 4687 Aristocriti)
3130 4616 3309 4682 filius,
3370 4614 3623 4671 dialecto
3688 4614 3875 4669 Ionica

2227 4707 2464 4777 scripsit
2492 4707 2713 4775 elegias,
2747 4703 3001 4778 παροίνια
3035 4702 3200 4777 μὲλη,
3257 4705 3374 4760 sive
3427 4707 3705 4769 carmina,
3763 4715 3873 4774 qua:

2226 4798 2375 4850 inter
2398 4796 2607 4865 pocula
2635 4794 3023 4863 cantabantur,
3048 4801 3100 4850 et
3125 4795 3351 4861 iambos,
3385 4799 3445 4850 et
3482 4810 3615 4864 qua:
3664 4808 3868 4848 vocan-

2232 4891 2327 4940 tur
2355 4883 2958 4955 Anacreontica.7Vixit
2986 4889 3251 4955 tempore
3294 4882 3640 4955 Polycratis,
3698 4879 3864 4936 Samii

2231 4975 2468 5046 tyranni
2499 4973 2660 5029 circa
2688 4954 2910 5045 olymp.
2943 4974 3009 5028 LI
3037 4954 3159 5042 (alii
3195 4974 3284 5027 LII
3331 4954 3594 5044 tempore
3638 4970 3772 5042 Cyri
3822 4971 3874 5022 et

2231 5063 2581 5135 Cambysre).
2612 5065 2725 5118 Teo
2749 5063 2954 5134 pulsus
2972 5062 3046 5118 ob
3070 5061 3293 5117 Histiaei
3317 5062 3671 5118 seditionem
3700 5056 3877 5113 Abde-

2236 5168 2304 5209 ra
2331 5152 2541 5208 urbem
2567 5152 2828 5207 Thraciae
2859 5153 3149 5225 migravit.

2305 5241 2678 5309 Anastasius,
2715 5240 3109 5311 Silentiarius,
3145 5242 3290 5314 imp.
3318 5242 3654 5296 haereticus.

2308 5336 2710 5403 Anaxagoras,
2733 5332 3001 5404 sophista
3020 5331 3101 5399 (id
3123 5337 3212 5387 est
3240 5327 3677 5402 philosOphus,)
3703 5327 3877 5397 Hege-

2236 5419 2411 5478 sibuli
2433 5420 3387 5493 F.Clazomenius,cognominatus
3408 5420 3532 5479 νοῦς
3567 5416 3687 5473 sive
3717 5417 3882 5477 Mens,

2238 5606 2297 5657 et
2318 5599 2527 5657 laudes
2557 5599 2780 5655 diserta
2812 5599 3079 5655 oratione
3099 5596 3399 5655 decoravit
3413 5593 3724 5651 Aristides.
3749 5589 3885 5645 Vide

2238 5688 2366 5743 qua:
2399 5672 2472 5728 de
2504 5672 2615 5727 hoc
2639 5672 2881 5742 juniore
2902 5669 3237 5727 Alexandro
3259 5669 3378 5725 dixi
3412 5667 3514 5722 lib.
3552 5683 3621 5733 1v,
3642 5680 3776 5736 cap.
3802 5664 3883 5715 37.

2239 5747 2391 5815 [pag
2438 5748 2501 5798 Π
2533 5760 2624 5813 sq.
2656 5744 2714 5797 in
2747 5744 2860 5798 hoc
2890 5743 3029 5814 vol.]
