4128 6308
292 396 446 459 1221

1611 396 1715 457 DE
1758 394 2048 466 QUIBUS
2092 392 2374 457 SUlDAS

3557 397 3712 457 1222

296 528 587 585 Periclem
620 529 761 585 licet
781 546 972 585 causas
997 546 1117 584 sua)
1148 533 1356 584 nactus
1374 532 1691 600 patronum
1707 525 1955 583 Athenis
1983 536 2038 600 Α
2068 525 2171 582 sed
2202 526 2364 582 illius
2393 532 2450 582 et
2479 526 2853 583 Stesimbroti
2883 527 3154 583 auditor:
3186 527 3327 582 vixit
3347 532 3484 581 ante
3517 527 3710 583 Plato-

297 618 527 690 pulsus,
564 619 868 690 Lampsaci
900 618 1079 674 vitam
1112 616 1544 684 ﬁnivitinedia,
1579 621 1689 671 etc.
1713 615 1844 671 vide
1864 616 1960 670 in-

299 708 393 764 fra
434 705 840 768 Απολλώνιοςκ

367 796 840 867 Anaxandrides,
872 797 1314 864 AnaxandriF.,
1348 813 1379 851 e
1410 795 1642 852 Camiro
1665 792 1957 867 Rhodius,

300 887 411 955 vel,
446 893 511 942 ut
539 887 664 954 alii,
697 886 1118 958 Colophonius,
1151 885 1311 941 ludis
1342 885 1599 957 Philippi
1622 883 1956 940 Macedonis

298 977 525 1048 olymp.
565 980 685 1039 101,
719 976 1009 1042 interfuit,
1043 975 1395 1046 scripsitque
1444 975 1763 1030 comoedias
1796 973 1955 1039 LXV,

297 1081 374 1120 ex
407 1067 623 1137 quibus
655 1066 874 1121 vicitx.
894 1066 1127 1120 Primus
1158 1081 1392 1121 amores
1413 1064 1474 1119 in
1507 1080 1748 1120 scenam
1771 1064 1956 1117 intro-

301 1154 486 1211 duxit.

378 1244 678 1315 Anaxilas,
712 1245 974 1301 comicus
1004 1249 1197 1317 poeta.

377 1334 840 1402 Anaximander,
858 1334 1159 1390 Praxiadaa
1177 1336 1260 1401 F.,
1281 1332 1544 1387 Milesius
1566 1331 1958 1404 philosophus

315 1430 617 1496 cognatus,
651 1424 981 1497 discipulus
1003 1429 1061 1480 et
1086 1439 1396 1480 successor
1423 1422 1702 1478 Thaletis.
1724 1422 1959 1477 Primus

306 1514 729 1584 aequinoctium
755 1514 981 1569 invenit
1013 1557 1026 1581 ,
1059 1519 1118 1568 et
1148 1512 1402 1568 solstitia
1432 1518 1492 1567 et
1515 1510 1820 1583 horologia
1854 1554 1868 1579 ,
1899 1516 1960 1566 et

303 1608 523 1658 terram
555 1603 615 1657 in
675 1603 872 1658 medio
934 1603 1144 1658 mundi
1193 1603 1366 1657 sitam
1426 1617 1577 1657 esse.
1633 1600 1956 1656 Gnomonis

302 1693 483 1748 etiam
519 1710 695 1749 usum
749 1692 1102 1760 introduxit,
1135 1698 1194 1748 et
1240 1689 1576 1766 γεωμετρίας
1610 1687 1955 1744 ὑποτύπωσιν

305 1775 524 1852 ἔδειξεν,
568 1781 909 1854 geometriae
952 1781 1388 1837 institutionem
1418 1779 1678 1836 tradidit.
1714 1779 1961 1850 Scripsit

305 1869 432 1944 περί
478 1871 711 1947 φύσεως,
761 1872 827 1927 de
876 1878 1083 1927 natura
1124 1887 1307 1926 rerum
1340 1887 1359 1925 .'
1385 1875 1488 1942 γῆς
1519 1864 1787 1944 περίοδον,
1839 1869 1956 1925 des-

315 1960 645 2030 criptionem
678 1967 863 2029 terrae,
904 1959 1029 2034 περῖ
1059 1962 1170 2013 τῶν
1199 1957 1457 2013 ἀπλανῶν
1488 1957 1577 2012 καὶ
1619 1962 1867 2034 σφαῖραν,
1901 1958 1966 2013 de

310 2050 410 2105 stel
441 2049 507 2104 (is
536 2048 665 2118 [tris
697 2054 755 2104 et
783 2050 1091 2120 sphwrazm,
1125 2049 1382 2119 aliaque.

382 2141 836 2209 Anaximander,
863 2138 1286 2195 Anaximandri
1311 2140 1394 2207 F.,
1428 2138 1710 2206 Milesius,
1737 2136 1963 2210 junior,

310 2231 650 2298 historicus,
676 2231 1044 2303 temporibus
1062 2229 1405 2286 Artaxerxis
1431 2228 1786 2285 Mnemonis.
1811 2227 1967 2282 Scri-

312 2322 389 2375 sit
450 2313 747 2392 συμϐὁλων
806 2318 1184 2394 Πυθαγορείων
1263 2316 1541 2392 ἐξήγησιν,
1601 2317 1966 2387 symbolorum

308 2412 351 2464 Ρ
359 2412 452 2479 yth
462 2429 488 2463 n
496 2413 810 2479 goricorum
840 2410 1370 2481 interpretationem.

384 2500 805 2568 Anaximenes,
838 2500 1093 2555 Eustrati
1125 2501 1212 2568 F.,
1244 2499 1527 2565 Milesius,
1552 2497 1964 2568 philosophus,

316 2589 644 2661 discipulus
671 2594 729 2643 et
761 2605 1071 2644 successor
1125 2586 1575 2653 Anaximandri,
1624 2586 1853 2651 Milesii,
1875 2585 1968 2640 vel

312 2685 379 2734 ut
408 2679 531 2747 alii,
555 2678 945 2733 Parmenidis.
973 2677 1125 2731 Vixit
1149 2676 1486 2748 Olympiade
1507 2676 1612 2731 LV.
1643 2691 1761 2745 qua
1784 2676 1967 2744 Cyrus

305 2769 570 2823 Croesum
602 2783 796 2840 regno
830 2767 1011 2823 exuit.

388 2857 805 2923 Anaximenes,
833 2853 1143 2910 Arictoclis
1176 2855 1260 2922 F.,
1290 2855 1746 2925 Lampsacenus,
1771 2856 1971 2907 orator

311 2951 370 3000 et
400 2944 729 3016 discipulus
765 2945 1040 3017 Diogenis
1073 2942 1270 3011 Canis,
1306 2947 1365 2998 et
1394 2942 1560 3010 Zoili,
1595 2940 1971 3014 Amphipoli-

311 3035 454 3099 tani,
488 3034 880 3105 grammatici,
904 3037 1236 3105 praeceptor
1256 3031 1574 3087 Alexandri
1611 3030 1967 3087 Macedonis.

309 3138 344 3177 a
372 3139 487 3194 quo
533 3124 738 3194 patriae
790 3140 911 3177 suae
945 3122 1179 3177 veniam
1207 3126 1263 3176 et
1314 3120 1568 3176 salutem
1612 3120 1966 3192 impetravit.

2069 632 2225 671 nem.
2260 617 2314 689 (ν
2352 618 2582 673 Kiisteri
2616 617 2768 690 not.)

2139 705 2539 774 Antimachus,
2575 706 3047 779 HeliOpolitanus
3083 707 3406 779 Egyptius,
3441 707 3541 779 qui
3575 707 3714 763 scri-

2068 794 2187 863 psit
2215 791 2593 866 Κοσμοποιΐαν
2619 796 2885 851 versibus
2915 796 3169 852 heroicis
3208 798 3367 864 3780.

2139 883 2545 952 Antimachus,
2564 890 2734 956 poeta
2760 885 3029 948 melicus,
3053 885 3245 940 dictus
3257 883 3446 957 ψεχὰς,
3465 886 3711 958 perinde

2068 977 2135 1025 ut
2163 974 2272 1043 (52)
2301 974 2641 1045 Olympicus
2687 975 2948 1046 quidam,
3004 975 3163 1045 quod
3220 975 3545 1047 discipulos
3575 993 3714 1031 suos

2068 1060 2224 1116 inter
2254 1061 2669 1118 disserendum
2699 1069 3117 1135 conspergeret
3146 1081 3215 1120 ac
3244 1065 3522 1119 minutim
3548 1082 3716 1120 cons~

2068 1156 2296 1221 pueret.
2319 1153 2629 1208 Decretum
2643 1152 2800 1221 fecit,
2820 1153 3124 1209 neminem
3144 1154 3206 1208 in
3239 1170 3417 1210 scena
3440 1155 3716 1210 nomina-

2070 1241 2173 1294 tim
2206 1257 2240 1295 a
2270 1242 2513 1297 comicis
2544 1243 3083 1316 perstringendum.
3115 1243 3405 1315 [Quinque
3454 1246 3714 1299 Antima-

2068 1330 2196 1384 chos
2226 1331 2434 1386 Suidas
2465 1333 2753 1388 nominat.
2779 1338 2819 1387 t.
2852 1334 2894 1403 Ι,
2928 1349 3057 1405 pag.
3082 1336 3207 1403 225,
3239 1334 3338 1387 ubi
3371 1351 3419 1388 v.
3454 1335 3714 1403 Kiister.|

2138 1421 2488 1490 Antiochus,
2510 1422 2678 1490 Cilix,
2706 1422 2989 1495 Cynicum
3013 1440 3075 1477 se
3098 1422 3518 1494 philosophum
3540 1424 3718 1478 simu-

2068 1512 2200 1567 lans
2232 1519 2291 1568 et
2345 1514 2695 1569 homoribus
2726 1519 2933 1569 auctus
2964 1530 2999 1569 a
3029 1515 3238 1570 Severo
3272 1519 3329 1569 et
3360 1515 3613 1569 Antonio
3644 1514 3718 1569 ad

2068 1601 2408 1669 Tiridatem,
2445 1608 2502 1658 et
2531 1620 2666 1658 cum
2699 1620 2767 1658 eo
2801 1603 2874 1659 ad
2910 1604 3157 1659 Parthos
3189 1603 3540 1673 transfugit;
3584 1603 3721 1658 hinc

2069 1690 2097 1744 ὁ
2127 1688 2484 1762 Δύτόμολος,
2517 1695 2829 1762 transfuga,
2861 1692 3054 1747 dictus
3077 1696 3184 1747 est.

2137 1780 2466 1852 Antipater,
2497 1782 2682 1837 Joalai
2716 1782 2774 1835 F.
2809 1780 3136 1852 discipulus
3170 1778 3723 1849 Aristoteliszlex-

1994 1896 2042 1962 Β
2073 1868 2244 1962 andri
2388 1871 2507 1925 dux
2551 1876 2624 1962 et
2672 1870 2885 1925 deinde
2914 1886 3018 1924 rex
3052 1868 3446 1962 Macedonian}
3478 1868 3724 1962 reliquit

2073 1958 2471 2029 Epistolarum
2503 1955 2836 2033 σύγγραμμα
2858 1959 3027 2013 libris
3059 1957 3310 2025 duobus,
3337 1962 3394 2010 et
3413 1957 3722 2011 historiam

2071 2047 2168 2108 τὰς
2200 2043 2504 2120 Περδίκκου
2534 2046 2752 2123 πράξεις
2783 2044 3116 2122 Ἰλλυρικάς.

2145 2138 2475 2209 Antipater,
2509 2138 2731 2193 Nicolai
2789 2136 3159 2205 Damasceni,
3219 2136 3508 2204 historici,
3538 2140 3725 2207 pater,

2077 2226 2441 2282 Stratonices
2471 2227 2741 2296 maritus,
2774 2226 3115 2297 eloquentia
3145 2223 3427 2297 pollebat,
3462 2240 3579 2295 qua
3622 2241 3724 2280 ne-

2076 2315 2302 2370 minem
2337 2316 2512 2387 laesit,
2546 2315 2754 2387 patrias
2787 2319 2847 2370 et
2875 2314 3099 2370 civibus
3130 2313 3370 2385 proluit.

2148 2402 2536 2475 Antiphanes,
2592 2402 2992 2467 Atheniensis,
3052 2401 3334 2468 comicus,
3378 2400 3585 2473 junior
3613 2402 3724 2456 Pa-

2077 2492 2277 2547 neetio.

2146 2596 2515 2668 Antiphanes
2544 2597 2865 2668 Carystius,
2897 2596 3071 2652 Trani
3127 2597 3211 2662 F.,
3246 2594 3577 2666 Thespidis,
3609 2599 3725 2649 tra-

2074 2686 2208 2758 gici,
2235 2693 2521 2757 tempore,
2556 2686 2821 2740 comicus
2852 2685 3175 2756 antiquior.

2145 2777 2537 2847 Antiphanes,
2572 2775 2972 2846 DemOphanis
3004 2775 3091 2830 vel
3123 2775 3402 2846 Stephani
3435 2777 3495 2831 F.
3525 2774 3729 2846 Smyr-

2077 2882 2264 2931 naeus,
2289 2864 2399 2933 vel,
2421 2880 2490 2918 ex
2511 2864 2775 2935 Dionysii
2799 2864 3119 2930 sententia;
3154 2862 3441 2931 Rhodius,
3466 2865 3728 2919 comicus

2079 2954 2290 3011 medias
2312 2954 2636 3022 commdiaa;
2655 2969 2727 3008 ex
2756 2953 3035 3008 servitute
3065 2953 3491 3020 manumissus,
3515 2952 3731 3008 claruit

2077 3045 2234 3100 circa
2284 3042 2504 3114 olymp.
2548 3042 2736 3109 XCIII,
2796 3042 3034 3113 scripsit
3071 3040 3390 3096 comoedias
3420 3042 3718 3097 CCCLXV.

2078 3132 2169 3187 vel
2197 3137 2256 3188 et
2284 3132 2386 3187 alii
2408 3131 2712 3198 CCLXXX,
2743 3130 2999 3201 vicitque
3030 3131 3227 3186 decies
3255 3137 3361 3185 ter.
3388 3131 3602 3185 Filium
3621 3132 3718 3186 hav

317 3213 692 3319 Th'eoeempo
726 3212 1020 3319 ieodiu‘m
1064 3209 1414 3319 addufindq
1470 3208 1973 3319 librum'vulsgvit
2001 3253 2044 3319 ρ
2082 3222 2214 3277 buit
2241 3222 2606 3291 Stephanum
2655 3220 2969 3284 comicum;
3003 3220 3151 3274 obiit
3187 3221 3249 3274 in
3273 3220 3395 3287 Cio,
3428 3220 3555 3291 piro
3578 3220 3727 3275 forte

314 3302 423 3356 sub
447 3302 603 3356 ulius
636 3301 876 3356 nomine
900 3301 1181 3356 adversus
1203 3300 1598 3354 Athenienses
1622 3304 1681 3353 et
1702 3297 1971 3353 Lacedae-

318 3392 572 3457 monios,
634 3390 946 3463 συγγραφὴν
981 3386 1234 3461 λοίδορον
1286 3385 1339 3449 ἐς
1368 3388 1429 3441 τὸ
1460 3382 1844 3460 ἀκριϐέστατον
1878 3407 1972 3459 μι-

330 3478 689 3551 μησάμενος,
752 3480 1137 3534 historiarum
1200 3478 1562 3550 Theopompi
1612 3477 1971 3533 maledicum

316 3569 536 3640 stylum
568 3574 845 3624 accurate
876 3569 1162 3624 imitatus.

389 3658 736 3728 Andocides,
768 3658 1173 3725 Atheniensis,
1200 3657 1440 3729 Leogori
1470 3657 1553 3724 F.,
1587 3673 1742 3711 unus
1773 3673 1843 3712 ex
1875 3656 1973 3711 de-

315 3765 445 3803 cem
477 3748 834 3815 oratoribus,
876 3765 1063 3819 genus
1094 3747 1319 3802 ducens
1349 3745 1771 3813 aTelemacho,
1811 3745 1969 3817 Ulys-

323 3837 404 3892 sis
437 3837 559 3891 ﬁlio
594 3842 652 3891 et
681 3837 988 3904 Nausicaa,
1022 3841 1088 3891 ut
1120 3835 1297 3890 tradit
1326 3835 1689 3890 Hellanicus.

392 3925 758 3992 Adroclides,
822 3925 1048 3997 Syncsii
1106 3924 1249 3996 Lydi
1306 3923 1850 3995 Philadelphiensis
1881 3924 1967 3990 F.,

322 4019 588 4086 tempore
638 4016 969 4087 Porphyrii,
1032 4015 1393 4086 philosophi,
1455 4015 1674 4083 docuit,
1717 4015 1966 4086 ejusque

326 4107 599 4161 meminit
630 4107 690 4161 in
723 4107 988 4162 oratione
1021 4107 1087 4161 de
1115 4109 1202 4161 sui
1232 4108 1488 4176 temporis
1517 4108 1847 4162 doctoribus.

394 4196 843 4251 Andromachus
875 4213 945 4250 ex
971 4195 1213 4267 Neapoli
1247 4195 1448 4266 Syrias,
1481 4196 1764 4267 sophista,
1798 4197 1970 4251 Zonaa

325 4283 415 4338 vel
446 4285 647 4339 Sabini
680 4286 738 4341 F.
775 4284 976 4339 docuit
1033 4284 1389 4339 Nicomedia)
1440 4284 1804 4355 temporibus
1834 4284 1967 4340 Dio-

325 4372 565 4428 cletiani
597 4375 738 4445 imp.

395 4463 743 4534 Androtion,
778 4463 1075 4518 Andronis
1121 4463 1279 4517 filius
1339 4463 1741 4533 Atheniensis,
1773 4471 1974 4522 orator

321 4557 378 4606 et
399 4551 776 4624 demagogus,
808 4556 1084 4607 Isocratis
1114 4551 1463 4623 discipulus.

391 4643 694 4713 Angelius,
730 4643 998 4698 Valentis
1030 4647 1295 4714 tempore
1327 4645 1641 4716 episcopus
1659 4646 1829 4703 CPol.

322 4733 655 4798 Anniceris,
689 4738 895 4788 auctor
923 4738 1097 4787 sectas
1128 4733 1486 4799 Anniceriaa,
1511 4738 1775 4805 tempore
1809 4735 1973 4792 Alex-

327 4821 498 4876 andri
528 4824 596 4876 Μ.
632 4824 969 4893 Cyrenaeus,
1002 4821 1395 4892 philosophus
1419 4821 1730 4893 epicureus
1760 4823 1972 4893 factus,

325 4914 382 4964 et
407 4911 455 4964 si
489 4911 790 4966 Parabatze
842 4911 1054 4965 fuisset
1109 4909 1460 4981 discipulus,
1512 4911 1614 4981 qui
1671 4912 1975 4970 audiverat

322 4999 709 5071 Aristippum.
737 5001 937 5054 Frater
956 4998 1334 5055 Anniceridis
1365 4998 1682 5067 Nicoteles,
1711 5001 1977 5071 philoso-

328 5088 502 5160 phus.
538 5088 872 5160 Discipulus
904 5089 1175 5156 celebris,
1208 5088 1580 5145 Posidonius.

399 5180 802 5251 Antigenides,
837 5179 1026 5250 Satyri
1059 5180 1142 5246 F.,
1175 5179 1486 5234 Thebanus
1517 5179 1800 5247 musicus,
1834 5180 1973 5237 tibi-

326 5285 435 5323 cen
480 5269 806 5324 Philoxeni.
858 5267 1105 5339 Scripsit
1168 5263 1334 5338 μέλη,
1390 5270 1637 5324 carmina
1695 5269 1974 5341 (modulis

320 5359 584 5413 animata
613 5357 902 5428 musicis.)

388 5447 799 5513 Antimachus,
854 5446 1280 5518 Colaphonius,
1338 5447 1631 5519 Hyparchi
1661 5448 1745 5514 F.,
1777 5465 1974 5520 gram-

315 5537 573 5591 maticus
623 5542 681 5591 et
708 5540 899 5607 poeta.
933 5536 1264 5608 Panysidis,
1298 5541 1509 5607 poetae,
1570 5552 1692 5592 non
1746 5553 1971 5611 servus,

2005 4606 2053 4672 D

2083 3327 2426 3383 percussus,
2460 3326 2617 3366 anno
2649 3311 2838 3365 aetatis
2870 3310 3108 3364 LXXIV.

2148 3401 2470 3472 Antiphon,
2500 3399 2898 3466 Atheniensis,
2958 3396 3379 3471 τερατοσκόπος,
3430 3399 3729 3471 prodigio-

2080 3507 2213 3546 rum
2254 3491 2579 3563 conjector,
2611 3495 2785 3561 poeta
2833 3488 3035 3559 epicus
3067 3493 3126 3543 et
3181 3489 3485 3560 sophista:
3536 3489 3728 3543 dictus

2081 3577 2488 3654 λογομάγειρος
2518 3580 2686 3650 quasi
2715 3593 3025 3633 sermonum
3043 3594 3275 3648 coquum
3297 3578 3534 3633 dixeris.
3560 3580 3732 3632 Eum-

2081 3669 2216 3724 dem
2247 3685 2376 3723 esse
2406 3672 2569 3739 puto,
2602 3683 2779 3738 quem
2809 3665 2984 3738 paulo
3029 3672 3163 3737 post
3192 3664 3561 3738 ὀνειροκρίτην
3597 3666 3729 3719 Sui-

2080 3758 2185 3813 das
2212 3762 2381 3812 vocat
2431 3762 2490 3812 et
2544 3755 2667 3829 περὶ
2698 3754 2934 3828 κρίσεως
2991 3752 3215 3824 ὀνείρων
3276 3756 3342 3809 de
3397 3756 3730 3813 somniorum

2072 3846 2314 3916 judiciis
2345 3845 2427 3900 ait
2457 3845 2788 3917 scripsisse.

2151 3935 2476 4006 Antiphon,
2501 3935 2724 4006 Sophili
2746 3936 2828 4002 F.,
2851 3933 3252 4003 Atheniensis,
3277 3932 3497 4005 populo
3521 3934 3734 3989 Rham-

2082 4024 2313 4092 nusius,
2342 4025 2690 4097 cognomine
2724 4027 2950 4093 Nestor,
2985 4029 3120 4097 post
3136 4022 3406 4095 Gorgiam
3428 4023 3488 4078 in
3507 4024 3728 4078 forensi

2081 4114 2314 4169 dicendi
2345 4130 2560 4186 genere
2594 4114 2891 4181 excelluit,
2927 4112 3206 4187 magister
3236 4112 3613 4183 Thucydidis.
3650 4112 3726 4183 [v.

2084 4203 2315 4259 Kiisteri
2349 4204 2497 4276 not.]

2154 4294 2554 4361 Antisthenes,
2607 4299 2771 4365 patre
2816 4294 3187 4366 cognomine,
3227 4292 3629 4360 Atheniensis,
3661 4309 3732 4347 ex

2083 4390 2315 4440 oratore
2344 4384 2737 4456 philosophus
2768 4385 3120 4451 Socraticus,
3153 4383 3578 4453 Peripateticus
3608 4382 3734 4451 pri-

2083 4490 2250 4530 mum
2281 4473 2496 4542 dictus,
2528 4474 2744 4529 deinde
2794 4475 2854 4528 in
2886 4474 3219 4545 Cynosarge
3271 4472 3473 4526 docuit
3501 4470 3731 4541 Cynicae

2086 4570 2259 4619 sectae
2293 4564 2589 4635 princeps,
2624 4563 2917 4635 Diogenis,
2940 4562 3164 4635 Cynici,
3193 4566 3543 4632 praeceptor.
3577 4560 3729 4614 Scri-

2086 4653 2164 4707 sit
2193 4658 2383 4707 tomos
2413 4653 2477 4718 X,
2521 4651 2781 4723 primum
2838 4652 3152 4723 magicum,
3186 4651 3249 4704 in
3281 4665 3396 4720 quo
3428 4653 3632 4703 narrat
3659 4646 3733 4701 de

2084 4743 2389 4799 Zoroastre
2423 4786 2438 4810 ,
2486 4740 2794 4811 sapientius
2843 4745 3165 4810 repertore.
3219 4740 3382 4792 Hunc
3430 4735 3735 4791 Aristoteli

2087 4832 2350 4901 quidam,
2384 4829 2486 4885 alii
2519 4827 2812 4883 Rhodioni
2848 4826 3132 4882 tribuunt.

2158 4920 2460 4985 Antonius,
2482 4916 2939 4979 Alexandrinus,
2960 4916 3120 4971 Gazae
3143 4920 3202 4969 et
3231 4914 3489 4986 Byzantii
3521 4929 3730 4969 causas

2085 5010 2224 5082 egit,
2255 5008 2445 5064 sacria
2473 5006 2696 5077 alioqui
2725 5006 2980 5060 maxime
3027 5004 3283 5071 deditus,
3317 5003 3398 5059 ita
3427 5009 3494 5059 ut
3524 5004 3731 5060 Gazam

2085 5096 2362 5152 redderet
2392 5093 2842 5166 religiosiorem.

2152 5191 2406 5257 Anytus,
2431 5183 2845 5239 Anthemionis
2866 5183 2952 5252 F.,
2981 5182 3380 5251 Atheniensis,
3405 5187 3622 5238 orator.

2153 5274 2412 5347 Apelles,
2443 5272 2861 5344 Colophonius.
2885 5272 3078 5343 Pythii
3110 5273 3197 5345 F.,
3230 5272 3465 5343 Ephori,
3495 5273 3732 5344 Ephesii

2084 5371 2144 5421 et
2172 5362 2490 5434 Pamphili,
2517 5361 3013 5433 Amphipolitani,
3047 5361 3393 5433 discipulus,
3427 5362 3618 5432 pic-tor
3638 5378 3733 5417 ce-

2085 5454 2289 5525 lebris,
2314 5453 2389 5508 ad
2419 5451 2693 5524 Ephesiis
2726 5451 2959 5507 civitate
2997 5451 3274 5523 donatus,
3300 5451 3485 5507 frater
3512 5451 3734 5506 Ctesio-

2083 5544 2199 5612 chi,
2234 5542 2502 5615 pictoris,

392 5704 499 5776 (52)
528 5709 609 5761 Ita
638 5701 878 5766 Ψεκαδες
910 5706 1052 5762 dicti
1080 5705 1396 5761 recentiori
1428 5710 1615 5762 aataete
1644 5707 1899 5766 Atciatus
1930 5717 1989 5767 et
2009 5715 2310 5769 Malherba.
