4136 6316
495 412 651 473 1223
1790 400 2029 466 INDEX
2077 400 2128 461 Sl

2250 390 2582 459 LPTORUM
3746 390 3883 450 1221

564 543 949 614 Apelliconis,
976 541 1119 613 Teii,
1151 539 1513 596 bibliotheca
1541 554 1575 594 a
1605 537 1764 609 Sylla
1793 538 1856 592 in
1888 540 2142 608 potesta-
2171 536 2220 602 Α
2257 552 2286 580 ‹‹
2302 527 2749 585 tiumorationis
2772 526 2954 582 libros
2973 526 3132 597 IV.3)
3150 530 3232 581 De
3251 523 3427 579 verbo
3441 524 3560 614 sive
3575 520 3880 614 ῥηματικὸν,

495 612 633 688 tem—
646 633 903 688 redacta.
1104 612 1109 613 ί
2252 619 2473 674 «libris
2503 619 2564 672 V.
2588 619 2644 690 4)
2666 618 2746 672 De
2772 616 2966 671 verbis
2986 614 3264 670 derivatis
3286 614 3346 667 in
3372 633 3431 683 μι
3463 612 3881 667 desinentibus.

567 723 893 794 Aphareus,
928 720 1311 775 Atheniensis
1342 723 1561 786 orator,
1595 718 1755 772 illius
1785 716 2032 787 Hippias,
2056 731 2144 769 so-
2250 731 2279 759 «
2304 712 2354 769 5)
2382 711 2461 763 De
2495 707 2838 762 nominibus
2866 706 2986 760 sive
3008 702 3346 794 ὀνοματικᾲν.
3381 705 3435 769 6)
3456 703 3538 794 De
3562 700 3882 794 nominibus

496 792 731 889 phistae,
764 816 822 866 et
850 810 1143 874 Platanes,
1176 809 1449 863 Isocratis
1480 808 1781 879 privignus
1807 803 2138 879 (πρόγονος),
2248 820 2276 847 ‹‹
2296 813 2401 869 per
2416 797 2606 852 varias
2624 796 2932 851 dialectos.
2959 798 3015 861 7)
3038 795 3116 848 De
3141 793 3450 889 nominum
3471 792 3882 889 femininorum

498 881 692 957 clarus
722 901 878 955 circa
898 898 1297 971 Olympiadem
1328 899 1490 964 XCV,
1541 896 1770 964 eodem,
1804 912 1921 965 quo
1954 894 2138 959 Plato,
2250 908 2279 937 «
2313 903 2451 942 casu
2482 891 2663 941 recto.
2699 887 2751 955 8)
2777 886 2854 939 De
2892 882 3253 955 paronymis.
3280 882 3333 952 9)
3362 881 3441 971 De
3461 881 3878 971 comparatisis.

491 996 778 1061 tempore.
965 969 973 971 ἡ
1068 969 1078 970 7
2248 997 2277 1026 «
2303 978 2390 1045 10)
2425 974 2776 1030 Dedialectis
2799 974 3028 1040 Dorica,
3059 972 3280 1061 Ionica,
3301 969 3546 1037 Eolica,
3578 969 3785 1061 Attica.
3807 970 3881 1038 11)

561 1053 864 1151 Appianus
894 1078 1013 1133 sive
1044 1077 1310 1149 Apianus
1335 1077 1575 1148 scripsit
1596 1078 1923 1132 Romanam
1953 1073 2138 1127 histo-

2248 1086 2278 1114 «
2310 1065 2392 1120 De
2422 1064 2626 1137 ﬁguris
2657 1063 3002 1118 Homericis.
3035 1063 3119 1132 12)
3139 1059 3263 1133 περὶ
3286 1053 3730 1130 κατεψευσμένης
3753 1056 3879 1109 ἱστο-

486 1167 817 1237 ΓὶίιῐΙι,·τὴν
878 1163 1226 1238 καλουμένην
1317 1161 1743 1239 βασιλικὴν.....
1796 1158 2119 1234 Ῥωμαϊκοὺι

2248 1176 2275 1204 ‹‹
2304 1154 2445 1228 plac,
2477 1154 2548 1210 de
2580 1154 2830 1209 historia
2860 1152 3286 1209 commentitia.
3328 1151 3411 1221 l3)
3456 1150 3537 1204 De
3570 1148 3878 1239 affectioni-

484 1233 682 1332 Myou;
718 1233 872 1310 ἐννέα
906 1261 1018 1312 etc.
1062 1233 1071 1238 ἰ
1148 1272 1153 1283 '
1182 1233 1188 1235 Π
1318 1233 1328 1239 ’
1914 1233 1919 1234 ⁷
2250 1266 2278 1295 ‹‹
2302 1244 2437 1311 bus,
2456 1241 2580 1317 περὶ
2605 1242 2812 1299 παθῶν.
2842 1243 2928 1313 14)
2950 1239 3073 1316 περὶ
3094 1239 3265 1294 τόνων
3293 1233 3878 1313 κατηναγκασμμὲνων,

560 1326 631 1401 IlI.
660 1346 922 1418 Apicius,
957 1352 1069 1400 etc.

2251 1354 2273 1385 ι
2300 1334 2372 1389 de
2392 1334 2550 1389 tonis
2583 1334 2802 1389 coactis
2847 1331 3033 1388 libros
3059 1332 3228 1387 duos.
3282 1332 3369 1400 15)
3393 1326 3723 1418 περὶ-τόνων
3767 1345 3879 1379 σκο-

553 1413 762 1507 Apion,
796 1435 1138 1490 Plistonicis
1196 1436 1280 1505 F.,
1344 1438 1744 1507 cognomento
1804 1430 2135 1497 Mochthus,

2250 1442 2274 1472 ι
2305 1419 2460 1486 λιῶν,
2494 1423 2567 1479 de
2590 1423 2747 1478 tonis
2773 1422 3051 1493 obliquis.
3078 1423 3163 1490 16)
3183 1419 3307 1493 περὶ
3330 1413 3687 1490 προσῳδιῶν,
3713 1415 3782 1470 de
3799 1431 3881 1470 ac-

493 1505 803 1598 .Egvptius,
838 1526 957 1580 sive
988 1525 1306 1592 Cretensis,
1338 1505 1785 1596 grammaticus,
1807 1520 2126 1592 discipulus

2246 1534 2274 1562 ι(
2306 1511 2584 1566 censibus
2602 1511 2783 1565 libros
2808 1512 2870 1565 V.
2894 1512 2980 1581 1⁸7)
3001 1512 3125 1581 περί
3148 1505 3462 1580 στοιχείων,
3491 1506 3567 1561 de
3590 1505 3877 1561 elementis

490 1595 810 1685 Apol—Ionii,
843 1614 1103 1668 Archibii
1126 1620 1185 1668 et
1206 1595 1627 1684 Euphranoris,
1645 1613 1986 1667 centenario
2013 1626 2123 1665 ma-

2244 1622 2273 1649 «
2307 1600 2426 1685 sive
2446 1599 2679 1654 litteris.
2715 1601 2801 1669 18)
2832 1600 2912 1653 De
2942 1596 3488 1670 praepositionibus.
3518 1595 3610 1666 19)
3641 1595 3876 1685 περὶ-των

469 1681 648 1775 joris,
683 1708 741 1758 et
768 1702 1022 1773 Didymi.
1056 1703 1267 1757 Docuit
1293 1681 1528 1757 -Ιὶοιηω
1572 1702 1789 1757 Tiberii
1821 1707 1880 1757 et
1907 1698 2102 1754 Claudi

2245 1712 2273 1739 «
2301 1683 2551 1759 Λιδύμου
2573 1691 2840 1752 πιθανῶν,
2866 1688 2940 1743 de
2962 1687 3195 1758 Didymi
3232 1685 3667 1757 probabilibus.
3703 1682 3788 1752 20)
3814 1681 3877 1736 De

480 1771 651 1847 aetate
676 1835 688 1856 ,
751 1771 1058 1847 successor
1120 1792 1378 1847 Theonis
1434 1791 1830 1864 grammatici,
1890 1788 2137 1860 aequalis
2246 1800 2275 1827 ί(
2309 1778 2761 1849 οοῐηροείίίοῐιθ·
2785 1778 2874 1844 21)
2900 1778 2977 1831 De
2999 1775 3094 1847 ίίδ,
3127 1792 3260 1847 qua
3282 1773 3516 1829 duom”
3539 1771 3733 1864 ωίξξίίε
3759 1771 3878 1864 69?:

481 1881 741 1952 Dionysii
778 1882 1234 1936 Halicarnassei.
1264 1881 1511 1952 Scripsit
1539 1877 1782 1954 ἱστορίαν
1836 1879 1950 1932 κατ’
1983 1874 2114 1931 ἔθνος

2245 1890 2274 1917 ‹‹
2298 1873 2528 1921 runtur.
2555 1868 2647 1937 22)
2679 1867 2759 1920 De
2788 1865 2996 1921 vocula
3022 1882 3123 1924 τις.
3154 1863 3251 1935 23)
3308 1864 3389 1919 De
3428 1860 3771 1935 generibus.
3799 1858 3876 1928 24)

482 1949 769 2026 historiam
794 1973 859 2025 de
885 1973 1122 2041 singulis
1160 1949 1432 2041 gentibus.
1465 1949 1720 2042 aliaque.

2249 1978 2277 2005 ‹‹
2312 1957 2392 2011 De
2423 1956 2754 2027 spiritibus.
2791 1957 2884 2025 25)
2913 1954 2991 2009 De
3012 1953 3382 2025 possessivis.
3440 1954 3535 2022 26)
3567 1949 3692 2021 περὶ
3738 1952 3876 2014 συζυ-

554 2061 944 2132 Apollinaris,
978 2061 1365 2128 Laodicenus,
1409 2066 1677 2133 tempore
1728 2059 2056 2114 Constantii
2080 2062 2139 2113 et
2247 2067 2277 2095 ί(
2306 2042 3028 2136 γίαςεάθᾼοοιιὶιιεειιίεξηεξτ
3063 2066 3084 2092 ¹
3123 2133 3132 2136 _
3278 2135 3284 2136 ί
3375 2130 3390 2136 _
3454 2129 3469 2136 _
3500 2130 3535 2136 __
3570 2131 3611 2136 _
3759 2128 3768 2136 _
3841 2127 3850 2136 .

483 2128 720 2217 Iuliani,
755 2150 1082 2212 Parabataa,
1143 2128 1588 2221 grammaticus,
1650 2146 2041 2219 philosophus
2079 2149 2139 2199 et
2313 2133 2685 2204 ApolloniUS,
2714 2132 3032 2188 Archebuli
3086 2133 3207 2187 sive
3258 2129 3539 2221 Archebii
3664 2128 3875 2221 scripsit

478 2246 671 2310 poeta,
722 2239 960 2309 scripsit
1018 2218 1212 2294 contra
1265 2218 1849 2308 Porphyriumilibros
1878 2233 2045 2302 XXX,
2080 2237 2140 2287 et
2246 2222 2319 2277 de
2376 2222 2739 2278 dictionibus
2799 2222 3147 2289 HomericiS,
3207 2220 3418 2276 ordino
3477 2218 3868 2310 alphabetiCO:

482 2327 750 2381 versibus
782 2326 997 2380 Grmcis
1053 2326 1310 2381 heroicis
1368 2328 1539 2377 πᾶσαν
1598 2324 1698 2391 τήν
1729 2326 1837 2377 τῶν
1869 2317 2115 2398 Ἐϐραίωε

2242 2311 2407 2384 [Ejus
2438 2312 2669 2367 lexicon
2698 2312 3074 2367 Homericum
3108 2310 3284 2366 hodie
3309 2315 3519 2381 exstat,
3553 2326 3589 2364 a
3622 2307 3869 2362 Villoiso-

481 2415 723 2489 γραφὴν,
776 2419 963 2469 totum
996 2416 1173 2470 Vetus
1202 2416 1641 2469 Testamentum
1692 2411 1967 2467 reddidit.
2001 2412 2107 2484 Epi

1504 2419 1641 2468 itum
1692 2411 1967 2467 reddidit,
2001 2412 2135 2484 Epi-
2243 2401 2367 2471 nio,
2400 2401 2538 2456 dein
2561 2418 2595 2456 a
2623 2402 2811 2457 Tullio
2844 2401 3091 2458 editum.
3118 2401 3137 2472 ]

499 2488 682 2558 stolas
713 2503 857 2557 item
889 2502 1125 2573 scripsit
1181 2508 1238 2557 et
1294 2503 1513 2557 multos
1566 2503 1627 2557 in
1685 2502 1740 2558 S.
1772 2501 2132 2573 Scripturam

2312 2490 2685 2561 Apollonius,
2710 2491 3215 2563 Aphodrisiensis,
3238 2507 3510 2547 summus
3536 2488 3802 2545 sacerdos
3824 2491 3870 2539 et

493 2592 974 2647 commentarios.
1007 2591 1169 2647 Idem
1222 2593 1556 2659 hmreticus,
1588 2591 1748 2647 filius
1780 2591 2126 2663 Apollinaris

2246 2578 2583 2649 historicus,
2619 2580 2860 2651 scripsit
2900 2577 3110 2650 Καρικᾶ
3139 2579 3258 2634 sive
3309 2580 3599 2634 historiam
3628 2579 3864 2635 Caricam.

486 2681 892 2737 Alexandrini.

2245 2666 2377 2741 Περὶ
2409 2664 2728 2741 Τράλλεων,
2761 2669 2833 2723 De
2862 2669 3155 2724 Trallibus.
3192 2666 3321 2740 Περὶ
3356 2668 3602 2744 Ὀρφέως
3648 2665 3731 2719 καὶ
3774 2666 3862 2716 τῶν

557 2770 847 2842 Apologus
898 2770 1123 2826 Alcinoi
1179 2768 1267 2825 ἑπί
1324 2774 1433 2825 τῶν
1489 2768 1902 2847 φλυαρούντων,
1936 2770 2007 2826 de
2040 2771 2132 2838 iis,

1936 2770 2007 2826 de
2040 2771 2132 2838 iis,
2241 2755 2474 2811 τελετῶν
2507 2756 2695 2813 αὐτοῦ.
2732 2760 2806 2813 De
2831 2759 3043 2828 Orpheo
3065 2765 3117 2813 et
3147 2760 3318 2829 ipsius
3346 2759 3538 2813 sacris.

498 2859 596 2930 qui
632 2860 786 2914 futili
819 2867 877 2915 et
896 2860 1123 2932 prolixo
1153 2877 1427 2916 sermone
1457 2845 1728 2917 utuntur.

2317 2846 2776 2918 Apollophanes,
2837 2847 3238 2913 Atheniensis,
3274 2846 3541 2903 comicus
3591 2845 3861 2914 antiquus,

556 2931 971 3020 Apollodorus,
999 2950 1400 3018 Atheniensis,
1425 2950 1710 3017 comicus,
1742 2949 1973 3006 fabulas
1995 2950 2135 3005 scri-

2244 2935 2413 3006 cujus
2441 2935 2754 2991 dramata:
2810 2934 2992 3002 Δάλις,
3025 2931 3329 3010 Ἰφιγέρων,
3398 2937 3634 3010 Κρῆτες,
3690 2940 3861 2998 Δαναη,

496 3038 613 3109 psit
642 3039 859 3093 XLVII.
894 3038 1047 3092 Vicit
1075 3039 1412 3109 quinquies.

932 3038 1047 3092 'icit
1075 3039 1412 3109 quinquies.
2244 3023 2565 3097 Κένταυροι.

554 3126 2131 3199 Apollodorus,Gelous,comicus,Menandrisequalis.
2292 3133 2584 3203 *Apsines,
2626 3132 3028 3201 Atheniensis,
3083 3133 3349 3205 sophista
3396 3133 3686 3204 egregius,
3726 3132 3864 3200 pater

480 3218 621 3290 Ejus
652 3218 958 3272 dramata:
1020 3217 1438 3291 Ἀποκαρτερῶν
1471 3219 1506 3285 ἠ
1551 3214 1905 3294 φιλάδελφοι,
1941 3227 2105 3273 Δευσο

1996 3238 2132 3272 ευσο-
2168 3270 2208 3294 η
2245 3220 2531 3290 Onasimi,
2565 3220 2867 3291 SOphistw,
2902 3221 3001 3291 qui
3033 3221 3273 3292 Apsinis
3300 3227 3471 3292 pater
3496 3222 3629 3276 fuit.

520 3270 613 3290 a"'
662 3270 853 3272 γίίίήίῗγη
892 3270 955 3272 “7
1142 3270 1147 3271 ⁷
1234 3270 1242 3290 ί
1329 3270 1338 3291 δ
1495 3270 1506 3285 ⁵
1563 3270 1574 3294 ι
1664 3270 1761 3271 νῗγν
1805 3270 1851 3293 1⁷
1892 3270 2097 3286 ,WV_V'

478 3304 657 3374 ποιὸς,
716 3304 927 3372 Ἱέρεια,
974 3300 1493 3377 Γραμματὸδειπνος
1552 3310 1695 3378 (aut,
1758 3314 1825 3362 ut
1862 3310 2075 3364 Kiister
2103 3328 2111 3359 ι

2254 3270 2531 3290 -_________,
2565 3270 2867 3291 "twn",
2907 3270 3001 3291 Υ-
3033 3270 3269 3292 --τ-η---
3302 3270 3458 3292 ρ---
3496 3270 3630 3276 η---

2318 3309 2591 3380 Apsines,
2622 3309 2995 3375 Cadarensis,
3025 3309 3309 3380 sophista,
3343 3326 3411 3364 ex
3433 3311 3616 3375 Pane,
3647 3313 3708 3363 ut
3731 3306 3861 3360 fama

482 3392 718 3447 Polluce
753 3395 873 3448 VII.
911 3394 1000 3447 23.
1052 3394 1246 3466 legere
1298 3394 1485 3459 malit,
1536 3392 2109 3468 Γραμματοδιοποιὸς,

2242 3397 2377 3465 fert,
2425 3398 2659 3470 genitus
2701 3397 2970 3470 Smyrnae
3004 3441 3018 3465 ,
3081 3398 3407 3470 discipulus
3462 3397 3581 3453 fuit
3634 3392 3856 3451 Heracli-

494 3477 787 3549 Ψευδαίας,
815 3481 1072 3558 Σίσυφος,
1106 3482 1403 3556 Αἰσχρίων.

2246 3485 2361 3552 dis,
2395 3486 2577 3559 Lycii,
2603 3490 2664 3541 et
2717 3485 2932 3542 deinde
2993 3486 3249 3556 Basilici,
3302 3487 3677 3543 Nicomediae.
3710 3482 3857 3540 Athe-

556 3571 973 3643 Apollodorus,
996 3574 1326 3639 Tarsensis,
1347 3575 1622 3648 tragicus,
1649 3575 1820 3647 cujus
1842 3575 2128 3634 dramata:
2246 3576 2342 3630 nis
2373 3582 2561 3631 artem
2579 3575 2935 3631 rhetoricam
2958 3576 3260 3648 professus
3294 3582 3404 3646 est,
3426 3578 3743 3649 imperante
3762 3572 3858 3625 Ma-

480 3656 850 3732 ἀκανθοπλήξ,
908 3660 1599 3735 τεκνοκτόνος,”Ελληνες,
1658 3663 1916 3733 Θυέστης,
1976 3664 2111 3719 ἱκέτι

2245 3664 2530 3732 ximiano,
2563 3669 2622 3719 et
2650 3665 2724 3719 ad
2755 3666 3132 3721 consularem
3163 3665 3507 3739 dignitatem
3533 3662 3798 3739 pervenit.

487 3745 595 3816 δες,
628 3746 934 3810 Ὀδυσσεὺς.

2317 3753 2570 3824 Apsines
2604 3794 2619 3822 ,
2679 3754 2982 3822 Onasimi,
3037 3755 3439 3822 Atheniensis,
3500 3754 3765 3829 SOphistaa
3805 3748 3853 3801 F.

561 3838 974 3909 Apollodorus,
1002 3840 1394 3909 Atheniensis,
1429 3841 1800 3913 Asclepiadis
1829 3843 1915 3911 F.,
1948 3858 2139 3915 gram-
2248 3842 2534 3914 sophista,
2561 3843 2771 3914 junior
2793 3844 3017 3915 Apsine
3047 3844 3390 3902 Gadarensi.

486 3927 759 3991 maticus,
794 3929 1064 3997 Panaetii,
1099 3929 1311 3985 Rhodii
1332 3929 1697 4002 philosOphi,
1731 3937 1789 3986 et
1810 3931 2136 3987 Aristarchi
2316 3934 2626 4005 Apsyrtus,
2661 3934 3033 4002 Prusaensis,
3055 3932 3146 3990 vel
3175 3933 3660 4003 Nicomediensis,
3691 3927 3850 3990 miles,

481 4016 875 4088 grammatici,
912 4016 1261 4089 discipulus,
1286 4018 1516 4089 primus
1551 4036 1696 4075 usus
1751 4019 2135 4093 tragiambico
2246 4021 2348 4092 qui
2381 4021 2490 4077 sub
2520 4021 2662 4094 imp.
2696 4023 3084 4079 Constantino
3105 4023 3177 4080 ad
3207 4026 3423 4081 Istrum
3444 4026 3509 4080 in
3530 4022 3751 4097 Scythia
3765 4014 3855 4072 mi-

488 4106 771 4161 carminis
800 4123 1038 4178 genere,
1077 4106 1207 4182 ἦρξε
1239 4104 1295 4161 δὲ
1349 4111 1565 4183 πρῶτος
1620 4114 1728 4164 τῶν
1779 4110 2121 4182 καλουμένωη

2246 4109 2453 4166 litavit.
2487 4111 2591 4166 llic
2622 4111 2839 4166 librum
2872 4112 2944 4168 de
2978 4129 3267 4184 equorum
3317 4115 3613 4170 medicina
3657 4103 3854 4177 scripsit

489 4188 868 4267 τραγιάμϐων.

2247 4204 2306 4254 et
2330 4199 2401 4254 de
2423 4199 2633 4255 iisdem
2660 4200 2849 4256 brutis
2874 4202 3276 4258 animantibus
3301 4204 3613 4275 physicum
3641 4200 3851 4256 alterum

559 4284 936 4354 Apollonius,
985 4286 1461 4351 Alexandrinus,
1520 4294 1695 4359 poeta
1759 4290 1981 4361 epicus,
2034 4289 2135 4361 qui
2246 4288 2501 4360 aliaque.
2529 4289 2775 4360 Scripsit
2809 4291 2986 4346 etiam
3017 4291 3229 4361 Cimon,
3261 4292 3660 4357 Atheniensis,
3704 4281 3854 4342 admi-

493 4373 682 4428 Rhodi
713 4373 873 4438 vixit,
910 4374 1069 4430 illius
1103 4376 1286 4444 Sillei,
1319 4376 1663 4432 Callimachi
1696 4378 2045 4449 discipulus,
2079 4385 2138 4434 et
2245 4379 2494 4435 rabilem
2525 4380 2743 4435 librum
2800 4380 3225 4453 ἱπποσκοπικὸν,
3257 4382 3328 4439 de
3369 4398 3656 4455 equorum
3682 4379 3845 4445 inspe-

489 4463 896 4518 Eratosthenis
944 4464 1211 4535 aequalis,
1246 4470 1304 4520 et
1352 4471 1485 4537 post
1535 4466 1707 4522 illum
1760 4467 2135 4524 bibliotheca
2248 4470 2462 4525 ctione.

487 4552 906 4608 Alexandrinas
946 4555 1279 4624 praefectus.

2317 4560 2553 4630 Aquila,
2599 4559 3012 4633 philosophus,
3047 4563 3284 4635 scripsit
3314 4560 3517 4636 σχόλια
3549 4555 3730 4636 λογικᾶ
3754 4546 3845 4624 περῖ

560 4642 1283 4714 Apollonius,Tyanensis,
1304 4645 1716 4717 phi1030phus,
1736 4646 2035 4717 Apollonii
2060 4648 2146 4716 F.,
2178 4638 2193 4703 ]

1036 4644 1283 4711 mensis,
1304 4645 1716 4717 philosophus,
1736 4646 2035 4717 Apollonii
2060 4648 2146 4716 F.,
2178 4638 2224 4703 D
2258 4646 2669 4723 συλλογισμων.

486 4732 855 4802 temporibus
887 4734 1136 4798 Claudii,
1171 4734 1291 4788 Caii
1311 4740 1369 4789 et
1396 4735 1646 4790 Neronis
1674 4751 1864 4807 usque
1894 4736 1967 4792 ad
1998 4738 2137 4791 Ner-
2321 4739 2556 4809 Aquila,
2590 4740 3038 4811 grammaticus:
3074 4743 3356 4798 musicus.

488 4835 620 4875 vam
652 4821 868 4877 clarus.
904 4822 1150 4894 Scripsit
1176 4820 1398 4885 τελετὰς
1426 4823 1595 4879 initia
1622 4826 1734 4881 sive
1760 4825 1827 4880 de
1854 4826 2139 4895 sacriﬁciis
2320 4829 2556 4895 Araros,
2591 4828 2992 4895 Atheniensis,
3035 4830 3316 4896 comicus,
3363 4818 3523 4886 ﬁlius
3552 4819 3848 4892 Aristopha'

492 4904 782 4979 διαθήκην,
840 4918 1242 4980 testamentum,
1307 4911 1615 4986 χρησμοὺς,
1675 4916 1922 4979 oracula,
1980 4914 2125 4970 Ἐπιι

2248 4916 2363 4984 nis,
2396 4916 2628 4984 comici,
2663 4918 2763 4988 qui
2788 4918 3045 4989 primum
3100 4917 3299 4974 docuit
3358 4919 3670 4976 comoedias
3697 4910 3846 4980 (Μεθ’

485 4996 703 5065 στολὰς,
744 5001 1030 5069 Epistolas,
1064 5000 1382 5075 Πυθαγόρου
1417 5001 1557 5075 βίον,
1584 5007 1757 5059 vitam
1791 5005 2116 5075 Pythang

2248 5004 2422 5076 piade
2456 5009 2577 5061 101.
2612 5007 2692 5060 Ex
2711 5006 3082 5063 dramatibus
3114 5009 3244 5081 ejus
3277 5016 3441 5065 sunt:
3476 5007 3711 5069 Καινεὺς,
3734 4997 3847 5081 Καθ’

491 5086 679 5140 Vitam
716 5089 1016 5157 Apollonii
1050 5093 1288 5163 scripsit
1317 5092 1732 5162 Philostratus,
1766 5099 1878 5150 etc.

2247 5090 2493 5163 πυλίωη,
2531 5093 2701 5156 Πανὸς
2756 5095 2934 5169 γοναὶ,
2965 5077 3270 5169 Ὑμένοιιος,
3309 5095 3568 5166 ’Ἄδωνις
3628 5077 3842 5164 Παρθενί-

562 5174 936 5245 Apollonius,
968 5180 1269 5249 Tyaneus,
1313 5181 1707 5255 philosophus
1729 5182 1956 5255 junior,
1988 5189 2139 5239 tem-
2250 5179 2382 5240 διον.

488 5263 734 5335 poribus
794 5265 1038 5321 Adriani
1096 5268 1239 5340 imp.
1274 5274 1422 5326 teste
1479 5271 1907 5344 Agresphonte.
1965 5268 2017 5325 ἐν
2061 5275 2140 5343 τῷ
2320 5276 2554 5343 Aratus,
2593 5273 2855 5330 Solensis
2893 5276 3063 5342 Cilix,
3124 5279 3489 5334 Athenodori
3547 5265 3844 5342 F.,audlw’

484 5352 611 5425 περί
644 5352 975 5424 ὁμωνύμων.

2249 5363 2620 5429 Menecratis,
2655 5354 3028 5435 grammatici
3086 5368 3349 5438 Ephesii,
3381 5363 3842 5440 philosophorum:

558 5443 933 5515 Apollonius.
983 5445 1148 5502 Alex.
1210 5455 1603 5520 cognomento
1634 5451 1941 5523 Dyscolus,
1973 5457 2143 5524 pater
2247 5453 2509 5507 Timonis
2540 5457 2599 5508 et
2628 5453 2978 5510 Menedemi.
3004 5456 3159 5511 Vixit
3196 5439 3532 5529 Olympiade
3561 5445 3750 5512 CXXIV
3776 5439 3844 5493 ἷδ·

486 5534 826 5603 Herodiani,
859 5537 1252 5608 grammatici,
1314 5541 1410 5592 τοῦ
1465 5537 1868 5614 τεχνογράωου,
1903 5542 2140 5613 scripsit
2245 5542 2501 5598 miliaris
2532 5542 2827 5615 Antigono
2861 5545 3100 5601 Conataa
3132 5547 3252 5620 regi
3285 5546 3653 5608 Macedoniae,
3682 5538 3843 5620 Βεωθζ

480 5625 559 5694 (1)
582 5624 704 5698 περὶ
734 5627 1025 5695 μερισμοῦ,
1050 5648 1075 5676 ‹‹
1112 5624 1184 5682 de
1210 5628 1529 5698 partitione
1559 5630 1817 5701 partium
1849 5632 2134 5687 orationis
2248 5632 2367 5699 trii,
2398 5631 2764 5699 Poliocretaa,
2801 5632 2946 5702 lilio,
2971 5615 3227 5707 aequalis
3252 5639 3577 5707 Antagorae.
3603 5619 3780 5688 Rhodii
3802 5615 3844 5668 el

485 5736 511 5763 ‹‹
547 5713 730 5768 libros
757 5714 848 5771 1V.
874 5715 925 5785 2)
959 5713 1079 5789 περὶ
1104 5712 1417 5786 συντάξεως,
1443 5717 1513 5773 dc
1536 5718 1977 5775 constructione
1999 5736 2135 5791 par-
2249 5720 2589 5791 Alexandri,
2633 5722 2827 5789 Aitoli,
2851 5722 3063 5780 fratres
3093 5726 3303 5781 habuit
3326 5727 3531 5797 Myl-in,
3570 5709 3840 5778 Calondam
