  <div class='ocr_page' id='page_1' title='image "/cluster/home/n/w/nwhite01/storage/ocr_20150623/117/mdp.39015038086818/620.png"; bbox 0 0 4136 6316; ppageno 0'>
   <div class='ocr_carea' id='block_1_1' title="bbox 224 347 376 408">
    <p class='ocr_par' dir='ltr' id='par_1_1' title="bbox 224 347 376 408">
     <span class='ocr_line' id='line_1_1' title="bbox 224 347 376 408; baseline 0.013 -2"><span class='ocrx_word' id='word_1_1' title='bbox 224 347 376 408; x_wconf 68' lang='grc'><strong>1225</strong></span> 
     </span>
    </p>
   </div>
   <div class='ocr_carea' id='block_1_2' title="bbox 1521 348 2294 420">
    <p class='ocr_par' dir='ltr' id='par_1_2' title="bbox 1521 348 2294 420">
     <span class='ocr_line' id='line_1_2' title="bbox 1521 348 2294 420; baseline 0.004 -11"><span class='ocrx_word' id='word_1_2' title='bbox 1521 351 1622 409; x_wconf 80' lang='lat' dir='ltr'>DE</span> <span class='ocrx_word' id='word_1_3' title='bbox 1666 348 1953 420; x_wconf 87' lang='lat' dir='ltr'>QUIBUS</span> <span class='ocrx_word' id='word_1_4' title='bbox 1997 350 2294 412; x_wconf 89' lang='lat' dir='ltr'>SUIDAS.</span> 
     </span>
    </p>
   </div>
   <div class='ocr_carea' id='block_1_3' title="bbox 3462 367 3618 426">
    <p class='ocr_par' dir='ltr' id='par_1_3' title="bbox 3462 367 3618 426">
     <span class='ocr_line' id='line_1_3' title="bbox 3462 367 3618 426; baseline 0.006 -1"><span class='ocrx_word' id='word_1_5' title='bbox 3462 367 3618 426; x_wconf 79' lang='grc'>1226</span> 
     </span>
    </p>
   </div>
   <div class='ocr_carea' id='block_1_4' title="bbox 223 480 3620 567">
    <p class='ocr_par' dir='ltr' id='par_1_4' title="bbox 223 480 3620 567">
     <span class='ocr_line' id='line_1_4' title="bbox 223 480 3620 567; baseline 0.006 -34"><span class='ocrx_word' id='word_1_6' title='bbox 223 484 278 532; x_wconf 91' lang='lat' dir='ltr'>et</span> <span class='ocrx_word' id='word_1_7' title='bbox 304 480 771 536; x_wconf 81' lang='lat' dir='ltr'>Athenodorum.</span> <span class='ocrx_word' id='word_1_8' title='bbox 794 483 974 538; x_wconf 87' lang='lat' dir='ltr'>Poeta</span> <span class='ocrx_word' id='word_1_9' title='bbox 1005 485 1204 554; x_wconf 89' lang='lat' dir='ltr'>epicus</span> <span class='ocrx_word' id='word_1_10' title='bbox 1245 483 1483 554; x_wconf 84' lang='lat' dir='ltr'>scripsit</span> <span class='ocrx_word' id='word_1_11' title='bbox 1529 480 1856 554; x_wconf 76' lang='grc' dir='ltr'>Φαίνομενα,</span> <span class='ocrx_word' id='word_1_12' title='bbox 1888 483 1938 548; x_wconf 85' lang='grc' dir='ltr'><strong>Α</strong></span> <span class='ocrx_word' id='word_1_13' title='bbox 1970 499 2145 550; x_wconf 91' lang='lat' dir='ltr'>nona,</span> <span class='ocrx_word' id='word_1_14' title='bbox 2181 485 2600 558; x_wconf 84' lang='lat' dir='ltr'>quadragentis</span> <span class='ocrx_word' id='word_1_15' title='bbox 2633 489 2808 544; x_wconf 91' lang='lat' dir='ltr'>annis</span> <span class='ocrx_word' id='word_1_16' title='bbox 2840 497 2974 561; x_wconf 91' lang='lat' dir='ltr'>post</span> <span class='ocrx_word' id='word_1_17' title='bbox 3000 491 3227 548; x_wconf 87' lang='lat' dir='ltr'>bellum</span> <span class='ocrx_word' id='word_1_18' title='bbox 3257 495 3575 567; x_wconf 89' lang='lat' dir='ltr'>Trojanum</span> <span class='ocrx_word' id='word_1_19' title='bbox 3605 515 3620 554; x_wconf 91' lang='lat'><strong>:</strong></span> 
     </span>
    </p>
   </div>
   <div class='ocr_carea' id='block_1_5' title="bbox 223 568 1869 640">
    <p class='ocr_par' dir='ltr' id='par_1_5' title="bbox 223 568 1869 640">
     <span class='ocr_line' id='line_1_5' title="bbox 223 568 1869 640; baseline 0.001 -18"><span class='ocrx_word' id='word_1_20' title='bbox 223 568 282 624; x_wconf 91' lang='lat' dir='ltr'>in</span> <span class='ocrx_word' id='word_1_21' title='bbox 314 570 530 640; x_wconf 88' lang='lat' dir='ltr'>quibus</span> <span class='ocrx_word' id='word_1_22' title='bbox 564 571 804 626; x_wconf 89' lang='lat' dir='ltr'>initium</span> <span class='ocrx_word' id='word_1_23' title='bbox 835 572 1186 628; x_wconf 76' lang='lat' dir='ltr'>admirabile</span> <span class='ocrx_word' id='word_1_24' title='bbox 1219 577 1277 626; x_wconf 89' lang='lat' dir='ltr'>et</span> <span class='ocrx_word' id='word_1_25' title='bbox 1297 572 1535 626; x_wconf 85' lang='lat' dir='ltr'>Homeri</span> <span class='ocrx_word' id='word_1_26' title='bbox 1569 571 1708 626; x_wconf 81' lang='lat' dir='ltr'>felix</span> <span class='ocrx_word' id='word_1_27' title='bbox 1737 573 1869 625; x_wconf 90' lang='lat' dir='ltr'>imi-</span> 
     </span>
    </p>
   </div>
   <div class='ocr_carea' id='block_1_6' title="bbox 223 656 1869 735">
    <p class='ocr_par' dir='ltr' id='par_1_6' title="bbox 223 656 1869 735">
     <span class='ocr_line' id='line_1_6' title="bbox 223 656 1869 735; baseline -0.001 -23"><span class='ocrx_word' id='word_1_28' title='bbox 223 659 384 712; x_wconf 88' lang='lat' dir='ltr'>tatio.</span> <span class='ocrx_word' id='word_1_29' title='bbox 436 662 675 728; x_wconf 87' lang='lat' dir='ltr'>Hymnos</span> <span class='ocrx_word' id='word_1_30' title='bbox 731 662 789 715; x_wconf 84' lang='lat' dir='ltr'>in</span> <span class='ocrx_word' id='word_1_31' title='bbox 839 663 1060 729; x_wconf 90' lang='lat' dir='ltr'>Ponem,</span> <span class='ocrx_word' id='word_1_32' title='bbox 1123 656 1562 735; x_wconf 73' lang='grc' dir='ltr'>Σπονδοφόρους,</span> <span class='ocrx_word' id='word_1_33' title='bbox 1620 657 1869 733; x_wconf 84' lang='grc' dir='ltr'>Παίγνια,</span> 
     </span>
    </p>
   </div>
   <div class='ocr_carea' id='block_1_7' title="bbox 224 743 1870 823">
    <p class='ocr_par' dir='ltr' id='par_1_7' title="bbox 224 743 1870 823">
     <span class='ocr_line' id='line_1_7' title="bbox 224 743 1870 823; baseline 0 -24"><span class='ocrx_word' id='word_1_34' title='bbox 224 743 622 822; x_wconf 67' lang='grc' dir='ltr'>Ἀστρολογίαν</span> <span class='ocrx_word' id='word_1_35' title='bbox 651 748 740 801; x_wconf 80' lang='grc' dir='ltr'>καὶ</span> <span class='ocrx_word' id='word_1_36' title='bbox 782 748 1182 818; x_wconf 83' lang='grc' dir='ltr'>Ἀστροθεσίαν,</span> <span class='ocrx_word' id='word_1_37' title='bbox 1243 747 1496 811; x_wconf 80' lang='grc' dir='ltr'>Σύνθεσιν</span> <span class='ocrx_word' id='word_1_38' title='bbox 1555 747 1870 823; x_wconf 67' lang='grc' dir='ltr'>φαρκὶκων,</span> 
     </span>
    </p>
   </div>
   <div class='ocr_carea' id='block_1_8' title="bbox 222 833 1868 911">
    <p class='ocr_par' dir='ltr' id='par_1_8' title="bbox 222 833 1868 911">
     <span class='ocr_line' id='line_1_8' title="bbox 222 833 1868 911; baseline 0.001 -23"><span class='ocrx_word' id='word_1_39' title='bbox 222 839 506 910; x_wconf 79' lang='grc' dir='ltr'>Θηριακῶν</span> <span class='ocrx_word' id='word_1_40' title='bbox 560 833 876 906; x_wconf 72' lang='grc' dir='ltr'>ἓπιτήδεια,</span> <span class='ocrx_word' id='word_1_41' title='bbox 936 836 1440 911; x_wconf 77' lang='grc' dir='ltr'>’Δνθρωπογονίαν,</span> <span class='ocrx_word' id='word_1_42' title='bbox 1503 834 1868 904; x_wconf 77' lang='grc' dir='ltr'>Ἐπιουτικὸν,</span> 
     </span>
    </p>
   </div>
   <div class='ocr_carea' id='block_1_9' title="bbox 221 922 1869 1000">
    <p class='ocr_par' dir='ltr' id='par_1_9' title="bbox 221 922 1869 1000">
     <span class='ocr_line' id='line_1_9' title="bbox 221 922 1869 1000; baseline 0.001 -24"><span class='ocrx_word' id='word_1_43' title='bbox 221 922 296 985; x_wconf 75' lang='grc' dir='ltr'>εἴς</span> <span class='ocrx_word' id='word_1_44' title='bbox 356 925 670 999; x_wconf 72' lang='grc' dir='ltr'>Θεόπροπον</span> <span class='ocrx_word' id='word_1_45' title='bbox 731 927 1130 998; x_wconf 86' lang='lat' dir='ltr'>(epicedium),</span> <span class='ocrx_word' id='word_1_46' title='bbox 1191 925 1265 989; x_wconf 72' lang='grc' dir='ltr'>εἰς</span> <span class='ocrx_word' id='word_1_47' title='bbox 1323 925 1651 1000; x_wconf 82' lang='grc' dir='ltr'>Ἀντίγονον.</span> <span class='ocrx_word' id='word_1_48' title='bbox 1711 925 1869 981; x_wconf 81' lang='grc' dir='ltr'>ἩΟο-</span> 
     </span>
    </p>
   </div>
   <div class='ocr_carea' id='block_1_10' title="bbox 221 1010 1866 1089">
    <p class='ocr_par' dir='ltr' id='par_1_10' title="bbox 221 1010 1866 1089">
     <span class='ocr_line' id='line_1_10' title="bbox 221 1010 1866 1089; baseline 0.001 -22"><span class='ocrx_word' id='word_1_49' title='bbox 221 1010 427 1082; x_wconf 60' lang='lat' dir='ltr'>notiore,</span> <span class='ocrx_word' id='word_1_50' title='bbox 481 1012 830 1084; x_wconf 78' lang='grc' dir='ltr'>Ἐπιστολάς,</span> <span class='ocrx_word' id='word_1_51' title='bbox 885 1016 1306 1089; x_wconf 78' lang='grc' dir='ltr'>Ἐπιγράμματα</span> <span class='ocrx_word' id='word_1_52' title='bbox 1335 1019 1395 1070; x_wconf 81' lang='lat' dir='ltr'>in</span> <span class='ocrx_word' id='word_1_53' title='bbox 1426 1017 1665 1084; x_wconf 83' lang='lat' dir='ltr'>Philam,</span> <span class='ocrx_word' id='word_1_54' title='bbox 1699 1015 1866 1069; x_wconf 65' lang='lat' dir='ltr'>Anti«</span> 
     </span>
    </p>
   </div>
   <div class='ocr_carea' id='block_1_11' title="bbox 218 1104 1869 1177">
    <p class='ocr_par' dir='ltr' id='par_1_11' title="bbox 218 1104 1869 1177">
     <span class='ocr_line' id='line_1_11' title="bbox 218 1104 1869 1177; baseline 0 -19"><span class='ocrx_word' id='word_1_55' title='bbox 218 1104 372 1173; x_wconf 90' lang='lat' dir='ltr'>patri</span> <span class='ocrx_word' id='word_1_56' title='bbox 407 1104 611 1175; x_wconf 82' lang='lat' dir='ltr'>tiliam,</span> <span class='ocrx_word' id='word_1_57' title='bbox 644 1105 922 1177; x_wconf 78' lang='lat' dir='ltr'>Antigoni</span> <span class='ocrx_word' id='word_1_58' title='bbox 961 1123 1227 1173; x_wconf 85' lang='lat' dir='ltr'>uxorem,</span> <span class='ocrx_word' id='word_1_59' title='bbox 1263 1105 1592 1177; x_wconf 72' lang='grc' dir='ltr'>Ἀνατομὴν,</span> <span class='ocrx_word' id='word_1_60' title='bbox 1625 1108 1691 1160; x_wconf 84' lang='lat' dir='ltr'><strong>In</strong></span> <span class='ocrx_word' id='word_1_61' title='bbox 1721 1107 1869 1158; x_wconf 83' lang='lat' dir='ltr'>Pau—</span> 
     </span>
    </p>
   </div>
   <div class='ocr_carea' id='block_1_12' title="bbox 214 1192 1867 1266">
    <p class='ocr_par' dir='ltr' id='par_1_12' title="bbox 214 1192 1867 1266">
     <span class='ocr_line' id='line_1_12' title="bbox 214 1192 1867 1266; baseline -0.001 -19"><span class='ocrx_word' id='word_1_62' title='bbox 214 1196 450 1263; x_wconf 87' lang='lat' dir='ltr'>saniam,</span> <span class='ocrx_word' id='word_1_63' title='bbox 485 1194 882 1250; x_wconf 84' lang='lat' dir='ltr'>Macedonem.</span> <span class='ocrx_word' id='word_1_64' title='bbox 908 1196 1224 1265; x_wconf 74' lang='lat' dir='ltr'>Epicadi-um</span> <span class='ocrx_word' id='word_1_65' title='bbox 1254 1194 1599 1251; x_wconf 82' lang='lat' dir='ltr'>Cleombroti.</span> <span class='ocrx_word' id='word_1_66' title='bbox 1631 1192 1867 1266; x_wconf 72' lang='grc' dir='ltr'>Διόροω-</span> 
     </span>
    </p>
   </div>
   <div class='ocr_carea' id='block_1_13' title="bbox 218 1278 1870 1354">
    <p class='ocr_par' dir='ltr' id='par_1_13' title="bbox 218 1278 1870 1354">
     <span class='ocr_line' id='line_1_13' title="bbox 218 1278 1870 1354; baseline 0.004 -22"><span class='ocrx_word' id='word_1_67' title='bbox 218 1301 300 1333; x_wconf 86' lang='grc' dir='ltr'>σιν</span> <span class='ocrx_word' id='word_1_68' title='bbox 333 1278 659 1353; x_wconf 70' lang='grc' dir='ltr'>Ὀδυσσείας,</span> <span class='ocrx_word' id='word_1_69' title='bbox 703 1284 1133 1339; x_wconf 78' lang='lat' dir='ltr'>emendationem</span> <span class='ocrx_word' id='word_1_70' title='bbox 1181 1284 1444 1354; x_wconf 62' lang='lat' dir='ltr'>Odyssew,</span> <span class='ocrx_word' id='word_1_71' title='bbox 1501 1290 1560 1339; x_wconf 86' lang='lat' dir='ltr'>et</span> <span class='ocrx_word' id='word_1_72' title='bbox 1615 1285 1870 1354; x_wconf 79' lang='lat' dir='ltr'>epistolas</span> 
     </span>
    </p>
   </div>
   <div class='ocr_carea' id='block_1_14' title="bbox 219 1371 736 1428">
    <p class='ocr_par' dir='ltr' id='par_1_14' title="bbox 219 1371 736 1428">
     <span class='ocr_line' id='line_1_14' title="bbox 219 1371 736 1428; baseline 0.006 -3"><span class='ocrx_word' id='word_1_73' title='bbox 219 1371 488 1427; x_wconf 89' lang='lat' dir='ltr'>oratione</span> <span class='ocrx_word' id='word_1_74' title='bbox 523 1372 736 1428; x_wconf 86' lang='lat' dir='ltr'>soluta.</span> 
     </span>
    </p>
   </div>
   <div class='ocr_carea' id='block_1_15' title="bbox 291 1453 1873 1535">
    <p class='ocr_par' dir='ltr' id='par_1_15' title="bbox 291 1453 1873 1535">
     <span class='ocr_line' id='line_1_15' title="bbox 291 1453 1873 1535; baseline -0.001 -18"><span class='ocrx_word' id='word_1_75' title='bbox 291 1462 600 1534; x_wconf 83' lang='lat' dir='ltr'>Arcadius,</span> <span class='ocrx_word' id='word_1_76' title='bbox 643 1453 1086 1535; x_wconf 86' lang='lat' dir='ltr'>grammaticus,</span> <span class='ocrx_word' id='word_1_77' title='bbox 1145 1463 1572 1532; x_wconf 87' lang='lat' dir='ltr'>Antiochenus,</span> <span class='ocrx_word' id='word_1_78' title='bbox 1633 1461 1873 1533; x_wconf 87' lang='lat' dir='ltr'>scripsit</span> 
     </span>
    </p>
   </div>
   <div class='ocr_carea' id='block_1_16' title="bbox 216 1551 1871 1625">
    <p class='ocr_par' dir='ltr' id='par_1_16' title="bbox 216 1551 1871 1625">
     <span class='ocr_line' id='line_1_16' title="bbox 216 1551 1871 1625; baseline -0.001 -19"><span class='ocrx_word' id='word_1_79' title='bbox 216 1551 290 1606; x_wconf 90' lang='lat' dir='ltr'>de</span> <span class='ocrx_word' id='word_1_80' title='bbox 323 1553 761 1625; x_wconf 88' lang='lat' dir='ltr'>orthographia,</span> <span class='ocrx_word' id='word_1_81' title='bbox 797 1554 868 1608; x_wconf 93' lang='lat' dir='ltr'>de</span> <span class='ocrx_word' id='word_1_82' title='bbox 900 1555 1340 1609; x_wconf 88' lang='lat' dir='ltr'>constructione</span> <span class='ocrx_word' id='word_1_83' title='bbox 1363 1553 1620 1625; x_wconf 88' lang='lat' dir='ltr'>partium</span> <span class='ocrx_word' id='word_1_84' title='bbox 1651 1553 1871 1607; x_wconf 88' lang='lat' dir='ltr'>oratio-</span> 
     </span>
    </p>
   </div>
   <div class='ocr_carea' id='block_1_17' title="bbox 216 1641 1223 1708">
    <p class='ocr_par' dir='ltr' id='par_1_17' title="bbox 216 1641 1223 1708">
     <span class='ocr_line' id='line_1_17' title="bbox 216 1641 1223 1708; baseline 0.001 -13"><span class='ocrx_word' id='word_1_85' title='bbox 216 1641 316 1696; x_wconf 88' lang='lat' dir='ltr'>nis</span> <span class='ocrx_word' id='word_1_86' title='bbox 342 1658 354 1708; x_wconf 89' lang='lat'>;</span> <span class='ocrx_word' id='word_1_87' title='bbox 391 1643 824 1697; x_wconf 90' lang='lat' dir='ltr'>onomasticum</span> <span class='ocrx_word' id='word_1_88' title='bbox 854 1643 1223 1698; x_wconf 82' lang='lat' dir='ltr'>admirabile.</span> 
     </span>
    </p>
   </div>
   <div class='ocr_carea' id='block_1_18' title="bbox 293 1731 1096 1804">
    <p class='ocr_par' dir='ltr' id='par_1_18' title="bbox 293 1731 1096 1804">
     <span class='ocr_line' id='line_1_18' title="bbox 293 1731 1096 1804; baseline 0.004 -19"><span class='ocrx_word' id='word_1_89' title='bbox 293 1731 649 1799; x_wconf 90' lang='lat' dir='ltr'>Arcesilaus,</span> <span class='ocrx_word' id='word_1_90' title='bbox 684 1732 1096 1804; x_wconf 89' lang='lat' dir='ltr'>philosophus.</span> 
     </span>
    </p>
   </div>
   <div class='ocr_carea' id='block_1_19' title="bbox 297 1817 1870 1895">
    <p class='ocr_par' dir='ltr' id='par_1_19' title="bbox 297 1817 1870 1895">
     <span class='ocr_line' id='line_1_19' title="bbox 297 1817 1870 1895; baseline -0.001 -21"><span class='ocrx_word' id='word_1_91' title='bbox 297 1820 661 1875; x_wconf 88' lang='lat' dir='ltr'>Archedicus</span> <span class='ocrx_word' id='word_1_92' title='bbox 677 1817 1170 1895; x_wconf 75' lang='grc' dir='ltr'>κωμῳδιογράφος,</span> <span class='ocrx_word' id='word_1_93' title='bbox 1194 1820 1294 1892; x_wconf 87' lang='lat' dir='ltr'>qui</span> <span class='ocrx_word' id='word_1_94' title='bbox 1319 1825 1524 1875; x_wconf 88' lang='lat' dir='ltr'>contra</span> <span class='ocrx_word' id='word_1_95' title='bbox 1544 1819 1870 1874; x_wconf 83' lang='lat' dir='ltr'>Democha-</span> 
     </span>
    </p>
   </div>
   <div class='ocr_carea' id='block_1_20' title="bbox 220 1908 1866 1980">
    <p class='ocr_par' dir='ltr' id='par_1_20' title="bbox 220 1908 1866 1980">
     <span class='ocr_line' id='line_1_20' title="bbox 220 1908 1866 1980; baseline -0.001 -17"><span class='ocrx_word' id='word_1_96' title='bbox 220 1925 374 1978; x_wconf 89' lang='lat' dir='ltr'>rem,</span> <span class='ocrx_word' id='word_1_97' title='bbox 400 1910 812 1965; x_wconf 83' lang='lat' dir='ltr'>Demosthenis</span> <span class='ocrx_word' id='word_1_98' title='bbox 831 1911 1050 1965; x_wconf 87' lang='lat' dir='ltr'>sororis</span> <span class='ocrx_word' id='word_1_99' title='bbox 1075 1910 1284 1976; x_wconf 83' lang='lat' dir='ltr'>ﬁlium,</span> <span class='ocrx_word' id='word_1_100' title='bbox 1310 1909 1565 1980; x_wconf 88' lang='lat' dir='ltr'>scripsit.</span> <span class='ocrx_word' id='word_1_101' title='bbox 1590 1911 1670 1963; x_wconf 88' lang='lat' dir='ltr'>Ex</span> <span class='ocrx_word' id='word_1_102' title='bbox 1693 1908 1866 1963; x_wconf 84' lang='lat' dir='ltr'>fabu-</span> 
     </span>
    </p>
   </div>
   <div class='ocr_carea' id='block_1_21' title="bbox 221 1995 1473 2072">
    <p class='ocr_par' dir='ltr' id='par_1_21' title="bbox 221 1995 1473 2072">
     <span class='ocr_line' id='line_1_21' title="bbox 221 1995 1473 2072; baseline 0.002 -23"><span class='ocrx_word' id='word_1_103' title='bbox 221 1995 302 2050; x_wconf 89' lang='lat' dir='ltr'>lis</span> <span class='ocrx_word' id='word_1_104' title='bbox 335 1997 464 2068; x_wconf 88' lang='lat' dir='ltr'>ejus</span> <span class='ocrx_word' id='word_1_105' title='bbox 496 1998 946 2072; x_wconf 70' lang='grc' dir='ltr'>δυηῒδθησαυρὸς</span> <span class='ocrx_word' id='word_1_106' title='bbox 979 2004 1034 2053; x_wconf 84' lang='lat' dir='ltr'>et</span> <span class='ocrx_word' id='word_1_107' title='bbox 1066 1998 1473 2070; x_wconf 73' lang='grc' dir='ltr'>Διαμαρτάνων.</span> 
     </span>
    </p>
   </div>
   <div class='ocr_carea' id='block_1_22' title="bbox 299 2085 1867 2159">
    <p class='ocr_par' dir='ltr' id='par_1_22' title="bbox 299 2085 1867 2159">
     <span class='ocr_line' id='line_1_22' title="bbox 299 2085 1867 2159; baseline 0 -19"><span class='ocrx_word' id='word_1_108' title='bbox 299 2087 647 2155; x_wconf 83' lang='lat' dir='ltr'>Archelaus,</span> <span class='ocrx_word' id='word_1_109' title='bbox 681 2089 1022 2159; x_wconf 86' lang='lat' dir='ltr'>Apollodori</span> <span class='ocrx_word' id='word_1_110' title='bbox 1055 2087 1144 2142; x_wconf 88' lang='lat' dir='ltr'>vel</span> <span class='ocrx_word' id='word_1_111' title='bbox 1175 2087 1424 2142; x_wconf 78' lang='lat' dir='ltr'>Micionis</span> <span class='ocrx_word' id='word_1_112' title='bbox 1464 2089 1548 2152; x_wconf 91' lang='lat' dir='ltr'>F.,</span> <span class='ocrx_word' id='word_1_113' title='bbox 1583 2085 1867 2156; x_wconf 87' lang='lat' dir='ltr'>Milesius,</span> 
     </span>
    </p>
   </div>
   <div class='ocr_carea' id='block_1_23' title="bbox 219 2174 1866 2248">
    <p class='ocr_par' dir='ltr' id='par_1_23' title="bbox 219 2174 1866 2248">
     <span class='ocr_line' id='line_1_23' title="bbox 219 2174 1866 2248; baseline 0 -21"><span class='ocrx_word' id='word_1_114' title='bbox 219 2174 615 2246; x_wconf 89' lang='lat' dir='ltr'>philosophus</span> <span class='ocrx_word' id='word_1_115' title='bbox 646 2178 942 2248; x_wconf 90' lang='lat' dir='ltr'>physicus,</span> <span class='ocrx_word' id='word_1_116' title='bbox 975 2177 1204 2248; x_wconf 91' lang='lat' dir='ltr'>primus</span> <span class='ocrx_word' id='word_1_117' title='bbox 1237 2194 1306 2230; x_wconf 92' lang='lat' dir='ltr'>ex</span> <span class='ocrx_word' id='word_1_118' title='bbox 1353 2176 1516 2230; x_wconf 88' lang='lat' dir='ltr'>lonia</span> <span class='ocrx_word' id='word_1_119' title='bbox 1562 2174 1866 2246; x_wconf 85' lang='lat' dir='ltr'>physiolo-</span> 
     </span>
    </p>
   </div>
   <div class='ocr_carea' id='block_1_24' title="bbox 214 2263 1865 2336">
    <p class='ocr_par' dir='ltr' id='par_1_24' title="bbox 214 2263 1865 2336">
     <span class='ocr_line' id='line_1_24' title="bbox 214 2263 1865 2336; baseline 0.001 -19"><span class='ocrx_word' id='word_1_120' title='bbox 214 2263 380 2335; x_wconf 85' lang='lat' dir='ltr'>giam</span> <span class='ocrx_word' id='word_1_121' title='bbox 413 2265 473 2320; x_wconf 91' lang='lat' dir='ltr'>in</span> <span class='ocrx_word' id='word_1_122' title='bbox 505 2267 785 2322; x_wconf 68' lang='lat' dir='ltr'>Graeciam</span> <span class='ocrx_word' id='word_1_123' title='bbox 822 2267 1172 2334; x_wconf 85' lang='lat' dir='ltr'>introduxit,</span> <span class='ocrx_word' id='word_1_124' title='bbox 1207 2265 1534 2336; x_wconf 90' lang='lat' dir='ltr'>discipulus</span> <span class='ocrx_word' id='word_1_125' title='bbox 1560 2267 1865 2335; x_wconf 86' lang='lat' dir='ltr'>Anaxago-</span> 
     </span>
    </p>
   </div>
   <div class='ocr_carea' id='block_1_25' title="bbox 217 2352 1864 2425">
    <p class='ocr_par' dir='ltr' id='par_1_25' title="bbox 217 2352 1864 2425">
     <span class='ocr_line' id='line_1_25' title="bbox 217 2352 1864 2425; baseline 0.001 -21"><span class='ocrx_word' id='word_1_126' title='bbox 217 2369 328 2420; x_wconf 79' lang='lat' dir='ltr'>rae,</span> <span class='ocrx_word' id='word_1_127' title='bbox 359 2360 688 2425; x_wconf 67' lang='lat' dir='ltr'>praeceptor</span> <span class='ocrx_word' id='word_1_128' title='bbox 717 2354 970 2409; x_wconf 90' lang='lat' dir='ltr'>Socratis</span> <span class='ocrx_word' id='word_1_129' title='bbox 1003 2359 1060 2408; x_wconf 91' lang='lat' dir='ltr'>et</span> <span class='ocrx_word' id='word_1_130' title='bbox 1086 2353 1382 2424; x_wconf 89' lang='lat' dir='ltr'>Euripidis</span> <span class='ocrx_word' id='word_1_131' title='bbox 1409 2369 1421 2407; x_wconf 91' lang='lat'><strong>:</strong></span> <span class='ocrx_word' id='word_1_132' title='bbox 1453 2352 1692 2423; x_wconf 87' lang='lat' dir='ltr'>scripsit</span> <span class='ocrx_word' id='word_1_133' title='bbox 1719 2352 1864 2423; x_wconf 88' lang='lat' dir='ltr'>phy-</span> 
     </span>
    </p>
   </div>
   <div class='ocr_carea' id='block_1_26' title="bbox 219 2441 1867 2515">
    <p class='ocr_par' dir='ltr' id='par_1_26' title="bbox 219 2441 1867 2515">
     <span class='ocr_line' id='line_1_26' title="bbox 219 2441 1867 2515; baseline -0.001 -19"><span class='ocrx_word' id='word_1_134' title='bbox 219 2442 532 2515; x_wconf 89' lang='lat' dir='ltr'>siologiam</span> <span class='ocrx_word' id='word_1_135' title='bbox 563 2449 622 2498; x_wconf 89' lang='lat' dir='ltr'>et</span> <span class='ocrx_word' id='word_1_136' title='bbox 651 2444 767 2499; x_wconf 89' lang='lat' dir='ltr'>alia</span> <span class='ocrx_word' id='word_1_137' title='bbox 796 2443 1106 2499; x_wconf 90' lang='lat' dir='ltr'>nonnulla.</span> <span class='ocrx_word' id='word_1_138' title='bbox 1142 2441 1545 2513; x_wconf 88' lang='lat' dir='ltr'>Nihiljustum</span> <span class='ocrx_word' id='word_1_139' title='bbox 1576 2441 1665 2496; x_wconf 89' lang='lat' dir='ltr'>vel</span> <span class='ocrx_word' id='word_1_140' title='bbox 1699 2445 1867 2512; x_wconf 81' lang='lat' dir='ltr'>turpe</span> 
     </span>
    </p>
   </div>
   <div class='ocr_carea' id='block_1_27' title="bbox 223 2530 1538 2600">
    <p class='ocr_par' dir='ltr' id='par_1_27' title="bbox 223 2530 1538 2600">
     <span class='ocr_line' id='line_1_27' title="bbox 223 2530 1538 2600; baseline -0.002 -14"><span class='ocrx_word' id='word_1_141' title='bbox 223 2538 440 2587; x_wconf 90' lang='lat' dir='ltr'>natura</span> <span class='ocrx_word' id='word_1_142' title='bbox 471 2550 599 2588; x_wconf 88' lang='lat' dir='ltr'>esse</span> <span class='ocrx_word' id='word_1_143' title='bbox 632 2533 852 2600; x_wconf 88' lang='lat' dir='ltr'>docuit,</span> <span class='ocrx_word' id='word_1_144' title='bbox 886 2533 988 2587; x_wconf 89' lang='lat' dir='ltr'>sed</span> <span class='ocrx_word' id='word_1_145' title='bbox 1015 2533 1285 2586; x_wconf 89' lang='lat' dir='ltr'>instituto</span> <span class='ocrx_word' id='word_1_146' title='bbox 1318 2530 1538 2586; x_wconf 83' lang='lat' dir='ltr'>omnia.</span> 
     </span>
    </p>
   </div>
   <div class='ocr_carea' id='block_1_28' title="bbox 297 2618 1869 2693">
    <p class='ocr_par' dir='ltr' id='par_1_28' title="bbox 297 2618 1869 2693">
     <span class='ocr_line' id='line_1_28' title="bbox 297 2618 1869 2693; baseline -0.002 -19"><span class='ocrx_word' id='word_1_147' title='bbox 297 2621 643 2690; x_wconf 84' lang='lat' dir='ltr'>Archelaus,</span> <span class='ocrx_word' id='word_1_148' title='bbox 668 2621 926 2676; x_wconf 73' lang='lat' dir='ltr'>Coloniaa</span> <span class='ocrx_word' id='word_1_149' title='bbox 949 2621 1277 2693; x_wconf 87' lang='lat' dir='ltr'>presbyter,</span> <span class='ocrx_word' id='word_1_150' title='bbox 1301 2625 1508 2675; x_wconf 92' lang='lat' dir='ltr'>contra</span> <span class='ocrx_word' id='word_1_151' title='bbox 1529 2634 1705 2690; x_wconf 90' lang='lat' dir='ltr'>quem</span> <span class='ocrx_word' id='word_1_152' title='bbox 1732 2618 1869 2673; x_wconf 89' lang='lat' dir='ltr'>scri-</span> 
     </span>
    </p>
   </div>
   <div class='ocr_carea' id='block_1_29' title="bbox 222 2710 1368 2782">
    <p class='ocr_par' dir='ltr' id='par_1_29' title="bbox 222 2710 1368 2782">
     <span class='ocr_line' id='line_1_29' title="bbox 222 2710 1368 2782; baseline -0.001 -18"><span class='ocrx_word' id='word_1_153' title='bbox 222 2710 348 2781; x_wconf 88' lang='lat' dir='ltr'>psit</span> <span class='ocrx_word' id='word_1_154' title='bbox 381 2711 648 2779; x_wconf 84' lang='lat' dir='ltr'>Basilius,</span> <span class='ocrx_word' id='word_1_155' title='bbox 678 2710 1004 2782; x_wconf 90' lang='lat' dir='ltr'>Irenopolis</span> <span class='ocrx_word' id='word_1_156' title='bbox 1037 2711 1368 2781; x_wconf 91' lang='lat' dir='ltr'>episcopus.</span> 
     </span>
    </p>
   </div>
   <div class='ocr_carea' id='block_1_30' title="bbox 297 2798 1870 2874">
    <p class='ocr_par' dir='ltr' id='par_1_30' title="bbox 297 2798 1870 2874">
     <span class='ocr_line' id='line_1_30' title="bbox 297 2798 1870 2874; baseline -0.001 -19"><span class='ocrx_word' id='word_1_157' title='bbox 297 2802 643 2871; x_wconf 86' lang='lat' dir='ltr'>Archiadas,</span> <span class='ocrx_word' id='word_1_158' title='bbox 700 2803 1070 2874; x_wconf 80' lang='lat' dir='ltr'>Theagenem</span> <span class='ocrx_word' id='word_1_159' title='bbox 1131 2801 1204 2855; x_wconf 93' lang='lat' dir='ltr'>ob</span> <span class='ocrx_word' id='word_1_160' title='bbox 1261 2799 1571 2855; x_wconf 81' lang='lat' dir='ltr'>facultates</span> <span class='ocrx_word' id='word_1_161' title='bbox 1621 2798 1870 2855; x_wconf 85' lang='lat' dir='ltr'>amissas</span> 
     </span>
    </p>
   </div>
   <div class='ocr_carea' id='block_1_31' title="bbox 225 2891 1032 2961">
    <p class='ocr_par' dir='ltr' id='par_1_31' title="bbox 225 2891 1032 2961">
     <span class='ocr_line' id='line_1_31' title="bbox 225 2891 1032 2961; baseline 0.001 -16"><span class='ocrx_word' id='word_1_162' title='bbox 225 2891 545 2946; x_wconf 90' lang='lat' dir='ltr'>consolans</span> <span class='ocrx_word' id='word_1_163' title='bbox 574 2894 665 2961; x_wconf 72' lang='lat' dir='ltr'>(ea:</span> <span class='ocrx_word' id='word_1_164' title='bbox 699 2893 1032 2958; x_wconf 83' lang='lat' dir='ltr'>Damascio).</span> 
     </span>
    </p>
   </div>
   <div class='ocr_carea' id='block_1_32' title="bbox 296 2975 1870 3055">
    <p class='ocr_par' dir='ltr' id='par_1_32' title="bbox 296 2975 1870 3055">
     <span class='ocr_line' id='line_1_32' title="bbox 296 2975 1870 3055; baseline -0.002 -22"><span class='ocrx_word' id='word_1_165' title='bbox 296 2981 564 3049; x_wconf 86' lang='lat' dir='ltr'>Archias,</span> <span class='ocrx_word' id='word_1_166' title='bbox 624 2975 1030 3055; x_wconf 75' lang='grc' dir='ltr'>φυγαδοθήρας,</span> <span class='ocrx_word' id='word_1_167' title='bbox 1091 2979 1191 3049; x_wconf 88' lang='lat' dir='ltr'>qui</span> <span class='ocrx_word' id='word_1_168' title='bbox 1249 2982 1534 3045; x_wconf 89' lang='lat' dir='ltr'>oratores,</span> <span class='ocrx_word' id='word_1_169' title='bbox 1590 2976 1728 3049; x_wconf 86' lang='lat' dir='ltr'>fuga</span> <span class='ocrx_word' id='word_1_170' title='bbox 1758 2976 1870 3031; x_wconf 91' lang='lat' dir='ltr'>sibi</span> 
     </span>
    </p>
   </div>
   <div class='ocr_carea' id='block_1_33' title="bbox 226 3067 1870 3140">
    <p class='ocr_par' dir='ltr' id='par_1_33' title="bbox 226 3067 1870 3140">
     <span class='ocr_line' id='line_1_33' title="bbox 226 3067 1870 3140; baseline -0.001 -18"><span class='ocrx_word' id='word_1_171' title='bbox 226 3069 537 3140; x_wconf 88' lang='lat' dir='ltr'>cupientes</span> <span class='ocrx_word' id='word_1_172' title='bbox 577 3069 908 3137; x_wconf 87' lang='lat' dir='ltr'>consulere,</span> <span class='ocrx_word' id='word_1_173' title='bbox 969 3072 1215 3123; x_wconf 83' lang='lat' dir='ltr'>venatus</span> <span class='ocrx_word' id='word_1_174' title='bbox 1273 3073 1380 3136; x_wconf 89' lang='lat' dir='ltr'>est,</span> <span class='ocrx_word' id='word_1_175' title='bbox 1440 3072 1505 3122; x_wconf 88' lang='lat' dir='ltr'>ut</span> <span class='ocrx_word' id='word_1_176' title='bbox 1560 3067 1870 3138; x_wconf 86' lang='lat' dir='ltr'>Antipatro</span> 
     </span>
    </p>
   </div>
   <div class='ocr_carea' id='block_1_34' title="bbox 227 3158 510 3215">
    <p class='ocr_par' dir='ltr' id='par_1_34' title="bbox 227 3158 510 3215">
     <span class='ocr_line' id='line_1_34' title="bbox 227 3158 510 3215; baseline 0.014 -4"><span class='ocrx_word' id='word_1_177' title='bbox 227 3158 510 3215; x_wconf 85' lang='lat' dir='ltr'>traderet.</span> 
     </span>
    </p>
   </div>
   <div class='ocr_carea' id='block_1_35' title="bbox 301 3245 1876 3319">
    <p class='ocr_par' dir='ltr' id='par_1_35' title="bbox 301 3245 1876 3319">
     <span class='ocr_line' id='line_1_35' title="bbox 301 3245 1876 3319; baseline -0.003 -17"><span class='ocrx_word' id='word_1_178' title='bbox 301 3248 630 3316; x_wconf 85' lang='lat' dir='ltr'>Archibius,</span> <span class='ocrx_word' id='word_1_179' title='bbox 673 3247 971 3319; x_wconf 90' lang='lat' dir='ltr'>Apollonii</span> <span class='ocrx_word' id='word_1_180' title='bbox 1020 3248 1104 3314; x_wconf 90' lang='lat' dir='ltr'>F.,</span> <span class='ocrx_word' id='word_1_181' title='bbox 1161 3245 1603 3318; x_wconf 88' lang='lat' dir='ltr'>grammaticus,</span> <span class='ocrx_word' id='word_1_182' title='bbox 1636 3245 1876 3316; x_wconf 87' lang='lat' dir='ltr'>scripsit</span> 
     </span>
    </p>
   </div>
   <div class='ocr_carea' id='block_1_36' title="bbox 225 3335 1353 3411">
    <p class='ocr_par' dir='ltr' id='par_1_36' title="bbox 225 3335 1353 3411">
     <span class='ocr_line' id='line_1_36' title="bbox 225 3335 1353 3411; baseline -0.003 -19"><span class='ocrx_word' id='word_1_183' title='bbox 225 3335 486 3411; x_wconf 80' lang='grc' dir='ltr'>ἐξήγησιν</span> <span class='ocrx_word' id='word_1_184' title='bbox 520 3339 980 3408; x_wconf 74' lang='lat' dir='ltr'>epigrammatum</span> <span class='ocrx_word' id='word_1_185' title='bbox 1010 3336 1353 3391; x_wconf 77' lang='lat' dir='ltr'>Callimachi.</span> 
     </span>
    </p>
   </div>
   <div class='ocr_carea' id='block_1_37' title="bbox 301 3425 1871 3494">
    <p class='ocr_par' dir='ltr' id='par_1_37' title="bbox 301 3425 1871 3494">
     <span class='ocr_line' id='line_1_37' title="bbox 301 3425 1871 3494; baseline -0.002 -12"><span class='ocrx_word' id='word_1_186' title='bbox 301 3427 636 3494; x_wconf 85' lang='lat' dir='ltr'>Archibius,</span> <span class='ocrx_word' id='word_1_187' title='bbox 668 3425 971 3480; x_wconf 65' lang='lat' dir='ltr'>Ptolemzei</span> <span class='ocrx_word' id='word_1_188' title='bbox 1007 3427 1092 3492; x_wconf 87' lang='lat' dir='ltr'>F.,</span> <span class='ocrx_word' id='word_1_189' title='bbox 1142 3425 1466 3481; x_wconf 89' lang='lat' dir='ltr'>Leucadius</span> <span class='ocrx_word' id='word_1_190' title='bbox 1497 3425 1590 3480; x_wconf 88' lang='lat' dir='ltr'>vel</span> <span class='ocrx_word' id='word_1_191' title='bbox 1619 3425 1871 3479; x_wconf 83' lang='lat' dir='ltr'>Alexan-</span> 
     </span>
    </p>
   </div>
   <div class='ocr_carea' id='block_1_38' title="bbox 231 3516 1876 3591">
    <p class='ocr_par' dir='ltr' id='par_1_38' title="bbox 231 3516 1876 3591">
     <span class='ocr_line' id='line_1_38' title="bbox 231 3516 1876 3591; baseline -0.002 -17"><span class='ocrx_word' id='word_1_192' title='bbox 231 3520 441 3574; x_wconf 88' lang='lat' dir='ltr'>drinus</span> <span class='ocrx_word' id='word_1_193' title='bbox 470 3519 914 3591; x_wconf 88' lang='lat' dir='ltr'>grammaticus,</span> <span class='ocrx_word' id='word_1_194' title='bbox 957 3535 1027 3573; x_wconf 88' lang='lat' dir='ltr'>ex</span> <span class='ocrx_word' id='word_1_195' title='bbox 1059 3533 1266 3572; x_wconf 90' lang='lat' dir='ltr'>eorum</span> <span class='ocrx_word' id='word_1_196' title='bbox 1315 3534 1584 3585; x_wconf 88' lang='lat' dir='ltr'>numero,</span> <span class='ocrx_word' id='word_1_197' title='bbox 1619 3516 1718 3587; x_wconf 88' lang='lat' dir='ltr'>qui</span> <span class='ocrx_word' id='word_1_198' title='bbox 1761 3519 1876 3571; x_wconf 77' lang='lat' dir='ltr'>Ro-</span> 
     </span>
    </p>
   </div>
   <div class='ocr_carea' id='block_1_39' title="bbox 232 3606 1783 3680">
    <p class='ocr_par' dir='ltr' id='par_1_39' title="bbox 232 3606 1783 3680">
     <span class='ocr_line' id='line_1_39' title="bbox 232 3606 1783 3680; baseline -0.003 -17"><span class='ocrx_word' id='word_1_199' title='bbox 232 3625 347 3663; x_wconf 83' lang='lat' dir='ltr'>mae</span> <span class='ocrx_word' id='word_1_200' title='bbox 379 3625 564 3680; x_wconf 89' lang='lat' dir='ltr'>usque</span> <span class='ocrx_word' id='word_1_201' title='bbox 596 3607 668 3663; x_wconf 89' lang='lat' dir='ltr'>ad</span> <span class='ocrx_word' id='word_1_202' title='bbox 695 3608 929 3679; x_wconf 90' lang='lat' dir='ltr'>Trajani</span> <span class='ocrx_word' id='word_1_203' title='bbox 962 3607 1104 3678; x_wconf 91' lang='lat' dir='ltr'>imp,</span> <span class='ocrx_word' id='word_1_204' title='bbox 1139 3613 1406 3678; x_wconf 88' lang='lat' dir='ltr'>tempora</span> <span class='ocrx_word' id='word_1_205' title='bbox 1435 3606 1783 3662; x_wconf 88' lang='lat' dir='ltr'>docuerunt.</span> 
     </span>
    </p>
   </div>
   <div class='ocr_carea' id='block_1_40' title="bbox 307 3697 1876 3770">
    <p class='ocr_par' dir='ltr' id='par_1_40' title="bbox 307 3697 1876 3770">
     <span class='ocr_line' id='line_1_40' title="bbox 307 3697 1876 3770; baseline -0.002 -18"><span class='ocrx_word' id='word_1_206' title='bbox 307 3698 684 3770; x_wconf 85' lang='lat' dir='ltr'>Archigenes,</span> <span class='ocrx_word' id='word_1_207' title='bbox 710 3697 963 3768; x_wconf 91' lang='lat' dir='ltr'>Philippi</span> <span class='ocrx_word' id='word_1_208' title='bbox 995 3697 1486 3767; x_wconf 90' lang='lat' dir='ltr'>F.,Apameensis</span> <span class='ocrx_word' id='word_1_209' title='bbox 1517 3697 1716 3767; x_wconf 89' lang='lat' dir='ltr'>Syrus,</span> <span class='ocrx_word' id='word_1_210' title='bbox 1749 3711 1876 3750; x_wconf 90' lang='lat' dir='ltr'>me-</span> 
     </span>
    </p>
   </div>
   <div class='ocr_carea' id='block_1_41' title="bbox 236 3785 1874 3861">
    <p class='ocr_par' dir='ltr' id='par_1_41' title="bbox 236 3785 1874 3861">
     <span class='ocr_line' id='line_1_41' title="bbox 236 3785 1874 3861; baseline -0.002 -19"><span class='ocrx_word' id='word_1_211' title='bbox 236 3788 426 3856; x_wconf 89' lang='lat' dir='ltr'>dicus,</span> <span class='ocrx_word' id='word_1_212' title='bbox 451 3788 722 3861; x_wconf 89' lang='lat' dir='ltr'>Agathini</span> <span class='ocrx_word' id='word_1_213' title='bbox 747 3787 1095 3858; x_wconf 90' lang='lat' dir='ltr'>discipulus,</span> <span class='ocrx_word' id='word_1_214' title='bbox 1121 3787 1221 3856; x_wconf 92' lang='lat' dir='ltr'>qui</span> <span class='ocrx_word' id='word_1_215' title='bbox 1245 3789 1443 3842; x_wconf 63' lang='lat' dir='ltr'>Roma:</span> <span class='ocrx_word' id='word_1_216' title='bbox 1473 3785 1709 3856; x_wconf 89' lang='lat' dir='ltr'>Trajani</span> <span class='ocrx_word' id='word_1_217' title='bbox 1729 3790 1874 3839; x_wconf 86' lang='lat' dir='ltr'>tem-</span> 
     </span>
    </p>
   </div>
   <div class='ocr_carea' id='block_1_42' title="bbox 230 3874 1876 3949">
    <p class='ocr_par' dir='ltr' id='par_1_42' title="bbox 230 3874 1876 3949">
     <span class='ocr_line' id='line_1_42' title="bbox 230 3874 1876 3949; baseline -0.004 -16"><span class='ocrx_word' id='word_1_218' title='bbox 230 3894 374 3949; x_wconf 89' lang='lat' dir='ltr'>pore</span> <span class='ocrx_word' id='word_1_219' title='bbox 405 3885 591 3934; x_wconf 88' lang='lat' dir='ltr'>artem</span> <span class='ocrx_word' id='word_1_220' title='bbox 610 3877 900 3932; x_wconf 90' lang='lat' dir='ltr'>medicam</span> <span class='ocrx_word' id='word_1_221' title='bbox 933 3876 1212 3930; x_wconf 82' lang='lat' dir='ltr'>exercuit.</span> <span class='ocrx_word' id='word_1_222' title='bbox 1241 3876 1394 3929; x_wconf 84' lang='lat' dir='ltr'>Vixit</span> <span class='ocrx_word' id='word_1_223' title='bbox 1425 3891 1611 3929; x_wconf 87' lang='lat' dir='ltr'>annos</span> <span class='ocrx_word' id='word_1_224' title='bbox 1641 3874 1876 3940; x_wconf 85' lang='lat' dir='ltr'>LXXIII,</span> 
     </span>
    </p>
   </div>
   <div class='ocr_carea' id='block_1_43' title="bbox 234 3964 1484 4038">
    <p class='ocr_par' dir='ltr' id='par_1_43' title="bbox 234 3964 1484 4038">
     <span class='ocr_line' id='line_1_43' title="bbox 234 3964 1484 4038; baseline -0.003 -16"><span class='ocrx_word' id='word_1_225' title='bbox 234 3968 591 4038; x_wconf 89' lang='lat' dir='ltr'>scripsitque</span> <span class='ocrx_word' id='word_1_226' title='bbox 623 3967 811 4021; x_wconf 87' lang='lat' dir='ltr'>multa</span> <span class='ocrx_word' id='word_1_227' title='bbox 844 3965 1072 4020; x_wconf 85' lang='lat' dir='ltr'>medica</span> <span class='ocrx_word' id='word_1_228' title='bbox 1101 3964 1484 4036; x_wconf 89' lang='lat' dir='ltr'>pbysicaque.</span> 
     </span>
    </p>
   </div>
   <div class='ocr_carea' id='block_1_44' title="bbox 303 4052 1876 4125">
    <p class='ocr_par' dir='ltr' id='par_1_44' title="bbox 303 4052 1876 4125">
     <span class='ocr_line' id='line_1_44' title="bbox 303 4052 1876 4125; baseline -0.004 -15"><span class='ocrx_word' id='word_1_229' title='bbox 303 4057 693 4112; x_wconf 90' lang='lat' dir='ltr'>Archilochus</span> <span class='ocrx_word' id='word_1_230' title='bbox 721 4055 1066 4120; x_wconf 88' lang='lat' dir='ltr'>maledicus,</span> <span class='ocrx_word' id='word_1_231' title='bbox 1098 4054 1364 4124; x_wconf 91' lang='lat' dir='ltr'>alioquin</span> <span class='ocrx_word' id='word_1_232' title='bbox 1404 4052 1653 4125; x_wconf 81' lang='lat' dir='ltr'>insignis</span> <span class='ocrx_word' id='word_1_233' title='bbox 1683 4055 1876 4123; x_wconf 88' lang='lat' dir='ltr'>poeta,</span> 
     </span>
    </p>
   </div>
   <div class='ocr_carea' id='block_1_45' title="bbox 231 4144 1876 4220">
    <p class='ocr_par' dir='ltr' id='par_1_45' title="bbox 231 4144 1876 4220">
     <span class='ocr_line' id='line_1_45' title="bbox 231 4144 1876 4220; baseline -0.005 -16"><span class='ocrx_word' id='word_1_234' title='bbox 231 4166 432 4220; x_wconf 90' lang='lat' dir='ltr'>quem,</span> <span class='ocrx_word' id='word_1_235' title='bbox 466 4166 501 4204; x_wconf 91' lang='lat' dir='ltr'>a</span> <span class='ocrx_word' id='word_1_236' title='bbox 524 4147 786 4203; x_wconf 89' lang='lat' dir='ltr'>Calonda</span> <span class='ocrx_word' id='word_1_237' title='bbox 806 4146 1203 4212; x_wconf 84' lang='lat' dir='ltr'>interfectum,</span> <span class='ocrx_word' id='word_1_238' title='bbox 1239 4145 1441 4216; x_wconf 89' lang='lat' dir='ltr'>Pythia</span> <span class='ocrx_word' id='word_1_239' title='bbox 1469 4144 1593 4198; x_wconf 89' lang='lat' dir='ltr'>ulta</span> <span class='ocrx_word' id='word_1_240' title='bbox 1623 4148 1732 4210; x_wconf 87' lang='lat' dir='ltr'>est,</span> <span class='ocrx_word' id='word_1_241' title='bbox 1766 4147 1876 4197; x_wconf 88' lang='lat' dir='ltr'>etc.</span> 
     </span>
    </p>
   </div>
   <div class='ocr_carea' id='block_1_46' title="bbox 306 4232 1881 4306">
    <p class='ocr_par' dir='ltr' id='par_1_46' title="bbox 306 4232 1881 4306">
     <span class='ocr_line' id='line_1_46' title="bbox 306 4232 1881 4306; baseline -0.004 -14"><span class='ocrx_word' id='word_1_242' title='bbox 306 4238 714 4306; x_wconf 86' lang='lat' dir='ltr'>Archimedes,</span> <span class='ocrx_word' id='word_1_243' title='bbox 773 4237 1136 4302; x_wconf 86' lang='lat' dir='ltr'>Trallianus,</span> <span class='ocrx_word' id='word_1_244' title='bbox 1181 4233 1588 4305; x_wconf 90' lang='lat' dir='ltr'>philosophus,</span> <span class='ocrx_word' id='word_1_245' title='bbox 1642 4232 1881 4303; x_wconf 89' lang='lat' dir='ltr'>scripsit</span> 
     </span>
    </p>
   </div>
   <div class='ocr_carea' id='block_1_47' title="bbox 230 4321 1878 4399">
    <p class='ocr_par' dir='ltr' id='par_1_47' title="bbox 230 4321 1878 4399">
     <span class='ocr_line' id='line_1_47' title="bbox 230 4321 1878 4399; baseline -0.002 -19"><span class='ocrx_word' id='word_1_246' title='bbox 230 4328 480 4399; x_wconf 79' lang='grc' dir='ltr'>ἰ’πὸμνη</span> <span class='ocrx_word' id='word_1_247' title='bbox 494 4347 588 4399; x_wconf 82' lang='grc' dir='ltr'>μα,</span> <span class='ocrx_word' id='word_1_248' title='bbox 638 4328 1101 4385; x_wconf 79' lang='lat' dir='ltr'>Commentarium</span> <span class='ocrx_word' id='word_1_249' title='bbox 1131 4326 1189 4379; x_wconf 88' lang='lat' dir='ltr'>in</span> <span class='ocrx_word' id='word_1_250' title='bbox 1218 4326 1533 4391; x_wconf 85' lang='lat' dir='ltr'>Homerum,</span> <span class='ocrx_word' id='word_1_251' title='bbox 1573 4328 1622 4378; x_wconf 85' lang='lat' dir='ltr'>et</span> <span class='ocrx_word' id='word_1_252' title='bbox 1651 4321 1878 4378; x_wconf 82' lang='lat' dir='ltr'>Mecha-</span> 
     </span>
    </p>
   </div>
   <div class='ocr_carea' id='block_1_48' title="bbox 236 4435 384 4473">
    <p class='ocr_par' dir='ltr' id='par_1_48' title="bbox 236 4435 384 4473">
     <span class='ocr_line' id='line_1_48' title="bbox 236 4435 384 4473; baseline 0.014 -2"><span class='ocrx_word' id='word_1_253' title='bbox 236 4435 384 4473; x_wconf 81' lang='lat' dir='ltr'>mea.</span> 
     </span>
    </p>
   </div>
   <div class='ocr_carea' id='block_1_49' title="bbox 1979 571 3620 659">
    <p class='ocr_par' dir='ltr' id='par_1_49' title="bbox 1979 571 3620 659">
     <span class='ocr_line' id='line_1_49' title="bbox 1979 571 3620 659; baseline 0.01 -34"><span class='ocrx_word' id='word_1_254' title='bbox 1979 571 2160 642; x_wconf 88' lang='lat' dir='ltr'>[quod</span> <span class='ocrx_word' id='word_1_255' title='bbox 2183 575 2274 628; x_wconf 85' lang='lat' dir='ltr'>vix</span> <span class='ocrx_word' id='word_1_256' title='bbox 2307 575 2610 646; x_wconf 85' lang='lat' dir='ltr'>probabile</span> <span class='ocrx_word' id='word_1_257' title='bbox 2653 583 2759 646; x_wconf 89' lang='lat' dir='ltr'>est,</span> <span class='ocrx_word' id='word_1_258' title='bbox 2793 579 2917 635; x_wconf 83' lang='lat' dir='ltr'>vide</span> <span class='ocrx_word' id='word_1_259' title='bbox 2968 597 3165 652; x_wconf 89' lang='lat' dir='ltr'>supra,</span> <span class='ocrx_word' id='word_1_260' title='bbox 3199 584 3313 638; x_wconf 85' lang='lat' dir='ltr'>vol.</span> <span class='ocrx_word' id='word_1_261' title='bbox 3342 587 3389 652; x_wconf 82' lang='grc' dir='ltr'>Ι,</span> <span class='ocrx_word' id='word_1_262' title='bbox 3419 603 3553 659; x_wconf 89' lang='lat' dir='ltr'>pag.</span> <span class='ocrx_word' id='word_1_263' title='bbox 3588 590 3620 641; x_wconf 85' lang='lat'><strong>9</strong></span> 
     </span>
    </p>
   </div>
   <div class='ocr_carea' id='block_1_50' title="bbox 1980 665 2162 731">
    <p class='ocr_par' dir='ltr' id='par_1_50' title="bbox 1980 665 2162 731">
     <span class='ocr_line' id='line_1_50' title="bbox 1980 665 2162 731; baseline -0.005 0"><span class='ocrx_word' id='word_1_264' title='bbox 1980 677 2110 731; x_wconf 77' lang='lat' dir='ltr'>sqq-</span> <span class='ocrx_word' id='word_1_265' title='bbox 2143 665 2162 730; x_wconf 91' lang='grc'><strong>]</strong></span> 
     </span>
    </p>
   </div>
   <div class='ocr_carea' id='block_1_51' title="bbox 1977 750 2766 823">
    <p class='ocr_par' dir='ltr' id='par_1_51' title="bbox 1977 750 2766 823">
     <span class='ocr_line' id='line_1_51' title="bbox 1977 750 2766 823; baseline 0.01 -20"><span class='ocrx_word' id='word_1_266' title='bbox 1977 750 2203 819; x_wconf 86' lang='lat' dir='ltr'>Ariani,</span> <span class='ocrx_word' id='word_1_267' title='bbox 2237 753 2635 823; x_wconf 86' lang='lat' dir='ltr'>Psathyriani,</span> <span class='ocrx_word' id='word_1_268' title='bbox 2655 759 2766 811; x_wconf 89' lang='lat' dir='ltr'>etc.</span> 
     </span>
    </p>
   </div>
   <div class='ocr_carea' id='block_1_52' title="bbox 2049 849 3619 929">
    <p class='ocr_par' dir='ltr' id='par_1_52' title="bbox 2049 849 3619 929">
     <span class='ocr_line' id='line_1_52' title="bbox 2049 849 3619 929; baseline 0.008 -28"><span class='ocrx_word' id='word_1_269' title='bbox 2049 849 2348 920; x_wconf 88' lang='lat' dir='ltr'>Arignote,</span> <span class='ocrx_word' id='word_1_270' title='bbox 2376 852 2594 918; x_wconf 76' lang='lat' dir='ltr'>Samia,</span> <span class='ocrx_word' id='word_1_271' title='bbox 2630 853 2924 924; x_wconf 90' lang='lat' dir='ltr'>discipula</span> <span class='ocrx_word' id='word_1_272' title='bbox 2967 856 3310 929; x_wconf 64' lang='lat' dir='ltr'>Pythagorae</span> <span class='ocrx_word' id='word_1_273' title='bbox 3355 862 3414 912; x_wconf 88' lang='lat' dir='ltr'>et</span> <span class='ocrx_word' id='word_1_274' title='bbox 3440 860 3619 914; x_wconf 92' lang='lat' dir='ltr'>Thea-</span> 
     </span>
    </p>
   </div>
   <div class='ocr_carea' id='block_1_53' title="bbox 1977 939 3630 1016">
    <p class='ocr_par' dir='ltr' id='par_1_53' title="bbox 1977 939 3630 1016">
     <span class='ocr_line' id='line_1_53' title="bbox 1977 939 3630 1016; baseline 0.007 -26"><span class='ocrx_word' id='word_1_275' title='bbox 1977 953 2110 1006; x_wconf 89' lang='lat' dir='ltr'>nus,</span> <span class='ocrx_word' id='word_1_276' title='bbox 2169 939 2524 1010; x_wconf 87' lang='lat' dir='ltr'>philosopha</span> <span class='ocrx_word' id='word_1_277' title='bbox 2576 942 2983 1012; x_wconf 83' lang='lat' dir='ltr'>Pythagorica.</span> <span class='ocrx_word' id='word_1_278' title='bbox 3054 945 3302 1016; x_wconf 88' lang='lat' dir='ltr'>Scripsit</span> <span class='ocrx_word' id='word_1_279' title='bbox 3358 948 3630 1002; x_wconf 81' lang='lat' dir='ltr'>Bacchica</span> 
     </span>
    </p>
   </div>
   <div class='ocr_carea' id='block_1_54' title="bbox 1978 1025 3628 1102">
    <p class='ocr_par' dir='ltr' id='par_1_54' title="bbox 1978 1025 3628 1102">
     <span class='ocr_line' id='line_1_54' title="bbox 1978 1025 3628 1102; baseline 0.006 -22"><span class='ocrx_word' id='word_1_280' title='bbox 1978 1026 2095 1080; x_wconf 90' lang='lat' dir='ltr'>sive</span> <span class='ocrx_word' id='word_1_281' title='bbox 2129 1025 2389 1079; x_wconf 69' lang='grc' dir='ltr'>Διονύσου</span> <span class='ocrx_word' id='word_1_282' title='bbox 2433 1025 2673 1096; x_wconf 76' lang='grc' dir='ltr'>τελετὰς,</span> <span class='ocrx_word' id='word_1_283' title='bbox 2710 1033 2861 1085; x_wconf 80' lang='lat' dir='ltr'>etde</span> <span class='ocrx_word' id='word_1_284' title='bbox 2891 1032 3117 1088; x_wconf 82' lang='lat' dir='ltr'>Cereris</span> <span class='ocrx_word' id='word_1_285' title='bbox 3152 1037 3442 1102; x_wconf 76' lang='lat' dir='ltr'>mysteriis,</span> <span class='ocrx_word' id='word_1_286' title='bbox 3488 1051 3628 1090; x_wconf 89' lang='lat' dir='ltr'>nec-</span> 
     </span>
    </p>
   </div>
   <div class='ocr_carea' id='block_1_55' title="bbox 1977 1119 3625 1186">
    <p class='ocr_par' dir='ltr' id='par_1_55' title="bbox 1977 1119 3625 1186">
     <span class='ocr_line' id='line_1_55' title="bbox 1977 1119 3625 1186; baseline 0.005 -17"><span class='ocrx_word' id='word_1_287' title='bbox 1977 1133 2099 1170; x_wconf 87' lang='lat' dir='ltr'>non</span> <span class='ocrx_word' id='word_1_288' title='bbox 2123 1119 2561 1186; x_wconf 74' lang='lat' dir='ltr'>Epigrammata.</span> <span class='ocrx_word' id='word_1_289' title='bbox 2597 1120 2805 1174; x_wconf 85' lang='lat' dir='ltr'>Fertur</span> <span class='ocrx_word' id='word_1_290' title='bbox 2836 1121 3015 1175; x_wconf 88' lang='lat' dir='ltr'>etiam</span> <span class='ocrx_word' id='word_1_291' title='bbox 3047 1122 3209 1176; x_wconf 90' lang='lat' dir='ltr'>illius</span> <span class='ocrx_word' id='word_1_292' title='bbox 3242 1122 3348 1178; x_wconf 90' lang='lat' dir='ltr'>sub</span> <span class='ocrx_word' id='word_1_293' title='bbox 3381 1123 3625 1178; x_wconf 90' lang='lat' dir='ltr'>nomine</span> 
     </span>
    </p>
   </div>
   <div class='ocr_carea' id='block_1_56' title="bbox 1978 1203 2712 1279">
    <p class='ocr_par' dir='ltr' id='par_1_56' title="bbox 1978 1203 2712 1279">
     <span class='ocr_line' id='line_1_56' title="bbox 1978 1203 2712 1279; baseline 0.008 -23"><span class='ocrx_word' id='word_1_294' title='bbox 1978 1203 2118 1260; x_wconf 80' lang='lat' dir='ltr'>liber</span> <span class='ocrx_word' id='word_1_295' title='bbox 2145 1222 2317 1275; x_wconf 85' lang='lat' dir='ltr'>sacer,</span> <span class='ocrx_word' id='word_1_296' title='bbox 2349 1205 2490 1278; x_wconf 78' lang='grc' dir='ltr'>ἱερὸς</span> <span class='ocrx_word' id='word_1_297' title='bbox 2523 1203 2712 1279; x_wconf 86' lang='grc' dir='ltr'>λόγος.</span> 
     </span>
    </p>
   </div>
   <div class='ocr_carea' id='block_1_57' title="bbox 2047 1297 3629 1371">
    <p class='ocr_par' dir='ltr' id='par_1_57' title="bbox 2047 1297 3629 1371">
     <span class='ocr_line' id='line_1_57' title="bbox 2047 1297 3629 1371; baseline 0.005 -21"><span class='ocrx_word' id='word_1_298' title='bbox 2047 1297 2250 1363; x_wconf 89' lang='lat' dir='ltr'>Arion,</span> <span class='ocrx_word' id='word_1_299' title='bbox 2310 1297 2504 1367; x_wconf 89' lang='lat' dir='ltr'>Cyclei</span> <span class='ocrx_word' id='word_1_300' title='bbox 2565 1299 2648 1366; x_wconf 89' lang='lat' dir='ltr'>F.,</span> <span class='ocrx_word' id='word_1_301' title='bbox 2707 1300 3155 1370; x_wconf 77' lang='lat' dir='ltr'>Methymnaeus,</span> <span class='ocrx_word' id='word_1_302' title='bbox 3207 1301 3447 1371; x_wconf 90' lang='lat' dir='ltr'>lyricus,</span> <span class='ocrx_word' id='word_1_303' title='bbox 3481 1303 3629 1358; x_wconf 87' lang='lat' dir='ltr'>vixit</span> 
     </span>
    </p>
   </div>
   <div class='ocr_carea' id='block_1_58' title="bbox 1972 1385 3620 1457">
    <p class='ocr_par' dir='ltr' id='par_1_58' title="bbox 1972 1385 3620 1457">
     <span class='ocr_line' id='line_1_58' title="bbox 1972 1385 3620 1457; baseline 0.003 -16"><span class='ocrx_word' id='word_1_304' title='bbox 1972 1385 2307 1457; x_wconf 86' lang='lat' dir='ltr'>Olympiade</span> <span class='ocrx_word' id='word_1_305' title='bbox 2339 1388 2641 1442; x_wconf 81' lang='lat' dir='ltr'>XXXVIII.</span> <span class='ocrx_word' id='word_1_306' title='bbox 2678 1388 2927 1452; x_wconf 91' lang='lat' dir='ltr'>Quidam</span> <span class='ocrx_word' id='word_1_307' title='bbox 2953 1389 3258 1444; x_wconf 85' lang='lat' dir='ltr'>Alemanis</span> <span class='ocrx_word' id='word_1_308' title='bbox 3290 1390 3482 1446; x_wconf 84' lang='lat' dir='ltr'>filium</span> <span class='ocrx_word' id='word_1_309' title='bbox 3505 1397 3620 1446; x_wconf 84' lang='lat' dir='ltr'>tra-</span> 
     </span>
    </p>
   </div>
   <div class='ocr_carea' id='block_1_59' title="bbox 1976 1471 3623 1551">
    <p class='ocr_par' dir='ltr' id='par_1_59' title="bbox 1976 1471 3623 1551">
     <span class='ocr_line' id='line_1_59' title="bbox 1976 1471 3623 1551; baseline 0.002 -22"><span class='ocrx_word' id='word_1_310' title='bbox 1976 1474 2178 1530; x_wconf 91' lang='lat' dir='ltr'>didere</span> <span class='ocrx_word' id='word_1_311' title='bbox 2213 1517 2225 1528; x_wconf 94' lang='lat'>.</span> <span class='ocrx_word' id='word_1_312' title='bbox 2287 1475 2532 1546; x_wconf 88' lang='lat' dir='ltr'>Scripsit</span> <span class='ocrx_word' id='word_1_313' title='bbox 2585 1471 2800 1546; x_wconf 77' lang='grc' dir='ltr'>ᾅσματα</span> <span class='ocrx_word' id='word_1_314' title='bbox 2835 1519 2849 1545; x_wconf 88' lang='grc'><strong><em>,</em></strong></span> <span class='ocrx_word' id='word_1_315' title='bbox 2909 1481 3130 1533; x_wconf 87' lang='lat' dir='ltr'>cantica</span> <span class='ocrx_word' id='word_1_316' title='bbox 3188 1484 3246 1533; x_wconf 86' lang='lat' dir='ltr'>et</span> <span class='ocrx_word' id='word_1_317' title='bbox 3305 1477 3575 1551; x_wconf 81' lang='grc' dir='ltr'>προοίμια</span> <span class='ocrx_word' id='word_1_318' title='bbox 3608 1522 3623 1548; x_wconf 90' lang='grc'><strong><em>,</em></strong></span> 
     </span>
    </p>
   </div>
   <div class='ocr_carea' id='block_1_60' title="bbox 1977 1564 3626 1641">
    <p class='ocr_par' dir='ltr' id='par_1_60' title="bbox 1977 1564 3626 1641">
     <span class='ocr_line' id='line_1_60' title="bbox 1977 1564 3626 1641; baseline 0.004 -24"><span class='ocrx_word' id='word_1_319' title='bbox 1977 1565 2206 1633; x_wconf 82' lang='lat' dir='ltr'>hymnos</span> <span class='ocrx_word' id='word_1_320' title='bbox 2228 1564 2300 1618; x_wconf 88' lang='lat' dir='ltr'>ad</span> <span class='ocrx_word' id='word_1_321' title='bbox 2327 1581 2529 1619; x_wconf 88' lang='lat' dir='ltr'>versus</span> <span class='ocrx_word' id='word_1_322' title='bbox 2552 1565 2826 1621; x_wconf 90' lang='lat' dir='ltr'>heroicos</span> <span class='ocrx_word' id='word_1_323' title='bbox 2846 1566 2936 1621; x_wconf 90' lang='lat' dir='ltr'>bis</span> <span class='ocrx_word' id='word_1_324' title='bbox 2965 1568 3149 1622; x_wconf 92' lang='lat' dir='ltr'>mille.</span> <span class='ocrx_word' id='word_1_325' title='bbox 3173 1567 3398 1622; x_wconf 89' lang='lat' dir='ltr'>Dicitur</span> <span class='ocrx_word' id='word_1_326' title='bbox 3423 1570 3626 1641; x_wconf 81' lang='lat' dir='ltr'>tragici</span> 
     </span>
    </p>
   </div>
   <div class='ocr_carea' id='block_1_61' title="bbox 1976 1653 3624 1725">
    <p class='ocr_par' dir='ltr' id='par_1_61' title="bbox 1976 1653 3624 1725">
     <span class='ocr_line' id='line_1_61' title="bbox 1976 1653 3624 1725; baseline 0.004 -19"><span class='ocrx_word' id='word_1_327' title='bbox 1976 1653 2135 1707; x_wconf 91' lang='lat' dir='ltr'>modi</span> <span class='ocrx_word' id='word_1_328' title='bbox 2155 1653 2425 1708; x_wconf 88' lang='lat' dir='ltr'>inventor</span> <span class='ocrx_word' id='word_1_329' title='bbox 2453 1653 2637 1708; x_wconf 82' lang='lat' dir='ltr'>fuisse</span> <span class='ocrx_word' id='word_1_330' title='bbox 2659 1659 2718 1708; x_wconf 88' lang='lat' dir='ltr'>et</span> <span class='ocrx_word' id='word_1_331' title='bbox 2743 1655 2970 1725; x_wconf 91' lang='lat' dir='ltr'>primus</span> <span class='ocrx_word' id='word_1_332' title='bbox 2992 1657 3241 1710; x_wconf 89' lang='lat' dir='ltr'>chorum</span> <span class='ocrx_word' id='word_1_333' title='bbox 3272 1657 3624 1724; x_wconf 88' lang='lat' dir='ltr'>instituisse,</span> 
     </span>
    </p>
   </div>
   <div class='ocr_carea' id='block_1_62' title="bbox 1979 1743 3625 1816">
    <p class='ocr_par' dir='ltr' id='par_1_62' title="bbox 1979 1743 3625 1816">
     <span class='ocr_line' id='line_1_62' title="bbox 1979 1743 3625 1816; baseline 0.002 -19"><span class='ocrx_word' id='word_1_334' title='bbox 1979 1743 2500 1814; x_wconf 87' lang='lat' dir='ltr'>etdithyrambum</span> <span class='ocrx_word' id='word_1_335' title='bbox 2531 1744 2840 1812; x_wconf 88' lang='lat' dir='ltr'>cecinisse,</span> <span class='ocrx_word' id='word_1_336' title='bbox 2875 1751 2932 1799; x_wconf 88' lang='lat' dir='ltr'>et</span> <span class='ocrx_word' id='word_1_337' title='bbox 2962 1747 3045 1800; x_wconf 91' lang='lat' dir='ltr'>ita</span> <span class='ocrx_word' id='word_1_338' title='bbox 3092 1746 3433 1801; x_wconf 81' lang='lat' dir='ltr'>nominasse</span> <span class='ocrx_word' id='word_1_339' title='bbox 3467 1747 3625 1816; x_wconf 93' lang='lat' dir='ltr'>quod</span> 
     </span>
    </p>
   </div>
   <div class='ocr_carea' id='block_1_63' title="bbox 1898 1831 3626 1906">
    <p class='ocr_par' dir='ltr' id='par_1_63' title="bbox 1898 1831 3626 1906">
     <span class='ocr_line' id='line_1_63' title="bbox 1898 1831 3626 1906; baseline 0.002 -20"><span class='ocrx_word' id='word_1_340' title='bbox 1898 1841 1946 1906; x_wconf 85' lang='grc' dir='ltr'><strong>Β</strong></span> <span class='ocrx_word' id='word_1_341' title='bbox 1977 1849 2012 1886; x_wconf 89' lang='lat' dir='ltr'>a</span> <span class='ocrx_word' id='word_1_342' title='bbox 2041 1832 2220 1886; x_wconf 90' lang='lat' dir='ltr'>choro</span> <span class='ocrx_word' id='word_1_343' title='bbox 2252 1831 2505 1900; x_wconf 90' lang='lat' dir='ltr'>canitur,</span> <span class='ocrx_word' id='word_1_344' title='bbox 2539 1838 2598 1887; x_wconf 90' lang='lat' dir='ltr'>et</span> <span class='ocrx_word' id='word_1_345' title='bbox 2645 1839 2874 1904; x_wconf 87' lang='lat' dir='ltr'>satyros</span> <span class='ocrx_word' id='word_1_346' title='bbox 2927 1834 3327 1890; x_wconf 85' lang='lat' dir='ltr'>introduxisse</span> <span class='ocrx_word' id='word_1_347' title='bbox 3359 1835 3626 1890; x_wconf 90' lang='lat' dir='ltr'>versibus</span> 
     </span>
    </p>
   </div>
   <div class='ocr_carea' id='block_1_64' title="bbox 1981 1923 2315 1994">
    <p class='ocr_par' dir='ltr' id='par_1_64' title="bbox 1981 1923 2315 1994">
     <span class='ocr_line' id='line_1_64' title="bbox 1981 1923 2315 1994; baseline -0.006 -16"><span class='ocrx_word' id='word_1_348' title='bbox 1981 1923 2315 1994; x_wconf 85' lang='lat' dir='ltr'>loquentes.</span> 
     </span>
    </p>
   </div>
   <div class='ocr_carea' id='block_1_65' title="bbox 2051 2010 3624 2084">
    <p class='ocr_par' dir='ltr' id='par_1_65' title="bbox 2051 2010 3624 2084">
     <span class='ocr_line' id='line_1_65' title="bbox 2051 2010 3624 2084; baseline 0.001 -18"><span class='ocrx_word' id='word_1_349' title='bbox 2051 2012 2450 2077; x_wconf 89' lang='lat' dir='ltr'>Aristarchus,</span> <span class='ocrx_word' id='word_1_350' title='bbox 2512 2010 2652 2065; x_wconf 82' lang='grc' dir='ltr'><strong>θέσει</strong></span> <span class='ocrx_word' id='word_1_351' title='bbox 2711 2014 3117 2084; x_wconf 74' lang='lat' dir='ltr'>(habitatione)</span> <span class='ocrx_word' id='word_1_352' title='bbox 3167 2014 3624 2084; x_wconf 85' lang='lat' dir='ltr'>Alexandrinus,</span> 
     </span>
    </p>
   </div>
   <div class='ocr_carea' id='block_1_66' title="bbox 1980 2102 3626 2177">
    <p class='ocr_par' dir='ltr' id='par_1_66' title="bbox 1980 2102 3626 2177">
     <span class='ocr_line' id='line_1_66' title="bbox 1980 2102 3626 2177; baseline 0.002 -23"><span class='ocrx_word' id='word_1_353' title='bbox 1980 2102 2132 2177; x_wconf 76' lang='grc' dir='ltr'>φύσει</span> <span class='ocrx_word' id='word_1_354' title='bbox 2187 2104 2406 2174; x_wconf 87' lang='lat' dir='ltr'>(gente)</span> <span class='ocrx_word' id='word_1_355' title='bbox 2465 2103 2812 2158; x_wconf 89' lang='lat' dir='ltr'>Samothrax</span> <span class='ocrx_word' id='word_1_356' title='bbox 2843 2146 2856 2171; x_wconf 90' lang='lat'>,</span> <span class='ocrx_word' id='word_1_357' title='bbox 2906 2104 3232 2159; x_wconf 90' lang='lat' dir='ltr'>Aristarchi</span> <span class='ocrx_word' id='word_1_358' title='bbox 3296 2106 3381 2170; x_wconf 92' lang='lat' dir='ltr'>F.,</span> <span class='ocrx_word' id='word_1_359' title='bbox 3431 2103 3626 2158; x_wconf 92' lang='lat' dir='ltr'>clarus</span> 
     </span>
    </p>
   </div>
   <div class='ocr_carea' id='block_1_67' title="bbox 1980 2192 3626 2264">
    <p class='ocr_par' dir='ltr' id='par_1_67' title="bbox 1980 2192 3626 2264">
     <span class='ocr_line' id='line_1_67' title="bbox 1980 2192 3626 2264; baseline 0.001 -19"><span class='ocrx_word' id='word_1_360' title='bbox 1980 2192 2200 2263; x_wconf 89' lang='lat' dir='ltr'>olymp.</span> <span class='ocrx_word' id='word_1_361' title='bbox 2217 2192 2369 2246; x_wconf 90' lang='lat' dir='ltr'><strong>CLVI</strong></span> <span class='ocrx_word' id='word_1_362' title='bbox 2389 2196 2649 2262; x_wconf 90' lang='lat' dir='ltr'>tempore</span> <span class='ocrx_word' id='word_1_363' title='bbox 2667 2193 2969 2248; x_wconf 61' lang='lat' dir='ltr'>Ptolemaei</span> <span class='ocrx_word' id='word_1_364' title='bbox 2988 2193 3428 2260; x_wconf 87' lang='lat' dir='ltr'>Philometoris,</span> <span class='ocrx_word' id='word_1_365' title='bbox 3452 2194 3626 2264; x_wconf 84' lang='lat' dir='ltr'>cujus</span> 
     </span>
    </p>
   </div>
   <div class='ocr_carea' id='block_1_68' title="bbox 1980 2280 3623 2352">
    <p class='ocr_par' dir='ltr' id='par_1_68' title="bbox 1980 2280 3623 2352">
     <span class='ocr_line' id='line_1_68' title="bbox 1980 2280 3623 2352; baseline -0.001 -16"><span class='ocrx_word' id='word_1_366' title='bbox 1980 2282 2173 2336; x_wconf 86' lang='lat' dir='ltr'>ﬁlium</span> <span class='ocrx_word' id='word_1_367' title='bbox 2206 2280 2441 2336; x_wconf 89' lang='lat' dir='ltr'>erudiit.</span> <span class='ocrx_word' id='word_1_368' title='bbox 2474 2282 2680 2335; x_wconf 90' lang='lat' dir='ltr'>Fertur</span> <span class='ocrx_word' id='word_1_369' title='bbox 2711 2283 3018 2352; x_wconf 89' lang='lat' dir='ltr'>scripsisse</span> <span class='ocrx_word' id='word_1_370' title='bbox 3049 2282 3206 2337; x_wconf 87' lang='lat' dir='ltr'>ultra</span> <span class='ocrx_word' id='word_1_371' title='bbox 3235 2283 3412 2337; x_wconf 88' lang='lat' dir='ltr'>DCCC</span> <span class='ocrx_word' id='word_1_372' title='bbox 3436 2281 3623 2335; x_wconf 89' lang='lat' dir='ltr'>libros</span> 
     </span>
    </p>
   </div>
   <div class='ocr_carea' id='block_1_69' title="bbox 1981 2371 3627 2443">
    <p class='ocr_par' dir='ltr' id='par_1_69' title="bbox 1981 2371 3627 2443">
     <span class='ocr_line' id='line_1_69' title="bbox 1981 2371 3627 2443; baseline 0 -18"><span class='ocrx_word' id='word_1_373' title='bbox 1981 2371 2391 2443; x_wconf 77' lang='grc' dir='ltr'>ὑπομνημάτων</span> <span class='ocrx_word' id='word_1_374' title='bbox 2462 2373 2580 2427; x_wconf 87' lang='lat' dir='ltr'>sive</span> <span class='ocrx_word' id='word_1_375' title='bbox 2630 2373 3221 2428; x_wconf 90' lang='lat' dir='ltr'>commentariorum.</span> <span class='ocrx_word' id='word_1_376' title='bbox 3292 2371 3627 2442; x_wconf 91' lang='lat' dir='ltr'>Discipulus</span> 
     </span>
    </p>
   </div>
   <div class='ocr_carea' id='block_1_70' title="bbox 1979 2461 3612 2533">
    <p class='ocr_par' dir='ltr' id='par_1_70' title="bbox 1979 2461 3612 2533">
     <span class='ocr_line' id='line_1_70' title="bbox 1979 2461 3612 2533; baseline -0.001 -18"><span class='ocrx_word' id='word_1_377' title='bbox 1979 2462 2414 2532; x_wconf 88' lang='lat' dir='ltr'>Aristophanis,</span> <span class='ocrx_word' id='word_1_378' title='bbox 2444 2461 2834 2533; x_wconf 86' lang='lat' dir='ltr'>grammatici,</span> <span class='ocrx_word' id='word_1_379' title='bbox 2894 2478 3028 2516; x_wconf 90' lang='lat' dir='ltr'>cum</span> <span class='ocrx_word' id='word_1_380' title='bbox 3085 2463 3336 2528; x_wconf 87' lang='lat' dir='ltr'>Cratete,</span> <span class='ocrx_word' id='word_1_381' title='bbox 3397 2463 3612 2530; x_wconf 84' lang='lat' dir='ltr'>Perga-</span> 
     </span>
    </p>
   </div>
   <div class='ocr_carea' id='block_1_71' title="bbox 1980 2549 3628 2622">
    <p class='ocr_par' dir='ltr' id='par_1_71' title="bbox 1980 2549 3628 2622">
     <span class='ocr_line' id='line_1_71' title="bbox 1980 2549 3628 2622; baseline -0.001 -17"><span class='ocrx_word' id='word_1_382' title='bbox 1980 2568 2177 2616; x_wconf 88' lang='lat' dir='ltr'>meno,</span> <span class='ocrx_word' id='word_1_383' title='bbox 2213 2552 2480 2621; x_wconf 81' lang='lat' dir='ltr'>Pergami</span> <span class='ocrx_word' id='word_1_384' title='bbox 2514 2568 2668 2622; x_wconf 84' lang='lat' dir='ltr'>saepe</span> <span class='ocrx_word' id='word_1_385' title='bbox 2709 2550 3088 2606; x_wconf 86' lang='lat' dir='ltr'>concertavit.</span> <span class='ocrx_word' id='word_1_386' title='bbox 3144 2549 3476 2620; x_wconf 86' lang='lat' dir='ltr'>Discipulos</span> <span class='ocrx_word' id='word_1_387' title='bbox 3525 2549 3628 2603; x_wconf 78' lang='lat' dir='ltr'>ha-</span> 
     </span>
    </p>
   </div>
   <div class='ocr_carea' id='block_1_72' title="bbox 1980 2639 3631 2712">
    <p class='ocr_par' dir='ltr' id='par_1_72' title="bbox 1980 2639 3631 2712">
     <span class='ocr_line' id='line_1_72' title="bbox 1980 2639 3631 2712; baseline -0.002 -18"><span class='ocrx_word' id='word_1_388' title='bbox 1980 2639 2111 2695; x_wconf 91' lang='lat' dir='ltr'>buit</span> <span class='ocrx_word' id='word_1_389' title='bbox 2140 2641 2554 2712; x_wconf 84' lang='lat' dir='ltr'>grammaticos</span> <span class='ocrx_word' id='word_1_390' title='bbox 2585 2641 2822 2696; x_wconf 88' lang='lat' dir='ltr'>circiter</span> <span class='ocrx_word' id='word_1_391' title='bbox 2840 2642 2956 2696; x_wconf 81' lang='lat' dir='ltr'><strong>XL.</strong></span> <span class='ocrx_word' id='word_1_392' title='bbox 2991 2643 3195 2694; x_wconf 90' lang='lat' dir='ltr'>Annos</span> <span class='ocrx_word' id='word_1_393' title='bbox 3226 2644 3400 2694; x_wconf 90' lang='lat' dir='ltr'>natus</span> <span class='ocrx_word' id='word_1_394' title='bbox 3433 2639 3631 2692; x_wconf 84' lang='lat' dir='ltr'><strong>LXXII</strong></span> 
     </span>
    </p>
   </div>
   <div class='ocr_carea' id='block_1_73' title="bbox 1980 2726 3632 2800">
    <p class='ocr_par' dir='ltr' id='par_1_73' title="bbox 1980 2726 3632 2800">
     <span class='ocr_line' id='line_1_73' title="bbox 1980 2726 3632 2800; baseline -0.001 -17"><span class='ocrx_word' id='word_1_395' title='bbox 1980 2730 2043 2784; x_wconf 91' lang='lat' dir='ltr'>in</span> <span class='ocrx_word' id='word_1_396' title='bbox 2074 2730 2260 2800; x_wconf 84' lang='lat' dir='ltr'>Cypro</span> <span class='ocrx_word' id='word_1_397' title='bbox 2283 2746 2437 2799; x_wconf 88' lang='lat' dir='ltr'>aqua</span> <span class='ocrx_word' id='word_1_398' title='bbox 2457 2729 2750 2784; x_wconf 86' lang='lat' dir='ltr'>intercute</span> <span class='ocrx_word' id='word_1_399' title='bbox 2772 2729 3046 2784; x_wconf 88' lang='lat' dir='ltr'>laborens</span> <span class='ocrx_word' id='word_1_400' title='bbox 3069 2745 3276 2784; x_wconf 89' lang='lat' dir='ltr'>necem</span> <span class='ocrx_word' id='word_1_401' title='bbox 3301 2728 3411 2782; x_wconf 92' lang='lat' dir='ltr'>sibi</span> <span class='ocrx_word' id='word_1_402' title='bbox 3431 2726 3632 2781; x_wconf 88' lang='lat' dir='ltr'>inedia</span> 
     </span>
    </p>
   </div>
   <div class='ocr_carea' id='block_1_74' title="bbox 1981 2815 3629 2886">
    <p class='ocr_par' dir='ltr' id='par_1_74' title="bbox 1981 2815 3629 2886">
     <span class='ocr_line' id='line_1_74' title="bbox 1981 2815 3629 2886; baseline -0.002 -14"><span class='ocrx_word' id='word_1_403' title='bbox 1981 2818 2285 2884; x_wconf 90' lang='lat' dir='ltr'>conscivit,</span> <span class='ocrx_word' id='word_1_404' title='bbox 2319 2817 2544 2872; x_wconf 87' lang='lat' dir='ltr'>relictis</span> <span class='ocrx_word' id='word_1_405' title='bbox 2581 2817 2742 2884; x_wconf 80' lang='lat' dir='ltr'>ﬁliis,</span> <span class='ocrx_word' id='word_1_406' title='bbox 2784 2817 3123 2872; x_wconf 89' lang='lat' dir='ltr'>Aristarcho</span> <span class='ocrx_word' id='word_1_407' title='bbox 3171 2822 3229 2870; x_wconf 88' lang='lat' dir='ltr'>et</span> <span class='ocrx_word' id='word_1_408' title='bbox 3270 2815 3629 2886; x_wconf 87' lang='lat' dir='ltr'>Aristagora,</span> 
     </span>
    </p>
   </div>
   <div class='ocr_carea' id='block_1_75' title="bbox 1982 2902 3627 2976">
    <p class='ocr_par' dir='ltr' id='par_1_75' title="bbox 1982 2902 3627 2976">
     <span class='ocr_line' id='line_1_75' title="bbox 1982 2902 3627 2976; baseline -0.002 -17"><span class='ocrx_word' id='word_1_409' title='bbox 1982 2905 2208 2960; x_wconf 89' lang='lat' dir='ltr'>nullius</span> <span class='ocrx_word' id='word_1_410' title='bbox 2238 2905 2481 2976; x_wconf 89' lang='lat' dir='ltr'>ingenii,</span> <span class='ocrx_word' id='word_1_411' title='bbox 2517 2922 2587 2960; x_wconf 90' lang='lat' dir='ltr'>ex</span> <span class='ocrx_word' id='word_1_412' title='bbox 2618 2905 2832 2975; x_wconf 93' lang='lat' dir='ltr'>quibus</span> <span class='ocrx_word' id='word_1_413' title='bbox 2872 2905 3279 2960; x_wconf 89' lang='lat' dir='ltr'>Aristarchum</span> <span class='ocrx_word' id='word_1_414' title='bbox 3319 2902 3627 2957; x_wconf 88' lang='lat' dir='ltr'>venditum</span> 
     </span>
    </p>
   </div>
   <div class='ocr_carea' id='block_1_76' title="bbox 1981 2994 2810 3049">
    <p class='ocr_par' dir='ltr' id='par_1_76' title="bbox 1981 2994 2810 3049">
     <span class='ocr_line' id='line_1_76' title="bbox 1981 2994 2810 3049; baseline -0.001 0"><span class='ocrx_word' id='word_1_415' title='bbox 1981 2994 2378 3049; x_wconf 89' lang='lat' dir='ltr'>Athenienses</span> <span class='ocrx_word' id='word_1_416' title='bbox 2407 2994 2810 3049; x_wconf 88' lang='lat' dir='ltr'>redemerunt.</span> 
     </span>
    </p>
   </div>
   <div class='ocr_carea' id='block_1_77' title="bbox 2052 3080 3629 3156">
    <p class='ocr_par' dir='ltr' id='par_1_77' title="bbox 2052 3080 3629 3156">
     <span class='ocr_line' id='line_1_77' title="bbox 2052 3080 3629 3156; baseline -0.003 -19"><span class='ocrx_word' id='word_1_417' title='bbox 2052 3085 2452 3151; x_wconf 86' lang='lat' dir='ltr'>Aristarchus,</span> <span class='ocrx_word' id='word_1_418' title='bbox 2493 3086 2790 3156; x_wconf 86' lang='lat' dir='ltr'>Tegeates,</span> <span class='ocrx_word' id='word_1_419' title='bbox 2848 3083 3120 3156; x_wconf 88' lang='lat' dir='ltr'>tragicus,</span> <span class='ocrx_word' id='word_1_420' title='bbox 3159 3081 3406 3153; x_wconf 82' lang='lat' dir='ltr'>aequalis</span> <span class='ocrx_word' id='word_1_421' title='bbox 3458 3080 3629 3134; x_wconf 86' lang='lat' dir='ltr'>Euri-</span> 
     </span>
    </p>
   </div>
   <div class='ocr_carea' id='block_1_78' title="bbox 1912 3170 3622 3267">
    <p class='ocr_par' dir='ltr' id='par_1_78' title="bbox 1912 3170 3622 3267">
     <span class='ocr_line' id='line_1_78' title="bbox 1912 3170 3622 3267; baseline -0.003 -40"><span class='ocrx_word' id='word_1_422' title='bbox 1912 3201 1955 3267; x_wconf 64' lang='grc' dir='ltr'>ρ</span> <span class='ocrx_word' id='word_1_423' title='bbox 1985 3172 2158 3267; x_wconf 80' lang='lat' dir='ltr'>pidis,</span> <span class='ocrx_word' id='word_1_424' title='bbox 2189 3174 2289 3267; x_wconf 83' lang='lat' dir='ltr'>qui</span> <span class='ocrx_word' id='word_1_425' title='bbox 2328 3173 2557 3267; x_wconf 75' lang='lat' dir='ltr'>primus</span> <span class='ocrx_word' id='word_1_426' title='bbox 2597 3173 2867 3267; x_wconf 81' lang='lat' dir='ltr'>dramata</span> <span class='ocrx_word' id='word_1_427' title='bbox 2904 3173 2978 3227; x_wconf 88' lang='lat' dir='ltr'>ad</span> <span class='ocrx_word' id='word_1_428' title='bbox 3017 3172 3183 3226; x_wconf 88' lang='lat' dir='ltr'>illam</span> <span class='ocrx_word' id='word_1_429' title='bbox 3214 3170 3622 3267; x_wconf 68' lang='lat' dir='ltr'>prolixitatem</span> 
     </span>
    </p>
   </div>
   <div class='ocr_carea' id='block_1_79' title="bbox 1988 3258 3628 3334">
    <p class='ocr_par' dir='ltr' id='par_1_79' title="bbox 1988 3258 3628 3334">
     <span class='ocr_line' id='line_1_79' title="bbox 1988 3258 3628 3334; baseline -0.003 -18"><span class='ocrx_word' id='word_1_430' title='bbox 1988 3261 2285 3334; x_wconf 89' lang='lat' dir='ltr'>produxit,</span> <span class='ocrx_word' id='word_1_431' title='bbox 2347 3261 2550 3316; x_wconf 89' lang='lat' dir='ltr'>docuit</span> <span class='ocrx_word' id='word_1_432' title='bbox 2609 3261 2920 3331; x_wconf 70' lang='lat' dir='ltr'>tragaadias</span> <span class='ocrx_word' id='word_1_433' title='bbox 2977 3262 3140 3327; x_wconf 85' lang='lat' dir='ltr'><strong>LXX,</strong></span> <span class='ocrx_word' id='word_1_434' title='bbox 3189 3259 3329 3314; x_wconf 91' lang='lat' dir='ltr'>vicit</span> <span class='ocrx_word' id='word_1_435' title='bbox 3377 3258 3628 3313; x_wconf 88' lang='lat' dir='ltr'>duabus.</span> 
     </span>
    </p>
   </div>
   <div class='ocr_carea' id='block_1_80' title="bbox 1988 3346 3632 3420">
    <p class='ocr_par' dir='ltr' id='par_1_80' title="bbox 1988 3346 3632 3420">
     <span class='ocr_line' id='line_1_80' title="bbox 1988 3346 3632 3420; baseline -0.003 -15"><span class='ocrx_word' id='word_1_436' title='bbox 1988 3351 2142 3406; x_wconf 91' lang='lat' dir='ltr'>Obiit</span> <span class='ocrx_word' id='word_1_437' title='bbox 2171 3350 2512 3405; x_wconf 89' lang='lat' dir='ltr'>centenario</span> <span class='ocrx_word' id='word_1_438' title='bbox 2562 3349 2771 3420; x_wconf 88' lang='lat' dir='ltr'>major.</span> <span class='ocrx_word' id='word_1_439' title='bbox 2833 3349 3030 3404; x_wconf 89' lang='lat' dir='ltr'>Morbo</span> <span class='ocrx_word' id='word_1_440' title='bbox 3089 3364 3224 3405; x_wconf 90' lang='lat' dir='ltr'>cum</span> <span class='ocrx_word' id='word_1_441' title='bbox 3282 3346 3632 3414; x_wconf 88' lang='lat' dir='ltr'>laborasset,</span> 
     </span>
    </p>
   </div>
   <div class='ocr_carea' id='block_1_81' title="bbox 1987 3437 3632 3512">
    <p class='ocr_par' dir='ltr' id='par_1_81' title="bbox 1987 3437 3632 3512">
     <span class='ocr_line' id='line_1_81' title="bbox 1987 3437 3632 3512; baseline -0.004 -17"><span class='ocrx_word' id='word_1_442' title='bbox 1987 3441 2318 3512; x_wconf 63' lang='lat' dir='ltr'>Aisculapio</span> <span class='ocrx_word' id='word_1_443' title='bbox 2363 3457 2469 3511; x_wconf 91' lang='lat' dir='ltr'>pro</span> <span class='ocrx_word' id='word_1_444' title='bbox 2528 3441 2801 3495; x_wconf 89' lang='lat' dir='ltr'>restituta</span> <span class='ocrx_word' id='word_1_445' title='bbox 2856 3439 3192 3494; x_wconf 88' lang='lat' dir='ltr'>valetudine</span> <span class='ocrx_word' id='word_1_446' title='bbox 3244 3437 3452 3492; x_wconf 89' lang='lat' dir='ltr'>drama</span> <span class='ocrx_word' id='word_1_447' title='bbox 3505 3437 3632 3490; x_wconf 86' lang='grc' dir='ltr'>’Λσ-</span> 
     </span>
    </p>
   </div>
   <div class='ocr_carea' id='block_1_82' title="bbox 1986 3526 3343 3604">
    <p class='ocr_par' dir='ltr' id='par_1_82' title="bbox 1986 3526 3343 3604">
     <span class='ocr_line' id='line_1_82' title="bbox 1986 3526 3343 3604; baseline 0.001 -23"><span class='ocrx_word' id='word_1_448' title='bbox 1986 3526 2224 3598; x_wconf 80' lang='grc' dir='ltr'>κλήπιον</span> <span class='ocrx_word' id='word_1_449' title='bbox 2258 3528 2570 3584; x_wconf 86' lang='lat' dir='ltr'>dedicavit.</span> <span class='ocrx_word' id='word_1_450' title='bbox 3340 3597 3343 3604; x_wconf 29' lang='grc'><em>,</em></span> 
     </span>
    </p>
   </div>
   <div class='ocr_carea' id='block_1_83' title="bbox 2062 3615 3634 3684">
    <p class='ocr_par' dir='ltr' id='par_1_83' title="bbox 2062 3615 3634 3684">
     <span class='ocr_line' id='line_1_83' title="bbox 2062 3615 3634 3684; baseline -0.003 -12"><span class='ocrx_word' id='word_1_451' title='bbox 2062 3618 2343 3684; x_wconf 89' lang='lat' dir='ltr'>Aristeas,</span> <span class='ocrx_word' id='word_1_452' title='bbox 2380 3616 2822 3672; x_wconf 88' lang='lat' dir='ltr'>Democharidis</span> <span class='ocrx_word' id='word_1_453' title='bbox 2868 3621 2970 3670; x_wconf 90' lang='lat' dir='ltr'>aut</span> <span class='ocrx_word' id='word_1_454' title='bbox 3012 3615 3342 3671; x_wconf 86' lang='lat' dir='ltr'>Canstrobii</span> <span class='ocrx_word' id='word_1_455' title='bbox 3374 3617 3456 3680; x_wconf 92' lang='lat' dir='ltr'>F.,</span> <span class='ocrx_word' id='word_1_456' title='bbox 3490 3615 3634 3668; x_wconf 83' lang='lat' dir='ltr'>Pro-</span> 
     </span>
    </p>
   </div>
   <div class='ocr_carea' id='block_1_84' title="bbox 1992 3701 3638 3776">
    <p class='ocr_par' dir='ltr' id='par_1_84' title="bbox 1992 3701 3638 3776">
     <span class='ocr_line' id='line_1_84' title="bbox 1992 3701 3638 3776; baseline -0.005 -14"><span class='ocrx_word' id='word_1_457' title='bbox 1992 3706 2330 3771; x_wconf 91' lang='lat' dir='ltr'>connesius,</span> <span class='ocrx_word' id='word_1_458' title='bbox 2372 3712 2547 3776; x_wconf 88' lang='lat' dir='ltr'>poeta</span> <span class='ocrx_word' id='word_1_459' title='bbox 2603 3705 2823 3775; x_wconf 89' lang='lat' dir='ltr'>epicus,</span> <span class='ocrx_word' id='word_1_460' title='bbox 2885 3705 3124 3775; x_wconf 91' lang='lat' dir='ltr'>scripsit</span> <span class='ocrx_word' id='word_1_461' title='bbox 3172 3701 3638 3775; x_wconf 80' lang='grc' dir='ltr'>τὰ’Δριμάσπεια</span> 
     </span>
    </p>
   </div>
   <div class='ocr_carea' id='block_1_85' title="bbox 1991 3791 3637 3866">
    <p class='ocr_par' dir='ltr' id='par_1_85' title="bbox 1991 3791 3637 3866">
     <span class='ocr_line' id='line_1_85' title="bbox 1991 3791 3637 3866; baseline -0.002 -16"><span class='ocrx_word' id='word_1_462' title='bbox 1991 3794 2303 3866; x_wconf 76' lang='grc' dir='ltr'>καλούμενα</span> <span class='ocrx_word' id='word_1_463' title='bbox 2333 3791 2433 3862; x_wconf 78' lang='grc' dir='ltr'>ἔπη</span> <span class='ocrx_word' id='word_1_464' title='bbox 2469 3799 2715 3850; x_wconf 80' lang='lat' dir='ltr'>carmina</span> <span class='ocrx_word' id='word_1_465' title='bbox 2773 3796 3101 3863; x_wconf 85' lang='lat' dir='ltr'>Arimaspea</span> <span class='ocrx_word' id='word_1_466' title='bbox 3149 3794 3268 3848; x_wconf 90' lang='lat' dir='ltr'>sive</span> <span class='ocrx_word' id='word_1_467' title='bbox 3325 3793 3637 3847; x_wconf 89' lang='lat' dir='ltr'>historiam</span> 
     </span>
    </p>
   </div>
   <div class='ocr_carea' id='block_1_86' title="bbox 1992 3881 3643 3955">
    <p class='ocr_par' dir='ltr' id='par_1_86' title="bbox 1992 3881 3643 3955">
     <span class='ocr_line' id='line_1_86' title="bbox 1992 3881 3643 3955; baseline -0.002 -15"><span class='ocrx_word' id='word_1_468' title='bbox 1992 3886 2440 3955; x_wconf 88' lang='lat' dir='ltr'>Arimasporum</span> <span class='ocrx_word' id='word_1_469' title='bbox 2494 3883 3006 3955; x_wconf 85' lang='lat' dir='ltr'>Hyperboreorum</span> <span class='ocrx_word' id='word_1_470' title='bbox 3052 3883 3220 3936; x_wconf 91' lang='lat' dir='ltr'>libris</span> <span class='ocrx_word' id='word_1_471' title='bbox 3250 3883 3328 3936; x_wconf 92' lang='lat' dir='ltr'>III</span> <span class='ocrx_word' id='word_1_472' title='bbox 3358 3886 3416 3936; x_wconf 89' lang='lat' dir='ltr'>et</span> <span class='ocrx_word' id='word_1_473' title='bbox 3447 3881 3643 3936; x_wconf 86' lang='lat' dir='ltr'>soluta</span> 
     </span>
    </p>
   </div>
   <div class='ocr_carea' id='block_1_87' title="bbox 1995 3968 3636 4039">
    <p class='ocr_par' dir='ltr' id='par_1_87' title="bbox 1995 3968 3636 4039">
     <span class='ocr_line' id='line_1_87' title="bbox 1995 3968 3636 4039; baseline -0.005 -10"><span class='ocrx_word' id='word_1_474' title='bbox 1995 3975 2260 4030; x_wconf 89' lang='lat' dir='ltr'>oratione</span> <span class='ocrx_word' id='word_1_475' title='bbox 2282 3972 2593 4038; x_wconf 90' lang='lat' dir='ltr'>nonnulla,</span> <span class='ocrx_word' id='word_1_476' title='bbox 2646 3978 2700 4025; x_wconf 85' lang='lat' dir='ltr'>et</span> <span class='ocrx_word' id='word_1_477' title='bbox 2749 3971 3114 4039; x_wconf 85' lang='lat' dir='ltr'>Theogoniam</span> <span class='ocrx_word' id='word_1_478' title='bbox 3145 3969 3409 4024; x_wconf 89' lang='lat' dir='ltr'>versibus</span> <span class='ocrx_word' id='word_1_479' title='bbox 3449 3968 3636 4022; x_wconf 90' lang='lat' dir='ltr'>mille.</span> 
     </span>
    </p>
   </div>
   <div class='ocr_carea' id='block_1_88' title="bbox 1995 4058 3637 4135">
    <p class='ocr_par' dir='ltr' id='par_1_88' title="bbox 1995 4058 3637 4135">
     <span class='ocr_line' id='line_1_88' title="bbox 1995 4058 3637 4135; baseline -0.005 -16"><span class='ocrx_word' id='word_1_480' title='bbox 1995 4064 2248 4135; x_wconf 63' lang='lat' dir='ltr'>[Aristim</span> <span class='ocrx_word' id='word_1_481' title='bbox 2278 4061 2561 4127; x_wconf 87' lang='lat' dir='ltr'>fabulam,</span> <span class='ocrx_word' id='word_1_482' title='bbox 2586 4060 2812 4130; x_wconf 84' lang='lat' dir='ltr'>Cyclops</span> <span class='ocrx_word' id='word_1_483' title='bbox 2842 4066 3126 4128; x_wconf 88' lang='lat' dir='ltr'>vocatam,</span> <span class='ocrx_word' id='word_1_484' title='bbox 3175 4063 3471 4114; x_wconf 89' lang='lat' dir='ltr'>memorat</span> <span class='ocrx_word' id='word_1_485' title='bbox 3499 4058 3637 4111; x_wconf 91' lang='lat' dir='ltr'>Sui-</span> 
     </span>
    </p>
   </div>
   <div class='ocr_carea' id='block_1_89' title="bbox 1995 4149 3246 4223">
    <p class='ocr_par' dir='ltr' id='par_1_89' title="bbox 1995 4149 3246 4223">
     <span class='ocr_line' id='line_1_89' title="bbox 1995 4149 3246 4223; baseline -0.005 -15"><span class='ocrx_word' id='word_1_486' title='bbox 1995 4153 2102 4208; x_wconf 90' lang='lat' dir='ltr'>das</span> <span class='ocrx_word' id='word_1_487' title='bbox 2131 4153 2174 4218; x_wconf 89' lang='grc' dir='ltr'>Ι,</span> <span class='ocrx_word' id='word_1_488' title='bbox 2209 4167 2337 4223; x_wconf 88' lang='lat' dir='ltr'>pag.</span> <span class='ocrx_word' id='word_1_489' title='bbox 2373 4153 2496 4217; x_wconf 70' lang='lat'>324,</span> <span class='ocrx_word' id='word_1_490' title='bbox 2523 4149 2624 4204; x_wconf 91' lang='lat' dir='ltr'>ubi</span> <span class='ocrx_word' id='word_1_491' title='bbox 2655 4167 2705 4203; x_wconf 91' lang='lat' dir='ltr'>v.</span> <span class='ocrx_word' id='word_1_492' title='bbox 2736 4149 2967 4204; x_wconf 85' lang='lat' dir='ltr'>Kusteri</span> <span class='ocrx_word' id='word_1_493' title='bbox 2999 4154 3120 4204; x_wconf 91' lang='lat' dir='ltr'>not.</span> <span class='ocrx_word' id='word_1_494' title='bbox 3158 4149 3246 4219; x_wconf 85' lang='grc'>1.]</span> 
     </span>
    </p>
   </div>
   <div class='ocr_carea' id='block_1_90' title="bbox 1995 4234 3642 4306">
    <p class='ocr_par' dir='ltr' id='par_1_90' title="bbox 1995 4234 3642 4306">
     <span class='ocr_line' id='line_1_90' title="bbox 1995 4234 3642 4306; baseline -0.005 -10"><span class='ocrx_word' id='word_1_495' title='bbox 1995 4239 2309 4306; x_wconf 84' lang='lat' dir='ltr'>Aristides,</span> <span class='ocrx_word' id='word_1_496' title='bbox 2365 4237 2772 4303; x_wconf 81' lang='lat' dir='ltr'>Adrianensis,</span> <span class='ocrx_word' id='word_1_497' title='bbox 2833 4254 2904 4292; x_wconf 92' lang='lat' dir='ltr'>ex</span> <span class='ocrx_word' id='word_1_498' title='bbox 2959 4236 3235 4290; x_wconf 88' lang='lat' dir='ltr'>Adrianis</span> <span class='ocrx_word' id='word_1_499' title='bbox 3295 4235 3489 4305; x_wconf 66' lang='lat' dir='ltr'>Mysia:</span> <span class='ocrx_word' id='word_1_500' title='bbox 3523 4234 3642 4288; x_wconf 85' lang='lat' dir='ltr'>sive</span> 
     </span>
    </p>
   </div>
   <div class='ocr_carea' id='block_1_91' title="bbox 1996 4323 3643 4400">
    <p class='ocr_par' dir='ltr' id='par_1_91' title="bbox 1996 4323 3643 4400">
     <span class='ocr_line' id='line_1_91' title="bbox 1996 4323 3643 4400; baseline -0.005 -16"><span class='ocrx_word' id='word_1_501' title='bbox 1996 4329 2306 4400; x_wconf 63' lang='lat' dir='ltr'>Bithynia),</span> <span class='ocrx_word' id='word_1_502' title='bbox 2341 4327 2626 4398; x_wconf 81' lang='lat' dir='ltr'>SOphista,</span> <span class='ocrx_word' id='word_1_503' title='bbox 2659 4326 2999 4382; x_wconf 87' lang='lat' dir='ltr'>Polemonis</span> <span class='ocrx_word' id='word_1_504' title='bbox 3049 4325 3335 4397; x_wconf 62' lang='lat' dir='ltr'>Smyrnaei</span> <span class='ocrx_word' id='word_1_505' title='bbox 3387 4323 3643 4378; x_wconf 89' lang='lat' dir='ltr'>rhetoris</span> 
     </span>
    </p>
   </div>
   <div class='ocr_carea' id='block_1_92' title="bbox 1996 4409 3647 4488">
    <p class='ocr_par' dir='ltr' id='par_1_92' title="bbox 1996 4409 3647 4488">
     <span class='ocr_line' id='line_1_92' title="bbox 1996 4409 3647 4488; baseline -0.006 -16"><span class='ocrx_word' id='word_1_506' title='bbox 1996 4416 2346 4488; x_wconf 87' lang='lat' dir='ltr'>discipulus,</span> <span class='ocrx_word' id='word_1_507' title='bbox 2381 4415 2538 4470; x_wconf 80' lang='lat' dir='ltr'>[ilius</span> <span class='ocrx_word' id='word_1_508' title='bbox 2573 4415 2930 4469; x_wconf 84' lang='lat' dir='ltr'>Eudemonis</span> <span class='ocrx_word' id='word_1_509' title='bbox 2990 4413 3325 4484; x_wconf 88' lang='lat' dir='ltr'>philosophi</span> <span class='ocrx_word' id='word_1_510' title='bbox 3384 4409 3647 4464; x_wconf 88' lang='lat' dir='ltr'>ﬂaminis</span> 
     </span>
    </p>
   </div>
   <div class='ocr_carea' id='block_1_93' title="bbox 313 4481 3645 4604">
    <p class='ocr_par' dir='ltr' id='par_1_93' title="bbox 313 4481 3645 4604">
     <span class='ocr_line' id='line_1_93' title="bbox 313 4481 3645 4604; baseline -0.003 -42"><span class='ocrx_word' id='word_1_511' title='bbox 313 4508 670 4604; x_wconf 87' lang='lat' dir='ltr'>Archippus,</span> <span class='ocrx_word' id='word_1_512' title='bbox 702 4481 1114 4604; x_wconf 62' lang='lat' dir='ltr'>Atheniensis,</span> <span class='ocrx_word' id='word_1_513' title='bbox 1131 4503 1392 4602; x_wconf 86' lang='lat' dir='ltr'>comicus</span> <span class='ocrx_word' id='word_1_514' title='bbox 1431 4502 1731 4573; x_wconf 90' lang='lat' dir='ltr'>antiquus,</span> <span class='ocrx_word' id='word_1_515' title='bbox 1757 4501 1878 4588; x_wconf 57' lang='lat' dir='ltr'>qui,</span> <span class='ocrx_word' id='word_1_516' title='bbox 1925 4540 1968 4604; x_wconf 69' lang='grc' dir='ltr'><strong>Β</strong></span> <span class='ocrx_word' id='word_1_517' title='bbox 2001 4481 2183 4562; x_wconf 75' lang='lat' dir='ltr'>Dialis</span> <span class='ocrx_word' id='word_1_518' title='bbox 2216 4506 2277 4559; x_wconf 93' lang='lat' dir='ltr'>in</span> <span class='ocrx_word' id='word_1_519' title='bbox 2308 4481 2513 4604; x_wconf 39' lang='lat' dir='ltr'>patria.</span> <span class='ocrx_word' id='word_1_520' title='bbox 2533 4521 2657 4602; x_wconf 82' lang='lat' dir='ltr'>sua.</span> <span class='ocrx_word' id='word_1_521' title='bbox 2678 4504 2931 4604; x_wconf 40' lang='lat' dir='ltr'>[Athenis</span> <span class='ocrx_word' id='word_1_522' title='bbox 2964 4481 3254 4600; x_wconf 65' lang='lat' dir='ltr'>Herodem</span> <span class='ocrx_word' id='word_1_523' title='bbox 3375 4497 3645 4604; x_wconf 85' lang='lat' dir='ltr'>Pergami</span> 
     </span>
    </p>
   </div>
   <div class='ocr_carea' id='block_1_94' title="bbox 242 4594 1151 4667">
    <p class='ocr_par' dir='ltr' id='par_1_94' title="bbox 242 4594 1151 4667">
     <span class='ocr_line' id='line_1_94' title="bbox 242 4594 1151 4667; baseline -0.007 -15"><span class='ocrx_word' id='word_1_524' title='bbox 242 4597 434 4652; x_wconf 88' lang='lat' dir='ltr'>semel</span> <span class='ocrx_word' id='word_1_525' title='bbox 463 4596 602 4650; x_wconf 85' lang='lat' dir='ltr'>vicit</span> <span class='ocrx_word' id='word_1_526' title='bbox 629 4595 963 4667; x_wconf 86' lang='lat' dir='ltr'>Olympiade</span> <span class='ocrx_word' id='word_1_527' title='bbox 995 4594 1151 4664; x_wconf 62' lang='lat' dir='ltr'><strong>XCI.§</strong></span> 
     </span>
    </p>
   </div>
   <div class='ocr_carea' id='block_1_95' title="bbox 318 4678 1890 4754">
    <p class='ocr_par' dir='ltr' id='par_1_95' title="bbox 318 4678 1890 4754">
     <span class='ocr_line' id='line_1_95' title="bbox 318 4678 1890 4754; baseline -0.003 -16"><span class='ocrx_word' id='word_1_528' title='bbox 318 4685 622 4754; x_wconf 79' lang='lat' dir='ltr'>Archytas,</span> <span class='ocrx_word' id='word_1_529' title='bbox 655 4684 1029 4750; x_wconf 89' lang='lat' dir='ltr'>Tarentinus,</span> <span class='ocrx_word' id='word_1_530' title='bbox 1063 4681 1373 4736; x_wconf 71' lang='lat' dir='ltr'>HestiaiiF.</span> <span class='ocrx_word' id='word_1_531' title='bbox 1417 4685 1518 4735; x_wconf 92' lang='lat' dir='ltr'>aut</span> <span class='ocrx_word' id='word_1_532' title='bbox 1565 4678 1890 4734; x_wconf 81' lang='lat' dir='ltr'>Mnesarchi</span> 
     </span>
    </p>
   </div>
   <div class='ocr_carea' id='block_1_96' title="bbox 245 4767 1896 4845">
    <p class='ocr_par' dir='ltr' id='par_1_96' title="bbox 245 4767 1896 4845">
     <span class='ocr_line' id='line_1_96' title="bbox 245 4767 1896 4845; baseline -0.003 -19"><span class='ocrx_word' id='word_1_533' title='bbox 245 4773 338 4827; x_wconf 88' lang='lat' dir='ltr'>vel</span> <span class='ocrx_word' id='word_1_534' title='bbox 371 4773 745 4845; x_wconf 77' lang='lat' dir='ltr'>Mnasagorze,</span> <span class='ocrx_word' id='word_1_535' title='bbox 769 4771 1159 4844; x_wconf 87' lang='lat' dir='ltr'>philosophus</span> <span class='ocrx_word' id='word_1_536' title='bbox 1181 4769 1622 4841; x_wconf 84' lang='lat' dir='ltr'>Pythagoricus,</span> <span class='ocrx_word' id='word_1_537' title='bbox 1646 4768 1746 4838; x_wconf 89' lang='lat' dir='ltr'>qui</span> <span class='ocrx_word' id='word_1_538' title='bbox 1770 4767 1896 4822; x_wconf 89' lang='lat' dir='ltr'>Pla-</span> 
     </span>
    </p>
   </div>
   <div class='ocr_carea' id='block_1_97' title="bbox 248 4859 1899 4929">
    <p class='ocr_par' dir='ltr' id='par_1_97' title="bbox 248 4859 1899 4929">
     <span class='ocr_line' id='line_1_97' title="bbox 248 4859 1899 4929; baseline -0.004 -13"><span class='ocrx_word' id='word_1_539' title='bbox 248 4867 451 4916; x_wconf 88' lang='lat' dir='ltr'>tonem</span> <span class='ocrx_word' id='word_1_540' title='bbox 484 4863 752 4929; x_wconf 86' lang='lat' dir='ltr'>servavit,</span> <span class='ocrx_word' id='word_1_541' title='bbox 804 4878 938 4916; x_wconf 91' lang='lat' dir='ltr'>cum</span> <span class='ocrx_word' id='word_1_542' title='bbox 998 4877 1131 4915; x_wconf 92' lang='lat' dir='ltr'>eum</span> <span class='ocrx_word' id='word_1_543' title='bbox 1189 4859 1262 4914; x_wconf 88' lang='lat' dir='ltr'>ad</span> <span class='ocrx_word' id='word_1_544' title='bbox 1321 4864 1574 4914; x_wconf 91' lang='lat' dir='ltr'>mortem</span> <span class='ocrx_word' id='word_1_545' title='bbox 1605 4860 1899 4927; x_wconf 71' lang='lat' dir='ltr'>quaareret</span> 
     </span>
    </p>
   </div>
   <div class='ocr_carea' id='block_1_98' title="bbox 250 4945 1899 5023">
    <p class='ocr_par' dir='ltr' id='par_1_98' title="bbox 250 4945 1899 5023">
     <span class='ocr_line' id='line_1_98' title="bbox 250 4945 1899 5023; baseline -0.005 -17"><span class='ocrx_word' id='word_1_546' title='bbox 250 4952 570 5023; x_wconf 88' lang='lat' dir='ltr'>Dionysius</span> <span class='ocrx_word' id='word_1_547' title='bbox 622 4956 929 5022; x_wconf 87' lang='lat' dir='ltr'>tyrannus.</span> <span class='ocrx_word' id='word_1_548' title='bbox 964 4948 1336 5020; x_wconf 90' lang='lat' dir='ltr'>Empedoclis</span> <span class='ocrx_word' id='word_1_549' title='bbox 1353 4946 1681 5018; x_wconf 89' lang='lat' dir='ltr'>discipulus</span> <span class='ocrx_word' id='word_1_550' title='bbox 1711 4945 1899 5016; x_wconf 90' lang='lat' dir='ltr'>philo-</span> 
     </span>
    </p>
   </div>
   <div class='ocr_carea' id='block_1_99' title="bbox 255 5037 1900 5110">
    <p class='ocr_par' dir='ltr' id='par_1_99' title="bbox 255 5037 1900 5110">
     <span class='ocr_line' id='line_1_99' title="bbox 255 5037 1900 5110; baseline -0.005 -16"><span class='ocrx_word' id='word_1_551' title='bbox 255 5041 525 5110; x_wconf 87' lang='lat' dir='ltr'>s0phiam</span> <span class='ocrx_word' id='word_1_552' title='bbox 551 5041 752 5096; x_wconf 91' lang='lat' dir='ltr'>docuit</span> <span class='ocrx_word' id='word_1_553' title='bbox 773 5037 1309 5108; x_wconf 90' lang='lat' dir='ltr'>multosquelibros</span> <span class='ocrx_word' id='word_1_554' title='bbox 1331 5037 1585 5107; x_wconf 90' lang='lat' dir='ltr'>scripsit.</span> <span class='ocrx_word' id='word_1_555' title='bbox 1620 5037 1900 5090; x_wconf 85' lang='lat' dir='ltr'>Inventor</span> 
     </span>
    </p>
   </div>
   <div class='ocr_carea' id='block_1_100' title="bbox 254 5119 1904 5202">
    <p class='ocr_par' dir='ltr' id='par_1_100' title="bbox 254 5119 1904 5202">
     <span class='ocr_line' id='line_1_100' title="bbox 254 5119 1904 5202; baseline -0.004 -21"><span class='ocrx_word' id='word_1_556' title='bbox 254 5127 542 5202; x_wconf 52' lang='grc' dir='ltr'>πλατμιγῆς</span> <span class='ocrx_word' id='word_1_557' title='bbox 577 5131 696 5184; x_wconf 88' lang='lat' dir='ltr'>sive</span> <span class='ocrx_word' id='word_1_558' title='bbox 726 5127 1092 5200; x_wconf 87' lang='lat' dir='ltr'>crepitaculi.</span> <span class='ocrx_word' id='word_1_559' title='bbox 1150 5128 1254 5178; x_wconf 79' lang='grc' dir='ltr'>Τοῦ</span> <span class='ocrx_word' id='word_1_560' title='bbox 1284 5127 1471 5178; x_wconf 79' lang='grc' dir='ltr'>κοινοῦ</span> <span class='ocrx_word' id='word_1_561' title='bbox 1517 5126 1624 5177; x_wconf 78' lang='grc' dir='ltr'>τῶν</span> <span class='ocrx_word' id='word_1_562' title='bbox 1654 5119 1904 5176; x_wconf 84' lang='grc' dir='ltr'>Ἰταλιω-</span> 
     </span>
    </p>
   </div>
   <div class='ocr_carea' id='block_1_101' title="bbox 254 5209 1904 5293">
    <p class='ocr_par' dir='ltr' id='par_1_101' title="bbox 254 5209 1904 5293">
     <span class='ocr_line' id='line_1_101' title="bbox 254 5209 1904 5293; baseline -0.004 -21"><span class='ocrx_word' id='word_1_563' title='bbox 254 5222 364 5272; x_wconf 80' lang='grc' dir='ltr'>τῶν</span> <span class='ocrx_word' id='word_1_564' title='bbox 425 5216 687 5293; x_wconf 72' lang='grc' dir='ltr'>προέστη,</span> <span class='ocrx_word' id='word_1_565' title='bbox 757 5216 1053 5290; x_wconf 72' lang='grc' dir='ltr'>στρατηγὸς</span> <span class='ocrx_word' id='word_1_566' title='bbox 1109 5211 1337 5285; x_wconf 75' lang='grc' dir='ltr'>αἱρεθεὶς</span> <span class='ocrx_word' id='word_1_567' title='bbox 1388 5209 1736 5286; x_wconf 74' lang='grc' dir='ltr'>αὐτοκράτωρ</span> <span class='ocrx_word' id='word_1_568' title='bbox 1800 5211 1904 5265; x_wconf 82' lang='grc' dir='ltr'>ὑπὸ</span> 
     </span>
    </p>
   </div>
   <div class='ocr_carea' id='block_1_102' title="bbox 258 5297 1908 5374">
    <p class='ocr_par' dir='ltr' id='par_1_102' title="bbox 258 5297 1908 5374">
     <span class='ocr_line' id='line_1_102' title="bbox 258 5297 1908 5374; baseline -0.005 -14"><span class='ocrx_word' id='word_1_569' title='bbox 258 5310 368 5361; x_wconf 80' lang='grc' dir='ltr'>τῶν</span> <span class='ocrx_word' id='word_1_570' title='bbox 397 5304 640 5360; x_wconf 84' lang='grc' dir='ltr'>πολιτῶν</span> <span class='ocrx_word' id='word_1_571' title='bbox 685 5305 775 5359; x_wconf 82' lang='grc' dir='ltr'>καὶ</span> <span class='ocrx_word' id='word_1_572' title='bbox 805 5309 912 5359; x_wconf 81' lang='grc' dir='ltr'>τῶν</span> <span class='ocrx_word' id='word_1_573' title='bbox 946 5301 1068 5374; x_wconf 74' lang='grc' dir='ltr'>περὶ</span> <span class='ocrx_word' id='word_1_574' title='bbox 1099 5307 1298 5356; x_wconf 81' lang='grc' dir='ltr'>εκεῖνον</span> <span class='ocrx_word' id='word_1_575' title='bbox 1357 5300 1448 5355; x_wconf 88' lang='grc' dir='ltr'>τὸν</span> <span class='ocrx_word' id='word_1_576' title='bbox 1506 5300 1671 5354; x_wconf 86' lang='grc' dir='ltr'>τόπον</span> <span class='ocrx_word' id='word_1_577' title='bbox 1706 5297 1908 5369; x_wconf 75' lang='grc' dir='ltr'>Ἐλλή-</span> 
     </span>
    </p>
   </div>
   <div class='ocr_carea' id='block_1_103' title="bbox 261 5391 1906 5463">
    <p class='ocr_par' dir='ltr' id='par_1_103' title="bbox 261 5391 1906 5463">
     <span class='ocr_line' id='line_1_103' title="bbox 261 5391 1906 5463; baseline -0.002 -16"><span class='ocrx_word' id='word_1_578' title='bbox 261 5416 392 5463; x_wconf 87' lang='grc' dir='ltr'>νων,</span> <span class='ocrx_word' id='word_1_579' title='bbox 419 5395 707 5451; x_wconf 87' lang='lat' dir='ltr'>Communi</span> <span class='ocrx_word' id='word_1_580' title='bbox 735 5396 1088 5450; x_wconf 85' lang='lat' dir='ltr'>Italiotarum</span> <span class='ocrx_word' id='word_1_581' title='bbox 1131 5392 1392 5463; x_wconf 66' lang='lat' dir='ltr'>prae/uit,</span> <span class='ocrx_word' id='word_1_582' title='bbox 1424 5392 1661 5446; x_wconf 79' lang='lat' dir='ltr'>dictator</span> <span class='ocrx_word' id='word_1_583' title='bbox 1690 5405 1724 5444; x_wconf 91' lang='lat' dir='ltr'>a</span> <span class='ocrx_word' id='word_1_584' title='bbox 1769 5391 1906 5445; x_wconf 85' lang='lat' dir='ltr'>civi-</span> 
     </span>
    </p>
   </div>
   <div class='ocr_carea' id='block_1_104' title="bbox 265 5484 1156 5539">
    <p class='ocr_par' dir='ltr' id='par_1_104' title="bbox 265 5484 1156 5539">
     <span class='ocr_line' id='line_1_104' title="bbox 265 5484 1156 5539; baseline -0.004 -1"><span class='ocrx_word' id='word_1_585' title='bbox 265 5485 360 5538; x_wconf 88' lang='lat' dir='ltr'>bus</span> <span class='ocrx_word' id='word_1_586' title='bbox 389 5485 665 5539; x_wconf 78' lang='lat' dir='ltr'>et‘vicinis</span> <span class='ocrx_word' id='word_1_587' title='bbox 697 5484 898 5539; x_wconf 67' lang='lat' dir='ltr'>Graecis</span> <span class='ocrx_word' id='word_1_588' title='bbox 925 5486 1156 5537; x_wconf 84' lang='lat' dir='ltr'>creatus.</span> 
     </span>
    </p>
   </div>
   <div class='ocr_carea' id='block_1_105' title="bbox 330 5566 1906 5640">
    <p class='ocr_par' dir='ltr' id='par_1_105' title="bbox 330 5566 1906 5640">
     <span class='ocr_line' id='line_1_105' title="bbox 330 5566 1906 5640; baseline -0.003 -15"><span class='ocrx_word' id='word_1_589' title='bbox 330 5573 631 5640; x_wconf 88' lang='lat' dir='ltr'>Arctinus,</span> <span class='ocrx_word' id='word_1_590' title='bbox 661 5571 940 5637; x_wconf 84' lang='lat' dir='ltr'>Milesius,</span> <span class='ocrx_word' id='word_1_591' title='bbox 975 5574 1170 5640; x_wconf 89' lang='lat' dir='ltr'>poeta,</span> <span class='ocrx_word' id='word_1_592' title='bbox 1205 5567 1440 5623; x_wconf 80' lang='lat' dir='ltr'>Homeri</span> <span class='ocrx_word' id='word_1_593' title='bbox 1479 5567 1569 5636; x_wconf 88' lang='lat' dir='ltr'>(ut</span> <span class='ocrx_word' id='word_1_594' title='bbox 1612 5566 1694 5621; x_wconf 90' lang='lat' dir='ltr'>ait</span> <span class='ocrx_word' id='word_1_595' title='bbox 1736 5567 1906 5620; x_wconf 85' lang='lat' dir='ltr'>Arte-</span> 
     </span>
    </p>
   </div>
   <div class='ocr_carea' id='block_1_106' title="bbox 258 5653 1905 5731">
    <p class='ocr_par' dir='ltr' id='par_1_106' title="bbox 258 5653 1905 5731">
     <span class='ocr_line' id='line_1_106' title="bbox 258 5653 1905 5731; baseline -0.002 -17"><span class='ocrx_word' id='word_1_596' title='bbox 258 5660 445 5731; x_wconf 90' lang='lat' dir='ltr'>mon),</span> <span class='ocrx_word' id='word_1_597' title='bbox 480 5658 808 5730; x_wconf 90' lang='lat' dir='ltr'>discipulus</span> <span class='ocrx_word' id='word_1_598' title='bbox 835 5665 893 5714; x_wconf 90' lang='lat' dir='ltr'>et</span> <span class='ocrx_word' id='word_1_599' title='bbox 921 5663 1122 5713; x_wconf 89' lang='lat' dir='ltr'>tamen</span> <span class='ocrx_word' id='word_1_600' title='bbox 1152 5655 1365 5711; x_wconf 84' lang='lat' dir='ltr'>vixisse</span> <span class='ocrx_word' id='word_1_601' title='bbox 1411 5655 1628 5710; x_wconf 90' lang='lat' dir='ltr'>dicitur</span> <span class='ocrx_word' id='word_1_602' title='bbox 1683 5653 1905 5726; x_wconf 90' lang='lat' dir='ltr'>olymp.</span> 
     </span>
    </p>
   </div>
   <div class='ocr_carea' id='block_1_107' title="bbox 544 5775 1262 5841">
    <p class='ocr_par' dir='ltr' id='par_1_107' title="bbox 544 5775 1262 5841">
     <span class='ocr_line' id='line_1_107' title="bbox 544 5775 1262 5841; baseline -0.01 0"><span class='ocrx_word' id='word_1_603' title='bbox 544 5779 806 5841; x_wconf 76' lang='lat' dir='ltr'>PATROL.</span> <span class='ocrx_word' id='word_1_604' title='bbox 852 5780 945 5840; x_wconf 76' lang='lat' dir='ltr'>Gn</span> <span class='ocrx_word' id='word_1_605' title='bbox 959 5819 976 5838; x_wconf 93' lang='lat'>.</span> <span class='ocrx_word' id='word_1_606' title='bbox 1018 5775 1262 5840; x_wconf 83' lang='lat' dir='ltr'><strong>CXVII.</strong></span> 
     </span>
    </p>
   </div>
   <div class='ocr_carea' id='block_1_108' title="bbox 2001 4587 3650 4660">
    <p class='ocr_par' dir='ltr' id='par_1_108' title="bbox 2001 4587 3650 4660">
     <span class='ocr_line' id='line_1_108' title="bbox 2001 4587 3650 4660; baseline -0.006 -11"><span class='ocrx_word' id='word_1_607' title='bbox 2001 4594 2372 4650; x_wconf 90' lang='lat' dir='ltr'>Aristochem</span> <span class='ocrx_word' id='word_1_608' title='bbox 2403 4593 2644 4658; x_wconf 89' lang='lat' dir='ltr'>audivit,</span> <span class='ocrx_word' id='word_1_609' title='bbox 2673 4592 2990 4660; x_wconf 87' lang='lat' dir='ltr'>ﬂoruitque</span> <span class='ocrx_word' id='word_1_610' title='bbox 3018 4589 3302 4644; x_wconf 89' lang='lat' dir='ltr'>Antonini</span> <span class='ocrx_word' id='word_1_611' title='bbox 3333 4587 3473 4656; x_wconf 90' lang='lat' dir='ltr'>imp.</span> <span class='ocrx_word' id='word_1_612' title='bbox 3504 4591 3650 4640; x_wconf 87' lang='lat' dir='ltr'>tem-</span> 
     </span>
    </p>
   </div>
   <div class='ocr_carea' id='block_1_109' title="bbox 2002 4672 3644 4755">
    <p class='ocr_par' dir='ltr' id='par_1_109' title="bbox 2002 4672 3644 4755">
     <span class='ocr_line' id='line_1_109' title="bbox 2002 4672 3644 4755; baseline -0.008 -17"><span class='ocrx_word' id='word_1_613' title='bbox 2002 4700 2144 4755; x_wconf 88' lang='lat' dir='ltr'>pore</span> <span class='ocrx_word' id='word_1_614' title='bbox 2177 4688 2234 4737; x_wconf 89' lang='lat' dir='ltr'>et</span> <span class='ocrx_word' id='word_1_615' title='bbox 2289 4682 2468 4735; x_wconf 89' lang='lat' dir='ltr'>vitam</span> <span class='ocrx_word' id='word_1_616' title='bbox 2525 4696 2711 4750; x_wconf 90' lang='lat' dir='ltr'>usque</span> <span class='ocrx_word' id='word_1_617' title='bbox 2770 4680 2845 4734; x_wconf 93' lang='lat' dir='ltr'>ad</span> <span class='ocrx_word' id='word_1_618' title='bbox 2904 4677 3290 4732; x_wconf 90' lang='lat' dir='ltr'>Commodum</span> <span class='ocrx_word' id='word_1_619' title='bbox 3348 4672 3644 4746; x_wconf 87' lang='lat' dir='ltr'>produxit.</span> 
     </span>
    </p>
   </div>
   <div class='ocr_carea' id='block_1_110' title="bbox 2004 4761 3652 4840">
    <p class='ocr_par' dir='ltr' id='par_1_110' title="bbox 2004 4761 3652 4840">
     <span class='ocr_line' id='line_1_110' title="bbox 2004 4761 3652 4840; baseline -0.007 -14"><span class='ocrx_word' id='word_1_620' title='bbox 2004 4771 2312 4827; x_wconf 91' lang='lat' dir='ltr'>Orationes</span> <span class='ocrx_word' id='word_1_621' title='bbox 2345 4769 2474 4840; x_wconf 88' lang='lat' dir='ltr'>ejus</span> <span class='ocrx_word' id='word_1_622' title='bbox 2505 4785 2679 4839; x_wconf 92' lang='lat' dir='ltr'>quam</span> <span class='ocrx_word' id='word_1_623' title='bbox 2704 4767 2998 4838; x_wconf 68' lang='lat' dir='ltr'>plurima),</span> <span class='ocrx_word' id='word_1_624' title='bbox 3032 4766 3161 4820; x_wconf 68' lang='lat' dir='ltr'>aliae</span> <span class='ocrx_word' id='word_1_625' title='bbox 3184 4763 3343 4836; x_wconf 87' lang='lat' dir='ltr'>apud</span> <span class='ocrx_word' id='word_1_626' title='bbox 3373 4762 3521 4816; x_wconf 90' lang='lat' dir='ltr'>alios</span> <span class='ocrx_word' id='word_1_627' title='bbox 3544 4761 3652 4815; x_wconf 86' lang='lat' dir='ltr'>cir-</span> 
     </span>
    </p>
   </div>
   <div class='ocr_carea' id='block_1_111' title="bbox 2008 4858 2439 4915">
    <p class='ocr_par' dir='ltr' id='par_1_111' title="bbox 2008 4858 2439 4915">
     <span class='ocr_line' id='line_1_111' title="bbox 2008 4858 2439 4915; baseline -0.014 0"><span class='ocrx_word' id='word_1_628' title='bbox 2008 4858 2439 4915; x_wconf 80' lang='lat' dir='ltr'>cumferuntur.</span> 
     </span>
    </p>
   </div>
   <div class='ocr_carea' id='block_1_112' title="bbox 2080 4934 3654 5014">
    <p class='ocr_par' dir='ltr' id='par_1_112' title="bbox 2080 4934 3654 5014">
     <span class='ocr_line' id='line_1_112' title="bbox 2080 4934 3654 5014; baseline -0.008 -14"><span class='ocrx_word' id='word_1_629' title='bbox 2080 4944 2431 5014; x_wconf 87' lang='lat' dir='ltr'>Aristippus,</span> <span class='ocrx_word' id='word_1_630' title='bbox 2477 4941 2729 4996; x_wconf 81' lang='lat' dir='ltr'>Aritadae</span> <span class='ocrx_word' id='word_1_631' title='bbox 2761 4943 2845 5010; x_wconf 89' lang='lat' dir='ltr'>F.,</span> <span class='ocrx_word' id='word_1_632' title='bbox 2876 4943 3194 5011; x_wconf 69' lang='lat' dir='ltr'>Cyrenaeus</span> <span class='ocrx_word' id='word_1_633' title='bbox 3242 4934 3654 5006; x_wconf 89' lang='lat' dir='ltr'>philosophus,</span> 
     </span>
    </p>
   </div>
   <div class='ocr_carea' id='block_1_113' title="bbox 2011 5025 3658 5098">
    <p class='ocr_par' dir='ltr' id='par_1_113' title="bbox 2011 5025 3658 5098">
     <span class='ocr_line' id='line_1_113' title="bbox 2011 5025 3658 5098; baseline -0.007 -8"><span class='ocrx_word' id='word_1_634' title='bbox 2011 5033 2265 5090; x_wconf 89' lang='lat' dir='ltr'>Socratis</span> <span class='ocrx_word' id='word_1_635' title='bbox 2293 5031 2547 5096; x_wconf 88' lang='lat' dir='ltr'>auditor,</span> <span class='ocrx_word' id='word_1_636' title='bbox 2583 5034 2757 5084; x_wconf 68' lang='lat' dir='ltr'>sectas</span> <span class='ocrx_word' id='word_1_637' title='bbox 2801 5033 3005 5083; x_wconf 87' lang='lat' dir='ltr'>auctor</span> <span class='ocrx_word' id='word_1_638' title='bbox 3037 5025 3396 5098; x_wconf 72' lang='lat' dir='ltr'>Cyrenaicze,</span> <span class='ocrx_word' id='word_1_639' title='bbox 3427 5025 3658 5095; x_wconf 86' lang='lat' dir='ltr'>primus</span> 
     </span>
    </p>
   </div>
   <div class='ocr_carea' id='block_1_114' title="bbox 2015 5112 3659 5188">
    <p class='ocr_par' dir='ltr' id='par_1_114' title="bbox 2015 5112 3659 5188">
     <span class='ocr_line' id='line_1_114' title="bbox 2015 5112 3659 5188; baseline -0.007 -12"><span class='ocrx_word' id='word_1_640' title='bbox 2015 5121 2466 5183; x_wconf 87' lang='lat' dir='ltr'>Socraticorum,</span> <span class='ocrx_word' id='word_1_641' title='bbox 2505 5118 2606 5188; x_wconf 93' lang='lat' dir='ltr'>qui</span> <span class='ocrx_word' id='word_1_642' title='bbox 2650 5116 2986 5172; x_wconf 91' lang='lat' dir='ltr'>mercedem</span> <span class='ocrx_word' id='word_1_643' title='bbox 3026 5132 3060 5170; x_wconf 90' lang='lat' dir='ltr'>a</span> <span class='ocrx_word' id='word_1_644' title='bbox 3103 5113 3412 5184; x_wconf 89' lang='lat' dir='ltr'>discipulis</span> <span class='ocrx_word' id='word_1_645' title='bbox 3445 5112 3659 5183; x_wconf 88' lang='lat' dir='ltr'>exegit.</span> 
     </span>
    </p>
   </div>
   <div class='ocr_carea' id='block_1_115' title="bbox 2013 5201 3665 5280">
    <p class='ocr_par' dir='ltr' id='par_1_115' title="bbox 2013 5201 3665 5280">
     <span class='ocr_line' id='line_1_115' title="bbox 2013 5201 3665 5280; baseline -0.007 -14"><span class='ocrx_word' id='word_1_646' title='bbox 2013 5207 2398 5280; x_wconf 84' lang='lat' dir='ltr'>Xenophonti</span> <span class='ocrx_word' id='word_1_647' title='bbox 2429 5206 2700 5274; x_wconf 89' lang='lat' dir='ltr'>infestus,</span> <span class='ocrx_word' id='word_1_648' title='bbox 2751 5204 3116 5260; x_wconf 88' lang='lat' dir='ltr'>austeritatis</span> <span class='ocrx_word' id='word_1_649' title='bbox 3162 5201 3533 5256; x_wconf 86' lang='lat' dir='ltr'>Antisthenis</span> <span class='ocrx_word' id='word_1_650' title='bbox 3564 5201 3665 5256; x_wconf 86' lang='lat' dir='ltr'>de-</span> 
     </span>
    </p>
   </div>
   <div class='ocr_carea' id='block_1_116' title="bbox 2016 5288 3664 5368">
    <p class='ocr_par' dir='ltr' id='par_1_116' title="bbox 2016 5288 3664 5368">
     <span class='ocr_line' id='line_1_116' title="bbox 2016 5288 3664 5368; baseline -0.006 -14"><span class='ocrx_word' id='word_1_651' title='bbox 2016 5299 2189 5354; x_wconf 90' lang='lat' dir='ltr'>risor.</span> <span class='ocrx_word' id='word_1_652' title='bbox 2223 5299 2266 5352; x_wconf 89' lang='lat' dir='ltr'>A</span> <span class='ocrx_word' id='word_1_653' title='bbox 2298 5297 2552 5368; x_wconf 89' lang='lat' dir='ltr'>Diogene</span> <span class='ocrx_word' id='word_1_654' title='bbox 2584 5296 2710 5366; x_wconf 91' lang='lat' dir='ltr'>ipse</span> <span class='ocrx_word' id='word_1_655' title='bbox 2743 5294 2934 5349; x_wconf 91' lang='lat' dir='ltr'>dictus</span> <span class='ocrx_word' id='word_1_656' title='bbox 2964 5291 3108 5346; x_wconf 71' lang='grc' dir='ltr'>κύων</span> <span class='ocrx_word' id='word_1_657' title='bbox 3144 5288 3448 5364; x_wconf 81' lang='grc' dir='ltr'>βασιλικός.</span> <span class='ocrx_word' id='word_1_658' title='bbox 3483 5289 3664 5344; x_wconf 89' lang='lat' dir='ltr'>Plura</span> 
     </span>
    </p>
   </div>
   <div class='ocr_carea' id='block_1_117' title="bbox 2019 5380 3666 5459">
    <p class='ocr_par' dir='ltr' id='par_1_117' title="bbox 2019 5380 3666 5459">
     <span class='ocr_line' id='line_1_117' title="bbox 2019 5380 3666 5459; baseline -0.006 -17"><span class='ocrx_word' id='word_1_659' title='bbox 2019 5388 2147 5459; x_wconf 91' lang='lat' dir='ltr'>ejus</span> <span class='ocrx_word' id='word_1_660' title='bbox 2202 5386 2477 5442; x_wconf 87' lang='lat' dir='ltr'>feruntur</span> <span class='ocrx_word' id='word_1_661' title='bbox 2536 5385 3054 5456; x_wconf 88' lang='lat' dir='ltr'>apophthegmata,</span> <span class='ocrx_word' id='word_1_662' title='bbox 3089 5385 3198 5436; x_wconf 91' lang='lat' dir='ltr'>etc.</span> <span class='ocrx_word' id='word_1_663' title='bbox 3246 5380 3480 5434; x_wconf 88' lang='lat' dir='ltr'>Audivit</span> <span class='ocrx_word' id='word_1_664' title='bbox 3529 5395 3666 5434; x_wconf 90' lang='lat' dir='ltr'>eum</span> 
     </span>
    </p>
   </div>
   <div class='ocr_carea' id='block_1_118' title="bbox 2019 5467 3666 5546">
    <p class='ocr_par' dir='ltr' id='par_1_118' title="bbox 2019 5467 3666 5546">
     <span class='ocr_line' id='line_1_118' title="bbox 2019 5467 3666 5546; baseline -0.007 -14"><span class='ocrx_word' id='word_1_665' title='bbox 2019 5481 2188 5533; x_wconf 90' lang='lat' dir='ltr'>Arete</span> <span class='ocrx_word' id='word_1_666' title='bbox 2217 5475 2360 5546; x_wconf 86' lang='lat' dir='ltr'>filia,</span> <span class='ocrx_word' id='word_1_667' title='bbox 2394 5475 2561 5546; x_wconf 90' lang='lat' dir='ltr'>cujus</span> <span class='ocrx_word' id='word_1_668' title='bbox 2595 5475 2773 5541; x_wconf 84' lang='lat' dir='ltr'>ﬁlius,</span> <span class='ocrx_word' id='word_1_669' title='bbox 2805 5473 3136 5542; x_wconf 88' lang='lat' dir='ltr'>Aristippus</span> <span class='ocrx_word' id='word_1_670' title='bbox 3175 5468 3403 5540; x_wconf 92' lang='lat' dir='ltr'>junior,</span> <span class='ocrx_word' id='word_1_671' title='bbox 3453 5467 3666 5520; x_wconf 88' lang='lat' dir='ltr'>Metro-</span> 
     </span>
    </p>
   </div>
   <div class='ocr_carea' id='block_1_119' title="bbox 2019 5552 3669 5635">
    <p class='ocr_par' dir='ltr' id='par_1_119' title="bbox 2019 5552 3669 5635">
     <span class='ocr_line' id='line_1_119' title="bbox 2019 5552 3669 5635; baseline -0.008 -16"><span class='ocrx_word' id='word_1_672' title='bbox 2019 5564 2290 5620; x_wconf 90' lang='lat' dir='ltr'>didactus</span> <span class='ocrx_word' id='word_1_673' title='bbox 2320 5563 2673 5635; x_wconf 86' lang='lat' dir='ltr'>appellatus.</span> <span class='ocrx_word' id='word_1_674' title='bbox 2708 5562 2892 5633; x_wconf 88' lang='lat' dir='ltr'>Hujus</span> <span class='ocrx_word' id='word_1_675' title='bbox 2915 5559 3147 5615; x_wconf 89' lang='lat' dir='ltr'>auditor</span> <span class='ocrx_word' id='word_1_676' title='bbox 3165 5555 3524 5619; x_wconf 86' lang='lat' dir='ltr'>Theodorus,</span> <span class='ocrx_word' id='word_1_677' title='bbox 3551 5552 3669 5606; x_wconf 89' lang='lat' dir='ltr'>dic-</span> 
     </span>
    </p>
   </div>
   <div class='ocr_carea' id='block_1_120' title="bbox 2023 5641 3668 5722">
    <p class='ocr_par' dir='ltr' id='par_1_120' title="bbox 2023 5641 3668 5722">
     <span class='ocr_line' id='line_1_120' title="bbox 2023 5641 3668 5722; baseline -0.01 -14"><span class='ocrx_word' id='word_1_678' title='bbox 2023 5659 2117 5710; x_wconf 88' lang='lat' dir='ltr'>tus</span> <span class='ocrx_word' id='word_1_679' title='bbox 2148 5654 2378 5722; x_wconf 89' lang='lat' dir='ltr'>atheus,</span> <span class='ocrx_word' id='word_1_680' title='bbox 2407 5670 2546 5710; x_wconf 84' lang='lat' dir='ltr'>mox</span> <span class='ocrx_word' id='word_1_681' title='bbox 2574 5652 2740 5709; x_wconf 87' lang='lat' dir='ltr'>deus.</span> <span class='ocrx_word' id='word_1_682' title='bbox 2761 5649 3129 5707; x_wconf 89' lang='lat' dir='ltr'>Theodorum</span> <span class='ocrx_word' id='word_1_683' title='bbox 3152 5643 3480 5715; x_wconf 86' lang='lat' dir='ltr'>Antipater,</span> <span class='ocrx_word' id='word_1_684' title='bbox 3502 5641 3668 5694; x_wconf 81' lang='lat' dir='ltr'>Anti-</span> 
     </span>
    </p>
   </div>
   <div class='ocr_carea' id='block_1_121' title="bbox 3314 5760 3392 5820">
    <p class='ocr_par' dir='ltr' id='par_1_121' title="bbox 3314 5760 3392 5820">
     <span class='ocr_line' id='line_1_121' title="bbox 3314 5760 3392 5820; baseline -0.013 0"><span class='ocrx_word' id='word_1_685' title='bbox 3314 5760 3392 5820; x_wconf 87' lang='lat'>39</span> 
     </span>
    </p>
   </div>
  </div>
