4136 6316
553 357 708 418 1227

1864 348 2105 411 INDEX
2154 347 2668 412 SCRIPTOBUM

3823 359 3952 420 1298

548 493 784 560 patrum
815 486 1197 559 Epitimedes,
1228 486 1562 557 Cyrenaeus,
1595 483 1986 556 Epitimedem
2016 485 2192 539 Para-
2223 485 2276 553 Α
2305 483 2608 539 comaediaa
2640 483 2895 555 proximi
2925 483 3112 553 fuere,
3135 483 3278 541 belli
3309 483 3808 558 Pe10ponnesiaci
3833 493 3952 544 tem-

550 576 748 644 bates,
805 575 1155 631 Parabatem
1189 574 1485 645 Hegesias,
1534 572 1940 628 Pisithanatus
1985 571 2200 640 dictus,

552 667 861 741 Hegesiam
886 666 1351 732 Anniceris,non
1372 664 1474 719 ille
1496 664 1596 734 qui
1619 663 1926 719 Platonem
1950 661 2205 719 redemit

624 758 839 823 Aristo,
872 755 1138 810 Platonis
1169 760 1352 825 pater,
1388 760 1499 809 etc.

558 846 779 912 Aristo,
815 843 1086 909 Lembus,
1119 844 1218 915 qui
1275 843 1496 898 librum
1555 842 1873 899 Herodiani
1904 843 1939 911 ἠ
1966 839 2203 896 καθόλου

552 933 713 1004 (scil.
743 931 934 1005 τέχνη)
965 931 1339 1003 inscriptum,
1385 932 1448 986 in
1506 932 1926 1005 compendium
1978 932 2207 1005 redegit

554 1025 876 1094 Danaoque
907 1021 1234 1093 inscripsit.

623 1111 971 1179 Aristocles,
997 1112 1343 1178 Messenius,
1362 1111 1753 1183 philosophus
1776 1114 2207 1184 Peripateticus

556 1201 797 1273 scripsit
833 1199 955 1275 περὶ
993 1197 1344 1276 φιλοσοφίας,
1376 1201 1442 1255 de
1463 1201 1826 1272 philosOphia
1853 1202 2017 1257 libros
2044 1204 2112 1270 Χ,
2144 1202 2206 1257 in

559 1291 775 1361 quibus
805 1307 1015 1347 omnes
1044 1290 1434 1363 philosophos
1487 1295 1547 1345 et
1578 1292 1844 1362 ipsorum
1896 1293 2208 1363 opiniones

556 1384 850 1436 recenset.
883 1378 1120 1453 Πότερον
1153 1374 1573 1448 σπουδαιότερος
1615 1379 1866 1451 Ὅμηρος
1890 1378 1925 1448 ἢ
1959 1378 2208 1449 Πλάτων,

566 1467 758 1522 Utrum
812 1469 1078 1523 Homerus
1144 1469 1524 1537 praestantior,
1593 1483 1665 1522 an
1727 1468 1885 1523 Plato
1914 1467 1942 1522 7
1997 1466 2210 1541 Τάχνας

567 1553 903 1630 ῥητορικὰς,
962 1563 1135 1611 artem
1185 1555 1516 1612 rhetoricam
1575 1554 1707 1629 Περὶ
1759 1551 2093 1629 Σαράπιδος,
2146 1557 2214 1615 de

562 1645 855 1714 Sarapide.
892 1643 1104 1712 ’Hetxa‘t,
1135 1645 1202 1700 de
1228 1646 1470 1700 moribus
1500 1646 1664 1701 libros
1691 1647 1785 1702 ΙΧ.

634 1733 979 1802 Aristocles,
1024 1734 1481 1805 Lampsacenus,
1514 1733 1905 1806 philosophus
1961 1734 2211 1803 Stoicus,

567 1822 805 1893 scripsit
860 1820 1119 1894 ἰξήγησιν
1174 1825 1283 1876 τῶν
1351 1821 1672 1896 Χρυσίππου
1729 1821 1854 1897 περὶ
1933 1827 2032 1877 τοῦ
2088 1826 2206 1885 πῶς

567 1906 763 1964 ἕκαστα
819 1908 1050 1985 λὲγομεν
1101 1910 1191 1965 καὶ
1250 1908 1644 1984 διανοούμεθα,
1695 1916 2095 1969 enarrationem
2152 1916 2209 1969 in

567 2000 933 2072 Chrysippum
988 2001 1054 2058 de
1108 2004 1344 2069 ratione,
1392 2017 1505 2072 qua
1540 2002 1763 2072 singula
1809 2004 2118 2074 eloquimur
2162 2010 2215 2059 et

569 2092 897 2159 cogitamus,
930 2091 1085 2146 libris
1113 2092 1212 2146 IV.

637 2181 980 2250 Aristocles,
1025 2184 1446 2253 Pergamenus,
1505 2183 1790 2255 sophista,
1850 2184 1951 2254 qui
1981 2183 2215 2256 Trajani

571 2274 630 2325 et
658 2269 901 2326 Adriani
954 2272 1321 2343 temporibus
1378 2272 1542 2326 vixit.
1593 2272 1841 2343 Scripsit
1877 2280 2052 2328 artem
2087 2274 2214 2330 rhe-

570 2357 841 2428 toricam;
874 2352 1167 2429 epistolas;
1196 2361 1263 2416 de
1314 2360 1589 2416 rhetorica
1619 2362 1784 2416 libros
1850 2363 1915 2416 V.
1947 2360 2213 2432 Μελὲτας,

567 2448 1033 2514 declamationes;
1089 2448 1232 2522 Πρὸς
1311 2448 1404 2503 τὸν
1487 2448 1715 2524 βασιλέα
1771 2448 1859 2504 ἐπὶ
1917 2454 1986 2524 τῇ
2038 2448 2213 2507 διανιο

569 2536 733 2607 μήσει
763 2538 859 2590 τοῦ
889 2535 1143 2610 χρυσίου,
1201 2539 1275 2594 ad
1303 2541 1690 2610 imperatorem
1718 2540 1784 2596 de
1840 2540 1970 2597 auri
2014 2541 2212 2597 distri-

565 2625 804 2681 butione.

630 2713 1010 2785 Aristogenes
1045 2756 1058 2782 ,
1113 2715 1391 2784 Thasius,
1450 2716 1740 2788 medicus,
1799 2717 1985 2774 libros
2039 2720 2213 2774 XXIV

568 2800 825 2872 scripsit,
860 2801 921 2856 in
946 2802 1160 2873 quibus
1186 2805 1599 2874 praestantiora
1621 2805 1891 2876 judicata
1920 2812 2059 2862 sunt
2086 2803 2212 2879 'mpl

564 2885 778 2959 διαίτης
806 2891 1048 2947 devictus
1080 2892 1320 2961 ratione,
1380 2891 1504 2965 περὶ
1560 2892 1864 2966 δυνάμεως,
1913 2896 1981 2951 de
2030 2898 2211 2965 facul-

564 2984 697 3045 tate,
737 2979 862 3053 περὶ
913 2976 1169 3049 δακέτων,
1228 2982 1293 3036 de
1347 2985 1627 3038 venenatis
1678 2984 2031 3051 animalibus,
2085 2982 2210 3057 περὶ

562 3086 697 3140 σπερ
708 3086 897 3140 ματος,
924 3071 991 3125 de
1018 3072 1241 3137 semine,
1268 3070 1520 3145 ὑγιεινὸν,
1545 3073 1613 3127 de
1639 3074 1954 3130 valetudine
1984 3075 2207 3144 tuenda,

560 3154 938 3223 Ἐπιστολικὰ,
969 3162 1204 3228 quaesita
1252 3175 1357 3229 per
1403 3160 1699 3231 epistolas:
1741 3162 2014 3235 Ἐπιτομή
2048 3183 2205 3236 φυσι-

2310 588 2455 645 pore
2490 572 2713 643 olymp.
2749 572 3007 628 LXXXV.
3043 572 3245 629 Dictus
3273 575 3602 648 Θυροποιός.

2379 660 2769 729 Aristonicus,
2784 659 3241 731 Alexandrinus,
3268 664 3724 735 grammaticus.
3749 668 3953 737 scripsit

2310 748 2431 822 περὶ
2463 751 2572 802 τῶν
2627 752 2873 820 σημεῖων
2932 752 3077 806 notis
3132 753 3344 807 criticis
3399 755 3459 807 in
3510 754 3836 824 Theogonia
3862 758 3947 812 He-

2308 837 2476 908 siodi,
2510 843 2568 894 et
2605 838 2789 895 libros
2821 838 2888 894 Vl
2915 841 3038 895 Τῶν
3075 844 3171 908 τῆς
3227 836 3463 902 Ἰλιάδος
3507 839 3601 894 καὶ
3666 838 3951 905 Ὀδυσσείας

2312 925 2655 981 ἀσυντάκτων
2715 925 3024 999 ὀνομάτων,
3086 930 3154 983 de
3207 930 3519 985 nominibus
3570 932 3637 984 in
3706 931 3874 987 Iliade
3910 941 3949 988 et

2313 1016 2571 1088 Odyssea,
2605 1032 2729 1087 quae
2767 1032 2801 1072 α
2828 1020 3103 1072 communi
3130 1021 3532 1075 constructione
3576 1021 3863 1076 recedunt.

2386 1106 2821 1178 Aristonymus,
2850 1106 3136 1175 comicus,
3176 1112 3440 1180 tempore
3468 1108 3785 1164 Ptolemaai
3815 1110 3943 1166 Phil-

2314 1194 2551 1266 adelphi
2584 1200 2642 1250 et
2674 1195 3091 1268 Philopatoris,
3128 1201 3186 1251 et
3210 1202 3343 1269 post
3372 1197 3770 1269 Apollonium
3800 1199 3948 1270 (Itho-

2316 1283 2503 1356 dium)
2560 1283 2937 1341 bibliotheca)
2990 1285 3166 1358 regias
3213 1286 3453 1357 prmfuit
3493 1303 3733 1343 annum
3795 1304 3947 1361 agens

2317 1372 2497 1428 LXIV.
2540 1374 2685 1429 Cum
2715 1373 2915 1445 fugam
2965 1374 3280 1431 moliretur
3324 1374 3399 1430 ad
3440 1377 3799 1445 Eumenem,
3832 1394 3948 1432 con-

2309 1461 2506 1533 jectus
2536 1469 2627 1519 est
2683 1464 2745 1519 in
2804 1480 3125 1535 carcerem,
3158 1470 3217 1521 et
3241 1470 3377 1537 post
3428 1465 3683 1538 aliquod
3745 1472 3943 1539 tempus

2317 1551 2592 1621 emissus,
2625 1553 2773 1609 obiit
2803 1570 2874 1609 ex
2904 1555 3239 1627 stranguria
3268 1571 3427 1610 anno
3467 1557 3670 1611 aetatis
3721 1556 3945 1611 LXXVII.

2318 1641 2546 1713 Scripta
2572 1643 2701 1714 ejus
2732 1645 3031 1714 permulta
3061 1649 3201 1701 sunt
3237 1662 3251 1713 ;
3288 1661 3355 1699 ex
3385 1646 3705 1702 comoediis
3754 1647 3872 1718 ejus
3896 1646 3950 1702 ab

2317 1730 2603 1786 Athenaeo
2627 1731 2843 1788 citatur
2862 1730 3059 1792 ’Ἥλιος
3089 1731 3283 1808 ῥίγῶν,
3314 1734 3397 1790 sol
3421 1734 3640 1804 algens.

2391 1820 2821 1892 Aristophanes
2855 1867 2869 1890 ,
2919 1823 3259 1894 Byzantius,
3305 1824 3763 1896 grammaticus,
3816 1825 3945 1881 ﬁlius

2326 1907 2569 1978 Apellis,
2595 1909 2697 1980 qui
2718 1910 2958 1966 ordines
2981 1911 3166 1978 duxit,
3185 1911 3513 1985 discipulus
3545 1913 3884 1970 Callimachi
3904 1916 3947 1968 et

2322 1997 2623 2067 Zenodoti,
2658 2017 2913 2071 quorum
2944 2001 3102 2056 hunc
3120 2001 3382 2074 juvenis,
3426 2002 3603 2058 illum
3636 2020 3786 2075 puer
3811 2002 3951 2058 audi-

2322 2087 2426 2155 vit,
2467 2092 2527 2142 et
2556 2094 2845 2159 prmterea
2887 2090 3152 2162 Dionysii
3199 2091 3385 2146 Iambi
3437 2096 3497 2146 et
3548 2091 3941 2165 Euphronidaa,

2323 2178 2634 2250 Corinthii,
2668 2180 2788 2234 sive
2819 2179 3099 2253 Sicyonii.
3134 2181 3288 2235 Vixit
3319 2181 3666 2254 Olympiade
3698 2183 3885 2238 CXLV.

2395 2267 2843 2340 Aristophanes,
2878 2269 3163 2338 Rhodius,
3197 2270 3317 2325 sive
3350 2270 3600 2327 Lindius
3633 2272 3788 2342 (aliis
3814 2273 3948 2343 ,ἱεῖ-

2323 2356 2503 2428 ptius,
2536 2356 2669 2413 aliis
2699 2358 3104 2430 Camirensis),
3150 2359 3381 2414 civitate
3430 2359 3835 2427 Atheniensis,
3861 2376 3941 2414 co-

2323 2447 2536 2513 micus,
2567 2447 2726 2502 filius
2756 2447 3039 2519 Philippi,
3073 2448 3133 2503 in
3179 2464 3357 2504 scena
3414 2450 3667 2505 certavit
3687 2449 3937 2522 olympia-

2324 2535 2395 2591 de
2429 2535 2591 2591 CXIV
2625 2536 2955 2592 tetrametri
3006 2541 3065 2591 et
3093 2537 3400 2592 octametri
3432 2538 3739 2595 inventor.
3794 2536 3939 2592 Filios

2321 2623 3238 2698 habuitArarotem,Philippum
3263 2631 3322 2681 et
3353 2626 3760 2693 Philetaerum,
3791 2625 3933 2681 comi-

2320 2731 2439 2769 cos.
2471 2714 2721 2779 Quidam
2734 2710 3064 2781 ἀπόδουλον,
3081 2714 3362 2771 libertum
3374 2715 3561 2771 fuisse
3579 2716 3930 2771 tradiderunt.

2322 2802 2598 2858 Dramata
2627 2802 2757 2874 ejus
2790 2808 2931 2858 sunt
2977 2804 3111 2871 LIV,
3146 2802 3280 2877 ἅπερ
3315 2799 3372 2856 δὶ
3402 2802 3789 2878 πεπράχαμεν,
3833 2812 3932 2873 qua?

2321 2895 2519 2946 autem
2552 2892 2951 2962 tractavimus,
2998 2892 3117 2947 sive
3158 2893 3220 2947 in
3261 2908 3409 2963 quas
3446 2891 3827 2948 commentati
3860 2904 3932 2944 su-

2318 2996 2453 3036 mus
2510 2981 2642 3052 (54),
2691 2980 3090 3049 Acharnenses,
3143 2983 3329 3047 Ranae,
3359 2983 3502 3050 Pam,
3555 2981 3929 3042 Ecclesiazusz,

2321 3069 2864 3140 Tesmophoriazusz,
2914 3070 3160 3141 Equites,
3211 3069 3543 3139 Lusistrata,
3579 3072 3776 3138 Nubes,
3800 3070 3921 3131 Aves,

2324 3157 2535 3221 Plutus,
2571 3159 2777 3228 Vespae.

557 3250 668 3300 κῶν
701 3227 1070 3320 βοηθημάτων
1111 3227 1614 3323 πρὸς-Ἀντίξονον,
1666 3227 2014 3310 naturalium
2035 3227 2201 3311 reme-

2394 3227 2754 3314 Aristoteles,
2793 3247 3134 3302 Nicomachi
3187 3250 3245 3303 et
3301 3247 3618 3305 Phaestidis
3674 3249 3732 3304 F.
3772 3245 3927 3315 (Nico-

560 3336 779 3391 diorum
808 3339 1185 3407 compendium
1217 3339 1291 3394 ad
1318 3340 1679 3410 Antigonum.

628 3426 1026 3499 Aristogenes,
1050 3428 1314 3497 Cnidius,
1343 3429 1630 3498 medicus,
1666 3448 1866 3488 servus
1896 3432 2205 3506 Chrysippi

555 3514 915 3587 philosophi,
951 3520 1010 3571 et
1039 3517 1317 3589 Antigoni
1350 3519 1587 3574 Gonatae
1617 3520 1904 3577 medicus.

623 3604 1007 3676 Aristogiton,
1039 3605 1380 3677 Cydimachi
1432 3607 1727 3681 (Scydimi)
1786 3612 1913 3678 (53),
1974 3610 2063 3666 vel
2096 3612 2199 3684 Ly-

555 3694 804 3751 simachi
836 3696 919 3761 F.,
951 3695 1354 3761 Atheniensis,
1388 3697 1612 3764 rhetor,
1662 3704 1851 3755 matre
1902 3700 2201 3785 libertina,

548 3788 791 3855 propter
833 3784 1265 3855 impudentiam
1316 3788 1479 3842 Canis
1534 3789 1982 3861 cognominatus
2014 3795 2073 3845 et
2127 3784 2199 3846 ab

547 3871 1012 3928 Atheniensibus
1039 3874 1407 3945 interfectus,
1442 3881 1552 3931 etc.
1588 3877 1836 3948 Scripsit
1866 3880 2197 3935 orationes:

547 3962 885 4031 Apologiam
936 3964 1194 4019 adversus
1267 3965 1676 4021 Demosthenem
1746 3967 1887 4023 belli
1947 3968 2197 4024 ducem:

548 4051 803 4104 adversus
848 4053 1175 4121 Lycurgum,
1235 4054 1488 4109 adversus
1540 4056 1894 4124 Timotheum,
1945 4058 2201 4115 adversus

556 4138 925 4205 Timarchum,
969 4141 1225 4196 adversus
1276 4143 1606 4212 Hyperidem
1639 4145 1838 4214 (quem
1888 4145 1961 4200 ob
1993 4146 2195 4202 decre-

548 4231 675 4280 tum
706 4231 841 4297 post
887 4227 1116 4283 cladem
1173 4231 1632 4286 Chaeronensem
1688 4233 1909 4287 factum
1967 4236 2199 4291 actione

543 4317 651 4367 τῶν
684 4315 1012 4388 παρανόμων
1051 4324 1398 4389 persecutus
1431 4326 1540 4385 est,
1584 4322 1687 4376 sed
1717 4321 1977 4395 frustra),
2004 4324 2197 4380 adver.

543 4418 635 4458 sus
674 4404 1038 4475 Thrasyllum,
1096 4411 1155 4461 et
1199 4406 1523 4483 Ὀρφανικὸν
1574 4410 1697 4464 sive
1745 4413 2051 4468 orationem
2087 4429 2197 4485 pro

544 4492 804 4562 pupillis.

2312 3336 2560 3391 machus
2616 3340 2815 3391 autem
2874 3335 3139 3391 medicus
3191 3334 3303 3391 fuit
3347 3353 3418 3391 ex
3473 3335 3925 3409 Asclepiadarum

2310 3440 2551 3497 genere,
2584 3441 2618 3479 a
2647 3424 3024 3493 Nicomacho,
3051 3424 3389 3480 Machaonis
3433 3426 3583 3493 lilio,
3637 3421 3926 3489 oriundus).

2310 3530 2382 3568 ex
2407 3513 2655 3585 Stagira,
2687 3512 2835 3568 urbe
2883 3513 3145 3568 Thracia:
3193 3513 3610 3585 philosophus,
3643 3508 3927 3582 discipulus

2307 3601 2592 3670 Platonis,
2651 3599 2887 3675 τραυλὸς
2941 3600 3040 3667 τήν
3074 3599 3257 3677 φωνὴν
3316 3602 3478 3657 balba
3531 3619 3679 3658 voce.
3732 3602 3923 3655 Fratres

2305 3689 2515 3745 habuit
2543 3691 2946 3747 Arimnestum
2981 3694 3039 3744 et
3069 3691 3489 3756 Arimnestem,
3524 3692 3835 3761 ﬁliamque,
3862 3700 3917 3740 ex

2305 3779 2591 3851 Pythiade
2613 3778 2891 3851 (Hermim
2923 3778 3205 3847 eunuchi,
3235 3782 3441 3835 Atarni
3470 3780 3529 3835 in
3550 3779 3767 3836 Troade
3785 3776 3920 3847 prin-

2305 3869 2476 3942 cipis,
2508 3868 2676 3938 ﬁlia),
2708 3868 2822 3939 ipsi
2854 3873 3077 3937 natam,
3103 3885 3233 3939 quae
3264 3869 3455 3924 tribus
3496 3870 3727 3925 maritis
3750 3861 3918 3935 nupsit

2305 3956 2750 4027 liberorumque
2780 3956 3011 4027 aliquot
3040 3962 3234 4012 mater
3261 3962 3400 4013 ante
3422 3963 3654 4030 patrem
3684 3951 3917 4019 decessit,

2303 4045 2519 4101 Habuit
2548 4051 2605 4100 et
2634 4045 2845 4113 ﬁlium,
2881 4046 3329 4110 Nicomachum,
3352 4063 3423 4101 ex
3455 4046 3777 4119 Hepyllide,
3802 4055 3912 4097 cou-

2303 4136 2537 4203 cubina,
2573 4141 2707 4200 etc.,
2738 4133 2976 4205 prmfuit
3022 4150 3128 4206 per
3170 4151 3362 4190 annos
3391 4137 3497 4191 XII
3545 4130 3907 4206 Peripateticis

2302 4218 2719 4296 philosophias,
2740 4225 2823 4281 ita
2848 4225 3019 4279 dictas
3042 4220 3133 4277 διὰ
3149 4225 3211 4278 τὸ
3243 4221 3294 4277 ἐν
3327 4222 3617 4297 περιπάτῳ
3637 4221 3752 4293 ἤτοι
3779 4219 3909 4286 κήπῳ

2302 4309 2532 4384 διδάξαι,
2566 4313 2851 4384 quoniam
2905 4314 2967 4368 in
3023 4314 3286 4384 Peripato
3344 4314 3466 4370 sive
3520 4315 3691 4370 horto
3750 4305 3908 4366 docuit

2300 4402 2670 4469 Aristoteles,
2702 4402 2913 4458 relicta
2970 4402 3302 4471 Academia,
3351 4404 3413 4458 in
3461 4421 3579 4475 qua
3637 4404 3784 4458 Plato
3820 4396 3902 4450 do-

2304 4496 2525 4546 cuerat.
2563 4493 2743 4548 Natus
2773 4496 2865 4546 est
2905 4490 3074 4545 XCIX
3123 4491 3462 4563 Olympiade
3495 4508 3509 4546 :
3543 4498 3602 4548 et
3656 4482 3898 4548 Chalcide.

611 4582 1041 4651 Aristomenes,
1083 4585 1485 4656 Atheniensis,
1519 4588 1803 4660 comicus,
1833 4591 1941 4642 τῶν
1971 4585 2186 4643 ἐπιδευ-
2224 4590 2268 4655 D
2301 4581 2511 4636 hausto
2539 4580 2796 4649 ἂοοῐιίῐον
2827 4579 2995 4651 Obiit,
3021 4580 3161 4651 (ἰυίᾶ
3204 4581 3268 4636 in
3307 4581 3411 4653 jus
3454 4581 3762 4638 vocabatur
3784 4567 3898 4660 ψιρέ

554 4689 727 4747 τερων
753 4676 853 4741 τῆς
886 4671 1122 4748 ἀρχαίας
1178 4672 1511 4747 Κωμῳδίας,
1562 4693 1632 4732 ex
1680 4678 1752 4732 iis
1784 4678 1885 4749 qui
1934 4680 2197 4751 antiqua

611 4881 728 4960 (t’u_3)
757 4882 930 4960 Apud
961 4883 1206 4960 suidam
1233 4889 1376 4960 tom.
1397 4889 1475 4960 _I,_
1499 4902 1629 4960 pag.
1664 4889 1790 4960 325,
1825 4886 2190 4960 Aristogiton,

540 4952 884 5029 Cydimachi
928 4955 1022 5009 vel
1081 4956 1409 5029 Lysimachi
1453 4952 1631 5024 ﬁlius,
1666 4958 1737 5013 ab
1779 4952 2188 5029 Aristogitone,

538 5022 795 5101 Scydimi
830 5026 911 5088 F.,
944 5022 1329 5101 schphanta,
1363 5022 1739 5097 discernitur,
1761 5034 1818 5084 et
1847 5030 1919 5084 de
1941 5022 2189 5101 utroque

2308 4673 2582 4725 Pzeanem
2603 4669 2665 4725 in
2689 4669 2989 4725 Hermiam
3039 4670 3379 4727 eunuchum
3438 4673 3766 4744 scripserat.
3814 4656 3892 4716 Alii

2303 4884 2407 4941 das
2438 4902 2473 4942 a
2502 4884 2849 4941 confusione
2888 4901 3087 4941 rerum
3146 4885 3579 4957 homniumque
3639 4879 3778 4957 haud
3798 4887 3889 4931 om‘

2301 4958 2445 5012 nino
2477 4956 2891 5029 estimmunis,
2922 4973 2970 5029 ν.
3009 4973 3207 5029 supra,
3242 4958 3315 5013 ad
3349 4955 3499 5012 sect.~
3528 4961 3581 5025 7,
3615 4955 3749 5029 not.)
3775 4957 3886 5029 guns

2300 5029 2377 5084 sit
2406 5030 2682 5098 idemque
2716 5023 3046 5096 habendus,
3080 5023 3401 5084 decernere
3423 5045 3544 5084 non
3567 5023 3889 5098 ausimll’os'

540 5095 859 5187 sleparatjm
936 5093 1154 5187 agitur;
1208 5093 1519 5179 Enimvero
1574 5108 1631 5155 et
1686 5093 1851 5183 prior
1906 5093 2187 5187 adversus
2298 5101 2482 5156 terius
2508 5093 2710 5187 tamen
2732 5093 3123 5187 verisimilius
3172 5100 3320 5187 mihi
3355 5093 3779 5187 videtuf:'Conf-
3810 5100 3887 5187 ξξις

541 5156 897 5245 Hyperidem
918 5156 1095 5245 verba
1130 5170 1362 5239 fecisse,
1397 5178 1456 5226 et
1478 5156 1773 5242 posterior
1796 5156 2035 5245 quoque
2070 5156 2186 5245 Hyl
2293 5189 2402 5243 pra
2451 5171 2527 5245 ad
2575 5171 2688 5226 vol.
2730 5172 2801 5240 ll,
2834 5187 2965 5244 pag.
3000 5173 3124 5226 858.
3164 5178 3287 5227 not.
3322 5177 3381 5227 et
3405 5172 3520 5227 vol.
3548 5156 3644 5237 III,
3672 5182 3783 5241 pag-
3808 5156 3885 5213 512

533 5234 802 5316 peridem
834 5237 907 5291 ob
938 5238 1241 5316 decretum
1273 5234 1664 5316 memoratum
1699 5234 2042 5316 quanquam
2070 5234 2185 5299 fru-

530 5309 671 5376 stra,
705 5316 1052 5376 persecutus
1083 5311 1308 5366 dicitur.
1342 5315 1489 5367 Num
1515 5309 1937 5370 autem-revera
1967 5317 2180 5371 diversi

527 5374 769 5458 fuerint,
804 5384 863 5433 et
892 5385 1142 5458 uterque
1172 5384 1506 5458 scripserit
1552 5393 1757 5441 contra
1800 5388 2176 5458 Hyperidem,

525 5462 603 5503 an
634 5450 833 5520 potius
865 5468 999 5525 cum
1048 5450 1438 5525 Taylorofqui
1472 5456 1530 5513 in
1562 5464 1686 5521 not,
1742 5458 1815 5513 ad
1851 5450 2175 5517 ‘Demosth;

518 5592 760 5685 uberijus
791 5592 1074 5685 disputat,
1103 5592 1476 5685 et'pag.‘§10,
1508 5592 1881 5685 loc'ansuidaa‘
1912 5592 2170 5685 excitat),

2294 5260 2397 5314 seq
2422 5284 2435 5297 .
2471 5243 2643 5298 HARL.

2363 5294 2645 5384 ἴδὲιίὲὶίιῖί
2672 5312 2850 5386 verba
2881 5314 3234 5386 scholiastze
3253 5307 3743 5386 Aristophanis,a_d
3769 5294 3881 5386 πξιάς

2288 5378 2394 5453 ξειξ
2428 5378 2567 5440 suas
2597 5384 2984 5457 incomicum
3024 5385 3424 5457 respicientis.
3448 5378 3669 5457 Tum
3698 5378 3881 5457 Kuster}

2286 5435 2495 5527 iniu?
2506 5435 2749 5530 ἷρῖὶξίόξ
2766 5435 3155 5529 ’ἒξρῐεῖαρἐξ
3166 5435 3729 5530 ξρἰόᾜέπρἇῖάρεν,
3757 5435 3880 5530 qua}

525 5474 603 5503 au
634 5474 833 5520 puuus
865 5474 999 5507 cum
1052 5474 1303 5522 1a‘yt01‘0,
1338 5474 1438 5525 qui
1472 5474 1530 5513 1n
1562 5474 1686 5521 non,
1742 5474 1815 5513 aa
1871 5474 2175 5517 uemosm.
2286 5474 2467 5527 igitur
2516 5474 2741 5583 gpimo,
2803 5474 3135 5529 ευρηκαμενν
3194 5474 3300 5528 Ι)Γο
3357 5474 3837 5530 πεπραχαμεννίιω

522 5527 695 5601 oratt.
731 5527 873 5601 tom.
906 5524 982 5579 Ill
1014 5524 1135 5593 (ubi
1161 5541 1293 5597 pag.
1325 5529 1429 5581 509
1459 5545 1609 5601 seq,
1658 5529 1732 5601 de
1774 5529 2177 5601 Aristogitone
2283 5529 2385 5584 ille
2415 5544 2518 5584 voc
2599 5528 2765 5601 ulum
2797 5534 3139 5600 suspectum
3169 5527 3367 5598 habet,
3414 5529 3570 5584 haud
3601 5530 3837 5601 necessu:

2284 5606 2392 5671 est,
2429 5615 2625 5671 neque
2673 5586 3107 5671 interprEtatio,
3165 5586 3479 5671 superstites
3525 5604 3665 5667 sunt,
3709 5586 3878 5650 admil'

523 5617 760 5677 uberius
791 5617 1074 5679 disputat,
1103 5617 1160 5652 et
1187 5617 1316 5671 pag.
1353 5617 1476 5667 aw,
1508 5617 1639 5655 ioca
1664 5617 1881 5681 .auluee
1912 5617 2170 5685 excitat),
2284 5617 2392 5671 est,
2429 5617 2565 5726 neq;

516 5680 638 5722 non
670 5665 959 5725 discernit
988 5666 1125 5725 illos
1154 5684 1267 5725 nec
1313 5669 1519 5727 differe
1542 5672 1777 5744 judicat
1807 5674 2006 5741 (atque
2038 5672 2171 5729 Sui-
2278 5672 2481 5729 tenda.

2599 5528 2765 5583 ulum
2797 5524 3139 5600 suspectum
3169 5524 3367 5598 liabet,
3414 5524 3580 5584 haud
3601 5524 3879 5600 necesftaljl‘a

2570 5687 2695 5727 ΔΒΕ.

3976 6008 3998 6224 l
