4128 6308
322 416 478 478 1229

1622 409 1722 470 DE
1767 405 2056 480 QUIBUS
2100 407 2411 468 SUIDAS.

3574 414 3732 474 1230

319 566 390 605 ex
422 545 630 602 morbo
663 545 989 601 decessisse
1023 560 1211 600 annos
1242 548 1448 598 natum
1508 542 1675 597 LXX.
1720 541 1960 594 Timmus

2090 537 2397 608 Ῥωμαϊκὰς
2429 541 2704 612 συνέταξεν
2739 543 3027 598 historiam
3056 542 3253 599 Latine
3304 548 3609 613 composuit
3663 546 3731 600 li-

316 635 700 693 Aristotelem
725 635 1002 690 omnibus
1025 632 1355 706 proscindit
1375 631 1676 697 conviciis;
1696 628 1799 684 sed
1822 627 1972 682 alio-

324 744 456 782 rum
499 725 732 798 judicio
763 730 862 792 τῆς
893 721 1106 784 φύσεως
1139 720 1509 797 γραμματεὺς,
1542 728 1765 778 natura?
1793 720 1973 774 scriba

322 816 454 884 fuit,
482 813 576 868 τὸν
606 811 859 885 κάλαμον
891 807 1220 886 ἀπυϐρὲχων
1256 812 1331 872 εἷς
1363 816 1505 880 νοῦν,
1558 815 1654 883 qui
1701 810 1972 867 calamum

319 908 379 961 in
415 912 648 961 mentem
692 906 947 970 intinwit,
1009 920 1302 976 quemque
1360 903 1511 959 nihil
1567 902 1717 975 fugit
1770 916 1971 956 rerum

324 994 564 1051 utilium
595 994 1159 1066 abstrusiorumque.

401 1084 810 1149 Aristoxenus,
844 1069 1080 1136 Mnesiaa
1121 1081 1443 1153 Spinthari,
1493 1079 1704 1135 musici
1754 1075 1969 1133 Taren-

327 1173 460 1240 tini,
491 1173 577 1241 F.,
607 1171 762 1244 apud
796 1171 1231 1226 Mantineenses
1263 1187 1504 1242 operam
1523 1169 1684 1225 dedit
1707 1167 1968 1240 philoso-

327 1260 484 1332 pbim
503 1265 562 1316 et
585 1259 1093 1328 musicm,auditor
1113 1259 1299 1330 patris
1315 1265 1372 1313 et
1390 1257 1644 1330 Lampri,
1660 1253 1969 1328 Erythrmi,

325 1348 665 1420 Xenophili,
691 1349 1131 1422 Pythagorei,et
1156 1348 1412 1419 denique
1432 1347 1969 1416 Aristotelis,quem

331 1438 676 1495 defunctum
704 1439 985 1495 conviciis
1017 1439 1342 1494 insectatus
1398 1443 1504 1506 est,
1554 1438 1712 1508 quod
1753 1437 1969 1492 schola:

326 1545 730 1584 successorem
786 1529 1258 1600 Theophrastum
1303 1528 1664 1599 reliquisset,
1717 1545 1837 1583 non
1885 1544 1968 1594 se,

321 1617 492 1689 cujus
515 1622 634 1672 tam
659 1634 871 1690 magna
897 1622 1053 1672 esset
1072 1617 1228 1672 inter
1248 1617 1746 1688 auditoresipsius
1760 1616 1965 1688 gloria.

319 1707 581 1778 )Equalis
612 1707 723 1763 fuit
770 1707 1112 1774 Dicmarchi,
1163 1706 1457 1773 Messenii,
1510 1706 1580 1762 ab
1634 1706 1969 1778 Olympiade

321 1799 464 1854 CXI.
496 1796 860 1868 Conscripsit
907 1797 1156 1864 musica,
1209 1797 1643 1869 philosophica,
1692 1796 1970 1851 historias

324 1891 381 1943 et
411 1887 740 1958 omnigenis
791 1887 1144 1942 eruditionis
1201 1885 1386 1940 libros
1443 1887 1752 1942 CCCCLllI.
1803 1885 1968 1940 Alius

320 1982 694 2046 Aristoxenus,
752 1980 1090 2050 Cyrenaeus,
1155 1978 1321 2034 luxui
1385 1978 1531 2033 adeo
1591 1978 1846 2045 deditus,
1905 1983 1970 2033 ut

322 2070 582 2125 lactucas
611 2070 673 2124 in
704 2069 874 2123 horto
908 2086 1013 2124 suo
1067 2069 1294 2140 vesperi
1347 2068 1541 2123 mulso
1591 2068 1828 2140 rigaret,
1881 2067 1967 2122 di-

322 2176 482 2226 cens,
516 2159 734 2214 virides
766 2159 904 2213 inde
933 2159 1238 2230 placentas
1270 2158 1382 2212 sibi
1415 2158 1635 2214 enasci.

397 2248 719 2320 Arnuphis,
755 2249 1056 2321 [Egyptius
1087 2247 1499 2318 philosophus,
1535 2247 1634 2318 qui
1664 2246 1965 2316 Romanis,

321 2337 419 2392 siti
452 2337 883 2406 laborantibus,
917 2341 1210 2408 praesente
1238 2337 1427 2390 Marco
1458 2335 1760 2390 Antonino
1797 2335 1964 2406 imp.,

325 2429 541 2485 dicitur
571 2433 695 2484 arte
727 2428 988 2501 coegisse
1021 2428 1209 2483 nubes
1241 2432 1298 2482 et
1319 2427 1569 2484 imbrem
1593 2428 1963 2484 conciliasse.

320 2518 436 2573 Alii
467 2519 653 2584 aiunt,
687 2519 798 2573 hoc
831 2517 1097 2572 effecisse
1129 2516 1452 2584 Julianum,
1485 2517 1848 2573 Chaldzeum.

391 2607 730 2673 Arrhesius,
764 2607 1114 2662 monachus.

391 2696 699 2763 Arrianus,
733 2699 908 2766 poeta
939 2695 1141 2765 epicus
1163 2693 1430 2749 versibus
1463 2694 1676 2749 Graecis
1709 2693 1964 2749 heroicis

319 2785 564 2856 Georgia
597 2784 817 2855 Virgilii
852 2783 1130 2849 reddidit,
1164 2783 1520 2854 scripsitque
1551 2778 1966 2856 Ἀλεξανδριάδα

321 2875 440 2928 sive
472 2874 542 2929 de
574 2873 750 2928 rebus
779 2873 960 2946 gestis
981 2872 1297 2928 Alexandri
1316 2871 1662 2944 rhapsodias
1685 2872 1849 2927 XXIV
1875 2878 1967 2940 ;et

321 2961 382 3016 in
416 2963 699 3030 Attalum,
735 2963 1180 3035 Pergamenum,
1213 2967 1506 3032 poemata.

391 3053 702 3122 Arrianus,
732 3052 1222 3116 Nicomediensis,
1264 3051 1656 3122 phi1030phus
1704 3049 1963 3117 Ἐπικτή-

313 3163 478 3210 τειος,
512 3142 717 3197 Junior
745 3141 1156 3212 Xenophonte.
1193 3143 1391 3196 Roma:
1423 3141 1566 3194 vixit
1597 3141 1963 3212 temporibus

310 3233 576 3299 Adriani,
608 3229 893 3286 Antonini
926 3234 984 3284 et
1014 3229 1211 3296 Marci,
1264 3229 1710 3301 imperatorum,
1763 3235 1821 3284 et
1867 3225 1956 3283 διὰ

302 3314 402 3382 τὴν
458 3318 560 3380 τῆς
615 3307 861 3371 παιδείας
921 3304 1226 3381 δεξιότητα,
1305 3316 1549 3382 propter
1604 3311 1953 3383 praeclaram

306 3402 658 3468 doctrinam,
694 3406 842 3455 teste
876 3399 1202 3467 Heliconio,
1237 3399 1310 3455 ad
1340 3399 1720 3456 consularem
1766 3417 1954 3471 usque

306 3491 656 3564 dignitatem
713 3494 967 3544 evectus.
1031 3488 1277 3560 Scripsit
1333 3488 1519 3544 libros
1581 3505 1757 3560 quam
1818 3489 1954 3561 plu-

311 3581 517 3637 rimos.

382 3669 814 3735 Artemidorus,
849 3686 918 3724 ex
945 3667 1134 3735 Daldi,
1173 3669 1358 3739 Lycize
1399 3669 1638 3742 oppido,
1689 3670 1954 3742 philoso-

307 3760 480 3832 phus,
514 3760 752 3831 scripsit
779 3756 1229 3832 Ὀνειροκριτικὰ,
1278 3759 1344 3814 de
1391 3762 1725 3814 somniorum
1779 3762 1954 3814 inter-

299 3849 617 3919 pretatione
667 3849 833 3904 libros
883 3851 981 3904 IV.
1034 3847 1476 3917 Οἶωνοσκοπικᾶ,
1534 3850 1599 3904 de
1651 3851 1952 3920 auguriis;

307 3939 724 4014 χειροσκοπικά,
757 3941 823 3995 de
861 3941 1222 4008 divinatione,
1271 3956 1393 4010 qum
1439 3943 1501 4010 ﬁt
1540 3957 1646 4012 per
1689 3957 1952 3996 manuum

306 4021 721 4092 inspectionem.

377 4112 808 4177 Artemidorus,
886 4110 1590 4182 Pseudoaristophanius,
1667 4111 1952 4169 vocabula

311 4201 671 4275 opsartytica
701 4201 822 4254 sive
853 4198 924 4253 de
956 4216 1020 4255 re
1049 4199 1396 4270 coquinaria
1425 4199 1681 4272 collegit.

377 4289 780 4362 Asclepiades,
813 4288 1050 4342 Diotimi
1084 4289 1168 4354 F.,
1201 4287 1534 4359 Myrleanus
1565 4289 1660 4360 (ex
1711 4291 1946 4362 Myrlea,

307 4379 616 4452 Bithynizn,
667 4377 882 4432 deinde
938 4376 1096 4432 dicta
1151 4378 1455 4449 Apamea),
1515 4383 1574 4432 at
1627 4377 1689 4432 τὸ
1746 4376 1947 4442 ἄνωθεν

305 4468 484 4542 γένος,
519 4468 566 4522 si
600 4465 777 4522 altius
817 4481 1002 4538 genus
1040 4467 1954 4540 repetas,Nicmensis,gramma-

305 4560 480 4624 ticus,
539 4555 836 4628 Apollonii
897 4556 1244 4627 discipulus,
1305 4557 1406 4628 qui
1459 4557 1604 4611 vixit
1657 4558 1832 4613 Attali
1895 4565 1951 4616 et

2083 628 2193 683 bris
2220 632 2390 686 XVII.
2426 631 2601 694 Οὗτος
2648 636 2870 703 πρῶτος
2925 630 3262 701 Ἐλληνικην
3307 632 3543 704 ἱστορίαν
3592 634 3734 689 Ῥω-

2087 723 2297 789 μαϊκῶς
2371 721 2756 794 συνεγράψατο.
2836 726 3056 778 Primus
3126 724 3414 780 historiam
3488 726 3734 781 Graecam

2081 811 2220 878 διῃῑο
2253 812 2447 867 Latino
2480 814 2731 867 tradidit.
2767 816 2932 868 FABR.
2971 846 3034 853 —
3067 813 3149 867 De
3203 830 3270 868 eo
3320 813 3591 884 pluribus
3642 814 3730 886 egi

2081 900 2145 955 in
2176 902 2497 956 lntroduct.
2534 904 2594 956 in
2629 904 2900 958 notitiam
2956 903 3200 958 litterat.
3252 906 3530 958 Romana:
3582 908 3724 958 tom.

2080 989 2148 1058 II,
2182 1006 2312 1061 pag.
2347 991 2448 1045 237
2478 1009 2606 1062 sqq.
2641 993 2814 1047 HARL.

2152 1080 2421 1150 Aspasia,
2448 1080 2690 1149 Milesia,
2718 1080 2943 1135 femina
2965 1080 3722 1154 celeberrimaetsingulari

2081 1169 2424 1240 eloquentia
2453 1171 2722 1242 praedita,
2766 1171 3104 1242 sopbistria,
3157 1167 3483 1230 διδάσκαλος
3543 1168 3721 1245 λόγων

2081 1256 2412 1333 ῥητορικῶν,
2446 1261 2730 1331 magistra
2760 1265 2817 1315 et
2847 1261 3038 1315 amica
3068 1261 3310 1316 Periclis
3339 1266 3396 1316 et
3435 1277 3582 1315 uxor
3611 1260 3722 1315 de-

2081 1349 2283 1419 nique.
2321 1365 2452 1420 quas
2483 1349 2737 1404 duorum
2777 1349 3094 1415 bellorum,
3149 1351 3400 1406 Samiaci
3449 1355 3506 1405 et
3553 1349 3725 1405 Pelo—

2080 1437 2452 1508 ponnesiaci,
2487 1454 2666 1494 causa
2693 1437 2878 1492 fuisse
2909 1439 3183 1506 traditur,
3227 1445 3284 1494 et
3332 1454 3403 1494 ex
3452 1455 3568 1509 qua
3614 1440 3726 1492 Pre-

2080 1527 2257 1581 ricles
2307 1527 2522 1592 ﬁlium,
2585 1527 2696 1582 sibi
2755 1528 3196 1601 cognominem,
3259 1531 3536 1599 suscepit.
3597 1527 3730 1582 Fuit

2079 1621 2139 1670 et
2167 1615 2374 1683 altera,
2407 1616 2708 1683 meretrix,
2743 1616 2814 1671 ab
2857 1617 3102 1687 Aspasia
3129 1617 3372 1671 Periclis
3403 1617 3648 1672 diversa.

2150 1705 2458 1776 Aspasius,
2508 1704 2769 1776 Byblius,
2819 1706 3106 1776 sophista,
3155 1705 3403 1776 aequalis
3451 1704 3723 1760 Aristidis

2079 1799 2139 1848 et
2167 1793 2432 1862 Adriani,
2467 1794 2704 1865 scripsit
2732 1795 2798 1848 de
2828 1795 3018 1863 Byblo,
3077 1792 3202 1869 περὶ
3259 1794 3492 1846 στάσεων
3553 1791 3722 1867 ἐσχη-

2001 1909 2046 1975 B
2083 1879 2450 1954 ματισμένων,
2499 1884 2565 1937 de
2597 1884 2833 1939 statibus
2883 1887 3181 1953 ﬁguratis;
3243 1881 3490 1954 μελέτας,
3543 1884 3722 1939 decla-

2071 1976 2380 2039 mationes;
2409 1973 2619 2047 Τέχνας
2671 1981 2846 2030 artcm
2895 1975 3270 2038 rhetoricam;
3329 1973 3718 2044 ὑπομνήματα,

2071 2063 2534 2126 commentarios;
2605 2059 2823 2130 λαλιὰς,
2897 2079 3187 2119 sermones.
3280 2065 3602 2118 Encomium
3659 2067 3718 2119 in

2070 2150 2381 2206 Adrianum
2411 2153 2547 2221 imp.
2583 2156 2633 2206 et
2665 2153 2722 2204 in
2752 2153 2890 2206 alios
2922 2151 3206 2220 quosdam.

2141 2241 2442 2312 Aspasius,
2483 2241 2713 2311 Tyrius,
2751 2239 3016 2311 sophista
3037 2245 3095 2295 et
3113 2239 3455 2306 historicus,
3483 2241 3721 2312 scripsit

2070 2331 2137 2385 de
2167 2331 2331 2401 Epiro
2357 2337 2407 2384 et
2439 2330 2598 2385 rebus
2630 2328 2926 2400 Epiroticis
2946 2329 3236 2384 historiam
3261 2326 3568 2399 σύμμικτον
3601 2331 3720 2385 sive

2069 2419 2475 2474 miscellaneam
2509 2419 2666 2472 librie
2696 2419 2809 2472 XX.
2845 2419 2922 2472 De
2952 2424 3072 2472 arte
3100 2417 3402 2484 rhetorica,
3439 2421 3496 2471 et
3525 2418 3660 2473 alia.

2141 2508 2446 2578 Aspasius,
2479 2507 2865 2574 Demetriani,
2898 2507 3089 2562 critici
3118 2512 3177 2561 et
3208 2508 3611 2562 mathematici
3635 2509 3717 2573 F.,

2069 2596 3073 2668 Ravennas,sophista,temporibus
3086 2596 3401 2651 Alexandri
3417 2599 3718 2652 Mammete

2069 2685 2307 2757 scripsit
2334 2684 2469 2758 πρὸς
2497 2683 2626 2745 τοὺς
2649 2681 3075 2760 φιλολοιδόρους
3106 2682 3194 2737 καὶ
3226 2684 3362 2756 πρὸς
3395 2684 3715 2756 Ἀρίστωνα,

2068 2775 2326 2830 adversus
2354 2774 2647 2829 maledicos
2702 2780 2755 2828 et
2811 2775 3126 2828 Aristonem
3181 2775 3366 2828 varias
3419 2777 3712 2830 orationes.

2065 2864 2302 2918 Audivit
2322 2863 2677 2918 Pausaniam
2692 2867 2750 2916 et
2781 2862 3268 2933 Hippodromum,
3295 2867 3353 2917 et
3373 2867 3559 2918 artem
3586 2864 3718 2919 rhe-

2069 2955 2315 3011 toricam
2345 2957 2544 3009 Romae
2577 2953 2797 3021 docuit,
2833 2953 2932 3008 ubi
2965 2954 3066 3009 diu
3099 2953 3298 3009 clarus
3327 2953 3461 3010 fuit.

2141 3045 2610 3117 Astramsychus,
2645 3043 2883 3114 scripsit
2917 3037 3132 3116 βιϐλίον
3170 3042 3411 3114 ἳατρικὸν
3446 3041 3521 3102 εἷς
3573 3038 3711 3096 ὄνων

2069 3133 2378 3203 Θεραπείαν,
2411 3134 2612 3188 librum
2656 3135 3052 3189 veterinarium
3111 3133 3177 3187 de
3227 3134 3510 3188 asinorum
3558 3150 3714 3189 cura-

2069 3226 2235 3292 tione,
2268 3228 2325 3278 et
2355 3220 2804 3296 ὀνειροκριτικὸν,
2848 3223 2916 3278 de
2964 3225 3420 3292 interpretatione
3471 3225 3710 3278 somnio-

2066 3331 2210 3368 rum.

2135 3403 2574 3458 Astronomiam
2608 3403 2764 3458 inter
2805 3402 3166 3474 Babylonios
3219 3403 3448 3474 primus
3493 3403 3717 3459 invenit

2064 3494 2401 3548 Zoroastres
2424 3499 2482 3548 et
2511 3497 2647 3564 post
2667 3510 2804 3548 eum
2826 3495 3136 3562 Hostanes,
3163 3493 3264 3564 qui
3290 3510 3359 3548 ex
3375 3494 3646 3565 genitura
3659 3499 3715 3549 et

2063 3587 2228 3638 motu
2270 3583 2403 3637 caeli
2443 3583 2564 3637 fata
2616 3582 2925 3637 hominum
2975 3583 3352 3637 nascentium
3401 3583 3710 3637 observare

2063 3676 2388 3742 cceperunt.
2424 3671 2508 3726 Ab
2557 3670 2652 3725 his
2718 3671 2968 3743 Aigyptii
3032 3677 3091 3726 et
3140 3671 3323 3725 Graeci
3376 3670 3708 3726 doctrinam

2061 3759 2227 3815 illam
2260 3775 2560 3830 accepere,
2596 3760 2696 3830 qui
2750 3759 3132 3815 nascentibus
3189 3758 3396 3814 itidem
3446 3759 3709 3816 themata

2061 3848 2350 3904 notabilia
2379 3848 2706 3920 assignant.

2131 3939 2434 4008 Astyages,
2463 3937 2906 4007 grammaticus,
2940 3939 3178 4010 scripsit
3204 3945 3379 3994 artem
3425 3954 3704 4009 grammao

2061 4029 2245 4082 ticam.
2280 4029 2356 4080 De
2385 4025 2653 4080 dialectis.
2688 4029 2764 4080 De
2804 4030 2993 4082 metris
3037 4027 3266 4087 κανόνας
3325 4024 3702 4099 ὀνοματικοὺς,

2058 4117 2277 4186 regulas
2306 4119 2589 4171 nominum
2613 4133 2632 4180 ;
2661 4121 3112 4173 commentarium
3136 4120 3194 4172 in
3216 4118 3630 4173 Callimachum.

2130 4209 2508 4278 Astyanassa,
2543 4207 2782 4278 scripsit
2810 4206 2933 4279 περὶ
2983 4207 3285 4281 σχημάτων
3336 4227 3706 4261 συνουσιαστι-

2057 4298 2190 4352 κῶν,
2225 4297 2365 4349 Eam
2399 4295 2643 4350 imitata:
2675 4295 2960 4351 Philamis
2990 4302 3045 4351 et
3075 4297 3494 4368 Elephantine.

2131 4387 2505 4458 Astydamas,
2539 4388 2760 4454 senior,
2796 4388 2957 4444 filius
2989 4389 3247 4444 Morsimi
3283 4394 3341 4444 et
3363 4405 3548 4460 nepos
3571 4387 3705 4442 Phi-

2056 4476 2251 4544 loclis,
2287 4477 2670 4550 tragicorum,
2705 4477 2962 4549 tragicus
2995 4483 3052 4532 et
3103 4477 3254 4549 ipse,
3303 4476 3708 4543 Atheniensis,

2060 4566 2295 4637 scripsit
2327 4566 2637 4638 tragoedias
2669 4567 2873 4634 CCXL,
2902 4567 3040 4621 vicit
3068 4568 3190 4621 XV.
3243 4568 3573 4636 Antequam
3626 4563 3706 4618 ad

306 4646 610 4713 Eumenis,
643 4647 1143 4727 Pergamenorum
1175 4661 1404 4718 regum,
1447 4650 1734 4719 tempore.
1786 4648 1949 4704 Scri-
1985 4650 2028 4713 D
2062 4655 2376 4727 tragmdias
2409 4654 2753 4710 scribendas
2783 4671 2844 4710 se
2875 4655 3192 4724 conferret,
3223 4654 3446 4710 audivit
3481 4656 3710 4709 Isocra-

305 4736 426 4808 psit
450 4731 763 4810 φιλοσόφων
797 4726 1029 4806 βιϐλίων
1062 4730 1410 4807 διορθωτικὰ,
1437 4735 1949 4806 philosophicorum

306 4822 574 4877 librorum
627 4821 1080 4889 emendationem,
1141 4822 1374 4892 aliaque
1449 4823 1659 4879 multa.
1742 4825 1953 4880 Docuit

305 4913 505 4966 Romae
556 4915 822 4980 tempore
874 4911 1140 4982 Pompeii
1199 4911 1410 4982 Magni,
1465 4916 1524 4967 et
1579 4912 1951 4969 Alexandria)

306 5005 591 5074 regnante
622 4999 943 5055 Ptolemaao
976 5006 1186 5072 quarto
1228 5000 1576 5057 adolescens
1623 5019 1950 5060 commora-

309 5095 404 5145 tus
440 5095 548 5146 est.

378 5187 766 5260 Asclepiades,
819 5187 1055 5254 medici,
1113 5187 1186 5244 ab
1236 5188 1587 5260 Esculapio,
1642 5189 1954 5248 medicinae

305 5277 585 5348 praaside.

378 5367 850 5440 Asclepiodotus,
877 5367 1335 5436 Alexandrinus,
1376 5367 1448 5424 de
1477 5385 1591 5440 quo
1619 5370 1806 5426 multa
1828 5371 1960 5427 Sui-

306 5455 409 5513 das
440 5459 483 5522 Ι,
516 5475 648 5530 pag.
684 5461 788 5512 352
819 5475 905 5528 sq.
944 5475 973 5512 e
1014 5459 1350 5515 Damascio.

374 5547 688 5615 Asconius,
723 5547 1064 5604 Paedianus.

379 5636 674 5705 Ascraaus,
709 5637 1022 5694 Hesiodus.

376 5725 621 5782 Asinius
677 5725 996 5799 (Ἀσίννιος)
1059 5727 1277 5800 Pollio,
1337 5729 1661 5799 Romanus,
1720 5728 1962 5806 ἱστορίας

2060 4748 2203 4800 tem.

2131 4831 2500 4904 Astydamas,
2529 4831 2758 4902 junior,
2785 4831 3001 4903 prioris
3034 4831 3213 4900 illius,
3235 4833 3511 4904 tragicus,
3539 4831 3710 4904 cujus

2064 4921 2333 4977 dramata
2361 4918 2640 4990 Ἡρακλῆς
2685 4919 2992 4993 σατυρικὸς,
3033 4919 3341 4994 Ἐπίγονοι,
3372 4921 3532 4982 Ἀἳας
3584 4941 3714 4993 μαι-

2059 5011 2310 5083 νόμενος,
2356 5008 2824 5085 Βελλεροφόντης,
2883 5009 3064 5086 Τυρὼ,
3124 5008 3444 5084 Ἀλκμήνη,
3502 5011 3710 5081 Φοῖνιξ,

2064 5095 2433 5171 Παλαμήδης.

2138 5199 2482 5265 Athenaeus,
2516 5199 2874 5266 Naucratita,
2906 5200 3346 5271 grammaticus,
3409 5201 3510 5272 qui
3537 5200 3710 5256 Marci

2067 5289 2211 5359 imp.
2247 5293 2514 5359 tempore
2546 5289 2710 5354 vixit,
2743 5289 2981 5362 scripsit
3006 5289 3225 5347 librum
3252 5290 3717 5363 quiinscribitur

2069 5377 2543 5451 Asmvococptc‘rai,
2578 5383 2688 5436 etc.

2143 5467 2580 5539 Athenodorus,
2606 5468 2829 5524 stoicus
2855 5469 3249 5541 philosophus
3272 5469 3379 5526 sub
3401 5469 3714 5526 Octaviano

2075 5559 2216 5631 imp.
2231 5605 2244 5629 ,
2275 5564 2386 5617 etc.

2143 5649 2580 5716 Athenodorus,
2601 5650 2830 5721 junior,
2862 5649 3140 5706 omnibus
3171 5650 3244 5706 ad
3276 5648 3716 5722 philosophiam

2078 5737 2362 5795 subsidiis
2394 5738 2467 5795 ab
2499 5739 2739 5811 ingenio
2775 5743 2834 5796 et
2861 5746 3025 5797 recta
3053 5740 3238 5797 animi
3284 5739 3585 5796 voluntate
3636 5738 3723 5794 in-
