4128 6308
359 327 518 387 1237

1677 328 1774 390 DE
1818 323 2105 401 QUIBUS
2148 325 2452 388 SUIDAS.

3619 329 3652 386 ,1
3664 330 3781 392 238

428 458 802 516 Οὴωῐοθωοη.
839 461 1099 516 comicus
1146 461 1285 534 (57),
1319 479 1387 518 ex
1444 463 1617 534 cujus
1647 461 2013 518 dramatibus
2051 462 2108 530 Α
2136 460 2559 523 Diocletianus,
2591 458 2874 531 Egyptiis
2905 459 3179 526 infestus,
3210 461 3396 516 libros
3419 461 3489 515 de
3525 459 3779 531 chemia,

356 555 498 604 sunt
555 545 918 621 Τρευματίας,
973 548 1196 624 Οὐρεὺς,
1260 545 1631 627 ’Λλφεσίὸοια,
1692 547 2009 626 Κένταυρος.

362 636 640 706 Διόνυσος,
668 635 970 706 Ὀδυσσεὺς,
1002 636 1258 710 Θυέστης,
1293 638 1512 695 Μινύαι.

429 728 596 783 Alius
627 729 996 796 Chaeremon,
1027 730 1129 800 qui
1162 731 1400 802 scripsit
1427 731 1890 803 hieroglyphica.

427 817 822 888 Chaarephon,
855 819 1076 874 Socrati
1123 821 1380 876 maxime
1425 820 1778 876 familiaris:
1834 820 2012 892 hujus

353 906 588 962 nullum
613 907 900 978 scriptum
923 912 1153 962 exstare
1184 908 1420 966 dicitur.
1441 911 1584 964 Cum
1607 910 1786 965 fratre
1808 926 2011 982 graves

355 999 733 1050 exercentem
782 995 1128 1052 inimicitias
1179 998 1414 1053 monuit
1452 999 1742 1064 Socrates,
1776 998 2010 1053 nullum

351 1086 530 1140 etiam
555 1085 862 1140 oculorum
884 1085 973 1140 vel
995 1102 1282 1142 manuum
1305 1093 1406 1142 aut
1426 1087 1643 1158 pedum
1666 1105 1792 1143 esse
1812 1105 2007 1152 usum,

350 1174 466 1229 nisi
499 1175 823 1230 concordes
855 1175 1096 1230 fuerint.
1121 1179 1209 1230 Ea:
1233 1177 1612 1248 Xenophonte,
1634 1177 1736 1233 lib.
1760 1178 1827 1230 II.
1853 1179 1922 1231 M.
1950 1177 2006 1233 S.

419 1265 662 1331 Chaeris,
695 1264 1076 1332 citharcedus,
1109 1270 1220 1320 etc.

423 1353 846 1409 Chalcenterus
876 1353 1066 1410 dictus
1107 1359 1197 1410 est
1249 1354 1532 1426 Didymus
1562 1355 2006 1427 grammaticus,

347 1448 591 1516 propter
620 1443 930 1498 assiduum
963 1444 1224 1500 studium
1266 1444 1426 1515 quod
1478 1445 1644 1500 libris
1679 1444 2004 1516 impendit:

345 1533 516 1588 aiunt
548 1532 706 1587 enim
739 1549 920 1604 super
967 1534 1081 1588 tria
1129 1533 1321 1589 millia
1367 1533 1660 1590 librorum
1691 1551 1826 1590 eum
1858 1534 2006 1590 scri-

345 1622 561 1694 psisse.

417 1711 698 1779 Chaldaei,
726 1727 948 1767 nomen
983 1713 1176 1784 gentis
1210 1713 1270 1767 in
1316 1713 1684 1769 astronomia
1715 1714 2003 1770 exercita-

343 1792 611 1848 tissimaa.
644 1787 928 1846 Χαλδαϊκὰ
959 1788 1384 1864 ἐπιτηδεύματα,
1417 1799 1530 1850 etc.

416 1883 714 1951 Chanaan,
748 1899 782 1937 a
815 1899 930 1953 quo
961 1882 1304 1952 Chananaei,
1337 1901 1372 1938 a
1403 1885 1579 1939 Josua
1629 1885 1868 1957 regione
1899 1902 2007 1940 sua

343 1972 593 2043 expulsi,
649 1973 749 2043 qui
807 1971 1024 2027 deinde
1081 1972 1340 2028 Africam
1396 1973 1725 2040 incoluere,
1769 1972 1859 2026 mi
1901 1957 2000 2028 εἷσῖ

348 2057 514 2136 μέχρι
571 2063 663 2114 νῦν
744 2060 798 2113 αἱ
873 2058 1122 2114 τοιαῦται
1195 2059 1425 2131 πλάκες,
1504 2060 1556 2116 ἐν
1616 2065 1686 2134 τῇ
1734 2059 2004 2134 Νουμιδία

341 2145 699 2223 περιέχουσαι
756 2147 949 2210 οὕτως’
1037 2149 1229 2222 Ἡμεῖς
1314 2149 1472 2222 ἐσμεν
1542 2149 1854 2221 χαναναῖοι,
1912 2149 2005 2212 οὕς

345 2236 560 2311 ἐδίωξεν
594 2239 803 2308 Ἰησοῦς
835 2238 862 2290 ὁ
896 2235 1124 2310 λῃστής.

412 2331 661 2397 Charax,
695 2330 1115 2400 Pergamenus,
1168 2328 1448 2384 sacerdos
1497 2334 1556 2385 et
1587 2329 2000 2401 philosophus,

341 2420 414 2474 de
447 2437 564 2490 quo
599 2418 964 2490 epigramma
1006 2421 1194 2486 vetus,
1228 2416 1420 2472 Suidaa
1470 2418 1713 2473 lectum.
1759 2419 2004 2489 Scripsit

344 2511 678 2564 Graecarum
728 2507 1111 2561 historiarum
1157 2506 1343 2561 libros
1384 2508 1498 2564 XL.
1548 2508 1816 2562 Secundo
1848 2507 2000 2562 libro

341 2597 619 2654 meminit
666 2595 934 2669 Augusti,
985 2598 1050 2649 ut
1092 2595 1492 2666 imperatoris,
1535 2596 1664 2668 jam
1717 2596 1859 2651 olim
1900 2595 1998 2650 de'

342 2688 529 2743 functi
556 2705 569 2754 ;
605 2691 664 2742 et
686 2685 840 2741 libro
875 2684 1124 2756 septimo
1158 2686 1406 2741 Neronis
1428 2690 1486 2740 et
1517 2702 1723 2740 eorum
1745 2685 1846 2757 qui
1867 2691 2000 2757 post

343 2777 514 2832 illum
544 2777 980 2847 imperitarunt.

411 2866 656 2932 Charax,
693 2865 1022 2936 Sapphonis
1053 2864 1256 2919 frater.

408 2954 671 3008 Charetis
700 2953 1166 3025 pollicitationes
1197 2952 1267 3007 de
1300 2952 1392 3021 iis,
1429 2953 1529 3023 qui
1559 2952 1732 3008 facile
1764 2952 1996 3024 quidvis

335 3041 712 3113 pollicentur,
728 3047 796 3096 ut
816 3042 1033 3097 Chares
1055 3041 1356 3113 quondam
1379 3041 1496 3097 dux
1520 3042 1992 3100 Atheniensium.

405 3132 716 3199 Charmus,
750 3132 1176 3202 Syracusanus,
1210 3131 1271 3186 in
1302 3131 1536 3204 singula
1563 3131 1832 3199 obsonia,
1861 3149 1992 3203 qua)

2130 567 2166 606 a
2197 553 2488 608 veteribus
2533 553 2806 624 scriptos,
2858 551 3204 621 perquisivit
3241 556 3299 606 et
3346 551 3464 623 igni
3517 550 3782 618 tradidit,

2128 657 2204 695 ne
2237 659 2305 696 ex
2363 647 2487 698 arte
2546 641 2890 712 hujusmodi
2952 640 3071 694 illis
3125 657 3288 712 Opes,
3351 646 3408 695 et
3457 657 3526 694 ex
3567 640 3780 712 Opibus

2129 729 2345 785 ﬁducia
2375 731 2704 786 rebellandi
2739 730 2984 802 posthac
3016 734 3375 802 suppeteret.

2196 819 2348 886 Χῆνα
2379 817 2631 891 ὀμνύναι,
2676 837 2779 891 per
2825 835 3068 874 anserem
3109 821 3330 889 jura-re.
3363 821 3449 881 Ne
3471 818 3544 873 ad
3575 835 3782 874 omnes

2126 924 2222 963 res
2281 925 2501 964 nomen
2562 909 2662 963 Dei
2723 907 3126 975 adhiberetur,
3183 907 3626 964 Rhadamantus
3676 924 3783 978 per

2125 1013 2397 1054 anserem
2431 1003 2489 1053 et
2517 999 2762 1053 arietem
2786 998 2992 1069 jurare
3015 998 3216 1070 jussit,
3250 1015 3392 1065 non,
3417 1003 3482 1052 ut
3512 997 3778 1068 quidam,

2123 1088 2413 1142 Socrates.
3160 1091 3164 1094 ’

2192 1175 2432 1244 Χιάζειν,
2493 1177 2650 1232 Chios
2698 1175 2930 1231 imitari.
2985 1176 3390 1241 Praxidamas,
3461 1177 3776 1231 Democra-

2124 1274 2270 1335 tum,
2333 1268 2564 1334 Chium,
2627 1273 2685 1322 et
2739 1267 3198 1334 Theoxenidem,
3278 1267 3612 1337 Siphnium,
3671 1267 3775 1349 ait,

2119 1357 2345 1428 primos
2395 1360 2688 1428 poemata,
2741 1360 2910 1428 pacta
2966 1355 3262 1422 mercede,
3323 1355 3748 1426 conscripsisse

2121 1447 2373 1521 πρώτους
2431 1445 2520 1500 ἐπὶ
2595 1447 2885 1520 χρήματος
2959 1443 3110 1515 τάξαι
3189 1441 3325 1499 ἰδίαν
3384 1446 3628 1514 nor/lata.
3687 1449 3777 1501 Ea:

2121 1541 2357 1595 Isocrate
2384 1538 2454 1593 ad
2482 1539 2784 1593 Idotheam.

2189 1628 2377 1694 Chilo,
2411 1628 2711 1700 Damageti
2735 1628 2817 1688 F..
2842 1626 3347 1693 Lacedaemonius,
3369 1642 3524 1681 unus
3547 1630 3775 1697 septem

2119 1717 2475 1788 sapientum,
2525 1716 2637 1770 fuit
2678 1715 3078 1786 breviloquus.
3135 1715 3324 1779 Quare
3381 1714 3773 1784 Aristagoras,

2037 1841 2082 1905 Β
2117 1805 2399 1871 Milesius,
2425 1805 2585 1860 hunc
2616 1805 2859 1858 modum
2890 1804 3127 1859 dicendi
3159 1803 3470 1857 Chilonium
3493 1801 3771 1873 appellat-

2183 1894 2522 1962 Chionides,
2554 1893 3229 1959 Atheniensis,comicus
3262 1893 3522 1962 antiquas
3556 1907 3775 1946 comm-

2114 1980 2245 2048 diaa,
2279 1981 2448 2053 cujus
2499 1981 2670 2036 aiunt
2716 1981 3049 2052 principem
3098 1979 3281 2034 fuisse
3331 1984 3388 2033 et
3433 1983 3562 2032 octo
3595 1979 3768 2032 annis

2111 2075 2247 2126 ante
2277 2070 2502 2124 bellum
2533 2069 2845 2124 Persidum
2875 2068 3105 2124 fabulas
3152 2068 3445 2136 docuisse,
3490 2084 3520 2122 e
3551 2067 3766 2138 quibus

2109 2161 2252 2212 sunt
2279 2158 2486 2229 ”Ηρως,
2520 2155 2772 2230 Πτωχοὶ,
2807 2160 3006 2228 Περσαι
3033 2152 3068 2223 ἤ
3105 2153 3405 2228 Ἀσσύριοι.

2179 2245 2420 2313 Chiron,
2463 2249 2814 2315 Centaurus,
2849 2247 2950 2316 qui
2984 2246 3214 2316 primus
3247 2244 3605 2300 medicinam
3638 2245 3772 2298 her-

2107 2334 2336 2390 bariam
2368 2335 2613 2390 invenit.
2648 2335 2896 2405 Scripsit
2927 2333 3226 2402 ὑποθήκας,
3251 2339 3556 2403 praecepta,
3583 2332 3767 2386 versi-

2107 2423 2244 2489 bus,
2293 2425 2366 2478 ad
2415 2423 2727 2478 Achillem.
2789 2424 2938 2477 Item
2994 2421 3384 2493 Ἰππιατρικὸν,
3435 2419 3768 2476 Medicinam

2105 2516 2527 2573 veterinariam;
2550 2529 2734 2583 quare
2753 2513 2931 2566 etiam
2951 2513 3281 2567 Centaurus
3301 2516 3390 2565 est
3409 2510 3761 2582 appellatus.

2178 2601 2444 2670 erilus,
2468 2601 2874 2670 Atheniensis,
2909 2601 3188 2673 tragicus,
3216 2600 3316 2670 qui
3343 2600 3562 2671 olymp.
3597 2599 3766 2654 LXIV

2105 2691 2168 2746 in
2215 2708 2394 2746 scena
2449 2695 2675 2746 certare
2735 2690 2932 2761 cmpit,
2990 2689 3192 2744 docuit
3245 2688 3481 2744 fabulas
3532 2689 3634 2751 CL,
3679 2688 3766 2743 vi-

2103 2780 2185 2837 cit
2212 2781 2360 2836 XIII.
2414 2781 2538 2848 Hic,
2592 2784 2656 2835 ut
2703 2779 2945 2850 quidam
2997 2778 3258 2847 tradunt,
3292 2783 3351 2833 et
3380 2778 3675 2832 larvarum
3705 2783 3765 2833 et

2102 2871 2347 2926 vestitus
2378 2870 2598 2925 scenici
2629 2870 2860 2941 primus
2893 2873 3100 2924 auctor
3128 2868 3258 2922 fuit.

2171 2958 2479 3023 Choerilus,
2513 2959 2767 3024 Samius,
2801 2957 2891 3013 vel
2941 2957 3222 3026 Jasensis,
3255 2960 3357 3012 aut
3385 2955 3758 3012 Halicarnas-

2101 3049 2312 3115 sensis,
2347 3048 2594 3120 aequalis
2615 3048 2900 3120 Panyasis
2926 3051 2984 3102 et
3005 3046 3355 3102 adolescens
3379 3046 3506 3118 jam
3536 3045 3758 3100 Persici

2099 3137 2242 3192 belli
2302 3137 2694 3208 tomporibus,
2769 3137 2990 3208 olymp.
3044 3137 3253 3190 LXXV.
3332 3134 3493 3190 Idem
3554 3151 3756 3190 servus

334 3221 589 3277 convivis
621 3221 1098 3292 apponebantur,
1126 3220 1450 3275 versiculos
1483 3225 1540 3275 et
1591 3221 1902 3292 proverbia
1931 3221 1992 3276 in
2030 3211 2075 3278 C
2101 3223 2284 3279 fuisse
2313 3224 2564 3278 traditur
2586 3223 2765 3278 Samii
2790 3222 3120 3295 cujusdam,
3146 3222 3336 3278 forma
3356 3222 3758 3294 pulcherrima

335 3316 612 3383 promptu
642 3311 898 3367 habebat
944 3311 1100 3384 (quea
1152 3310 1309 3382 apud
1363 3310 1601 3366 Suidam
1645 3315 1997 3383 sequuntur,

335 3401 465 3472 jam
497 3400 660 3455 fuere
695 3417 896 3471 supra,
928 3418 978 3455 v.
1013 3401 1351 3470 Athenaeus),
1403 3405 1545 3454 sunt
1593 3405 1791 3455 autem
1832 3401 1995 3456 hazc:

339 3489 679 3555 Clearchus,
716 3489 1001 3555 Solensis,
1032 3506 1246 3560 poema
1275 3489 1425 3544 illud
1448 3486 1796 3562 Δεινολογσαν
1829 3494 2000 3546 vocat

356 3578 457 3632 alii
545 3575 892 3651 Ὀψολογίαν,
952 3579 1313 3652 Chrysippus
1381 3576 1807 3653 Γαστρονομίαν,
1896 3578 1998 3634 alii

342 3661 721 3722 Ἡδυπάθειαν,

342 3756 594 3825 Charon,
628 3755 1085 3827 Lampsacenus,
1138 3755 1437 3826 Pythoclis
1479 3755 1562 3820 F.,
1597 3755 1696 3826 qui
1732 3758 1995 3826 tempore

339 3848 515 3918 primi
574 3848 733 3903 Darii
807 3847 1011 3902 ﬂoruit
1094 3846 1314 3918 olymp.
1404 3846 1594 3901 LXXV
1657 3846 1994 3902 historicus.

336 3939 582 4010 Scripsit
609 3939 944 4008 Ethiopica,
964 3939 1190 3992 Persica
1213 3937 1370 3993 libris
1393 3939 1467 3992 II.
1496 3937 1684 3992 erca
1712 3937 1865 3992 libris
1894 3939 1979 3992 1V

336 4029 409 4083 De
462 4029 761 4097 Lampsaco
812 4025 967 4080 libris
1015 4028 1089 4082 II.
1147 4026 1368 4095 Libyca.
1413 4026 1572 4079 Fines
1600 4027 1995 4095 Lampsaceno-

338 4134 460 4172 rum
493 4117 648 4172 libris
684 4118 777 4171 IV.
812 4116 1087 4186 Prytanes
1140 4116 1259 4171 sive
1311 4115 1614 4171 Archontes
1651 4116 1998 4172 Lacedaemo-

337 4210 584 4276 niorum,
640 4206 798 4277 quod
853 4211 944 4261 est
998 4222 1146 4277 opus
1203 4205 1708 4278 chronologicum.
1750 4206 1999 4274 Origines

339 4297 580 4363 urbium,
615 4295 772 4349 libris
829 4296 904 4361 II,
965 4295 1180 4348 Cretica
1230 4293 1386 4349 libris
1433 4296 1532 4362 ΙΙΙ,
1567 4293 1629 4348 in
1670 4309 1786 4364 quo
1818 4309 1996 4365 opere

339 4385 518 4440 etiam
551 4383 734 4452 leges,
789 4398 824 4438 a
871 4384 1061 4437 Minoe
1110 4383 1282 4449 latas,
1329 4382 1532 4438 refert.
1586 4385 1998 4452 Navigationem

339 4477 485 4530 circa
543 4490 697 4528 oram
753 4473 1097 4527 maritimam
1167 4477 1326 4527 extra
1391 4472 1670 4527 columnas
1730 4473 1993 4526 Herculis.

2103 3312 2425 3384 praeditus:
2471 3317 2530 3368 et
2580 3313 2749 3367 Samo
2795 3312 3078 3384 profugus
3122 3328 3256 3366 cum
3307 3311 3621 3380 Herodoto,
3664 3311 3758 3366 hi-

2105 3403 2342 3471 storico,
2401 3418 2644 3474 operam
2692 3401 2881 3470 daret,
2929 3401 3264 3456 litterarum
3313 3405 3371 3455 et
3400 3399 3755 3472 eloquentia)

2102 3505 2303 3545 amore
2336 3494 2544 3561 captus
2574 3489 2756 3544 fuisse
2785 3506 2797 3542 :
2841 3489 3012 3559 cujus
3045 3489 3222 3543 etiam
3255 3491 3545 3543 amasium
3575 3488 3758 3543 fuisse

2102 3578 2327 3633 dicunt.
2363 3578 2647 3633 Animum
2680 3578 2750 3632 ad
2804 3578 3099 3648 poeticam
3130 3577 3362 3649 appulit
3393 3583 3451 3631 et
3479 3578 3542 3632 in
3572 3579 3760 3632 Mace-

2101 3667 2281 3722 donia
2329 3666 2476 3720 obiit
2519 3665 2675 3738 apud
2721 3666 3104 3732 Archelaum,
3154 3671 3300 3721 tunc
3353 3667 3480 3737 ejus
3535 3682 3757 3737 regem.

2102 3755 2347 3826 Scripsit
2373 3754 2661 3810 victoriam
2712 3755 2964 3811 adversus
3014 3757 3250 3810 Xerxem
3290 3759 3651 3826 reportatam
3683 3754 3757 3810 ab

2100 3845 2586 3915 Atheniensibus,
2620 3861 2724 3916 pro
2771 3845 2941 3916 cujus
2973 3844 3264 3916 poematis
3298 3843 3546 3917 singulis
3576 3843 3760 3898 versi-

2101 3935 2212 3992 bus
2243 3951 2492 3989 aureum
2534 3939 2812 3990 staterem
2861 3935 3110 4006 accepit.
3159 3936 3472 3990 Decretum
3513 3935 3759 4004 insuper

2101 4023 2233 4091 fuit,
2257 4028 2323 4077 ut
2351 4040 2563 4094 poema
2593 4024 2742 4079 illud
2773 4040 2908 4078 cum
2941 4024 3176 4079 Homeri
3210 4023 3573 4080 carminibus
3603 4023 3756 4078 reci-

2102 4117 2347 4168 taretur.
2380 4115 2660 4180 Lamiaca,
2721 4118 2779 4168 et
2827 4113 2946 4169 alia
2998 4112 3274 4184 quaedam
3326 4114 3453 4185 ejus
3483 4117 3760 4185 poemata

2102 4201 2626 4258 circumferuntur.
3474 4227 3480 4232 -

2173 4291 2604 4348 Choriambicis
2652 4291 2916 4347 versibus
2965 4292 3229 4364 Esopias
3260 4290 3492 4348 fabulas
3523 4292 3762 4364 scripsit

2101 4381 2270 4436 libris
2302 4383 2348 4436 X
2382 4381 2623 4436 Babrias
2657 4398 2759 4436 seu
2792 4381 3057 4451 Babrius,
3092 4379 3164 4436 de
3196 4397 3310 4452 quo
3344 4396 3541 4452 supra.

2173 4469 2428 4544 Χορικὸς,
2459 4469 2618 4525 chori
2668 4471 2784 4524 dum
2833 4477 2883 4524 et
2930 4473 3210 4540 magister.
3267 4469 3420 4524 Talis
3463 4469 3574 4522 fuit
3604 4473 3754 4539 Aga-

409 4562 660 4629 Charon,
694 4558 1196 4633 Carthaginensis,
1252 4560 1593 4627 historicus,
1645 4560 1883 4632 scripsit
1921 4560 1992 4615 de
2022 4585 2068 4649 D
2103 4558 2270 4624 thon,
2326 4559 2426 4629 qui
2483 4559 2836 4614 histrionica
2887 4559 3174 4625 carmina,
3235 4555 3556 4629 ὑποκριτικὰ
3610 4554 3751 4626 μὲλη

341 4651 631 4722 tyrannis,
665 4654 958 4721 quotquot
1013 4649 1073 4703 in
1133 4650 1367 4720 Europa
1418 4655 1476 4704 et
1520 4649 1662 4704 Asia
1709 4649 1987 4719 fuerunt;

339 4739 486 4795 vitas
517 4739 841 4794 illustrium
871 4739 1132 4794 virorum
1163 4737 1334 4793 libris
1374 4740 1466 4805 IV,
1498 4737 1818 4794 mulierum
1849 4740 1992 4794 item

338 4830 482 4885 vitas
512 4829 681 4884 libris
713 4828 804 4882 1V.

409 4920 667 4987 Charon,
696 4918 1050 4985 Naucratita,
1086 4917 1424 4973 historicus.
1461 4917 1708 4989 Scripsit
1735 4919 1800 4973 de
1822 4934 1995 4974 sacer-

341 5011 558 5065 dotibus
605 5007 992 5064 Alexandrinis
1041 5013 1093 5061 et
1137 5009 1410 5076 Egyptiis
1465 5013 1524 5061 et
1572 5023 1667 5062 res
1711 5007 1818 5062 sub
1850 5024 1995 5064 uno-

343 5117 576 5172 quoque
605 5104 820 5172 gestas.
854 5101 931 5154 De
959 5099 1198 5168 regibus,
1231 5097 1332 5168 qui
1385 5098 1594 5168 priscis
1628 5099 1992 5168 temporibus

337 5190 399 5244 in
458 5205 816 5261 unaquaque
873 5192 1046 5260 gente
1100 5186 1361 5242 fuerunt.
1398 5188 1470 5242 De
1513 5188 1819 5250 Naucrate;
1851 5188 1992 5243 item

339 5278 457 5334 alia
489 5277 762 5348 quaadam
793 5277 860 5331 de
885 5279 1137 5346 Egypto.

413 5367 676 5433 Chemia,
727 5366 846 5422 sive
890 5381 985 5420 ars
1040 5363 1395 5418 conﬁciendi
1462 5365 1686 5437 argenti
1734 5371 1793 5420 ct
1839 5366 1989 5420 auri.

413 5615 523 5684 (57)
555 5615 678 5668 Imo
713 5613 973 5681 tragicus.
1007 5611 1154 5684 Eum
1201 5610 1456 5684 quidem
1485 5612 1804 5667 Athenmus
1835 5614 1990 5678 XIII,

341 5681 472 5759 pag.
507 5681 630 5754 562,
673 5700 948 5757 expresse
998 5681 1267 5743 nominat
1313 5683 1623 5756 tragicum,
1660 5689 1717 5740 et
1746 5685 1993 5740 nomina

2101 4648 2457 4719 composuit,
2489 4652 2548 4702 et
2576 4647 2701 4718 ipse
2734 4647 3087 4702 histrionem
3128 4647 3189 4701 in
3231 4660 3408 4701 scena
3436 4645 3554 4718 egit
3580 4644 3756 4716 (infra

2100 4736 2163 4791 in
2193 4739 2249 4790 Μ
2251 4739 2483 4806 ῃνηῖεω).

2169 4824 2341 4897 Χορὸν
2389 4820 2614 4894 δίδωμι,
2673 4825 2899 4879 chorum
2956 4826 3046 4891 do,
3099 4824 3255 4879 idem
3286 4823 3441 4879 valet
3468 4839 3535 4878 ac
3564 4823 3754 4896 gloria

2101 4915 2392 4971 excellere
2414 4931 2481 4969 ac
2502 4915 2753 4969 vincere.
2783 4916 2926 4969 Nam
2949 4915 3103 4985 apud
3127 4914 3519 4969 Athenienses
3542 4914 3751 4969 comici

2107 5009 2167 5058 et
2199 5004 2399 5075 tragici
2430 5010 2616 5074 poetae
2648 5004 2894 5058 chorum
2927 5003 3325 5074 impetrabant
3355 5019 3475 5057 non
3505 5020 3749 5058 omnes:

2112 5091 2214 5148 sed
2248 5092 2529 5147 clariores
2561 5093 2842 5164 dignique
2873 5092 3080 5163 habiti,
3113 5096 3426 5164 postquam
3457 5094 3600 5148 artis
3632 5111 3752 5149 sum

2104 5183 2406 5254 specimen
2441 5182 2786 5238 edidissent.

2173 5271 2363 5344 Χορὸς,
2399 5274 2454 5328 in
2492 5275 2759 5329 ecclesiis
2804 5275 3168 5329 cantantium
3217 5281 3419 5331 coetus.
3463 5277 3752 5333 Ecclesia-

2103 5378 2234 5418 rum
2268 5364 2431 5418 chori
2465 5364 2634 5418 divisi
2693 5364 2857 5419 fuere
2915 5365 2976 5418 in
3035 5364 3180 5419 duas
3236 5371 3436 5436 partes
3484 5370 3748 5438 tempore

2097 5612 2432 5669 fabularum
2483 5615 2567 5669 rei
2622 5615 2926 5670 veritatem
2991 5629 3224 5684 quoque
3293 5619 3604 5670 testantur.
3675 5617 3742 5670 V.

2097 5685 2326 5742 Kusler.
2360 5692 2485 5743 not.
2516 5691 2658 5742 tom.
2689 5687 2786 5758 ΙΙΙ,
2821 5703 2950 5758 pag.
2982 5688 3106 5741 661.
3141 5687 3314 5741 HARL.
