4128 6308
302 346 456 409 1239

1624 350 1864 412 INDEX
1909 351 2424 415 SCRIPTORUM

3561 359 3727 421 1240

301 481 655 552 Constantii,
675 485 1045 543 Constantini
1068 490 1139 544 M.
1166 487 1296 555 filii,
1320 492 1379 543 et
1397 487 1953 559 Flaviani,episcopi
1987 495 2033 558 Α
2137 488 2473 560 Cleanthes,
2496 492 2754 562 Cassius,
2778 493 3017 549 Phaniae
3038 493 3123 560 F.,
3144 492 3368 562 Assius,
3389 492 3721 566 discipulus

303 573 655 639 Antiochim,
680 575 951 632 bifariam
980 577 1212 633 Davidis
1238 578 1509 634 Psalmos
1541 577 1957 642 canentes.Qui

306 677 435 717 mos
480 663 1009 735 (antiphonarum),
1058 667 1387 720 Antiochiae
1420 668 1680 738 primum
1710 672 1956 737 coeptus,

307 755 496 808 totum
528 758 819 808 terrarum
846 756 1048 809 orbem
1080 761 1287 827 postea
1324 757 1600 828 pervasit.

378 843 718 909 Chosroem,
745 858 944 916 regem
976 846 1313 913 Persarum,
1345 845 1749 918 depraedicant
1779 860 1958 916 supra

304 929 492 1001 ipsius
512 932 793 985 meritum
827 948 946 987 non
969 937 1199 987 tantum
1232 933 1439 999 Persas,
1464 933 1567 989 sed
1594 938 1653 988 et
1681 931 1956 987 nonnulli

305 1020 728 1086 Romanorum,
781 1026 847 1075 ut
890 1021 1223 1077 litterarum
1273 1029 1598 1078 amatorem
1629 1023 1851 1093 quique
1882 1020 1955 1076 ad

300 1108 692 1180 phiIOSOphize
716 1115 935 1164 nostra)
959 1110 1196 1165 culmen
1220 1110 1632 1177 evaserit,eum
1660 1109 1713 1164 ei
1736 1110 1958 1164 Graeca-

300 1198 437 1253 nica
483 1198 704 1271 scripta
761 1200 833 1254 ab
892 1200 1216 1271 interprete
1274 1200 1530 1271 quodam
1564 1200 1626 1253 in
1656 1197 1953 1253 Persicam

298 1286 564 1360 linguam
597 1294 800 1343 essent
827 1306 1129 1356 conversa,
1149 1291 1232 1345 ita
1251 1295 1319 1345 ut
1342 1289 1719 1344 Aristolelem
1740 1287 1955 1342 melius

300 1378 629 1445 edidicerit,
654 1395 831 1450 quam
861 1379 1289 1434 Demosthenes
1308 1377 1803 1450 Thucydidem,et
1822 1376 1953 1431 Pla-

302 1467 517 1522 tonicis
563 1468 936 1541 dogmatibus
996 1473 1152 1523 totus
1210 1472 1369 1522 esset
1423 1468 1698 1531 refertus,
1732 1470 1798 1520 ut
1844 1480 1954 1519 nec

302 1555 556 1610 Timmus
588 1556 716 1627 ejus
746 1557 1205 1629 intelligentiam
1236 1556 1528 1628 effugerit,
1551 1571 1663 1610 nec
1694 1552 1954 1608 Phaadon

304 1660 416 1700 nec
447 1645 709 1717 Gorgias,
741 1650 851 1701 etc.
889 1649 972 1701 Καὶ
1000 1645 1257 1715 Agathia.

375 1741 812 1810 Christodorus,
846 1743 1077 1798 Panisci
1109 1744 1193 1808 F.,
1222 1759 1293 1797 ex
1313 1743 1495 1813 Copto
1525 1739 1673 1796 urbe
1703 1739 1952 1812 Egypti,

2069 577 2337 645 Cratetis,
2371 580 2586 637 deinde
2615 582 2887 653 Zenonis,
2912 583 3005 639 cui
3029 583 3207 638 etiam
3241 583 3564 639 successit:
3590 599 3722 639 ma-

2066 665 2249 737 gister
2278 667 2610 741 Chrysippi,
2645 671 2984 743 philos0phi
3036 671 3318 742 Solensis,
3351 675 3410 725 et
3435 672 3716 744 Antigoni

2065 754 2240 827 regis.
2268 756 2371 811 Hic
2395 758 2557 830 pugil
2588 764 2783 828 antea,
2806 761 3066 815 Athenas
3098 760 3419 831 profectus,
3451 760 3719 831 philoso-

2065 844 2221 916 phiaa
2251 862 2452 903 amore
2481 853 2689 921 captus
2736 854 2863 905 est:
2912 849 3264 918 laboriosus,
3302 855 3368 905 ut
3395 850 3545 906 alter
3574 851 3718 906 Her-

2067 933 2232 989 cules
2261 935 2581 1007 diceretur,
2603 943 2663 993 et
2691 935 3017 1014 φρεᾶντλης,
3041 939 3201 1010 quia,
3224 955 3361 994 cum
3390 956 3511 994 non
3532 939 3716 995 habe-

2064 1028 2176 1090 ret,
2201 1025 2363 1080 unde
2388 1027 2625 1096 viveret,
2649 1034 2830 1083 noctu
2851 1029 3127 1084 mercede
3148 1044 3362 1100 aquam
3384 1029 3715 1098 hauriebat,

2064 1111 2325 1169 interdiu
2356 1114 2690 1188 disciplinis
2720 1122 2781 1172 et
2807 1118 2977 1172 libris
3019 1117 3282 1173 vacabat.
3317 1117 3562 1190 Scripsit
3582 1117 3715 1189 plu-

2064 1219 2236 1258 rima.

2135 1292 2474 1349 Clearchus.
2501 1294 2784 1363 Solensis,
2814 1296 2981 1352 varia
3010 1296 3267 1368 scripsit.

2135 1384 2476 1456 Clearchus,
2509 1388 2807 1457 Ponticus,
2856 1388 3117 1443 Athenas
3165 1386 3463 1459 profectus
3495 1392 3585 1442 est
3611 1404 3720 1444 au-

2065 1473 2267 1528 diendi
2299 1474 2563 1530 Platonis
2612 1493 2804 1531 causa.
2865 1476 2977 1531 Sed
3024 1476 3086 1531 in
3136 1476 3363 1531 somnis
3403 1476 3549 1531 vidit
3584 1494 3718 1534 mu-

2063 1562 2294 1634 lierem,
2327 1563 2440 1618 sibi
2481 1564 2820 1621 dicentem:
2883 1566 3093 1621 Eacede
3138 1566 3423 1621 academia
3446 1572 3499 1620 et
3528 1565 3717 1636 linque

2055 1653 2488 1722 philosophiam,
2520 1670 2631 1724 qua
2657 1653 2778 1723 frui
2810 1654 2914 1709 tibi
2939 1658 3029 1724 fas
3057 1671 3169 1709 non
3198 1661 3296 1723 est,
3328 1657 3543 1723 infenso
3573 1657 3715 1710 enim

2061 1742 2221 1797 vultu
2252 1749 2303 1797 te
2326 1744 2592 1798 intuetur.
2644 1743 2792 1798 Hinc
2848 1744 2910 1798 in
2962 1744 3215 1815 patriam
3258 1743 3457 1811 rediit,
3499 1743 3715 1799 deinde

302 1836 478 1903 poeta
515 1833 739 1903 epicus,
772 1833 1067 1887 Anastasii
1111 1832 1255 1903 imp.
1290 1830 1677 1902 temporibus.
1710 1828 1957 1920 Scripsit
1982 1855 2029 1920 B
2063 1831 2227 1885 venit
2255 1831 2329 1885 ad
2360 1832 2777 1900 Mithridatem,
2811 1833 3071 1903 denique
3112 1833 3593 1889 Heracleotarum
3624 1839 3716 1904 ty-

300 1922 547 1977 Isaurica
578 1922 731 1976 libris
765 1923 846 1989 V1,
875 1921 995 1976 sive
1024 1921 1096 1977 de
1128 1921 1367 1975 Isauriae
1394 1919 1847 1991 expugnatione,
1881 1918 1954 1973 ab

298 2010 610 2065 Anastasio
641 2010 797 2065 facta
816 2027 830 2078 ;
863 2010 1071 2085 Πάτρια
1130 2011 1248 2065 sive
1310 2011 1563 2078 Origines
1594 2009 1802 2076 CPolis,
1834 2024 1955 2062 ver-

302 2099 467 2154 sibus
516 2099 773 2154 heroicis
839 2100 993 2154 libris
1044 2101 1163 2155 XII.
1247 2100 1502 2167 Origines
1558 2096 1957 2152 Thessalonices

302 2188 458 2243 libris
502 2189 672 2245 XXV.
723 2190 973 2258 Origines
1021 2188 1207 2244 Nacles
1254 2205 1436 2259 prope
1483 2186 1861 2257 Heliopolim,
1894 2186 1957 2240 in

303 2293 420 2348 qua
466 2282 607 2331 sunt
653 2278 911 2349 Aphaca.
971 2279 1221 2348 Origines
1284 2276 1481 2333 Mileti.
1536 2275 1700 2331 urbis
1752 2276 1952 2331 Ionias.

303 2366 555 2434 Origines
638 2366 926 2420 Trallium.
1015 2367 1266 2435 Origines
1345 2363 1794 2435 Aphrodisiadis.
1856 2367 1955 2419 Ec-

298 2454 552 2524 phrasim
602 2453 721 2508 sive
767 2455 1191 2525 descriptionem
1234 2460 1545 2509 statuarum
1573 2455 1633 2507 in
1674 2455 1957 2522 gymnasio

309 2545 599 2613 Zwmippi,
633 2547 692 2597 et
720 2543 838 2598 alia
867 2544 1076 2598 multa.

378 2631 827 2701 Chrysanthius,
881 2632 1222 2699 Sardianus,
1298 2632 1710 2703 philosophus,
1778 2647 1956 2702 quem

303 2718 572 2774 Julianus
596 2736 704 2791 per
732 2720 961 2776 litteras
991 2721 1313 2776 arcessivit.
1369 2720 1475 2776 Ille
1512 2735 1648 2774 vero
1688 2735 1794 2775 suo
1826 2720 1956 2775 loco

302 2808 544 2876 mansit,
573 2825 608 2864 a
634 2825 783 2864 vana
802 2809 991 2882 gloria
1009 2809 1243 2865 alienus
1276 2814 1335 2865 et
1362 2809 1558 2865 divino
1581 2813 1730 2864 nutu
1755 2808 1959 2864 omnia

298 2894 544 2952 faciens.
577 2898 660 2952 Ea:
686 2900 971 2969 Eunapio.

371 2994 753 3067 Chrysippus,
778 2995 1146 3067 Apollonida:
1173 2997 1259 3068 F.,
1282 2995 1565 3064 Solensis,
1586 2995 1679 3051 vel
1708 2997 1954 3051 Tarsen-

302 3081 401 3150 sis,
436 3082 846 3155 philosophus,
880 3084 1207 3156 discipulus
1258 3084 1579 3148 Cleanthis,
1614 3088 1748 3156 post
1777 3098 1956 3155 quem

2061 1936 2289 1976 rannus
2319 1937 2455 1976 cum
2487 1922 2787 1991 evasisset,
2829 1922 3149 1977 crudeliter
3177 1922 3509 1994 imperavit,
3540 1924 3716 1978 vesti-

2059 2010 2192 2077 bus,
2227 2011 2436 2082 quales
2463 2012 2915 2083 conspiciuntur
2960 2012 3023 2066 in
3065 2010 3399 2067 simulacris
3442 2011 3712 2081 deorum,

2060 2100 2391 2155 insolenter
2446 2117 2509 2156 se
2566 2101 2783 2169 induit,
2815 2101 3005 2156 ﬁlium
3065 2098 3344 2171 κεραυνὸν,
3372 2101 3584 2170 fulmen
3614 2117 3717 2173 ap-

2060 2188 2319 2260 pellavit.
2353 2190 2706 2245 Interfectus
2729 2206 2764 2245 a
2783 2190 3025 2259 Chione,
3052 2190 3307 2245 Leonide
3332 2195 3389 2244 et
3413 2191 3716 2261 Antitheo,

2061 2276 2371 2348 discipulis
2399 2278 2664 2334 Platonis
2693 2279 3055 2351 philosophi.

2132 2365 2424 2436 Clemens,
2454 2368 2794 2438 historicus,
2827 2367 3066 2441 scripsit
3091 2368 3165 2423 de
3193 2370 3598 2426 Romanorum
3623 2385 3711 2425 re-

2060 2455 2230 2527 gibus
2262 2462 2321 2510 et
2349 2457 2832 2529 imperatoribus,
2857 2462 2917 2512 et
2935 2457 3009 2513 ad
3032 2458 3459 2530 Hieronymum
3480 2458 3551 2513 de
3575 2459 3716 2531 ﬁgu—

2059 2545 2143 2600 ris
2174 2545 2504 2601 lsocraticis
2534 2552 2595 2602 et
2623 2547 2762 2603 alia.

2128 2637 2421 2705 Cleobius,
2455 2654 2673 2694 nomen
2702 2637 3025 2694 sacerdotis
3056 2638 3373 2695 idolorum.

2133 2725 2501 2796 Cleobuline,
2561 2727 2787 2795 Lindia,
2850 2727 3137 2796 Cleobuli,
3197 2727 3505 2799 sapientis,
3566 2727 3708 2795 filia,

2062 2815 2366 2889 ὲξαμὲτρων
2421 2812 2762 2888 αἲνιγμάτων
2816 2816 3099 2889 ποιήτρια,
3161 2816 3395 2887 scripsit
3419 2830 3624 2871 versus
3657 2818 3715 2868 et

2060 2906 2302 2980 griphos
2334 2912 2393 2963 et
2420 2907 2654 2963 celebre
2701 2907 2851 2963 illud
2898 2908 3150 2980 aanigma
3178 2907 3242 2961 in
3276 2922 3522 2974 annum,
3556 2903 3713 2976 quod

2062 2996 2307 3068 incipit:
2367 2997 2464 3057 Εἷς
2515 2996 2543 3049 ὁ
2601 2997 2804 3070 πατὴρ,
2862 2993 3052 3057 παῖδες
3103 2991 3161 3049 δὲ
3216 2990 3448 3066 δώδεκα,
3505 2996 3613 3047 τῶν
3656 2988 3713 3046 δὲ

2063 3083 2272 3156 ἑκάστῳ
2302 3081 2490 3147 παῖδες
2511 3083 2820 3160 τριάκοντα.

301 3170 506 3275 Stoica}
538 3172 755 3275 scholas
780 3172 1035 3275 praefuit,
1060 3178 1119 3228 et
1139 3172 1288 3227 obiit
1317 3174 1511 3275 aetatis
1533 3189 1687 3228 anno
1710 3173 1953 3275 LXX‘III,
1993 3206 2038 3275 α
2069 3265 2099 3275 ﬁ
2138 3175 2476 3275 Cleobulus,
2504 3178 2803 3275 .Hvagoraa
2855 3177 2945 3274 F.,
2997 3174 3259 3275 Lindius,
3300 3190 3456 3229 unus
3487 3178 3716 3275 septem

301 3258 375 3314 ob
431 3261 711 3315 haustum
761 3260 987 3315 avidius
1038 3277 1268 3316 merum
1308 3261 1593 3333 vertigine
1623 3266 1952 3333 correptus,

299 3348 413 3415 vel,
446 3352 513 3402 ut
562 3348 686 3413 alii,
745 3348 819 3403 ob
868 3348 1121 3404 nimium
1179 3349 1368 3404 risum
1428 3350 1648 3422 olymp.
1708 3349 1950 3404 CXLIII.

304 3437 668 3508 Conscripsit
696 3436 879 3492 libros
900 3438 1100 3510 plures
1124 3455 1301 3509 quam
1323 3439 1454 3493 DCC
1485 3439 1950 3510 philosophicos.

304 3527 622 3582 historicos
679 3532 737 3581 et
790 3527 1226 3597 grammaticos.
1279 3528 1652 3600 Sophismata
1681 3529 1953 3600 quaedam

302 3615 613 3686 Chrysippi
640 3615 849 3670 Suidas
871 3617 1044 3671 affert
1072 3633 1102 3670 e
1136 3617 1384 3671 Laertio.
1466 3671 1473 3677 ,

374 3705 461 3760 Ad
521 3706 959 3776 Chrysogonum
1013 3705 1416 3761 confessorem
1474 3706 1753 3778 epistolas
1804 3706 1950 3761 duas

300 3795 626 3850 Anastasim
659 3795 956 3866 martyris,
1004 3810 1039 3849 a
1085 3794 1316 3862 Publio,
1350 3812 1454 3850 suo
1505 3795 1950 3862 marito,idolo-

298 3900 431 3938 rum
463 3883 710 3951 cultore,
742 3883 983 3938 liberari
1015 3884 1330 3954 cupientis,
1362 3901 1483 3939 una
1521 3901 1657 3940 cum
1698 3885 1951 3956 Chryso-

298 3973 432 4045 goni
482 3971 981 4043 responsionibus,
1013 3972 1221 4028 Suidas
1269 3973 1514 4028 ascribit
1561 3974 1841 4046 integras,
1875 3973 1947 4028 de

300 4062 516 4133 quibus
547 4060 751 4116 confer
796 4060 1141 4132 Menagiana
1184 4068 1330 4117 tom.
1361 4064 1453 4134 IV,
1482 4080 1612 4136 pag.
1646 4066 1770 4130 208,
1804 4061 1946 4118 edit.

298 4153 486 4204 Amst.

371 4236 633 4303 Cicilius,
665 4237 930 4309 Argivus,
972 4243 1147 4309 poeta
1194 4238 1417 4309 epicus,
1468 4240 1569 4309 qui
1617 4239 1949 4295 Halieutica

300 4325 538 4397 scripsit
558 4325 843 4394 versibus,
867 4331 934 4379 ut
952 4327 1275 4382 Numenius
1295 4326 1659 4397 Heracleota,
1692 4330 1947 4384 Pancra-

300 4420 390 4470 tes
418 4418 620 4482 Arcas,
653 4415 1006 4470 Posidonius
1036 4416 1393 4487 Corinthius,
1427 4416 1728 4488 Oppianus
1757 4417 1944 4474 Cilix:

300 4506 566 4561 oratione
594 4520 730 4560 vero
762 4505 955 4559 soluta
983 4504 1263 4559 Seleucus
1291 4507 1616 4574 Tarsensis,
1657 4506 1947 4563 Leonides

302 4594 658 4665 Byzantinus
684 4592 1036 4665 Agathocles
1069 4593 1358 4649 Atracius.

372 4684 599 4751 Cimon,
632 4681 910 4737 Miltiadis
960 4681 1140 4747 ﬁlius,
1173 4687 1309 4746 etc.,
1343 4682 1492 4738 adde
1532 4700 1711 4755 supra
1746 4685 1805 4737 V.
1837 4685 1952 4754 Ap-

301 4781 505 4845 syrtus.

376 4871 659 4937 Cinesias,
691 4874 867 4941 poeta
894 4868 1383 4941 dithyrambicus,
1417 4871 1518 4942 qui
1558 4870 1631 4926 ob
1680 4870 1953 4943 impieta-

305 4964 424 5016 tem
456 4965 515 5015 et
543 4959 898 5031 injustitiam
930 4958 1083 5015 male
1114 4960 1410 5016 audiebat.

377 5049 640 5119 Cinyras,
673 5049 832 5104 filius
862 5049 1144 5118 Thiantis,
1180 5051 1332 5123 regis
1371 5051 1563 5123 Cypri,
1595 5050 1762 5108 valde
1793 5050 1953 5106 dives

310 5142 367 5192 et
395 5137 538 5192 artis
570 5138 811 5191 musica)
842 5139 1071 5209 egregie
1102 5141 1347 5210 peritus.

378 5221 776 5292 Κειτούκειτος,
825 5226 1128 5297 Ulpianus,
1170 5244 1324 5283 unus
1369 5228 1955 5301 dipnOSOphistarum

306 5313 484 5387 (apud
510 5312 904 5387 Athenmum),
927 5316 1010 5371 ita
1038 5316 1251 5386 dictus,
1276 5318 1417 5388 quia
1437 5319 1508 5373 de
1531 5320 1779 5392 singulis
1806 5321 1958 5375 voci-

305 5403 420 5461 bus
473 5401 701 5457 solebat
742 5403 1106 5476 interrogare
1153 5410 1324 5459 κεῖται
1355 5407 1391 5475 ἢ
1424 5405 1487 5460 οὐ
1516 5413 1713 5478 κεῖται,
1754 5416 1954 5479 emstat,

308 5508 495 5549 annon
526 5495 724 5559 exstat,
755 5491 839 5562 (in
867 5492 1130 5563 probatis
1162 5496 1610 5567 scriptoribus?)

382 5578 763 5646 Claudianus,
791 5580 1249 5649 Alexandrinus,
1272 5590 1445 5656 poeta
1464 5586 1739 5641 heroicus
1760 5603 1961 5643 recen-

312 5673 449 5737 tior,
474 5667 575 5739 qui
605 5667 838 5724 Arcadii
862 5674 920 5724 et
939 5670 1182 5725 Honorii
1204 5673 1388 5744 impp.
1414 5674 1777 5746 temporibus
1797 5676 1958 5734 vixit.

2068 3265 2433 3337 Sapientum,
2464 3265 2687 3320 viribus
2716 3263 2982 3336 corporis
3029 3268 3088 3318 et
3129 3262 3335 3317 formae
3366 3262 3713 3334 praestantia

2065 3353 2384 3422 excellens,
2403 3353 2503 3425 qui
2522 3354 2700 3408 etiam
2722 3352 3120 3425 :Egyptiorum
3146 3350 3525 3423 philosophia
3544 3350 3717 3405 insti-

2064 3446 2227 3497 tutus
2278 3441 2408 3496 fuit.
2471 3442 2719 3514 Scripsit
2774 3439 2986 3513 ᾄσματα
3041 3439 3131 3493 καὶ
3187 3438 3414 3515 γρίφους
3475 3436 3552 3499 εἷς
3607 3432 3713 3508 ἔπη

2059 3526 2365 3605 τρισχίλια,
2399 3533 2615 3586 cantica
2644 3538 2698 3586 et
2726 3531 2948 3601 griphos
2994 3530 3236 3585 versibus
3277 3529 3611 3583 hexametris
3640 3528 3715 3582 ad

2064 3626 2147 3675 ter
2176 3621 2349 3680 mille.
2381 3622 2540 3681 Obiit
2569 3637 2752 3676 senex
2795 3635 2953 3676 anno
2984 3620 3174 3675 astatis
3206 3619 3369 3673 LXX.
3403 3616 3551 3672 Filia
3581 3615 3711 3688 ejus

2060 3715 2426 3775 Cleobuline.
2484 3711 2995 3784 Apophtbegmata
3052 3707 3328 3780 quandam
3373 3711 3428 3778 (e
3459 3704 3710 3776 Laertia)

2062 3807 2271 3864 Suidas
2301 3803 2512 3860 recitat
2532 3805 2591 3857 et
2618 3801 3019 3873 fragmentum
3058 3814 3126 3852 ex
3161 3795 3411 3870 epistola
3439 3794 3513 3852 ad
3543 3793 3710 3849 Solo-

2059 3913 2219 3952 nem.

2131 3982 2454 4054 Cleophon,
2507 3976 2908 4045 Atheniensis,
2963 3974 3242 4045 tragicus,
3275 3989 3345 4028 ex
3374 3971 3544 4043 cujus
3573 3969 3711 4025 dra-

2057 4072 2317 4129 matibus
2374 4073 2514 4124 sunt
2590 4064 2882 4134 Ἀκταίων,
2961 4063 3322 4139 Ἀμφιαραος,
3384 4054 3709 4133 Ἀχιλλεὺς,

2059 4166 2296 4238 Βακχαι,
2349 4158 2666 4233 Δεξαμενὸς,
2737 4154 3017 4230 Ἠριγόνῃ,
3075 4152 3321 4223 Octo—tat,
3374 4149 3707 4219 Λεύκιππος,

2056 4252 2274 4329 Περσὶς,
2304 4246 2580 4325 Τήλεφος.

2130 4327 2457 4398 Cleoxenus
2481 4343 2540 4394 et
2554 4336 2914 4392 Democlitus
2937 4334 3304 4405 scripserunt
3323 4327 3445 4403 περὶ
3468 4328 3708 4409 πυρσῶν,

2059 4432 2132 4488 de
2161 4430 2410 4496 facibus,
2444 4427 2658 4498 quibus
2702 4425 2764 4479 in
2795 4423 2953 4479 bello
3005 4423 3241 4496 signum
3282 4436 3353 4475 ex
3383 4415 3709 4489 composito

2060 4520 2253 4575 datur.
2301 4520 2522 4572 Horum
2566 4531 2714 4587 opus
2768 4512 3068 4584 Polybius,
3114 4507 3545 4583 Megalopolita,
3577 4520 3711 4560 cor-

1981 4579 2027 4643 D
2056 4607 2231 4672 rexit,
2261 4610 2326 4660 ut
2354 4604 2481 4675 ipse
2513 4603 2576 4657 in
2604 4579 2858 4657 historia
2878 4579 3013 4655 'sua
3056 4579 3255 4654 refert.
3299 4579 3478 4669 [cont
3511 4592 3705 4662 Polyb.

2058 4695 2128 4763 Χ,
2161 4712 2211 4751 c.
2245 4697 2333 4761 39,
2367 4697 2426 4749 et
2486 4692 2806 4759 Wernsdorf
2851 4689 2923 4744 ad
2982 4687 3227 4743 Himerii
3283 4689 3431 4741 orat.
3474 4683 3546 4738 de
3575 4682 3705 4737 lau-

2061 4784 2236 4840 dibus
2287 4782 2452 4838 urbis
2484 4780 2654 4836 CPol.
2714 4785 2774 4835 et
2828 4777 3047 4834 Juliani
3086 4779 3230 4849 Aug.
3263 4791 3298 4830 a
3327 4790 3422 4830 me
3462 4771 3703 4841 editam,

2060 4877 2327 4949 Erlangaa
2362 4875 2512 4942 l785,
2538 4873 2685 4939 in-8,
2705 4889 2762 4944 p.
2787 4874 2874 4940 60,
2905 4887 3060 4942 sqq.,
3087 4883 3394 4941 nuperque
3417 4866 3490 4921 de
3510 4865 3621 4919 hac
3641 4878 3705 4917 re

2061 4964 2426 5036 disputatum
2458 4965 2548 5015 est
2576 4977 2611 5016 a
2651 4959 2880 5013 Bredow
2928 4958 2991 5012 in
3033 4956 3340 5025 Henningii
3367 4952 3502 5007 libr.
3538 4966 3705 5005 men-

2062 5056 2224 5108 struo
2255 5068 2267 5106 :
2299 5048 2500 5107 Genius
2527 5048 2624 5103 der
2672 5049 2806 5102 Zeit.
2856 5046 2927 5099 M.
2979 5046 3111 5101 Jun.
3159 5044 3317 5111 1797,
3347 5058 3407 5112 p.
3441 5042 3544 5094 162
3572 5052 3704 5107 sqq.

2062 5139 2135 5194 de
2164 5137 2548 5208 Telegraphia
2575 5135 2825 5189 Graacor.
2861 5138 2919 5187 et
2938 5132 3282 5200 Romanor.]

2135 5224 2326 5280 Κοινὸν
2406 5224 2778 5299 γραμματεῖον
2862 5219 2953 5273 καὶ
3032 5213 3415 5292 ληξιαρχικόν.
3489 5211 3713 5269 Tabula

2064 5315 2400 5373 communis
2420 5313 2726 5369 dicebatur
2738 5311 2894 5381 ea,in
2909 5325 3025 5381 qua
3035 5308 3450 5365 scribebantur
3469 5303 3717 5359 nomina

2064 5408 2329 5478 illorum,
2362 5405 2463 5478 qui
2493 5405 2555 5459 in
2587 5404 2899 5460 curialium
2932 5407 2991 5458 et
3025 5402 3389 5458 familiarum
3417 5396 3713 5453 nobilium

2068 5511 2384 5552 numerum
2411 5492 2839 5550 referebantur.
2891 5490 3268 5547 Lexiarchica
3303 5506 3460 5559 vero,
3494 5488 3588 5545 cui
3619 5489 3717 5543 in-

2069 5584 2482 5643 scribebantur
2506 5582 2616 5651 illi,
2647 5582 2748 5652 qui
2789 5583 2946 5636 inter
2990 5581 3254 5652 plebeios
3280 5580 3710 5635 referebantur.

2139 5676 2446 5745 Coluthus,
2478 5673 2836 5749 Lycopolita,
2879 5672 3211 5743 Thebanus;
3252 5677 3428 5747 poeta
3483 5674 3707 5748 epicus,
