  <div class='ocr_page' id='page_1' title='image "/cluster/home/n/w/nwhite01/storage/ocr_20150623/117/mdp.39015038086818/628.png"; bbox 0 0 4136 6316; ppageno 0'>
   <div class='ocr_carea' id='block_1_1' title="bbox 374 421 526 480">
    <p class='ocr_par' dir='ltr' id='par_1_1' title="bbox 374 421 526 480">
     <span class='ocr_line' id='line_1_1' title="bbox 374 421 526 480; baseline 0 0"><span class='ocrx_word' id='word_1_1' title='bbox 374 421 526 480; x_wconf 69' lang='grc'>1241</span> 
     </span>
    </p>
   </div>
   <div class='ocr_carea' id='block_1_2' title="bbox 377 645 2018 713">
    <p class='ocr_par' dir='ltr' id='par_1_2' title="bbox 377 645 2018 713">
     <span class='ocr_line' id='line_1_2' title="bbox 377 645 2018 713; baseline -0.001 -11"><span class='ocrx_word' id='word_1_2' title='bbox 377 648 548 703; x_wconf 84' lang='lat' dir='ltr'>libris</span> <span class='ocrx_word' id='word_1_3' title='bbox 580 648 650 700; x_wconf 83' lang='lat' dir='ltr'>VI</span> <span class='ocrx_word' id='word_1_4' title='bbox 685 663 697 712; x_wconf 91' lang='lat'><strong>;</strong></span> <span class='ocrx_word' id='word_1_5' title='bbox 732 647 1015 700; x_wconf 90' lang='lat' dir='ltr'>Encomia</span> <span class='ocrx_word' id='word_1_6' title='bbox 1041 646 1310 700; x_wconf 86' lang='lat' dir='ltr'>versibus</span> <span class='ocrx_word' id='word_1_7' title='bbox 1339 646 1616 713; x_wconf 82' lang='lat' dir='ltr'>heroicis,</span> <span class='ocrx_word' id='word_1_8' title='bbox 1653 649 1712 699; x_wconf 89' lang='lat' dir='ltr'>et</span> <span class='ocrx_word' id='word_1_9' title='bbox 1763 645 2018 700; x_wconf 85' lang='lat' dir='ltr'>Persica.</span> 
     </span>
    </p>
   </div>
   <div class='ocr_carea' id='block_1_3' title="bbox 452 733 2025 806">
    <p class='ocr_par' dir='ltr' id='par_1_3' title="bbox 452 733 2025 806">
     <span class='ocr_line' id='line_1_3' title="bbox 452 733 2025 806; baseline -0.001 -16"><span class='ocrx_word' id='word_1_10' title='bbox 452 737 660 803; x_wconf 84' lang='lat' dir='ltr'>Corax,</span> <span class='ocrx_word' id='word_1_11' title='bbox 717 735 1146 806; x_wconf 82' lang='lat' dir='ltr'>Syracusanus,</span> <span class='ocrx_word' id='word_1_12' title='bbox 1201 735 1528 790; x_wconf 85' lang='lat' dir='ltr'>rhetorices</span> <span class='ocrx_word' id='word_1_13' title='bbox 1595 734 1902 788; x_wconf 79' lang='lat' dir='ltr'>inventor:</span> <span class='ocrx_word' id='word_1_14' title='bbox 1964 733 2025 788; x_wconf 87' lang='lat' dir='ltr'>in</span> 
     </span>
    </p>
   </div>
   <div class='ocr_carea' id='block_1_4' title="bbox 379 823 2022 899">
    <p class='ocr_par' dir='ltr' id='par_1_4' title="bbox 379 823 2022 899">
     <span class='ocr_line' id='line_1_4' title="bbox 379 823 2022 899; baseline -0.003 -17"><span class='ocrx_word' id='word_1_15' title='bbox 379 829 538 883; x_wconf 90' lang='lat' dir='ltr'>hunc</span> <span class='ocrx_word' id='word_1_16' title='bbox 572 831 631 881; x_wconf 87' lang='lat' dir='ltr'>et</span> <span class='ocrx_word' id='word_1_17' title='bbox 661 827 789 899; x_wconf 90' lang='lat' dir='ltr'>ejus</span> <span class='ocrx_word' id='word_1_18' title='bbox 849 826 1234 896; x_wconf 78' lang='lat' dir='ltr'>discipulum,</span> <span class='ocrx_word' id='word_1_19' title='bbox 1295 826 1534 893; x_wconf 91' lang='lat' dir='ltr'>Tisiam,</span> <span class='ocrx_word' id='word_1_20' title='bbox 1585 824 1811 879; x_wconf 90' lang='lat' dir='ltr'>dictum</span> <span class='ocrx_word' id='word_1_21' title='bbox 1867 823 2022 878; x_wconf 82' lang='lat' dir='ltr'>fuit:</span> 
     </span>
    </p>
   </div>
   <div class='ocr_carea' id='block_1_5' title="bbox 374 913 2024 972">
    <p class='ocr_par' dir='ltr' id='par_1_5' title="bbox 374 913 2024 972">
     <span class='ocr_line' id='line_1_5' title="bbox 374 913 2024 972; baseline -0.004 0"><span class='ocrx_word' id='word_1_22' title='bbox 374 915 510 972; x_wconf 83' lang='lat' dir='ltr'>Mali</span> <span class='ocrx_word' id='word_1_23' title='bbox 539 918 690 970; x_wconf 83' lang='lat' dir='ltr'>corvi</span> <span class='ocrx_word' id='word_1_24' title='bbox 720 916 928 970; x_wconf 87' lang='lat' dir='ltr'>malum</span> <span class='ocrx_word' id='word_1_25' title='bbox 959 931 1136 971; x_wconf 88' lang='lat' dir='ltr'>ovum.</span> <span class='ocrx_word' id='word_1_26' title='bbox 1179 914 1396 969; x_wconf 90' lang='lat' dir='ltr'>Confer</span> <span class='ocrx_word' id='word_1_27' title='bbox 1446 913 1686 969; x_wconf 90' lang='lat' dir='ltr'>Suidam</span> <span class='ocrx_word' id='word_1_28' title='bbox 1735 914 1797 968; x_wconf 93' lang='lat' dir='ltr'>in</span> <span class='ocrx_word' id='word_1_29' title='bbox 1841 914 2024 968; x_wconf 78' lang='grc' dir='ltr'>Κακοῦ</span> 
     </span>
    </p>
   </div>
   <div class='ocr_carea' id='block_1_6' title="bbox 376 1002 633 1077">
    <p class='ocr_par' dir='ltr' id='par_1_6' title="bbox 376 1002 633 1077">
     <span class='ocr_line' id='line_1_6' title="bbox 376 1002 633 1077; baseline 0.012 -20"><span class='ocrx_word' id='word_1_30' title='bbox 376 1002 633 1077; x_wconf 80' lang='grc' dir='ltr'>κόρακος.</span> 
     </span>
    </p>
   </div>
   <div class='ocr_carea' id='block_1_7' title="bbox 451 1090 2024 1162">
    <p class='ocr_par' dir='ltr' id='par_1_7' title="bbox 451 1090 2024 1162">
     <span class='ocr_line' id='line_1_7' title="bbox 451 1090 2024 1162; baseline -0.001 -16"><span class='ocrx_word' id='word_1_31' title='bbox 451 1093 726 1160; x_wconf 84' lang='lat' dir='ltr'>Corinna,</span> <span class='ocrx_word' id='word_1_32' title='bbox 760 1090 1029 1162; x_wconf 85' lang='lat' dir='ltr'>Thespia,</span> <span class='ocrx_word' id='word_1_33' title='bbox 1063 1090 1269 1162; x_wconf 89' lang='lat' dir='ltr'>lyrica,</span> <span class='ocrx_word' id='word_1_34' title='bbox 1304 1108 1483 1162; x_wconf 90' lang='lat' dir='ltr'>quam</span> <span class='ocrx_word' id='word_1_35' title='bbox 1513 1091 1614 1146; x_wconf 85' lang='lat' dir='ltr'>alii</span> <span class='ocrx_word' id='word_1_36' title='bbox 1657 1090 2024 1146; x_wconf 89' lang='lat' dir='ltr'>Corinthiam</span> 
     </span>
    </p>
   </div>
   <div class='ocr_carea' id='block_1_8' title="bbox 378 1181 1666 1252">
    <p class='ocr_par' dir='ltr' id='par_1_8' title="bbox 378 1181 1666 1252">
     <span class='ocr_line' id='line_1_8' title="bbox 378 1181 1666 1252; baseline -0.002 -16"><span class='ocrx_word' id='word_1_37' title='bbox 378 1182 564 1237; x_wconf 89' lang='lat' dir='ltr'>fuisse</span> <span class='ocrx_word' id='word_1_38' title='bbox 596 1181 891 1244; x_wconf 86' lang='lat' dir='ltr'>dixerunt,</span> <span class='ocrx_word' id='word_1_39' title='bbox 925 1181 1163 1252; x_wconf 91' lang='lat' dir='ltr'>scripsit</span> <span class='ocrx_word' id='word_1_40' title='bbox 1191 1197 1400 1235; x_wconf 92' lang='lat' dir='ltr'>nomos</span> <span class='ocrx_word' id='word_1_41' title='bbox 1431 1181 1666 1251; x_wconf 88' lang='lat' dir='ltr'>lyricos.</span> 
     </span>
    </p>
   </div>
   <div class='ocr_carea' id='block_1_9' title="bbox 456 1269 2022 1342">
    <p class='ocr_par' dir='ltr' id='par_1_9' title="bbox 456 1269 2022 1342">
     <span class='ocr_line' id='line_1_9' title="bbox 456 1269 2022 1342; baseline -0.001 -18"><span class='ocrx_word' id='word_1_42' title='bbox 456 1271 734 1336; x_wconf 83' lang='lat' dir='ltr'>Corinna,</span> <span class='ocrx_word' id='word_1_43' title='bbox 758 1271 984 1342; x_wconf 88' lang='lat' dir='ltr'>junior,</span> <span class='ocrx_word' id='word_1_44' title='bbox 1018 1270 1410 1325; x_wconf 84' lang='lat' dir='ltr'>Acheloodori</span> <span class='ocrx_word' id='word_1_45' title='bbox 1445 1276 1504 1325; x_wconf 92' lang='lat' dir='ltr'>et</span> <span class='ocrx_word' id='word_1_46' title='bbox 1531 1270 1846 1326; x_wconf 75' lang='lat' dir='ltr'>Procratiaa</span> <span class='ocrx_word' id='word_1_47' title='bbox 1880 1269 2022 1338; x_wconf 83' lang='lat' dir='ltr'>ﬁlia,</span> 
     </span>
    </p>
   </div>
   <div class='ocr_carea' id='block_1_10' title="bbox 381 1356 2027 1429">
    <p class='ocr_par' dir='ltr' id='par_1_10' title="bbox 381 1356 2027 1429">
     <span class='ocr_line' id='line_1_10' title="bbox 381 1356 2027 1429; baseline 0.001 -18"><span class='ocrx_word' id='word_1_48' title='bbox 381 1357 682 1427; x_wconf 90' lang='lat' dir='ltr'>Thebana,</span> <span class='ocrx_word' id='word_1_49' title='bbox 711 1357 803 1412; x_wconf 87' lang='lat' dir='ltr'>vel</span> <span class='ocrx_word' id='word_1_50' title='bbox 833 1359 1167 1428; x_wconf 68' lang='lat' dir='ltr'>Tanagraaa,</span> <span class='ocrx_word' id='word_1_51' title='bbox 1203 1356 1497 1429; x_wconf 89' lang='lat' dir='ltr'>discipula</span> <span class='ocrx_word' id='word_1_52' title='bbox 1544 1357 1830 1429; x_wconf 86' lang='lat' dir='ltr'>Myrtidis,</span> <span class='ocrx_word' id='word_1_53' title='bbox 1876 1358 2027 1428; x_wconf 89' lang='lat' dir='ltr'>Myia</span> 
     </span>
    </p>
   </div>
   <div class='ocr_carea' id='block_1_11' title="bbox 380 1446 2020 1518">
    <p class='ocr_par' dir='ltr' id='par_1_11' title="bbox 380 1446 2020 1518">
     <span class='ocr_line' id='line_1_11' title="bbox 380 1446 2020 1518; baseline -0.001 -16"><span class='ocrx_word' id='word_1_54' title='bbox 380 1447 816 1518; x_wconf 78' lang='lat' dir='ltr'>cognominata,</span> <span class='ocrx_word' id='word_1_55' title='bbox 851 1446 1055 1517; x_wconf 89' lang='lat' dir='ltr'>lyrica,</span> <span class='ocrx_word' id='word_1_56' title='bbox 1107 1463 1238 1516; x_wconf 72' lang='lat' dir='ltr'>quaa</span> <span class='ocrx_word' id='word_1_57' title='bbox 1299 1447 1638 1516; x_wconf 86' lang='lat' dir='ltr'>quinquies,</span> <span class='ocrx_word' id='word_1_58' title='bbox 1689 1451 1756 1501; x_wconf 91' lang='lat' dir='ltr'>ut</span> <span class='ocrx_word' id='word_1_59' title='bbox 1800 1446 2020 1511; x_wconf 84' lang='lat' dir='ltr'>ferunt,</span> 
     </span>
    </p>
   </div>
   <div class='ocr_carea' id='block_1_12' title="bbox 378 1535 2020 1608">
    <p class='ocr_par' dir='ltr' id='par_1_12' title="bbox 378 1535 2020 1608">
     <span class='ocr_line' id='line_1_12' title="bbox 378 1535 2020 1608; baseline 0 -19"><span class='ocrx_word' id='word_1_60' title='bbox 378 1535 706 1590; x_wconf 86' lang='lat' dir='ltr'>Pindarum</span> <span class='ocrx_word' id='word_1_61' title='bbox 764 1537 922 1591; x_wconf 85' lang='lat' dir='ltr'>vicit.</span> <span class='ocrx_word' id='word_1_62' title='bbox 985 1535 1232 1607; x_wconf 85' lang='lat' dir='ltr'>Scripsit</span> <span class='ocrx_word' id='word_1_63' title='bbox 1280 1535 1656 1608; x_wconf 90' lang='lat' dir='ltr'>(carminum)</span> <span class='ocrx_word' id='word_1_64' title='bbox 1713 1535 1897 1590; x_wconf 90' lang='lat' dir='ltr'>libros</span> <span class='ocrx_word' id='word_1_65' title='bbox 1955 1536 2020 1602; x_wconf 88' lang='lat' dir='ltr'>V,</span> 
     </span>
    </p>
   </div>
   <div class='ocr_carea' id='block_1_13' title="bbox 375 1625 1675 1697">
    <p class='ocr_par' dir='ltr' id='par_1_13' title="bbox 375 1625 1675 1697">
     <span class='ocr_line' id='line_1_13' title="bbox 375 1625 1675 1697; baseline -0.001 -18"><span class='ocrx_word' id='word_1_66' title='bbox 375 1625 638 1695; x_wconf 87' lang='lat' dir='ltr'>itemque</span> <span class='ocrx_word' id='word_1_67' title='bbox 671 1625 1098 1697; x_wconf 84' lang='lat' dir='ltr'>epigrammata</span> <span class='ocrx_word' id='word_1_68' title='bbox 1128 1630 1186 1678; x_wconf 90' lang='lat' dir='ltr'>et</span> <span class='ocrx_word' id='word_1_69' title='bbox 1213 1625 1443 1680; x_wconf 90' lang='lat' dir='ltr'>cantica</span> <span class='ocrx_word' id='word_1_70' title='bbox 1472 1625 1675 1696; x_wconf 89' lang='lat' dir='ltr'>lyrica.</span> 
     </span>
    </p>
   </div>
   <div class='ocr_carea' id='block_1_14' title="bbox 452 1714 2026 1786">
    <p class='ocr_par' dir='ltr' id='par_1_14' title="bbox 452 1714 2026 1786">
     <span class='ocr_line' id='line_1_14' title="bbox 452 1714 2026 1786; baseline 0 -18"><span class='ocrx_word' id='word_1_71' title='bbox 452 1715 722 1783; x_wconf 79' lang='lat' dir='ltr'>Corinus,</span> <span class='ocrx_word' id='word_1_72' title='bbox 755 1714 1010 1782; x_wconf 87' lang='lat' dir='ltr'>Iliensis,</span> <span class='ocrx_word' id='word_1_73' title='bbox 1060 1719 1236 1784; x_wconf 89' lang='lat' dir='ltr'>poeta</span> <span class='ocrx_word' id='word_1_74' title='bbox 1290 1715 1564 1769; x_wconf 87' lang='lat' dir='ltr'>heroicus</span> <span class='ocrx_word' id='word_1_75' title='bbox 1612 1715 1910 1786; x_wconf 87' lang='lat' dir='ltr'>(Homero,</span> <span class='ocrx_word' id='word_1_76' title='bbox 1959 1717 2026 1768; x_wconf 90' lang='lat' dir='ltr'>ut</span> 
     </span>
    </p>
   </div>
   <div class='ocr_carea' id='block_1_15' title="bbox 384 1803 2021 1874">
    <p class='ocr_par' dir='ltr' id='par_1_15' title="bbox 384 1803 2021 1874">
     <span class='ocr_line' id='line_1_15' title="bbox 384 1803 2021 1874; baseline -0.001 -16"><span class='ocrx_word' id='word_1_77' title='bbox 384 1804 623 1874; x_wconf 88' lang='lat' dir='ltr'>quidam</span> <span class='ocrx_word' id='word_1_78' title='bbox 658 1808 888 1874; x_wconf 89' lang='lat' dir='ltr'>putant,</span> <span class='ocrx_word' id='word_1_79' title='bbox 949 1803 1294 1873; x_wconf 88' lang='lat' dir='ltr'>antiquior),</span> <span class='ocrx_word' id='word_1_80' title='bbox 1355 1803 1455 1874; x_wconf 88' lang='lat' dir='ltr'>qui</span> <span class='ocrx_word' id='word_1_81' title='bbox 1511 1803 1740 1874; x_wconf 90' lang='lat' dir='ltr'>primus</span> <span class='ocrx_word' id='word_1_82' title='bbox 1788 1803 2021 1858; x_wconf 80' lang='lat' dir='ltr'>Iliadem</span> 
     </span>
    </p>
   </div>
   <div class='ocr_carea' id='block_1_16' title="bbox 383 1889 2018 1964">
    <p class='ocr_par' dir='ltr' id='par_1_16' title="bbox 383 1889 2018 1964">
     <span class='ocr_line' id='line_1_16' title="bbox 383 1889 2018 1964; baseline -0.002 -16"><span class='ocrx_word' id='word_1_83' title='bbox 383 1893 641 1964; x_wconf 87' lang='lat' dir='ltr'>scripsit,</span> <span class='ocrx_word' id='word_1_84' title='bbox 674 1893 926 1948; x_wconf 89' lang='lat' dir='ltr'>durante</span> <span class='ocrx_word' id='word_1_85' title='bbox 952 1892 1145 1947; x_wconf 90' lang='lat' dir='ltr'>adhuc</span> <span class='ocrx_word' id='word_1_86' title='bbox 1174 1891 1330 1946; x_wconf 89' lang='lat' dir='ltr'>bello</span> <span class='ocrx_word' id='word_1_87' title='bbox 1363 1893 1632 1963; x_wconf 84' lang='lat' dir='ltr'>Trojano.</span> <span class='ocrx_word' id='word_1_88' title='bbox 1685 1889 2018 1946; x_wconf 85' lang='lat' dir='ltr'>Palamedis</span> 
     </span>
    </p>
   </div>
   <div class='ocr_carea' id='block_1_17' title="bbox 380 1979 2024 2052">
    <p class='ocr_par' dir='ltr' id='par_1_17' title="bbox 380 1979 2024 2052">
     <span class='ocr_line' id='line_1_17' title="bbox 380 1979 2024 2052; baseline -0.001 -16"><span class='ocrx_word' id='word_1_89' title='bbox 380 1981 733 2052; x_wconf 88' lang='lat' dir='ltr'>discipulus,</span> <span class='ocrx_word' id='word_1_90' title='bbox 763 1982 988 2036; x_wconf 88' lang='lat' dir='ltr'>Doricis</span> <span class='ocrx_word' id='word_1_91' title='bbox 1047 1981 1262 2036; x_wconf 89' lang='lat' dir='ltr'>litteris</span> <span class='ocrx_word' id='word_1_92' title='bbox 1320 1997 1354 2036; x_wconf 88' lang='lat' dir='ltr'>a</span> <span class='ocrx_word' id='word_1_93' title='bbox 1406 1979 1722 2036; x_wconf 88' lang='lat' dir='ltr'>Palamede</span> <span class='ocrx_word' id='word_1_94' title='bbox 1770 1980 2024 2035; x_wconf 85' lang='lat' dir='ltr'>inventis</span> 
     </span>
    </p>
   </div>
   <div class='ocr_carea' id='block_1_18' title="bbox 375 2069 2023 2142">
    <p class='ocr_par' dir='ltr' id='par_1_18' title="bbox 375 2069 2023 2142">
     <span class='ocr_line' id='line_1_18' title="bbox 375 2069 2023 2142; baseline -0.002 -16"><span class='ocrx_word' id='word_1_95' title='bbox 375 2071 548 2142; x_wconf 89' lang='lat' dir='ltr'>(opus</span> <span class='ocrx_word' id='word_1_96' title='bbox 582 2073 778 2139; x_wconf 90' lang='lat' dir='ltr'>suum)</span> <span class='ocrx_word' id='word_1_97' title='bbox 809 2072 1084 2126; x_wconf 84' lang='lat' dir='ltr'>exaravit.</span> <span class='ocrx_word' id='word_1_98' title='bbox 1120 2070 1366 2141; x_wconf 90' lang='lat' dir='ltr'>Scripsit</span> <span class='ocrx_word' id='word_1_99' title='bbox 1395 2071 1571 2124; x_wconf 89' lang='lat' dir='ltr'>etiam</span> <span class='ocrx_word' id='word_1_100' title='bbox 1603 2069 1828 2124; x_wconf 91' lang='lat' dir='ltr'>bellum</span> <span class='ocrx_word' id='word_1_101' title='bbox 1882 2070 2023 2124; x_wconf 85' lang='lat' dir='ltr'>Dar-</span> 
     </span>
    </p>
   </div>
   <div class='ocr_carea' id='block_1_19' title="bbox 382 2157 2023 2231">
    <p class='ocr_par' dir='ltr' id='par_1_19' title="bbox 382 2157 2023 2231">
     <span class='ocr_line' id='line_1_19' title="bbox 382 2157 2023 2231; baseline -0.001 -18"><span class='ocrx_word' id='word_1_102' title='bbox 382 2157 520 2214; x_wconf 88' lang='lat' dir='ltr'>dani</span> <span class='ocrx_word' id='word_1_103' title='bbox 552 2159 833 2214; x_wconf 90' lang='lat' dir='ltr'>adversus</span> <span class='ocrx_word' id='word_1_104' title='bbox 892 2159 1330 2231; x_wconf 81' lang='lat' dir='ltr'>Paphlagonas:</span> <span class='ocrx_word' id='word_1_105' title='bbox 1381 2163 1449 2213; x_wconf 91' lang='lat' dir='ltr'>ut</span> <span class='ocrx_word' id='word_1_106' title='bbox 1499 2160 1786 2213; x_wconf 84' lang='lat' dir='ltr'>Homerus</span> <span class='ocrx_word' id='word_1_107' title='bbox 1834 2162 2023 2212; x_wconf 89' lang='lat' dir='ltr'>totum</span> 
     </span>
    </p>
   </div>
   <div class='ocr_carea' id='block_1_20' title="bbox 381 2247 1816 2320">
    <p class='ocr_par' dir='ltr' id='par_1_20' title="bbox 381 2247 1816 2320">
     <span class='ocr_line' id='line_1_20' title="bbox 381 2247 1816 2320; baseline -0.002 -18"><span class='ocrx_word' id='word_1_108' title='bbox 381 2249 673 2320; x_wconf 90' lang='lat' dir='ltr'>poematis</span> <span class='ocrx_word' id='word_1_109' title='bbox 705 2249 795 2303; x_wconf 89' lang='lat' dir='ltr'>sui</span> <span class='ocrx_word' id='word_1_110' title='bbox 828 2252 1241 2320; x_wconf 83' lang='lat' dir='ltr'>argumentum</span> <span class='ocrx_word' id='word_1_111' title='bbox 1274 2247 1346 2302; x_wconf 89' lang='lat' dir='ltr'>ab</span> <span class='ocrx_word' id='word_1_112' title='bbox 1380 2264 1446 2302; x_wconf 89' lang='lat' dir='ltr'>eo</span> <span class='ocrx_word' id='word_1_113' title='bbox 1479 2247 1816 2318; x_wconf 87' lang='lat' dir='ltr'>sumpserit.</span> 
     </span>
    </p>
   </div>
   <div class='ocr_carea' id='block_1_21' title="bbox 452 2335 2021 2409">
    <p class='ocr_par' dir='ltr' id='par_1_21' title="bbox 452 2335 2021 2409">
     <span class='ocr_line' id='line_1_21' title="bbox 452 2335 2021 2409; baseline -0.001 -18"><span class='ocrx_word' id='word_1_114' title='bbox 452 2337 781 2404; x_wconf 87' lang='lat' dir='ltr'>Cornelius,</span> <span class='ocrx_word' id='word_1_115' title='bbox 817 2337 1151 2409; x_wconf 91' lang='lat' dir='ltr'>episcopus,</span> <span class='ocrx_word' id='word_1_116' title='bbox 1179 2337 1279 2408; x_wconf 87' lang='lat' dir='ltr'>qui</span> <span class='ocrx_word' id='word_1_117' title='bbox 1312 2353 1345 2392; x_wconf 89' lang='lat' dir='ltr'>a</span> <span class='ocrx_word' id='word_1_118' title='bbox 1371 2337 1571 2392; x_wconf 90' lang='lat' dir='ltr'>Novati</span> <span class='ocrx_word' id='word_1_119' title='bbox 1601 2335 2021 2391; x_wconf 89' lang='lat' dir='ltr'>communione</span> 
     </span>
    </p>
   </div>
   <div class='ocr_carea' id='block_1_22' title="bbox 381 2427 646 2480">
    <p class='ocr_par' dir='ltr' id='par_1_22' title="bbox 381 2427 646 2480">
     <span class='ocr_line' id='line_1_22' title="bbox 381 2427 646 2480; baseline -0.004 0"><span class='ocrx_word' id='word_1_120' title='bbox 381 2427 646 2480; x_wconf 89' lang='lat' dir='ltr'>recessit.</span> 
     </span>
    </p>
   </div>
   <div class='ocr_carea' id='block_1_23' title="bbox 450 2513 2019 2587">
    <p class='ocr_par' dir='ltr' id='par_1_23' title="bbox 450 2513 2019 2587">
     <span class='ocr_line' id='line_1_23' title="bbox 450 2513 2019 2587; baseline -0.001 -18"><span class='ocrx_word' id='word_1_121' title='bbox 450 2516 747 2571; x_wconf 90' lang='lat' dir='ltr'>Cornutus</span> <span class='ocrx_word' id='word_1_122' title='bbox 786 2515 921 2587; x_wconf 80' lang='lat'>(58).</span> <span class='ocrx_word' id='word_1_123' title='bbox 957 2516 1082 2569; x_wconf 92' lang='lat' dir='ltr'>Duo</span> <span class='ocrx_word' id='word_1_124' title='bbox 1143 2514 1393 2570; x_wconf 88' lang='lat' dir='ltr'>Romani</span> <span class='ocrx_word' id='word_1_125' title='bbox 1443 2514 1710 2569; x_wconf 90' lang='lat' dir='ltr'>historici</span> <span class='ocrx_word' id='word_1_126' title='bbox 1758 2513 2019 2584; x_wconf 86' lang='lat' dir='ltr'>fuerunt,</span> 
     </span>
    </p>
   </div>
   <div class='ocr_carea' id='block_1_24' title="bbox 373 2602 2020 2675">
    <p class='ocr_par' dir='ltr' id='par_1_24' title="bbox 373 2602 2020 2675">
     <span class='ocr_line' id='line_1_24' title="bbox 373 2602 2020 2675; baseline -0.001 -17"><span class='ocrx_word' id='word_1_127' title='bbox 373 2604 535 2659; x_wconf 90' lang='lat' dir='ltr'>Titus</span> <span class='ocrx_word' id='word_1_128' title='bbox 567 2604 783 2671; x_wconf 88' lang='lat' dir='ltr'>Livius,</span> <span class='ocrx_word' id='word_1_129' title='bbox 815 2605 987 2675; x_wconf 85' lang='lat' dir='ltr'>cujus</span> <span class='ocrx_word' id='word_1_130' title='bbox 1019 2602 1254 2659; x_wconf 85' lang='lat' dir='ltr'>celebre</span> <span class='ocrx_word' id='word_1_131' title='bbox 1287 2608 1343 2658; x_wconf 86' lang='lat' dir='ltr'>et</span> <span class='ocrx_word' id='word_1_132' title='bbox 1388 2603 1620 2657; x_wconf 84' lang='lat' dir='ltr'>illustre</span> <span class='ocrx_word' id='word_1_133' title='bbox 1646 2607 1734 2657; x_wconf 91' lang='lat' dir='ltr'>est</span> <span class='ocrx_word' id='word_1_134' title='bbox 1762 2619 1980 2657; x_wconf 90' lang='lat' dir='ltr'>nomen</span> <span class='ocrx_word' id='word_1_135' title='bbox 2007 2617 2020 2657; x_wconf 92' lang='lat'><strong>:</strong></span> 
     </span>
    </p>
   </div>
   <div class='ocr_carea' id='block_1_25' title="bbox 377 2691 2023 2748">
    <p class='ocr_par' dir='ltr' id='par_1_25' title="bbox 377 2691 2023 2748">
     <span class='ocr_line' id='line_1_25' title="bbox 377 2691 2023 2748; baseline -0.001 -1"><span class='ocrx_word' id='word_1_136' title='bbox 377 2698 435 2747; x_wconf 89' lang='lat' dir='ltr'>et</span> <span class='ocrx_word' id='word_1_137' title='bbox 463 2693 777 2748; x_wconf 88' lang='lat' dir='ltr'>Cornutus.</span> <span class='ocrx_word' id='word_1_138' title='bbox 811 2693 1136 2747; x_wconf 90' lang='lat' dir='ltr'>Cornutum</span> <span class='ocrx_word' id='word_1_139' title='bbox 1167 2692 1407 2746; x_wconf 88' lang='lat' dir='ltr'>divitem</span> <span class='ocrx_word' id='word_1_140' title='bbox 1455 2691 1627 2746; x_wconf 90' lang='lat' dir='ltr'>multi</span> <span class='ocrx_word' id='word_1_141' title='bbox 1669 2691 2023 2746; x_wconf 87' lang='lat' dir='ltr'>audiverunt</span> 
     </span>
    </p>
   </div>
   <div class='ocr_carea' id='block_1_26' title="bbox 379 2780 2016 2852">
    <p class='ocr_par' dir='ltr' id='par_1_26' title="bbox 379 2780 2016 2852">
     <span class='ocr_line' id='line_1_26' title="bbox 379 2780 2016 2852; baseline -0.002 -15"><span class='ocrx_word' id='word_1_142' title='bbox 379 2782 798 2837; x_wconf 90' lang='lat' dir='ltr'>assentationis</span> <span class='ocrx_word' id='word_1_143' title='bbox 831 2798 1008 2837; x_wconf 89' lang='lat' dir='ltr'>causa</span> <span class='ocrx_word' id='word_1_144' title='bbox 1051 2786 1108 2836; x_wconf 88' lang='lat' dir='ltr'>et</span> <span class='ocrx_word' id='word_1_145' title='bbox 1146 2785 1388 2852; x_wconf 93' lang='lat' dir='ltr'>propter</span> <span class='ocrx_word' id='word_1_146' title='bbox 1416 2780 1780 2835; x_wconf 80' lang='lat' dir='ltr'>haereditatis</span> <span class='ocrx_word' id='word_1_147' title='bbox 1812 2796 2016 2851; x_wconf 89' lang='lat' dir='ltr'>spem:</span> 
     </span>
    </p>
   </div>
   <div class='ocr_carea' id='block_1_27' title="bbox 376 2869 2017 2942">
    <p class='ocr_par' dir='ltr' id='par_1_27' title="bbox 376 2869 2017 2942">
     <span class='ocr_line' id='line_1_27' title="bbox 376 2869 2017 2942; baseline -0.002 -16"><span class='ocrx_word' id='word_1_148' title='bbox 376 2871 597 2926; x_wconf 88' lang='lat' dir='ltr'>Livium</span> <span class='ocrx_word' id='word_1_149' title='bbox 631 2871 826 2942; x_wconf 88' lang='lat' dir='ltr'>pauci,</span> <span class='ocrx_word' id='word_1_150' title='bbox 872 2871 974 2926; x_wconf 90' lang='lat' dir='ltr'>sed</span> <span class='ocrx_word' id='word_1_151' title='bbox 1029 2870 1321 2942; x_wconf 79' lang='lat' dir='ltr'>praeclari.</span> <span class='ocrx_word' id='word_1_152' title='bbox 1372 2869 1597 2924; x_wconf 90' lang='lat' dir='ltr'>Livium</span> <span class='ocrx_word' id='word_1_153' title='bbox 1645 2885 1854 2924; x_wconf 91' lang='lat' dir='ltr'>omnes</span> <span class='ocrx_word' id='word_1_154' title='bbox 1889 2869 2017 2941; x_wconf 89' lang='lat' dir='ltr'>jam</span> 
     </span>
    </p>
   </div>
   <div class='ocr_carea' id='block_1_28' title="bbox 373 2960 1354 3030">
    <p class='ocr_par' dir='ltr' id='par_1_28' title="bbox 373 2960 1354 3030">
     <span class='ocr_line' id='line_1_28' title="bbox 373 2960 1354 3030; baseline -0.001 -16"><span class='ocrx_word' id='word_1_155' title='bbox 373 2965 619 3030; x_wconf 89' lang='lat' dir='ltr'>norunt,</span> <span class='ocrx_word' id='word_1_156' title='bbox 651 2960 974 3014; x_wconf 90' lang='lat' dir='ltr'>Cornutum</span> <span class='ocrx_word' id='word_1_157' title='bbox 1007 2975 1182 3014; x_wconf 87' lang='lat' dir='ltr'>nemo</span> <span class='ocrx_word' id='word_1_158' title='bbox 1213 2960 1354 3014; x_wconf 89' lang='lat' dir='ltr'>fere.</span> 
     </span>
    </p>
   </div>
   <div class='ocr_carea' id='block_1_29' title="bbox 441 3047 2016 3120">
    <p class='ocr_par' dir='ltr' id='par_1_29' title="bbox 441 3047 2016 3120">
     <span class='ocr_line' id='line_1_29' title="bbox 441 3047 2016 3120; baseline 0 -17"><span class='ocrx_word' id='word_1_159' title='bbox 441 3050 754 3116; x_wconf 88' lang='lat' dir='ltr'>Cornutus,</span> <span class='ocrx_word' id='word_1_160' title='bbox 786 3065 855 3102; x_wconf 90' lang='lat' dir='ltr'>ex</span> <span class='ocrx_word' id='word_1_161' title='bbox 882 3049 1066 3120; x_wconf 91' lang='lat' dir='ltr'>Lepti,</span> <span class='ocrx_word' id='word_1_162' title='bbox 1101 3049 1311 3102; x_wconf 67' lang='lat' dir='ltr'>Africae</span> <span class='ocrx_word' id='word_1_163' title='bbox 1344 3047 1584 3119; x_wconf 89' lang='lat' dir='ltr'>oppido,</span> <span class='ocrx_word' id='word_1_164' title='bbox 1626 3047 2016 3119; x_wconf 88' lang='lat' dir='ltr'>philosophus</span> 
     </span>
    </p>
   </div>
   <div class='ocr_carea' id='block_1_30' title="bbox 374 3137 2016 3209">
    <p class='ocr_par' dir='ltr' id='par_1_30' title="bbox 374 3137 2016 3209">
     <span class='ocr_line' id='line_1_30' title="bbox 374 3137 2016 3209; baseline -0.001 -16"><span class='ocrx_word' id='word_1_165' title='bbox 374 3140 576 3194; x_wconf 73' lang='lat' dir='ltr'>Romae</span> <span class='ocrx_word' id='word_1_166' title='bbox 605 3138 747 3192; x_wconf 87' lang='lat' dir='ltr'>vixit</span> <span class='ocrx_word' id='word_1_167' title='bbox 776 3137 1144 3209; x_wconf 87' lang='lat' dir='ltr'>temporibus</span> <span class='ocrx_word' id='word_1_168' title='bbox 1173 3138 1424 3192; x_wconf 89' lang='lat' dir='ltr'>Neronis</span> <span class='ocrx_word' id='word_1_169' title='bbox 1452 3142 1512 3192; x_wconf 90' lang='lat' dir='ltr'>et</span> <span class='ocrx_word' id='word_1_170' title='bbox 1539 3142 1678 3206; x_wconf 85' lang='lat' dir='ltr'>ante</span> <span class='ocrx_word' id='word_1_171' title='bbox 1711 3153 1846 3192; x_wconf 92' lang='lat' dir='ltr'>eum</span> <span class='ocrx_word' id='word_1_172' title='bbox 1875 3137 2016 3196; x_wconf 80' lang='lat' dir='ltr'>zin-</span> 
     </span>
    </p>
   </div>
   <div class='ocr_carea' id='block_1_31' title="bbox 1677 416 2454 487">
    <p class='ocr_par' dir='ltr' id='par_1_31' title="bbox 1677 416 2454 487">
     <span class='ocr_line' id='line_1_31' title="bbox 1677 416 2454 487; baseline -0.003 -9"><span class='ocrx_word' id='word_1_173' title='bbox 1677 418 1779 478; x_wconf 76' lang='grc' dir='ltr'>ΒΕ</span> <span class='ocrx_word' id='word_1_174' title='bbox 1823 416 2108 487; x_wconf 86' lang='lat' dir='ltr'>QUIBUS</span> <span class='ocrx_word' id='word_1_175' title='bbox 2151 416 2454 478; x_wconf 90' lang='lat' dir='ltr'>SUIDAS.</span> 
     </span>
    </p>
   </div>
   <div class='ocr_carea' id='block_1_32' title="bbox 371 551 2016 628">
    <p class='ocr_par' dir='ltr' id='par_1_32' title="bbox 371 553 2016 628">
     <span class='ocr_line' id='line_1_32' title="bbox 371 553 2016 628; baseline -0.003 -15"><span class='ocrx_word' id='word_1_176' title='bbox 371 556 746 628; x_wconf 87' lang='lat' dir='ltr'>temporibus</span> <span class='ocrx_word' id='word_1_177' title='bbox 775 557 1072 612; x_wconf 88' lang='lat' dir='ltr'>Anastasii</span> <span class='ocrx_word' id='word_1_178' title='bbox 1121 557 1265 628; x_wconf 87' lang='lat' dir='ltr'>imp.</span> <span class='ocrx_word' id='word_1_179' title='bbox 1326 555 1573 627; x_wconf 90' lang='lat' dir='ltr'>Scripsit</span> <span class='ocrx_word' id='word_1_180' title='bbox 1623 553 2016 625; x_wconf 88' lang='lat' dir='ltr'>Chalydonica</span> 
     </span>
    </p>
   </div>
   <div class='ocr_carea' id='block_1_33' title="bbox 2142 551 3276 628">
    <p class='ocr_par' dir='ltr' id='par_1_33' title="bbox 2142 551 3276 628">
     <span class='ocr_line' id='line_1_33' title="bbox 2142 551 3276 628; baseline 0.004 -22"><span class='ocrx_word' id='word_1_181' title='bbox 2142 551 2281 624; x_wconf 76' lang='grc' dir='ltr'>[περὶ</span> <span class='ocrx_word' id='word_1_182' title='bbox 2331 551 2588 626; x_wconf 70' lang='grc' dir='ltr'>λιμένων,</span> <span class='ocrx_word' id='word_1_183' title='bbox 2648 555 2929 612; x_wconf 80' lang='lat' dir='ltr'>laudante</span> <span class='ocrx_word' id='word_1_184' title='bbox 2989 557 3049 611; x_wconf 87' lang='lat' dir='ltr'>id</span> <span class='ocrx_word' id='word_1_185' title='bbox 3127 573 3276 628; x_wconf 92' lang='lat' dir='ltr'>opus</span> 
     </span>
    </p>
   </div>
   <div class='ocr_carea' id='block_1_34' title="bbox 3622 419 3775 476">
    <p class='ocr_par' dir='ltr' id='par_1_34' title="bbox 3622 419 3775 476">
     <span class='ocr_line' id='line_1_34' title="bbox 3622 419 3775 476; baseline 0 0"><span class='ocrx_word' id='word_1_186' title='bbox 3622 419 3775 476; x_wconf 76' lang='grc'>1242</span> 
     </span>
    </p>
   </div>
   <div class='ocr_carea' id='block_1_35' title="bbox 3356 555 3773 611">
    <p class='ocr_par' dir='ltr' id='par_1_35' title="bbox 3356 555 3773 611">
     <span class='ocr_line' id='line_1_35' title="bbox 3356 555 3773 611; baseline 0.002 -1"><span class='ocrx_word' id='word_1_187' title='bbox 3356 555 3619 611; x_wconf 87' lang='lat' dir='ltr'>Eustath.</span> <span class='ocrx_word' id='word_1_188' title='bbox 3699 556 3773 611; x_wconf 92' lang='lat' dir='ltr'>ad</span> 
     </span>
    </p>
   </div>
   <div class='ocr_carea' id='block_1_36' title="bbox 2137 643 3179 718">
    <p class='ocr_par' dir='ltr' id='par_1_36' title="bbox 2137 643 3179 718">
     <span class='ocr_line' id='line_1_36' title="bbox 2137 643 3179 718; baseline 0.003 -20"><span class='ocrx_word' id='word_1_189' title='bbox 2137 643 2344 714; x_wconf 89' lang='lat' dir='ltr'>Odyss.</span> <span class='ocrx_word' id='word_1_190' title='bbox 2379 646 2422 709; x_wconf 92' lang='grc' dir='ltr'>Ι,</span> <span class='ocrx_word' id='word_1_191' title='bbox 2451 662 2580 718; x_wconf 88' lang='lat' dir='ltr'>pag.</span> <span class='ocrx_word' id='word_1_192' title='bbox 2619 649 2774 702; x_wconf 82' lang='grc'><strong>1613.</strong></span> <span class='ocrx_word' id='word_1_193' title='bbox 2810 650 2919 711; x_wconf 76' lang='lat'>39).,</span> <span class='ocrx_word' id='word_1_194' title='bbox 2953 652 3011 700; x_wconf 91' lang='lat' dir='ltr'>et</span> <span class='ocrx_word' id='word_1_195' title='bbox 3041 646 3179 701; x_wconf 91' lang='lat' dir='ltr'>alia.</span> 
     </span>
    </p>
   </div>
   <div class='ocr_carea' id='block_1_37' title="bbox 2205 734 3774 803">
    <p class='ocr_par' dir='ltr' id='par_1_37' title="bbox 2205 734 3774 803">
     <span class='ocr_line' id='line_1_37' title="bbox 2205 734 3774 803; baseline 0 -15"><span class='ocrx_word' id='word_1_196' title='bbox 2205 734 2500 801; x_wconf 89' lang='lat' dir='ltr'>Cratinus,</span> <span class='ocrx_word' id='word_1_197' title='bbox 2537 735 2877 790; x_wconf 87' lang='lat' dir='ltr'>Callimedis</span> <span class='ocrx_word' id='word_1_198' title='bbox 2926 737 3009 803; x_wconf 90' lang='lat' dir='ltr'>F.,</span> <span class='ocrx_word' id='word_1_199' title='bbox 3060 735 3460 801; x_wconf 88' lang='lat' dir='ltr'>Atheniensis,</span> <span class='ocrx_word' id='word_1_200' title='bbox 3510 735 3774 790; x_wconf 88' lang='lat' dir='ltr'>comicus</span> 
     </span>
    </p>
   </div>
   <div class='ocr_carea' id='block_1_38' title="bbox 2135 821 3774 897">
    <p class='ocr_par' dir='ltr' id='par_1_38' title="bbox 2135 821 3774 897">
     <span class='ocr_line' id='line_1_38' title="bbox 2135 821 3774 897; baseline 0.001 -23"><span class='ocrx_word' id='word_1_201' title='bbox 2135 821 2393 892; x_wconf 60' lang='lat' dir='ltr'>antiqua:</span> <span class='ocrx_word' id='word_1_202' title='bbox 2427 825 2750 892; x_wconf 73' lang='lat' dir='ltr'>commdim,</span> <span class='ocrx_word' id='word_1_203' title='bbox 2785 821 3037 897; x_wconf 83' lang='grc' dir='ltr'>λαμπρὸς</span> <span class='ocrx_word' id='word_1_204' title='bbox 3066 823 3156 877; x_wconf 84' lang='grc' dir='ltr'>τὸν</span> <span class='ocrx_word' id='word_1_205' title='bbox 3189 829 3527 897; x_wconf 82' lang='grc' dir='ltr'>χαρακτῆρα,</span> <span class='ocrx_word' id='word_1_206' title='bbox 3561 839 3774 894; x_wconf 87' lang='lat' dir='ltr'>genere</span> 
     </span>
    </p>
   </div>
   <div class='ocr_carea' id='block_1_39' title="bbox 2133 909 3763 983">
    <p class='ocr_par' dir='ltr' id='par_1_39' title="bbox 2133 909 3763 983">
     <span class='ocr_line' id='line_1_39' title="bbox 2133 909 3763 983; baseline 0.001 -20"><span class='ocrx_word' id='word_1_207' title='bbox 2133 909 2368 965; x_wconf 88' lang='lat' dir='ltr'>dicendi</span> <span class='ocrx_word' id='word_1_208' title='bbox 2395 912 2707 982; x_wconf 90' lang='lat' dir='ltr'>splendido</span> <span class='ocrx_word' id='word_1_209' title='bbox 2737 930 2902 980; x_wconf 90' lang='lat' dir='ltr'>usus,</span> <span class='ocrx_word' id='word_1_210' title='bbox 2935 918 3042 968; x_wconf 89' lang='lat' dir='ltr'>etc.</span> <span class='ocrx_word' id='word_1_211' title='bbox 3079 912 3327 983; x_wconf 88' lang='lat' dir='ltr'>Scripsit</span> <span class='ocrx_word' id='word_1_212' title='bbox 3355 912 3585 968; x_wconf 88' lang='lat' dir='ltr'>fabulas</span> <span class='ocrx_word' id='word_1_213' title='bbox 3605 912 3763 979; x_wconf 89' lang='lat' dir='ltr'><strong>XXI;</strong></span> 
     </span>
    </p>
   </div>
   <div class='ocr_carea' id='block_1_40' title="bbox 2132 997 2520 1054">
    <p class='ocr_par' dir='ltr' id='par_1_40' title="bbox 2132 997 2520 1054">
     <span class='ocr_line' id='line_1_40' title="bbox 2132 997 2520 1054; baseline 0.008 -3"><span class='ocrx_word' id='word_1_214' title='bbox 2132 997 2271 1052; x_wconf 91' lang='lat' dir='ltr'>vicit</span> <span class='ocrx_word' id='word_1_215' title='bbox 2301 1000 2520 1054; x_wconf 88' lang='lat' dir='ltr'>novies.</span> 
     </span>
    </p>
   </div>
   <div class='ocr_carea' id='block_1_41' title="bbox 2205 1088 3774 1161">
    <p class='ocr_par' dir='ltr' id='par_1_41' title="bbox 2205 1088 3774 1161">
     <span class='ocr_line' id='line_1_41' title="bbox 2205 1088 3774 1161; baseline 0.003 -22"><span class='ocrx_word' id='word_1_216' title='bbox 2205 1088 2591 1159; x_wconf 86' lang='lat' dir='ltr'>CreOphylus,</span> <span class='ocrx_word' id='word_1_217' title='bbox 2614 1090 2868 1161; x_wconf 82' lang='lat' dir='ltr'>Astyclis</span> <span class='ocrx_word' id='word_1_218' title='bbox 2889 1091 2972 1157; x_wconf 92' lang='lat' dir='ltr'>F.,</span> <span class='ocrx_word' id='word_1_219' title='bbox 3002 1090 3199 1157; x_wconf 90' lang='lat' dir='ltr'>Chius,</span> <span class='ocrx_word' id='word_1_220' title='bbox 3224 1089 3314 1144; x_wconf 92' lang='lat' dir='ltr'>vel</span> <span class='ocrx_word' id='word_1_221' title='bbox 3338 1090 3774 1160; x_wconf 88' lang='lat' dir='ltr'>Samius,poeta</span> 
     </span>
    </p>
   </div>
   <div class='ocr_carea' id='block_1_42' title="bbox 2136 1176 3776 1252">
    <p class='ocr_par' dir='ltr' id='par_1_42' title="bbox 2136 1176 3776 1252">
     <span class='ocr_line' id='line_1_42' title="bbox 2136 1176 3776 1252; baseline 0.002 -22"><span class='ocrx_word' id='word_1_222' title='bbox 2136 1176 2547 1248; x_wconf 87' lang='lat' dir='ltr'>epicus.quem</span> <span class='ocrx_word' id='word_1_223' title='bbox 2563 1179 2836 1233; x_wconf 88' lang='lat' dir='ltr'>nonnulli</span> <span class='ocrx_word' id='word_1_224' title='bbox 2857 1180 3092 1234; x_wconf 88' lang='lat' dir='ltr'>Homeri</span> <span class='ocrx_word' id='word_1_225' title='bbox 3111 1196 3396 1252; x_wconf 87' lang='lat' dir='ltr'>generum</span> <span class='ocrx_word' id='word_1_226' title='bbox 3407 1179 3591 1234; x_wconf 87' lang='lat' dir='ltr'>fuisse</span> <span class='ocrx_word' id='word_1_227' title='bbox 3606 1180 3776 1234; x_wconf 89' lang='lat' dir='ltr'>aiunt</span> 
     </span>
    </p>
   </div>
   <div class='ocr_carea' id='block_1_43' title="bbox 2133 1264 3772 1340">
    <p class='ocr_par' dir='ltr' id='par_1_43' title="bbox 2133 1264 3772 1340">
     <span class='ocr_line' id='line_1_43' title="bbox 2133 1264 3772 1340; baseline 0.003 -23"><span class='ocrx_word' id='word_1_228' title='bbox 2133 1264 2235 1318; x_wconf 89' lang='lat' dir='ltr'>alii</span> <span class='ocrx_word' id='word_1_229' title='bbox 2267 1266 2525 1320; x_wconf 89' lang='lat' dir='ltr'>amicum</span> <span class='ocrx_word' id='word_1_230' title='bbox 2557 1273 2809 1336; x_wconf 91' lang='lat' dir='ltr'>tantum,</span> <span class='ocrx_word' id='word_1_231' title='bbox 2871 1285 2904 1323; x_wconf 89' lang='lat' dir='ltr'>a</span> <span class='ocrx_word' id='word_1_232' title='bbox 2951 1286 3088 1339; x_wconf 89' lang='lat' dir='ltr'>quo,</span> <span class='ocrx_word' id='word_1_233' title='bbox 3139 1285 3273 1323; x_wconf 92' lang='lat' dir='ltr'>cum</span> <span class='ocrx_word' id='word_1_234' title='bbox 3327 1269 3582 1340; x_wconf 90' lang='lat' dir='ltr'>hospitio</span> <span class='ocrx_word' id='word_1_235' title='bbox 3637 1285 3772 1322; x_wconf 90' lang='lat' dir='ltr'>eum</span> 
     </span>
    </p>
   </div>
   <div class='ocr_carea' id='block_1_44' title="bbox 2135 1353 3766 1430">
    <p class='ocr_par' dir='ltr' id='par_1_44' title="bbox 2135 1353 3766 1430">
     <span class='ocr_line' id='line_1_44' title="bbox 2135 1353 3766 1430; baseline 0.002 -23"><span class='ocrx_word' id='word_1_236' title='bbox 2135 1355 2483 1426; x_wconf 86' lang='lat' dir='ltr'>excepisset,</span> <span class='ocrx_word' id='word_1_237' title='bbox 2517 1373 2730 1428; x_wconf 90' lang='lat' dir='ltr'>poema</span> <span class='ocrx_word' id='word_1_238' title='bbox 2763 1355 3033 1430; x_wconf 80' lang='grc' dir='ltr'>Οἱχαλίαν</span> <span class='ocrx_word' id='word_1_239' title='bbox 3067 1353 3296 1427; x_wconf 80' lang='grc' dir='ltr'>ἅλωσιν,</span> <span class='ocrx_word' id='word_1_240' title='bbox 3329 1359 3601 1414; x_wconf 67' lang='lat' dir='ltr'>Oechaliae</span> <span class='ocrx_word' id='word_1_241' title='bbox 3622 1359 3766 1412; x_wconf 70' lang='lat' dir='ltr'>ewci-</span> 
     </span>
    </p>
   </div>
   <div class='ocr_carea' id='block_1_45' title="bbox 2132 1443 3499 1518">
    <p class='ocr_par' dir='ltr' id='par_1_45' title="bbox 2132 1443 3499 1518">
     <span class='ocr_line' id='line_1_45' title="bbox 2132 1443 3499 1518; baseline 0.005 -22"><span class='ocrx_word' id='word_1_242' title='bbox 2132 1443 2286 1497; x_wconf 82' lang='lat' dir='ltr'>dium</span> <span class='ocrx_word' id='word_1_243' title='bbox 2312 1445 2624 1516; x_wconf 90' lang='lat' dir='ltr'>acceperit.</span> <span class='ocrx_word' id='word_1_244' title='bbox 2662 1448 2718 1502; x_wconf 93' lang='lat' dir='ltr'>V.</span> <span class='ocrx_word' id='word_1_245' title='bbox 2755 1448 2988 1501; x_wconf 91' lang='lat' dir='ltr'>Kusteri</span> <span class='ocrx_word' id='word_1_246' title='bbox 3020 1451 3139 1501; x_wconf 90' lang='lat' dir='ltr'>not.</span> <span class='ocrx_word' id='word_1_247' title='bbox 3177 1448 3246 1518; x_wconf 85' lang='lat' dir='ltr'>II,</span> <span class='ocrx_word' id='word_1_248' title='bbox 3279 1464 3337 1517; x_wconf 94' lang='lat' dir='ltr'>p.</span> <span class='ocrx_word' id='word_1_249' title='bbox 3369 1449 3499 1503; x_wconf 76' lang='lat'>273.</span> 
     </span>
    </p>
   </div>
   <div class='ocr_carea' id='block_1_46' title="bbox 2203 1531 3773 1608">
    <p class='ocr_par' dir='ltr' id='par_1_46' title="bbox 2203 1531 3773 1608">
     <span class='ocr_line' id='line_1_46' title="bbox 2203 1531 3773 1608; baseline 0.003 -23"><span class='ocrx_word' id='word_1_250' title='bbox 2203 1531 2425 1602; x_wconf 90' lang='lat' dir='ltr'>Criton,</span> <span class='ocrx_word' id='word_1_251' title='bbox 2465 1536 3292 1608; x_wconf 85' lang='lat' dir='ltr'>Atheniensis.philosophus,</span> <span class='ocrx_word' id='word_1_252' title='bbox 3317 1536 3572 1590; x_wconf 89' lang='lat' dir='ltr'>Socratis</span> <span class='ocrx_word' id='word_1_253' title='bbox 3595 1536 3773 1590; x_wconf 89' lang='lat' dir='ltr'>disci-</span> 
     </span>
    </p>
   </div>
   <div class='ocr_carea' id='block_1_47' title="bbox 2130 1620 3767 1697">
    <p class='ocr_par' dir='ltr' id='par_1_47' title="bbox 2130 1620 3767 1697">
     <span class='ocr_line' id='line_1_47' title="bbox 2130 1620 3767 1697; baseline 0.004 -23"><span class='ocrx_word' id='word_1_254' title='bbox 2130 1620 2307 1691; x_wconf 90' lang='lat' dir='ltr'>pulus</span> <span class='ocrx_word' id='word_1_255' title='bbox 2341 1627 2398 1676; x_wconf 90' lang='lat' dir='ltr'>et</span> <span class='ocrx_word' id='word_1_256' title='bbox 2426 1625 2674 1692; x_wconf 91' lang='lat' dir='ltr'>amicus,</span> <span class='ocrx_word' id='word_1_257' title='bbox 2709 1626 2910 1681; x_wconf 87' lang='lat' dir='ltr'>omnia</span> <span class='ocrx_word' id='word_1_258' title='bbox 2941 1626 3052 1697; x_wconf 91' lang='lat' dir='ltr'>ipsi</span> <span class='ocrx_word' id='word_1_259' title='bbox 3083 1626 3328 1697; x_wconf 89' lang='lat' dir='ltr'>largitus</span> <span class='ocrx_word' id='word_1_260' title='bbox 3360 1631 3450 1680; x_wconf 90' lang='lat' dir='ltr'>est</span> <span class='ocrx_word' id='word_1_261' title='bbox 3495 1642 3767 1680; x_wconf 89' lang='lat' dir='ltr'>necessa-</span> 
     </span>
    </p>
   </div>
   <div class='ocr_carea' id='block_1_48' title="bbox 2128 1709 3200 1783">
    <p class='ocr_par' dir='ltr' id='par_1_48' title="bbox 2128 1709 3200 1783">
     <span class='ocr_line' id='line_1_48' title="bbox 2128 1709 3200 1783; baseline 0.007 -22"><span class='ocrx_word' id='word_1_262' title='bbox 2128 1709 2235 1763; x_wconf 91' lang='lat' dir='ltr'>ria.</span> <span class='ocrx_word' id='word_1_263' title='bbox 2271 1710 2515 1782; x_wconf 88' lang='lat' dir='ltr'>Scripsit</span> <span class='ocrx_word' id='word_1_264' title='bbox 2541 1715 2784 1769; x_wconf 88' lang='lat' dir='ltr'>Socratis</span> <span class='ocrx_word' id='word_1_265' title='bbox 2813 1715 3200 1783; x_wconf 87' lang='lat' dir='ltr'>defensionem.</span> 
     </span>
    </p>
   </div>
   <div class='ocr_carea' id='block_1_49' title="bbox 2201 1799 3074 1874">
    <p class='ocr_par' dir='ltr' id='par_1_49' title="bbox 2201 1799 3074 1874">
     <span class='ocr_line' id='line_1_49' title="bbox 2201 1799 3074 1874; baseline 0.008 -22"><span class='ocrx_word' id='word_1_266' title='bbox 2201 1799 2423 1867; x_wconf 88' lang='lat' dir='ltr'>Criton,</span> <span class='ocrx_word' id='word_1_267' title='bbox 2458 1804 2557 1873; x_wconf 89' lang='lat' dir='ltr'>qui</span> <span class='ocrx_word' id='word_1_268' title='bbox 2590 1804 2788 1858; x_wconf 86' lang='lat' dir='ltr'>Getica</span> <span class='ocrx_word' id='word_1_269' title='bbox 2819 1803 3074 1874; x_wconf 75' lang='lat' dir='ltr'>scripsit.</span> 
     </span>
    </p>
   </div>
   <div class='ocr_carea' id='block_1_50' title="bbox 2200 1886 3772 1964">
    <p class='ocr_par' dir='ltr' id='par_1_50' title="bbox 2200 1886 3772 1964">
     <span class='ocr_line' id='line_1_50' title="bbox 2200 1886 3772 1964; baseline 0.004 -24"><span class='ocrx_word' id='word_1_270' title='bbox 2200 1886 2423 1956; x_wconf 90' lang='lat' dir='ltr'>Criton,</span> <span class='ocrx_word' id='word_1_271' title='bbox 2457 1892 2691 1960; x_wconf 84' lang='lat' dir='ltr'>Naxius,</span> <span class='ocrx_word' id='word_1_272' title='bbox 2724 1893 3062 1959; x_wconf 89' lang='lat' dir='ltr'>historicus,</span> <span class='ocrx_word' id='word_1_273' title='bbox 3098 1891 3772 1964; x_wconf 78' lang='lat' dir='ltr'>scripsitOctaeteridem,</span> 
     </span>
    </p>
   </div>
   <div class='ocr_carea' id='block_1_51' title="bbox 2129 1979 2984 2045">
    <p class='ocr_par' dir='ltr' id='par_1_51' title="bbox 2129 1979 2984 2045">
     <span class='ocr_line' id='line_1_51' title="bbox 2129 1979 2984 2045; baseline 0.008 -16"><span class='ocrx_word' id='word_1_274' title='bbox 2129 1991 2306 2045; x_wconf 90' lang='lat' dir='ltr'>quam</span> <span class='ocrx_word' id='word_1_275' title='bbox 2339 1979 2563 2034; x_wconf 81' lang='lat' dir='ltr'>Eudoxi</span> <span class='ocrx_word' id='word_1_276' title='bbox 2596 1981 2804 2036; x_wconf 90' lang='lat' dir='ltr'>dicunt</span> <span class='ocrx_word' id='word_1_277' title='bbox 2833 1999 2984 2038; x_wconf 90' lang='lat' dir='ltr'>esse.</span> 
     </span>
    </p>
   </div>
   <div class='ocr_carea' id='block_1_52' title="bbox 2198 2066 3766 2141">
    <p class='ocr_par' dir='ltr' id='par_1_52' title="bbox 2198 2066 3766 2141">
     <span class='ocr_line' id='line_1_52' title="bbox 2198 2066 3766 2141; baseline 0.004 -23"><span class='ocrx_word' id='word_1_278' title='bbox 2198 2066 2419 2135; x_wconf 89' lang='lat' dir='ltr'>Criton,</span> <span class='ocrx_word' id='word_1_279' title='bbox 2452 2069 2760 2136; x_wconf 86' lang='lat' dir='ltr'>Pieriotes,</span> <span class='ocrx_word' id='word_1_280' title='bbox 2793 2089 2863 2126; x_wconf 88' lang='lat' dir='ltr'>ex</span> <span class='ocrx_word' id='word_1_281' title='bbox 2894 2071 3108 2135; x_wconf 89' lang='lat' dir='ltr'>Pieria,</span> <span class='ocrx_word' id='word_1_282' title='bbox 3140 2070 3495 2125; x_wconf 67' lang='lat' dir='ltr'>Macedoniae</span> <span class='ocrx_word' id='word_1_283' title='bbox 3528 2070 3766 2141; x_wconf 92' lang='lat' dir='ltr'>oppido,</span> 
     </span>
    </p>
   </div>
   <div class='ocr_carea' id='block_1_53' title="bbox 2125 2151 3771 2230">
    <p class='ocr_par' dir='ltr' id='par_1_53' title="bbox 2125 2151 3771 2230">
     <span class='ocr_line' id='line_1_53' title="bbox 2125 2151 3771 2230; baseline 0.005 -25"><span class='ocrx_word' id='word_1_284' title='bbox 2125 2151 2468 2211; x_wconf 89' lang='lat' dir='ltr'>historicus.</span> <span class='ocrx_word' id='word_1_285' title='bbox 2505 2158 2752 2230; x_wconf 89' lang='lat' dir='ltr'>Scripsit</span> <span class='ocrx_word' id='word_1_286' title='bbox 2802 2160 3102 2214; x_wconf 88' lang='lat' dir='ltr'>Pallenica.</span> <span class='ocrx_word' id='word_1_287' title='bbox 3155 2161 3554 2228; x_wconf 79' lang='lat' dir='ltr'>Syracusarum</span> <span class='ocrx_word' id='word_1_288' title='bbox 3593 2159 3771 2228; x_wconf 81' lang='lat' dir='ltr'>origi-</span> 
     </span>
    </p>
   </div>
   <div class='ocr_carea' id='block_1_54' title="bbox 2125 2245 3773 2318">
    <p class='ocr_par' dir='ltr' id='par_1_54' title="bbox 2125 2245 3773 2318">
     <span class='ocr_line' id='line_1_54' title="bbox 2125 2245 3773 2318; baseline 0.003 -23"><span class='ocrx_word' id='word_1_289' title='bbox 2125 2258 2236 2296; x_wconf 88' lang='lat' dir='ltr'>nes.</span> <span class='ocrx_word' id='word_1_290' title='bbox 2270 2245 2511 2300; x_wconf 86' lang='lat' dir='ltr'>Persica.</span> <span class='ocrx_word' id='word_1_291' title='bbox 2554 2249 2654 2300; x_wconf 84' lang='lat' dir='ltr'>Res</span> <span class='ocrx_word' id='word_1_292' title='bbox 2704 2249 2938 2302; x_wconf 86' lang='lat' dir='ltr'>Siculas.</span> <span class='ocrx_word' id='word_1_293' title='bbox 3000 2249 3403 2318; x_wconf 83' lang='lat' dir='ltr'>Syracusarum</span> <span class='ocrx_word' id='word_1_294' title='bbox 3442 2247 3773 2316; x_wconf 80' lang='lat' dir='ltr'>descriptio—</span> 
     </span>
    </p>
   </div>
   <div class='ocr_carea' id='block_1_55' title="bbox 2126 2335 3048 2406">
    <p class='ocr_par' dir='ltr' id='par_1_55' title="bbox 2126 2335 3048 2406">
     <span class='ocr_line' id='line_1_55' title="bbox 2126 2335 3048 2406; baseline 0.007 -21"><span class='ocrx_word' id='word_1_295' title='bbox 2126 2347 2271 2388; x_wconf 87' lang='lat' dir='ltr'>nem.</span> <span class='ocrx_word' id='word_1_296' title='bbox 2305 2335 2382 2388; x_wconf 89' lang='lat' dir='ltr'>De</span> <span class='ocrx_word' id='word_1_297' title='bbox 2411 2336 2767 2390; x_wconf 84' lang='lat' dir='ltr'>Macedonum</span> <span class='ocrx_word' id='word_1_298' title='bbox 2796 2339 3048 2406; x_wconf 84' lang='lat' dir='ltr'>imperio.</span> 
     </span>
    </p>
   </div>
   <div class='ocr_carea' id='block_1_56' title="bbox 2196 2422 3768 2495">
    <p class='ocr_par' dir='ltr' id='par_1_56' title="bbox 2196 2422 3768 2495">
     <span class='ocr_line' id='line_1_56' title="bbox 2196 2422 3768 2495; baseline 0.001 -18"><span class='ocrx_word' id='word_1_299' title='bbox 2196 2422 2441 2490; x_wconf 89' lang='lat' dir='ltr'>Ctesias,</span> <span class='ocrx_word' id='word_1_300' title='bbox 2471 2424 2793 2481; x_wconf 88' lang='lat' dir='ltr'>Ctesiarchi</span> <span class='ocrx_word' id='word_1_301' title='bbox 2828 2427 2944 2480; x_wconf 88' lang='lat' dir='ltr'>sive</span> <span class='ocrx_word' id='word_1_302' title='bbox 2971 2425 3267 2480; x_wconf 91' lang='lat' dir='ltr'>Ctesiochi</span> <span class='ocrx_word' id='word_1_303' title='bbox 3296 2425 3473 2495; x_wconf 81' lang='lat' dir='ltr'>filius,</span> <span class='ocrx_word' id='word_1_304' title='bbox 3500 2424 3768 2492; x_wconf 88' lang='lat' dir='ltr'>Guidius,</span> 
     </span>
    </p>
   </div>
   <div class='ocr_carea' id='block_1_57' title="bbox 2126 2511 3770 2582">
    <p class='ocr_par' dir='ltr' id='par_1_57' title="bbox 2126 2511 3770 2582">
     <span class='ocr_line' id='line_1_57' title="bbox 2126 2511 3770 2582; baseline 0.002 -17"><span class='ocrx_word' id='word_1_305' title='bbox 2126 2511 2416 2579; x_wconf 89' lang='lat' dir='ltr'>medicus,</span> <span class='ocrx_word' id='word_1_306' title='bbox 2450 2515 2676 2570; x_wconf 89' lang='lat' dir='ltr'>curavit</span> <span class='ocrx_word' id='word_1_307' title='bbox 2707 2517 3080 2571; x_wconf 81' lang='lat' dir='ltr'>Artaxerxem</span> <span class='ocrx_word' id='word_1_308' title='bbox 3113 2517 3507 2582; x_wconf 87' lang='lat' dir='ltr'>Mnemonem,</span> <span class='ocrx_word' id='word_1_309' title='bbox 3534 2519 3592 2568; x_wconf 90' lang='lat' dir='ltr'>et</span> <span class='ocrx_word' id='word_1_310' title='bbox 3621 2515 3770 2569; x_wconf 91' lang='lat' dir='ltr'>scri-</span> 
     </span>
    </p>
   </div>
   <div class='ocr_carea' id='block_1_58' title="bbox 2123 2600 2909 2671">
    <p class='ocr_par' dir='ltr' id='par_1_58' title="bbox 2123 2600 2909 2671">
     <span class='ocr_line' id='line_1_58' title="bbox 2123 2600 2909 2671; baseline 0.008 -18"><span class='ocrx_word' id='word_1_311' title='bbox 2123 2600 2244 2671; x_wconf 90' lang='lat' dir='ltr'>psit</span> <span class='ocrx_word' id='word_1_312' title='bbox 2272 2603 2510 2670; x_wconf 87' lang='lat' dir='ltr'>Persica,</span> <span class='ocrx_word' id='word_1_313' title='bbox 2544 2603 2679 2658; x_wconf 90' lang='lat' dir='ltr'>libr.</span> <span class='ocrx_word' id='word_1_314' title='bbox 2712 2605 2909 2659; x_wconf 85' lang='lat' dir='ltr'>XXIII.</span> 
     </span>
    </p>
   </div>
   <div class='ocr_carea' id='block_1_59' title="bbox 2194 2689 3769 2765">
    <p class='ocr_par' dir='ltr' id='par_1_59' title="bbox 2194 2689 3769 2765">
     <span class='ocr_line' id='line_1_59' title="bbox 2194 2689 3769 2765; baseline 0.001 -19"><span class='ocrx_word' id='word_1_315' title='bbox 2194 2689 2537 2762; x_wconf 87' lang='lat' dir='ltr'>Ctesiphon,</span> <span class='ocrx_word' id='word_1_316' title='bbox 2569 2709 2723 2748; x_wconf 90' lang='lat' dir='ltr'>unus</span> <span class='ocrx_word' id='word_1_317' title='bbox 2753 2711 2784 2749; x_wconf 88' lang='lat' dir='ltr'>e</span> <span class='ocrx_word' id='word_1_318' title='bbox 2817 2694 3019 2751; x_wconf 89' lang='lat' dir='ltr'>decem</span> <span class='ocrx_word' id='word_1_319' title='bbox 3051 2695 3151 2765; x_wconf 88' lang='lat' dir='ltr'>qui</span> <span class='ocrx_word' id='word_1_320' title='bbox 3182 2711 3315 2749; x_wconf 89' lang='lat' dir='ltr'>cum</span> <span class='ocrx_word' id='word_1_321' title='bbox 3374 2695 3769 2749; x_wconf 89' lang='lat' dir='ltr'>Demosthene</span> 
     </span>
    </p>
   </div>
   <div class='ocr_carea' id='block_1_60' title="bbox 2124 2781 3769 2854">
    <p class='ocr_par' dir='ltr' id='par_1_60' title="bbox 2124 2781 3769 2854">
     <span class='ocr_line' id='line_1_60' title="bbox 2124 2781 3769 2854; baseline 0.003 -22"><span class='ocrx_word' id='word_1_322' title='bbox 2124 2782 2182 2832; x_wconf 91' lang='lat' dir='ltr'>et</span> <span class='ocrx_word' id='word_1_323' title='bbox 2207 2781 2481 2836; x_wconf 62' lang='lat' dir='ltr'>jEschine</span> <span class='ocrx_word' id='word_1_324' title='bbox 2504 2782 2858 2854; x_wconf 85' lang='lat' dir='ltr'>legationem</span> <span class='ocrx_word' id='word_1_325' title='bbox 2879 2783 3202 2839; x_wconf 87' lang='lat' dir='ltr'>obiverunt.</span> <span class='ocrx_word' id='word_1_326' title='bbox 3230 2784 3418 2848; x_wconf 82' lang='lat' dir='ltr'>Alius,</span> <span class='ocrx_word' id='word_1_327' title='bbox 3444 2784 3544 2854; x_wconf 89' lang='lat' dir='ltr'>qui</span> <span class='ocrx_word' id='word_1_328' title='bbox 3572 2783 3769 2838; x_wconf 89' lang='lat' dir='ltr'>decre-</span> 
     </span>
    </p>
   </div>
   <div class='ocr_carea' id='block_1_61' title="bbox 2121 2866 3767 2940">
    <p class='ocr_par' dir='ltr' id='par_1_61' title="bbox 2121 2866 3767 2940">
     <span class='ocr_line' id='line_1_61' title="bbox 2121 2866 3767 2940; baseline 0.002 -20"><span class='ocrx_word' id='word_1_329' title='bbox 2121 2869 2248 2920; x_wconf 91' lang='lat' dir='ltr'>tum</span> <span class='ocrx_word' id='word_1_330' title='bbox 2279 2866 2351 2923; x_wconf 91' lang='lat' dir='ltr'>de</span> <span class='ocrx_word' id='word_1_331' title='bbox 2382 2869 2601 2940; x_wconf 89' lang='lat' dir='ltr'>(aurea)</span> <span class='ocrx_word' id='word_1_332' title='bbox 2633 2887 2876 2938; x_wconf 88' lang='lat' dir='ltr'>corona,</span> <span class='ocrx_word' id='word_1_333' title='bbox 2919 2872 3302 2927; x_wconf 89' lang='lat' dir='ltr'>Demostheni</span> <span class='ocrx_word' id='word_1_334' title='bbox 3357 2870 3572 2936; x_wconf 90' lang='lat' dir='ltr'>danda,</span> <span class='ocrx_word' id='word_1_335' title='bbox 3623 2872 3767 2926; x_wconf 65' lang='lat' dir='ltr'>scri«</span> 
     </span>
    </p>
   </div>
   <div class='ocr_carea' id='block_1_62' title="bbox 2120 2957 3493 3030">
    <p class='ocr_par' dir='ltr' id='par_1_62' title="bbox 2120 2957 3493 3030">
     <span class='ocr_line' id='line_1_62' title="bbox 2120 2957 3493 3030; baseline 0.003 -20"><span class='ocrx_word' id='word_1_336' title='bbox 2120 2957 2262 3026; x_wconf 87' lang='lat' dir='ltr'>psit,</span> <span class='ocrx_word' id='word_1_337' title='bbox 2295 2962 2503 3013; x_wconf 91' lang='lat' dir='ltr'>contra</span> <span class='ocrx_word' id='word_1_338' title='bbox 2533 2976 2710 3030; x_wconf 91' lang='lat' dir='ltr'>quem</span> <span class='ocrx_word' id='word_1_339' title='bbox 2743 2966 2934 3016; x_wconf 85' lang='lat' dir='ltr'>exstat</span> <span class='ocrx_word' id='word_1_340' title='bbox 2961 2961 3252 3015; x_wconf 69' lang='lat' dir='ltr'>Escbinis</span> <span class='ocrx_word' id='word_1_341' title='bbox 3284 2961 3493 3015; x_wconf 85' lang='lat' dir='ltr'>oratio.</span> 
     </span>
    </p>
   </div>
   <div class='ocr_carea' id='block_1_63' title="bbox 2191 3042 3760 3121">
    <p class='ocr_par' dir='ltr' id='par_1_63' title="bbox 2191 3042 3760 3121">
     <span class='ocr_line' id='line_1_63' title="bbox 2191 3042 3760 3121; baseline 0.004 -26"><span class='ocrx_word' id='word_1_342' title='bbox 2191 3042 2422 3100; x_wconf 79' lang='grc' dir='ltr'>Κύκλια.</span> <span class='ocrx_word' id='word_1_343' title='bbox 2455 3049 2592 3113; x_wconf 62' lang='lat' dir='ltr'>Qua;</span> <span class='ocrx_word' id='word_1_344' title='bbox 2627 3050 2802 3104; x_wconf 89' lang='lat' dir='ltr'>unius</span> <span class='ocrx_word' id='word_1_345' title='bbox 2863 3050 3130 3120; x_wconf 88' lang='lat' dir='ltr'>ejusdem</span> <span class='ocrx_word' id='word_1_346' title='bbox 3188 3055 3359 3104; x_wconf 90' lang='lat' dir='ltr'>erant</span> <span class='ocrx_word' id='word_1_347' title='bbox 3405 3050 3760 3121; x_wconf 85' lang='lat' dir='ltr'>argumenti,</span> 
     </span>
    </p>
   </div>
   <div class='ocr_carea' id='block_1_64' title="bbox 2117 3133 3768 3208">
    <p class='ocr_par' dir='ltr' id='par_1_64' title="bbox 2117 3133 3768 3208">
     <span class='ocr_line' id='line_1_64' title="bbox 2117 3133 3768 3208; baseline 0.003 -22"><span class='ocrx_word' id='word_1_348' title='bbox 2117 3133 2306 3204; x_wconf 90' lang='lat' dir='ltr'>cyclia</span> <span class='ocrx_word' id='word_1_349' title='bbox 2329 3135 2710 3206; x_wconf 87' lang='lat' dir='ltr'>vocabantur,</span> <span class='ocrx_word' id='word_1_350' title='bbox 2739 3143 2807 3193; x_wconf 91' lang='lat' dir='ltr'>ut</span> <span class='ocrx_word' id='word_1_351' title='bbox 2836 3138 3086 3204; x_wconf 88' lang='lat' dir='ltr'>cantica,</span> <span class='ocrx_word' id='word_1_352' title='bbox 3111 3138 3339 3208; x_wconf 81' lang='lat' dir='ltr'>hymni,</span> <span class='ocrx_word' id='word_1_353' title='bbox 3394 3135 3670 3208; x_wconf 89' lang='lat' dir='ltr'>prosodia</span> <span class='ocrx_word' id='word_1_354' title='bbox 3710 3141 3768 3192; x_wconf 89' lang='lat' dir='ltr'>et</span> 
     </span>
    </p>
   </div>
   <div class='ocr_carea' id='block_1_65' title="bbox 369 3223 3363 3299">
    <p class='ocr_par' dir='ltr' id='par_1_65' title="bbox 369 3223 3363 3299">
     <span class='ocr_line' id='line_1_65' title="bbox 369 3223 3363 3299; baseline -0.001 -17"><span class='ocrx_word' id='word_1_355' title='bbox 369 3228 654 3283; x_wconf 91' lang='lat' dir='ltr'>terfectus</span> <span class='ocrx_word' id='word_1_356' title='bbox 686 3244 822 3282; x_wconf 91' lang='lat' dir='ltr'>cum</span> <span class='ocrx_word' id='word_1_357' title='bbox 871 3229 1158 3283; x_wconf 90' lang='lat' dir='ltr'>Musonio.</span> <span class='ocrx_word' id='word_1_358' title='bbox 1215 3227 1462 3298; x_wconf 90' lang='lat' dir='ltr'>Scripsit</span> <span class='ocrx_word' id='word_1_359' title='bbox 1515 3227 1704 3282; x_wconf 90' lang='lat' dir='ltr'>multa</span> <span class='ocrx_word' id='word_1_360' title='bbox 1750 3226 2016 3298; x_wconf 90' lang='lat' dir='ltr'>philoso-</span> <span class='ocrx_word' id='word_1_361' title='bbox 2063 3292 2095 3299; x_wconf 80' lang='lat'><strong>_</strong></span> <span class='ocrx_word' id='word_1_362' title='bbox 2125 3223 2411 3290; x_wconf 87' lang='lat' dir='ltr'>carmina,</span> <span class='ocrx_word' id='word_1_363' title='bbox 2441 3242 2572 3296; x_wconf 66' lang='lat' dir='ltr'>quis</span> <span class='ocrx_word' id='word_1_364' title='bbox 2599 3227 2660 3282; x_wconf 93' lang='lat' dir='ltr'>in</span> <span class='ocrx_word' id='word_1_365' title='bbox 2691 3227 2946 3299; x_wconf 91' lang='lat' dir='ltr'>virgines</span> <span class='ocrx_word' id='word_1_366' title='bbox 2977 3226 3363 3282; x_wconf 90' lang='lat' dir='ltr'>canebantur.</span> 
     </span>
    </p>
   </div>
   <div class='ocr_carea' id='block_1_66' title="bbox 367 3316 1462 3389">
    <p class='ocr_par' dir='ltr' id='par_1_66' title="bbox 367 3316 1462 3389">
     <span class='ocr_line' id='line_1_66' title="bbox 367 3316 1462 3389; baseline -0.002 -17"><span class='ocrx_word' id='word_1_367' title='bbox 367 3318 547 3389; x_wconf 89' lang='lat' dir='ltr'>phica</span> <span class='ocrx_word' id='word_1_368' title='bbox 571 3323 632 3373; x_wconf 91' lang='lat' dir='ltr'>et</span> <span class='ocrx_word' id='word_1_369' title='bbox 661 3316 938 3372; x_wconf 91' lang='lat' dir='ltr'>oratoria.</span> <span class='ocrx_word' id='word_1_370' title='bbox 979 3318 1038 3371; x_wconf 92' lang='lat' dir='ltr'>V.</span> <span class='ocrx_word' id='word_1_371' title='bbox 1071 3316 1306 3370; x_wconf 89' lang='lat' dir='ltr'>Kusteri</span> <span class='ocrx_word' id='word_1_372' title='bbox 1338 3320 1462 3371; x_wconf 92' lang='lat' dir='ltr'>not.</span> 
     </span>
    </p>
   </div>
   <div class='ocr_carea' id='block_1_67' title="bbox 446 3405 2015 3463">
    <p class='ocr_par' dir='ltr' id='par_1_67' title="bbox 446 3405 2015 3463">
     <span class='ocr_line' id='line_1_67' title="bbox 446 3405 2015 3463; baseline -0.002 0"><span class='ocrx_word' id='word_1_373' title='bbox 446 3407 763 3463; x_wconf 88' lang='lat' dir='ltr'>Cothurnus</span> <span class='ocrx_word' id='word_1_374' title='bbox 815 3405 1136 3461; x_wconf 88' lang='lat' dir='ltr'>vocabatur</span> <span class='ocrx_word' id='word_1_375' title='bbox 1179 3405 1576 3460; x_wconf 90' lang='lat' dir='ltr'>Theramenes</span> <span class='ocrx_word' id='word_1_376' title='bbox 1634 3405 2015 3460; x_wconf 80' lang='lat' dir='ltr'>Atheniensis</span> 
     </span>
    </p>
   </div>
   <div class='ocr_carea' id='block_1_68' title="bbox 371 3494 2014 3566">
    <p class='ocr_par' dir='ltr' id='par_1_68' title="bbox 371 3494 2014 3566">
     <span class='ocr_line' id='line_1_68' title="bbox 371 3494 2014 3566; baseline -0.001 -15"><span class='ocrx_word' id='word_1_377' title='bbox 371 3501 592 3566; x_wconf 87' lang='lat' dir='ltr'>orator,</span> <span class='ocrx_word' id='word_1_378' title='bbox 624 3495 882 3563; x_wconf 91' lang='lat' dir='ltr'>Prodici,</span> <span class='ocrx_word' id='word_1_379' title='bbox 915 3495 1056 3561; x_wconf 91' lang='lat' dir='ltr'>Ceii,</span> <span class='ocrx_word' id='word_1_380' title='bbox 1085 3494 1433 3565; x_wconf 91' lang='lat' dir='ltr'>discipulus.</span> <span class='ocrx_word' id='word_1_381' title='bbox 1468 3494 1694 3549; x_wconf 91' lang='lat' dir='ltr'>Dicitur</span> <span class='ocrx_word' id='word_1_382' title='bbox 1723 3500 1920 3550; x_wconf 91' lang='lat' dir='ltr'>autem</span> <span class='ocrx_word' id='word_1_383' title='bbox 1943 3495 2014 3550; x_wconf 90' lang='lat' dir='ltr'>de</span> 
     </span>
    </p>
   </div>
   <div class='ocr_carea' id='block_1_69' title="bbox 371 3584 2014 3657">
    <p class='ocr_par' dir='ltr' id='par_1_69' title="bbox 371 3584 2014 3657">
     <span class='ocr_line' id='line_1_69' title="bbox 371 3584 2014 3657; baseline 0 -17"><span class='ocrx_word' id='word_1_384' title='bbox 371 3587 617 3642; x_wconf 89' lang='lat' dir='ltr'>homine</span> <span class='ocrx_word' id='word_1_385' title='bbox 641 3586 902 3641; x_wconf 88' lang='lat' dir='ltr'>versatili</span> <span class='ocrx_word' id='word_1_386' title='bbox 933 3591 992 3640; x_wconf 92' lang='lat' dir='ltr'>et</span> <span class='ocrx_word' id='word_1_387' title='bbox 1016 3585 1150 3640; x_wconf 91' lang='lat' dir='ltr'>levi.</span> <span class='ocrx_word' id='word_1_388' title='bbox 1182 3586 1284 3640; x_wconf 90' lang='lat' dir='ltr'>Hic</span> <span class='ocrx_word' id='word_1_389' title='bbox 1306 3584 1466 3640; x_wconf 90' lang='lat' dir='ltr'>enim</span> <span class='ocrx_word' id='word_1_390' title='bbox 1489 3590 1547 3640; x_wconf 87' lang='lat' dir='ltr'>et</span> <span class='ocrx_word' id='word_1_391' title='bbox 1573 3585 1726 3640; x_wconf 84' lang='lat' dir='ltr'>XXX</span> <span class='ocrx_word' id='word_1_392' title='bbox 1747 3585 2014 3657; x_wconf 87' lang='lat' dir='ltr'>tyrannis</span> 
     </span>
    </p>
   </div>
   <div class='ocr_carea' id='block_1_70' title="bbox 372 3671 1488 3745">
    <p class='ocr_par' dir='ltr' id='par_1_70' title="bbox 372 3671 1488 3745">
     <span class='ocr_line' id='line_1_70' title="bbox 372 3671 1488 3745; baseline -0.002 -15"><span class='ocrx_word' id='word_1_393' title='bbox 372 3679 431 3730; x_wconf 88' lang='lat' dir='ltr'>et</span> <span class='ocrx_word' id='word_1_394' title='bbox 460 3675 677 3745; x_wconf 90' lang='lat' dir='ltr'>populo</span> <span class='ocrx_word' id='word_1_395' title='bbox 707 3675 956 3730; x_wconf 87' lang='lat' dir='ltr'>favebat.</span> <span class='ocrx_word' id='word_1_396' title='bbox 995 3675 1158 3729; x_wconf 86' lang='lat' dir='ltr'>Infra</span> <span class='ocrx_word' id='word_1_397' title='bbox 1191 3673 1250 3728; x_wconf 92' lang='lat' dir='ltr'>in</span> <span class='ocrx_word' id='word_1_398' title='bbox 1284 3671 1488 3743; x_wconf 81' lang='grc' dir='ltr'>Δεξιός.</span> 
     </span>
    </p>
   </div>
   <div class='ocr_carea' id='block_1_71' title="bbox 445 3762 2012 3834">
    <p class='ocr_par' dir='ltr' id='par_1_71' title="bbox 445 3762 2012 3834">
     <span class='ocr_line' id='line_1_71' title="bbox 445 3762 2012 3834; baseline 0.001 -18"><span class='ocrx_word' id='word_1_399' title='bbox 445 3765 667 3830; x_wconf 86' lang='lat' dir='ltr'>Crates,</span> <span class='ocrx_word' id='word_1_400' title='bbox 700 3763 1078 3818; x_wconf 83' lang='lat' dir='ltr'>Atheniensis</span> <span class='ocrx_word' id='word_1_401' title='bbox 1097 3762 1329 3832; x_wconf 89' lang='lat' dir='ltr'>(veteris</span> <span class='ocrx_word' id='word_1_402' title='bbox 1355 3762 1702 3834; x_wconf 70' lang='lat' dir='ltr'>commdim),</span> <span class='ocrx_word' id='word_1_403' title='bbox 1727 3764 2012 3832; x_wconf 91' lang='lat' dir='ltr'>comicus,</span> 
     </span>
    </p>
   </div>
   <div class='ocr_carea' id='block_1_72' title="bbox 371 3851 2013 3924">
    <p class='ocr_par' dir='ltr' id='par_1_72' title="bbox 371 3851 2013 3924">
     <span class='ocr_line' id='line_1_72' title="bbox 371 3851 2013 3924; baseline -0.002 -16"><span class='ocrx_word' id='word_1_404' title='bbox 371 3851 617 3924; x_wconf 85' lang='lat' dir='ltr'>Epilyci,</span> <span class='ocrx_word' id='word_1_405' title='bbox 651 3856 838 3923; x_wconf 60' lang='lat' dir='ltr'>poeta:</span> <span class='ocrx_word' id='word_1_406' title='bbox 871 3852 1042 3924; x_wconf 89' lang='lat' dir='ltr'>epici,</span> <span class='ocrx_word' id='word_1_407' title='bbox 1077 3852 1278 3907; x_wconf 86' lang='lat' dir='ltr'>frater.</span> <span class='ocrx_word' id='word_1_408' title='bbox 1313 3851 1623 3907; x_wconf 70' lang='lat' dir='ltr'>Commdiae</span> <span class='ocrx_word' id='word_1_409' title='bbox 1644 3851 1828 3922; x_wconf 88' lang='lat' dir='ltr'>ipsius</span> <span class='ocrx_word' id='word_1_410' title='bbox 1855 3869 1866 3905; x_wconf 92' lang='lat'><strong><em>:</em></strong></span> <span class='ocrx_word' id='word_1_411' title='bbox 1897 3851 2013 3904; x_wconf 82' lang='grc' dir='ltr'>Γει.</span> 
     </span>
    </p>
   </div>
   <div class='ocr_carea' id='block_1_73' title="bbox 371 3935 2010 4015">
    <p class='ocr_par' dir='ltr' id='par_1_73' title="bbox 371 3935 2010 4015">
     <span class='ocr_line' id='line_1_73' title="bbox 371 3935 2010 4015; baseline 0 -21"><span class='ocrx_word' id='word_1_412' title='bbox 371 3960 548 4009; x_wconf 85' lang='grc' dir='ltr'>τονες,</span> <span class='ocrx_word' id='word_1_413' title='bbox 604 3940 836 4015; x_wconf 84' lang='grc' dir='ltr'>Ἥρωες,</span> <span class='ocrx_word' id='word_1_414' title='bbox 894 3939 1091 4013; x_wconf 81' lang='grc' dir='ltr'>Θηρία,</span> <span class='ocrx_word' id='word_1_415' title='bbox 1164 3936 1368 4011; x_wconf 77' lang='grc' dir='ltr'>Λαμία,</span> <span class='ocrx_word' id='word_1_416' title='bbox 1445 3935 1702 4008; x_wconf 78' lang='grc' dir='ltr'>Πεδῆται,</span> <span class='ocrx_word' id='word_1_417' title='bbox 1790 3939 2010 4012; x_wconf 82' lang='grc' dir='ltr'>Σάμιοι.</span> 
     </span>
    </p>
   </div>
   <div class='ocr_carea' id='block_1_74' title="bbox 374 4029 1572 4101">
    <p class='ocr_par' dir='ltr' id='par_1_74' title="bbox 374 4029 1572 4101">
     <span class='ocr_line' id='line_1_74' title="bbox 374 4029 1572 4101; baseline -0.002 -17"><span class='ocrx_word' id='word_1_418' title='bbox 374 4030 621 4101; x_wconf 91' lang='lat' dir='ltr'>Scripsit</span> <span class='ocrx_word' id='word_1_419' title='bbox 651 4035 708 4084; x_wconf 88' lang='lat' dir='ltr'>et</span> <span class='ocrx_word' id='word_1_420' title='bbox 738 4029 1004 4084; x_wconf 89' lang='lat' dir='ltr'>oratione</span> <span class='ocrx_word' id='word_1_421' title='bbox 1037 4029 1231 4084; x_wconf 90' lang='lat' dir='ltr'>soluta</span> <span class='ocrx_word' id='word_1_422' title='bbox 1260 4029 1572 4084; x_wconf 90' lang='lat' dir='ltr'>nonnulla.</span> 
     </span>
    </p>
   </div>
   <div class='ocr_carea' id='block_1_75' title="bbox 446 4119 2014 4191">
    <p class='ocr_par' dir='ltr' id='par_1_75' title="bbox 446 4119 2014 4191">
     <span class='ocr_line' id='line_1_75' title="bbox 446 4119 2014 4191; baseline 0.001 -18"><span class='ocrx_word' id='word_1_423' title='bbox 446 4121 666 4185; x_wconf 84' lang='lat' dir='ltr'>Crates,</span> <span class='ocrx_word' id='word_1_424' title='bbox 702 4120 1108 4187; x_wconf 84' lang='lat' dir='ltr'>Atheniensis,</span> <span class='ocrx_word' id='word_1_425' title='bbox 1131 4119 1395 4174; x_wconf 90' lang='lat' dir='ltr'>comicus</span> <span class='ocrx_word' id='word_1_426' title='bbox 1417 4119 1772 4186; x_wconf 85' lang='lat' dir='ltr'>alter,etiam</span> <span class='ocrx_word' id='word_1_427' title='bbox 1797 4119 1923 4191; x_wconf 88' lang='lat' dir='ltr'>ipse</span> <span class='ocrx_word' id='word_1_428' title='bbox 1946 4135 2014 4174; x_wconf 89' lang='lat' dir='ltr'>ex</span> 
     </span>
    </p>
   </div>
   <div class='ocr_carea' id='block_1_76' title="bbox 365 4207 2010 4279">
    <p class='ocr_par' dir='ltr' id='par_1_76' title="bbox 365 4207 2010 4279">
     <span class='ocr_line' id='line_1_76' title="bbox 365 4207 2010 4279; baseline 0.001 -16"><span class='ocrx_word' id='word_1_429' title='bbox 365 4208 548 4263; x_wconf 86' lang='lat' dir='ltr'>veteri</span> <span class='ocrx_word' id='word_1_430' title='bbox 582 4209 890 4276; x_wconf 73' lang='lat' dir='ltr'>commdia,</span> <span class='ocrx_word' id='word_1_431' title='bbox 921 4208 1092 4279; x_wconf 91' lang='lat' dir='ltr'>cujus</span> <span class='ocrx_word' id='word_1_432' title='bbox 1117 4213 1234 4263; x_wconf 92' lang='lat' dir='ltr'>tres</span> <span class='ocrx_word' id='word_1_433' title='bbox 1256 4207 1756 4263; x_wconf 77' lang='lat' dir='ltr'>circumferuntur</span> <span class='ocrx_word' id='word_1_434' title='bbox 1775 4208 2010 4264; x_wconf 66' lang='lat' dir='ltr'>fabulas.</span> 
     </span>
    </p>
   </div>
   <div class='ocr_carea' id='block_1_77' title="bbox 368 4295 1372 4371">
    <p class='ocr_par' dir='ltr' id='par_1_77' title="bbox 368 4295 1372 4371">
     <span class='ocr_line' id='line_1_77' title="bbox 368 4295 1372 4371; baseline 0.003 -21"><span class='ocrx_word' id='word_1_435' title='bbox 368 4301 442 4366; x_wconf 91' lang='grc' dir='ltr'>Θη</span> <span class='ocrx_word' id='word_1_436' title='bbox 453 4296 670 4369; x_wconf 84' lang='grc' dir='ltr'>σαυρὸς,</span> <span class='ocrx_word' id='word_1_437' title='bbox 703 4296 832 4370; x_wconf 85' lang='grc' dir='ltr'>Ὄρν</span> <span class='ocrx_word' id='word_1_438' title='bbox 845 4297 970 4366; x_wconf 85' lang='grc' dir='ltr'>ιθες,</span> <span class='ocrx_word' id='word_1_439' title='bbox 1005 4295 1372 4371; x_wconf 81' lang='grc' dir='ltr'>Φιλάργυρος.</span> 
     </span>
    </p>
   </div>
   <div class='ocr_carea' id='block_1_78' title="bbox 442 4384 2016 4460">
    <p class='ocr_par' dir='ltr' id='par_1_78' title="bbox 442 4384 2016 4460">
     <span class='ocr_line' id='line_1_78' title="bbox 442 4384 2016 4460; baseline 0.002 -20"><span class='ocrx_word' id='word_1_440' title='bbox 442 4388 664 4454; x_wconf 89' lang='lat' dir='ltr'>Crates,</span> <span class='ocrx_word' id='word_1_441' title='bbox 692 4384 978 4441; x_wconf 74' lang='lat' dir='ltr'>Ascondaa</span> <span class='ocrx_word' id='word_1_442' title='bbox 992 4387 1077 4454; x_wconf 95' lang='lat' dir='ltr'>F.,</span> <span class='ocrx_word' id='word_1_443' title='bbox 1099 4385 1430 4453; x_wconf 87' lang='lat' dir='ltr'>Thebanus,</span> <span class='ocrx_word' id='word_1_444' title='bbox 1454 4386 1842 4458; x_wconf 90' lang='lat' dir='ltr'>philosophus</span> <span class='ocrx_word' id='word_1_445' title='bbox 1855 4388 2016 4460; x_wconf 83' lang='lat' dir='ltr'>cyni-</span> 
     </span>
    </p>
   </div>
   <div class='ocr_carea' id='block_1_79' title="bbox 373 4476 2015 4549">
    <p class='ocr_par' dir='ltr' id='par_1_79' title="bbox 373 4476 2015 4549">
     <span class='ocr_line' id='line_1_79' title="bbox 373 4476 2015 4549; baseline 0 -17"><span class='ocrx_word' id='word_1_446' title='bbox 373 4493 498 4546; x_wconf 89' lang='lat' dir='ltr'>cus,</span> <span class='ocrx_word' id='word_1_447' title='bbox 533 4476 1170 4549; x_wconf 88' lang='lat' dir='ltr'>discipulusDiogenis</span> <span class='ocrx_word' id='word_1_448' title='bbox 1200 4480 1258 4532; x_wconf 92' lang='lat' dir='ltr'>et</span> <span class='ocrx_word' id='word_1_449' title='bbox 1287 4477 1586 4548; x_wconf 89' lang='lat' dir='ltr'>Brysonis,</span> <span class='ocrx_word' id='word_1_450' title='bbox 1620 4477 1836 4533; x_wconf 70' lang='lat' dir='ltr'>Achaai.</span> <span class='ocrx_word' id='word_1_451' title='bbox 1898 4481 2015 4534; x_wconf 88' lang='lat' dir='ltr'>Nu—</span> 
     </span>
    </p>
   </div>
   <div class='ocr_carea' id='block_1_80' title="bbox 368 4565 2011 4640">
    <p class='ocr_par' dir='ltr' id='par_1_80' title="bbox 368 4565 2011 4640">
     <span class='ocr_line' id='line_1_80' title="bbox 368 4565 2011 4640; baseline 0.001 -22"><span class='ocrx_word' id='word_1_452' title='bbox 368 4566 522 4636; x_wconf 90' lang='lat' dir='ltr'>ptias</span> <span class='ocrx_word' id='word_1_453' title='bbox 555 4581 692 4619; x_wconf 90' lang='lat' dir='ltr'>suas</span> <span class='ocrx_word' id='word_1_454' title='bbox 724 4581 858 4619; x_wconf 89' lang='lat' dir='ltr'>cum</span> <span class='ocrx_word' id='word_1_455' title='bbox 892 4565 1246 4637; x_wconf 87' lang='lat' dir='ltr'>Hipparchia</span> <span class='ocrx_word' id='word_1_456' title='bbox 1276 4565 1622 4621; x_wconf 87' lang='lat' dir='ltr'>Maronitide</span> <span class='ocrx_word' id='word_1_457' title='bbox 1650 4565 2011 4640; x_wconf 85' lang='grc' dir='ltr'>κονογαμίαν,</span> 
     </span>
    </p>
   </div>
   <div class='ocr_carea' id='block_1_81' title="bbox 2053 3292 3768 3388">
    <p class='ocr_par' dir='ltr' id='par_1_81' title="bbox 2053 3292 3768 3388">
     <span class='ocr_line' id='line_1_81' title="bbox 2053 3292 3768 3388; baseline 0.005 -29"><span class='ocrx_word' id='word_1_458' title='bbox 2053 3292 2096 3359; x_wconf 84' lang='lat' dir='ltr'>C</span> <span class='ocrx_word' id='word_1_459' title='bbox 2198 3292 2763 3376; x_wconf 46' lang='grc' dir='ltr'>Κυκλιοδι-δάσκαλος.</span> <span class='ocrx_word' id='word_1_460' title='bbox 2780 3292 3113 3388; x_wconf 81' lang='lat' dir='ltr'>Cycliorum</span> <span class='ocrx_word' id='word_1_461' title='bbox 3132 3315 3450 3370; x_wconf 91' lang='lat' dir='ltr'>chororum</span> <span class='ocrx_word' id='word_1_462' title='bbox 3467 3315 3768 3386; x_wconf 89' lang='lat' dir='ltr'>magister.</span> 
     </span>
    </p>
   </div>
   <div class='ocr_carea' id='block_1_82' title="bbox 2126 3400 3771 3475">
    <p class='ocr_par' dir='ltr' id='par_1_82' title="bbox 2126 3400 3771 3475">
     <span class='ocr_line' id='line_1_82' title="bbox 2126 3400 3771 3475; baseline 0.002 -22"><span class='ocrx_word' id='word_1_463' title='bbox 2126 3400 2360 3456; x_wconf 90' lang='lat' dir='ltr'>Primus</span> <span class='ocrx_word' id='word_1_464' title='bbox 2392 3401 2593 3471; x_wconf 88' lang='lat' dir='ltr'>Lasus,</span> <span class='ocrx_word' id='word_1_465' title='bbox 2630 3405 3096 3470; x_wconf 88' lang='lat' dir='ltr'>Hermionensis,</span> <span class='ocrx_word' id='word_1_466' title='bbox 3149 3404 3368 3475; x_wconf 87' lang='lat' dir='ltr'>cyclios</span> <span class='ocrx_word' id='word_1_467' title='bbox 3418 3404 3632 3458; x_wconf 92' lang='lat' dir='ltr'>choros</span> <span class='ocrx_word' id='word_1_468' title='bbox 3682 3403 3771 3457; x_wconf 90' lang='lat' dir='ltr'>in-</span> 
     </span>
    </p>
   </div>
   <div class='ocr_carea' id='block_1_83' title="bbox 2125 3489 2335 3544">
    <p class='ocr_par' dir='ltr' id='par_1_83' title="bbox 2125 3489 2335 3544">
     <span class='ocr_line' id='line_1_83' title="bbox 2125 3489 2335 3544; baseline 0.01 -2"><span class='ocrx_word' id='word_1_469' title='bbox 2125 3489 2335 3544; x_wconf 88' lang='lat' dir='ltr'>stituit.</span> 
     </span>
    </p>
   </div>
   <div class='ocr_carea' id='block_1_84' title="bbox 2194 3574 3764 3653">
    <p class='ocr_par' dir='ltr' id='par_1_84' title="bbox 2194 3574 3764 3653">
     <span class='ocr_line' id='line_1_84' title="bbox 2194 3574 3764 3653; baseline 0.002 -22"><span class='ocrx_word' id='word_1_470' title='bbox 2194 3574 2448 3631; x_wconf 84' lang='grc' dir='ltr'>Κυκλίων</span> <span class='ocrx_word' id='word_1_471' title='bbox 2475 3597 2535 3634; x_wconf 87' lang='grc' dir='ltr'>τε</span> <span class='ocrx_word' id='word_1_472' title='bbox 2565 3583 2750 3653; x_wconf 83' lang='grc' dir='ltr'>χορῶν</span> <span class='ocrx_word' id='word_1_473' title='bbox 2786 3578 3251 3652; x_wconf 79' lang='grc' dir='ltr'>ᾀσματοκάμπτας</span> <span class='ocrx_word' id='word_1_474' title='bbox 3291 3581 3580 3636; x_wconf 91' lang='lat' dir='ltr'>vocabant</span> <span class='ocrx_word' id='word_1_475' title='bbox 3637 3596 3764 3634; x_wconf 93' lang='lat' dir='ltr'>mu-</span> 
     </span>
    </p>
   </div>
   <div class='ocr_carea' id='block_1_85' title="bbox 2127 3655 3769 3740">
    <p class='ocr_par' dir='ltr' id='par_1_85' title="bbox 2127 3655 3769 3740">
     <span class='ocr_line' id='line_1_85' title="bbox 2127 3655 3769 3740; baseline 0.001 -19"><span class='ocrx_word' id='word_1_476' title='bbox 2127 3665 2261 3721; x_wconf 73' lang='lat' dir='ltr'>sicaa</span> <span class='ocrx_word' id='word_1_477' title='bbox 2293 3675 2670 3740; x_wconf 90' lang='lat' dir='ltr'>corruptores</span> <span class='ocrx_word' id='word_1_478' title='bbox 2697 3686 2763 3724; x_wconf 88' lang='lat' dir='ltr'>ac</span> <span class='ocrx_word' id='word_1_479' title='bbox 2791 3655 3100 3725; x_wconf 83' lang='lat' dir='ltr'>difﬁcilem</span> <span class='ocrx_word' id='word_1_480' title='bbox 3120 3669 3286 3724; x_wconf 91' lang='lat' dir='ltr'>illam</span> <span class='ocrx_word' id='word_1_481' title='bbox 3309 3668 3654 3724; x_wconf 89' lang='lat' dir='ltr'>modulandi</span> <span class='ocrx_word' id='word_1_482' title='bbox 3678 3685 3769 3722; x_wconf 89' lang='lat' dir='ltr'>ra-</span> 
     </span>
    </p>
   </div>
   <div class='ocr_carea' id='block_1_86' title="bbox 2125 3755 3767 3830">
    <p class='ocr_par' dir='ltr' id='par_1_86' title="bbox 2125 3755 3767 3830">
     <span class='ocr_line' id='line_1_86' title="bbox 2125 3755 3767 3830; baseline 0.001 -21"><span class='ocrx_word' id='word_1_483' title='bbox 2125 3755 2370 3823; x_wconf 87' lang='lat' dir='ltr'>tionem,</span> <span class='ocrx_word' id='word_1_484' title='bbox 2400 3775 2579 3828; x_wconf 90' lang='lat' dir='ltr'>quam</span> <span class='ocrx_word' id='word_1_485' title='bbox 2637 3759 2890 3830; x_wconf 88' lang='lat' dir='ltr'>Phrynis</span> <span class='ocrx_word' id='word_1_486' title='bbox 2934 3759 3280 3826; x_wconf 82' lang='lat' dir='ltr'>introduxit,</span> <span class='ocrx_word' id='word_1_487' title='bbox 3336 3764 3628 3813; x_wconf 90' lang='lat' dir='ltr'>sectantes</span> <span class='ocrx_word' id='word_1_488' title='bbox 3677 3758 3767 3811; x_wconf 90' lang='lat' dir='ltr'>vel</span> 
     </span>
    </p>
   </div>
   <div class='ocr_carea' id='block_1_87' title="bbox 2125 3847 3764 3919">
    <p class='ocr_par' dir='ltr' id='par_1_87' title="bbox 2125 3847 3764 3919">
     <span class='ocr_line' id='line_1_87' title="bbox 2125 3847 3764 3919; baseline 0.001 -19"><span class='ocrx_word' id='word_1_489' title='bbox 2125 3849 2420 3918; x_wconf 84' lang='lat' dir='ltr'>sophistas</span> <span class='ocrx_word' id='word_1_490' title='bbox 2449 3852 2655 3918; x_wconf 91' lang='lat' dir='ltr'>poetas</span> <span class='ocrx_word' id='word_1_491' title='bbox 2683 3847 3152 3919; x_wconf 89' lang='lat' dir='ltr'>dithyrambicos</span> <span class='ocrx_word' id='word_1_492' title='bbox 3182 3847 3500 3919; x_wconf 88' lang='lat' dir='ltr'>cycliorum</span> <span class='ocrx_word' id='word_1_493' title='bbox 3521 3847 3764 3902; x_wconf 91' lang='lat' dir='ltr'>chorum</span> 
     </span>
    </p>
   </div>
   <div class='ocr_carea' id='block_1_88' title="bbox 2124 3936 3766 4008">
    <p class='ocr_par' dir='ltr' id='par_1_88' title="bbox 2124 3936 3766 4008">
     <span class='ocr_line' id='line_1_88' title="bbox 2124 3936 3766 4008; baseline 0.001 -18"><span class='ocrx_word' id='word_1_494' title='bbox 2124 3937 2458 4008; x_wconf 88' lang='lat' dir='ltr'>magistros,</span> <span class='ocrx_word' id='word_1_495' title='bbox 2491 3942 2557 3992; x_wconf 92' lang='lat' dir='ltr'>ut</span> <span class='ocrx_word' id='word_1_496' title='bbox 2585 3937 2878 3992; x_wconf 90' lang='lat' dir='ltr'>Cinesiam</span> <span class='ocrx_word' id='word_1_497' title='bbox 2910 3942 2969 3992; x_wconf 88' lang='lat' dir='ltr'>et</span> <span class='ocrx_word' id='word_1_498' title='bbox 2997 3937 3374 3992; x_wconf 88' lang='lat' dir='ltr'>Cleomenem</span> <span class='ocrx_word' id='word_1_499' title='bbox 3408 3942 3467 3990; x_wconf 89' lang='lat' dir='ltr'>et</span> <span class='ocrx_word' id='word_1_500' title='bbox 3494 3936 3766 3991; x_wconf 88' lang='lat' dir='ltr'>Philoxe-</span> 
     </span>
    </p>
   </div>
   <div class='ocr_carea' id='block_1_89' title="bbox 2122 4027 3766 4098">
    <p class='ocr_par' dir='ltr' id='par_1_89' title="bbox 2122 4027 3766 4098">
     <span class='ocr_line' id='line_1_89' title="bbox 2122 4027 3766 4098; baseline -0.001 -16"><span class='ocrx_word' id='word_1_501' title='bbox 2122 4043 2288 4082; x_wconf 91' lang='lat' dir='ltr'>num.</span> <span class='ocrx_word' id='word_1_502' title='bbox 2325 4027 2489 4092; x_wconf 88' lang='lat' dir='ltr'>Quod</span> <span class='ocrx_word' id='word_1_503' title='bbox 2520 4032 2718 4082; x_wconf 88' lang='lat' dir='ltr'>autem</span> <span class='ocrx_word' id='word_1_504' title='bbox 2751 4029 2969 4098; x_wconf 88' lang='lat' dir='ltr'>scripta</span> <span class='ocrx_word' id='word_1_505' title='bbox 2995 4027 3234 4082; x_wconf 90' lang='lat' dir='ltr'>illorum</span> <span class='ocrx_word' id='word_1_506' title='bbox 3261 4027 3369 4082; x_wconf 91' lang='lat' dir='ltr'>sub</span> <span class='ocrx_word' id='word_1_507' title='bbox 3391 4027 3766 4082; x_wconf 88' lang='lat' dir='ltr'>harmoniam</span> 
     </span>
    </p>
   </div>
   <div class='ocr_carea' id='block_1_90' title="bbox 2125 4115 3762 4188">
    <p class='ocr_par' dir='ltr' id='par_1_90' title="bbox 2125 4115 3762 4188">
     <span class='ocr_line' id='line_1_90' title="bbox 2125 4115 3762 4188; baseline -0.001 -18"><span class='ocrx_word' id='word_1_508' title='bbox 2125 4132 2245 4170; x_wconf 90' lang='lat' dir='ltr'>non</span> <span class='ocrx_word' id='word_1_509' title='bbox 2276 4115 2511 4183; x_wconf 89' lang='lat' dir='ltr'>cadant,</span> <span class='ocrx_word' id='word_1_510' title='bbox 2539 4116 2673 4172; x_wconf 92' lang='lat' dir='ltr'>ideo</span> <span class='ocrx_word' id='word_1_511' title='bbox 2697 4117 2886 4171; x_wconf 84' lang='lat' dir='ltr'>ﬂexus</span> <span class='ocrx_word' id='word_1_512' title='bbox 2908 4117 3130 4172; x_wconf 90' lang='lat' dir='ltr'>habent</span> <span class='ocrx_word' id='word_1_513' title='bbox 3149 4117 3527 4188; x_wconf 91' lang='lat' dir='ltr'>plures,quos</span> <span class='ocrx_word' id='word_1_514' title='bbox 3553 4115 3762 4171; x_wconf 90' lang='lat' dir='ltr'>musici</span> 
     </span>
    </p>
   </div>
   <div class='ocr_carea' id='block_1_91' title="bbox 2122 4205 3764 4277">
    <p class='ocr_par' dir='ltr' id='par_1_91' title="bbox 2122 4205 3764 4277">
     <span class='ocr_line' id='line_1_91' title="bbox 2122 4205 3764 4277; baseline -0.001 -17"><span class='ocrx_word' id='word_1_515' title='bbox 2122 4210 2334 4260; x_wconf 85' lang='lat' dir='ltr'>vocant</span> <span class='ocrx_word' id='word_1_516' title='bbox 2364 4205 2638 4276; x_wconf 89' lang='lat' dir='ltr'>strophas</span> <span class='ocrx_word' id='word_1_517' title='bbox 2667 4209 2726 4260; x_wconf 85' lang='lat' dir='ltr'>et</span> <span class='ocrx_word' id='word_1_518' title='bbox 2755 4207 3156 4277; x_wconf 89' lang='lat' dir='ltr'>antistrophas</span> <span class='ocrx_word' id='word_1_519' title='bbox 3188 4211 3246 4259; x_wconf 89' lang='lat' dir='ltr'>et</span> <span class='ocrx_word' id='word_1_520' title='bbox 3275 4205 3514 4276; x_wconf 89' lang='lat' dir='ltr'>epodas.</span> <span class='ocrx_word' id='word_1_521' title='bbox 3576 4205 3764 4270; x_wconf 89' lang='lat' dir='ltr'>Quare</span> 
     </span>
    </p>
   </div>
   <div class='ocr_carea' id='block_1_92' title="bbox 2125 4295 3404 4367">
    <p class='ocr_par' dir='ltr' id='par_1_92' title="bbox 2125 4295 3404 4367">
     <span class='ocr_line' id='line_1_92' title="bbox 2125 4295 3404 4367; baseline -0.001 -17"><span class='ocrx_word' id='word_1_522' title='bbox 2125 4296 2302 4350; x_wconf 89' lang='lat' dir='ltr'>etiam</span> <span class='ocrx_word' id='word_1_523' title='bbox 2335 4295 2395 4350; x_wconf 92' lang='lat' dir='ltr'>in</span> <span class='ocrx_word' id='word_1_524' title='bbox 2427 4295 2726 4367; x_wconf 73' lang='lat' dir='ltr'>tragoediis</span> <span class='ocrx_word' id='word_1_525' title='bbox 2758 4295 2923 4350; x_wconf 90' lang='lat' dir='ltr'>chori</span> <span class='ocrx_word' id='word_1_526' title='bbox 2958 4300 3096 4349; x_wconf 83' lang='lat' dir='ltr'>sunt</span> <span class='ocrx_word' id='word_1_527' title='bbox 3125 4295 3404 4350; x_wconf 88' lang='lat' dir='ltr'>instituti.</span> 
     </span>
    </p>
   </div>
   <div class='ocr_carea' id='block_1_93' title="bbox 2195 4383 3765 4458">
    <p class='ocr_par' dir='ltr' id='par_1_93' title="bbox 2195 4383 3765 4458">
     <span class='ocr_line' id='line_1_93' title="bbox 2195 4383 3765 4458; baseline 0 -20"><span class='ocrx_word' id='word_1_528' title='bbox 2195 4383 2488 4458; x_wconf 76' lang='grc' dir='ltr'>Κυνήγιον,</span> <span class='ocrx_word' id='word_1_529' title='bbox 2521 4384 2687 4439; x_wconf 90' lang='lat' dir='ltr'>locus</span> <span class='ocrx_word' id='word_1_530' title='bbox 2713 4383 2928 4455; x_wconf 92' lang='lat' dir='ltr'>(CPoli)</span> <span class='ocrx_word' id='word_1_531' title='bbox 2958 4384 3058 4439; x_wconf 91' lang='lat' dir='ltr'>ubi</span> <span class='ocrx_word' id='word_1_532' title='bbox 3092 4389 3299 4439; x_wconf 73' lang='lat' dir='ltr'>statum</span> <span class='ocrx_word' id='word_1_533' title='bbox 3330 4383 3602 4455; x_wconf 63' lang='lat' dir='ltr'>quaadam</span> <span class='ocrx_word' id='word_1_534' title='bbox 3659 4400 3765 4453; x_wconf 92' lang='lat' dir='ltr'>po-</span> 
     </span>
    </p>
   </div>
   <div class='ocr_carea' id='block_1_94' title="bbox 2124 4478 3762 4552">
    <p class='ocr_par' dir='ltr' id='par_1_94' title="bbox 2124 4478 3762 4552">
     <span class='ocr_line' id='line_1_94' title="bbox 2124 4478 3762 4552; baseline -0.001 -17"><span class='ocrx_word' id='word_1_535' title='bbox 2124 4480 2272 4547; x_wconf 65' lang='lat' dir='ltr'>sitae,</span> <span class='ocrx_word' id='word_1_536' title='bbox 2309 4496 2562 4550; x_wconf 90' lang='lat' dir='ltr'>quarum</span> <span class='ocrx_word' id='word_1_537' title='bbox 2591 4497 2795 4544; x_wconf 90' lang='lat' dir='ltr'>unam,</span> <span class='ocrx_word' id='word_1_538' title='bbox 2845 4480 3091 4534; x_wconf 90' lang='lat' dir='ltr'>minime</span> <span class='ocrx_word' id='word_1_539' title='bbox 3140 4479 3397 4552; x_wconf 88' lang='lat' dir='ltr'>longam,</span> <span class='ocrx_word' id='word_1_540' title='bbox 3448 4478 3550 4533; x_wconf 88' lang='lat' dir='ltr'>sed</span> <span class='ocrx_word' id='word_1_541' title='bbox 3593 4479 3762 4533; x_wconf 88' lang='lat' dir='ltr'>valde</span> 
     </span>
    </p>
   </div>
   <div class='ocr_carea' id='block_1_95' title="bbox 2123 4567 3759 4640">
    <p class='ocr_par' dir='ltr' id='par_1_95' title="bbox 2123 4567 3759 4640">
     <span class='ocr_line' id='line_1_95' title="bbox 2123 4567 3759 4640; baseline -0.001 -16"><span class='ocrx_word' id='word_1_542' title='bbox 2123 4569 2303 4625; x_wconf 90' lang='lat' dir='ltr'>latam</span> <span class='ocrx_word' id='word_1_543' title='bbox 2327 4575 2385 4624; x_wconf 87' lang='lat' dir='ltr'>et</span> <span class='ocrx_word' id='word_1_544' title='bbox 2408 4586 2692 4634; x_wconf 88' lang='lat' dir='ltr'>crassam,</span> <span class='ocrx_word' id='word_1_545' title='bbox 2714 4569 2791 4624; x_wconf 89' lang='lat' dir='ltr'>Th</span> <span class='ocrx_word' id='word_1_546' title='bbox 2803 4569 3388 4640; x_wconf 90' lang='lat' dir='ltr'>eodoro,anagnoste,</span> <span class='ocrx_word' id='word_1_547' title='bbox 3411 4567 3759 4634; x_wconf 89' lang='lat' dir='ltr'>admirante,</span> 
     </span>
    </p>
   </div>
   <div class='ocr_carea' id='block_1_96' title="bbox 371 4655 3763 4729">
    <p class='ocr_par' dir='ltr' id='par_1_96' title="bbox 371 4655 3763 4729">
     <span class='ocr_line' id='line_1_96' title="bbox 371 4655 3763 4729; baseline 0.001 -21"><span class='ocrx_word' id='word_1_548' title='bbox 371 4670 571 4708; x_wconf 89' lang='lat' dir='ltr'>canum</span> <span class='ocrx_word' id='word_1_549' title='bbox 599 4655 1018 4708; x_wconf 80' lang='lat' dir='ltr'>matrimonium</span> <span class='ocrx_word' id='word_1_550' title='bbox 1067 4655 1404 4726; x_wconf 88' lang='lat' dir='ltr'>appellavit,</span> <span class='ocrx_word' id='word_1_551' title='bbox 1461 4672 1529 4710; x_wconf 85' lang='lat' dir='ltr'>ex</span> <span class='ocrx_word' id='word_1_552' title='bbox 1588 4671 1703 4726; x_wconf 89' lang='lat' dir='ltr'>quo</span> <span class='ocrx_word' id='word_1_553' title='bbox 1758 4658 2019 4729; x_wconf 90' lang='lat' dir='ltr'>suscepit</span> <span class='ocrx_word' id='word_1_554' title='bbox 2048 4662 2091 4727; x_wconf 85' lang='lat' dir='ltr'>D</span> <span class='ocrx_word' id='word_1_555' title='bbox 2121 4657 2418 4713; x_wconf 84' lang='lat' dir='ltr'>Himerius</span> <span class='ocrx_word' id='word_1_556' title='bbox 2449 4657 2846 4713; x_wconf 87' lang='lat' dir='ltr'>cbartularius</span> <span class='ocrx_word' id='word_1_557' title='bbox 2879 4658 3120 4729; x_wconf 87' lang='lat' dir='ltr'>rogavit,</span> <span class='ocrx_word' id='word_1_558' title='bbox 3148 4659 3423 4728; x_wconf 89' lang='lat' dir='ltr'>quisnam</span> <span class='ocrx_word' id='word_1_559' title='bbox 3446 4656 3763 4727; x_wconf 87' lang='lat' dir='ltr'>Cynesium</span> 
     </span>
    </p>
   </div>
   <div class='ocr_carea' id='block_1_97' title="bbox 369 4741 2009 4817">
    <p class='ocr_par' dir='ltr' id='par_1_97' title="bbox 369 4741 2009 4817">
     <span class='ocr_line' id='line_1_97' title="bbox 369 4741 2009 4817; baseline 0.002 -20"><span class='ocrx_word' id='word_1_560' title='bbox 369 4741 682 4797; x_wconf 89' lang='lat' dir='ltr'>Pasiclem.</span> <span class='ocrx_word' id='word_1_561' title='bbox 723 4743 877 4797; x_wconf 83' lang='lat' dir='ltr'>Vixit</span> <span class='ocrx_word' id='word_1_562' title='bbox 907 4743 1254 4815; x_wconf 89' lang='lat' dir='ltr'>Olympiade</span> <span class='ocrx_word' id='word_1_563' title='bbox 1311 4745 1498 4798; x_wconf 88' lang='lat' dir='ltr'>CXIII.</span> <span class='ocrx_word' id='word_1_564' title='bbox 1547 4743 2009 4817; x_wconf 90' lang='lat' dir='ltr'>Cognominatus</span> 
     </span>
    </p>
   </div>
   <div class='ocr_carea' id='block_1_98' title="bbox 368 4828 2009 4903">
    <p class='ocr_par' dir='ltr' id='par_1_98' title="bbox 368 4828 2009 4903">
     <span class='ocr_line' id='line_1_98' title="bbox 368 4828 2009 4903; baseline 0.004 -19"><span class='ocrx_word' id='word_1_565' title='bbox 368 4828 830 4902; x_wconf 76' lang='grc' dir='ltr'>Θυρεπανοίκτης,</span> <span class='ocrx_word' id='word_1_566' title='bbox 865 4832 1022 4903; x_wconf 91' lang='lat' dir='ltr'>quod</span> <span class='ocrx_word' id='word_1_567' title='bbox 1055 4833 1115 4886; x_wconf 92' lang='lat' dir='ltr'>in</span> <span class='ocrx_word' id='word_1_568' title='bbox 1146 4833 1402 4903; x_wconf 90' lang='lat' dir='ltr'>cujusvis</span> <span class='ocrx_word' id='word_1_569' title='bbox 1432 4832 1677 4888; x_wconf 89' lang='lat' dir='ltr'>domum</span> <span class='ocrx_word' id='word_1_570' title='bbox 1730 4833 2009 4890; x_wconf 88' lang='lat' dir='ltr'>audacter</span> 
     </span>
    </p>
   </div>
   <div class='ocr_carea' id='block_1_99' title="bbox 365 4919 1670 4992">
    <p class='ocr_par' dir='ltr' id='par_1_99' title="bbox 365 4919 1670 4992">
     <span class='ocr_line' id='line_1_99' title="bbox 365 4919 1670 4992; baseline 0.002 -19"><span class='ocrx_word' id='word_1_571' title='bbox 365 4919 795 4990; x_wconf 89' lang='lat' dir='ltr'>ingrederetur.</span> <span class='ocrx_word' id='word_1_572' title='bbox 826 4920 1071 4991; x_wconf 85' lang='lat' dir='ltr'>Scripsit</span> <span class='ocrx_word' id='word_1_573' title='bbox 1099 4921 1526 4992; x_wconf 89' lang='lat' dir='ltr'>philosophica,</span> <span class='ocrx_word' id='word_1_574' title='bbox 1560 4925 1670 4976; x_wconf 89' lang='lat' dir='ltr'>etc.</span> 
     </span>
    </p>
   </div>
   <div class='ocr_carea' id='block_1_100' title="bbox 437 5002 2013 5083">
    <p class='ocr_par' dir='ltr' id='par_1_100' title="bbox 437 5002 2013 5083">
     <span class='ocr_line' id='line_1_100' title="bbox 437 5002 2013 5083; baseline 0.003 -19"><span class='ocrx_word' id='word_1_575' title='bbox 437 5009 657 5079; x_wconf 87' lang='lat' dir='ltr'>Crates,</span> <span class='ocrx_word' id='word_1_576' title='bbox 681 5002 1030 5065; x_wconf 80' lang='lat' dir='ltr'>Timocratis</span> <span class='ocrx_word' id='word_1_577' title='bbox 1053 5012 1136 5076; x_wconf 94' lang='lat' dir='ltr'>F.,</span> <span class='ocrx_word' id='word_1_578' title='bbox 1154 5011 1440 5078; x_wconf 88' lang='lat' dir='ltr'>Mallotes,</span> <span class='ocrx_word' id='word_1_579' title='bbox 1463 5012 1851 5083; x_wconf 88' lang='lat' dir='ltr'>philosophus</span> <span class='ocrx_word' id='word_1_580' title='bbox 1865 5013 2013 5070; x_wconf 92' lang='lat' dir='ltr'>Stoi-</span> 
     </span>
    </p>
   </div>
   <div class='ocr_carea' id='block_1_101' title="bbox 360 5098 2009 5170">
    <p class='ocr_par' dir='ltr' id='par_1_101' title="bbox 360 5098 2009 5170">
     <span class='ocr_line' id='line_1_101' title="bbox 360 5098 2009 5170; baseline 0.002 -17"><span class='ocrx_word' id='word_1_581' title='bbox 360 5113 485 5165; x_wconf 91' lang='lat' dir='ltr'>cus,</span> <span class='ocrx_word' id='word_1_582' title='bbox 520 5098 974 5170; x_wconf 89' lang='lat' dir='ltr'>cognominatus</span> <span class='ocrx_word' id='word_1_583' title='bbox 1007 5099 1354 5154; x_wconf 87' lang='lat' dir='ltr'>Homericus</span> <span class='ocrx_word' id='word_1_584' title='bbox 1386 5105 1475 5154; x_wconf 91' lang='lat' dir='ltr'>est</span> <span class='ocrx_word' id='word_1_585' title='bbox 1504 5101 1744 5155; x_wconf 90' lang='lat' dir='ltr'>criticus</span> <span class='ocrx_word' id='word_1_586' title='bbox 1771 5101 1844 5156; x_wconf 93' lang='lat' dir='ltr'>ob</span> <span class='ocrx_word' id='word_1_587' title='bbox 1886 5106 2009 5156; x_wconf 90' lang='lat' dir='ltr'>stu-</span> 
     </span>
    </p>
   </div>
   <div class='ocr_carea' id='block_1_102' title="bbox 357 5183 2007 5258">
    <p class='ocr_par' dir='ltr' id='par_1_102' title="bbox 357 5183 2007 5258">
     <span class='ocr_line' id='line_1_102' title="bbox 357 5183 2007 5258; baseline 0.002 -20"><span class='ocrx_word' id='word_1_588' title='bbox 357 5183 521 5239; x_wconf 90' lang='lat' dir='ltr'>dium</span> <span class='ocrx_word' id='word_1_589' title='bbox 553 5185 638 5239; x_wconf 88' lang='lat' dir='ltr'>rei</span> <span class='ocrx_word' id='word_1_590' title='bbox 673 5186 1074 5256; x_wconf 74' lang='lat' dir='ltr'>grammaticaa</span> <span class='ocrx_word' id='word_1_591' title='bbox 1099 5190 1158 5240; x_wconf 91' lang='lat' dir='ltr'>et</span> <span class='ocrx_word' id='word_1_592' title='bbox 1178 5187 1422 5257; x_wconf 73' lang='lat' dir='ltr'>poeticae</span> <span class='ocrx_word' id='word_1_593' title='bbox 1450 5203 1463 5241; x_wconf 93' lang='lat'><em>:</em></span> <span class='ocrx_word' id='word_1_594' title='bbox 1486 5187 1732 5258; x_wconf 67' lang='lat' dir='ltr'>aequalis</span> <span class='ocrx_word' id='word_1_595' title='bbox 1754 5189 2007 5244; x_wconf 87' lang='lat' dir='ltr'>Aristar-</span> 
     </span>
    </p>
   </div>
   <div class='ocr_carea' id='block_1_103' title="bbox 355 5272 2004 5344">
    <p class='ocr_par' dir='ltr' id='par_1_103' title="bbox 355 5272 2004 5344">
     <span class='ocr_line' id='line_1_103' title="bbox 355 5272 2004 5344; baseline 0.003 -18"><span class='ocrx_word' id='word_1_596' title='bbox 355 5272 472 5340; x_wconf 89' lang='lat' dir='ltr'>chi,</span> <span class='ocrx_word' id='word_1_597' title='bbox 505 5274 898 5343; x_wconf 90' lang='lat' dir='ltr'>grammatici,</span> <span class='ocrx_word' id='word_1_598' title='bbox 933 5278 1200 5344; x_wconf 89' lang='lat' dir='ltr'>tempore</span> <span class='ocrx_word' id='word_1_599' title='bbox 1234 5274 1541 5329; x_wconf 69' lang='lat' dir='ltr'>Ptolemaei</span> <span class='ocrx_word' id='word_1_600' title='bbox 1565 5276 2004 5333; x_wconf 91' lang='lat' dir='ltr'>Philometoris.</span> 
     </span>
    </p>
   </div>
   <div class='ocr_carea' id='block_1_104' title="bbox 352 5358 2001 5433">
    <p class='ocr_par' dir='ltr' id='par_1_104' title="bbox 352 5358 2001 5433">
     <span class='ocr_line' id='line_1_104' title="bbox 352 5358 2001 5433; baseline 0.005 -22"><span class='ocrx_word' id='word_1_601' title='bbox 352 5358 600 5430; x_wconf 89' lang='lat' dir='ltr'>Scripsit</span> <span class='ocrx_word' id='word_1_602' title='bbox 629 5363 1019 5416; x_wconf 81' lang='lat' dir='ltr'>correctionem</span> <span class='ocrx_word' id='word_1_603' title='bbox 1050 5362 1244 5417; x_wconf 82' lang='lat' dir='ltr'>Iliadis</span> <span class='ocrx_word' id='word_1_604' title='bbox 1273 5368 1324 5417; x_wconf 84' lang='lat' dir='ltr'>et</span> <span class='ocrx_word' id='word_1_605' title='bbox 1374 5363 1620 5432; x_wconf 68' lang='lat' dir='ltr'>Odyssea:</span> <span class='ocrx_word' id='word_1_606' title='bbox 1670 5364 1826 5419; x_wconf 82' lang='lat' dir='ltr'>libris</span> <span class='ocrx_word' id='word_1_607' title='bbox 1881 5366 2001 5433; x_wconf 87' lang='lat' dir='ltr'>IV;</span> 
     </span>
    </p>
   </div>
   <div class='ocr_carea' id='block_1_105' title="bbox 2119 4745 3761 4812">
    <p class='ocr_par' dir='ltr' id='par_1_105' title="bbox 2119 4745 3761 4812">
     <span class='ocr_line' id='line_1_105' title="bbox 2119 4745 3761 4812; baseline -0.002 -10"><span class='ocrx_word' id='word_1_608' title='bbox 2119 4746 2532 4802; x_wconf 87' lang='lat' dir='ltr'>condidisset?</span> <span class='ocrx_word' id='word_1_609' title='bbox 2563 4753 2685 4799; x_wconf 84' lang='lat' dir='ltr'>tum</span> <span class='ocrx_word' id='word_1_610' title='bbox 2709 4746 2808 4800; x_wconf 92' lang='lat' dir='ltr'>ille</span> <span class='ocrx_word' id='word_1_611' title='bbox 2837 4763 2849 4799; x_wconf 92' lang='lat'>:</span> <span class='ocrx_word' id='word_1_612' title='bbox 2874 4746 3227 4800; x_wconf 87' lang='lat' dir='ltr'>Maximinus</span> <span class='ocrx_word' id='word_1_613' title='bbox 3248 4745 3533 4812; x_wconf 87' lang='lat' dir='ltr'>condidit,</span> <span class='ocrx_word' id='word_1_614' title='bbox 3551 4745 3761 4799; x_wconf 84' lang='lat' dir='ltr'>Aristi-</span> 
     </span>
    </p>
   </div>
   <div class='ocr_carea' id='block_1_106' title="bbox 2119 4834 3760 4903">
    <p class='ocr_par' dir='ltr' id='par_1_106' title="bbox 2119 4834 3760 4903">
     <span class='ocr_line' id='line_1_106' title="bbox 2119 4834 3760 4903; baseline -0.001 -13"><span class='ocrx_word' id='word_1_615' title='bbox 2119 4834 2223 4890; x_wconf 91' lang='lat' dir='ltr'>des</span> <span class='ocrx_word' id='word_1_616' title='bbox 2253 4852 2388 4889; x_wconf 89' lang='lat' dir='ltr'>vero</span> <span class='ocrx_word' id='word_1_617' title='bbox 2419 4834 2730 4889; x_wconf 89' lang='lat' dir='ltr'>dimensus</span> <span class='ocrx_word' id='word_1_618' title='bbox 2760 4839 2867 4890; x_wconf 90' lang='lat' dir='ltr'>est.</span> <span class='ocrx_word' id='word_1_619' title='bbox 2902 4836 3024 4898; x_wconf 91' lang='lat' dir='ltr'>Quo</span> <span class='ocrx_word' id='word_1_620' title='bbox 3057 4834 3235 4898; x_wconf 86' lang='lat' dir='ltr'>dicto,</span> <span class='ocrx_word' id='word_1_621' title='bbox 3271 4839 3482 4903; x_wconf 87' lang='lat' dir='ltr'>statua,</span> <span class='ocrx_word' id='word_1_622' title='bbox 3534 4851 3604 4888; x_wconf 90' lang='lat' dir='ltr'>ex</span> <span class='ocrx_word' id='word_1_623' title='bbox 3643 4834 3760 4888; x_wconf 86' lang='lat' dir='ltr'>alto</span> 
     </span>
    </p>
   </div>
   <div class='ocr_carea' id='block_1_107' title="bbox 2120 4922 3761 4994">
    <p class='ocr_par' dir='ltr' id='par_1_107' title="bbox 2120 4922 3761 4994">
     <span class='ocr_line' id='line_1_107' title="bbox 2120 4922 3761 4994; baseline -0.001 -16"><span class='ocrx_word' id='word_1_624' title='bbox 2120 4923 2382 4994; x_wconf 90' lang='lat' dir='ltr'>delapsa,</span> <span class='ocrx_word' id='word_1_625' title='bbox 2444 4923 2770 4976; x_wconf 87' lang='lat' dir='ltr'>Himerium</span> <span class='ocrx_word' id='word_1_626' title='bbox 2823 4923 3135 4993; x_wconf 86' lang='lat' dir='ltr'>oppressit.</span> <span class='ocrx_word' id='word_1_627' title='bbox 3193 4923 3449 4977; x_wconf 87' lang='lat' dir='ltr'>Joannes</span> <span class='ocrx_word' id='word_1_628' title='bbox 3498 4922 3761 4992; x_wconf 89' lang='lat' dir='ltr'>quidam,</span> 
     </span>
    </p>
   </div>
   <div class='ocr_carea' id='block_1_108' title="bbox 2119 5011 3763 5082">
    <p class='ocr_par' dir='ltr' id='par_1_108' title="bbox 2119 5011 3763 5082">
     <span class='ocr_line' id='line_1_108' title="bbox 2119 5011 3763 5082; baseline 0 -17"><span class='ocrx_word' id='word_1_629' title='bbox 2119 5011 2532 5082; x_wconf 88' lang='lat' dir='ltr'>philosophus,</span> <span class='ocrx_word' id='word_1_630' title='bbox 2568 5025 2630 5065; x_wconf 91' lang='lat' dir='ltr'>se</span> <span class='ocrx_word' id='word_1_631' title='bbox 2661 5011 2970 5082; x_wconf 83' lang='lat' dir='ltr'>scriptum.</span> <span class='ocrx_word' id='word_1_632' title='bbox 3005 5011 3299 5066; x_wconf 85' lang='lat' dir='ltr'>invenisse</span> <span class='ocrx_word' id='word_1_633' title='bbox 3331 5011 3495 5079; x_wconf 89' lang='lat' dir='ltr'>dixit,</span> <span class='ocrx_word' id='word_1_634' title='bbox 3529 5011 3652 5066; x_wconf 86' lang='lat' dir='ltr'>fore</span> <span class='ocrx_word' id='word_1_635' title='bbox 3700 5017 3763 5066; x_wconf 91' lang='lat' dir='ltr'>ut</span> 
     </span>
    </p>
   </div>
   <div class='ocr_carea' id='block_1_109' title="bbox 2118 5099 3766 5172">
    <p class='ocr_par' dir='ltr' id='par_1_109' title="bbox 2118 5099 3766 5172">
     <span class='ocr_line' id='line_1_109' title="bbox 2118 5099 3766 5172; baseline 0 -17"><span class='ocrx_word' id='word_1_636' title='bbox 2118 5099 2190 5155; x_wconf 90' lang='lat' dir='ltr'>ab</span> <span class='ocrx_word' id='word_1_637' title='bbox 2223 5099 2327 5154; x_wconf 87' lang='lat' dir='ltr'>illa</span> <span class='ocrx_word' id='word_1_638' title='bbox 2359 5104 2552 5153; x_wconf 89' lang='lat' dir='ltr'>statua</span> <span class='ocrx_word' id='word_1_639' title='bbox 2581 5099 2777 5154; x_wconf 92' lang='lat' dir='ltr'>clarus</span> <span class='ocrx_word' id='word_1_640' title='bbox 2807 5100 2895 5152; x_wconf 89' lang='lat' dir='ltr'>vir</span> <span class='ocrx_word' id='word_1_641' title='bbox 2925 5100 3380 5170; x_wconf 91' lang='lat' dir='ltr'>opprimeretur.</span> <span class='ocrx_word' id='word_1_642' title='bbox 3406 5102 3609 5172; x_wconf 89' lang='lat' dir='ltr'>Itaque</span> <span class='ocrx_word' id='word_1_643' title='bbox 3637 5101 3766 5155; x_wconf 87' lang='lat' dir='ltr'>Phi-</span> 
     </span>
    </p>
   </div>
   <div class='ocr_carea' id='block_1_110' title="bbox 2116 5188 3504 5260">
    <p class='ocr_par' dir='ltr' id='par_1_110' title="bbox 2116 5188 3504 5260">
     <span class='ocr_line' id='line_1_110' title="bbox 2116 5188 3504 5260; baseline 0.001 -18"><span class='ocrx_word' id='word_1_644' title='bbox 2116 5188 2372 5259; x_wconf 90' lang='lat' dir='ltr'>lippicus</span> <span class='ocrx_word' id='word_1_645' title='bbox 2405 5188 2728 5258; x_wconf 89' lang='lat' dir='ltr'>imperator</span> <span class='ocrx_word' id='word_1_646' title='bbox 2758 5205 2886 5243; x_wconf 90' lang='lat' dir='ltr'>eam</span> <span class='ocrx_word' id='word_1_647' title='bbox 2922 5194 3078 5243; x_wconf 85' lang='lat' dir='ltr'>terra</span> <span class='ocrx_word' id='word_1_648' title='bbox 3109 5188 3277 5242; x_wconf 89' lang='lat' dir='ltr'>obrui</span> <span class='ocrx_word' id='word_1_649' title='bbox 3301 5189 3504 5260; x_wconf 89' lang='lat' dir='ltr'>jussit.</span> 
     </span>
    </p>
   </div>
   <div class='ocr_carea' id='block_1_111' title="bbox 2188 5277 3759 5350">
    <p class='ocr_par' dir='ltr' id='par_1_111' title="bbox 2188 5277 3759 5350">
     <span class='ocr_line' id='line_1_111' title="bbox 2188 5277 3759 5350; baseline 0.003 -20"><span class='ocrx_word' id='word_1_650' title='bbox 2188 5277 2689 5348; x_wconf 85' lang='lat' dir='ltr'>Cynismus,secta</span> <span class='ocrx_word' id='word_1_651' title='bbox 2718 5277 3233 5348; x_wconf 89' lang='lat' dir='ltr'>philosophorum,</span> <span class='ocrx_word' id='word_1_652' title='bbox 3255 5279 3759 5350; x_wconf 88' lang='lat' dir='ltr'>compendiariam</span> 
     </span>
    </p>
   </div>
   <div class='ocr_carea' id='block_1_112' title="bbox 2115 5365 3760 5424">
    <p class='ocr_par' dir='ltr' id='par_1_112' title="bbox 2115 5365 3760 5424">
     <span class='ocr_line' id='line_1_112' title="bbox 2115 5365 3760 5424; baseline 0.001 -3"><span class='ocrx_word' id='word_1_653' title='bbox 2115 5365 2189 5421; x_wconf 91' lang='lat' dir='ltr'>ad</span> <span class='ocrx_word' id='word_1_654' title='bbox 2222 5365 2498 5420; x_wconf 88' lang='lat' dir='ltr'>virtutem</span> <span class='ocrx_word' id='word_1_655' title='bbox 2525 5366 2682 5421; x_wconf 90' lang='lat' dir='ltr'>viam</span> <span class='ocrx_word' id='word_1_656' title='bbox 2708 5383 2769 5422; x_wconf 90' lang='lat' dir='ltr'>se</span> <span class='ocrx_word' id='word_1_657' title='bbox 2801 5365 3033 5421; x_wconf 88' lang='lat' dir='ltr'>tradere</span> <span class='ocrx_word' id='word_1_658' title='bbox 3059 5371 3116 5422; x_wconf 83' lang='lat' dir='ltr'>el;</span> <span class='ocrx_word' id='word_1_659' title='bbox 3143 5367 3470 5424; x_wconf 89' lang='lat' dir='ltr'>secundum</span> <span class='ocrx_word' id='word_1_660' title='bbox 3483 5369 3760 5424; x_wconf 87' lang='lat' dir='ltr'>virtutem</span> 
     </span>
    </p>
   </div>
   <div class='ocr_carea' id='block_1_113' title="bbox 420 5662 3754 5761">
    <p class='ocr_par' dir='ltr' id='par_1_113' title="bbox 420 5662 3754 5761">
     <span class='ocr_line' id='line_1_113' title="bbox 420 5662 3754 5761; baseline -0.001 -17"><span class='ocrx_word' id='word_1_661' title='bbox 420 5689 535 5761; x_wconf 88' lang='lat'>(58)</span> <span class='ocrx_word' id='word_1_662' title='bbox 575 5687 772 5761; x_wconf 72' lang='lat' dir='ltr'>Miror;</span> <span class='ocrx_word' id='word_1_663' title='bbox 805 5685 1130 5761; x_wconf 85' lang='lat' dir='ltr'>ait__Kuster</span> <span class='ocrx_word' id='word_1_664' title='bbox 1158 5691 1280 5742; x_wconf 93' lang='lat' dir='ltr'>not.</span> <span class='ocrx_word' id='word_1_665' title='bbox 1314 5687 1384 5761; x_wconf 66' lang='lat' dir='ltr'>II,</span> <span class='ocrx_word' id='word_1_666' title='bbox 1416 5702 1548 5758; x_wconf 81' lang='lat' dir='ltr'>pag.</span> <span class='ocrx_word' id='word_1_667' title='bbox 1582 5687 1709 5756; x_wconf 85' lang='lat'>350,</span> <span class='ocrx_word' id='word_1_668' title='bbox 1752 5662 1912 5744; x_wconf 85' lang='lat' dir='ltr'>unde</span> <span class='ocrx_word' id='word_1_669' title='bbox 1942 5686 2070 5742; x_wconf 69' lang='lat' dir='ltr'>haec</span> <span class='ocrx_word' id='word_1_670' title='bbox 2100 5684 2330 5742; x_wconf 91' lang='lat' dir='ltr'>Suidas.</span> <span class='ocrx_word' id='word_1_671' title='bbox 2355 5687 2524 5742; x_wconf 88' lang='lat' dir='ltr'>Certe</span> <span class='ocrx_word' id='word_1_672' title='bbox 2556 5704 2627 5744; x_wconf 88' lang='lat' dir='ltr'>ex</span> <span class='ocrx_word' id='word_1_673' title='bbox 2685 5686 2875 5759; x_wconf 91' lang='lat' dir='ltr'>nullo,</span> <span class='ocrx_word' id='word_1_674' title='bbox 2907 5692 2974 5742; x_wconf 92' lang='lat' dir='ltr'>ut</span> <span class='ocrx_word' id='word_1_675' title='bbox 3019 5693 3185 5760; x_wconf 87' lang='lat' dir='ltr'>puto,</span> <span class='ocrx_word' id='word_1_676' title='bbox 3246 5687 3621 5760; x_wconf 89' lang='lat' dir='ltr'>scriptorum,</span> <span class='ocrx_word' id='word_1_677' title='bbox 3655 5687 3754 5758; x_wconf 90' lang='lat' dir='ltr'>qui</span> 
     </span>
    </p>
   </div>
   <div class='ocr_carea' id='block_1_114' title="bbox 349 5756 1510 5838">
    <p class='ocr_par' dir='ltr' id='par_1_114' title="bbox 349 5756 1510 5838">
     <span class='ocr_line' id='line_1_114' title="bbox 349 5756 1510 5838; baseline -0.005 -20"><span class='ocrx_word' id='word_1_678' title='bbox 349 5756 591 5838; x_wconf 82' lang='lat' dir='ltr'>quidem</span> <span class='ocrx_word' id='word_1_679' title='bbox 621 5757 799 5815; x_wconf 89' lang='lat' dir='ltr'>hodie</span> <span class='ocrx_word' id='word_1_680' title='bbox 829 5756 1023 5814; x_wconf 87' lang='lat' dir='ltr'>adhuc</span> <span class='ocrx_word' id='word_1_681' title='bbox 1053 5762 1302 5814; x_wconf 84' lang='lat' dir='ltr'>exstant.</span> <span class='ocrx_word' id='word_1_682' title='bbox 1338 5756 1510 5814; x_wconf 71' lang='lat' dir='ltr'>Hm;</span> 
     </span>
    </p>
   </div>
  </div>
