4128 6308
415 388 570 452 1243

1728 385 1970 452 INDEX
2013 385 2517 451 SCRIPTORUM

3672 394 3833 456 1244

415 526 606 580 vivere
637 526 1064 598 profitentium,
1120 531 1186 583 ut
1239 527 1404 583 fuere
1450 527 1738 600 Diogenes
1779 531 1838 582 et
1884 527 2058 589 Zeno,
2091 520 2147 592 Α
2175 522 2302 578 rius
2329 521 2641 577 Theodosii
2677 520 2818 594 imp.
2853 520 3116 594 iempore
3148 526 3418 580 mortuus
3435 528 3542 580 est.
3578 525 3832 600 Scripsit

415 617 687 684 Citticus,
721 625 832 673 etc.

489 699 741 780 Κύρϐεις,
783 706 997 761 tabulae
1031 707 1444 779 triangulares,
1470 707 1532 762 in
1557 707 1772 778 quibus
1805 707 1963 779 leges
1994 705 2065 761 de

418 797 594 852 rebus
626 797 809 852 sacris
834 797 1182 852 etcivilibus
1218 802 1273 852 et
1304 814 1492 870 pmnae
1525 797 1936 854 maleﬁcorum
1970 799 2066 852 in-

416 887 650 957 scriptae
681 892 888 941 erant:
920 881 1125 954 ἄξονες,
1161 885 1377 942 tabulm
1403 887 1728 958 quadratas,
1763 889 1823 942 in
1848 887 2063 959 quibus

413 976 573 1047 leges
596 976 666 1030 de
691 976 869 1030 rebus
888 976 1154 1048 privatis,
1180 982 1291 1033 etc.
1314 977 1694 1048 Asclepiades
1708 995 1842 1033 vero
1859 977 2059 1043 tradit,

415 1082 514 1121 eas
545 1081 579 1120 a
607 1065 779 1137 Cyrbi
815 1065 1092 1137 quodam,
1137 1067 1237 1137 qui
1273 1068 1703 1122 sacrificiorum
1739 1067 1980 1122 modum
2005 1071 2063 1121 et

410 1155 703 1210 rationem
734 1154 805 1209 ad
840 1160 1032 1210 certas
1083 1155 1242 1228 leges
1291 1162 1684 1223 revocaverat,
1731 1157 2060 1228 appellatas

411 1261 562 1313 esse,
595 1249 660 1299 ut
710 1250 916 1300 auctor
971 1245 1250 1315 Phanias,
1296 1247 1534 1302 Eresius
1585 1247 1692 1319 (ita
1744 1245 1904 1318 leg).
1958 1246 2060 1300 Vel

409 1351 629 1390 nomen
657 1339 1016 1407 acceperunt
1053 1352 1086 1391 a
1119 1335 1570 1408 Corybantibus.
1631 1338 1848 1392 Eorum
1897 1335 2057 1390 enim

403 1426 713 1480 inventum
744 1441 873 1480 esse
896 1425 1128 1497 cyrbes,
1159 1425 1553 1497 Apollodorus
1578 1428 2059 1482 testatur.Abacus

405 1514 780 1586 eratingens,
801 1514 908 1569 viri
925 1514 1357 1586 magnitudine,
1385 1515 1478 1570 cui
1495 1519 1694 1586 aptata
1717 1515 2059 1587 erantligna

405 1603 714 1675 quadrata,
749 1619 878 1674 qum
912 1604 1227 1658 lateralata
1251 1608 1309 1658 et
1329 1603 1662 1660 litterarum
1682 1604 1860 1676 plena
1876 1604 2057 1660 habe-

405 1693 571 1750 bant.
603 1694 892 1764 Utrinque
920 1711 1056 1748 vero
1081 1698 1248 1748 erant
1278 1694 1497 1761 fibulae,
1530 1693 1758 1762 ferreae,
1810 1699 1876 1749 ut
1907 1712 1941 1750 a
1971 1694 2057 1749 le-

406 1783 684 1855 gentibus
713 1784 932 1838 moveri
967 1789 1024 1838 et
1053 1784 1272 1838 versari
1300 1788 1561 1856 possent,
1597 1789 1710 1838 etc.

2173 619 2232 669 et
2261 613 2377 668 alia
2403 614 2612 669 multa.

2244 705 2586 769 Damianus,
2620 703 2928 775 Ephesius,
2965 703 3250 775 SOphista.
3284 705 3357 760 ab
3417 706 3560 779 imp.
3611 709 3821 765 Severo

2171 797 2329 851 inter
2367 796 2644 852 consules
2677 796 2900 850 relatus
2932 801 3021 851 est
3058 801 3116 850 et
3148 797 3436 869 Bithynia:
3468 800 3726 870 praefuit,
3762 807 3824 856 et

2171 888 2486 959 porticum,
2515 905 2647 958 qua:
2678 886 2750 941 ab
2778 886 2923 940 urbe
2955 887 3184 958 Epheso
3216 889 3288 943 ad
3319 890 3605 960 templum
3629 908 3823 964 usque

2171 977 2451 1049 pertinet,
2477 976 2655 1031 tholis
2687 975 2939 1031 ornavit.

2240 1067 2464 1134 Darnis,
2497 1066 2585 1120 vir
2609 1082 2729 1120 non
2761 1065 3060 1132 indoctus,
3094 1070 3351 1121 veterem
3399 1067 3673 1123 incolens
3721 1070 3828 1124 Ni-

2172 1171 2334 1209 num.
2367 1155 2491 1225 Hic,
2525 1155 2681 1226 apud
2712 1154 3094 1226 Apollonium
3125 1157 3823 1228 (Tyanensem)pbiloso-

2169 1244 2543 1316 phatus,ejus
2564 1244 3077 1316 peregrinationes
3093 1243 3497 1316 descripsit,in
3520 1247 3736 1318 quibus
3757 1265 3821 1303 se

2169 1351 2406 1406 quoque
2439 1335 2718 1390 comitem
2735 1334 2864 1406 ejus
2894 1333 3078 1388 fuisse
3113 1333 3319 1389 scribit
3346 1351 3358 1388 :
3391 1335 3653 1407 itemque
3677 1354 3819 1392 sen-

2166 1425 2385 1480 tentias
2417 1429 2476 1480 et
2504 1440 2810 1479 sermones
2854 1428 2913 1478 et
2957 1423 3376 1494 praedictiones
3425 1425 3572 1496 ejus.
3624 1426 3818 1481 Dictio

2166 1515 2315 1586 ejus,
2348 1520 2414 1569 ut
2443 1514 2690 1586 Assyrii,
2723 1512 3042 1568 mediocris
3073 1518 3200 1568 est:
3233 1515 3447 1569 Graacaa
3479 1516 3638 1570 enim
3671 1533 3815 1572 ora-

2165 1604 2343 1659 tionis
2374 1603 2689 1676 elegantia,
2719 1607 2925 1677 utpote
2957 1602 3113 1674 apud
3143 1602 3432 1660 Barbaros
3481 1604 3814 1677 institutus,

2162 1693 2421 1760 carebat,
2449 1699 2562 1748 etc.

2232 1784 2631 1850 Damocritus,
2663 1782 3009 1851 historicus,
3046 1784 3387 1839 Tacticorum
3419 1783 3602 1840 libros
3660 1785 3816 1842 duos

479 1873 803 1944 Cyrenaica
835 1878 994 1942 secta
1023 1872 1264 1928 initium
1297 1872 1464 1927 duxit
1495 1872 1566 1928 ab
1601 1873 1896 1944 Aristippo
1918 1872 2054 1944 phi-
2084 1899 2129 1964 Β
2161 1874 2419 1945 scripsit.
2453 1872 2616 1927 Idem
2647 1873 2715 1926 de
2741 1873 2969 1936 Judzis,
3004 1872 3065 1926 in
3100 1887 3216 1943 quo
3249 1889 3426 1944 Opere
3457 1875 3542 1928 ait
3570 1891 3672 1930 eos
3704 1892 3816 1930 au-

407 1962 680 2034 1050pho.

478 2051 752 2124 Cyrillus,
787 2052 1074 2108 diaconus
1131 2051 1424 2124 Heliopoli
1471 2051 1545 2107 ad
1591 2049 1900 2106 Libanum.
1951 2051 2056 2106 Hic

406 2141 781 2198 Constantini
815 2144 885 2196 M.
922 2141 1292 2213 temporibus
1326 2141 1516 2196 multa
1547 2140 1703 2196 idola
1745 2139 2052 2212 confregit.

405 2232 479 2285 At
505 2230 723 2286 Juliani
757 2235 927 2286 aetate
959 2231 1207 2300 (inimici
1240 2229 1757 2301 Christianorum),
1791 2234 2055 2285 ventrem

409 2319 538 2391 ejus
570 2320 988 2375 dissecuerunt
1015 2326 1071 2375 et
1092 2321 1264 2392 jecus
1296 2319 1704 2391 degustarunt.

481 2411 682 2480 Cyrus,
717 2408 1090 2479 Panopolita,
1151 2413 1346 2480 poeta,
1381 2424 1415 2462 a
1443 2406 1770 2462 Theodosio
1811 2407 2054 2480 juniore

408 2497 722 2571 praefectus
752 2498 1011 2569 praetorii
1071 2503 1129 2552 et
1171 2496 1336 2552 urbis
1375 2501 1608 2552 creatus
1667 2501 1777 2566 est,
1825 2495 2053 2567 fuitque

407 2588 742 2644 consularis
769 2593 827 2642 et
851 2587 1158 2659 patricius.
1211 2589 1353 2643 Nam
1413 2585 1690 2654 Eudocia,
1739 2587 2052 2642 Theodosii

407 2678 860 2749 conjux,amans
890 2693 1160 2748 poeseos,
1181 2677 1394 2749 Cyrum
1417 2677 1480 2731 in
1493 2692 1727 2732 summo
1741 2677 1930 2747 pretio
1948 2677 2055 2733 ha-

405 2766 554 2833 buit,
587 2783 717 2838 qum
751 2783 884 2821 cum
915 2766 986 2821 ab
1017 2765 1154 2821 aula
1203 2765 1508 2821 secederet
1539 2770 1614 2834 et,
1648 2766 1709 2820 in
1751 2765 2054 2822 Orientem

406 2854 691 2927 profecta,
723 2853 1150 2926 Hierosolymis
1181 2859 1671 2922 commoraretur,
1712 2856 1914 2925 Cyrus,
1938 2855 2056 2908 ini-

409 2945 700 3000 micorum
732 2943 969 2999 insidiis
1002 2944 1460 3012 circumventus,
1491 2947 1814 3014 Cotyeeum,
1847 2943 2052 2998 civita-

407 3039 528 3090 tem
559 3035 848 3108 Phrygim,
882 3035 1178 3107 relegatus
1211 3039 1318 3103 est,
1342 3039 1408 3090 ut
1431 3035 1614 3089 sacris
1636 3033 1716 3088 ibi
1749 3039 2051 3105 praeesset,

405 3125 701 3195 vitamque
734 3123 1012 3195 produxit
1039 3141 1226 3195 usque
1274 3124 1343 3178 ad
1390 3123 1644 3178 Leonem
1693 3123 1836 3194 imp.
1885 3122 2049 3178 Conf.

408 3214 644 3269 Reines.
685 3214 850 3268 Varr.
882 3212 1124 3268 Lection.
1164 3212 1269 3267 lib.
1302 3213 1398 3281 ΙΙῐ,
1427 3227 1558 3284 pag.
1585 3214 1708 3281 561,
1739 3216 1798 3268 et
1818 3213 2049 3267 Kuster.

409 3302 482 3358 ad
513 3302 753 3357 Suidam
783 3303 854 3370 II,
883 3319 1014 3375 pag.
1047 3304 1174 3370 402,
1206 3306 1330 3356 not.
1367 3305 1450 3356 10.

484 3481 705 3536 Daedali
737 3496 936 3553 opera.
1000 3482 1076 3536 De
1137 3480 1385 3554 egregiis
1437 3479 1765 3536 artificibus
1813 3479 2050 3550 dicitur,

411 3572 568 3644 quod
601 3572 650 3626 is
689 3572 916 3643 primus
965 3571 1420 3626 simulacrorum
1467 3571 1672 3625 oculos
1720 3571 1954 3641 aperuit
1996 3576 2055 3626 et

412 3662 591 3733 pedes
620 3661 850 3716 diduxit
905 3665 1120 3733 praeter
1177 3660 1582 3732 antiquiorum
1629 3660 2049 3716 statuariorum

404 3751 921 3806 consuetudinem.

479 3842 842 3909 Damascius,
873 3841 1267 3912 philosophus
1299 3839 2049 3912 Staicus,Syrus,Simplicii

405 3935 462 3985 et
490 3931 729 3998 Eulalii,
749 3932 1068 4003 Phrygum,
1100 3930 1344 3996 amicus,
1373 3929 1575 3984 floruit
1595 3930 2050 4001 temporeJusti-

405 4021 592 4076 niani.
628 4020 881 4092 Scripsit
911 4018 1302 4091 ὑπομνήματα,
1335 4021 1753 4074 commentarios
1782 4022 1839 4072 in
1869 4019 2048 4073 Plato-

404 4127 548 4177 nem,
583 4115 636 4163 et
662 4107 786 4180 περὶ
817 4107 1027 4182 ἀρχῶν,
1061 4109 1127 4163 de
1149 4107 1470 4180 principiis,
1499 4113 1558 4162 et
1587 4109 1878 4164 historiam
1904 4109 2046 4178 phi-

407 4197 768 4268 losophicam.

475 4291 799 4358 Damastes,
836 4289 1152 4362 Sigeensis,
1187 4305 1216 4343 e
1248 4289 1438 4362 Sigeo,
1491 4289 1722 4345 civitate
1771 4287 2043 4359 Troadis,

405 4379 676 4452 Dioxippi
710 4380 793 4446 F.,
828 4379 970 4434 vixit
998 4385 1134 4434 ante
1178 4378 1402 4434 bellum
1454 4379 2048 4452 Peloponnesiacum,

407 4470 653 4542 mqualis
685 4469 986 4538 Herodoti,
1018 4469 1196 4524 homo
1230 4468 1564 4524 ditissimus
1597 4474 1654 4523 et
1709 4469 2050 4526 historicus.

403 4560 650 4632 Scripsit
678 4563 754 4615 De
782 4560 942 4614 rebus
984 4561 1042 4614 in
1097 4560 1315 4616 Graecia
1363 4561 1546 4629 gestis.
1603 4563 1679 4616 De
1725 4560 2052 4629 parentibus

2158 1978 2326 2018 reum
2357 1961 2510 2017 asini
2541 1966 2718 2033 caput
2748 1961 3017 2028 adorare,
3051 1966 3110 2016 et
3130 1961 3381 2032 septimo
3404 1979 3814 2034 quoqueanno

2157 2053 2538 2126 peregrinum
2570 2056 2810 2124 captum
2843 2051 3180 2106 sacriﬁcare
3212 2057 3270 2106 et
3291 2051 3648 2122 interficere,
3681 2071 3813 2111 car-

2158 2159 2232 2198 ne
2275 2142 2404 2213 cjus
2436 2142 2775 2196 minutatim
2809 2140 3083 2196 dissecta.

2230 2230 2620 2301 Damophilus
2646 2228 3042 2301 philosophus
3073 2234 3132 2286 et
3150 2230 3416 2302 sophista
3447 2232 3804 2304 (Bithynus),

2158 2319 2441 2375 alumnus
2473 2319 2712 2387 Iuliani,
2747 2320 2846 2389 qui
2877 2319 2984 2374 sub
3017 2321 3207 2376 Marco
3256 2321 3614 2391 imperatore
3665 2338 3808 2376 con-

2159 2407 2251 2463 sul
2283 2409 2414 2463 fuit.
2448 2409 2696 2480 Scripsit
2724 2409 2933 2476 multa,
2967 2409 3123 2462 inter
3153 2426 3284 2480 quae
3312 2409 3372 2464 in
3422 2409 3806 2466 bibliothecis

2158 2497 2284 2553 huic
2315 2515 2348 2553 a
2379 2515 2471 2553 me
2511 2502 2749 2570 reperta
2781 2502 2920 2552 sunt
2954 2515 2965 2552 :
2996 2497 3341 2553 Philobiblus
3363 2498 3805 2572 liberunus(59)

2158 2587 2230 2642 de
2260 2587 2430 2642 libris
2463 2593 2808 2661 comparatu
2840 2587 3032 2660 dignis
3059 2587 3132 2642 ad
3162 2587 3413 2642 Lollium
3459 2590 3800 2658 Maximum,

2157 2674 2279 2749 πιρὶ
2315 2676 2436 2750 βίου
2468 2677 2733 2751 ἀρχαίων,
2767 2677 2833 2732 de
2861 2676 2978 2732 vita
3007 2683 3250 2732 veterum
3283 2682 3343 2732 et
3371 2677 3487 2732 alia
3517 2678 3799 2749 plurima.
3904 2669 3911 2676 ’

2230 2770 2658 2837 Damostratus,
2692 2766 3033 2837 histqricus.
3069 2766 3313 2838 Scripsit
3369 2767 3808 2822 Halieuticorum

2161 2858 2326 2914 libros
2353 2859 2468 2913 XX.
2503 2857 2649 2912 Item
2679 2855 2933 2927 περὶτῆς
2993 2850 3219 2928 ἐνύδρου
3265 2857 3550 2926 μαντικῆς,
3601 2857 3666 2911 de
3720 2858 3808 2912 di-

2157 2947 2443 3003 vinatione
2459 2963 2566 3018 per
2593 2962 2817 3017 aquam,
2852 2950 2910 3001 et
2937 2945 3055 3000 alia
3111 2945 3496 3001 miscellanea
3539 2945 3808 3002 historici

2159 3037 2518 3111 argumenti.

2231 3123 3328 3194 Damoxenus,Atheniensis,comicus.
3353 3125 3432 3180 Ex
3445 3124 3661 3181 fabulis
3677 3127 3806 3198 ejus

2161 3215 2454 3294 σῦντροφοι
2488 3221 2546 3270 et
2583 3213 2770 3268 ἑαυτὸν
2803 3216 3012 3276 πενθῶν
3041 3214 3363 3270 laudantur
3392 3215 3463 3269 ab
3498 3216 3801 3271 Athenmo.

2079 3275 2129 3344 θ
2233 3275 2550 3378 Daphidas,
2573 3304 3010 3372 Telmissensis,
3034 3304 3803 3376 grammaticus,Homerum

2158 3397 2405 3471 ejusque
2417 3395 2626 3467 poesin
2643 3393 2926 3450 mendacii
2941 3394 3399 3466 arguit,negans,
3412 3393 3800 3450 Athenienses

2158 3485 2349 3543 lliacm
2375 3484 2736 3558 expeditioni
2763 3483 3293 3539 interfuisseJdem
3310 3484 3612 3539 oraculum
3628 3485 3800 3542 utde-

2155 3577 2401 3644 rideret,
2435 3593 2504 3630 ex
2535 3576 2745 3647 Pythia
2770 3574 3012 3646 rogavit,
3043 3590 3187 3628 num
3215 3589 3431 3644 equum
3455 3579 3796 3646 reperturus

2157 3665 2357 3721 esset?
2386 3668 2687 3736 Responso
2719 3664 2897 3736 igitur
2917 3663 3073 3728 dato,
3099 3662 3374 3718 celeriter
3403 3668 3796 3734 reperturum,

2155 3756 2376 3827 passim
2403 3753 2665 3826 jactavit,
2690 3769 2912 3824 equum
2944 3769 3005 3807 se
3038 3768 3147 3806 nec
3178 3753 3458 3808 habuisse
3493 3769 3603 3808 nec
3651 3755 3797 3808 ami-

2155 3846 2325 3900 sisse.
2361 3843 2473 3898 Sed
2505 3859 2806 3898 reversum
2850 3841 3100 3906 Attalus,
3133 3859 3259 3908 rex,
3286 3843 3643 3914 prmciditari
3668 3845 3797 3916 jus-

2155 3935 2232 3990 sit
2262 3951 2332 3987 ex
2362 3933 2492 3989 loco
2526 3933 2626 4004 qui
2656 3933 2856 4002 Equus
2889 3931 3321 4003 appellabatur,
3355 3937 3466 3988 etc.

2226 4023 2408 4090 Datis,
2442 4024 2640 4088 Persa,
2676 4037 2809 4076 cum
2851 4023 3046 4076 Graece
3093 4020 3257 4092 loqui
3303 4025 3635 4092 conaretur,
3693 4039 3794 4094 pro

2155 4111 2336 4185 χαίρω
2368 4112 2516 4167 dixit
2541 4114 2837 4185 χαίρομαι,
2862 4111 3128 4183 jungens
3176 4111 3390 4166 verba:
3455 4106 3661 4181 ἥδομαι
3709 4110 3793 4163 καὶ

2153 4200 2422 4276 χαίρομαι
2471 4199 2561 4254 καὶ
2606 4198 2980 4275 εὖφραίνομαι.
3034 4200 3179 4255 Hinc
3226 4200 3520 4256 Datismus
3578 4215 3793 4256 nomen

2156 4292 2403 4363 accepit.
2429 4291 2562 4362 (Pro
2597 4289 2980 4360 solmcismo.)

2228 4381 2459 4449 Decius,
2494 4381 2895 4435 Romanorum
2954 4379 3097 4452 imp.
3159 4379 3414 4451 Philippi
3473 4397 3793 4447 successor,

2158 4470 2349 4526 edicto
2381 4469 2745 4525 Christianos
2778 4469 2954 4523 morti
2988 4468 3233 4538 addixit,
3269 4474 3347 4538 et,
3379 4473 3445 4524 ut
3483 4469 3626 4525 deos
3657 4469 3792 4524 ado-

2158 4565 2382 4625 rarent,
2413 4558 2623 4629 coegit.

402 4655 459 4706 et
483 4650 810 4724 majoribus
845 4665 1071 4718 eorum,
1105 4649 1205 4720 qui
1239 4649 1681 4720 expeditionem
1729 4649 2041 4722 Trojanam

2228 4643 2435 4716 Δηλίου
2465 4638 2847 4717 κολυμϐητοῦ,
2892 4646 3036 4700 Delii
3083 4645 3379 4702 natatoris.
3429 4645 3510 4701 De
3551 4646 3793 4701 obscuro

402 4746 811 4815 susceperunt,
846 4740 1030 4795 libros
1063 4739 1233 4796 duos.
1266 4741 1525 4797 Gentium
1557 4747 1607 4796 et
1636 4739 1856 4794 urbium
1888 4746 2045 4794 cata-

401 4833 604 4902 logum.
641 4837 722 4887 De
744 4834 922 4902 poetis
952 4837 1003 4886 et
1058 4831 1337 4901 sophistis,
1387 4833 1444 4884 et
1493 4829 1610 4886 alia
1655 4828 1862 4886 multa.
1913 4829 2047 4884 Fuit

400 4921 685 4975 Hellanici
720 4919 1071 4992 discipulus.

469 5010 776 5076 Damasus,
810 5009 1123 5080 episcopus
1146 5012 1367 5076 Romae,
1403 5008 1656 5081 eleganti
1679 5008 1743 5063 in
1773 5008 2044 5064 versibus

396 5099 826 5170 componendis
847 5100 1083 5172 ingenio
1115 5099 1421 5171 praeditus,
1446 5100 1831 5171 multaeaque
1844 5098 2045 5156 brevia

398 5189 681 5256 carmina,
719 5194 906 5243 metro
928 5189 1168 5245 heroico
1201 5190 1441 5261 scripta,
1467 5189 1654 5244 edidit
1671 5193 2046 5263 etoctogena-

466 5387 578 5458 (59)
613 5378 984 5455 Φιλόῧιϐλος,
1017 5387 1235 5459 πρῶ-τος
1267 5383 1390 5459 περὶ
1414 5383 1754 5459 ,ἀξίοκτήτων
1783 5380 2036 5459 βιϐλίωνν

397 5456 481 5514 sic
510 5456 571 5529 in
603 5463 763 5529 textu
797 5461 993 5514 Grch
1034 5457 1268 5528 legitur.
1330 5456 1630 5529 Fabricius
1676 5456 1854 5529 igitur
1909 5464 2042 5529 post

395 5523 684 5604 φιλοϐιϐλ.
721 5523 1344 5604 commodepimctum
1377 5527 1555 5593 delet,
1573 5523 1866 5597 vertitque
1889 5523 2042 5604 ἠρῶ-

392 5599 484 5662 ’ξος
517 5604 654 5656 liber
684 5617 842 5656 unus.
879 5599 989 5653 Sed
1026 5601 1254 5665 Kuster,
1289 5615 1466 5670 quem
1520 5606 1802 5669 punctum
1854 5603 2038 5655 offen-

394 5677 553 5729 disse
585 5674 833 5739 videtur,
867 5688 928 5726 se
986 5671 1205 5726 fatetur
1262 5687 1380 5725 non
1436 5671 1652 5737 videre,
1717 5671 1862 5740 quid
1918 5689 2037 5726 voc.

395 5748 611 5818 πρῶτος
642 5744 738 5799 hic
773 5742 883 5801 sibi
913 5741 1071 5797 velit.
1107 5741 1308 5797 Deleto
1334 5741 1515 5814 igitur
1543 5759 1666 5798 voc.
1687 5743 1928 5814 πρῶτος,
1951 5743 2041 5798 lo-

2156 4736 2436 4793 Heracliti
2460 4735 2614 4792 libro
2647 4740 2884 4809 rogatus
2925 4736 3216 4801 Socrates,
3252 4736 3464 4791 Delium
3494 4743 3793 4791 natatorem

2156 4839 2285 4879 esse
2303 4829 2574 4896 oportere
2595 4822 2866 4894 dixit,qui
2884 4823 2946 4877 in
2961 4822 3062 4877 illo
3075 4839 3196 4877 non
3209 4823 3795 4896 submergerctur.ln-

2155 4913 2434 4969 scribitur
2464 4911 2566 4967 ille
2599 4912 2671 4967 ab
2705 4911 2837 4966 aliis
2866 4915 3054 4977 Musa,
3088 4911 3159 4967 ab
3209 4913 3344 4968 aliis
3382 4912 3451 4968 de
3493 4921 3697 4968 natura
3718 4931 3738 4966 :
3763 4928 3795 4966 a

2154 5003 2402 5058 Diodoto
2437 4993 2653 5074 ἀκριϐὲς
2686 4998 2946 5072 οἰάκισμα
2975 4998 3113 5074 πρὸς
3159 5001 3404 5072 στάθμην
3459 4998 3602 5076 βίου,
3653 5010 3793 5057 certa

2151 5091 2279 5146 vitae
2310 5092 2383 5145 ad
2411 5106 2661 5144 normam
2709 5089 3014 5160 dirigenda
3056 5092 3243 5156 ratio;
3295 5090 3366 5144 ab
3417 5090 3552 5146 aliis
3605 5090 3788 5163 γνώμη

2151 5176 2306 5252 ἐθῶν,
2337 5180 2533 5249 regula
2578 5194 2790 5234 morum
2845 5178 2937 5233 vel
2993 5175 3202 5251 κόσμος
3251 5178 3469 5252 τρόπων
3519 5179 3637 5244 hoc
3690 5184 3789 5234 τῶν

2150 5403 2284 5461 cum
2317 5385 2401 5440 sic
2430 5383 2746 5461 legendum
2779 5391 2967 5461 putat_,
3000 5378 3356 5461 φίλόϐςρλος,
3384 5385 3419 5453 ἢ
3445 5385 3785 5459 περὶᾶξιοκτ.

2155 5452 2304 5531 βιϐλ.
2339 5452 2516 5528 atque
2550 5458 2610 5510 in
2643 5452 3144 5532 versioneLa'tina
3174 5457 3338 5512 illam
3373 5452 3539 5514 suam
3563 5452 3788 5532 opinio-

2151 5528 2288 5583 nem
2322 5534 2558 5584 secutus
2589 5528 2820 5584 reddit:
2857 5530 3196 5583 Philobiblus
3225 5533 3336 5582 sive
3365 5532 3429 5584 de
3462 5528 3618 5586 libris
3647 5549 3788 5587 com-

2142 5608 2353 5671 paratu
2383 5601 2585 5675 dignis.
2604 5601 3218 5675 APrmtereaadnotat,
3241 5601 3562 5675 Telephum
3586 5605 3785 5675 Perga-

2149 5670 2392 5747 menum
2424 5678 2482 5726 et
2511 5671 2821 5747 Philonem
2853 5673 3124 5747 Dyblium
3156 5670 3338 5727 libros
3381 5670 3593 5731 similis
3624 5670 3786 5747 argu-

2154 5743 2340 5801 menti
2371 5742 2819 5816 conscripsisse.
2855 5742 3031 5801 ΒΑΜ..
