4136 6316
297 441 457 502 1245

294 575 648 651 ξυμπάντων,
679 579 904 630 ornatus
920 588 1135 628 morum
1163 572 1328 626 unius
1350 568 1594 625 omnium
1623 565 1840 636 Optimi.

1608 431 1710 491 DE
1756 414 2046 500 QUIBUS
2089 417 2394 482 SUIDAS.

3558 405 3717 476 1246

1979 561 2032 625 Α
2066 556 2453 613 nosissimum
2475 555 2534 608 et
2554 551 2863 624 Botryisac
2884 549 3230 607 Philaenidis
3251 549 3718 606 commentarios

379 683 682 752 Demades,
699 674 950 748 Demeae,
976 683 1194 746 nautas,
1220 679 1384 744 F.,ex
1401 689 1670 747 naupego
1693 676 1752 726 et
1778 672 1961 725 nauta
2063 646 2449 752 οδξοωηίῖδξξ
2479 645 2999 752 ευξῐδιιρίξτῗοιξηῖ
3031 640 3308 752 Effci?!“-

307 773 380 830 ad
415 773 652 844 negotia
673 771 822 841 reip.
849 767 1156 824 tractanda
1176 764 1428 820 accessit
1451 769 1508 818 et
1528 765 1736 817 contra
1757 761 1962 814 Demo-

305 864 604 925 sthenem,
638 858 1054 931 Olynthiorum
1086 871 1326 910 causam
1375 856 1669 926 agentem,
1703 847 1870 917 dixit,
1903 849 1962 902 et

303 953 750 1023 Euthycratem,
783 945 1151 1017 Olynthium,
1203 943 1275 998 ab
1310 939 1774 997 Atheniensibus
1795 938 1958 1006 igno-

307 1041 496 1097 minia
519 1042 814 1102 notatum,
848 1035 1086 1090 decreto
1120 1049 1226 1088 suo
1258 1034 1319 1087 in
1351 1032 1648 1103 integrum
1679 1027 1958 1082 restituit.

307 1131 683 1204 Magistratus
733 1133 952 1194 autem,
1005 1142 1038 1180 a
1068 1141 1130 1180 se
1185 1123 1356 1196 gesti,
1415 1123 1675 1178 rationes
1711 1118 1960 1174 reddere

300 1222 510 1294 jussus
537 1219 610 1273 ob
642 1222 868 1272 metum
898 1214 1046 1270 urbe
1091 1214 1391 1280 cessit,nec
1419 1215 1534 1283 ipse
1581 1215 1837 1275 vestrum,
1869 1207 1964 1261 in-

310 1293 442 1381 quit
467 1305 890 1378 (Athenienses),
931 1319 1028 1357 nec
1054 1304 1161 1357 mei
1190 1304 1313 1357 estis
1343 1301 1572 1356 domini.
1606 1295 1852 1369 Scripsit
1888 1293 1964 1350 ad

309 1397 674 1468 Philippum,
729 1393 1040 1463 filiumque
1102 1391 1178 1446 ad
1243 1407 1378 1445 eum
1438 1387 1616 1444 misit.
1650 1388 1963 1441 Decretum

308 1501 546 1558 quoque
593 1481 858 1554 scripsit,
886 1485 953 1536 ut
975 1480 1157 1536 Graeci
1189 1479 1463 1550 Philippo
1479 1479 1777 1549 parerent.
1799 1473 1963 1528 Idem

307 1576 375 1631 in
404 1589 602 1646 pugna
640 1569 1025 1627 Chaeronensi
1081 1572 1287 1640 captus
1336 1571 1444 1622 est.
1508 1565 1798 1620 Dimissus
1826 1578 1962 1617 vero

311 1663 670 1735 legationem
691 1659 1054 1731 captivorum
1083 1657 1273 1729 gratia
1289 1655 1456 1722 obiit,
1481 1671 1629 1726 quos
1655 1651 1963 1722 Philippus

311 1750 559 1804 dimisit.
590 1749 686 1803 Bis
725 1748 1120 1814 decretorum,
1181 1749 1388 1800 contra
1442 1743 1601 1815 leges
1649 1741 1962 1808 factorum,

306 1857 448 1895 reus
478 1842 752 1911 peractus
808 1841 916 1892 est.
946 1837 1153 1905 Remp.
1213 1834 1393 1888 etiam
1456 1832 1563 1887 sub
1629 1827 1962 1884 Alexandro

308 1929 515 2002 gessit.
546 1926 778 1999 [Suidas
810 1925 983 1996 plura
1024 1924 1086 1978 in
1119 1921 1371 1989 duobus,
1404 1926 1471 1976 ut
1499 1921 1582 1975 ita
1610 1919 1824 1985 dicam,
1857 1933 1960 1972 ar-
1992 1933 2039 1998 Β

307 2017 513 2073 ticulis
541 2016 612 2071 de
648 2013 922 2070 Demadis
953 2017 1159 2069 narrat
1187 2011 1422 2083 scriptis
1453 2015 1509 2066 et
1553 2008 1734 2064 trium
1759 2021 1962 2080 perse-

313 2108 518 2180 quitur
551 2105 879 2161 Demadum
918 2099 1292 2174 historiam.]

387 2204 695 2272 Demades,
739 2201 1041 2269 Laciades,
1092 2195 1475 2253 Atheniensis
1525 2199 1746 2262 orator,
1792 2196 1966 2248 natus

314 2311 386 2349 ex
417 2291 665 2346 tibicina
697 2294 756 2344 et
783 2306 818 2345 a
850 2289 1154 2361 superiore
1187 2285 1464 2352 Demade,
1490 2283 1833 2355 demagogo,
1866 2279 1966 2336 ad-

313 2386 571 2454 optatus,
604 2385 774 2451 pater
804 2379 1057 2444 Demeae,
1090 2375 1363 2442 oratoris,
1389 2373 1568 2445 periit
1589 2373 1651 2426 in
1683 2371 1816 2426 lacu
1839 2372 1970 2425 Am-

301 2469 700 2544 phipolitano,
735 2469 798 2524 in
834 2483 1013 2538 quem
1047 2465 1120 2520 ab
1151 2465 1482 2534 Antipatro,
1518 2459 1835 2516 Cassandri
1858 2475 1965 2544 pai-

305 2543 394 2614 tre
429 2562 488 2612 et
514 2553 838 2612 Alexandri
871 2567 1237 2618 successore,
1271 2549 1578 2622 conjectus
1611 2547 1740 2602 fuit.
1775 2543 1963 2616 [Conf.

309 2664 512 2721 supra,
547 2646 663 2701 vol.
700 2644 773 2713 ll,
807 2659 936 2715 pag.
961 2643 1064 2696 868
1097 2658 1226 2712 sqq.
1256 2641 1275 2712 ]

383 2750 738 2817 Demetrius,
772 2743 1148 2803 Phanostrati
1179 2745 1263 2812 F.,
1302 2741 1588 2798 Phalerus
1612 2740 1663 2811 (e
1695 2738 1968 2807 Phalero,

311 2845 488 2916 portu
518 2839 746 2906 Atticm,
773 2836 875 2908 qui
906 2839 1044 2891 ante
1074 2832 1360 2904 Phanus),
1394 2829 1785 2904 philosophus
1807 2827 1970 2883 Peri-

311 2928 630 3003 pateticus,
650 2925 749 2997 qui
771 2922 1204 2996 philosophica,
1224 2916 1849 2988 historica,rhetorica,
1873 2931 1971 2986 po-

311 3019 497 3087 litica,
519 3019 780 3087 itemque
800 3014 872 3070 de
895 3013 1086 3086 poetis
1103 3011 1358 3082 scripsit.
1383 3008 1852 3080 Theophrastum
1873 3020 1973 3060 au-

311 3110 459 3165 divit
485 3111 544 3162 et
574 3109 776 3161 orator
831 3101 1138 3176 popularis
1186 3099 1434 3156 Athenis
1464 3097 1595 3152 fuit.
1631 3096 1713 3153 Ob
1762 3095 1971 3150 formas

310 3197 670 3272 elegantiam
701 3194 764 3248 in
795 3190 1200 3248 adolescentia
1229 3189 1421 3244 dictus
1449 3187 1727 3258 Lampeto
1749 3189 1808 3240 et
1823 3185 1969 3239 Cha-

309 3285 776 3358 ritoblepharus,
810 3285 869 3336 et
898 3280 971 3336 ob
1002 3295 1236 3336 amores
1275 3277 1510 3332 Cleonis
1570 3274 1724 3330 male
1757 3272 1964 3328 audiit.
2005 3287 2048 3355 ρ

314 3376 403 3432 Ad
435 3389 712 3447 magnam
744 3376 952 3443 postea
981 3367 1310 3441 potentiam
1341 3365 1711 3438 gloriamque
1729 3379 1966 3434 provec-

314 3470 442 3520 tum
458 3462 640 3520 invidi
664 3460 892 3518 artibus
919 3463 978 3515 et
1001 3457 1150 3513 dolis
1174 3455 1298 3512 suis
1320 3455 1699 3510 subruerunt.
1725 3450 1973 3507 Athenis

316 3554 498 3625 igitur
525 3551 733 3624 pulsus
783 3549 846 3604 in
893 3550 1204 3621 AZgyptum
1234 3544 1396 3600 venit
1451 3548 1510 3598 et
1561 3541 1718 3614 apud
1775 3540 1972 3596 Ptole-

319 3657 538 3698 meeum
569 3641 829 3694 Soterem
867 3636 1106 3709 degens,
1140 3649 1344 3689 morsu
1372 3631 1599 3704 aspidis
1629 3630 1807 3703 periit
1837 3628 1975 3684 etin

317 3729 671 3804 prmfectura
700 3726 1018 3782 Busiritide
1050 3739 1235 3796 prope
1267 3721 1597 3793 Diospolin,
1648 3720 1710 3774 in
1745 3718 1975 3790 paludi.

327 3822 438 3876 bus
472 3819 667 3888 sitam,
702 3815 968 3888 sepultus
992 3817 1100 3868 est.

397 3918 730 3976 Demetrius
764 3960 780 3986 ,
839 3916 1230 3987 cognomento
1293 3911 1498 3978 Ixion,
1557 3907 1979 3981 grammaticus

329 4009 810 4080 Adramyttenus,
836 4003 1087 4076 Augusti
1119 3999 1486 4072 temporibus
1516 3996 1784 4069 Pergami
1815 3995 1976 4064 vixit,

326 4097 683 4170 scripsitque
705 4095 771 4150 de
794 4093 968 4148 verbis
997 4094 1054 4145 in
1089 4110 1172 4162 μι,
1197 4086 1320 4161 περῖ
1354 4085 1730 4157 ἀντωνυμιῶν,
1761 4085 1826 4139 de
1847 4099 1978 4154 pro-

287 4241 290 4243 .
323 4187 650 4244 nominibus.
687 4186 752 4240 In
783 4185 1077 4238 Homerum
1111 4176 1611 4236 commentarium
1640 4179 1698 4229 et
1723 4176 1780 4228 in
1798 4175 1982 4228 Hesio-

319 4278 472 4334 dum.
504 4276 671 4330 Ixion
701 4273 894 4328 dictus
926 4273 1036 4338 est,
1091 4267 1251 4340 quod
1284 4266 1692 4338 deprehensus
1724 4267 1883 4319 esset
1919 4263 1981 4318 in

319 4367 498 4434 furto,
529 4380 741 4421 aureas
772 4362 1044 4416 bracteas
1088 4356 1391 4413 simulacri
1428 4354 1678 4411 Junonis
1727 4352 1985 4408 Alexan-

323 4457 509 4512 drinas
537 4453 844 4523 subripere
870 4447 1150 4515 conatus;
1173 4445 1286 4516 vel,
1308 4445 1467 4517 quod
1492 4441 1822 4515 Euripedeo
1844 4441 1984 4496 Phi-

322 4547 528 4602 lotimo
567 4545 856 4610 Ixionem,
917 4538 1205 4607 fabulam,
1261 4536 1628 4603 abstulisset,
1677 4533 1789 4602 vel,
1823 4532 1983 4604 quod

2133 734 2526 800 Democritus,
2559 731 2940 804 Hegesistrati
2966 730 3058 784 vel
3087 728 3458 786 Athenocriti
3491 728 3582 782 vel
3613 729 3720 784 Da-

2065 824 2320 896 masippi
2351 824 2434 885 F.,
2470 821 2614 875 vixit
2654 837 2722 875 eo
2757 826 3044 891 tempore,
3073 835 3190 889 quo
3242 819 3530 888 Socrates,
3562 817 3720 874 circa

2067 914 2297 986 Olymp.
2334 911 2584 966 LXXVlI
2615 909 2704 964 vel
2737 910 2939 965 LXXX.
2974 908 3252 963 Abderita
3277 908 3488 975 Thrax,
3520 907 3718 978 philo-

2068 1004 2288 1075 sophus
2319 1007 2378 1056 et
2407 999 2760 1071 discipulus,
2791 1003 2858 1052 ut
2897 997 3138 1069 quidam
3183 996 3445 1063 tradunt,
3477 998 3717 1051 Anaxa-

2067 1109 2220 1167 goras
2253 1096 2310 1147 et
2362 1089 2678 1160 Leucippi:
2739 1087 2884 1157 quin
2929 1087 3131 1150 etiam,
3173 1091 3238 1140 ut
3293 1085 3395 1140 alii
3429 1085 3717 1153 scribunt,

2067 1185 2368 1254 Magorum
2400 1183 2458 1233 et
2481 1177 2895 1232 Chaldaeorum
2932 1176 2994 1230 in
3025 1175 3247 1230 Persia.
3281 1174 3442 1229 Adiit
3471 1174 3630 1229 enim
3662 1179 3722 1229 et

2069 1273 2278 1326 Persas
2300 1274 2358 1324 et
2385 1267 2562 1322 Indos
2586 1271 2643 1320 et
2672 1265 2968 1337 (Egyptios
2995 1270 3054 1320 et
3084 1263 3454 1335 singulorum
3485 1263 3721 1333 sapien-

2072 1357 2216 1413 tiam
2247 1354 2553 1411 addidicit.
2583 1351 2808 1408 Deinde
2837 1352 3081 1406 domum
3110 1366 3402 1417 reversus,
3435 1366 3570 1404 cum
3601 1351 3721 1405 fra-

2069 1447 2258 1503 tribus
2291 1443 2583 1500 Herodoto
2617 1448 2675 1498 et
2715 1442 2988 1497 Damaste
3032 1442 3193 1498 vixit.
3241 1441 3485 1495 Praefuit
3513 1444 3572 1494 et
3600 1439 3720 1494 Ab-

2071 1536 2396 1592 deritarum
2416 1534 2588 1605 reip.,
2620 1533 2721 1604 qui
2740 1532 2932 1587 honor
2960 1537 3202 1603 propter
3224 1531 3577 1602 sapientiam
3599 1528 3714 1601 ipsi

2070 1626 2308 1683 habitus
2319 1625 2450 1681 fuit.
2471 1622 2804 1694 Discipulus
2817 1622 2946 1694 ejus
2960 1622 3210 1677 illustris
3226 1621 3338 1676 fuit
3353 1620 3721 1676 Metrodorus

2071 1716 2269 1784 Chius,
2291 1713 2732 1787 cujusvicissim
2756 1711 3056 1766 auditores
3075 1711 3319 1782 fuerunt
3337 1709 3721 1765 Anaxarchus

2072 1814 2131 1861 et
2151 1806 2533 1877 Hippocrates
2555 1801 2844 1857 medicus.
2870 1801 3031 1856 Idem
3050 1800 3498 1872 cognominatus
3524 1795 3718 1873 Σοφία,

2069 1897 2364 1966 sapientia,
2393 1898 2452 1948 et
2481 1889 2768 1951 Γελασῖνος
2790 1893 2953 1958 risor,
2985 1889 3143 1960 quod
3176 1889 3380 1944 inania
3409 1887 3721 1943 hominum

2071 1984 2267 2040 studia
2295 1982 2488 2038 ridere
2519 1980 2757 2036 soleret.
2791 1979 3042 2034 Genuini
3070 1980 3199 2050 ejus
3230 1978 3367 2033 libri
3403 1981 3544 2032 sunt
3580 1975 3723 2043 duo,

2073 2073 2237 2147 μέγας
2271 2068 2592 2141 διάκοσμος,
2621 2085 2854 2138 magnus
2904 2068 3230 2134 diacosmus,
3267 2072 3324 2121 et
3359 2062 3485 2137 περί
3513 2063 3722 2140 φύσεως

2069 2161 2303 2233 κέσμου,
2335 2161 2400 2215 de
2427 2166 2599 2214 natur
2646 2155 2860 2212 mundi.
2923 2156 3167 2227 Scripsit
3222 2156 3399 2211 etiam
3430 2153 3724 2225 Epistolas.

2071 2251 2334 2306 Athenas
2354 2265 2475 2303 non
2497 2247 2660 2312 adiit,
2685 2252 2796 2301 etc.
2817 2262 2844 2299 e
2865 2247 3101 2300 Laertia.
3127 2244 3293 2298 Morti
3316 2244 3543 2298 vicinus
3566 2241 3726 2297 circa

2069 2337 2672 2410 Thesmophoriorum
2703 2335 2944 2402 festum,
2974 2351 3050 2388 ne
3102 2350 3170 2388 ea
3222 2333 3384 2388 luctu
3410 2329 3525 2387 hoc
3557 2345 3726 2385 soror

2073 2431 2201 2500 ejus
2227 2427 2528 2484 celebrare
2557 2425 2994 2497 prohiberetur,
3023 2423 3275 2494 panibus
3299 2419 3628 2478 calentibus
3651 2419 3725 2474 ad

2073 2535 2248 2575 nares
2279 2517 2534 2573 admotis
2563 2515 2742 2569 vitam
2764 2513 2835 2570 ad
2867 2513 3108 2580 festum,
3138 2528 3327 2584 usque
3353 2510 3650 2586 produxit.

2144 2608 2532 2674 Demodocus,
2557 2611 2783 2661 cantor.

2146 2696 2551 2768 Demophilus,
2577 2695 2888 2766 episcopus
2910 2693 3079 2749 CPol.
3127 2693 3318 2764 rapidi
3343 2692 3589 2764 vagique
3612 2696 3726 2745 tor-

2073 2786 2261 2842 rentis
2291 2785 2484 2840 instar
2511 2783 2837 2854 plurimum
2883 2781 2993 2838 luti
3023 2787 3082 2836 et
3111 2780 3375 2836 sordium
3407 2780 3468 2834 in
3499 2796 3723 2835 sermo-

2074 2877 2252 2933 nibus
2282 2875 2405 2931 suis
2434 2874 2674 2943 vehens,
2714 2877 2852 2938 etc.,
2885 2887 2913 2926 e
2948 2871 3333 2941 Philostorgio.

2147 2965 2597 3032 Demosthenes,
2614 2962 3016 3029 Atheniensis,
3034 2960 3472 3027 Demosthenis,
3506 2958 3728 3030 gladio-

2075 3071 2210 3111 rum
2223 3054 2396 3122 fabri,
2409 3051 2774 3109 etCleobulas
2788 3052 2847 3107 F.
2859 3093 2872 3119 ,
2888 3055 3104 3118 orator,
3126 3049 3345 3122 populo
3361 3049 3635 3104 Pmanien
3645 3048 3726 3102 sis

2077 3145 2178 3216 qui
2203 3144 2430 3215 majore
2471 3141 2778 3213 diligentia
2807 3145 2867 3195 et
2895 3138 3115 3206 studio,
3141 3153 3318 3210 quam
3350 3139 3572 3210 ingenii
3595 3137 3729 3192 feli-

2079 3233 2255 3290 citate
2284 3231 2568 3303 prmditus
2589 3229 2718 3297 fuit,
2751 3233 2817 3284 ut
2846 3233 3052 3284 auctor
3083 3233 3174 3283 est
3203 3228 3578 3298 Hermippus,
3611 3231 3724 3282 etc.

2078 3323 2244 3396 (Vide
2277 3338 2456 3393 supra
2483 3320 2760 3387 Batalus.)
2794 3317 2882 3373 Ad
2915 3317 3177 3373 studium
3221 3316 3578 3388 eloquentia
3599 3316 3731 3370 ani--

2073 3427 2234 3467 mum
2251 3409 2651 3482 appulit,cum
2693 3407 3117 3474 Callistratum,
3139 3422 3245 3477 pro
3273 3405 3504 3477 Oropiis
3523 3404 3731 3459 dicen-

2075 3507 2214 3569 tem,
2238 3501 2502 3556 vidisset.
2534 3499 2764 3555 Audivit
2785 3500 3020 3563 Ismum,
3043 3498 3320 3552 Isocratis
3343 3495 3724 3566 discipulum,

2075 3607 2337 3662 ususque
2378 3594 2468 3645 est
2514 3587 2892 3644 orationibus
2924 3587 3088 3654 Zoili,
3139 3585 3579 3656 Amphipolitze,
3625 3584 3728 3653 qui

2076 3681 2322 3735 Athenis
2354 3677 2758 3749 eloquentiam
2789 3676 3008 3741 docuit,
3042 3675 3304 3745 itemque
3331 3673 3656 3745 Polycratis
3673 3676 3733 3727 et

2079 3765 2508 3822 Alcidamantis
2531 3765 2778 3837 (Gorgia)
2801 3762 3123 3834 discipuli),
3146 3766 3204 3817 et
3224 3762 3411 3832 ipsius
3433 3761 3732 3816 Isocratis.

2078 3855 2146 3908 In
2175 3853 2528 3924 eloquentiae
2562 3852 2758 3908 studio
2785 3851 2976 3906 socios
3006 3849 3214 3904 habuit
3232 3848 3530 3904 Esionem
3557 3849 3735 3903 Athe-

2079 3944 2350 4000 niensem
2370 3943 2886 4013 etTheOpompum
2901 3939 3109 3995 Chium
3127 3938 3571 4010 philosophum.
3587 3941 3736 3992 Prae-

2080 4037 2245 4088 terea
2264 4031 2489 4087 audivit
2511 4030 2864 4086 Eubulidem
2891 4028 3294 4096 dialecticum,
3325 4034 3385 4082 et
3403 4028 3732 4084 Platonem.

2081 4122 2346 4178 Decessit
2375 4122 2437 4175 in
2469 4119 2760 4185 Calabria,
2783 4135 2899 4190 quo
2915 4136 3036 4190 prae
3051 4123 3214 4173 metu
3238 4118 3552 4188 Antipatri,
3579 4117 3733 4188 regis

2079 4210 2455 4274 Macedonius,
2475 4209 2724 4282 fugerat,
2745 4224 2878 4263 cum
2896 4223 3004 4279 per
3028 4206 3330 4275 Archiam,
3354 4206 3733 4273 histrionem,

2078 4301 2131 4355 vi
2164 4298 2601 4356 abstrahendus
2633 4302 2809 4364 esset,
2843 4297 3056 4352 hausto
3087 4296 3149 4350 in
3181 4295 3306 4351 aede
3347 4295 3601 4367 Neptuni
3626 4310 3732 4349 ve-

2081 4404 2260 4457 neno,
2291 4388 2451 4459 quod
2469 4387 2530 4442 in
2550 4386 2772 4442 annulo
2795 4384 3274 4453 circumferebat,
3299 4389 3615 4455 postquam
3646 4382 3734 4437 vi-

2079 4478 2265 4534 xisset
2294 4493 2484 4532 annos
2517 4477 2679 4543 LXII,
2712 4480 2827 4531 etc.
2877 4477 3124 4541 Mortuo,
3157 4479 3352 4528 statua
3377 4472 3642 4541 lAthenis
3670 4472 3732 4526 in

2080 4567 2209 4622 foro
2240 4567 2433 4639 posita
2455 4571 2563 4632 est,
2588 4565 2680 4620 his
2710 4564 2904 4620 verbis
2925 4563 3052 4618 basi
3087 4562 3391 4632 inscriptis
3418 4578 3430 4615 :
3481 4561 3544 4616 Si
3568 4575 3730 4629 pares

321 4653 458 4691 cum
489 4631 854 4722 Aristarcho’
884 4629 1184 4722 magiétm’
1230 4625 1656 4722 °°l1tendi5?°"
1686 4624 1972 4722 inEatuf”
2003 4657 2051 4721 D
2082 4624 2266 4712 animo
2293 4657 2457 4722 vires,
2505 4624 2903 4719 Demosthenes,
2936 4652 3230 4718 habuisses,
3273 4624 3588 4719 numquam
3608 4651 3735 4703 Ma-

320 4725 482 4780 velut
505 4723 672 4781 Ixion
701 4720 982 4777 adversus
1033 4717 1196 4785 deos,
1230 4715 1330 4787 qui
1361 4730 1498 4771 eum
1544 4713 1852 4768 beneficiis
1879 4711 1965 4768 af-

320 4815 609 4870 fecerant.

403 4908 781 4976 Democedes,
802 4902 1214 4978 Calliphontis,
1239 4900 1340 4972 qui
1359 4899 1528 4956 Cnidi
1549 4897 1863 4969 Esculapii
1888 4913 1975 4953 sa-

319 5003 528 5059 cerdos
557 5001 688 5068 fuit,
724 4998 905 5065 filius,
946 4993 1335 5060 Crotoniates,
1367 4991 1584 5064 Eginaa
1627 4994 1816 5046 artem
1846 5004 1975 5045 me-

319 5092 514 5149 dicam
547 5086 814 5145 exercuit
842 5088 903 5140 et
930 5099 1175 5139 uxorem
1224 5081 1410 5137 duxit.
1459 5079 1833 5152 Polycratem
1880 5082 1971 5150 ty-

315 5199 597 5248 rannum,
622 5183 794 5252 pacta
815 5175 1088 5233 mercede
1121 5174 1375 5230 duorum
1395 5171 1778 5243 talentorum,
1801 5185 1974 5225 cura-

317 5275 417 5329 vit.
451 5271 686 5329 Curavit
717 5269 898 5324 etiam
929 5265 1174 5321 Darium
1224 5261 1471 5334 ejusque
1511 5276 1778 5330 uxorem,
1802 5261 1976 5315 Atos-

323 5380 474 5429 sam,
507 5376 614 5432 per
638 5373 817 5430 quam
849 5353 1204 5427 impetravit,
1237 5355 1304 5406 ut
1331 5352 1395 5406 in
1449 5350 1732 5406 Graeciam
1781 5348 1976 5404 redire

317 5452 427 5508 sibi
457 5451 687 5515 liceret,
719 5452 831 5502 etc.
864 5446 977 5515 (Ea:
1005 5440 1322 5513 Herodoto.)
1347 5439 1594 5512 Scripsit
1615 5437 1852 5512 ἰατρικὸν
1889 5436 1976 5511 βι-

327 5519 398 5576 ϐ).
413 5521 510 5589 ίον,
539 5521 758 5574 librum
789 5516 1108 5572 medicum.

405 5615 821 5682 Demochares,
849 5609 1260 5668 Demosthenis
1284 5625 1352 5663 ex
1383 5622 1584 5662 sorore
1607 5624 1810 5678 nepos,
1834 5623 1978 5678 prae-

323 5717 464 5766 tura
485 5712 544 5761 et
563 5703 793 5759 caeteris
806 5700 1132 5756 honoribus
1150 5703 1393 5754 ornatus
1408 5695 1479 5751 ab
1498 5696 1978 5763 Atheniensibus,

320 5804 472 5858 teste
504 5794 747 5868 Polybio
773 5810 789 5863 ;
812 5792 1278 5847 Timaeustamen
1309 5803 1444 5843 eum
1469 5789 1752 5858 tanquam
1774 5785 1980 5841 libidi-

2079 4747 2300 4802 cedones
2337 4747 2505 4800 armis
2534 4744 2800 4800 Greciam
2830 4741 3250 4811 subjungassent

2079 4921 2251 5005 Εῖτξερ
2281 4918 2422 5005 ἵστα,
2443 4916 3285 5005 istiuas-"am.Amemus
3318 4933 3486 5005 εξκκεςν

2156 4984 2372 5050 Οὔκ-στί
2393 4984 2454 5045 at
2482 4984 2772 5060 Ἐλλήῦων
2793 4984 2962 5059 ’ἧρξεν
2985 4984 3164 5063 νἋρης
3197 4984 3484 5043 Μακεδὼν.

2155 5154 2602 5221 Demosthenes,
2635 5151 2858 5219 Mhrax,
2891 5148 3130 5220 scripsit
3154 5150 3550 5220 metaphrasim
3595 5151 3736 5206 Ilia-

2083 5247 2169 5303 dis
2207 5244 2476 5302 oratione
2509 5241 2721 5298 soluta.
2754 5242 3046 5310 Epitomen
3079 5241 3392 5310 Damageti,
3428 5241 3728 5296 Heracleo-

2086 5343 2172 5392 tae.
2198 5338 2272 5390 De
2289 5335 2471 5406 poetis
2500 5331 2934 5401 dithyrambicis.
2968 5329 3365 5400 Metaphrasim
3400 5329 3736 5401 Theogoniaz

2085 5424 2388 5480 Hesiodea.

2160 5513 2348 5585 Δὲρας,
2382 5527 2628 5569 aureum
2649 5509 2832 5565 vellus
2851 5507 3008 5580 quod
3030 5509 3206 5564 Jason
3224 5526 3358 5565 cum
3387 5509 3738 5580 Argonautis

2089 5605 2149 5660 in
2179 5603 2518 5659 Colchidem
2540 5618 2648 5672 per
2678 5599 2987 5653 Ponticum
3019 5615 3179 5653 mare
3201 5600 3520 5673 profectus,
3556 5597 3730 5665 cepit,

2089 5694 2342 5750 abducta
2371 5690 2548 5746 simul
2592 5688 2813 5754 Medea,
2847 5689 3044 5753 A‘letm,
3079 5688 3250 5758 regis,
3285 5688 3428 5751 tilia,
3465 5703 3584 5740 non
3623 5685 3740 5738 fuit

2092 5784 2300 5853 vellus,
2335 5786 2402 5836 ut
2427 5778 2643 5838 fabulae
2672 5777 2891 5842 ferunt,
2924 5774 3028 5830 sed
3065 5769 3278 5849 βιϐλίον
3308 5773 3359 5836 ἐν
3390 5771 3618 5848 δέρμασι
3648 5792 3736 5848 γε·
