4136 6316
488 389 640 451 1947

1788 380 2026 445 INDEX
2076 380 2579 446 SCRIPTORUM

3760 384 3793 443 1
3808 383 3942 442 248

478 521 822 598 γραμμὲνον,
852 520 1007 576 liber
1033 520 1146 592 (60)
1191 520 1255 575 in
1298 516 1662 575 membranis
1706 517 1981 588 scriptus,
2014 514 2119 569 do-
2151 515 2205 581 Α
2237 514 2389 570 libris
2413 518 2513 572 Ill.
2548 518 2677 572 Rem
2704 518 3127 588 Spartanorum.
3163 517 3267 573 Hic
3293 516 3455 571 liber
3479 521 3548 570 ut
3577 519 3936 587 quotannis

482 630 646 681 cens,
681 611 977 684 quomodo
1010 616 1134 666 arte
1161 610 1427 664 chemica
1457 608 1896 663 conﬁciendum
1923 606 2000 660 sit
2019 621 2125 660 au-

483 720 640 761 rum.
674 698 876 758 Merito
907 702 1085 774 igitur
1123 700 1304 772 prisci
1354 699 1571 753 librum
1629 698 1799 753 illum
1845 698 2129 752 vocarunt

483 808 733 849 aureum
764 791 971 857 vellus,
1014 795 1258 862 propter
1286 794 1476 844 artem
1516 785 1875 843 conﬁciendi
1906 786 2035 841 auri
2062 785 2125 840 in

485 899 555 938 eo
586 880 1094 952 comprehensam.

556 971 914 1036 Dexicrates,
953 969 1236 1039 comicus,
1277 966 1678 1033 Atheniensis,
1710 966 1881 1037 cujus
1928 964 2129 1020 fabula

483 1058 570 1134 bcp’
597 1058 797 1112 ἑαυτῶν
828 1054 1206 1128 πλανώμενοι,
1250 1074 1304 1114 se
1332 1060 1475 1128 ipsos
1520 1057 1865 1126 deeipientes,
1901 1070 2126 1110 memo-

481 1153 647 1204 ratur
676 1147 748 1203 ab
776 1148 1059 1203 Athenaeo
1091 1148 1196 1203 lib.
1229 1164 1309 1202 ιιι.

555 1233 758 1304 Δεξιος,
789 1233 877 1288 καὶ
909 1233 1063 1311 φύσει
1104 1231 1450 1308 Θηραμένης.
1501 1234 1918 1300 Theramenes,
1949 1232 2127 1287 homo

483 1326 831 1381 inconstans
862 1330 921 1380 et
969 1325 1222 1396 tempori
1274 1341 1336 1379 se
1390 1321 1803 1393 accomodans,
1847 1321 2129 1393 magister

483 1415 776 1482 Isocratis,
812 1415 968 1470 filius
1001 1414 1288 1487 Agnonis,
1321 1412 1541 1484 populo
1570 1411 1887 1467 Steriensis
1908 1411 1924 1481 (
1949 1426 2129 1481 supra

483 1504 546 1559 in
603 1505 952 1575 Cothurnus).
1006 1505 1153 1558 Eum
1210 1503 1389 1557 trium
1436 1502 1649 1556 horum
1698 1500 2127 1571 suppliciorum

479 1594 652 1649 aiunt
699 1598 1003 1650 auctorem
1050 1592 1344 1664 (Athenis)
1391 1591 1595 1658 fuisse,
1642 1594 1708 1645 ut
1743 1588 2009 1645 damnati
2036 1588 2128 1643 vel

480 1682 731 1738 vinculis
752 1683 964 1755 ligneis
983 1682 1550 1754 constringerentur,
1569 1680 1659 1735 vel
1679 1680 1933 1736 cicutam
1955 1679 2126 1734 bibe-

482 1778 637 1842 rent,
667 1772 759 1828 vel
789 1772 996 1828 exsilio
1018 1772 1432 1830 multarentur.
1464 1772 1705 1827 Videtur
1725 1776 1922 1827 autem
1955 1771 2128 1826 exin-

2236 603 2298 659 in
2329 605 2698 677 Ephororum
2730 607 3006 679 prmtorio
3037 605 3364 677 puberibus
3407 606 3927 662 auscultantibus

2233 692 2547 765 legeretur,
2582 694 2708 767 lege
2741 696 3033 751 sancitum
3062 695 3175 750 fuit
3198 696 3355 767 apud
3388 695 3930 766 Lacedmmonios,

2235 787 2295 838 et
2323 783 2500 857 longo
2534 789 2798 857 tempore
2826 785 3219 840 observatum.

2306 873 2703 939 Dicaearchus,
2751 874 3253 944 Lacedmmonius,
3302 876 3774 947 grammaticus,
3818 892 3935 931 au—

2235 960 2391 1017 ditor
2421 963 2766 1019 Aristarchi.

2308 1053 2709 1126 Dicasogenes,
2743 1054 2843 1126 qui
2876 1054 3187 1125 tragmdias
3217 1059 3277 1109 et
3305 1053 3730 1126 dithyrambos
3760 1058 3936 1111 scri-

2234 1141 2373 1212 psit.

2307 1228 2620 1298 Δικάζεσθοιι
2652 1229 2879 1295 Βίαντος
2917 1235 3012 1286 τοῦ
3046 1232 3326 1305 Πριηνέως
3376 1234 3674 1308 κρείσσων.
3713 1236 3926 1308 Supra

2235 1317 2298 1372 in
2330 1321 2477 1374 Bias.

2305 1408 2524 1481 Dictys,
2573 1410 2914 1478 historicus,
2975 1411 3213 1484 scripsit
3266 1412 3721 1483 Ephemeridam,
3758 1415 3917 1469 item

2233 1514 2439 1566 rerum,
2464 1507 2595 1570 post
2625 1500 2687 1555 id
2733 1507 2941 1572 tempus
2996 1510 3295 1571 gestarum,
3344 1504 3402 1564 in
3455 1518 3567 1572 quo
3616 1506 3920 1558 Homerus

2235 1586 2457 1655 desinit,
2489 1588 2656 1645 libros
2711 1592 2789 1645 1X
2815 1590 3081 1646 oratione
3134 1607 3326 1663 prosa.
3376 1592 3476 1646 Res
3520 1593 3779 1648 Italicas.
3819 1593 3915 1647 Ad

2235 1677 2361 1732 hmo
2390 1676 2634 1752 Τρωϊκὸν
2665 1675 2983 1751 διάκοσμον,
3032 1681 3098 1735 de
3152 1687 3318 1751 raptu
3347 1681 3589 1751 {Helenz
3618 1689 3677 1736 et
3707 1685 3914 1737 Mene-

2236 1766 2324 1822 lao
2345 1768 2654 1824 etomnibus
2676 1768 2918 1824 historia.)
2947 1770 3201 1839 Trojanz
3214 1771 3490 1840 partibus.
3516 1771 3693 1825 Creta
3718 1776 3909 1826 terras

482 1862 614 1918 sula
647 1863 760 1917 Ceo
792 1861 1098 1929 oriundus,
1132 1878 1242 1917 nec
1289 1862 1554 1934 Agnonis
1602 1861 1762 1916 filius
1808 1859 2120 1927 naturalis,
2153 1889 2199 1954 Β
2236 1863 2401 1911 motu
2424 1862 2703 1928 quassata
2741 1862 3004 1929 tempore
3047 1857 3273 1913 Claudii
3333 1858 3501 1930 imp.,
3529 1860 3590 1913 in
3626 1860 3908 1931 sepulcri

478 1951 583 2007 sed
611 1952 920 2023 adoptivus
950 1951 1155 2007 fuisse.
1181 1953 1349 2006 Hunc
1368 1951 1723 2007 Thucidides
1752 1950 1976 2005 laudat.

544 2041 863 2113 Dexippus,
915 2041 1266 2097 Herennius.
1300 2041 1545 2112 Dexippi
1575 2042 1658 2106 F.,
1714 2040 2118 2108 Atheniensis,

473 2129 678 2184 rethor
706 2130 1075 2201 temporibus
1118 2129 1434 2197 Valeriani,
1486 2128 1736 2196 Galleni,
1767 2127 1997 2183 Claudii
2027 2144 2119 2183 se-

474 2218 655 2273 cundi
691 2223 749 2273 et
777 2218 1103 2285 Aureliani,
1138 2219 1562 2289 imperatorum
1594 2219 2016 2272 Romanorum.
2050 2218 2113 2273 V.

470 2307 704 2361 Kusteri
731 2311 852 2361 not.
886 2310 940 2374 7,
972 2312 1113 2361 tom.
1146 2308 1191 2372 Ι,
1223 2323 1279 2377 p.
1315 2308 1437 2360 524.

543 2394 862 2466 Dexippus,
878 2396 1051 2462 Cous,
1066 2395 1353 2461 medicus,
1379 2394 1750 2465 Hippocratis
1763 2394 2114 2466 discipulus,

473 2483 596 2555 qui,
630 2484 949 2539 arcessitus
976 2483 1047 2538 ab
1079 2485 1465 2549 Hecatomno,
1498 2484 1710 2538 Carum
1739 2499 1898 2555 rege,
1930 2489 1996 2538 ut
2025 2486 2117 2555 ip-

472 2572 595 2628 sius
654 2572 830 2637 lilios,
882 2572 1205 2627 Mausolum
1264 2577 1321 2627 et
1366 2572 1743 2640 Pixodarum,
1803 2573 2113 2645 desperato

472 2661 681 2718 morbo
712 2662 1073 2731 laborantes,
1105 2666 1358 2727 curaret,
1391 2678 1492 2717 eos
1523 2678 1594 2717 ea
1643 2662 1984 2717 conditione
2019 2679 2111 2719 sa-

468 2752 647 2820 navit,
681 2755 748 2806 ut
776 2751 1020 2818 bellum,
1045 2750 1201 2822 quod
1226 2755 1366 2806 tunc
1386 2750 1664 2806 adversus
1688 2752 1836 2806 Coos
1868 2751 2116 2823 parabat

469 2840 788 2896 omitteret.
824 2841 1069 2912 Scripsit
1099 2841 1174 2895 De
1202 2856 1261 2896 re
1289 2841 1502 2896 medica
1555 2840 1774 2896 librum
1804 2857 2013 2912 unum,
2054 2846 2114 2896 et

465 2930 542 2984 De
562 2930 1093 3000 praecognitionibus
1123 2929 1291 2985 duos.

535 3016 868 3093 Διαγνώμων
900 3016 1197 3092 αὐτοφυὴς,
1229 3019 1358 3090 ipso
1390 3023 1617 3075 natura;
1665 3018 1953 3075 instinctu
1984 3018 2109 3075 dis-

464 3124 710 3163 cernere
741 3108 943 3163 valens
970 3108 1232 3163 animata
1262 3107 1582 3163 simulacra
1622 3124 1657 3163 a
1682 3108 1869 3164 cassis
1899 3113 1959 3164 et
1985 3124 2107 3164 nu-

2228 1944 2540 2015 cujusdam
2571 1946 2736 2001 hiatu
2767 1963 2914 2018 opus
2959 1946 3308 2001 historicum
3341 1947 3558 2017 Dictyis
3597 1947 3670 2002 de
3732 1948 3905 2003 bello

2227 2033 2477 2104 Trojano
2517 2039 2817 2104 repertum
2847 2033 2977 2100 fuit,
3010 2032 3169 2103 quod
3201 2031 3480 2087 Claudius
3541 2050 3674 2087 cum
3716 2050 3902 2089 acce-

2225 2120 2432 2192 pisset,
2476 2120 2933 2176 describendum
2957 2120 3201 2176 curavit.
3236 2119 3434 2192 [Conf.
3481 2121 3728 2175 Kusteri
3762 2129 3897 2176 not.

2224 2207 2277 2278 4,
2311 2226 2440 2281 pag.
2475 2210 2647 2279 590.]

2296 2292 2661 2356 Διδάσκαλους
2692 2297 3071 2369 peculiariter
3091 2303 3300 2353 vocant
3319 2303 3524 2369 poetas
3548 2297 3894 2370 dithyram-

2221 2384 2389 2441 bicos
2415 2385 2507 2440 vel
2537 2387 2797 2441 comicos
2829 2386 2917 2441 vel
2951 2386 3224 2457 tragicos.

2293 2475 2597 2546 Dydimus,
2630 2475 2833 2530 Ateius
2868 2474 2958 2530 vel
2990 2475 3207 2542 Attius,
3235 2474 3629 2547 phi1050phus
3660 2476 3890 2531 acade-

2221 2564 2458 2631 micus,
2519 2564 2757 2636 scripsit
2802 2567 3039 2625 πιθανῶν
3098 2563 3190 2617 καὶ
3255 2574 3609 2638 σοφισμάτων
3671 2561 3888 2626 λύσεις.

2212 2653 2590 2722 probabilium
2639 2659 2691 2707 et
2736 2653 3133 2722 sophismatum
3178 2652 3475 2707 solutiones
3524 2653 3677 2707 libris
3705 2653 3790 2719 Π,
3824 2658 3885 2707 et

2219 2740 2339 2797 alia
2367 2741 2576 2796 multa.

2290 2827 2594 2901 Didymus,
2628 2827 2884 2900 Didymi,
2916 2828 3376 2894 salsamentarii,
3404 2826 3879 2895 Alexandrinus,

2216 2917 2638 2990 grammaticus
2686 2917 3119 2988 Aristarcheus,
3170 2918 3270 2989 qui
3301 2917 3445 2972 vixit
3500 2917 3877 2989 temporibus

2215 3007 2458 3061 Antonii
2492 3012 2550 3061 et
2577 3007 2875 3062 Ciceronis
2904 3023 3096 3078 usque
3126 3006 3199 3062 ad
3226 3008 3576 3078 Augustum.
3609 3007 3877 3062 Chalcen-

2216 3096 2404 3151 therus
2432 3101 2669 3151 vocatus
2700 3101 2941 3167 propter
2981 3095 3413 3165 assiduitatem,
3456 3111 3574 3166 qua
3602 3095 3666 3150 in
3699 3096 3872 3152 libris

460 3198 623 3253 mine
663 3198 964 3265 inanibus,
1012 3199 1303 3253 Heraiscus
1337 3236 1352 3252 ,
1411 3195 1625 3251 Confer
1675 3197 1737 3252 in
1790 3195 2106 3272 Ἐπιφάνιος
2148 3231 2192 3299 G
2219 3184 2484 3259 legendis
2516 3190 2575 3240 et
2597 3184 2947 3257 [scribendis
2978 3190 3066 3240 est
3096 3202 3258 3241 usus.
3303 3185 3486 3239 Aiunt
3515 3185 3698 3251 enim,
3732 3202 3871 3241 eum

460 3284 527 3299 π’
632 3283 643 3299 ι
799 3286 861 3299 ιη
936 3282 958 3299 1
1125 3287 1167 3299 ι.
1202 3288 1239 3299 τι
1434 3288 1445 3299 .
1483 3286 1495 3299 ι
2218 3274 2371 3299 -.ιι-ιιι
2410 3275 2617 3299 ιιιιιιη
2651 3273 2831 3299 HL---
2866 3273 3285 3299 -A---_:--:-_-
3342 3273 3745 3299 n......-..-...l-
3785 3279 3871 3299 --ι

458 3283 772 3359 Εὖπρέπιῠς
799 3282 1088 3354 Ἦραΐσκος
1119 3287 1167 3356 (ὁ
1193 3286 1520 3356 Damascio).

532 3376 831 3447 Diagoras,
850 3373 1161 3429 Teleclidaa
1180 3374 1272 3429 vel
1288 3375 1567 3447 Teleclyti
1592 3375 1675 3441 F.,
1701 3375 1906 3430 Melius
1922 3375 2112 3447 philo-

463 3463 707 3535 sophius
733 3468 792 3517 et
820 3460 1074 3533 ᾀσμάτων
1126 3462 1385 3532 ποιητὴς,
1420 3464 1786 3519 canticorum
1834 3465 2107 3536 scriptor,

460 3568 662 3624 quem,
695 3569 829 3607 cum
878 3568 1078 3607 servus
1127 3559 1303 3620 esset,
1365 3554 1755 3619 Democritus,
1806 3554 2106 3622 Abderita,

462 3642 693 3715 egregio
718 3643 955 3715 ingenio
978 3642 1292 3715 praeditum
1313 3660 1586 3711 cernens,
1613 3643 1818 3700 decem
1841 3644 2108 3702 millibus

463 3732 879 3789 drachmarum
910 3734 1056 3789 emit
1086 3738 1144 3789 et
1171 3735 1233 3789 in
1264 3734 1691 3806 discipulorum
1732 3752 1976 3791 suorum
1997 3753 2111 3792 nu-

460 3840 691 3879 merum
733 3824 975 3894 recepit.
1012 3823 1115 3878 Hic
1146 3840 1388 3895 operam
1420 3822 1585 3879 dedit
1615 3825 1794 3879 etiam
1824 3825 1989 3896 poesi
2020 3824 2107 3897 ly-

460 3913 622 3983 ricas,
654 3913 909 3968 Pindaro
943 3917 1002 3966 et
1043 3913 1379 3983 Bacchylidi
1420 3912 1690 3984 aaqualis,
1731 3919 1799 3969 ut
1827 3913 2111 3985 Menalip-

460 4003 597 4074 pide
627 4003 949 4073 antiquior,
985 4002 1188 4058 ﬂoruit
1219 4003 1449 4075 Olymp.
1485 4004 1770 4058 LXXVIII.
1798 4005 2109 4076 Cognomi-

461 4098 637 4147 natus
661 4097 751 4146 est
779 4093 1022 4159 Atheus,
1042 4094 1327 4163 quoniam
1349 4093 1410 4147 in
1428 4093 1776 4163 opinionem
1808 4093 2111 4165 negando-

457 4195 592 4236 rum
615 4180 859 4235 deorum
872 4180 1099 4249 incidit,
1113 4197 1185 4236 ex
1197 4199 1312 4253 quo
1327 4182 1575 4237 aamulus
1596 4181 2112 4255 quidammeanem

465 4270 580 4342 ipsi
602 4269 757 4325 furto
807 4269 1150 4339 abstulerat,
1179 4276 1235 4326 et
1274 4271 1567 4342 pejeranti
1584 4289 1705 4328 non
1744 4272 2113 4341 fecisse,nec

464 4360 653 4415 multo
682 4363 816 4431 post
834 4359 1070 4430 publice
1093 4360 1362 4417 eumdem
1383 4359 1709 4431 proferenti
1729 4362 1932 4417 omnia
1960 4361 2112 4416 bene

470 4454 791 4507 cesserant.
819 4450 936 4504 Hoc
960 4449 1169 4505 dolens
1191 4450 1468 4521 Diagoras
1482 4450 1723 4522 scripsit
1735 4448 1861 4510 τοὺς
1874 4450 2115 4523 ἀποπυρ-

464 4539 713 4615 γίζοντας
745 4535 964 4611 λόγους,
989 4538 1154 4594 velut
1170 4539 1236 4594 de
1265 4542 1409 4594 turri
1434 4541 1842 4610 praecipitantes
1866 4538 2106 4608 dixeris,

466 4628 893 4684 discessionem
942 4627 1128 4699 ipsius
1150 4644 1184 4683 a
1213 4628 1512 4684 sententia
1540 4645 1766 4699 eorum,
1816 4629 1916 4699 qui
1948 4629 2108 4686 “deos

464 4717 734 4784 credunt,
757 4715 1150 4771 continentes.
1175 4718 1315 4771 Post
1342 4722 1576 4788 captam
1606 4716 1820 4773 Melum
1859 4717 2106 4772 Athenis

463 4804 769 4873 habitavit,
802 4804 901 4859 ubi
936 4805 1353 4875 mysteriorum
1407 4811 1879 4877 contemptorem
1929 4806 2106 4860 Athe-

462 4895 706 4950 nienses
724 4894 1221 4966 proscripserunt,
1242 4896 1436 4967 eique,
1466 4895 1568 4966 qui
1585 4894 1896 4968 Diagoram
1923 4896 2104 4950 inter-

455 4983 717 5052 fecisset,
733 4984 1045 5052 talentum,
1060 4985 1163 5056 qui
1178 4984 1369 5040 vivum
1385 4985 1747 5053 adduxisset,
1766 4983 2108 5040 binatalen-

460 5079 521 5128 ta
551 5074 971 5143 promiserunt.
1006 5075 1273 5146 Denique
1304 5077 1482 5131 vitam
1515 5075 1671 5131 finiit
1699 5075 1986 5130 Corinthi.

532 5162 926 5228 Dicmarchus,
962 5163 1184 5218 Phidia)
1214 5165 1301 5231 E.,
1327 5163 1559 5219 Siculus
1578 5164 1924 5232 Messenius,
1944 5163 2105 5219 Aris-

460 5248 659 5304 totelis
708 5250 961 5313 auditor,
1002 5251 1415 5323 phiIOSOphus,
1466 5258 1665 5308 orator
1698 5258 1757 5307 et
1782 5259 2102 5326 geometra.

461 5337 709 5409 Scripsit
767 5340 1218 5412 καταμετρήσεις,
1289 5342 1651 5398 dimensiones
1703 5346 1971 5398 montium
2010 5345 2108 5414 qui

459 5434 587 5485 sunt
614 5430 673 5482 in
700 5429 1108 5498 Peloponneso;
1155 5425 1424 5491 Ἑλλάδος
1470 5428 1606 5503 βίον,
1662 5433 1843 5489 Vitam
1874 5434 2108 5490 Graeciae

535 5608 645 5681 (60)
675 5605 1165 5681 Eusthatiushad‘
1184 5606 1454 5681 Dionysii
1489 5609 1840 5681 Aperiegesin
1867 5626 1920 5664 v.
1979 5611 2103 5668 689.

459 5679 516 5731 Ὀ
542 5673 725 5767 ’Χάρςιξ
755 5678 817 5733 τὸ
847 5679 1085 5767 χρυῇοὖν
1143 5673 1317 5767 δέρμέι
1346 5673 1576 5767 pleoqu
1610 5673 1746 5767 εἷνῖαι
1784 5677 1933 5767 λέγεέ
1965 5699 2107 5767 χευ-

460 5742 753 5829 σογραὶρίάς
778 5793 797 5824 ,
851 5742 1212 5825 ’βεμϐράναιξ
1242 5742 1819 5828 ’ἐμᾶηριελημμένηη
1862 5742 1874 5755 ’
1904 5742 2103 5825 δι’Ἶῆν,

2218 3274 2377 3329 ultra
2409 3275 2618 3328 MMMD
2648 3273 2833 3329 libros
2863 3273 3309 3345 conscripsisse.
3342 3273 3751 3344 Comparanda
3780 3279 3874 3330 est

2219 3363 2452 3418 Kusteri
2483 3368 2624 3418 nota
2646 3363 2702 3431 2,
2735 3368 2877 3418 tom.
2911 3363 2982 3433 ll,
3014 3378 3145 3435 pag.
3176 3363 3303 3418 5⁸74.

2290 3451 2575 3523 Didymus
2628 3452 2855 3525 junior,
2930 3451 3362 3507 Alexandrinus
3420 3452 3869 3523 grammaticus,

2219 3541 2319 3613 qui
2351 3543 2550 3596 Romae
2598 3538 2990 3615 ἐσοφίστευσεν,
3025 3541 3143 3595 sive
3192 3540 3593 3610 eloquentiam
3642 3541 3866 3597 docuit.

2219 3630 2467 3701 Scripsit
2493 3628 2711 3701 πιθανὰ,
2744 3630 3062 3700 probabilia
3107 3630 3218 3701 (6t)
3250 3636 3309 3683 et
3332 3629 3449 3684 alia
3478 3628 3735 3700 plurima
3758 3646 3867 3685 ea-

2219 3735 2333 3791 que
2364 3720 2608 3791 optima.

2290 3811 2570 3867 Claudius
2613 3811 2917 3883 Didymus,
2968 3810 3411 3882 grammaticus,
3475 3811 3713 3882 scripsit
3739 3811 3864 3883 περὶ

2217 3904 2324 3953 τῶν
2357 3897 2767 3974 ἡμαρτημένων
2825 3896 2971 3973 παρὰ
3019 3898 3119 3965 τήν
3179 3896 3478 3972 ἀναλογίαν
3535 3895 3861 3973 Θουκυδίδῃ,

2218 3990 2283 4044 de
2308 3992 2396 4057 iis,
2428 4005 2551 4059 qua:
2566 3995 2775 4059 prater
2812 3988 3126 4057 analogiam
3155 4004 3191 4042 a
3221 3987 3539 4057 Thucydide
3570 4005 3863 4058 perperam

2219 4078 2370 4133 dicta
2399 4084 2544 4133 sunt.
2584 4075 2713 4149 Περὶ
2759 4081 2859 4144 τῆς
2908 4076 3056 4151 ποιρᾶ
3101 4075 3399 4147 Ῥωμαίοις
3436 4072 3752 4151 ἀναλογίας,
3796 4079 3861 4134 de

2219 4168 2485 4237 analogia
2537 4170 2881 4223 Latinorum.
2938 4167 3231 4236 Epitomen
3271 4165 3623 4221 Heracleonis
3665 4173 3715 4221 et
3751 4168 3861 4222 alia

2219 4258 2491 4329 quaedam.

2293 4348 2603 4420 Didymus,
2630 4346 2953 4402 Heraclidas
2983 4347 3068 4412 F.,
3102 4345 3545 4418 grammaticus,
3577 4346 3677 4416 qui
3708 4346 3858 4417 apud

2222 4439 2515 4493 Neronem
2538 4436 2700 4503 vixit,
2727 4441 2785 4490 et
2804 4452 3049 4508 magnas
3071 4434 3306 4490 divitias
3335 4434 3446 4489 sibi
3477 4437 3852 4505 comparavit,

2224 4530 2285 4581 et
2309 4524 2572 4581 musicus
2602 4524 2769 4579 valde
2801 4524 3051 4596 insignis
3080 4523 3193 4578 fuit
3219 4529 3279 4578 et
3307 4521 3443 4597 πρὸς
3476 4520 3617 4595 μέλη
3648 4525 3722 4579 ad
3745 4541 3854 4579 car-

2139 4586 2188 4650 D
2217 4617 2367 4671 mina
2395 4614 2760 4684 componenda
2788 4586 2970 4684 aptus.

2288 4702 2596 4775 Didymus,
2654 4701 3110 4770 Alexandrinus,
3170 4699 3244 4755 de
3292 4701 3516 4758 rustica
3544 4701 3735 4758 libros
3766 4704 3850 4757 XV

2217 4792 2474 4863 scripsit.

2287 4881 2605 4953 Apostolus
2626 4881 2877 4936 Thomas
2919 4878 3367 4952 cognominatus
3395 4880 3574 4936 etiam
3620 4880 3734 4936 fuit
3760 4883 3850 4937 Di-

2218 4971 2451 5044 dymus.

2291 5056 2633 5131 Διεεοδικούς
2688 5058 3014 5114 Rhetorica
3071 5057 3408 5113 differentia
3454 5075 3489 5113 a
3530 5058 3852 5126 dialectica,

2219 5169 2291 5207 ex
2320 5150 2651 5206 Alexandro
2682 5146 3130 5218 Aphrodisiensi
3167 5151 3180 5215 (
3209 5147 3269 5201 in
3299 5148 3324 5200 Ι
3361 5147 3650 5219 Topicor.)

2289 5235 2600 5311 Δίγλωσσος
2650 5234 3026 5301 Anacharsis,
3059 5234 3291 5304 Scytha,
3340 5239 3402 5288 at
3429 5240 3619 5290 matre
3665 5237 3855 5293 Grmca

2217 5333 2414 5395 natus,
2448 5333 2506 5382 et
2533 5325 2665 5381 ideo
2722 5323 3027 5395 bilinguis,
3060 5324 3165 5394 qui
3194 5323 3374 5378 etiam
3431 5324 3663 5395 Scythis
3702 5325 3853 5398 leges

2214 5417 2369 5474 tulit.

2213 5612 2290 5694 ᾡς
2322 5610 2490 5694 λόγομ
2519 5610 2668 5681 ἀξίαν
2697 5610 2800 5680 τὴν
2834 5612 2937 5676 τῆς
2992 5607 3227 5681 Ἀργους
3284 5610 3699 5683 κπαρτισθῆναι
3730 5610 3850 5665 στό-

2215 5684 2561 5830 Λοίὸῗῖὶὲὧο
2588 5756 2675 5831 DY
2677 5753 2822 5815 dimi
2851 5751 3006 5815 Ateii
3029 5750 3303 5810 videntur
3330 5751 3535 5810 fuisse.
