4136 6316
492 312 643 377 1251

1796 305 2031 366 INDEX
2077 303 2574 368 SCRIPTORUM

3768 298 3962 364 1253

493 444 738 514 Dionysi,
769 443 987 513 inquit,
1019 433 1252 512 ἀμοιϐαὶ
1281 437 1436 493 Θιίων
1465 437 1823 512 πραγμάτων,
1847 440 1988 496 vices
2008 444 2130 494 sunt

2318 437 2656 509 Dionysius,
2711 435 3074 500 Corinthius,
3135 438 3310 507 poeta
3378 433 3612 505 epicus.
3671 432 3964 503 Scripsit

491 549 675 588 rerum
701 533 1040 586 divinarum.
1061 530 1165 584 Cui
1189 529 1503 599 Dionysius
1526 545 1538 594 ;
1563 529 1628 582 ‘Il
1661 526 1724 581 τὸ
1758 531 1900 588 θεῖον
1921 525 2147 601 πάσχει,

493 619 529 688 ἢ
561 624 641 691 τῷ
670 620 937 673 πάσιοντι
966 620 1298 690 συμπάσχει.
1334 617 1431 671 Vel
1453 620 1592 671 Deus
1615 619 1852 686 patitur,
1889 617 1972 671 vel
1995 633 2143 671 com-

484 711 711 780 patitur
741 725 862 764 cum
895 710 1164 777 patiente.
1201 706 1448 778 Scripsit
1504 705 1822 776 Dionysius
1845 705 1919 760 ad
1948 706 2143 760 Timo-

491 798 716 863 theum,
751 797 916 851 Pauli
941 795 1298 867 discipulum
1331 801 1389 849 et
1419 795 1764 866 episcopum
1798 795 2035 866 Ephesi,
2069 796 2145 848 De

494 887 697 942 divinis
725 885 1041 940 nominibus
1093 885 1259 939 libros
1291 886 1393 939 XII
1447 884 1589 955 (imo
1623 884 1838 954 capita,
1889 899 2144 955 quorum

494 974 699 1029 titulos
732 973 1014 1044 deinceps
1029 973 1119 1027 bis
1138 973 1346 1027 Suidas
1367 973 1887 1038 recenset,omisso
1909 971 2141 1027 decimo

493 1064 667 1118 tertio
692 1061 813 1136 περὶ
846 1061 1058 1114 τελείου
1073 1059 1161 1114 καὶ
1182 1059 1379 1132 ἑνός).‹ί
1406 1063 1484 1116 De
1504 1062 1907 1118 ecclesiastica
1922 1062 2142 1119 bierar-

489 1151 884 1220 «chia,capita
906 1150 1107 1204 XV.De
1126 1148 1349 1204 cwlesti
1370 1149 1930 1220 hierarchia,capita
1949 1148 2142 1215 XV,»a

494 1255 611 1310 quo
643 1237 799 1293 male
832 1242 1116 1307 tanquam
1174 1235 1520 1290 distinctum
1554 1235 1734 1290 refert
1786 1234 1994 1291 Suidas
2016 1233 2141 1308 περὶ

496 1329 601 1379 τῶν
654 1321 920 1400 οὐρανίων
979 1321 1267 1398 ταγμάτων
1326 1320 1416 1375 καὶ
1473 1322 1574 1376 ’ὀσα
1628 1326 1707 1393 τῷ
1764 1322 2003 1396 ἀριθμῷ.
2066 1324 2144 1377 De

490 1418 722 1487 mystica
754 1413 1030 1482 theologia
1084 1415 1271 1483 capita
1305 1414 1367 1468 V.
1423 1411 1700 1483 Epistolis
1755 1417 2010 1482 quatuor
2067 1411 2141 1468 ad

491 1506 706 1572 Caium,
732 1503 1113 1558 monachum.
1147 1500 1402 1573 Singulae
1453 1501 1527 1555 ad
1555 1500 1908 1565 Dorotheum,
1941 1499 2140 1571 publi-

491 1609 625 1648 cum
655 1591 1022 1658 ministrum,
1055 1591 1129 1646 ad
1154 1592 1475 1660 Sopatrum,
1507 1589 1898 1659 sacerdotem,
1930 1588 2006 1643 ad
2035 1591 2142 1644 Po—

491 1683 798 1753 lycarpum,
856 1680 1203 1751 episcopum
1259 1679 1524 1750 Smyrna
1582 1679 1677 1749 (ex
1737 1695 1854 1750 qua
1931 1677 2138 1734 Suidas

2255 550 2283 578 «
2299 529 2601 598 Praacepta
2618 525 3205 580 morum.Causarum
3226 523 3468 578 librum.
3507 522 3964 592 Meteorologi-

2256 637 2283 667 α
2311 631 2380 670 ca
2408 633 2422 682 ;
2457 637 2485 664 ››
2518 617 2587 670 Et
2615 614 2882 670 oratione
2914 613 3108 669 soluta
3131 636 3156 663 ‹‹
3183 611 3706 667 Commentarium
3731 611 3804 664 in
3839 611 3958 662 ile-

2251 726 2280 756 ιι
2316 705 2571 760 siodum.
2601 703 2770 759 Orbis
2798 709 3088 758 terrarum
3123 700 3612 771 descriptionem,
3648 720 3681 746 υ
3742 699 3952 752 versi-

2251 793 2361 848 bus
2393 793 2670 848 heroicis.
2708 794 3052 847 tlaacautem
3069 789 3263 861 reperi
3296 789 3476 843 etiam
3511 787 3572 840 in
3602 787 3952 857 Dionysio,

2251 883 2352 952 qui
2386 882 2648 936 Lithiaca
2679 897 2784 936 seu
2814 880 2886 935 de
2914 879 3212 952 lapidibus
3243 877 3504 949 scripsit.
3532 876 3683 932 Uter
3716 881 3948 930 tamen

2250 972 2464 1027 horum
2495 971 2574 1027 sit
2597 975 2821 1038 auctor,
2845 969 3072 1041 ignoro.

2321 1057 3330 1132 Dionysius,Milesius,historicus,«
3362 1057 3474 1111 Res
3507 1061 3646 1127 post
3666 1053 3944 1109 Darium

2255 1172 2275 1201 σ
2301 1157 2496 1224 gestas
2531 1151 2573 1204 V
2622 1149 2792 1204 libris
2818 1147 3162 1218 descripsit.
3203 1145 3375 1201 Orbis
3408 1145 3941 1216 descriptionem.

2253 1261 2279 1292 α
2310 1241 2565 1295 Persica.
2593 1261 2618 1288 ››
2654 1239 2852 1293 Ionica
2885 1236 3162 1304 dialecto,
3195 1257 3222 1285 ‹‹
3259 1237 3475 1290 Rerum
3510 1235 3941 1305 Trojanarum

2254 1348 2276 1378 α
2309 1329 2492 1384 libros
2526 1334 2645 1383 tres
2673 1345 2685 1382 :
2710 1326 2954 1383 faculas.
2988 1322 3207 1380 Κύκλον
3242 1321 3514 1395 ἱστορικὸν
3551 1323 3807 1392 cyclum
3832 1323 3938 1376 hi-

2247 1441 2276 1470 ι(
2309 1420 2592 1474 storicum
2625 1416 2795 1472 libris
2829 1417 2942 1470 VII.
2974 1439 2996 1468 ι

2319 1508 2636 1578 Dionysius
2667 1505 3055 1577 Mitylenaeus,
3093 1508 3268 1576 poeta
3298 1502 3522 1574 epicus,
3571 1501 3680 1572 qui
3721 1521 3933 1554 σκυτο·

2249 1594 2495 1670 βραχίων
2521 1602 2580 1651 et
2609 1601 2774 1651 sutor
2803 1595 2996 1650 dictus
3018 1593 3132 1648 fuit
3161 1592 3406 1663 Scripsit
3426 1614 3452 1639 «
3485 1590 3711 1646 Bacchi
3740 1597 3806 1644 et
3822 1591 3928 1644 Hi-

2246 1708 2274 1736 «
2326 1703 2520 1741 nervaa
2555 1685 3028 1756 expeditionem:
3081 1681 3479 1753 Argonautica
3517 1679 3696 1734 libris
3723 1697 3862 1744 sex,
3899 1701 3929 1729 η

493 1770 736 1833 adducit
758 1769 956 1824 locum
979 1769 1051 1823 de
1084 1769 1289 1841 eclipsi
1314 1771 1440 1841 jam
1472 1767 1926 1837 memorata),ad
1946 1769 2136 1822 Demo-
2169 1809 2214 1875 Β
2245 1776 2513 1830 oratione
2537 1774 2762 1829 soluta:
2796 1772 3044 1842 Mythica
3071 1771 3146 1831 ad
3173 1772 3609 1826 Permenontem.

483 1859 734 1929 philum,
796 1859 1176 1926 monachum,
1238 1863 1295 1913 et
1351 1858 1424 1912 ad
1475 1860 1744 1914 Joannem
1776 1857 2138 1930 theologum,

491 1954 682 2020 apost.
713 1954 771 2003 et
808 1948 1248 2020 evangelistam.
1310 1947 1627 2004 Sciendum
1681 1953 1790 2014 est,
1849 1945 2138 2017 quosdam

492 2043 874 2093 externorum
891 2038 1222 2108 sapientum
1235 2037 1553 2107 ,praecipue
1569 2034 2135 2107 Proclum,Dionysii

493 2126 985 2192 theorematibus,
1021 2125 1323 2180 interdum
1355 2125 1500 2196 ipsis
1523 2124 1715 2179 verbis
1748 2141 1885 2178 usos
1931 2124 2135 2177 fuisse.

494 2215 641 2269 Hinc
668 2214 957 2286 suspicari
986 2214 1146 2280 licet,
1187 2212 1542 2267 vetustiores
1574 2212 1982 2284 philosophos,
2035 2210 2137 2282 qui

487 2303 736 2357 Athenis
769 2308 959 2365 erant,
993 2301 1158 2356 illius
1185 2318 1382 2372 opera,
1405 2317 1658 2372 quorum
1691 2301 1815 2372 ipse
1843 2301 2137 2371 meminit,

491 2392 564 2446 ad
597 2392 970 2446 Timotheum
995 2391 1281 2457 scribens,
1317 2390 1428 2445 sibi
1460 2390 1790 2446 vindicasse
1824 2406 2008 2461 eaque
2040 2407 2140 2446 oc-

488 2479 844 2546 cultasse,ut
874 2479 987 2550 ipsi
1014 2478 1348 2534 divinorum
1370 2479 1556 2550 ipsius
1581 2495 1921 2534 sermonum
1935 2485 2134 2534 aucto-

485 2586 582 2623 res
599 2568 1067 2625 viderentur.Hic
1085 2568 1298 2640 plenus
1322 2568 1866 2642 dierum,martyrio
1891 2569 2136 2640 spiritus

491 2664 940 2713 consummatus
971 2663 1061 2712 est
1091 2664 1358 2729 tempore
1391 2658 1626 2729 Trajani
1679 2659 1848 2730 imp.,
1903 2657 2134 2724 eodem,

493 2762 610 2817 quo
643 2747 876 2801 divinus
937 2747 1219 2819 Ignatius.
1280 2747 1469 2819 Magni
1503 2748 1767 2820 Dionysii
1801 2748 2136 2804 encomium

493 2836 732 2907 scripsit
758 2836 1006 2892 Michael
1037 2836 1368 2907 Syncellus,
1402 2836 1992 2909 Hierosolymitanus.

558 2925 894 2996 Dionysius,
927 2927 1129 2994 Terus,
1161 2925 1622 2993 Alexandrinus,
1658 2943 1690 2982 a
1745 2932 1911 2999 patre
1965 2928 2135 2995 Tero,

477 3015 694 3082 Thrax,
751 3015 1077 3070 Aristarchi
1134 3014 1484 3086 discipulus,
1544 3016 1985 3087 grammaticus,
2033 3013 2134 3086 qui

480 3109 679 3163 Roma)
713 3106 915 3161 docuit
944 3107 1208 3177 Pompeii
1229 3107 1417 3177 Magni
1447 3107 1812 3177 temporibus
1836 3113 1895 3163 et
1919 3108 2133 3179 Tyran-

476 3196 675 3251 nionis
708 3196 924 3267 prioris
943 3195 1222 3265 magister
1246 3194 1648 3250 fuit.Plurima
1671 3197 1907 3268 scripsit
1931 3213 2122 3268 gram-

477 3285 694 3340 matica
726 3289 785 3339 et
813 3284 1240 3356 syntagmatica
1272 3289 1329 3338 et
1359 3286 1838 3340 commentarios.

544 3373 863 3443 Dionysius
881 3371 1338 3442 Alexandrinus,
1364 3371 1565 3427 Glauci
1590 3374 2121 3445 F.,grammaticus,

474 3462 856 3533 quitempore
883 3462 1132 3516 Neronis
1155 3466 1213 3515 et
1241 3461 1621 3532 sequentium
1645 3462 2024 3535 impp.usque
2048 3463 2122 3519 ad

473 3552 790 3624 Trajanum
821 3552 962 3605 vixit
985 3556 1043 3606 et
1063 3550 1440 3606 bibliothecis
1462 3551 1716 3622 praefuit,
1742 3551 1883 3607 etab
1903 3553 2124 3624 episto-

471 3639 570 3708 lis,
604 3640 1001 3712 legationibus
1035 3644 1092 3694 et
1119 3639 1423 3712 responsis
1455 3639 1763 3696 fuit.Idem
1794 3643 2119 3714 Parthenii,

474 3729 1174 3802 grammatici,magister,
1204 3729 1533 3800 discipulus
1559 3731 1958 3787 Chaeremonis
1990 3733 2121 3804 phi-

470 3817 729 3889 losophi,
765 3818 857 3873 cui
888 3817 1065 3873 etiam
1087 3817 1460 3872 Alexandria:
1493 3819 1800 3873 successit.

545 3907 884 3978 Dionysius,
918 3906 1559 3978 Alexandrinus,cujus
1591 3907 1784 3962 inveni
1809 3910 2120 3964 Commen-

476 3996 695 4050 tarium
727 3995 894 4049 valde
926 3995 1214 4049 disertum
1249 3995 1310 4048 in
1328 3995 1744 4051 Ecclesiasten]
1761 3996 2119 4051 Salomonis.

543 4084 880 4154 Dionysius,
905 4084 1221 4138 Alexandri
1245 4086 1328 4152 F.,
1364 4085 1872 4152 Halicarnasseus,
1902 4092 2119 4154 orator,

473 4179 531 4228 et
557 4173 720 4226 omni
746 4189 960 4244 genere
989 4173 1274 4228 doctrinm
1306 4174 1852 4240 excultus,Caesaris
1881 4177 2120 4244 Augusti

472 4261 842 4331 temporibus
875 4262 1034 4316 vixit.
1064 4263 1144 4315 Ex
1164 4261 1344 4333 hujus
1369 4262 1621 4332 posteris
1652 4262 1764 4317 fuit
1785 4263 2120 4336 Dionysius,

479 4350 772 4417 Atticista,
806 4350 912 4405 sub
943 4349 1200 4406 Adriano
1233 4351 1376 4422 imp.

542 4441 881 4510 Dionysius,
943 4439 1446 4510 Halicarnasseus,
1501 4441 1600 4512 qui
1661 4441 1801 4497 vixit
1856 4449 2121 4518 tempore

2321 1865 2659 1934 Dionysius,
2681 1862 2930 1917 Musonii
2962 1862 3048 1928 F.,
3082 1859 3345 1915 Rhodius
3375 1866 3475 1914 aut
3506 1858 3780 1924 Samius,
3817 1857 3926 1911 hi-

2250 1953 2632 2022 storicus,qui
2665 1952 2843 2006 etiam
2875 1947 3153 2005 sacerdos
3174 1947 3285 2002 fuit
3317 1947 3521 2018 templi
3542 1946 3727 2016 Solis,
3752 1946 3924 2017 quod

2248 2043 2371 2098 illic
2394 2047 2539 2097 erat.
2584 2040 2832 2112 Scripsit
2889 2035 3129 2111 ἱστορίας
3183 2033 3435 2106 τοπικὰς,
3495 2037 3750 2090 locorum
3795 2036 3923 2089 sive

2247 2137 2544 2188 certarum
2579 2130 2888 2202 regionum
2909 2129 3180 2183 Historias
3210 2125 3380 2180 libris
3413 2126 3499 2180 VI.
3535 2123 3765 2179 «Orbis
3802 2125 3918 2178 De-

2254 2240 2276 2270 c
2311 2215 2991 2292 scriptionem,’[aroplac
3024 2211 3404 2282 παιδευτικῆς,
3438 2213 3755 2268 Historiae
3790 2213 3918 2267 ins-

2251 2335 2275 2362 ι
2311 2310 2605 2365 titutionis
2636 2308 2820 2364 libros
2843 2307 2909 2361 X.
2933 2302 3786 2374 nExistimo,Dionysium,qui
3812 2319 3916 2356 or-

2247 2399 2381 2454 bem
2413 2398 2748 2470 descripsit,
2774 2395 3116 2468 Byzantium
3148 2393 3330 2450 fuisse
3349 2391 3610 2463 (Vossius
3633 2390 3786 2462 legit
3811 2393 3915 2444 Bi-

2249 2488 2497 2556 thynum,
2531 2493 2774 2559 propter
2802 2484 3071 2552 ﬂuvium,
3105 2481 3389 2538 Bhebam.

2319 2577 2654 2648 Dionysius,
2687 2576 2901 2632 Siciliae
2933 2580 3241 2644 tyrannus,
3278 2570 3517 2643 scripsit
3576 2570 3909 2639 Tragaedias

2246 2671 2304 2722 et
2332 2667 2626 2723 Comaedias
2658 2670 2718 2720 et
2745 2665 3037 2720 Historias.

2319 2754 2819 2827 Dionysiusﬁlius
2839 2752 3055 2808 Sicilia:
3090 2749 3347 2823 tyranni,
3374 2755 3433 2803 et
3450 2748 3578 2818 ipse
3602 2752 3900 2819 tyrannus

2244 2849 2304 2900 et
2327 2844 2740 2915 philosophus,
2789 2841 3027 2915 scripsit
3053 2841 3320 2911 Epistolas
3351 2843 3410 2893 et
3439 2839 3516 2893 De
3543 2838 3900 2910 poematibus

2241 2934 2582 3004 Epicharmi.

2313 3019 2566 3076 Διονύσια
2597 3021 2926 3091 σκώμματα,
2957 3019 3206 3076 dicteria
3236 3019 3297 3073 in
3325 3015 3824 3072 Bacchanalibus.

2316 3111 2623 3183 Diopithes
2654 3109 2840 3181 legem
2875 3109 3270 3176 tulerat,teste
3294 3105 3545 3170 rEliano,
3570 3109 3636 3159 ut
3661 3105 3801 3172 civi,
3835 3105 3895 3160 in

2244 3201 2430 3256 Piraeo
2462 3199 2860 3272 pernoctanti,
2889 3197 3141 3269 capitale
3199 3200 3372 3251 esset.
3406 3195 3537 3265 Ipse
3570 3193 3788 3248 deinde
3825 3210 3891 3248 eo

2236 3290 2501 3355 nomine,
2533 3305 2669 3344 cum
2699 3286 3044 3358 aliquando,
3077 3301 3322 3356 vespera
3372 3283 3770 3355 opprimente,
3829 3284 3890 3338 in

2236 3381 2422 3436 Piraeo
2446 3384 2682 3434 noctem
2712 3377 3049 3444 mansisset,
3083 3375 3154 3432 ab
3187 3373 3445 3428 inimicis
3474 3372 3687 3444 capitis
3718 3388 3887 3428 accu-

2236 3475 2418 3525 satus.

2307 3553 3453 3622 l)ioscorides,Anazarbensis,medin,
3487 3557 3882 3622 cognomento

2236 3649 2440 3714 Φακᾶς,
2468 3647 2541 3703 ob
2574 3646 2767 3701 lentes
2797 3661 2944 3716 quas
2975 3644 3037 3698 in
3067 3643 3218 3699 facie
3247 3639 3520 3698 habebat.
3539 3641 3693 3695 Vixit
3722 3639 3881 3711 apud

2235 3737 2606 3808 Cleopatram
2660 3735 2905 3790 Antonii
2945 3739 3236 3805 tempore,
3283 3731 3642 3802 scripsitque
3693 3729 3878 3784 libros

2236 3827 2427 3892 XXIV,
2459 3842 2666 3881 omnes
2688 3825 2759 3879 de
2791 3840 2853 3878 re
2897 3823 3152 3892 medica,
3184 3835 3405 3891 eosque
3435 3817 3874 3874 celeberrimos.

2308 3915 2668 3980 Dioscorius,
2725 3913 2977 3980 Mimans,
3063 3909 3506 3984 grammaticus,
3566 3906 3876 3978 praefectus

2235 4003 2369 4058 urbi
2403 4007 2461 4059 et
2491 4003 2793 4074 praetorio,
2825 4001 2927 4072 qui
2959 3999 3172 4055 Leonis
3223 3999 3368 4070 imp.
3406 3996 3564 4051 tilias
3624 3993 3877 4066 Byzantii

2237 4091 2454 4146 docuit.
2491 4090 2652 4145 Infra
2681 4086 2963 4161 Θυάτειρα.

2308 4178 2650 4250 Dioxippus,
2685 4177 3086 4243 Atheniensis,
3117 4174 3401 4230 comicus.
3434 4171 3577 4243 Ejus
3625 4167 3870 4224 fabulae:

2233 4261 2778 4340 Ἀντιπορνοϐοσκὸς,
2839 4265 3208 4338 Φιλάργυρος,
3265 4258 3720 4334 Ἰστοριογράφος,
3754 4263 3869 4308 Δια-

2236 4349 2604 4426 δικαζόμενοι.

2309 4444 2565 4518 Διφθὲρα.
2595 4441 2688 4504 Εἷς
2721 4438 3000 4520 διφθέρας,
3028 4443 3088 4496 in
3103 4439 3362 4514 pellibus
3393 4438 3615 4509 scripta
3631 4434 3866 4491 consilia

473 4530 718 4586 Adriani
780 4531 947 4601 imp.,
1008 4529 1292 4601 sophista,
1376 4536 1772 4601 cognomento
1850 4535 2126 4606 Musicus,
2163 4537 2209 4602 D
2243 4551 2350 4590 sua
2377 4534 2707 4590 Thoracion
2727 4550 2864 4590 cum
2895 4533 3164 4588 hostibus
3195 4531 3259 4587 in
3313 4528 3569 4585 Laconia
3617 4540 3864 4582 commu-

473 4620 632 4692 quod
664 4619 725 4673 in
755 4625 879 4674 arte
903 4619 1133 4675 musica
1160 4619 1326 4674 valde
1369 4619 1722 4675 exercitatus
1755 4628 1930 4677 esset.
1965 4625 2120 4678 Scri-

477 4712 598 4781 psit
644 4711 1170 4764 Commentariorum
1226 4707 1661 4778 rhythmicorum
1709 4709 1893 4766 libros
1924 4713 2119 4770 XXIV.

468 4799 728 4855 Historia
762 4801 990 4855 musicae
1018 4798 1203 4853 libros
1233 4798 1484 4866 XXXVI,
1544 4798 1605 4852 in
1663 4798 1879 4870 quibus
1931 4801 2122 4857 tibici-

468 4905 636 4957 num,
670 4889 1132 4944 citharaadorum
1191 4893 1249 4943 et
1305 4893 1614 4960 poetarum
1648 4890 1845 4944 omnis
1877 4892 2117 4963 generis

463 4977 830 5032 mentionem
852 4979 1014 5033 facit.
1050 4979 1322 5032 Doctrina:
1351 4980 1570 5033 musicae
1593 4977 1711 5033 sive
1737 4979 2118 5036 Diatribarum

460 5065 648 5120 libros
679 5066 823 5121 XXI.
858 5090 885 5116 «
913 5068 992 5121 De
1023 5067 1258 5138 iis,quas
1291 5067 1351 5121 in
1396 5069 1540 5139 Rep.
1572 5067 1838 5123 Platonis
1893 5070 2117 5126 musice

471 5174 493 5204 ι
527 5153 686 5207 dicta
716 5159 875 5208 sunt.
907 5177 936 5204 »

533 5241 1213 5313 Dionysius,Byzantius,
1242 5250 1417 5314 poeta
1449 5245 1928 5318 epicus.Scripsit
1956 5267 1976 5294 ι
2006 5250 2114 5304 De-

465 5354 492 5382 ‹ς
529 5330 916 5401 scriptionem
939 5331 1328 5402 navigationis
1347 5350 1453 5403 per
1479 5335 1826 5404 Bosporum.
1848 5337 1927 5392 De
1953 5338 2116 5393 thre-

469 5444 496 5470 ‹‹
530 5420 624 5474 nis
657 5443 677 5472 ι
715 5435 928 5492 poema
958 5420 1243 5475 refertum
1275 5421 1578 5491 epicediis.

2232 4625 2489 4680 nicabat.

2307 4712 2960 4784 Dipn030phistas,liber
2989 4711 3157 4766 valde
3179 4706 3545 4777 utilis,cujus
3563 4705 3864 4760 Athenaeus

2232 4808 2439 4860 auctor
2469 4809 2577 4859 est.
2614 4803 2901 4874 Ulpianus
2929 4819 3086 4858 unus
3117 4796 3732 4872 Dipnosophistarum,
3766 4796 3861 4847 etc.

2229 4892 2436 4963 Supra.
2468 4887 2851 4953 κειτούκειτος.

2302 4979 3081 5052 Dithyrambodidascali.lli
3103 4979 3176 5035 de
3202 4978 3541 5046 rebus,quaa
3565 4975 3628 5029 in
3643 4969 3862 5028 sublimi

2229 5071 2381 5126 ﬁunt
2403 5075 2462 5125 et
2485 5069 2964 5139 nubibus,multa
2985 5070 3180 5124 dicere
3206 5065 3502 5132 solebant,
3522 5061 3863 5130 vocibusque

2228 5162 2573 5234 compositis
2603 5161 3220 5229 utebantur,dicentes
3253 5155 3509 5228 exempli
3544 5167 3723 5210 causa
3743 5145 3860 5203 ἓνδι·

2228 5250 2791 5324 αεριανερινηχέτους.
2838 5251 2993 5308 Talis
3053 5255 3181 5306 erat
3231 5249 3360 5312 Ion,
3417 5243 3622 5308 Chius,
3683 5243 3861 5313 poeta,

2227 5341 2328 5411 qui
2360 5355 2573 5410 poema
2619 5338 2777 5406 fecit,
2809 5339 2976 5408 cujus
3028 5337 3268 5393 initium
3319 5337 3408 5388 est
3440 5350 3452 5388 :
3489 5330 3676 5385 Ἀοῖον
3705 5326 3860 5397 ἠερο-

2225 5427 2416 5506 φοίταν
2449 5429 2644 5502 ἀστέρα
2677 5434 2823 5501 μῆνα
2857 5427 2951 5500 μέν
2985 5428 3096 5499 (64)
3128 5426 3286 5482 unde
3320 5415 3862 5506 AristophanesJo-

2226 5505 2392 5587 cans,
2418 5521 2752 5574 matutinam
2780 5519 2997 5574 stellam
3037 5533 3172 5573 eum
3225 5517 3499 5570 vocatum
3556 5508 3739 5562 fuisse
3768 5505 3859 5559 ait.

535 5609 647 5692 (ﬁt)
676 5607 787 5664 Sed
810 5606 1023 5692 Kuster
1043 5623 1113 5661 ex
1139 5606 1457 5692 scholiaste
1478 5607 1777 5682 Aristoph.
1815 5613 2110 5687 corrigere

2261 5622 2318 5676 et
2363 5614 2561 5692 ἆστᾶρα
2612 5615 2894 5692 μείναμεν,
2929 5623 3041 5675 etc.
3089 5613 3425 5674 matutinam
3470 5614 3522 5665 et
3561 5608 3860 5676 aerivagam

460 5680 677 5741 stellam
706 5680 1156 5752 exspectavimus,
1190 5683 1303 5736 etc.
1337 5680 1510 5739 Hm.
