4136 6316
377 336 408 394 1
419 334 536 395 253

1683 327 1788 387 DE
1829 323 2118 396 QUIBUS
2159 321 2460 386 SUIDAS.

3629 328 3785 387 1254

373 471 507 527 Fuit
535 472 736 525 autem
765 467 934 523 valde
966 464 1240 531 celebris,
1273 463 1626 536 scripsitque
1675 461 2023 528 Commdias,
2054 463 2111 530 Α
2139 457 2424 526 musicus,
2456 462 2523 514 ut
2552 459 2731 516 etiam
2758 460 2974 532 Lydius
3031 464 3090 518 et
3137 461 3444 534 Phrygius.
3481 492 3548 503 -—
3579 465 3792 537 Δῶριος

377 564 434 614 et
463 560 903 630 Epigrammata
935 563 992 613 et
1042 556 1234 612 soluto
1285 571 1560 610 sermone
1617 546 2024 626 πρεσϐευτικόν.

379 651 582 703 Exstat
611 649 790 703 etiam
824 647 1100 713 Socratis,
1133 643 1495 716 philosophi,
1527 643 1588 698 in
1647 659 1783 698 eum
1834 637 2024 714 λόγος.

375 737 782 794 Callimachus
814 737 994 791 etiam
1036 735 1097 789 in
1143 732 1514 790 Choriambis
1564 732 1691 804 ejus
1735 730 2028 799 meminit,

377 829 577 899 aitque
606 827 797 883 multa
827 826 1157 898 scripsisse.
1194 825 1590 895 Dithyrambus
1642 839 1778 878 vero
1812 821 2031 877 dicitur

381 923 442 973 et
471 918 738 972 Bacchus
759 916 939 987 (quod
971 932 1077 987 per
1106 914 1277 969 binos
1307 913 1478 985 quasi
1518 912 1676 969 fores
1724 913 1785 968 in
1833 913 2028 968 lucem

383 1004 675 1075 prodierit
711 1009 836 1058 tum
895 1002 1048 1057 uteri
1093 1001 1324 1069 matris,
1373 1000 1657 1067 Semeles,
1705 1005 1829 1055 tum
1877 999 2031 1056 lovis

379 1094 719 1164 femorum),
753 1098 812 1149 et
843 1094 1100 1164 hymnus
1130 1092 1192 1147 in
1223 1093 1540 1148 Bacchum.
1575 1091 1842 1162 Denique
1874 1090 2032 1143 Διθυ-

388 1177 615 1258 ράμϐων
650 1183 773 1237 νοῦν
807 1177 954 1256 ἔχεις
998 1179 1258 1237 ἐλάττονα
1302 1183 1522 1238 dicitur
1570 1182 1642 1237 de
1689 1181 2034 1238 hominibus

384 1272 622 1329 stolidis
652 1277 712 1328 et
740 1273 1220 1329 inconsideratis.

460 1361 744 1436 Δόγματα.
779 1363 969 1430 Plato,
993 1380 1123 1434 qum
1147 1379 1282 1417 vera
1301 1379 1427 1418 esse
1446 1363 1717 1434 percipit,
1744 1363 2036 1434 enuntiat,

388 1451 541 1506 falsa
563 1451 848 1523 coarguit,
873 1451 946 1506 de
971 1451 1213 1506 incertis
1237 1452 2039 1522 sustinetassensum.Atque

387 1541 459 1595 de
491 1540 602 1608 his,
631 1557 762 1610 quas
793 1556 928 1595 vera
957 1540 1070 1611 ipsi
1101 1541 1392 1608 videntur,
1448 1546 1701 1612 quatuor
1754 1557 2039 1612 personas

390 1630 703 1700 loquentes
733 1629 984 1696 inducit,
1004 1630 1325 1696 Socratem,
1344 1630 1648 1700 Timaeum,
1669 1635 1726 1685 et
1745 1630 2039 1700 hospitem

389 1720 816 1775 Atheniensem
847 1724 1024 1789 atque
1054 1720 1353 1774 Eleatem:
1394 1719 1496 1790 qui
1526 1735 1648 1774 non
1689 1724 1827 1775 sunt
1875 1719 2040 1775 Plato

396 1810 524 1879 ipse
559 1813 616 1863 et
643 1809 1048 1876 Parmenides,
1082 1809 1186 1864 sed
1218 1809 1348 1864 dua:
1379 1810 1530 1864 fictae
1587 1824 1877 1880 persona),
1929 1813 2039 1862 etc.

397 1899 894 1968 Philosophorum
927 1899 1026 1953 alii
1059 1899 1349 1953 mundum
1381 1903 1578 1953 ortum
1608 1898 1910 1966 habuisse,
1942 1896 2042 1952 alii

395 1992 529 2042 ortu
560 1989 824 2044 caruisse
846 1988 1072 2045 dicunt.
1095 1991 1240 2044 Item
1265 1989 1365 2044 alii
1394 1989 1741 2055 animatum,
1777 1988 1877 2044 alii
1909 2004 2044 2043 vero

396 2077 794 2132 inanimatum
829 2095 963 2132 eum
987 2083 1272 2133 statuunt.
1300 2080 1668 2150 Anaxagoras
1687 2093 1820 2132 vero
1845 2081 1903 2130 et
1931 2078 2043 2148 Py-

399 2166 698 2238 thagoras,
727 2168 790 2220 in
821 2169 1134 2239 :Egyptum
1169 2166 1438 2238 profecti,
1469 2171 1526 2220 et
1555 2167 1956 2238 :Egyptiorum
1989 2170 2048 2221 et

394 2255 780 2310 Hebrznorum
813 2257 902 2310 usi
935 2255 1387 2326 consuetudine,
1419 2272 1618 2310 rerum
1643 2255 2042 2327 cognitionem

400 2343 474 2398 ab
507 2344 629 2398 illis
659 2344 1006 2400 hauserunt.
1043 2347 1254 2400 Postea
1281 2361 1418 2399 vero
1446 2344 1707 2411 etPlato,
1731 2347 1796 2398 ut
1816 2342 2049 2397 Plutar-

400 2432 547 2487 chus
570 2432 632 2487 in
651 2433 958 2488 Parallelis
981 2433 1180 2490 refert.
1201 2434 1354 2499 Quin
1373 2433 1551 2488 etiam
1573 2433 1821 2506 Egyptii
1869 2431 2046 2503 primi

398 2521 588 2576 solem
619 2528 676 2576 et
702 2521 908 2577 lunam
941 2522 1081 2579 deos
1115 2527 1419 2579 vocarunt.
1455 2521 1672 2578 Osirim
1706 2527 1763 2577 et
1805 2521 2046 2592 Isidem,

401 2608 564 2671 Θεοὺς
599 2627 633 2665 a
662 2614 772 2674 θεῖν
807 2628 1044 2680 currere,
1079 2618 1190 2668 etc.

473 2700 842 2756 Domitianus
901 2703 1167 2770 Nervam,
1223 2707 1290 2756 ut
1345 2701 1596 2772 imperio
1637 2699 2045 2766 insidiantem,

401 2791 619 2846 amovit
636 2797 693 2846 et
722 2791 1103 2863 Apollonium
1125 2794 1445 2864 Tyaneum,
1472 2799 1537 2847 ut
1555 2794 1751 2848 Nervae
1769 2791 2048 2870 amicum,

404 2880 900 2951 comprehensum
935 2881 1210 2949 totondit,
1246 2887 1302 2937 et
1331 2883 1596 2936 vinctum
1656 2882 1718 2935 in
1752 2880 2049 2952 judicium

403 2969 665 3025 adduxit.
695 2973 838 3026 Cum
861 2987 992 3025 vero
1013 2971 1405 3043 philosophus
1423 2971 1510 3025 illi
1536 2987 1655 3026 non
1677 2970 1931 3036 cederet,
1949 2970 2049 3025 de-

404 3060 606 3115 ridens
627 3060 753 3132 ejus
771 3061 1288 3129 acta,verecundia
1300 3065 1635 3117 commotus
1649 3077 1784 3115 eum
1803 3059 2048 3116 dimisit.

400 3152 561 3205 Tunc
610 3151 683 3205 ad
715 3167 850 3206 eum
881 3151 1232 3223 Apollonius
1261 3169 1272 3206 :
1308 3155 1664 3222 Nequaquam
1692 3167 1773 3206 me
1802 3149 2050 3215 occides;

397 3241 632 3296 necdum
662 3239 808 3296 enim
837 3244 954 3310 fato
985 3249 1234 3296 maturus
1261 3257 1399 3309 sum,
1432 3239 1503 3294 Οὐ
1539 3239 1633 3311 μέν
1687 3259 1752 3310 με
1793 3235 2046 3310 κτενέεις,

398 3328 515 3383 ἐπεὶ
548 3325 611 3382 cii
647 3350 730 3384 τοι
767 3328 1039 3404 μόρσιμός
1070 3329 1204 3403 εἰμι.
1263 3336 1452 3401 Atque
1503 3347 1534 3385 e
1563 3330 1805 3401 vestigio
1852 3329 2050 3401 ipsum

402 3420 709 3475 evanuisse
741 3420 959 3475 ferunt.
994 3420 1096 3474 Hic
1125 3426 1182 3474 et
1207 3420 1595 3492 philosophos
1611 3419 2054 3475 etmathemati-

405 3525 504 3563 cos
537 3511 723 3564 Roma
755 3509 997 3580 expulit.
1032 3509 1149 3564 Sub
1181 3510 1292 3564 hoc
1323 3513 1382 3564 et
1408 3510 1664 3564 Joannes
1695 3508 2055 3580 evangelista

405 3597 468 3651 in
502 3600 769 3650 Patmum
801 3597 1116 3670 relegatus.
1153 3598 1313 3653 Idem
1341 3597 1806 3666 etiam,Davidici
1821 3598 2054 3670 generis

409 3685 707 3752 homines,
737 3683 864 3746 τοὺς
895 3684 1001 3739 ἀπὸ
1030 3689 1127 3738 τοῦ
1156 3685 1341 3760 γένους
1373 3680 1537 3739 Δαϐὶδ
1569 3687 1824 3741 interﬁci
1853 3686 2056 3757 jussit,

412 3775 706 3844 multique
740 3775 846 3830 sub
879 3793 946 3830 eo
1001 3776 1320 3833 Christiani
1377 3783 1668 3849 martyres
1711 3777 1849 3832 factt
1896 3781 2054 3832 sunt.

415 3863 527 3918 Sed
561 3865 743 3918 Nerva
772 3866 1059 3921 Joannem
1091 3867 1449 3939 Theologum
1501 3866 1707 3922 exsilio
1766 3865 2056 3921 liberavit.

486 3955 837 4022 Domninus,
862 3955 1519 4026 philosophus,natione
1537 3956 1736 4026 Syrus,
1761 3972 1830 4010 ex
1853 3954 2060 4009 Laodi-

414 4060 540 4112 cea,
572 4045 660 4098 vel
694 4045 942 4112 Larissa,
976 4047 1121 4100 urbe
1154 4047 1356 4118 Syriae,
1385 4047 1613 4118 Syriani
1647 4046 1974 4117 discipulus
2005 4051 2064 4101 et

416 4135 608 4189 Procli
632 4135 1168 4207 condiscipulus,ut
1183 4137 1715 4192 aitDamascius.In
1733 4137 2064 4190 mathema-

409 4224 542 4278 ticis
557 4224 891 4296 disciplinis
908 4226 1350 4292 exercitatus,in
1369 4225 1502 4281 aliis
1518 4225 1910 4297 philosophiae
1927 4241 2063 4296 par-

412 4313 570 4367 tibus
589 4314 772 4368 etiam
802 4311 1283 4388 ἐπιπολαιότερος,
1318 4315 1516 4370 minus
1534 4315 2062 4378 accuratus.Quare

408 4407 466 4456 et
498 4403 688 4458 multa
718 4403 781 4458 in
819 4403 1138 4459 Platonicis
1167 4403 1539 4476 dogmatibus
1559 4404 1876 4471 innovavit,
1905 4403 2062 4458 unde

406 4492 655 4546 Proclus
687 4491 967 4547 adversus
1001 4509 1135 4548 eum
1167 4494 1407 4564 scripsit
1453 4490 1828 4568 Πραγματείαν
1864 4491 2064 4564 καθαρ-

408 4579 564 4646 τικήν
596 4582 704 4633 τῶν
738 4577 1024 4653 δογμάτων
1066 4586 1162 4636 τοῦ
1221 4582 1540 4649 Πλάτωνος,
1596 4587 2058 4655 Repurgationem
2099 4577 2132 4626 ἷν

408 4669 820 4722 Platonicorum
842 4670 1177 4740 dogmatum.
1202 4671 1289 4727 Ab
1314 4671 1647 4742 jEsculapio
1663 4670 2060 4742 jussus,quod

410 4758 760 4830 sanguinem
793 4767 1123 4832 exspueret,
1157 4761 1351 4817 suillis
1373 4761 1652 4817 carnibus
1683 4762 1858 4831 vesci,
1884 4761 2059 4817 obse-

409 4851 579 4902 cutus
611 4853 737 4902 est:
770 4854 832 4903 at
855 4849 1228 4919 Plutarchus,
1291 4850 1692 4918 Atheniensis,
1742 4849 2059 4920 )Esculapii

411 4941 673 4991 statuam
697 4937 958 5005 intuens,
994 4939 1054 4993 in
1085 4939 1292 5011 templi
1317 4939 1475 4994 enim
1497 4939 1785 4994 vestibulo
1805 4939 2060 4994 dormie-

409 5024 547 5080 bat:
582 5025 624 5080 Ο
658 5025 921 5094 domine,
959 5027 1172 5098 inquit,
1208 5028 1350 5098 quid
1382 5028 1430 5082 si
1458 5029 1683 5099 Iudaeo,
1714 5029 1826 5083 hoc
1857 5027 2062 5084 morbo

409 5114 713 5170 laboranti
748 5116 1077 5172 remedium
1100 5118 1622 5174 commendasses?
1641 5119 1845 5189 Itaque
1861 5119 2066 5172 Esca-

411 5202 626 5273 lapius,
664 5205 862 5259 statim
883 5224 951 5260 ex
978 5212 1170 5261 statua
1193 5223 1403 5262 sonum
1428 5207 1840 5262 suavissimum
1857 5206 2061 5274 edens,

414 5291 594 5345 aliam
630 5294 883 5348 curandi
915 5294 1109 5349 morbi
1145 5295 1442 5349 rationem
1469 5295 1522 5348 ei
1562 5294 1947 5366 praescripsit.
1983 5294 2064 5350 Ad

419 5380 738 5436 Dominum
762 5383 889 5454 jam
920 5389 1090 5438 actate
1122 5390 1460 5455 provectum
1494 5384 1745 5439 accessit
1766 5384 2066 5454 Asclepia-

414 5467 539 5535 des,
574 5469 947 5540 adolescens,
985 5478 1042 5527 et
1097 5473 1538 5530 arithmeticum
1592 5473 1704 5545 ipsi
1760 5473 2066 5530 theorema

418 5559 760 5626 praeposuit,
797 5566 908 5616 etc.

494 5644 704 5702 Dorius
721 5655 948 5721 cantus,
979 5649 1186 5726 Δώριος
1215 5645 1468 5724 αὔλησις,
1485 5649 1798 5713 estmodus
1823 5649 2064 5722 quidam

2141 544 2447 619 οἰκονομία,
2506 551 2698 606 Modus
2751 553 2966 606 Dorius.
3003 581 3072 592 —
3102 550 3302 606 Darius
3359 556 3648 622 praeterea
3705 558 3795 608 est

2141 653 2361 692 nomen
2391 638 2701 709 proprium
2733 643 2790 694 et
2819 640 3068 696 Doriscus
3095 657 3313 696 nomen
3344 640 3482 695 loci.

2213 727 2400 780 Dorus
2431 728 2686 800 (Δῶρος),
2719 728 2928 797 Arabs,
2957 746 3133 800 quem
3155 729 3499 785 Damascius
3523 730 3584 784 in
3605 731 3797 786 Histo-

2140 813 2230 868 ria
2267 814 2680 888 philosophica
2736 817 2821 872 ait
2875 817 3058 873 fuisse
3112 818 3374 874 veritatis
3431 819 3790 874 acerrimum

2143 903 2574 976 indagatorem.
2610 907 2778 961 Hunc
2807 907 3091 974 Isidorus,
3152 908 3562 980 philosophus,
3621 909 3794 964 initio

2147 993 2334 1048 sensit
2373 994 2760 1051 Aristotelicis
2791 996 3176 1068 opinionibus
3209 998 3530 1065 irretitum,
3565 1003 3622 1053 et
3651 1015 3799 1070 pau-

2147 1081 2314 1137 latim
2348 1085 2638 1140 revocavit
2668 1084 2740 1140 ad
2773 1085 2908 1142 illas
2939 1086 3206 1142 Platonis
3238 1087 3568 1160 magniﬁcae
3593 1088 3795 1143 scien-

2147 1171 2243 1226 tiae
2273 1171 2560 1228 sublimes
2593 1179 2652 1228 et
2679 1174 2943 1230 illustres
2977 1176 3324 1240 sententias.
3347 1182 3414 1231 ut
3449 1176 3673 1247 rejecta
3693 1177 3799 1231 illa

2148 1261 2542 1333 Peripatetica
2574 1264 2922 1331 subtilitate,
2955 1283 3050 1322 res
3081 1267 3342 1322 minutas
3366 1267 3706 1340 colligente,
3736 1283 3798 1322 se

2149 1351 2450 1407 conferret
2478 1352 2554 1408 ad
2581 1353 2772 1422 illam,
2804 1372 2937 1424 quae
2966 1372 3072 1426 per
3117 1356 3538 1411 Prometheum
3589 1373 3804 1427 quem-

2158 1440 2293 1496 dam
2325 1458 2460 1497 cum
2490 1443 2642 1515 ignis
2672 1443 2989 1514 splendore
3021 1445 3250 1500 caelitus
3281 1445 3355 1500 ad
3386 1445 3662 1501 homines
3693 1445 3800 1500 de-

2151 1530 2332 1587 missa
2358 1535 2468 1600 est,
2501 1531 2895 1598 dialecticam,
2930 1550 3059 1604 quae
3091 1539 3181 1588 est
3204 1534 3424 1589 mentis
3463 1539 3520 1588 et
3546 1533 3801 1605 pruden-

2150 1617 2245 1672 tiae
2285 1619 2606 1690 purissima
2636 1618 2866 1692 αὐτοψία
2899 1622 3019 1676 sive
3051 1622 3369 1693 inspectio.

2225 1706 2407 1768 Δόσις.
2441 1709 2610 1780 Apud
2637 1715 2900 1765 oratores
2958 1711 3340 1782 peculiariter
3388 1712 3469 1766 sic
3513 1716 3799 1766 vocantur

2155 1795 2370 1854 tabulae
2413 1799 2773 1868 testamenti,
2807 1799 2868 1854 in
2895 1799 3108 1871 quibus
3139 1800 3291 1871 quis,
3327 1818 3458 1872 quae
3499 1817 3607 1858 sua
3637 1805 3799 1869 sunt,

2154 1886 2324 1940 alteri
2382 1886 2501 1954 dat,
2548 1887 2982 1944 interveniente
3031 1890 3487 1962 magistratuum
3537 1891 3656 1946 sive
3704 1907 3801 1946 ar—

2152 1975 2436 2030 chontum
2467 1979 2839 2034 auctoritate.
2957 2041 2962 2045 ,

2220 2065 2429 2134 Draco,
2464 2066 2924 2123 Atheniensium
2947 2067 3267 2140 legislator.
3293 2069 3397 2124 Hic
3419 2085 3554 2124 cum
3577 2069 3798 2141 IEginaa

2151 2153 2213 2207 in
2237 2154 2465 2209 theatro
2489 2161 2732 2227 propter
2751 2157 2910 2229 leges
2935 2156 3082 2213 latas
3105 2157 3256 2212 lactis
3270 2157 3800 2213 acclamationibus

2154 2242 2575 2307 celebraretur.
2613 2244 2882 2314 pluribus
2913 2246 3134 2316 petasis
3167 2252 3224 2301 et
3255 2246 3470 2301 tunicis
3495 2252 3552 2301 et
3598 2245 3798 2317 palliis

2155 2331 2218 2387 in
2245 2331 2374 2403 ejus
2406 2338 2583 2404 caput
2612 2333 2867 2404 injectis,
2920 2335 3240 2391 suffocatus
3292 2341 3400 2402 est,
3453 2340 3512 2390 et
3558 2335 3622 2390 in
3671 2335 3801 2406 ipso

2153 2421 2384 2478 theatro
2419 2422 2708 2494 sepultus.
2745 2423 2898 2478 Vixit
2928 2423 3141 2478 iisdem
3175 2423 3565 2496 temporibus,
3589 2423 3804 2494 quibus

2154 2516 2383 2582 septem
2410 2510 2730 2582 sapientes,
2762 2516 2866 2567 aut
2894 2513 3091 2584 potius
3147 2512 3260 2568 fuit
3303 2513 3425 2568 illis
3479 2513 3804 2584 antiquior.

2153 2601 2297 2655 Cum
2327 2617 2504 2656 senex
2527 2601 2654 2673 jam
2685 2606 2860 2669 esset,
2894 2601 3232 2673 Olympiade
3258 2601 3428 2656 XXIX
3449 2601 3804 2674 legesAthe-

2153 2690 2465 2746 niensibus
2497 2690 2652 2745 tulit.
2686 2689 3010 2759 Ὑποθήκεις,
3045 2692 3165 2746 sive
3195 2694 3319 2746 vitae
3349 2691 3610 2761 degendae
3645 2706 3804 2761 prte-

2153 2785 2311 2849 cepta
2340 2779 2580 2850 scripsit
2612 2778 2799 2833 tribus
2831 2778 3068 2834 circiter
3097 2796 3373 2834 versuum
3404 2779 3695 2834 millibus.

2226 2869 2434 2934 Draco,
2468 2883 2656 2939 nepos
2691 2868 3065 2939 Hippocratis
3095 2869 3312 2924 medici
3343 2868 3508 2923 illius
3540 2867 3806 2930 celeber:

2155 2956 2314 3023 rimi,
2349 2955 2508 3011 filius
2538 2956 2824 3024 Thessali,
2846 2962 3014 3028 pater
3047 2957 3418 3028 Hippocratis
3450 2957 3619 3028 cujus
3643 2957 3805 3012 filius

2155 3061 2361 3119 rursus
2392 3044 2506 3099 fuit
2535 3045 2741 3115 Draco,
2779 3049 2837 3100 et
2864 3045 2991 3117 ipse
3020 3046 3309 3114 medicus,
3334 3046 3434 3117 qui
3453 3046 3800 3113 Rhoxanen,

2159 3133 2479 3196 Alexandri
2511 3133 2844 3189 Macedonis
2877 3135 3210 3207 conjugem,
3243 3135 3490 3190 curavit.

2089 3194 2131 3261 (ἶ
2231 3224 2415 3279 Draco
2448 3223 2930 3288 Stratonicensis,
2961 3224 3404 3296 grammaticus,
3437 3222 3674 3293 scripsit
3729 3223 3806 3277 De

2159 3318 2276 3368 arte
2331 3315 2739 3383 grammatica:
2786 3313 3297 3386 Orthographiam:
3335 3309 3466 3386 Περὶ
3516 3313 3623 3365 τῶν
3669 3309 3807 3364 κατὰ

2160 3400 2412 3475 συζυγίαν
2463 3399 2768 3472 ὀνομάτων,
2829 3403 2904 3456 De
2955 3402 3272 3472 conjugatis
3326 3401 3686 3456 nominibus:
3735 3401 3808 3456 De

2160 3491 2579 3559 pronominibus
2603 3506 2621 3543 :
2651 3492 2728 3544 De
2757 3490 2947 3544 metris
2993 3505 3293 3544 versuum:
3335 3490 3411 3542 De
3456 3489 3692 3556 satyris:
3737 3487 3810 3541 De

2160 3577 2396 3633 Pindari
2424 3579 2760 3634 carminibus
2783 3593 2796 3634 :
2833 3579 2915 3632 De
2943 3575 3256 3647 Sapphonis
3285 3577 3478 3631 metris
3503 3591 3514 3628 :
3557 3576 3634 3630 De
3659 3574 3818 3632 Alea":

2165 3667 2523 3722 carminibus.

2969 3754 3010 3808 E

2240 3836 2582 3911 Ἐκϐιαστής.
2617 3841 2822 3917 Ἄμφω
2843 3837 2946 3912 γάρ
2979 3838 3110 3893 εἰσιν
3162 3833 3435 3894 ﬁxeras-rati
3484 3844 3584 3907 τῆς
3632 3834 3814 3908 δίκης,

2165 3930 2255 3985 καὶ
2290 3929 2568 3984 νύττουσιν
2592 3931 2740 4001 ἡμᾶς
2763 3928 2897 4004 πρὸς
2938 3929 3000 3983 τὸ
3047 3934 3148 3997 τῆς
3207 3925 3364 3998 δίκης
3420 3928 3610 4002 πέρας,
3653 3930 3816 3985 ambo

2169 4028 2295 4078 sunt
2324 4037 2474 4077 acres
2506 4028 2787 4076 exactores
2807 4021 2979 4090 juris,
3031 4022 3129 4090 qui
3179 4036 3275 4074 nos
3323 4020 3561 4074 stimulis
3602 4019 3675 4073 ad
3716 4019 3816 4089 ju-

2169 4111 2382 4166 stitiam
2415 4112 2821 4166 exactissimum
2852 4109 3114 4166 incitant.
3151 4110 3283 4164 Haec
3315 4108 3386 4163 de
3429 4108 3702 4181 Gregerio
3761 4111 3820 4162 et

2175 4200 2411 4256 Basilio.

2245 4288 2559 4366 ’Exxéxoqti'
2596 4288 2630 4358 ἠ
2692 4287 2953 4359 μουσικὴ,
3014 4289 3197 4344 excisa
3251 4294 3330 4343 est
3386 4286 3614 4344 musica.
3676 4287 3820 4340 Cum

2174 4383 2400 4434 veteres
2433 4378 2577 4434 olim
2610 4377 2671 4432 in
2698 4377 2978 4432 conviviis
3011 4376 3273 4432 eruditas
3312 4376 3669 4446 quaestiones
3703 4379 3818 4428 tra-

2176 4471 2335 4523 ctare
2369 4468 2650 4535 solerent,
2683 4467 2904 4539 posteri
2942 4466 3219 4537 psaltrias
3253 4469 3311 4519 et
3339 4463 3730 4520 citharistrias
3761 4466 3822 4516 et

2169 4557 2504 4613 saltatrices
2538 4571 2742 4612 earum
2774 4555 2904 4611 loco
2937 4555 3416 4610 introduxerunt.
3473 4552 3636 4607 Unde
3687 4551 3818 4622 qui-

2169 4647 2306 4702 dam
2335 4643 2717 4716 καινοτομίαν,
2750 4645 3071 4701 novitatem
3106 4644 3260 4698 hanc
3292 4639 3820 4714 reprehendentes,

2168 4734 2477 4807 proverbio
2510 4733 2614 4788 illo
2646 4733 2740 4788 usi
2761 4737 2924 4788 sunt.

2242 4823 2337 4878 Ἐκ
2366 4818 2685 4882 Μασσαλίας
2719 4820 2892 4890 ἥκεις,
2928 4838 2956 4876 e
2981 4821 3226 4877 Massilia
3271 4820 3440 4887 venis,
3491 4817 3708 4873 dicitur
3749 4815 3822 4872 de

2170 4911 2514 4968 hominibus
2545 4909 2900 4965 effeminatis
2933 4915 2990 4965 et
3015 4908 3306 4977 delicatis,
3359 4906 3566 4979 quales
3615 4905 3820 4961 Massi-

2171 5001 2391 5058 lienses
2419 4999 2561 5054 olim
2592 4998 2776 5054 fuisse
2807 4998 3104 5054 dicuntur.

2243 5085 2505 5162 Ἐλατήρ.

2315 5263 2569 5339 Εἶδήοεις
2600 5262 2906 5339 Ἀλκμᾶνα,
2929 5263 3102 5339 λύρῃς
3136 5262 3676 5339 ἐλᾳτῆραΑΛᾳκαίνης

2395 5337 2651 5409 Ἐξοχον,
2685 5334 3012 5394 ὅνΜουσῶν
3037 5335 3166 5391 ἐννέ’
3205 5334 3438 5412 ἀριθμὸς
3468 5334 3606 5410 ἔχει.

2176 5487 2472 5554 Cognosces
2490 5479 2847 5554 _Alcmanem,
2885 5481 3061 5551 lyram
3089 5482 3414 5554 Laconicam
3433 5479 3567 5535 scite
3581 5477 3820 5548 pulsan-

2488 5551 2636 5623 [tem,
2669 5569 2828 5624 quem
2859 5570 3051 5610 novem
3075 5555 3239 5608 Musae
3271 5552 3492 5607 habent.

2246 5644 2408 5715 Elea,
2439 5643 2632 5715 patria
2657 5642 2932 5702 Zenonis.
2965 5641 3109 5699 olim
3137 5641 3339 5715 Hyele,
3371 5635 3818 5701 Phocaeensium
