4128 6308
433 326 587 384 1255

1732 326 1971 388 INDEX
2015 325 2520 399 SCRIPTORUM

3689 351 3717 407 1
3728 349 3848 409 256

430 460 684 528 colonia,
720 459 1004 531 oppidum
1027 459 1367 529 obscurum,
1400 465 1461 516 et
1491 460 1646 530 quod
1707 460 1894 516 bonos
1943 466 2072 516 tan-
2105 467 2160 532 Α
2188 471 2255 522 ut
2282 469 2365 522 ait
2393 470 2799 541 Epicharmus.
2830 474 3060 531 Dictum
3092 475 3167 532 ad
3195 477 3593 534 imitationem
3624 480 3786 536 illius
3831 501 3848 538 :

431 558 554 607 tum
588 553 746 606 viros
772 551 930 606 alere
963 556 1210 622 poterat.
1245 552 1406 605 Hanc
1434 552 1585 605 Zeno
1609 550 1794 623 magis
1817 549 2078 616 amabat,

434 659 614 712 quam
646 641 1098 695 Atheniensium
1117 640 1465 710 jactantiam
1495 657 1508 705 ;
1542 640 1742 710 itaque
1763 657 1896 695 raro
1921 637 2078 711 apud

431 731 568 786 illos
600 736 861 785 versatus
889 730 949 783 in
982 730 1171 802 patria
1206 730 1540 784 consenuit.

499 817 828 893 Ἐλεγείρειν
889 820 998 891 (65)
1054 836 1160 890 pro
1209 818 1448 873 delirare
1504 819 1750 889 quidam
1808 824 2076 874 veterum

429 913 724 967 dixerunt.
759 911 829 962 Et
855 913 1012 976 sunt,
1047 910 1145 979 qui
1180 925 1420 964 carmen
1443 909 1768 980 elegiacum
1789 909 1931 962 hinc
1953 909 2075 964 dic-

433 1015 556 1063 tum
615 1009 842 1078 putent.
901 1000 1206 1066 Theocles,
1267 999 1481 1053 Naxius
1541 1003 1643 1053 aut
1693 998 2071 1070 Eretriensis,

431 1097 669 1152 insania
699 1097 1027 1163 correptus,
1052 1104 1291 1144 carmen
1323 1088 1433 1142 hoc
1464 1088 1694 1158 primus
1726 1087 1961 1141 cecinit.

500 1187 736 1257 Elegus,
772 1199 1012 1239 carmen
1067 1179 1314 1251 lugubre
1364 1178 1447 1232 sic
1477 1176 1864 1248 appellatum,
1913 1175 2072 1246 quod

428 1294 582 1349 saepe
615 1277 675 1330 in
707 1291 775 1330 eo
802 1268 827 1326 ἔ
855 1270 879 1325 ἕ
904 1273 1160 1327 dicatur.
1205 1269 1305 1322 Vel
1337 1267 1796 1321 lamentationes
1830 1282 1960 1336 qua)
1993 1264 2069 1320 ad

425 1368 632 1422 tibiam
665 1368 979 1421 canuntur.
1031 1363 1242 1415 Postea
1290 1356 1549 1424 Midiam,
1603 1355 1800 1410 Gordii
1856 1353 2067 1418 filium,

426 1458 567 1512 dum
594 1460 888 1528 regnaret,
921 1451 1130 1506 tibiam
1162 1448 1236 1502 ad
1265 1464 1398 1502 aras
1428 1452 1487 1500 et
1535 1444 1827 1499 sacrificia
1867 1447 2067 1497 trans-

424 1547 634 1601 tulisse
665 1546 889 1609 dicunt,
923 1539 1080 1611 quod
1109 1542 1361 1592 matrem
1395 1551 1559 1589 suam
1621 1533 1958 1588 defunctam
2005 1533 2067 1586 in

424 1637 670 1691 dearum
701 1647 1016 1689 numerum
1049 1627 1270 1682 referre
1303 1625 1496 1679 vellet.

493 1725 788 1788 Eleusius,
820 1721 1135 1791 Cyzicenus
1156 1713 1648 1780 etMarathonius,
1672 1716 1730 1766 et
1750 1710 1918 1766 CPol.
1943 1726 2064 1764 non

425 1815 667 1886 quidem
696 1827 910 1884 magna
940 1807 1174 1863 dicendi
1207 1804 1486 1860 facultate
1518 1801 1771 1873 prmditi,
1808 1800 1910 1855 sed
1961 1816 2062 1854 au-

429 1909 584 1960 stero
615 1904 746 1958 vitae
775 1916 990 1974 genere
1024 1904 1082 1953 et
1126 1898 1278 1953 ﬁctze
1326 1894 1632 1949 modestiae
1688 1890 2068 1945 simulatione

424 2010 699 2066 magnam
732 1991 928 2062 adepti
960 1987 1394 2048 auctoritatem,
1432 1983 1721 2054 plurimos
1746 1983 2068 2035 sectatores

422 2083 532 2138 sibi
567 2082 963 2137 conciliarunt
993 2083 1050 2133 et
1081 2074 1459 2141 monasteria,
1494 2071 1719 2143 ingenti
1751 2069 2068 2124 hominum

422 2174 732 2242 utriusque
765 2187 938 2225 sexus
969 2165 1353 2222 multitudine
1384 2161 1620 2230 referta,
1656 2159 2066 2213 instituerunt.

491 2259 902 2330 Empedocles,
937 2255 1206 2319 Metonis,
1241 2252 1330 2306 vel
1351 2248 1718 2316 Archinomi,
1745 2246 1837 2300 vel
1857 2245 2067 2299 Xeneti

421 2348 506 2410 F.,
531 2346 713 2400 frater
738 2341 1153 2406 Callicratidis,
1178 2339 1370 2411 primo
1395 2331 2064 2400 audivitParmenidem,

421 2437 590 2506 cujus
612 2435 813 2502 etiam,
838 2439 904 2488 ut
924 2431 1289 2502 Porphyrius
1307 2428 1368 2481 in
1383 2424 1640 2480 Historia
1653 2421 2068 2495 philosophica

418 2530 624 2580 auctor
663 2529 771 2589 est,
799 2521 1060 2577 amasius
1088 2519 1217 2574 fuit.
1251 2517 1367 2571 Alli
1403 2515 1572 2570 aiunt
1592 2513 1772 2567 fuisse
1795 2511 2065 2582 Telaugis

417 2613 800 2684 discipulum,
820 2610 1162 2682 Pythagora)
1187 2606 1315 2661 lilii.
1337 2603 1775 2676 Agrigentinus,
1799 2599 2066 2670 philoso-

412 2703 566 2773 phus
600 2701 904 2772 physicus,
937 2698 1280 2768 Pythagoras
1332 2698 1551 2749 sectam
1595 2695 1849 2755 secutus,
1885 2703 2063 2758 quam

415 2792 594 2846 etiam
618 2789 929 2844 aemulatus
956 2792 1045 2842 est
1072 2783 1423 2857 Apollonius
1444 2785 1734 2853 Tyaneus,
1760 2776 2064 2834 etc.Disci-

412 2881 620 2953 pulum
653 2879 860 2935 habuit
890 2877 1181 2949 Gorgiam,
1208 2873 1559 2929 Leontinum
1583 2866 2062 2925 oratorem.Scri-

416 2973 536 3044 psit
563 2971 829 3026 versibus
860 2969 1115 3023 heroicis
1154 2973 1258 3022 tres
1318 2966 1482 3019 libros
1528 2959 1656 3029 Περὶ
1688 2957 1897 3035 φύσεως
1950 2959 2058 3009 τῶν

420 3056 614 3115 ὄντων.
680 3061 750 3115 De
800 3075 986 3114 rerum
1037 3063 1261 3122 natura,
1316 3059 1455 3108 sunt
1511 3056 1711 3106 autem
1784 3061 2060 3102 versuum

2188 558 2336 610 Θεῶν
2370 556 2421 611 ἐν
2452 560 2676 633 γούνασι
2731 567 2927 618 κεῖται.
2976 566 3127 621 Olim
3189 568 3251 622 in
3308 568 3558 639 genibus
3605 570 3846 641 judices

2187 645 2489 704 habebant
2517 667 2588 707 ea
2617 670 2748 723 qua:
2779 671 2939 710 nunc
2969 655 3028 710 in
3058 656 3293 712 tabellis
3326 659 3689 716 scribuntur.

2259 738 2712 809 Epaphroditus,
2746 745 3183 811 Chaaronensis,
3233 749 3676 817 grammaticus,
3725 753 3846 805 Ar-

2186 825 2354 893 chiae,
2381 829 2763 886 Alexandrini
2775 828 3472 904 .grammatici,alu'mnus
3488 839 3641 908 apud
3657 856 3842 910 quem

2187 915 2510 986 institatus,
2542 936 2576 974 a
2605 922 2887 989 Modesto,
2909 924 3140 996 Egypti
3162 926 3706 999 praafecto,emptus
3724 935 3845 997 est,

2185 1005 2354 1076 cujus
2386 1008 2576 1063 ﬁlium
2634 1011 2953 1067 Pitelinum
3015 1014 3294 1069 instituit.
3355 1015 3583 1070 Claruit
3637 1020 3844 1074 Romaa

2184 1099 2450 1166 tempore
2472 1100 2720 1154 Neronis
2751 1101 2826 1156 ad
2848 1104 3092 1158 Nervam
3111 1120 3302 1174 usque
3322 1121 3333 1158 :
3353 1122 3470 1175 quo
3491 1111 3759 1178 tempore
3784 1114 3849 1164 et

2184 1185 2538 1242 Ptolemaeus
2551 1189 2986 1260 Hephaestionis
3005 1192 3162 1248 ﬁlius
3184 1194 3708 1250 vixit.etmultialii
3723 1197 3840 1251 viri

2181 1271 2452 1328 doctrina
2483 1276 2646 1331 clari.
2681 1277 2846 1332 Idem
2864 1295 2998 1334 cum
3027 1279 3210 1335 libros
3237 1280 3489 1336 subinde
3506 1285 3838 1352 emeret,ad

2180 1365 2327 1418 XXX
2357 1366 2520 1421 mille
2536 1368 2647 1422 sibi
2670 1371 3050 1440 comparavit,
3077 1371 3835 1443 eosquebonosetminime

2179 1453 2467 1524 vulgares.
2500 1456 2757 1528 Corpore
2787 1458 2897 1512 fuit
2927 1475 3142 1531 magno
3177 1467 3236 1515 et
3264 1461 3431 1533 nigro
3463 1462 3654 1518 instar
3706 1465 3840 1520 ele-

2178 1542 2479 1611 phantiaci
2512 1543 2606 1615 (ὡς
2643 1542 3064 1622 ἐλεφαντώδης).
3101 1549 3392 1605 Habitavit
3447 1551 3508 1605 in
3552 1552 3830 1609 Phrenia-

2179 1632 2454 1699 nocoriis,
2489 1633 2590 1688 ubi
2621 1634 2794 1690 binas
2853 1636 3010 1692 mdes
3065 1637 3292 1692 habuit.
3353 1641 3618 1695 Decessit
3668 1659 3832 1713 aqua

2177 1721 2490 1790 intercute,
2523 1739 2747 1779 annum
2778 1741 2960 1796 agens
2991 1727 3201 1794 LXXV,
3248 1727 3555 1800 multaque
3602 1731 3829 1802 scripta

2176 1810 2435 1880 reliquit.
2469 1813 2530 1868 V.
2561 1818 2763 1868 notam
2799 1817 2847 1884 l,
2883 1831 3012 1886 pag.
3047 1818 3169 1870 790.

2244 1899 2450 1954 Επειοῦ
2483 1897 2814 1976 δειλότερος,
2845 1905 2992 1973 Epeo
3041 1905 3312 1971 timidior,
3371 1907 3668 1977 Cratinus,
3722 1927 3829 1965 co-

2173 1989 2383 2056 micus,
2417 1991 2742 2059 dicebatur,
2770 1991 3019 2048 fortasse
3052 1993 3230 2064 quod,
3265 2012 3399 2050 cum
3431 1997 3674 2052 OEneidi
3709 2000 3826 2053 tri-

2172 2075 2273 2130 bui
2305 2084 2604 2149 praeesset,
2631 2079 2897 2135 timidior
2917 2080 3234 2137 videretur.
3269 2084 3462 2154 Epeus
3486 2085 3646 2140 enim
3673 2086 3830 2140 timi-

2172 2165 2282 2219 dus
2314 2171 2458 2220 erat.

2242 2254 2543 2324 Ephectici
2575 2255 2913 2327 philos0phi
2967 2257 3050 2312 sic
3103 2259 3385 2329 appellati
3440 2259 3512 2314 ab
3575 2257 3819 2333 ἐπέχειν,

2170 2340 2440 2407 inhibere,
2493 2343 2650 2412 quod
2705 2359 3016 2399 assensum
3075 2345 3148 2399 de
3216 2346 3393 2401 rebus
3451 2347 3819 2413 inhiberent,

2174 2445 2392 2501 easque
2441 2433 2868 2502 comprehendi
2903 2451 3023 2488 non
3074 2451 3247 2505 posse
3307 2441 3655 2491 statuerent.
3722 2433 3829 2491 Καὶ

2171 2513 2519 2590 δογματίζειν
2554 2522 2666 2591 (66)
2702 2519 2836 2574 αὐτᾶ
2866 2519 3244 2591 ἀκατάληπτα.

2239 2609 2505 2679 Ephesiae
2536 2609 2770 2676 littera),
2811 2610 2878 2664 id
2918 2618 3007 2666 est
3056 2613 3491 2669 incantationes
3540 2600 3826 2685 quaadain

2167 2696 2456 2762 obscurae,
2490 2715 2637 2769 quas
2671 2704 2729 2754 et
2759 2703 3020 2756 Croesum
3053 2702 3116 2756 in
3159 2719 3298 2774 rogo
3331 2703 3552 2758 dixisse
3598 2704 3821 2760 ferunt.

2167 2788 2238 2840 Et
2263 2786 2538 2859 Olympias
2571 2788 2795 2844 Milesio
2827 2796 2885 2844 et
2931 2791 3185 2861 Ephesio
3232 2792 3619 2859 luctantibus,
3652 2794 3825 2848 aiunt

2169 2876 2462 2931 Milesium
2494 2877 2706 2932 luctari
2739 2895 2859 2933 non
2892 2880 3180 2950 potuisse,
3215 2881 3375 2951 quod
3407 2881 3559 2936 alier
3588 2882 3822 2937 litteras

2168 2965 2452 3035 Ephesias
2484 2967 2601 3021 talo
2633 2967 2802 3038 pedis
2833 2968 3154 3041 alligasset.
3190 2971 3271 3024 Ea
3300 2975 3500 3026 autem
3548 2988 3613 3025 re
3643 2988 3814 3027 com-

2166 3059 2353 3125 perta,
2387 3055 2722 3128 litterisque
2753 3057 2874 3112 illis
2905 3058 3135 3128 solutis,
3172 3061 3461 3129 Ephesium
3481 3060 3811 3132 tricies(67)

417 3151 653 3206 circiter
681 3149 796 3204 duo
827 3148 1039 3203 millia.
1089 3147 1237 3200 Item
1295 3144 1364 3196 De
1419 3158 1478 3196 re
1525 3140 1735 3194 medica
1792 3136 2059 3190 oratione
2100 3208 2132 3215 _
2164 3142 2346 3198 fuisse
2378 3151 2759 3215 prostratum.

416 3241 629 3306 soluta,
663 3245 719 3294 et
748 3238 936 3293 multa
980 3236 1115 3291 alia.
1177 3239 1288 3288 etc.
1343 3231 1688 3301 Empedoclis
1742 3225 2058 3294 inimicitia,
2091 3208 2133 3274 (ἶ
2232 3208 2556 3305 Ephippus,
2601 3236 3002 3304 Atheniensis,
3036 3239 3296 3293 comicus
3326 3239 3537 3294 media,
3587 3257 3801 3296 οοιηω-

410 3329 810 3400 proverbium,
848 3325 1006 3397 quod
1056 3324 1274 3378 dicitur
1331 3322 1400 3376 de
1449 3321 1523 3374 iis
1579 3320 1677 3390 qui
1736 3317 2047 3371 diuturnas

407 3418 754 3472 inimicitias
786 3416 1066 3471 adversus
1096 3412 1332 3482 aliquos
1357 3413 1586 3482 gerunt.

477 3509 926 3581 Empedotimus
958 3506 1197 3577 scripsit
1243 3501 1367 3576 περὶ
1425 3505 1656 3576 φυοικῆς
1714 3496 2046 3571 ἀκροάσεως,

406 3600 480 3654 De
502 3599 734 3669 physica
764 3597 1183 3661 auscultatione,
1217 3593 1288 3648 de
1322 3609 1436 3663 quo
1468 3589 1778 3660 (Julianus)
1812 3586 1838 3638 ὁ
1871 3605 2042 3658 παρα-

405 3681 576 3757 ϐάτης
609 3689 670 3742 in
687 3704 864 3758 opere
897 3684 1054 3756 quod
1086 3685 1286 3740 Cronia
1315 3680 1697 3736 inscribitur:
1732 3698 1759 3726 «
1793 3677 1907 3730 Nos
1940 3692 2044 3729 au-

403 3801 430 3828 ‹‹
467 3783 606 3844 tem,
636 3777 1046 3847 Empedotimo
1079 3779 1136 3827 et
1164 3772 1506 3844 Pythagorae
1538 3767 1868 3829 credentes,
1894 3769 1952 3818 et
1973 3764 2044 3818 iis

2154 3321 2286 3377 dim.

2223 3413 2548 3485 Ephippus,
2581 3415 2902 3484 Cumanus,
2930 3417 3089 3472 ﬁlius
3121 3417 3567 3489 Demophili'vel
3595 3420 3796 3475 Antio-

2153 3501 2268 3567 chi,
2292 3503 2567 3557 Isocratis
2583 3504 2834 3560 oratoris
2855 3505 3458 3576 auditor,historicus,
3477 3509 3576 3578 qui
3597 3509 3784 3563 lilium

2151 3590 2358 3646 habuit
2396 3593 2835 3664 Demophilum,
2868 3595 3240 3650 historicum.
3280 3597 3429 3650 Vixit
3458 3596 3794 3668 Olympiade

2149 3679 2339 3746 XCIII,
2373 3681 2454 3735 ita
2475 3687 2542 3735 ut
2562 3681 2819 3753 Philippi
2841 3683 3174 3738 Macedonis
3198 3701 3446 3755 regnum
3467 3690 3798 3740 antecesse-

2150 3767 2241 3821 rit.
2277 3769 2522 3839 Scripsit
2553 3771 2942 3826 Historiarum
2971 3771 3042 3826 ah
3075 3773 3165 3826 Ilii
3192 3775 3624 3845 expugnatione
3655 3776 3793 3828 Tro-

401 3890 428 3917 (ι
466 3885 596 3938 qum
629 3865 966 3921 Heraclides
999 3863 1277 3919 Ponticus
1309 3861 1380 3915 ab
1413 3859 1532 3912 illis
1581 3861 1822 3926 accepta
1863 3851 2045 3907 tradi-
2140 3856 2406 3927 janoque
2436 3857 2594 3912 bello
2626 3859 2698 3913 ad
2729 3876 2837 3914 sua
2865 3877 3054 3931 usque
3075 3865 3341 3932 tempora
3371 3886 3391 3909 ι
3419 3862 3599 3916 libros
3623 3862 3790 3932 XXX,

398 3978 426 4006 «
461 3956 568 4025 dit,
602 3961 659 4009 et
689 3955 864 4026 paulo
897 3959 1032 4009 ante
1065 3952 1321 4022 inclytus
1352 3949 1453 4002 ille
1484 3962 1682 4001 rerum
1715 3944 2043 3998 divinarum

401 4065 427 4092 ί(
458 4044 750 4114 interpres
780 4041 1100 4096 Jamblicus
1133 4037 1306 4092 nobis
1336 4034 1613 4090 ostendit.

471 4130 744 4190 Ἐνιαυτὸς
776 4127 1052 4194 Μέτωνος,
1103 4141 1281 4181 annus
1334 4125 1581 4188 Metonis,
1630 4121 1692 4175 id
1743 4125 1832 4176 est
1878 4119 2040 4174 orbis

397 4236 688 4273 annorum
719 4217 862 4272 XIX.
897 4219 1046 4271 Meto
1074 4215 1256 4281 enim,
1315 4211 1795 4276 mathematicus,
1847 4209 2040 4280 perio-

398 4307 538 4362 dum
571 4307 854 4377 temporis
889 4323 957 4360 ex
986 4306 1116 4360 XIX
1145 4303 1320 4357 annis
1351 4305 1722 4356 constantem
1755 4299 1997 4353 invenit.

463 4397 706 4466 Ennius,
739 4402 913 4468 poeta
941 4399 1243 4450 Romanus
1269 4391 1353 4463 (id
1384 4395 1473 4444 est
1526 4389 1811 4458 Latinus),
1860 4405 2036 4459 quem

386 4487 648 4542 [Elianus
680 4484 854 4541 laude
887 4484 1130 4557 dignum
1161 4497 1288 4536 esse
1328 4480 1429 4542 ait,
1485 4477 1642 4550 quod
1699 4478 2036 4549 Scipionem

2148 3967 2176 3994 «
2214 3950 2289 4000 De
2322 3946 2494 4000 bonis
2528 3952 2586 4001 et
2619 3947 2791 4003 malis
2822 3948 2993 4004 libris
3025 3950 3194 4006 XXIV
3225 3967 3238 4003 :
3290 3953 3507 4006 Rerum
3539 3951 3792 4006 admirao

2145 4057 2173 4084 «
2208 4034 2418 4089 bilium
2446 4037 2554 4088 τῶν
2606 4035 2932 4110 ἑκασταχοῦ,
2981 4055 3112 4110 quas
3166 4039 3228 4093 in
3287 4040 3490 4110 quavis
3549 4041 3785 4112 regione

2147 4146 2173 4174 «
2207 4125 2619 4194 observantur,
2654 4126 2840 4182 libros
2862 4127 2993 4196 XV;
3027 4128 3107 4184 De
3138 4128 3317 4184 rebus
3343 4146 3491 4200 quas
3540 4130 3790 4200 quisque

2146 4236 2174 4265 «
2206 4216 2432 4272 invenit
2461 4216 2646 4271 libros
2675 4218 2746 4284 II,
2777 4221 2835 4272 et
2863 4218 2998 4273 alia.

2216 4315 2507 4385 Ephorus,
2530 4315 2852 4384 Cumanus,
2879 4321 2936 4370 et
2956 4316 3786 4389 'I‘heopompus,Damasistra-

2147 4403 2187 4456 ti
2210 4405 2294 4470 F.,
2318 4405 2517 4470 Chius,
2541 4405 2715 4460 ambo
2738 4406 3013 4461 Isocratis
3037 4406 3447 4478 discipuli,sed
3473 4405 3708 4477 ingenio
3730 4408 3787 4458 et

2147 4492 2297 4562 stylo
2330 4509 2507 4562 quam
2539 4495 2793 4550 maxime
2853 4495 3012 4550 inter
3053 4513 3114 4550 se
3160 4495 3584 4566 discrepantes.
3641 4493 3783 4548 Nam

386 4576 701 4648 magnifice
735 4574 1017 4629 extollere
1049 4571 1295 4642 cupiens
1320 4568 1578 4639 scripsit,
1602 4567 1795 4621 solum
1827 4568 2036 4622 Home-

2173 4581 2414 4652 iphorus
2433 4582 2670 4654 ingenio
2687 4589 2812 4639 erat
2834 4585 3183 4656 simplici,et
3203 4584 3361 4656 quod
3379 4584 3452 4639 ad
3465 4584 3782 4639 dictionem

385 4683 518 4721 rum
551 4665 757 4722 laudes
815 4665 918 4718 illo
977 4663 1183 4735 dignas
1237 4675 1448 4716 canere
1510 4673 1707 4728 posse,
1766 4657 2034 4727 adeoque

387 4755 793 4827 praestantiam
824 4754 952 4826 ejus
977 4751 1308 4823 intelligere
1331 4766 1393 4804 se
1415 4746 1840 4803 demonstravit
1858 4751 2035 4816 poeta

390 4849 714 4921 Messapius
746 4848 878 4919 (hoc
917 4850 1006 4901 est
1051 4843 1298 4910 Ennius,
1359 4841 1460 4912 qui
1505 4856 1539 4894 a
1585 4840 1847 4910 Messapo
1896 4856 2034 4911 rege

389 4955 557 4994 suam
591 4937 896 5010 repetebat
923 4934 1256 5008 originem).

454 5027 540 5078 Ἐν
573 5024 731 5080 πέντε
760 5027 961 5100 κριτῶν
987 5022 1193 5096 γόνασι.
1228 5021 1286 5076 1η
1313 5019 1560 5090 quinque
1579 5019 1840 5090 judicum
1869 5021 2032 5089 geni-

386 5115 500 5170 bus.
535 5115 689 5170 Olim
722 5115 987 5184 quinque
1011 5113 1247 5184 judices
1277 5110 1350 5166 de
1383 5108 1627 5166 comicis
1649 5108 2027 5180 judicabant,

460 5293 570 5359 (65)
603 5297 676 5346 At
705 5293 989 5346 Ki‘isterus
1022 5307 1051 5345 e
1084 5290 1256 5360 codd.
1289 5289 1474 5345 Paris.
1511 5293 1570 5343 et
1598 5293 1839 5360 propter
1868 5291 2028 5347 litte-

385 5379 589 5418 rarum
623 5363 837 5418 seriem
871 5361 1056 5416 edidit
1084 5359 1390 5433 ἐλεγείνειν.
1426 5361 1599 5433 Henr"

2146 4671 2273 4742 ejus
2286 4671 2630 4726 historicam
2644 4673 3138 4746 attinet,supinus
3152 4674 3416 4747 etsegnis
3436 4688 3785 4744 semperque

2141 4759 2448 4814 remissus.
2481 4759 2890 4833 Theopompus
2920 4779 3053 4818 vero
3080 4763 3317 4835 ingenio
3351 4767 3477 4817 erat
3497 4761 3707 4816 acerbo
3732 4765 3789 4814 et

2142 4849 2402 4919 maligno
2429 4867 2441 4916 ;
2476 4854 2535 4904 at
2563 4849 2823 4906 dictione
2853 4853 3129 4923 copiosus
3161 4857 3220 4908 et
3247 4851 3490 4921 densus,
3522 4867 3590 4906 ac
3621 4851 3786 4905 vehe-

2141 4939 2379 4993 mentiaa
2401 4937 2644 5011 plenus:
2671 4946 2883 4996 caetero
2907 4941 3005 5012 qui
3028 4942 3147 4996 veri
3170 4941 3470 4996 studiosus
3492 4941 3553 4994 in
3571 4940 3644 4994 iis
3657 4955 3781 5009 qum

2140 5028 2454 5083 scribebat.
2487 5030 2774 5085 Isocrates
2823 5030 3000 5103 igitur
3032 5033 3189 5087 hunc
3229 5031 3433 5098 frenis,
3480 5031 3776 5101 Ephorum

2138 5133 2272 5172 vero
2303 5117 2634 5173 calcaribus
2658 5118 2920 5191 indigere
2946 5119 3115 5176 dixit.
3134 5121 3545 5192 Theopompas
3562 5123 3779 5186 autem,

2136 5295 2209 5350 ad
2240 5296 2480 5350 Sextum
2501 5297 2885 5367 Empiricum.

2205 5369 2317 5443 (67)
2347 5368 2661 5443 Kﬁster‘ad
2690 5369 2748 5423 h.
2780 5371 2824 5424 Ι.
2861 5376 3001 5443 tom.
3037 5369 3106 5437 II,
3136 5388 3269 5443 pag.
3295 5374 3424 5443 919.
3449 5371 3651 5443 ηομ-8,
3673 5383 3778 5439 pro

458 5435 572 5505 (66)
597 5434 845 5514 Fallitur
865 5433 1096 5514 Su‘idas,
1121 5429 1403 5514 Sc’eptic'is
1427 5429 1721 5514 tribuens,
1741 5434 1894 5514 quod
1917 5435 2028 5514 fuit

2173 5429 2422 5514 ρίάδςόντα
2448 5439 2508 5491 τὸ
2544 5438 2665 5508 ἒξῆς
2688 5444 2880 5514 περεῖν-
2899 5429 3422 5514 Ιθςθῐνθίῐῖιδῖὶῐτρὶς
3451 5441 3510 5494 τὸ
3543 5429 3776 5514 ὲξῆξἰξτ.,

384 5501 781 5577 quorumdam
797 5502 1457 5577 AcademicorumNam
1476 5501 1721 5577 Sceptici
1739 5501 1887 5577 nihil
1906 5513 2025 5563 sta-

384 5571 629 5634 fuerunt
659 5593 855 5648 neque
884 5571 1265 5648 Roypa't'ctgatv,
1295 5572 1398 5648 sed
1416 5573 1827 5648 tantummodo
1850 5575 2024 5632 dubi-

381 5655 506 5708 tare
538 5668 601 5708 se
628 5641 1079 5722 profitebantur.
1119 5642 1278 5712 Vide,
1315 5643 1364 5698 si
1394 5641 1610 5713 placet,
1645 5657 1776 5712 qum
1826 5652 2021 5706 notavi

2135 5509 2217 5584 ter
2246 5511 2513 5584 dejectum
2533 5513 2700 5584 fuisse
2717 5511 2789 5567 ab
2814 5509 3178 5582 adversario,
3197 5509 3484 5584 suamque
3509 5509 3778 5567 emenda-

2134 5582 2361 5638 tionem
2396 5581 2513 5637 late
2544 5583 2910 5655 pulchreque
2942 5581 3198 5657 explicat
3227 5581 3579 5662 probatque.
3606 5584 3778 5637 HARL.
