4128 6308
257 437 409 496 1257

1556 429 1655 490 DE
1696 427 1983 499 QUIBUS
2029 429 2340 490 SUlDAS.

3504 417 3669 482 1258

253 569 312 622 in
345 566 619 621 exsilium
650 565 896 636 ejectus,
925 563 1174 638 supplex
1227 565 1300 620 ad
1359 563 1646 635 templum
1701 565 1899 619 Dianai
1930 560 1984 628 Α
2015 561 2334 631 quotannis
2362 558 2683 631 parentari,
2733 557 2844 612 sibi
2886 572 3021 611 vero
3079 553 3192 621 bis,
3228 557 3339 607 etc.
3398 552 3668 622 Epicurei

252 656 520 727 Ephesia:
552 655 834 726 confugit.
869 655 1078 710 Multas
1130 654 1308 708 etiam
1368 652 1649 723 epistolas
1703 657 1910 708 contra

254 745 428 799 Chios
459 744 532 799 ad
563 743 962 800 Alexandrum
1014 743 1197 810 misit,
1250 741 1646 812 eumdemque
1702 741 1908 796 multis

253 833 532 889 laudibus
590 833 839 888 ornavit.
897 832 1123 886 Dicitur
1180 831 1358 886 etiam
1417 831 1907 902 vituperationem

261 922 391 992 ejus
422 921 750 992 scripsisse,
785 920 886 975 sed
919 939 1051 992 quas
1084 939 1203 976 non
1236 925 1443 976 exstat.

336 1010 941 1082 Epicharmus,Tityri
971 1011 1060 1066 vel
1092 1011 1351 1065 Chimari
1375 1009 1465 1065 vel
1489 1009 1698 1064 Sicidis
1727 1010 1906 1078 ﬁlius,

256 1100 682 1172 Syracusanus,
715 1099 805 1154 vel
863 1115 933 1154 ex
987 1101 1333 1155 Sicanorum
1392 1099 1646 1168 civitate,
1679 1101 1905 1167 Crasto,

255 1189 356 1260 qui
380 1205 502 1244 una
523 1204 655 1242 cum
672 1187 949 1242 Phormio
965 1187 1315 1244 commdiam
1341 1187 1642 1259 Syracusis
1661 1187 1904 1242 invenit.

254 1277 467 1332 Docuit
495 1275 727 1331 fabulas
758 1276 868 1344 L11,
901 1277 1016 1345 vel,
1049 1283 1116 1333 ut
1153 1279 1344 1348 Lycon
1376 1277 1476 1346 ait,
1509 1277 1731 1332 XXXV.
1764 1277 1909 1341 Qui-

257 1365 394 1421 dam
428 1366 672 1422 tradunt
701 1366 896 1437 ipsum
925 1367 1108 1422 fuisse
1140 1367 1344 1434 Coum,
1377 1383 1562 1421 unum
1605 1383 1674 1420 ex
1701 1366 1774 1420 iis
1806 1365 1906 1436 qui

255 1471 389 1511 cum
418 1455 637 1510 Cadmo
662 1455 723 1509 in
755 1455 1018 1510 Siciliam
1049 1456 1417 1528 migrarunt;
1451 1454 1552 1509 alii
1602 1453 1906 1520 Samium;

256 1546 356 1600 alii
383 1546 645 1617 Megaris,
673 1545 816 1600 urbe
840 1545 1054 1600 Sicilia;
1077 1546 1416 1601 oriundum.
1451 1546 1584 1600 Fuit
1603 1562 1703 1599 sex
1733 1544 1907 1599 annis

257 1634 394 1684 ante
427 1629 653 1684 bellum
686 1629 990 1684 Persicum
1014 1629 1318 1699 Syracusis
1341 1629 1561 1684 docens
1587 1646 1600 1696 ;
1627 1645 1741 1698 quo
1765 1632 1908 1682 tem-

256 1736 398 1792 pore
423 1720 669 1774 Athenis
700 1721 912 1774 Euetes
935 1724 994 1774 et
1022 1719 1356 1774 Euxenides
1378 1725 1436 1774 et
1462 1719 1648 1790 Mylus
1676 1716 1908 1773 fabulas

260 1808 537 1863 edebant.

2015 651 2154 705 SCto
2177 653 2362 706 Roma
2397 655 2536 705 sunt
2565 649 2761 720 ejecti,
2795 647 3036 702 eosdem
3069 645 3346 715 expulere
3394 642 3668 697 Messenii

2016 744 2077 797 in
2111 742 2376 808 Arcadia,
2410 741 2602 811 iisque
2636 739 2896 811 expulsis
2946 743 3128 793 totam
3172 735 3382 790 urbem
3415 734 3671 788 aTimu-

2016 833 2164 900 chis,
2197 833 2640 904 magistratibus
2701 831 2844 895 suis,
2907 830 3178 884 fecerunt
3232 826 3470 898 purgari
3515 825 3675 879 velut

2017 923 2289 994 sordibus
2321 922 2678 993 quibusdam
2713 926 2770 974 et
2804 919 3206 992 purgamentis
3239 916 3570 970 liberatam.
3605 917 3671 969 In

2016 1015 2186 1069 Creta
2207 1030 2441 1084 quoque
2474 1013 2654 1084 Lyctii
2687 1013 2800 1082 (68)
2833 1011 3122 1082 quosdam
3154 1009 3494 1079 Epicureos,
3528 1007 3672 1062 illuc

2016 1105 2334 1176 profectos,
2375 1103 2749 1174 expulerunt,
2785 1102 3094 1174 legemque
3129 1099 3394 1154 tulerunt
3427 1115 3439 1152 :
3475 1121 3502 1146 «
3537 1096 3674 1168 Epi-

2017 1215 2044 1244 ‹‹
2079 1194 2239 1248 curei
2275 1193 2582 1264 sapientiai
2616 1192 2970 1247 effeminatos
3004 1196 3062 1245 et
3086 1188 3395 1261 degeneris
3437 1203 3505 1242 ac
3537 1193 3672 1240 tur-

2017 1306 2045 1333 ι(
2079 1283 2169 1353 pis
2187 1283 2524 1336 inventores
2547 1281 2780 1352 diisque
2813 1281 2982 1334 invisi
3012 1295 3118 1350 per
3143 1276 3437 1350 praaconis
3461 1291 3678 1332 vocem

2017 1395 2046 1424 «
2082 1373 2254 1444 Lycto
2287 1371 2570 1427 excedere
2596 1371 2903 1442 jubentor,
2933 1392 2959 1419 ››
2993 1375 3105 1425 etc.

2089 1465 2395 1537 Epigenes,
2421 1465 2704 1519 comicus.
2731 1465 2811 1517 Ex
2828 1463 2957 1534 ejus
2980 1463 3195 1518 fabulis
3230 1473 3370 1522 sunt
3400 1465 3672 1542 Ἥρωΐνη,

2017 1555 2362 1625 Μνημάτιον,
2396 1553 2593 1627 Βακχεί
2629 1554 2755 1625 (aut
2781 1554 2866 1607 uti
2899 1555 3112 1608 Kuster
3156 1572 3224 1610 ex
3258 1558 3543 1612 Athenaeo
3574 1559 3671 1625 IX,

2016 1660 2147 1715 pag.
2185 1645 2306 1709 184,
2340 1642 2511 1698 malit
2541 1642 2798 1715 Βάκχαι).
2825 1643 3106 1697 Athenaeo
3134 1652 3498 1701 memoratas.
3519 1648 3672 1701 Dua-

2018 1749 2151 1786 rum
2177 1731 2430 1786 aliarum
2463 1731 2708 1786 nomina
2739 1730 2905 1785 addit
2933 1732 3098 1786 Kust.

2090 1822 2469 1895 Ἐπιγραμμα.
2517 1823 2734 1877 Omnes
2775 1822 3222 1893 inscriptiones,
3254 1827 3521 1895 quamvis
3551 1843 3674 1882 non

327 1898 664 1991 Epicrates_v_
687 1897 1140 1991 AtheniePSium
1171 1901 1392 1991 οΓίξίοΓν
1427 1895 1758 1991 “Sy-33¢?“
1788 1897 1906 1951 ὁπ’
1943 1926 1989 1991 Β
2020 1917 2298 1967 constent
2327 1911 2614 1977 versibus,
2643 1911 2924 1966 dicuntur
2954 1913 3404 1983 epigrammata.

259 1988 413 2056 biger
471 1986 825 2058 appellatus,
877 1988 1046 2058 cujus
1097 1987 1422 2042 meminere
1462 1987 1906 2057 Aristophanes,

259 2075 422 2130 Plato
450 2076 710 2130 comicus
739 2080 796 2128 et
825 2076 1275 2141 Demosthenes,
1305 2081 1452 2131 orat.
1482 2078 1557 2130 De
1580 2076 1728 2144 falsa
1757 2077 1906 2145 lega-

261 2165 429 2219 tione.
476 2164 662 2231 Alius,
723 2163 896 2235 cujus
948 2165 1222 2219 meminit
1280 2165 1599 2236 Lycurgus,
1657 2169 1802 2219 orat.
1835 2165 1908 2218 De

260 2254 737 2308 administratione
790 2255 978 2308 aerarii
1035 2270 1212 2324 quem
1267 2258 1542 2308 sexcenta
1595 2254 1816 2308 talenta
1846 2253 1907 2308 in

259 2344 429 2398 bonis
461 2342 739 2397 habuisse
792 2343 978 2397 aiunt.
1039 2342 1202 2398 Alius
1261 2343 1584 2414 Epicrates,
1617 2343 1908 2398 {Eschinis

255 2432 506 2488 oratoris
528 2431 855 2502 afﬁnis,qui
877 2431 1166 2502 Cyrebion
1186 2432 1734 2504 cognominabatur,
1761 2437 1907 2487 teste

260 2521 679 2588 Demosthene,
713 2526 862 2575 orat.
896 2526 1104 2575 contra
1133 2520 1487 2576 zEschinem.

329 2614 627 2684 Epictetus
661 2627 730 2665 ex
777 2610 1073 2681 Hierapoli
1135 2610 1423 2682 Phrygias,
1488 2610 1904 2682 philosOphus,

265 2719 466 2758 servus
499 2699 906 2772 Epaphroditi,
939 2700 1116 2754 unius
1149 2699 1218 2754 de
1253 2699 1609 2754 satellitibus
1643 2700 1784 2770 imp.
1811 2703 1912 2754 Ne-

266 2793 447 2847 ronis.
475 2790 558 2845 Ob
585 2789 986 2845 deﬂuxionem
1020 2788 1204 2843 altero
1228 2805 1397 2842 crure
1425 2788 1638 2842 debilis
1660 2789 1720 2842 in
1748 2806 1910 2843 novae

264 2880 420 2952 Epiri
457 2879 620 2947 urbe,
640 2878 926 2949 Nicopoli,
952 2876 1235 2933 habitavit
1256 2882 1312 2931 et
1337 2877 1511 2931 vitam
1543 2894 1729 2947 usque
1744 2877 1815 2932 ad
1840 2879 1909 2933 M.

262 2973 548 3028 Antonini
574 2971 891 3042 imperium
909 2970 1205 3041 produxit.
1231 2969 1476 3040 Scripsit
1498 2970 1703 3024 multa.
1726 2970 1914 3023 Theo-

269 3061 890 3134 sebius,philosophus
905 3060 1091 3115 multa
1107 3077 1174 3113 ex
1188 3059 1435 3130 Epicteti
1457 3059 1677 3114 scholis
1689 3059 1914 3114 desum-

265 3157 367 3224 pta
388 3152 552 3220 dixit,
577 3151 694 3206 alia
725 3150 777 3204 ei
813 3150 936 3221 ipse
953 3149 1521 3220 excogitavit.Quare
1549 3154 1918 3219 etprwcepta

273 3242 404 3297 vita)
429 3240 646 3296 talibus
673 3239 840 3294 libris
863 3239 1206 3310 complexus
1229 3243 1318 3293 est
1347 3243 1405 3292 et
1424 3237 1752 3309 posteritati
1775 3238 1916 3292 reli-

273 3331 421 3402 quit,
455 3328 732 3401 qualibus
764 3333 822 3382 et
850 3328 1171 3399 Epictetus,
1206 3328 1287 3382 ita
1317 3331 1382 3380 ut
1406 3327 1595 3381 nostri
1635 3328 1917 3398 temporis

272 3421 572 3492 Epictetus
587 3435 714 3473 esse
738 3417 1026 3485 videatur,
1043 3417 1301 3488 exceptis
1323 3421 1525 3472 tamen
1543 3416 1924 3487 opinionibus

269 3509 502 3564 Stoicis.
527 3507 888 3562 Theosebius
922 3507 1081 3561 enim
1114 3506 1336 3560 nullius
1369 3505 1674 3576 scriptoris
1694 3506 1926 3576 Opinio-

272 3615 380 3653 nes
406 3604 522 3653 tam
559 3596 1027 3668 amplectebatur
1057 3600 1116 3651 et
1145 3595 1570 3660 admirabatur,
1594 3611 1772 3665 quam
1794 3594 1926 3648 Pla-

275 3689 434 3742 tonis
487 3688 813 3743 veritatem.
869 3684 1205 3750 Quinetiam
1264 3683 1582 3754 quemdam
1656 3683 1928 3738 libellum

276 3777 647 3848 conscripsit,
682 3775 753 3830 de
784 3771 962 3829 rebus
1003 3774 1064 3827 in
1117 3771 1314 3843 magni
1375 3771 1588 3826 Politia
1618 3771 1928 3842 (Platonis)

277 3865 576 3937 eleganter
605 3863 798 3918 dictis.
846 3861 1120 3927 Quamvis
1179 3878 1365 3931 remp.
1416 3877 1535 3914 non
1581 3860 1791 3931 attigit,
1825 3858 1928 3914 sed

278 3955 570 4026 privatum
603 3953 787 4008 coluit
816 3952 946 4004 vita:
980 3967 1187 4022 genus,
1222 3950 1316 4004 cui
1348 3956 1406 4003 et
1431 3950 1700 4004 Socrates
1731 3949 1831 4003 ille
1874 3955 1922 4003 el

2045 3956 2324 4017 κοινωνίας
2363 3954 2453 4009 καὶ
2513 3951 2778 4030 διαφορᾶς
2804 3957 2911 4008 τῶν
2969 3951 3202 4007 στάτεων
3261 3976 3288 4002 ‹‹

2090 2001 2388 2071 Epylicus,
2414 2006 2587 2072 poeta
2618 2003 2900 2056 comicus.
2935 2003 3015 2054 Ex
3045 2001 3264 2058 fabulis
3294 2004 3422 2075 ejus
3455 2011 3544 2060 est
3573 2025 3672 2058 κο-

2019 2093 2300 2172 ραλίσκος,
2331 2099 2398 2148 ut
2427 2094 2594 2147 testis
2626 2098 2716 2146 est
2745 2092 3086 2157 Athenaeus,
3134 2093 3235 2147 lib.
3278 2095 3370 2162 IV,
3402 2112 3532 2168 pag.
3569 2099 3670 2150 133

2022 2191 2080 2242 et
2113 2189 2234 2254 146,
2268 2183 2368 2238 ubi
2403 2183 2682 2237 scribitur
2712 2178 3098 2254 Κωραλίσκος.

2088 2272 2490 2346 Epimenides,
2524 2270 2739 2325 thsti
2764 2275 2867 2325 aut
2896 2271 3163 2326 Dosiadm
3193 2277 3295 2326 aut
3324 2273 3666 2344 Agiasarchi

2019 2366 2102 2433 F.,
2136 2367 2324 2418 matre
2357 2360 2571 2426 Blasta,
2592 2358 2890 2412 Cretensis
2911 2357 3211 2424 Cuossius,
3246 2366 3421 2430 poeta
3439 2361 3665 2431 epicus.

2021 2455 2206 2525 Hujus
2228 2452 2489 2508 animam
2513 2449 2712 2504 ferunt
2740 2465 2984 2518 corpore
3012 2449 3359 2515 excessisse,
3392 2451 3660 2520 quandiu

2018 2541 2144 2612 ipse
2167 2539 2468 2601 voluisset,
2503 2541 2561 2590 et
2581 2540 2785 2607 postea
2810 2535 2870 2588 in
2889 2534 3037 2589 illud
3069 2551 3370 2590 reversam
3391 2552 3541 2606 esse,
3560 2553 3661 2592 cu-

2021 2635 2257 2698 temque
2288 2627 2462 2697 longo
2487 2629 2619 2695 post
2644 2628 2896 2678 mortem
2917 2623 3044 2693 ejus
3063 2628 3327 2694 tempore
3363 2625 3668 2679 inventam

2018 2715 2303 2790 γράμμασι
2354 2710 2726 2775 κατάστικτον,
2763 2710 2974 2765 litteris
3007 2716 3291 2765 notatam.
3339 2711 3504 2766 Unde
3536 2728 3673 2782 pro-

2019 2804 2285 2859 verbium
2316 2796 2651 2871 ἐπιμενίόιον
2687 2795 2859 2872 δέρμα
2896 2799 2968 2852 de
2999 2798 3178 2853 rebus
3214 2799 3559 2853 reconditis.
3589 2799 3679 2852 Vi-

2021 2893 2107 2946 xit
2135 2888 2479 2961 Olympiade
2503 2889 2672 2954 XXX,
2701 2892 2840 2940 utet
2861 2893 3088 2957 septem
3131 2886 3685 2957 sapientesGraaciaa

2021 2979 2616 3043 antecesseritaatate,
2639 2975 2728 3029 vel
2754 2975 2962 3030 saltem
2993 2974 3136 3029 illos
3153 2975 3430 3045 attigerit.
3450 2974 3686 3044 Hicjam

2024 3085 2203 3124 senex
2232 3067 2512 3133 Athenas,
2546 3065 2790 3136 Cylonio
2819 3063 3046 3119 scelere
3077 3063 3358 3134 pollutas,
3401 3062 3682 3117 lustravit

2026 3157 2259 3228 Olymp.
2306 3155 2493 3210 XLIV.
2553 3153 2799 3223 Scripsit
2855 3152 3044 3206 multa
3072 3151 3378 3206 versibus:
3413 3151 3676 3221 itemque

2029 3245 2296 3300 oratione
2348 3259 2543 3314 prosa,
2578 3241 2864 3312 mysteria
2895 3240 3166 3311 quasdam
3209 3245 3268 3295 et
3296 3239 3681 3294 lustrationes

2031 3342 2088 3392 et
2116 3336 2234 3390 alia
2257 3333 2648 3406 aenigmatica.
2683 3331 2767 3386 Ad
2802 3333 2958 3386 hunc
2998 3331 3177 3386 Solon
3208 3330 3514 3401 legislator
3535 3329 3681 3384 scri-

2030 3425 2168 3496 psit,
2194 3421 2637 3494 reprehendens
2657 3420 2822 3475 urbis
2845 3420 3282 3474 lustrationem.
3316 3418 3470 3472 Vixit
3490 3433 3682 3473 annos

2032 3515 2116 3569 CL
2147 3520 2204 3568 et
2235 3530 2336 3568 sex
2367 3512 2682 3568 continuos
2704 3509 3001 3564 dormivit.

2105 3603 2380 3674 Epinicus
2415 3607 2474 3655 et
2503 3601 2627 3670 ipse
2659 3599 2943 3666 comicus,
2973 3615 3042 3652 ex
3067 3598 3240 3670 cujus
3279 3596 3497 3652 fabulis
3527 3595 3685 3648 Ὑπο-

2037 3688 2382 3762 ϐάΛλόμεναι
2413 3690 2694 3743 Αιὶιθιιωο
2727 3692 3086 3742 memorata).

2108 3780 2495 3851 Epiphanius,
2517 3777 2751 3847 Ulpiani
2777 3778 2860 3844 F.,
2886 3778 3168 3841 Petraeus,
3194 3774 3482 3845 sophista,
3509 3774 3609 3844 qui
3633 3776 3692 3827 et

2038 3871 2098 3924 in
2131 3869 2342 3941 patria,
2377 3870 2567 3931 Petra,
2623 3871 2680 3920 et
2736 3865 2985 3920 Athenis
3026 3865 3246 3920 docuit.
3280 3863 3528 3934 Scripsit
3557 3859 3690 3935 Περὶ

3343 3954 3423 4007 De
3457 3951 3528 4006 iis
3559 3968 3691 4021 qua;

279 4044 579 4114 Epictetus
635 4039 726 4093 καὶ
770 4043 873 4098 πᾶς
903 4037 960 4091 εὗ
993 4041 1233 4113 φρονῶν,
1267 4043 1324 4092 et
1353 4038 1604 4109 quilibet
1656 4038 1932 4093 cordatus
2041 4071 2068 4098 «
2089 4054 2275 4104 status
2302 4063 2614 4102 causarum
2641 4045 2799 4098 inter
2830 4060 2891 4099 se
2919 4059 3265 4098 communes
3295 4042 3519 4097 habent
3549 4047 3607 4096 et
3628 4041 3691 4095 in

285 4132 503 4198 studet,
540 4136 673 4197 etc.,
709 4147 777 4184 ea:
808 4130 1113 4183 Damascio.

354 4221 663 4292 Epicurus,
689 4217 922 4273 Neoclis
943 4219 1032 4281 F.,
1053 4216 1452 4282 Atheniensis,
1472 4215 1689 4288 populo
1706 4219 1936 4288 Garget-

287 4311 423 4377 tius,
452 4315 640 4364 matre
665 4309 1078 4370 Chairestrata,
1111 4305 1295 4360 frater
1319 4306 1569 4375 Neoclis,
1591 4305 1935 4362 Chmredeni

289 4404 347 4453 et
371 4398 713 4466 Aristobuli,
757 4397 879 4452 sive
914 4395 1292 4460 Aristodemi,
1326 4395 1733 4468 phiIOSOphari
1765 4397 1942 4466 coepit

292 4488 364 4542 ab
375 4505 532 4544 anno
547 4487 898 4543 duodecimo
917 4485 1136 4541 aatatis:
1159 4485 1452 4556 pecularis
1467 4491 1642 4541 secta)
1669 4485 1942 4540 conditor

283 4579 353 4630 Et
381 4578 646 4646 primum
679 4575 928 4645 quidem
961 4575 1117 4629 Sami
1147 4591 1278 4629 cum
1304 4575 1650 4645 parentibus
1679 4591 1940 4630 commo-

2048 4158 2069 4185 ι
2105 4138 2320 4209 quibus
2351 4135 2653 4190 differunt.
2696 4136 3244 4206 Progymnasmata.
3299 4130 3692 4186 Declamatio-

2046 4249 2070 4280 α
2105 4244 2232 4282 nes.
2290 4225 2597 4281 Orationes
2652 4223 3088 4278 Demarchicas.
3149 4222 3490 4278 Orationem
3531 4219 3695 4274 Pole-

2045 4339 2074 4368 α
2106 4315 2465 4371 marcliicam
2501 4312 2708 4386 Λόγους
2739 4309 3159 4380 ἐπιδεικτικούς,
3189 4312 3307 4366 sive
3351 4309 3694 4380 Eloquentia?

2043 4409 2342 4478 specimina
2373 4411 2426 4460 et
2465 4405 2819 4460 Theoremata
2849 4402 3121 4472 quasdam
3148 4399 3514 4456 miscellanea.

2115 4495 2501 4567 Epiphanius,
2533 4493 2847 4564 episcOpus
2878 4490 3260 4558 Constantia),
3294 4488 3461 4543 urbis
3491 4486 3693 4556 Cypri,

2048 4586 2191 4640 olim
2224 4584 2475 4639 Salamis
2505 4583 2698 4636 dicta).
2741 4581 2988 4651 Scripsit
3017 4586 3224 4635 contra
3254 4594 3461 4632 omnes
3510 4577 3702 4630 haere-

283 4669 445 4720 ratus
482 4669 592 4732 est,
627 4663 841 4718 deinde
891 4663 1184 4734 Mitylene)
1245 4680 1468 4719 annum
1526 4680 1714 4718 unum
1764 4664 1922 4718 scola

2053 4695 2146 4732 ses
2177 4718 2190 4743 ,
2251 4675 2435 4728 libros
2470 4714 2485 4742 ,
2541 4672 2642 4742 qui
2691 4673 2937 4725 Panaria
2989 4674 3274 4723 vocantur
3305 4711 3318 4723 .
3379 4667 3526 4720 Item
3583 4663 3729 4718 alia:

281 4751 749 4824 praefuit,postea
771 4750 1072 4820 Lampsaci
1097 4750 1317 4819 docuit,
1334 4754 1392 4805 et
1413 4750 1675 4820 denique
1701 4751 1943 4806 Athenis

283 4843 344 4896 in
382 4841 552 4895 horto
585 4855 712 4895 suo.
767 4838 1003 4894 Audivit
1031 4840 1470 4909 Nausiphanem
1505 4840 1944 4894 Democriteum

292 4937 350 4986 et
405 4932 808 5003 Pamphilum,
859 4930 1124 4985 Platonis
1182 4929 1577 5000 discipulum.
1639 4932 1817 4985 Natus
1857 4935 1948 4986 est

289 5021 640 5094 Olympiade
656 5021 792 5088 CIX,
819 5025 1048 5091 septem
1071 5019 1245 5074 annis
1260 5024 1396 5090 post
1415 5024 1667 5074 mortem
1681 5020 1946 5074 Platonis

293 5117 350 5167 et
377 5111 554 5166 vitam
587 5109 868 5181 produxit
897 5125 1085 5178 usque
1117 5108 1191 5162 ad
1222 5123 1598 5163 successores
1627 5108 1946 5164 Alexandri

298 5201 370 5255 Μ.
405 5205 462 5255 et
492 5199 880 5271 Antigonum,
915 5197 1014 5268 qui
1049 5197 1302 5252 Gonatas
1333 5197 1526 5251 dictus
1575 5203 1682 5252 est.
1738 5197 1951 5252 Schola

299 5289 428 5360 ejus
456 5288 788 5359 permansit
815 5302 1004 5356 usque
1035 5285 1108 5340 ad
1139 5287 1428 5340 Ctesarem
1469 5287 1729 5358 primum
1761 5302 1950 5341 annos

297 5376 650 5443 CCXXXVII,
684 5382 742 5431 et
780 5375 936 5430 infra
967 5379 1201 5445 tempus
1233 5374 1391 5430 istud
1423 5377 1544 5430 XIV
1577 5392 1951 5431 successores

299 5464 526 5520 habuit.
561 5465 789 5534 Scripta
808 5464 937 5535 ejus
961 5467 1101 5518 sunt
1131 5463 1336 5518 multa.
1367 5465 1432 5518 In
1465 5469 1818 5520 testamento
1844 5481 1950 5520 suo

291 5552 477 5624 jussit
505 5551 834 5608 Metrodoro
869 5558 926 5608 et
956 5551 1232 5623 Polywno
1265 5551 1570 5608 sodalibus
1611 5553 1734 5609 suis
1767 5553 1954 5609 semel

377 5734 490 5807 (68)
521 5732 734 5789 Confer
767 5735 1104 5805 Tristanum,
1137 5738 1280 5793 tom.
1317 5733 1364 5804 Ι,
1395 5749 1526 5808 pag.
1558 5737 1684 5793 445.

633 5854 898 5916 ΡΑΤιιοι..
943 5856 1058 5918 Gn.
1103 5853 1341 5918 CXVII.

2055 4766 2263 4833 multa,
2297 4780 2429 4834 quas
2460 4778 2494 4816 a
2523 4760 2713 4815 doctis
2736 4764 2978 4830 propter
3004 4775 3097 4813 res
3129 4758 3309 4828 ipsas,
3343 4755 3415 4810 ab
3447 4752 3704 4807 indoctis

2055 4860 2298 4927 prOpter
2331 4851 2530 4906 stilum
2567 4849 2861 4920 leguntur.
2897 4847 3164 4902 Decessit
3209 4846 3270 4898 in
3319 4849 3584 4898 extrema
3613 4857 3704 4896 se-

2055 4946 2315 4997 nectute.

2126 5029 2512 5102 Epiphanius,
2548 5027 2860 5098 episcopus
2915 5024 3218 5095 Selybrim,
3277 5023 3395 5078 sive
3443 5020 3703 5076 Olibriaa.

2057 5123 2302 5195 Scripsit
2329 5117 2492 5191 λόγον
2540 5115 2916 5193 ἁντιρῥητικὸν
2972 5117 3088 5170 κατ’
3136 5115 3552 5185 εἷκονοκαυτῶν,
3586 5113 3706 5169 λίαν

2057 5206 2364 5288 ὠφέλιμον,
2419 5209 2639 5263 librum
2700 5206 2866 5262 valde
2925 5207 3134 5262 utilem
3191 5211 3399 5262 contra
3455 5221 3555 5259 eos
3605 5205 3707 5275 qui

2058 5301 2348 5372 imagines
2379 5297 2746 5353 cremabant.

2131 5389 2498 5461 Epiphanius
2529 5392 2588 5441 et
2616 5385 2972 5457 Euprepius,
2998 5383 3374 5449 Alexandini,
3400 5383 3711 5437 initiorum

2063 5481 2182 5536 sive
2216 5477 2655 5549 mysteriorum,
2690 5475 2847 5546 apud
2875 5473 3306 5529 Alexandrinos
3334 5477 3714 5543 receptorum

2064 5565 2769 5642 peritissimizEuprepius
2783 5563 2964 5635 quide
2980 5579 3039 5617 m
3065 5562 3466 5632 illorum,quae
3481 5559 3720 5614 Persica

3318 5838 3400 5900 40
