  <div class='ocr_page' id='page_1' title='image "/cluster/home/n/w/nwhite01/storage/ocr_20150623/117/mdp.39015038086818/637.png"; bbox 0 0 4128 6308; ppageno 0'>
   <div class='ocr_carea' id='block_1_1' title="bbox 450 379 605 448">
    <p class='ocr_par' dir='ltr' id='par_1_1' title="bbox 450 379 605 448">
     <span class='ocr_line' id='line_1_1' title="bbox 450 379 605 448; baseline 0 -10"><span class='ocrx_word' id='word_1_1' title='bbox 450 379 605 448; x_wconf 75' lang='grc'>1259</span> 
     </span>
    </p>
   </div>
   <div class='ocr_carea' id='block_1_2' title="bbox 1747 368 2544 469">
    <p class='ocr_par' dir='ltr' id='par_1_2' title="bbox 1747 368 2544 469">
     <span class='ocr_line' id='line_1_2' title="bbox 1747 368 2544 469; baseline 0.001 -41"><span class='ocrx_word' id='word_1_2' title='bbox 1747 369 1993 450; x_wconf 83' lang='lat' dir='ltr'>INDEX</span> <span class='ocrx_word' id='word_1_3' title='bbox 2037 368 2544 469; x_wconf 65' lang='lat' dir='ltr'>scale&#39;roaum</span> 
     </span>
    </p>
   </div>
   <div class='ocr_carea' id='block_1_3' title="bbox 3704 374 3861 462">
    <p class='ocr_par' dir='ltr' id='par_1_3' title="bbox 3704 374 3861 462">
     <span class='ocr_line' id='line_1_3' title="bbox 3704 374 3861 462; baseline 0.006 -26"><span class='ocrx_word' id='word_1_4' title='bbox 3704 374 3861 462; x_wconf 70' lang='lat'>£260</span> 
     </span>
    </p>
   </div>
   <div class='ocr_carea' id='block_1_4' title="bbox 447 472 2084 578">
    <p class='ocr_par' dir='ltr' id='par_1_4' title="bbox 447 472 2084 578">
     <span class='ocr_line' id='line_1_4' title="bbox 447 472 2084 578; baseline -0.005 -15"><span class='ocrx_word' id='word_1_5' title='bbox 447 508 846 572; x_wconf 88' lang='lat' dir='ltr'>vacabantur;</span> <span class='ocrx_word' id='word_1_6' title='bbox 879 504 1246 578; x_wconf 83' lang='lat' dir='ltr'>Epiphanius</span> <span class='ocrx_word' id='word_1_7' title='bbox 1286 502 1548 568; x_wconf 90' lang='lat' dir='ltr'>illorum,</span> <span class='ocrx_word' id='word_1_8' title='bbox 1583 517 1714 572; x_wconf 67' lang='lat' dir='ltr'>quas</span> <span class='ocrx_word' id='word_1_9' title='bbox 1746 501 1808 554; x_wconf 89' lang='lat' dir='ltr'>in</span> <span class='ocrx_word' id='word_1_10' title='bbox 1846 472 2084 578; x_wconf 79' lang='lat' dir='ltr'>Osidiris</span> 
     </span>
    </p>
   </div>
   <div class='ocr_carea' id='block_1_5' title="bbox 2212 472 3861 578">
    <p class='ocr_par' dir='ltr' id='par_1_5' title="bbox 2212 497 3861 578">
     <span class='ocr_line' id='line_1_5' title="bbox 2212 497 3861 578; baseline 0.006 -25"><span class='ocrx_word' id='word_1_11' title='bbox 2212 497 2393 554; x_wconf 78' lang='grc' dir='ltr'>πολλὰ</span> <span class='ocrx_word' id='word_1_12' title='bbox 2451 499 2876 572; x_wconf 63' lang='grc' dir='ltr'>παραμένουσιν,</span> <span class='ocrx_word' id='word_1_13' title='bbox 2932 500 3253 558; x_wconf 88' lang='lat' dir='ltr'>dictionem</span> <span class='ocrx_word' id='word_1_14' title='bbox 3313 503 3568 559; x_wconf 83' lang='lat' dir='ltr'>ethicam</span> <span class='ocrx_word' id='word_1_15' title='bbox 3627 514 3861 578; x_wconf 86' lang='lat' dir='ltr'>curant,</span> 
     </span>
    </p>
   </div>
   <div class='ocr_carea' id='block_1_6' title="bbox 450 585 2150 660">
    <p class='ocr_par' dir='ltr' id='par_1_6' title="bbox 450 585 2150 660">
     <span class='ocr_line' id='line_1_6' title="bbox 450 585 2150 660; baseline -0.006 -7"><span class='ocrx_word' id='word_1_16' title='bbox 450 597 743 652; x_wconf 83' lang='lat' dir='ltr'>honorem</span> <span class='ocrx_word' id='word_1_17' title='bbox 793 585 1294 660; x_wconf 86' lang='lat' dir='ltr'>celebrabantur,</span> <span class='ocrx_word' id='word_1_18' title='bbox 1357 597 1414 647; x_wconf 92' lang='lat' dir='ltr'>et</span> <span class='ocrx_word' id='word_1_19' title='bbox 1479 588 1930 646; x_wconf 80' lang='lat' dir='ltr'>celebratissimi</span> <span class='ocrx_word' id='word_1_20' title='bbox 1991 589 2094 644; x_wconf 88' lang='lat' dir='ltr'>Dei</span> <span class='ocrx_word' id='word_1_21' title='bbox 2137 597 2150 618; x_wconf 80' lang='grc' dir='ltr'><strong><em>ί</em></strong></span> 
     </span>
    </p>
   </div>
   <div class='ocr_carea' id='block_1_7' title="bbox 450 682 1348 754">
    <p class='ocr_par' dir='ltr' id='par_1_7' title="bbox 450 682 1348 754">
     <span class='ocr_line' id='line_1_7' title="bbox 450 682 1348 754; baseline -0.009 -12"><span class='ocrx_word' id='word_1_22' title='bbox 450 687 672 754; x_wconf 70' lang='lat' dir='ltr'>Eonis,</span> <span class='ocrx_word' id='word_1_23' title='bbox 705 691 814 742; x_wconf 92' lang='lat' dir='ltr'>etc.</span> <span class='ocrx_word' id='word_1_24' title='bbox 849 683 954 754; x_wconf 85' lang='lat' dir='ltr'>(Ex</span> <span class='ocrx_word' id='word_1_25' title='bbox 995 682 1348 748; x_wconf 81' lang='lat' dir='ltr'>Damascio.)</span> 
     </span>
    </p>
   </div>
   <div class='ocr_carea' id='block_1_8' title="bbox 521 768 2093 848">
    <p class='ocr_par' dir='ltr' id='par_1_8' title="bbox 521 768 2093 848">
     <span class='ocr_line' id='line_1_8' title="bbox 521 768 2093 848; baseline -0.007 -17"><span class='ocrx_word' id='word_1_26' title='bbox 521 773 924 848; x_wconf 86' lang='lat' dir='ltr'>Epistola[IX)</span> <span class='ocrx_word' id='word_1_27' title='bbox 953 771 1170 827; x_wconf 86' lang='lat' dir='ltr'>Juliani</span> <span class='ocrx_word' id='word_1_28' title='bbox 1203 769 1521 841; x_wconf 78' lang='lat' dir='ltr'>parabatm,</span> <span class='ocrx_word' id='word_1_29' title='bbox 1556 769 1628 824; x_wconf 85' lang='lat' dir='ltr'>ad</span> <span class='ocrx_word' id='word_1_30' title='bbox 1678 768 2093 840; x_wconf 82' lang='lat' dir='ltr'>Porphyrium,</span> 
     </span>
    </p>
   </div>
   <div class='ocr_carea' id='block_1_9' title="bbox 449 854 2098 934">
    <p class='ocr_par' dir='ltr' id='par_1_9' title="bbox 449 854 2098 934">
     <span class='ocr_line' id='line_1_9' title="bbox 449 854 2098 934; baseline -0.007 -11"><span class='ocrx_word' id='word_1_31' title='bbox 449 866 831 930; x_wconf 89' lang='lat' dir='ltr'>catholicum,</span> <span class='ocrx_word' id='word_1_32' title='bbox 866 879 997 934; x_wconf 73' lang='lat' dir='ltr'>qum</span> <span class='ocrx_word' id='word_1_33' title='bbox 1019 860 1194 933; x_wconf 86' lang='lat' dir='ltr'>jubet</span> <span class='ocrx_word' id='word_1_34' title='bbox 1233 860 1536 931; x_wconf 82' lang='lat' dir='ltr'>copiosam</span> <span class='ocrx_word' id='word_1_35' title='bbox 1589 859 1816 930; x_wconf 75' lang='lat' dir='ltr'>Georgii</span> <span class='ocrx_word' id='word_1_36' title='bbox 1847 854 2098 930; x_wconf 84' lang='lat' dir='ltr'>(Cappa-</span> 
     </span>
    </p>
   </div>
   <div class='ocr_carea' id='block_1_10' title="bbox 449 946 2092 1026">
    <p class='ocr_par' dir='ltr' id='par_1_10' title="bbox 449 946 2092 1026">
     <span class='ocr_line' id='line_1_10' title="bbox 449 946 2092 1026; baseline -0.007 -14"><span class='ocrx_word' id='word_1_37' title='bbox 449 955 633 1026; x_wconf 91' lang='lat' dir='ltr'>docis)</span> <span class='ocrx_word' id='word_1_38' title='bbox 687 952 1107 1008; x_wconf 86' lang='lat' dir='ltr'>bibliothecam</span> <span class='ocrx_word' id='word_1_39' title='bbox 1165 950 1360 1004; x_wconf 89' lang='lat' dir='ltr'>omnis</span> <span class='ocrx_word' id='word_1_40' title='bbox 1404 949 1640 1021; x_wconf 78' lang='lat' dir='ltr'>generis</span> <span class='ocrx_word' id='word_1_41' title='bbox 1697 946 2092 1018; x_wconf 78' lang='lat' dir='ltr'>philosophis,</span> 
     </span>
    </p>
   </div>
   <div class='ocr_carea' id='block_1_11' title="bbox 447 1034 2092 1108">
    <p class='ocr_par' dir='ltr' id='par_1_11' title="bbox 447 1034 2092 1108">
     <span class='ocr_line' id='line_1_11' title="bbox 447 1034 2092 1108; baseline -0.009 -6"><span class='ocrx_word' id='word_1_42' title='bbox 447 1045 653 1102; x_wconf 88' lang='lat' dir='ltr'>multis</span> <span class='ocrx_word' id='word_1_43' title='bbox 682 1042 860 1098; x_wconf 89' lang='lat' dir='ltr'>etiam</span> <span class='ocrx_word' id='word_1_44' title='bbox 893 1039 1460 1096; x_wconf 80' lang='lat' dir='ltr'>commentariorum</span> <span class='ocrx_word' id='word_1_45' title='bbox 1483 1036 1870 1108; x_wconf 89' lang='lat' dir='ltr'>scriptoribus</span> <span class='ocrx_word' id='word_1_46' title='bbox 1898 1034 2092 1090; x_wconf 82' lang='lat' dir='ltr'>refer-</span> 
     </span>
    </p>
   </div>
   <div class='ocr_carea' id='block_1_12' title="bbox 448 1125 2095 1203">
    <p class='ocr_par' dir='ltr' id='par_1_12' title="bbox 448 1125 2095 1203">
     <span class='ocr_line' id='line_1_12' title="bbox 448 1125 2095 1203; baseline -0.007 -13"><span class='ocrx_word' id='word_1_47' title='bbox 448 1140 592 1201; x_wconf 89' lang='lat' dir='ltr'>tam,</span> <span class='ocrx_word' id='word_1_48' title='bbox 625 1134 686 1188; x_wconf 93' lang='lat' dir='ltr'>in</span> <span class='ocrx_word' id='word_1_49' title='bbox 745 1131 961 1203; x_wconf 84' lang='lat' dir='ltr'>quibus</span> <span class='ocrx_word' id='word_1_50' title='bbox 1019 1133 1079 1185; x_wconf 90' lang='lat' dir='ltr'>et</span> <span class='ocrx_word' id='word_1_51' title='bbox 1134 1128 1322 1184; x_wconf 89' lang='lat' dir='ltr'>multa</span> <span class='ocrx_word' id='word_1_52' title='bbox 1377 1143 1445 1182; x_wconf 89' lang='lat' dir='ltr'>ac</span> <span class='ocrx_word' id='word_1_53' title='bbox 1504 1126 1663 1181; x_wconf 86' lang='lat' dir='ltr'>varia</span> <span class='ocrx_word' id='word_1_54' title='bbox 1717 1125 2095 1181; x_wconf 79' lang='lat' dir='ltr'>Galilaeorum</span> 
     </span>
    </p>
   </div>
   <div class='ocr_carea' id='block_1_13' title="bbox 450 1214 2085 1295">
    <p class='ocr_par' dir='ltr' id='par_1_13' title="bbox 450 1214 2085 1295">
     <span class='ocr_line' id='line_1_13' title="bbox 450 1214 2085 1295; baseline -0.008 -15"><span class='ocrx_word' id='word_1_55' title='bbox 450 1225 690 1295; x_wconf 86' lang='lat' dir='ltr'>scripta,</span> <span class='ocrx_word' id='word_1_56' title='bbox 722 1221 1060 1277; x_wconf 79' lang='lat' dir='ltr'>universam</span> <span class='ocrx_word' id='word_1_57' title='bbox 1093 1218 1165 1274; x_wconf 90' lang='lat' dir='ltr'>ad</span> <span class='ocrx_word' id='word_1_58' title='bbox 1197 1234 1258 1273; x_wconf 92' lang='lat' dir='ltr'>se</span> <span class='ocrx_word' id='word_1_59' title='bbox 1308 1216 1683 1271; x_wconf 81' lang='lat' dir='ltr'>Antiochiam</span> <span class='ocrx_word' id='word_1_60' title='bbox 1734 1214 2085 1273; x_wconf 84' lang='lat' dir='ltr'>transmitti.</span> 
     </span>
    </p>
   </div>
   <div class='ocr_carea' id='block_1_14' title="bbox 522 1303 2095 1378">
    <p class='ocr_par' dir='ltr' id='par_1_14' title="bbox 522 1303 2095 1378">
     <span class='ocr_line' id='line_1_14' title="bbox 522 1303 2095 1378; baseline -0.005 -12"><span class='ocrx_word' id='word_1_61' title='bbox 522 1306 828 1378; x_wconf 71' lang='grc' dir='ltr'>Ἐποποΐα,</span> <span class='ocrx_word' id='word_1_62' title='bbox 889 1309 974 1364; x_wconf 91' lang='lat' dir='ltr'>sic</span> <span class='ocrx_word' id='word_1_63' title='bbox 1020 1311 1262 1362; x_wconf 80' lang='lat' dir='ltr'>vocatur</span> <span class='ocrx_word' id='word_1_64' title='bbox 1316 1305 1566 1360; x_wconf 87' lang='lat' dir='ltr'>historia</span> <span class='ocrx_word' id='word_1_65' title='bbox 1629 1303 1868 1359; x_wconf 89' lang='lat' dir='ltr'>heroico</span> <span class='ocrx_word' id='word_1_66' title='bbox 1922 1318 2095 1358; x_wconf 90' lang='lat' dir='ltr'>versu</span> 
     </span>
    </p>
   </div>
   <div class='ocr_carea' id='block_1_15' title="bbox 447 1392 2094 1473">
    <p class='ocr_par' dir='ltr' id='par_1_15' title="bbox 447 1392 2094 1473">
     <span class='ocr_line' id='line_1_15' title="bbox 447 1392 2094 1473; baseline -0.007 -15"><span class='ocrx_word' id='word_1_67' title='bbox 447 1401 685 1473; x_wconf 88' lang='lat' dir='ltr'>scripta.</span> <span class='ocrx_word' id='word_1_68' title='bbox 729 1401 871 1454; x_wconf 87' lang='lat' dir='ltr'>Nam</span> <span class='ocrx_word' id='word_1_69' title='bbox 926 1396 1144 1470; x_wconf 85' lang='lat' dir='ltr'>poesis,</span> <span class='ocrx_word' id='word_1_70' title='bbox 1194 1411 1326 1466; x_wconf 84' lang='lat' dir='ltr'>quae</span> <span class='ocrx_word' id='word_1_71' title='bbox 1356 1399 1520 1449; x_wconf 89' lang='lat' dir='ltr'>caret</span> <span class='ocrx_word' id='word_1_72' title='bbox 1565 1392 1787 1460; x_wconf 86' lang='lat' dir='ltr'>fabula,</span> <span class='ocrx_word' id='word_1_73' title='bbox 1837 1397 1927 1447; x_wconf 91' lang='lat' dir='ltr'>est</span> <span class='ocrx_word' id='word_1_74' title='bbox 1955 1401 2094 1463; x_wconf 80' lang='lat' dir='ltr'>epo-‘-</span> 
     </span>
    </p>
   </div>
   <div class='ocr_carea' id='block_1_16' title="bbox 489 1507 621 1547">
    <p class='ocr_par' dir='ltr' id='par_1_16' title="bbox 489 1507 621 1547">
     <span class='ocr_line' id='line_1_16' title="bbox 489 1507 621 1547; baseline -0.015 0"><span class='ocrx_word' id='word_1_75' title='bbox 489 1507 621 1547; x_wconf 69' lang='lat'>(1318..</span> 
     </span>
    </p>
   </div>
   <div class='ocr_carea' id='block_1_17' title="bbox 449 1508 2096 1640">
    <p class='ocr_par' dir='ltr' id='par_1_17' title="bbox 449 1508 2096 1640">
     <span class='ocr_line' id='line_1_17' title="bbox 449 1508 2096 1640; baseline -0.006 -7"><span class='ocrx_word' id='word_1_76' title='bbox 449 1508 928 1640; x_wconf 43' lang='lat' dir='ltr'>palizsistratus,</span> <span class='ocrx_word' id='word_1_77' title='bbox 960 1573 1206 1629; x_wconf 87' lang='lat' dir='ltr'>Juliates</span> <span class='ocrx_word' id='word_1_78' title='bbox 1236 1571 1409 1628; x_wconf 89' lang='lat' dir='ltr'>Ceius</span> <span class='ocrx_word' id='word_1_79' title='bbox 1436 1587 1504 1626; x_wconf 86' lang='lat' dir='ltr'>ex</span> <span class='ocrx_word' id='word_1_80' title='bbox 1525 1569 1774 1636; x_wconf 81' lang='lat' dir='ltr'>Juliade,</span> <span class='ocrx_word' id='word_1_81' title='bbox 1807 1569 1903 1625; x_wconf 91' lang='lat' dir='ltr'>Cei</span> <span class='ocrx_word' id='word_1_82' title='bbox 1933 1570 2096 1624; x_wconf 88' lang='lat' dir='ltr'>insu-</span> 
     </span>
    </p>
   </div>
   <div class='ocr_carea' id='block_1_18' title="bbox 446 1658 2090 1738">
    <p class='ocr_par' dir='ltr' id='par_1_18' title="bbox 446 1658 2090 1738">
     <span class='ocr_line' id='line_1_18' title="bbox 446 1658 2090 1738; baseline -0.007 -16"><span class='ocrx_word' id='word_1_83' title='bbox 446 1667 520 1722; x_wconf 67' lang='lat' dir='ltr'>las</span> <span class='ocrx_word' id='word_1_84' title='bbox 545 1664 788 1738; x_wconf 90' lang='lat' dir='ltr'>oppido,</span> <span class='ocrx_word' id='word_1_85' title='bbox 818 1663 979 1718; x_wconf 83' lang='lat' dir='ltr'>filius</span> <span class='ocrx_word' id='word_1_86' title='bbox 1008 1663 1373 1724; x_wconf 72' lang='lat' dir='ltr'>Cretoxenaa,</span> <span class='ocrx_word' id='word_1_87' title='bbox 1397 1659 1567 1713; x_wconf 81' lang='lat' dir='ltr'>Medii</span> <span class='ocrx_word' id='word_1_88' title='bbox 1601 1658 1816 1712; x_wconf 90' lang='lat' dir='ltr'>medici</span> <span class='ocrx_word' id='word_1_89' title='bbox 1848 1658 2090 1723; x_wconf 83' lang='lat' dir='ltr'>sororis,</span> 
     </span>
    </p>
   </div>
   <div class='ocr_carea' id='block_1_19' title="bbox 447 1746 2094 1819">
    <p class='ocr_par' dir='ltr' id='par_1_19' title="bbox 447 1746 2094 1819">
     <span class='ocr_line' id='line_1_19' title="bbox 447 1746 2094 1819; baseline -0.007 -8"><span class='ocrx_word' id='word_1_90' title='bbox 447 1761 508 1811; x_wconf 90' lang='lat' dir='ltr'>et</span> <span class='ocrx_word' id='word_1_91' title='bbox 535 1753 912 1810; x_wconf 90' lang='lat' dir='ltr'>Cleombroti.</span> <span class='ocrx_word' id='word_1_92' title='bbox 953 1752 1056 1805; x_wconf 88' lang='lat' dir='ltr'>Hic</span> <span class='ocrx_word' id='word_1_93' title='bbox 1087 1750 1444 1804; x_wconf 80' lang='lat' dir='ltr'>Antiochum</span> <span class='ocrx_word' id='word_1_94' title='bbox 1476 1763 1696 1819; x_wconf 81' lang='lat' dir='ltr'>regem,</span> <span class='ocrx_word' id='word_1_95' title='bbox 1732 1746 2094 1801; x_wconf 88' lang='lat' dir='ltr'>Stratonices</span> 
     </span>
    </p>
   </div>
   <div class='ocr_carea' id='block_1_20' title="bbox 2204 590 3857 666">
    <p class='ocr_par' dir='ltr' id='par_1_20' title="bbox 2204 590 3857 666">
     <span class='ocr_line' id='line_1_20' title="bbox 2204 590 3857 666; baseline 0.005 -21"><span class='ocrx_word' id='word_1_96' title='bbox 2204 595 2263 645; x_wconf 93' lang='lat' dir='ltr'>et</span> <span class='ocrx_word' id='word_1_97' title='bbox 2290 590 2350 645; x_wconf 92' lang='lat' dir='ltr'>in</span> <span class='ocrx_word' id='word_1_98' title='bbox 2383 591 2887 663; x_wconf 88' lang='lat' dir='ltr'>contemplatione</span> <span class='ocrx_word' id='word_1_99' title='bbox 2920 592 3274 665; x_wconf 91' lang='lat' dir='ltr'>plerumque</span> <span class='ocrx_word' id='word_1_100' title='bbox 3305 601 3711 666; x_wconf 90' lang='lat' dir='ltr'>perseverant,</span> <span class='ocrx_word' id='word_1_101' title='bbox 3743 613 3857 653; x_wconf 89' lang='lat' dir='ltr'>un-</span> 
     </span>
    </p>
   </div>
   <div class='ocr_carea' id='block_1_21' title="bbox 2205 677 3855 756">
    <p class='ocr_par' dir='ltr' id='par_1_21' title="bbox 2205 677 3855 756">
     <span class='ocr_line' id='line_1_21' title="bbox 2205 677 3855 756; baseline 0.004 -24"><span class='ocrx_word' id='word_1_102' title='bbox 2205 677 2276 734; x_wconf 91' lang='lat' dir='ltr'>de</span> <span class='ocrx_word' id='word_1_103' title='bbox 2308 680 2485 734; x_wconf 91' lang='lat' dir='ltr'>etiam</span> <span class='ocrx_word' id='word_1_104' title='bbox 2534 681 2820 734; x_wconf 87' lang='lat' dir='ltr'>vocantur</span> <span class='ocrx_word' id='word_1_105' title='bbox 2878 679 3080 748; x_wconf 84' lang='lat' dir='ltr'>Essaei,</span> <span class='ocrx_word' id='word_1_106' title='bbox 3125 679 3164 736; x_wconf 92' lang='lat' dir='ltr'>i.</span> <span class='ocrx_word' id='word_1_107' title='bbox 3204 696 3255 736; x_wconf 89' lang='lat' dir='ltr'>e.</span> <span class='ocrx_word' id='word_1_108' title='bbox 3306 682 3670 756; x_wconf 75' lang='grc' dir='ltr'>Θεωρητικοῖ.</span> <span class='ocrx_word' id='word_1_109' title='bbox 3717 685 3855 739; x_wconf 85' lang='lat' dir='ltr'>Con-</span> 
     </span>
    </p>
   </div>
   <div class='ocr_carea' id='block_1_22' title="bbox 2203 768 2568 840">
    <p class='ocr_par' dir='ltr' id='par_1_22' title="bbox 2203 768 2568 840">
     <span class='ocr_line' id='line_1_22' title="bbox 2203 768 2568 840; baseline 0 -18"><span class='ocrx_word' id='word_1_110' title='bbox 2203 768 2568 840; x_wconf 79' lang='lat' dir='ltr'>templatores.</span> 
     </span>
    </p>
   </div>
   <div class='ocr_carea' id='block_1_23' title="bbox 2273 856 3849 931">
    <p class='ocr_par' dir='ltr' id='par_1_23' title="bbox 2273 856 3849 931">
     <span class='ocr_line' id='line_1_23' title="bbox 2273 856 3849 931; baseline 0.006 -20"><span class='ocrx_word' id='word_1_111' title='bbox 2273 858 2583 929; x_wconf 89' lang='lat' dir='ltr'>Evagoras,</span> <span class='ocrx_word' id='word_1_112' title='bbox 2617 856 2881 926; x_wconf 85' lang='lat' dir='ltr'>Lindius,</span> <span class='ocrx_word' id='word_1_113' title='bbox 2915 857 3255 928; x_wconf 90' lang='lat' dir='ltr'>historicus,</span> <span class='ocrx_word' id='word_1_114' title='bbox 3303 861 3561 931; x_wconf 87' lang='lat' dir='ltr'>scripsit.</span> <span class='ocrx_word' id='word_1_115' title='bbox 3601 882 3628 913; x_wconf 76' lang='grc' dir='ltr'>α</span> <span class='ocrx_word' id='word_1_116' title='bbox 3663 864 3849 920; x_wconf 83' lang='lat' dir='ltr'>Vitam</span> 
     </span>
    </p>
   </div>
   <div class='ocr_carea' id='block_1_24' title="bbox 2203 945 3854 1022">
    <p class='ocr_par' dir='ltr' id='par_1_24' title="bbox 2203 945 3854 1022">
     <span class='ocr_line' id='line_1_24' title="bbox 2203 945 3854 1022; baseline 0.006 -24"><span class='ocrx_word' id='word_1_117' title='bbox 2203 969 2230 998; x_wconf 85' lang='lat'><strong>«</strong></span> <span class='ocrx_word' id='word_1_118' title='bbox 2263 947 2597 1019; x_wconf 81' lang='lat' dir='ltr'>Timagenis</span> <span class='ocrx_word' id='word_1_119' title='bbox 2627 950 2686 1002; x_wconf 90' lang='lat' dir='ltr'>et</span> <span class='ocrx_word' id='word_1_120' title='bbox 2716 945 2968 1001; x_wconf 88' lang='lat' dir='ltr'>aliorum</span> <span class='ocrx_word' id='word_1_121' title='bbox 3018 948 3325 1004; x_wconf 89' lang='lat' dir='ltr'>doctorum</span> <span class='ocrx_word' id='word_1_122' title='bbox 3365 950 3627 1005; x_wconf 90' lang='lat' dir='ltr'>virorum</span> <span class='ocrx_word' id='word_1_123' title='bbox 3658 969 3854 1022; x_wconf 58' lang='lat' dir='ltr'>quaeso</span> 
     </span>
    </p>
   </div>
   <div class='ocr_carea' id='block_1_25' title="bbox 2202 1036 3854 1110">
    <p class='ocr_par' dir='ltr' id='par_1_25' title="bbox 2202 1036 3854 1110">
     <span class='ocr_line' id='line_1_25' title="bbox 2202 1036 3854 1110; baseline 0.007 -24"><span class='ocrx_word' id='word_1_124' title='bbox 2202 1059 2231 1086; x_wconf 87' lang='lat'><strong>«</strong></span> <span class='ocrx_word' id='word_1_125' title='bbox 2267 1036 2483 1104; x_wconf 85' lang='lat' dir='ltr'>tiones,</span> <span class='ocrx_word' id='word_1_126' title='bbox 2517 1036 2725 1092; x_wconf 92' lang='lat' dir='ltr'>ordine</span> <span class='ocrx_word' id='word_1_127' title='bbox 2774 1036 3186 1108; x_wconf 89' lang='lat' dir='ltr'>alphabetico;</span> <span class='ocrx_word' id='word_1_128' title='bbox 3242 1037 3602 1110; x_wconf 87' lang='lat' dir='ltr'>Thucydidis</span> <span class='ocrx_word' id='word_1_129' title='bbox 3663 1047 3854 1098; x_wconf 88' lang='lat' dir='ltr'>artem</span> 
     </span>
    </p>
   </div>
   <div class='ocr_carea' id='block_1_26' title="bbox 2201 1127 3852 1196">
    <p class='ocr_par' dir='ltr' id='par_1_26' title="bbox 2201 1127 3852 1196">
     <span class='ocr_line' id='line_1_26' title="bbox 2201 1127 3852 1196; baseline 0.007 -18"><span class='ocrx_word' id='word_1_130' title='bbox 2201 1149 2229 1178; x_wconf 86' lang='lat'>«</span> <span class='ocrx_word' id='word_1_131' title='bbox 2259 1127 2617 1182; x_wconf 88' lang='lat' dir='ltr'>rhetoricam</span> <span class='ocrx_word' id='word_1_132' title='bbox 2648 1127 2818 1182; x_wconf 88' lang='lat' dir='ltr'>libris</span> <span class='ocrx_word' id='word_1_133' title='bbox 2849 1130 2918 1196; x_wconf 90' lang='lat' dir='ltr'>V,</span> <span class='ocrx_word' id='word_1_134' title='bbox 2970 1128 3050 1183; x_wconf 93' lang='lat' dir='ltr'>De</span> <span class='ocrx_word' id='word_1_135' title='bbox 3106 1129 3464 1185; x_wconf 91' lang='lat' dir='ltr'>dictionibus</span> <span class='ocrx_word' id='word_1_136' title='bbox 3504 1131 3852 1191; x_wconf 78' lang='lat' dir='ltr'>difficilibus</span> 
     </span>
    </p>
   </div>
   <div class='ocr_carea' id='block_1_27' title="bbox 2201 1217 3852 1290">
    <p class='ocr_par' dir='ltr' id='par_1_27' title="bbox 2201 1217 3852 1290">
     <span class='ocr_line' id='line_1_27' title="bbox 2201 1217 3852 1290; baseline 0.009 -24"><span class='ocrx_word' id='word_1_137' title='bbox 2201 1239 2228 1267; x_wconf 80' lang='grc' dir='ltr'>α</span> <span class='ocrx_word' id='word_1_138' title='bbox 2263 1233 2330 1272; x_wconf 91' lang='lat' dir='ltr'>ac</span> <span class='ocrx_word' id='word_1_139' title='bbox 2357 1218 2750 1273; x_wconf 88' lang='lat' dir='ltr'>controversis</span> <span class='ocrx_word' id='word_1_140' title='bbox 2772 1217 2931 1290; x_wconf 90' lang='lat' dir='ltr'>apud</span> <span class='ocrx_word' id='word_1_141' title='bbox 2952 1218 3353 1289; x_wconf 83' lang='lat' dir='ltr'>Thucydidem</span> <span class='ocrx_word' id='word_1_142' title='bbox 3379 1236 3392 1288; x_wconf 90' lang='lat'>;</span> <span class='ocrx_word' id='word_1_143' title='bbox 3419 1221 3738 1280; x_wconf 88' lang='lat' dir='ltr'>Historiam</span> <span class='ocrx_word' id='word_1_144' title='bbox 3761 1242 3852 1280; x_wconf 82' lang='lat' dir='ltr'>re-</span> 
     </span>
    </p>
   </div>
   <div class='ocr_carea' id='block_1_28' title="bbox 2207 1306 2938 1377">
    <p class='ocr_par' dir='ltr' id='par_1_28' title="bbox 2207 1306 2938 1377">
     <span class='ocr_line' id='line_1_28' title="bbox 2207 1306 2938 1377; baseline -0.004 -18"><span class='ocrx_word' id='word_1_145' title='bbox 2207 1324 2230 1352; x_wconf 76' lang='grc' dir='ltr'>ι</span> <span class='ocrx_word' id='word_1_146' title='bbox 2264 1320 2444 1376; x_wconf 89' lang='lat' dir='ltr'>gnum</span> <span class='ocrx_word' id='word_1_147' title='bbox 2475 1306 2875 1377; x_wconf 65' lang='lat' dir='ltr'>Egyptorum.</span> <span class='ocrx_word' id='word_1_148' title='bbox 2913 1326 2938 1356; x_wconf 71' lang='grc' dir='ltr'><strong><em>ι</em></strong></span> 
     </span>
    </p>
   </div>
   <div class='ocr_carea' id='block_1_29' title="bbox 2271 1393 3850 1466">
    <p class='ocr_par' dir='ltr' id='par_1_29' title="bbox 2271 1393 3850 1466">
     <span class='ocr_line' id='line_1_29' title="bbox 2271 1393 3850 1466; baseline 0.006 -20"><span class='ocrx_word' id='word_1_149' title='bbox 2271 1393 2548 1465; x_wconf 87' lang='lat' dir='ltr'>Evagrius</span> <span class='ocrx_word' id='word_1_150' title='bbox 2579 1393 2740 1449; x_wconf 87' lang='lat' dir='ltr'>varla</span> <span class='ocrx_word' id='word_1_151' title='bbox 2771 1394 3010 1466; x_wconf 89' lang='lat' dir='ltr'>scripsit</span> <span class='ocrx_word' id='word_1_152' title='bbox 3050 1399 3109 1450; x_wconf 93' lang='lat' dir='ltr'>et</span> <span class='ocrx_word' id='word_1_153' title='bbox 3155 1395 3313 1451; x_wconf 90' lang='lat' dir='ltr'>inter</span> <span class='ocrx_word' id='word_1_154' title='bbox 3361 1413 3429 1453; x_wconf 92' lang='lat' dir='ltr'>ea</span> <span class='ocrx_word' id='word_1_155' title='bbox 3472 1398 3850 1456; x_wconf 87' lang='lat' dir='ltr'>Commenta-</span> 
     </span>
    </p>
   </div>
   <div class='ocr_carea' id='block_1_30' title="bbox 2200 1481 3166 1540">
    <p class='ocr_par' dir='ltr' id='par_1_30' title="bbox 2200 1481 3166 1540">
     <span class='ocr_line' id='line_1_30' title="bbox 2200 1481 3166 1540; baseline 0.003 -3"><span class='ocrx_word' id='word_1_156' title='bbox 2200 1482 2356 1537; x_wconf 90' lang='lat' dir='ltr'>rium</span> <span class='ocrx_word' id='word_1_157' title='bbox 2387 1483 2449 1536; x_wconf 91' lang='lat' dir='ltr'>in</span> <span class='ocrx_word' id='word_1_158' title='bbox 2476 1481 2790 1538; x_wconf 89' lang='lat' dir='ltr'>Proverbia</span> <span class='ocrx_word' id='word_1_159' title='bbox 2811 1481 3166 1540; x_wconf 90' lang='lat' dir='ltr'>Salomonis.</span> 
     </span>
    </p>
   </div>
   <div class='ocr_carea' id='block_1_31' title="bbox 2271 1571 3848 1645">
    <p class='ocr_par' dir='ltr' id='par_1_31' title="bbox 2271 1571 3848 1645">
     <span class='ocr_line' id='line_1_31' title="bbox 2271 1571 3848 1645; baseline 0.005 -20"><span class='ocrx_word' id='word_1_160' title='bbox 2271 1571 2618 1644; x_wconf 88' lang='lat' dir='ltr'>Evangelus,</span> <span class='ocrx_word' id='word_1_161' title='bbox 2651 1573 2936 1638; x_wconf 89' lang='lat' dir='ltr'>comicus,</span> <span class='ocrx_word' id='word_1_162' title='bbox 2962 1589 2992 1627; x_wconf 94' lang='lat' dir='ltr'>e</span> <span class='ocrx_word' id='word_1_163' title='bbox 3023 1573 3192 1645; x_wconf 84' lang='lat' dir='ltr'>cujus</span> <span class='ocrx_word' id='word_1_164' title='bbox 3223 1573 3591 1632; x_wconf 89' lang='lat' dir='ltr'>dramatibus</span> <span class='ocrx_word' id='word_1_165' title='bbox 3627 1577 3848 1633; x_wconf 58' lang='grc' dir='ltr'>Ἀναλα-</span> 
     </span>
    </p>
   </div>
   <div class='ocr_carea' id='block_1_32' title="bbox 2201 1661 3848 1741">
    <p class='ocr_par' dir='ltr' id='par_1_32' title="bbox 2201 1661 3848 1741">
     <span class='ocr_line' id='line_1_32' title="bbox 2201 1661 3848 1741; baseline 0.006 -25"><span class='ocrx_word' id='word_1_166' title='bbox 2201 1661 2540 1732; x_wconf 84' lang='grc' dir='ltr'>λυπτόμενος</span> <span class='ocrx_word' id='word_1_167' title='bbox 2573 1662 2729 1736; x_wconf 91' lang='lat' dir='ltr'>apud</span> <span class='ocrx_word' id='word_1_168' title='bbox 2761 1663 3132 1720; x_wconf 57' lang='lat' dir='ltr'>Athenaeum.</span> <span class='ocrx_word' id='word_1_169' title='bbox 3189 1664 3310 1731; x_wconf 90' lang='lat' dir='ltr'>[lib.</span> <span class='ocrx_word' id='word_1_170' title='bbox 3362 1684 3474 1737; x_wconf 72' lang='lat' dir='ltr'>xxv,</span> <span class='ocrx_word' id='word_1_171' title='bbox 3531 1685 3663 1741; x_wconf 88' lang='lat' dir='ltr'>pag.</span> <span class='ocrx_word' id='word_1_172' title='bbox 3724 1672 3848 1727; x_wconf 72' lang='grc'>644.</span> 
     </span>
    </p>
   </div>
   <div class='ocr_carea' id='block_1_33' title="bbox 2200 1749 3848 1834">
    <p class='ocr_par' dir='ltr' id='par_1_33' title="bbox 2200 1749 3848 1834">
     <span class='ocr_line' id='line_1_33' title="bbox 2200 1749 3848 1834; baseline 0.006 -30"><span class='ocrx_word' id='word_1_173' title='bbox 2200 1750 2312 1806; x_wconf 92' lang='lat' dir='ltr'>Sed</span> <span class='ocrx_word' id='word_1_174' title='bbox 2343 1751 2422 1806; x_wconf 93' lang='lat' dir='ltr'>ibi</span> <span class='ocrx_word' id='word_1_175' title='bbox 2463 1749 2665 1807; x_wconf 87' lang='lat' dir='ltr'>fabula</span> <span class='ocrx_word' id='word_1_176' title='bbox 2721 1753 2846 1807; x_wconf 71' lang='lat' dir='ltr'>haec</span> <span class='ocrx_word' id='word_1_177' title='bbox 2901 1751 3239 1823; x_wconf 89' lang='lat' dir='ltr'>appellatur</span> <span class='ocrx_word' id='word_1_178' title='bbox 3303 1753 3848 1834; x_wconf 62' lang='grc' dir='ltr'>Ἀνακαλυπτομένῃ.</span> 
     </span>
    </p>
   </div>
   <div class='ocr_carea' id='block_1_34' title="bbox 443 1836 3458 1947">
    <p class='ocr_par' dir='ltr' id='par_1_34' title="bbox 443 1836 3458 1947">
     <span class='ocr_line' id='line_1_34' title="bbox 443 1836 3458 1947; baseline -0.001 -47"><span class='ocrx_word' id='word_1_179' title='bbox 443 1859 711 1900; x_wconf 62' lang='lat' dir='ltr'>novercas</span> <span class='ocrx_word' id='word_1_180' title='bbox 741 1857 942 1897; x_wconf 89' lang='lat' dir='ltr'>amore</span> <span class='ocrx_word' id='word_1_181' title='bbox 973 1840 1364 1908; x_wconf 86' lang='lat' dir='ltr'>laborantem,</span> <span class='ocrx_word' id='word_1_182' title='bbox 1411 1837 1659 1892; x_wconf 87' lang='lat' dir='ltr'>sanavit.</span> <span class='ocrx_word' id='word_1_183' title='bbox 1691 1836 1964 1907; x_wconf 91' lang='lat' dir='ltr'>Sepultus</span> <span class='ocrx_word' id='word_1_184' title='bbox 2005 1839 2096 1890; x_wconf 91' lang='lat' dir='ltr'>est</span> <span class='ocrx_word' id='word_1_185' title='bbox 2122 1881 2172 1947; x_wconf 80' lang='grc' dir='ltr'><strong>Β</strong></span> <span class='ocrx_word' id='word_1_186' title='bbox 2203 1844 2444 1895; x_wconf 90' lang='lat' dir='ltr'>notante</span> <span class='ocrx_word' id='word_1_187' title='bbox 2474 1842 2744 1908; x_wconf 87' lang='lat' dir='ltr'>Kustero,</span> <span class='ocrx_word' id='word_1_188' title='bbox 2779 1841 2852 1897; x_wconf 89' lang='lat' dir='ltr'>ad</span> <span class='ocrx_word' id='word_1_189' title='bbox 2875 1847 3016 1896; x_wconf 91' lang='lat' dir='ltr'>tom.</span> <span class='ocrx_word' id='word_1_190' title='bbox 3049 1843 3094 1910; x_wconf 87' lang='grc' dir='ltr'>Ι,</span> <span class='ocrx_word' id='word_1_191' title='bbox 3127 1860 3256 1914; x_wconf 88' lang='lat' dir='ltr'>pag.</span> <span class='ocrx_word' id='word_1_192' title='bbox 3290 1844 3458 1916; x_wconf 90' lang='lat'>880.]</span> 
     </span>
    </p>
   </div>
   <div class='ocr_carea' id='block_1_35' title="bbox 434 1927 2140 2008">
    <p class='ocr_par' dir='ltr' id='par_1_35' title="bbox 434 1927 2140 2008">
     <span class='ocr_line' id='line_1_35' title="bbox 434 1927 2140 2008; baseline -0.006 -16"><span class='ocrx_word' id='word_1_193' title='bbox 434 1937 609 2008; x_wconf 83' lang='lat' dir='ltr'>juxta</span> <span class='ocrx_word' id='word_1_194' title='bbox 639 1938 901 1990; x_wconf 90' lang='lat' dir='ltr'>montem</span> <span class='ocrx_word' id='word_1_195' title='bbox 943 1932 1227 2004; x_wconf 87' lang='lat' dir='ltr'>Mycalen.</span> <span class='ocrx_word' id='word_1_196' title='bbox 1261 1948 1291 1986; x_wconf 92' lang='lat' dir='ltr'>e</span> <span class='ocrx_word' id='word_1_197' title='bbox 1323 1931 1564 2002; x_wconf 81' lang='lat' dir='ltr'>regione</span> <span class='ocrx_word' id='word_1_198' title='bbox 1612 1929 1791 1984; x_wconf 89' lang='lat' dir='ltr'>Sami.</span> <span class='ocrx_word' id='word_1_199' title='bbox 1844 1927 2093 1999; x_wconf 87' lang='lat' dir='ltr'>Scripsit</span> <span class='ocrx_word' id='word_1_200' title='bbox 2122 1927 2140 1970; x_wconf 65' lang='lat'>‘.</span> 
     </span>
    </p>
   </div>
   <div class='ocr_carea' id='block_1_36' title="bbox 443 2023 1163 2081">
    <p class='ocr_par' dir='ltr' id='par_1_36' title="bbox 443 2023 1163 2081">
     <span class='ocr_line' id='line_1_36' title="bbox 443 2023 1163 2081; baseline -0.008 0"><span class='ocrx_word' id='word_1_201' title='bbox 443 2027 517 2081; x_wconf 86' lang='lat' dir='ltr'>De</span> <span class='ocrx_word' id='word_1_202' title='bbox 544 2040 605 2080; x_wconf 79' lang='lat' dir='ltr'>re</span> <span class='ocrx_word' id='word_1_203' title='bbox 630 2024 844 2079; x_wconf 82' lang='lat' dir='ltr'>medica</span> <span class='ocrx_word' id='word_1_204' title='bbox 873 2023 1041 2076; x_wconf 79' lang='lat' dir='ltr'>libros</span> <span class='ocrx_word' id='word_1_205' title='bbox 1069 2023 1163 2076; x_wconf 86' lang='lat' dir='ltr'>1X.</span> 
     </span>
    </p>
   </div>
   <div class='ocr_carea' id='block_1_37' title="bbox 511 2108 2087 2183">
    <p class='ocr_par' dir='ltr' id='par_1_37' title="bbox 511 2108 2087 2183">
     <span class='ocr_line' id='line_1_37' title="bbox 511 2108 2087 2183; baseline -0.007 -13"><span class='ocrx_word' id='word_1_206' title='bbox 511 2114 949 2182; x_wconf 83' lang='lat' dir='ltr'>Eratosthenes,</span> <span class='ocrx_word' id='word_1_207' title='bbox 983 2111 1142 2183; x_wconf 87' lang='lat' dir='ltr'>Aglai</span> <span class='ocrx_word' id='word_1_208' title='bbox 1175 2110 1266 2164; x_wconf 89' lang='lat' dir='ltr'>vel</span> <span class='ocrx_word' id='word_1_209' title='bbox 1299 2109 1588 2165; x_wconf 82' lang='lat' dir='ltr'>Ambrosii</span> <span class='ocrx_word' id='word_1_210' title='bbox 1617 2109 1700 2174; x_wconf 87' lang='lat' dir='ltr'>F.,</span> <span class='ocrx_word' id='word_1_211' title='bbox 1749 2108 2087 2177; x_wconf 66' lang='lat' dir='ltr'>Cyrenaaus,</span> 
     </span>
    </p>
   </div>
   <div class='ocr_carea' id='block_1_38' title="bbox 438 2192 2088 2272">
    <p class='ocr_par' dir='ltr' id='par_1_38' title="bbox 438 2192 2088 2272">
     <span class='ocr_line' id='line_1_38' title="bbox 438 2192 2088 2272; baseline -0.007 -13"><span class='ocrx_word' id='word_1_212' title='bbox 438 2203 752 2268; x_wconf 84' lang='lat' dir='ltr'>Aristonis,</span> <span class='ocrx_word' id='word_1_213' title='bbox 783 2199 1143 2272; x_wconf 81' lang='lat' dir='ltr'>phi1030phi,</span> <span class='ocrx_word' id='word_1_214' title='bbox 1175 2197 1323 2252; x_wconf 88' lang='lat' dir='ltr'>Chii.</span> <span class='ocrx_word' id='word_1_215' title='bbox 1369 2202 1426 2250; x_wconf 93' lang='lat' dir='ltr'>et</span> <span class='ocrx_word' id='word_1_216' title='bbox 1483 2196 1766 2267; x_wconf 72' lang='lat' dir='ltr'>Lysaniaa,</span> <span class='ocrx_word' id='word_1_217' title='bbox 1800 2192 2088 2265; x_wconf 66' lang='lat' dir='ltr'>Cyrenaei,</span> 
     </span>
    </p>
   </div>
   <div class='ocr_carea' id='block_1_39' title="bbox 441 2283 2087 2364">
    <p class='ocr_par' dir='ltr' id='par_1_39' title="bbox 441 2283 2087 2364">
     <span class='ocr_line' id='line_1_39' title="bbox 441 2283 2087 2364; baseline -0.005 -17"><span class='ocrx_word' id='word_1_218' title='bbox 441 2290 864 2364; x_wconf 90' lang='lat' dir='ltr'>grammatici,</span> <span class='ocrx_word' id='word_1_219' title='bbox 924 2293 981 2342; x_wconf 94' lang='lat' dir='ltr'>et</span> <span class='ocrx_word' id='word_1_220' title='bbox 1039 2285 1408 2354; x_wconf 87' lang='lat' dir='ltr'>Callimachi,</span> <span class='ocrx_word' id='word_1_221' title='bbox 1468 2288 1678 2355; x_wconf 66' lang='lat' dir='ltr'>poetas,</span> <span class='ocrx_word' id='word_1_222' title='bbox 1736 2283 2087 2354; x_wconf 88' lang='lat' dir='ltr'>discipulus.</span> 
     </span>
    </p>
   </div>
   <div class='ocr_carea' id='block_1_40' title="bbox 440 2371 2090 2443">
    <p class='ocr_par' dir='ltr' id='par_1_40' title="bbox 440 2371 2090 2443">
     <span class='ocr_line' id='line_1_40' title="bbox 440 2371 2090 2443; baseline -0.005 -8"><span class='ocrx_word' id='word_1_223' title='bbox 440 2381 778 2435; x_wconf 81' lang='lat' dir='ltr'>Arcessitus</span> <span class='ocrx_word' id='word_1_224' title='bbox 809 2377 1057 2433; x_wconf 88' lang='lat' dir='ltr'>Athenis</span> <span class='ocrx_word' id='word_1_225' title='bbox 1088 2392 1122 2430; x_wconf 92' lang='lat' dir='ltr'>a</span> <span class='ocrx_word' id='word_1_226' title='bbox 1156 2373 1475 2429; x_wconf 62' lang='lat' dir='ltr'>Ptolemaeo</span> <span class='ocrx_word' id='word_1_227' title='bbox 1503 2373 1677 2427; x_wconf 88' lang='lat' dir='ltr'>tertio</span> <span class='ocrx_word' id='word_1_228' title='bbox 1709 2371 1783 2427; x_wconf 90' lang='lat' dir='ltr'>ad</span> <span class='ocrx_word' id='word_1_229' title='bbox 1814 2373 2090 2443; x_wconf 89' lang='lat' dir='ltr'>quintum</span> 
     </span>
    </p>
   </div>
   <div class='ocr_carea' id='block_1_41' title="bbox 441 2461 2090 2540">
    <p class='ocr_par' dir='ltr' id='par_1_41' title="bbox 441 2461 2090 2540">
     <span class='ocr_line' id='line_1_41' title="bbox 441 2461 2090 2540; baseline -0.006 -15"><span class='ocrx_word' id='word_1_230' title='bbox 441 2486 630 2540; x_wconf 89' lang='lat' dir='ltr'>usque</span> <span class='ocrx_word' id='word_1_231' title='bbox 660 2468 825 2522; x_wconf 85' lang='lat' dir='ltr'>vixit.</span> <span class='ocrx_word' id='word_1_232' title='bbox 861 2467 964 2520; x_wconf 85' lang='lat' dir='ltr'>Hic</span> <span class='ocrx_word' id='word_1_233' title='bbox 991 2464 1146 2536; x_wconf 91' lang='lat' dir='ltr'>quod</span> <span class='ocrx_word' id='word_1_234' title='bbox 1210 2465 1271 2517; x_wconf 94' lang='lat' dir='ltr'>in</span> <span class='ocrx_word' id='word_1_235' title='bbox 1318 2463 1478 2516; x_wconf 92' lang='lat' dir='ltr'>omni</span> <span class='ocrx_word' id='word_1_236' title='bbox 1539 2461 1821 2516; x_wconf 83' lang='lat' dir='ltr'>doctrinae</span> <span class='ocrx_word' id='word_1_237' title='bbox 1873 2475 2090 2533; x_wconf 81' lang='lat' dir='ltr'>genere</span> 
     </span>
    </p>
   </div>
   <div class='ocr_carea' id='block_1_42' title="bbox 441 2551 2092 2622">
    <p class='ocr_par' dir='ltr' id='par_1_42' title="bbox 441 2551 2092 2622">
     <span class='ocr_line' id='line_1_42' title="bbox 441 2551 2092 2622; baseline -0.006 -7"><span class='ocrx_word' id='word_1_238' title='bbox 441 2557 768 2615; x_wconf 88' lang='lat' dir='ltr'>secundum</span> <span class='ocrx_word' id='word_1_239' title='bbox 791 2555 987 2611; x_wconf 89' lang='lat' dir='ltr'>locum</span> <span class='ocrx_word' id='word_1_240' title='bbox 1003 2558 1233 2608; x_wconf 89' lang='lat' dir='ltr'>teneret</span> <span class='ocrx_word' id='word_1_241' title='bbox 1261 2557 1321 2606; x_wconf 93' lang='lat' dir='ltr'>et</span> <span class='ocrx_word' id='word_1_242' title='bbox 1348 2552 1487 2605; x_wconf 90' lang='lat' dir='ltr'>viris</span> <span class='ocrx_word' id='word_1_243' title='bbox 1510 2551 1758 2606; x_wconf 89' lang='lat' dir='ltr'>summis</span> <span class='ocrx_word' id='word_1_244' title='bbox 1787 2551 2092 2622; x_wconf 87' lang='lat' dir='ltr'>proximus</span> 
     </span>
    </p>
   </div>
   <div class='ocr_carea' id='block_1_43' title="bbox 441 2641 2091 2713">
    <p class='ocr_par' dir='ltr' id='par_1_43' title="bbox 441 2641 2091 2713">
     <span class='ocr_line' id='line_1_43' title="bbox 441 2641 2091 2713; baseline -0.006 -10"><span class='ocrx_word' id='word_1_245' title='bbox 441 2652 618 2713; x_wconf 89' lang='lat' dir='ltr'>esset,</span> <span class='ocrx_word' id='word_1_246' title='bbox 653 2647 776 2701; x_wconf 83' lang='lat' dir='ltr'>beta</span> <span class='ocrx_word' id='word_1_247' title='bbox 804 2648 1047 2700; x_wconf 89' lang='lat' dir='ltr'>vocatus</span> <span class='ocrx_word' id='word_1_248' title='bbox 1079 2647 1188 2698; x_wconf 89' lang='lat' dir='ltr'>est.</span> <span class='ocrx_word' id='word_1_249' title='bbox 1219 2641 1336 2697; x_wconf 82' lang='lat' dir='ltr'>Alii</span> <span class='ocrx_word' id='word_1_250' title='bbox 1373 2657 1506 2696; x_wconf 92' lang='lat' dir='ltr'>eum</span> <span class='ocrx_word' id='word_1_251' title='bbox 1534 2641 1842 2695; x_wconf 89' lang='lat' dir='ltr'>Platonem</span> <span class='ocrx_word' id='word_1_252' title='bbox 1877 2655 2091 2694; x_wconf 82' lang='lat' dir='ltr'>secun-</span> 
     </span>
    </p>
   </div>
   <div class='ocr_carea' id='block_1_44' title="bbox 441 2727 2091 2806">
    <p class='ocr_par' dir='ltr' id='par_1_44' title="bbox 441 2727 2091 2806">
     <span class='ocr_line' id='line_1_44' title="bbox 441 2727 2091 2806; baseline -0.005 -14"><span class='ocrx_word' id='word_1_253' title='bbox 441 2737 582 2792; x_wconf 90' lang='lat' dir='ltr'>dum</span> <span class='ocrx_word' id='word_1_254' title='bbox 607 2735 698 2790; x_wconf 93' lang='lat' dir='ltr'>vel</span> <span class='ocrx_word' id='word_1_255' title='bbox 740 2733 1068 2806; x_wconf 90' lang='lat' dir='ltr'>juniorem,</span> <span class='ocrx_word' id='word_1_256' title='bbox 1107 2731 1207 2786; x_wconf 91' lang='lat' dir='ltr'>alii</span> <span class='ocrx_word' id='word_1_257' title='bbox 1240 2727 1538 2783; x_wconf 75' lang='grc' dir='ltr'>πένταθλον</span> <span class='ocrx_word' id='word_1_258' title='bbox 1573 2734 1632 2784; x_wconf 92' lang='lat' dir='ltr'>et</span> <span class='ocrx_word' id='word_1_259' title='bbox 1667 2729 2091 2800; x_wconf 89' lang='lat' dir='ltr'>quinquercio-</span> 
     </span>
    </p>
   </div>
   <div class='ocr_carea' id='block_1_45' title="bbox 442 2817 2088 2895">
    <p class='ocr_par' dir='ltr' id='par_1_45' title="bbox 442 2817 2088 2895">
     <span class='ocr_line' id='line_1_45' title="bbox 442 2817 2088 2895; baseline -0.005 -15"><span class='ocrx_word' id='word_1_260' title='bbox 442 2841 580 2879; x_wconf 89' lang='lat' dir='ltr'>nem</span> <span class='ocrx_word' id='word_1_261' title='bbox 637 2823 1035 2895; x_wconf 87' lang='lat' dir='ltr'>appellarunt.</span> <span class='ocrx_word' id='word_1_262' title='bbox 1072 2822 1251 2874; x_wconf 86' lang='lat' dir='ltr'>Natus</span> <span class='ocrx_word' id='word_1_263' title='bbox 1311 2824 1401 2873; x_wconf 89' lang='lat' dir='ltr'>est</span> <span class='ocrx_word' id='word_1_264' title='bbox 1459 2819 1680 2872; x_wconf 82' lang='lat' dir='ltr'><strong>CXXVI</strong></span> <span class='ocrx_word' id='word_1_265' title='bbox 1712 2817 2088 2890; x_wconf 90' lang='lat' dir='ltr'>Olympiade,</span> 
     </span>
    </p>
   </div>
   <div class='ocr_carea' id='block_1_46' title="bbox 439 2907 2091 2978">
    <p class='ocr_par' dir='ltr' id='par_1_46' title="bbox 439 2907 2091 2978">
     <span class='ocr_line' id='line_1_46' title="bbox 439 2907 2091 2978; baseline -0.004 -9"><span class='ocrx_word' id='word_1_266' title='bbox 439 2915 588 2969; x_wconf 91' lang='lat' dir='ltr'>obiit</span> <span class='ocrx_word' id='word_1_267' title='bbox 615 2913 806 2968; x_wconf 61' lang='lat' dir='ltr'>astatis</span> <span class='ocrx_word' id='word_1_268' title='bbox 835 2927 991 2966; x_wconf 91' lang='lat' dir='ltr'>anno</span> <span class='ocrx_word' id='word_1_269' title='bbox 1022 2911 1230 2978; x_wconf 81' lang='lat' dir='ltr'><strong>LXXX,</strong></span> <span class='ocrx_word' id='word_1_270' title='bbox 1256 2925 1326 2962; x_wconf 89' lang='lat' dir='ltr'>ex</span> <span class='ocrx_word' id='word_1_271' title='bbox 1358 2907 1557 2962; x_wconf 89' lang='lat' dir='ltr'>inedia</span> <span class='ocrx_word' id='word_1_272' title='bbox 1588 2912 1829 2978; x_wconf 85' lang='lat' dir='ltr'>propter</span> <span class='ocrx_word' id='word_1_273' title='bbox 1857 2907 2091 2962; x_wconf 89' lang='lat' dir='ltr'>hebeta-</span> 
     </span>
    </p>
   </div>
   <div class='ocr_carea' id='block_1_47' title="bbox 436 2997 2088 3068">
    <p class='ocr_par' dir='ltr' id='par_1_47' title="bbox 436 2997 2088 3068">
     <span class='ocr_line' id='line_1_47' title="bbox 436 2997 2088 3068; baseline -0.005 -10"><span class='ocrx_word' id='word_1_274' title='bbox 436 3009 556 3058; x_wconf 85' lang='lat' dir='ltr'>tam</span> <span class='ocrx_word' id='word_1_275' title='bbox 614 2999 923 3057; x_wconf 89' lang='lat' dir='ltr'>oculorum</span> <span class='ocrx_word' id='word_1_276' title='bbox 970 2999 1178 3065; x_wconf 86' lang='lat' dir='ltr'>aciem,</span> <span class='ocrx_word' id='word_1_277' title='bbox 1237 2997 1444 3052; x_wconf 90' lang='lat' dir='ltr'>relicto</span> <span class='ocrx_word' id='word_1_278' title='bbox 1500 2997 1716 3068; x_wconf 85' lang='lat' dir='ltr'>insigni</span> <span class='ocrx_word' id='word_1_279' title='bbox 1769 2997 2088 3068; x_wconf 89' lang='lat' dir='ltr'>discipulo,</span> 
     </span>
    </p>
   </div>
   <div class='ocr_carea' id='block_1_48' title="bbox 436 3085 2088 3162">
    <p class='ocr_par' dir='ltr' id='par_1_48' title="bbox 436 3085 2088 3162">
     <span class='ocr_line' id='line_1_48' title="bbox 436 3085 2088 3162; baseline -0.005 -15"><span class='ocrx_word' id='word_1_280' title='bbox 436 3087 852 3162; x_wconf 79' lang='lat' dir='ltr'>Aristophane,</span> <span class='ocrx_word' id='word_1_281' title='bbox 886 3087 1184 3160; x_wconf 83' lang='lat' dir='ltr'>Byzantio,</span> <span class='ocrx_word' id='word_1_282' title='bbox 1229 3087 1399 3157; x_wconf 86' lang='lat' dir='ltr'>cujus</span> <span class='ocrx_word' id='word_1_283' title='bbox 1431 3085 1758 3156; x_wconf 89' lang='lat' dir='ltr'>discipulus</span> <span class='ocrx_word' id='word_1_284' title='bbox 1789 3085 1903 3140; x_wconf 85' lang='lat' dir='ltr'>fuit</span> <span class='ocrx_word' id='word_1_285' title='bbox 1958 3086 2088 3139; x_wconf 90' lang='lat' dir='ltr'>Ari-</span> 
     </span>
    </p>
   </div>
   <div class='ocr_carea' id='block_1_49' title="bbox 435 3174 2082 3250">
    <p class='ocr_par' dir='ltr' id='par_1_49' title="bbox 435 3174 2082 3250">
     <span class='ocr_line' id='line_1_49' title="bbox 435 3174 2082 3250; baseline -0.005 -14"><span class='ocrx_word' id='word_1_286' title='bbox 435 3179 910 3250; x_wconf 87' lang='lat' dir='ltr'>starchus,hujus</span> <span class='ocrx_word' id='word_1_287' title='bbox 940 3193 1075 3232; x_wconf 90' lang='lat' dir='ltr'>vero</span> <span class='ocrx_word' id='word_1_288' title='bbox 1107 3178 1392 3241; x_wconf 84' lang='lat' dir='ltr'>Mnaseas,</span> <span class='ocrx_word' id='word_1_289' title='bbox 1419 3174 1738 3230; x_wconf 86' lang='lat' dir='ltr'>Menander</span> <span class='ocrx_word' id='word_1_290' title='bbox 1768 3179 1827 3228; x_wconf 92' lang='lat' dir='ltr'>et</span> <span class='ocrx_word' id='word_1_291' title='bbox 1858 3174 2082 3228; x_wconf 84' lang='lat' dir='ltr'>Aristis.</span> 
     </span>
    </p>
   </div>
   <div class='ocr_carea' id='block_1_50' title="bbox 2273 1927 3847 2007">
    <p class='ocr_par' dir='ltr' id='par_1_50' title="bbox 2273 1927 3847 2007">
     <span class='ocr_line' id='line_1_50' title="bbox 2273 1927 3847 2007; baseline 0.006 -26"><span class='ocrx_word' id='word_1_292' title='bbox 2273 1927 2571 1996; x_wconf 89' lang='lat' dir='ltr'>Evathlus,</span> <span class='ocrx_word' id='word_1_293' title='bbox 2633 1934 2832 1984; x_wconf 88' lang='lat' dir='ltr'>orator</span> <span class='ocrx_word' id='word_1_294' title='bbox 2875 1929 3203 2002; x_wconf 82' lang='lat' dir='ltr'>improbus,</span> <span class='ocrx_word' id='word_1_295' title='bbox 3251 1931 3526 2002; x_wconf 86' lang='lat' dir='ltr'>garrulus</span> <span class='ocrx_word' id='word_1_296' title='bbox 3572 1940 3630 1989; x_wconf 93' lang='lat' dir='ltr'>et</span> <span class='ocrx_word' id='word_1_297' title='bbox 3679 1936 3847 2007; x_wconf 82' lang='lat' dir='ltr'>igno-</span> 
     </span>
    </p>
   </div>
   <div class='ocr_carea' id='block_1_51' title="bbox 2194 2012 2485 2071">
    <p class='ocr_par' dir='ltr' id='par_1_51' title="bbox 2194 2012 2485 2071">
     <span class='ocr_line' id='line_1_51' title="bbox 2194 2012 2485 2071; baseline 0.014 -2"><span class='ocrx_word' id='word_1_298' title='bbox 2194 2014 2354 2071; x_wconf 89' lang='lat' dir='ltr'>bilis.</span> <span class='ocrx_word' id='word_1_299' title='bbox 2484 2012 2485 2015; x_wconf 35' lang='grc'><em>“</em></span> 
     </span>
    </p>
   </div>
   <div class='ocr_carea' id='block_1_52' title="bbox 2267 2104 3362 2178">
    <p class='ocr_par' dir='ltr' id='par_1_52' title="bbox 2267 2104 3362 2178">
     <span class='ocr_line' id='line_1_52' title="bbox 2267 2104 3362 2178; baseline 0.005 -20"><span class='ocrx_word' id='word_1_300' title='bbox 2267 2104 2550 2174; x_wconf 89' lang='lat' dir='ltr'>Eubulus,</span> <span class='ocrx_word' id='word_1_301' title='bbox 2583 2104 2942 2178; x_wconf 89' lang='lat' dir='ltr'>demagogus</span> <span class='ocrx_word' id='word_1_302' title='bbox 2973 2105 3362 2163; x_wconf 88' lang='lat' dir='ltr'>clarissimus.</span> 
     </span>
    </p>
   </div>
   <div class='ocr_carea' id='block_1_53' title="bbox 2267 2193 3846 2271">
    <p class='ocr_par' dir='ltr' id='par_1_53' title="bbox 2267 2193 3846 2271">
     <span class='ocr_line' id='line_1_53' title="bbox 2267 2193 3846 2271; baseline 0.006 -23"><span class='ocrx_word' id='word_1_303' title='bbox 2267 2193 2550 2264; x_wconf 88' lang='lat' dir='ltr'>Eubulus,</span> <span class='ocrx_word' id='word_1_304' title='bbox 2584 2195 2883 2267; x_wconf 86' lang='lat' dir='ltr'>Sphcttius</span> <span class='ocrx_word' id='word_1_305' title='bbox 2915 2196 3316 2269; x_wconf 86' lang='lat' dir='ltr'>Atheniensis,</span> <span class='ocrx_word' id='word_1_306' title='bbox 3348 2200 3752 2271; x_wconf 88' lang='lat' dir='ltr'>Euphranoris</span> <span class='ocrx_word' id='word_1_307' title='bbox 3783 2203 3846 2259; x_wconf 71' lang='grc' dir='ltr'><strong>Ρ.</strong></span> 
     </span>
    </p>
   </div>
   <div class='ocr_carea' id='block_1_54' title="bbox 2196 2283 3848 2361">
    <p class='ocr_par' dir='ltr' id='par_1_54' title="bbox 2196 2283 3848 2361">
     <span class='ocr_line' id='line_1_54' title="bbox 2196 2283 3848 2361; baseline 0.007 -25"><span class='ocrx_word' id='word_1_308' title='bbox 2196 2283 2477 2338; x_wconf 89' lang='lat' dir='ltr'>comicus.</span> <span class='ocrx_word' id='word_1_309' title='bbox 2523 2284 2731 2338; x_wconf 89' lang='lat' dir='ltr'>Docuit</span> <span class='ocrx_word' id='word_1_310' title='bbox 2759 2283 2990 2340; x_wconf 82' lang='lat' dir='ltr'>fabulas</span> <span class='ocrx_word' id='word_1_311' title='bbox 3023 2286 3157 2356; x_wconf 85' lang='lat' dir='ltr'>CIV,</span> <span class='ocrx_word' id='word_1_312' title='bbox 3190 2286 3446 2358; x_wconf 83' lang='lat' dir='ltr'>vixitque</span> <span class='ocrx_word' id='word_1_313' title='bbox 3499 2288 3848 2361; x_wconf 77' lang='lat' dir='ltr'>Olympiade</span> 
     </span>
    </p>
   </div>
   <div class='ocr_carea' id='block_1_55' title="bbox 2195 2372 3846 2436">
    <p class='ocr_par' dir='ltr' id='par_1_55' title="bbox 2195 2372 3846 2436">
     <span class='ocr_line' id='line_1_55' title="bbox 2195 2372 3846 2436; baseline 0.007 -12"><span class='ocrx_word' id='word_1_314' title='bbox 2195 2372 2262 2425; x_wconf 92' lang='lat' dir='ltr'>CI</span> <span class='ocrx_word' id='word_1_315' title='bbox 2290 2372 2488 2427; x_wconf 92' lang='lat' dir='ltr'>medio</span> <span class='ocrx_word' id='word_1_316' title='bbox 2545 2372 2701 2427; x_wconf 89' lang='lat' dir='ltr'>inter</span> <span class='ocrx_word' id='word_1_317' title='bbox 2759 2374 3013 2429; x_wconf 86' lang='lat' dir='ltr'>mediam</span> <span class='ocrx_word' id='word_1_318' title='bbox 3073 2381 3131 2430; x_wconf 92' lang='lat' dir='ltr'>et</span> <span class='ocrx_word' id='word_1_319' title='bbox 3181 2381 3437 2432; x_wconf 89' lang='lat' dir='ltr'>veterem</span> <span class='ocrx_word' id='word_1_320' title='bbox 3496 2379 3846 2436; x_wconf 67' lang='lat' dir='ltr'>comoediam</span> 
     </span>
    </p>
   </div>
   <div class='ocr_carea' id='block_1_56' title="bbox 2196 2462 3100 2532">
    <p class='ocr_par' dir='ltr' id='par_1_56' title="bbox 2196 2462 3100 2532">
     <span class='ocr_line' id='line_1_56' title="bbox 2196 2462 3100 2532; baseline 0.003 -17"><span class='ocrx_word' id='word_1_321' title='bbox 2196 2467 2486 2532; x_wconf 90' lang='lat' dir='ltr'>tempore.</span> <span class='ocrx_word' id='word_1_322' title='bbox 2524 2462 2583 2516; x_wconf 93' lang='lat' dir='ltr'>V.</span> <span class='ocrx_word' id='word_1_323' title='bbox 2614 2467 2815 2518; x_wconf 87' lang='lat' dir='ltr'>notam</span> <span class='ocrx_word' id='word_1_324' title='bbox 2847 2464 3100 2518; x_wconf 87' lang='lat' dir='ltr'>Kusteri.</span> 
     </span>
    </p>
   </div>
   <div class='ocr_carea' id='block_1_57' title="bbox 2265 2549 3846 2628">
    <p class='ocr_par' dir='ltr' id='par_1_57' title="bbox 2265 2549 3846 2628">
     <span class='ocr_line' id='line_1_57' title="bbox 2265 2549 3846 2628; baseline 0.006 -25"><span class='ocrx_word' id='word_1_325' title='bbox 2265 2549 2564 2619; x_wconf 88' lang='lat' dir='ltr'>Euclides,</span> <span class='ocrx_word' id='word_1_326' title='bbox 2597 2567 2666 2606; x_wconf 87' lang='lat' dir='ltr'>ex</span> <span class='ocrx_word' id='word_1_327' title='bbox 2693 2553 2959 2624; x_wconf 88' lang='lat' dir='ltr'>Megaris,</span> <span class='ocrx_word' id='word_1_328' title='bbox 3015 2554 3075 2607; x_wconf 91' lang='lat' dir='ltr'>in</span> <span class='ocrx_word' id='word_1_329' title='bbox 3106 2554 3328 2609; x_wconf 90' lang='lat' dir='ltr'>Isthmo</span> <span class='ocrx_word' id='word_1_330' title='bbox 3381 2556 3530 2625; x_wconf 86' lang='lat' dir='ltr'>sitis,</span> <span class='ocrx_word' id='word_1_331' title='bbox 3575 2557 3846 2628; x_wconf 88' lang='lat' dir='ltr'>philoso-</span> 
     </span>
    </p>
   </div>
   <div class='ocr_carea' id='block_1_58' title="bbox 2195 2638 3848 2716">
    <p class='ocr_par' dir='ltr' id='par_1_58' title="bbox 2195 2638 3848 2716">
     <span class='ocr_line' id='line_1_58' title="bbox 2195 2638 3848 2716; baseline 0.005 -23"><span class='ocrx_word' id='word_1_332' title='bbox 2195 2638 2369 2709; x_wconf 91' lang='lat' dir='ltr'>phus,</span> <span class='ocrx_word' id='word_1_333' title='bbox 2404 2645 2608 2694; x_wconf 87' lang='lat' dir='ltr'>auctor</span> <span class='ocrx_word' id='word_1_334' title='bbox 2640 2645 2813 2694; x_wconf 68' lang='lat' dir='ltr'>sectae</span> <span class='ocrx_word' id='word_1_335' title='bbox 2839 2659 2969 2712; x_wconf 68' lang='lat' dir='ltr'>quas</span> <span class='ocrx_word' id='word_1_336' title='bbox 3000 2641 3072 2696; x_wconf 90' lang='lat' dir='ltr'>ab</span> <span class='ocrx_word' id='word_1_337' title='bbox 3113 2643 3242 2714; x_wconf 89' lang='lat' dir='ltr'>ipso</span> <span class='ocrx_word' id='word_1_338' title='bbox 3294 2643 3605 2716; x_wconf 84' lang='lat' dir='ltr'>Megarica,</span> <span class='ocrx_word' id='word_1_339' title='bbox 3654 2647 3848 2702; x_wconf 89' lang='lat' dir='ltr'>Diale-</span> 
     </span>
    </p>
   </div>
   <div class='ocr_carea' id='block_1_59' title="bbox 2196 2729 3845 2806">
    <p class='ocr_par' dir='ltr' id='par_1_59' title="bbox 2196 2729 3845 2806">
     <span class='ocr_line' id='line_1_59' title="bbox 2196 2729 3845 2806; baseline 0.005 -24"><span class='ocrx_word' id='word_1_340' title='bbox 2196 2729 2346 2783; x_wconf 92' lang='lat' dir='ltr'>ctica</span> <span class='ocrx_word' id='word_1_341' title='bbox 2401 2729 2536 2783; x_wconf 89' lang='lat' dir='ltr'>aliis</span> <span class='ocrx_word' id='word_1_342' title='bbox 2586 2734 2645 2784; x_wconf 93' lang='lat' dir='ltr'>et</span> <span class='ocrx_word' id='word_1_343' title='bbox 2699 2730 2962 2786; x_wconf 89' lang='lat' dir='ltr'>Eristica.</span> <span class='ocrx_word' id='word_1_344' title='bbox 3024 2732 3157 2785; x_wconf 91' lang='lat' dir='ltr'>Fuit</span> <span class='ocrx_word' id='word_1_345' title='bbox 3213 2733 3466 2788; x_wconf 90' lang='lat' dir='ltr'>Socratis</span> <span class='ocrx_word' id='word_1_346' title='bbox 3517 2733 3845 2806; x_wconf 89' lang='lat' dir='ltr'>discipulus</span> 
     </span>
    </p>
   </div>
   <div class='ocr_carea' id='block_1_60' title="bbox 2196 2817 3844 2894">
    <p class='ocr_par' dir='ltr' id='par_1_60' title="bbox 2196 2817 3844 2894">
     <span class='ocr_line' id='line_1_60' title="bbox 2196 2817 3844 2894; baseline 0.005 -21"><span class='ocrx_word' id='word_1_347' title='bbox 2196 2817 2368 2889; x_wconf 89' lang='lat' dir='ltr'>eique</span> <span class='ocrx_word' id='word_1_348' title='bbox 2399 2819 2674 2891; x_wconf 88' lang='lat' dir='ltr'>Ichthyas</span> <span class='ocrx_word' id='word_1_349' title='bbox 2709 2825 2766 2873; x_wconf 93' lang='lat' dir='ltr'>et</span> <span class='ocrx_word' id='word_1_350' title='bbox 2794 2827 3001 2891; x_wconf 89' lang='lat' dir='ltr'>postea</span> <span class='ocrx_word' id='word_1_351' title='bbox 3028 2821 3256 2894; x_wconf 91' lang='lat' dir='ltr'>Stilpon</span> <span class='ocrx_word' id='word_1_352' title='bbox 3306 2823 3368 2877; x_wconf 92' lang='lat' dir='ltr'>in</span> <span class='ocrx_word' id='word_1_353' title='bbox 3401 2824 3604 2879; x_wconf 90' lang='lat' dir='ltr'>schola</span> <span class='ocrx_word' id='word_1_354' title='bbox 3643 2843 3844 2880; x_wconf 85' lang='lat' dir='ltr'>suces—</span> 
     </span>
    </p>
   </div>
   <div class='ocr_carea' id='block_1_61' title="bbox 2197 2907 3839 2982">
    <p class='ocr_par' dir='ltr' id='par_1_61' title="bbox 2197 2907 3839 2982">
     <span class='ocr_line' id='line_1_61' title="bbox 2197 2907 3839 2982; baseline 0.004 -21"><span class='ocrx_word' id='word_1_355' title='bbox 2197 2908 2291 2975; x_wconf 90' lang='lat' dir='ltr'>sit,</span> <span class='ocrx_word' id='word_1_356' title='bbox 2331 2907 2577 2980; x_wconf 87' lang='lat' dir='ltr'>Scripsit</span> <span class='ocrx_word' id='word_1_357' title='bbox 2606 2908 2895 2981; x_wconf 88' lang='lat' dir='ltr'>dialogos,</span> <span class='ocrx_word' id='word_1_358' title='bbox 2955 2933 2982 2959; x_wconf 85' lang='lat'><strong>«</strong></span> <span class='ocrx_word' id='word_1_359' title='bbox 3039 2909 3428 2977; x_wconf 78' lang='lat' dir='ltr'>Alcibiadem,</span> <span class='ocrx_word' id='word_1_360' title='bbox 3481 2913 3839 2982; x_wconf 71' lang='lat' dir='ltr'>.Eschinem,</span> 
     </span>
    </p>
   </div>
   <div class='ocr_carea' id='block_1_62' title="bbox 2196 2998 3842 3072">
    <p class='ocr_par' dir='ltr' id='par_1_62' title="bbox 2196 2998 3842 3072">
     <span class='ocr_line' id='line_1_62' title="bbox 2196 2998 3842 3072; baseline 0.002 -21"><span class='ocrx_word' id='word_1_361' title='bbox 2196 3021 2224 3048; x_wconf 86' lang='lat'><strong>«</strong></span> <span class='ocrx_word' id='word_1_362' title='bbox 2257 2998 2577 3068; x_wconf 87' lang='lat' dir='ltr'>Critonem,</span> <span class='ocrx_word' id='word_1_363' title='bbox 2623 2999 2952 3070; x_wconf 79' lang='lat' dir='ltr'>Phcnnices,</span> <span class='ocrx_word' id='word_1_364' title='bbox 3015 3001 3371 3072; x_wconf 88' lang='lat' dir='ltr'>Lampriam,</span> <span class='ocrx_word' id='word_1_365' title='bbox 3423 3005 3842 3059; x_wconf 81' lang='lat' dir='ltr'>Amatorium»</span> 
     </span>
    </p>
   </div>
   <div class='ocr_carea' id='block_1_63' title="bbox 2197 3086 2724 3158">
    <p class='ocr_par' dir='ltr' id='par_1_63' title="bbox 2197 3086 2724 3158">
     <span class='ocr_line' id='line_1_63' title="bbox 2197 3086 2724 3158; baseline 0.004 -17"><span class='ocrx_word' id='word_1_366' title='bbox 2197 3091 2255 3141; x_wconf 90' lang='lat' dir='ltr'>et</span> <span class='ocrx_word' id='word_1_367' title='bbox 2282 3086 2400 3142; x_wconf 86' lang='lat' dir='ltr'>alia</span> <span class='ocrx_word' id='word_1_368' title='bbox 2431 3087 2724 3158; x_wconf 66' lang='lat' dir='ltr'>quaedam.</span> 
     </span>
    </p>
   </div>
   <div class='ocr_carea' id='block_1_64' title="bbox 2267 3174 3845 3253">
    <p class='ocr_par' dir='ltr' id='par_1_64' title="bbox 2267 3174 3845 3253">
     <span class='ocr_line' id='line_1_64' title="bbox 2267 3174 3845 3253; baseline 0.005 -24"><span class='ocrx_word' id='word_1_369' title='bbox 2267 3174 2611 3242; x_wconf 83' lang='lat' dir='ltr'>Eudaemon,</span> <span class='ocrx_word' id='word_1_370' title='bbox 2645 3177 2966 3247; x_wconf 89' lang='lat' dir='ltr'>Pelusiota,</span> <span class='ocrx_word' id='word_1_371' title='bbox 2998 3181 3440 3252; x_wconf 89' lang='lat' dir='ltr'>grammaticus,</span> <span class='ocrx_word' id='word_1_372' title='bbox 3473 3182 3724 3253; x_wconf 75' lang='lat' dir='ltr'>mqualis</span> <span class='ocrx_word' id='word_1_373' title='bbox 3753 3183 3845 3237; x_wconf 89' lang='lat' dir='ltr'>Li-</span> 
     </span>
    </p>
   </div>
   <div class='ocr_carea' id='block_1_65' title="bbox 434 3241 3839 3342">
    <p class='ocr_par' dir='ltr' id='par_1_65' title="bbox 434 3241 3839 3342">
     <span class='ocr_line' id='line_1_65' title="bbox 434 3241 3839 3342; baseline 0 -18"><span class='ocrx_word' id='word_1_374' title='bbox 434 3269 681 3340; x_wconf 91' lang='lat' dir='ltr'>Scripsit</span> <span class='ocrx_word' id='word_1_375' title='bbox 707 3241 1140 3339; x_wconf 77' lang='lat' dir='ltr'>philosophica,</span> <span class='ocrx_word' id='word_1_376' title='bbox 1175 3268 1448 3335; x_wconf 90' lang='lat' dir='ltr'>poemata</span> <span class='ocrx_word' id='word_1_377' title='bbox 1477 3269 1536 3318; x_wconf 88' lang='lat' dir='ltr'>et</span> <span class='ocrx_word' id='word_1_378' title='bbox 1557 3263 1857 3320; x_wconf 88' lang='lat' dir='ltr'>historias.</span> <span class='ocrx_word' id='word_1_379' title='bbox 1887 3265 2080 3317; x_wconf 80' lang='lat' dir='ltr'>Astro-</span> <span class='ocrx_word' id='word_1_380' title='bbox 2123 3241 2166 3308; x_wconf 62' lang='grc' dir='ltr'>(ἶ</span> <span class='ocrx_word' id='word_1_381' title='bbox 2195 3263 2355 3318; x_wconf 87' lang='lat' dir='ltr'>banii</span> <span class='ocrx_word' id='word_1_382' title='bbox 2397 3241 2699 3336; x_wconf 75' lang='lat' dir='ltr'>SOphistee,</span> <span class='ocrx_word' id='word_1_383' title='bbox 2747 3267 2820 3320; x_wconf 88' lang='lat' dir='ltr'>ad</span> <span class='ocrx_word' id='word_1_384' title='bbox 2852 3241 3029 3338; x_wconf 71' lang='lat' dir='ltr'>quem</span> <span class='ocrx_word' id='word_1_385' title='bbox 3061 3268 3239 3322; x_wconf 90' lang='lat' dir='ltr'>etiam</span> <span class='ocrx_word' id='word_1_386' title='bbox 3297 3241 3525 3324; x_wconf 80' lang='lat' dir='ltr'>diversa</span> <span class='ocrx_word' id='word_1_387' title='bbox 3546 3241 3563 3253; x_wconf 46' lang='grc'><strong>⁸</strong></span> <span class='ocrx_word' id='word_1_388' title='bbox 3585 3271 3839 3342; x_wconf 88' lang='lat' dir='ltr'>scripsit.</span> 
     </span>
    </p>
   </div>
   <div class='ocr_carea' id='block_1_66' title="bbox 441 3352 2080 3423">
    <p class='ocr_par' dir='ltr' id='par_1_66' title="bbox 441 3352 2080 3423">
     <span class='ocr_line' id='line_1_66' title="bbox 441 3352 2080 3423; baseline -0.004 -9"><span class='ocrx_word' id='word_1_389' title='bbox 441 3360 690 3414; x_wconf 79' lang='lat' dir='ltr'>nomium</span> <span class='ocrx_word' id='word_1_390' title='bbox 740 3357 861 3411; x_wconf 89' lang='lat' dir='ltr'>sive</span> <span class='ocrx_word' id='word_1_391' title='bbox 921 3356 1325 3410; x_wconf 74' lang='lat' dir='ltr'>catasterismos</span> <span class='ocrx_word' id='word_1_392' title='bbox 1379 3352 1451 3407; x_wconf 93' lang='lat' dir='ltr'>de</span> <span class='ocrx_word' id='word_1_393' title='bbox 1500 3353 1573 3407; x_wconf 92' lang='lat' dir='ltr'>iis</span> <span class='ocrx_word' id='word_1_394' title='bbox 1605 3353 1703 3423; x_wconf 91' lang='lat' dir='ltr'>qui</span> <span class='ocrx_word' id='word_1_395' title='bbox 1737 3353 1894 3407; x_wconf 89' lang='lat' dir='ltr'>inter</span> <span class='ocrx_word' id='word_1_396' title='bbox 1922 3357 2080 3408; x_wconf 88' lang='lat' dir='ltr'>astra</span> 
     </span>
    </p>
   </div>
   <div class='ocr_carea' id='block_1_67' title="bbox 430 3443 2078 3514">
    <p class='ocr_par' dir='ltr' id='par_1_67' title="bbox 430 3443 2078 3514">
     <span class='ocr_line' id='line_1_67' title="bbox 430 3443 2078 3514; baseline -0.004 -11"><span class='ocrx_word' id='word_1_397' title='bbox 430 3448 603 3503; x_wconf 89' lang='lat' dir='ltr'>relati</span> <span class='ocrx_word' id='word_1_398' title='bbox 636 3451 790 3502; x_wconf 91' lang='lat' dir='ltr'>sunt.</span> <span class='ocrx_word' id='word_1_399' title='bbox 842 3447 988 3500; x_wconf 91' lang='lat' dir='ltr'>Item</span> <span class='ocrx_word' id='word_1_400' title='bbox 1030 3446 1101 3499; x_wconf 85' lang='lat' dir='ltr'>De</span> <span class='ocrx_word' id='word_1_401' title='bbox 1133 3443 1589 3514; x_wconf 83' lang='lat' dir='ltr'>philosophorum</span> <span class='ocrx_word' id='word_1_402' title='bbox 1635 3444 1809 3497; x_wconf 83' lang='lat' dir='ltr'>sectis.</span> <span class='ocrx_word' id='word_1_403' title='bbox 1865 3444 1937 3496; x_wconf 88' lang='lat' dir='ltr'>De</span> <span class='ocrx_word' id='word_1_404' title='bbox 1977 3460 2078 3498; x_wconf 79' lang='lat' dir='ltr'>ua-</span> 
     </span>
    </p>
   </div>
   <div class='ocr_carea' id='block_1_68' title="bbox 430 3531 2076 3603">
    <p class='ocr_par' dir='ltr' id='par_1_68' title="bbox 430 3531 2076 3603">
     <span class='ocr_line' id='line_1_68' title="bbox 430 3531 2076 3603; baseline -0.003 -10"><span class='ocrx_word' id='word_1_405' title='bbox 430 3540 634 3593; x_wconf 80' lang='lat' dir='ltr'>cuitate</span> <span class='ocrx_word' id='word_1_406' title='bbox 661 3536 882 3592; x_wconf 81' lang='lat' dir='ltr'>doloris.</span> <span class='ocrx_word' id='word_1_407' title='bbox 911 3533 1168 3602; x_wconf 83' lang='lat' dir='ltr'>Dialogos</span> <span class='ocrx_word' id='word_1_408' title='bbox 1199 3531 1417 3586; x_wconf 90' lang='lat' dir='ltr'>multos</span> <span class='ocrx_word' id='word_1_409' title='bbox 1460 3537 1519 3587; x_wconf 91' lang='lat' dir='ltr'>et</span> <span class='ocrx_word' id='word_1_410' title='bbox 1551 3531 1735 3586; x_wconf 89' lang='lat' dir='ltr'>multa</span> <span class='ocrx_word' id='word_1_411' title='bbox 1790 3548 2076 3603; x_wconf 77' lang='lat' dir='ltr'>gramma-</span> 
     </span>
    </p>
   </div>
   <div class='ocr_carea' id='block_1_69' title="bbox 430 3629 558 3683">
    <p class='ocr_par' dir='ltr' id='par_1_69' title="bbox 430 3629 558 3683">
     <span class='ocr_line' id='line_1_69' title="bbox 430 3629 558 3683; baseline 0.008 -1"><span class='ocrx_word' id='word_1_412' title='bbox 430 3629 558 3683; x_wconf 82' lang='lat' dir='ltr'>tica.</span> 
     </span>
    </p>
   </div>
   <div class='ocr_carea' id='block_1_70' title="bbox 499 3710 2078 3787">
    <p class='ocr_par' dir='ltr' id='par_1_70' title="bbox 499 3710 2078 3787">
     <span class='ocr_line' id='line_1_70' title="bbox 499 3710 2078 3787; baseline -0.003 -16"><span class='ocrx_word' id='word_1_413' title='bbox 499 3716 792 3771; x_wconf 89' lang='lat' dir='ltr'>Erennius</span> <span class='ocrx_word' id='word_1_414' title='bbox 843 3730 1173 3787; x_wconf 87' lang='lat' dir='ltr'>cognomen</span> <span class='ocrx_word' id='word_1_415' title='bbox 1231 3711 1342 3766; x_wconf 83' lang='lat' dir='ltr'>fuit</span> <span class='ocrx_word' id='word_1_416' title='bbox 1417 3711 1684 3766; x_wconf 90' lang='lat' dir='ltr'>Philonis</span> <span class='ocrx_word' id='word_1_417' title='bbox 1750 3710 1958 3781; x_wconf 85' lang='lat' dir='ltr'>Byblii,</span> <span class='ocrx_word' id='word_1_418' title='bbox 2009 3716 2078 3767; x_wconf 90' lang='lat' dir='ltr'>ut</span> 
     </span>
    </p>
   </div>
   <div class='ocr_carea' id='block_1_71' title="bbox 427 3800 1758 3879">
    <p class='ocr_par' dir='ltr' id='par_1_71' title="bbox 427 3800 1758 3879">
     <span class='ocr_line' id='line_1_71' title="bbox 427 3800 1758 3879; baseline -0.002 -18"><span class='ocrx_word' id='word_1_419' title='bbox 427 3806 555 3879; x_wconf 89' lang='lat' dir='ltr'>ipse</span> <span class='ocrx_word' id='word_1_420' title='bbox 578 3807 741 3862; x_wconf 90' lang='lat' dir='ltr'>dicit.</span> <span class='ocrx_word' id='word_1_421' title='bbox 1753 3800 1758 3805; x_wconf 76' lang='grc'><strong>’</strong></span> 
     </span>
    </p>
   </div>
   <div class='ocr_carea' id='block_1_72' title="bbox 497 3891 2078 3965">
    <p class='ocr_par' dir='ltr' id='par_1_72' title="bbox 497 3891 2078 3965">
     <span class='ocr_line' id='line_1_72' title="bbox 497 3891 2078 3965; baseline -0.004 -14"><span class='ocrx_word' id='word_1_422' title='bbox 497 3897 738 3965; x_wconf 89' lang='lat' dir='ltr'>Erinna,</span> <span class='ocrx_word' id='word_1_423' title='bbox 770 3895 908 3950; x_wconf 91' lang='lat' dir='ltr'>Teia</span> <span class='ocrx_word' id='word_1_424' title='bbox 947 3894 1033 3949; x_wconf 89' lang='lat' dir='ltr'>vel</span> <span class='ocrx_word' id='word_1_425' title='bbox 1078 3892 1304 3959; x_wconf 85' lang='lat' dir='ltr'>Lesbia,</span> <span class='ocrx_word' id='word_1_426' title='bbox 1338 3892 1450 3962; x_wconf 89' lang='lat' dir='ltr'>vel,</span> <span class='ocrx_word' id='word_1_427' title='bbox 1505 3896 1572 3946; x_wconf 92' lang='lat' dir='ltr'>ut</span> <span class='ocrx_word' id='word_1_428' title='bbox 1611 3891 1736 3961; x_wconf 87' lang='lat' dir='ltr'>alii,</span> <span class='ocrx_word' id='word_1_429' title='bbox 1793 3891 1972 3956; x_wconf 87' lang='lat' dir='ltr'>Telia,</span> <span class='ocrx_word' id='word_1_430' title='bbox 2006 3908 2078 3946; x_wconf 86' lang='lat' dir='ltr'>ex</span> 
     </span>
    </p>
   </div>
   <div class='ocr_carea' id='block_1_73' title="bbox 426 3975 2073 4056">
    <p class='ocr_par' dir='ltr' id='par_1_73' title="bbox 426 3975 2073 4056">
     <span class='ocr_line' id='line_1_73' title="bbox 426 3975 2073 4056; baseline -0.006 -16"><span class='ocrx_word' id='word_1_431' title='bbox 426 3985 584 4055; x_wconf 88' lang='lat' dir='ltr'>Telo,</span> <span class='ocrx_word' id='word_1_432' title='bbox 617 4001 794 4056; x_wconf 87' lang='lat' dir='ltr'>parva</span> <span class='ocrx_word' id='word_1_433' title='bbox 834 3982 1031 4038; x_wconf 90' lang='lat' dir='ltr'>insula</span> <span class='ocrx_word' id='word_1_434' title='bbox 1076 3997 1259 4053; x_wconf 83' lang='lat' dir='ltr'>prope</span> <span class='ocrx_word' id='word_1_435' title='bbox 1315 3980 1566 4034; x_wconf 84' lang='lat' dir='ltr'>Cnidum</span> <span class='ocrx_word' id='word_1_436' title='bbox 1630 3980 1742 4033; x_wconf 84' lang='lat' dir='ltr'>fuit</span> <span class='ocrx_word' id='word_1_437' title='bbox 1794 3975 2073 4048; x_wconf 77' lang='grc' dir='ltr'>ἐποποιὸς,</span> 
     </span>
    </p>
   </div>
   <div class='ocr_carea' id='block_1_74' title="bbox 424 4065 2076 4145">
    <p class='ocr_par' dir='ltr' id='par_1_74' title="bbox 424 4065 2076 4145">
     <span class='ocr_line' id='line_1_74' title="bbox 424 4065 2076 4145; baseline -0.004 -18"><span class='ocrx_word' id='word_1_438' title='bbox 424 4074 654 4145; x_wconf 88' lang='lat' dir='ltr'>poetria</span> <span class='ocrx_word' id='word_1_439' title='bbox 710 4072 901 4142; x_wconf 84' lang='lat' dir='ltr'>epica,</span> <span class='ocrx_word' id='word_1_440' title='bbox 956 4070 1312 4141; x_wconf 78' lang='lat' dir='ltr'>Scripsitque</span> <span class='ocrx_word' id='word_1_441' title='bbox 1371 4065 1704 4136; x_wconf 81' lang='grc' dir='ltr'>Ἥλακάτην,</span> <span class='ocrx_word' id='word_1_442' title='bbox 1769 4067 1926 4138; x_wconf 85' lang='lat' dir='ltr'>quod</span> <span class='ocrx_word' id='word_1_443' title='bbox 1985 4071 2076 4122; x_wconf 88' lang='lat' dir='ltr'>est</span> 
     </span>
    </p>
   </div>
   <div class='ocr_carea' id='block_1_75' title="bbox 424 4156 2073 4233">
    <p class='ocr_par' dir='ltr' id='par_1_75' title="bbox 424 4156 2073 4233">
     <span class='ocr_line' id='line_1_75' title="bbox 424 4156 2073 4233; baseline -0.004 -17"><span class='ocrx_word' id='word_1_444' title='bbox 424 4177 657 4233; x_wconf 90' lang='lat' dir='ltr'>poema,</span> <span class='ocrx_word' id='word_1_445' title='bbox 690 4159 911 4214; x_wconf 55' lang='lat' dir='ltr'>[Eolica</span> <span class='ocrx_word' id='word_1_446' title='bbox 941 4164 1000 4214; x_wconf 91' lang='lat' dir='ltr'>et</span> <span class='ocrx_word' id='word_1_447' title='bbox 1045 4158 1253 4212; x_wconf 90' lang='lat' dir='ltr'>Dorica</span> <span class='ocrx_word' id='word_1_448' title='bbox 1301 4156 1554 4211; x_wconf 87' lang='lat' dir='ltr'>dialecto</span> <span class='ocrx_word' id='word_1_449' title='bbox 1605 4157 1912 4227; x_wconf 86' lang='lat' dir='ltr'>scriptum,</span> <span class='ocrx_word' id='word_1_450' title='bbox 1946 4173 2073 4211; x_wconf 82' lang='lat' dir='ltr'>ver-</span> 
     </span>
    </p>
   </div>
   <div class='ocr_carea' id='block_1_76' title="bbox 425 4244 2070 4318">
    <p class='ocr_par' dir='ltr' id='par_1_76' title="bbox 425 4244 2070 4318">
     <span class='ocr_line' id='line_1_76' title="bbox 425 4244 2070 4318; baseline -0.002 -15"><span class='ocrx_word' id='word_1_451' title='bbox 425 4249 588 4304; x_wconf 91' lang='lat' dir='ltr'>sibus</span> <span class='ocrx_word' id='word_1_452' title='bbox 636 4249 778 4304; x_wconf 86' lang='lat' dir='ltr'>CCC.</span> <span class='ocrx_word' id='word_1_453' title='bbox 839 4248 1000 4302; x_wconf 91' lang='lat' dir='ltr'>Fecit</span> <span class='ocrx_word' id='word_1_454' title='bbox 1057 4251 1116 4300; x_wconf 89' lang='lat' dir='ltr'>et</span> <span class='ocrx_word' id='word_1_455' title='bbox 1171 4246 1616 4316; x_wconf 88' lang='lat' dir='ltr'>epigrammata.</span> <span class='ocrx_word' id='word_1_456' title='bbox 1677 4244 1836 4299; x_wconf 91' lang='lat' dir='ltr'>Obiit</span> <span class='ocrx_word' id='word_1_457' title='bbox 1890 4247 2070 4318; x_wconf 87' lang='lat' dir='ltr'>virgo,</span> 
     </span>
    </p>
   </div>
   <div class='ocr_carea' id='block_1_77' title="bbox 421 4334 2062 4405">
    <p class='ocr_par' dir='ltr' id='par_1_77' title="bbox 421 4334 2062 4405">
     <span class='ocr_line' id='line_1_77' title="bbox 421 4334 2062 4405; baseline -0.003 -10"><span class='ocrx_word' id='word_1_458' title='bbox 421 4339 554 4395; x_wconf 82' lang='lat' dir='ltr'>XIX</span> <span class='ocrx_word' id='word_1_459' title='bbox 582 4354 772 4395; x_wconf 90' lang='lat' dir='ltr'>annos</span> <span class='ocrx_word' id='word_1_460' title='bbox 828 4341 988 4404; x_wconf 90' lang='lat' dir='ltr'>nata,</span> <span class='ocrx_word' id='word_1_461' title='bbox 1044 4335 1348 4404; x_wconf 40' lang='lat' dir='ltr'>amica\et</span> <span class='ocrx_word' id='word_1_462' title='bbox 1402 4334 1647 4404; x_wconf 67' lang='lat' dir='ltr'>aequalis</span> <span class='ocrx_word' id='word_1_463' title='bbox 1705 4334 2062 4405; x_wconf 89' lang='lat' dir='ltr'>Sapphonis.</span> 
     </span>
    </p>
   </div>
   <div class='ocr_carea' id='block_1_78' title="bbox 424 4422 1832 4498">
    <p class='ocr_par' dir='ltr' id='par_1_78' title="bbox 424 4422 1832 4498">
     <span class='ocr_line' id='line_1_78' title="bbox 424 4422 1832 4498; baseline -0.004 -16"><span class='ocrx_word' id='word_1_464' title='bbox 424 4430 641 4484; x_wconf 87' lang='lat' dir='ltr'>Versus</span> <span class='ocrx_word' id='word_1_465' title='bbox 672 4428 802 4498; x_wconf 91' lang='lat' dir='ltr'>ejus</span> <span class='ocrx_word' id='word_1_466' title='bbox 824 4425 1075 4498; x_wconf 88' lang='lat' dir='ltr'>judicati</span> <span class='ocrx_word' id='word_1_467' title='bbox 1110 4428 1251 4478; x_wconf 88' lang='lat' dir='ltr'>sunt</span> <span class='ocrx_word' id='word_1_468' title='bbox 1280 4422 1607 4477; x_wconf 82' lang='lat' dir='ltr'>Homericis</span> <span class='ocrx_word' id='word_1_469' title='bbox 1639 4438 1832 4493; x_wconf 90' lang='lat' dir='ltr'>pares,</span> 
     </span>
    </p>
   </div>
   <div class='ocr_carea' id='block_1_79' title="bbox 463 4507 2071 4588">
    <p class='ocr_par' dir='ltr' id='par_1_79' title="bbox 463 4507 2071 4588">
     <span class='ocr_line' id='line_1_79' title="bbox 463 4507 2071 4588; baseline -0.004 -16"><span class='ocrx_word' id='word_1_470' title='bbox 463 4517 765 4588; x_wconf 85' lang='lat' dir='ltr'>Eriphus,</span> <span class='ocrx_word' id='word_1_471' title='bbox 799 4513 1083 4578; x_wconf 90' lang='lat' dir='ltr'>comicus,</span> <span class='ocrx_word' id='word_1_472' title='bbox 1117 4528 1184 4566; x_wconf 91' lang='lat' dir='ltr'>ex</span> <span class='ocrx_word' id='word_1_473' title='bbox 1216 4511 1386 4582; x_wconf 89' lang='lat' dir='ltr'>cujus</span> <span class='ocrx_word' id='word_1_474' title='bbox 1435 4511 1810 4583; x_wconf 87' lang='lat' dir='ltr'>dogmatibus</span> <span class='ocrx_word' id='word_1_475' title='bbox 1844 4507 2071 4581; x_wconf 74' lang='grc' dir='ltr'>Αἰόλος,</span> 
     </span>
    </p>
   </div>
   <div class='ocr_carea' id='block_1_80' title="bbox 2193 3352 3838 3430">
    <p class='ocr_par' dir='ltr' id='par_1_80' title="bbox 2193 3352 3838 3430">
     <span class='ocr_line' id='line_1_80' title="bbox 2193 3352 3838 3430; baseline 0.006 -25"><span class='ocrx_word' id='word_1_476' title='bbox 2193 3352 2296 3405; x_wconf 84' lang='lat' dir='ltr'>Hic</span> <span class='ocrx_word' id='word_1_477' title='bbox 2326 3352 2486 3408; x_wconf 86' lang='lat' dir='ltr'>varia</span> <span class='ocrx_word' id='word_1_478' title='bbox 2539 3354 2874 3424; x_wconf 89' lang='lat' dir='ltr'>composuit</span> <span class='ocrx_word' id='word_1_479' title='bbox 2928 3377 2956 3405; x_wconf 89' lang='lat'>«</span> <span class='ocrx_word' id='word_1_480' title='bbox 2989 3355 3287 3424; x_wconf 88' lang='lat' dir='ltr'>Poemata,</span> <span class='ocrx_word' id='word_1_481' title='bbox 3322 3361 3381 3411; x_wconf 94' lang='lat' dir='ltr'>et</span> <span class='ocrx_word' id='word_1_482' title='bbox 3409 3360 3608 3413; x_wconf 87' lang='lat' dir='ltr'>Artem</span> <span class='ocrx_word' id='word_1_483' title='bbox 3643 3375 3838 3430; x_wconf 85' lang='lat' dir='ltr'>gram-</span> 
     </span>
    </p>
   </div>
   <div class='ocr_carea' id='block_1_81' title="bbox 2197 3440 3504 3515">
    <p class='ocr_par' dir='ltr' id='par_1_81' title="bbox 2197 3440 3504 3515">
     <span class='ocr_line' id='line_1_81' title="bbox 2197 3440 3504 3515; baseline 0.005 -21"><span class='ocrx_word' id='word_1_484' title='bbox 2197 3461 2224 3494; x_wconf 74' lang='grc' dir='ltr'>α</span> <span class='ocrx_word' id='word_1_485' title='bbox 2253 3440 2531 3495; x_wconf 88' lang='lat' dir='ltr'>maticam</span> <span class='ocrx_word' id='word_1_486' title='bbox 2563 3445 2622 3496; x_wconf 89' lang='lat' dir='ltr'>et</span> <span class='ocrx_word' id='word_1_487' title='bbox 2650 3441 3140 3515; x_wconf 88' lang='lat' dir='ltr'>Orthographiam</span> <span class='ocrx_word' id='word_1_488' title='bbox 3174 3446 3504 3501; x_wconf 91' lang='lat' dir='ltr'>nominum.</span> 
     </span>
    </p>
   </div>
   <div class='ocr_carea' id='block_1_82' title="bbox 2261 3524 3834 3607">
    <p class='ocr_par' dir='ltr' id='par_1_82' title="bbox 2261 3524 3834 3607">
     <span class='ocr_line' id='line_1_82' title="bbox 2261 3524 3834 3607; baseline 0.005 -23"><span class='ocrx_word' id='word_1_489' title='bbox 2261 3524 2756 3604; x_wconf 82' lang='grc' dir='ltr'>Εὐδαιμονὲστερος</span> <span class='ocrx_word' id='word_1_490' title='bbox 2783 3533 2888 3585; x_wconf 77' lang='grc' dir='ltr'>τῶν</span> <span class='ocrx_word' id='word_1_491' title='bbox 2920 3533 3184 3606; x_wconf 78' lang='grc' dir='ltr'>Καρκίνου</span> <span class='ocrx_word' id='word_1_492' title='bbox 3216 3529 3546 3607; x_wconf 65' lang='grc' dir='ltr'>στροϐίλων,</span> <span class='ocrx_word' id='word_1_493' title='bbox 3571 3537 3629 3591; x_wconf 91' lang='lat' dir='ltr'>h.</span> <span class='ocrx_word' id='word_1_494' title='bbox 3665 3553 3714 3591; x_wconf 91' lang='lat' dir='ltr'>e.</span> <span class='ocrx_word' id='word_1_495' title='bbox 3749 3539 3834 3592; x_wconf 80' lang='lat' dir='ltr'>in-</span> 
     </span>
    </p>
   </div>
   <div class='ocr_carea' id='block_1_83' title="bbox 2186 3618 3816 3699">
    <p class='ocr_par' dir='ltr' id='par_1_83' title="bbox 2186 3618 3816 3699">
     <span class='ocr_line' id='line_1_83' title="bbox 2186 3618 3816 3699; baseline 0.006 -25"><span class='ocrx_word' id='word_1_496' title='bbox 2186 3618 2552 3689; x_wconf 81' lang='lat' dir='ltr'>felicissimus,</span> <span class='ocrx_word' id='word_1_497' title='bbox 2581 3621 2643 3674; x_wconf 93' lang='lat' dir='ltr'>in</span> <span class='ocrx_word' id='word_1_498' title='bbox 2675 3621 2908 3677; x_wconf 86' lang='lat' dir='ltr'>Carcini</span> <span class='ocrx_word' id='word_1_499' title='bbox 2933 3628 3119 3695; x_wconf 85' lang='lat' dir='ltr'>poetae</span> <span class='ocrx_word' id='word_1_500' title='bbox 3150 3623 3327 3692; x_wconf 80' lang='lat' dir='ltr'>ﬁlios,</span> <span class='ocrx_word' id='word_1_501' title='bbox 3352 3631 3462 3680; x_wconf 89' lang='lat' dir='ltr'>etc.</span> <span class='ocrx_word' id='word_1_502' title='bbox 3492 3627 3816 3699; x_wconf 84' lang='lat' dir='ltr'>(Aristoph.</span> 
     </span>
    </p>
   </div>
   <div class='ocr_carea' id='block_1_84' title="bbox 2259 3707 3842 3787">
    <p class='ocr_par' dir='ltr' id='par_1_84' title="bbox 2259 3707 3842 3787">
     <span class='ocr_line' id='line_1_84' title="bbox 2259 3707 3842 3787; baseline 0.005 -24"><span class='ocrx_word' id='word_1_503' title='bbox 2259 3707 2579 3780; x_wconf 89' lang='lat' dir='ltr'>Eudemus,</span> <span class='ocrx_word' id='word_1_504' title='bbox 2604 3717 2820 3780; x_wconf 91' lang='lat' dir='ltr'>orator,</span> <span class='ocrx_word' id='word_1_505' title='bbox 2848 3713 3006 3768; x_wconf 88' lang='lat' dir='ltr'>varia</span> <span class='ocrx_word' id='word_1_506' title='bbox 3028 3714 3264 3784; x_wconf 87' lang='lat' dir='ltr'>scripsit</span> <span class='ocrx_word' id='word_1_507' title='bbox 3282 3719 3340 3768; x_wconf 89' lang='lat' dir='ltr'>et</span> <span class='ocrx_word' id='word_1_508' title='bbox 3361 3715 3657 3787; x_wconf 66' lang='lat' dir='ltr'>praecipue</span> <span class='ocrx_word' id='word_1_509' title='bbox 3686 3717 3842 3771; x_wconf 88' lang='lat' dir='ltr'>Lexi-</span> 
     </span>
    </p>
   </div>
   <div class='ocr_carea' id='block_1_85' title="bbox 2187 3799 3839 3886">
    <p class='ocr_par' dir='ltr' id='par_1_85' title="bbox 2187 3799 3839 3886">
     <span class='ocr_line' id='line_1_85' title="bbox 2187 3799 3839 3886; baseline 0.005 -34"><span class='ocrx_word' id='word_1_510' title='bbox 2187 3815 2299 3853; x_wconf 92' lang='lat' dir='ltr'>con</span> <span class='ocrx_word' id='word_1_511' title='bbox 2359 3799 2746 3855; x_wconf 89' lang='lat' dir='ltr'>utilissimum</span> <span class='ocrx_word' id='word_1_512' title='bbox 2807 3802 3143 3867; x_wconf 89' lang='lat' dir='ltr'>verborum,</span> <span class='ocrx_word' id='word_1_513' title='bbox 3193 3803 3410 3874; x_wconf 89' lang='lat' dir='ltr'>quibus</span> <span class='ocrx_word' id='word_1_514' title='bbox 3470 3811 3736 3860; x_wconf 87' lang='lat' dir='ltr'>oratores</span> <span class='ocrx_word' id='word_1_515' title='bbox 3779 3810 3839 3886; x_wconf 75' lang='lat' dir='ltr'>et</span> 
     </span>
    </p>
   </div>
   <div class='ocr_carea' id='block_1_86' title="bbox 2186 3887 3838 3966">
    <p class='ocr_par' dir='ltr' id='par_1_86' title="bbox 2186 3887 3838 3966">
     <span class='ocr_line' id='line_1_86' title="bbox 2186 3887 3838 3966; baseline 0.005 -25"><span class='ocrx_word' id='word_1_516' title='bbox 2186 3887 2394 3959; x_wconf 86' lang='lat' dir='ltr'>optimi</span> <span class='ocrx_word' id='word_1_517' title='bbox 2422 3889 2641 3961; x_wconf 89' lang='lat' dir='ltr'>quique</span> <span class='ocrx_word' id='word_1_518' title='bbox 2667 3891 2987 3962; x_wconf 89' lang='lat' dir='ltr'>scriptores</span> <span class='ocrx_word' id='word_1_519' title='bbox 3017 3897 3290 3961; x_wconf 89' lang='lat' dir='ltr'>utuntur,</span> <span class='ocrx_word' id='word_1_520' title='bbox 3324 3894 3530 3949; x_wconf 91' lang='lat' dir='ltr'>ordine</span> <span class='ocrx_word' id='word_1_521' title='bbox 3552 3894 3838 3966; x_wconf 89' lang='lat' dir='ltr'>alphabe-</span> 
     </span>
    </p>
   </div>
   <div class='ocr_carea' id='block_1_87' title="bbox 2186 3978 3832 4055">
    <p class='ocr_par' dir='ltr' id='par_1_87' title="bbox 2186 3978 3832 4055">
     <span class='ocr_line' id='line_1_87' title="bbox 2186 3978 3832 4055; baseline 0.006 -25"><span class='ocrx_word' id='word_1_522' title='bbox 2186 3978 2301 4031; x_wconf 91' lang='lat' dir='ltr'>tico</span> <span class='ocrx_word' id='word_1_523' title='bbox 2335 3979 2590 4049; x_wconf 76' lang='lat' dir='ltr'>[Kuster,</span> <span class='ocrx_word' id='word_1_524' title='bbox 2625 3980 2683 4034; x_wconf 93' lang='lat' dir='ltr'>in</span> <span class='ocrx_word' id='word_1_525' title='bbox 2740 3985 2863 4036; x_wconf 89' lang='lat' dir='ltr'>not.</span> <span class='ocrx_word' id='word_1_526' title='bbox 2920 3985 2973 4050; x_wconf 88' lang='lat'>2,</span> <span class='ocrx_word' id='word_1_527' title='bbox 3011 3988 3152 4037; x_wconf 89' lang='lat' dir='ltr'>tom.</span> <span class='ocrx_word' id='word_1_528' title='bbox 3186 3985 3227 4049; x_wconf 93' lang='grc' dir='ltr'>Ι,</span> <span class='ocrx_word' id='word_1_529' title='bbox 3265 4000 3393 4055; x_wconf 85' lang='lat' dir='ltr'>pag.</span> <span class='ocrx_word' id='word_1_530' title='bbox 3446 3986 3570 4053; x_wconf 83' lang='lat'>885,</span> <span class='ocrx_word' id='word_1_531' title='bbox 3623 3982 3832 4053; x_wconf 87' lang='lat' dir='ltr'>lexica,</span> 
     </span>
    </p>
   </div>
   <div class='ocr_carea' id='block_1_88' title="bbox 2187 4067 3831 4137">
    <p class='ocr_par' dir='ltr' id='par_1_88' title="bbox 2187 4067 3831 4137">
     <span class='ocr_line' id='line_1_88' title="bbox 2187 4067 3831 4137; baseline 0.006 -18"><span class='ocrx_word' id='word_1_532' title='bbox 2187 4083 2317 4137; x_wconf 79' lang='lat' dir='ltr'>qum</span> <span class='ocrx_word' id='word_1_533' title='bbox 2351 4067 2524 4122; x_wconf 90' lang='lat' dir='ltr'>hodie</span> <span class='ocrx_word' id='word_1_534' title='bbox 2559 4070 2620 4124; x_wconf 94' lang='lat' dir='ltr'>in</span> <span class='ocrx_word' id='word_1_535' title='bbox 2669 4071 2917 4126; x_wconf 91' lang='lat' dir='ltr'>diversis</span> <span class='ocrx_word' id='word_1_536' title='bbox 2950 4077 3184 4126; x_wconf 86' lang='lat' dir='ltr'>exstant</span> <span class='ocrx_word' id='word_1_537' title='bbox 3222 4071 3598 4128; x_wconf 90' lang='lat' dir='ltr'>bibliothecis</span> <span class='ocrx_word' id='word_1_538' title='bbox 3629 4081 3688 4129; x_wconf 90' lang='lat' dir='ltr'>et</span> <span class='ocrx_word' id='word_1_539' title='bbox 3721 4077 3831 4129; x_wconf 84' lang='lat' dir='ltr'>Eu-</span> 
     </span>
    </p>
   </div>
   <div class='ocr_carea' id='block_1_89' title="bbox 2184 4155 3831 4238">
    <p class='ocr_par' dir='ltr' id='par_1_89' title="bbox 2184 4155 3831 4238">
     <span class='ocr_line' id='line_1_89' title="bbox 2184 4155 3831 4238; baseline 0.004 -29"><span class='ocrx_word' id='word_1_540' title='bbox 2184 4155 2348 4226; x_wconf 83' lang='lat' dir='ltr'>demi,</span> <span class='ocrx_word' id='word_1_541' title='bbox 2400 4157 2676 4226; x_wconf 88' lang='lat' dir='ltr'>rhetoris,</span> <span class='ocrx_word' id='word_1_542' title='bbox 2736 4177 2958 4216; x_wconf 91' lang='lat' dir='ltr'>nomen</span> <span class='ocrx_word' id='word_1_543' title='bbox 3018 4161 3362 4232; x_wconf 73' lang='lat' dir='ltr'>prwferunt,</span> <span class='ocrx_word' id='word_1_544' title='bbox 3422 4158 3831 4238; x_wconf 75' lang='grc' dir='ltr'>ψευδεπίγραφοι</span> 
     </span>
    </p>
   </div>
   <div class='ocr_carea' id='block_1_90' title="bbox 2184 4245 2729 4320">
    <p class='ocr_par' dir='ltr' id='par_1_90' title="bbox 2184 4245 2729 4320">
     <span class='ocr_line' id='line_1_90' title="bbox 2184 4245 2729 4320; baseline 0.009 -23"><span class='ocrx_word' id='word_1_545' title='bbox 2184 4259 2314 4298; x_wconf 89' lang='lat' dir='ltr'>esse</span> <span class='ocrx_word' id='word_1_546' title='bbox 2347 4245 2686 4302; x_wconf 87' lang='lat' dir='ltr'>existimati.</span> <span class='ocrx_word' id='word_1_547' title='bbox 2711 4247 2729 4320; x_wconf 93' lang='lat'>]</span> 
     </span>
    </p>
   </div>
   <div class='ocr_carea' id='block_1_91' title="bbox 2256 4329 3829 4410">
    <p class='ocr_par' dir='ltr' id='par_1_91' title="bbox 2256 4329 3829 4410">
     <span class='ocr_line' id='line_1_91' title="bbox 2256 4329 3829 4410; baseline 0.004 -23"><span class='ocrx_word' id='word_1_548' title='bbox 2256 4332 2346 4387; x_wconf 77' lang='grc' dir='ltr'>Ἐὖ</span> <span class='ocrx_word' id='word_1_549' title='bbox 2375 4329 2594 4410; x_wconf 76' lang='grc' dir='ltr'>διάγειν.</span> <span class='ocrx_word' id='word_1_550' title='bbox 2633 4337 2793 4393; x_wconf 89' lang='lat' dir='ltr'>Ilanc</span> <span class='ocrx_word' id='word_1_551' title='bbox 2848 4337 3165 4394; x_wconf 84' lang='lat' dir='ltr'>formulam</span> <span class='ocrx_word' id='word_1_552' title='bbox 3216 4337 3514 4394; x_wconf 89' lang='lat' dir='ltr'>salutandi</span> <span class='ocrx_word' id='word_1_553' title='bbox 3566 4338 3829 4410; x_wconf 85' lang='lat' dir='ltr'>epistolis</span> 
     </span>
    </p>
   </div>
   <div class='ocr_carea' id='block_1_92' title="bbox 2185 4424 3828 4502">
    <p class='ocr_par' dir='ltr' id='par_1_92' title="bbox 2185 4424 3828 4502">
     <span class='ocr_line' id='line_1_92' title="bbox 2185 4424 3828 4502; baseline 0.004 -25"><span class='ocrx_word' id='word_1_554' title='bbox 2185 4424 2307 4478; x_wconf 90' lang='lat' dir='ltr'>suis</span> <span class='ocrx_word' id='word_1_555' title='bbox 2367 4425 2731 4497; x_wconf 72' lang='lat' dir='ltr'>praascripsit</span> <span class='ocrx_word' id='word_1_556' title='bbox 2801 4427 3109 4500; x_wconf 91' lang='lat' dir='ltr'>Epicurus.</span> <span class='ocrx_word' id='word_1_557' title='bbox 3169 4429 3348 4484; x_wconf 89' lang='lat' dir='ltr'>Cleon</span> <span class='ocrx_word' id='word_1_558' title='bbox 3408 4445 3542 4483; x_wconf 87' lang='lat' dir='ltr'>vero</span> <span class='ocrx_word' id='word_1_559' title='bbox 3601 4427 3828 4502; x_wconf 80' lang='grc' dir='ltr'>χαίρειν.</span> 
     </span>
    </p>
   </div>
   <div class='ocr_carea' id='block_1_93' title="bbox 2181 4513 2738 4588">
    <p class='ocr_par' dir='ltr' id='par_1_93' title="bbox 2181 4513 2738 4588">
     <span class='ocr_line' id='line_1_93' title="bbox 2181 4513 2738 4588; baseline 0.002 -20"><span class='ocrx_word' id='word_1_560' title='bbox 2181 4513 2346 4568; x_wconf 82' lang='lat' dir='ltr'>Plato</span> <span class='ocrx_word' id='word_1_561' title='bbox 2379 4513 2434 4566; x_wconf 70' lang='grc' dir='ltr'>εὖ</span> <span class='ocrx_word' id='word_1_562' title='bbox 2461 4514 2712 4588; x_wconf 77' lang='grc' dir='ltr'>πράττειν</span> <span class='ocrx_word' id='word_1_563' title='bbox 2726 4557 2738 4569; x_wconf 94' lang='grc'><strong>.</strong></span> 
     </span>
    </p>
   </div>
   <div class='ocr_carea' id='block_1_94' title="bbox 420 4590 2084 4679">
    <p class='ocr_par' dir='ltr' id='par_1_94' title="bbox 420 4597 2072 4675">
     <span class='ocr_line' id='line_1_94' title="bbox 420 4597 2072 4675; baseline -0.003 -15"><span class='ocrx_word' id='word_1_564' title='bbox 420 4604 746 4675; x_wconf 69' lang='grc' dir='ltr'>πελταστής,</span> <span class='ocrx_word' id='word_1_565' title='bbox 779 4597 1054 4675; x_wconf 76' lang='grc' dir='ltr'>μελίϐοια,</span> <span class='ocrx_word' id='word_1_566' title='bbox 1105 4607 1171 4656; x_wconf 92' lang='lat' dir='ltr'>ut</span> <span class='ocrx_word' id='word_1_567' title='bbox 1227 4601 1566 4668; x_wconf 64' lang='lat' dir='ltr'>Athenaeus,</span> <span class='ocrx_word' id='word_1_568' title='bbox 1616 4599 1768 4654; x_wconf 84' lang='lat' dir='ltr'>libro</span> <span class='ocrx_word' id='word_1_569' title='bbox 1822 4617 1912 4655; x_wconf 77' lang='lat' dir='ltr'>le</span> <span class='ocrx_word' id='word_1_570' title='bbox 1936 4602 2072 4673; x_wconf 72' lang='lat' dir='ltr'>Dip-</span> 
     </span>
    </p>
   </div>
   <div class='ocr_carea' id='block_1_95' title="bbox 2212 4590 3826 4679">
    <p class='ocr_par' dir='ltr' id='par_1_95' title="bbox 2249 4603 3826 4679">
     <span class='ocr_line' id='line_1_95' title="bbox 2249 4603 3826 4679; baseline 0.004 -23"><span class='ocrx_word' id='word_1_571' title='bbox 2249 4603 2569 4672; x_wconf 82' lang='lat' dir='ltr'>Eudoxius,</span> <span class='ocrx_word' id='word_1_572' title='bbox 2614 4605 2928 4678; x_wconf 89' lang='lat' dir='ltr'>episcopus</span> <span class='ocrx_word' id='word_1_573' title='bbox 2987 4609 3337 4679; x_wconf 67' lang='lat' dir='ltr'>Antiochiae,</span> <span class='ocrx_word' id='word_1_574' title='bbox 3398 4626 3467 4663; x_wconf 90' lang='lat' dir='ltr'>ex</span> <span class='ocrx_word' id='word_1_575' title='bbox 3527 4607 3826 4670; x_wconf 88' lang='lat' dir='ltr'>Arabisso,</span> 
     </span>
    </p>
   </div>
   <div class='ocr_carea' id='block_1_96' title="bbox 419 4696 752 4768">
    <p class='ocr_par' dir='ltr' id='par_1_96' title="bbox 419 4696 752 4768">
     <span class='ocr_line' id='line_1_96' title="bbox 419 4696 752 4768; baseline -0.003 -16"><span class='ocrx_word' id='word_1_576' title='bbox 419 4696 752 4768; x_wconf 85' lang='lat' dir='ltr'>n050phist.</span> 
     </span>
    </p>
   </div>
   <div class='ocr_carea' id='block_1_97' title="bbox 490 4779 2068 4849">
    <p class='ocr_par' dir='ltr' id='par_1_97' title="bbox 490 4779 2068 4849">
     <span class='ocr_line' id='line_1_97' title="bbox 490 4779 2068 4849; baseline -0.003 -9"><span class='ocrx_word' id='word_1_577' title='bbox 490 4785 579 4847; x_wconf 83' lang='grc' dir='ltr'>Ἐς</span> <span class='ocrx_word' id='word_1_578' title='bbox 608 4781 924 4840; x_wconf 79' lang='grc' dir='ltr'>Μασσαλίαν</span> <span class='ocrx_word' id='word_1_579' title='bbox 980 4779 1242 4848; x_wconf 70' lang='grc' dir='ltr'>πλεύσας,</span> <span class='ocrx_word' id='word_1_580' title='bbox 1296 4781 1600 4837; x_wconf 84' lang='lat' dir='ltr'>Massiliam</span> <span class='ocrx_word' id='word_1_581' title='bbox 1651 4783 1944 4849; x_wconf 80' lang='lat' dir='ltr'>navigans,</span> <span class='ocrx_word' id='word_1_582' title='bbox 1994 4780 2068 4835; x_wconf 90' lang='lat' dir='ltr'>de</span> 
     </span>
    </p>
   </div>
   <div class='ocr_carea' id='block_1_98' title="bbox 417 4869 2065 4944">
    <p class='ocr_par' dir='ltr' id='par_1_98' title="bbox 417 4869 2065 4944">
     <span class='ocr_line' id='line_1_98' title="bbox 417 4869 2065 4944; baseline -0.006 -14"><span class='ocrx_word' id='word_1_583' title='bbox 417 4875 491 4931; x_wconf 91' lang='lat' dir='ltr'>iis</span> <span class='ocrx_word' id='word_1_584' title='bbox 521 4874 757 4942; x_wconf 87' lang='lat' dir='ltr'>dicitur,</span> <span class='ocrx_word' id='word_1_585' title='bbox 787 4873 887 4944; x_wconf 88' lang='lat' dir='ltr'>qui</span> <span class='ocrx_word' id='word_1_586' title='bbox 945 4871 1283 4927; x_wconf 73' lang='lat' dir='ltr'>effeminate</span> <span class='ocrx_word' id='word_1_587' title='bbox 1335 4875 1392 4924; x_wconf 91' lang='lat' dir='ltr'>et</span> <span class='ocrx_word' id='word_1_588' title='bbox 1448 4869 1710 4924; x_wconf 91' lang='lat' dir='ltr'>molliter</span> <span class='ocrx_word' id='word_1_589' title='bbox 1734 4870 1953 4937; x_wconf 86' lang='lat' dir='ltr'>vivunt,</span> <span class='ocrx_word' id='word_1_590' title='bbox 2002 4871 2065 4940; x_wconf 88' lang='lat' dir='ltr'>V,</span> 
     </span>
    </p>
   </div>
   <div class='ocr_carea' id='block_1_99' title="bbox 417 4959 1886 5035">
    <p class='ocr_par' dir='ltr' id='par_1_99' title="bbox 417 4959 1886 5035">
     <span class='ocr_line' id='line_1_99' title="bbox 417 4959 1886 5035; baseline -0.004 -15"><span class='ocrx_word' id='word_1_591' title='bbox 417 4981 614 5035; x_wconf 90' lang='lat' dir='ltr'>supra,</span> <span class='ocrx_word' id='word_1_592' title='bbox 648 4961 707 5015; x_wconf 81' lang='grc' dir='ltr'>ἐκ</span> <span class='ocrx_word' id='word_1_593' title='bbox 729 4959 1068 5028; x_wconf 74' lang='grc' dir='ltr'>Μασσαλίας,</span> <span class='ocrx_word' id='word_1_594' title='bbox 1103 4965 1162 5015; x_wconf 89' lang='lat' dir='ltr'>et</span> <span class='ocrx_word' id='word_1_595' title='bbox 1191 4960 1407 5015; x_wconf 80' lang='lat' dir='ltr'>Athen.</span> <span class='ocrx_word' id='word_1_596' title='bbox 1442 4961 1563 5026; x_wconf 81' lang='lat' dir='ltr'>XII,</span> <span class='ocrx_word' id='word_1_597' title='bbox 1598 4975 1727 5030; x_wconf 90' lang='lat' dir='ltr'>pag.</span> <span class='ocrx_word' id='word_1_598' title='bbox 1761 4961 1886 5014; x_wconf 78' lang='grc'>523.</span> 
     </span>
    </p>
   </div>
   <div class='ocr_carea' id='block_1_100' title="bbox 485 5047 2067 5125">
    <p class='ocr_par' dir='ltr' id='par_1_100' title="bbox 485 5047 2067 5125">
     <span class='ocr_line' id='line_1_100' title="bbox 485 5047 2067 5125; baseline -0.003 -18"><span class='ocrx_word' id='word_1_599' title='bbox 485 5051 758 5125; x_wconf 79' lang='grc' dir='ltr'>Ἕσχατος</span> <span class='ocrx_word' id='word_1_600' title='bbox 816 5051 1016 5106; x_wconf 82' lang='grc' dir='ltr'>Μυσῶν</span> <span class='ocrx_word' id='word_1_601' title='bbox 1093 5047 1243 5117; x_wconf 80' lang='grc' dir='ltr'>πλεῖ,</span> <span class='ocrx_word' id='word_1_602' title='bbox 1303 5052 1576 5119; x_wconf 80' lang='lat' dir='ltr'>Mysorum</span> <span class='ocrx_word' id='word_1_603' title='bbox 1624 5048 1851 5103; x_wconf 82' lang='lat' dir='ltr'>ultimus</span> <span class='ocrx_word' id='word_1_604' title='bbox 1903 5049 2067 5103; x_wconf 78' lang='lat' dir='ltr'>navi-</span> 
     </span>
    </p>
   </div>
   <div class='ocr_carea' id='block_1_101' title="bbox 412 5139 2064 5212">
    <p class='ocr_par' dir='ltr' id='par_1_101' title="bbox 412 5139 2064 5212">
     <span class='ocr_line' id='line_1_101' title="bbox 412 5139 2064 5212; baseline -0.001 -16"><span class='ocrx_word' id='word_1_605' title='bbox 412 5150 528 5212; x_wconf 76' lang='lat' dir='ltr'>gat,</span> <span class='ocrx_word' id='word_1_606' title='bbox 558 5141 934 5212; x_wconf 86' lang='lat' dir='ltr'>proverbium</span> <span class='ocrx_word' id='word_1_607' title='bbox 967 5140 1038 5195; x_wconf 90' lang='lat' dir='ltr'>de</span> <span class='ocrx_word' id='word_1_608' title='bbox 1091 5141 1165 5194; x_wconf 91' lang='lat' dir='ltr'>iis</span> <span class='ocrx_word' id='word_1_609' title='bbox 1224 5139 1440 5210; x_wconf 90' lang='lat' dir='ltr'>quibus</span> <span class='ocrx_word' id='word_1_610' title='bbox 1502 5139 1650 5194; x_wconf 88' lang='lat' dir='ltr'>dura</span> <span class='ocrx_word' id='word_1_611' title='bbox 1706 5143 1766 5194; x_wconf 91' lang='lat' dir='ltr'>et</span> <span class='ocrx_word' id='word_1_612' title='bbox 1793 5139 2064 5194; x_wconf 82' lang='lat' dir='ltr'>difﬁcilia</span> 
     </span>
    </p>
   </div>
   <div class='ocr_carea' id='block_1_102' title="bbox 411 5233 947 5301">
    <p class='ocr_par' dir='ltr' id='par_1_102' title="bbox 411 5233 947 5301">
     <span class='ocr_line' id='line_1_102' title="bbox 411 5233 947 5301; baseline -0.004 -15"><span class='ocrx_word' id='word_1_613' title='bbox 411 5233 802 5301; x_wconf 89' lang='lat' dir='ltr'>imperantur,</span> <span class='ocrx_word' id='word_1_614' title='bbox 837 5236 947 5285; x_wconf 90' lang='lat' dir='ltr'>etc.</span> 
     </span>
    </p>
   </div>
   <div class='ocr_carea' id='block_1_103' title="bbox 481 5318 2065 5389">
    <p class='ocr_par' dir='ltr' id='par_1_103' title="bbox 481 5318 2065 5389">
     <span class='ocr_line' id='line_1_103' title="bbox 481 5318 2065 5389; baseline 0 -15"><span class='ocrx_word' id='word_1_615' title='bbox 481 5321 684 5387; x_wconf 73' lang='lat' dir='ltr'>Essmi,</span> <span class='ocrx_word' id='word_1_616' title='bbox 745 5326 958 5376; x_wconf 70' lang='lat' dir='ltr'>ascetaa</span> <span class='ocrx_word' id='word_1_617' title='bbox 1010 5321 1169 5374; x_wconf 91' lang='lat' dir='ltr'>inter</span> <span class='ocrx_word' id='word_1_618' title='bbox 1224 5319 1478 5385; x_wconf 70' lang='lat' dir='ltr'>Iudaeos,</span> <span class='ocrx_word' id='word_1_619' title='bbox 1514 5319 1613 5389; x_wconf 87' lang='lat' dir='ltr'>qui</span> <span class='ocrx_word' id='word_1_620' title='bbox 1647 5318 1978 5374; x_wconf 66' lang='lat' dir='ltr'>Pharisaaos</span> <span class='ocrx_word' id='word_1_621' title='bbox 2004 5323 2065 5374; x_wconf 87' lang='lat' dir='ltr'>et</span> 
     </span>
    </p>
   </div>
   <div class='ocr_carea' id='block_1_104' title="bbox 411 5407 2058 5480">
    <p class='ocr_par' dir='ltr' id='par_1_104' title="bbox 411 5407 2058 5480">
     <span class='ocr_line' id='line_1_104' title="bbox 411 5407 2058 5480; baseline -0.002 -14"><span class='ocrx_word' id='word_1_622' title='bbox 411 5409 635 5466; x_wconf 85' lang='lat' dir='ltr'>scribas</span> <span class='ocrx_word' id='word_1_623' title='bbox 686 5411 999 5466; x_wconf 88' lang='lat' dir='ltr'>severitate</span> <span class='ocrx_word' id='word_1_624' title='bbox 1059 5407 1394 5479; x_wconf 68' lang='lat' dir='ltr'>disciplina)</span> <span class='ocrx_word' id='word_1_625' title='bbox 1451 5408 1624 5478; x_wconf 84' lang='lat' dir='ltr'>longe</span> <span class='ocrx_word' id='word_1_626' title='bbox 1681 5413 2058 5480; x_wconf 80' lang='lat' dir='ltr'>superarunt,</span> 
     </span>
    </p>
   </div>
   <div class='ocr_carea' id='block_1_105' title="bbox 406 5494 2062 5577">
    <p class='ocr_par' dir='ltr' id='par_1_105' title="bbox 406 5494 2062 5577">
     <span class='ocr_line' id='line_1_105' title="bbox 406 5494 2062 5577; baseline -0.002 -23"><span class='ocrx_word' id='word_1_627' title='bbox 406 5497 792 5574; x_wconf 68' lang='grc' dir='ltr'>ἰπιμελοῦντὰι</span> <span class='ocrx_word' id='word_1_628' title='bbox 848 5502 949 5566; x_wconf 78' lang='grc' dir='ltr'>τῆς</span> <span class='ocrx_word' id='word_1_629' title='bbox 1028 5497 1233 5566; x_wconf 73' lang='grc' dir='ltr'><strong>ἠθικῆς</strong></span> <span class='ocrx_word' id='word_1_630' title='bbox 1307 5494 1522 5567; x_wconf 71' lang='grc' dir='ltr'>λέξεως,</span> <span class='ocrx_word' id='word_1_631' title='bbox 1609 5496 1810 5571; x_wconf 73' lang='grc' dir='ltr'>θεωρίᾳ</span> <span class='ocrx_word' id='word_1_632' title='bbox 1878 5494 1937 5577; x_wconf 70' lang='grc' dir='ltr'>δὲ</span> <span class='ocrx_word' id='word_1_633' title='bbox 1993 5494 2062 5551; x_wconf 73' lang='grc' dir='ltr'><strong>τὰ</strong></span> 
     </span>
    </p>
   </div>
   <div class='ocr_carea' id='block_1_106' title="bbox 2181 4695 3827 4771">
    <p class='ocr_par' dir='ltr' id='par_1_106' title="bbox 2181 4695 3827 4771">
     <span class='ocr_line' id='line_1_106' title="bbox 2181 4695 3827 4771; baseline 0.002 -23"><span class='ocrx_word' id='word_1_634' title='bbox 2181 4695 2395 4766; x_wconf 88' lang='lat' dir='ltr'>oppido</span> <span class='ocrx_word' id='word_1_635' title='bbox 2446 4697 2695 4751; x_wconf 91' lang='lat' dir='ltr'>minoris</span> <span class='ocrx_word' id='word_1_636' title='bbox 2741 4698 3037 4754; x_wconf 70' lang='lat' dir='ltr'>Armenia)</span> <span class='ocrx_word' id='word_1_637' title='bbox 3078 4699 3390 4769; x_wconf 89' lang='lat' dir='ltr'>oriundus,</span> <span class='ocrx_word' id='word_1_638' title='bbox 3439 4698 3610 4771; x_wconf 89' lang='lat' dir='ltr'>cujus</span> <span class='ocrx_word' id='word_1_639' title='bbox 3640 4704 3827 4770; x_wconf 87' lang='lat' dir='ltr'>pater,</span> 
     </span>
    </p>
   </div>
   <div class='ocr_carea' id='block_1_107' title="bbox 2177 4777 3824 4864">
    <p class='ocr_par' dir='ltr' id='par_1_107' title="bbox 2177 4777 3824 4864">
     <span class='ocr_line' id='line_1_107' title="bbox 2177 4777 3824 4864; baseline 0.002 -27"><span class='ocrx_word' id='word_1_640' title='bbox 2177 4785 2484 4856; x_wconf 59' lang='lat' dir='ltr'>Caesarius,</span> <span class='ocrx_word' id='word_1_641' title='bbox 2518 4787 2625 4841; x_wconf 92' lang='lat' dir='ltr'>sub</span> <span class='ocrx_word' id='word_1_642' title='bbox 2657 4787 3007 4844; x_wconf 81' lang='lat' dir='ltr'>Maximiano</span> <span class='ocrx_word' id='word_1_643' title='bbox 3041 4790 3305 4860; x_wconf 89' lang='lat' dir='ltr'>martyrii</span> <span class='ocrx_word' id='word_1_644' title='bbox 3339 4805 3557 4864; x_wconf 87' lang='lat' dir='ltr'>corona</span> <span class='ocrx_word' id='word_1_645' title='bbox 3586 4777 3824 4842; x_wconf 48' lang='lat' dir='ltr'>redimi;</span> 
     </span>
    </p>
   </div>
   <div class='ocr_carea' id='block_1_108' title="bbox 2176 4880 2551 4945">
    <p class='ocr_par' dir='ltr' id='par_1_108' title="bbox 2176 4880 2551 4945">
     <span class='ocr_line' id='line_1_108' title="bbox 2176 4880 2551 4945; baseline 0.011 -15"><span class='ocrx_word' id='word_1_646' title='bbox 2176 4880 2271 4931; x_wconf 90' lang='lat' dir='ltr'>tus</span> <span class='ocrx_word' id='word_1_647' title='bbox 2300 4883 2407 4945; x_wconf 90' lang='lat' dir='ltr'>est,</span> <span class='ocrx_word' id='word_1_648' title='bbox 2439 4882 2551 4934; x_wconf 90' lang='lat' dir='ltr'>etc.</span> 
     </span>
    </p>
   </div>
   <div class='ocr_carea' id='block_1_109' title="bbox 2245 4964 3828 5040">
    <p class='ocr_par' dir='ltr' id='par_1_109' title="bbox 2245 4964 3828 5040">
     <span class='ocr_line' id='line_1_109' title="bbox 2245 4964 3828 5040; baseline 0 -21"><span class='ocrx_word' id='word_1_649' title='bbox 2245 4965 2546 5032; x_wconf 84' lang='lat' dir='ltr'>Eudoxus,</span> <span class='ocrx_word' id='word_1_650' title='bbox 2570 4968 2862 5022; x_wconf 58' lang='lat' dir='ltr'>(Eschinis</span> <span class='ocrx_word' id='word_1_651' title='bbox 2886 4969 2942 5022; x_wconf 86' lang='lat' dir='ltr'>F.</span> <span class='ocrx_word' id='word_1_652' title='bbox 2957 5011 2970 5037; x_wconf 95' lang='lat'>,</span> <span class='ocrx_word' id='word_1_653' title='bbox 2986 4968 3251 5034; x_wconf 71' lang='lat' dir='ltr'>Cnidius,</span> <span class='ocrx_word' id='word_1_654' title='bbox 3273 4967 3686 5040; x_wconf 89' lang='lat' dir='ltr'>philosophus,</span> <span class='ocrx_word' id='word_1_655' title='bbox 3706 4964 3828 5020; x_wconf 89' lang='lat' dir='ltr'>Pla-</span> 
     </span>
    </p>
   </div>
   <div class='ocr_carea' id='block_1_110' title="bbox 2174 5055 3821 5129">
    <p class='ocr_par' dir='ltr' id='par_1_110' title="bbox 2174 5055 3821 5129">
     <span class='ocr_line' id='line_1_110' title="bbox 2174 5055 3821 5129; baseline 0.002 -22"><span class='ocrx_word' id='word_1_656' title='bbox 2174 5055 2330 5108; x_wconf 88' lang='lat' dir='ltr'>tonis</span> <span class='ocrx_word' id='word_1_657' title='bbox 2356 5057 2623 5126; x_wconf 77' lang='lat' dir='ltr'>mqualis,</span> <span class='ocrx_word' id='word_1_658' title='bbox 2657 5057 2750 5112; x_wconf 92' lang='lat' dir='ltr'>cui</span> <span class='ocrx_word' id='word_1_659' title='bbox 2783 5057 2947 5113; x_wconf 87' lang='lat' dir='ltr'>fuere</span> <span class='ocrx_word' id='word_1_660' title='bbox 2981 5064 3101 5115; x_wconf 89' lang='lat' dir='ltr'>tres</span> <span class='ocrx_word' id='word_1_661' title='bbox 3151 5059 3310 5126; x_wconf 70' lang='lat' dir='ltr'>filim,</span> <span class='ocrx_word' id='word_1_662' title='bbox 3344 5058 3525 5125; x_wconf 86' lang='lat' dir='ltr'>Actis,</span> <span class='ocrx_word' id='word_1_663' title='bbox 3560 5057 3821 5129; x_wconf 86' lang='lat' dir='ltr'>Delphis,</span> 
     </span>
    </p>
   </div>
   <div class='ocr_carea' id='block_1_111' title="bbox 2171 5143 3825 5221">
    <p class='ocr_par' dir='ltr' id='par_1_111' title="bbox 2171 5143 3825 5221">
     <span class='ocr_line' id='line_1_111' title="bbox 2171 5143 3825 5221; baseline 0.001 -24"><span class='ocrx_word' id='word_1_664' title='bbox 2171 5143 2424 5200; x_wconf 91' lang='lat' dir='ltr'>Philitis.</span> <span class='ocrx_word' id='word_1_665' title='bbox 2452 5146 2796 5219; x_wconf 59' lang='lat' dir='ltr'>Astrologiay</span> <span class='ocrx_word' id='word_1_666' title='bbox 2824 5147 3137 5221; x_wconf 89' lang='lat' dir='ltr'>insigniter</span> <span class='ocrx_word' id='word_1_667' title='bbox 3165 5147 3400 5204; x_wconf 90' lang='lat' dir='ltr'>deditus</span> <span class='ocrx_word' id='word_1_668' title='bbox 3416 5147 3527 5202; x_wconf 90' lang='lat' dir='ltr'>fuit</span> <span class='ocrx_word' id='word_1_669' title='bbox 3559 5146 3825 5216; x_wconf 91' lang='lat' dir='ltr'>scripsit-</span> 
     </span>
    </p>
   </div>
   <div class='ocr_carea' id='block_1_112' title="bbox 2171 5235 3820 5318">
    <p class='ocr_par' dir='ltr' id='par_1_112' title="bbox 2171 5235 3820 5318">
     <span class='ocr_line' id='line_1_112' title="bbox 2171 5235 3820 5318; baseline 0.001 -31"><span class='ocrx_word' id='word_1_670' title='bbox 2171 5250 2286 5303; x_wconf 90' lang='lat' dir='ltr'>que</span> <span class='ocrx_word' id='word_1_671' title='bbox 2336 5235 2509 5306; x_wconf 89' lang='lat' dir='ltr'>plura</span> <span class='ocrx_word' id='word_1_672' title='bbox 2567 5237 2695 5308; x_wconf 91' lang='lat' dir='ltr'>ejus</span> <span class='ocrx_word' id='word_1_673' title='bbox 2744 5239 2978 5310; x_wconf 89' lang='lat' dir='ltr'>generis</span> <span class='ocrx_word' id='word_1_674' title='bbox 3010 5244 3068 5294; x_wconf 85' lang='lat' dir='ltr'>et</span> <span class='ocrx_word' id='word_1_675' title='bbox 3114 5239 3530 5306; x_wconf 83' lang='lat' dir='ltr'>Octaeteridem,</span> <span class='ocrx_word' id='word_1_676' title='bbox 3586 5251 3820 5318; x_wconf 69' lang='lat' dir='ltr'>necnon</span> 
     </span>
    </p>
   </div>
   <div class='ocr_carea' id='block_1_113' title="bbox 2171 5323 3460 5399">
    <p class='ocr_par' dir='ltr' id='par_1_113' title="bbox 2171 5323 3460 5399">
     <span class='ocr_line' id='line_1_113' title="bbox 2171 5323 3460 5399; baseline 0.002 -22"><span class='ocrx_word' id='word_1_677' title='bbox 2171 5344 2199 5371; x_wconf 84' lang='lat'><strong>«</strong></span> <span class='ocrx_word' id='word_1_678' title='bbox 2227 5323 2670 5382; x_wconf 90' lang='lat' dir='ltr'>Astronomiam</span> <span class='ocrx_word' id='word_1_679' title='bbox 2701 5328 2811 5399; x_wconf 86' lang='lat'>(69)</span> <span class='ocrx_word' id='word_1_680' title='bbox 2836 5329 3105 5384; x_wconf 90' lang='lat' dir='ltr'>versibus</span> <span class='ocrx_word' id='word_1_681' title='bbox 3132 5329 3406 5384; x_wconf 90' lang='lat' dir='ltr'>heroicis.</span> <span class='ocrx_word' id='word_1_682' title='bbox 3433 5352 3460 5379; x_wconf 90' lang='grc'><strong>››</strong></span> 
     </span>
    </p>
   </div>
   <div class='ocr_carea' id='block_1_114' title="bbox 2242 5412 3799 5491">
    <p class='ocr_par' dir='ltr' id='par_1_114' title="bbox 2242 5412 3799 5491">
     <span class='ocr_line' id='line_1_114' title="bbox 2242 5412 3799 5491; baseline 0.003 -25"><span class='ocrx_word' id='word_1_683' title='bbox 2242 5412 2493 5483; x_wconf 88' lang='lat' dir='ltr'>Evenos,</span> <span class='ocrx_word' id='word_1_684' title='bbox 2528 5415 2676 5472; x_wconf 90' lang='lat' dir='ltr'>duos</span> <span class='ocrx_word' id='word_1_685' title='bbox 2707 5418 2876 5474; x_wconf 88' lang='lat' dir='ltr'>aiunt</span> <span class='ocrx_word' id='word_1_686' title='bbox 2903 5415 3085 5475; x_wconf 84' lang='lat' dir='ltr'>fuisse</span> <span class='ocrx_word' id='word_1_687' title='bbox 3117 5419 3408 5490; x_wconf 86' lang='lat' dir='ltr'>elegiacos</span> <span class='ocrx_word' id='word_1_688' title='bbox 3440 5421 3665 5491; x_wconf 89' lang='lat' dir='ltr'>poetas,</span> <span class='ocrx_word' id='word_1_689' title='bbox 3699 5431 3799 5471; x_wconf 81' lang='lat' dir='ltr'>eos</span> 
     </span>
    </p>
   </div>
   <div class='ocr_carea' id='block_1_115' title="bbox 2176 5495 2918 5572">
    <p class='ocr_par' dir='ltr' id='par_1_115' title="bbox 2176 5495 2918 5572">
     <span class='ocr_line' id='line_1_115' title="bbox 2176 5495 2918 5572; baseline 0.009 -16"><span class='ocrx_word' id='word_1_690' title='bbox 2176 5495 2289 5572; x_wconf 88' lang='lat' dir='ltr'>que</span> <span class='ocrx_word' id='word_1_691' title='bbox 2321 5505 2526 5560; x_wconf 91' lang='lat' dir='ltr'>ambos</span> <span class='ocrx_word' id='word_1_692' title='bbox 2558 5506 2784 5563; x_wconf 87' lang='lat' dir='ltr'>Parios.</span> <span class='ocrx_word' id='word_1_693' title='bbox 2915 5499 2918 5502; x_wconf 62' lang='grc'><strong>’</strong></span> 
     </span>
    </p>
   </div>
   <div class='ocr_carea' id='block_1_116' title="bbox 471 5679 2533 5764">
    <p class='ocr_par' dir='ltr' id='par_1_116' title="bbox 471 5679 2533 5764">
     <span class='ocr_line' id='line_1_116' title="bbox 471 5679 2533 5764; baseline 0.003 -23"><span class='ocrx_word' id='word_1_694' title='bbox 471 5688 588 5758; x_wconf 84' lang='lat'>(69)</span> <span class='ocrx_word' id='word_1_695' title='bbox 619 5686 745 5740; x_wconf 85' lang='lat' dir='ltr'>Non</span> <span class='ocrx_word' id='word_1_696' title='bbox 783 5682 1058 5739; x_wconf 81' lang='lat' dir='ltr'>Eudoxus</span> <span class='ocrx_word' id='word_1_697' title='bbox 1113 5695 1316 5737; x_wconf 84' lang='lat' dir='ltr'>versus</span> <span class='ocrx_word' id='word_1_698' title='bbox 1368 5679 1626 5753; x_wconf 88' lang='lat' dir='ltr'>scripsit,</span> <span class='ocrx_word' id='word_1_699' title='bbox 1686 5682 1788 5738; x_wconf 86' lang='lat' dir='ltr'>sed</span> <span class='ocrx_word' id='word_1_700' title='bbox 1822 5687 2036 5741; x_wconf 86' lang='lat' dir='ltr'>Aratus</span> <span class='ocrx_word' id='word_1_701' title='bbox 2079 5686 2303 5745; x_wconf 81' lang='lat' dir='ltr'>Eudoxi</span> <span class='ocrx_word' id='word_1_702' title='bbox 2336 5708 2533 5764; x_wconf 87' lang='lat' dir='ltr'>prosa.</span> 
     </span>
    </p>
   </div>
  </div>
