4136 6316
320 353 474 414 1261
1639 351 1744 411 DE
1784 349 2072 422 QUIBUS
2113 349 2392 414 SUIDAS
3572 352 3731 412 5262

389 481 627 554 Εὐεστὼ,
659 484 834 539 animi
859 482 1322 553 tranquillitatem
1352 481 1741 545 Democritus,
1773 481 1966 540 Abde-
1994 487 2052 556 λ
2077 483 2138 538 in
2169 483 2415 554 poeticis
2445 500 2581 539 vero
2633 483 2972 551 Archebuli,
3025 483 3274 550 Thermi,
3308 488 3521 556 poetas,
3555 485 3728 556 cujus

317 573 455 640 rita,
489 572 689 628 docuit
719 574 899 628 ﬁnem
923 589 1050 629 esse
1084 577 1144 627 et
1171 587 1474 628 summum
1505 570 1827 640 felicitatis,
1861 576 1971 626 etc.

395 663 728 730 Eueterius,
756 663 1053 718 Joviniani
1112 664 1253 734 imp.
1311 660 1679 732 temporibus
1710 659 1978 715 doctrina

321 750 566 822 quidem
590 757 646 806 et
671 752 891 824 ingenii
917 751 1259 823 praastantia
1279 750 1542 821 antiquis
1566 765 1686 804 non
1709 748 1974 820 inferior,

324 841 430 896 sed
483 841 585 912 qui
645 858 715 896 ex
772 841 937 895 molli
996 841 1378 912 simplicitate
1437 839 1656 895 multos
1709 839 1976 893 insontes

323 949 536 1004 passus
569 936 658 987 est
677 931 893 1003 judicii
925 931 1157 1002 laqueis
1190 930 1435 985 irretiri.

395 1022 712 1094 Eugenius,
732 1021 1054 1092 Trophimi,
1071 1022 1129 1074 F.
1143 1017 1974 1092 ,Augustopolitanus,Phryx,

323 1112 768 1184 grammaticus,
823 1109 1023 1164 docuit
1074 1109 1265 1177 CPoli,
1299 1108 1400 1163 ubi
1445 1107 1612 1163 valde
1643 1107 1838 1162 clarus
1868 1105 1980 1160 fuit

315 1203 447 1274 jam
505 1217 684 1257 senex
741 1205 1007 1271 tempore
1065 1197 1361 1254 Anastasii
1419 1197 1561 1268 imp.
1622 1195 1869 1268 Scripsit
1905 1194 1977 1250 de

323 1291 698 1347 dimensione
721 1304 996 1344 versuum
1019 1287 1368 1342 melicorum
1391 1283 1978 1356 IEschyli,Sophoclis

328 1387 385 1436 et
416 1378 712 1451 Euripidis
735 1378 795 1432 in
818 1377 1034 1432 fabulis
1056 1378 1170 1431 XV.
1197 1378 1275 1431 De
1303 1376 1534 1448 pmonio
1566 1379 1624 1429 et
1651 1373 1980 1446 palimbac-

327 1470 462 1526 chio
495 1475 682 1525 metro
709 1485 723 1534 ;
756 1467 827 1521 de
851 1465 1196 1521 nominibus
1224 1465 1582 1538 templorum
1605 1469 1663 1519 et
1683 1461 1979 1534 quomodo

329 1576 399 1614 ea
430 1557 678 1630 proferri
725 1556 1000 1623 debeant,
1057 1560 1125 1610 ut
1181 1551 1508 1621 Διονῦσειον,
1568 1548 1978 1621 Ἀσκληπίειον.

327 1647 628 1704 Vocabula
657 1645 1045 1701 miscellanea
1093 1643 1301 1699 ordine
1346 1641 1740 1714 alphabetico,
1772 1641 1833 1696 in
1865 1657 1980 1711 quo

328 1754 507 1810 opere
541 1737 720 1792 etiam
751 1751 902 1790 nova
932 1733 1203 1805 quaedam
1238 1737 1296 1788 et
1341 1731 1663 1805 singularia
1692 1729 1871 1786 habet
1907 1727 1981 1784 ad

2083 572 2259 626 etiam
2292 572 2518 628 delicia:
2567 572 2749 628 fuisse
2798 573 3002 628 fertur.
3051 576 3231 629 Natus
3261 579 3352 629 est
3379 573 3729 645 Olympiade

2082 661 2317 731 CXXVI,
2353 678 2468 732 quo
2499 667 2761 734 tempore
2786 669 2844 717 et
2872 663 3132 735 Pyrrhus
3162 681 3197 719 a
3234 663 3513 719 Romanis
3543 663 3729 717 victus

2084 755 2191 805 est.
2225 752 2370 804 Eum
2404 751 2564 805 Nicia
2611 750 2950 822 Alexandri,
3004 753 3158 823 regis
3205 751 3458 817 Eubmaa,
3506 750 3729 806 Crateri

2084 839 2216 904 filii,
2275 856 2421 895 uxor
2459 841 2712 907 amavit;
2763 841 2901 895 hinc
2952 841 3237 912 prmdives
3268 841 3341 897 ad
3372 841 3730 896 Antiochum

2083 943 2387 1000 magnum,
2417 946 2616 1002 regem
2649 930 2846 1000 Syriae,
2882 946 2943 985 se
2991 930 3245 985 contulit
3270 935 3328 985 et
3357 931 3487 1001 ejus
3515 929 3733 984 biblio-

2084 1018 2268 1073 thecaa
2295 1019 2628 1090 praafectus,
2655 1019 2870 1073 ibidem
2899 1019 3231 1088 defunctus,
3255 1019 3646 1091 Apameae,vel
3668 1024 3734 1074 ut

2083 1107 2207 1175 alii,
2240 1107 2590 1176 Antiochiae,
2640 1108 2907 1180 sepultus
2955 1114 3062 1165 est.
3113 1110 3267 1164 Libri
3309 1111 3437 1182 ejus
3467 1109 3730 1166 versibus

2083 1195 2338 1252 heroicis
2396 1197 2599 1268 scripti
2657 1203 2796 1252 sunt
2855 1197 2954 1252 hi:
3030 1198 3313 1265 Hesiodus,
3372 1199 3638 1272 Μοψοπία
3693 1197 3729 1267 ἢ

2084 1282 2304 1354 ἄτακτα,
2359 1289 2647 1357 Mopsopia
2703 1287 2820 1343 sive
2873 1288 3218 1344 Miscellanea
3273 1288 3442 1344 libris
3489 1307 3542 1357 v,
3581 1306 3731 1362 opus

2086 1375 2398 1431 continens
2445 1375 2724 1431 historias
2777 1377 3065 1446 micellas,
3119 1377 3580 1450 inscribiturque
3611 1381 3733 1434 Mo-

2085 1465 2314 1537 psopia,
2357 1465 2496 1535 quia
2526 1463 2717 1520 Attica
2745 1464 2887 1520 olim
2921 1466 3002 1521 ita
3040 1465 3197 1521 dicta
3226 1472 3316 1522 est
3344 1484 3378 1523 a
3407 1468 3729 1538 Mopsopia,

2089 1554 2213 1608 ﬁlia
2243 1555 2480 1610 Oceani.
2517 1554 2822 1609 Desinitin
2855 1555 3045 1610 Attica
3073 1556 3375 1623 Chiliade;
3409 1573 3550 1613 nam
3581 1557 3735 1612 liber

2088 1643 2335 1716 quintus
2387 1643 2734 1699 inscribitur
2800 1642 3149 1719 ἐπιγράφεται
3205 1645 3239 1713 ἡ
3299 1644 3520 1717 πὲμπτη
3579 1645 3710 1716 (scil

2093 1726 2325 1807 βίϐλος),
2358 1730 2548 1807 χιλιὰς
2597 1733 2721 1806 περὶ
2776 1737 3046 1807 χρησμῶν
3099 1736 3226 1805 (70),
3273 1735 3479 1790 Chilias
3508 1738 3574 1790 de
3604 1753 3730 1791 ora.

328 1820 1980 1896 accentum,spiritum,scripturam,fabulamautprover-
2011 1848 2058 1914 Β
2088 1823 2244 1890 culis,
2276 1839 2406 1894 quae
2437 1828 2571 1895 post
2600 1823 2764 1878 mille
2814 1841 3004 1880 annos
3035 1830 3277 1880 eventus
3308 1825 3729 1897 comprobavit.

326 1917 494 1972 bium
518 1912 1008 1987 pertinentia;de
1036 1909 1976 1978 nominibus,in«desinentibus,
2011 1909 2049 1914 ⁷
2087 1912 2357 1984 Disputat
2404 1913 2562 1967 enim
2612 1912 2892 1968 adversus
2941 1932 3042 1970 eos
3086 1916 3186 1986 qui
3227 1917 3442 1986 ipsum,
3467 1915 3735 1987 deposita

326 2012 393 2062 ut
424 2001 598 2058 ἔνδεια
629 2003 717 2059 vel
749 1998 912 2067 ἐνδίκ,
946 2007 1004 2057 et
1032 2001 1270 2073 quando
1313 2017 1384 2056 ea
1424 1999 1697 2054 bifariam
1730 1999 1980 2054 efferan-
2088 2000 2245 2072 apud
2267 2001 2402 2057 illos
2424 2001 2676 2072 pecunia
2696 2002 3060 2072 fraudarant,
3081 2004 3300 2060 docens
3323 2021 3423 2060 eos
3443 2004 3740 2059 velmulto

334 2101 446 2150 tur.
482 2097 628 2149 Item
660 2093 777 2148 alia
808 2091 1078 2163 quaedam
1111 2090 1364 2146 iambica
1391 2089 1678 2144 trimetra.

405 2179 650 2257 Εὕλογον
711 2179 946 2253 ἀξίωμα,
1014 2183 1236 2235 αωὶογηίι
1305 2179 1614 2250 probabile,
1699 2177 1897 2232 diﬂ‘ert
1953 2192 1988 2232 a

332 2271 716 2343 καταληπτικῇ
771 2267 1050 2348 φαντασίᾳ,
1099 2287 1146 2324 s.
1199 2267 1741 2341 comprehendente
1797 2266 1985 2338 phan-

331 2364 495 2419 tasia.
533 2361 845 2417 Cleanthes
894 2359 1305 2432 philosophus,
1358 2357 1644 2430 appositis
1676 2355 1788 2428 ipsi
1812 2355 1988 2427 jussu

332 2453 636 2510 Ptolemaei
685 2451 840 2524 regis
887 2449 1060 2506 malis
1107 2449 1344 2522 punicis
1395 2447 1605 2514 cereis,
1639 2446 1873 2518 negavit
1902 2461 1986 2512 se,

331 2542 484 2597 falso
516 2541 640 2596 viso
699 2555 1034 2604 assensum,
1094 2537 1198 2592 sed
1254 2542 1482 2592 tantum
1532 2533 1839 2608 probabile
1880 2549 1991 2605 pu-

335 2638 490 2686 tasse
504 2673 517 2698 ,
551 2635 662 2685 etc.

335 2719 708 2790 Eumolpidas
769 2718 840 2773 ab
899 2716 1208 2788 Eumolpo,
1265 2716 1509 2778 Thrace,
1559 2713 1658 2785 qui
1698 2711 1991 2767 rationem

338 2808 616 2864 initiandi
649 2808 891 2874 invenit,
924 2806 1013 2862 vel
1051 2823 1086 2862 a
1128 2805 1326 2860 Musaei
1371 2804 1516 2869 tilio,
1563 2803 1662 2874 qui
1696 2801 1808 2857 fuit
1837 2818 1872 2856 a
1902 2817 1993 2856 se-

341 2898 542 2954 cundo
575 2897 836 2968 quintus.

410 2987 753 3058 Eumolpus,
811 2985 1148 3040 Eleusinius
1209 2983 1298 3038 vel
1367 2980 1770 3045 Atheniensis,
1835 2979 1994 3034 filius

343 3076 570 3144 Musaei,
599 3081 808 3148 poetae,
853 3079 932 3142 et,
985 3079 1053 3128 ut
1101 3073 1342 3144 quidam
1375 3070 1636 3135 tradunt,
1669 3069 1996 3140 discipulus

342 3166 582 3237 Orphei,
625 3169 801 3237 poeta
853 3164 1055 3235 epicus
1099 3167 1235 3218 ante
1267 3162 1606 3216 Homerum.
1640 3159 1791 3213 Vicit
1817 3157 1997 3212 etiam

343 3255 572 3329 Pythia.
607 3253 695 3309 Ad
737 3253 929 3325 lyram
978 3252 1138 3306 enim
1190 3255 1377 3322 poetaa
1418 3249 1488 3304 de
1520 3248 1717 3321 palma
1747 3247 1904 3301 inter
1934 3262 1996 3301 se

347 3344 675 3401 certabant.
720 3341 966 3413 Scripsit
1005 3338 1238 3400 Τελετᾶς
1291 3338 1606 3410 Δήμητρος,
1639 3339 1809 3392 Initia
1839 3337 2000 3390 Cere-

349 3433 450 3501 ris,
483 3433 733 3504 ejusque
773 3430 849 3486 ad
895 3429 1135 3484 Celeum
1185 3429 1500 3484 adventum
1545 3432 1602 3482 et
1644 3425 2002 3492 ministeria,

350 3521 588 3578 filiabus
612 3521 741 3592 ejus
768 3519 1004 3589 tradita,
1027 3535 1212 3589 eaque
1236 3517 1437 3573 omnia
1457 3515 1723 3572 versibus
1745 3513 2000 3569 heroicis

350 3612 534 3681 MMM,
585 3610 1085 3680 Chirosc0picorum
1126 3607 1346 3663 librum
1393 3622 1604 3673 unum,
1656 3622 1834 3677 prosa
1859 3619 1998 3658 ora-

351 3701 534 3757 tione.

422 3787 666 3844 Eunidze
683 3787 839 3859 apud
862 3787 1252 3842 Athenienses
1274 3785 1501 3842 familia
1518 3782 2003 3850 citharcedorum,

352 3879 539 3936 sacris
571 3877 1040 3934 inservientium.

424 3967 774 4035 Eunomius,
835 3971 1101 4038 tempore
1160 3965 1423 4020 Valentis
1492 3964 1633 4036 imp.
1695 3962 2008 4033 episcopus

354 4059 694 4130 Cyzicenus,
781 4056 1046 4111 notarius
1101 4055 1272 4121 Aetii,
1352 4070 1528 4126 quem
1587 4049 2012 4122 cognominant

355 4149 619 4212 atheum,
647 4162 781 4202 cum
814 4162 930 4216 quo
963 4144 1063 4199 diu
1108 4149 1394 4210 versatus,
1447 4139 1838 4213 sophisticum
1882 4137 2011 4209 ejus

355 4235 688 4294 disserendi
720 4235 964 4291 modum
1010 4234 1274 4289 imitatus
1325 4237 1432 4288 est.
1483 4232 1623 4303 Ejus
1653 4235 1851 4299 septem
1885 4228 2013 4281 libri

354 4331 416 4384 in
439 4327 726 4399 epistolam
751 4327 824 4381 ad
855 4327 1124 4380 Romanos
1163 4327 1222 4378 et
1250 4322 1380 4377 alia)
1413 4338 1544 4392 quas
1584 4317 2013 4375 circumferun-

357 4424 471 4488 tur,
507 4415 976 4481 lucubrationes,
1006 4413 1321 4468 verborum
1355 4409 1596 4482 quidem
1629 4409 1798 4480 copia
1827 4406 2013 4462 abun-

358 4506 591 4574 dantes,
622 4508 682 4560 at
713 4503 1147 4559 sententiarum
1197 4502 1423 4572 inopes.
1458 4501 1540 4554 Ex
1580 4497 1836 4554 Socratis
1868 4495 2014 4552 Hist.

360 4595 574 4651 eccles.
608 4610 683 4665 Iv,
716 4596 768 4647 '7.

431 4682 683 4750 Evodus,
707 4681 991 4751 Rhodius,
1017 4685 1188 4756 poeta
1218 4679 1440 4752 epicus,
1469 4678 1716 4734 Neronis
1747 4681 2010 4749 tempore

364 4773 525 4842 vixit,
561 4776 736 4844 poeta
766 4772 1007 4828 Latinus
1037 4769 1425 4826 admirabilis.
1460 4767 1646 4841 Hujus
1694 4766 1827 4821 libri
1861 4763 2012 4820 nulli

367 4869 620 4921 exstant.

437 4953 802 5026 Euphorion,
835 4952 994 5008 ﬁlius
1025 4950 1304 5023 Eschyli,
1355 4947 1581 5020 tragici,
1612 4944 2016 5013 Atheniensis,

369 5045 626 5117 tragicus
658 5048 717 5098 et
762 5043 888 5114 ipse
917 5059 929 5096 :
986 5041 1086 5113 qui
1130 5039 1368 5106 fabulis,
1421 5055 1567 5109 quas
1597 5042 1765 5110 pater
1785 5041 1922 5090 ante
1956 5034 2018 5088 in

2090 2094 2220 2162 post
2258 2094 2521 2161 tempore
2555 2107 2780 2161 pmnas,
2814 2091 3053 2147 daturos
3085 2109 3236 2148 esse.

2164 2179 2476 2250 Eupithius
2507 2185 2565 2235 et
2594 2179 2937 2249 Archiadas,
2961 2180 3076 2236 duo
3111 2182 3302 2254 Hegim
3337 2181 3746 2254 (philosophi),

2096 2269 2226 2337 filii,
2260 2269 2331 2324 de
2383 2287 2636 2341 quorum
2677 2271 2915 2344 ingenio
2966 2277 3024 2328 et
3066 2273 3330 2327 moribus
3375 2273 3647 2345 quaedam
3678 2290 3747 2328 ex

2097 2361 2425 2430 Damascio,
2461 2366 2572 2416 etc.

2169 2449 2432 2522 Eupolis,
2463 2450 2865 2519 Atheniensis,
2900 2452 3183 2521 comicus,
3217 2451 3318 2523 qui
3351 2469 3539 2508 annos
3570 2457 3744 2509 natus

2097 2539 2264 2608 XVII,
2316 2539 2376 2594 in
2434 2556 2613 2595 scena
2669 2547 2896 2596 certare
2948 2542 3124 2613 cmpit
3171 2541 3471 2614 ediditque
3517 2541 3746 2598 fabulas

2099 2630 2268 2693 XVII,
2302 2629 2438 2682 vicit
2468 2631 2704 2700 septies,
2739 2629 2900 2684 Idem
2954 2631 3015 2685 in
3053 2631 3211 2686 bello
3243 2638 3451 2687 contra
3481 2632 3749 2687 Lacedae-

2101 2717 2331 2773 monios
2362 2717 2665 2790 naufragio
2707 2718 2768 2772 in
2817 2719 3200 2791 Hellesponto
3230 2719 3425 2792 periit.
3462 2721 3625 2776 Unde
3659 2720 3753 2775 lex

2101 2808 2221 2864 lata
2251 2813 2358 2871 est,
2395 2826 2524 2879 quae
2559 2813 2760 2880 poetas
2812 2810 2997 2865 vetuit
3044 2811 3318 2866 militare.
3354 2811 3588 2866 Fabula:
3623 2812 3752 2884 ejus

2105 2903 2278 2952 sunt:
2311 2896 2491 2968 Αἷγες,
2525 2897 2912 2966 Ἀστράτευτος
2945 2894 3303 2974 ἢάνδρογῦνη
3339 2907 3397 2954 et
3425 2901 3579 2956 alia}.

2177 2984 2250 3043 Εὖ
2307 2985 2584 3062 πράττειν,
2642 2988 2794 3043 hanc
2850 2989 3167 3044 formulam
3229 2990 3524 3046 salutandi
3587 2991 3752 3046 Plato

2106 3077 2386 3150 epistolas
2443 3077 2589 3146 XIII,
2652 3093 2868 3148 easque
2927 3078 3198 3134 morales.
3261 3081 3396 3135 Vide
3448 3097 3646 3152 supra,
3701 3076 3756 3134 εὖ

2112 3163 2335 3240 διάγειν,
2365 3171 2423 3220 et
2450 3165 2652 3234 Cleon,
2687 3167 2922 3240 χαίρειν.

2181 3257 2531 3330 Eurybatus,
2565 3258 2604 3310 i.
2651 3274 2703 3311 e.
2755 3259 2918 3313 homo
2968 3260 3162 3314 malus.
3217 3260 3468 3315 Ductum
3500 3264 3589 3315 est
3617 3277 3760 3332 pro-

2105 3350 2372 3406 verbium
2395 3350 2466 3405 ab
2488 3349 2784 3422 Eucybato
2818 3351 3073 3423 quodam
3097 3370 3110 3423 ;
3135 3352 3428 3408 variorum
3447 3352 3760 3426 opiniones

2109 3450 2287 3515 atque
2327 3443 2866 3514 interpretationes.
2926 3445 3061 3500 Vide
3107 3445 3263 3518 apud
3304 3446 3578 3516 Suidam;
3609 3446 3760 3504 adde

2111 3531 2343 3588 Kusteri
2372 3533 2568 3586 Notas.

2183 3617 2516 3689 Euripides,
2578 3619 2983 3688 Atheniensis,
3044 3619 3299 3691 tragicus
3330 3620 3634 3691 antiquior
3663 3638 3762 3676 ce-

2113 3709 2264 3764 lebri
2297 3709 2398 3763 illo
2429 3708 2724 3780 Euripide.
2760 3709 2968 3763 Docuit
2999 3709 3228 3764 fabulas
3259 3711 3379 3778 XII,
3412 3711 3550 3765 vicit
3577 3711 3689 3765 bis.

2187 3797 2516 3869 Euripides,
2571 3798 2899 3852 Mnesarclii
2948 3815 3051 3852 seu
3104 3799 3526 3854 Mnesarchidm
3557 3805 3618 3854 et
3645 3800 3760 3854 Cli-

2117 3887 2272 3942 tonis
2302 3888 2386 3956 F.,
2416 3904 2536 3940 non
2569 3903 2638 3941 ex
2668 3892 2874 3956 matre,
2910 3887 3140 3943 olerum
3188 3877 3543 3958 venditrice,
3563 3889 3666 3945 sed
3697 3907 3766 3944 ex

2117 3993 2330 4050 genere
2381 3975 2776 4044 nobilissimo,
2827 3981 2891 4030 ut
2931 3975 3302 4032 demonstrat
3356 3979 3767 4036 Philochorus.

2121 4069 2298 4122 Natus
2336 4066 2448 4121 fuit
2478 4083 2546 4120 eo
2577 4065 2670 4120 die
2695 4082 2809 4136 quo
2842 4067 3023 4120 Graaci
3048 4068 3256 4122 Persas
3275 4065 3570 4140 fugarunt.
3599 4069 3773 4122 Initio

2121 4158 2332 4229 pictor,
2366 4156 2582 4211 deinde
2627 4155 2858 4210 Prodici
2888 4157 2948 4210 in
2981 4157 3312 4226 rhetoricis,
3355 4158 3609 4213 Sacratis
3639 4175 3773 4214 vero

2123 4249 2183 4303 in
2215 4248 2484 4303 doctrina
2515 4246 2584 4301 de
2615 4247 2880 4302 moribus
2930 4252 2989 4301 et
3036 4247 3096 4301 in
3136 4247 3315 4302 rebus
3348 4248 3777 4320 phiIOSOphicis

2123 4337 2468 4408 discipulus.
2503 4336 2740 4390 Audivit
2787 4337 2965 4391 etiam
2996 4337 3402 4410 Anaxagoram
3433 4354 3608 4409 quem
3641 4354 3777 4393 cum

2125 4427 2368 4481 vidisset
2398 4425 2457 4479 in
2490 4424 2812 4480 discrimen
2845 4425 3055 4497 capitis
3097 4425 3170 4480 ob
3211 4426 3485 4497 dogmata
3522 4426 3776 4493 venisse,

2127 4517 2394 4571 animum
2426 4514 2498 4570 ad
2531 4514 2875 4586 tragmdiam
2917 4514 3149 4585 appulit
3193 4515 3370 4570 homo
3401 4516 3618 4570 severis
3651 4532 3780 4569 mo-

2043 4580 2090 4644 θ
2121 4604 2284 4660 ribus
2317 4620 2383 4660 ac
2415 4604 2622 4671 tristis,
2657 4603 2816 4658 unde
2867 4608 2925 4657 et
2975 4601 3271 4676 μισογύνης
3305 4604 3422 4659 sive
3453 4603 3772 4658 mulierum

2120 4712 2258 4750 osor
2281 4698 2370 4749 est
2395 4693 2786 4759 existimatus,
2823 4693 3206 4749 Duxittamen
3255 4693 3628 4759 Choerinam,
3653 4695 3784 4750 Mne

2124 4784 2333 4839 silochi
2363 4782 2568 4847 tiliam,
2592 4798 2661 4837 ex
2685 4798 2801 4852 qua
2832 4781 3278 4852 Mnesilochum,
3304 4781 3772 4838 Mnesarchidem

2126 4879 2184 4930 et
2238 4870 2578 4942 Euripidem
2635 4871 2913 4943 suscepit.
2975 4872 3091 4926 Hac
3147 4871 3480 4943 repudiata,
3522 4871 3772 4929 alteram

2127 4978 2293 5033 mque
2344 4961 2705 5032 impudicam
2749 4967 2841 5016 est
2905 4965 3200 5032 expertus.
3251 4961 3498 5016 Athenis
3549 4961 3776 5017 relictis
3859 4975 3862 4978 '

2128 5051 2284 5124 apud
2333 5050 2708 5117 Archelaum,
2767 5050 3118 5105 Macedonia)
3158 5066 3378 5122 regem,
3431 5053 3492 5106 in
3539 5069 3771 5110 summo

366 5134 563 5190 lucem
596 5150 716 5188 non
749 5131 1039 5200 ediderat,
1077 5134 1310 5185 certans
1359 5133 1570 5199 quater
1597 5125 1751 5194 vicit,
1788 5123 2024 5196 scripsit
2131 5123 2273 5196 νίκη
2326 5140 2571 5206 honore,
2627 5137 2914 5205 sublatus,
2977 5144 3041 5194 ut
3091 5139 3279 5208 aiunt,
3311 5156 3346 5195 ἃ
3377 5141 3622 5198 canibus
3668 5159 3776 5213 per

369 5229 428 5279 et
459 5225 585 5296 ipse
619 5221 893 5294 quaedam
933 5221 1220 5276 dramata.

439 5312 803 5384 Euphorion,
833 5309 1198 5381 Polymnesti
1229 5309 1313 5377 F.,
1350 5324 1418 5361 ex
1466 5304 1741 5361 Chalcide
1770 5302 2027 5382 Eubreaa,

377 5401 706 5473 discipulus
737 5401 799 5456 in
828 5397 1262 5471 phi1050phicis
1293 5395 1537 5469 Lacydis
1569 5399 1627 5451 et
1664 5391 1984 5449 Pritanidis
2011 5405 2026 5446 :

440 5614 552 5686 (70)
585 5613 1004 5686 Kusterrmalit
1029 5612 1228 5686 legere
1259 5607 1444 5686 ἐπιγρ.
1493 5604 1563 5686 δὲΔ
1596 5605 1879 5686 Χιλιᾶςιῇ
1909 5603 2035 5686 περὶ

2134 5229 2384 5288 insidias
2415 5227 2730 5294 Arrhidaii,
2783 5227 3136 5294 Macedonis,
3189 5235 3247 5285 et
3285 5229 3564 5299 Cratevze,
3612 5233 3795 5288 Thes-

2140 5320 2271 5388 sali,
2299 5323 2632 5391 poetarum,
2683 5316 2794 5388 ipsi
2843 5317 3272 5376 invidentium:
3316 5320 3406 5375 vel
3437 5321 3729 5378 laceratus
3761 5339 3798 5378 a

2147 5605 2407 5679 admissa
2436 5603 2660 5679 Fabric.
2695 5603 3188 5678 interpretatione
3219 5612 3277 5663 et
3307 5607 3538 5679 eHippi,
3572 5607 3658 5663 nil
3692 5608 3806 5664 erit

371 5677 677 5762 Χρἠσμῶν,
708 5685 932 5740 omisso
980 5677 1181 5741 vocab.
1230 5677 1480 5754 πὲμτὶὲη,
1512 5683 1572 5736 et
1597 5679 1680 5736 sic
1709 5679 1902 5748 vertit,
1933 5696 1996 5736 se

2150 5677 2526 5734 mutandum.
2561 5678 2732 5734 HARL.
