4128 6308
431 363 585 424 1263

1728 355 1976 416 INDEX
2021 355 2197 418 SCRI
2209 354 2539 421 PTORUM

3687 357 3848 422 ηδι

431 492 808 561 mulieribus,
840 507 977 548 cum
1024 493 1207 547 noctu
1249 489 1580 558 Craterum,
1626 488 1900 544 Archelai
1932 488 2078 545 deli-
2109 501 2167 568 Α
2267 491 2608 562 Euthycles,
2665 508 2737 547 ex
2795 491 2966 564 cujus
3015 491 3323 552 commdiis
3371 496 3511 549 sunt
3540 492 3778 547 ’Δσωτοι
3814 493 3857 562 ἢ

433 585 579 651 cias,
603 583 695 638 vel
716 598 960 638 uxorem
985 579 1284 635 Nicodemi
1307 577 1606 633 Arethusii
1629 580 2087 649 peteret.Annos

435 675 605 729 aiunt
632 672 849 727 vixisse
881 671 1096 737 LXXV,
1121 684 1372 739 ossaque
1405 668 1534 739 ejus
1565 667 1810 735 Pellam,
1837 667 2087 739 jubente

435 778 572 834 rege
604 761 909 816 translata.
970 758 1206 814 Fabulae
1265 757 1397 829 ejus
1452 757 1660 827 LXXV,
1714 755 1825 824 vel,
1865 761 1932 812 ut
1959 756 2086 823 alii,

434 853 618 910 XCII:
669 867 739 906 ex
780 849 996 920 quibus
1054 853 1289 903 exstant
1345 846 1603 901 LXXVII.
1690 846 1838 900 Vicit
1911 844 2087 916 quin-

436 942 626 1014 quies,
659 945 870 1012 quater
923 938 1115 994 adhuc
1173 941 1496 1008 superstes,
1550 935 1735 990 semel
1785 951 1922 990 vero
1954 940 2090 1006 post

431 1030 661 1087 obitum
711 1028 972 1084 fabulam
1026 1027 1155 1100 ejus
1215 1027 1277 1081 in
1335 1043 1513 1082 scena
1569 1026 1887 1080 exhibente
1918 1025 2086 1080 Euri-

428 1119 589 1192 pide,
621 1118 820 1174 fratris
864 1117 1052 1189 ipsius
1106 1116 1251 1172 ﬂlio.
1285 1115 1536 1171 Fabulas
1587 1115 1773 1170 edidit
1801 1131 1906 1187 per
1934 1118 2086 1169 totos

427 1225 618 1265 annos
675 1209 869 1263 xxv1.
927 1206 1085 1262 Obiit
1136 1205 1478 1276 Olympiade
1533 1205 1724 1258 cxm.
1775 1203 2086 1259 Conf.Ku-

427 1298 571 1353 steri
602 1302 724 1352 not.

498 1403 830 1476 Euripides,
865 1403 1144 1475 tragicus,
1192 1401 1406 1473 prioris
1455 1417 1526 1456 ex
1571 1399 1750 1455 fratre
1779 1415 1986 1470 nepos,
2019 1401 2088 1454 ut

428 1493 611 1550 tradit
639 1494 960 1566 Dionysius
1003 1493 1066 1548 in
1114 1491 1441 1548 Chronicis.
1495 1489 1741 1561 Scripsit
1769 1487 2083 1560 Ὁμηρικὴν

425 1577 665 1655 ἔκδοσιν,
715 1582 1040 1640 editionem
1111 1581 1505 1649 Homericam,
1551 1580 1668 1634 nisi
1714 1579 1966 1633 fortasse
2017 1592 2086 1632 ea

428 1673 676 1729 alterius
707 1674 800 1729 sit.
866 1672 1101 1728 Fabulis
1149 1672 1278 1744 ejus
1338 1676 1478 1727 sunt
1525 1669 1807 1742 Ὀρέστης,
1843 1662 2083 1736 Μήδειοι,

433 1759 735 1833 Πολυξένη,

2196 581 2522 652 Ἐπιστολὴ,
2556 588 2704 639 teste
2735 585 3019 639 Athenaeo
3063 585 3124 639 in
3155 584 3598 657 Diphosophist.

2264 673 2691 745 Euthydemus,
2751 674 3034 746 magister
3091 673 3391 746 Apollonii
3431 674 3674 746 Tyanei,
3707 677 3853 730 Tar-

2196 767 2388 822 sensis
2414 767 2582 834 Cilix,
2618 772 2729 823 etc.
2765 768 2867 835 (Ex
2895 767 3296 838 Philostrato).
3395 789 3400 794 ν

2265 857 2667 928 Euthymenes
2697 858 2920 913 archon
2949 858 3358 922 Atheniensis,
3389 858 3498 914 sub
3529 875 3645 929 quo
3675 859 3857 913 abro-

2192 949 2392 1017 gatum
2420 951 2508 1001 est
2537 946 2841 1003 decretum
2865 948 3150 1003 archonte
3177 949 3513 1019 Morychide
3537 950 3852 1021 scriptum,

2194 1054 2310 1109 quo
2343 1039 2586 1094 comicis
2611 1039 2986 1096 adimebatur
3009 1040 3253 1096 libertas
3285 1040 3546 1112 aliquem
3579 1042 3641 1096 in
3673 1056 3861 1096 scena

2192 1130 2654 1203 perstringendi.

2264 1222 2599 1293 Eutropius,
2659 1221 2862 1290 Italus,
2925 1223 3210 1294 sophista,
3269 1222 3538 1277 Historia)
3571 1224 3860 1278 Romanae

2193 1312 2621 1383 Compendium
2654 1313 2860 1368 Latina
2898 1311 3102 1386 lingua
3155 1314 3412 1385 scripsit,
3445 1312 3702 1384 aliaque.
3735 1311 3857 1367 Alii

2192 1401 2349 1472 apud
2398 1401 2637 1458 Suidam
2696 1409 3066 1474 sequuntur:
3126 1405 3467 1475 Eutropius,
3513 1404 3854 1470 eunuchus,

2193 1494 2354 1545 tutor
2373 1491 2685 1546 Theodosii
2731 1492 2968 1564 imper.,
3011 1497 3069 1547 et
3107 1493 3443 1564 Eutropius,
3494 1491 3855 1563 praepositus

2192 1577 2448 1634 cubiculi
2479 1579 2714 1635 Arcadii
2745 1580 2955 1652 imper.
2991 1581 3167 1635 homo
3199 1580 3718 1636 sceleratissimus.

2261 1667 2575 1738 Eutyches,
2634 1669 2804 1724 CPoli
2864 1670 3210 1725 monasterii
3270 1669 3606 1741 praefectus,
3650 1669 3852 1740 impia)

2192 1762 2366 1812 secta:
2398 1758 2645 1812 Manetis
2678 1763 2735 1812 et
2766 1759 3125 1830 Apollinaris
3155 1759 3363 1814 tertius
3403 1758 3700 1827 defensor,
3734 1764 3849 1813 etc.

499 1870 886 1937 Euschemus,
920 1870 1203 1927 comicus.
1255 1871 1335 1922 Ex
1384 1867 1601 1922 fabulis
1632 1865 1764 1938 ejus
1793 1860 2070 1936 Ἐμπολή,
2115 1850 2162 1916 Β
2193 1849 2295 1919 (EX
2324 1849 2632 1904 Theodoro
2663 1850 3060 1922 Raithuensi.)

426 1965 576 2015 teste
601 1960 906 2016 Athenaio.

494 2067 784 2122 Eusebius
840 2067 1158 2138 Pamphili,
1233 2066 1467 2120 Arianas
1535 2069 1709 2120 sectae
1776 2061 2069 2130 addictus,

419 2158 699 2212 Caesarea)
718 2157 1048 2212 Palaestina;
1067 2156 1403 2227 episcopus,
1425 2170 1726 2209 sacrarum
1749 2153 2074 2223 Scriptura-

419 2262 552 2300 rum
576 2246 889 2317 insigniter
909 2245 1212 2300 studiosus
1233 2250 1292 2298 et
1316 2245 1529 2298 divinas
1556 2242 1931 2297 bibliothecae
1954 2256 2074 2295 una

420 2350 556 2389 cum
588 2335 899 2406 Pamphilo
931 2340 1188 2405 martyre
1239 2333 1731 2405 diligentissimus
1759 2332 2070 2402 investiga-

421 2429 532 2478 tor.
593 2423 775 2478 Multa
831 2422 1016 2477 edidit
1071 2439 1270 2493 opera,
1331 2421 1488 2476 inter
1538 2439 1670 2492 quas
1730 2426 1868 2476 sunt
1919 2421 2068 2475 ista:

421 2513 765 2584 Evangelicaz
812 2513 1293 2567 demonstrationis
1359 2512 1487 2566 libri
1541 2513 1653 2568 XX.
1728 2511 2072 2580 Evangelicw

424 2603 862 2672 Prwparationis
895 2601 1023 2655 libri
1052 2603 1170 2657 XV.
1207 2600 1578 2671 Theophanis:
1612 2601 1740 2654 libri
1780 2601 1844 2656 V.
1879 2601 2072 2657 Eccle-

421 2693 655 2746 siasticae
713 2693 967 2746 Historiis
1007 2690 1137 2745 libri
1191 2692 1256 2746 Χ.
1317 2691 1560 2747 Canones
1617 2691 1864 2745 chronici
1904 2694 2072 2747 variae

422 2781 691 2850 historiae,
733 2787 786 2835 et
833 2796 1018 2834 eorum
1067 2781 1334 2850 Epitome.
1379 2782 1452 2836 De
1499 2781 1903 2850 evangeliorum
1948 2784 2070 2837 dis-

419 2875 684 2928 sensione.
717 2875 781 2927 In
803 2873 1136 2942 prophetam
1187 2874 1390 2927 Isaiam
1443 2872 1574 2928 libri
1602 2874 1663 2928 Χ.
1697 2875 1898 2930 Contra
1927 2876 2071 2928 Por-

409 2963 692 3032 phyrium,
712 2963 812 3034 qui
839 2968 1000 3030 tunc,
1024 2963 1345 3032 utquidam
1369 2969 1599 3034 putant,
1625 2963 1685 3019 in
1712 2964 1912 3018 Sicilia
1933 2963 2072 3018 scri-

415 3051 613 3120 bebat,
670 3053 798 3106 libri
853 3054 1008 3107 XXX.
1068 3054 1342 3122 Τοπικῶν,
1404 3051 1522 3107 sive
1580 3055 1656 3107 De
1718 3054 1846 3108 locis
1903 3055 2073 3108 sacris

416 3141 594 3204 liber;
623 3141 910 3212 Apologia
935 3157 1040 3211 pro
1071 3142 1298 3210 Origine
1347 3142 1475 3196 libri
1532 3143 1622 3196 VI.
1658 3145 1734 3197 De
1757 3145 1874 3197 vita
1907 3149 2070 3198 Pam-

2261 1940 2558 2008 Euxenns,
2581 1941 2669 1995 vir
2694 1959 2815 1997 non
2846 1941 3167 1997 admodum
3198 1940 3419 2012 probus
3445 1957 3555 1996 nec
3586 1945 3847 1996 actuosa;

2190 2030 2320 2084 vita}
2352 2030 2610 2100 deditus,
2637 2037 2697 2087 et
2724 2032 2958 2103 Epicuri
3007 2032 3272 2087 moribus
3303 2032 3588 2088 imbutus.
3622 2032 3844 2104 Pytha-

2191 2136 2347 2190 gorae
2379 2138 2511 2176 vero
2544 2121 2857 2193 opiniones
2903 2123 2986 2177 ita
3042 2122 3457 2192 cognoscebat,
3487 2127 3554 2176 ut
3583 2138 3714 2177 aves
3751 2138 3843 2192 ea,

2189 2228 2322 2282 quae
2367 2213 2606 2267 discunt
2651 2211 2723 2268 ab
2773 2213 3138 2282 hominibus,
3184 2217 3346 2288 χαῖρε
3393 2213 3483 2267 vel
3532 2210 3590 2265 εὖ
3619 2211 3843 2285 «pair-ce,

2190 2306 2248 2356 et
2273 2297 2399 2361 Ζεὺς
2453 2299 2640 2363 ἳλεως.
2694 2303 3042 2374 Apollonius
3091 2320 3239 2374 puer
3293 2305 3598 2357 Euxenum
3641 2301 3849 2357 audie-

2189 2392 2308 2460 bat,
2333 2391 2436 2448 sed
2457 2392 2530 2448 ad
2563 2392 2860 2448 decimum
2885 2399 3115 2448 sextum
3139 2409 3363 2448 annum
3392 2391 3846 2465 progressus,ad

2190 2486 2636 2557 Pythagoricam
2667 2485 2844 2540 vitam
2878 2501 2938 2540 se
2989 2485 3266 2551 contulit,
3296 2486 3606 2539 Euxenum
3641 2490 3841 2539 tamen

2189 2593 2389 2632 amare
2422 2593 2541 2631 non
2573 2576 2768 2643 desiit,
2803 2580 2913 2632 etc.
2944 2577 3047 2646 (Ex
3081 2575 3429 2630 Philostrato
3460 2577 3476 2645 )

2259 2665 2348 2736 Ἐξ
2371 2665 2598 2738 ἀμάξης.
2622 2666 2790 2738 Apud
2808 2666 3202 2721 Athenienses
3225 2665 3438 2720 festum
3463 2670 3590 2719 erat
3612 2665 3836 2731 Lenma,

2187 2757 2249 2810 in
2278 2774 2395 2828 quo
2429 2763 2638 2828 poctm,
2668 2755 2948 2828 plaustris
2981 2755 3330 2821 insidentes,
3363 2754 3673 2808 certabant
3700 2770 3839 2807 can-

2188 2845 2450 2900 tionibus
2484 2846 2638 2900 risus
2664 2844 2936 2900 movendi
2972 2844 3180 2914 gratia,
3214 2843 3368 2914 quod
3413 2842 3843 2898 Demosthenes

2188 2935 2356 3004 dixit,
2413 2932 2462 3005 ἐξ
2519 2933 2752 3006 ἁμάξης,
2813 2952 2881 2990 ea;
2930 2935 3204 3005 plaustro.
3240 2933 3464 2988 Chorus
3499 2932 3842 2986 Lenaeorum

2186 3025 2508 3081 vocabatur
2540 3025 2830 3082 Lenaites.

2256 3113 2572 3190 Ἐξηγηταί.
2619 3118 2758 3170 Tres
2808 3120 2978 3171 erant
3055 3119 3308 3186 exegctm
3366 3112 3606 3168 oraculo
3665 3111 3844 3184 Apol-

411 3200 582 3301 phili'
613 3200 744 3284 libri
799 3200 898 3286 III.
935 3200 1033 3285 ‘De
1088 3200 1423 3299 martyribus
1479 3231 1596 3285 alia
1654 3232 1959 3302 opuscula.
2008 3237 2072 3287 In
2113 3217 2154 3283 C
2184 3208 2325 3302 “Pis
2357 3207 2668 3302 άθὲίϐηδςίί»
2700 3205 2921 3302 Huni“?
2959 3222 3115 3260 curm
3166 3208 3294 3302 (Ξῗθί
3323 3203 3576 3302 Ipsm“?
3607 3218 3708 3302 e_°S
3739 3200 3835 3302 qni

414 3319 660 3374 Psalmos
690 3321 772 3373 CL
801 3319 1269 3374 Commentarios
1311 3319 1597 3388 eruditos,
1631 3325 1689 3374 et
1717 3321 1904 3376 multa
1935 3321 2072 3378 alia.

416 3407 643 3462 Floruit
687 3408 942 3463 maxime
1000 3408 1367 3480 temporibus
1427 3411 1798 3465 Constantini
1831 3411 1972 3482 imp.
2006 3429 2074 3468 ac

419 3498 770 3566 Constantii,
808 3502 864 3552 et
903 3498 977 3553 ob
1008 3499 1354 3568 amicitiam,
1389 3517 1519 3571 qum
1571 3500 1684 3572 ipsi
1735 3518 1868 3556 cum
1901 3503 2072 3556 Pam-

423 3587 586 3658 philo
643 3593 902 3660 martyre
957 3589 1316 3659 intercessit,
1374 3589 1446 3644 ab
1493 3606 1561 3644 eo
1611 3597 2071 3662 cognomentum

420 3680 668 3734 sortitus
701 3685 807 3735 est.
860 3680 1106 3751 Scripsit
1158 3681 1336 3736 etiam
1396 3681 1476 3736 Ad
1530 3683 1827 3749 Marinum,
1857 3683 1918 3736 in
1951 3699 2069 3754 quo

416 3785 592 3840 opere
625 3769 770 3825 dicit
825 3770 1039 3825 Christi
1091 3772 1414 3827 Ecclesiam
1457 3771 1572 3828 duo
1603 3773 1732 3826 vitm
1763 3789 1981 3845 genera
2011 3779 2070 3829 et

411 3858 684 3914 instituta
713 3860 1056 3932 praecipere,
1082 3878 1334 3931 quorum
1360 3877 1546 3916 unum
1579 3862 1655 3916 sit
1684 3862 1981 3917 excellens
2009 3869 2068 3918 et

411 3963 591 4020 supra
611 3965 989 4005 communem
1012 3950 1142 4004 vitae
1169 3951 1442 4006 humanm
1467 3953 1755 4007 rationem
1783 3953 2061 4024 positum.

411 4039 584 4108 quale
608 4044 697 4093 est
719 4040 1146 4094 monachorum
1174 4058 1188 4106 ;
1221 4040 1473 4095 alterum
1500 4041 1697 4096 minus
1731 4043 1984 4096 sublime
2006 4048 2065 4098 et

407 4127 712 4181 communi
769 4128 1082 4183 hominum
1137 4129 1269 4183 vitae
1327 4131 1862 4201 accommodatum,
1903 4133 2062 4204 quod

407 4204 518 4270 nec
548 4231 583 4269 a
613 4216 886 4289 conjugio
919 4218 1254 4274 abhorreat.

477 4323 839 4391 Eustathius,
870 4326 1352 4398 Epiphaniensis,
1385 4329 1620 4400 scripsit
1667 4331 2060 4400 Compendium

403 4410 725 4469 ehronicum
754 4431 977 4486 rerum,
1008 4415 1080 4471 ab
1120 4418 1300 4472 Ainea
1330 4433 1516 4488 usque
1565 4418 1639 4472 ad
1679 4420 2058 4474 Anastasium

406 4500 548 4576 imp.
582 4508 882 4576 gestarum
915 4506 1069 4561 libris
1096 4509 1202 4576 (7i)
1233 4523 1448 4563 novem.

476 4595 845 4663 Eustathius,
877 4595 1279 4664 Sebastianus,
1302 4613 1438 4652 cum
1473 4597 1687 4653 Basilio
1721 4601 2056 4670 Ancyrano,
2088 4589 2136 4652 Ι)

401 4681 668 4755 ejusdem
693 4683 861 4740 urbis
881 4685 1179 4758 episc0po,
1205 4691 1378 4742 sectas
1412 4687 1846 4744 Macedonians:
1878 4695 2055 4760 caput

398 4771 529 4829 fuit.

469 4883 848 4954 Eustephius,
897 4883 1403 4955 Aphrodisiensis,
1454 4885 1722 4956 sophista
1769 4901 1923 4940 unus
1980 4902 2052 4941 ex

397 4970 728 5028 illustribus
751 4973 1294 5047 Adrottorum,qua3
1318 4982 1407 5030 est
1428 4975 1569 5030 urbs
1593 4975 2049 5048 Lydim,incolis.

2185 3297 2384 3368 aliquo
2406 3297 2639 3369 piaculo
2659 3297 2924 3352 obstricti
2946 3297 3262 3352 essent.Sic
3280 3297 3460 3351 etiam
3482 3294 3839 3350 vocabantur

2182 3387 2510 3458 patriorum
2542 3387 2951 3442 institutorum
2983 3391 3040 3441 et
3061 3387 3288 3459 jurium
3322 3386 3697 3457 interpretes.
3729 3385 3835 3438 Pe-

2183 3477 2504 3546 culiariter,
2567 3477 2924 3549 interpretes
2985 3494 3312 3544 sacrorum,
3373 3477 3472 3548 qui
3532 3476 3709 3530 etiam
3763 3475 3833 3530 de

2181 3567 2413 3622 inferiis
2443 3567 2698 3638 aliisque
2744 3568 2980 3623 Juribus
3011 3567 3428 3623 defunctorum
3469 3564 3838 3621 consulenti-

2178 3657 2288 3712 bus
2320 3657 2778 3728 respondebant.

2248 3746 2543 3801 Ezechias.
2598 3747 2872 3802 Exstabat
2930 3747 3083 3801 liber
3155 3746 3509 3813 Salomonis,
3567 3743 3830 3798 remedia

2177 3835 2444 3890 omnium
2477 3834 2819 3890 morborum
2871 3835 3205 3904 continens,
3257 3835 3358 3905 qui
3403 3833 3606 3904 templi
3640 3831 3828 3886 limini

2174 3923 2396 3979 incisus
2428 3929 2572 3979 erat.
2608 3925 2771 3979 Hunc
2793 3924 3067 3979 Ezechias
3089 3923 3361 3992 obolevit,
3391 3922 3546 3994 quod
3571 3921 3820 3992 populus

2173 4018 2433 4068 mentem
2476 4014 2550 4068 ad
2583 4014 2765 4068 Deum
2797 4030 2917 4068 non
2965 4014 3314 4080 adverteret,
3349 4012 3451 4067 sed
3482 4011 3818 4082 quicunque

2171 4103 2309 4175 aegri
2365 4108 2584 4169 essent,
2636 4103 2975 4159 curationes
3025 4103 3164 4158 inde
3213 4107 3504 4174 peterent,
3554 4100 3820 4173 neglecta

2171 4191 2352 4247 divini
2372 4193 2641 4247 Numinis
2663 4193 3056 4248 invocatione.

2239 4371 2450 4426 Fabius
2482 4372 2692 4442 pictor,
2715 4371 3034 4426 historicus
3057 4373 3377 4426 Romanus.
3413 4371 3518 4425 Hic
3540 4370 3643 4434 ait,
3668 4369 3814 4424 nulli

2167 4462 2565 4516 Romanorum
2599 4461 3052 4532 magistratuum
3095 4460 3272 4515 licere
3305 4459 3629 4531 quidquam
3663 4457 3814 4530 quod

2167 4549 2244 4604 sit
2271 4548 2599 4621 publicum,
2633 4550 2694 4603 in
2729 4549 2987 4621 privatos
3019 4567 3161 4604 usus
3192 4554 3554 4604 convertere.

2236 4638 2494 4694 Falcidia
2553 4639 2646 4693 lex
2696 4655 2731 4694 ξι
2787 4643 3012 4695 Cmsare
3067 4640 3202 4696 Caio
3261 4639 3496 4694 Octavio
3555 4638 3674 4692 lata
3705 4643 3809 4704 est,

2162 4729 2482 4784 maximam
2545 4731 2721 4785 etiam
2781 4748 2942 4786 nunc
3000 4731 3412 4787 auctoritatem
3471 4729 3696 4784 habens
3754 4729 3810 4782 in

2161 4819 2577 4875 haereditatum
2635 4820 3114 4876 successionibus
3167 4836 3201 4875 a
3251 4819 3533 4889 Falcidio,
3576 4819 3809 4874 tribuno

2161 4910 2374 4982 plebis,
2409 4912 2665 4968 inventa.

2161 5001 2416 5072 Faunus,
2449 5002 2570 5057 Pici
2605 5021 2709 5058 seu
2735 5004 2889 5059 lovis
2936 5006 3020 5071 F.,
3074 5022 3252 5076 quem
3285 5005 3527 5060 nomine
3559 5004 3806 5076 planetm

399 5060 647 5130 Scripsit
675 5062 1114 5120 declamationes.

467 5167 840 5236 Eustochius,
873 5170 1206 5241 Cappadox,
1243 5173 1524 5243 sophista.
1560 5174 1805 5246 Scripsit
1835 5173 2049 5245 Cappa-

394 5256 562 5310 dociae
618 5263 670 5311 et
723 5258 1064 5328 reliquarum
1115 5265 1360 5329 gentium
1435 5268 1816 5335 antiquitates,
1875 5272 1926 5319 et
1981 5264 2050 5318 τὰ

388 5341 526 5398 κατὰ
573 5344 889 5399 Κώνσταντα
936 5348 1026 5401 τὸν
1082 5347 1308 5423 βασιλέα
1343 5354 1477 5423 (72),
1508 5370 1592 5410 res
1640 5362 1817 5424 gestas
1847 5356 1914 5410 ab
1945 5358 2048 5410 im-

380 5443 641 5506 peratore
672 5437 986 5496 Constante.

2159 5092 2512 5148 Mercurium
2545 5094 2944 5165 appellabant.
2980 5095 3080 5150 Hic
3111 5095 3223 5150 fuit
3251 5101 3646 5162 astronomus,
3683 5110 3808 5148 mu-

2159 5182 2418 5253 tallaque
2447 5183 2598 5250 auri,
2631 5185 2857 5255 argenti
2915 5189 2973 5239 et
3029 5183 3169 5238 ferri
3203 5185 3451 5254 invenit,
3485 5198 3805 5254 eorumque

2159 5271 2596 5328 tractandorum
2630 5274 2920 5332 rationem
2951 5273 3358 5330 Occidentales
3381 5275 3600 5332 docuit.
3621 5276 3805 5340 Quare

2158 5361 2338 5416 etiam
2394 5361 2465 5417 ab
2520 5362 2814 5435 indigenis
2869 5369 3106 5419 vocatus
3179 5361 3586 5434 πλουτοδότης,
3644 5379 3805 5435 opum

2155 5449 2407 5507 donator.
2437 5449 2676 5507 Insidiis
2708 5453 3006 5524 appetitus
3035 5470 3071 5509 a
3098 5453 3380 5510 fratribus
3410 5455 3471 5509 in
3499 5457 3805 5526 [Egyptum

463 5621 908 5694 (71)Evagrius,
966 5639 1020 5691 v,
1079 5622 1170 5691 24,
1231 5623 1394 5680 libros
1440 5629 1671 5684 tantum
1701 5629 1836 5685 duos
1864 5629 2050 5686 fuisse

391 5698 411 5749 ι
463 5627 572 5750 (Et:
604 5627 908 5694 Evagrius,
966 5639 1020 5691 v,
1079 5627 1170 5691 24,
1231 5627 1394 5680 libros
1440 5629 1671 5684 tantum
1701 5629 1836 5685 duos
1864 5629 2050 5686 fuisse

418 5711 479 5750 es
509 5712 545 5751 a
577 5711 664 5751 αι’.

2227 5629 2337 5698 (72)
2365 5629 2452 5684 Ita
2481 5627 2755 5701 Cangius,
2788 5645 2920 5702 pag.
2981 5631 3070 5700 3i,
3120 5631 3194 5688 ad
3245 5632 3554 5700 Zonaram,
3586 5649 3658 5688 ex
3687 5630 3806 5687 Eu-

2197 5700 2339 5751 ocim
2371 5700 2551 5751 Ioniis
2583 5718 2725 5751 mss.
2760 5700 2831 5751 is.
2861 5715 2994 5751 nan-
3031 5704 3151 5751 166-
3181 5702 3273 5751 ed_
3311 5704 3562 5751 Villnis-l

2154 5697 2339 5755 dociae
2371 5700 2551 5756 Ioniis
2583 5697 2725 5758 mss.
2759 5697 2831 5773 [ἐ.
2861 5697 2995 5774 pag.
3031 5697 3153 5776 1⁷66,
3181 5702 3274 5762 ed.
3311 5697 3562 5776 Villois.]
