4128 6308
376 408 532 468 1265

1679 390 1922 455 INDEX
1961 387 2472 450 SCRIPTORUM

3628 397 3792 459 1266

375 542 523 613 fugit
553 540 614 594 in
645 538 865 593 tribum
903 536 1130 602 Chami,
1187 532 1296 588 ﬁlii
1327 534 1469 599 Noe,
1495 547 1530 586 a
1555 529 1770 600 quibus
1822 542 2022 582 susce-
2049 525 2105 592 Α
2135 521 2759 613 ΟειιὶᾳίοἰκΜθωοιιὶει
2785 523 2870 579 ita
2916 523 3118 592 valuit,
3153 529 3217 581 ut
3263 524 3762 586 declamationem

374 611 510 704 ptus
543 645 681 685 cum
711 627 854 699 ipsis
885 624 1188 680 habitavit.
1221 622 1384 677 Idem
1405 635 1586 676 aurea
1607 617 1759 673 stola
1778 615 2021 670 indutus
2130 611 2971 704 semelauditam,repeteret.
2997 615 3152 670 Obiit
3163 615 3422 704 juvenis,
3455 633 3644 673 annos
3682 637 3786 677 na-

375 726 434 776 et
471 720 670 775 futura
716 715 1049 788 praedicens
1099 712 1454 782 divitiasque
1504 710 1590 764 eis
1647 705 2018 778 impertiens,

371 815 656 880 tanquam
686 808 838 861 Deus
869 804 940 860 ab
975 803 1122 874 ipsis
1155 801 1351 857 cultus
1383 803 1490 855 est.

442 897 782 960 Favorinus,
817 892 1181 949 Arelatensis
1214 890 1436 958 Gallus,
1460 905 1602 946 sexu
1627 885 2013 957 hermaphro-

367 989 548 1054 ditus,
582 984 1016 1042 eruditissimus
1055 987 1113 1036 et
1155 979 1544 1053 philosophiae
1592 975 2013 1049 peritissimus,

367 1077 678 1132 rhetorica)
737 1075 799 1127 in
851 1071 1058 1144 primis
1117 1069 1406 1124 addictus.
1466 1066 1694 1123 Floruit
1753 1070 2013 1136 tempore

365 1165 601 1238 Trajani
627 1165 792 1234 imp.,
816 1161 1111 1230 vitamque
1132 1157 1410 1231 produxit
1429 1173 1618 1227 usque
1641 1154 1714 1210 ad
1732 1151 2013 1209 Hadriani

365 1255 701 1327 imperium.
735 1251 1061 1307 [Emulatus
1091 1255 1180 1306 est
1218 1247 1622 1315 Plutarchum,
1655 1245 2012 1300 Charonen-

364 1364 511 1414 sem,
543 1343 874 1399 innumeris
905 1357 1055 1412 pene
1078 1338 1246 1394 libris
1274 1334 1741 1392 conscribendis.
1766 1333 2014 1404 Scripsit

362 1442 420 1492 et
449 1433 863 1507 philosophica
892 1436 952 1486 et
997 1429 1300 1495 historica,
1336 1443 1591 1497 quorum
1638 1440 1888 1496 magnus
1922 1426 2011 1478 est

358 1542 667 1582 numerus.
702 1527 782 1578 Ex
811 1523 997 1595 ipsius
1045 1519 1212 1574 libris
1237 1523 1378 1574 sunt
1421 1517 1559 1572 isti:
1593 1538 1622 1566 κ
1657 1517 1737 1570 De
1771 1513 2007 1570 Homeri

359 1638 388 1668 «
420 1613 834 1688 philosophia;
866 1612 937 1667 de
970 1611 1205 1666 Socrate
1237 1613 1297 1663 et
1343 1611 1466 1662 arte
1499 1606 1628 1677 ejus
1675 1603 1962 1660 amatoria
1990 1622 2004 1670 ;

354 1729 382 1756 «
419 1708 498 1761 De
531 1704 808 1758 Platone:
845 1703 924 1755 De
971 1698 1462 1772 philosophorum
1511 1696 1687 1762 victu,
1717 1716 1745 1744 ››
1779 1699 1836 1748 et
1865 1693 2002 1749 alia.

354 1797 517 1850 Idem
548 1794 726 1849 etiam
751 1785 1165 1863 γνωμολογικᾶ,
1197 1787 1348 1842 dicta
1383 1788 1717 1842 sententiosa
1745 1783 2002 1854 scripsit.

359 1889 420 1940 V.
449 1887 680 1949 Kuster,
712 1885 835 1936 not.
871 1884 1011 1933 tom.
1047 1878 1144 1947 Ill,
1176 1893 1308 1949 pag.
1341 1879 1464 1930 572.

427 1974 786 2029 Februarium
816 1985 1070 2035 mensem,
1105 1984 1138 2023 a
1169 1966 1427 2038 quodam
1458 1965 1722 2030 consule,
1756 1967 1998 2022 Februa-

352 2067 459 2133 rio,
481 2062 722 2118 natione
747 2059 932 2126 Gallo,
960 2057 1116 2129 quod
1139 2058 1190 2112 is
1211 2055 1430 2110 invidia
1451 2055 1662 2110 ductus
1682 2054 1999 2110 Camillum

345 2171 453 2228 per
473 2150 783 2208 mendacia
804 2147 1099 2220 expulisse
1119 2145 1294 2211 Urbe,
1318 2145 1600 2217 deinceps
1622 2150 1820 2200 autem
1849 2145 1996 2216 ipse,

343 2241 588 2298 Camillo
603 2244 736 2311 post
756 2241 1049 2293 Brennum
1065 2235 1444 2308 profligatum
1458 2239 1695 2305 recepto
1711 2248 1998 2303 suamque

340 2333 492 2387 bene
515 2331 748 2386 dicente
772 2343 1033 2396 causam,
1051 2325 1302 2396 turpiter
1321 2341 1391 2380 ex
1407 2324 1557 2379 Urbe
1579 2329 1735 2378 esset
1749 2323 1992 2394 ejectus,

340 2427 499 2477 veste
537 2419 814 2480 nudatus,
866 2418 1206 2488 junceaque
1265 2419 1460 2469 storea
1508 2413 1908 2468 circumdatus
1939 2414 1998 2466 et

341 2512 539 2567 nervis
593 2526 799 2573 cassus,
857 2507 1039 2561 fuisse
1095 2503 1568 2571 denominatum,
1644 2502 1994 2572 cwterisque

345 2600 652 2656 mensibus
707 2599 930 2652 factum
991 2595 1342 2661 breviorem,
1403 2593 1611 2648 Suidas
1667 2593 1870 2647 forsan
1923 2608 1994 2646 ex

345 2689 661 2762 Antigonio
693 2686 949 2758 quodam
981 2689 1203 2751 narrat,
1237 2683 1339 2738 sed
1364 2684 1596 2750 Kuster,
1615 2681 1773 2753 jure,
1807 2696 1993 2753 nugas

343 2797 471 2836 esse
503 2795 717 2843 meras,
744 2775 994 2846 judicat.

410 2868 738 2925 Flaminius
779 2861 1189 2940 ὀχλοκόποςκαὶ
1220 2859 1554 2935 δημαγωγὸς
1595 2856 1826 2928 τέλειος,
1860 2875 1992 2914 ora-

347 2965 436 3015 tor
467 2959 650 3013 turbae
694 2955 824 3012 rudi
877 2954 1192 3011 vendibilis
1243 2957 1300 3006 et
1329 2953 1430 3022 qui
1480 2951 1554 3006 ad
1584 2950 1870 3022 papulum
1901 2948 1989 3005 di-

347 3048 534 3105 cendo
589 3063 766 3118 supra
818 3045 1062 3100 modum
1117 3041 1358 3108 voleret,
1418 3045 1698 3096 caeterum
1744 3039 1820 3094 ad
1863 3054 1990 3094 rem

345 3137 622 3193 bellicam
679 3132 1216 3190 administrandam
1249 3132 1506 3202 ineptus.
1565 3130 1670 3201 (Ex
1720 3127 1987 3200 Polybio,

337 3229 438 3293 IIl,
471 3243 596 3297 cap.
632 3225 745 3294 80.)

413 3317 651 3381 Fronto,
685 3313 1247 3381 Emisenus,orator,
1272 3311 1372 3381 qui
1397 3307 1992 3380 Romae,temporibus

337 3405 528 3460 Severi
559 3405 726 3474 imp.,
773 3401 933 3456 vixit.
991 3401 1094 3456 Hic
1129 3399 1375 3455 Athenis
1407 3399 1658 3454 aemulus
1708 3398 1821 3453 fuit
1848 3397 1988 3452 Phi-

333 3493 565 3550 lostrati
625 3491 802 3564 primi
862 3495 920 3544 et
949 3490 1210 3561 Apsinis,
1276 3488 1589 3556 Gadareni,
1648 3487 1991 3558 ibidemque

333 3583 485 3639 obiit
513 3599 704 3638 annos
731 3580 967 3636 circiter
999 3579 1093 3634 LX
1125 3582 1325 3645 natus,
1357 3583 1414 3632 et
1443 3578 1791 3650 Longinum,
1828 3578 1990 3633 criti-

336 3689 494 3737 cum,
531 3670 772 3737 sororis,
814 3667 1213 3735 Frontonidis,
1267 3667 1459 3722 filium
1490 3667 1790 3723 hmredem
1848 3668 1991 3722 reli-

335 3763 482 3833 quit.
510 3761 757 3833 Scripsit
785 3758 1086 3814 orationes
1114 3757 1352 3812 multas.

406 3851 607 3906 Fulvia
647 3844 968 3921 (Φολουῒα),
1018 3846 1256 3902 Antonii
1307 3863 1470 3902 uxor.
1508 3847 1641 3902 Haec
1689 3847 1989 3903 Ciceronis

331 3946 510 4012 caput
531 3944 904 4010 amputatum
921 3936 1170 4010 genibus
1193 3936 1316 3992 suis
1334 3937 1638 4008 imposuit,
1655 3953 1911 4008 cumque
1936 3937 1989 3993 ei

333 4028 930 4086 contumeliosissime
945 4026 1418 4097 illusissetatque
1433 4027 1581 4082 illud
1595 4027 1986 4099 conspuisset,

331 4118 575 4173 tandem
595 4117 832 4172 diducto
847 4133 948 4171 ore
964 4120 1286 4172 extractam
1306 4116 1434 4188 ejus
1456 4116 1718 4188 linguam
1735 4133 1990 4187 acu,qua

331 4206 583 4280 figendis
609 4205 842 4277 capillis
865 4205 1158 4273 utebatur,
1178 4206 1409 4276 punxit,
1427 4205 1765 4276 additisque
1783 4206 1987 4261 multis

333 4302 391 4350 et
418 4296 693 4367 gravibus
745 4294 1001 4366 probris,
1033 4311 1140 4365 pro
1171 4295 1380 4349 rostris
1433 4296 1645 4366 exponi
1665 4295 1868 4366 jussit,
1898 4301 1982 4364 ut,

332 4402 447 4455 quo
470 4402 540 4440 ex
561 4385 691 4440 loco
705 4383 986 4439 adversus
1001 4383 1190 4454 ipsam
1212 4383 1356 4438 olim
1369 4385 1734 4440 concionans
1749 4384 1986 4442 auditus

327 4477 543 4542 fuerat,
577 4475 798 4529 ibidem
833 4478 1012 4544 caput
1058 4473 1187 4545 ejus
1228 4475 1544 4544 praecisum
1593 4479 1988 4546 spectaretur.

1145 4595 1187 4647 G

405 4710 678 4778 Gaianus,
702 4710 909 4777 Arabs,
933 4711 1218 4783 sophista,
1245 4711 1572 4782 discipulus
1585 4711 1843 4782 Apsinis,
1868 4713 1974 4767 Ga-

330 4798 623 4866 darensis,
643 4798 781 4853 vixit
803 4799 1103 4854 Maximini
1128 4803 1186 4854 et
1206 4799 1481 4857 Gordiani
1503 4799 1888 4870 temporibus,
1921 4804 1979 4853 et

332 4890 571 4960 scripsit
596 4889 666 4943 De
692 4891 1095 4944 constructione
1125 4887 1308 4942 libros
1338 4889 1403 4958 V,
1435 4889 1577 4942 item
1610 4890 1804 4943 Artem
1846 4890 1970 4944 rhe-

328 4980 558 5033 toricam
601 4983 659 5032 et
688 4979 1136 5032 Declamationes.
1187 4977 1349 5031 Idem
1402 4977 1592 5050 Beryti
1625 4977 1825 5033 docuit
1856 4978 1972 5034 elo-

2013 4598 2060 4662 D

2127 706 2222 757 tus
2252 702 2495 757 XXVIII.
2531 701 2777 774 Scripsit
2805 700 3012 766 Λαλιᾶς
3033 705 3154 760 sive
3177 702 3467 776 Διαλὲξεις,
3493 729 3522 757 α
3551 708 3785 766 Allocu-

2126 793 2370 846 «tiones
2393 797 2452 848 et
2478 817 2500 846 ι
2535 790 2784 854 Μελέτας
2822 817 2841 843 ι
2878 794 3371 862 Declamationes,
3407 818 3436 846 »
3455 798 3612 853 inter
3641 815 3787 870 quas

2126 886 2216 938 est
2246 904 2272 931 ‹‹
2306 882 2482 937 Exsul
2515 883 2776 954 seipsum
2807 883 3067 939 vendens
3093 889 3227 956 post
3254 886 3586 942 Thebarum
3611 890 3781 944 exci-

2125 993 2154 1022 ‹‹
2188 972 2352 1026 dium
2402 973 2882 1044 Propempticum
2934 974 3007 1029 ad
3039 975 3267 1030 amicos
3313 993 3476 1045 suos,
3508 999 3536 1028 ››
3589 979 3780 1035 Dadu~

2123 1062 2300 1118 chum
2333 1066 2392 1117 et
2419 1061 2852 1134 AscIOpiadem-
2895 1087 2915 1112 ι
2951 1065 3261 1120 Orationes
3306 1069 3716 1140 panegyricus.
3751 1091 3779 1119 »

2195 1151 2556 1220 Gennadius,
2589 1152 2928 1223 patriarcha
2957 1153 3154 1222 CPol.,
3187 1163 3575 1227 conspectum
3607 1159 3680 1214 ab
3711 1175 3778 1215 eo

2121 1240 2310 1316 φάσμα
2342 1235 2650 1311 δαιμόνιον,
2683 1247 2794 1296 etc.

2193 1331 2496 1402 Georgius,
2521 1332 2738 1404 Magna)
2752 1331 3029 1386 Ecclesia)
3048 1333 3332 1389 diaconus
3347 1336 3776 1409 etchartophy-

2117 1420 2236 1487 lax,
2268 1421 2618 1492 cognomine
2647 1422 2874 1477 Pisidas.
2910 1423 3154 1494 Scripsit
3200 1425 3618 1493 Hexaememm,
3652 1427 3772 1483 sive

2114 1510 2188 1565 De
2219 1509 2438 1580 Opi/icio
2467 1511 2682 1578 mundi,
2718 1511 2875 1581 quod
2906 1512 3093 1566 tribus
3150 1512 3273 1568 fere
3307 1513 3600 1570 militibus
3643 1533 3768 1572 ver-

2117 1615 2289 1654 suum
2321 1598 2712 1655 iambicorum
2744 1605 3016 1656 constat:
3046 1622 3073 1649 ‹‹
3110 1601 3187 1655 De
3221 1602 3491 1658 Heraclio
3532 1604 3679 1677 imp.
3713 1609 3772 1660 et

2122 1709 2144 1739 σ
2179 1689 2334 1745 bello
2366 1690 2601 1746 Persico
2631 1707 2644 1756 ;
2680 1714 2708 1740 »
2741 1689 2814 1745 ad
2845 1691 2972 1745 haec
3002 1690 3269 1745 oratione
3326 1692 3520 1748 soluta
3553 1715 3579 1743 «
3611 1695 3767 1750 Aba-

2116 1801 2143 1829 ‹‹
2179 1781 2301 1836 rica
2333 1784 2390 1834 et
2418 1780 2770 1835 Encomium
2800 1780 3096 1835 Anastasii
3136 1781 3436 1853 martyris.
3473 1804 3500 1832 ››
3533 1784 3765 1844 Kusteri

2033 1886 2080 1952 Β
2113 1873 2237 1924 not.
2274 1873 2323 1938 1,
2358 1886 2486 1942 pag.
2521 1869 2644 1926 475.

2181 1960 2385 2014 Gesius
2415 1960 2676 2028 (Γησιος),
2725 1959 2916 2013 Petris
2959 1958 3269 2028 oriundus,
3318 1961 3570 2016 Zenonis
3617 1961 3760 2034 imp.

2105 2047 2470 2120 temporibus
2491 2053 2615 2103 arte
2635 2047 2867 2102 medica
2884 2047 3250 2103 clarissimus
3271 2048 3403 2116 fuit,
3451 2051 3756 2120 etDomni,

2101 2137 2310 2206 Judaei,
2341 2137 2723 2208 prmceptoris
2770 2137 2882 2206 sui,
2915 2137 3164 2210 gloriam
3207 2138 3447 2209 penitus
3477 2139 3756 2194 obscura-

2102 2227 2201 2296 vit,
2229 2231 2340 2282 etc.
2367 2227 2732 2294 Heraiscum,
2755 2243 2889 2282 cum
2905 2228 3157 2282 Zenonis
3171 2227 3343 2298 jussu
3368 2234 3754 2299 quaareretur,

2103 2315 2264 2371 domi
2297 2333 2419 2371 sua)
2458 2315 2792 2383 occultavit,
2845 2321 2905 2370 et
2932 2315 3147 2371 deinde
3206 2317 3266 2370 in
3297 2316 3435 2386 fuga
3479 2317 3757 2372 defuncto

2093 2405 2260 2477 justa
2287 2406 2588 2477 persolvit.
2615 2405 2901 2461 Basilicus
2922 2405 3055 2460 ideo
3087 2405 3158 2460 ab
3191 2406 3330 2477 imp.
3356 2406 3576 2462 missus
3605 2409 3754 2481 Aga—

2099 2495 2265 2566 pium
2307 2500 2361 2550 et
2423 2499 2667 2551 caeteros
2725 2495 3115 2568 philosophos
3173 2496 3636 2567 comprehensos
3688 2498 3750 2554 in

2098 2585 2443 2657 prmtorium
2475 2585 2738 2640 abduxit.
2772 2587 2876 2656 (Ex
2907 2585 3263 2654 Damascio.)

2171 2676 2342 2734 Γνῶθι
2376 2673 2618 2740 σεαῡτὸν,
2649 2672 2713 2726 τὸ
2743 2671 2989 2744 νόμισμα
3017 2672 3429 2748 παραχάραξον,
3454 2681 3753 2748 praecepta

2098 2762 2395 2834 Pythica,«
2413 2763 2594 2817 Nosce
2608 2766 2664 2817 te
2678 2763 2876 2833 ipsum
2897 2785 2914 2810 -
2935 2767 2992 2817 et
3009 2781 3035 2814 ι
3048 2763 3388 2834 opinionem
3403 2763 3559 2838 vulgi
3577 2788 3602 2816 ς(
3621 2782 3763 2820 con-

2096 2873 2125 2901 ‹‹
2145 2855 2344 2906 temne
2361 2869 2375 2918 ;
2396 2873 2421 2900 υ
2438 2856 2519 2906 et:
2538 2873 2564 2900 «
2583 2852 2708 2905 Non
2720 2851 3050 2922 veritatem,
3075 2851 3178 2907 sed
3207 2853 3506 2910 nomisma
3521 2854 3726 2910 adulte
3743 2885 3762 2896 -

2094 2962 2122 2991 ((
2153 2957 2238 2996 ra.
2274 2961 2302 2988 »

2167 3029 2452 3099 Goetiam,
2478 3030 2752 3104 magiam,
2776 3031 3182 3103 pharmaciam
3203 3033 3352 3088 Medi
3367 3036 3426 3087 et
3446 3035 3639 3088 Persae
3662 3035 3756 3089 in'

2093 3124 2401 3174 venerunt.
2435 3123 2622 3190 Magia
2653 3125 2741 3176 est
2771 3121 3033 3176 evocatio
3064 3121 3406 3178 daamonum
3437 3122 3749 3178 beneﬁco-

2021 3224 2248 3303 crum,
2278 3209 2417 3264 boni
2469 3209 2724 3281 alicujus
2771 3210 3069 3266 efﬁciendi
3120 3227 3326 3279 causa;
3378 3211 3578 3283 qualia
3608 3217 3750 3268 sunt

2095 3298 2394 3370 Apollonii
2425 3299 2752 3371 Tyanensis
2783 3297 3143 3372 θεσπίσματα,
3176 3324 3204 3352 ‹‹
3230 3307 3526 3374 ρτωοθριᾶ
3551 3307 3608 3357 et
3629 3319 3757 3358 ora-

2102 3408 2128 3442 σ
2154 3387 2319 3454 cula;
2345 3389 2566 3455 Goetia,
2592 3410 2620 3438 »
2643 3386 2748 3442 ἀπὸ
2777 3391 2886 3442 τῶν
2912 3386 3079 3463 γόων,
3106 3411 3130 3442 α
3159 3407 3195 3446 a
3213 3391 3517 3459 lamentis,
3555 3413 3582 3441 »
3618 3408 3750 3463 qua)

2090 3477 2249 3534 circa
2279 3478 2552 3550 sepulcra
2601 3479 2930 3534 audiuntur
2961 3481 3044 3536 ita
3093 3480 3254 3537 dicta
3283 3486 3392 3549 est,
3426 3498 3534 3552 per
3563 3497 3750 3553 quam

2092 3567 2309 3623 anima)
2361 3567 2780 3624 defunctorum
2817 3574 3135 3624 evocantur
3164 3570 3236 3625 ab
3295 3570 3523 3626 inferis.
3579 3570 3752 3625 Phar-

2091 3659 2272 3712 macia
2311 3657 2688 3724 veneficium,
2740 3675 2847 3728 per
2877 3657 3038 3729 quod
3085 3658 3262 3713 alicui
3312 3658 3635 3730 pharmaca
3663 3658 3752 3714 le-

2092 3746 2278 3802 thalia
2307 3745 2398 3800 vel
2443 3746 2664 3818 philtra
2696 3747 3060 3818 prmbentur.
3112 3748 3299 3820 Magia
3328 3753 3387 3804 et
3434 3748 3754 3822 astrologia

2091 3852 2121 3890 e
2156 3836 2480 3908 Magusaais,
2514 3835 2573 3890 id
2605 3842 2695 3890 est
2742 3837 2964 3906 Persis,
2996 3841 3127 3892 orta
3153 3843 3260 3894 est.
3316 3840 3508 3894 Persae
3541 3836 3753 3912 Μαγὼγ

2091 3926 2211 3982 sive
2244 3929 2580 4000 Μαγουσπιῖοι
2613 3926 2684 3981 ab
2719 3927 3018 3999 indigenis
3048 3933 3350 3984 vocantur.

2163 4015 2422 4088 Gorgias,
2470 4016 2906 4072 Charmantidai
2958 4018 3043 4084 F.,
3072 4017 3258 4073 frater
3310 4018 3579 4074 Heredici
3611 4037 3744 4075 me-

2091 4104 2228 4172 dici,
2287 4105 2630 4174 Leontinus,
2694 4105 2917 4174 rhetor,
2968 4106 3344 4178 Empedoclis
3394 4107 3744 4180 discipulus,

2088 4195 2372 4266 magister
2400 4195 2548 4262 Poli,
2583 4196 2970 4268 Agrigentini,
3008 4203 3066 4250 et
3091 4196 3333 4252 Periclis
3367 4203 3426 4252 et
3467 4198 3744 4254 Isocratis

2090 4288 2149 4338 et
2178 4283 2630 4353 Alcidamantis,
2664 4285 2903 4353 Eleates,
2935 4286 3036 4356 qui
3069 4290 3127 4340 et
3158 4287 3218 4341 in
3249 4286 3451 4341 schola
3481 4287 3592 4358 ipsi
3618 4305 3745 4343 suc-

2089 4374 2286 4429 cessit.
2348 4375 2712 4446 Porphyrius
2769 4392 2905 4431 eum
2964 4376 3146 4430 refert
3200 4375 3274 4430 ad
3334 4376 3745 4448 Olympiadem

2086 4461 2297 4530 LXXX,
2332 4461 2436 4517 sed
2494 4464 2797 4533 antiquior
2833 4469 2938 4519 est.
2992 4463 3368 4520 Rhetoricam
3416 4464 3646 4535 primus
3681 4465 3744 4519 in

2093 4556 2281 4605 artem
2314 4550 2558 4623 redegit,
2609 4557 2721 4606 etc.
2754 4555 2800 4606 A
2856 4551 3106 4623 singulis
3167 4551 3472 4622 discipulis
3503 4556 3745 4606 centum

2093 4639 2284 4711 exegit
2305 4639 2533 4706 minas;
2557 4639 2699 4694 vixit
2719 4656 2910 4694 annos
2941 4640 3063 4694 CIX
3092 4645 3150 4694 et
3177 4638 3367 4694 multa
3397 4639 3654 4710 scripsit.

2160 4728 2470 4783 Gratianus
2491 4728 2660 4798 imp.,
2687 4727 2948 4782 Valentis
2970 4728 3257 4782 saevitiam
3288 4727 3349 4781 in
3371 4727 3739 4784 Christianos

2085 4816 2432 4882 detestatus,
2469 4817 2766 4885 omnibus,
2795 4816 2920 4889 lege
2953 4817 3073 4871 lata
3108 4817 3399 4888 permisit,
3433 4821 3500 4871 ut
3531 4833 3737 4872 secure

2085 4920 2152 4959 ac
2182 4904 2368 4958 libere
2403 4909 2724 4959 conventus
2768 4905 2830 4958 in
2865 4903 3130 4959 ecclesiis
3180 4904 3440 4975 propriis
3470 4909 3734 4976 agerent,

2084 4992 2226 5048 solis
2257 4992 2666 5061 Eunomianis,
2715 4992 3085 5048 Photinianis
3120 4998 3178 5047 et
3224 4992 3562 5049 Manichzeis
3592 5009 3734 5049 con-

327 5068 653 5138 quentiam.

395 5157 671 5222 Galenus,
721 5155 988 5211 medicus
1046 5156 1492 5225 celeberrimus,
1551 5159 1971 5231 Pergamenus,

322 5247 422 5318 qui
461 5247 657 5314 Marci,
691 5247 992 5302 Commodi
1018 5250 1076 5301 et
1114 5247 1439 5302 Pertinacis
1466 5247 1831 5319 temporibus
1858 5250 1972 5304 Ro-

319 5353 431 5391 mae
455 5336 616 5401 vixit,
641 5337 902 5404 Niconis,
921 5343 1235 5408 geometra}
1263 5342 1322 5391 et
1341 5337 1671 5403 architecti,
1706 5338 1790 5405 F.,
1820 5353 1973 5392 com-

315 5425 758 5497 posuitmedica
780 5431 839 5480 et
859 5425 1292 5497 philosoPhica,
1311 5426 1570 5496 itemque
1587 5427 1972 5498 grammatica

316 5520 374 5569 et
401 5513 721 5581 rhetorica,
749 5531 904 5586 quae,
928 5520 992 5569 ut
1023 5514 1299 5569 omnibus
1330 5519 1490 5582 nota,
1522 5531 1833 5570 recensere
1867 5532 1966 5571 su-

323 5618 751 5675 pervacaneum
783 5604 941 5658 duxi.
975 5603 1129 5658 Vixit
1158 5620 1347 5658 annos
1383 5603 1536 5658 LXX.

396 5691 758 5760 Genethlias,
782 5693 1072 5748 Genethlii
1097 5695 1180 5762 F.,
1205 5712 1272 5749 ex
1297 5695 1443 5750 urbe
1463 5695 1964 5767 Petris,sophista,

322 5781 641 5838 Minuciani
673 5786 732 5840 et
757 5784 1002 5856 Agapeti
1040 5783 1389 5857 discipulus,
1424 5784 1674 5843 aemulus
1720 5786 1966 5842 Athenis

2081 5080 2377 5136 venticula
2401 5080 2643 5136 ademit.

2154 5169 2467 5241 Gregorius
2516 5170 2909 5225 Nazianzenus
2958 5169 3020 5224 in
3069 5168 3461 5242 Cappadocia,
3511 5169 3736 5238 Basilii,

2081 5257 2484 5325 Caesariensis,
2517 5258 2764 5326 amicus,
2797 5258 3217 5330 grammaticus
3248 5262 3308 5313 et
3335 5261 3510 5329 poeta
3541 5257 3738 5314 excel-

2080 5347 2231 5412 lens,
2265 5347 2453 5403 multo
2488 5349 2672 5417 magis
2712 5348 2963 5420 insignis
3010 5347 3405 5420 philosophus
3437 5352 3497 5401 et
3540 5351 3741 5402 orator

2080 5431 2422 5512 ἀμφιδεξίως,
2449 5435 2820 5506 peritissimus
2850 5436 2980 5490 fuit.
3005 5436 3184 5491 Multa
3206 5435 3445 5506 scripsit
3462 5435 3737 5490 oratione

2080 5525 2273 5580 soluta
2302 5524 2374 5579 ad
2423 5528 2570 5598 τρεῖς
2619 5520 2885 5598 μυριάδας
2938 5523 3166 5597 στίχων,
3216 5525 3288 5579 ad
3320 5539 3594 5578 versuum
3631 5522 3730 5577 tri-

2077 5615 2239 5687 ginta
2269 5614 2478 5671 millia.
2513 5617 2592 5669 Ex
2626 5615 2716 5669 his
2750 5620 2915 5670 sunt:
2952 5635 2976 5667 α
3013 5615 3092 5668 De
3123 5613 3287 5669 obitu
3311 5613 3508 5668 fratris
3539 5612 3728 5667 Cmsa-

2081 5723 2103 5754 c
2138 5705 2242 5770 rii;
2279 5704 2475 5760 Oratio
2503 5703 2768 5759 funebris
2817 5704 2879 5758 in
2925 5709 3153 5776 patrem
3204 5718 3413 5768 suum;
3446 5701 3632 5758 altera
3661 5701 3724 5756 in

2077 5810 2386 5851 «sororem
2399 5794 2750 5868 Gorgoniam
2765 5809 2780 5863 ;
2796 5793 2875 5848 De
2888 5791 3250 5865 pauperibus
3267 5791 3535 5848 amandis
3551 5807 3566 5860 ;
3582 5791 3726 5847 Lau-
