4136 6316
443 376 470 433 1
483 376 594 435 267

1742 375 1990 436 INDEX
2043 364 2544 436 SCRIPTORUM

3715 378 3892 438 1268

445 529 472 560 «
491 510 595 565 des
610 508 1078 564 Machabmorum
1096 526 1109 576 ;
1127 509 1351 565 Laudes
1368 508 1667 581 Cypriani;
1683 508 1908 564 Laudes
1924 508 2095 562 Atha-
2126 505 2176 574 Α
2209 507 2494 578 appellari
2519 513 2698 578 secta,
2722 508 2890 564 nulla
2911 509 3069 564 enim
3092 509 3272 566 habet
3296 509 3594 583 dogmata.
3643 513 3892 566 Praeter

449 623 476 649 ‹‹
515 599 699 666 nasii;
736 599 959 653 Laudes
993 599 1240 653 Heronis
1269 599 1639 670 philosophi;
1673 600 1888 654 Contra
1917 598 2096 652 Julia-

453 712 481 739 ‹‹
505 705 650 743 num
671 689 811 759 imp.
833 688 1131 742 orationes
1149 705 1161 753 ;
1183 690 1264 742 De
1277 689 1499 759 Spiritu
1517 694 1718 744 sancto
1742 687 1927 742 oratio
1946 703 2095 757 una;

455 802 482 829 «
508 779 817 834 Orationes
842 779 1210 849 panegyricas
1233 781 1300 846 X,
1328 799 1350 830 ι
1377 779 1627 850 aliaeque
1651 779 1942 852 plurimm,
1967 796 2098 850 quae

456 869 736 924 omnibus
787 875 942 924 nota;
975 875 1132 923 sunt.
1179 870 1425 925 Secutus
1478 876 1568 924 est
1595 887 1781 942 genus
1840 869 2099 936 dicendi,

456 977 571 1032 quo
629 977 770 1014 usus
807 965 897 1014 est
925 961 1190 1027 Polemo,
1249 960 1645 1027 Laodicensis,
1705 961 1804 1031 qui
1839 960 2100 1031 Smyrna;

454 1049 858 1120 eloquentiam
881 1049 1079 1103 docuit
1100 1056 1158 1103 et
1188 1050 1462 1104 Aristidis
1491 1051 1746 1104 rhetoris
1776 1055 2104 1121 praeceptor

453 1141 582 1195 fuit.
609 1140 855 1210 Scripsit
876 1144 934 1194 et
953 1139 1172 1194 librum
1197 1140 1462 1195 versibus
1485 1139 1867 1208 hexametris,
1901 1139 1963 1192 in
1987 1155 2101 1209 quo

463 1232 767 1298 Virginitas
800 1234 858 1282 et
901 1230 1400 1299 Conjugiuminter
1421 1248 1481 1285 se
1500 1230 1940 1300 colloquuntur.
1958 1233 2103 1284 Item

455 1320 526 1375 de
558 1320 690 1374 aliis
721 1321 1087 1391 argumentis
1145 1321 1374 1375 diverso
1429 1325 1486 1374 et
1516 1319 1831 1375 omnifario
1889 1336 2103 1392 genere

455 1411 738 1466 carminis
768 1411 841 1465 ad
868 1427 1144 1465 versuum
1169 1411 1408 1483 triginta
1436 1410 1643 1465 millia.
1674 1411 1859 1481 Hujus
1893 1410 2104 1464 memi-

457 1502 548 1555 nit
568 1501 1020 1573 Philostorgius,
1043 1501 1469 1569 licetArianus,
1490 1505 1600 1556 etc.
1627 1500 1965 1572 Gregorius,
1987 1501 2104 1555 alio

458 1590 736 1645 Ecclesiaa
769 1607 890 1644 suae
924 1592 1201 1662 epiSCOpo
1233 1591 1294 1644 in
1326 1589 1522 1644 locum
1549 1605 1722 1644 suum
1764 1589 2102 1658 substituto,

461 1679 587 1749 ipse
613 1680 738 1734 ruri
786 1680 964 1735 vitam
995 1680 1270 1736 monachi
1304 1680 1420 1752 egit
1449 1679 1823 1748 decessitque
1874 1678 2106 1734 decimo

460 1768 634 1822 tertio
665 1769 977 1824 Theodosii
1011 1771 1177 1842 imp.,
1214 1786 1402 1825 annos
1433 1777 1605 1824 natus
1628 1768 1884 1839 amplius
1926 1768 2032 1824 XC.

2208 596 2316 652 has
2338 604 2499 653 secta
2546 599 2862 654 ecclectica
2913 600 3252 654 introducta
3299 605 3391 654 est
3427 617 3462 654 a
3511 602 3882 667 Potamone,

2208 687 2628 755 Alexandrino,
2653 688 2753 758 qui
2776 705 2843 743 ex
2869 689 3119 759 singulis
3142 690 3320 744 sectis
3342 706 3432 757 ea,
3457 706 3590 760 quae
3614 690 3735 744 sibi
3759 690 3891 760 pla-

2210 781 2432 843 cerent,
2462 777 2734 848 eligebat,
2761 783 2868 832 etc.
2895 779 2996 847 (Ex
3014 779 3239 833 Laertio
3261 779 3304 845 Ι,
3332 794 3514 849 segm.
3542 782 3609 832 19
3651 784 3717 832 et
3765 782 3891 846 '20.)

2283 867 2630 937 Harpocras,
2691 869 3004 922 Ammonio
3057 867 3366 937 (Hernicae)
3421 867 3769 934 familiaris,
3829 874 3896 921 et

2211 955 2531 1021 Nicomedi,
2564 955 2812 1019 Isidoro,
2839 955 3224 1026 Horapollini,
3259 956 3561 1018 Heraisco,
3597 963 3744 1022 etc.,
3774 958 3890 1010 ho-

2212 1060 2308 1098 mo
2339 1045 2637 1115 {Egyptius
2665 1044 2766 1114 qui
2799 1044 3053 1099 Zenonis
3084 1045 3224 1115 imp.
3257 1049 3525 1116 tempore
3558 1045 3727 1099 vixit.
3779 1046 3849 1099 In
3869 1075 3886 1086 ο

2210 1136 2302 1191 fra
2331 1137 2390 1190 in
2425 1136 2819 1207 Horapolline.
2854 1139 2954 1207 (Ex
2987 1137 3336 1207 Damascio.)

2284 1227 2731 1297 Harpocration,
2766 1226 3028 1299 Argivus,
3063 1227 3404 1282 Platonicus
3448 1227 3886 1298 philosophus,

2213 1315 2426 1370 Cmsari
2456 1315 2788 1370 familiaris.
2843 1316 3090 1387 Scripsit
3118 1337 3146 1364 α
3195 1317 3791 1371 Commentariorum
3825 1318 3888 1372 in

2215 1425 2243 1454 κ
2276 1405 2583 1460 Platonem
2617 1405 2799 1460 libros
2829 1407 3026 1472 XXIV,
3061 1410 3120 1460 et
3148 1405 3484 1461 Dictionum
3533 1406 3892 1462 Platonica-

2216 1516 2243 1545 «
2277 1511 2480 1550 carum
2512 1495 2694 1550 libros
2725 1497 2792 1549 II.
2826 1516 2853 1544 η

2288 1585 2718 1655 Harpocration
2779 1585 3020 1655 (Caius),
3080 1585 3369 1654 sophista,
3429 1585 3674 1656 scripsit
3735 1608 3771 1635 ‹‹
3813 1588 3895 1641 De

2217 1696 2244 1723 «
2281 1674 2663 1744 Antiphontis
2692 1675 2929 1746 ﬁguris;
2959 1675 3038 1729 De
3071 1673 3381 1745 Hyperidis
3431 1679 3490 1729 et
3521 1675 3713 1746 Lysiae
3753 1692 3893 1730 ora-

2216 1785 2244 1813 «
2282 1763 2564 1830 tionibus,
2604 1787 2624 1812 ι
2661 1770 2720 1819 et
2750 1764 2884 1818 alia.

533 1859 862 1930 Gregorius,
912 1859 1091 1930 episc.
1147 1862 1468 1929 Nyssenus,
1513 1858 1695 1913 frater
1743 1857 1942 1912 Basilii
1986 1858 2103 1911 Cai-

2291 1854 2715 1924 Harpocration
2739 1853 2986 1925 (xi-Ilius),
3013 1853 3298 1924 sophista,
3327 1854 3612 1925 scripsit:
3649 1857 3735 1910 De
3763 1856 3890 1910 illis

459 1946 769 2010 sar.,erudi
781 1947 1040 2004 tissimus
1055 1948 1480 2018 eteloquentiaa
1496 1947 1668 2001 laude
1683 1947 1831 2000 nulli
1847 1951 2109 2000 veterum

458 2036 694 2091 cedens.
718 2037 1014 2092 Eximium
1039 2037 1256 2092 librum
1283 2039 1485 2091 Contra
1504 2038 1833 2090 Eunomium
1876 2034 2113 2104 scripsit

456 2131 514 2180 et
535 2126 696 2180 aliud
744 2129 820 2180 De
840 2128 1211 2194 fabricatione
1261 2127 1514 2192 hominis,
1538 2125 1804 2195 aliasque
1833 2124 2111 2179 homilias

458 2215 763 2285 plurimas.
780 2217 926 2271 Item
941 2239 968 2265 «
989 2216 1052 2270 In
1074 2217 1314 2270 Cantica
1335 2215 1720 2278 canticorum,
1743 2215 1807 2267 In
1821 2213 2114 2268 Ecclesia-

465 2323 485 2352 ι
504 2308 653 2357 stem
670 2345 683 2371 ,
701 2328 720 2352 ι
742 2310 836 2358 et«
854 2305 938 2358 Ad
955 2321 1220 2359 sororem
1246 2305 1631 2369 Macrinam,»
1656 2303 1894 2375 longam
1918 2303 2110 2357 etele-

461 2397 697 2463 gantem
709 2393 1044 2447 orationem
1057 2393 1128 2447 de
1143 2393 1361 2448 anima.
1378 2391 1625 2462 Scripsit
1645 2397 1701 2446 et
1723 2391 1910 2446 multa
1921 2391 2038 2446 alia
2055 2396 2116 2446 et

463 2480 813 2536 admirabile
862 2481 1011 2536 illud
1060 2504 1088 2532 «
1125 2481 1476 2537 Encomium
1531 2480 1832 2551 Stephani,
1875 2503 1903 2530 »
1933 2480 2112 2552 primi

464 2573 765 2643 martyris,
799 2578 856 2626 et
892 2591 912 2620 ι
951 2574 1139 2628 Vitam
1172 2572 1433 2645 Gregorii
1463 2571 1901 2643 Thaumaturgi.
1937 2592 1966 2621 ››

536 2661 868 2733 Gregorius,
925 2663 1025 2733 qui
1087 2668 1145 2718 et
1201 2660 1562 2728 Theodorus,
1619 2661 2107 2733 Thaumaturgus,

463 2756 926 2814 Neocaesareaaid
946 2759 1131 2812 Ponto
1163 2758 1494 2829 episcopus,
1528 2755 1600 2810 ob
1636 2756 1969 2810 Graacarum
2002 2756 2109 2810 La-

464 2849 841 2917 tinarumque
859 2845 1191 2901 litterarum
1217 2845 1479 2900 studium
1499 2861 1528 2899 e
1559 2844 1928 2915 Cappadocia
1957 2843 2104 2899 ado-

463 2937 695 2992 lescens
728 2952 789 2991 se
842 2937 1118 3006 Berytum
1151 2940 1208 2990 et
1236 2934 1372 2989 inde
1403 2935 1727 2989 Caasaream
1777 2933 2109 2988 Palaastinaa

462 3025 709 3080 contulit
733 3042 868 3079 cum
903 3024 1083 3079 fratre
1111 3023 1507 3078 Athenodoro.
1551 3023 1666 3077 Hos
1695 3022 1977 3094 Origenes
2007 3039 2113 3093 per

460 3114 939 3185 quinquennium
964 3113 1181 3167 erudiit
1201 3117 1259 3167 et
1288 3113 1361 3167 ad
1385 3111 1563 3166 ﬁdem
1587 3110 1801 3165 Christi
1824 3111 2111 3182 paulatim

2223 1963 2250 1990 «
2277 1958 2409 2012 qua:
2432 1943 3010 2015 oratoresignorasse
3032 1942 3342 2010 videntur;
3368 1947 3740 2016 Argumenta
3760 1963 3894 2000 ora-

2225 2054 2253 2085 «
2284 2036 2515 2090 tionum
2538 2033 2885 2105 Hyperidis;
2911 2034 3270 2088 Ementitam
3296 2049 3427 2088 esse
3449 2033 3738 2089 Herodoti
3765 2035 3896 2088 His-

2224 2151 2248 2178 (ι
2279 2126 2489 2181 toriam
2513 2142 2525 2191 ;
2551 2125 2629 2178 De
2645 2122 2955 2177 ordinibus
2976 2122 3336 2178 militaribus
3349 2122 3506 2194 apud
3529 2125 3897 2195 Xenophon-

2228 2224 2392 2273 «tem
2420 2259 2434 2282 ,
2458 2217 2538 2270 De
2562 2219 2686 2269 arte
2727 2213 3022 2267 rhetorico
3048 2229 3061 2280 ;
3109 2214 3189 2267 De
3212 2212 3421 2268 formis
3449 2215 3825 2268 orationum.
3863 2236 3890 2263 υ

2294 2304 2721 2377 Harpocration
2770 2302 3104 2374 (Valerius),
3164 2303 3367 2358 rhetor
3423 2304 3900 2362 Alexandrinus

2224 2396 2464 2467 scripsit
2502 2417 2529 2443 «
2560 2393 2810 2448 Lexicon
2867 2392 3076 2448 decem
3129 2400 3471 2458 oratorum;
3509 2416 3530 2442 ι
3594 2395 3889 2465 Ἀνθηρῶν

2222 2484 2574 2558 συναγωγὴν,
2608 2484 2726 2538 sive
2763 2504 2790 2532 «
2824 2482 3172 2538 ﬂoridorum
3200 2483 3587 2539 collectanea.

2294 2578 2620 2644 Hecataeus,
2637 2572 2967 2639 Abderites,
2994 2572 3406 2644 philosophus,
3427 2573 3528 2644 qui
3543 2579 3603 2629 et
3621 2575 3885 2629 Criticus

2223 2673 2280 2722 et
2309 2664 2740 2721 Grammaticus
2765 2663 3216 2734 cognominatus
3249 2668 3356 2730 est,
3387 2663 3544 2734 quod
3588 2671 3885 2735 apparatu

2220 2754 2606 2829 grammatico
2652 2752 2887 2808 abunde
2945 2753 3273 2807 instructus
3332 2758 3507 2807 esset.
3569 2753 3732 2807 Vixit
3775 2754 3885 2807 sub

2222 2844 2539 2901 Alexandri
2599 2842 2789 2914 Magni
2848 2841 3312 2896 successoribus.
3373 2842 3621 2914 Scripsit
3659 2850 3884 2913 prmter

2220 2935 2338 2990 alia
2365 2933 2436 2987 de
2472 2931 2707 2987 Homeri
2742 2935 2800 2986 et
2829 2931 3066 2986 Hesiodi
3099 2931 3284 3002 poesi.

2291 3025 2614 3088 Hecatasus,
2636 3021 2996 3093 Hegesandri
3014 3022 3097 3088 F.,
3122 3021 3402 3086 Milesius,
3428 3021 3570 3076 vixit
3592 3022 3882 3092 tempori-

2220 3113 2331 3168 bus
2346 3111 2524 3180 Darii,
2541 3111 2640 3182 qui
2656 3117 2789 3182 post
2804 3109 3153 3182 Cambysem
3168 3111 3433 3182 regnavit
3447 3115 3585 3181 (quo
3609 3116 3883 3181 tempore

463 3203 714 3257 reduxit.
748 3203 1082 3272 Gregorius,
1115 3201 1176 3254 in
1203 3200 1452 3270 patriam
1502 3199 1826 3264 rediturus,
1874 3200 2108 3272 Origeni
2150 3219 2193 3286 ρ
2223 3208 2281 3257 et
2301 3202 2616 3272 Dionysius
2647 3200 2906 3254 Milesius
2929 3200 3110 3271 vixit),
3143 3200 3486 3272 Olympiade
3521 3200 3657 3255 LXV
3691 3201 3882 3255 histo-

463 3291 742 3361 praesenti
793 3290 1011 3360 gratias
1063 3290 1181 3360 egit
1253 3289 1512 3344 Oratione
1556 3291 1920 3358 panegyrica,
1981 3305 2111 3359 quaa

466 3380 792 3434 etiamnum
834 3383 1041 3447 exstat,
1066 3378 1314 3450 Scripsit
1349 3384 1406 3432 et
1433 3377 1822 3448 Metaphrasim
1852 3385 1903 3432 et
1933 3379 2115 3432 Eccle-

466 3471 707 3536 siastem,
738 3469 976 3523 brevem
1007 3467 1194 3534 illam,
1229 3468 1330 3523 sed
1361 3467 1812 3523 admirabilem:
1863 3468 2114 3522 multas-

469 3575 583 3630 que
610 3557 901 3628 Epistolas.
935 3557 1198 3613 Decessit
1226 3558 1334 3612 sub
1358 3558 1675 3613 Aureliano
1709 3556 1903 3611 clarus
1934 3556 2112 3611 mira-

465 3648 635 3714 culis,
667 3665 797 3719 quaa
829 3648 1142 3718 episcopus
1173 3647 1376 3702 edidit.
1411 3680 1478 3690 —
1512 3647 1948 3714 Athenodorus,
1978 3648 2113 3702 Gre-

453 3739 604 3811 gorii
636 3739 837 3807 frater,
867 3738 1153 3810 sophista,
1188 3738 1426 3810 scripsit
1455 3760 1482 3788 «
1517 3739 1596 3793 De
1629 3738 2038 3793 incarnatione
2055 3741 2112 3792 et

452 3829 568 3884 ﬁde
596 3849 616 3877 ι
649 3830 1004 3885 orationem.
1048 3851 1070 3880 ι

529 3919 860 3990 Gregorius,
921 3917 1194 3985 Hermiaa,
1268 3916 1632 3987 philosophi,
1691 3915 1873 3970 frater
1929 3914 2106 3986 plane

454 4006 783 4070 dissimilis,
815 4021 994 4075 supra
1038 4004 1282 4058 modum
1314 4009 1482 4059 actus
1531 4009 1590 4057 et
1637 4003 1710 4058 ad
1745 4003 2107 4074 quaestiones

458 4099 514 4147 et
571 4093 916 4163 disciplinas
987 4093 1320 4163 expeditus,
1381 4092 1702 4162 cmteroqui
1779 4091 2103 4162 inquietus,

455 4187 590 4244 etc..
625 4184 690 4250 (E
722 4182 1015 4235 Damascii
1048 4181 1192 4236 Hist.
1226 4181 1679 4252 philosophica.)

527 4292 556 4321 ‹‹
591 4271 762 4344 Gygis
793 4271 1072 4339 annulus,
1107 4293 1134 4320 ››
1167 4272 1238 4326 de
1271 4270 1614 4325 hominibus
1643 4269 1810 4325 valde
1855 4271 2104 4325 versutis

453 4366 512 4415 et
543 4361 794 4425 callidis,
824 4366 934 4415 etc.

523 4450 800 4521 Γυμνασία
831 4445 1171 4519 διαλεκτική.
1227 4450 1579 4522 Hujusmodi
1629 4448 1814 4505 libros
1871 4451 2100 4504 Aristo-

2222 3290 2592 3364 riographus.
2626 3291 2745 3344 Hoc
2767 3289 2976 3360 junior
2990 3289 3100 3343 fuit
3123 3288 3470 3359 Herodetus,
3493 3290 3878 3345 Halicarnas-

2220 3397 2376 3448 seus,
2409 3380 2509 3450 qui
2541 3379 2795 3434 multum
2824 3378 2876 3432 ei
2917 3377 3109 3433 debet.
3143 3379 3274 3433 Fuit
3302 3380 3606 3434 Hecataeus
3636 3379 3880 3434 auditor

2218 3473 2550 3542 Protagoras
2611 3476 2667 3525 et
2724 3469 2952 3541 primus
3003 3469 3312 3525 historiam
3369 3469 3636 3524 oratione
3694 3487 3875 3541 prosa

2219 3561 2475 3632 scripsit,
2499 3561 2584 3614 uti
2608 3559 2835 3632 primus
2853 3559 3220 3631 Pherecydes
3242 3560 3357 3630 (res
3377 3557 3871 3630 philosophicas),

2217 3649 2423 3704 itidem
2448 3649 2716 3705 oratione
2740 3647 2935 3703 soluta
2959 3649 3248 3720 exposuit.
3275 3649 3499 3719 Scripta
3521 3649 3684 3702 enim
3717 3651 3875 3702 Acu-

2217 3739 2348 3795 silai
2378 3739 2716 3794 adulterina
2747 3743 2905 3793 sunt.
2938 3738 3141 3807 (Infra,
3171 3738 3232 3792 in
3262 3737 3594 3810 ἱστορῆσαι.)

2287 3826 2587 3884 Ἠκάτειον.
2621 3827 2886 3883 Habebat
2941 3828 3279 3899 Theagenes
3340 3828 3567 3882 Hecatae
3619 3828 3872 3884 simula-

2214 3934 2401 3984 crum,
2459 3917 2640 3988 quod,
2715 3932 3070 3987 quocunque
3128 3917 3264 3985 iret,
3333 3915 3699 3970 consulebat.
3765 3918 3869 3972 Hic

2211 4006 2435 4076 καπνὸς,
2467 4010 2650 4076 fumus
2683 4007 3020 4062 vocabatur.
3055 4007 3318 4061 Fuerunt
3340 4011 3398 4060 et
3425 4006 3526 4061 alii
3549 4006 3663 4061 duo
3700 4008 3866 4062 Thea-

2212 4114 2393 4168 genes,
2428 4113 2681 4168 quorum
2716 4096 2866 4151 alter
2913 4097 2983 4150 de
3016 4097 3268 4150 Homero
3320 4095 3577 4166 scripsit,
3611 4096 3765 4151 alter
3792 4097 3866 4151 ob

2211 4189 2530 4245 mollitiem
2561 4188 2676 4243 fuit
2704 4186 2964 4241 infamis.
3009 4185 3173 4240 Conf.
3220 4187 3453 4241 Kiisteri
3486 4191 3610 4240 not.
3647 4191 3789 4242 tom.
3819 4189 3865 4255 Ι,

2209 4295 2340 4350 pag.
2374 4280 2498 4331 687.

2283 4365 2655 4431 Hecebolius,
2691 4364 2955 4434 sophista
3006 4363 3375 4427 CPolitanus,
3426 4364 3534 4418 sub
3574 4365 3860 4419 Constan-

2207 4460 2333 4513 tino
2356 4454 2793 4511 Christianismi
2813 4470 2875 4508 se
2898 4453 3108 4508 ardore
3141 4454 3392 4527 ﬂagrare
3416 4455 3726 4523 simulans,
3753 4454 3857 4510 sub

453 4541 598 4597 teles
626 4548 683 4597 et
712 4541 1151 4613 Theophrastus
1198 4541 1587 4612 scripserunt,
1621 4541 1840 4612 quibus
1892 4540 2106 4596 docent
2141 4547 2439 4632 DJuliano
2467 4543 2718 4600 stolidus
2746 4544 3046 4609 ethnicus,
3070 4549 3206 4614 post
3238 4544 3368 4615 ejus
3396 4543 3622 4599 obitum
3651 4545 3860 4599 iterum

450 4632 742 4687 rationem
775 4629 1161 4703 probabiliter
1188 4631 1250 4684 in
1279 4635 1591 4700 utramque
1631 4636 1859 4702 partem
1910 4630 2100 4685 disse-

447 4724 634 4778 rendi.

521 4816 892 4888 Gymnasius,
980 4813 1278 4882 Sidonius,
1353 4813 1640 4886 sophista,
1719 4811 2095 4885 imperatoris

447 4906 819 4960 Constantini
855 4903 1218 4975 temporibus
1250 4903 1408 4956 vixit.
1454 4901 1701 4973 Scripsit
1727 4925 1753 4952 «
1789 4902 2095 4957 Declama-

449 5015 477 5041 ‹‹
511 4993 703 5047 tiones
735 5015 762 5042 »
797 4998 856 5046 et
888 5015 914 5043 ‹‹
947 4993 1451 5048 Commentarium
1484 4993 1544 5046 in
1577 4993 2034 5047 Demosthenem
2068 5015 2095 5042 ››

448 5085 508 5134 et
537 5080 654 5135 alia
685 5081 977 5152 qumdam.

1253 5173 1295 5224 H

522 5257 788 5311 Haeresis.
846 5256 1207 5328 Hippobotus
1247 5258 1408 5325 dicit,
1469 5276 1680 5314 novem
1734 5279 1862 5316 esse
1910 5266 2099 5317 sectas

451 5347 568 5402 sive
593 5345 939 5417 disciplinas
961 5345 1473 5418 philosophorum,
1502 5372 1528 5398 ‹‹
1562 5351 1926 5420 Megaricum,
1961 5353 2094 5406 Ere-

457 5435 776 5496 atriacam,
825 5434 1228 5504 Cyrenaicam,
1277 5437 1648 5506 Epicuream,
1695 5440 2095 5509 Anniceriam,

462 5551 480 5575 ι
514 5524 926 5586 Theodoriam,
958 5524 1276 5577 lenoniam
1305 5547 1331 5574 »
1365 5541 1469 5579 seu
1505 5547 1531 5575 ι‹
1564 5526 1838 5593 Stoicam,
1868 5528 2098 5583 Acade-

455 5616 721 5670 «micam
745 5618 803 5667 et
824 5613 1274 5684 Peripateticum
1295 5613 1566 5684 nCynicas
1589 5620 1785 5669 autem
1814 5621 1870 5670 et
1891 5617 2100 5673 [iliacae

453 5722 520 5762 ac
545 5703 869 5762 dialecticae
892 5719 1014 5760 non
1035 5701 1329 5759 meminit.
1355 5703 1686 5777 Pyrrhonia
1731 5720 1852 5760 non
1885 5707 2103 5777 poterit

2211 4636 2601 4704 Christianus,
2659 4634 2934 4702 πατήσατε
2991 4652 3080 4702 με,
3136 4634 3430 4703 clamavit,
3486 4632 3549 4687 τὸ
3607 4630 3742 4694 ἅλας
3799 4635 3858 4688 τὸ

2204 4725 2522 4794 ἀναίσθηνὰ,
2557 4746 2586 4773 ‹‹
2622 4723 2966 4778 conculcate
2999 4740 3114 4792 me,
3141 4723 3371 4778 fatuum
3403 4725 3606 4779 salem.
3643 4747 3671 4773 ›ι

2281 4815 2668 4888 Hegelochus,
2701 4813 2956 4885 tragicus
2991 4811 3225 4883 histrio,
3262 4814 3321 4868 in
3354 4813 3650 4885 Euripidis
3682 4815 3859 4869 Oreste

2206 4924 2310 4978 pro
2341 4902 2556 4978 γαληνὰ
2588 4902 2700 4975 ὁρῶ
2754 4902 3159 4974 pronuntiavit
3188 4899 3364 4974 γαλῆν
3416 4901 3548 4976 ὁρῶ.
3599 4906 3770 4971 Eum,
3796 4910 3859 4960 ut

2207 5014 2346 5051 voce
2379 4995 2706 5061 insuavem,
2739 4991 3085 5063 perstringit
3113 4991 3301 5046 Plato.

2285 5088 2605 5158 Hegemon,
2667 5082 3046 5137 Demostheni
3106 5087 3468 5139 memoratus
3525 5101 3629 5154 pro
3675 5086 3854 5141 Ctesi-

2207 5177 2451 5247 phonte.
2489 5174 2648 5228 Unus
2682 5176 2808 5226 erat
2850 5170 3112 5240 illorum,
3141 5172 3242 5242 qui
3271 5173 3654 5228 Macedonum
3683 5176 3850 5245 parti-

2207 5265 2318 5319 bus
2349 5263 2622 5318 favebant
2651 5266 2709 5315 et
2737 5259 3084 5314 muneribus
3131 5261 3392 5332 corrupti
3444 5262 3848 5320 credebantur.

2282 5354 2601 5424 Hegemon,
2652 5348 2918 5415 Thasius,
2971 5354 3360 5419 cognomento
3409 5353 3586 5418 Φακῆ.
3618 5353 3700 5405 Ex
3732 5353 3850 5422 ejus

2213 5441 2579 5497 dramatibus
2633 5435 2864 5491 Φιλίννα
2922 5441 3070 5490 teste
3100 5437 3303 5491 Athaio
3352 5438 3412 5492 in
3457 5440 3849 5511 Dipnosophi—

2217 5533 2344 5598 stis,
2369 5532 2486 5600 XV,
2520 5546 2569 5584 c.
2605 5531 2692 5596 46,
2726 5543 2856 5598 pag.
2912 5527 3038 5581 699.
3073 5527 3133 5580 V.
3170 5528 3401 5593 Kiister,
3452 5544 3582 5600 pag.
3610 5531 3701 5594 42,
3737 5537 3850 5585 not.

2214 5638 2292 5686 u;
2327 5625 2384 5675 et
2414 5635 2543 5692 pag.
2575 5619 2664 5685 43,
2699 5620 2823 5672 not.
2856 5633 2892 5670 ι.

2286 5709 2670 5780 Hegesippus,
2718 5703 3004 5778 Crobylus
3057 5708 3470 5780 cognomento,
3524 5706 3700 5779 cujus
3730 5725 3849 5766 esse
