4136 6316
443 287 604 386 ,1271

1735 285 1980 347 INDEX
2025 283 2198 344 SCRI
2210 284 2534 347 PTORUM

3703 289 3884 354 12⁸7ίὲ⁹

445 399 857 496 Ᾰῐεγριὶοωω
888 421 1056 477 libris
1115 422 1338 478 diutius
1395 422 1744 487 innutritus,
1789 421 2098 494 theologia)
2128 421 2183 486 Α
2214 424 2333 474 tate
2363 419 2596 474 locutus
2622 419 2821 487 fuerit,
2853 419 3078 487 dicens,
3111 419 3176 474 in
3203 419 3488 476 Trinitate
3517 437 3700 477 unam
3738 439 3885 477 esse

452 513 720 585 ipsorum
751 529 818 566 ac
848 513 1155 583 sapientiae
1186 511 1770 582 peritior.Heraiscus
1785 511 2105 566 simulacra

454 602 707 656 Numine
738 603 1000 657 animata
1030 618 1064 655 a
1085 601 1268 656 cassis
1300 600 1662 672 distinguere
1721 606 1953 672 poterat
1982 601 2104 672 (su-

453 707 560 761 pra
585 693 644 745 in
677 687 1023 762 διαγνώμων)
1057 707 1070 756 ;
1102 706 1240 744 nam
1271 690 1342 744 iis
1363 691 1698 760 conspectis
1730 690 1971 761 corejus
1993 706 2104 744 nu-

454 781 616 836 mine
649 783 932 852 agitatum
993 780 1520 852 compungebatur.
1565 779 1657 835 Sic
1715 780 1988 853 cognovit
2040 778 2104 833 τὸ

455 867 701 942 ἄρῥητον
759 865 982 940 ἄγαλμα
1010 871 1107 920 τοῦ
1168 867 1401 930 Αἷῶνος,
1460 885 1722 924 arcanum
1751 871 2106 924 simulacrum

454 959 662 1025 Alanis,
695 959 854 1029 quod
868 958 1514 1014 AlexandriniOsiridis
1539 964 1594 1013 et
1619 959 1904 1015 Adonidis
1927 958 2106 1015 simul

456 1049 700 1103 nomine
724 1047 930 1102 colunt
951 1047 1087 1100 κατὰ
1111 1048 1377 1119 μυστικὴν
1407 1047 1756 1121 Θεοκρασίαν.
1795 1051 2104 1105 Mulierem

453 1143 885 1193 menstruatam
930 1138 1152 1192 videnti
1201 1138 1440 1194 dolebat
1487 1145 1681 1210 caput.
1716 1141 1941 1194 Mortuo
1971 1155 2106 1194 cum

452 1227 834 1298 Asclepiades
845 1228 1100 1284 honores
1115 1229 1519 1283 sacerdotibus
1534 1229 1760 1284 debitos
1774 1230 2111 1297 reddere,et

450 1315 546 1375 τὰς
573 1313 844 1390 Ὀσίριδος
877 1313 964 1368 ἐπὶ
996 1319 1075 1386 τῷ
1105 1316 1317 1387 σώματι
1340 1312 2108 1391 περιϐολὰς,05ἰῐ’ἱ(1ί8νθειὶ-

456 1405 568 1461 bus
599 1423 812 1478 corpus
844 1406 973 1477 ejus
1005 1412 1199 1478 tegere
1223 1413 1479 1478 pararet,
1498 1408 1811 1463 confestim
1833 1409 1964 1464 luce
1996 1426 2108 1464 un-

460 1495 640 1565 dique
666 1495 1166 1551 illuminabantur
1220 1499 1327 1548 τῶν
1375 1493 1635 1550 σινδόνων
1669 1495 1954 1572 ἀπόρρητα
1981 1494 2106 1551 δια-

460 1584 760 1656 γράμματα
790 1602 1020 1640 arcana)
1053 1586 1373 1641 sindonum
1406 1586 1717 1654 litteraa,et
1736 1588 1893 1642 circa
1915 1588 2108 1658 ipsum

461 1675 984 1744 conspiciebantur
1026 1675 1422 1748 φαντασμάτων
1475 1672 1590 1744 εἴδη
1648 1681 1947 1749 θεοπρεπῆ,
1991 1677 2108 1730 for-

459 1777 572 1816 mae
600 1769 964 1832 spectrorum
998 1764 1446 1818 divinae.Fertur
1476 1781 1546 1818 ex
1572 1765 1956 1820 matrisutero
1973 1784 2106 1836 pro-

461 1849 642 1905 diisse
675 1851 943 1923 digitum,
979 1851 1201 1905 silentii
1237 1853 1515 1922 indicem,
1566 1853 1741 1908 labiis
1799 1855 2104 1909 admotum

460 1938 686 1994 habens
717 1940 1015 2010 quomodo
1046 1942 1293 2013 {Egyptii
1327 1941 1685 2009 fabulantur,
1722 1949 1926 1998 natum
1977 1959 2105 1999 esse

459 2027 638 2082 Orum
671 2034 729 2083 et
757 2029 951 2084 Solem
985 2035 1120 2084 ante
1153 2032 1353 2097 Orum,
1375 2031 1456 2085 ita
1484 2036 1550 2085 ut
1580 2031 1840 2086 sectione
1863 2032 1935 2086 ad
1954 2031 2104 2101 digi-

455 2119 580 2170 tum
605 2119 1025 2173 removendum
1043 2135 1190 2189 opus
1218 2119 1491 2174 fuerit.Et
1511 2120 1821 2174 Heraiscus
1843 2121 2106 2175 fuitBac-

455 2203 621 2272 chus,
655 2211 720 2260 ut
751 2209 1047 2261 somnium
1083 2207 1378 2262 indicavit.
1413 2211 1486 2262 At
1529 2209 1908 2280 Asclepiades
1939 2210 2105 2264 theo-

454 2291 626 2364 logia:
668 2297 875 2365 patriae
910 2297 1326 2366 peritissimus,
1362 2297 1530 2368 cujus
1561 2298 1646 2350 rei
1678 2297 2105 2354 documentum

455 2389 595 2436 sunt
613 2385 820 2452 Hymni
850 2401 998 2455 quos
1029 2385 1089 2440 in
1120 2386 1521 2458 Egyptiorum
1555 2385 1698 2441 deos
1725 2389 2102 2458 conscripsit,

455 2473 598 2528 item
624 2491 793 2545 opus,
829 2475 987 2544 quod
1016 2475 1274 2530 scribere
1308 2477 1568 2530 instituit
1595 2478 1672 2530 De
1701 2481 1942 2532 omnium
1972 2479 2101 2533 reli-

456 2566 683 2631 gionum
716 2581 994 2619 consensu.
1047 2565 1293 2636 Scripsit
1350 2567 1528 2621 etiam
1586 2582 1733 2637 opus
1789 2565 2101 2640 Αἰγυπτίων

457 2649 732 2724 ὠγυγίων,
785 2653 1173 2723 ίΕΩῃριὶοτάηι
1204 2658 1689 2710 vetustissimorum
1713 2674 1798 2711 res
1839 2666 2018 2727 gestas
2048 2664 2108 2714 et

455 2741 766 2796 historiam
798 2759 1092 2798 annorum
1131 2744 1503 2815 paulo,plus
1558 2745 1800 2818 triginta
1845 2747 2104 2803 millium

459 2831 886 2900 complectens,
919 2838 1028 2887 etc.
1063 2834 1413 2888 Ammonius
1453 2839 1511 2888 et
1565 2836 1904 2906 Erythrmus
1935 2839 2105 2910 Egy-

457 2918 617 2988 ptius
648 2919 803 2972 inter
832 2936 894 2974 se
917 2921 1356 2976 contendebant
1396 2923 1674 2994 Byzantii,
1707 2929 1816 2979 etc.

526 3007 824 3072 Hercules,
857 3009 1157 3064 Alcmenaa
1177 3011 1412 3065 F.Hunc
1446 3012 1887 3068 traduntfuisse
1914 3015 2103 3084 philo-

451 3097 729 3166 sophum,
763 3115 939 3167 quem
972 3100 1226 3170 pingunt
1247 3099 1400 3170 pelle
1432 3100 1647 3168 leonia,
1680 3102 1789 3156 hoc
1843 3072 1934 3157 est
1963 3121 2099 3173 pru-
2133 3072 2177 3141 Ο

449 3182 652 3238 dentia
684 3189 742 3237 et
763 3186 1117 3251 constantia,
1152 3187 1454 3252 amictum,
1490 3189 1588 3258 qui
1622 3189 1784 3243 clava
1838 3191 2100 3261 philoso-

447 3269 602 3340 phiae
616 3272 840 3342 peremi
852 3278 872 3324 t
884 3271 1205 3327 draconem
1233 3273 1665 3344 cupiditatis,et
1677 3276 1749 3330 ab
1773 3294 1842 3332 ea
1857 3278 2105 3334 abstulit

447 3361 568 3412 tres
595 3359 861 3424 virtutes,
897 3360 1126 3415 scilicet
1153 3378 1276 3416 non
1316 3361 1650 3428 irasci,non
1678 3381 1806 3418 esse
1839 3381 2100 3433 avarum,

447 3459 558 3499 nec
582 3445 984 3516 voluptatibus
1029 3447 1315 3502 deditum.
1345 3479 1414 3490 —
1472 3450 1588 3504 Sub
1637 3451 1830 3506 Minoe
1879 3453 2104 3508 exstitit

452 3534 757 3601 Hercules,
791 3536 1017 3606 Tyrius,
1051 3538 1149 3607 qui
1181 3555 1455 3608 purpura)
1488 3540 1806 3596 tincturam
1854 3542 2100 3614 invenit,

453 3638 599 3676 cane
657 3622 929 3678 maxillas
989 3625 1297 3695 (sanguine
1371 3627 1691 3698 conchylii)
1743 3635 2099 3697 cruentato;

453 3725 701 3779 eamque
737 3709 952 3765 obtulit
981 3712 1246 3766 thnici
1279 3713 1422 3784 regi,
1470 3715 1572 3785 qui
1615 3715 1842 3786 primus
1874 3733 2102 3789 purpu-

449 3811 576 3851 ram
606 3798 871 3865 gestavit.

523 3887 876 3943 Herennius.
906 3889 1075 3943 Philo
1109 3888 1368 3961 Byblius,
1405 3891 1736 3948 Herennius
1787 3897 2099 3966 cognomi-

444 3979 644 4043 natus,
668 3981 734 4028 ut
763 3977 890 4046 ipse
923 3977 1087 4030 dicit.

517 4063 925 4134 Hermagoras,
959 4065 1503 4136 Amphipolitanus,
1523 4068 1936 4140 philosophus,
1966 4073 2099 4126 Per-

447 4150 549 4202 saai
581 4150 928 4221 discipulus.
964 4154 1187 4225 Dialogi
1220 4155 1410 4224 ipsius
1433 4163 1590 4223 sunt,
1635 4160 1933 4228 Misocyon.
1968 4160 2098 4234 Περὶ

447 4236 845 4310 ἀτυχημάτων,
879 4243 955 4296 De
986 4244 1334 4311 infortuniis,
1388 4244 1681 4318 Ἒκχυτόν,
1740 4245 1851 4301 ἐστι
1911 4249 1968 4303 δὲ
1997 4248 2100 4304 ὠο-

445 4325 661 4394 σκοπία,
695 4329 944 4398 Effusum
974 4331 1092 4386 sive
1153 4334 1223 4387 De
1273 4349 1498 4389 ovorum
1552 4336 1906 4406 inspectione.
1967 4339 2097 4413 Περὶ

2215 506 2650 564 Βθίιᾶιθῐῐι.⁷Ην
2677 511 2792 583 φῶς
2835 506 3022 581 νοερὸν
3059 506 3196 580 πρὸς
3245 511 3458 580 νοεροῦ,
3519 505 3610 561 καί
3657 508 3724 577 ἦν
3792 509 3881 564 ἀεὶ

2211 599 2338 655 νοῦς
2371 595 2494 654 νοὸς
2527 596 2787 671 φωτεινὸς
2819 595 2908 650 καὶ
2941 593 3093 650 οὐδὲν
3121 595 3303 668 ἓτερον
3334 598 3400 665 ἦν
3432 598 3467 664 ἢ
3507 597 3702 652 τούτου
3738 595 3878 652 ἐνό-

2210 703 2330 753 της,
2381 685 2470 738 καὶ
2522 688 2734 756 πνεῦμα
2791 683 2964 739 πάντα
3014 684 3292 760 περιέχον·
3350 684 3504 749 ἐκτὸς
3547 686 3751 741 τούτου
3813 688 3878 742 οὐ

2211 774 2361 842 Θεὸς,
2395 772 2494 827 οὐκ
2525 775 2777 849 ἅγγελος,
2813 774 2910 828 οὐκ
2941 774 3102 830 οὐσία
3124 771 3295 844 ἃλλη,
3328 779 3551 849 etc.(ex
3578 777 3876 850 Cyrillo,!

2214 864 2275 918 in
2300 864 2541 934 Julian.)

2287 955 2574 1023 Hermias,
2608 955 2936 1022 eunuchus,
2970 958 3226 1023 Atarnaa,
3261 957 3484 1028 regioni
3533 959 3758 1029 Mysiaa,
3798 957 3878 1012 ad

2214 1043 2660 1114 Hellespontum
2715 1045 2958 1115 prefuit,
3020 1046 3143 1116 regi
3175 1047 3491 1100 Persarum
3535 1047 3873 1117 subjectus.

2213 1134 2533 1189 Eunuchus
2564 1151 2698 1188 cum
2722 1140 2874 1190 esset
2905 1140 2964 1190 et
2985 1152 3184 1190 servus
3215 1135 3725 1208 Eubuli,Bithyni,
3763 1139 3880 1209 dy-

2213 1229 2398 1278 nastze
2431 1229 2487 1277 et
2517 1223 2879 1295 philosophi,
2915 1224 3128 1279 litteris
3172 1224 3244 1279 ab
3277 1225 3592 1280 Aristotele
3624 1227 3880 1281 institu-

2217 1316 2333 1381 tus,
2368 1312 2452 1366 De
2500 1312 2693 1367 anima
2724 1314 2980 1385 scripsit,
3015 1330 3264 1384 eamque
3299 1315 3702 1370 immortalem
3738 1333 3878 1370 esse

2215 1399 2436 1456 docuit.
2464 1402 2566 1456 Hic
2589 1407 2679 1456 est
2708 1402 3017 1456 eunuchus
3048 1401 3172 1469 ille,
3207 1408 3296 1457 ter
3322 1403 3613 1470 venditus,
3637 1405 3876 1459 Aristo-

2219 1488 2351 1542 telis
2391 1490 2642 1556 amicus,
2675 1491 2768 1544 cui
2802 1490 2985 1545 filiam
3019 1507 3186 1546 suam
3245 1491 3579 1563 adoptivam
3619 1509 3878 1548 uxorem

2217 1578 2397 1632 dedit.
2434 1580 2543 1634 Sed
2575 1585 2632 1634 et
2662 1581 2806 1650 ipse,
2833 1580 2973 1635 licet
3003 1577 3250 1647 Ολαδίας,
3314 1581 3500 1637 ﬁliam
3555 1581 3772 1636 habuit
3807 1599 3877 1636 ex

2215 1685 2397 1724 uxore
2421 1671 2787 1741 Pythiadem.
2824 1671 3111 1724 Scribitur
3161 1667 3410 1744 Ἑρμίας,
3444 1677 3511 1726 ut
3557 1672 3616 1726 in
3646 1671 3873 1744 στίχοις

2220 1752 2500 1829 ἷαμϐικοῖς
2532 1760 2915 1831 Hipponactis
2950 1761 3061 1833 (75)
3089 1777 3102 1814 :
3137 1758 3415 1832 Εὐνοῦχος
3446 1754 3521 1813 ὤν
3543 1759 3633 1814 καὶ
3666 1758 3878 1822 δοῦλος

2215 1846 2304 1921 Ἑρ
2315 1847 2460 1918 μίας.

2290 1938 2557 1994 Hermias
2617 1937 2934 2011 (Ἑρμείας),
2992 1939 3408 2011 philosophus,
3467 1940 3771 1994 Ammonii
3815 1947 3875 1994 et

2218 2027 2539 2095 Heliodori,
2574 2028 2991 2100 magistrorum
3021 2029 3335 2096 Damascii,
3391 2034 3580 2099 pater,
3637 2029 3871 2084 amicus

2218 2117 2463 2172 intimus
2521 2117 2766 2188 :Egypti,
2826 2117 3194 2187 CUpidissimi
3261 2118 3616 2184 litterarum,
3667 2119 3875 2174 fratris

2215 2205 2549 2274 Theodotaa,
2607 2223 2737 2276 qua)
2797 2212 2923 2260 erat
2978 2212 3169 2260 mater
3238 2207 3447 2261 Isidori
3500 2207 3863 2278 philosophi.

2217 2295 2362 2348 Huic
2392 2297 2654 2366 .Egypto,
2672 2295 2946 2349 morienti
2959 2295 3362 2366 ,jurejurando
3395 2295 3728 2362 afﬁrmavit,
3745 2296 3870 2350 ani-

2215 2399 2372 2436 mam
2402 2399 2529 2437 esse
2562 2383 2980 2448 immortalem,
3007 2401 3184 2454 quam
3211 2384 3489 2439 fiduciam
3513 2385 3625 2455 ipsi
3653 2386 3862 2439 affere-

2214 2473 2317 2527 bat
2345 2473 2474 2526 vitm
2509 2473 2836 2544 integritas.
2856 2474 3298 2544 PhiIOSOphiam
3323 2474 3507 2530 coluit
3528 2475 3637 2529 sub
3653 2491 3866 2546 magno

2217 2562 2484 2633 Syriano,
2507 2561 2802 2618 industria
2831 2562 2980 2617 nulli
3013 2562 3306 2618 sodalium
3330 2580 3591 2630 suorum,
3626 2581 3702 2618 ne
3725 2566 3862 2618 Pro-

2215 2651 2306 2705 clo
2339 2650 2602 2721 quidem,
2637 2651 2901 2706 inferior.
2926 2652 3084 2706 Licet
3112 2669 3246 2706 vero
3277 2650 3342 2704 τὰ
3376 2651 3470 2724 μὲν
3505 2652 3629 2727 περί
3660 2651 3861 2725 λόγους

2214 2735 2568 2810 ἐνδεέστερος,
2601 2735 2638 2803 ἤ
2693 2737 2828 2793 κατὰ
2881 2739 2980 2807 τὴν
3043 2734 3344 2807 ἀκρίϐειαν,
3402 2742 3473 2797 ab
3507 2743 3860 2797 eruditionis

2215 2834 2272 2883 et
2303 2828 2659 2899 eloquentia:
2681 2829 3042 2900 perfectione
3074 2830 3327 2898 abesset,
3356 2831 3632 2886 virtutem
3667 2837 3860 2886 tamen

2214 2918 2295 2973 ita
2317 2918 2674 2984 sectabatur,
2693 2925 2758 2974 ut
2787 2937 2860 2975 ne
2892 2923 3116 2975 Momus
3139 2921 3381 2991 quidem
3402 2923 3861 2993 reprehendere,

2212 3022 2324 3060 nec
2356 3007 2576 3062 invidia
2599 3009 2873 3079 ipsaodio
2889 3025 3025 3063 eum
3053 3011 3330 3080 prosequi
3361 3016 3580 3080 posset.
3613 3012 3861 3065 Tantum

2209 3099 2335 3149 erat
2364 3095 2426 3148 in
2453 3095 2555 3149 illo
2589 3097 2886 3167 aequitatis
2919 3098 3206 3155 studium.
3237 3104 3324 3168 ut,
3358 3099 3407 3152 si
3440 3098 3582 3169 quid
3615 3104 3856 3163 emeret,

2210 3183 2428 3239 librum
2461 3185 2620 3239 verbi
2653 3187 2859 3258 gratia,
2886 3187 3172 3242 venditori
3206 3189 3454 3242 minoris
3483 3189 3687 3243 forsan
3721 3191 3860 3242 οπο-

2207 3275 2362 3329 renti
2417 3291 2593 3346 quam
2653 3293 2760 3346 par
2815 3281 2992 3344 esset,
3043 3278 3275 3348 justum
3336 3279 3534 3349 potius
3602 3279 3854 3349 pretium

2208 3361 2394 3417 daret.

2281 3451 2654 3523 Hermippus,
2690 3453 3092 3520 Atheniensis,
3133 3454 3396 3508 comicus
3453 3454 3719 3524 antiquas
3762 3471 3856 3509 co-

2206 3540 2462 3609 moediae,
2497 3540 2722 3611 luscus,
2763 3542 2947 3596 frater
2977 3543 3192 3614 Myrtili
3223 3542 3457 3610 cornici,
3489 3543 3722 3598 fabulas
3754 3543 3852 3598 do-

2208 3629 2330 3683 cuit
2354 3630 2464 3683 XL.
3685 3697 3690 3700 ί

2279 3719 2655 3790 Hermippus,
2693 3721 2982 3792 Berytius,
3017 3737 3087 3775 ex
3117 3721 3244 3775 vico
3275 3722 3740 3787 mediterraneo,
3766 3723 3850 3777 di-

2209 3805 2472 3876 scipulus
2502 3807 2792 3875 Philonis,
2826 3809 3037 3879 Byblii,
3063 3826 3096 3864 a
3127 3826 3243 3880 quo
3266 3811 3721 3865 commendatus
3751 3811 3855 3864 fuit

2207 3897 2506 3951 Herennio
2537 3897 2752 3952 Severo
2787 3898 2893 3952 sub
2927 3899 3222 3954 Hadriano
3255 3901 3397 3971 imp.
3436 3901 3538 3955 Hic
3587 3901 3848 3971 quamvis

2204 4001 2419 4057 genere
2452 3985 2768 4042 libertinus
2795 3993 2970 4054 esset,
3005 3994 3203 4044 tamen
3237 3990 3505 4045 eruditus
3535 3989 3848 4045 admodum

2204 4074 2316 4129 fuit
2345 4080 2403 4129 et
2433 4076 2622 4132 multa
2652 4077 2909 4148 scripsit.

2275 4163 3420 4239 Hermogenes,Tarsensis,cognomento
3433 4166 3842 4241 Ξυστήρ,ᾳιιδεί

2201 4269 2441 4308 rasorem
2465 4255 2718 4308 dixeris:
2741 4256 3024 4326 sophista,
3058 4273 3234 4326 quem
3258 4257 3560 4312 Musonius
3591 4259 3841 4329 philoso-

2202 4343 2381 4414 phus,
2408 4348 2466 4396 et
2483 4345 2708 4398 Marcus
2731 4344 3125 4415 impaudivit,
3157 4346 3245 4400 vix
3279 4352 3485 4401 natum
3518 4364 3708 4402 annos
3734 4347 3838 4408 XV.

446 4414 776 4508 σοφιστείας,
841 4421 911 4472 De
988 4427 1108 4476 arte
1158 4421 1459 4491 saphistica
1518 4424 1798 4480 adversus
1869 4428 2091 4484 Acade-
2125 4429 2170 4494 D
2202 4431 2427 4501 ingenii
2455 4431 2740 4488 felicitate
2791 4414 2848 4487 et
2895 4433 3166 4489 doctrina
3196 4441 3432 4506 captum
3485 4437 3615 4508 ejus
3661 4435 3838 4491 artatis

446 4520 652 4561 1111008.

472 4595 906 4666 ‘Hermagoras
957 4613 1028 4651 ex
1085 4599 1326 4665 Temno,
1384 4600 1585 4655 IEoliaa
1658 4601 1825 4668 urbe,
1881 4621 2094 4676 cogno-

447 4689 649 4737 mento
681 4685 914 4749 Carion,
975 4686 1196 4754 rhetor,
1248 4687 1486 4759 scripsit
1532 4697 1707 4744 artem
1762 4692 2096 4748 rhetoricam

444 4770 614 4826 libris
659 4775 745 4840 VI,
804 4774 934 4846 Περὶ
991 4771 1323 4850 ἐξεργασίας,
1377 4779 1453 4833 De
1504 4779 1901 4836 elaboratione.
1960 4781 2091 4856 Περὶ

441 4860 770 4931 πρέποντος,
805 4867 881 4919 De
910 4867 1125 4922 decoro.
1158 4865 1286 4940 Περῖ
1344 4868 1613 4941 φράσεως,
1667 4873 1736 4925 De
1766 4873 2088 4930 elocutione.

439 4950 568 5024 Περῖ
601 4951 922 5023 σχημάτων,
980 4958 1056 5011 De
1109 4959 1320 5028 ﬁguris.
1383 4958 1486 5012 Hic
1519 4976 1639 5014 una
1691 4979 1826 5016 cum
1854 4964 2087 5018 Caecilio

437 5041 635 5094 Roma:
667 5041 867 5098 docuit
888 5045 1134 5100 Caesaris
1164 5048 1409 5118 Augusti
1440 5050 1889 5121 temporibus,et
1917 5058 2088 5108 astate

433 5135 711 5199 provecta
742 5132 908 5188 obiit.

509 5219 772 5287 Hermes,
810 5224 1045 5294 sapiens
1065 5227 1387 5298 Egyptius,
1413 5233 1549 5284 ante
1583 5231 1949 5287 Pharaonem
1979 5233 2084 5288 llo-

439 5306 561 5361 ruit
619 5314 975 5381 vocatusque
1031 5313 1143 5367 fuit
1177 5316 1574 5384 Trismegistus,
1611 5320 1766 5389 quod
1794 5321 1864 5375 de
1888 5321 2079 5376 Trini-

2207 4520 2378 4592 longe
2402 4525 2953 4592 superante.Annos
2966 4528 3142 4578 natus
3156 4525 3391 4579 circiter
3413 4525 3585 4581 XVIII
3595 4525 3841 4597 ,scripsit

2205 4617 2378 4665 artem
2409 4611 2951 4683 rhetoricam,quam
2974 4629 3182 4668 omnes
3205 4614 3264 4667 in
3297 4614 3574 4670 manibus
3596 4616 3835 4678 habent;

2204 4720 2231 4747 ‹‹
2265 4699 2344 4752 De
2381 4699 2630 4755 statibus
2663 4717 2975 4756 causarum
3007 4701 3249 4770 librum,
3284 4703 3362 4757 De
3392 4703 3600 4758 formis
3632 4704 3837 4760 oratio-

2203 4809 2231 4839 «
2263 4789 2351 4841 nis
2374 4788 2558 4844 libros
2617 4789 2798 4845 duos:
2833 4792 2912 4845 De
2961 4791 3279 4862 Caelesyria
3333 4791 3519 4846 libros
3550 4795 3614 4846 II.
3652 4813 3681 4842 »
3714 4794 3837 4848 Cum

2201 4894 2428 4932 annum
2461 4879 2651 4934 aetatis
2681 4879 2851 4933 XXIV
2908 4879 3217 4948 attigisset,
3280 4881 3516 4953 ingenio
3549 4881 3760 4937 defecit
3786 4885 3836 4934 et

2202 4967 2292 5020 sui
2325 4984 2566 5036 prorsus
2597 4968 2906 5023 dissimilis
2942 4968 3124 5024 evasit
3172 4969 3300 5024 sine
3358 4969 3482 5024 ulla
3533 4971 3834 5026 manifesta

2199 5070 2377 5108 causa
2399 5061 2500 5110 aut
2528 5057 2732 5111 morbo
2766 5057 3031 5127 corporis
3059 5074 3071 5110 :
3117 5057 3274 5112 unde
3329 5057 3552 5112 dictum
3584 5054 3830 5132 Ἑρμογέο

2198 5163 2297 5211 νης
2354 5143 2380 5196 ὁ
2435 5143 2486 5197 ἐν
2547 5145 2698 5198 παισῖ
2757 5143 2952 5218 γέρων,
3008 5144 3058 5198 ἐν
3115 5143 3173 5199 δὲ
3224 5147 3440 5219 γέρουσι
3496 5151 3645 5215 παῖς,
3694 5151 3832 5203 Inter

2190 5249 2393 5302 pueros
2423 5250 2586 5288 senem
2616 5241 2664 5288 et
2696 5233 2839 5289 inter
2866 5251 3014 5289 senes
3043 5251 3199 5304 puer.
3225 5237 3304 5289 De
3327 5236 3437 5290 hoc
3456 5236 3831 5292 Philostratus

2200 5323 2501 5392 Lemnius,
2533 5331 2643 5380 etc.
2673 5325 2966 5381 Cadavere
3019 5326 3148 5398 ejus
3206 5325 3461 5381 dissecto
3493 5343 3593 5381 cor
3631 5326 3834 5382 dicitur

511 5518 1678 5607 (75)Oportet.nomenesselcorruptum,
1729 5530 1818 5585 vel
1856 5529 2159 5601 juniorem
2227 5530 2647 5603 Hipponactem
2698 5534 2969 5607 intelligi.
3031 5536 3174 5590 Nam
3237 5533 3542 5605 Hipponax
3591 5537 3691 5592 ille
3735 5552 3828 5592 an-

444 5591 644 5661 tiquus
675 5590 774 5646 diu
805 5597 940 5648 ante
973 5593 1271 5649 Hermiam
1299 5597 1430 5652 fuit.
