4136 6316
371 369 530 428 1273

1693 370 1792 430 DE
1837 371 2127 444 QUIBUS
2172 369 2476 432 SUIDAS.

3619 369 3775 427 1274

365 499 674 554 inventum
707 499 844 570 pilis
877 500 1136 555 obsitum
1168 504 1225 554 et
1253 517 1631 556 communem
1653 502 2010 573 magnitudi-
2040 503 2092 569 Α
2200 501 2474 564 Hersilia,
2508 516 2727 554 nomen
2759 498 3081 568 proprium.
3121 499 3200 552 De
3229 515 3296 553 ea
3331 498 3568 568 Dionys.
3605 499 3765 552 Hali-

359 604 503 642 nem
536 587 710 658 longe
743 605 1076 659 superasse.

435 677 812 743 Hermolaus,
869 678 1292 749 grammaticus
1347 678 1712 749 Cpolitanus,
1777 679 2017 750 scripsit

362 767 677 837 Epitomen
709 763 932 828 ἐθνικῶν
985 767 1265 838 Stephani
1316 769 1708 840 grammatici,
1762 785 2012 840 eamque

363 855 699 911 Iustiniano
735 856 879 927 imp.
914 855 1225 911 dedicavit.

441 945 701 1000 Herodes
730 944 940 1012 Julius,
971 945 1130 1000 filius
1154 945 1350 1014 Attici,
1376 946 1675 1001 Plutarchi
1698 964 2012 1020 nepos,ge-

366 1052 510 1091 nere
535 1034 820 1100 .Eacides,
881 1035 1282 1105 Atheniensis,
1333 1051 1403 1090 ex
1450 1037 1774 1108 municipio
1825 1039 2010 1093 Mara-

363 1126 594 1191 thonio,
629 1126 912 1197 sophista,
950 1125 1023 1178 ob
1071 1126 1418 1182 thesaurum
1465 1127 1812 1199 (repertum)
1843 1128 2008 1182 valde

362 1215 548 1282 dives,
581 1213 727 1270 adeo
757 1219 821 1268 ut
852 1218 909 1268 et
939 1215 1194 1269 stadium
1226 1221 1284 1270 et
1314 1216 1609 1270 theatrum
1635 1221 1785 1270 tecto
1810 1218 2006 1270 muni-

365 1309 492 1358 tum
525 1303 989 1358 Atheniensibus
1022 1304 1378 1359 condiderit.
1425 1305 1614 1376 Ipsius
1646 1311 1814 1377 pater
1854 1306 2005 1360 Asia:

361 1394 602 1466 praefuit
631 1397 687 1447 et
716 1393 807 1448 bis
856 1393 1234 1448 consulatum
1292 1394 1492 1465 gessit.
1544 1394 1705 1448 Vixit
1744 1395 2004 1466 Trajani,

360 1482 640 1538 Hadriani
677 1487 734 1537 et
763 1483 937 1536 Marci
971 1483 1277 1550 Antonini,
1312 1483 1494 1554 impp.
1548 1483 1916 1556 temporibus
1948 1489 2006 1539 et

358 1572 710 1626 Favorinum
771 1571 1271 1643 Polemonemque
1327 1577 1721 1643 praeceptores
1775 1573 1999 1628 habuit.

353 1660 600 1731 Scripsit
627 1654 1018 1734 Ἔφημερίδας,
1065 1676 1232 1730 opus,
1284 1661 1442 1716 varia
1491 1661 1825 1716 eruditione
1875 1663 2002 1734 ple-

348 1765 532 1803 num:
582 1749 723 1802 item
778 1748 1052 1817 Epistolas
1109 1753 1167 1803 et
1217 1749 1490 1804 orationes
1546 1752 1998 1822 extemporales,

2125 608 2289 646 carn.
2324 591 2565 661 Antiqq.
2596 592 2759 644 Rom.
2792 587 2892 642 lib.
2931 605 2982 642 ιι,

2195 681 2504 747 Hesiodus,
2539 679 2860 744 Cumanus,
2896 695 2928 732 a
2958 683 3124 748 patre
3157 678 3283 742 Dio,
3319 681 3377 731 et
3422 680 3611 731 matre
3661 679 3771 749 Py-

2120 770 2370 840 cimede,
2403 769 2749 824 adolescens
2783 767 3105 822 translatus
3127 771 3217 822 est
3247 769 3510 832 Ascrani,
3531 767 3768 820 Boeotia:

2119 860 2437 915 civitatem.
2474 859 2614 913 Dius
2649 858 2806 912 filius
2840 857 3186 928 Ampeliday,
3221 874 3406 926 nepos
3449 856 3764 927 Melanopi,

2119 966 2296 1020 quem
2329 949 2497 1003 aiunt
2525 948 2706 1002 fuisse
2738 963 2909 1002 avum
2943 946 3180 1000 Homeri
3208 946 3318 1012 avi,
3353 946 3433 999 ita
3463 950 3526 999 ut
3556 946 3767 998 Home-

2115 1055 2217 1092 rus
2248 1043 2424 1092 natus
2456 1037 2532 1091 sit
2563 1053 2632 1090 ex
2662 1035 2930 1108 patruele
2954 1035 3213 1090 Hesiodi.
3242 1035 3556 1104 Utriusque
3576 1051 3762 1105 genus

2115 1128 2187 1183 ab
2219 1128 2454 1182 Atlante
2474 1126 2684 1181 deduci
2708 1126 2926 1180 ferunt.
2950 1128 3231 1181 Poemata
3253 1125 3509 1193 Hesiodi,
3536 1147 3563 1175 ‹‹
3583 1126 3763 1180 Theo-

2113 1239 2142 1267 «
2175 1219 2369 1291 gonia.
2392 1218 2582 1287 Opera
2599 1222 2656 1270 et
2681 1217 2829 1282 dies,
2857 1216 3531 1287 Clypeus,Heroinarum
3552 1215 3763 1270 mulie-

2112 1330 2139 1358 ‹‹
2166 1325 2298 1362 rum
2316 1307 2624 1379 Catalogus
2648 1307 2816 1360 libris
2843 1308 2902 1376 V,
2929 1305 3272 1376 Epicedium
3299 1307 3358 1360 in
3382 1306 3754 1373 Batrachum,

2109 1415 2268 1468 quem
2303 1404 2604 1464 amaverat,
2641 1399 2720 1451 De
2742 1395 2913 1450 Idzeis
2942 1396 3198 1466 Dactylis
3229 1418 3280 1466 ››,
3315 1401 3374 1449 et
3403 1397 3522 1451 alia
3548 1397 3757 1451 multa.

2111 1489 2268 1544 Obiit
2297 1488 2552 1560 hospitio
2585 1492 2865 1558 exceptus
2897 1485 2968 1539 ab
2993 1487 3249 1557 Antipho
3279 1491 3337 1540 et
3357 1486 3754 1557 Ctimeno,qui

2109 1584 2286 1635 noctu
2318 1583 2598 1651 putantes
2621 1594 2682 1632 se
2708 1576 2925 1632 sororis
2951 1592 3069 1630 suae
3103 1581 3499 1647 stupratorem
3531 1576 3755 1630 interfi-

2107 1687 2260 1738 cere,
2297 1667 2615 1724 Hesiodum
2649 1668 3080 1721 obtruncarunt
3114 1665 3301 1719 inviti.
3349 1667 3600 1719 Homero
3652 1665 3751 1719 alii

2107 1759 2504 1831 antiquiorem
2525 1757 2769 1824 faciunt,
2805 1756 3093 1826 mqualem
3113 1755 3599 1825 alii.Porphyrios
3618 1754 3753 1808 alii-

348 1855 599 1910 quarum
635 1837 909 1892 meminit
959 1837 1350 1893 Philostratus
1400 1838 1459 1892 in
1511 1840 1656 1894 Vitis
1706 1841 2077 1912 sophista-3
2108 1867 2222 1920 que
2255 1849 2497 1920 plurimi
2530 1847 2704 1902 annis
2733 1851 2973 1900 centum
3024 1845 3354 1916 juniorem,
3410 1849 3475 1897 ut
3522 1847 3752 1897 tantum

348 1944 504 1982 rum.
534 1927 597 1981 Ei
625 1927 686 1981 in
745 1926 947 1981 schola
1003 1927 1292 1981 successit
1340 1927 1654 1994 Adrianus,
1707 1930 1990 2001 sophista.

350 2016 864 2071 Circumferuntur
895 2021 952 2069 et
1007 2015 1197 2070 multa
1246 2015 1362 2071 alia
1412 2016 1575 2071 illius
1633 2018 1871 2090 scripta,
1923 2037 1993 2074 ex

341 2106 560 2177 quibus
593 2109 650 2158 et
685 2105 907 2176 ingenii
942 2104 1068 2174 ejus
1102 2105 1468 2172 magnitudo,
1493 2107 1783 2161 etmentis
1806 2107 1990 2162 subli-

338 2193 517 2249 mitas
549 2193 808 2264 perspici
858 2197 1070 2263 potest.
1120 2191 1275 2246 Obiit
1322 2193 1478 2246 circa
1527 2191 1739 2247 LXXVI
1797 2196 1988 2250 rotatis

343 2299 590 2349 annum,
625 2282 757 2337 tabe
790 2282 1114 2337 confectus.

408 2371 796 2439 Herodianus,
819 2370 1724 2443 A1exandrinus,grammaticus,
1748 2373 1983 2444 Apollo-

337 2461 445 2526 nii,
478 2460 872 2532 grammatici,
904 2459 1254 2531 cognomine
1288 2459 1543 2531 Dyscoli,
1575 2461 1634 2514 F.
1665 2461 1983 2516 Vixittem-

331 2567 477 2622 pore
509 2550 683 2604 Marci
717 2549 995 2603 Antonini
1022 2549 1193 2620 imp.,
1217 2548 1622 2620 quarejunior
1651 2556 1740 2604 est
1760 2551 1981 2623 Dionyo

331 2639 442 2704 sio,
477 2638 577 2709 qui
610 2637 896 2692 musicam
924 2637 1234 2692 historiam
1262 2637 1712 2708 conscripsit,et
1732 2639 1980 2696 Philone

337 2727 563 2799 Byblio.
600 2726 701 2797 [De
734 2725 860 2798 ejus
891 2726 1170 2798 operibus
1201 2726 1424 2782 multus
1451 2731 1540 2781 est
1561 2728 1790 2782 Kuster.
1817 2728 1890 2783 ad
1917 2729 1976 2784 h.

341 2819 386 2874 Ι.
421 2822 565 2872 tom.
594 2818 664 2884 II,
699 2834 827 2889 pag.
860 2818 947 2884 78,
982 2835 1046 2874 n.
1080 2817 1160 2888 8.]

413 2906 763 2972 Herodotus,
796 2906 932 2978 Lyxi
965 2911 1022 2961 et
1051 2906 1300 2978 Dryonis
1332 2907 1418 2975 F.,
1469 2906 1975 2980 Halicarnasseus,

336 2996 557 3051 illustri
587 3013 801 3069 genere
834 3001 1029 3064 natus,
1062 2995 1303 3051 fratrem
1335 2996 1544 3052 habuit
1580 2997 1973 3056 Theodorum.

336 3086 577 3141 Samum
609 3087 879 3159 migravit
908 3091 1150 3158 propter
1210 3087 1647 3159 Lygdamidem,
1695 3089 1792 3160 qui
1843 3093 1978 3161 post

2107 1939 2314 1994 XXXII
2346 1938 2521 1992 annis
2578 1935 2833 2008 primam
2886 1933 3296 2006 Olympiadem
3343 1933 3751 1987 antecesserit.

2107 2028 2263 2084 Adde
2295 2028 2527 2081 Kusteri
2559 2031 2682 2081 not.
2717 2028 2748 2078 6
2782 2030 2839 2079 et
2867 2027 2919 2090 6,
2953 2030 3089 2078 tom.
3127 2026 3197 2089 II,
3231 2040 3360 2094 pag.
3395 2025 3483 2077 80.

2174 2118 2461 2189 Ἕσπερος.
2496 2115 2879 2170 Parmenides
2912 2113 3032 2183 (alii
3087 2113 3254 2167 aiunt
3301 2111 3748 2184 Phythagoras),

2102 2208 2332 2280 primus
2372 2205 2783 2276 deprehendit,
2820 2203 3095 2258 eumdem
3129 2219 3257 2256 esse
3312 2203 3634 2272 Vesperum
3691 2203 3749 2254 et

2100 2294 2458 2351 Luciferum.

2171 2385 2496 2456 Hesychius
2511 2381 3412 2452 Milesius,Hesychii,causidici,
3439 2387 3496 2435 et
3513 2381 3745 2451 Sophim

2097 2479 2182 2544 F.,
2207 2475 2574 2548 temporibus
2590 2472 2882 2529 Anastasii
2908 2472 3346 2544 (etJustiniani)
3364 2472 3740 2542 impp.,vixit.

2098 2567 2342 2636 Scripsit
2371 2560 2825 2638 Ὀνοματολόγω,
2857 2559 2892 2629 ἤ
2925 2559 3120 2614 πίνακα
3148 2560 3254 2613 τῶν
3291 2559 3342 2614 ἐν
3375 2557 3590 2630 παιδείᾳ
3620 2559 3744 2612 ἀνο-

2097 2655 2332 2724 μαστῶν,
2368 2647 2430 2703 οὗ
2461 2647 2696 2720 ἐπιτομῇ
2734 2647 2843 2702 ἐστι
2874 2645 3033 2700 τοῦτο
3063 2647 3124 2700 τὸ
3155 2641 3396 2721 βιϐλίον,
3420 2649 3741 2704 Nomencla-

2094 2749 2286 2807 torem,
2321 2740 2438 2795 sive
2466 2740 2566 2811 qui
2599 2739 2750 2794 liber
2778 2738 2942 2792 illius
2975 2742 3064 2792 est
3093 2738 3381 2808 Epitome,
3416 2760 3444 2786 ‹‹
3477 2737 3738 2791 Iudicem

2093 2851 2120 2880 «
2145 2829 2406 2883 virorum
2425 2827 2526 2898 qui
2551 2825 2820 2882 doctrina
2839 2825 2981 2880 clari
3005 2823 3405 2878 fueruntJtem
3421 2823 3736 2877 Historiam

2093 2937 2121 2968 »
2143 2917 2507 2985 chronicam,
2529 2933 2694 2986 quam
2725 2917 2783 2968 in
2803 2931 2902 2969 sex
2927 2913 3277 2967 diastemata
3300 2911 3406 2982 (sic
3430 2911 3588 2966 enim
3615 2912 3735 2965 sin-

2090 3007 2258 3079 gulos
2289 3006 2473 3061 libros
2505 3005 2807 3077 appellat),
2841 3003 3132 3057 distinxit.
3159 3006 3220 3057 In
3245 3002 3338 3056 his
3357 3001 3524 3055 libris
3548 3001 3738 3054 conti-

2090 3102 2310 3153 nentur
2340 3097 2523 3168 impp.
2564 3097 2963 3151 Romanorum
2997 3111 3114 3160 res,
3145 3093 3321 3147 variis
3370 3091 3737 3163 temporibus

330 3174 942 3247 Pisindelim,patrem
967 3177 1274 3247 aviamque
1291 3177 1667 3232 Artemisiam
1687 3182 1975 3249 tyrannus
2015 3189 2058 3256 C
2087 3192 2265 3260 gesta;
2298 3191 2355 3240 et
2383 3185 2633 3240 historia
2665 3201 2871 3256 regum
2904 3200 2970 3238 ac
3002 3182 3338 3254 principum
3363 3182 3461 3252 qui
3489 3180 3738 3252 singulis

329 3264 727 3320 Halicarnassi
761 3270 906 3320 erat.
939 3264 1094 3319 Sami
1127 3265 1386 3320 lonicam
1431 3265 1747 3321 dialectum
1807 3285 1976 3322 exco-

321 3352 452 3420 luit,
485 3357 544 3407 et
571 3355 875 3408 Historiam
925 3353 1084 3408 libris
1141 3355 1217 3408 IX
1271 3355 1528 3427 scripsit,
1575 3357 1913 3428 auspicatus
1945 3374 1978 3412 θ.

328 3439 501 3510 Cyro,
526 3441 724 3504 Persa,
751 3445 810 3493 et
828 3439 1148 3508 Candaule,
1173 3440 1464 3513 Lydorum
1499 3459 1655 3515 rege.
1689 3446 1977 3500 Reversus

329 3526 546 3582 deinde
579 3526 1083 3596 Halicarnassum,
1115 3534 1434 3601 tyrannum
1459 3531 1976 3604 expulit,invidia-

333 3634 450 3687 que
482 3617 694 3672 civium
728 3618 887 3690 tangi
931 3635 992 3672 se
1021 3635 1150 3672 cum
1181 3619 1488 3686 sensisset,
1522 3621 1824 3691 Thurium,
1859 3641 1976 3693 quo

322 3710 465 3760 tunc
490 3706 882 3761 Athenienses
901 3707 1198 3762 coloniam
1227 3707 1620 3776 deducebant,
1646 3710 1800 3764 ultro
1829 3728 1973 3766 con-

322 3797 522 3865 cessit,
554 3796 654 3851 ubi
689 3796 1002 3852 defunctus
1034 3802 1092 3852 et
1131 3798 1192 3852 in
1223 3797 1351 3853 foro
1385 3799 1654 3870 sepultus
1687 3805 1794 3856 est.
1829 3802 1978 3856 Sunt

328 3890 553 3956 tamen,
587 3888 686 3957 qui
718 3887 907 3954 aiunt,
940 3887 1116 3942 Pellaa
1134 3887 1371 3943 obiisse.
1404 3890 1481 3944 De
1508 3890 1800 3945 Herodoto
1822 3889 1850 3943 ὁ
1872 3911 1977 3944 πα-

333 3971 574 4050 ραϐάτης
633 3977 944 4048 (Julianus)
1003 3976 1061 4031 in
1121 3977 1414 4049 epistola:
1475 3976 1546 4033 Ei’
1593 3999 1672 4050 τῳ
1726 3979 1974 4042 πιστὸςὸ

325 4063 560 4138 Θούριος
592 4064 727 4118 εἶναι
758 4063 1054 4138 λογοποιὸς
1089 4063 1258 4134 δοκεῖ,
1291 4089 1319 4118 ‹‹
1354 4069 1409 4121 Si
1443 4069 1533 4123 cui
1566 4069 1819 4126 Thurius
1852 4071 1972 4140 ille,

323 4177 352 4207 α
385 4155 652 4210 historia)
684 4157 958 4227 scriptor,
995 4157 1109 4212 fide
1143 4157 1359 4229 dignus
1395 4175 1523 4214 esse
1555 4159 1804 4215 videtur.

398 4248 614 4317 Heron,
673 4249 886 4318 Cotyos
945 4249 1030 4314 F.,
1117 4249 1518 4318 Atheniensis,
1578 4251 1803 4323 rhetor,
1873 4253 1974 4324 qui

327 4356 348 4384 α
386 4336 623 4402 Causas,
658 4337 906 4393 Athenis
937 4342 1118 4407 actas,
1165 4339 1407 4409 scripsit.
1463 4341 1594 4395 Item
1641 4342 1972 4414 Expositio-

325 4447 353 4474 «
388 4441 526 4479 nem
585 4424 946 4496 (orationum)
1000 4427 1316 4482 Dinarchi:
1371 4431 1833 4486 commentarios
1912 4431 1972 4487 in

323 4536 350 4562 «
380 4513 768 4607 Herodotum,
794 4515 1272 4607 Xenophontem,
1305 4517 1731 4591 Thucydidem,
1771 4523 1969 4594 Κεκρι-
2002 4542 2049 4607 D

319 4624 347 4652 ‹‹
384 4599 558 4670 μένων
596 4597 879 4672 ὀνομάτων
910 4604 1266 4661 selectorum
1306 4607 1732 4664 vocabulorum
1786 4609 1970 4666 libros

329 4711 350 4738 α
386 4690 482 4745 III.
516 4691 828 4761 Epitomen
860 4693 1190 4748 Heraclidis
1216 4694 1640 4764 historiarum;
1674 4698 1753 4752 De
1811 4698 1967 4753 anti-

321 4803 348 4829 ‹‹
386 4779 520 4850 quis
551 4779 884 4834 oratoribus
912 4785 970 4834 et
997 4781 1388 4851 orationibus,
1428 4784 1643 4855 quibus
1691 4786 1752 4840 in
1797 4803 1966 4842 com-

321 4892 348 4918 ‹‹
385 4867 771 4923 missionibus
800 4869 1070 4925 vicerunt
1100 4895 1150 4925 ι.
1185 4871 1401 4928 Heroni
1436 4875 1677 4929 Proclus
1711 4892 1771 4930 se
1803 4893 1967 4931 com—

318 4958 503 5025 misit,
539 4957 659 5012 viro
692 4958 789 5029 pio
823 4962 880 5012 et
911 4959 1008 5030 qui
1042 4959 1300 5031 perfecte
1333 4979 1396 5018 se
1426 4971 1870 5035 comparaverat
1890 4966 1961 5022 ad

314 5044 711 5099 institutionis
734 5045 1028 5099 rationem
1060 5047 1433 5103 Alexandria:
1466 5051 1768 5107 usitatam.

386 5131 882 5203 Herophila,quze
915 5138 974 5188 et
1026 5134 1249 5206 Sibylla
1297 5139 1618 5209 Erythraea,
1669 5140 1959 5196 Theodori

311 5221 455 5276 tilia.
491 5221 740 5293 Scripsit
768 5239 939 5277 versu
974 5224 1210 5279 heroico
1247 5219 1442 5299 βιϐλία
1471 5227 1517 5301 γ’
1570 5230 1820 5299 μαντικὰ,
1855 5238 1960 5288 tres

307 5311 721 5365 divinationum
749 5311 935 5381 libros,
971 5318 1030 5368 et
1061 5314 1397 5383 consulum,
1431 5316 1521 5370 vel
1552 5317 1638 5386 (ut
1689 5319 1789 5374 alii
1839 5326 1954 5377 tra-

304 5398 497 5468 dunt),
520 5401 824 5472 Tarquinii
841 5403 1208 5474 temporibus
1233 5407 1477 5460 Romam
1501 5407 1680 5476 venit,
1710 5425 1960 5480 sperans

303 5505 404 5544 eos
436 5505 648 5562 magno
683 5490 793 5545 sibi
816 5493 1068 5562 qumstui
1092 5493 1235 5548 fore.
1267 5495 1376 5550 Sed
1403 5512 1537 5550 cum
1560 5499 1865 5553 contemni
1895 5517 1955 5554 se

300 5578 546 5646 videret,
583 5580 729 5635 duos
759 5580 944 5637 libros
977 5584 1296 5639 cremavit:
1341 5601 1498 5640 unus
1526 5602 1658 5642 vero
1692 5593 1956 5644 servatus

305 5669 416 5738 est,
451 5683 628 5739 quem
659 5671 908 5727 Romani
938 5689 1154 5746 magno
1184 5675 1376 5746 pretio
1409 5674 1816 5735 redemerunt.

2086 3275 2365 3348 gentibus
2393 3273 2844 3344 imperitarunt;
2879 3273 3020 3327 item
3043 3287 3110 3326 ea
3142 3288 3272 3341 qua;
3295 3270 3551 3342 Byzantii
3576 3273 3739 3340 gesta

2088 3367 2228 3419 sunt
2255 3377 2446 3431 usque
2479 3361 2552 3416 ad
2610 3361 2927 3432 imperium
2979 3359 3296 3426 Anastasii,
3347 3359 3735 3430 cognomento

2085 3451 2370 3518 Bicori,In
2395 3449 2591 3505 Indice
2621 3448 2966 3504 suanullam
2981 3448 3121 3503 facit
3152 3447 3515 3502 mentionem
3541 3444 3732 3499 eccle-

2089 3540 2458 3596 siasticorum
2497 3539 2818 3603 doctorum,
2857 3537 2953 3608 qui
2971 3537 3303 3591 eruditione
3317 3535 3459 3590 clari
3475 3535 3736 3599 fuerunt,

2087 3625 2304 3680 uthinc
2322 3623 2609 3696 suspicari
2626 3623 2965 3690 liceat,eum
2981 3639 3099 3676 non
3114 3622 3296 3676 fuisse
3309 3621 3704 3676 Christianum
3719 3661 3732 3686 ,

2088 3713 2190 3768 sed
2223 3713 2596 3767 ethnicorum
2630 3711 2803 3781 nugis
2837 3716 2893 3766 et
2923 3711 3084 3765 vanis
3117 3710 3328 3765 studiis
3359 3708 3684 3763 addictum.

2159 3803 2480 3868 Hierocles,
2514 3801 2902 3873 philosophus
2933 3799 3390 3866 Alexandrinus,
3413 3797 3651 3870 ingenio
3680 3801 3737 3850 et

2086 3891 2323 3947 dicendi
2358 3889 2636 3945 facultate
2669 3889 2985 3952 excellens,
3007 3889 3177 3960 cujus
3195 3886 3737 3958 discipulus,Theo-

2087 3977 2851 4048 sebius,aiebatHieroclem
2869 3976 3190 4048 aliquando
3215 3977 3372 4031 inter
3391 3973 3731 4030 docendum

2087 4069 2327 4134 dixisse,
2363 4069 2621 4123 Socratis
2655 4085 2962 4123 sermones
3023 4067 3261 4121 tesseris
3302 4081 3430 4121 esse
3481 4063 3730 4128 similes,

2084 4162 2150 4212 ut
2180 4159 2280 4228 qui
2305 4175 2541 4229 semper
2567 4159 2744 4213 erecti
2770 4164 2948 4226 stent,
2974 4173 3328 4228 quocunque
3352 4155 3730 4220 cecidissent,

2085 4245 2372 4300 Hieroclis
2395 4245 2661 4300 animum
2688 4246 2914 4301 virilem
2941 4262 3338 4318 magnumque
3356 4242 3729 4300 adversafor-

2084 4337 2229 4388 tuna
2249 4333 2693 4389 demonstravit.
2719 4336 2860 4390 Cum
2877 4335 3035 4389 enim
3053 4334 3391 4404 Byzantium
3407 4331 3725 4403 profectus,

2083 4422 2732 4494 Christianos,quorum
2748 4428 3252 4494 summapotestas
3267 4427 3411 4484 erat,
3437 4419 3722 4475 offendis-

2084 4511 2561 4584 set,injudicium
2586 4513 2796 4568 ductus
2825 4519 2881 4568 et
2897 4513 3240 4568 verberibus
3264 4528 3451 4568 caesus
3487 4511 3728 4582 sangui-

2079 4617 2237 4668 nem,
2275 4618 2390 4673 quo
2423 4602 2724 4670 manabat,
2757 4617 2896 4656 cava
2925 4618 3107 4657 manu
3139 4603 3390 4672 excepit,
3418 4601 3726 4672 eoqueju-

2079 4689 2271 4746 dicem
2303 4691 2558 4763 aspersit
2586 4691 2850 4760 dixitque
2878 4708 2889 4745 :
2925 4689 3168 4762 Κύκλωψ
3197 4696 3290 4759 τῆ,
3323 4690 3404 4742 πῖ’
3434 4690 3572 4756 ἷνον,
3605 4688 3720 4742 Emi

2077 4779 2238 4855 φάγες
2270 4775 2547 4854 ἀνδρόμεοι
2575 4777 2704 4853 κρέα
2736 4779 2965 4852 (Odyss.
3002 4781 3046 4848 Ι,
3081 4782 3224 4851 347).
3258 4802 3286 4830 ‹‹
3315 4781 3421 4845 En,
3455 4777 3721 4850 Cyclops,

2076 4890 2104 4918 «
2129 4869 2265 4924 bibe
2286 4871 2487 4926 vinum
2510 4875 2824 4942 postquam
2840 4871 3158 4926 humanam
3179 4885 3420 4924 carnem
3448 4869 3725 4924 devoras-

2073 4981 2102 5007 ‹‹
2136 4959 2177 5012 ti
2212 4981 2262 5014 ».
2297 4961 2436 5014 Post
2465 4959 2739 5015 exsilium
2774 4959 2912 5014 inde
2961 4975 3228 5014 reversus
3280 4958 3720 5026 Alexandriam,

2071 5063 2237 5102 more
2263 5047 2438 5103 solito
2469 5049 2909 5120 phiIOSOphiam
2933 5049 3242 5120 discipulis
3263 5049 3722 5119 exposuit.Men-

2069 5137 2146 5192 tis
2177 5138 2306 5210 ejus
2338 5139 2672 5194 sublimitas
2699 5139 2953 5210 perspici
2987 5145 3180 5210 potest
3210 5157 3278 5194 ex
3309 5140 3722 5195 commentariis

2071 5243 2220 5299 quos
2253 5229 2490 5300 scripsit
2524 5251 2548 5281 α
2583 5229 2642 5283 in
2662 5244 2842 5284 aurea
2859 5229 3125 5284 carmina
3143 5231 3644 5302 Pythagoreorum
3664 5253 3716 5296 ››,

2069 5323 2128 5372 et
2159 5318 2430 5390 pluribus
2463 5319 2597 5374 aliis
2633 5319 2801 5374 libris
2835 5322 2910 5374 De
2957 5319 3338 5386 Providentia,
3395 5339 3464 5375 ex
3505 5321 3720 5392 quibus

2067 5414 2315 5480 apparet
2345 5410 2538 5464 virum
2573 5409 2744 5464 illum
2779 5411 2978 5464 animo
3011 5411 3251 5481 quidem
3306 5412 3562 5478 excelso,
3616 5410 3719 5465 sed

2067 5497 2320 5554 scientia
2352 5499 2548 5554 minus
2580 5504 2857 5554 accurata
2887 5499 3202 5570 praeditum
3235 5501 3438 5557 fuisse.

2139 5587 2554 5660 Hieronymus,
2591 5591 2904 5658 tyrannus,
2946 5589 3016 5642 de
3067 5590 3237 5660 cujus
3289 5596 3476 5644 morte
3527 5591 3714 5658 (mra-

2066 5679 2298 5753 στροφῇ)
2323 5679 2424 5750 qui
2450 5679 2842 5749 scripserunt,
2868 5679 3336 5736 historicimulta
3349 5679 3526 5737 verba
3550 5680 3712 5735 fece-
