4136 6316
460 414 615 506 1275

1754 440 1997 502 INDEX
2041 436 2538 502 SCRIPTOHUM

3703 436 3866 501 i276

458 585 600 637 runt
629 578 701 634 de
727 578 906 634 rebus
937 578 1255 642 atrocibus,
1288 593 1419 649 qua
1451 576 1512 631 in
1544 576 1731 648 ipsius
1755 575 1917 632 obitu
1943 575 2093 631 acci-
2127 574 2189 643 ,κ
2213 575 2275 631 in
2308 575 2669 645 Macedonia,
2700 576 2801 631 ubi
2832 575 2954 650 regi
2978 575 3275 632 Perdicca
3306 575 3630 632 admodum
3649 575 3869 632 charus

458 668 674 725 derunt
697 666 764 722 ut
793 683 903 722 nec
932 659 1223 731 Phalaris,
1246 682 1355 721 nec
1372 664 1789 737 Apollodorus,
1815 681 1925 720 nec
1947 679 2101 720 unus

461 753 614 811 alius
642 758 927 826 tyrannus
958 752 1137 808 fuerit
1166 751 1269 807 illo
1300 752 1589 821 acerbior,
1622 758 1733 808 etc.

532 845 941 915 Hieronymus,
977 842 1321 907 Cardianus,
1356 842 1456 914 qui
1486 860 1571 897 res
1597 842 1671 897 ad
1700 841 2105 898 Alexandriam

459 942 656 1006 gestas,
678 932 744 987 τὰ
774 930 856 986 ἐπ’
886 927 1269 1005 ¹Δ).εξάνδρου,
1303 930 1616 1007 πραχθέντα
1637 934 1940 1003 (Kusterus
1962 932 2105 1006 legit

455 1020 523 1077 τὰ
553 1021 641 1075 ὑπ’
672 1017 1041 1094 Ἀλεξάνδρον,
1073 1039 1158 1078 res
1198 1022 1514 1077 Alexandri
1557 1025 1789 1093 Magna),
1842 1022 2101 1077 conscri-

457 1112 594 1183 psit.
618 1110 829 1166 Cardia
848 1125 1068 1166 nomen
1091 1110 1256 1165 urbis
1277 1110 1364 1182 (in
1384 1111 1667 1166 Thracica
1689 1110 2101 1183 Chersoneso).

529 1200 811 1267 Hilarius,
842 1200 1057 1271 Phryx,
1091 1195 1198 1254 sub
1231 1198 1469 1256 Joviano
1500 1200 1642 1271 imp.
1677 1199 1839 1269 vixit,
1874 1200 1961 1254 vir
1982 1216 2104 1254 non

458 1282 699 1361 quidem
728 1289 1062 1345 eruditione
1090 1287 1364 1354 celebris,
1397 1289 1501 1344 sed
1546 1290 1661 1344 Deo
1713 1290 1901 1345 visum
1955 1293 2101 1353 erat,

461 1378 799 1436 futurorum
856 1377 1293 1451 prascientiam
1353 1378 1440 1433 illi
1515 1378 1826 1451 impertiri.
1899 1381 2102 1451 Itaque

462 1468 991 1542 praestantissimus
1021 1473 1180 1523 vates
1220 1466 1349 1521 fuit.

533 1557 849 1625 Himerius,
882 1558 1132 1613 Aminia
1162 1555 1417 1612 rhetoris
1446 1558 1529 1625 F.,
1562 1573 1633 1612 ex
1664 1556 1966 1626 Prusiade,
1999 1557 2101 1612 Bi-

463 1647 679 1717 thynia
710 1647 965 1715 civitate,
1001 1646 1284 1719 sophista,
1316 1645 1534 1701 Juliaui
1564 1646 1707 1717 imp.
1734 1646 2104 1718 temporibus

456 1734 601 1792 vixit
628 1741 683 1793 et
714 1733 959 1793 Athenis
989 1733 1295 1793 Proaresii
1327 1734 1577 1791 amulus
1605 1736 1737 1801 fuit,
1781 1735 2103 1808 oculosque

458 1820 522 1881 in
562 1832 868 1882 senectute
898 1826 1114 1882 amisit.
1148 1826 1396 1898 Scripsit
1424 1825 1886 1881 Declamationcs.

2207 664 2321 721 fuit
2351 666 2694 740 relictisque
2725 667 2957 723 duobus
2988 667 3149 735 filiis,
3182 667 3462 722 Thessalo
3491 672 3551 722 et
3572 668 3865 733 Dracone,

2210 753 2359 810 obiit
2388 772 2544 811 anno
2577 756 2767 811 atatis
2793 757 2930 822 CIV,
2965 755 3235 827 sepultus
3266 756 3511 811 Larissa
3538 756 3600 810 in
3624 756 3874 811 Thessa-

2210 842 2310 899 lia.
2346 845 2412 899 In
2446 844 2781 900 simulacris
2812 851 2872 899 et
2901 845 3257 919 imaginibus
3290 850 3465 916 caput
3497 845 3628 917 ejus
3661 844 3869 899 cerni-

2210 938 2306 989 tur
2335 933 2515 1005 pallio
2546 939 2763 990 tectum
2796 951 2808 989 :
2842 934 2930 990 vel
2962 935 3120 1006 quod
3148 934 3244 989 hic
3271 940 3428 990 esset
3448 952 3575 989 mos
3594 935 3747 1006 ejus,
3772 933 3867 988 vel

2207 1028 2451 1095 propter
2479 1023 2901 1095 peregrinandi
2928 1023 3212 1089 studium,
3246 1022 3337 1078 vel
3367 1022 3525 1094 quod
3548 1039 3617 1077 eo
3651 1021 3861 1077 habitu

2210 1110 2567 1183 chirurgiam
2600 1128 2873 1168 exercere
2908 1113 3145 1167 soleret.
3182 1113 3285 1167 Hic
3317 1112 3505 1167 multa
3536 1112 3778 1183 scripsit
3805 1115 3869 1165 et

2210 1200 2367 1273 apud
2397 1218 2606 1258 omnes
2638 1203 2833 1258 clarus
2866 1203 3066 1267 evasit,
3098 1202 3245 1258 adeo
3278 1208 3345 1258 ut
3376 1219 3626 1274 magnus
3652 1203 3868 1256 Persa-

2209 1307 2344 1345 rum
2377 1308 2499 1359 rex,
2536 1294 2901 1363 Artaxerxes,
2936 1292 3170 1364 scriptis
3190 1291 3261 1347 ad
3284 1290 3859 1363 Hystanemlitteris,

2209 1379 2387 1451 hujus
2453 1379 2561 1434 viri
2619 1380 2972 1452 sapientiam
3031 1380 3363 1452 expetierit.
3419 1403 3447 1429 ‹‹
3483 1382 3603 1435 Rex
3652 1395 3863 1451 regum

2210 1489 2240 1519 «
2277 1485 2526 1543 magnus
2556 1471 2906 1526 Artaxerxes
2938 1491 2989 1537 ››,
3018 1473 3127 1524 etc.
3164 1468 3317 1524 Libri
3348 1469 3717 1541 Hippocratis
3740 1484 3865 1522 omo

2209 1557 2385 1614 nibus
2416 1558 2737 1614 medicina
2770 1559 3051 1614 studiosis
3083 1565 3224 1614 sunt
3254 1557 3579 1627 notissimi,
3625 1558 3726 1629 qui
3760 1574 3865 1612 eos

2209 1649 2275 1700 ut
2305 1647 2546 1703 oracula
2570 1647 2795 1716 divina,
2827 1646 2900 1708 ὡς
2933 1650 3067 1701 Θεοῦ
3098 1646 3282 1725 φωνὰς
3312 1645 3403 1700 καὶ
3434 1645 3535 1699 οὐκ
3571 1645 3865 1720 ἀνθρώπου

2207 1731 2581 1809 προελοοΰσας
2607 1732 2666 1788 ἐκ
2698 1735 2992 1807 στόματος,
3020 1741 3398 1793 venerantur.
3430 1736 3667 1791 Primus
3691 1757 3719 1785 «
3742 1735 3870 1789 Jus-

2180 1846 2239 1913 κι
2262 1825 2615 1898 jurandum,
2649 1828 2916 1883 secundus
2947 1826 3392 1913 Pradictiones,
3424 1827 3623 1881 tertius
3659 1825 3867 1897 Apho-

534 1915 912 1988 Hipparchia,
947 1932 1114 1971 soror
1142 1914 1460 1983 Metroclis,
1501 1913 1725 1986 Cynici,
1777 1913 2100 1985 Maronitis,

2225 1934 2242 1962 ῐ(
2276 1914 2595 1969 rismorum
2628 1913 2967 1986 ἀνθρωπίνην
3003 1908 3339 1988 ὑπερϐαίνων
3375 1911 3603 1981 σύνεσιν,
3636 1914 3735 1984 qui
3765 1929 3867 1967 su-

462 2005 822 2077 philosopha
850 2004 1090 2076 Cynica,
1122 2020 1271 2059 uxor
1299 2003 1500 2077 Cynici
1532 2002 1804 2073 Cratetis,
1852 2003 1951 2075 qui
1995 2003 2109 2059 fuit

463 2094 869 2162 Atheniensis,
902 2094 1230 2165 discipulus
1261 2091 1561 2165 Brysonis,
1608 2092 1830 2159 Achai,
1882 2092 1991 2161 vel,
2044 2095 2110 2147 ut

462 2182 561 2238 alii
598 2182 859 2249 tradunt,
896 2182 1187 2255 Diogenis.
1223 2182 1469 2254 Scripsit
1497 2181 1914 2253 philosophica
1944 2198 2105 2252 qua-

461 2271 617 2339 dam,
650 2272 792 2326 item
823 2271 1365 2345 argumentationes
1394 2270 1717 2326 nonnullas
1748 2276 1806 2325 et
1826 2270 2106 2343 quastio-

460 2378 566 2417 nes
596 2361 669 2417 ad
718 2361 1112 2428 Theodorum,
1172 2361 1434 2416 atheum.
1487 2360 1715 2415 Floruit
1760 2359 2105 2433 Olympiade

460 2450 597 2505 CXI.
631 2449 871 2520 (Confer
900 2467 1031 2521 qua
1062 2448 1273 2505 Suidas
1302 2449 1361 2504 in
1392 2448 1578 2522 Ἦρα.)

532 2537 932 2609 Hipparchion
990 2542 1210 2592 irutus.
1274 2539 1395 2594 Duo
1452 2537 1695 2593 fuerunt
1761 2536 2101 2606 Citharadi,

459 2628 862 2699 Hipparchion
898 2632 957 2681 et
986 2627 1258 2683 Ruﬁnus.
1289 2626 1435 2682 Cum
1466 2630 1665 2683 autem
1692 2627 1945 2685 instaret
1973 2645 2101 2684 cer-

459 2734 619 2787 men,
654 2716 1051 2790 Hipparchion
1084 2722 1282 2773 mutus
1315 2718 1496 2773 stetit.

529 2806 920 2881 Hipparchus,
951 2806 1214 2862 comicus
1269 2806 1531 2879 antiqua
1579 2807 1904 2864 comadia.
1957 2810 2103 2867 Dra-

450 2903 611 2953 mata
640 2898 791 2970 ejus,
825 2897 897 2952 de
926 2896 1172 2969 nuptiis.

527 2987 916 3059 Hipparchus,
965 2986 1259 3059 Stagirita,
1306 2985 1717 3058 philosophus,
1770 2986 2102 3044 Aristotelis

454 3074 788 3147 discipulus
807 3081 865 3130 et
884 3080 1188 3148 cognatus.
1222 3075 1465 3147 Scripsit
1487 3075 1559 3131 de
1580 3076 1913 3132 masculino
1935 3082 1996 3133 et
2014 3077 2102 3133 fe-

450 3164 678 3220 minino
707 3182 849 3222 sexu
880 3164 1223 3237 nuptiisque
1255 3163 1522 3233 deorum,
1566 3169 1625 3220 et
1652 3165 1772 3220 alia
1802 3166 2095 3237 quadam.

524 3254 914 3325 Hipparchus,
975 3253 1317 3319 Nicaensis,
1373 3252 1784 3325 philosophus,
1835 3255 1938 3326 qui
1989 3254 2096 3309 sub

2222 2024 2252 2053 «
2284 2008 2453 2077 perat
2504 2002 2811 2076 ingenium
2869 2004 3198 2059 humanum
3232 2024 3282 2060 ν.
3338 2004 3621 2069 Quartum
3667 2002 3868 2057 locum

2220 2095 2381 2149 tenet
2405 2091 2862 2148 celeberrimum
2895 2093 3043 2149 illud
3070 2099 3127 2148 et
3157 2092 3506 2148 admirabile
3527 2110 3675 2164 opus
3693 2108 3865 2146 sexa-

2218 2182 2381 2254 ginta
2410 2180 2698 2238 librorum
2726 2181 2844 2237 sive
2874 2182 3395 2251 Hexecontabiblus,
3430 2180 3589 2253 quod
3618 2197 3858 2235 omnem

2218 2269 2512 2325 medicam
2544 2270 2856 2327 scientiam
2889 2278 2947 2326 et
2976 2272 3331 2343 sapientiam
3362 2270 3649 2325 continet.

2292 2359 2704 2432 Hippocrates,
2736 2360 2999 2415 Thessali
3034 2362 3119 2431 F.,
3150 2361 3327 2426 Cous,
3363 2359 3652 2427 medicus,
3681 2376 3869 2430 nepos

2219 2448 2592 2521 Hippocratis
2631 2449 2900 2520 secundi,
2957 2448 3063 2506 filii
3118 2449 3463 2505 Heraclida.
3515 2448 3765 2520 Scripsit
3812 2453 3871 2505 et

2218 2537 2344 2609 ipse
2372 2537 2621 2594 medica.

2288 2627 2695 2700 Hippocrates,
2728 2628 3014 2683 Draconis
3045 2629 3129 2697 F.,
3162 2628 3336 2697 Cous,
3367 2627 3658 2696 medicus,
3703 2627 3862 2698 ejus-

2215 2715 2352 2772 dem
2385 2715 2758 2789 Hippocratis
2789 2716 3034 2771 secundi
3066 2733 3274 2788 nepos,
3300 2716 3403 2788 qui
3426 2719 3729 2772 Roxanem
3750 2734 3862 2771 cu-

2216 2805 2365 2861 ravit
2395 2809 2455 2861 et
2481 2804 2588 2860 sub
2620 2804 2971 2872 Cassandro,
3005 2805 3300 2877 Antipatri
3336 2808 3421 2876 F.,
3453 2823 3483 2861 e
3513 2806 3633 2861 vita
3662 2821 3865 2860 exces-

2216 2894 2312 2951 sit.
2345 2894 2594 2966 Scripsit
2622 2899 2682 2950 et
2709 2895 2835 2967 ipse
2865 2894 3116 2951 medica.

2288 2983 2694 3056 Hippocrates,
2727 2984 2971 3056 quintus
3012 2991 3071 3040 et
3120 2989 3345 3055 sextus,
3400 2984 3615 3039 medici
3662 2984 3865 3052 ambo,

2215 3072 2547 3144 Thymbrai
2581 3072 2712 3141 ﬁlii,
2747 3072 2846 3127 Coi
2876 3077 2934 3127 et
2980 3073 3115 3145 ipsi,
3169 3074 3558 3147 ejusdemque
3604 3074 3864 3147 generis.

2216 3162 2594 3233 Scripserunt
2622 3161 2795 3217 ambo
2823 3162 2894 3219 de
2923 3163 3129 3218 eadem
3163 3164 3430 3220 scientia.

2290 3251 2697 3323 Hippocrates,
2730 3251 3041 3323 septimus,
3071 3253 3246 3324 Cous,
3292 3259 3352 3309 et
3398 3255 3523 3327 ipse
3571 3254 3866 3323 medicus,

524 3303 914 3325 ""rr"—"—"—’
1374 3303 1784 3325 r'"'"'r""'1
1840 3303 1938 3326 1—-
1989 3303 2091 3309 ην
2291 3303 2697 3323 --τιη-πτ--ι
2731 3303 3041 3323 -τ--ψ--ι
3078 3303 3246 3324 vv".
3298 3303 3350 3309 ν-
3398 3303 3521 3327 τη
3571 3303 3865 3323 -------ι

451 3342 798 3401 consulibus
826 3342 989 3396 vixit.
1024 3340 1271 3413 Scripsit
1302 3362 1329 3391 «
1362 3342 1442 3396 De
1464 3341 1625 3396 Arati
1648 3341 2093 3413 phanomenis;
2131 3303 2176 3370 α
2213 3340 2616 3395 Praxianactis
2646 3341 2731 3407 F.,
2764 3340 3154 3414 ejusdemque
3210 3344 3466 3417 generis.
3513 3344 3759 3416 Scripsit
3804 3347 3865 3399 et

452 3453 477 3484 ι
512 3432 593 3486 De
625 3431 934 3487 stellarum
965 3430 1360 3487 inerrantium
1391 3430 1818 3488 constitutione
1873 3437 1932 3489 et
1978 3438 2095 3488 sta-

449 3543 476 3569 ‹‹
505 3520 663 3576 tione
686 3537 701 3587 ;
726 3522 806 3576 De
837 3525 1146 3576 menstruo
1173 3520 1330 3575 luna
1352 3525 1516 3575 motu
1535 3520 1864 3576 secundum
1890 3520 2063 3576 latitu
2080 3552 2095 3562 -

450 3630 479 3661 ‹‹
510 3609 734 3678 dinem,
768 3616 821 3666 et
848 3610 917 3666 In
953 3610 1298 3667 asterismos
1320 3631 1368 3664 ».
1397 3609 1615 3681 [Proba
1640 3616 1730 3666 est
1760 3610 2096 3668 emendatio

448 3701 514 3754 In
545 3700 876 3757 asterismos.
909 3700 975 3754 In
998 3698 1190 3754 Suida
1214 3703 1375 3755 textu
1414 3697 1631 3771 legitur
1665 3697 1762 3761 Εἷς
1786 3696 1912 3761 τοὺς
1941 3697 2098 3773 ἀρίσ-

450 3806 601 3855 τους,
635 3805 766 3860 qua
798 3788 974 3845 lectio
996 3790 1135 3861 jure
1166 3787 1476 3844 videbatur
1505 3788 1717 3845 vitiosa
1746 3790 2017 3859 Kustero,
2041 3794 2103 3846 at

452 3878 576 3949 qui,
606 3878 905 3951 quomodo
938 3878 1137 3934 sanari
1167 3882 1390 3950 posset,
1424 3895 1545 3933 non
1578 3878 1957 3952 reperiebat.]

516 3964 730 4036 Ἱππὰς,
760 3975 1009 4039 equester
1038 3968 1192 4024 ordo.
1227 3967 1428 4031 Solon.
1456 3967 1557 4039 qui
1584 3967 1745 4041 leges
1774 3968 2101 4025 Athenien-

448 4055 611 4112 sibus
667 4056 923 4128 scripsit,
984 4061 1167 4112 totam
1226 4071 1434 4112 eorum
1493 4055 1946 4113 multitudinem
2036 4058 2098 4113 in

450 4149 705 4215 quatuor
734 4144 956 4201 classes
988 4144 1278 4206 distinxit,
1313 4150 1423 4200 etc.

520 4234 786 4306 Hippias,
817 4234 1110 4305 Diopithis
1140 4233 1440 4301 F.,Eleus,
1468 4233 1735 4307 sophista
1757 4239 1815 4291 et
1838 4235 2101 4308 philoso-

446 4323 621 4395 phus,
654 4322 984 4396 discipulus
1015 4322 1408 4395 Hegesidami,
1433 4323 1535 4395 qui
1558 4340 1857 4379 summum
1875 4324 2099 4382 bonum

451 4412 749 4469 statuebat
775 4409 1115 4484 αὐτάρκειαν.
1165 4411 1345 4468 Multa
1404 4412 1661 4483 scripsit.
1714 4443 1780 4453 —-
1826 4414 2099 4470 Diversus

450 4507 540 4558 est
573 4502 839 4576 Hippias,
870 4505 1160 4574 tyrannus
1190 4501 1599 4570 Atheniensis,
1631 4501 1704 4556 de
1735 4518 1851 4575 quo
1875 4502 2099 4559 multus

450 4596 542 4647 est
572 4591 800 4649 Suidas.

2198 3430 2325 3503 ipse
2355 3427 2429 3484 de
2460 3429 2667 3485 eadem
2699 3435 2849 3489 arte.

2285 3518 2656 3591 Hippolytus.
2691 3519 2794 3575 Hic
2827 3520 3068 3594 scripsit
3122 3521 3183 3577 in
3226 3523 3568 3596 prophetias
3600 3522 3863 3579 Danielis

2214 3607 2738 3675 commentarium,
2769 3614 2829 3664 et
2858 3610 2919 3665 in
2953 3610 3266 3667 Proverbia
3293 3610 3646 3668 Salomonis.

2274 3698 2638 3769 Hippolytum
2668 3700 2959 3770 imitabor,
2986 3694 3157 3757 de‘iis
3179 3702 3279 3774 qui
3312 3703 3645 3759 castitatem
3675 3704 3863 3774 proti-

2210 3792 2434 3845 tentur.

2238 3878 2845 3959 __Hipponax,Pythea
2861 3886 2920 3937 et
2936 3880 3227 3939 Precridis
3246 3884 3623 3955 F.,Ephesius
3636 3888 3694 3939 et
3710 3882 3857 3938 iam-

2206 3966 2420 4022 borum
2454 3967 2729 4040 scriptor,
2760 3970 2863 4041 qui
2894 3969 3260 4027 Clazomenis
3290 3972 3595 4039 habitavit,
3646 3972 3855 4042 pulsus

2210 4074 2245 4113 a
2271 4059 2564 4132 tyrannis,
2589 4059 2964 4131 Athenagora
2993 4066 3051 4115 et
3081 4062 3280 4119 Coma.
3314 4062 3563 4134 Scripsit
3593 4062 3654 4117 in
3674 4063 3859 4132 Bupa-

2210 4146 2335 4202 lum
2367 4151 2427 4203 et
2443 4146 3336 4222 Athenidem,statuarios,quod
3358 4150 3648 4224 imagines
3670 4150 3854 4221 ipsius

2210 4234 2451 4293 ludibrii
2474 4242 2533 4292 et
2552 4239 2929 4293 contumelia
2951 4240 3139 4313 gratia
3164 4228 3662 4296 efﬂuxisSentJlic
3679 4240 3854 4295 etiam

2211 4326 2441 4398 primus
2471 4326 2778 4398 parodiam
2821 4333 2879 4384 et
2906 4327 3309 4384 choliambum
3332 4329 3592 4401 scripsit,
3632 4334 3688 4383 et
3716 4328 3850 4383 alia.

2213 4413 2300 4486 [V.
2333 4414 2565 4470 KiiSter.
2602 4418 2744 4469 tom.
2778 4415 2850 4485 II,
2884 4433 3014 4488 pag.
3051 4416 3176 4485 H8,
3220 4421 3344 4471 not.
3398 4419 3455 4488 4,
3502 4417 3605 4489 qui
3657 4416 3846 4470 locum

2213 4500 2405 4557 Suida
2434 4501 2589 4556 male
2622 4504 3052 4575 transpositum
3082 4503 3153 4559 de
3193 4509 3433 4560 auctore
3483 4504 3738 4577 parodia
3787 4508 3851 4558 et

2212 4589 2529 4647 choliambi
2561 4590 2713 4647 bene
2754 4591 2991 4648 reduxit
3037 4593 3099 4647 in
3131 4610 3299 4649 suam
3347 4592 3572 4662 sedem,
3627 4610 3848 4665 suoque

518 4679 907 4752 Hippobotus,
941 4677 1355 4751 philosophus,
1389 4678 1491 4751 qui
1544 4678 1693 4734 dixit
1722 4694 1934 4735 novem
1966 4696 2097 4737 esse
2127 4663 2178 4728 D
2206 4680 2432 4735 auctori
2458 4680 2721 4736 reddidit
2751 4682 3204 4753 inventionem.)

444 4767 940 4841 philosophorum
972 4772 1183 4824 sectas.
1214 4767 1358 4824 Vide
1391 4784 1571 4839 supra
1601 4768 1661 4824 in
1690 4767 1951 4825 Haresis.

514 4858 920 4930 Hippocrates,
955 4857 1254 4914 Gnosidici
1276 4858 1539 4926 F.,Cous,
1561 4863 1731 4930 pater
1747 4857 2093 4924 Heraclida,

448 4947 699 5004 celebris
724 4949 1096 5020 Hippocratis
1117 4964 1280 5011 avus,
1305 4946 1573 5003 medicus
1596 4952 1655 5002 et
1671 4948 1798 5019 ipse
1820 4965 1851 5004 e
1871 4946 2096 5004 familia

446 5037 947 5108 Asclepiadarum.
984 5039 1231 5110 Scripsit
1260 5043 1450 5094 artem
1481 5037 1796 5095 medicam.

517 5125 924 5197 Hippocrates,
956 5129 1131 5197 Cous,
1162 5127 1455 5196 medicus,
1506 5127 1828 5184 Heraclida
1858 5130 1918 5185 F.
1954 5130 2103 5201 Hip:

443 5214 701 5283 pocratis
730 5230 918 5285 nepos
950 5231 1054 5270 avo
1088 5216 1419 5288 praefertur,
1456 5214 1620 5272 sidus
1681 5214 1979 5288 quoddam
2025 5202 2095 5275 ac

443 5302 649 5358 lumen
681 5304 1017 5371 medicina,
1049 5322 1165 5377 quo
1196 5305 1346 5360 nihil
1378 5311 1468 5361 est
1496 5306 1627 5362 vita
1646 5305 1872 5363 utilius.
1893 5309 1975 5364 Ex
1990 5325 2093 5380 po-

447 5393 622 5448 steris
655 5392 861 5465 Chrysi
894 5399 953 5449 et
982 5395 1114 5466 ejus
1146 5394 1277 5463 ﬁlii,
1305 5394 1535 5466 Elaphi,
1563 5397 1664 5467 qui
1698 5402 1756 5453 et
1785 5397 1894 5469 ipsi
1927 5397 2093 5455 fuere

444 5481 684 5538 medici.
716 5482 1051 5553 Discipulus
1069 5484 1327 5554 primum
1358 5484 1780 5555 patris,postea
1798 5487 2091 5555 Herodici,

446 5572 778 5644 Selybriani
812 5577 870 5628 et
896 5572 1140 5644 Gorgia,
1168 5573 1421 5629 oratoris
1444 5589 1511 5629 ac
1532 5573 1891 5647 philosophi.
1916 5578 2098 5633 Aiunt

446 5663 647 5733 etiam,
672 5662 1113 5719 adolescentem
1131 5663 1454 5720 accessisse
1472 5663 1546 5718 ad
1559 5664 1959 5721 Democritum
1979 5666 2095 5722 Ab-

449 5752 725 5821 deritam,
757 5753 859 5816 alii
890 5753 1205 5815 Prodicum
1236 5751 1552 5814 audivisse.
1586 5754 2099 5815 Commoratusest

2277 4780 2519 4852 Hippys,
2554 4780 2872 4854 Rheginus,
2905 4782 3246 4850 historicus,
3268 4784 3368 4856 qui
3392 4783 3845 4856 temporebello-

2203 4884 2332 4923 rum
2366 4868 2737 4925 Persicorum
2767 4871 2909 4926 vixit
2938 4875 2997 4927 et
3047 4871 3276 4942 primus
3320 4873 3420 4927 Res
3444 4872 3663 4927 Siculas
3704 4873 3841 4927 scri-

2205 4956 2344 5029 psit,
2364 4972 2511 5027 quas
2524 4964 2730 5029 postea
2745 4961 2902 5029 Myes
2923 4958 3151 5033 redegit
3170 4960 3231 5014 in
3253 4960 3842 5031 compendium.Item

2208 5066 2233 5097 ι
2267 5045 2537 5118 Origines
2562 5046 2744 5102 Italia
2770 5065 2783 5115 ;
2808 5048 3137 5105 Sicularum
3160 5064 3361 5105 rerum
3384 5048 3567 5106 libros
3593 5052 3632 5104 V
3652 5051 3849 5106 :Chro-

2213 5154 2235 5183 ε
2267 5135 2539 5191 nicorum
2570 5135 2755 5192 libros
2786 5139 2827 5191 V
2852 5155 2865 5205 ;
2897 5138 3303 5211 Argolicorum
3333 5138 3518 5194 libros
3547 5140 3625 5195 III
3654 5130 3706 5198 Si.

2278 5224 2609 5299 ’Ῑστορῆσαι.
2644 5226 2785 5283 Vide
2812 5244 2992 5299 supra
3047 5229 3109 5284 in
3149 5231 3451 5297 Hecataeus,
3494 5229 3597 5285 ubi
3640 5230 3847 5287 eadem

2207 5315 2279 5371 de
2310 5317 2602 5388 Hecatae,
2635 5318 2972 5390 Pherecyde
3004 5324 3063 5374 et
3090 5319 3362 5375 Acusilao
3393 5318 3690 5391 leguntur.

2277 5405 2631 5474 Homerida,
2664 5406 2764 5478 qui
2797 5422 2997 5463 versus
3028 5408 3368 5465 Homericos
3382 5409 3850 5467 recitabant.Alii

2204 5492 2493 5548 familiam
2514 5492 2627 5549 hoc
2657 5494 2827 5550 aiunt
2856 5511 3075 5551 nomen
3100 5495 3305 5552 tulisse
3328 5512 3363 5552 a
3382 5502 3555 5568 poeta
3572 5498 3849 5557 Homero.

2208 5579 2323 5635 Alii
2345 5586 2615 5652 posteros
2646 5582 2947 5648 Chiorum,
2980 5584 3082 5656 qui
3120 5584 3182 5639 in
3234 5584 3698 5642 Bacchanalibus
3749 5606 3855 5659 per

2208 5669 2346 5725 data
2376 5670 2625 5726 invicem
2661 5668 2847 5747 ὅμηρα
2878 5673 2999 5728 sive
3031 5670 3269 5729 obsides
3296 5679 3565 5747 acceptos
3594 5691 3630 5731 a
3657 5693 3858 5749 pugna

2210 5763 2269 5815 et
2295 5759 2494 5816 furore
2526 5758 2897 5832 quieverunt.
