4136 6316
323 435 353 493 1
365 435 479 492 277

1641 431 1742 492 DE
1783 415 2076 498 QUIBUS
2119 402 2426 486 SUIDAS.

3574 417 3728 478 1278

390 565 689 638 Ὀμήρειος
710 559 894 637 λόγος.
921 560 1226 635 Ὀμηρίζω,
1246 564 1480 619 «verbis
1505 561 1739 619 Homeri
1763 568 1916 617 utor.
1942 583 1946 609 :

2085 580 2110 608 ‹‹
2138 556 2260 612 bris
2282 557 2501 611 etlocis
2515 555 2699 611 sacris
2726 553 3256 622 ;Commentarium
3280 551 3340 606 in
3373 551 3727 622 Sophoclem

394 657 474 711 De
496 655 754 722 Homeri,
779 660 986 726 poetae,
1003 670 1241 726 genere,
1261 655 1472 726 patria,
1496 660 1689 723 actate,
1711 657 1820 707 etc.
1845 651 1971 723 plu-

319 746 474 801 rima
496 745 652 817 apud
677 743 916 799 Suidam
939 749 998 798 et
1017 744 1078 798 in
1100 746 1332 800 Kusteri
1349 745 1421 800 ad
1441 745 1612 800 illum
1625 744 1804 810 notis,
1824 748 1966 796 tom.

320 836 394 905 II,
425 852 556 907 pag.
590 836 692 888 628
725 850 888 904 seqq.
916 833 1210 906 leguntur,
1245 835 1344 907 qui
1380 837 1521 892 Vita:
1547 849 1782 906 quoque
1817 831 1967 904 ejus,

319 926 394 982 ab
430 925 725 980 Herodoto
759 923 1042 979 historico
1083 926 1338 997 scriptae,
1371 925 1646 982 meminit
1677 930 1734 979 et
1763 941 1834 978 ex
1864 920 1968 975 illa

318 1015 560 1088 longam
606 1012 759 1087 ῥῆσιν
815 1013 1043 1070 recitat.
1082 1016 1373 1071 Praeterea
1429 1015 1498 1070 de
1553 1014 1788 1086 scriptis
1837 1012 1966 1084 ejus

314 1105 443 1160 haec
489 1103 697 1160 habet:
730 1105 1010 1158 Poemata
1068 1105 1324 1174 Homeri,
1380 1122 1510 1176 quas
1555 1121 1589 1161 a
1630 1103 1871 1159 nemine
1902 1103 1962 1157 in

309 1194 560 1248 dubium
585 1198 884 1257 vocantur,
911 1198 1051 1247 sunt
1076 1195 1208 1250 Ilias
1232 1199 1290 1249 et
1319 1196 1571 1264 Odyssea.
1601 1193 1961 1264 Scripsitau-

308 1287 428 1338 tem
460 1281 707 1338 Iliadem
754 1298 874 1336 non
935 1282 1136 1351 simul,
1197 1299 1391 1354 neque
1451 1285 1734 1339 continua
1783 1281 1958 1346 serie,

307 1372 816 1444 quemadmodum
847 1388 1007 1427 nunc
1041 1377 1130 1428 est
1158 1374 1508 1445 composita,
1543 1374 1648 1429 sed
1679 1375 1804 1445 ipse
1837 1371 1961 1427 sin-

311 1461 483 1532 gulos
513 1461 700 1517 libros
730 1477 765 1516 a
794 1478 856 1516 se
891 1462 1141 1534 scriptos
1188 1463 1475 1528 recitavit,
1526 1467 1584 1518 et
1618 1463 1682 1518 in
1713 1460 1958 1518 urbibus

316 1567 467 1621 quas
487 1551 675 1606 victus
696 1551 1001 1621 quaerendi
1023 1553 1212 1624 gratia
1233 1551 1723 1624 obibat,reliquit.
1748 1553 1960 1608 Postea

306 1657 444 1695 vero
476 1640 788 1712 compositi
823 1645 881 1695 et
932 1641 995 1696 in
1053 1641 1324 1697 ordinem
1380 1642 1600 1697 redacti
1654 1641 1894 1697 fuerunt
1924 1657 1959 1696 a

311 1730 538 1798 multis,
569 1731 865 1802 prazcipue
897 1748 1031 1786 vero
1063 1748 1098 1786 a
1135 1731 1463 1800 Pisistrato,
1504 1731 1955 1788 Atheniensium

310 1824 583 1890 tyranno.
622 1821 872 1874 Homero
901 1820 1019 1875 alia
1045 1821 1222 1875 etiam
1255 1821 1526 1893 quaedam
1557 1827 1831 1893 poemata
1853 1821 1953 1876 tri-

304 1906 590 1976 buuntur,
623 1912 688 1962 ut
717 1929 745 1958 «
783 1909 1117 1978 Amazonia,
1153 1909 1290 1964 Ilias
1313 1909 1531 1978 minor,
1559 1908 1781 1978 Νόστοι,
1803 1909 1956 1962 Ἐπι-

302 2019 331 2046 ‹‹
364 1993 616 2070 κιχλίδες
676 1999 786 2053 sive
837 1999 1038 2069 Turdi,
1097 1997 1455 2061 Ἠθιὲπακτος
1504 2000 1796 2070 (Bentleius
1828 2003 1960 2071 legit

300 2080 798 2155 «'Emmdixnov),
852 2085 966 2140 sive
1021 2086 1226 2154 Iambi,
1261 2090 1559 2144 Ranarum
1592 2093 1648 2144 et
1699 2091 1958 2145 murium

298 2194 324 2225 ι
360 2175 581 2245 Pugna,
601 2171 1051 2248 Ἀραχνομαχξα,
1080 2178 1195 2231 sive
1220 2179 1592 2232 Araneorum
1616 2179 1838 2250 Pugna,
1863 2181 1950 2233 Κε-

300 2284 329 2310 α
365 2261 552 2335 ραμίς,
589 2263 960 2333 Amphiarai,
995 2260 1294 2331 Ἑξέλευσις
1327 2281 1421 2320 seu
1451 2265 1778 2336 Expeditio,
1829 2265 1956 2318 Παί.

302 2372 330 2400 ‹‹
368 2369 492 2422 γνια
521 2354 632 2406 sive
650 2351 899 2407 Ludicra
920 2369 987 2407 ac
999 2353 1122 2423 joci
1147 2371 1160 2420 ;
1192 2354 1404 2408 Sicilia
1429 2357 1811 2427 Expugnatio,
1830 2357 1958 2428 Epi-

310 2460 336 2491 ι
368 2440 673 2506 thalamia,
706 2439 926 2501 Κύκλος
953 2443 1071 2497 sive
1115 2444 1332 2498 Poema
1380 2444 1690 2516 cyclicum,
1742 2446 1955 2518 Hymni

305 2550 334 2577 «
361 2535 418 2582 et
436 2529 668 2601 Cypria.
699 2552 728 2579 »
750 2530 850 2585 His
880 2529 1036 2585 infra
1058 2547 1128 2585 ex
1155 2531 1448 2588 Herodoto
1471 2533 1634 2588 addit
1657 2534 1955 2602 Κέρκωπας

305 2621 366 2672 et
397 2615 759 2690 Ψαρομαχίαν
794 2619 912 2674 sive
953 2621 1281 2675 Stumorum
1323 2637 1615 2692 pugnam;
1666 2624 1954 2696 aﬂ‘ertque

305 2704 606 2777 integrum
639 2706 923 2762 Cammum
979 2709 1257 2780 variaque
1315 2710 1433 2766 alia
1462 2711 1696 2767 Homeri
1756 2712 1956 2770 brevia

304 2794 590 2850 carmina.
637 2796 766 2850 Filii
800 2798 1035 2852 Homeri
1060 2797 1226 2854 fuere
1258 2799 1520 2872 Eriphon
1554 2806 1612 2856 et
1664 2802 1955 2859 Theolaus

300 2901 486 2957 gener
517 2885 802 2954 Stasinus,
827 2887 1095 2959 Cyprius,
1129 2894 1238 2943 etc,

375 2975 682 3042 Homerus,
735 2975 1137 3032 Andromachi
1169 2981 1226 3033 et
1271 2980 1488 3050 Myrus,
1523 2979 1833 3051 Byzantiaa,
1865 2981 1949 3050 F.,

300 3064 726 3134 grammaticus
756 3070 814 3118 et
834 3070 1006 3136 poeta
1023 3067 1470 3139 tragicus,unus
1493 3084 1522 3122 e
1543 3068 1795 3140 pleiade.
1820 3069 1949 3124 Flo-

295 3153 418 3207 ruit
448 3153 796 3226 Olympiade
827 3156 1071 3210 CXXIV.
1102 3156 1348 3228 Scripsit
1378 3157 1690 3229 tragoedias
1720 3160 1875 3214 XLV.

368 3243 656 3297 Homerus
689 3285 702 3310 ,
765 3249 1154 3315 cognomento
1224 3245 1458 3313 Sellius,
1506 3247 1948 3318 grammaticus,

298 3331 541 3402 scripsit
569 3333 851 3402 Hymnos.
886 3333 1136 3389 Ludicra
1162 3334 1306 3390 varii
1350 3335 1606 3408 generis,
1634 3335 1900 3391 versibus
1930 3353 1944 3390 :
1987 3312 2030 3380 (ἶ

295 3424 355 3474 et
380 3422 564 3476 Prosa
591 3420 664 3475 de
690 3423 964 3493 personis
993 3423 1239 3478 comicis
1262 3428 1320 3478 et
1349 3428 1712 3508 Argumenta
1744 3441 1953 3482 comm-

298 3507 534 3563 diarum
567 3509 895 3577 Menandri,
928 3510 1109 3582 Infra,
1142 3509 1394 3575 Σέλλιος.

1987 1959 2034 2024 Β

2095 670 2122 697 ‹‹
2182 647 2445 703 Alcmum
2505 652 2563 701 et
2608 647 3006 701 Homerum.»
3062 643 3305 698 Videtur
3359 641 3732 696 Christianus

2082 736 2263 792 fuisse
2293 739 2503 803 factus,
2537 741 2602 791 ut
2631 735 2943 790 Heraiscus
2973 730 3328 806 praedixerat
3364 728 3508 799 fore,
3545 733 3656 786 etc.

2151 823 2514 898 Ὑμνοπὸλος,
2543 828 2876 882 carminibus
2906 825 3044 880 alios
3081 825 3374 879 celebrans.
3401 823 3478 876 De
3504 821 3734 876 Alema-

2079 933 2177 984 ne,
2209 918 2415 990 lyrico,
2447 919 2828 990 epigramma,
2860 912 3067 968 πολλαὶ
3113 909 3366 987 πατρίδες
3415 909 3728 984 ὑμνοπλων.

2147 1004 2382 1069 Ὑώδεις.
2415 1008 2616 1062 Suillis
2647 1007 2910 1062 moribus
2937 1011 2996 1061 et
3025 1007 3193 1060 ovino
3225 1004 3461 1076 ingenio
3493 1003 3723 1074 prmditi

2078 1100 2186 1155 ﬁlii
2249 1100 2622 1172 Hippocratis
2673 1099 2905 1158 (diversi
2961 1115 2995 1152 a
3045 1096 3319 1165 medico),
3367 1093 3722 1163 Telessipus,

2077 1190 2444 1261 Demophon,
2474 1188 2748 1258 Pericles,
2769 1204 2802 1242 a
2832 1187 3074 1242 comicis
3107 1185 3605 1256 perstringuntur.

2149 1281 2414 1352 Hypatia,
2443 1279 2698 1334 Theonis
2732 1283 3069 1352 geometren,
3111 1275 3494 1331 Alexandrini
3527 1274 3722 1346 philo-

2075 1373 2268 1444 sophi,
2303 1373 2443 1440 tilia,
2466 1389 2612 1427 uxor
2641 1371 2846 1426 Isidori
2874 1369 3234 1441 philosophi,
3258 1367 3459 1424 floruit
3496 1372 3720 1438 tempo-

2073 1462 2240 1518 ribus
2269 1463 2501 1519 Arcadii
2546 1464 2688 1534 imp.
2742 1462 2990 1533 Scripsit
3028 1484 3053 1510 ‹‹
3106 1459 3609 1516 Commentarium
3665 1461 3726 1516 in

2078 1553 2476 1624 «Diophantis
2531 1552 2996 1608 astronomicum
3047 1551 3380 1615 Canonem;
3413 1549 3473 1602 in
3505 1550 3725 1607 Conica

2077 1665 2104 1692 ‹‹
2132 1641 2450 1713 Apollonii.
2479 1663 2506 1691 »
2534 1640 2905 1696 Alexandriae
2937 1645 3096 1705 nata,
3133 1639 3344 1693 educta
3385 1641 3445 1692 et
3477 1638 3730 1708 erudita,

2072 1733 2309 1805 ingenio
2342 1732 2751 1804 praestantiore
2781 1746 2958 1802 quam
2976 1735 3162 1801 pater,
3185 1746 3303 1782 non
3336 1729 3725 1798 acquiescens

2076 1823 2396 1894 paternain
2425 1821 2858 1877 mathematicis
2886 1817 3528 1883 institutione,caaterae
3549 1813 3727 1873 etiam

2074 1913 2466 1984 philOSOphiaa
2495 1918 2796 1967 strenuam
2821 1927 3060 1982 cperam
3083 1909 3395 1981 impendit,
3420 1913 3478 1962 et
3507 1907 3726 1962 mulier

2076 2009 2311 2074 sumpto
2342 2003 2522 2074 pallio
2549 2019 2653 2074 per
2682 2000 2937 2057 mediam
2960 2000 3169 2055 urbem
3202 1998 3585 2070 progrediens
3616 2015 3718 2069 pu-

2072 2092 2226 2148 blice
2258 2093 2462 2148 audire
2509 2109 2570 2147 se
2602 2091 2934 2146 volentibus
2966 2091 3272 2144 Platonem
3321 2088 3407 2142 vel
3439 2089 3723 2143 Aristote-

2071 2182 2190 2237 lem
2212 2183 2302 2236 vel
2323 2182 2583 2254 cujusvis
2614 2181 2859 2236 alterius
2887 2179 3223 2252 philosophi
3244 2179 3463 2248 scripta
3485 2194 3720 2232 enarra-

2071 2273 2189 2328 bat.
2219 2273 2468 2344 Hypatia
2527 2271 2849 2326 dilacerata
2905 2271 3017 2324 fuit
3057 2270 3128 2324 ab
3193 2268 3631 2334 Alexandrinis,
3665 2272 3723 2322 ct

2071 2379 2286 2434 corpus
2317 2363 2445 2433 ejus
2480 2379 2615 2418 cum
2669 2361 2928 2415 ludibrio
2988 2376 3093 2431 per
3123 2359 3334 2414 urbem
3381 2357 3720 2429 disjectum,

2071 2453 2229 2524 quod
2259 2452 2480 2508 factum
2513 2453 2684 2507 aiunt
2714 2467 2782 2505 ex
2838 2449 3058 2505 invidia
3099 2447 3326 2519 Gyrilli,
3355 2448 3468 2512 vel,
3502 2451 3568 2500 ut
3596 2446 3719 2514 alii,

2069 2543 2228 2614 quod
2260 2541 2646 2598 Alexandrini
2671 2547 2886 2596 natura
2907 2545 3109 2595 essent
3130 2538 3385 2594 audaces
3409 2544 3464 2592 et
3482 2537 3553 2592 ad
3573 2537 3721 2592 sedi-

2069 2632 2289 2686 tionem
2322 2631 2628 2704 proclives.
2668 2633 2807 2685 Nam
2844 2629 3060 2684 multos
3093 2628 3270 2684 etiam
3302 2628 3717 2699 episcoporum

2069 2723 2310 2776 suorum
2360 2721 2443 2776 ita
2499 2725 2845 2787 tractarunt,
2901 2719 2985 2773 uti
3045 2718 3356 2790 Georgium
3413 2721 3470 2770 et
3517 2717 3718 2770 Prote-

2065 2810 2242 2877 rium,
2278 2816 2388 2866 etc.
2417 2812 2745 2882 Imperator
2774 2826 2904 2864 eam
2934 2825 3060 2862 rem
3091 2807 3432 2879 gravissime
3467 2804 3623 2875 tulit,
3656 2809 3715 2860 et

2064 2898 2225 2954 ultus
2256 2903 2433 2966 esset,
2465 2898 2580 2954 nisi
2611 2898 2877 2952 Edesius
2921 2897 3144 2953 amicos
3168 2893 3545 2966 imperatoris
3586 2910 3718 2947 cor-

2062 2973 2340 3060 rupisset.
2377 2989 2487 3044 Sed
2519 2989 2840 3060 imperator
2869 3005 3102 3060 pmnam
3133 2988 3444 3042 remittens
3471 2985 3716 3041 interfe-

2065 3080 2346 3146 ctoribus,
2400 3083 2462 3135 in
2495 3097 2666 3135 suum
2697 3081 2883 3152 ipsius
2917 3086 3092 3152 caput
3123 3085 3181 3135 et
3237 3081 3483 3152 stirpem
3541 3096 3710 3136 suam

2061 3168 2352 3225 ultionem
2375 3170 2634 3226 attraxit.
2667 3171 2808 3242 Ejus
2833 3171 2991 3224 enim
3011 3187 3192 3240 nepos
3217 3187 3420 3242 poenas
3442 3169 3707 3225 exsolvit.

2062 3258 2194 3313 Nihi
2227 3276 2296 3314 ea
2325 3277 2420 3314 res
2453 3259 2756 3315 imminuit
2785 3259 3320 3315 Alexandrinorum
3355 3261 3615 3316 studium
3647 3263 3709 3316 in

2061 3347 2388 3416 Isidorum;
2420 3365 2560 3404 nam
2584 3349 2623 3402 ii
2655 3349 2856 3417 etiam,
2899 3349 2999 3419 qui
3033 3348 3344 3402 rhetoricis
3376 3355 3432 3402 et
3462 3351 3709 3420 poeticis

2058 3437 2278 3492 scholis
2309 3443 2624 3509 praeerant,
2658 3439 3000 3510 frequentes
3055 3437 3396 3511 philosophi
3430 3456 3707 3513 congres-

2057 3541 2157 3580 sus
2179 3525 2478 3582 amabant.
2530 3529 2654 3582 Mea
2681 3543 2814 3581 vero
2855 3533 2998 3582 tutas
3060 3533 3178 3581 tres
3223 3528 3387 3582 novit
3442 3529 3702 3598 criticos,

370 3595 782 3689 'onco‘pépeta.
806 3688 812 3689 γ
836 3604 1216 3673 Anaxagoras
1265 3601 1659 3674 philosophus
1715 3586 1951 3662 dicebat
2056 3614 2157 3686 qui
2190 3614 2262 3669 de
2292 3615 2388 3683 iis,
2417 3633 2548 3687 quae
2580 3615 2652 3671 de
2685 3615 2879 3672 soluta
2915 3616 3182 3671 oratione
3215 3586 3701 3689 dicuntur,judi-:

293 3688 356 3741 in
390 3686 536 3741 luna
564 3687 819 3743 habitari
849 3694 909 3743 et
937 3706 1065 3745 esse
1114 3690 1176 3745 in
1209 3707 1279 3746 ea
1309 3691 1492 3747 colles
1541 3698 1600 3748 et
1627 3695 1945 3752 convalles.

294 3775 598 3847 Principia
626 3793 762 3832 vero
802 3794 1004 3833 rerum
1037 3795 1168 3835 esse
1197 3781 1620 3837 Hamaeomerias
1661 3783 1778 3839 sive
1809 3802 1942 3856 par-

293 3863 528 3932 ticulas,
559 3865 738 3920 rebus
768 3867 1018 3940 singulis
1052 3868 1301 3924 similes.
1334 3874 1445 3925 etc.

364 3953 706 4009 Homoloius
727 3953 1091 4026 (Ὁμολώϊος)
1119 3956 1372 4030 Jupiter,
1394 3959 1606 4016 Thebis
1633 3967 1692 4016 et
1719 3962 1779 4018 in
1809 3962 1942 4020 aliis

287 4041 522 4097 Bmotim
554 4043 888 4099 civitatibus
910 4045 1105 4100 cultus
1135 4050 1196 4101 et
1249 4047 1312 4102 in
1364 4049 1668 4107 Thessalia
1722 4069 1940 4109 nomen

284 4129 464 4186 habet
492 4131 564 4187 ab
596 4133 905 4189 Homoloia
962 4134 1222 4203 fatidica,
1267 4138 1492 4209 Eunyei
1555 4139 1697 4205 ﬁlia,
1732 4158 1934 4212 quam,

284 4225 498 4287 vatem,
532 4220 788 4292 Delphos
808 4223 1056 4278 missam
1085 4223 1268 4280 fuisse
1301 4227 1490 4294 aiunt,
1511 4235 1576 4283 ut
1601 4229 1940 4301 Aristopha-

284 4325 392 4363 nes
409 4309 562 4365 libro
587 4310 849 4366 secundo
871 4313 1091 4369 Rerum
1115 4301 1540 4374 Thebaicarum
1565 4301 1760 4374 tradit.
1787 4321 1937 4375 Ister

281 4415 417 4454 vero
451 4399 601 4454 libro
634 4401 734 4456 XII
778 4405 1110 4477 Συναγωγῆς
1171 4404 1290 4460 sive
1335 4406 1868 4476 Collectaneorum,
1901 4427 1935 4466 a

277 4488 443 4558 pacis
475 4489 693 4556 studio,
726 4491 887 4560 quod
915 4488 1124 4562 ὅμολον
1147 4499 1236 4550 est
1259 4495 1416 4567 apub
1442 4497 1632 4554 Eoles
1663 4500 1798 4570 (76L
1833 4501 1934 4555 Est

282 4583 340 4630 et
368 4577 582 4632 Thebis
605 4579 802 4646 Ceres,
831 4596 962 4650 qua:
993 4583 1282 4639 Homoloia
1315 4586 1676 4657 appellatur.

347 4663 527 4736 Ὧραι.
560 4666 662 4719 Est
682 4665 834 4721 liber
856 4669 1098 4738 quidam
1120 4671 1374 4741 Prodici,
1407 4674 1559 4730 Hora
1580 4677 1925 4750 inscriptus,
1962 4663 2004 4728 θ

276 4754 338 4808 in
372 4769 487 4824 quo
521 4755 832 4811 Herculem
880 4757 1024 4813 facit
1061 4761 1260 4816 virtuti
1319 4767 1378 4818 et
1432 4765 1569 4821 vitio
1601 4784 1922 4826 occurren-

277 4848 418 4908 tem,
469 4858 724 4916 cumque
756 4850 1006 4916 utraque
1047 4847 1122 4902 ad
1153 4866 1292 4905 suos
1324 4868 1517 4909 mores
1549 4871 1684 4910 eum
1715 4858 1926 4915 invita-

276 4936 388 4999 ret,
420 4931 731 4987 Herculem
764 4934 962 4990 virtuti
989 4953 1050 4992 se
1081 4937 1448 5012 adjunxisse,
1473 4947 1531 4999 et
1557 4943 1721 5001 illius
1743 4948 1922 5004 sudo-

277 5037 372 5074 res
404 5023 816 5092 anteposuisse
843 5023 1247 5096 voluptatibus
1291 5029 1436 5098 vitii,
1469 5033 1543 5088 ad
1587 5033 1760 5091 breve
1793 5043 1924 5094 tan-

275 5114 400 5166 tum
427 5117 664 5184 tempus
693 5113 1067 5186 durantibus,

345 5201 684 5273 Horapollo,
729 5219 800 5258 ex
848 5204 1286 5278 Phamebytide,
1322 5211 1444 5266 vico
1476 5213 1920 5284 Panopolitanaa

269 5290 635 5360 prmfecturze
653 5295 1096 5364 grammaticus,
1117 5296 1190 5351 ob
1214 5303 1403 5355 artem
1429 5302 1647 5371 clarus,
1681 5312 1740 5362 et
1767 5309 1918 5365 nulli

264 5384 530 5435 veterum
562 5380 1042 5440 doctissimorum
1063 5391 1585 5458 grammaticorum
1619 5399 1916 5455 secundus

265 5467 470 5523 docuit
492 5470 867 5527 Alexandria
900 5473 961 5528 in
989 5475 1255 5547 Egypto,
1299 5478 1515 5536 deinde
1560 5485 1730 5540 CPoli
1764 5493 1914 5543 tem-

265 5574 406 5627 pore
438 5559 752 5616 Theodosii
782 5561 925 5634 imp.
960 5563 1205 5636 Scripsit
1232 5566 1524 5640 Τεμενικὰ,
1575 5594 1602 5626 ι
1634 5574 1712 5630 De
1743 5575 1912 5633 delu-

2053 3721 2188 3760 care
2217 3710 2482 3775 possunt.
2522 3708 2868 3762 Poematum
2902 3706 3061 3761 enim
3095 3710 3152 3760 et
3177 3705 3536 3776 scriptorum
3569 3724 3703 3778 pro-

2051 3794 2347 3850 saicorum
2382 3796 2538 3850 idem
2589 3796 2885 3868 judicium
2918 3812 3046 3851 esse
3107 3799 3341 3849 constat
3420 3797 3534 3867 Ego
3565 3813 3699 3851 vero

2050 3884 2228 3938 etiam
2254 3889 2641 3956 utrorumque
2670 3885 2944 3940 eumdem
2994 3884 3283 3940 artificem
3316 3900 3444 3939 esse
3467 3885 3697 3956 judico,

2049 3973 2097 4028 si
2120 3972 2293 4027 modo
2313 3978 2627 4045 utrumque
2652 3975 2777 4046 pari
2804 3974 2995 4030 studio
3019 3978 3379 4029 exerceatur.
3406 3972 3698 4030 Isidorum

2045 4080 2180 4118 vero
2211 4064 2368 4119 inter
2398 4065 2635 4120 criticos
2684 4065 2820 4119 illos
2869 4083 2989 4120 non
3031 4081 3335 4125 recenseo,
3370 4064 3475 4120 sed
3507 4064 3695 4120 tribus

2044 4152 2164 4208 illis
2195 4152 2367 4226 longe
2409 4154 2751 4210 inferiorem
2804 4171 2932 4210 esse
2965 4160 3125 4226 puto.
3174 4153 3408 4209 Judices
3438 4171 3572 4211 vero
3607 4155 3692 4212 illi

2044 4247 2182 4296 sunt
2228 4243 2504 4314 Agavpius,
2569 4245 2936 4310 Severianus,
2989 4246 3227 4299 Nomus.
3285 4245 3505 4299 Nomus
3556 4261 3691 4300 vero

2041 4337 2245 4388 noster
2277 4339 2365 4388 est
2397 4333 2664 4405 aequalis.
2699 4337 2760 4406 (E
2791 4335 3148 4405 Damascio.)

2111 4423 2502 4496 Hyperbolus,
2536 4424 2915 4497 demagogus,
2967 4441 3145 4496 quem
3194 4424 3564 4494 Thucydides
3615 4423 3684 4478 li-

2037 4510 2144 4567 bro
2175 4530 2266 4568 vm
2290 4530 2396 4585 per
2423 4514 2840 4569 ostracismum
2868 4515 3194 4587 relegatnm
3223 4514 3446 4570 scribit.
3472 4514 3686 4571 Litium

2038 4615 2245 4658 amans
2275 4601 2347 4658 ab
2369 4603 2766 4675 Aristophane
2789 4603 3224 4675 perstringitur.
3248 4606 3315 4657 V.
3347 4604 3559 4657 Kuster
3587 4604 3684 4674 III,

2036 4713 2167 4770 pag.
2203 4698 2326 4751 539.

2106 4784 2506 4858 Hyperechius
2564 4783 3024 4853 Alexandrinus,
3055 4783 3497 4858 grammaticus,
3533 4786 3683 4837 tem-

2035 4875 2280 4946 poribus
2310 4874 2585 4929 Marciani
2611 4875 2751 4946 imp.
2779 4873 3024 4946 Scripsit
3049 4895 3076 4922 «
3109 4875 3307 4927 Artem
3337 4871 3683 4943 grammati~

2039 4984 2066 5013 ι(
2083 4979 2242 5031 eam;
2269 4965 2346 5019 De
2368 4963 2740 5031 nominibus;
2765 4963 2846 5019 De
2869 4963 3042 5018 verbo
3064 4963 3172 5030 ;De
3187 4960 3625 5033 orthographia.
3656 4983 3676 5010 ι

2104 5052 2451 5124 Hyperides,
2474 5052 2802 5125 Glaucippi,
2852 5053 3126 5119 rhetoris,
3155 5051 3265 5118 vel,
3310 5055 3376 5106 ut
3405 5049 3528 5117 alii,
3570 5051 3682 5122 Py-

2032 5141 2247 5198 thoclis
2261 5142 2316 5197 F.
2331 5185 2345 5211 ,
2365 5142 3126 5214 Atheniensis,demagogus
3138 5141 3398 5212 Optimus
3411 5144 3682 5195 etorator

2031 5244 2186 5285 unus
2227 5247 2297 5285 ex
2322 5231 2442 5286 illis
2473 5230 2678 5286 decem
2711 5231 2811 5302 qui
2844 5231 3141 5303 principes
3173 5235 3510 5286 censentur.
3556 5230 3679 5284 Dis-

2030 5313 2262 5386 cipulus
2281 5315 2392 5370 fuit
2421 5333 2539 5372 una
2568 5334 2703 5372 cum
2735 5317 2992 5390 Lycurgo
3016 5317 3280 5372 Platonis
3313 5317 3672 5388 philosophi,

2030 5409 2087 5457 et
2115 5405 2389 5460 Isocratis
2437 5406 2711 5461 rhetoris.
2745 5408 2987 5462 Amicus
3046 5406 3187 5461 licet
3235 5406 3670 5474 Demosthenis,

2026 5492 2220 5562 ipsum
2245 5499 2444 5549 tamen
2475 5495 2548 5549 ob
2582 5495 2914 5567 pecuniam,
2950 5496 3021 5551 ab
3053 5496 3304 5568 Harpalo
3345 5501 3668 5566 acceptam,

2023 5583 2338 5637 accusavit.
2371 5585 2682 5640 Amoribus
2715 5585 3032 5640 mulierum
3068 5585 3360 5641 addictior
3389 5583 3518 5638 fuit.
3545 5581 3666 5640 Sub

337 5707 450 5780 (76;
477 5710 642 5768 Conf.
681 5710 958 5768 Valcken.
1004 5713 1077 5769 ad
1113 5715 1308 5774 Schol.
1337 5720 1538 5793 Eurip.
1563 5725 1824 5782 Phaeniss.
1853 5745 1907 5782 v.
1953 5731 2110 5801 1120,
2140 5749 2273 5805 pag.
2310 5735 2432 5789 732.
2457 5735 2632 5791 HARL.
