4128 6308
517 378 675 441 1279

513 516 672 571 latus
704 519 903 569 autem
936 518 1026 568 est
1082 513 1153 570 ab
1213 514 1523 585 Antipatro
1579 531 1734 586 rege,
1787 514 1889 584 qui
1927 529 2059 569 eum
2096 531 2166 570 ex
2195 519 2250 586 Α

515 605 746 659 Cereris
780 603 1021 673 templo,
1045 602 1204 673 quod
1238 607 1328 656 est
1357 602 1710 669 Hermionae,
1736 619 1841 674 per
1866 603 2164 670 Archiam,

517 695 616 766 qui
651 695 789 748 inde
843 688 1258 765 Φυγαδοθήρας,
1294 693 1411 747 sive
1449 691 1829 764 fugitivorum
1861 693 2169 765 indagator

516 785 708 839 dictus
765 788 874 850 est,
925 782 1187 848 extrahi,
1243 781 1627 854 linguamque
1677 782 1917 854 praecidi
1960 783 2161 854 jussit.

517 875 661 930 Ossa
693 873 872 938 ﬁlius,
907 871 1286 942 Glaucippus,
1322 872 1383 926 in
1417 873 1606 943 patrio
1650 879 2036 928 monumento
2072 890 2160 928 se-

512 964 700 1035 peliit.
734 962 1042 1016 Orationes
1071 961 1200 1033 ejus
1232 979 1443 1017 omnes
1469 967 1606 1017 sunt
1637 963 1768 1018 LVI.

580 1051 770 1127 Ὑῤῥας
815 1055 966 1111 παῖς.
1029 1053 1270 1123 Hyrrhas
1305 1053 1484 1120 ﬁlius,
1547 1053 1849 1119 Pittacus;
1882 1051 2162 1123 idemque

514 1142 833 1214 Ilyrradius
864 1141 1099 1197 dicitur.

1315 1232 1356 1285 Ι.

580 1323 803 1394 Ἴακχος
833 1322 1098 1393 Hymnus
1156 1321 1217 1376 in
1270 1322 1584 1377 Bacchum.
1635 1317 1860 1390 ’ᾼδουσι
1885 1322 2012 1394 γοῦν
2065 1319 2156 1373 τὸν

507 1413 718 1487 Ἰάκχον
781 1409 960 1486 ὥσπερ
1015 1410 1329 1483 Διαγόρας.
1388 1412 1552 1465 Hunc
1637 1411 1946 1482 Diagoram
1991 1412 2159 1465 aiunt

508 1506 749 1560 atheum
775 1505 979 1558 fuisse.
1007 1503 1139 1557 Fuit
1166 1507 1364 1558 autem
1397 1506 1456 1556 et
1484 1501 1636 1556 alter
1664 1502 1928 1556 Terthrci
1961 1502 2020 1556 F.
2056 1502 2157 1572 qui

509 1596 582 1651 ob
609 1595 1080 1668 magnitudinem
1114 1593 1378 1663 corporis
1411 1591 1480 1646 ab
1515 1592 1757 1646 comicis
1807 1592 2159 1664 perstringi-

507 1692 622 1751 tur,
656 1692 722 1740 ut
751 1686 824 1740 ab
855 1685 1173 1755 Hermippo
1205 1683 1264 1737 in
1297 1680 1548 1755 Μοίραις.

578 1777 843 1844 Iadmon,
877 1771 1130 1845 Ἰάδμων,
1163 1769 1478 1844 Ἰαδμωνος,
1535 1773 1788 1840 Samius,
1845 1773 2013 1844 cujus
2045 1790 2153 1827 an-

504 1868 662 1935 cilla,
697 1867 1015 1938 Rhodopis,
1074 1866 1376 1932 meretrix,
1425 1881 1639 1937 genere
1685 1864 2153 1934 Thracia,quam
2186 1884 2232 1946 Β

507 1958 829 2022 Charaxus,
865 1954 1196 2027 Sapphonis
1242 1954 1443 2022 frater,
1480 1969 1724 2007 uxorem
1777 1952 1964 2018 duxit,
1999 1958 2058 2006 et
2087 1970 2154 2008 ex

507 2065 576 2104 ea
605 2047 826 2102 liberos
858 2045 1207 2118 procreavit.

577 2139 812 2206 Iachen,
870 2137 1190 2208 (Egyptius,
1247 2133 1646 2205 singularibus
1679 2135 1859 2188 aDeo
1919 2133 2157 2188 dotibus

504 2231 856 2294 instructus,
914 2227 1056 2281 vixit
1111 2225 1218 2280 sub
1268 2225 1477 2295 Senye,
1536 2224 1939 2296 zEgyptiorum
1994 2241 2155 2296 rege,

506 2318 904 2373 amuletorum
936 2314 1529 2383 incantationumque
1559 2312 1807 2383 peritus,
1841 2312 1943 2382 qui
1971 2312 2152 2383 pesti-

504 2407 721 2461 lentias
768 2408 1104 2475 grassantes
1135 2401 1418 2456 exstinxit
1465 2406 1523 2456 et
1568 2400 1828 2472 primum
1858 2400 2152 2455 Caniculaa

503 2499 774 2550 exortum
806 2498 1247 2562 wstuosumque
1280 2490 1492 2545 sideris
1525 2489 1685 2544 illius
1717 2489 2005 2545 influxum
2038 2490 2152 2545 mi~

507 2583 724 2656 tigavit,
757 2598 935 2653 quam
968 2581 1040 2635 ob
1075 2597 1314 2635 causam
1372 2580 1686 2652 magniﬁco
1718 2579 1925 2634 funere
1963 2580 2152 2635 elatus

505 2680 610 2728 est.
646 2672 767 2726 Etsi
799 2671 1036 2742 quando
1068 2670 1312 2726 morbus
1344 2669 1710 2741 epidemicus
1742 2669 2149 2737 invalesceret,

504 2763 652 2818 sacri
688 2761 917 2827 scribae,
951 2761 1079 2832 ejus
1129 2760 1334 2815 fanum
1365 2759 1672 2829 adeuntes,
1697 2759 1882 2813 sacris
1912 2759 2022 2813 rite
2050 2776 2150 2831 pe-

505 2851 703 2920 ractis,
738 2868 808 2904 ex
840 2867 942 2905 ara
973 2850 1101 2922 ejus
1151 2849 1349 2921 ignem
1397 2846 1822 2915 accendebant,
1876 2848 2150 2919 rogisque

504 2941 726 3013 passim
756 2957 864 3011 per
893 2939 1101 2994 urbem
1134 2938 1402 2993 excitatis
1433 2938 1587 2992 aeris
1616 2937 1802 2992 faetidi
1849 2937 2150 2992 exitialem

498 3031 662 3085 luem
713 3029 1178 3101 exstinguentes,
1211 3043 1365 3083 nova
1395 3029 1505 3082 hac
1536 3028 1625 3081 via
1668 3027 1963 3094 morbum,
1997 3026 2149 3098 ignis

501 3119 814 3185 beneﬁcio,
848 3118 1295 3190 prepulsabant.

569 3211 850 3277 Ialemus,
881 3208 1177 3278 Calliopes
1210 3207 1371 3261 ﬁlius
1414 3206 1640 3274 infelix,
1676 3212 1786 3260 etc.

567 3299 788 3364 lambe,
823 3314 1041 3352 nomen
1071 3298 1378 3369 proprium
1405 3296 1669 3362 feminas,
1703 3297 1774 3352 de
1807 3313 1925 3368 qua
1954 3297 2083 3352 vide
2115 3315 2150 3352 a

498 3392 743 3443 Kustero
774 3389 843 3453 II,
869 3404 1000 3459 pag.
1034 3389 1122 3454 89,
1155 3393 1278 3441 not.
1311 3391 1363 3455 7,
1399 3387 1629 3442 citatos.

567 3470 888 3547 ’ἰαμϐίζειν,
923 3498 950 3527 ‹‹
983 3476 1263 3531 conviciis
1297 3477 1598 3545 insectari,
1635 3498 1662 3525 »
1695 3482 1806 3533 etc.

571 3567 800 3638 Ibycus,
833 3566 1026 3638 Phytii
1059 3565 1148 3621 vel
1171 3566 1444 3637 Polyzeli,
1468 3567 1741 3621 Messenii
1765 3567 2151 3639 historiogra-

495 3655 1140 3728 phi,velCerdantisF.,
1165 3672 1379 3728 genere
1396 3656 1714 3729 Rheginus.
1750 3656 1892 3712 Inde
1906 3657 2147 3712 Sanium

501 3745 790 3818 migravit,
822 3762 956 3801 cum
988 3745 1068 3799 ibi
1089 3745 1450 3817 Polycrates,
1476 3746 1714 3818 tyranni
1736 3752 1922 3818 pater,
1959 3748 2149 3819 impe-

497 3841 674 3902 raret,
727 3835 1073 3907 Olympiade
1105 3835 1239 3902 LIV,
1274 3835 1641 3906 temporibus
1691 3836 1892 3904 Croesi,
1925 3836 2150 3892 invenit

495 3925 837 3980 sambucam
871 3918 1136 3996 (ἷ6·3κ·.νον
1165 3923 1239 3979 ab
1279 3941 1349 3979 eo
1378 3924 1621 3995 dictam)
1643 3925 1888 3981 cithara;
1921 3926 2145 3997 trique-

498 4021 602 4070 trae
629 4033 834 4087 genus.
872 4015 1116 4086 Scripsit
1136 4015 1388 4070 dialecto
1421 4015 1623 4071 dorica
1647 4015 1831 4071 libros
1856 4019 1972 4070 VII.
2009 4017 2147 4087 Ejus

499 4107 722 4160 dictum
750 4123 762 4159 :
804 4105 893 4172 Μή
924 4125 976 4157 τι
1009 4103 1131 4176 περὶ
1173 4103 1324 4166 θεοὺς
1357 4103 1664 4176 ἀμπλακὼν
1692 4104 1856 4176 τιμὰν
1889 4105 2027 4180 πρὸς
2055 4106 2144 4158 ἀν-

495 4193 730 4266 θρώπων
761 4191 1014 4264 ἀμεῖψαι,
1071 4193 1266 4248 «deos
1310 4211 1428 4248 non
1473 4195 1882 4262 offendendos,
1916 4202 1983 4250 ut
2009 4195 2146 4252 inde

499 4307 524 4333 «
548 4285 799 4356 gratiam
821 4283 891 4338 ab
911 4284 1253 4338 hominibus
1274 4286 1678 4356 consequaris.
1701 4309 1728 4336 »
1745 4289 1789 4341 A
1814 4287 2146 4342 latronibus

498 4373 949 4430 interﬁciendus
965 4390 1138 4446 grues
1159 4374 1424 4429 vindices
1454 4375 1580 4430 fore
1603 4375 1770 4444 dixit,
1796 4377 1952 4448 quod
1983 4395 2142 4433 com-

493 4465 765 4537 probavit
793 4470 1068 4520 eventus:
1106 4465 1262 4520 unde
1281 4465 1678 4536 proverbium,
1710 4467 1862 4538 Ibyci
1890 4485 2070 4538 grues.

561 4555 795 4628 Ἰχθοῦς.
847 4557 1115 4625 Ληίδοριιε,
1149 4554 1501 4608 Mithridatis
1533 4561 1908 4628 anagnostes,
1946 4559 2142 4631 scrip-
2175 4573 2220 4638 ι)

492 4645 809 4702 sitlibrum
844 4643 916 4699 de
949 4643 1194 4709 Helena,
1226 4643 1286 4698 in
1319 4660 1434 4714 quo
1479 4643 1580 4713 ait,
1641 4647 1861 4700 cetacei
1907 4648 2141 4719 generis

491 4737 715 4807 piscem
747 4734 1067 4806 quemdam
1107 4735 1250 4786 πᾶνα
1295 4734 1512 4803 vocari,
1567 4735 1627 4788 in
1676 4735 1787 4790 hoc
1837 4737 2140 4792 asteritem

488 4826 746 4898 lapidem
779 4824 1048 4897 reperiri,
1083 4825 1183 4895 qui
1216 4839 1249 4879 a
1280 4824 1404 4879 sole
1427 4823 1772 4880 accenditur
1802 4830 1860 4880 et
1889 4826 1962 4881 ad
1993 4826 2145 4897 phil-

488 4921 580 4971 tra
603 4916 768 4971 utilis
801 4921 909 4970 est.

556 5008 767 5071 Idaeus,
800 5005 1084 5072 Rhodius,
1117 5006 1264 5060 Lissi
1296 5007 1381 5073 F.,
1416 5011 1592 5078 poeta
1623 5008 1845 5078 epicus,
1880 5009 1979 5079 qui
2011 5017 2141 5081 post

488 5095 753 5166 singulos
782 5111 985 5149 versus
1017 5095 1270 5150 alterum
1312 5111 1544 5150 versum
1605 5097 1879 5154 inserens
1929 5115 2141 5170 poema

490 5185 726 5238 Homeri
757 5184 942 5239 altero
965 5189 1127 5239 tanto
1159 5185 1389 5239 auctius
1420 5184 1577 5240 fecit.
1615 5187 1864 5258 Scripsit
1893 5193 1951 5242 et
2000 5187 2137 5257 alia,

486 5278 551 5328 ut
580 5273 796 5327 Rhodia
825 5274 898 5329 ad
937 5290 1140 5328 versus
1173 5274 1550 5329 hexametros
1579 5279 1669 5330 ter
1697 5276 1886 5332 mille.

553 5457 660 5519 (77)
692 5452 877 5516 Quam
918 5451 1069 5507 falsa
1114 5451 1238 5506 haec
1271 5452 1348 5505 sit
1398 5450 1658 5520 narratio
1690 5453 1902 5520 Suidaa,
1937 5454 2139 5510 Ionem

476 5523 790 5597 scripsisse
817 5525 886 5578 de
921 5523 1202 5597 meteoris
1235 5527 1292 5597 et
1350 5519 1630 5583 συνθέτους
1681 5520 1914 5597 *λά-(ους,
1945 5527 2139 5581 verbis

476 5594 814 5656 scholiastee
857 5597 929 5651 ad
992 5595 1291 5665 AristOph.
1326 5597 1520 5648 Pacem
1580 5594 1735 5649 male
1777 5594 2137 5655 intellectis.

483 5674 655 5729 docet
685 5672 897 5725 Kuster
922 5668 995 5724 ad
1019 5667 1213 5723 Suida:
1233 5667 1325 5721 loc
1372 5667 1442 5733 II,
1479 5682 1606 5739 pag.
1643 5670 1760 5735 135,
1795 5684 1866 5722 ex
1888 5669 2135 5723 Bentleii

479 5745 663 5817 Epist.
697 5743 770 5799 ad
801 5743 1050 5801 Milium.
1085 5741 1301 5797 Contra
1318 5755 1388 5796 ea
1419 5754 1631 5797 sensus
1663 5739 1996 5797 scholiastae
2019 5746 2130 5811 est,

1841 377 2082 440 INDEX
2126 374 2624 442 SCRIPTORUM

3775 382 3801 442 1
3813 384 3920 445 280

2349 514 2638 587 Ἱερατικὴ,
2700 514 2816 569 sive
2868 513 3117 569 scientia
3173 515 3575 582 sacerdotalis,
3639 516 3840 572 differt
3889 537 3918 575 a

2272 603 2672 676 philosophia,
2733 605 3124 676 consistitque
3181 606 3241 660 in
3301 606 3462 661 cultu
3508 605 3761 661 deorum
3810 615 3917 666 eta

2273 694 2469 748 causis
2526 694 2815 749 mundum
2871 695 3338 767 gubernantibus
3389 696 3616 767 incipit,
3667 702 3728 750 et
3771 698 3914 754 circa

2273 801 2371 839 eas
2402 790 2745 855 occupatur,
2769 785 3222 856 consideratque
3255 785 3588 840 animorum
3619 787 3909 843 immorta-

2271 872 2498 928 litatem
2544 874 2930 945 inﬁnitosque
2964 880 3331 928 mortuorum
3361 875 3515 946 apud
3546 875 3776 930 inferos
3803 882 3907 932 sta-

2270 967 2384 1029 tus,
2411 964 2511 1034 qui
2544 979 2649 1034 pro
2690 963 2939 1036 singulis
2987 963 3302 1018 virtutibus
3355 968 3413 1018 et
3442 964 3601 1019 vitiis
3651 965 3907 1020 attributi

2270 1058 2430 1119 sunt,
2463 1058 2522 1107 et
2547 1053 2736 1108 varias
2796 1052 3049 1108 durante
3071 1054 3191 1108 vita
3245 1053 3630 1126 migrationes
3691 1055 3909 1109 anima-

2267 1159 2422 1197 rum.
2451 1145 2738 1198 Auctores
2765 1142 2932 1197 fuere
2961 1143 3230 1214 Egyptii,
3263 1159 3297 1197 a
3317 1142 3532 1214 quibus
3562 1144 3902 1215 Pythagorei

2266 1231 2468 1286 omnia
2498 1231 2571 1286 ad
2603 1234 2827 1286 Graecos
2860 1231 3236 1286 transtulere.

2337 1317 2570 1389 Ἰησοῦς.
2631 1321 3006 1392 Colloquium
3066 1321 3347 1392 Philippi,
3403 1321 3749 1386 Christiani,
3783 1338 3903 1376 cum

2266 1410 2616 1477 Theodosio,
2641 1407 2878 1483 ἀρχηγῷ
2907 1411 3266 1476 Judzeorum,
3300 1411 3568 1466 habitum
3600 1412 3902 1465 Justiniani

2266 1500 2658 1570 temporibus,
2692 1500 2754 1554 in
2776 1517 2892 1570 quo
2915 1499 3149 1555 Judmus
3171 1501 3500 1571 proﬁtetur,
3528 1517 3587 1554 se
3615 1517 3684 1554 ex
3719 1500 3900 1554 codice

2263 1604 2499 1653 arcano,
2523 1588 2832 1644 Tiberiade
2864 1589 3146 1660 reposito,
3177 1589 3360 1660 probe
3405 1595 3779 1661 compertum
3810 1590 3903 1643 ha-

2263 1677 2424 1744 bere,
2457 1679 2657 1733 Jesum
2690 1695 2819 1734 esse
2853 1679 2951 1733 Dei
2987 1679 3220 1749 Filium,
3253 1684 3459 1734 natum
3484 1697 3553 1734 ex
3576 1679 3759 1733 Maria
3791 1680 3902 1732 Vir-

2262 1767 2396 1839 gine
2453 1774 2627 1838 atque
2705 1768 2847 1823 olim
2910 1769 3067 1824 inter
3118 1768 3455 1824 sacerdotes
3521 1773 3896 1838 cooptatum:

2260 1857 2586 1928 Josephum
2619 1875 2853 1929 quoque
2900 1859 2962 1912 in
3017 1858 3469 1913 Commentariis
3500 1858 3580 1912 De
3609 1857 3766 1911 bello
3803 1859 3898 1911 Ju-

2263 1945 2430 2002 daico
2453 1955 2655 2018 aperte
2677 1947 2896 2016 dicere,
2917 1950 3115 2003 Jesum
3142 1948 3202 2003 in
3227 1948 3446 2020 templo
3478 1965 3614 2002 cum
3650 1946 3902 2002 sacerdo-

2262 2034 2420 2090 tibus
2479 2053 2645 2092 sacra
2698 2038 2933 2094 fecisse.
2994 2039 3074 2092 De
3130 2038 3472 2092 narratione
3524 2037 3632 2092 illa
3690 2038 3803 2092 dixi
3845 2037 3898 2090 in

2263 2125 2464 2180 codice
2496 2127 2834 2198 apocrypha
2867 2127 3004 2182 Novi
3036 2129 3187 2182 Test.
3228 2143 3356 2199 pag.
3412 2128 3541 2193 371,
3574 2132 3636 2181 et
3668 2133 3803 2182 tom.
3834 2127 3895 2190 Il,

2261 2230 2392 2285 pag.
2427 2217 2562 2270 547:
2598 2216 2756 2286 quod
2783 2233 2915 2270 vero
2947 2217 3019 2270 ad
3050 2215 3712 2284 codicem,Thiberiade
3743 2232 3894 2286 repo-

2262 2303 2441 2359 situm
2473 2305 3157 2377 attinet,f‘conferendus
3187 2306 3241 2359 S.
3277 2306 3645 2377 Epiphanus,
3703 2304 3888 2360 haeresi

2262 2393 2349 2458 30,
2386 2410 2512 2465 pag.
2551 2395 2670 2449 I33.

2334 2483 2616 2554 Ignatius,
2651 2484 2936 2540 diaconus
2959 2491 3018 2540 et
3038 2490 3236 2540 custos
3267 2501 3539 2540 vasorum
3564 2486 3781 2556 Magnae
3801 2484 3886 2537 Ec-

2261 2571 2457 2626 clesiae
2489 2573 2659 2628 CPol.
2697 2578 2754 2627 et
2783 2575 2989 2628 Nicma)
3021 2574 3536 2645 metropolitanus,
3561 2572 3885 2646 grammati-

2260 2677 2384 2714 cus.
2418 2661 2665 2734 Scripsit
2700 2665 2853 2718 Vitas
2890 2666 3104 2718 Tarasii
3135 2670 3192 2718 et
3219 2663 3533 2734 Nicephori,
3568 2669 3885 2718 sanctorum

2261 2749 2638 2806 etbeatorum
2660 2753 3129 2824 patriarcharum
3150 2771 3162 2819 ;
3183 2755 3378 2823 Elegos
3393 2753 3759 2823 sepulcrales;
3779 2753 3886 2821 Epi-

2257 2839 2457 2906 stolas;
2491 2841 2709 2896 Iambos
2740 2841 2801 2896 in
2829 2843 3085 2896 Thomam
3106 2844 3417 2911 Antartem,
3443 2843 3749 2912 multaque
3770 2840 3885 2896 alia.

2329 2929 2480 2985 Ilion
2493 2929 2635 2985 urbs
2648 2930 2934 3003 Phrygias.
2949 2933 3234 3003 Tempore
3254 2923 3722 3004 Argonautarum
3757 2930 3890 3004 apud

2259 3018 2490 3072 Graecos
2520 3019 2838 3074 vaticinata
2870 3024 2959 3074 est
2982 3019 3204 3090 Sibylla
3219 3019 3544 3090 Erythraea,
3569 3019 3634 3074 in
3666 3017 3892 3090 Phrygia

2257 3121 2393 3158 vero
2422 3105 2585 3171 Tros,
2621 3105 2692 3159 Ili
2723 3111 2783 3160 et
2839 3105 3195 3177 Ganymedis
3248 3111 3437 3176 pater,
3497 3105 3780 3178 regnavit,
3805 3103 3886 3174 qui

2257 3193 2492 3264 Trojam
2524 3193 2585 3248 in
2617 3211 2790 3248 suum
2820 3211 3063 3262 nomen,
3098 3195 3267 3250 Ilium
3300 3196 3361 3249 in
3385 3195 3491 3249 ﬁlii
3517 3193 3796 3249 condidit.

2331 3279 2394 3335 Εἰ
2429 3281 2504 3353 μὴ
2541 3278 2746 3338 δῦναιο.
2780 3284 3068 3356 Theognis
3109 3289 3236 3339 erat
3288 3284 3565 3355 tragicus,
3598 3289 3772 3355 poeta
3799 3281 3884 3335 fri-

2255 3369 2448 3442 gidus,
2483 3389 2660 3443 quem
2691 3374 3097 3446 perstringens
3148 3373 3579 3444 Aristophanes
3610 3373 3712 3442 ait,
3778 3372 3888 3426 nive

2257 3458 2472 3516 texisse
2504 3461 2812 3517 Thraciam
2847 3467 3050 3527 totam,
3075 3468 3135 3517 et
3162 3461 3414 3517 ﬂumina
3443 3461 3798 3534 congelasse.

2327 3550 2453 3614 Ion,
2475 3550 2674 3618 Chius,
2709 3551 2985 3622 tragicus,
3017 3551 3238 3623 lyricus
3267 3557 3326 3606 et
3354 3551 3761 3623 philosophus,
3792 3551 3880 3605 Or-

2255 3639 2554 3694 thomenis
2585 3640 2764 3694 Xuthi
2795 3641 2880 3708 F.,
2913 3641 3226 3713 tragcedias
3255 3640 3466 3696 docere
3498 3641 3674 3711 C(Bpit
3703 3639 3880 3710 Olym-

2256 3729 2429 3801 piade
2476 3728 2733 3786 LXXXII.
2793 3731 3044 3786 Fabulas
3104 3729 3343 3800 scripsit
3382 3728 3511 3783 XII.
3573 3727 3885 3784 Secundum

2255 3818 2405 3874 alios
2437 3820 2608 3886 XXX,
2641 3818 2732 3874 vel
2784 3821 2903 3876 XL.
2949 3819 3109 3875 Idem
3141 3817 3382 3889 scripsit
3434 3817 3564 3890 Περὶ
3621 3816 3884 3890 μετεώρων

2254 3906 2341 3961 ml
2377 3906 2656 3970 συνθέτους
2699 3907 2896 3983 λόγους
2941 3911 3051 3980 (77)
3079 3909 3283 3980 (supra
3311 3909 3375 3962 in
3407 3901 3884 3979 Διθυραμϐοδιδάσ-

2251 3995 2460 4071 καλοι.)
2494 3999 2659 4054 Hunc
2689 3998 3113 4069 AristOphanes
3143 4014 3249 4069 per
3278 3997 3485 4068 jocum
3529 3996 3710 4052 Ἀοῖον
3743 3999 3887 4050 vocat

2253 4109 2280 4137 ‹‹
2311 4086 2690 4158 (matutinam
2721 4087 3000 4159 stellam).

2321 4179 2548 4249 Iophon
2574 4178 2956 4232 Atheniensis
2988 4178 3262 4248 tragicus,
3285 4177 3580 4249 genuinus
3597 4174 3882 4247 SOphoclis

2252 4267 2457 4339 tragici
2491 4268 2673 4336 ﬁlius,
2726 4285 2796 4322 ex
2839 4268 3189 4322 Nicostrata.
3243 4267 3373 4321 Fuit
3431 4271 3489 4321 et
3538 4267 3753 4321 nothus
3781 4263 3873 4334 ipsi

2255 4355 2414 4411 filius
2458 4357 2720 4425 Ariston,
2776 4373 2846 4410 ex
2898 4354 3284 4423 Theodoride,
3347 4355 3619 4426 Syconia.
3655 4352 3879 4410 Fabulas

2252 4446 2479 4516 Iophon
2511 4445 2714 4500 docuit
2749 4447 3202 4517 quinquaginta,
3237 4445 3298 4498 in
3350 4459 3604 4514 quarum
3651 4455 3874 4497 numero

2254 4539 2410 4602 sunt,
2446 4531 2768 4608 Ἀχιλλεὺς,
2801 4532 3078 4609 Τήλεφος,
3129 4531 3421 4598 Ἀκταίων,
3463 4528 3656 4600 Ἰλίου,
3689 4531 3874 4604 πέρσες,

2253 4622 2546 4695 Δεξαμενὸς
2580 4623 2813 4696 Βάκχαι,
2847 4619 3094 4693 Πενθεὺς,
3145 4628 3203 4676 et
3241 4621 3371 4677 alia)
3407 4621 3682 4692 quaadam
3710 4617 3872 4693 patris

2250 4711 2577 4783 Sophoclis.

2321 4801 2665 4873 Iphicrates,
2719 4803 2936 4858 sutoris
2994 4804 3078 4869 F.,
3139 4801 3540 4870 Atheniensis,
3600 4806 3792 4857 orator
3829 4799 3875 4850 et

2251 4889 2392 4946 belli
2426 4890 2564 4956 dux,
2596 4889 2697 4961 qui
2746 4891 2976 4961 primus
3015 4890 3076 4945 in
3121 4890 3449 4961 spoliorum
3506 4889 3873 4960 inscriptione

2251 4979 2419 5034 ducis
2471 4980 2841 5034 mentionem
2890 4979 3051 5046 fecit,
3103 4995 3238 5034 cum
3280 4984 3454 5033 antea
3503 4978 3690 5033 solius
3733 4972 3874 5030 urbis

2250 5085 2473 5124 nomen
2515 5069 2963 5125 inscriberetur.

2321 5159 2581 5214 lrenaeus
2610 5160 2840 5231 (Latina
2887 5160 3090 5232 lingua
3117 5159 3397 5232 Pacatus),
3429 5156 3752 5229 discipulus
3779 5153 3873 5206 lle-

2251 5249 2488 5316 liodori,
2523 5248 2774 5315 metrici,
2807 5249 3230 5322 grammaticus
3267 5246 3723 5313 Alexandrinus,
3751 5239 3875 5298 scri-

2249 5436 2454 5504 poetas
2478 5427 2942 5504 dithyrambicos
2978 5444 3176 5483 amare
3206 5426 3518 5504 verborum
3567 5421 3876 5504 trapslatio-

2249 5498 2357 5559 hes
2387 5500 2447 5556 ἐκ
2474 5504 2580 5554 τῶν
2611 5498 2941 5572 μετεώρων,
2976 5517 3047 5572 ex
3078 5499 3275 5566 astris,
3336 5499 3596 5572 nubibus
3626 5498 3876 5572 aliisquf}.

2250 5591 2377 5646 quas
2409 5574 2470 5628 in
2495 5563 2737 5646 sublimi
2776 5563 2958 5639 ﬁunt;
2990 5571 3246 5646 libenter
3264 5563 3453 5646 etiam
3485 5571 3569 5625 uti
3601 5563 3875 5625 vocabulis

2250 5643 2765 5716 sesquipedalibus
2787 5651 2846 5700 et
2874 5643 3256 5717 coagmentis.
3293 5643 3464 5698 HARL.
