4136 6316
281 381 434 442 1281

1559 369 1811 434 INDEX
1853 371 2358 438 SCPIPTORUM

3530 373 3690 434 1282

281 515 403 586 psit
431 510 564 585 Περὶ
594 513 695 579 τῆς
723 505 1026 579 ’Δθηναίων
1045 502 1419 581 προπομπείας,
1440 527 1469 556 ‹‹
1494 506 1572 560 De
1601 506 1927 561 Athenien-

2073 513 2304 569 ’latonis
2337 509 2591 566 auditor.
2629 510 2728 565 Hic
2770 524 2904 566 cum
2952 505 3300 576 Theodecte,
3356 510 3587 562 oratore
3634 511 3694 560 et

282 628 308 654 «ι
347 604 504 657 sium
538 617 703 657 more
735 600 966 671 aliquos
1009 615 1144 653 cum
1197 597 1422 651 honore
1483 593 1816 650 deducendi
1847 593 1940 648 vel

285 718 312 744 ‹‹
339 691 849 766 prosequendi.De
881 688 1416 744 Alexandrinorum
1438 685 1850 752 dialecto,eam
1867 682 1940 738 ab

284 807 312 834 ‹‹
338 784 532 838 Attica
561 780 871 835 deductam
905 777 1250 845 esse,libros
1279 777 1390 831 VII.
1416 775 1746 830 Atticorum
1770 788 1940 826 voca-

287 896 315 922 ‹‹
349 873 620 927 hulorum
649 871 832 924 libros
863 869 957 922 lII.
993 867 1200 922 Attica)
1233 863 1684 921 consuetudinis
1730 863 1790 916 in
1817 861 1943 916 dic-

287 984 316 1012 «
353 963 512 1017 tione
543 965 601 1016 et
630 963 898 1025 accentu,
933 955 1143 1011 ordine
1174 953 1545 1027 alphabetico
1598 952 1786 1006 libros
1843 949 1940 1006 III.

291 1073 320 1101 «
355 1051 606 1123 Regulas
628 1047 929 1104 Graacismi
960 1045 1183 1100 librum
1214 1046 1256 1099 Ι.
1292 1046 1372 1100 De
1397 1040 1942 1100 Atticismolibrum

293 1161 318 1193 α
345 1143 388 1208 I,
415 1162 442 1191 ι)
478 1146 537 1195 et
561 1138 746 1194 multa
771 1136 905 1192 alia.

366 1230 572 1298 Isaeus,
604 1245 760 1283 unus
809 1227 1014 1282 decem
1060 1229 1384 1292 oratorum,
1433 1223 1763 1296 discipulus
1819 1223 1940 1278 Iso-

288 1321 468 1376 cratis
483 1325 541 1375 et
556 1318 837 1390 magister
869 1315 1526 1386 Demosthenis,genere
1541 1311 1941 1368 Atheniensis.

288 1409 622 1465 Demetrius
654 1424 788 1462 vero
817 1407 960 1462 dicit
993 1421 1122 1461 esse
1153 1403 1627 1460 Chalcidensem.
1664 1404 1766 1458 Hic
1814 1403 1942 1458 lau-

292 1501 469 1555 datur
522 1504 589 1554 ut
639 1504 858 1562 orator,
932 1502 991 1552 et
1061 1496 1219 1568 quod
1279 1497 1735 1552 Demosthenem
1815 1496 1943 1551 sine

292 1590 569 1646 mercede
602 1589 952 1644 instituit.In
981 1587 1386 1643 adolescentia
1411 1587 1769 1656 luxuriosus,
1789 1593 1946 1660 post-

294 1698 368 1737 ea
425 1681 497 1736 ad
546 1680 764 1734 bonam
817 1678 1046 1750 frugem
1101 1694 1163 1734 se
1201 1678 1444 1749 recepit.
1499 1679 1699 1751 Itaque
1759 1680 1943 1734 inter,

295 1777 539 1843 rogatus
569 1769 640 1825 ab
673 1770 893 1840 aliquo,
951 1769 1085 1840 quis
1116 1769 1317 1840 piscis,
1378 1786 1510 1840 quas
1536 1771 1660 1824 avis
1719 1787 1821 1826 esu
1853 1788 1945 1826 es-

2045 603 2286 674 tragico,
2323 607 2380 657 et
2408 603 2802 673 Theopompo,
2863 599 3029 666 Chio,
3089 599 3350 668 itemque
3390 597 3693 669 Erythram

2045 692 2357 746 Naucratia
2390 692 2460 746 de
2488 690 2831 762 eloquentia
2858 689 3103 744 certavit
3129 688 3190 742 in
3213 686 3418 742 funere
3451 685 3694 742 Mausoli

2045 781 2228 848 Caris,
2260 783 2415 854 regis
2448 780 2862 836 IIalicarnassi.
2882 779 3188 834 Orationes
3214 778 3340 848 ejus
3359 781 3499 831 sunt
3519 776 3696 847 quin-

2047 889 2160 942 que
2197 888 2209 925 :
2238 892 2265 921 «
2297 871 2774 942 Amphictyonia,
2807 869 3160 933 Hortatoria,
3195 865 3470 938 Philippo
3504 865 3696 935 sepul-

2047 985 2074 1012 «
2105 979 2271 1016 crum
2296 978 2415 1016 non
2447 978 2576 1016 esse
2635 959 2975 1015 faciendum
3008 978 3021 1026 ;
3059 959 3138 1012 De
3172 957 3562 1030 migratione;
3617 957 3694 1009 De

2047 1073 2074 1101 «
2101 1067 2206 1105 sue
2238 1050 2566 1122 republica.

2120 1145 2288 1208 Ister,
2322 1139 2625 1197 Menandri
2658 1140 2790 1193 Istri
2820 1140 2905 1207 F.,
2935 1140 3246 1209 Cyrenaeus
3305 1139 3407 1190 aut
3438 1133 3694 1200 Macedo,

2047 1231 2387 1298 historicus,
2420 1229 2764 1284 Callimachi
2797 1244 2997 1282 servus
3046 1231 3105 1280 et
3160 1223 3508 1296 discipulus.
3544 1223 3691 1276 Her-

2048 1322 2284 1394 mippus
2298 1338 2430 1376 vero
2458 1320 2746 1392 Paphium
2778 1318 2972 1389 ipsum
3003 1317 3147 1372 dicit
3172 1317 3232 1370 in
3256 1313 3516 1370 secundo
3541 1312 3694 1366 libro

2050 1413 2122 1466 De
2151 1412 2337 1478 semis,
2383 1409 2483 1480 qui
2544 1407 2877 1463 eruditione
2931 1405 3074 1461 clari
3135 1406 3393 1460 fuerunt.
3453 1400 3699 1470 Scripsit

2047 1499 2236 1554 multa
2265 1503 2324 1552 et
2355 1498 2548 1552 soluta
2588 1501 2646 1552 et
2677 1495 2855 1568 ligata
2885 1493 3173 1550 oratione.

2119 1679 2390 1749 Jacobus,
2416 1677 2688 1750 Ilesychii
2724 1675 2936 1732 medici
2969 1677 3056 1744 F.,
3090 1673 3441 1746 cognomine
3479 1668 3698 1743 Ψύχρι-

2050 1786 2274 1836 στος,ΘΧ
2306 1770 2712 1824 Damnascena
2734 1765 3165 1839 provincia,qui
3191 1762 3360 1818 CPoli
3385 1760 3492 1815 sub
3507 1760 3700 1813 Leone

298 1868 434 1918 sent
463 1861 857 1916 suavissima?
888 1860 1066 1927 Desii,
1099 1859 1312 1930 inquit,
1347 1859 1440 1914 his
1487 1859 1665 1916 rebus
1688 1861 1946 1930 studere,
1979 1866 2024 1927 Β
2056 1860 2195 1930 imp.
2231 1859 2589 1914 medicinam
2623 1857 2887 1912 exercuit
2921 1853 3168 1927 egregie,
3203 1853 3285 1906 ita
3342 1857 3406 1905 ut
3435 1867 3469 1904 a
3500 1848 3701 1902 multis

297 1953 581 2025 quoniam
613 1950 904 2020 intellexi,
939 1973 967 1999 ‹‹
1003 1967 1099 2004 me
1151 1950 1378 2004 Tantali
1423 1951 1625 2006 hortos
1657 1952 1944 2007 vindemi-

298 2066 323 2096 α
355 2059 505 2112 asse,
542 2065 570 2091 »
606 2042 716 2096 hoc
747 2047 838 2096 est
866 2057 1074 2096 omnes
1105 2041 1432 2112 voluptates
1452 2041 1677 2096 umbraa
1705 2047 1762 2096 et
1781 2059 1946 2097 som-

297 2134 398 2188 nio
432 2149 562 2187 esse
596 2131 841 2186 similes.

373 2221 717 2289 Ischander,
755 2219 1008 2292 tragicus
1039 2219 1268 2275 histrio.

369 2311 652 2377 Isidorus,
688 2327 887 2378 senex,
922 2310 1242 2378 Pclusiota,
1273 2309 1364 2364 vir
1391 2310 1780 2380 clarissimus,
1812 2312 1946 2384 phi-

295 2403 584 2472 losophus
616 2405 674 2455 et
694 2405 911 2455 orator.
931 2400 1176 2471 Scripsit
1205 2401 1488 2472 epistolas
1519 2403 1701 2470 MMM,
1733 2401 1949 2474 quibus

279 2512 307 2548 s
327 2509 525 2548 acram
548 2492 909 2563 Scripturam
934 2490 1377 2563 interpretatur.

356 2583 647 2652 Isidorus,
680 2581 1091 2652 philosophus,
1128 2581 1227 2652 qui
1260 2581 1369 2636 sub
1419 2581 1701 2638 fratribus
1758 2583 1946 2656 (suis),

295 2672 346 2727 si
378 2672 512 2742 quis
545 2671 695 2726 alius
725 2671 786 2726 in
839 2670 1172 2742 disciplinis
1203 2671 1612 2743 philosophice
1673 2689 1736 2728 se
1781 2690 1949 2729 exer-

295 2762 442 2826 cuit,
472 2766 530 2836 et
559 2777 859 2815 sacrorum
907 2760 1076 2816 valde
1109 2761 1411 2817 studiosus
1441 2762 1572 2830 fuit,
1609 2763 1724 2818 vita
1755 2763 1946 2834 philo-

303 2851 550 2922 sophus,
585 2850 834 2904 scientia
889 2867 1024 2905 vero
1065 2868 1186 2906 non
1239 2852 1381 2906 satis
1443 2852 1712 2907 excultus
1770 2858 1829 2907 et
1887 2854 1946 2908 in

292 2941 629 2996 dialecticis
677 2941 1095 2996 inexercitatus
1125 2941 1312 3012 magis
1345 2958 1522 3012 quam
1574 2942 1776 2998 hebes.
1834 2943 1950 3014 Ipsi

304 3030 670 3106 adolescenti
721 3029 938 3085 mirum
996 3029 1278 3101 quiddam
1337 3031 1553 3086 accidit
1585 3049 1598 3088 :
1632 3048 1770 3088 nam
1821 3033 1951 3104 ejus

305 3120 574 3191 aequalis,
610 3126 668 3174 et
695 3120 912 3174 sororis
937 3120 1130 3186 Illius,-
1149 3137 1336 3176 annos
1395 3121 1564 3177 XVIII
1613 3128 1808 3191 natus,
1841 3127 1953 3178 sta-

306 3211 411 3265 tim
443 3228 477 3265 a
507 3211 698 3281 prima
747 3215 918 3264 {etate
968 3210 1228 3266 divinam
1279 3210 1500 3283 ingenii
1552 3212 1666 3267 vim
1716 3230 1836 3284 prae
1891 3233 1954 3271 se

300 3301 522 3368 ferens,
548 3299 620 3354 de
645 3304 797 3354 tecto
828 3299 1106 3370 delapsus
1138 3305 1382 3371 repente
1412 3301 1591 3356 vitam
1615 3302 1787 3358 ﬁniit.
1822 3305 1958 3362 Om-

302 3389 480 3444 nibus
513 3389 691 3461 igitur
744 3389 969 3460 ingenti
1027 3389 1190 3443 luctu
1247 3405 1380 3444 eum
1433 3393 1955 3464 prosequentibus,

296 3478 428 3549 ipse
459 3494 565 3548 per
596 3494 872 3532 somnum
924 3476 998 3532 ad
1054 3477 1350 3533 Isidorum
1397 3480 1666 3549 accessit,
1702 3497 1958 3554 eumque

306 3567 532 3621 solatus
564 3571 670 3620 est.

381 3652 474 3716 Et;
499 3652 785 3726 λατομίας.
817 3654 1200 3723 Philoxenus,
1233 3661 1408 3727 poeta
1465 3657 1957 3731 dithyrambicus,

308 3763 444 3800 cum
465 3745 752 3817 Dionysii,
789 3747 1024 3816 tyranni
1057 3753 1350 3818 poemata,
1376 3753 1577 3819 utpote
1601 3750 1776 3820 mala,
1807 3750 1960 3807 ferre

309 3853 429 3890 non
460 3835 758 3906 posset,ab
792 3835 919 3907 ipso
978 3837 1039 3890 in
1100 3836 1451 3908 lapicidinas
1483 3844 1573 3893 est
1629 3840 1956 3911 conjectus.

307 3927 519 3980 Postea
576 3925 862 3980 liberatus
923 3927 1248 3981 amicorum
1310 3927 1604 3998 precibus,
1641 3935 1698 3983 et
1755 3947 1960 3986 rursus

307 4015 559 4070 audiens
591 4016 714 4084 illa,
749 4017 1025 4085 surrexit,
1061 4015 1285 4084 dicens,
1324 4017 1508 4072 satius
1538 4035 1669 4074 esse
1700 4020 1762 4074 in
1812 4020 1960 4076 lato-

314 4107 451 4161 miis
477 4106 718 4173 versari,
750 4122 928 4176 quam
961 4105 1148 4177 ipsius
1179 4111 1456 4177 poemata
1501 4108 1727 4176 audire,
1758 4108 1960 4164 addito

315 4196 513 4250 dicto:
566 4195 731 4256 Οἶκος
788 4191 968 4270 φίλος,
1030 4195 1179 4255 οἶκος
1230 4197 1468 4268 ἀριστος,
1519 4198 1708 4255 domus
1761 4198 1962 4268 amica,

311 4287 500 4341 domus
531 4288 760 4356 optima,
798 4285 955 4355 quod
982 4285 1139 4340 valet
1167 4285 1238 4340 de
1271 4287 1588 4342 testudine.

380 4377 689 4444 Isocrates,
718 4374 1032 4445 Theodori,
1064 4375 1213 4431 fabri
1277 4377 1579 4447 tibiarum,
1641 4380 1724 4444 F.,
1790 4380 1963 4435 Athe-

309 4465 556 4531 niensis,
591 4471 812 4531 orator,
848 4472 1022 4522 natus
1083 4465 1429 4538 Olympiade
1467 4468 1752 4534 LXXXVI,
1785 4469 1846 4524 id
1875 4473 1967 4526 est

310 4560 445 4626 post
468 4554 693 4608 bellum
725 4553 1316 4626 Peloponnesiacum.
1355 4557 1456 4612 Hic
1487 4556 1560 4611 ob
1592 4558 1750 4613 vocis
1773 4558 1964 4614 imbe-

2055 1949 2352 2004 diceretur
2382 1950 2590 2022 σωτὴρ,
2623 1954 2689 2003 ut
2710 1945 3010 2018 quondam
3029 1941 3701 2014 .Esculapius,visusque

2055 2039 2293 2094 habere.
2357 2034 2831 2108 Ἀσκληπιαδικήν
2863 2034 3050 2108 ψυχήν
3093 2032 3181 2086 καὶ
3215 2031 3371 2106 φύσιν
3406 2028 3697 2082 Παιώνιον.

2053 2129 2146 2184 Sic
2177 2134 2236 2183 et
2282 2129 2552 2184 Phidiam
2611 2125 2970 2190 ἐνθουσιῶντα
3038 2121 3395 2194 δημιουργεῖν
3457 2118 3702 2174 numine

2054 2219 2298 2290 plenum
2352 2225 2577 2274 statuas
2633 2218 2867 2284 fecisse,
2925 2220 2985 2271 et
3039 2213 3354 2269 Zeuxidem
3413 2209 3702 2280 imagines

2053 2310 2336 2380 pinxisse,
2372 2314 2484 2364 etc.
2510 2311 2575 2382 (E
2607 2307 2962 2377 Damascio.)

2123 2401 2373 2456 Jacobus
2403 2401 2614 2456 hausto
2647 2414 2872 2453 veneno
2905 2395 3012 2450 sub
3046 2393 3289 2449 Valente
3350 2389 3516 2455 obiit,
3577 2403 3706 2442 sua-

2053 2490 2230 2546 dente
2263 2492 2374 2546 hoc
2397 2491 2450 2546 ei
2485 2488 2722 2545 Libanio
2757 2488 3044 2560 sophista,
3075 2483 3234 2555 quod
3278 2479 3702 2551 inquisivisset,

2055 2582 2188 2652 quis
2220 2582 2281 2636 in
2327 2581 2575 2652 imperio
2612 2579 2838 2635 Valenti
2898 2592 3280 2632 successurus
3340 2576 3514 2626 esset.
3577 2568 3700 2624 Vid.

2056 2677 2180 2726 not.
2216 2672 2472 2738 Kusteri,
2507 2676 2545 2726 t.
2582 2672 2652 2737 lI,
2705 2688 2762 2741 p.
2798 2669 2866 2722 88
2897 2684 3022 2738 seq.

2124 2762 2511 2827 Jamblichus,
2571 2761 2842 2827 libertus,
2903 2757 3141 2828 scripsit
3197 2753 3554 2824 Babylonica
3586 2749 3704 2802 sive

2057 2852 2343 2907 lihodinis
2376 2857 2434 2906 et
2490 2850 2794 2905 Sinonidis
2826 2864 3058 2904 amores
3091 2845 3259 2900 libris
3291 2843 3537 2897 XXXIX.
3600 2840 3702 2892 llic

2057 2942 2176 3014 agit
2204 2942 2274 2997 de
2322 2942 2563 3009 Zobara,
2599 2939 2893 3007 eunucho,
2925 2933 3356 3007 Mesopotamiae
3396 2929 3704 2985 formosis-

2057 3034 2223 3089 sima:
2255 3039 2538 3089 amatore.

2126 3123 2490 3180 Jamblichus
2529 3123 2700 3191 alter,
2733 3139 2802 3177 ex
2847 3118 3122 3175 Chalcide
3180 3115 3378 3187 Syriae,
3439 3111 3704 3183 philoso-

2061 3214 2234 3285 phus,
2268 3213 2600 3284 discipulus
2615 3209 3057 3283 Porphyrii,qui
3075 3207 3186 3262 fuit
3209 3204 3446 3260 auditor
3467 3199 3704 3255 Plotini.

2065 3303 2218 3356 Vixit
2263 3302 2638 3358 Constantini
2672 3301 2813 3372 imp.
2869 3296 3256 3369 temporibus.
3293 3292 3494 3347 Varios
3523 3289 3708 3344 libros

2061 3392 2506 3464 philOSOphicos
2537 3390 2792 3462 scripsit.

2132 3483 2331 3550 Jason,
2363 3481 2733 3548 Menecratis,
2765 3481 2852 3544 E.,
2882 3479 3122 3549 Nysaius
3175 3491 3209 3530 a
3237 3478 3425 3546 patre,
3459 3488 3493 3525 a
3520 3473 3709 3523 matre

2065 3570 2353 3639 Rhodius,
2375 3570 2785 3642 philosophus,
2817 3565 3147 3637 discipulus
3177 3569 3238 3618 et
3266 3579 3335 3618 ex
3367 3560 3492 3615 filia
3522 3573 3706 3628 nepos

2067 3667 2124 3715 et
2153 3677 2459 3716 successor
2488 3658 2790 3714 Posidonii
2822 3654 3184 3728 philosophi,
3217 3653 3277 3707 in
3317 3649 3520 3706 schola
3577 3663 3708 3717 qum

2066 3757 2193 3807 erat
2224 3752 2441 3808 Ithodr.
2477 3750 2722 3821 Scripsit
2748 3772 2774 3800 «
2798 3747 3127 3803 Illustrium
3175 3744 3435 3798 virorum
3472 3743 3628 3797 Vitas
3658 3751 3711 3798 et

2066 3841 2606 3912 «Philosophorum
2635 3839 3050 3894 Successiones
3067 3858 3094 3885 »
3112 3841 3168 3890 et
3185 3833 3513 3890 secundum
3533 3849 3712 3903 quos-

2067 3932 2202 3987 dam
2234 3956 2260 3982 ‹‹
2296 3932 2479 3987 libros
2517 3933 2586 3986 IV
2643 3933 2720 3986 De
2778 3929 2897 3984 vita
2945 3928 3200 3983 Graeciaa.
3235 3949 3260 3976 »
3289 3926 3388 3980 Hic
3421 3924 3599 3980 etiam
3632 3929 3709 3979 De

2065 4022 2256 4077 Rhodo
2284 4021 2539 4093 scripsit.

2137 4112 2314 4167 Jason
2370 4110 2637 4182 Argivus,
2695 4109 3038 4177 historicus,
3109 4106 3316 4178 junior
3372 4105 3712 4172 Plutarcho,

2068 4201 2485 4269 Chaaronense,
2565 4198 3007 4271 grammaticus,
3078 4196 3316 4267 scripsit
3371 4196 3443 4250 De
3507 4196 3718 4251 Graecia

2070 4289 2369 4356 librosIV,
2423 4289 2524 4360 qui
2582 4289 2892 4343 continent
2938 4285 3290 4356 antiquitate
3360 4284 3596 4338 Graeciaa
3658 4287 3716 4336 et

2069 4379 2377 4434 historiam
2408 4379 2726 4432 Persarum
2759 4381 2817 4432 et
2856 4393 2950 4430 res
3008 4375 3081 4430 ab
3139 4372 3474 4429 Alexandro
3522 4377 3716 4443 gestas

2068 4484 2257 4539 usque
2289 4467 2363 4523 ad
2393 4467 2620 4522 obitum
2651 4467 2780 4539 ejus
2805 4471 2862 4520 et
2887 4471 3119 4536 tempus
3148 4462 3442 4533 illud,quo
3473 4461 3718 4515 Athenas

2071 4558 2144 4613 ab
2175 4557 2506 4628 Antipatro,
2539 4555 2854 4611 Cassandri
2887 4559 3078 4626 patre,
3099 4557 3284 4623 capta)
3314 4551 3575 4606 fuerunt.

311 4643 623 4698 cillitatem
655 4647 713 4697 et
743 4643 804 4698 in
837 4643 1086 4699 dicendo
1131 4646 1546 4702 verecundiam
1577 4663 1786 4704 causas
1841 4665 1962 4703 non
2005 4618 2049 4682 D
2142 4649 2418 4713 Joannes,
2453 4645 2761 4716 the010gus
2822 4649 2879 4698 et
2951 4641 3330 4714 evangelista,
3392 4656 3462 4694 ex
3513 4637 3720 4692 exsilio

314 4732 452 4804 egit,
486 4731 590 4786 sed
621 4731 821 4803 plures
853 4733 1089 4788 erudiit.
1123 4735 1434 4791 Orationes
1465 4736 1703 4808 scripsit
1731 4739 1962 4807 XXXII,

317 4827 376 4877 et
434 4839 590 4877 anno
652 4822 843 4876 aetatis
902 4823 1015 4876 CVI
1068 4822 1232 4878 obiit.
1323 4825 1554 4879 Fratres
1615 4825 1743 4897 ejus
1799 4825 1965 4881 fuere

314 4912 613 4982 Tisippus,
647 4913 1107 4978 Theomnestus,
1168 4918 1226 4968 et
1280 4913 1649 4980 Theodorus,
1687 4916 1969 4988 magister

318 5019 454 5056 vero
488 5001 728 5073 Gorgias
757 5019 769 5068 ;
803 5002 902 5056 alii
934 5002 1171 5070 Tisiam,
1205 5003 1554 5074 Erginumve
1612 5005 1701 5060 vel
1760 5006 1966 5060 Prodi-

317 5106 474 5159 cum,
499 5091 599 5144 alii
632 5089 888 5161 denique
917 5089 1125 5146 dicunt
1172 5091 1621 5150 Theramenem.
1656 5095 1968 5150 Orationes

320 5179 450 5251 ejus
482 5185 621 5235 sunt
651 5179 944 5251 plurimae.

388 5273 698 5339 Isocrates,
733 5270 1012 5341 Amyclae,
1038 5269 1397 5342 philosophi,
1431 5272 1516 5340 F.,
1551 5273 1880 5344 Apolloniae
1908 5273 1969 5328 in

316 5361 527 5427 Ponto,
560 5359 646 5413 vel
678 5358 974 5413 Heraclem
1032 5363 1226 5427 natus,
1255 5365 1320 5413 ut
1345 5360 1550 5415 scribit
1601 5362 1972 5418 Callistratus

319 5453 521 5503 orator
547 5465 561 5516 ;
586 5446 918 5519 discipulus
948 5451 1006 5503 et
1035 5465 1343 5504 successor
1370 5450 1645 5506 Isocratis
1675 5452 1888 5524 Magni,
1913 5456 1972 5506 et

2076 4737 2264 4792 Patmi
2281 4751 2550 4791 reversus
2577 4734 2767 4790 aetatis
2797 4749 2952 4788 anno
2986 4731 3308 4787 centesimo
3340 4727 3722 4799 Evangelium

2076 4825 2430 4898 conscripsit
2460 4830 2517 4879 et
2545 4822 2760 4879 deinde
2791 4822 3058 4895 pervenit
3089 4820 3163 4876 ad
3188 4835 3412 4875 annum
3430 4815 3724 4872 CXX.Illic

2076 4921 2273 4970 autem
2329 4915 2437 4986 (78)
2525 4913 2767 4985 degens,
2831 4907 3196 4986 συγγράφεται
3250 4907 3350 4975 τήν
3423 4902 3722 4978 Θεολογίαν

2075 5004 2454 5076 Theologiam
2471 5004 2605 5075 (hoc
2638 5008 2728 5057 est
2747 5001 3150 5073 Evangelium)
3168 4996 3729 5068 conscripsit.Chry-

2078 5099 2376 5149 sostomus
2410 5099 2527 5147 tres
2559 5092 2688 5164 ejus
2737 5091 3018 5163 epistolas
3064 5094 3122 5144 et
3150 5087 3546 5160 Apocalypsin
3577 5102 3724 5156 pro-

2079 5184 2382 5240 canonicis
2413 5182 2615 5238 habet.

2149 5275 2407 5329 Joannes
2437 5273 2917 5344 Chrysostomus,
2974 5269 3400 5339 Antiochenus,
3433 5265 3726 5339 principio

2079 5365 2392 5438 presbyter
2421 5363 2847 5430 Antiochiae,et
2875 5360 3109 5416 Eusebii
3140 5358 3438 5426 Emeseni,
3472 5357 3730 5428 philoso-

2081 5455 2206 5528 phi,
2242 5460 2301 5511 et
2320 5453 2558 5510 Diodori
2592 5457 2866 5508 sectator.
2900 5452 3003 5506 Hic
3037 5450 3226 5506 multa
3255 5448 3566 5520 scripsisse
3606 5445 3726 5500 fer-

389 5657 504 5732 (7_8)
535 5658 748 5730 Ephesi
777 5657 1062 5732 intellige,
1096 5674 1167 5715 ex
1195 5658 1600 5729 Chrysostomi
1631 5659 1879 5716 homilia
1935 5658 1999 5716 in
2053 5659 2364 5726 Joannem,
2398 5660 2439 5714 t.
2490 5655 2584 5724 VI,
2617 5671 2678 5726 p.
2708 5655 2834 5721 505,
2867 5668 2938 5707 ex
2995 5667 3111 5721 quo
3143 5650 3339 5705 locum
3394 5645 3603 5704 Suidas
3634 5661 3727 5700 re—

314 5729 504 5799 petiit.
