4136 6316
493 336 650 401 1283

1809 325 2049 392 INDEX
2092 323 2590 389 SCRIPTOBUM

3743 325 3925 385 1284

494 480 619 541 tur,
653 472 716 527 in
778 469 995 543 quibus
1057 467 1358 524 excellunt
1411 467 1696 522 Sermones
1744 465 1809 520 de
1839 462 2140 520 sacerdotio
2246 461 2370 518 Tito
2400 461 2530 532 ejus
2560 458 2705 529 ﬁlio,
2739 461 2966 532 captus,
2994 474 3182 530 usque
3212 458 3287 515 ad
3344 458 3922 543 Hierosolymorum

488 570 618 618 tum
650 560 1014 616 sublimitate
1047 563 1105 614 et
1134 557 1490 626 elocutione,
1552 560 1677 611 tum
1737 554 2022 610 suavitate
2077 554 2136 606 et

491 653 783 725 elegantia
809 650 1138 705 verborum.
1160 652 1302 702 Cum
1334 647 1426 702 his
1456 650 1688 702 certant
1714 645 1994 701 Sermones
2007 643 2137 715 ejus

490 765 519 794 «
552 743 613 797 in
644 741 873 797 Davidis
904 738 1170 794 Psalmos
1196 744 1248 792 et
1280 737 1340 791 in
1361 737 1603 791 Joannis
1634 734 2016 807 Evangelium
2033 730 2135 787 ad-

490 854 519 883 ‹‹
552 830 907 891 natationes,
941 835 993 882 et
1024 828 1084 882 in
1115 827 1477 894 Mattheeum,
1526 827 1785 880 Marcum
1832 829 1889 878 et
1918 823 2134 877 Lucam

487 944 515 972 «
535 919 1245 978 Commentarii.»Ceetera
1273 933 1406 972 vero
1422 916 1552 989 ejus
1575 915 1797 986 scripta
1820 927 2135 969 numerum

488 1014 792 1081 superant.
824 1009 1027 1062 Totam
1060 1007 1221 1062 enim
1247 1005 1623 1061 etJudaicam
1654 1010 1712 1059 et
1738 1002 2134 1059 Christianam

488 1099 849 1169 Scripturam
874 1094 1317 1152 commentariis
1340 1094 1743 1167 explicavit,ut
1761 1091 1915 1148 alius
1935 1105 2131 1146 nemo.

487 1186 782 1241 Plurimas
815 1185 992 1240 etiam
1050 1184 1350 1239 orationes
1409 1182 1471 1237 in
1520 1181 1758 1237 laudem
1806 1182 2135 1249 martyrum

485 1280 757 1347 prompte
787 1279 847 1330 et
874 1291 946 1329 ex
968 1278 1230 1344 tempore
1261 1271 1489 1341 habuit,
1524 1271 1745 1342 quippe
1762 1271 1862 1341 qui
1886 1266 2133 1323 ﬂumine

485 1364 843 1436 eloquentim
872 1363 1033 1435 ipsas
1064 1361 1180 1417 Nili
1209 1365 1536 1417 cataractas
1563 1363 1890 1431 superaret.
1924 1356 2133 1412 Nullus

486 1457 647 1511 enim
678 1454 1021 1511 mortalium
1050 1454 1120 1510 ab
1153 1453 1317 1509 omni
1349 1469 1468 1507 aevo
1502 1456 1666 1506 tanta
1694 1447 1931 1506 dicendi
1962 1447 2134 1518 copia

484 1545 828 1614 abundavit,
862 1544 1032 1613 adeo,
1054 1548 1122 1598 ut
1150 1542 1310 1598 solus
1341 1541 1553 1597 merito
1604 1554 1851 1594 aureum
1897 1536 2046 1592 illud
2075 1541 2133 1591 et

483 1635 749 1691 divinum
784 1650 1006 1689 nomen
1034 1638 1387 1688 consecutus
1449 1631 1544 1685 sit.
1581 1629 1945 1700 Scriptorum
2002 1626 2131 1697 ejus

481 1740 802 1780 numerum
831 1740 1145 1779 recensere
1175 1739 1296 1778 non
1328 1720 1589 1777 hominis
1622 1717 1829 1783 sit,sed
1870 1717 1994 1785 Dei,
2027 1715 2129 1787 qui

2194 540 2205 561 ¹
2243 542 2737 622 expugnationem
2759 547 2915 619 apud
2933 547 3066 629 illos
3091 548 3331 629 mansit,
3354 542 3420 604 et
3449 565 3588 605 cum
3608 548 3759 621 ipsis
3782 552 3917 605 Ro-

2243 656 2401 697 mam
2432 639 2731 713 profectus
2754 638 2920 694 libros
2956 628 3057 694 V11
3100 640 3169 694 De
3219 632 3435 694 excidio
3488 639 3909 710 Hierosolymi-

2243 736 2372 785 tano
2398 727 2856 800 imperatoribus
2888 727 3121 797 obtulit,
3155 728 3255 799 qui
3288 728 3348 783 in
3373 726 3737 784 bibliotheca
3786 744 3911 800 pu-

2241 819 2397 875 blica
2427 822 2567 891 sunt
2596 817 2860 890 repositi,
2885 822 2945 885 et
2959 814 3031 871 ob
3052 816 3213 872 illius
3246 817 3451 889 scripti
3480 817 3911 874 celebritatem

2242 914 2437 965 statua
2465 907 2720 991 donatus
2764 910 2872 962 est.
2933 905 3180 980 Scripsit
3230 906 3409 963 etiam
3468 907 3909 978 Antiquitatum

2238 1001 2600 1055 Iudaicarum
2631 996 2796 1054 libros
2832 997 2949 1062 XX,
3002 996 3073 1051 ab
3130 994 3370 1051 exordio
3429 995 3637 1051 mundi
3696 1014 3906 1069 usque

2240 1091 2313 1146 ad
2344 1091 2470 1146 XIV
2498 1105 2722 1145 annum
2755 1086 3070 1143 Domitiani
3104 1086 3371 1142 Caesaris.
3405 1078 3551 1142 Item
3582 1087 3720 1144 duos
3740 1088 3909 1144 alios

2238 1181 2663 1250 Antiquitatum
2692 1178 2859 1234 libros
2890 1183 3079 1235 contra
3095 1177 3906 1253 Appionem,grammaticum

2240 1260 2422 1339 Alex},
2454 1269 2555 1341 qui
2587 1267 2696 1325 sub
2727 1266 2988 1340 Caligula
3017 1284 3051 1324 a
3078 1273 3243 1339 parte
3293 1266 3609 1340 gentilium
3657 1269 3900 1342 legatus

2238 1361 2456 1417 missus
2470 1363 2650 1426 est,ut
2674 1358 2940 1414 oratione
2954 1357 3208 1429 quadam
3233 1357 3545 1423 Philonem
3557 1349 3899 1428 accusaret,

2238 1466 2368 1523 quae
2400 1447 2591 1520 gentis
2620 1446 2877 1503 Judaicze
2908 1444 3385 1503 criminationem
3418 1447 3815 1504 continet.Est
3836 1454 3900 1506 et

2236 1537 2389 1594 alius
2409 1536 2561 1591 liber
2582 1535 2826 1609 omnino
2847 1535 3168 1608 praeclarus
3193 1536 3263 1590 De
3284 1534 3616 1609 principatu
3627 1539 3893 1609 rationis,

2237 1627 2297 1681 in
2321 1643 2438 1698 quo
2471 1623 2737 1697 martyrii
2763 1606 3232 1679 Machabmorum
3253 1606 3543 1681 meminit.
3570 1626 3674 1681 Hic
3729 1606 3891 1682 libro

2235 1715 2410 1770 XVIII
2451 1714 2739 1786 Antiquit.
2771 1718 2972 1785 aperte
2996 1712 3232 1778 fatetur,
3265 1720 3507 1787 propter
3544 1714 3895 1770 multitudi—

479 1816 682 1871 omnia
710 1814 1032 1887 cognoscit.
1081 1813 1187 1868 Hic
1241 1813 1294 1870 S.
1356 1812 1613 1867 Joannes
1666 1809 1846 1864 vitam
1900 1821 2129 1862 summe
2157 1823 2206 1889 Β
2234 1820 2372 1859 nem
2404 1798 2830 1858 miraculorum
2854 1792 3150 1857 Christum
3183 1819 3217 1857 a
3245 1803 3461 1858 Judmis
3499 1803 3888 1885 interfectum

480 1905 799 1961 asceticam
826 1903 1053 1975 agebat,
1088 1907 1201 1958 etc.

550 1995 830 2060 Joannes,
879 1991 1323 2065 grammaticus,
1384 1986 1839 2055 Alexandrinus,
1913 2000 2128 2054 cogno-

480 2087 682 2137 mento
736 2081 1125 2152 Philoponus.
1181 2079 1367 2152 Hujus
1414 2077 1672 2150 plurima
1720 2079 1861 2130 sunt
1910 2073 2131 2144 scripta

479 2171 886 2245 grammatica,
912 2167 1347 2242 philosophica,
1406 2164 1800 2225 arithmetica,
1832 2162 2130 2217 rhetorica

482 2266 541 2316 et
570 2261 632 2315 in
663 2276 892 2315 sacram
919 2259 1284 2328 Scripturam
1344 2260 1401 2310 et
1457 2260 1665 2310 contra
1694 2252 1865 2308 XVIII
1931 2246 2124 2305 Procli

478 2347 927 2421 argumenta(de
941 2346 1270 2401 aeternitate
1286 2343 1578 2414 mundi)et
1598 2346 1807 2397 contra
1827 2341 2123 2395 Severum.

479 2436 593 2492 Sed
623 2442 821 2492 tamen
878 2435 951 2491 ab
1003 2434 1279 2489 Ecclesiae
1337 2431 1678 2488 doctoribus
1726 2435 1792 2484 ut
1840 2429 2127 2484 Tritheita

477 2526 771 2599 rejicitur,
804 2542 916 2581 nec
949 2525 1010 2579 in
1042 2522 1510 2579 orthodoxorum
1541 2520 1872 2593 catalogum
1905 2518 2126 2574 admit-

478 2617 644 2671 titur.

543 2708 818 2773 Joannes,
861 2702 1403 2775 Philadelphiensis
1461 2700 1672 2772 Lydus.
1725 2700 1829 2755 Hic
1886 2697 2125 2770 scripsit

470 2800 546 2853 De
574 2797 842 2852 mensibus
896 2796 1115 2850 librum
1170 2810 1377 2861 unum,
1434 2797 1492 2847 et
1538 2795 1615 2846 De
1664 2793 1974 2859 Diosemeis,
2005 2790 2124 2844 sive

474 2892 859 2957 tempestatum
878 2884 1303 2955 signiﬁcatione,
1353 2882 1632 2949 alterum,
1692 2881 1953 2952 itemque
1998 2895 2121 2935 ma-

474 2977 795 3032 thematica
824 2973 1001 3030 varia.
1034 2974 1115 3028 Ea
1162 2972 1455 3028 dedicavit
1511 2969 1787 3037 Gabrieli,
1821 2969 2119 3041 praefecto.

542 3067 820 3135 Joannes,
863 3068 1252 3136 cognomento
1289 3060 1574 3127 Stobaeus,
1609 3059 1848 3130 scripsit
1875 3058 2125 3114 Florile—

2232 1893 2439 1959 fuisse,
2474 1897 2532 1947 et
2557 1893 2846 1948 Joannem
2896 1892 3219 1964 Baptistam
3242 1908 3374 1948 vere
3404 1892 3587 1948 fuisse
3619 1884 3889 1967 prophe-

2231 1987 2457 2049 tam,et
2476 1986 2719 2053 propter
2775 1979 2997 2035 caedem
3048 1980 3247 2036 Jacobi
3295 1981 3568 2053 apostoli,
3603 1983 3887 2039 Hieroso-

2232 2070 2393 2142 lyma
2423 2074 2645 2125 vastata
2674 2069 2879 2124 fuisse.
2928 2069 3024 2125 Sic
3054 2074 3250 2125 autem
3277 2070 3350 2125 de
3390 2071 3641 2127 Domino
3670 2079 3885 2130 nostro

2228 2161 2365 2216 Jesu
2396 2160 2626 2215 Christo
2656 2158 2901 2213 scribit:
2937 2159 3137 2214 Eodem
3197 2165 3435 2232 tempore
3485 2164 3696 2217 exstitit
3726 2165 3888 2218 Jesus

2228 2247 2573 2319 virsapiens,
2603 2250 2671 2315 si,
2721 2251 2832 2303 etc.
2866 2248 3123 2325 (Joseph.
3185 2265 3344 2315 xvm,
3400 2250 3454 2319 4,
3510 2251 3729 2322 Antiq.)
3776 2252 3885 2307 Hic

2230 2336 2588 2410 Vespasiano
2636 2336 2912 2410 praedixit
2961 2327 3281 2407 imperium
3339 2337 3444 2410 (III,
3496 2341 3581 2407 14,
3640 2339 3710 2395 De
3737 2341 3881 2396 bello

2227 2427 2383 2498 Iud.)

2298 2515 2593 2583 Jovianus,
2654 2516 3058 2572 Romanorum
3115 2516 3258 2588 imp.
3319 2517 3705 2586 orthodoxus,
3775 2521 3875 2591 qui

2229 2620 2504 2677 magnam
2531 2621 2736 2660 curam
2786 2604 2969 2677 gessit
3022 2603 3443 2673 Ecclesiarum,
3478 2612 3538 2661 et
3566 2607 3879 2681 episcopos

2228 2710 2436 2749 omnes
2466 2694 2538 2750 ab
2557 2694 2763 2750 exsilio
2796 2693 3273 2751 revocavitJdem
3305 2694 3377 2750 ad
3409 2695 3463 2749 S.
3489 2697 3874 2754 Athanasium

2228 2784 2484 2855 scripsit,
2517 2788 2583 2839 ut
2603 2789 2938 2839 accuratam
2958 2783 3092 2838 ﬁdei
3112 2782 3426 2840 formulam
3441 2785 3681 2857 ,scripto
3702 2804 3877 2843 man-

2227 2871 2449 2943 datam,
2482 2889 2683 2928 secum
2704 2868 3192 2929 eommunicaret.
3225 2873 3331 2928 Ille
3389 2891 3524 2929 vero
3571 2876 3685 2946 ipsi
3716 2877 3882 2933 misit

2227 2962 2908 3033 epistolam,orthodoxaa
2928 2962 3212 3018 doctrinm
3243 2963 3675 3035 plenam.Hunc
3692 2964 3881 3022 Jovia-

2228 3067 2373 3106 num
2419 3050 2492 3107 ob
2553 3050 2829 3107 traditam
2906 3052 3103 3107 Persis
3187 3052 3416 3109 Nisibin
3485 3056 3881 3129 carminibus,

474 3154 658 3223 gium,
717 3134 1013 3208 variorum
1074 3150 1400 3205 sententias
1453 3147 1874 3219 complectens,
1951 3147 2121 3203 libris
2155 3163 2196 3230 ρ
2227 3140 2489 3213 parodiis
2521 3145 2578 3230 et
2604 3141 2849 3196 famosis
2879 3139 3100 3196 libellis
3132 3142 3569 3214 prosciderunt.
3601 3144 3752 3200 Item
3785 3134 3876 3201 104

477 3248 752 3312 quatuor,
787 3239 945 3311 quod
976 3255 1124 3310 opus
1182 3244 1272 3293 est
1324 3236 1679 3309 praeclarum
1746 3241 1804 3291 et
1832 3236 1993 3292 varia
2024 3235 2118 3291 do-

476 3332 667 3385 ctrina
696 3330 960 3400 plenum,
993 3327 1065 3382 ad
1096 3326 1412 3398 Epimium,
1456 3325 1647 3380 filium
1680 3342 1874 3380 suum.

540 3420 817 3488 Joannes,
850 3419 1315 3483 Damnascenus,
1347 3415 1702 3488 cognomine
1734 3411 2008 3482 Mavcobp,
2033 3415 2123 3469 vir

436 3550 442 3555 .
468 3514 527 3564 et
557 3508 684 3581 ipse
711 3507 1138 3563 celeberrimus
1151 3511 1209 3560 et
1229 3506 1420 3561 aetatis
1445 3521 1565 3560 sua:
1598 3504 1748 3560 nulli
1782 3494 2120 3576 eorum,qui

467 3597 740 3653 doctrina
770 3596 935 3652 fuere
976 3595 1268 3667 illustres,
1326 3594 1640 3650 secundus.
1701 3595 1842 3667 Ejus
1902 3594 2121 3665 scripta

467 3692 608 3742 sunt
636 3684 933 3758 permulta
963 3690 1021 3740 et
1040 3685 1339 3757 praecipua
1362 3684 1861 3756 phiIOSOphica,et
1881 3684 1940 3738 in
1963 3683 2115 3738 Scri-

469 3781 705 3849 pturam
738 3792 966 3831 sacram
980 3774 1273 3830 Parallela
1302 3774 1523 3829 selecta
1554 3778 1611 3829 et
1631 3774 1999 3829 canticorum
2022 3789 2115 3828 sa-

468 3882 702 3921 crorum
735 3867 1005 3939 Canones
1038 3869 1157 3919 tam
1186 3862 1401 3918 iambis
1422 3879 1599 3934 quam
1622 3864 1890 3919 oratione
1927 3862 2119 3918 soluta

466 3956 811 4028 conscripti.
839 3955 1059 4010 Eodem
1074 3961 1336 4025 tempore
1359 3955 1622 4022 Cosmas,
1639 3953 2118 4023 Hierosolymita-

475 4063 610 4116 nus,
645 4044 867 4111 ﬂoruit,
891 4044 977 4099 vir
1003 4043 1541 4115 ingeniosissimus,
1570 4047 1629 4097 et
1659 4042 1902 4097 omnino
1933 4043 2116 4097 musi-

463 4150 589 4189 cam
624 4133 858 4204 spirans
906 4130 1300 4186 harmoniam.
1360 4126 1451 4183 Illi
1497 4135 1694 4185 autem
1748 4131 2115 4185 canticorum

466 4223 741 4277 Canones
769 4219 1014 4275 Joannis
1045 4224 1103 4273 et
1130 4223 1357 4275 Cosmae
1412 4218 1640 4273 nullam
1673 4235 1807 4274 cum
1862 4218 2114 4275 aliorum

460 4310 697 4382 scriptis
727 4309 1232 4380 comparationem
1255 4307 1747 4364 admiseruntnec
1770 4306 2112 4377 admittunt,

460 4399 725 4473 quandiu
754 4399 1065 4455 hominum
1107 4399 1221 4454 vita
1252 4396 1503 4453 durabit.

525 4488 784 4589 Jobates,
814 4487 1197 4589 Sthenobmae‘
1217 4486 1512 4589 paterLad
1569 4489 2005 4589 quem-Proetus
2036 4488 2109 4545 de
2139 4523 2182 4589 Β

456 4577 875 4635 interficiendo
906 4577 1363 4648 Bellerophonte
1394 4575 1623 4631 litteras
1654 4576 1837 4632 dedit.

524 4669 724 4725 Jobus.
754 4668 946 4724 Habes
975 4666 1314 4739 philosophi
1349 4665 1530 4739 hujus
1560 4665 2024 4737 praemiallabes
2050 4671 2111 4722 et

455 4759 586 4832 ejus
618 4757 865 4827 librum,
897 4756 1202 4812 Homerica
1232 4760 1291 4810 et
1340 4754 1642 4810 Platonica
1680 4755 1843 4810 Musa
1871 4755 2106 4812 suavius

454 4849 597 4923 quid
629 4846 1082 4918 canentem,qui
1112 4861 1223 4901 nec
1252 4843 1588 4900 fabularum
1624 4860 1735 4899 nec
1775 4844 2105 4902 alienarum

454 4940 863 4998 calamitatum
894 4937 1298 4993 narrationem
1328 4933 1631 5007 praadicat,
1663 4933 1755 4990 vel
1781 4933 2106 4991 audacissi-

452 5047 618 5087 mum
650 5025 1546 5095 Achillem,autcallidissimum
1566 5024 1856 5097 Ulyssem,
1889 5025 2105 5096 quibus

453 5118 645 5174 caedes
672 5123 812 5173 sunt
834 5118 1190 5189 triumphus,
1224 5122 1282 5170 et
1328 5115 1648 5170 mulierum
1679 5119 1903 5186 stupra,
1954 5133 2106 5188 prae-

452 5207 615 5262 clara
634 5206 938 5273 facinora;
971 5206 1073 5262 sed
1104 5206 1379 5261 Satanam
1409 5204 1692 5261 describit
1721 5221 1755 5260 a
1781 5204 1942 5261 nudo
1973 5205 2103 5277 qui-

452 5295 589 5351 dem
622 5300 679 5350 et
708 5295 923 5351 inermi
951 5300 1009 5350 et
1039 5295 1163 5350 solo
1194 5299 1561 5366 superatum,
1597 5300 1710 5350 etc.

521 5384 832 5455 Josephus,
865 5382 1101 5438 Judaaus
1133 5379 1469 5458 φιλαλήθης,
1502 5383 1768 5439 veritatis
1796 5384 2106 5452 amans,de

450 5476 678 5532 Joanne
710 5472 990 5544 Baptista,
1023 5474 1395 5526 Praecursore
1428 5476 1485 5525 et
1514 5471 1585 5525 de
1618 5472 1867 5529 Domino
1900 5481 2104 5532 nostro

450 5566 568 5621 Deo
601 5568 659 5620 et
687 5563 889 5618 Sotere
918 5560 1054 5616 Jesu
1084 5558 1314 5614 Christo
1345 5559 1629 5630 loquitur.
1668 5561 1801 5616 Fuit
1824 5564 2102 5636 Matthmi,

448 5652 772 5713 sacerdotis
812 5648 1334 5720 Hierosolymitani
1386 5649 1447 5704 F.
1505 5650 1551 5704 A
1607 5649 1991 5727 Vespasiano,
2048 5659 2110 5712 et

2227 3230 2456 3298 vianus,
2488 3229 2561 3285 ab
2590 3246 2774 3284 uxore
2800 3230 3114 3302 impulsus,
3146 3230 3350 3287 fanum
3380 3233 3874 3305 pulcherrimum,

2225 3319 2297 3375 ab
2346 3310 2640 3374 Hadriano
2695 3320 2836 3392 imp.
2902 3320 2975 3376 ad
3025 3323 3490 3379 consecrandam
3547 3326 3734 3397 patris
3788 3324 3877 3381 sui

2224 3408 2460 3481 Trajani
2490 3408 2845 3465 memoriam
2875 3404 3203 3479 conditum,
3235 3427 3305 3466 ex
3332 3429 3449 3485 quo
3479 3413 3752 3469 Julianus
3783 3414 3872 3468 bi-

2223 3496 2583 3553 bliothecam
2617 3498 2889 3553 eunucho
2920 3498 3177 3568 cuidam,
3236 3498 3580 3573 TheOphilo,
3631 3503 3874 3575 fecerat,

2225 3602 2359 3642 cum
2390 3586 2670 3641 omnibus
2698 3586 2870 3642 libris
2902 3589 3203 3658 cremavit,
3229 3589 3373 3662 ipsis
3398 3591 3527 3663 ejus
3557 3591 3873 3664 pellicibus

2223 3676 2420 3748 ignem
2452 3693 2589 3731 cum
2645 3676 2769 3730 risu
2829 3675 3305 3748 subjicientibus.
3336 3679 3691 3736 Antiocheni
3715 3698 3875 3750 vero,

2222 3764 2631 3837 indignatione
2651 3765 2931 3821 adversus
2945 3758 3618 3838 imp.accensi,famosos
3635 3768 3871 3825 libellos

2222 3854 2439 3926 partim
2471 3853 2635 3909 humi
2661 3854 2985 3925 jactarunt,
3010 3861 3076 3911 ut
3120 3873 3156 3912 a
3213 3856 3482 3928 quolibet
3511 3859 3637 3914 tolli
3669 3865 3727 3913 et
3755 3858 3868 3934 legi

2222 3947 2484 4015 possent,
2536 3942 2752 4014 partim
2805 3944 3130 4021 parietibus
3178 3946 3518 4017 affixerunt,
3575 3953 3688 4005 etc.
3749 3944 3864 4005 Sub

2219 4031 2458 4087 Joviano
2502 4032 2644 4087 vixit
2700 4032 2961 4100 Aca'cius,
3007 4032 3288 4090 Caesareas
3344 4037 3678 4092 Palmstinaa
3739 4038 3863 4110 epi-

2221 4137 2456 4193 scopus,
2508 4122 2609 4192 qui
2632 4123 2879 4178 libellum
2921 4122 2995 4178 De
3020 4124 3331 4180 orthodoxa
3373 4125 3480 4195 ﬁde
3513 4127 3769 4200 scripsit,
3805 4130 3863 4184 in

2220 4227 2336 4282 quo
2370 4209 2595 4282 synodo
2622 4211 2873 4268 Nicaenae
2898 4214 3241 4273 assentitur.
3642 4210 3647 4211 γ

2287 4304 2435 4359 Juba
2462 4297 2702 4376 (Ἰόϐας),
2750 4305 2942 4378 Libyae
2988 4314 3046 4363 et
3092 4311 3457 4367 Mauritaniae
3504 4329 3632 4380 rex,
3687 4330 3857 4387 quem

2218 4398 2467 4453 Romani
2526 4404 2763 4471 captum
2823 4406 2882 4456 et
2934 4402 3110 4476 virgis
3157 4390 3376 4460 caesum
3443 4405 3507 4460 in
3561 4405 3855 4478 triumpho

2216 4487 2535 4557 duxerunt,
2567 4507 2689 4546 non
2736 4497 2935 4547 autem
2964 4493 3310 4550 occiderunt
3338 4494 3414 4550 ob
3445 4482 3854 4553 eruditionem.

2218 4580 2372 4634 Vixit
2402 4585 2666 4652 tempore
2698 4576 2941 4654 Augusti
2954 4583 3285 4655 Caesaris,et
3312 4584 3636 4661 Cleopatrae
3656 4586 3855 4658 ﬁliam,

2217 4669 2493 4737 Selenen,
2528 4686 2707 4742 quam
2769 4687 2840 4727 ex
2897 4672 2956 4730 C.
2996 4674 3225 4731 Caesare
3272 4672 3474 4731 natam
3534 4668 3859 4750 adaptarat,

2213 4775 2461 4815 uxorem
2493 4759 2679 4816 du'xit.
2715 4760 2961 4834 Scripsit
2987 4762 3302 4834 permulta.
3332 4765 3710 4839 Eodem,quo
3740 4760 3857 4834 ille,

2214 4851 2482 4920 tempore
2512 4849 2719 4904 floruit
2746 4849 3052 4922 Didymus,
3084 4852 3509 4911 Chalcenterus
3539 4852 3854 4930 dictus,qui

2215 4936 2405 4993 multa
2434 4943 2642 4995 contra
2672 4939 2867 5010 ipsum
2891 4942 3146 5013 scripsit.
3770 4932 3775 4935 Α

2284 5026 2573 5096 Julianus,
2610 5027 2938 5101 Chaldaeus,
2982 5031 3396 5105 philosophus,
3430 5041 3598 5107 pater
3620 5037 3851 5106 Juliani,

2215 5116 2468 5189 theurgi.
2510 5117 2756 5189 Scripsit
2811 5119 2884 5175 De
2938 5120 3277 5179 daemonibus
3334 5126 3497 5181 libros
3547 5128 3645 5197 IV,
3703 5116 3855 5200 quod

2215 5222 2365 5278 opus
2396 5207 2569 5263 docet
2589 5208 2797 5265 modos
2827 5210 3216 5282 propulsandi
3234 5213 3394 5270 mala
3422 5215 3494 5271 ab
3518 5202 3854 5275 hominibus

2216 5295 2613 5383 omnibusque
2645 5313 2849 5354 eorum
2862 5298 3362 5374 partibus,qualia
3392 5311 3531 5361 sunt
3548 5292 3855 5383 τελεσιουρ-

2212 5383 2339 5460 γικᾶ
2370 5381 2671 5446 Χαλδαϊκὰ,

2283 5476 2573 5548 Julianus,
2599 5476 2728 5550 jam
2760 5476 2901 5535 dicti
2935 5481 3115 5552 ﬁlius,
3147 5483 3291 5541 vixit
3310 5490 3574 5561 tempore
3599 5491 3855 5549 M.Anto-

2213 5568 2341 5624 nini
2370 5568 2514 5641 imp.
2556 5570 2805 5642 Scripsit
2862 5575 2920 5626 et
2974 5572 3102 5644 ipse
3160 5575 3498 5647 Theurgica;
3563 5576 3854 5637 Τελεστικιὶ

2212 5658 2280 5714 de
2306 5657 2485 5714 modis
2509 5674 2597 5716 res
2624 5659 2836 5732 magico
2858 5662 3213 5720 consecrandi
3258 5660 3350 5735 (Υ.
3382 5667 3615 5725 Kusteri
3646 5676 3769 5729 not.
3799 5676 3856 5747 7,
