4136 6316
314 345 472 424 1285

317 482 461 535 tom.
492 480 565 548 II,
597 495 731 552 pag.
769 480 913 553 123),
945 481 1183 537 Oracula
1209 482 1469 550 versibus,
1501 487 1560 538 et
1590 498 1958 554 quaecunque

1610 349 1712 412 DE
1755 346 2044 428 ominus
2087 343 2390 431 SUIDAS.

3567 349 3593 409 Ι
3603 350 3722 411 286

2074 479 2442 545 helluonem,
2476 482 2535 533 et
2588 477 2924 551 prodigum,
2981 483 3040 534 et
3095 480 3614 552 intemperantem,
3666 487 3726 537 et

313 567 436 623 alia
467 573 608 623 sunt
628 569 809 641 hujus
842 569 1106 626 scientiae
1128 585 1374 640 arcana.
1431 570 1678 636 Quidam
1726 571 1969 627 tradunt
1995 567 2013 574 ”
2075 570 2284 625 mortis
2314 573 2701 638 metuentem,
2735 585 2948 641 magno
2981 569 3207 642 pudore
3231 572 3445 625 affecit.
3463 571 3720 627 Tandem

312 657 473 712 hunc
486 659 783 720 ,Romanis
797 659 1117 730 aliquando
1133 660 1227 714 siti
1243 659 1966 728 laborantibus,etl‘ecisse,

312 753 380 802 ut
409 753 552 803 atrae
583 748 793 814 nubes,
829 749 1022 804 subito
1071 753 1312 819 coactaa,
1360 749 1660 821 ingentem
1710 749 1965 805 imbrem

315 854 451 893 cum
482 838 706 894 crebris
735 837 1052 894 tonitribus
1078 843 1139 893 et
1186 838 1518 911 fulguribus
1567 839 1964 907 effunderent,

242 976 245 978 ,
315 928 499 1000 idque
526 929 820 1000 sapientia
850 929 1106 1000 quadam
1168 930 1436 985 etTecisse
1485 930 1804 985 Julianum.
1849 929 1964 986 Alii

316 1033 454 1072 vero
488 1019 824 1088 Arnuphim,
856 1018 1188 1089 Egyptium
1222 1018 1665 1090 phiIOSOphum,
1697 1019 1809 1074 hoc
1847 1018 1963 1073 mi-

316 1106 590 1162 raculum
619 1106 875 1162 edidisse
905 1107 1164 1162 tradunt.

387 1195 658 1250 Julianus
691 1196 900 1250 Domni
933 1197 996 1253 F.
1056 1197 1436 1253 Cassaricnsis
1484 1197 1816 1270 Cappadox,
1868 1214 1963 1252 so-

311 1284 533 1356 phista,
566 1286 814 1356 aequatis
844 1284 1131 1356 Callinici,
1166 1287 1467 1358 sophistae.
1493 1288 1623 1343 Fuit
1649 1287 1756 1356 sub
1779 1287 1963 1343 Gons-

311 1373 547 1429 tantine
578 1373 722 1444 imp.

382 1462 675 1531 Julianus,
709 1463 1217 1532 Halicarnasseus,
1251 1465 1442 1519 Severi
1483 1465 1740 1520 hmresin
1775 1482 1958 1520 reno-

310 1569 448 1622 vare
479 1552 686 1620 voluit,
721 1569 974 1624 eumque
1024 1553 1087 1608 in
1137 1554 1317 1608 ﬁnem
1376 1555 1690 1622 Marinum,
1742 1556 1956 1627 Garris,

311 1642 504 1712 Cyria:
534 1641 703 1710 urbe,
731 1642 1048 1697 oriundum
1072 1642 1196 1714 jam
1226 1644 1470 1698 miserat
1490 1643 1552 1698 in
1566 1644 1960 1714 Orientem,ut

311 1729 679 1803 dogmaillud
699 1731 1215 1799 conﬁrmaret,nisi
1234 1732 1411 1803 paulo
1425 1732 1954 1804 postobiisset,etc.

2073 657 2253 730 hujus
2312 657 2853 712 machinationibus
2911 664 2968 712 et
3047 659 3280 714 insidiis
3325 659 3546 714 factum
3605 666 3716 729 est,

2071 753 2138 804 ut
2181 754 2464 820 tanquam
2521 749 2890 804 Christianus
2947 766 3053 820 pro
3112 750 3342 805 Christo
3424 751 3715 823 supplicio

2072 838 2430 894 afﬁceretur.

2139 928 2407 982 Justinus
2435 928 2566 998 (79),
2599 930 2997 983 Romanorum
3053 928 3377 999 imperator
3428 926 3715 1002 ὀρθοδοξό-

2067 1036 2247 1084 τατος,
2283 1018 2386 1072 sed
2414 1018 2681 1073 omnium
2712 1018 3044 1073 litterarum
3087 1019 3396 1091 imperitus
3451 1025 3510 1075 et
3557 1022 3714 1092 quod

2069 1106 2239 1178 vulgo
2272 1107 2492 1161 dicitur
2523 1100 2928 1181 ἀναλφάϐητος.

2139 1197 2361 1262 Justus,
2394 1195 2773 1264 Tiberiensis,
2800 1213 2869 1250 ex
2892 1197 3196 1268 provincia
3227 1198 3488 1268 Galilma,
3521 1201 3621 1271 qui
3655 1206 3713 1256 et

2068 1284 2194 1356 ipse
2218 1283 2523 1339 Historiam
2551 1284 2843 1339 Judaicam
2874 1286 3248 1342 conscribere
3298 1292 3357 1342 et
3381 1297 3713 1344 commenta-

2068 1377 2178 1430 rios
2211 1375 2498 1446 quosdam
2530 1391 2885 1446 componere
2917 1391 3225 1448 aggressus
3258 1382 3362 1432 est.
3408 1377 3520 1432 Sed
3551 1379 3710 1434 hunc

2066 1464 2356 1534 Iosephus
2387 1462 2680 1518 mendacii
2712 1462 2924 1534 arguit.
2984 1463 3232 1536 Scripsit
3276 1470 3475 1522 autem
3521 1467 3710 1522 histo-

2067 1553 2217 1630 riam
2251 1553 2457 1608 eodem
2493 1559 2758 1624 tempore
2789 1570 2904 1624 quo
2935 1553 3243 1624 Josephus.

2137 1643 2434 1699 Iuvenalis
2465 1649 2640 1715 poeta
2669 1643 2929 1698 Latinus.
2961 1644 3061 1698 [lic
3085 1643 3192 1698 sub
3212 1644 3569 1714 Domitiano,
3597 1649 3707 1702 Ro.

2067 1748 2380 1786 manorum
2412 1731 2580 1802 imp.,
2639 1731 2800 1785 vixit.
2858 1732 3227 1786 Domitianus
3285 1749 3419 1786 vero
3475 1733 3715 1790 amabat

382 1819 673 1887 Julianus,
707 1819 734 1872 ὁ
791 1814 1112 1891 παραϐάτης
1167 1819 1255 1874 καὶ
1304 1819 1632 1889 ἀποστάτης,
1693 1822 1949 1878 desertor

2074 1821 2328 1875 Prasinae
2352 1819 2628 1875 factionis
2661 1819 3024 1888 saltatorem,
3053 1821 3154 1890 qui
3185 1820 3351 1874 Paris
3372 1821 3710 1878 vocabatur.

310 1914 668 1980 etapostata,
688 1911 1088 1964 Romanorum
1114 1911 1284 1982 imp.,
1299 1911 1534 1982 genitus
1559 1927 1628 1965 ex
1645 1911 1958 1981 Dalmatia,

308 1997 687 2053 Constantini
709 1999 898 2071 Magni
925 1998 1128 2066 fratre,
1151 2003 1212 2054 et
1230 1999 1414 2054 Galla.
1449 2000 1696 2071 Scripsit
1713 2001 1956 2064 librum.

307 2087 413 2158 qui
445 2092 684 2142 vocatur
712 2087 992 2154 Caesares,
1025 2088 1432 2144 continentem
1459 2105 1666 2143 omnes
1723 2088 1794 2144 ab
1840 2091 1956 2144 Au-

305 2183 478 2248 gusto
498 2177 907 2248 imperatores.
929 2177 1126 2233 Alium
1152 2177 1282 2250 Περὶ
1302 2180 1409 2232 τῶν
1431 2181 1596 2252 τριῶν
1626 2178 1954 2251 σχημάτων,

308 2288 338 2317 ‹‹
374 2267 451 2320 De
479 2267 665 2321 tribus
714 2266 939 2338 ﬁguris,
997 2274 1049 2322 et
1105 2264 1332 2339 Κρόνια,
1393 2268 1746 2323 Saturnalia.
1807 2269 1956 2324 Idem

313 2380 333 2404 -
372 2355 810 2428 Misopogonem
839 2359 951 2412 sive
981 2356 1362 2412 Antiochium
1393 2379 1443 2412 ».
1478 2359 1548 2411 Et
1579 2356 1743 2420 Πόθεν
1796 2353 1954 2426 κακὰ,

304 2443 443 2497 κατὰ
474 2440 837 2514 ἀπαιδεύτων,
875 2467 902 2496 «
936 2445 1100 2500 Unde
1133 2445 1291 2501 mala
1307 2446 1788 2516 proﬁciscuntur,
1814 2462 1956 2501 con-

308 2555 336 2584 «
366 2539 455 2588 tra
487 2534 816 2589 ineruditos
850 2553 916 2602 »ς
951 2534 1024 2589 ad
1071 2551 1279 2590 canem
1326 2534 1709 2604 Heraclitum,
1743 2557 1770 2586 ‹‹
1803 2536 1956 2601 Quo-

306 2623 544 2677 «modo
605 2624 811 2696 cynice
858 2623 1170 2679 vivendum
1217 2624 1392 2692 sit»;
1441 2624 1717 2694 Epistolas
1762 2624 1956 2680 omnis

302 2712 557 2783 generis,
594 2718 651 2766 et
678 2712 812 2768 alia.
868 2714 947 2768 De
998 2713 1405 2784 Empedotimo
1449 2713 1646 2769 locum
1678 2731 1708 2769 e
1737 2713 1953 2769 Juliani

311 2798 563 2874 Κρονίοις
595 2803 767 2856 affert
797 2802 974 2856 etiam
1008 2802 1216 2857 Suidas
1247 2802 1308 2856 in
1339 2797 1767 2872 Ἐμπεδότιμος.
1803 2803 1952 2858 Ora-

302 2889 529 2955 culum,
583 2889 813 2944 Juliano
846 2890 1070 2958 datum,
1123 2890 1421 2945 diversum
1454 2908 1488 2945 a
1517 2890 1768 2958 duobus,
1823 2908 1953 2962 quae

306 2978 521 3033 Suidas
553 2979 782 3046 recitat,
818 2979 1032 3051 legitur
1061 2980 1133 3035 ad
1161 2979 1514 3047 Cedrenum,
1547 2996 1677 3051 pag.
1711 2983 1836 3035 253.

374 3068 688 3124 Justiniani
743 3069 1109 3123 Rhinotmeti
1166 3085 1568 3124 successorem
1619 3069 1948 3140 Leontium,

300 3157 558 3213 Orientis
582 3157 812 3225 ducem,
836 3158 1077 3227 Paulus,
1110 3159 1457 3213 monasterii
1482 3158 1797 3214 Callistrati
1820 3176 1943 3214 mo-
1986 3187 2030 3256 ο
2061 3159 2332 3216 ordinem
2363 3160 2683 3231 alphabeti.
2715 3159 3023 3227 Lachares,
3059 3160 3323 3230 sophista
3352 3160 3413 3214 in
3440 3160 3673 3232 discipli

300 3247 548 3314 nachus,
585 3252 980 3314 astronomus,
1016 3253 1075 3302 et
1105 3247 1417 3319 Gregorius
1447 3247 1780 3319 Cappadox,
1815 3265 1942 3304 mo-
2001 3259 2006 3264 ‘
2059 3251 2155 3306 nis
2183 3251 2424 3320 tardior,
2457 3256 2518 3305 at
2545 3250 2708 3305 vultu
2740 3250 2974 3305 liberali
3007 3256 3063 3304 et
3093 3250 3344 3305 honesto
3394 3251 3676 3322 praeditus

2412 3296 2424 3320 ,
2457 3293 2518 3305 μυ
2557 3293 2708 3305 Iul.“
2742 3293 2974 3305 ..νυιμιι
3008 3293 3063 3304 ul.
3095 3293 3342 3305 Δινιιυυυν
3394 3293 3698 3320 rnwunvuu,

297 3247 548 3314 nachus,
585 3252 980 3314 astronomus,
1016 3253 1075 3302 et
1105 3247 1417 3319 Gregorius
1447 3247 1780 3319 Cappadox,
1815 3265 1942 3304 mo-

303 3336 552 3390 nasterii
586 3335 740 3390 Flori
791 3335 1124 3408 praefectus,
1161 3336 1412 3408 imperio
1460 3336 1786 3407 potiturum
1818 3353 1947 3394 esse

302 3423 731 3495 przedixerunt,
758 3440 873 3495 quo
901 3425 1079 3480 etiam
1109 3431 1314 3496 postea
1344 3425 1542 3496 potius
1574 3431 1662 3480 est
1715 3427 1949 3498 (Confer

299 3513 616 3586 Nicephori
651 3514 1014 3569 Breviarium
1051 3514 1421 3582 historicum,
1456 3531 1584 3587 pag.
1621 3518 1686 3570 25
1717 3518 1731 3586 )

369 3603 655 3670 Justinus,
691 3603 1082 3674 philosophus
1114 3608 1172 3658 et
1218 3602 1424 3658 habitu
1456 3603 1946 3674 philosophorum

297 3698 498 3758 utens,
530 3711 599 3748 ex
631 3693 1016 3764 Neapolitana
1047 3693 1362 3747 Palzestina
1404 3693 1724 3763 provincia,
1760 3695 1946 3752 Prisci

298 3782 482 3849 ﬁlius,
515 3783 746 3838 Bacchii
779 3800 983 3853 nepos.
1020 3783 1123 3837 Hic
1168 3800 1274 3853 pro
1297 3782 1631 3837 Christiana
1661 3783 1945 3856 religione

297 3871 553 3926 multum
585 3871 890 3939 laboravit,
927 3875 985 3924 et
1015 3870 1314 3925 Antonino
1339 3871 1440 3925 Pio
1469 3870 1946 3942 ipsiusque'ﬁliis

301 3966 361 4015 et
391 3963 654 4015 Romano
690 3960 920 4016 senatui
955 3954 1406 4015 librum'Co-ntra
1437 3961 1680 4016 ethnicos
1708 3961 1942 4029 obtulit,

299 4050 684 4121 opprobrium
713 4050 905 4104 crucis
971 4066 1089 4104 non
1149 4049 1523 4104 erubescens.
1585 4050 1832 4122 Scripsit
1889 4056 1948 4106 et

299 4138 483 4192 alium
515 4139 754 4205 librum,
787 4152 964 4209 quem
999 4138 1283 4193 Antonini
1325 4137 1460 4210 (Pii)
1503 4140 1944 4196 successoribus

299 4227 537 4296 obtulit,
566 4230 641 4284 Μ.
683 4229 984 4284 Antonino
1017 4233 1076 4281 et
1107 4228 1164 4282 L.
1198 4228 1440 4283 Aurelio
1464 4229 1806 4284 Commodo.
1845 4229 1946 4284 Est

301 4321 526 4377 etalius
546 4322 674 4394 ejus
701 4322 854 4376 liber
878 4326 1084 4377 contra
1106 4321 1465 4388 ethnicos,in
1490 4338 1606 4393 quo
1637 4325 1713 4377 De
1740 4329 1947 4378 natura

298 4412 602 4468 daemonum
634 4411 892 4480 disserit,
929 4415 987 4466 et
1020 4416 1264 4482 quartus
1284 4399 1492 4466 itidem
1515 4416 1723 4468 contra
1743 4412 1940 4467 ethni-

297 4517 418 4568 cos,
453 4517 632 4572 quem
663 4500 968 4571 inscripsit
1021 4500 1338 4555 Elenchum.
1391 4501 1460 4554 Et
1508 4500 1661 4556 alius
1708 4503 1784 4556 De
1843 4503 1944 4556 Dei

295 4589 641 4644 monarchia.
676 4589 822 4644 Item
853 4589 1028 4656 alius,
1061 4605 1238 4660 quem
1269 4589 1542 4646 nominat
1594 4591 1836 4652 Psalten.
1871 4593 1942 4646 Et

297 4677 451 4733 alius
476 4678 550 4732 De
579 4676 786 4733 anima.
811 4679 956 4733 Item
981 4677 1244 4748 Dialogus
1275 4683 1482 4734 contra
1501 4678 1942 4751 Judmos,quem

295 4768 501 4824 Contra
533 4767 895 4838 Tryphonem,
927 4766 1262 4822 Iudaeorum
1299 4767 1688 4837 Ephesiorum
1718 4768 1945 4839 princi-

293 4872 428 4927 pem
461 4856 833 4927 conscripsit.
867 4856 1019 4920 Quin
1047 4855 1224 4916 etiam
1260 4855 1462 4910 Contra
1486 4855 1819 4912 Marcionem
1850 4859 1943 4914 in-

295 4946 486 5017 signia
516 4944 737 5016 scripta
787 4944 991 5000 edidit.
1047 4945 1190 4998 Item
1248 4943 1433 4999 alium
1478 4943 1697 5001 librum
1738 4948 1943 5004 Contra

291 5045 464 5092 sectas
491 5053 692 5104 omnes,
728 5036 897 5106 cujus
927 5033 1202 5090 meminit
1232 5033 1292 5088 in
1329 5034 1710 5104 Apologetico,
1765 5053 1942 5108 quem

293 5125 510 5181 obtulit
539 5125 840 5180 Antonino
871 5124 996 5180 Pio.
1031 5123 1134 5177 Hic
1165 5138 1299 5176 cum
1331 5122 1529 5176 Romae
1552 5138 1944 5180 commorare-

294 5219 413 5281 tur,
474 5215 872 5278 Grescentcm,
935 5211 1219 5284 Cynicum
1270 5209 1520 5280 fatuum,
1577 5212 1679 5283 qui
1735 5219 1943 5272 contra

290 5304 659 5359 Christianos
686 5302 1005 5359 maledicta
1034 5299 1451 5372 profundebat,
1485 5300 1678 5372 ipsum
1729 5320 1940 5362 vocans

363 5485 476 5556 (79)
511 5485 635 5556 Non
666 5482 742 5556 de
771 5481 1102 5556 Justiniano
1129 5481 1218 5556 (ut
1245 5497 1379 5556 ms._
1407 5481 1665 5556 _K_usteri)
1705 5481 1818 5556 sed
1867 5482 1939 5556 de

290 5550 520 5619 Justino
537 5553 827 5628 (seniore)
839 5554 968 5609 haec
991 5554 1052 5628 in
1069 5550 1260 5628 Suidas
1273 5550 1750 5628 codd.Yatica'nis
1765 5554 1936 5628 tradi,

288 5628 514 5682 notavit
543 5623 724 5700 etiam
773 5623 1082 5700 H._t_‘loris.
1132 5623 1281 5700 Diss.
1328 5623 1400 5678 de
1451 5623 1764 5700 Synodov,
1797 5623 1934 5700 c._2,

285 5715 418 5772 pag.
455 5702 540 5754 10.
575 5698 748 5756 ΕΔΜ.
771 5695 837 5740 -'—‘
858 5697 1022 5752 Idem
1042 5712 1162 5751 non
1185 5695 1379 5752 solum
1401 5696 1628 5753 notavit
1655 5697 1776 5754 Nic.
1796 5695 1937 5754 Alea

2067 1907 2190 1971 Qua
2211 1907 2281 1962 de
2308 1924 2486 1962 causa
2506 1912 2564 1962 et
2587 1923 2621 1961 a
2651 1913 2859 1962 senatu
2893 1913 2951 1962 et
2981 1924 3015 1962 a
3041 1907 3306 1963 Juvenali
3337 1909 3710 1980 carpebatur.

2066 1999 2394 2068 Imperator
2422 1997 2561 2052 hinc
2591 1997 2931 2052 Iuvenalem
2960 1997 3308 2068 Pentapolin
3333 1998 3541 2053 Africae
3559 1998 3708 2053 rele-

2065 2085 2263 2157 gavit;
2297 2085 2637 2141 saltatorem
2664 2103 2796 2140 vero
2855 2085 3280 2158 locupletatum
3332 2088 3708 2142 Antiochiam

2066 2175 2248 2242 misit,
2275 2175 2396 2246 qui,
2423 2175 2601 2229 domo
2635 2179 2694 2229 et
2721 2173 2935 2230 balnea
2964 2180 3127 2230 extra
3156 2174 3364 2230 urbem
3397 2176 3709 2248 aediﬁcato,

2067 2263 2144 2317 ibi
2179 2269 2447 2318 mortuus
2480 2269 2587 2318 est.

2865 2353 2904 2407 L

2136 2441 2451 2509 Lachares,
2486 2435 2762 2497 Lacharis
2819 2440 2904 2509 F.,
2965 2442 3372 2511 Atheniensis,
3425 2444 3710 2516 sephista,

2063 2530 2391 2602 discipulus
2421 2531 2819 2597 Heracleonis,
2854 2530 3134 2602 sophista)
3158 2532 3556 2600 Atheniensis,
3578 2551 3708 2589 ma-

2062 2620 2245 2692 gister
2275 2627 2398 2675 tum
2430 2619 2754 2675 multorum
2786 2620 3064 2689 aliorum,
3098 2627 3246 2689 tum,
3281 2623 3381 2695 qui
3402 2641 3524 2694 prae
3556 2624 3705 2678 reli-

2063 2709 2196 2780 quis
2222 2709 2366 2764 clari
2399 2709 2711 2779 habentur,
2744 2709 3069 2780 Eustephii,
3104 2712 3326 2766 Nicolai
3381 2719 3438 2766 et
3467 2715 3704 2768 Asterii.

2061 2799 2286 2853 Floruit
2317 2798 2681 2869 temporibus
2704 2799 2980 2853 Marciani
3006 2804 3063 2853 et
3087 2800 3292 2854 Leonis
3311 2801 3491 2872 impp.
3519 2803 3707 2874 Scrip-

2061 2888 2139 2944 sit
2169 2912 2195 2938 «
2229 2889 2309 2943 De
2341 2889 2468 2942 colo
2511 2894 2569 2941 et
2625 2894 2916 2942 commate
2977 2893 3034 2943 et
3087 2890 3353 2960 periodo,
3412 2887 3704 2962 Διαλέξεις,

2061 3002 2088 3031 ‹‹
2124 2980 2617 3046 Dissertationes;
2654 2976 2910 3052 Ἱστορίαν
2941 2979 3042 3045 τήν
3073 2979 3210 3032 κατὰ
3232 2983 3553 3051 Κορνοῦτον.
3580 2982 3704 3036 His-

2063 3091 2090 3118 «
2124 3070 2337 3125 toriam
2369 3069 2647 3136 Cornuti;
2682 3068 2924 3140 Eclogas
2955 3069 3280 3123 rhetoricas
3311 3092 3340 3119 ››
3375 3070 3702 3125 secundum

2061 3159 2332 3216 ordinem
2363 3160 2683 3231 alphabeti.
2715 3159 3023 3227 Lachares,
3059 3160 3323 3230 sophista
3352 3160 3413 3214 in
3440 3160 3703 3232 discipli-

2059 3345 2118 3395 et
2144 3341 2355 3395 virtute
2386 3339 2778 3412 philosophus
2801 3339 2996 3410 potius
3018 3356 3195 3410 quam
3224 3339 3489 3412 sophista
3504 3340 3702 3412 appel-

2057 3429 2295 3486 landus.
2330 3429 2430 3500 qui
2463 3428 2649 3484 visum
2681 3429 2968 3484 amissum
3015 3429 3404 3499 recuperavit,
3455 3429 3612 3500 quod
3644 3434 3703 3484 et

2057 3517 2280 3589 alioqui
2307 3519 2422 3572 Deo
2442 3517 2656 3573 charus
2689 3522 2862 3572 esset.
2894 3517 3108 3572 Gont‘er
3134 3517 3310 3588 infra,
3342 3519 3701 3588 Superianus.

2129 3608 2410 3679 Lacydes,
2455 3607 2773 3662 Alexandri
2834 3608 3097 3679 Cyrenaai
3155 3609 3243 3674 F.,
3290 3608 3702 3679 philosophus,

2058 3698 2158 3768 qui
2186 3697 2297 3751 fuit
2326 3714 2488 3752 nova;
2520 3695 2840 3752 academiaa
2885 3702 3108 3752 auctor.
3165 3696 3410 3768 Scripsit
3447 3696 3703 3752 Philoso-

2047 3786 2244 3857 phica,
2277 3787 2417 3840 item
2458 3788 2533 3840 De
2561 3793 2784 3840 natura.

2135 3899 2153 3924 ι
2180 3875 2615 3947 Lamponjurat
2639 3891 2932 3943 anserem,
2951 3891 3085 3930 cum
3107 3875 3369 3945 aliquem
3395 3873 3615 3946 decipit
3646 3898 3695 3930 ».

2058 3966 2318 4036 Lampon
2344 3969 2469 4020 erat
2495 3955 2747 4035 aruspex
2766 3968 2822 4017 et
2849 3967 3028 4029 vates,
3053 3981 3229 4034 quem
3253 3963 3528 4018 nonnulli
3554 3982 3704 4035 quo-

2057 4070 2169 4126 que
2198 4055 2409 4108 ducem
2443 4052 2626 4108 fuisse
2657 4052 2826 4107 aiunt
2855 4052 3104 4107 coloniae
3137 4053 3208 4107 ab
3238 4053 3704 4109 Atheniensibus

2057 4142 2325 4214 Sybarim
2370 4142 2585 4196 missas.
2618 4141 2861 4196 Jurabat
2917 4146 3114 4196 autem
3160 4159 3264 4213 per
3308 4159 3604 4214 anserem,
3639 4148 3704 4198 ut

2055 4248 2244 4299 avem,
2276 4230 2579 4286 divinandi
2611 4231 2885 4302 peritam.
2921 4230 3127 4302 Supra,
3160 4235 3307 4304 χῆνα
3339 4229 3590 4304 ὀμνύναι.

2126 4321 2450 4392 Lamprias,
2483 4319 2784 4375 Plutarchi
2815 4319 3229 4375 Chaeronensis
3260 4322 3347 4388 F.,
3395 4322 3702 4378 contexuit

2054 4409 2321 4465 Iudicem
2353 4409 2631 4482 Operum,
2656 4425 2787 4480 quas
2810 4414 2978 4480 pater
2999 4409 3186 4481 ipsius
3210 4409 3282 4466 de
3314 4412 3477 4466 omni
3502 4412 3702 4466 Grieca

2056 4504 2113 4554 et
2142 4501 2407 4554 Romana
2436 4498 2691 4553 Historia
2728 4497 2984 4569 scripsit.

2126 4588 2326 4656 Lasus,
2360 4586 2637 4642 Charbini
2670 4588 2756 4650 F.,
2789 4603 2859 4640 ex
2918 4587 3251 4652 Hermione,
3301 4587 3521 4642 Achaie
3552 4588 3695 4643 civi-

2057 4682 2195 4744 tate,
2229 4676 2371 4730 vixit
2400 4676 2629 4748 Olymp.
2667 4676 2831 4730 LVIII
2862 4681 3147 4747 regnante
3170 4675 3362 4745 Dario,
3397 4677 3701 4748 Hystaspis

2049 4767 2109 4821 F.
2131 4765 2380 4832 Quidam
2400 4781 2535 4820 eum
2561 4765 2688 4819 loco
2709 4763 3017 4832 Periandri
3046 4764 3443 4819 adnumerant
3471 4771 3699 4833 septem

2050 4854 2442 4926 sapientibus.
2477 4853 2711 4910 Primus
2743 4852 2985 4924 scripsit
3015 4854 3084 4907 Di
3111 4852 3324 4907 musica
3353 4870 3371 4907 :
3405 4859 3463 4908 et
3502 4853 3702 4926 dithy-

2047 4943 2254 4998 rambo
2285 4947 2512 4998 certare
2538 4941 2798 4996 instituit
2819 4945 2876 4995 et
2893 4938 3023 5001 τοὺς
3045 4937 3348 5014 ἐριστικοὺς
3369 4939 3697 5016 εἰσηγήσατο

2050 5028 2271 5105 λόγους,
2305 5032 2744 5086 contentiosum
2777 5029 3012 5086 dicendi
3065 5047 3250 5103 genus
3295 5030 3358 5085 in
3387 5047 3562 5088 usum
3606 5033 3700 5088 in-

2051 5120 2337 5185 troduxit,

2121 5213 2307 5282 Λῆμα.
2340 5209 2766 5281 Aiistophanes
2811 5208 2884 5264 de
2942 5209 3220 5280 Euripide
3278 5214 3336 5265 et
3379 5210 3692 5282 Eschylo:

2049 5304 2217 5370 Λῆμα
2246 5295 2291 5351 δ’
2320 5298 2421 5352 οὐκ
2450 5294 2692 5369 ἄτολμον
2727 5297 2958 5374 ἀμφοῖν,
2992 5304 3100 5355 etc.
3135 5301 3346 5371 (Ranis,
3379 5317 3510 5373 pag.
3545 5302 3648 5355 254
3679 5301 3695 5369 )

2049 5493 2308 5551 manuus
2339 5477 2422 5551 ad,
2442 5475 2714 5549 ProcOpii
2747 5475 2954 5551 histor.
2990 5493 3188 5551 arcan.
3214 5480 3422 5551 cap.76,
3446 5495 3576 5551 pag.
3604 5482 3690 5548 19,

2051 5549 2154 5606 sed
2189 5549 2367 5604 etiam
2415 5550 2718 5622 Kusterus
2752 5549 2840 5622 in,
2873 5553 3015 5622 nota
3068 5549 3245 5622 longa
3284 5549 3372 5606 ‘ad
3428 5549 3690 5618 Suidam,

2049 5638 2179 5694 pag.
2218 5623 2339 5689 128,
2359 5620 2486 5694 vol.
2519 5621 2590 5694 IL
2624 5620 2723 5690 qui
2767 5621 2948 5676 etiam
2976 5620 3272 5693 integrum
3303 5622 3573 5691 Procopii
3605 5622 3692 5676 lo-

2052 5691 2189 5750 cuin
2221 5691 2514 5764 ascripsit.
2547 5692 2721 5748 Hau.
