4136 6316
498 352 651 417 128⁸1

1812 344 2063 408 INDEX
2106 342 2606 409 SGPIPTOHUM

3770 348 3966 409 1288

568 487 865 559 Λήμματα,
902 484 1250 558 prophetia,
1283 483 1373 540 vel
1404 484 1582 539 etiam
1615 482 2134 555 apophthegmata,
2166 481 2219 550 Α
2251 495 2399 548 esse,
2434 495 2654 551 easque
2685 478 2917 535 exedris
2946 495 3077 537 esse
3108 480 3357 537 similes.
3389 481 3602 554 Apollo
3653 484 3764 539 cui
3816 484 3946 539 di-

495 594 566 632 ex
597 577 837 648 proprio
871 592 1051 632 sensu
1083 574 1267 630 animi
1301 574 1487 630 nostri
1519 572 1769 645 prolata.

567 667 701 734 Leo,
736 666 945 721 Leonis
979 666 1063 733 F.,
1098 665 1425 735 Byzantius,
1459 661 1853 734 philosophus
1899 659 2136 732 peripa-

495 757 707 811 teticus
774 761 834 809 et
888 755 1175 825 sophista,
1229 753 1515 823 Platonis,
1575 752 1687 819 vel,
1746 756 1811 805 ut
1868 749 2132 822 quidam,

494 844 831 899 Aristotelis
863 844 1211 915 discipulus.
1259 843 1507 914 Scripsit
1560 867 1579 890 ι
1616 843 1728 897 Res
1774 839 2135 911 Philippicas

498 954 526 983 ‹‹
559 938 617 986 et
674 931 1026 1003 Byzantinas
1086 930 1255 985 libris
1310 932 1471 997 Vlll;
1545 929 2005 984 Teuthranicum
2052 927 2134 980 De

496 1042 523 1070 ‹‹
560 1022 796 1087 Besao;
832 1021 1075 1075 Sacrum
1105 1019 1367 1087 bellum;
1403 1020 1481 1074 De
1515 1018 1799 1084 statibus;
1836 1019 1948 1073 Res
1999 1032 2132 1088 ges.

492 1133 519 1161 ‹‹
556 1117 643 1167 tas
672 1111 992 1166 Alexandri
1023 1133 1077 1167 ».

487 1216 624 1255 cum
653 1199 973 1255 admodum
1004 1199 1217 1255 obesus
1250 1206 1426 1266 esset,
1460 1197 1924 1254 Atheniensibus
1944 1196 2134 1251 risum

486 1290 688 1346 movit.
722 1289 924 1360 Atqui,
958 1290 1174 1361 inquit,
1208 1297 1298 1345 est
1324 1289 1470 1343 mihi
1506 1305 1654 1343 uxor
1673 1287 1846 1359 longe
1874 1285 2130 1353 obesior,

487 1382 545 1433 et
573 1378 900 1435 concordes
932 1394 1146 1450 parvus
1178 1378 1388 1447 lectus,
1429 1375 1736 1433 discordes
1770 1380 1891 1431 tota
1918 1374 2131 1429 domus

486 1484 608 1523 non
635 1468 807 1539 capit.
841 1470 987 1523 Eum
1015 1467 1326 1540 Philippus
1357 1467 1451 1522 his
1479 1466 1695 1522 litteris
1740 1464 2090 1538 perstrinxit
2114 1479 2127 1517 :

488 1579 517 1607 ‹‹
549 1557 605 1611 Si
639 1561 865 1613 tantam
898 1557 1076 1612 Leoni
1108 1558 1421 1627 pecuniam
1443 1555 1765 1624 dedissem,
1788 1560 2073 1626 quantam
2096 1569 2132 1609 a

490 1669 511 1695 α
546 1663 641 1701 me
696 1646 1057 1718 postulavit,
1100 1646 1299 1701 statim
1360 1646 1698 1717 Byzantium
1749 1646 2042 1717 cepissem
2079 1664 2128 1699 ι.

486 1736 719 1790 Veritus
748 1736 948 1807 igitur,
982 1752 1055 1791 ne
1086 1751 1121 1790 a
1152 1735 1374 1790 civibus
1406 1734 1761 1790 obrueretur
1808 1733 2127 1805 lapidibus,

462 1821 670 1888 ,ἑαυτὸν
699 1822 848 1896 ἧγξε,
883 1840 944 1879 se
976 1823 1286 1896 suspendit
1315 1822 1516 1878 miser.
1550 1823 1717 1879 Conf.
1743 1822 1976 1878 Kusteri
2000 1826 2122 1876 not.
2160 1840 2205 1903 Β

482 1916 624 1966 tom.
658 1914 732 1981 ll,
762 1929 890 1985 pag.
929 1914 1017 1968 45.

554 2002 668 2056 Leo
698 2002 1155 2070 Alabandensis,
1188 2008 1409 2071 orator,
1443 2001 1688 2073 scripsit
1726 2024 1752 2051 ‹‹
1788 2000 2127 2056 Caricorum

487 2111 508 2139 ι
542 2090 728 2147 libros
761 2091 871 2160 IV;
908 2092 1287 2164 Lyciacorum
1319 2091 1504 2146 libros
1535 2093 1624 2158 ll;
1658 2093 1861 2146 Artem
1883 2089 2131 2144 rhetori-

484 2203 510 2231 «
548 2198 716 2250 cam;
773 2183 852 2236 De
902 2182 1156 2237 statibus
1205 2198 1562 2250 causarum;
1614 2181 1841 2236 Bellum
1892 2194 2128 2236 sacrum

486 2293 512 2319 (ι
546 2271 941 2325 Phocensium
973 2277 1032 2326 et
1059 2273 1397 2327 Baotorum
1431 2293 1483 2328 ».

554 2362 665 2417 Leo
697 2362 991 2430 Macelles,
1026 2363 1168 2433 imp.
1205 2365 1630 2427 Romanorum,
1655 2361 1883 2417 Malcho
1899 2360 2125 2433 judice,

482 2449 670 2518 ΙΙάσης
701 2449 889 2510 κακίας
922 2449 1291 2524 καταγώγιον,
1324 2453 1498 2506 omnis
1524 2450 1894 2520 improbitatis
1938 2452 2126 2504 (liver-

479 2541 712 2605 sorium,
744 2539 844 2610 qui
877 2545 936 2594 et
968 2540 1401 2611 Hyperechium
1433 2540 1885 2611 grammaticum
1916 2539 1977 2593 in
2024 2555 2124 2593 ex-

478 2626 677 2683 silium
711 2630 848 2700 egit.
880 2630 1025 2683 Cum
1058 2628 1419 2700 stipendium
1480 2628 1720 2701 Eulogio
1770 2627 2123 2700 philosopho

478 2716 931 2787 darijussisset,
963 2723 1022 2772 et
1080 2718 1322 2789 quidam
1382 2735 1453 2773 ex
1506 2718 1797 2773 eunuchis
1854 2717 2122 2786 dixisset,

477 2808 631 2861 hanc
661 2808 975 2878 pecuniam
1002 2809 1060 2862 in
1088 2808 1307 2864 milites
1332 2808 1795 2880 impendendam
1823 2826 1834 2863 :
1861 2809 2121 2869 Utinam.

475 2896 685 2967 inquit,
720 2903 890 2953 atate
922 2914 1056 2953 mea
1086 2899 1408 2971 contingat,
1440 2904 1506 2952 ut
1537 2898 1833 2970 stipendia
1862 2898 2122 2952 militum

470 2986 534 3039 in
573 2985 847 3041 doctores
904 2986 1339 3045 conferantur?
1392 2988 1536 3059 Ejus
1594 2987 1964 3059 temporibus
2008 2986 2122 3041 fuit

470 3075 719 3130 Acacius
752 3075 1110 3146 patriarcha.

544 3164 849 3235 Leogoras,
884 3168 1051 3236 pater
1082 3161 1423 3230 Andocidis,
1459 3163 1730 3218 oratoris.

544 3252 790 3322 Leonas,
824 3252 1110 3323 sophista,
1143 3252 1385 3306 natione
1416 3252 1674 3319 Isaurus,
1734 3251 1985 3307 celebris
2016 3252 2108 3308 in-

2155 3176 2199 3244 (Ξ

471 3344 559 3393 ter
581 3339 848 3409 ejusdem
871 3340 1016 3394 artis
1037 3340 1403 3410 professores
1420 3339 1813 3405 Alexandria,
1841 3342 1940 3411 qui
1965 3343 2108 3395 Pro-

468 3426 626 3481 clum
662 3443 781 3481 non
814 3427 1006 3482 solum
1043 3428 1395 3483 eruditionis
1429 3445 1550 3484 sua
1574 3428 1924 3501 participem
1946 3429 2109 3498 fecit,

467 3515 571 3572 sed
602 3523 660 3571 et
688 3516 1180 3573 contubernalem
1237 3518 1464 3586 ascivit,
1517 3524 1576 3574 et
1623 3536 1759 3574 cum
1809 3535 1991 3575 uxore
2033 3519 2108 3574 li-

464 3606 743 3679 berisque
776 3592 897 3665 suis
930 3614 1049 3664 tam
1082 3608 1458 3666 familiariter
1488 3610 1681 3665 vivere
1721 3610 1925 3680 jussit,
1958 3627 2026 3665 ac
2058 3610 2106 3665 si

460 3713 779 3768 germanus
804 3698 989 3769 ipsius
1022 3699 1179 3754 filius
1214 3704 1386 3755 esset.
1424 3699 1585 3754 ldem
1610 3700 1825 3764 ell‘ecit,
1858 3705 1924 3754 ut
1945 3700 2109 3771 prin-

463 3786 695 3857 cipibus
728 3788 789 3841 in
819 3789 1061 3860 )Egypto
1093 3788 1234 3842 viris
1268 3788 1687 3843 innotesceret.

535 3877 835 3947 Leontius,
894 3877 1148 3949 Tripolis
1207 3878 1399 3950 Lydia
1460 3884 1724 3951 tempore
1776 3878 2106 3935 Constantii

462 3964 797 4037 episcopus,
842 3982 1019 4036 quem
1077 3965 1505 4038 Philostorgius
1561 3967 1765 4022 laudat
1821 3973 2106 4039 tanquam

459 4055 917 4125 approbatorem
940 4056 1172 4110 Ariana
1199 4073 1321 4111 sua
1347 4057 1621 4112 vesania.
1643 4055 1855 4109 Κανόνα
1876 4052 1922 4109 δ’
1944 4054 2101 4110 αὐτὸν

457 4130 686 4186 ἐκάλουν
746 4139 845 4201 τῆς
900 4132 1256 4204 Ἐκκλησίας,
1315 4136 1473 4190 hunc
1528 4137 1788 4192 Ecclesia
1842 4137 2106 4206 Regulam

457 4223 770 4293 vocabant,
802 4228 914 4278 etc.

531 4311 829 4379 Leontius,
866 4312 1271 4367 Antiochenus
1290 4312 1497 4384 episc.,
1524 4313 1785 4384 seipsum
1819 4315 2100 4386 exsecuit,

455 4399 545 4455 vir
582 4405 797 4457 catera
828 4418 1064 4473 quoque
1093 4401 1410 4473 profanus:
1445 4406 1511 4456 ut
1537 4407 1594 4456 et
1623 4403 1848 4470 Aetius,
1908 4404 2103 4460 Euno-

455 4489 558 4544 mii
592 4490 893 4563 magister,
922 4493 1021 4561 qui
1049 4491 1167 4546 Arii
1200 4490 1633 4563 blasphemiam
1676 4492 1799 4547 suis
1858 4494 2103 4565 argutiis

454 4578 720 4635 adauxit.

528 4669 830 4725 Leontius.
858 4670 928 4723 Et
947 4669 1045 4724 hic
1073 4669 1409 4725 Antiochia
1431 4669 2105 4739 fuithareticus,contra

450 4773 629 4828 quem
659 4758 904 4814 Pbotius
934 4759 1276 4830 patriarcha
1307 4760 1566 4831 scripsit.
1602 4760 1705 4815 Hic
1746 4759 1818 4815 de
1850 4761 2103 4818 homou-

449 4848 536 4901 sio
569 4847 889 4920 disputavit
918 4865 1053 4904 cum
1084 4849 1381 4918 Flaviano,
1405 4849 1653 4905 audacia
1673 4855 1732 4905 et
1751 4849 2101 4923 blasphema

448 4935 844 4992 deliramenta
868 4937 1197 5008 proferens.

520 5024 819 5092 Leontius,
854 5026 1206 5097 monachus,
1240 5026 1349 5083 sub
1378 5027 1613 5083 Zenone
1641 5026 1800 5083 vixit.
1831 5029 1935 5084 Hic
1960 5045 2097 5084 cum

446 5112 795 5182 prOphetica
823 5116 1014 5185 gratia
1040 5115 1323 5171 obscuros
1355 5116 1672 5187 Scriptura
1702 5115 1867 5171 locos
1896 5117 2095 5173 decla-

446 5203 626 5267 raret,
661 5200 883 5256 multos
913 5203 1068 5258 vi‘ros
1112 5203 1302 5259 bonos
1352 5204 1578 5272 habuit,
1630 5205 1731 5275 qui
1781 5205 1855 5261 ad
1898 5206 2095 5278 ipsum

442 5287 792 5358 frequenter
823 5290 1204 5359 accedebant,
1241 5298 1351 5349 etc.

517 5378 847 5445 Lesbonax,
904 5380 1295 5452 Mytilenaus,
1343 5382 1761 5454 philosophus,
1803 5385 1904 5455 qui
1951 5385 2096 5442 vixit

442 5468 690 5541 Augusti
721 5470 1114 5541 temporibus,
1143 5476 1315 5541 pater
1335 5471 1697 5542 Potamonis,
1725 5471 2091 5548 philosophi.

443 5558 693 5632 Scripsit
722 5557 1014 5633 plurimos
1044 5557 1231 5614 libros
1264 5558 1731 5631 philosophicas.

515 5646 743 5725 Λίσχαι.
778 5646 1092 5705 Cleanthes
1121 5648 1284 5718 dicit,
1310 5649 1562 5707 Leschas
1581 5650 1842 5723 Apollini
1862 5652 2089 5714 dicatas

2132 4537 2180 4603 D

1132 1111 1257 1177 Hic,
1306 1110 1535 1183 legatus
1582 1109 1845 1164 Athenas
1889 1108 2130 1173 missus,
2202 1168 2215 1180 _

2250 573 2381 624 cata
2401 568 2584 625 fuisse
2605 569 3001 642 perhibentur
3026 570 3283 641 Lescha,
3306 571 3445 626 inde
3466 570 3664 627 dictus
3688 579 3951 648 Λεσχη-

2250 656 2455 728 νόριος.
2518 658 2705 713 Etiam
2769 655 2966 732 λέσχαι
3023 659 3183 715 dicta
3237 664 3512 732 poemata
3566 662 3941 718 Heraclidis

2250 747 2500 813 Pontici,
2563 752 2754 803 metro
2808 749 3103 805 Phalacio
3160 748 3251 804 vel
3307 749 3599 821 Sapphico
3658 753 3941 823 scripta.

2250 837 2508 905 Lescha,
2542 838 2714 893 sedes
2742 838 2832 894 vel
2861 839 3011 907 loca,
3043 840 3105 895 in
3137 857 3268 911 qua
3308 840 3582 895 homines
3615 841 3687 896 de
3728 842 3939 898 rebus

2247 929 2679 1002 philosophicis
2692 930 3033 1003 disputandi
3049 932 3235 1004 gratia
3248 932 3565 987 convenire
3598 932 3931 989 solebant.

2247 1018 2341 1073 Sic
2372 1019 2649 1074 Herocles
2676 1020 2825 1075 libro
2858 1022 3048 1092 primo
3079 1021 3683 1093 PhilosOphumenon.

2319 1107 2653 1176 Leschides,
2682 1115 2858 1182 poeta
2886 1111 3111 1182 epicus,
3143 1111 3296 1183 regis
3313 1112 3597 1167 Eumenis
3628 1112 3690 1167 in
3724 1129 3927 1185 expe-

2246 1195 2572 1252 ditionibus
2603 1197 2837 1254 bellicis
2867 1215 3088 1265 comes,
3131 1204 3440 1271 poetarum
3498 1202 3922 1257 clarissimus.

2247 1285 2436 1357 Hujus
2467 1286 2900 1343 consuetudine
2931 1289 3108 1344 etiam
3139 1305 3281 1345 usus
3311 1289 3426 1345 fuit
3452 1291 3723 1363 Pythias,
3789 1292 3927 1347 his-

2246 1374 2490 1441 toricus,
2526 1381 2585 1431 et
2613 1376 2956 1445 Menander,
2988 1377 3279 1434 medicus.

2318 1463 2574 1529 Leucon,
2607 1465 2923 1537 Agnusius,
2956 1465 3478 1537 PeIOponnesiacis
3520 1468 3915 1540 temporibus

2244 1550 2401 1607 vixit.
2435 1553 2516 1607 Ex
2560 1553 2749 1624 ipsius
2808 1554 3175 1611 dramatibus
3233 1561 3409 1611 sunt:
3459 1556 3637 1628 Ὃνος,
3696 1556 3917 1611 Ἀσκο-

2244 1637 2432 1713 φόρος,
2467 1640 2765 1715 Φράτορες.

2314 1730 2614 1799 Libanius,
2647 1733 3072 1803 Antiochenus,
3106 1735 3393 1807 sophista,
3427 1736 3625 1791 clarus
3671 1736 3914 1793 Iuliani

2244 1821 2537 1889 Apostata
2578 1821 2966 1892 temporibus,
3026 1822 3099 1879 ad
3156 1823 3549 1880 Theodosium
3602 1826 3909 1897 Majorem

2237 1923 2426 1979 usque
2451 1908 2612 1979 vixit,
2637 1909 2795 1965 illius
2820 1911 3160 1983 Phasganii,
3190 1912 3506 1984 Diophanti
3527 1914 3911 1986 discipulus,

2236 1995 2481 2068 Scripsit
2502 1998 2759 2067 inﬁnita,
2785 2003 2845 2054 et
2871 2000 3027 2054 inter
3048 2017 3117 2055 ea
3144 2027 3170 2050 «
3197 2003 3524 2057 Constantii
3548 2003 3906 2074 imp.Enco-

2240 2105 2262 2135 ι
2296 2088 2484 2141 mium
2515 2093 2566 2143 et
2594 2089 2829 2144 alterum
2858 2089 3076 2145 Juliani
3112 2108 3126 2158 ;
3163 2092 3634 2148 Declamationes
3683 2094 3904 2150 rheto-

2236 2196 2265 2225 ι(
2296 2176 2450 2231 ricas
2486 2198 2514 2227 ››
2541 2194 2555 2245 ;
2587 2179 2885 2248 Epistolas.
2917 2179 3133 2235 Eadem
3166 2185 3432 2253 tempore
3465 2181 3716 2238 fuerunt
3740 2184 3909 2239 Basi-

2233 2263 2350 2319 lius
2377 2269 2435 2319 et
2465 2266 2781 2339 Gregorius
2834 2268 3030 2340 (Naz.).
3079 2268 3349 2325 Julianus
3394 2287 3551 2339 vero,
3605 2271 3755 2328 licet
3812 2279 3904 2328 tot

2230 2354 2485 2426 negotiis
2504 2355 2852 2426 implicitus,
2877 2361 3075 2411 tamen
3098 2363 3158 2412 et
3177 2357 3392 2414 litteris
3413 2359 3621 2415 sedulo
3643 2378 3901 2433 operam

2231 2441 2427 2512 dabat,
2466 2449 2525 2499 et
2554 2445 2615 2499 in
2646 2444 2768 2500 illis
2800 2446 3091 2503 excellere
3121 2447 3306 2504 videri
3346 2448 3599 2517 volebat,
3653 2453 3897 2523 sophis-

2232 2538 2472 2604 tamque
2514 2535 2972 2607 Antiochenum,
3025 2536 3359 2609 Libanium,
3410 2555 3591 2610 supra
3638 2541 3893 2596 modum

2230 2622 3061 2696 admirabatur,laudibusque
3092 2627 3362 2695 ornabat,
3385 2633 3565 2699 atque
3588 2634 3655 2683 ut
3672 2646 3894 2703 magno

2230 2715 2513 2785 scphista
2547 2717 2863 2772 Promresio
2897 2734 3048 2790 agre
3078 2718 3320 2787 faceret,
3354 2719 3522 2774 illum
3556 2719 3700 2775 huic
3731 2739 3891 2792 pra-

2228 2801 2476 2858 ferebat.
2510 2805 2760 2859 Aeacius
2809 2804 3010 2876 igitur,
3071 2806 3355 2877 sophista,
3415 2806 3653 2862 dicendi
3712 2810 3887 2866 valde

2227 2891 2475 2963 peritus,
2509 2897 2568 2946 et
2604 2894 2952 2960 Tuscianus,
2999 2895 3212 2966 Phryx,
3273 2895 3405 2950 ideo
3454 2913 3589 2951 cum
3641 2916 3892 2971 semper

2228 2981 2571 3053 culpabant,
2609 2983 2855 3054 ejusque
2880 2983 3177 3055 judicium
3208 2986 3755 3056 raprehendebant.

2300 3070 2499 3137 Linus,
2534 3070 2964 3138 Chalcidensis,
3006 3073 3291 3143 Apollinis
3349 3079 3409 3129 et
3453 3077 3886 3147 Terpsichores

2226 3159 2312 3227 F.,
2344 3159 2455 3227 vel,
2490 3165 2557 3215 ut
2586 3159 2709 3228 alii,
2744 3161 3108 3233 Amphimari
3142 3167 3199 3218 et
3228 3163 3485 3233 Urania,
3519 3165 3610 3221 vel
3643 3167 3885 3223 Urania

2228 3254 2286 3303 et
2315 3250 2607 3306 Mercurii.
2646 3250 2747 3305 Hic
2787 3252 3016 3322 primus
3074 3269 3143 3307 ex
3184 3253 3486 3310 Phanicia
3533 3254 3770 3313 litteras
3813 3259 3879 3313 in

2225 3340 2508 3394 Graciam
2545 3339 2843 3408 intulisse,
2868 3342 3301 3414 Herculemque
3322 3343 3551 3401 litteras
3575 3346 3877 3417 docuisse,

2224 3432 2282 3482 et
2311 3429 2594 3483 carminis
2626 3429 2795 3501 lyrici
2828 3431 3059 3502 primus
3091 3439 3297 3488 auctor
3325 3433 3508 3489 fuisse
3539 3433 3747 3492 fertur.

2295 3517 2472 3572 Linus
2498 3518 2670 3587 alter,
2702 3520 3037 3591 Thebanus,
3062 3522 3291 3593 junior,
3323 3523 3738 3597 philosophus.

2293 3608 2493 3676 Linus,
2526 3625 2713 3681 genus
2744 3610 2974 3683 hymni,
3006 3618 3073 3667 ut
3102 3630 3298 3686 paan.
3336 3615 3503 3669 Conf.
3538 3617 3776 3673 Kuster.
3803 3618 3848 3671 Η
3870 3661 3889 3691 ,

2220 3714 2355 3770 pag.
2398 3700 2524 3766 449,
2554 3705 2677 3754 not.
2712 3701 2764 3757 3.

2298 3788 2609 3858 Lityerses,
2644 3806 2830 3862 genus
2861 3792 3156 3847 cantionis
3190 3794 3513 3862 messoria,
3542 3811 3576 3849 a
3606 3796 3868 3867 Lityerso

2220 3876 2386 3931 Mida
2419 3878 2502 3945 F.,
2537 3894 2713 3949 quem
2748 3881 3028 3937 Hercules
3058 3882 3315 3938 sustulit.
3348 3884 3511 3939 Conf.
3567 3885 3760 3940 Schol.
3794 3886 3867 3941 ad

2220 3966 2514 4021 Theocrit.
2550 3969 2624 4037 X,
2656 3970 2744 4024 41.

2294 4053 2469 4130 Λόγια
2528 4057 2790 4128 oracula,
2842 4076 2973 4131 qua
3030 4061 3300 4117 oratione
3362 4069 3651 4135 concepta
3706 4070 3860 4133 sunt,

2218 4145 2492 4219 χρησμοὶ,
2520 4147 2811 4203 versibus.

2292 4234 2669 4312 Λογογράφος,
2703 4252 3017 4294 causarum
3045 4239 3135 4294 vel
3164 4241 3501 4296 orationum
3536 4240 3850 4298 forensium

2218 4323 2490 4394 scriptor.
2542 4326 2854 4395 Λογοποιός
2910 4344 3016 4398 pro
3073 4328 3354 4385 historico
3411 4336 3728 4403 usurpatur
3779 4331 3849 4386 ab

2217 4411 2475 4467 Isocrate
2508 4418 2565 4468 et
2594 4414 2910 4471 Herodoto.
2942 4417 3037 4472 Sic
3069 4417 3245 4473 etiam
3298 4424 3547 4475 vocatur
3591 4421 3851 4475 inventor

2215 4500 2551 4557 fabularum
2588 4508 2646 4557 et
2675 4504 3079 4578 apologorum.

2283 4588 2607 4658 Lollianus,
2663 4593 2976 4664 Ephesius,
3060 4597 3350 4670 scphista,
3427 4600 3557 4655 Isai
3630 4599 3844 4671 Assyrii

2211 4677 2560 4751 discipulus,
2602 4681 2847 4738 Adriani
2913 4683 3160 4741 Casaris
3219 4688 3589 4761 temporibus
3644 4688 3755 4743 fuit
3798 4694 3851 4744 et

2209 4767 2399 4824 multa
2430 4770 2685 4841 scripsit.

2280 4857 2578 4930 Longinus
2595 4860 3587 4939 Cassius,philosophus,Porphyrii
3605 4868 3846 4940 philoso-

2206 4944 2307 5018 phi
2337 4949 2640 5020 magister,
2674 4950 2767 5004 vir
2806 4966 3021 5025 magna
3057 4954 3332 5012 doctrina
3362 4957 3602 5029 acrique
3627 4957 3841 5030 judicio

2207 5035 2512 5107 praeditus.
2547 5039 2701 5093 Vixit
2722 5040 2829 5095 sub
2844 5042 3162 5099 Aureliano
3185 5044 3332 5117 imp.
3366 5051 3425 5101 et
3446 5046 3519 5101 ab
3545 5063 3613 5102 eo
3631 5048 3841 5102 occisus

2208 5130 2319 5191 est,
2348 5127 2506 5198 quod
2546 5144 2679 5183 cum
2702 5130 2959 5187 Zenobia
2984 5132 3233 5190 Odenati
3256 5150 3438 5190 uxore
3463 5137 3839 5209 conspiraret.

2207 5214 2455 5287 Scripsit
2480 5238 2508 5266 «
2531 5217 2611 5272 De
2626 5219 2894 5274 oratione
2913 5226 3121 5278 contra
3135 5222 3429 5291 Phidiam;
3446 5225 3839 5281 Dubitationes

2204 5324 2232 5354 «
2258 5304 2627 5373 Homericas;
2655 5307 2736 5362 An
2759 5308 3046 5365 Homerus
3065 5304 3837 5384 fueritphilosophus?Pro-

2204 5414 2231 5442 ‹‹
2255 5392 2517 5450 blemata
2573 5395 2886 5453 Homerica
2926 5404 2985 5453 et
3013 5399 3349 5456 Solutiones
3379 5401 3552 5457 libris
3577 5401 3838 5471 duobus;

2202 5503 2230 5533 α
2245 5483 2526 5547 Quanam
2550 5489 2759 5540 contra
2780 5485 2959 5541 ﬁdem
2983 5487 3247 5544 historia
3270 5495 3556 5562 tanquam
3568 5490 3838 5546 historica

2200 5591 2230 5620 «
2243 5576 2526 5628 enarrent
2535 5575 2903 5645 grammatici
2912 5577 3014 5645 ;De
3030 5577 3519 5652 vocabulis,apud
3530 5580 3838 5636 Homerum

2203 5680 2225 5711 ι
2241 5661 2463 5719 multas
2476 5662 2947 5736 signiﬁcationes
2957 5665 3318 5726 habentibus
3328 5668 3617 5740 librosIV;
3635 5669 3839 5726 Attico-
