4136 6316
247 405 280 475 4
295 415 416 474 289

1574 421 1679 480 DE
1722 419 2010 492 QUIBUS
2058 421 2342 484 SUIDAS

3522 406 3677 495 1290

259 592 433 630 crum
465 574 887 630 vocabulorum
937 575 1230 632 editiones
1264 576 1430 644 duas,
1467 578 1792 633 secundum
1824 596 1916 634 or-
1946 581 2002 648 Α
2102 582 2467 653 Lycophron,
2493 584 2897 641 Chalcidensis
2915 603 2984 642 ex
3005 586 3242 653 Euboea,
3276 588 3434 645 filius
3469 591 3673 660 Soclis,

253 687 282 715 ‹‹
310 664 512 719 dinem
545 664 881 719 litterarum
911 664 1208 737 digestas;
1243 666 1448 721 vocula
1492 668 1831 723 Antimachi
1863 672 1921 722 et

257 777 285 804 «
315 753 721 817 Ileracleonis,
759 774 786 801 »
819 757 878 807 et
903 752 1021 808 alia
1050 754 1259 809 multa.

331 845 534 903 Lucas.
569 842 948 914 evangelista,
987 843 1190 898 titulos
1219 843 1402 899 habet
1431 844 1921 915 LXXXIII,capita

258 933 635 987 CCCXLVIII.

331 1020 1102 1088 Lucianus,Samosatensis,
1120 1021 1457 1093 Blasphemi
1489 1022 1578 1077 vel
1601 1022 1918 1095 Dysphemi

253 1127 585 1182 cognomen
621 1109 774 1176 tulit,
808 1109 900 1164 vel
931 1110 1104 1164 Athei
1135 1111 1350 1181 potius,
1379 1111 1535 1182 quod
1569 1112 1630 1166 in
1661 1112 1920 1184 Dialogis

254 1199 381 1253 suis
412 1215 481 1254 ea
511 1216 642 1270 qum
674 1198 746 1252 de
777 1198 891 1252 diis
921 1197 1218 1267 dicuntur,
1256 1204 1321 1253 ut
1348 1199 1601 1255 ridicula
1641 1201 1914 1272 exagitat.

251 1289 465 1342 Fertur
495 1287 600 1341 sub
633 1287 884 1358 Trajano
913 1287 1055 1358 imp.
1090 1292 1149 1341 et
1206 1293 1342 1342 ante
1377 1289 1608 1343 vixisse.
1651 1290 1918 1344 Primum

254 1377 588 1432 Antiochiae
621 1377 681 1430 in
713 1377 883 1448 Syria
912 1377 1268 1445 causidicus,
1305 1382 1364 1432 et
1393 1394 1527 1432 cum
1569 1379 1682 1433 hoc
1713 1379 1765 1432 ei
1797 1395 1917 1433 non

250 1467 407 1522 bene
437 1466 694 1532 cederet,
727 1466 802 1521 ad
829 1466 1212 1522 scribendum
1239 1483 1300 1522 se
1323 1467 1578 1521 contulit
1599 1474 1656 1521 et
1684 1467 1918 1523 infinita

254 1557 573 1628 scripsit.A
604 1556 850 1611 canibus
883 1556 1240 1611 dilaceratus
1263 1555 1452 1610 fertur
1478 1557 1913 1629 homoimpius.

254 1647 357 1718 qui
395 1647 608 1719 linguae
642 1663 762 1700 suae
795 1646 957 1701 rabie
1003 1646 1192 1717 ipsam
1232 1646 1538 1700 veritatem
1595 1646 1917 1702 insectatus

249 1736 384 1791 fuit.
422 1737 565 1790 Nam
624 1736 686 1789 in
749 1735 1050 1807 Peregrini
1081 1735 1212 1790 Vita
1263 1735 1660 1790 Christianam
1682 1735 1913 1808 religio—

251 1841 393 1880 nem
418 1824 784 1896 perstringit,
819 1829 878 1878 et
933 1824 1044 1895 ipsi
1095 1823 1326 1879 Christo
1386 1823 1690 1880 maledicit
1737 1827 1914 1880 homo

253 1913 766 1970 sceleratissimus.
802 1913 1196 1978 Quamobrem
1230 1919 1288 1968 et
1317 1913 1378 1968 in
1427 1913 1537 1968 hac
1568 1915 1684 1968 vita
1706 1915 1901 1986 justas
1943 1934 1992 1999 Β

253 2005 474 2059 furoris
499 2002 588 2058 sui
621 2019 825 2074 poenas
875 2003 1056 2068 dedit,
1090 2009 1148 2058 et
1175 2003 1236 2057 in
1289 2001 1488 2057 futura
1518 2002 1671 2074 ignis
1703 2003 1908 2058 mterni

254 2111 390 2149 cum
413 2093 629 2148 Satana
659 2093 851 2148 haeres
885 2092 1017 2147 erit.

327 2182 639 2248 Lucianus,
674 2186 918 2252 martyr,
955 2181 1041 2234 vir
1091 2181 1330 2252 nobilis,
1360 2185 1552 2254 prima
1582 2187 1752 2238 astate
1789 2185 1910 2238 Ma—

248 2272 730 2339 carii,sacrorum
762 2269 1068 2325 Librorum
1100 2270 1910 2342 interpretis,consuetudine

248 2361 484 2438 Edessa)
517 2375 681 2426 usus,
713 2358 929 2414 deinde
961 2359 1031 2414 ad
1060 2359 1237 2414 vitam
1277 2360 1604 2415 solitariam
1635 2361 1903 2415 animum

250 2450 490 2521 adjecit.
527 2448 614 2503 Ad
639 2447 1034 2503 sacerdotium
1058 2449 1197 2503 hinc
1220 2450 1592 2520 processit,et
1604 2449 1912 2521 presbyter

250 2538 578 2593 Antiochia)
608 2537 797 2592 factus
829 2554 1104 2607 magnam
1137 2538 1404 2594 scholam
1463 2539 1587 2593 illic
1617 2539 1896 2594 instituit.

256 2629 360 2682 Hic
393 2643 526 2681 cum
557 2627 1092 2694 animadvertisset,
1127 2628 1187 2682 in
1247 2644 1448 2682 sacros
1505 2628 1690 2682 libros
1722 2629 1910 2683 multa

253 2716 590 2772 adulterina
609 2715 938 2786 irrepsisse,
964 2721 1090 2770 tum
1119 2716 1294 2788 longo
1328 2722 1591 2788 tempore
1623 2721 1682 2771 et
1702 2716 1910 2772 crebra

252 2805 732 2876 transcriptione,
769 2811 892 2858 tum
918 2804 1076 2875 quod
1103 2805 1334 2876 profani
1369 2806 1610 2876 quidam
1633 2806 1908 2861 homines

258 2899 593 2967 pervertere
626 2893 914 2949 nonnulla
970 2895 1098 2948 ausi
1158 2900 1378 2963 essent,
1429 2895 1553 2966 ipse
1605 2911 1814 2949 omnes
1839 2912 1908 2949 ex

250 2986 456 3056 lingua
482 2983 786 3051 Hebraica,
820 3000 998 3054 quam
1023 2989 1295 3039 accurate
1335 2984 1609 3051 callebat,
1643 2985 1704 3038 in
1753 2984 1909 3038 inte-

247 3090 416 3146 grum
450 3071 728 3136 restituit,
761 3071 1204 3143 plurimumque
1245 3072 1510 3127 laborem
1571 3073 1631 3126 in
1691 3088 1898 3127 eorum

248 3160 729 3218 emendationem
761 3160 1156 3230 contulit,etc.
1180 3161 1470 3231 Epistolas
1504 3161 1682 3215 etiam
1701 3160 1905 3227 edidit,

248 3251 455 3320 utique
483 3249 1025 3319 prmstantissimas,
1062 3265 1132 3303 ex
1186 3249 1398 3319 quibus
1447 3249 1619 3304 facile
1653 3254 1904 3316 constat,

252 3339 446 3410 qualis
474 3338 653 3392 fuerit
681 3337 789 3391 viri
822 3337 1000 3407 hujus
1030 3337 1100 3392 de
1133 3337 1309 3392 rebus
1340 3337 1552 3408 divinis
1585 3339 1900 3394 sententia.

246 3426 592 3498 Martyrium
621 3425 766 3480 obiit
789 3425 1141 3481 Nicomediae
1172 3426 1234 3481 in
1274 3427 1548 3498 Bithynia
1580 3427 1687 3482 sub
1719 3427 1900 3482 Maxi-

249 3517 470 3571 miano.

319 3604 530 3659 Lucius
558 3602 813 3657 Catilina
846 3603 1217 3658 teterrimum
1273 3603 1504 3658 facinus
1548 3619 1749 3671 ausus,
1783 3610 1894 3659 etc.

245 3693 359 3749 Sed
381 3693 603 3758 Cicero,
653 3692 741 3745 vir
794 3691 1078 3764 singulari
1129 3691 1470 3762 eloquentia
1501 3697 1559 3747 et
1614 3693 1675 3746 in
1707 3693 1910 3763 depre-

251 3781 585 3837 hendendis
611 3781 878 3836 consiliis
893 3797 1012 3835 non
1033 3781 1317 3835 mediocri
1347 3781 1906 3852 solertiapraaditus,

247 3877 538 3944 praeterea
567 3870 628 3924 in
658 3871 836 3925 rebus
858 3869 1046 3924 multo
1074 3875 1210 3924 ante
1237 3870 1671 3942 prospiciendis
1690 3871 1906 3926 acutis-

249 3961 437 4016 simus
469 3976 603 4014 cum
654 3960 784 4030 ejus
842 3959 1315 4030 conjurationem
1365 3960 1759 4030 patefecisset,
1796 3961 1905 4014 ho-

250 4055 521 4120 stemque
552 4049 638 4121 (in
668 4051 897 4118 senatu)
947 4048 1144 4119 ipsum
1200 4048 1582 4117 declarasset,
1616 4049 1767 4105 Urbe
1801 4067 1902 4104 ex-

245 4138 422 4212 pulit.

326 4228 644 4299 Lupercus,
677 4227 970 4298 Berytius,
990 4228 1541 4299 grammaticus,qui
1566 4227 1742 4299 paulo
1774 4233 1911 4283 ante

257 4321 530 4386 tempora
560 4315 786 4370 Claudii
822 4315 1066 4370 secundi
1089 4316 1233 4387 imp.
1285 4317 1442 4370 vixit.
1498 4317 1741 4388 Scripsit
1776 4341 1794 4364 ι
1832 4317 1910 4371 De

248 4426 279 4455 «
301 4405 592 4476 particula
606 4400 664 4456 ἂν
681 4404 865 4459 libros
881 4406 1065 4472 Ill,De
1089 4422 1344 4476 pavone;
1374 4407 1449 4460 De
1469 4406 1908 4477 squilla,pisce;

249 4493 375 4548 «De
398 4494 552 4564 gallo
585 4493 741 4563 apud
770 4494 1098 4548 Platonem.
1133 4493 1348 4561 Κτίσιν,
1378 4497 1488 4550 sive
1511 4495 1783 4568 Origines
1805 4496 1914 4549 Ar-

250 4604 281 4633 ‹‹
307 4582 517 4635 sinoeti
549 4582 611 4635 in
635 4583 1217 4652 {Egyptoﬂocabula
1249 4584 1472 4648 Attica;
1509 4587 1701 4638 Artem
1718 4600 1908 4656 gram-

250 4691 282 4720 «
305 4669 579 4723 ma'ticam
609 4687 622 4734 ;
661 4670 740 4723 De
768 4671 1082 4741 generibus
1141 4671 1512 4739 masculinis,
1561 4671 1800 4726 feminis
1847 4678 1909 4727 et
1939 4659 1985 4722 D

251 4779 281 4808 ‹‹
301 4757 527 4812 neutris
549 4757 733 4812 libros
748 4759 896 4828 XIII,
919 4779 945 4806 κ
971 4759 1031 4812 in
1053 4759 1268 4828 quibus
1291 4759 1479 4813 multa
1498 4761 1717 4814 rectius
1732 4760 1911 4815 tradit

252 4863 434 4918 quam
469 4846 858 4901 Herodianus.

327 4935 510 5006 Lycis,
547 4935 646 5006 qui
681 4939 738 4988 et
764 4936 968 5005 Lycus,
1027 4935 1098 4990 ab
1147 4937 1561 5008 Aristophane,
1613 4943 1680 4990 ut
1733 4944 1908 5008 poeta

247 5024 519 5097 frigidus,
553 5024 992 5097 perstringitur.
1027 5025 1419 5097 Phrynichus,
1455 5026 1619 5097 Lycis
1653 5032 1711 5081 et
1739 5027 1899 5082 Ami-

249 5113 410 5186 psias
445 5118 562 5168 tres
585 5112 796 5168 comici
815 5112 1187 5168 habebantur
1217 5114 1899 5186 subfrigidi.Phrynichus

251 5209 315 5263 in
347 5202 653 5258 commdiis
676 5202 975 5258 auditores
1006 5203 1357 5274 plerumque
1389 5205 1562 5259 taadio
1587 5205 1902 5261 afficiebat.

249 5291 415 5346 Idem
448 5309 481 5346 a
511 5291 754 5346 comicis
785 5293 964 5347 etiam
985 5293 1518 5366 perstringebatur,
1549 5300 1614 5349 ut
1635 5296 1903 5368 peregri-

251 5399 368 5438 nus
395 5383 467 5437 ob
500 5382 657 5438 mala
684 5389 955 5453 poemata
1013 5389 1071 5438 et
1118 5385 1218 5456 qui
1277 5401 1312 5440 a
1366 5386 1668 5456 proposito
1704 5386 1903 5442 aliena

252 5471 574 5538 diceret,et
599 5471 829 5526 insuavi
860 5461 1048 5527 metro
1081 5473 1140 5527 in
1175 5474 1537 5529 carminibus
1569 5475 1900 5531 scribendis

250 5565 539 5615 uteretur.
573 5561 836 5615 Fuerunt
863 5567 921 5616 et
939 5561 1039 5616 alii
1063 5567 1182 5617 tres
1204 5563 1545 5635 Phrynichi'

323 5739 436 5815 (80)
467 5739 548 5797 De
583 5738 777 5796 Suidm
807 5741 1172 5814 temporibus
1201 5741 1484 5816 intelligo.

584 5858 849 5921 PATBOL.
897 5863 1010 5922 Gn.
1058 5861 1290 5923 CXVII.

2027 668 2339 741 adOptatus
2361 688 2395 726 a
2425 673 2593 744 Lyco,
2625 675 2908 747 Rhegino,
2965 677 3407 747 grammaticus,
3441 685 3500 734 et
3548 685 3674 737 tra-

2025 760 2191 831 gicus
2221 778 2375 816 unus
2398 762 2468 817 de
2491 763 2741 834 pleiade.
2767 767 2906 836 Ejus
2941 767 3233 838 tragmdiaa
3253 774 3420 824 sunt:
3446 766 3673 840 Α’ἰολος,

2029 846 2377 920 ’Λνδρομέδα,
2430 851 2707 922 Ἀλήτης,
2768 850 3058 924 Αἰολίδης,
3119 856 3458 932 Ἐλεφήνωρ,
3509 859 3672 933 Ἠρα-

2025 933 2188 1007 κλης,
2291 938 2504 1008 Ἰκέται,
2582 939 2928 1011 Ἱππόλυτος,
3009 941 3394 1015 Κασσανδρεῖς,
3484 947 3676 1018 Αάἴος,

2026 1027 2398 1100 Μαραθώνιοι,
2475 1028 2778 1100 Ναύπλιος,
2811 1028 3074 1093 Οἰδίπους
3133 1033 3199 1102 α’,
3281 1034 3345 1107 β’.
3388 1036 3677 1112 Ὀρφανὸς,

2026 1113 2276 1182 Πενθεὺς,
2322 1115 2644 1187 Πελοπίδαι,
2680 1120 3003 1194 Σύμμαχοι,
3033 1118 3370 1196 Τηλέγονος,
3425 1123 3679 1196 Χρύσιπ-

2026 1223 2147 1264 πος.
2188 1207 2268 1260 Ex
2326 1207 2419 1261 his
2476 1209 2774 1278 Nauplium
2826 1210 3205 1266 emendatum
3265 1214 3524 1270 secunda
3555 1217 3676 1271 vice

2026 1293 2241 1348 iterum
2266 1295 2326 1349 in
2359 1313 2536 1352 scena
2565 1298 2850 1355 exhibuit.
2885 1300 3130 1372 Scripsit
3173 1305 3230 1356 et
3271 1303 3675 1373 Alexandrum,

2025 1399 2238 1453 poema
2268 1383 2607 1440 obscurum.

2099 1472 2413 1545 Lycurgus,
2448 1475 2790 1546 Spartanus,
2823 1493 2858 1530 a
2886 1477 3153 1533 Patrocle
3193 1496 3378 1551 genus
3428 1481 3674 1536 ducens.

2027 1559 2345 1633 legislator,
2407 1579 2585 1634 quem
2642 1565 2809 1619 aiunt
2854 1581 2888 1620 a
2944 1567 3132 1632 Creta,
3166 1569 3255 1622 vel
3294 1568 3365 1622 ab
3399 1569 3526 1639 ipso
3559 1572 3676 1625 Deo

2027 1649 2341 1720 (Apolline)
2375 1651 2533 1723 leges
2565 1669 2699 1707 suas
2731 1654 3047 1725 accepisse.
3087 1655 3188 1710 Hic
3219 1673 3254 1710 a
3283 1656 3493 1726 Pythia
3521 1659 3676 1713 Deus

2027 1738 2358 1809 appellatus
2389 1745 2497 1808 est,
2532 1746 2642 1795 etc.
2679 1743 2857 1796 Natus
2887 1742 2999 1796 fuit
3047 1749 3246 1798 octavo
3294 1751 3428 1815 post
3476 1746 3676 1816 Troja-

2026 1842 2169 1880 num
2203 1826 2426 1882 bellum
2450 1835 2880 1899 anno,patruus
2913 1831 3468 1902 Charilai,Spartani
3489 1833 3674 1905 regis:

2027 1915 2276 1969 Eunomi
2331 1916 2527 1972 frater.
2589 1917 2893 1988 Spartanis
2932 1918 3243 1990 imperavit
3290 1936 3478 1974 annos
3505 1921 3674 1988 XLII,

2026 2019 2140 2073 quo
2173 2003 2352 2058 etiam
2384 2009 2646 2076 tempore
2687 2005 2844 2076 leges
2899 2006 3055 2075 tulit,
3114 2024 3249 2062 cum
3309 2013 3470 2062 tutor
3517 2014 3676 2065 esset

2021 2091 2220 2146 fratris
2253 2092 2379 2154 filii,
2418 2094 2517 2163 qui
2543 2094 2667 2164 ipse
2699 2111 2936 2165 quoque
2964 2097 3227 2168 regnavit
3255 2113 3444 2152 annos
3477 2099 3671 2166 XVIII,

2021 2185 2078 2233 et
2098 2185 2229 2250 post
2252 2197 2388 2235 eum
2414 2182 2706 2236 Nicander
2725 2199 2913 2237 annos
2937 2183 3170 2238 XLVIII.
3205 2185 3450 2255 Scripsit
3489 2185 3671 2257 leges.

2095 2268 2387 2338 Lycurgus
2431 2270 2834 2341 Lycophronis
2881 2272 2967 2339 F.,
3026 2273 3430 2339 Atheniensis,
3458 2290 3674 2344 genere

2021 2356 2434 2428 Eleobutades,
2462 2375 2616 2414 unus
2673 2377 2744 2414 ex
2800 2360 3006 2416 decem
3068 2362 3426 2427 oratoribus,
3460 2363 3674 2433 quibus

2020 2445 2449 2501 Demosthenes
2481 2448 2659 2502 etiam
2680 2454 3050 2503 accensetur.
3087 2450 3210 2515 Hic,
3245 2450 3360 2504 vita
3392 2451 3521 2504 sine
3555 2452 3673 2505 cri-

2020 2534 2179 2588 mine
2239 2540 2556 2602 transacta,
2613 2537 2818 2591 morbo
2879 2537 3152 2603 decessit,
3223 2539 3447 2593 relictis
3509 2539 3671 2607 ﬁliis,

2019 2640 2168 2694 quos
2203 2625 2645 2690 Demosthenes,
2676 2631 2875 2680 orator
2928 2626 3117 2688 exsul,
3150 2626 3466 2680 calumniis
3499 2644 3674 2682 vexa-

2021 2717 2110 2766 tos
2151 2712 2418 2766 oratione
2481 2712 2766 2768 defendit.
2829 2715 3112 2768 Genuinae
3166 2716 3465 2769 orationes
3519 2715 3671 2786 ejus,

2019 2818 2150 2871 quae
2182 2801 2373 2855 adhuc
2396 2803 2909 2872 exstant(80),suut
2930 2803 3055 2857 istae
3081 2820 3094 2856 :
3117 2827 3134 2850 ι
3155 2804 3370 2858 Contra
3387 2804 3673 2876 Aristogi-

2022 2910 2049 2939 ‹‹
2083 2895 2280 2944 tonem
2307 2907 2321 2956 ;
2355 2890 2573 2946 Contra
2605 2891 2954 2962 Autolycum
2983 2893 3238 2956 ;Contra
3287 2894 3626 2947 Leocratem
3657 2911 3671 2958 ;

2022 2980 2270 3033 «Contra
2285 2980 2728 3052 Lyc0phronem
2752 2980 2883 3035 duas
2905 2998 2918 3048 ;
2941 2981 3159 3036 Contra
3172 2981 3458 3036 Pasiclen:
3485 2999 3499 3050 ;
3525 2983 3673 3036 Con-

2018 3089 2045 3116 ‹‹
2085 3073 2172 3122 tra
2201 3069 2661 3134 Menaachmum;
2715 3069 2931 3123 Contra
2989 3069 3352 3135 Demadem;
3386 3069 3674 3142 Apologia

2020 3175 2044 3207 α
2078 3157 2356 3211 adversus
2388 3157 2663 3211 eumdem
2695 3157 2766 3212 de
2788 3157 3035 3212 redditis
3065 3175 3099 3213 a
3131 3174 3190 3212 se
3215 3158 3547 3213 rationibus
3568 3159 3674 3214 ad—

2014 3268 2040 3294 «
2075 3245 2427 3300 ministratee
2460 3246 2606 3317 reip.
2641 3263 2654 3313 ;
2689 3246 2981 3302 Adversus
3021 3247 3385 3318 Ischyriam;
3414 3245 3554 3316 Πρὸς
3577 3248 3673 3310 τὰς

2017 3354 2044 3383 ‹‹
2074 3330 2348 3402 μαντείας,
2383 3333 2676 3389 Adversus
2707 3335 3101 3390 divinationes
3127 3356 3142 3402 ;
3177 3337 3255 3390 De
3286 3335 3670 3390 administra-

2017 3444 2042 3474 α
2073 3423 2232 3477 tione
2250 3423 2395 3494 reip.
2425 3441 2438 3489 ;
2469 3425 2548 3476 De
2575 3424 2878 3479 sacerdote
2900 3423 3162 3491 femina;
3199 3426 3278 3479 De
3310 3424 3671 3492 sacerdotio;

2016 3511 2335 3582 «Epistolaa
2372 3535 2392 3560 ι
2429 3517 2488 3566 et
2517 3512 2636 3567 alia
2665 3512 2958 3583 quaadam.

2089 3602 2295 3671 Lycus,
2329 3601 2429 3672 qui
2476 3607 2533 3657 et
2585 3603 2869 3656 Butheras
2922 3601 3114 3657 dictus
3172 3606 3281 3670 est,
3341 3602 3665 3675 Rheginus,

2018 3689 2357 3757 historicus,
2386 3695 2552 3760 pater
2572 3689 2936 3761 (adoptione)
2995 3689 3395 3760 Lycophronis
3446 3691 3670 3763 tragici.

2020 3779 2173 3832 Vixit
2199 3779 2306 3833 sub
2340 3779 2658 3834 Alexandri
2720 3781 2788 3833 M.
2843 3779 3306 3845 successoribus,
3359 3783 3416 3833 et
3465 3795 3499 3834 a
3561 3781 3673 3834 De-

2019 3868 2229 3922 metrio
2265 3868 2546 3922 Phalereo
2591 3867 2825 3922 insidiis
2878 3868 3175 3938 appetitus
3232 3867 3362 3922 fuit.
3421 3869 3672 3940 Scripsit

2021 3957 2336 4012 Historiam
2372 3957 2566 4029 Libym
2598 3962 2656 4012 et
2693 3957 2927 4010 Siciliae.

2092 4042 2258 4098 Λυδοὶ
2293 4044 2604 4119 Μάγνητος,
2637 4046 2842 4101 drama
2899 4045 3201 4118 Magnetis,
3235 4045 3469 4114 comici,
3498 4047 3667 4115 Lydi,

2023 4135 2094 4190 ab
2155 4153 2222 4190 eo
2271 4136 2652 4192 emendatum
2729 4136 2922 4190 denuo
2990 4136 3050 4190 in
3110 4151 3289 4190 scena
3345 4135 3671 4190 exhibitum

2019 4225 2152 4281 fuit.

2094 4316 2378 4385 Lynceus,
2450 4314 2703 4380 Samius,
2788 4314 3230 4385 grammaticus,
3287 4312 3675 4384 Theophrasti

2025 4404 2372 4476 discipulus,
2426 4403 2608 4458 frater
2653 4403 2886 4457 Duridis
2945 4401 3234 4466 historici,
3269 4402 3370 4471 qui
3421 4406 3479 4455 et
3516 4401 3673 4454 Sami

2025 4501 2310 4566 tyrannus
2339 4493 2470 4558 fuit,
2518 4491 2818 4546 Menandri
2850 4491 3060 4545 comici
3101 4489 3367 4561 aequalis,
3403 4505 3579 4559 Quem
3609 4489 3672 4542 in

2026 4582 2538 4639 commissionibus
2578 4581 2912 4636 dramatum
2967 4580 3122 4634 vicit.
3185 4581 3248 4632 V.
3312 4580 3542 4646 Kuster,
3599 4577 3670 4644 II,

2015 4674 2296 4746 pag.465.

2093 4763 2311 4833 Lysias,
2347 4760 2587 4831 Cephali
2620 4759 2798 4827 ﬁlius,
2859 4759 3284 4828 Syracusanus,
3342 4755 3670 4826 discipulus

2017 4851 2187 4906 Tisim
2218 4856 2276 4904 et
2305 4849 2498 4915 Nisiaa,
2531 4865 2686 4902 unus
2718 4865 2787 4902 ex
2801 4846 3006 4901 decem
3030 4844 3675 4900 oratoribus.Natusest

2015 4940 2283 5005 Athenis,
2327 4954 2442 5009 quo
2510 4943 2674 5008 pater
2730 4937 3097 5007 migraverat,
3155 4934 3435 5004 idemque
3515 4949 3672 4988 anno

2016 5030 2205 5084 aetatis
2227 5029 2456 5082 decimo
2491 5027 2697 5098 quinto
2730 5043 2863 5080 cum
2896 5023 3125 5078 duobus
3183 5022 3468 5077 fratribus
3520 5023 3669 5076 Thu-

2015 5119 2136 5173 rios
2166 5119 2227 5172 in
2259 5118 2559 5172 coloniam
2607 5115 2907 5187 profectus
2941 5118 3050 5168 est.
3086 5115 3297 5167 Postea
3342 5128 3502 5172 vero.
3535 5128 3673 5166 cum

2014 5208 2282 5280 partibus
2310 5206 2763 5261 Atheniensium
2791 5204 2969 5258 nimis
3005 5203 3445 5268 studeret,inde
3465 5203 3672 5273 pulsus

2014 5298 2275 5352 Athenas
2305 5295 2484 5350 rediit
2503 5311 2658 5349 anno
2691 5294 2881 5348 aetatis
2930 5293 3142 5348 XLVII.
3203 5294 3490 5348 Orationes
3541 5291 3671 5362 ejus

2013 5385 2290 5456 genuinas
2323 5383 2712 5454 perhibentur
2760 5398 2889 5436 esse
2948 5381 3104 5435 ultra
3159 5379 3305 5446 CCC,
3353 5386 3411 5435 et
3458 5384 3673 5450 praeter

2015 5489 2114 5528 eas
2139 5473 2290 5539 aliaa,
2320 5473 2390 5526 de
2422 5471 2636 5542 quibus
2667 5470 3007 5542 ambigitur.
3051 5469 3336 5524 Dictionis
3385 5468 3512 5539 ejus
3560 5482 3670 5535 pu-

2013 5562 2250 5616 ritatem
2275 5576 2453 5615 nemo
2476 5559 2742 5614 imitatus
2773 5564 2864 5613 est
2892 5565 3109 5629 praeter
3139 5561 3479 5612 Isocratem.
3513 5552 3665 5606 Scri-

3262 5853 3338 5914 41
